4176 6430
607 375 708 432 423

1918 373 2260 432 EUTHYMII
2302 375 2632 432 ZlGABENI

3866 385 3970 445 424

608 501 834 558 litatem
860 517 1078 569 eorum,
1107 503 1248 575 quia
1277 517 1386 557 nec
1416 501 1506 556 his
1535 515 1670 572 quae
1701 499 1868 554 factae
1897 503 2031 555 sunt
2060 500 2245 554 crede-

2368 501 2622 559 ἠπίστουν
2672 504 2766 556 ἔτι.
2842 506 2928 555 Διό
2979 509 3067 556 καὶ
3137 507 3163 556 6
3216 506 3428 576 Μάρκος
3493 503 3647 572 εἶπεν,
3721 510 3804 561 ὅτι
3871 517 3968 564 Καὶ

605 589 780 647 bant.
823 591 1139 664 Propterea
1169 593 1388 646 Marcus
1419 605 1655 660 quoque
1687 587 1830 642 dixit
1859 604 1870 641 ε
1905 588 1980 642 Et
2012 589 2259 644 miraba-

609 687 709 736 tur
729 688 974 751 propter
997 681 1468 738 incredulitatem
1491 693 1686 731 eorum
1712 679 1765 739 ",
1795 681 2023 731 tantam
2057 677 2260 731 videli-

603 775 693 825 cet
746 770 1202 841 impudentiam.
1265 766 1377 821 Sed
1418 764 1728 818 Matthaaus
1765 764 2010 835 quidem
2071 764 2254 820 dixit:

603 860 736 914 Non
771 860 915 927 fecit
947 858 1029 911 ibi
1071 857 1309 911 virtutes
1339 854 1554 907 multas
1589 869 1601 906 :
1636 852 1864 907 Marcus
1894 868 2034 907 vero
2067 870 2079 906 :
2134 854 2257 909 Nec

595 946 787 1016 potuit
819 945 901 999 ibi
929 959 998 998 ne
1029 958 1207 998 unam
1265 941 1488 1012 quidem
1528 941 1804 995 virtutem
1857 942 2108 1009 operari.
2146 941 2258 995 nisi

597 1033 757 1105 quod
788 1047 1001 1102 paucos
1033 1031 1302 1101 infirmos
1324 1028 1615 1098 impositis
1646 1028 1908 1082 manibus
1939 1029 2164 1084 curavit
2196 1033 2250 1080 ³³.

597 1119 908 1185 Quomodo
939 1135 1078 1188 ergo
1100 1117 1264 1186 dixit,
1287 1117 1446 1190 quod
1463 1117 1594 1171 Non
1616 1117 1806 1185 potuit
1835 1117 1863 1169 ‘?
1894 1117 2040 1181 Quia
2065 1117 2257 1188 impo-

594 1208 838 1264 tentiam
856 1223 1070 1263 vocare
1098 1206 1355 1261 solemus
1379 1221 1499 1260 non
1527 1205 1718 1260 solum
1737 1204 2030 1260 defectum
2048 1210 2254 1276 poten-

595 1297 706 1368 tiae,
738 1312 946 1352 verum
986 1295 1166 1350 etiam
1196 1294 1688 1366 impedimentum
1731 1293 1914 1365 hujus
1953 1299 2057 1349 aut
2097 1295 2252 1350 illius

594 1401 814 1454 causae,
849 1384 1000 1438 sicut
1030 1383 1209 1439 etiam
1242 1399 1423 1439 nunc.
1459 1382 1826 1453 Impediebat
1857 1383 2018 1437 enim
2063 1383 2254 1438 incre-

592 1474 811 1530 dulitas
867 1472 1105 1528 illorum
1147 1471 1368 1545 quibus
1412 1470 1772 1527 beneﬁcium
1836 1471 2248 1542 praestabatur.

591 1566 718 1620 Non
767 1565 994 1632 poterat
1031 1576 1191 1631 ergo,
1234 1561 1346 1616 hoc
1376 1566 1481 1623 est,
1513 1559 1949 1631 impediebatur
1986 1576 1999 1625 ;
2031 1565 2090 1615 et
2137 1576 2252 1616 non

591 1651 903 1724 oportebat
933 1666 1035 1706 eos
1063 1650 1277 1705 invitos
1310 1649 1600 1705 beneﬁcio
1627 1650 1880 1704 afﬁcere.

662 1739 820 1795 CAP.
877 1741 1032 1794 XXV.
1082 1741 1170 1796 De
1216 1740 1446 1795 Herode
1495 1737 1798 1794 tetrarc/za
1830 1738 1954 1808 ,qui
1976 1738 2250 1793 Joannem

1257 1826 1584 1883 interemit.

662 1918 805 1988 Cap.
831 1919 958 1972 XIV.
989 1919 1155 1971 Vers.
1184 1917 1225 1970 Ι.
1251 1917 1314 1970 In
1342 1947 1408 1956 —
1439 1917 1500 1970 V.
1533 1917 1586 1968 2.
1614 1914 1742 1970 illo.
1779 1913 2003 1971 Similia
2031 1912 2171 1969 dicit
2199 1918 2252 1969 et

589 2007 816 2062 Marcus
832 2007 902 2062 ²⁶.
932 2007 1116 2060 Lucas
1143 2020 1281 2059 vero
1313 2005 1394 2059 ait
1425 2023 1437 2058 :
1471 2004 1722 2061 Audivit
1753 2002 2010 2058 Herodes
2041 2006 2253 2058 tetrar-

593 2094 701 2149 cha
729 2093 1000 2150 universa
1020 2108 1153 2164 qua:
1175 2093 1392 2160 ﬁebant
1421 2092 1496 2148 ab
1525 2108 1584 2146 eo
1612 2109 1628 2157 ;
1656 2099 1707 2147 et
1736 2091 1997 2147 haerebat
2019 2106 2084 2146 eo
2108 2090 2252 2160 quod

589 2182 884 2239 diceretur
911 2201 945 2236 a
982 2182 1335 2253 quibusdam
1365 2181 1524 2252 quod
1552 2181 1803 2236 Joannes
1825 2179 2184 2235 surrexisset
2212 2194 2250 2235 a

587 2271 828 2328 mortuis
851 2290 864 2332 :
894 2288 928 2326 a
947 2270 1293 2342 quibusdam
1313 2285 1448 2326 vero
1478 2270 1637 2340 quod
1661 2268 1830 2323 Elia:
1853 2267 2246 2337 apparuisset;

589 2361 660 2415 ab
676 2362 810 2416 aliis
839 2367 1048 2428 autem,
1081 2360 1240 2430 quod
1259 2359 1547 2429 propheta
1579 2357 1861 2428 quispiam
1891 2371 1965 2412 ea:
1993 2355 2248 2424 antiquis

589 2449 950 2505 surrexisset.
986 2451 1061 2504 Et
1093 2449 1249 2504 dixit
1281 2447 1560 2509 Herodes,
1592 2446 1881 2500 Joannem
1928 2459 2031 2512 ego
2061 2444 2249 2498 decol-

589 2537 731 2593 lavi:
767 2539 897 2607 quis
927 2543 1010 2592 est
1042 2543 1233 2591 autem
1265 2537 1374 2590 iste
1403 2535 1472 2589 de
1500 2549 1605 2604 quo
1629 2549 1731 2603 ego
1761 2533 1911 2588 talia
1941 2532 2124 2587 audio
2151 2531 2248 2588 ?et

587 2625 853 2695 cupiebat
880 2625 1071 2680 videre
1101 2639 1229 2678 eum
1260 2625 1323 2686 ³⁷,

657 2713 976 2777 Quomodo
1007 2727 1148 2781 ergo
1182 2709 1495 2765 Matthaaus
1527 2713 1582 2764 et
1610 2711 1836 2764 Marcus
1886 2707 2248 2778 scripserunt

585 2801 751 2873 quod
793 2799 1136 2854 afﬁrmabat
1176 2797 1470 2865 Herodes,
1503 2796 1706 2868 ipsum
1747 2811 1873 2850 esse
1902 2797 2194 2851 Joannem
2228 2813 2241 2861 ;

585 2891 771 2944 Lucas
794 2903 952 2956 vero,
973 2886 1133 2958 quod
1154 2885 1489 2940 dicentibus
1516 2884 1632 2940 hoc
1655 2883 2041 2955 quibusdam,
2070 2884 2246 2940 Hero-

582 2975 689 3032 des
735 2975 933 3046 potius
989 2973 1304 3030 asserebat
1348 2988 1469 3029 non
1529 2988 1657 3028 esse
1695 2971 1884 3027 illum.
1935 2972 2236 3037 Joannem,

579 3063 792 3134 inquit,
828 3079 925 3133 ego
955 3063 1265 3130 decottavi,
1321 3062 1519 3134 itaque
1573 3076 1948 3132 consequens
1994 3065 2083 3116 est
2116 3076 2239 3116 non

2367 587 2625 660 ἐθαύμαζε
2657 587 2748 641 διὰ
2788 595 2880 648 τὴν
2927 590 3171 643 ἀπιστίαν
3211 593 3400 659 αὐτῶν,
3435 591 3673 651 δηλονότι
3723 607 3966 650 τοσοῦτον

2368 675 2844 748 ἀναισχυντοῡσαν.
2905 679 3040 732 Ἀλλ’
3100 683 3125 731 6
3175 685 3262 751 μὲν
3323 685 3592 744 Ἀίατθαίος
3650 706 3832 755 φησιν,
3890 689 3966 739 ὅτι

2367 765 2476 816 Οὐκ
2528 765 2765 823 ἐποίησεν
2815 766 2915 818 ἐκεῖ
2970 765 3216 840 δυνάμεις
3269 770 3474 831 πολλάς·
3533 774 3558 822 6
3618 770 3678 825 δὲ
3738 778 3965 848 Μάρκος,

2365 855 2442 905 ὅτι
2495 859 2591 905 Καὶ
2638 854 2731 905 οὐκ
2775 851 3005 912 ἠδυνατο
3036 856 3135 908 ἐκεῖ
3176 855 3422 928 οὐδεμίαν
3473 856 3696 932 δύναμιν
3729 871 3964 930 ποιῆσαι,

3767 959 3961 1024 χεῖρας,

2364 1029 2696 1103 ἐθεράπευσε.
2730 1038 2842 1092 Πῶς
2890 1029 2976 1083 οὖν
3019 1030 3176 1100 εἶπεν,
3233 1037 3311 1086 ὅτι
3360 1036 3452 1086 οὐκ
3493 1033 3773 1094 ἠδύνατοε
3826 1045 3963 1092 Διότι

3643 1132 3796 1198 μόνον
3872 1134 3961 1186 τὴν

2361 1206 2580 1276 ὓλειψιν
2619 1218 2708 1266 τῆς
2757 1205 3044 1280 δυνάμεως,
3092 1209 3218 1262 ἀλλὰ
3255 1217 3343 1264 καὶ
3387 1216 3472 1264 τὸν
3504 1212 3829 1288 ἐμποδισμόν
3866 1224 3954 1276 τῆς

2365 942 2407 992 εἰ
2491 947 2562 1012 μὴ
2643 942 2840 1013 ὀλίγοις
2925 943 3212 1018 ἀρρώστοις
3307 945 3495 1008 ἐπιθεὶς
3574 952 3670 1010 τὰς

2364 1115 2655 1190 ἀδυναμίαν
2769 1119 3036 1191 ὀνομάζειν
3127 1123 3393 1195 εἰώθαμεν,
3490 1125 3549 1176 οὐ

2361 1297 2472 1356 οἵας
2531 1292 2597 1353 δή
2663 1316 2796 1357 τινος
2855 1299 3046 1365 αἰτίας,
3120 1299 3294 1374 ὣσπερ
3353 1306 3442 1354 καὶ
3497 1310 3603 1357 νῦν.
3669 1300 3956 1362 Ἐνεποδιζε

2359 1386 2458 1453 γάρ
2544 1384 2682 1454 αὐτῷ
2754 1388 2782 1443 η
2864 1385 3086 1438 ἀπιστία
3151 1395 3250 1438 τῶν
3323 1389 3777 1463 εὐεργετουμένων.
3849 1391 3954 1443 Οὐκ

2361 1469 2589 1530 ἠδυνατο
2620 1474 2727 1542 οὖν,
2758 1473 2871 1526 ἀντὶ
2897 1483 3008 1544 τοῦ,
3043 1473 3418 1539 Ἐνεποδίζετο.
3455 1485 3555 1532 Καὶ
3587 1481 3681 1533 οὐκ
3712 1478 3815 1534 ἔδει
3840 1476 3953 1550 (50)

2361 1558 2551 1632 βιαίως
2581 1561 2856 1634 εὐεργετεῖν
2885 1564 3040 1616 αὐτού
3051 1586 3090 1626 ς.

2611 1745 2753 1794 ΚΕΦ.
2787 1739 2900 1794 KE'.
2937 1746 3059 1814 Περὶ
3086 1742 3320 1795 Ἰωάννου
3349 1748 3438 1796 καὶ
3458 1743 3710 1820 Ἡρώδου.

2432 1915 2510 1965 Ἐν
2587 1914 2759 1986 ἐκείνῳ
2830 1947 2896 1954 -
2962 1917 3120 1987 αὐτῷ.
3201 1921 3276 1969 Τὰ
3351 1920 3504 1992 ὃμοια
3564 1919 3696 1991 λέγει
3757 1924 3844 1971 καὶ
3915 1921 3940 1970 6

2355 2005 2587 2074 Μάρκος.
2636 2003 2694 2054 Ὀ
2753 2001 2810 2055 δὲ
2866 2010 3072 2066 Λουκᾶς
3123 2025 3301 2077 φησιν,
3351 2010 3430 2059 ὅτι
3479 2008 3728 2061 Ἤκουσεν
3780 2009 3945 2081 Ἡρώ-

2357 2088 2456 2152 δης
2511 2093 2537 2143 6
2613 2094 2904 2163 τετράρχης
2974 2096 3040 2145 τὰ
3094 2100 3338 2167 γινόμενα
3404 2096 3490 2150 ὑπ’
3549 2097 3702 2150 αὑτοῦ
3757 2099 3940 2161 πάντα,

2354 2185 2443 2231 καὶ
2526 2176 2789 2251 διηπόρει,
2871 2177 2965 2232 διὰ
3028 2186 3085 2234 τὸ
3155 2183 3395 2254 λέγεσθαι
3460 2186 3560 2238 ὑπὸ
3631 2205 3798 2251 τινων,
3871 2183 3946 2234 ὅτι

2357 2268 2596 2328 Ἰωάννης
2653 2267 2927 2340 ἐγήγερται
2980 2269 3034 2320 ἐκ
3088 2281 3293 2346 νεκρῶν·
3368 2274 3467 2325 ὑπὸ
3533 2293 3684 2326 τινων
3739 2271 3816 2342 δε,
3871 2272 3948 2322 ὅτι

2356 2355 2515 2416 Ηλίας
2544 2355 2725 2425 ἐφάνη·
2757 2356 2918 2408 ἄλλων
2947 2353 3024 2421 δὲ,
3067 2361 3146 2410 ὅτι
3177 2365 3447 2431 προφήτης
3477 2363 3544 2422 εἷς
3584 2371 3682 2412 τῶν
3716 2361 3946 2434 ἀρχαίων

2354 2441 2564 2494 ἀνίστη.
2602 2448 2699 2496 Καὶ
2733 2441 2866 2496 εἶπεν
2894 2442 3152 2518 Ἡρώδης·
3188 2446 3421 2506 Ἰωάννην
3453 2448 3548 2519 ἐγὼ
3578 2448 3942 2522 ἀπεκεφάλισα”

2352 2536 2433 2592 τίς
2472 2528 2532 2584 δέ
2570 2530 2709 2584 ἐστιν
2757 2534 2902 2594 οὗτος
2935 2541 3053 2609 περὶ
3101 2536 3161 2586 οὗ
3209 2535 3308 2607 ἐγὼ
3355 2535 3529 2589 ἀκούω
3557 2547 3817 2605 relatura;
3853 2539 3948 2589 Καὶ

2353 2618 2518 2679 ἐζήτει
2555 2617 2684 2672 ἰδεῖν
2713 2621 2889 2676 αὐτόν.

2425 2715 2535 2767 Πῶς
2581 2705 2666 2759 οὖν
2715 2712 2981 2771 Mareade;
3036 2715 3126 2782 μεν
3177 2717 3266 2764 καὶ
3318 2715 3527 2786 Μάρκος
3561 2715 3811 2789 ἔγραψαν,
3865 2713 3944 2764 ὅτι

2351 2792 2701 2848 διεϐεϐαιοῦτο
2774 2795 3034 2871 Ἠρώδης,
3111 2799 3264 2852 αὑτὸν
3345 2798 3471 2854 εἶναι
3545 2807 3630 2854 τὸν
3685 2803 3938 2858 Ἰωάννην

2349 2886 2374 2935 6
2431 2882 2488 2936 δὲ
2539 2892 2760 2955 Λουκᾶς,
2811 2888 2891 2938 ὅτι
2939 2887 3184 2958 λεγόντων
3236 2895 3388 2942 τοῦτο
3439 2911 3608 2954 τινων,
3655 2887 3947 2964 ὁἸίρώδης

2348 2973 2536 3045 μᾶλλον
2584 2971 2710 3039 εἷπε,
2761 2979 2830 3046 μὴ
2881 2972 3008 3027 εἶναι
3055 2985 3255 3030 τοῦτον
3299 2979 3537 3037 Ἰωάννην
3587 2984 3710 3054 γὰρ,
3768 2984 3944 3051 φησιν,

2348 3060 2446 3132 ἐγὼ
2505 3061 2874 3134 ἀπεκεφάλισα,
2933 3069 3022 3116 καὶ
3082 3065 3259 3118 λοιπὸν
3326 3067 3418 3119 οὐκ
3475 3071 3613 3120 ἔστιν
3674 3069 3934 3128 Ἰωάννης.

581 3164 711 3206 esse
740 3152 944 3223 ipsum
974 3153 1264 3207 Joannem
1295 3152 1322 3207 ?
1351 3150 1502 3218 Quid
1539 3165 1680 3221 ergo
1715 3149 1982 3205 dicemus
2011 3150 2038 3204 ?
2071 3149 2239 3214 Quod

2352 3156 2408 3202 Τί
2482 3146 2569 3202 οὖν
2637 3151 3039 3224 ἐροῦμεν;”οτι
3113 3155 3380 3207 ὑπολαϐὼν
3452 3155 3505 3208 ἔκ
3569 3166 3756 3230 νεκρῶν
3829 3155 3945 3207 ἀνα-

579 3241 913 3312 suspicatns
935 3241 1093 3295 hunc
1118 3256 1154 3296 a
1180 3239 1430 3295 mortuis
1455 3239 1797 3307 surrexisse,
1824 3254 1892 3294 ac
1921 3237 2240 3293 miraculo-

581 3344 715 3383 rum
747 3329 998 3397 gratiam
1042 3328 1122 3384 ob
1148 3328 1432 3399 injustam
1480 3328 1570 3383 sui
1610 3327 1836 3383 caedem
1863 3343 1898 3382 a
1930 3330 2046 3381 Deo
2077 3342 2238 3381 acce-

581 3417 741 3488 pisse
771 3436 783 3485 ;
817 3418 902 3472 eis
935 3422 1133 3474 tamen
1168 3417 1273 3490 qui
1304 3417 1416 3473 hoc
1447 3417 1746 3481 dicebant,
1779 3414 2086 3472 asserebat
2115 3428 2237 3469 non

581 3520 711 3561 esse
757 3505 1072 3572 Joannem,
1107 3521 1174 3560 ne
1204 3506 1282 3561 ad
1325 3521 1463 3561 eum
1490 3507 1911 3561 concurrerent
1939 3508 1995 3558 et
2035 3506 2239 3557 contra

583 3610 643 3650 se
691 3595 1040 3650 seditionem
1114 3595 1498 3659 concitarent,
1555 3594 1676 3649 suis
1736 3597 1940 3647 autem
1995 3590 2234 3645 famulis

581 3683 948 3739 conﬁdenter
966 3683 1294 3754 detegebat,
1321 3687 1634 3738 secretum.
1661 3679 1810 3734 Nam
1836 3675 2028 3738 παῖδας
2049 3679 2161 3734 hoc
2180 3679 2236 3733 in

579 3770 713 3828 loco
739 3787 846 3842 pro
875 3773 1161 3828 ministris
1187 3772 1390 3844 posuit
1415 3768 1810 3837 Evangelista.
1839 3767 1900 3822 ld
1927 3771 2125 3822 autem
2153 3766 2237 3821 eis

580 3861 844 3925 conﬁdit,
873 3861 1038 3932 quod
1067 3861 1229 3916 hunc
1257 3859 1516 3914 maxime
1547 3857 1777 3910 timeret
1802 3860 2092 3927 tanquam
2123 3854 2236 3911 for-

579 3950 785 4005 tiorem
829 3950 957 4020 jam
1000 3949 1296 4010 effectum,
1331 3951 1386 4000 et
1433 3943 1607 4016 quasi
1639 3942 1906 3998 futurum
1947 3947 2115 4010 esset,
2174 3947 2236 3999 ut

575 4037 854 4110 deinceps
894 4035 1298 4094 vehementius
1330 4048 1467 4088 eum
1500 4035 1790 4101 argueret.
1833 4034 1897 4088 Et
1935 4031 2069 4087 vide
2109 4047 2234 4088 rem

575 4127 1014 4183 admirandam.
1035 4126 1084 4177 ls
1097 4122 1199 4194 qui
1216 4122 1593 4177 interemerat
1612 4121 2232 4192 timetinteremptum.

573 4216 726 4272 Talis
744 4221 830 4272 est
852 4214 1009 4269 enim
1039 4211 1135 4281 qui
1161 4209 1399 4280 iniquus
1425 4214 1530 4274 est,
1559 4214 1621 4266 ut
1641 4212 1699 4266 et
1724 4215 1989 4267 mortuos
2010 4211 2230 4276 timeat,

578 4310 634 4361 et
680 4305 808 4361 talis
852 4306 940 4356 est
978 4297 1080 4370 qui
1115 4297 1385 4354 virtutem
1421 4298 1577 4364 colit,
1611 4304 1676 4356 ut
1727 4315 2009 4371 pavorem
2052 4301 2232 4356 etiam

571 4399 704 4466 post
727 4394 977 4447 mortem
1006 4387 1290 4443 immittat
1319 4387 1668 4444 viventibus.
1699 4389 1998 4446 Incidente
2033 4395 2232 4445 autem

571 4480 883 4537 occasione
927 4477 1001 4532 de
1038 4477 1289 4543 Joanne,
1336 4482 1538 4533 narrat
1583 4482 2014 4551 consequenter
2056 4493 2234 4534 evan-

572 4568 784 4641 gelista
813 4581 934 4638 quo
966 4566 1147 4622 modo
1176 4571 1446 4622 mortuus
1479 4566 1572 4624 sit.

643 4660 684 4727 -ι-
714 4655 972 4712 Herodes
1021 4655 1126 4710 iste
1173 4654 1284 4711 fuit
1331 4655 1488 4711 filius
1535 4657 1664 4727 ejus
1712 4656 1818 4727 qui
1870 4655 2125 4712 infantes
2172 4657 2231 4712 in

577 4745 878 4802 Bethleem
912 4743 1226 4800 interemit.

642 4835 804 4890 Vers.
889 4834 1145 4890 Herodes
1161 4833 1305 4889 enim
1323 4865 1387 4876 —
1403 4835 1567 4890 Vers.
1600 4839 1628 4888 5
1643 4876 1656 4890 .
1679 4832 1984 4889 habebant.
2004 4835 2230 4890 Marcus

574 4927 776 4980 autem
806 4921 955 4979 dixit
993 4923 1151 4995 quod
1206 4922 1490 4980 Herodias
1544 4921 1940 4978 insidiabatur
1995 4923 2064 4990 ei,
2116 4923 2231 4979 hoc

573 5015 679 5080 est,
733 5012 983 5069 molesta
1037 5011 1118 5068 illi
1170 5018 1339 5081 erat;
1393 5011 1751 5084 volebatque
1803 5027 1943 5068 eum
2001 5012 2235 5069 occide-

2350 3246 2536 3297 στῆναι
2581 3247 2782 3305 τοῦτον,
2848 3247 3163 3314 χαρίσματα
3213 3245 3487 3315 Θαυμάτων
3553 3243 3608 3297 ἐκ
3666 3254 3798 3300 Θεοῦ
3851 3243 3945 3295 λα-

2347 3326 2522 3395 ϐόντα,
2584 3324 2677 3380 διὰ
2737 3334 2830 3387 τὴν
2895 3327 3078 3383 ἄδικον
3132 3330 3315 3384 ἑαυτοῦ
3370 3338 3596 3405 σφαγὴν,
3666 3339 3788 3408 πρὸς
3853 3350 3941 3404 μιν

2346 3419 2468 3478 τοὺς
2518 3424 2670 3468 τοῦτο
2729 3417 2985 3488 λέγοντας,
3052 3417 3177 3486 εἷπε,
3230 3425 3301 3492 μὴ
3363 3417 3489 3474 εἶναι
3547 3426 3631 3474 τὸν
3682 3423 3938 3487 Ἰωάννην,

2347 3503 2431 3555 ἶνα
2480 3509 2551 3576 μὴ
2607 3503 3022 3580 προσδράμωσιν
3077 3509 3236 3580 αὐτῷ,
3293 3514 3382 3562 καὶ
3438 3513 3771 3564 στασιάσωσι
3825 3511 3938 3561 κατ’

2346 3592 2522 3644 αὐτοῦ·
2583 3597 2708 3665 πρὸς
2766 3591 2824 3646 δὲ
2877 3599 2997 3657 τοὺς
3047 3596 3246 3657 οἰκέτας
3298 3597 3456 3651 αὐτοῦ
3512 3598 3687 3672 θαρρεῖ
3735 3602 3791 3650 τὸ
3843 3616 3944 3668 μυ-

2349 3686 2581 3752 στήριον.
2641 3678 2845 3744 Παῖδας
2909 3687 3011 3757 γὰρ
3082 3692 3189 3751 νῦν,
3261 3690 3382 3748 τοὺς
3447 3687 3645 3746 οἰκέτας
3715 3683 3846 3738 εἶπεν
3913 3683 3938 3734 6

2816 3771 3010 3846 eapp'si
3094 3770 3153 3825 δε
3231 3775 3399 3835 αὐτοῖς
3478 3781 3648 3840 τοῦτο,
3736 3769 3940 3845 σφόδρα

2347 3855 2611 3918 δειλιάσας
2657 3868 2856 3924 τοῦτον,
2909 3864 2975 3922 ὡς
3033 3861 3372 3936 ἰσχυρότερον
3425 3858 3531 3921 ἤδη
3586 3866 3940 3934 γεγενημένον,

2346 3769 2734 3840 εὖαγγελιστὴς.

2343 3952 2432 3999 καὶ
2488 3944 2828 4022 σφοδρότερον
2883 3950 3036 4001 αὐτὸν
3094 3951 3381 4022 ἐλέγξοντα.
3439 3956 3540 4005 Καὶ
3594 3954 3690 4024 ὅρα
3746 3953 3944 4022 Θαυμα-

2347 4039 2488 4104 στὸν,
2544 4037 2569 4087 6
2628 4040 2877 4108 φονεύσας
2931 4037 3162 4110 φοϐεῖται
3239 4043 3323 4092 τὸν
3394 4045 3774 4112 πεφονευμένον.
3827 4046 3945 4092 Τοι-

2344 4132 2490 4177 οῦτον
2533 4127 2632 4196 γὰρ
2681 4127 2706 4176 6
2751 4131 2928 4186 κακός·
2981 4126 3212 4198 φοϐεῖται
3260 4133 3348 4180 καὶ
3393 4132 3512 4190 τοὺς
3561 4131 3786 4201 νεκρούς.
3843 4130 3940 4180 Καὶ

2343 4220 2574 4265 τοιοῦτον
2632 4215 2657 4264 6
2711 4213 2960 4288 ἐνάρετος,
3018 4216 3169 4287 φοϐον
3223 4215 3447 4288 ἕμποιῶν
3500 4223 3608 4278 τοῖς
3663 4217 3798 4277 ζῶσι
3853 4219 3943 4269 καὶ

2343 4304 2470 4373 μετά
2532 4304 2768 4357 θάνατον.
2849 4307 3288 4379 [ιαρεμπεσούσης
3369 4301 3427 4357 δὲ
3493 4313 3582 4365 τῆς
3647 4309 3782 4358 κατὰ
3858 4308 3944 4357 τὸν

2342 4388 2577 4448 Ἰωάννην
2652 4393 2963 4462 ὑποθέσεως,
3033 4393 3209 4446 λοιπὸν
3277 4396 3302 4446 6
3369 4393 3740 4466 εὖαγγελιστὴς
3811 4392 3940 4453 διη-

2341 4488 2532 4551 γεῖται,
2564 4489 2668 4541 πῶς
2696 4480 2964 4540 ἀπέθανεν.

2413 4660 2454 4728 σί-
2486 4654 2651 4720 Οὖτος
2695 4661 2823 4729 (ὅθ’)
2870 4662 2894 4711 6
2948 4657 3167 4733 Ηρώδης
3213 4663 3325 4721 υἱὸς
3370 4657 3431 4718 ἦν
3474 4668 3565 4713 τοῦ
3594 4662 3659 4714 τὰ
3693 4659 3863 4736 βρέφη
3897 4658 3946 4713 ἓν

2343 4747 2569 4820 Βηθλεὲμ.
2602 4747 3013 4810 ἀποκτείναντος.

2411 4836 2469 4889 Ὀ
2525 4840 2624 4911 γὰρ
2675 4835 2912 4910 ⁹Ηρώδης
2967 4869 3037 4878 -
3083 4837 3248 4909 εἶχον.
3297 4837 3355 4890 Ὀ
3415 4835 3474 4890 δε
3532 4840 3740 4913 Μάρκος
3779 4837 3938 4904 εἶπεν,

2343 4926 2423 4978 ὃτι
2469 4927 2498 4984 ἠ
2562 4923 2806 5000 Ηρωδιὰς
2862 4926 3053 4999 ἐνεῖχεν
3125 4928 3285 4999 αὐτῷ,
3362 4931 3649 4997 τοῦτέστιν,
3721 4926 3941 4982 ἐνεκότει

2343 5015 2505 5087 αὐτῷ,
2559 5020 2648 5069 καὶ
2705 5015 2785 5069 ὃτι
2841 5015 3015 5077 ἤθελεν
3083 5017 3238 5071 αὐτὸν
3293 5016 3614 5086 ἀποκτεῖναι,
3681 5021 3770 5070 καὶ
3849 5016 3942 5071 οὐκ

646 5137 694 5174 ³⁸
736 5139 909 5194 Marc.
944 5155 1015 5206 γι,
1043 5139 1096 5197 6.
1127 5140 1177 5176 ’⁸
1207 5137 1360 5198 Ibid.
1386 5139 1441 5194 5.
1474 5139 1522 5175 ’⁸
1548 5135 1698 5193 Ibid.
1727 5135 1814 5192 14.
1849 5137 1892 5171 ³⁷
1928 5137 2069 5193 Luc.
2099 5153 2177 5206 ιχ,
2203 5139 2259 5206 7,
2299 5139 2354 5196 9.

1784 5312 2002 5382 Variae
2041 5314 2371 5384 lectiones
2412 5323 2477 5383 et
2523 5326 2730 5386 notae.

647 5509 759 5594 (50)
789 5515 960 5576 Recte
990 5507 1337 5579 Hentenius,
1370 5505 1614 5594 invitos.

647 5516 736 5594 (50
789 5516 960 5576 Recte
990 5516 1337 5579 Hentenius,
1370 5516 1614 5568 invitos.

646 5516 761 5664 (5οζ
808 5593 1022 5664 Neuter
1052 5579 1858 5664 _meorum.htnc__agnoscit.
1898 5582 2234 5664 ‘ﬂentenius

577 5652 780 5731 etiam,
810 5663 891 5718 uti
922 5678 994 5718 ex
1020 5660 1191 5728 signo
1216 5654 1406 5711 crucis
1429 5654 1506 5710 ab
1527 5652 1631 5710 illo
1657 5653 1853 5711 addito
1879 5654 2144 5723 discitur,
2174 5655 2235 5710 in

2339 5510 2611 5588 margine
2641 5511 2739 5588 sui
2775 5510 2999 5588 codicis
3022 5514 3263 5588 reperit.
3303 5515 3611 5577 Translata
3643 5521 3784 5578 sunt
3809 5517 3944 5578 haec

2341 5598 2412 5640 ex
2439 5581 2764 5657 Theophyl.
2796 5599 2857 5658 p.
2890 5587 2979 5657 80,
3021 5584 3086 5642 B.
