  <div class='ocr_page' id='page_1' title='image "/cluster/home/n/w/nwhite01/storage/ocr_20150623/129/hvd.32044019208511/236.png"; bbox 0 0 4176 6444; ppageno 0'>
   <div class='ocr_carea' id='block_1_1' title="bbox 213 379 310 432">
    <p class='ocr_par' dir='ltr' id='par_1_1' title="bbox 213 379 310 432">
     <span class='ocr_line' id='line_1_1' title="bbox 213 379 310 432; baseline -0.021 0"><span class='ocrx_word' id='word_1_1' title='bbox 213 379 310 432; x_wconf 76' lang='grc'><strong>425</strong></span> 
     </span>
    </p>
   </div>
   <div class='ocr_carea' id='block_1_2' title="bbox 1195 373 2638 434">
    <p class='ocr_par' dir='ltr' id='par_1_2' title="bbox 1195 373 2638 434">
     <span class='ocr_line' id='line_1_2' title="bbox 1195 373 2638 434; baseline -0.001 -2"><span class='ocrx_word' id='word_1_2' title='bbox 1195 376 1565 434; x_wconf 85' lang='lat' dir='ltr'><strong>COMMENT.</strong></span> <span class='ocrx_word' id='word_1_3' title='bbox 1604 376 1674 431; x_wconf 87' lang='lat' dir='ltr'><strong>IN</strong></span> <span class='ocrx_word' id='word_1_4' title='bbox 1715 373 2148 431; x_wconf 69' lang='lat' dir='ltr'><strong>MATTHAEUM.</strong></span> <span class='ocrx_word' id='word_1_5' title='bbox 2182 405 2249 414; x_wconf 89' lang='lat'><strong><em>—</em></strong></span> <span class='ocrx_word' id='word_1_6' title='bbox 2281 373 2442 432; x_wconf 84' lang='lat' dir='ltr'><strong>CAP.</strong></span> <span class='ocrx_word' id='word_1_7' title='bbox 2482 375 2638 431; x_wconf 82' lang='lat' dir='ltr'><strong>XIV.</strong></span> 
     </span>
    </p>
   </div>
   <div class='ocr_carea' id='block_1_3' title="bbox 3470 380 3576 435">
    <p class='ocr_par' dir='ltr' id='par_1_3' title="bbox 3470 380 3576 435">
     <span class='ocr_line' id='line_1_3' title="bbox 3470 380 3576 435; baseline 0.019 -2"><span class='ocrx_word' id='word_1_8' title='bbox 3470 380 3576 435; x_wconf 68' lang='grc'><strong>426</strong></span> 
     </span>
    </p>
   </div>
   <div class='ocr_carea' id='block_1_4' title="bbox 203 497 1805 575">
    <p class='ocr_par' dir='ltr' id='par_1_4' title="bbox 203 497 1802 575">
     <span class='ocr_line' id='line_1_4' title="bbox 203 497 1802 575; baseline 0.001 -24"><span class='ocrx_word' id='word_1_9' title='bbox 203 497 458 558; x_wconf 75' lang='grc' dir='ltr'>ἠδύνατο.</span> <span class='ocrx_word' id='word_1_10' title='bbox 505 500 633 554; x_wconf 83' lang='grc' dir='ltr'>Εἶτα</span> <span class='ocrx_word' id='word_1_11' title='bbox 678 504 970 575; x_wconf 75' lang='grc' dir='ltr'>προσέθηκε</span> <span class='ocrx_word' id='word_1_12' title='bbox 1033 507 1123 554; x_wconf 89' lang='lat' dir='ltr'><strong>xui</strong></span> <span class='ocrx_word' id='word_1_13' title='bbox 1190 506 1283 559; x_wconf 82' lang='grc' dir='ltr'>τὴν</span> <span class='ocrx_word' id='word_1_14' title='bbox 1351 502 1521 553; x_wconf 80' lang='grc' dir='ltr'><strong>αἰτίαν</strong></span> <span class='ocrx_word' id='word_1_15' title='bbox 1584 509 1672 553; x_wconf 67' lang='grc' dir='ltr'>τοῦ</span> <span class='ocrx_word' id='word_1_16' title='bbox 1732 505 1802 572; x_wconf 86' lang='grc' dir='ltr'><strong>μή</strong></span> 
     </span>
    </p>
   </div>
   <div class='ocr_carea' id='block_1_5' title="bbox 1915 497 3580 575">
    <p class='ocr_par' dir='ltr' id='par_1_5' title="bbox 1919 498 3580 571">
     <span class='ocr_line' id='line_1_5' title="bbox 1919 498 3580 571; baseline 0.002 -17"><span class='ocrx_word' id='word_1_17' title='bbox 1919 514 1999 561; x_wconf 89' lang='lat' dir='ltr'><strong>re,</strong></span> <span class='ocrx_word' id='word_1_18' title='bbox 2048 514 2157 554; x_wconf 90' lang='lat' dir='ltr'><strong>nec</strong></span> <span class='ocrx_word' id='word_1_19' title='bbox 2207 503 2457 569; x_wconf 92' lang='lat' dir='ltr'><strong>poterat.</strong></span> <span class='ocrx_word' id='word_1_20' title='bbox 2500 498 2721 554; x_wconf 88' lang='lat' dir='ltr'><strong>Deinde</strong></span> <span class='ocrx_word' id='word_1_21' title='bbox 2771 513 3020 554; x_wconf 82' lang='lat' dir='ltr'><strong>causam</strong></span> <span class='ocrx_word' id='word_1_22' title='bbox 3065 514 3309 571; x_wconf 91' lang='lat' dir='ltr'><strong>quoque</strong></span> <span class='ocrx_word' id='word_1_23' title='bbox 3346 500 3580 559; x_wconf 79' lang='lat' dir='ltr'><strong>addidit</strong></span> 
     </span>
    </p>
   </div>
   <div class='ocr_carea' id='block_1_6' title="bbox 207 586 1803 664">
    <p class='ocr_par' dir='ltr' id='par_1_6' title="bbox 207 586 1803 664">
     <span class='ocr_line' id='line_1_6' title="bbox 207 586 1803 664; baseline 0 -23"><span class='ocrx_word' id='word_1_24' title='bbox 207 586 475 642; x_wconf 74' lang='grc' dir='ltr'>δύνασθαι</span> <span class='ocrx_word' id='word_1_25' title='bbox 528 591 690 648; x_wconf 68' lang='grc' dir='ltr'>αὐτήν</span> <span class='ocrx_word' id='word_1_26' title='bbox 737 590 922 644; x_wconf 76' lang='grc' dir='ltr'><strong>ἀνελεῖν</strong></span> <span class='ocrx_word' id='word_1_27' title='bbox 983 591 1156 645; x_wconf 70' lang='grc' dir='ltr'>αὐτόν.</span> <span class='ocrx_word' id='word_1_28' title='bbox 1220 597 1404 664; x_wconf 83' lang='grc' dir='ltr'>Εῖρηκε</span> <span class='ocrx_word' id='word_1_29' title='bbox 1458 593 1583 662; x_wconf 85' lang='grc' dir='ltr'>γὰρ,</span> <span class='ocrx_word' id='word_1_30' title='bbox 1643 592 1719 641; x_wconf 85' lang='grc' dir='ltr'>ὅτι</span> <span class='ocrx_word' id='word_1_31' title='bbox 1778 593 1803 641; x_wconf 85' lang='grc' dir='ltr'>ὁ</span> 
     </span>
    </p>
   </div>
   <div class='ocr_carea' id='block_1_7' title="bbox 203 676 1805 752">
    <p class='ocr_par' dir='ltr' id='par_1_7' title="bbox 203 676 1805 752">
     <span class='ocr_line' id='line_1_7' title="bbox 203 676 1805 752; baseline 0 -22"><span class='ocrx_word' id='word_1_32' title='bbox 203 676 452 752; x_wconf 76' lang='grc' dir='ltr'>Ἡρώδης</span> <span class='ocrx_word' id='word_1_33' title='bbox 498 678 724 750; x_wconf 85' lang='grc' dir='ltr'>ἐφοϐεῖτο</span> <span class='ocrx_word' id='word_1_34' title='bbox 766 684 852 731; x_wconf 84' lang='grc' dir='ltr'>τὸν</span> <span class='ocrx_word' id='word_1_35' title='bbox 906 680 1164 747; x_wconf 81' lang='grc' dir='ltr'>Ἰωάννην,</span> <span class='ocrx_word' id='word_1_36' title='bbox 1216 676 1368 739; x_wconf 81' lang='grc' dir='ltr'>εἰδὼς</span> <span class='ocrx_word' id='word_1_37' title='bbox 1413 679 1586 743; x_wconf 75' lang='grc' dir='ltr'>αὐτὸν,</span> <span class='ocrx_word' id='word_1_38' title='bbox 1635 676 1805 750; x_wconf 89' lang='grc' dir='ltr'>οἰνδρα</span> 
     </span>
    </p>
   </div>
   <div class='ocr_carea' id='block_1_8' title="bbox 206 764 1804 841">
    <p class='ocr_par' dir='ltr' id='par_1_8' title="bbox 206 764 1804 841">
     <span class='ocr_line' id='line_1_8' title="bbox 206 764 1804 841; baseline 0.001 -24"><span class='ocrx_word' id='word_1_39' title='bbox 206 764 418 818; x_wconf 79' lang='grc' dir='ltr'>δίκαιον</span> <span class='ocrx_word' id='word_1_40' title='bbox 480 773 565 820; x_wconf 88' lang='lat' dir='ltr'><strong>xui</strong></span> <span class='ocrx_word' id='word_1_41' title='bbox 631 769 802 840; x_wconf 77' lang='grc' dir='ltr'>ἅγιον,</span> <span class='ocrx_word' id='word_1_42' title='bbox 857 774 944 820; x_wconf 89' lang='lat' dir='ltr'><strong>xui</strong></span> <span class='ocrx_word' id='word_1_43' title='bbox 1013 773 1279 841; x_wconf 76' lang='grc' dir='ltr'><strong>συνετήρει</strong></span> <span class='ocrx_word' id='word_1_44' title='bbox 1344 767 1516 833; x_wconf 74' lang='grc' dir='ltr'>αὐτὸν,</span> <span class='ocrx_word' id='word_1_45' title='bbox 1576 773 1665 818; x_wconf 88' lang='lat' dir='ltr'><strong>xui</strong></span> <span class='ocrx_word' id='word_1_46' title='bbox 1727 769 1804 819; x_wconf 88' lang='grc' dir='ltr'><strong>ὁτι</strong></span> 
     </span>
    </p>
   </div>
   <div class='ocr_carea' id='block_1_9' title="bbox 201 853 1804 922">
    <p class='ocr_par' dir='ltr' id='par_1_9' title="bbox 201 853 1804 922">
     <span class='ocr_line' id='line_1_9' title="bbox 201 853 1804 922; baseline 0 -16"><span class='ocrx_word' id='word_1_47' title='bbox 201 853 408 907; x_wconf 76' lang='grc' dir='ltr'>ἀκούων</span> <span class='ocrx_word' id='word_1_48' title='bbox 493 857 651 909; x_wconf 77' lang='grc' dir='ltr'>αὐτοῦ</span> <span class='ocrx_word' id='word_1_49' title='bbox 713 857 874 909; x_wconf 84' lang='grc' dir='ltr'>πολλὰ</span> <span class='ocrx_word' id='word_1_50' title='bbox 966 856 1143 922; x_wconf 73' lang='grc' dir='ltr'>ἐποίει,</span> <span class='ocrx_word' id='word_1_51' title='bbox 1233 862 1322 908; x_wconf 87' lang='lat' dir='ltr'><strong>xui</strong></span> <span class='ocrx_word' id='word_1_52' title='bbox 1388 853 1558 916; x_wconf 82' lang='grc' dir='ltr'><strong>ἡδέως</strong></span> <span class='ocrx_word' id='word_1_53' title='bbox 1643 856 1804 907; x_wconf 71' lang='grc' dir='ltr'>αὐτοῦ</span> 
     </span>
    </p>
   </div>
   <div class='ocr_carea' id='block_1_10' title="bbox 200 940 1802 1017">
    <p class='ocr_par' dir='ltr' id='par_1_10' title="bbox 200 940 1802 1017">
     <span class='ocr_line' id='line_1_10' title="bbox 200 940 1802 1017; baseline 0.001 -23"><span class='ocrx_word' id='word_1_54' title='bbox 200 948 383 1002; x_wconf 80' lang='grc' dir='ltr'>ἤκουε.</span> <span class='ocrx_word' id='word_1_55' title='bbox 434 947 611 1000; x_wconf 80' lang='grc' dir='ltr'>Ταῦτα</span> <span class='ocrx_word' id='word_1_56' title='bbox 670 949 760 1017; x_wconf 68' lang='grc' dir='ltr'>μὲν</span> <span class='ocrx_word' id='word_1_57' title='bbox 811 942 899 997; x_wconf 83' lang='grc' dir='ltr'>οὖν</span> <span class='ocrx_word' id='word_1_58' title='bbox 960 947 1234 1016; x_wconf 71' lang='grc' dir='ltr'><strong>ἱστόρησεν</strong></span> <span class='ocrx_word' id='word_1_59' title='bbox 1266 947 1291 996; x_wconf 86' lang='grc' dir='ltr'><strong><em>ὁ</em></strong></span> <span class='ocrx_word' id='word_1_60' title='bbox 1339 948 1571 1017; x_wconf 82' lang='grc' dir='ltr'>Μάρκος.</span> <span class='ocrx_word' id='word_1_61' title='bbox 1617 944 1676 997; x_wconf 85' lang='grc' dir='ltr'><strong>Εἰ</strong></span> <span class='ocrx_word' id='word_1_62' title='bbox 1723 940 1802 1011; x_wconf 78' lang='grc' dir='ltr'><strong>δε,</strong></span> 
     </span>
    </p>
   </div>
   <div class='ocr_carea' id='block_1_11' title="bbox 202 1029 1800 1109">
    <p class='ocr_par' dir='ltr' id='par_1_11' title="bbox 202 1029 1800 1109">
     <span class='ocr_line' id='line_1_11' title="bbox 202 1029 1800 1109; baseline -0.001 -25"><span class='ocrx_word' id='word_1_63' title='bbox 202 1029 360 1093; x_wconf 85' lang='grc' dir='ltr'>εἰδὼς</span> <span class='ocrx_word' id='word_1_64' title='bbox 422 1033 580 1086; x_wconf 72' lang='grc' dir='ltr'>αὐτὸν</span> <span class='ocrx_word' id='word_1_65' title='bbox 633 1035 660 1085; x_wconf 86' lang='grc' dir='ltr'><strong><em>ὁ</em></strong></span> <span class='ocrx_word' id='word_1_66' title='bbox 719 1031 958 1109; x_wconf 81' lang='grc' dir='ltr'><strong>Ἡρώδης</strong></span> <span class='ocrx_word' id='word_1_67' title='bbox 1014 1031 1184 1107; x_wconf 83' lang='grc' dir='ltr'>ἄνδρα</span> <span class='ocrx_word' id='word_1_68' title='bbox 1237 1030 1440 1086; x_wconf 80' lang='grc' dir='ltr'>δίκαιον</span> <span class='ocrx_word' id='word_1_69' title='bbox 1492 1038 1582 1085; x_wconf 79' lang='lat' dir='ltr'><strong>xui</strong></span> <span class='ocrx_word' id='word_1_70' title='bbox 1632 1033 1800 1103; x_wconf 81' lang='grc' dir='ltr'>ἅγιον,</span> 
     </span>
    </p>
   </div>
   <div class='ocr_carea' id='block_1_12' title="bbox 204 1122 1802 1196">
    <p class='ocr_par' dir='ltr' id='par_1_12' title="bbox 204 1122 1802 1196">
     <span class='ocr_line' id='line_1_12' title="bbox 204 1122 1802 1196; baseline -0.003 -22"><span class='ocrx_word' id='word_1_71' title='bbox 204 1126 479 1194; x_wconf 78' lang='grc' dir='ltr'><strong>συνετήρει</strong></span> <span class='ocrx_word' id='word_1_72' title='bbox 559 1122 736 1187; x_wconf 74' lang='grc' dir='ltr'>αὐτὸν,</span> <span class='ocrx_word' id='word_1_73' title='bbox 819 1131 930 1184; x_wconf 82' lang='grc' dir='ltr'>πῶς</span> <span class='ocrx_word' id='word_1_74' title='bbox 995 1126 1194 1196; x_wconf 76' lang='grc' dir='ltr'>εἰρηκεν</span> <span class='ocrx_word' id='word_1_75' title='bbox 1259 1123 1285 1173; x_wconf 88' lang='grc' dir='ltr'>ὀ</span> <span class='ocrx_word' id='word_1_76' title='bbox 1362 1123 1648 1184; x_wconf 85' lang='grc' dir='ltr'>Ματθαῖος,</span> <span class='ocrx_word' id='word_1_77' title='bbox 1725 1122 1802 1172; x_wconf 78' lang='grc' dir='ltr'>ὅτι</span> 
     </span>
    </p>
   </div>
   <div class='ocr_carea' id='block_1_13' title="bbox 198 1207 1801 1283">
    <p class='ocr_par' dir='ltr' id='par_1_13' title="bbox 198 1207 1801 1283">
     <span class='ocr_line' id='line_1_13' title="bbox 198 1207 1801 1283; baseline -0.001 -21"><span class='ocrx_word' id='word_1_78' title='bbox 198 1210 348 1269; x_wconf 72' lang='grc' dir='ltr'>ἤθελε</span> <span class='ocrx_word' id='word_1_79' title='bbox 387 1215 480 1283; x_wconf 72' lang='grc' dir='ltr'>μὲν</span> <span class='ocrx_word' id='word_1_80' title='bbox 531 1210 686 1263; x_wconf 70' lang='grc' dir='ltr'>αὐτὸν</span> <span class='ocrx_word' id='word_1_81' title='bbox 731 1210 1049 1279; x_wconf 81' lang='grc' dir='ltr'>ἀποκτεῖναι,</span> <span class='ocrx_word' id='word_1_82' title='bbox 1082 1209 1309 1282; x_wconf 73' lang='grc' dir='ltr'>ἐφοϐεῖτο</span> <span class='ocrx_word' id='word_1_83' title='bbox 1354 1207 1412 1263; x_wconf 74' lang='grc' dir='ltr'><strong>δε</strong></span> <span class='ocrx_word' id='word_1_84' title='bbox 1468 1213 1554 1262; x_wconf 90' lang='grc' dir='ltr'>τὸν</span> <span class='ocrx_word' id='word_1_85' title='bbox 1604 1209 1760 1280; x_wconf 76' lang='grc' dir='ltr'>ὄχλον</span> <span class='ocrx_word' id='word_1_86' title='bbox 1785 1224 1801 1276; x_wconf 84' lang='grc'><strong>;</strong></span> 
     </span>
    </p>
   </div>
   <div class='ocr_carea' id='block_1_14' title="bbox 196 1299 1804 1371">
    <p class='ocr_par' dir='ltr' id='par_1_14' title="bbox 196 1299 1804 1371">
     <span class='ocr_line' id='line_1_14' title="bbox 196 1299 1804 1371; baseline -0.002 -19"><span class='ocrx_word' id='word_1_87' title='bbox 196 1305 304 1352; x_wconf 76' lang='grc' dir='ltr'><strong>Καὶ</strong></span> <span class='ocrx_word' id='word_1_88' title='bbox 350 1299 397 1351; x_wconf 84' lang='grc' dir='ltr'>εἰ</span> <span class='ocrx_word' id='word_1_89' title='bbox 444 1299 608 1352; x_wconf 81' lang='grc' dir='ltr'>πολλὰ</span> <span class='ocrx_word' id='word_1_90' title='bbox 671 1299 848 1365; x_wconf 73' lang='grc' dir='ltr'>ἐποίει,</span> <span class='ocrx_word' id='word_1_91' title='bbox 883 1300 950 1350; x_wconf 84' lang='grc' dir='ltr'>ὧν</span> <span class='ocrx_word' id='word_1_92' title='bbox 1013 1302 1039 1352; x_wconf 90' lang='grc' dir='ltr'><strong><em>ὁ</em></strong></span> <span class='ocrx_word' id='word_1_93' title='bbox 1100 1299 1337 1359; x_wconf 78' lang='grc' dir='ltr'><strong>Ἰωάννης</strong></span> <span class='ocrx_word' id='word_1_94' title='bbox 1408 1300 1646 1371; x_wconf 66' lang='grc' dir='ltr'>παρῄνει,</span> <span class='ocrx_word' id='word_1_95' title='bbox 1714 1302 1804 1349; x_wconf 81' lang='grc' dir='ltr'><strong>καὶ</strong></span> 
     </span>
    </p>
   </div>
   <div class='ocr_carea' id='block_1_15' title="bbox 198 1383 1803 1460">
    <p class='ocr_par' dir='ltr' id='par_1_15' title="bbox 198 1383 1803 1460">
     <span class='ocr_line' id='line_1_15' title="bbox 198 1383 1803 1460; baseline -0.001 -21"><span class='ocrx_word' id='word_1_96' title='bbox 198 1389 238 1440; x_wconf 86' lang='grc' dir='ltr'>εἰ</span> <span class='ocrx_word' id='word_1_97' title='bbox 306 1385 479 1448; x_wconf 84' lang='grc' dir='ltr'>ήδέως</span> <span class='ocrx_word' id='word_1_98' title='bbox 536 1389 695 1440; x_wconf 73' lang='grc' dir='ltr'>αὐτοῦ</span> <span class='ocrx_word' id='word_1_99' title='bbox 749 1389 905 1446; x_wconf 81' lang='grc' dir='ltr'>ήκουε</span> <span class='ocrx_word' id='word_1_100' title='bbox 960 1397 1350 1460; x_wconf 80' lang='grc' dir='ltr'>παραινοῦντος,</span> <span class='ocrx_word' id='word_1_101' title='bbox 1418 1385 1564 1439; x_wconf 87' lang='grc' dir='ltr'>διατί</span> <span class='ocrx_word' id='word_1_102' title='bbox 1617 1383 1803 1444; x_wconf 81' lang='grc' dir='ltr'>ἔδησεν</span> 
     </span>
    </p>
   </div>
   <div class='ocr_carea' id='block_1_16' title="bbox 195 1476 1801 1550">
    <p class='ocr_par' dir='ltr' id='par_1_16' title="bbox 195 1476 1801 1550">
     <span class='ocr_line' id='line_1_16' title="bbox 195 1476 1801 1550; baseline -0.001 -22"><span class='ocrx_word' id='word_1_103' title='bbox 195 1477 358 1528; x_wconf 63' lang='grc' dir='ltr'>αὐτόν</span> <span class='ocrx_word' id='word_1_104' title='bbox 410 1483 501 1529; x_wconf 85' lang='lat' dir='ltr'><strong>xui</strong></span> <span class='ocrx_word' id='word_1_105' title='bbox 559 1476 868 1544; x_wconf 77' lang='grc' dir='ltr'>ἀπέκλεισε;</span> <span class='ocrx_word' id='word_1_106' title='bbox 925 1481 1082 1539; x_wconf 85' lang='grc' dir='ltr'>Διότι,</span> <span class='ocrx_word' id='word_1_107' title='bbox 1140 1477 1174 1528; x_wconf 81' lang='grc' dir='ltr'>οἱ</span> <span class='ocrx_word' id='word_1_108' title='bbox 1224 1482 1313 1550; x_wconf 78' lang='grc' dir='ltr'>μέν</span> <span class='ocrx_word' id='word_1_109' title='bbox 1368 1496 1524 1549; x_wconf 88' lang='grc' dir='ltr'>φησιν</span> <span class='ocrx_word' id='word_1_110' title='bbox 1577 1479 1602 1528; x_wconf 87' lang='grc' dir='ltr'>ὁ</span> <span class='ocrx_word' id='word_1_111' title='bbox 1656 1478 1801 1548; x_wconf 85' lang='grc' dir='ltr'>Μάρ-</span> 
     </span>
    </p>
   </div>
   <div class='ocr_carea' id='block_1_17' title="bbox 1918 587 3579 661">
    <p class='ocr_par' dir='ltr' id='par_1_17' title="bbox 1918 587 3579 661">
     <span class='ocr_line' id='line_1_17' title="bbox 1918 587 3579 661; baseline 0.002 -19"><span class='ocrx_word' id='word_1_112' title='bbox 1918 602 2022 642; x_wconf 94' lang='lat' dir='ltr'><strong>cur</strong></span> <span class='ocrx_word' id='word_1_113' title='bbox 2054 587 2150 641; x_wconf 91' lang='lat' dir='ltr'><strong>illa</strong></span> <span class='ocrx_word' id='word_1_114' title='bbox 2182 602 2303 642; x_wconf 93' lang='lat' dir='ltr'><strong>non</strong></span> <span class='ocrx_word' id='word_1_115' title='bbox 2338 592 2573 657; x_wconf 87' lang='lat' dir='ltr'><strong>poterat</strong></span> <span class='ocrx_word' id='word_1_116' title='bbox 2602 603 2738 642; x_wconf 90' lang='lat' dir='ltr'><strong>eum</strong></span> <span class='ocrx_word' id='word_1_117' title='bbox 2771 587 3058 642; x_wconf 90' lang='lat' dir='ltr'><strong>occidere.</strong></span> <span class='ocrx_word' id='word_1_118' title='bbox 3098 588 3185 641; x_wconf 85' lang='lat' dir='ltr'><strong>Ait</strong></span> <span class='ocrx_word' id='word_1_119' title='bbox 3217 589 3376 643; x_wconf 88' lang='lat' dir='ltr'><strong>enim</strong></span> <span class='ocrx_word' id='word_1_120' title='bbox 3409 591 3579 661; x_wconf 87' lang='lat' dir='ltr'><strong>quod</strong></span> 
     </span>
    </p>
   </div>
   <div class='ocr_carea' id='block_1_18' title="bbox 1918 675 3576 743">
    <p class='ocr_par' dir='ltr' id='par_1_18' title="bbox 1918 675 3576 743">
     <span class='ocr_line' id='line_1_18' title="bbox 1918 675 3576 743; baseline 0.004 -14"><span class='ocrx_word' id='word_1_121' title='bbox 1918 675 2174 730; x_wconf 85' lang='lat' dir='ltr'><strong>Herodes</strong></span> <span class='ocrx_word' id='word_1_122' title='bbox 2227 675 2531 730; x_wconf 83' lang='lat' dir='ltr'><strong>metuebat</strong></span> <span class='ocrx_word' id='word_1_123' title='bbox 2577 677 2890 743; x_wconf 84' lang='lat' dir='ltr'><strong>Joannem,</strong></span> <span class='ocrx_word' id='word_1_124' title='bbox 2946 675 3138 731; x_wconf 88' lang='lat' dir='ltr'><strong>sciens</strong></span> <span class='ocrx_word' id='word_1_125' title='bbox 3185 692 3323 731; x_wconf 91' lang='lat' dir='ltr'><strong>eum</strong></span> <span class='ocrx_word' id='word_1_126' title='bbox 3381 678 3576 735; x_wconf 88' lang='lat' dir='ltr'><strong>virum</strong></span> 
     </span>
    </p>
   </div>
   <div class='ocr_carea' id='block_1_19' title="bbox 1909 763 3575 833">
    <p class='ocr_par' dir='ltr' id='par_1_19' title="bbox 1909 763 3575 833">
     <span class='ocr_line' id='line_1_19' title="bbox 1909 763 3575 833; baseline 0.003 -16"><span class='ocrx_word' id='word_1_127' title='bbox 1909 763 2141 833; x_wconf 91' lang='lat' dir='ltr'><strong>justum</strong></span> <span class='ocrx_word' id='word_1_128' title='bbox 2162 768 2217 817; x_wconf 86' lang='lat' dir='ltr'><strong>et</strong></span> <span class='ocrx_word' id='word_1_129' title='bbox 2233 767 2524 828; x_wconf 87' lang='lat' dir='ltr'><strong>sanctum,</strong></span> <span class='ocrx_word' id='word_1_130' title='bbox 2547 778 2617 818; x_wconf 91' lang='lat' dir='ltr'><strong>ac</strong></span> <span class='ocrx_word' id='word_1_131' title='bbox 2635 763 3016 831; x_wconf 81' lang='lat' dir='ltr'><strong>observabat,</strong></span> <span class='ocrx_word' id='word_1_132' title='bbox 3036 763 3224 829; x_wconf 90' lang='lat' dir='ltr'><strong>illum,</strong></span> <span class='ocrx_word' id='word_1_133' title='bbox 3247 769 3304 820; x_wconf 91' lang='lat' dir='ltr'><strong>et</strong></span> <span class='ocrx_word' id='word_1_134' title='bbox 3321 765 3575 822; x_wconf 85' lang='lat' dir='ltr'><strong>audiens</strong></span> 
     </span>
    </p>
   </div>
   <div class='ocr_carea' id='block_1_20' title="bbox 1915 850 3572 923">
    <p class='ocr_par' dir='ltr' id='par_1_20' title="bbox 1915 850 3572 923">
     <span class='ocr_line' id='line_1_20' title="bbox 1915 850 3572 923; baseline 0.001 -17"><span class='ocrx_word' id='word_1_135' title='bbox 1915 866 2053 906; x_wconf 89' lang='lat' dir='ltr'><strong>eum</strong></span> <span class='ocrx_word' id='word_1_136' title='bbox 2107 851 2293 907; x_wconf 91' lang='lat' dir='ltr'><strong>multa</strong></span> <span class='ocrx_word' id='word_1_137' title='bbox 2339 850 2614 920; x_wconf 82' lang='lat' dir='ltr'><strong>faciebat,</strong></span> <span class='ocrx_word' id='word_1_138' title='bbox 2664 851 3033 923; x_wconf 78' lang='lat' dir='ltr'><strong>libenterque</strong></span> <span class='ocrx_word' id='word_1_139' title='bbox 3081 868 3220 907; x_wconf 90' lang='lat' dir='ltr'><strong>eum</strong></span> <span class='ocrx_word' id='word_1_140' title='bbox 3271 853 3572 910; x_wconf 86' lang='lat' dir='ltr'><strong>audiebat.</strong></span> 
     </span>
    </p>
   </div>
   <div class='ocr_carea' id='block_1_21' title="bbox 1916 939 3576 1010">
    <p class='ocr_par' dir='ltr' id='par_1_21' title="bbox 1916 939 3576 1010">
     <span class='ocr_line' id='line_1_21' title="bbox 1916 939 3576 1010; baseline 0.002 -16"><span class='ocrx_word' id='word_1_141' title='bbox 1916 942 2046 995; x_wconf 62' lang='lat' dir='ltr'><strong>Huic</strong></span> <span class='ocrx_word' id='word_1_142' title='bbox 2079 955 2225 994; x_wconf 81' lang='lat' dir='ltr'><strong>sane</strong></span> <span class='ocrx_word' id='word_1_143' title='bbox 2253 939 2486 1010; x_wconf 83' lang='lat' dir='ltr'><strong>scripsit</strong></span> <span class='ocrx_word' id='word_1_144' title='bbox 2529 942 2757 994; x_wconf 80' lang='lat' dir='ltr'><strong>Marcus</strong></span> <span class='ocrx_word' id='word_1_145' title='bbox 2806 942 2876 994; x_wconf 82' lang='grc'><strong>³⁸.</strong></span> <span class='ocrx_word' id='word_1_146' title='bbox 2922 941 3090 1004; x_wconf 85' lang='lat' dir='ltr'><strong>Quod</strong></span> <span class='ocrx_word' id='word_1_147' title='bbox 3135 941 3182 995; x_wconf 90' lang='lat' dir='ltr'><strong>si</strong></span> <span class='ocrx_word' id='word_1_148' title='bbox 3213 941 3407 996; x_wconf 90' lang='lat' dir='ltr'><strong>sciens</strong></span> <span class='ocrx_word' id='word_1_149' title='bbox 3436 958 3576 999; x_wconf 89' lang='lat' dir='ltr'><strong>eum</strong></span> 
     </span>
    </p>
   </div>
   <div class='ocr_carea' id='block_1_22' title="bbox 1914 1027 3578 1102">
    <p class='ocr_par' dir='ltr' id='par_1_22' title="bbox 1914 1027 3578 1102">
     <span class='ocr_line' id='line_1_22' title="bbox 1914 1027 3578 1102; baseline 0.003 -20"><span class='ocrx_word' id='word_1_150' title='bbox 1914 1027 2101 1082; x_wconf 88' lang='lat' dir='ltr'><strong>virum</strong></span> <span class='ocrx_word' id='word_1_151' title='bbox 2139 1028 2370 1098; x_wconf 90' lang='lat' dir='ltr'><strong>justum</strong></span> <span class='ocrx_word' id='word_1_152' title='bbox 2403 1032 2459 1082; x_wconf 90' lang='lat' dir='ltr'><strong>et</strong></span> <span class='ocrx_word' id='word_1_153' title='bbox 2490 1032 2764 1084; x_wconf 87' lang='lat' dir='ltr'><strong>sanctum</strong></span> <span class='ocrx_word' id='word_1_154' title='bbox 2809 1028 3170 1084; x_wconf 87' lang='lat' dir='ltr'><strong>obserbavat</strong></span> <span class='ocrx_word' id='word_1_155' title='bbox 3201 1028 3390 1095; x_wconf 90' lang='lat' dir='ltr'><strong>illum,</strong></span> <span class='ocrx_word' id='word_1_156' title='bbox 3430 1047 3578 1102; x_wconf 87' lang='lat' dir='ltr'><strong>quo-</strong></span> 
     </span>
    </p>
   </div>
   <div class='ocr_carea' id='block_1_23' title="bbox 1913 1115 3575 1187">
    <p class='ocr_par' dir='ltr' id='par_1_23' title="bbox 1913 1115 3575 1187">
     <span class='ocr_line' id='line_1_23' title="bbox 1913 1115 3575 1187; baseline 0.003 -17"><span class='ocrx_word' id='word_1_157' title='bbox 1913 1115 2097 1172; x_wconf 92' lang='lat' dir='ltr'><strong>modo</strong></span> <span class='ocrx_word' id='word_1_158' title='bbox 2125 1116 2273 1172; x_wconf 84' lang='lat' dir='ltr'><strong>dixit</strong></span> <span class='ocrx_word' id='word_1_159' title='bbox 2299 1115 2620 1180; x_wconf 77' lang='lat' dir='ltr'><strong>Matthteus,</strong></span> <span class='ocrx_word' id='word_1_160' title='bbox 2650 1116 2816 1187; x_wconf 90' lang='lat' dir='ltr'><strong>quod</strong></span> <span class='ocrx_word' id='word_1_161' title='bbox 2840 1116 3080 1172; x_wconf 87' lang='lat' dir='ltr'><strong>volebat</strong></span> <span class='ocrx_word' id='word_1_162' title='bbox 3113 1132 3250 1172; x_wconf 89' lang='lat' dir='ltr'><strong>cum</strong></span> <span class='ocrx_word' id='word_1_163' title='bbox 3282 1118 3575 1186; x_wconf 86' lang='lat' dir='ltr'><strong>occidere,</strong></span> 
     </span>
    </p>
   </div>
   <div class='ocr_carea' id='block_1_24' title="bbox 1913 1203 3579 1265">
    <p class='ocr_par' dir='ltr' id='par_1_24' title="bbox 1913 1203 3579 1265">
     <span class='ocr_line' id='line_1_24' title="bbox 1913 1203 3579 1265; baseline 0.004 -6"><span class='ocrx_word' id='word_1_164' title='bbox 1913 1204 2165 1260; x_wconf 86' lang='lat' dir='ltr'><strong>timebat</strong></span> <span class='ocrx_word' id='word_1_165' title='bbox 2194 1208 2396 1260; x_wconf 91' lang='lat' dir='ltr'><strong>autem</strong></span> <span class='ocrx_word' id='word_1_166' title='bbox 2440 1203 2933 1260; x_wconf 85' lang='lat' dir='ltr'><strong>multitudinem?</strong></span> <span class='ocrx_word' id='word_1_167' title='bbox 2976 1205 3260 1264; x_wconf 66' lang='lat' dir='ltr'><strong>Prmterea</strong></span> <span class='ocrx_word' id='word_1_168' title='bbox 3303 1206 3354 1262; x_wconf 93' lang='lat' dir='ltr'><strong>si</strong></span> <span class='ocrx_word' id='word_1_169' title='bbox 3386 1207 3579 1265; x_wconf 83' lang='lat' dir='ltr'><strong>multa</strong></span> 
     </span>
    </p>
   </div>
   <div class='ocr_carea' id='block_1_25' title="bbox 1915 1291 3577 1364">
    <p class='ocr_par' dir='ltr' id='par_1_25' title="bbox 1915 1291 3577 1364">
     <span class='ocr_line' id='line_1_25' title="bbox 1915 1291 3577 1364; baseline 0.004 -19"><span class='ocrx_word' id='word_1_170' title='bbox 1915 1291 2171 1348; x_wconf 89' lang='lat' dir='ltr'><strong>faciebat</strong></span> <span class='ocrx_word' id='word_1_171' title='bbox 2199 1308 2407 1348; x_wconf 91' lang='lat' dir='ltr'><strong>eorum</strong></span> <span class='ocrx_word' id='word_1_172' title='bbox 2436 1307 2573 1364; x_wconf 76' lang='lat' dir='ltr'><strong>quae</strong></span> <span class='ocrx_word' id='word_1_173' title='bbox 2603 1292 2864 1348; x_wconf 84' lang='lat' dir='ltr'><strong>Joannes</strong></span> <span class='ocrx_word' id='word_1_174' title='bbox 2909 1293 3295 1360; x_wconf 85' lang='lat' dir='ltr'><strong>admonebat,</strong></span> <span class='ocrx_word' id='word_1_175' title='bbox 3339 1300 3396 1350; x_wconf 92' lang='lat' dir='ltr'><strong>et</strong></span> <span class='ocrx_word' id='word_1_176' title='bbox 3425 1295 3472 1350; x_wconf 88' lang='lat' dir='ltr'><strong>si</strong></span> <span class='ocrx_word' id='word_1_177' title='bbox 3503 1296 3577 1352; x_wconf 92' lang='lat' dir='ltr'><strong>li-</strong></span> 
     </span>
    </p>
   </div>
   <div class='ocr_carea' id='block_1_26' title="bbox 1914 1381 3575 1454">
    <p class='ocr_par' dir='ltr' id='par_1_26' title="bbox 1914 1381 3575 1454">
     <span class='ocr_line' id='line_1_26' title="bbox 1914 1381 3575 1454; baseline 0.001 -17"><span class='ocrx_word' id='word_1_178' title='bbox 1914 1381 2122 1437; x_wconf 90' lang='lat' dir='ltr'><strong>benter</strong></span> <span class='ocrx_word' id='word_1_179' title='bbox 2134 1397 2268 1436; x_wconf 89' lang='lat' dir='ltr'><strong>eum</strong></span> <span class='ocrx_word' id='word_1_180' title='bbox 2283 1381 2708 1436; x_wconf 88' lang='lat' dir='ltr'><strong>admonentem</strong></span> <span class='ocrx_word' id='word_1_181' title='bbox 2728 1381 3224 1454; x_wconf 88' lang='lat' dir='ltr'><strong>audiebat,quare</strong></span> <span class='ocrx_word' id='word_1_182' title='bbox 3239 1383 3575 1440; x_wconf 81' lang='lat' dir='ltr'><strong>vinxiteum</strong></span> 
     </span>
    </p>
   </div>
   <div class='ocr_carea' id='block_1_27' title="bbox 1916 1468 3578 1542">
    <p class='ocr_par' dir='ltr' id='par_1_27' title="bbox 1916 1468 3578 1542">
     <span class='ocr_line' id='line_1_27' title="bbox 1916 1468 3578 1542; baseline 0.003 -17"><span class='ocrx_word' id='word_1_183' title='bbox 1916 1486 1984 1525; x_wconf 89' lang='lat' dir='ltr'><strong>ac</strong></span> <span class='ocrx_word' id='word_1_184' title='bbox 2015 1469 2294 1526; x_wconf 81' lang='lat' dir='ltr'><strong>reclusit?</strong></span> <span class='ocrx_word' id='word_1_185' title='bbox 2326 1468 2476 1534; x_wconf 89' lang='lat' dir='ltr'><strong>Quia</strong></span> <span class='ocrx_word' id='word_1_186' title='bbox 2505 1485 2637 1540; x_wconf 63' lang='lat' dir='ltr'><strong>quae</strong></span> <span class='ocrx_word' id='word_1_187' title='bbox 2669 1470 2808 1525; x_wconf 89' lang='lat' dir='ltr'><strong>dicit</strong></span> <span class='ocrx_word' id='word_1_188' title='bbox 2839 1472 3082 1536; x_wconf 83' lang='lat' dir='ltr'><strong>Marcus,</strong></span> <span class='ocrx_word' id='word_1_189' title='bbox 3120 1470 3383 1542; x_wconf 89' lang='lat' dir='ltr'><strong>primum</strong></span> <span class='ocrx_word' id='word_1_190' title='bbox 3418 1471 3578 1530; x_wconf 86' lang='lat' dir='ltr'><strong>facta</strong></span> 
     </span>
    </p>
   </div>
   <div class='ocr_carea' id='block_1_28' title="bbox 194 1557 1805 1644">
    <p class='ocr_par' dir='ltr' id='par_1_28' title="bbox 194 1563 1801 1638">
     <span class='ocr_line' id='line_1_28' title="bbox 194 1563 1801 1638; baseline -0.001 -20"><span class='ocrx_word' id='word_1_191' title='bbox 194 1587 308 1632; x_wconf 85' lang='grc' dir='ltr'>κος,</span> <span class='ocrx_word' id='word_1_192' title='bbox 382 1575 584 1638; x_wconf 84' lang='grc' dir='ltr'>πρῶτον</span> <span class='ocrx_word' id='word_1_193' title='bbox 661 1565 905 1636; x_wconf 72' lang='grc' dir='ltr'>ἐγένοντοο</span> <span class='ocrx_word' id='word_1_194' title='bbox 976 1566 1011 1617; x_wconf 81' lang='grc' dir='ltr'><strong>οἱ</strong></span> <span class='ocrx_word' id='word_1_195' title='bbox 1071 1563 1131 1618; x_wconf 79' lang='grc' dir='ltr'>δέ</span> <span class='ocrx_word' id='word_1_196' title='bbox 1185 1586 1344 1637; x_wconf 87' lang='grc' dir='ltr'>φησιν</span> <span class='ocrx_word' id='word_1_197' title='bbox 1410 1568 1435 1618; x_wconf 85' lang='grc' dir='ltr'><strong><em>ὁ</em></strong></span> <span class='ocrx_word' id='word_1_198' title='bbox 1515 1567 1801 1633; x_wconf 82' lang='grc' dir='ltr'>Ματοαῖος,</span> 
     </span>
    </p>
   </div>
   <div class='ocr_carea' id='block_1_29' title="bbox 1915 1557 3576 1644">
    <p class='ocr_par' dir='ltr' id='par_1_29' title="bbox 1915 1557 3576 1630">
     <span class='ocr_line' id='line_1_29' title="bbox 1915 1557 3576 1630; baseline 0.002 -17"><span class='ocrx_word' id='word_1_199' title='bbox 1915 1559 2146 1613; x_wconf 83' lang='lat' dir='ltr'><strong>fuerant</strong></span> <span class='ocrx_word' id='word_1_200' title='bbox 2187 1575 2200 1612; x_wconf 89' lang='lat'><strong>:</strong></span> <span class='ocrx_word' id='word_1_201' title='bbox 2235 1573 2370 1629; x_wconf 70' lang='lat' dir='ltr'><strong>quae</strong></span> <span class='ocrx_word' id='word_1_202' title='bbox 2401 1563 2602 1613; x_wconf 88' lang='lat' dir='ltr'><strong>autem</strong></span> <span class='ocrx_word' id='word_1_203' title='bbox 2635 1557 2773 1612; x_wconf 90' lang='lat' dir='ltr'><strong>dicit</strong></span> <span class='ocrx_word' id='word_1_204' title='bbox 2808 1559 3135 1622; x_wconf 70' lang='lat' dir='ltr'><strong>Matthaaus,</strong></span> <span class='ocrx_word' id='word_1_205' title='bbox 3177 1560 3576 1630; x_wconf 87' lang='lat' dir='ltr'><strong>postmodum</strong></span> 
     </span>
    </p>
   </div>
   <div class='ocr_carea' id='block_1_30' title="bbox 193 1651 1806 1728">
    <p class='ocr_par' dir='ltr' id='par_1_30' title="bbox 193 1651 1806 1728">
     <span class='ocr_line' id='line_1_30' title="bbox 193 1651 1806 1728; baseline 0 -22"><span class='ocrx_word' id='word_1_206' title='bbox 193 1657 416 1726; x_wconf 72' lang='grc' dir='ltr'>ὕστερον</span> <span class='ocrx_word' id='word_1_207' title='bbox 472 1652 782 1724; x_wconf 73' lang='grc' dir='ltr'>ἐπεγένοντο.</span> <span class='ocrx_word' id='word_1_208' title='bbox 868 1661 1078 1726; x_wconf 86' lang='grc' dir='ltr'>Πρῶτον</span> <span class='ocrx_word' id='word_1_209' title='bbox 1129 1657 1231 1728; x_wconf 87' lang='grc' dir='ltr'><strong>γὰρ</strong></span> <span class='ocrx_word' id='word_1_210' title='bbox 1318 1657 1347 1712; x_wconf 82' lang='grc' dir='ltr'><strong>ή</strong></span> <span class='ocrx_word' id='word_1_211' title='bbox 1409 1659 1498 1726; x_wconf 74' lang='grc' dir='ltr'><strong>μεν</strong></span> <span class='ocrx_word' id='word_1_212' title='bbox 1550 1651 1806 1728; x_wconf 76' lang='grc' dir='ltr'><strong>Ἡρωδιὰς</strong></span> 
     </span>
    </p>
   </div>
   <div class='ocr_carea' id='block_1_31' title="bbox 197 1742 1799 1814">
    <p class='ocr_par' dir='ltr' id='par_1_31' title="bbox 197 1742 1799 1814">
     <span class='ocr_line' id='line_1_31' title="bbox 197 1742 1799 1814; baseline 0.002 -20"><span class='ocrx_word' id='word_1_213' title='bbox 197 1743 514 1814; x_wconf 77' lang='grc' dir='ltr'>ἐχαλέπαινε</span> <span class='ocrx_word' id='word_1_214' title='bbox 579 1750 650 1812; x_wconf 85' lang='grc' dir='ltr'>τῷ</span> <span class='ocrx_word' id='word_1_215' title='bbox 725 1742 958 1814; x_wconf 77' lang='grc' dir='ltr'>Ἰωάννη,</span> <span class='ocrx_word' id='word_1_216' title='bbox 1009 1748 1097 1794; x_wconf 80' lang='grc' dir='ltr'><strong>καὶ</strong></span> <span class='ocrx_word' id='word_1_217' title='bbox 1155 1742 1328 1800; x_wconf 83' lang='grc' dir='ltr'>ήθελεν</span> <span class='ocrx_word' id='word_1_218' title='bbox 1395 1743 1580 1795; x_wconf 80' lang='grc' dir='ltr'>ἀνελεῖν</span> <span class='ocrx_word' id='word_1_219' title='bbox 1626 1745 1799 1797; x_wconf 69' lang='grc' dir='ltr'>αὐτὸν.</span> 
     </span>
    </p>
   </div>
   <div class='ocr_carea' id='block_1_32' title="bbox 197 1827 1803 1906">
    <p class='ocr_par' dir='ltr' id='par_1_32' title="bbox 197 1827 1803 1906">
     <span class='ocr_line' id='line_1_32' title="bbox 197 1827 1803 1906; baseline 0 -23"><span class='ocrx_word' id='word_1_220' title='bbox 197 1835 218 1883; x_wconf 84' lang='grc' dir='ltr'><strong>ό</strong></span> <span class='ocrx_word' id='word_1_221' title='bbox 269 1829 333 1883; x_wconf 66' lang='grc' dir='ltr'><strong>δε</strong></span> <span class='ocrx_word' id='word_1_222' title='bbox 374 1827 620 1904; x_wconf 82' lang='grc' dir='ltr'>Ἡρώδης</span> <span class='ocrx_word' id='word_1_223' title='bbox 669 1830 728 1882; x_wconf 77' lang='grc' dir='ltr'>οὗ</span> <span class='ocrx_word' id='word_1_224' title='bbox 789 1836 1105 1906; x_wconf 85' lang='grc' dir='ltr'>παρεχώρει,</span> <span class='ocrx_word' id='word_1_225' title='bbox 1179 1838 1446 1902; x_wconf 75' lang='grc' dir='ltr'>γινώσκων</span> <span class='ocrx_word' id='word_1_226' title='bbox 1495 1832 1650 1884; x_wconf 75' lang='grc' dir='ltr'>αὐτόν</span> <span class='ocrx_word' id='word_1_227' title='bbox 1719 1828 1803 1884; x_wconf 79' lang='grc' dir='ltr'>δί-</span> 
     </span>
    </p>
   </div>
   <div class='ocr_carea' id='block_1_33' title="bbox 195 1915 1800 1994">
    <p class='ocr_par' dir='ltr' id='par_1_33' title="bbox 195 1915 1800 1994">
     <span class='ocr_line' id='line_1_33' title="bbox 195 1915 1800 1994; baseline 0.001 -25"><span class='ocrx_word' id='word_1_228' title='bbox 195 1939 344 1971; x_wconf 75' lang='grc' dir='ltr'>καιον</span> <span class='ocrx_word' id='word_1_229' title='bbox 394 1923 489 1970; x_wconf 89' lang='lat' dir='ltr'><strong>xui</strong></span> <span class='ocrx_word' id='word_1_230' title='bbox 531 1919 698 1988; x_wconf 82' lang='grc' dir='ltr'>άγιον·</span> <span class='ocrx_word' id='word_1_231' title='bbox 750 1915 844 1971; x_wconf 79' lang='grc' dir='ltr'><strong>διὰ</strong></span> <span class='ocrx_word' id='word_1_232' title='bbox 889 1927 1042 1971; x_wconf 78' lang='grc' dir='ltr'>τοῦτο</span> <span class='ocrx_word' id='word_1_233' title='bbox 1088 1922 1190 1994; x_wconf 81' lang='grc' dir='ltr'>γὰρ</span> <span class='ocrx_word' id='word_1_234' title='bbox 1236 1925 1326 1971; x_wconf 88' lang='lat' dir='ltr'><strong>xui</strong></span> <span class='ocrx_word' id='word_1_235' title='bbox 1379 1919 1576 1972; x_wconf 79' lang='grc' dir='ltr'>ἀκούων</span> <span class='ocrx_word' id='word_1_236' title='bbox 1621 1921 1800 1985; x_wconf 70' lang='grc' dir='ltr'>αὑτοῦ,</span> 
     </span>
    </p>
   </div>
   <div class='ocr_carea' id='block_1_34' title="bbox 199 2004 1804 2073">
    <p class='ocr_par' dir='ltr' id='par_1_34' title="bbox 199 2004 1804 2073">
     <span class='ocr_line' id='line_1_34' title="bbox 199 2004 1804 2073; baseline 0 -14"><span class='ocrx_word' id='word_1_237' title='bbox 199 2008 363 2059; x_wconf 77' lang='grc' dir='ltr'>πολλά</span> <span class='ocrx_word' id='word_1_238' title='bbox 423 2005 606 2073; x_wconf 77' lang='grc' dir='ltr'>ἐποίει,</span> <span class='ocrx_word' id='word_1_239' title='bbox 671 2013 759 2058; x_wconf 83' lang='grc' dir='ltr'><strong>καὶ</strong></span> <span class='ocrx_word' id='word_1_240' title='bbox 829 2004 994 2067; x_wconf 76' lang='grc' dir='ltr'>ἡδέως</span> <span class='ocrx_word' id='word_1_241' title='bbox 1050 2006 1210 2059; x_wconf 74' lang='grc' dir='ltr'>αάτοῡ</span> <span class='ocrx_word' id='word_1_242' title='bbox 1272 2010 1473 2065; x_wconf 80' lang='grc' dir='ltr'>ήκουεν.</span> <span class='ocrx_word' id='word_1_243' title='bbox 1551 2008 1689 2060; x_wconf 85' lang='grc' dir='ltr'>Ἐπεὶ</span> <span class='ocrx_word' id='word_1_244' title='bbox 1746 2005 1804 2060; x_wconf 79' lang='grc' dir='ltr'><strong>δε</strong></span> 
     </span>
    </p>
   </div>
   <div class='ocr_carea' id='block_1_35' title="bbox 196 2092 1799 2168">
    <p class='ocr_par' dir='ltr' id='par_1_35' title="bbox 196 2092 1799 2168">
     <span class='ocr_line' id='line_1_35' title="bbox 196 2092 1799 2168; baseline -0.001 -21"><span class='ocrx_word' id='word_1_245' title='bbox 196 2097 444 2161; x_wconf 80' lang='grc' dir='ltr'>ἐνέκειτο,</span> <span class='ocrx_word' id='word_1_246' title='bbox 522 2092 762 2166; x_wconf 79' lang='grc' dir='ltr'>σφοδρῶς</span> <span class='ocrx_word' id='word_1_247' title='bbox 829 2095 1055 2166; x_wconf 74' lang='grc' dir='ltr'>ἐλέγχων</span> <span class='ocrx_word' id='word_1_248' title='bbox 1126 2096 1278 2147; x_wconf 78' lang='grc' dir='ltr'>αὐτόν</span> <span class='ocrx_word' id='word_1_249' title='bbox 1353 2102 1442 2147; x_wconf 86' lang='lat' dir='ltr'><strong>xui</strong></span> <span class='ocrx_word' id='word_1_250' title='bbox 1515 2093 1799 2168; x_wconf 80' lang='grc' dir='ltr'>διασύρων,</span> 
     </span>
    </p>
   </div>
   <div class='ocr_carea' id='block_1_36' title="bbox 193 2183 1804 2257">
    <p class='ocr_par' dir='ltr' id='par_1_36' title="bbox 193 2183 1804 2257">
     <span class='ocr_line' id='line_1_36' title="bbox 193 2183 1804 2257; baseline -0.002 -20"><span class='ocrx_word' id='word_1_251' title='bbox 193 2185 396 2250; x_wconf 72' lang='grc' dir='ltr'>λοιπὸν,</span> <span class='ocrx_word' id='word_1_252' title='bbox 459 2192 611 2236; x_wconf 73' lang='grc' dir='ltr'>τοῦτο</span> <span class='ocrx_word' id='word_1_253' title='bbox 667 2188 758 2255; x_wconf 72' lang='grc' dir='ltr'><strong>μεν</strong></span> <span class='ocrx_word' id='word_1_254' title='bbox 815 2183 1103 2244; x_wconf 80' lang='grc' dir='ltr'>ἐκνικηθεὶς</span> <span class='ocrx_word' id='word_1_255' title='bbox 1158 2186 1258 2236; x_wconf 75' lang='grc' dir='ltr'><strong>ὑπὸ</strong></span> <span class='ocrx_word' id='word_1_256' title='bbox 1310 2193 1398 2244; x_wconf 88' lang='grc' dir='ltr'>τῆς</span> <span class='ocrx_word' id='word_1_257' title='bbox 1427 2184 1589 2244; x_wconf 78' lang='grc' dir='ltr'>λύπης</span> <span class='ocrx_word' id='word_1_258' title='bbox 1644 2185 1804 2257; x_wconf 77' lang='grc' dir='ltr'>Ἠρώ-</span> 
     </span>
    </p>
   </div>
   <div class='ocr_carea' id='block_1_37' title="bbox 193 2269 1802 2345">
    <p class='ocr_par' dir='ltr' id='par_1_37' title="bbox 193 2269 1802 2345">
     <span class='ocr_line' id='line_1_37' title="bbox 193 2269 1802 2345; baseline -0.001 -19"><span class='ocrx_word' id='word_1_259' title='bbox 193 2271 317 2338; x_wconf 76' lang='grc' dir='ltr'>δης,</span> <span class='ocrx_word' id='word_1_260' title='bbox 390 2281 548 2324; x_wconf 79' lang='grc' dir='ltr'>τοῦτο</span> <span class='ocrx_word' id='word_1_261' title='bbox 617 2269 675 2324; x_wconf 79' lang='grc' dir='ltr'><strong>δε</strong></span> <span class='ocrx_word' id='word_1_262' title='bbox 714 2277 803 2324; x_wconf 93' lang='lat' dir='ltr'><strong>xui</strong></span> <span class='ocrx_word' id='word_1_263' title='bbox 876 2275 1017 2345; x_wconf 87' lang='grc' dir='ltr'><strong>παρά</strong></span> <span class='ocrx_word' id='word_1_264' title='bbox 1081 2282 1172 2332; x_wconf 84' lang='grc' dir='ltr'>τῆς</span> <span class='ocrx_word' id='word_1_265' title='bbox 1249 2269 1576 2345; x_wconf 78' lang='grc' dir='ltr'>Ἡρωδιάδος</span> <span class='ocrx_word' id='word_1_266' title='bbox 1635 2271 1802 2325; x_wconf 75' lang='grc' dir='ltr'>ἐκϐια-</span> 
     </span>
    </p>
   </div>
   <div class='ocr_carea' id='block_1_38' title="bbox 192 2358 1800 2435">
    <p class='ocr_par' dir='ltr' id='par_1_38' title="bbox 192 2358 1800 2435">
     <span class='ocr_line' id='line_1_38' title="bbox 192 2358 1800 2435; baseline -0.001 -20"><span class='ocrx_word' id='word_1_267' title='bbox 192 2365 362 2430; x_wconf 72' lang='grc' dir='ltr'>σθεὶς,</span> <span class='ocrx_word' id='word_1_268' title='bbox 445 2360 686 2433; x_wconf 75' lang='grc' dir='ltr'>μετέϐαλε</span> <span class='ocrx_word' id='word_1_269' title='bbox 757 2366 850 2418; x_wconf 85' lang='grc' dir='ltr'><strong>τήν</strong></span> <span class='ocrx_word' id='word_1_270' title='bbox 917 2358 1053 2413; x_wconf 85' lang='grc' dir='ltr'>αἰδῶ</span> <span class='ocrx_word' id='word_1_271' title='bbox 1127 2365 1253 2435; x_wconf 77' lang='grc' dir='ltr'>πρὸς</span> <span class='ocrx_word' id='word_1_272' title='bbox 1319 2361 1499 2434; x_wconf 84' lang='grc' dir='ltr'>ὀργήν,</span> <span class='ocrx_word' id='word_1_273' title='bbox 1570 2368 1659 2414; x_wconf 82' lang='grc' dir='ltr'><strong>καὶ</strong></span> <span class='ocrx_word' id='word_1_274' title='bbox 1733 2367 1800 2434; x_wconf 80' lang='grc' dir='ltr'><strong>μή</strong></span> 
     </span>
    </p>
   </div>
   <div class='ocr_carea' id='block_1_39' title="bbox 191 2447 1475 2520">
    <p class='ocr_par' dir='ltr' id='par_1_39' title="bbox 191 2447 1475 2520">
     <span class='ocr_line' id='line_1_39' title="bbox 191 2447 1475 2520; baseline -0.001 -19"><span class='ocrx_word' id='word_1_275' title='bbox 191 2455 492 2520; x_wconf 81' lang='grc' dir='ltr'>παυόμενον</span> <span class='ocrx_word' id='word_1_276' title='bbox 569 2447 716 2515; x_wconf 85' lang='grc' dir='ltr'>ὅλως,</span> <span class='ocrx_word' id='word_1_277' title='bbox 792 2449 966 2507; x_wconf 78' lang='grc' dir='ltr'>ἤθελεν</span> <span class='ocrx_word' id='word_1_278' title='bbox 1055 2449 1208 2501; x_wconf 77' lang='grc' dir='ltr'>αὐτὸν</span> <span class='ocrx_word' id='word_1_279' title='bbox 1270 2447 1475 2502; x_wconf 80' lang='grc' dir='ltr'>ἀνελεῖν·</span> 
     </span>
    </p>
   </div>
   <div class='ocr_carea' id='block_1_40' title="bbox 1564 2449 1802 2522">
    <p class='ocr_par' dir='ltr' id='par_1_40' title="bbox 1564 2449 1802 2522">
     <span class='ocr_line' id='line_1_40' title="bbox 1564 2449 1802 2522; baseline 0 -20"><span class='ocrx_word' id='word_1_280' title='bbox 1564 2449 1802 2522; x_wconf 83' lang='grc' dir='ltr'>φοϐηθεὶς</span> 
     </span>
    </p>
   </div>
   <div class='ocr_carea' id='block_1_41' title="bbox 191 2533 1801 2610">
    <p class='ocr_par' dir='ltr' id='par_1_41' title="bbox 191 2533 1801 2610">
     <span class='ocr_line' id='line_1_41' title="bbox 191 2533 1801 2610; baseline -0.001 -19"><span class='ocrx_word' id='word_1_281' title='bbox 191 2537 246 2592; x_wconf 69' lang='grc' dir='ltr'>δὲ</span> <span class='ocrx_word' id='word_1_282' title='bbox 301 2543 395 2590; x_wconf 82' lang='grc' dir='ltr'><strong>τόν</strong></span> <span class='ocrx_word' id='word_1_283' title='bbox 455 2536 632 2608; x_wconf 75' lang='grc' dir='ltr'>ὄχλον,</span> <span class='ocrx_word' id='word_1_284' title='bbox 695 2533 856 2594; x_wconf 83' lang='grc' dir='ltr'>ἔδησε</span> <span class='ocrx_word' id='word_1_285' title='bbox 927 2541 1016 2607; x_wconf 75' lang='grc' dir='ltr'><strong>μεν</strong></span> <span class='ocrx_word' id='word_1_286' title='bbox 1070 2538 1222 2589; x_wconf 77' lang='grc' dir='ltr'>αὐτόν</span> <span class='ocrx_word' id='word_1_287' title='bbox 1288 2536 1622 2610; x_wconf 87' lang='grc' dir='ltr'>ἀμυνόμενος,</span> <span class='ocrx_word' id='word_1_288' title='bbox 1683 2538 1801 2591; x_wconf 82' lang='grc' dir='ltr'>ἀπέ-</span> 
     </span>
    </p>
   </div>
   <div class='ocr_carea' id='block_1_42' title="bbox 189 2623 1798 2699">
    <p class='ocr_par' dir='ltr' id='par_1_42' title="bbox 189 2623 1798 2699">
     <span class='ocr_line' id='line_1_42' title="bbox 189 2623 1798 2699; baseline 0 -21"><span class='ocrx_word' id='word_1_289' title='bbox 189 2627 369 2679; x_wconf 72' lang='grc' dir='ltr'>κλεισε</span> <span class='ocrx_word' id='word_1_290' title='bbox 436 2624 516 2691; x_wconf 78' lang='grc' dir='ltr'>δὲ,</span> <span class='ocrx_word' id='word_1_291' title='bbox 576 2628 658 2676; x_wconf 84' lang='grc' dir='ltr'>ἶνα</span> <span class='ocrx_word' id='word_1_292' title='bbox 721 2630 792 2698; x_wconf 84' lang='grc' dir='ltr'><strong>μή</strong></span> <span class='ocrx_word' id='word_1_293' title='bbox 859 2631 1251 2699; x_wconf 76' lang='grc' dir='ltr'>περιερχόμενος</span> <span class='ocrx_word' id='word_1_294' title='bbox 1319 2623 1547 2698; x_wconf 78' lang='grc' dir='ltr'>κωμῳδῇ</span> <span class='ocrx_word' id='word_1_295' title='bbox 1624 2628 1798 2686; x_wconf 70' lang='grc' dir='ltr'>αὐτόν,</span> 
     </span>
    </p>
   </div>
   <div class='ocr_carea' id='block_1_43' title="bbox 192 2711 1874 2789">
    <p class='ocr_par' dir='ltr' id='par_1_43' title="bbox 192 2711 1874 2789">
     <span class='ocr_line' id='line_1_43' title="bbox 192 2711 1874 2789; baseline 0 -22"><span class='ocrx_word' id='word_1_296' title='bbox 192 2714 459 2786; x_wconf 84' lang='grc' dir='ltr'>Ἐπετίμα</span> <span class='ocrx_word' id='word_1_297' title='bbox 525 2711 583 2766; x_wconf 69' lang='grc' dir='ltr'>δὲ</span> <span class='ocrx_word' id='word_1_298' title='bbox 679 2713 818 2783; x_wconf 68' lang='grc' dir='ltr'>αὐτῷ</span> <span class='ocrx_word' id='word_1_299' title='bbox 908 2715 933 2764; x_wconf 79' lang='grc' dir='ltr'><strong><em>ὁ</em></strong></span> <span class='ocrx_word' id='word_1_300' title='bbox 1002 2713 1262 2783; x_wconf 86' lang='grc' dir='ltr'>Ἰωάννης,</span> <span class='ocrx_word' id='word_1_301' title='bbox 1338 2717 1406 2775; x_wconf 85' lang='grc' dir='ltr'>ὡς</span> <span class='ocrx_word' id='word_1_302' title='bbox 1496 2719 1874 2789; x_wconf 84' lang='grc' dir='ltr'>παρανόμωςο</span> 
     </span>
    </p>
   </div>
   <div class='ocr_carea' id='block_1_44' title="bbox 192 2798 1802 2874">
    <p class='ocr_par' dir='ltr' id='par_1_44' title="bbox 192 2798 1802 2874">
     <span class='ocr_line' id='line_1_44' title="bbox 192 2798 1802 2874; baseline 0.002 -21"><span class='ocrx_word' id='word_1_303' title='bbox 192 2805 377 2872; x_wconf 78' lang='grc' dir='ltr'>ἔχοντι</span> <span class='ocrx_word' id='word_1_304' title='bbox 427 2806 523 2859; x_wconf 87' lang='grc' dir='ltr'><strong>τήν</strong></span> <span class='ocrx_word' id='word_1_305' title='bbox 575 2809 796 2872; x_wconf 82' lang='grc' dir='ltr'>γυναῖκα</span> <span class='ocrx_word' id='word_1_306' title='bbox 845 2809 938 2854; x_wconf 81' lang='grc' dir='ltr'>τοῦ</span> <span class='ocrx_word' id='word_1_307' title='bbox 993 2798 1221 2874; x_wconf 67' lang='grc' dir='ltr'>ἀδελφοῦ</span> <span class='ocrx_word' id='word_1_308' title='bbox 1273 2803 1455 2872; x_wconf 75' lang='grc' dir='ltr'>αὐτοῦ,</span> <span class='ocrx_word' id='word_1_309' title='bbox 1504 2807 1640 2856; x_wconf 83' lang='grc' dir='ltr'>κατά</span> <span class='ocrx_word' id='word_1_310' title='bbox 1704 2801 1802 2857; x_wconf 83' lang='grc' dir='ltr'>δύο</span> 
     </span>
    </p>
   </div>
   <div class='ocr_carea' id='block_1_45' title="bbox 196 2889 1800 2964">
    <p class='ocr_par' dir='ltr' id='par_1_45' title="bbox 196 2889 1800 2964">
     <span class='ocr_line' id='line_1_45' title="bbox 196 2889 1800 2964; baseline 0.002 -22"><span class='ocrx_word' id='word_1_311' title='bbox 196 2893 394 2951; x_wconf 68' lang='grc' dir='ltr'>αἰτίας*</span> <span class='ocrx_word' id='word_1_312' title='bbox 453 2898 656 2962; x_wconf 82' lang='grc' dir='ltr'>πρῶτον</span> <span class='ocrx_word' id='word_1_313' title='bbox 703 2893 812 2963; x_wconf 74' lang='grc' dir='ltr'>μεν,</span> <span class='ocrx_word' id='word_1_314' title='bbox 860 2893 940 2942; x_wconf 84' lang='grc' dir='ltr'>ὅτι</span> <span class='ocrx_word' id='word_1_315' title='bbox 995 2891 1182 2952; x_wconf 82' lang='grc' dir='ltr'>ζῶντος</span> <span class='ocrx_word' id='word_1_316' title='bbox 1233 2900 1324 2943; x_wconf 82' lang='grc' dir='ltr'>τοῦ</span> <span class='ocrx_word' id='word_1_317' title='bbox 1367 2889 1591 2964; x_wconf 76' lang='grc' dir='ltr'>ἀδελφόν</span> <span class='ocrx_word' id='word_1_318' title='bbox 1642 2893 1800 2946; x_wconf 73' lang='grc' dir='ltr'>αὐτοῦ</span> 
     </span>
    </p>
   </div>
   <div class='ocr_carea' id='block_1_46' title="bbox 195 2976 1801 3050">
    <p class='ocr_par' dir='ltr' id='par_1_46' title="bbox 195 2976 1801 3050">
     <span class='ocr_line' id='line_1_46' title="bbox 195 2976 1801 3050; baseline 0.001 -20"><span class='ocrx_word' id='word_1_319' title='bbox 195 2978 394 3050; x_wconf 67' lang='grc' dir='ltr'>βιαίως</span> <span class='ocrx_word' id='word_1_320' title='bbox 468 2976 694 3049; x_wconf 76' lang='grc' dir='ltr'>ἀφείλετο</span> <span class='ocrx_word' id='word_1_321' title='bbox 755 2984 844 3031; x_wconf 82' lang='grc' dir='ltr'><strong>καὶ</strong></span> <span class='ocrx_word' id='word_1_322' title='bbox 905 2983 998 3038; x_wconf 86' lang='grc' dir='ltr'><strong>τήν</strong></span> <span class='ocrx_word' id='word_1_323' title='bbox 1051 2987 1275 3050; x_wconf 81' lang='grc' dir='ltr'>γυναῖκα</span> <span class='ocrx_word' id='word_1_324' title='bbox 1339 2980 1498 3032; x_wconf 79' lang='grc' dir='ltr'>αὑτοῦ</span> <span class='ocrx_word' id='word_1_325' title='bbox 1557 2987 1642 3033; x_wconf 74' lang='lat' dir='ltr'><strong>xui</strong></span> <span class='ocrx_word' id='word_1_326' title='bbox 1709 2987 1801 3039; x_wconf 82' lang='grc' dir='ltr'><strong>τήν</strong></span> 
     </span>
    </p>
   </div>
   <div class='ocr_carea' id='block_1_47' title="bbox 193 3066 1801 3142">
    <p class='ocr_par' dir='ltr' id='par_1_47' title="bbox 193 3066 1801 3142">
     <span class='ocr_line' id='line_1_47' title="bbox 193 3066 1801 3142; baseline 0.002 -24"><span class='ocrx_word' id='word_1_327' title='bbox 193 3069 539 3140; x_wconf 79' lang='grc' dir='ltr'>τετραρχίανο</span> <span class='ocrx_word' id='word_1_328' title='bbox 610 3066 802 3133; x_wconf 70' lang='grc' dir='ltr'>ἔπειτα,</span> <span class='ocrx_word' id='word_1_329' title='bbox 854 3069 934 3120; x_wconf 82' lang='grc' dir='ltr'>ὅτε</span> <span class='ocrx_word' id='word_1_330' title='bbox 987 3072 1070 3119; x_wconf 83' lang='lat' dir='ltr'><strong>xui</strong></span> <span class='ocrx_word' id='word_1_331' title='bbox 1127 3071 1386 3142; x_wconf 66' lang='grc' dir='ltr'>Θυγατξρα</span> <span class='ocrx_word' id='word_1_332' title='bbox 1451 3069 1680 3140; x_wconf 70' lang='grc' dir='ltr'>ἔχουσαν</span> <span class='ocrx_word' id='word_1_333' title='bbox 1747 3069 1801 3133; x_wconf 83' lang='grc' dir='ltr'><strong>ἐζ</strong></span> 
     </span>
    </p>
   </div>
   <div class='ocr_carea' id='block_1_48' title="bbox 195 3156 1797 3232">
    <p class='ocr_par' dir='ltr' id='par_1_48' title="bbox 195 3156 1797 3232">
     <span class='ocr_line' id='line_1_48' title="bbox 195 3156 1797 3232; baseline 0.002 -25"><span class='ocrx_word' id='word_1_334' title='bbox 195 3156 417 3222; x_wconf 67' lang='grc' dir='ltr'>ἐκείνου,</span> <span class='ocrx_word' id='word_1_335' title='bbox 489 3158 683 3213; x_wconf 72' lang='grc' dir='ltr'>ταύτην</span> <span class='ocrx_word' id='word_1_336' title='bbox 767 3156 970 3228; x_wconf 81' lang='grc' dir='ltr'>ἐγημεν,</span> <span class='ocrx_word' id='word_1_337' title='bbox 1051 3157 1085 3207; x_wconf 83' lang='grc' dir='ltr'><strong>ά</strong></span> <span class='ocrx_word' id='word_1_338' title='bbox 1149 3162 1237 3208; x_wconf 82' lang='grc' dir='ltr'><strong>καὶ</strong></span> <span class='ocrx_word' id='word_1_339' title='bbox 1297 3159 1446 3229; x_wconf 65' lang='grc' dir='ltr'>οἰμφω</span> <span class='ocrx_word' id='word_1_340' title='bbox 1502 3161 1797 3232; x_wconf 85' lang='grc' dir='ltr'>παράνομα.</span> 
     </span>
    </p>
   </div>
   <div class='ocr_carea' id='block_1_49' title="bbox 199 3244 1802 3317">
    <p class='ocr_par' dir='ltr' id='par_1_49' title="bbox 199 3244 1802 3317">
     <span class='ocr_line' id='line_1_49' title="bbox 199 3244 1802 3317; baseline 0 -20"><span class='ocrx_word' id='word_1_341' title='bbox 199 3253 293 3298; x_wconf 74' lang='grc' dir='ltr'><strong>Καὶ</strong></span> <span class='ocrx_word' id='word_1_342' title='bbox 343 3249 448 3316; x_wconf 78' lang='grc' dir='ltr'>γὰρ</span> <span class='ocrx_word' id='word_1_343' title='bbox 501 3247 527 3294; x_wconf 85' lang='grc' dir='ltr'><em>ὸ</em></span> <span class='ocrx_word' id='word_1_344' title='bbox 589 3251 744 3316; x_wconf 87' lang='grc' dir='ltr'>νόμος</span> <span class='ocrx_word' id='word_1_345' title='bbox 806 3244 996 3298; x_wconf 78' lang='grc' dir='ltr'>ἐκέλευε</span> <span class='ocrx_word' id='word_1_346' title='bbox 1059 3249 1148 3317; x_wconf 78' lang='grc' dir='ltr'><strong>μεν</strong></span> <span class='ocrx_word' id='word_1_347' title='bbox 1209 3255 1376 3317; x_wconf 81' lang='grc' dir='ltr'>γῆμαι</span> <span class='ocrx_word' id='word_1_348' title='bbox 1438 3251 1525 3303; x_wconf 80' lang='grc' dir='ltr'><strong>τήν</strong></span> <span class='ocrx_word' id='word_1_349' title='bbox 1577 3254 1802 3316; x_wconf 81' lang='grc' dir='ltr'>γυναῖκα</span> 
     </span>
    </p>
   </div>
   <div class='ocr_carea' id='block_1_50' title="bbox 195 3331 1800 3405">
    <p class='ocr_par' dir='ltr' id='par_1_50' title="bbox 195 3331 1800 3405">
     <span class='ocr_line' id='line_1_50' title="bbox 195 3331 1800 3405; baseline -0.001 -19"><span class='ocrx_word' id='word_1_350' title='bbox 195 3345 281 3387; x_wconf 66' lang='grc' dir='ltr'>τοῦ</span> <span class='ocrx_word' id='word_1_351' title='bbox 346 3331 596 3405; x_wconf 75' lang='grc' dir='ltr'>ἀδελφοῦ,</span> <span class='ocrx_word' id='word_1_352' title='bbox 666 3332 769 3385; x_wconf 84' lang='grc' dir='ltr'>ἀλλ’</span> <span class='ocrx_word' id='word_1_353' title='bbox 834 3335 927 3386; x_wconf 75' lang='grc' dir='ltr'><strong>οὐκ</strong></span> <span class='ocrx_word' id='word_1_354' title='bbox 988 3338 1065 3386; x_wconf 80' lang='grc' dir='ltr'>ἔτι</span> <span class='ocrx_word' id='word_1_355' title='bbox 1126 3336 1335 3400; x_wconf 77' lang='grc' dir='ltr'>ζῶντος,</span> <span class='ocrx_word' id='word_1_356' title='bbox 1403 3332 1526 3387; x_wconf 64' lang='grc' dir='ltr'>οὐδε</span> <span class='ocrx_word' id='word_1_357' title='bbox 1587 3333 1800 3387; x_wconf 86' lang='grc' dir='ltr'>παιδίον</span> 
     </span>
    </p>
   </div>
   <div class='ocr_carea' id='block_1_51' title="bbox 196 3431 455 3496">
    <p class='ocr_par' dir='ltr' id='par_1_51' title="bbox 196 3431 455 3496">
     <span class='ocr_line' id='line_1_51' title="bbox 196 3431 455 3496; baseline 0.004 -20"><span class='ocrx_word' id='word_1_358' title='bbox 196 3431 321 3496; x_wconf 78' lang='grc' dir='ltr'>ἔχου</span> <span class='ocrx_word' id='word_1_359' title='bbox 331 3444 455 3477; x_wconf 85' lang='grc' dir='ltr'>σαν.</span> 
     </span>
    </p>
   </div>
   <div class='ocr_carea' id='block_1_52' title="bbox 263 3544 1800 3620">
    <p class='ocr_par' dir='ltr' id='par_1_52' title="bbox 263 3544 1800 3620">
     <span class='ocr_line' id='line_1_52' title="bbox 263 3544 1800 3620; baseline 0.001 -19"><span class='ocrx_word' id='word_1_360' title='bbox 263 3553 520 3601; x_wconf 86' lang='grc' dir='ltr'>Γενεσίων</span> <span class='ocrx_word' id='word_1_361' title='bbox 611 3544 669 3600; x_wconf 72' lang='grc' dir='ltr'><strong>δε</strong></span> <span class='ocrx_word' id='word_1_362' title='bbox 735 3546 993 3620; x_wconf 75' lang='grc' dir='ltr'>ἀγομένων</span> <span class='ocrx_word' id='word_1_363' title='bbox 1084 3581 1153 3589; x_wconf 90' lang='lat'><strong>—</strong></span> <span class='ocrx_word' id='word_1_364' title='bbox 1237 3549 1541 3608; x_wconf 84' lang='grc' dir='ltr'>αἰτήσηται.</span> <span class='ocrx_word' id='word_1_365' title='bbox 1610 3549 1668 3601; x_wconf 81' lang='grc' dir='ltr'><strong>Ὀ</strong></span> <span class='ocrx_word' id='word_1_366' title='bbox 1742 3546 1800 3602; x_wconf 78' lang='grc' dir='ltr'><strong>δε</strong></span> 
     </span>
    </p>
   </div>
   <div class='ocr_carea' id='block_1_53' title="bbox 197 3637 1799 3712">
    <p class='ocr_par' dir='ltr' id='par_1_53' title="bbox 197 3637 1799 3712">
     <span class='ocr_line' id='line_1_53' title="bbox 197 3637 1799 3712; baseline 0 -23"><span class='ocrx_word' id='word_1_367' title='bbox 197 3642 409 3712; x_wconf 71' lang='grc' dir='ltr'>Μάρκος</span> <span class='ocrx_word' id='word_1_368' title='bbox 440 3642 592 3709; x_wconf 81' lang='grc' dir='ltr'>φησὶ,</span> <span class='ocrx_word' id='word_1_369' title='bbox 629 3639 732 3692; x_wconf 84' lang='grc' dir='ltr'><strong>Καὶ</strong></span> <span class='ocrx_word' id='word_1_370' title='bbox 779 3637 1106 3709; x_wconf 79' lang='grc' dir='ltr'>ὡμολόγησεν</span> <span class='ocrx_word' id='word_1_371' title='bbox 1153 3640 1265 3710; x_wconf 82' lang='grc'><strong>(51)</strong></span> <span class='ocrx_word' id='word_1_372' title='bbox 1313 3639 1467 3712; x_wconf 68' lang='grc' dir='ltr'>αὐτῇ,</span> <span class='ocrx_word' id='word_1_373' title='bbox 1503 3641 1582 3691; x_wconf 86' lang='grc' dir='ltr'>ὅτι</span> <span class='ocrx_word' id='word_1_374' title='bbox 1609 3637 1675 3690; x_wconf 77' lang='grc' dir='ltr'>Ὀ</span> <span class='ocrx_word' id='word_1_375' title='bbox 1715 3639 1799 3690; x_wconf 82' lang='grc' dir='ltr'>ἐάν</span> 
     </span>
    </p>
   </div>
   <div class='ocr_carea' id='block_1_54' title="bbox 198 3723 1801 3801">
    <p class='ocr_par' dir='ltr' id='par_1_54' title="bbox 198 3723 1801 3801">
     <span class='ocr_line' id='line_1_54' title="bbox 198 3723 1801 3801; baseline 0.001 -22"><span class='ocrx_word' id='word_1_376' title='bbox 198 3748 252 3798; x_wconf 73' lang='grc' dir='ltr'><strong>με</strong></span> <span class='ocrx_word' id='word_1_377' title='bbox 312 3728 567 3797; x_wconf 70' lang='grc' dir='ltr'>αἰτήσῃς,</span> <span class='ocrx_word' id='word_1_378' title='bbox 618 3723 796 3794; x_wconf 73' lang='grc' dir='ltr'>δώσω,</span> <span class='ocrx_word' id='word_1_379' title='bbox 849 3747 934 3778; x_wconf 86' lang='grc' dir='ltr'><strong>σοι</strong></span> <span class='ocrx_word' id='word_1_380' title='bbox 979 3728 1072 3788; x_wconf 78' lang='grc' dir='ltr'>ἕως</span> <span class='ocrx_word' id='word_1_381' title='bbox 1115 3729 1342 3799; x_wconf 78' lang='grc' dir='ltr'>ἡμίσους</span> <span class='ocrx_word' id='word_1_382' title='bbox 1392 3737 1483 3789; x_wconf 85' lang='grc' dir='ltr'>τῆς</span> <span class='ocrx_word' id='word_1_383' title='bbox 1527 3727 1801 3801; x_wconf 81' lang='grc' dir='ltr'>βασιλείας</span> 
     </span>
    </p>
   </div>
   <div class='ocr_carea' id='block_1_55' title="bbox 1914 1646 3574 1717">
    <p class='ocr_par' dir='ltr' id='par_1_55' title="bbox 1914 1646 3574 1717">
     <span class='ocr_line' id='line_1_55' title="bbox 1914 1646 3574 1717; baseline 0.002 -15"><span class='ocrx_word' id='word_1_384' title='bbox 1914 1646 2068 1702; x_wconf 86' lang='lat' dir='ltr'><strong>facta</strong></span> <span class='ocrx_word' id='word_1_385' title='bbox 2133 1650 2289 1700; x_wconf 91' lang='lat' dir='ltr'><strong>sunt.</strong></span> <span class='ocrx_word' id='word_1_386' title='bbox 2359 1648 2618 1701; x_wconf 83' lang='lat' dir='ltr'><strong>Primum</strong></span> <span class='ocrx_word' id='word_1_387' title='bbox 2686 1646 2845 1700; x_wconf 88' lang='lat' dir='ltr'><strong>enim</strong></span> <span class='ocrx_word' id='word_1_388' title='bbox 2915 1647 3196 1703; x_wconf 85' lang='lat' dir='ltr'><strong>llerodias</strong></span> <span class='ocrx_word' id='word_1_389' title='bbox 3262 1649 3574 1717; x_wconf 81' lang='lat' dir='ltr'><strong>negotium</strong></span> 
     </span>
    </p>
   </div>
   <div class='ocr_carea' id='block_1_56' title="bbox 1914 1733 3570 1804">
    <p class='ocr_par' dir='ltr' id='par_1_56' title="bbox 1914 1733 3570 1804">
     <span class='ocr_line' id='line_1_56' title="bbox 1914 1733 3570 1804; baseline 0.001 -16"><span class='ocrx_word' id='word_1_390' title='bbox 1914 1733 2250 1790; x_wconf 77' lang='lat' dir='ltr'><strong>lacessebat</strong></span> <span class='ocrx_word' id='word_1_391' title='bbox 2301 1734 2536 1804; x_wconf 87' lang='lat' dir='ltr'><strong>Joanni,</strong></span> <span class='ocrx_word' id='word_1_392' title='bbox 2592 1733 2949 1804; x_wconf 89' lang='lat' dir='ltr'><strong>volebatque</strong></span> <span class='ocrx_word' id='word_1_393' title='bbox 3003 1734 3170 1790; x_wconf 89' lang='lat' dir='ltr'><strong>illum</strong></span> <span class='ocrx_word' id='word_1_394' title='bbox 3230 1735 3499 1791; x_wconf 89' lang='lat' dir='ltr'><strong>occidere</strong></span> <span class='ocrx_word' id='word_1_395' title='bbox 3557 1753 3570 1790; x_wconf 90' lang='lat'><strong><em>:</em></strong></span> 
     </span>
    </p>
   </div>
   <div class='ocr_carea' id='block_1_57' title="bbox 1916 1821 3575 1892">
    <p class='ocr_par' dir='ltr' id='par_1_57' title="bbox 1916 1821 3575 1892">
     <span class='ocr_line' id='line_1_57' title="bbox 1916 1821 3575 1892; baseline 0.001 -14"><span class='ocrx_word' id='word_1_396' title='bbox 1916 1823 2171 1878; x_wconf 86' lang='lat' dir='ltr'><strong>Herodes</strong></span> <span class='ocrx_word' id='word_1_397' title='bbox 2213 1838 2354 1877; x_wconf 90' lang='lat' dir='ltr'><strong>vero</strong></span> <span class='ocrx_word' id='word_1_398' title='bbox 2383 1838 2504 1878; x_wconf 93' lang='lat' dir='ltr'><strong>non</strong></span> <span class='ocrx_word' id='word_1_399' title='bbox 2535 1821 2934 1892; x_wconf 86' lang='lat' dir='ltr'><strong>permittebat,</strong></span> <span class='ocrx_word' id='word_1_400' title='bbox 2971 1822 3165 1878; x_wconf 90' lang='lat' dir='ltr'><strong>sciens</strong></span> <span class='ocrx_word' id='word_1_401' title='bbox 3194 1838 3333 1879; x_wconf 92' lang='lat' dir='ltr'><strong>eum</strong></span> <span class='ocrx_word' id='word_1_402' title='bbox 3378 1825 3575 1880; x_wconf 88' lang='lat' dir='ltr'><strong>virum</strong></span> 
     </span>
    </p>
   </div>
   <div class='ocr_carea' id='block_1_58' title="bbox 1908 1908 3576 1982">
    <p class='ocr_par' dir='ltr' id='par_1_58' title="bbox 1908 1908 3576 1982">
     <span class='ocr_line' id='line_1_58' title="bbox 1908 1908 3576 1982; baseline 0.002 -16"><span class='ocrx_word' id='word_1_403' title='bbox 1908 1911 2137 1981; x_wconf 90' lang='lat' dir='ltr'><strong>justum</strong></span> <span class='ocrx_word' id='word_1_404' title='bbox 2169 1916 2225 1966; x_wconf 92' lang='lat' dir='ltr'><strong>et</strong></span> <span class='ocrx_word' id='word_1_405' title='bbox 2255 1915 2549 1974; x_wconf 89' lang='lat' dir='ltr'><strong>sanctum,</strong></span> <span class='ocrx_word' id='word_1_406' title='bbox 2597 1908 2731 1965; x_wconf 90' lang='lat' dir='ltr'><strong>ideo</strong></span> <span class='ocrx_word' id='word_1_407' title='bbox 2761 1926 3004 1982; x_wconf 89' lang='lat' dir='ltr'><strong>quoque</strong></span> <span class='ocrx_word' id='word_1_408' title='bbox 3047 1911 3251 1967; x_wconf 88' lang='lat' dir='ltr'><strong>audito</strong></span> <span class='ocrx_word' id='word_1_409' title='bbox 3281 1927 3352 1968; x_wconf 92' lang='lat' dir='ltr'><strong>eo</strong></span> <span class='ocrx_word' id='word_1_410' title='bbox 3385 1913 3576 1970; x_wconf 88' lang='lat' dir='ltr'><strong>multa</strong></span> 
     </span>
    </p>
   </div>
   <div class='ocr_carea' id='block_1_59' title="bbox 1913 1998 3574 2058">
    <p class='ocr_par' dir='ltr' id='par_1_59' title="bbox 1913 1998 3574 2058">
     <span class='ocr_line' id='line_1_59' title="bbox 1913 1998 3574 2058; baseline 0.003 -5"><span class='ocrx_word' id='word_1_411' title='bbox 1913 1999 2168 2054; x_wconf 90' lang='lat' dir='ltr'><strong>faciebat</strong></span> <span class='ocrx_word' id='word_1_412' title='bbox 2234 2003 2289 2054; x_wconf 91' lang='lat' dir='ltr'><strong>et</strong></span> <span class='ocrx_word' id='word_1_413' title='bbox 2353 1998 2604 2054; x_wconf 89' lang='lat' dir='ltr'><strong>libenter</strong></span> <span class='ocrx_word' id='word_1_414' title='bbox 2669 2014 2807 2053; x_wconf 90' lang='lat' dir='ltr'><strong>eum</strong></span> <span class='ocrx_word' id='word_1_415' title='bbox 2883 1999 3187 2057; x_wconf 85' lang='lat' dir='ltr'><strong>audiebat.</strong></span> <span class='ocrx_word' id='word_1_416' title='bbox 3259 2002 3404 2056; x_wconf 89' lang='lat' dir='ltr'><strong>Cum</strong></span> <span class='ocrx_word' id='word_1_417' title='bbox 3469 2018 3574 2058; x_wconf 87' lang='lat' dir='ltr'><strong>au-</strong></span> 
     </span>
    </p>
   </div>
   <div class='ocr_carea' id='block_1_60' title="bbox 1914 2086 3574 2160">
    <p class='ocr_par' dir='ltr' id='par_1_60' title="bbox 1914 2086 3574 2160">
     <span class='ocr_line' id='line_1_60' title="bbox 1914 2086 3574 2160; baseline 0.002 -18"><span class='ocrx_word' id='word_1_418' title='bbox 1914 2093 2029 2142; x_wconf 90' lang='lat' dir='ltr'><strong>tem</strong></span> <span class='ocrx_word' id='word_1_419' title='bbox 2071 2087 2453 2142; x_wconf 87' lang='lat' dir='ltr'><strong>vehementer</strong></span> <span class='ocrx_word' id='word_1_420' title='bbox 2490 2086 2657 2142; x_wconf 84' lang='lat' dir='ltr'><strong>illum</strong></span> <span class='ocrx_word' id='word_1_421' title='bbox 2682 2093 2932 2156; x_wconf 89' lang='lat' dir='ltr'><strong>urgeret,</strong></span> <span class='ocrx_word' id='word_1_422' title='bbox 2975 2103 3235 2160; x_wconf 88' lang='lat' dir='ltr'><strong>arguens</strong></span> <span class='ocrx_word' id='word_1_423' title='bbox 3275 2105 3344 2145; x_wconf 91' lang='lat' dir='ltr'><strong>ac</strong></span> <span class='ocrx_word' id='word_1_424' title='bbox 3384 2090 3574 2147; x_wconf 92' lang='lat' dir='ltr'><strong>incre-</strong></span> 
     </span>
    </p>
   </div>
   <div class='ocr_carea' id='block_1_61' title="bbox 1913 2175 3575 2248">
    <p class='ocr_par' dir='ltr' id='par_1_61' title="bbox 1913 2175 3575 2248">
     <span class='ocr_line' id='line_1_61' title="bbox 1913 2175 3575 2248; baseline 0.003 -19"><span class='ocrx_word' id='word_1_425' title='bbox 1913 2191 2063 2247; x_wconf 89' lang='lat' dir='ltr'><strong>pans</strong></span> <span class='ocrx_word' id='word_1_426' title='bbox 2093 2191 2252 2239; x_wconf 90' lang='lat' dir='ltr'><strong>eum,</strong></span> <span class='ocrx_word' id='word_1_427' title='bbox 2287 2175 2527 2230; x_wconf 88' lang='lat' dir='ltr'><strong>tandem</strong></span> <span class='ocrx_word' id='word_1_428' title='bbox 2562 2175 2819 2230; x_wconf 86' lang='lat' dir='ltr'><strong>Herodes</strong></span> <span class='ocrx_word' id='word_1_429' title='bbox 2853 2175 2992 2232; x_wconf 90' lang='lat' dir='ltr'><strong>hinc</strong></span> <span class='ocrx_word' id='word_1_430' title='bbox 3022 2177 3270 2248; x_wconf 89' lang='lat' dir='ltr'><strong>quidem</strong></span> <span class='ocrx_word' id='word_1_431' title='bbox 3302 2177 3575 2234; x_wconf 89' lang='lat' dir='ltr'><strong>devictus</strong></span> 
     </span>
    </p>
   </div>
   <div class='ocr_carea' id='block_1_62' title="bbox 1914 2263 3577 2336">
    <p class='ocr_par' dir='ltr' id='par_1_62' title="bbox 1914 2263 3577 2336">
     <span class='ocr_line' id='line_1_62' title="bbox 1914 2263 3577 2336; baseline 0.001 -17"><span class='ocrx_word' id='word_1_432' title='bbox 1914 2263 2203 2328; x_wconf 88' lang='lat' dir='ltr'><strong>molestia,</strong></span> <span class='ocrx_word' id='word_1_433' title='bbox 2237 2263 2376 2318; x_wconf 88' lang='lat' dir='ltr'><strong>hinc</strong></span> <span class='ocrx_word' id='word_1_434' title='bbox 2403 2268 2600 2318; x_wconf 88' lang='lat' dir='ltr'><strong>autem</strong></span> <span class='ocrx_word' id='word_1_435' title='bbox 2634 2264 2755 2318; x_wconf 85' lang='lat' dir='ltr'><strong>vim</strong></span> <span class='ocrx_word' id='word_1_436' title='bbox 2801 2264 3257 2336; x_wconf 90' lang='lat' dir='ltr'><strong>quodammodo</strong></span> <span class='ocrx_word' id='word_1_437' title='bbox 3297 2265 3374 2320; x_wconf 89' lang='lat' dir='ltr'><strong>ab</strong></span> <span class='ocrx_word' id='word_1_438' title='bbox 3402 2269 3577 2322; x_wconf 77' lang='lat' dir='ltr'><strong>Hero-</strong></span> 
     </span>
    </p>
   </div>
   <div class='ocr_carea' id='block_1_63' title="bbox 1911 2351 3575 2426">
    <p class='ocr_par' dir='ltr' id='par_1_63' title="bbox 1911 2351 3575 2426">
     <span class='ocr_line' id='line_1_63' title="bbox 1911 2351 3575 2426; baseline 0.002 -19"><span class='ocrx_word' id='word_1_439' title='bbox 1911 2351 2087 2409; x_wconf 90' lang='lat' dir='ltr'><strong>diade</strong></span> <span class='ocrx_word' id='word_1_440' title='bbox 2117 2370 2455 2425; x_wconf 89' lang='lat' dir='ltr'><strong>perpessus,</strong></span> <span class='ocrx_word' id='word_1_441' title='bbox 2483 2353 2610 2423; x_wconf 90' lang='lat' dir='ltr'><strong>jam</strong></span> <span class='ocrx_word' id='word_1_442' title='bbox 2644 2355 2935 2426; x_wconf 80' lang='lat' dir='ltr'><strong>pudorem</strong></span> <span class='ocrx_word' id='word_1_443' title='bbox 2967 2356 3026 2409; x_wconf 88' lang='lat' dir='ltr'><strong>iu</strong></span> <span class='ocrx_word' id='word_1_444' title='bbox 3054 2357 3204 2410; x_wconf 90' lang='lat' dir='ltr'><strong>iram</strong></span> <span class='ocrx_word' id='word_1_445' title='bbox 3236 2364 3575 2412; x_wconf 88' lang='lat' dir='ltr'><strong>commuta-</strong></span> 
     </span>
    </p>
   </div>
   <div class='ocr_carea' id='block_1_64' title="bbox 1910 2441 3570 2514">
    <p class='ocr_par' dir='ltr' id='par_1_64' title="bbox 1910 2441 3570 2514">
     <span class='ocr_line' id='line_1_64' title="bbox 1910 2441 3570 2514; baseline 0.003 -18"><span class='ocrx_word' id='word_1_446' title='bbox 1910 2441 2024 2497; x_wconf 88' lang='lat' dir='ltr'><strong>vit:</strong></span> <span class='ocrx_word' id='word_1_447' title='bbox 2051 2459 2158 2498; x_wconf 91' lang='lat' dir='ltr'><strong>nec</strong></span> <span class='ocrx_word' id='word_1_448' title='bbox 2171 2442 2415 2498; x_wconf 86' lang='lat' dir='ltr'><strong>omnino</strong></span> <span class='ocrx_word' id='word_1_449' title='bbox 2428 2443 2742 2514; x_wconf 89' lang='lat' dir='ltr'><strong>quiescens</strong></span> <span class='ocrx_word' id='word_1_450' title='bbox 2760 2443 2838 2514; x_wconf 91' lang='lat' dir='ltr'><strong>(r)</strong></span> <span class='ocrx_word' id='word_1_451' title='bbox 2857 2443 3095 2500; x_wconf 88' lang='lat' dir='ltr'><strong>volebat</strong></span> <span class='ocrx_word' id='word_1_452' title='bbox 3113 2459 3252 2500; x_wconf 90' lang='lat' dir='ltr'><strong>eum</strong></span> <span class='ocrx_word' id='word_1_453' title='bbox 3275 2443 3570 2512; x_wconf 88' lang='lat' dir='ltr'><strong>occidere,</strong></span> 
     </span>
    </p>
   </div>
   <div class='ocr_carea' id='block_1_65' title="bbox 1910 2531 3579 2608">
    <p class='ocr_par' dir='ltr' id='par_1_65' title="bbox 1910 2531 3579 2608">
     <span class='ocr_line' id='line_1_65' title="bbox 1910 2531 3579 2608; baseline 0.002 -22"><span class='ocrx_word' id='word_1_454' title='bbox 1910 2531 2126 2586; x_wconf 90' lang='lat' dir='ltr'><strong>timens</strong></span> <span class='ocrx_word' id='word_1_455' title='bbox 2166 2548 2306 2586; x_wconf 90' lang='lat' dir='ltr'><strong>vero</strong></span> <span class='ocrx_word' id='word_1_456' title='bbox 2345 2531 2786 2587; x_wconf 88' lang='lat' dir='ltr'><strong>multitudinem</strong></span> <span class='ocrx_word' id='word_1_457' title='bbox 2840 2532 3025 2588; x_wconf 83' lang='lat' dir='ltr'><strong>vinxit</strong></span> <span class='ocrx_word' id='word_1_458' title='bbox 3073 2548 3212 2589; x_wconf 91' lang='lat' dir='ltr'><strong>eum</strong></span> <span class='ocrx_word' id='word_1_459' title='bbox 3253 2535 3426 2605; x_wconf 90' lang='lat' dir='ltr'><strong>quasi</strong></span> <span class='ocrx_word' id='word_1_460' title='bbox 3464 2551 3579 2608; x_wconf 90' lang='lat' dir='ltr'><strong>pu-</strong></span> 
     </span>
    </p>
   </div>
   <div class='ocr_carea' id='block_1_66' title="bbox 1910 2621 3575 2690">
    <p class='ocr_par' dir='ltr' id='par_1_66' title="bbox 1910 2621 3575 2690">
     <span class='ocr_line' id='line_1_66' title="bbox 1910 2621 3575 2690; baseline 0.002 -14"><span class='ocrx_word' id='word_1_461' title='bbox 1910 2621 2078 2676; x_wconf 88' lang='lat' dir='ltr'><strong>nicns</strong></span> <span class='ocrx_word' id='word_1_462' title='bbox 2123 2643 2133 2674; x_wconf 92' lang='lat'><strong>:</strong></span> <span class='ocrx_word' id='word_1_463' title='bbox 2177 2622 2251 2676; x_wconf 85' lang='lat' dir='ltr'><strong>Et</strong></span> <span class='ocrx_word' id='word_1_464' title='bbox 2293 2621 2497 2690; x_wconf 81' lang='lat' dir='ltr'><strong>ligavit</strong></span> <span class='ocrx_word' id='word_1_465' title='bbox 2537 2636 2688 2683; x_wconf 88' lang='lat' dir='ltr'><strong>eum,</strong></span> <span class='ocrx_word' id='word_1_466' title='bbox 2732 2637 2804 2676; x_wconf 92' lang='lat' dir='ltr'><strong>ne</strong></span> <span class='ocrx_word' id='word_1_467' title='bbox 2841 2622 3009 2677; x_wconf 89' lang='lat' dir='ltr'><strong>varia</strong></span> <span class='ocrx_word' id='word_1_468' title='bbox 3047 2621 3179 2678; x_wconf 89' lang='lat' dir='ltr'><strong>loca</strong></span> <span class='ocrx_word' id='word_1_469' title='bbox 3217 2621 3575 2679; x_wconf 87' lang='lat' dir='ltr'><strong>circumiens</strong></span> 
     </span>
    </p>
   </div>
   <div class='ocr_carea' id='block_1_67' title="bbox 1910 2708 3576 2780">
    <p class='ocr_par' dir='ltr' id='par_1_67' title="bbox 1910 2708 3576 2780">
     <span class='ocr_line' id='line_1_67' title="bbox 1910 2708 3576 2780; baseline 0.001 -16"><span class='ocrx_word' id='word_1_470' title='bbox 1910 2709 2257 2780; x_wconf 90' lang='lat' dir='ltr'><strong>objurgaret</strong></span> <span class='ocrx_word' id='word_1_471' title='bbox 2283 2726 2442 2765; x_wconf 91' lang='lat' dir='ltr'><strong>eum.</strong></span> <span class='ocrx_word' id='word_1_472' title='bbox 2469 2708 2770 2777; x_wconf 83' lang='lat' dir='ltr'><strong>Arguebat</strong></span> <span class='ocrx_word' id='word_1_473' title='bbox 2791 2715 2993 2764; x_wconf 90' lang='lat' dir='ltr'><strong>autem</strong></span> <span class='ocrx_word' id='word_1_474' title='bbox 3012 2709 3174 2766; x_wconf 89' lang='lat' dir='ltr'><strong>illum</strong></span> <span class='ocrx_word' id='word_1_475' title='bbox 3199 2712 3478 2778; x_wconf 85' lang='lat' dir='ltr'><strong>Joannes,</strong></span> <span class='ocrx_word' id='word_1_476' title='bbox 3509 2725 3576 2778; x_wconf 67' lang='lat' dir='ltr'><strong>ut,</strong></span> 
     </span>
    </p>
   </div>
   <div class='ocr_carea' id='block_1_68' title="bbox 1911 2797 3572 2869">
    <p class='ocr_par' dir='ltr' id='par_1_68' title="bbox 1911 2797 3572 2869">
     <span class='ocr_line' id='line_1_68' title="bbox 1911 2797 3572 2869; baseline 0.002 -17"><span class='ocrx_word' id='word_1_477' title='bbox 1911 2799 2012 2869; x_wconf 90' lang='lat' dir='ltr'><strong>qui</strong></span> <span class='ocrx_word' id='word_1_478' title='bbox 2044 2803 2251 2854; x_wconf 89' lang='lat' dir='ltr'><strong>contra</strong></span> <span class='ocrx_word' id='word_1_479' title='bbox 2280 2800 2474 2866; x_wconf 91' lang='lat' dir='ltr'><strong>legem</strong></span> <span class='ocrx_word' id='word_1_480' title='bbox 2501 2798 2744 2853; x_wconf 86' lang='lat' dir='ltr'><strong>haberet</strong></span> <span class='ocrx_word' id='word_1_481' title='bbox 2773 2813 3021 2853; x_wconf 88' lang='lat' dir='ltr'><strong>uxorem</strong></span> <span class='ocrx_word' id='word_1_482' title='bbox 3054 2797 3244 2855; x_wconf 87' lang='lat' dir='ltr'><strong>fratris</strong></span> <span class='ocrx_word' id='word_1_483' title='bbox 3277 2799 3392 2856; x_wconf 89' lang='lat' dir='ltr'><strong>sui.</strong></span> <span class='ocrx_word' id='word_1_484' title='bbox 3423 2802 3572 2855; x_wconf 88' lang='lat' dir='ltr'><strong>Dua-</strong></span> 
     </span>
    </p>
   </div>
   <div class='ocr_carea' id='block_1_69' title="bbox 1912 2885 3574 2960">
    <p class='ocr_par' dir='ltr' id='par_1_69' title="bbox 1912 2885 3574 2960">
     <span class='ocr_line' id='line_1_69' title="bbox 1912 2885 3574 2960; baseline 0.001 -20"><span class='ocrx_word' id='word_1_485' title='bbox 1912 2886 2024 2941; x_wconf 90' lang='lat' dir='ltr'><strong>bus</strong></span> <span class='ocrx_word' id='word_1_486' title='bbox 2055 2903 2191 2942; x_wconf 85' lang='lat' dir='ltr'><strong>vero</strong></span> <span class='ocrx_word' id='word_1_487' title='bbox 2222 2887 2295 2941; x_wconf 90' lang='lat' dir='ltr'><strong>de</strong></span> <span class='ocrx_word' id='word_1_488' title='bbox 2325 2887 2520 2942; x_wconf 85' lang='lat' dir='ltr'><strong>causis</strong></span> <span class='ocrx_word' id='word_1_489' title='bbox 2549 2902 2685 2941; x_wconf 90' lang='lat' dir='ltr'><strong>eum</strong></span> <span class='ocrx_word' id='word_1_490' title='bbox 2733 2885 3115 2958; x_wconf 86' lang='lat' dir='ltr'><strong>increpabat;</strong></span> <span class='ocrx_word' id='word_1_491' title='bbox 3148 2887 3413 2958; x_wconf 88' lang='lat' dir='ltr'><strong>primum</strong></span> <span class='ocrx_word' id='word_1_492' title='bbox 3443 2887 3574 2960; x_wconf 87' lang='lat' dir='ltr'><strong>qui-</strong></span> 
     </span>
    </p>
   </div>
   <div class='ocr_carea' id='block_1_70' title="bbox 1911 2974 3572 3047">
    <p class='ocr_par' dir='ltr' id='par_1_70' title="bbox 1911 2974 3572 3047">
     <span class='ocr_line' id='line_1_70' title="bbox 1911 2974 3572 3047; baseline 0.002 -17"><span class='ocrx_word' id='word_1_493' title='bbox 1911 2975 2048 3030; x_wconf 91' lang='lat' dir='ltr'><strong>dem</strong></span> <span class='ocrx_word' id='word_1_494' title='bbox 2074 2975 2238 3047; x_wconf 91' lang='lat' dir='ltr'><strong>quod</strong></span> <span class='ocrx_word' id='word_1_495' title='bbox 2265 2974 2494 3030; x_wconf 83' lang='lat' dir='ltr'><strong>vivente</strong></span> <span class='ocrx_word' id='word_1_496' title='bbox 2521 2975 2696 3030; x_wconf 87' lang='lat' dir='ltr'><strong>fratre</strong></span> <span class='ocrx_word' id='word_1_497' title='bbox 2725 2991 2834 3029; x_wconf 91' lang='lat' dir='ltr'><strong>suo</strong></span> <span class='ocrx_word' id='word_1_498' title='bbox 2856 2975 3179 3031; x_wconf 83' lang='lat' dir='ltr'><strong>abstulerat</strong></span> <span class='ocrx_word' id='word_1_499' title='bbox 3204 2975 3491 3032; x_wconf 86' lang='lat' dir='ltr'><strong>violenter</strong></span> <span class='ocrx_word' id='word_1_500' title='bbox 3515 2981 3572 3033; x_wconf 89' lang='lat' dir='ltr'><strong>et</strong></span> 
     </span>
    </p>
   </div>
   <div class='ocr_carea' id='block_1_71' title="bbox 1912 3062 3568 3136">
    <p class='ocr_par' dir='ltr' id='par_1_71' title="bbox 1912 3062 3568 3136">
     <span class='ocr_line' id='line_1_71' title="bbox 1912 3062 3568 3136; baseline 0.002 -18"><span class='ocrx_word' id='word_1_501' title='bbox 1912 3065 2064 3119; x_wconf 91' lang='lat' dir='ltr'><strong>illius</strong></span> <span class='ocrx_word' id='word_1_502' title='bbox 2107 3080 2350 3118; x_wconf 82' lang='lat' dir='ltr'><strong>uxorem</strong></span> <span class='ocrx_word' id='word_1_503' title='bbox 2391 3069 2446 3118; x_wconf 93' lang='lat' dir='ltr'><strong>et</strong></span> <span class='ocrx_word' id='word_1_504' title='bbox 2485 3062 2883 3118; x_wconf 87' lang='lat' dir='ltr'><strong>tetrarchiam.</strong></span> <span class='ocrx_word' id='word_1_505' title='bbox 2922 3064 3140 3118; x_wconf 91' lang='lat' dir='ltr'><strong>Deinde</strong></span> <span class='ocrx_word' id='word_1_506' title='bbox 3178 3064 3568 3136; x_wconf 88' lang='lat' dir='ltr'><strong>quodetiam,</strong></span> 
     </span>
    </p>
   </div>
   <div class='ocr_carea' id='block_1_72' title="bbox 1910 3151 3564 3224">
    <p class='ocr_par' dir='ltr' id='par_1_72' title="bbox 1910 3151 3564 3224">
     <span class='ocr_line' id='line_1_72' title="bbox 1910 3151 3564 3224; baseline 0.001 -18"><span class='ocrx_word' id='word_1_507' title='bbox 1910 3169 2047 3207; x_wconf 88' lang='lat' dir='ltr'><strong>cum</strong></span> <span class='ocrx_word' id='word_1_508' title='bbox 2084 3152 2216 3224; x_wconf 85' lang='lat' dir='ltr'><strong>ipsa</strong></span> <span class='ocrx_word' id='word_1_509' title='bbox 2247 3152 2430 3205; x_wconf 86' lang='lat' dir='ltr'><strong>tiliam</strong></span> <span class='ocrx_word' id='word_1_510' title='bbox 2486 3167 2557 3205; x_wconf 80' lang='lat' dir='ltr'><strong>ex</strong></span> <span class='ocrx_word' id='word_1_511' title='bbox 2585 3151 2682 3205; x_wconf 88' lang='lat' dir='ltr'><strong>illo</strong></span> <span class='ocrx_word' id='word_1_512' title='bbox 2710 3152 3055 3221; x_wconf 85' lang='lat' dir='ltr'><strong>peperisset,</strong></span> <span class='ocrx_word' id='word_1_513' title='bbox 3100 3151 3353 3208; x_wconf 86' lang='lat' dir='ltr'><strong>duxerat</strong></span> <span class='ocrx_word' id='word_1_514' title='bbox 3382 3168 3515 3208; x_wconf 89' lang='lat' dir='ltr'><strong>eam</strong></span> <span class='ocrx_word' id='word_1_515' title='bbox 3551 3171 3564 3208; x_wconf 91' lang='lat'>:</span> 
     </span>
    </p>
   </div>
   <div class='ocr_carea' id='block_1_73' title="bbox 1909 3239 3568 3313">
    <p class='ocr_par' dir='ltr' id='par_1_73' title="bbox 1909 3239 3568 3313">
     <span class='ocr_line' id='line_1_73' title="bbox 1909 3239 3568 3313; baseline 0.001 -20"><span class='ocrx_word' id='word_1_516' title='bbox 1909 3257 2168 3313; x_wconf 84' lang='lat' dir='ltr'><strong>quorum</strong></span> <span class='ocrx_word' id='word_1_517' title='bbox 2193 3246 2511 3310; x_wconf 86' lang='lat' dir='ltr'><strong>utrumque</strong></span> <span class='ocrx_word' id='word_1_518' title='bbox 2533 3245 2738 3292; x_wconf 88' lang='lat' dir='ltr'><strong>contra</strong></span> <span class='ocrx_word' id='word_1_519' title='bbox 2759 3239 2949 3306; x_wconf 89' lang='lat' dir='ltr'><strong>legem</strong></span> <span class='ocrx_word' id='word_1_520' title='bbox 2966 3243 3109 3294; x_wconf 87' lang='lat' dir='ltr'><strong>erat.</strong></span> <span class='ocrx_word' id='word_1_521' title='bbox 3132 3240 3388 3296; x_wconf 88' lang='lat' dir='ltr'><strong>Jubebat</strong></span> <span class='ocrx_word' id='word_1_522' title='bbox 3407 3241 3568 3295; x_wconf 87' lang='lat' dir='ltr'><strong>enim</strong></span> 
     </span>
    </p>
   </div>
   <div class='ocr_carea' id='block_1_74' title="bbox 1910 3326 3571 3393">
    <p class='ocr_par' dir='ltr' id='par_1_74' title="bbox 1910 3326 3571 3393">
     <span class='ocr_line' id='line_1_74' title="bbox 1910 3326 3571 3393; baseline -0.001 -10"><span class='ocrx_word' id='word_1_523' title='bbox 1910 3330 2002 3384; x_wconf 85' lang='lat' dir='ltr'><strong>lex</strong></span> <span class='ocrx_word' id='word_1_524' title='bbox 2031 3330 2222 3383; x_wconf 81' lang='lat' dir='ltr'><strong>fratris</strong></span> <span class='ocrx_word' id='word_1_525' title='bbox 2273 3343 2508 3381; x_wconf 88' lang='lat' dir='ltr'><strong>uxorem</strong></span> <span class='ocrx_word' id='word_1_526' title='bbox 2569 3326 2807 3393; x_wconf 86' lang='lat' dir='ltr'><strong>ducere,</strong></span> <span class='ocrx_word' id='word_1_527' title='bbox 2864 3342 2986 3380; x_wconf 89' lang='lat' dir='ltr'><strong>non</strong></span> <span class='ocrx_word' id='word_1_528' title='bbox 3033 3332 3234 3381; x_wconf 88' lang='lat' dir='ltr'><strong>tamen</strong></span> <span class='ocrx_word' id='word_1_529' title='bbox 3263 3326 3460 3382; x_wconf 86' lang='lat' dir='ltr'><strong>adhuc</strong></span> <span class='ocrx_word' id='word_1_530' title='bbox 3491 3331 3571 3382; x_wconf 91' lang='lat' dir='ltr'><strong>vi-</strong></span> 
     </span>
    </p>
   </div>
   <div class='ocr_carea' id='block_1_75' title="bbox 1908 3413 3560 3487">
    <p class='ocr_par' dir='ltr' id='par_1_75' title="bbox 1908 3413 3560 3487">
     <span class='ocr_line' id='line_1_75' title="bbox 1908 3413 3560 3487; baseline 0.001 -16"><span class='ocrx_word' id='word_1_531' title='bbox 1908 3418 2118 3482; x_wconf 89' lang='lat' dir='ltr'><strong>ventis,</strong></span> <span class='ocrx_word' id='word_1_532' title='bbox 2151 3431 2337 3487; x_wconf 85' lang='lat' dir='ltr'><strong>neque</strong></span> <span class='ocrx_word' id='word_1_533' title='bbox 2366 3430 2496 3470; x_wconf 88' lang='lat' dir='ltr'><strong>eam</strong></span> <span class='ocrx_word' id='word_1_534' title='bbox 2523 3430 2657 3486; x_wconf 62' lang='lat' dir='ltr'><strong>quae</strong></span> <span class='ocrx_word' id='word_1_535' title='bbox 2689 3413 2766 3468; x_wconf 87' lang='lat' dir='ltr'><strong>ab</strong></span> <span class='ocrx_word' id='word_1_536' title='bbox 2792 3413 2891 3468; x_wconf 90' lang='lat' dir='ltr'><strong>illo</strong></span> <span class='ocrx_word' id='word_1_537' title='bbox 2917 3413 3147 3484; x_wconf 91' lang='lat' dir='ltr'><strong>prolem</strong></span> <span class='ocrx_word' id='word_1_538' title='bbox 3178 3415 3560 3486; x_wconf 87' lang='lat' dir='ltr'><strong>suscepisset.</strong></span> 
     </span>
    </p>
   </div>
   <div class='ocr_carea' id='block_1_76' title="bbox 1983 3527 3566 3598">
    <p class='ocr_par' dir='ltr' id='par_1_76' title="bbox 1983 3527 3566 3598">
     <span class='ocr_line' id='line_1_76' title="bbox 1983 3527 3566 3598; baseline 0.001 -13"><span class='ocrx_word' id='word_1_539' title='bbox 1983 3535 2138 3587; x_wconf 70' lang='grc' dir='ltr'>νοτε.</span> <span class='ocrx_word' id='word_1_540' title='bbox 2173 3532 2225 3586; x_wconf 92' lang='lat'><strong>6.</strong></span> <span class='ocrx_word' id='word_1_541' title='bbox 2260 3531 2408 3586; x_wconf 87' lang='lat' dir='ltr'><strong>Cum</strong></span> <span class='ocrx_word' id='word_1_542' title='bbox 2439 3533 2635 3586; x_wconf 82' lang='lat' dir='ltr'><strong>autem</strong></span> <span class='ocrx_word' id='word_1_543' title='bbox 2665 3534 2990 3598; x_wconf 80' lang='lat' dir='ltr'><strong>agerentur</strong></span> <span class='ocrx_word' id='word_1_544' title='bbox 3017 3527 3302 3584; x_wconf 82' lang='lat' dir='ltr'><strong>natalitia</strong></span> <span class='ocrx_word' id='word_1_545' title='bbox 3331 3530 3480 3582; x_wconf 89' lang='lat' dir='ltr'><strong>—V.</strong></span> <span class='ocrx_word' id='word_1_546' title='bbox 3513 3534 3566 3586; x_wconf 89' lang='lat'><strong>7.</strong></span> 
     </span>
    </p>
   </div>
   <div class='ocr_carea' id='block_1_77' title="bbox 1909 3616 3572 3691">
    <p class='ocr_par' dir='ltr' id='par_1_77' title="bbox 1909 3616 3572 3691">
     <span class='ocr_line' id='line_1_77' title="bbox 1909 3616 3572 3691; baseline -0.003 -13"><span class='ocrx_word' id='word_1_547' title='bbox 1909 3628 2149 3691; x_wconf 80' lang='lat' dir='ltr'><strong>peteret.</strong></span> <span class='ocrx_word' id='word_1_548' title='bbox 2179 3623 2405 3677; x_wconf 84' lang='lat' dir='ltr'><strong>Marcus</strong></span> <span class='ocrx_word' id='word_1_549' title='bbox 2433 3625 2633 3674; x_wconf 89' lang='lat' dir='ltr'><strong>autem</strong></span> <span class='ocrx_word' id='word_1_550' title='bbox 2660 3618 2801 3672; x_wconf 88' lang='lat' dir='ltr'><strong>dicit</strong></span> <span class='ocrx_word' id='word_1_551' title='bbox 2824 3616 2988 3688; x_wconf 90' lang='lat' dir='ltr'><strong>quod</strong></span> <span class='ocrx_word' id='word_1_552' title='bbox 3011 3617 3234 3687; x_wconf 88' lang='lat' dir='ltr'><strong>juravit</strong></span> <span class='ocrx_word' id='word_1_553' title='bbox 3262 3616 3314 3673; x_wconf 93' lang='lat' dir='ltr'><strong>ei</strong></span> <span class='ocrx_word' id='word_1_554' title='bbox 3343 3633 3354 3670; x_wconf 92' lang='lat'>:</span> <span class='ocrx_word' id='word_1_555' title='bbox 3391 3616 3572 3684; x_wconf 80' lang='lat' dir='ltr'><strong>Quid-</strong></span> 
     </span>
    </p>
   </div>
   <div class='ocr_carea' id='block_1_78' title="bbox 1911 3705 3571 3782">
    <p class='ocr_par' dir='ltr' id='par_1_78' title="bbox 1911 3705 3571 3782">
     <span class='ocr_line' id='line_1_78' title="bbox 1911 3705 3571 3782; baseline -0.003 -17"><span class='ocrx_word' id='word_1_556' title='bbox 1911 3710 2054 3782; x_wconf 76' lang='lat' dir='ltr'><strong>quid</strong></span> <span class='ocrx_word' id='word_1_557' title='bbox 2064 3725 2100 3765; x_wconf 87' lang='lat' dir='ltr'><strong>a</strong></span> <span class='ocrx_word' id='word_1_558' title='bbox 2116 3725 2206 3766; x_wconf 87' lang='lat' dir='ltr'><strong>me</strong></span> <span class='ocrx_word' id='word_1_559' title='bbox 2216 3709 2474 3778; x_wconf 78' lang='lat' dir='ltr'><strong>petieris,</strong></span> <span class='ocrx_word' id='word_1_560' title='bbox 2493 3707 2645 3762; x_wconf 83' lang='lat' dir='ltr'><strong>dabo</strong></span> <span class='ocrx_word' id='word_1_561' title='bbox 2666 3705 2771 3760; x_wconf 83' lang='lat' dir='ltr'><strong>tibi</strong></span> <span class='ocrx_word' id='word_1_562' title='bbox 2789 3721 2971 3776; x_wconf 87' lang='lat' dir='ltr'><strong>usque</strong></span> <span class='ocrx_word' id='word_1_563' title='bbox 2985 3706 3064 3761; x_wconf 85' lang='lat' dir='ltr'><strong>ad</strong></span> <span class='ocrx_word' id='word_1_564' title='bbox 3080 3705 3386 3761; x_wconf 85' lang='lat' dir='ltr'><strong>dimidium</strong></span> <span class='ocrx_word' id='word_1_565' title='bbox 3403 3705 3571 3776; x_wconf 82' lang='lat' dir='ltr'><strong>regni</strong></span> 
     </span>
    </p>
   </div>
   <div class='ocr_carea' id='block_1_79' title="bbox 199 3794 1805 3891">
    <p class='ocr_par' dir='ltr' id='par_1_79' title="bbox 199 3811 1795 3890">
     <span class='ocr_line' id='line_1_79' title="bbox 199 3811 1795 3890; baseline 0 -22"><span class='ocrx_word' id='word_1_566' title='bbox 199 3837 312 3886; x_wconf 77' lang='grc' dir='ltr'>μου.</span> <span class='ocrx_word' id='word_1_567' title='bbox 375 3820 623 3867; x_wconf 83' lang='grc' dir='ltr'>Γενεσίων</span> <span class='ocrx_word' id='word_1_568' title='bbox 683 3811 742 3867; x_wconf 64' lang='grc' dir='ltr'>δὲ</span> <span class='ocrx_word' id='word_1_569' title='bbox 804 3814 1084 3886; x_wconf 84' lang='grc' dir='ltr'>ἀγομένων,</span> <span class='ocrx_word' id='word_1_570' title='bbox 1154 3817 1266 3869; x_wconf 82' lang='grc' dir='ltr'>ἀντὶ</span> <span class='ocrx_word' id='word_1_571' title='bbox 1295 3826 1408 3886; x_wconf 74' lang='grc' dir='ltr'>τοῦ,</span> <span class='ocrx_word' id='word_1_572' title='bbox 1470 3817 1795 3890; x_wconf 77' lang='grc' dir='ltr'>τελουμένων.</span> 
     </span>
    </p>
   </div>
   <div class='ocr_carea' id='block_1_80' title="bbox 1915 3794 3567 3891">
    <p class='ocr_par' dir='ltr' id='par_1_80' title="bbox 1915 3794 3567 3865">
     <span class='ocr_line' id='line_1_80' title="bbox 1915 3794 3567 3865; baseline -0.002 -12"><span class='ocrx_word' id='word_1_573' title='bbox 1915 3801 2023 3856; x_wconf 86' lang='lat' dir='ltr'><strong>mei</strong></span> <span class='ocrx_word' id='word_1_574' title='bbox 2059 3803 2127 3853; x_wconf 69' lang='grc' dir='ltr'>η.</span> <span class='ocrx_word' id='word_1_575' title='bbox 2171 3801 2318 3854; x_wconf 90' lang='lat' dir='ltr'><strong>Cum</strong></span> <span class='ocrx_word' id='word_1_576' title='bbox 2367 3803 2565 3852; x_wconf 87' lang='lat' dir='ltr'><strong>autem</strong></span> <span class='ocrx_word' id='word_1_577' title='bbox 2614 3800 2928 3865; x_wconf 82' lang='lat' dir='ltr'><strong>agerentur</strong></span> <span class='ocrx_word' id='word_1_578' title='bbox 2977 3794 3263 3859; x_wconf 88' lang='lat' dir='ltr'><strong>natalitia,</strong></span> <span class='ocrx_word' id='word_1_579' title='bbox 3305 3794 3420 3849; x_wconf 89' lang='lat' dir='ltr'><strong>hoc</strong></span> <span class='ocrx_word' id='word_1_580' title='bbox 3458 3800 3567 3860; x_wconf 88' lang='lat' dir='ltr'><strong>est,</strong></span> 
     </span>
    </p>
   </div>
   <div class='ocr_carea' id='block_1_81' title="bbox 201 3901 1804 3978">
    <p class='ocr_par' dir='ltr' id='par_1_81' title="bbox 201 3901 1804 3978">
     <span class='ocr_line' id='line_1_81' title="bbox 201 3901 1804 3978; baseline 0.001 -20"><span class='ocrx_word' id='word_1_581' title='bbox 201 3906 345 3965; x_wconf 78' lang='grc' dir='ltr'>Ἐθος</span> <span class='ocrx_word' id='word_1_582' title='bbox 416 3907 521 3977; x_wconf 74' lang='grc' dir='ltr'><strong>γὰρ</strong></span> <span class='ocrx_word' id='word_1_583' title='bbox 581 3901 640 3960; x_wconf 70' lang='grc' dir='ltr'>ἦν</span> <span class='ocrx_word' id='word_1_584' title='bbox 708 3912 811 3964; x_wconf 82' lang='grc' dir='ltr'>τοῖς</span> <span class='ocrx_word' id='word_1_585' title='bbox 874 3908 1136 3978; x_wconf 67' lang='grc' dir='ltr'>ἄρχουσιν</span> <span class='ocrx_word' id='word_1_586' title='bbox 1204 3906 1462 3978; x_wconf 85' lang='grc' dir='ltr'>ἑορτάζειν</span> <span class='ocrx_word' id='word_1_587' title='bbox 1523 3911 1588 3958; x_wconf 73' lang='grc' dir='ltr'>τὰ</span> <span class='ocrx_word' id='word_1_588' title='bbox 1639 3907 1804 3960; x_wconf 82' lang='grc' dir='ltr'>οἰκεῖα</span> 
     </span>
    </p>
   </div>
   <div class='ocr_carea' id='block_1_82' title="bbox 196 3991 1802 4067">
    <p class='ocr_par' dir='ltr' id='par_1_82' title="bbox 196 3991 1802 4067">
     <span class='ocr_line' id='line_1_82' title="bbox 196 3991 1802 4067; baseline 0.001 -20"><span class='ocrx_word' id='word_1_589' title='bbox 196 3995 454 4064; x_wconf 66' lang='grc' dir='ltr'>γενέθλια.</span> <span class='ocrx_word' id='word_1_590' title='bbox 507 3992 852 4064; x_wconf 78' lang='grc' dir='ltr'>Ὀμολόγησιν</span> <span class='ocrx_word' id='word_1_591' title='bbox 923 3991 980 4045; x_wconf 74' lang='grc' dir='ltr'>δὲ</span> <span class='ocrx_word' id='word_1_592' title='bbox 1041 4003 1128 4045; x_wconf 71' lang='grc' dir='ltr'>νῦν</span> <span class='ocrx_word' id='word_1_593' title='bbox 1177 3999 1268 4053; x_wconf 89' lang='grc' dir='ltr'><strong>τήν</strong></span> <span class='ocrx_word' id='word_1_594' title='bbox 1331 3997 1622 4067; x_wconf 75' lang='grc' dir='ltr'>ὑπόσχεσιν</span> <span class='ocrx_word' id='word_1_595' title='bbox 1673 3998 1802 4048; x_wconf 82' lang='grc' dir='ltr'>ὠνό-</span> 
     </span>
    </p>
   </div>
   <div class='ocr_carea' id='block_1_83' title="bbox 199 4081 1803 4156">
    <p class='ocr_par' dir='ltr' id='par_1_83' title="bbox 199 4081 1803 4156">
     <span class='ocr_line' id='line_1_83' title="bbox 199 4081 1803 4156; baseline 0.003 -23"><span class='ocrx_word' id='word_1_596' title='bbox 199 4103 382 4151; x_wconf 80' lang='grc' dir='ltr'>μασεν.</span> <span class='ocrx_word' id='word_1_597' title='bbox 459 4081 528 4133; x_wconf 73' lang='grc' dir='ltr'>Ὠ</span> <span class='ocrx_word' id='word_1_598' title='bbox 578 4081 764 4142; x_wconf 82' lang='grc' dir='ltr'>πολλῆς</span> <span class='ocrx_word' id='word_1_599' title='bbox 807 4082 981 4142; x_wconf 85' lang='grc' dir='ltr'>ἀνοίας</span> <span class='ocrx_word' id='word_1_600' title='bbox 1024 4082 1035 4136; x_wconf 76' lang='grc' dir='ltr'>Ῐ</span> <span class='ocrx_word' id='word_1_601' title='bbox 1089 4088 1177 4134; x_wconf 80' lang='lat' dir='ltr'><strong>xui</strong></span> <span class='ocrx_word' id='word_1_602' title='bbox 1234 4089 1406 4156; x_wconf 81' lang='grc' dir='ltr'>ὤμοσε</span> <span class='ocrx_word' id='word_1_603' title='bbox 1457 4082 1659 4154; x_wconf 74' lang='grc' dir='ltr'>δοῦναι,</span> <span class='ocrx_word' id='word_1_604' title='bbox 1714 4091 1803 4138; x_wconf 94' lang='lat' dir='ltr'><strong>xui</strong></span> 
     </span>
    </p>
   </div>
   <div class='ocr_carea' id='block_1_84' title="bbox 199 4171 1802 4246">
    <p class='ocr_par' dir='ltr' id='par_1_84' title="bbox 199 4171 1802 4246">
     <span class='ocr_line' id='line_1_84' title="bbox 199 4171 1802 4246; baseline 0.003 -25"><span class='ocrx_word' id='word_1_605' title='bbox 199 4178 384 4245; x_wconf 73' lang='grc' dir='ltr'>κυρίαν</span> <span class='ocrx_word' id='word_1_606' title='bbox 459 4180 554 4230; x_wconf 81' lang='grc' dir='ltr'>τῆς</span> <span class='ocrx_word' id='word_1_607' title='bbox 601 4171 854 4232; x_wconf 82' lang='grc' dir='ltr'>αἰτήσεως</span> <span class='ocrx_word' id='word_1_608' title='bbox 936 4176 1028 4229; x_wconf 84' lang='grc' dir='ltr'><strong>τήν</strong></span> <span class='ocrx_word' id='word_1_609' title='bbox 1082 4177 1238 4246; x_wconf 83' lang='grc' dir='ltr'>κόρην</span> <span class='ocrx_word' id='word_1_610' title='bbox 1293 4173 1523 4242; x_wconf 80' lang='grc' dir='ltr'>ἐποίησε,</span> <span class='ocrx_word' id='word_1_611' title='bbox 1603 4180 1691 4227; x_wconf 88' lang='lat' dir='ltr'><strong>xui</strong></span> <span class='ocrx_word' id='word_1_612' title='bbox 1746 4179 1802 4226; x_wconf 88' lang='grc' dir='ltr'>τὸ</span> 
     </span>
    </p>
   </div>
   <div class='ocr_carea' id='block_1_85' title="bbox 203 4259 1805 4337">
    <p class='ocr_par' dir='ltr' id='par_1_85' title="bbox 203 4259 1805 4337">
     <span class='ocr_line' id='line_1_85' title="bbox 203 4259 1805 4337; baseline 0.001 -25"><span class='ocrx_word' id='word_1_613' title='bbox 203 4265 370 4332; x_wconf 65' lang='grc' dir='ltr'>ἐμισυ</span> <span class='ocrx_word' id='word_1_614' title='bbox 437 4268 534 4321; x_wconf 79' lang='grc' dir='ltr'>τῆς</span> <span class='ocrx_word' id='word_1_615' title='bbox 612 4259 881 4331; x_wconf 81' lang='grc' dir='ltr'>βασελείας</span> <span class='ocrx_word' id='word_1_616' title='bbox 958 4261 1116 4313; x_wconf 71' lang='grc' dir='ltr'>αὐτοῦ</span> <span class='ocrx_word' id='word_1_617' title='bbox 1193 4260 1455 4336; x_wconf 71' lang='grc' dir='ltr'>βραχείας</span> <span class='ocrx_word' id='word_1_618' title='bbox 1528 4263 1805 4337; x_wconf 81' lang='grc' dir='ltr'>ὀρχήσεως</span> 
     </span>
    </p>
   </div>
   <div class='ocr_carea' id='block_1_86' title="bbox 202 4349 630 4422">
    <p class='ocr_par' dir='ltr' id='par_1_86' title="bbox 202 4349 630 4422">
     <span class='ocr_line' id='line_1_86' title="bbox 202 4349 630 4422; baseline 0.009 -23"><span class='ocrx_word' id='word_1_619' title='bbox 202 4349 492 4422; x_wconf 69' lang='grc' dir='ltr'>ἀπημπολη</span> <span class='ocrx_word' id='word_1_620' title='bbox 504 4368 586 4401; x_wconf 74' lang='grc' dir='ltr'><strong>σεν</strong></span> <span class='ocrx_word' id='word_1_621' title='bbox 618 4349 630 4403; x_wconf 81' lang='lat'><strong>!</strong></span> 
     </span>
    </p>
   </div>
   <div class='ocr_carea' id='block_1_87' title="bbox 269 4632 1801 4708">
    <p class='ocr_par' dir='ltr' id='par_1_87' title="bbox 269 4632 1801 4708">
     <span class='ocr_line' id='line_1_87' title="bbox 269 4632 1801 4708; baseline 0.002 -19"><span class='ocrx_word' id='word_1_622' title='bbox 269 4636 326 4689; x_wconf 79' lang='grc' dir='ltr'><strong><em>Ἠ</em></strong></span> <span class='ocrx_word' id='word_1_623' title='bbox 403 4632 466 4688; x_wconf 74' lang='grc' dir='ltr'><strong>δε</strong></span> <span class='ocrx_word' id='word_1_624' title='bbox 525 4665 595 4674; x_wconf 84' lang='lat'><strong>-—</strong></span> <span class='ocrx_word' id='word_1_625' title='bbox 650 4642 965 4688; x_wconf 79' lang='grc' dir='ltr'>Βαπτιστοῦ.</span> <span class='ocrx_word' id='word_1_626' title='bbox 1024 4635 1469 4708; x_wconf 88' lang='grc' dir='ltr'>Προϐιϐασθεῐσα,</span> <span class='ocrx_word' id='word_1_627' title='bbox 1519 4637 1634 4691; x_wconf 82' lang='grc' dir='ltr'>ἀντὶ</span> <span class='ocrx_word' id='word_1_628' title='bbox 1692 4648 1801 4706; x_wconf 83' lang='grc' dir='ltr'>τοῦ,</span> 
     </span>
    </p>
   </div>
   <div class='ocr_carea' id='block_1_88' title="bbox 211 4720 1805 4797">
    <p class='ocr_par' dir='ltr' id='par_1_88' title="bbox 211 4720 1805 4797">
     <span class='ocr_line' id='line_1_88' title="bbox 211 4720 1805 4797; baseline 0.005 -23"><span class='ocrx_word' id='word_1_629' title='bbox 211 4721 558 4796; x_wconf 77' lang='grc' dir='ltr'>διδαχθεῖσα.</span> <span class='ocrx_word' id='word_1_630' title='bbox 611 4728 774 4780; x_wconf 79' lang='grc' dir='ltr'>Φησὶν</span> <span class='ocrx_word' id='word_1_631' title='bbox 823 4720 930 4775; x_wconf 79' lang='grc' dir='ltr'>οὖν·</span> <span class='ocrx_word' id='word_1_632' title='bbox 978 4729 1071 4787; x_wconf 88' lang='grc' dir='ltr'>Δός</span> <span class='ocrx_word' id='word_1_633' title='bbox 1112 4744 1200 4797; x_wconf 87' lang='grc' dir='ltr'><strong>μοι</strong></span> <span class='ocrx_word' id='word_1_634' title='bbox 1245 4723 1369 4794; x_wconf 86' lang='grc' dir='ltr'>ὦδε,</span> <span class='ocrx_word' id='word_1_635' title='bbox 1427 4733 1690 4781; x_wconf 85' lang='grc' dir='ltr'>τουτέστιν</span> <span class='ocrx_word' id='word_1_636' title='bbox 1734 4730 1805 4782; x_wconf 79' lang='grc' dir='ltr'><strong>ἐν·</strong></span> 
     </span>
    </p>
   </div>
   <div class='ocr_carea' id='block_1_89' title="bbox 210 4811 1804 4889">
    <p class='ocr_par' dir='ltr' id='par_1_89' title="bbox 210 4811 1804 4889">
     <span class='ocr_line' id='line_1_89' title="bbox 210 4811 1804 4889; baseline 0.005 -26"><span class='ocrx_word' id='word_1_637' title='bbox 210 4817 389 4884; x_wconf 71' lang='grc' dir='ltr'>ταῦοα,</span> <span class='ocrx_word' id='word_1_638' title='bbox 451 4812 500 4864; x_wconf 88' lang='grc' dir='ltr'>ἐν</span> <span class='ocrx_word' id='word_1_639' title='bbox 532 4821 604 4883; x_wconf 80' lang='grc' dir='ltr'>τῷ</span> <span class='ocrx_word' id='word_1_640' title='bbox 646 4817 948 4884; x_wconf 80' lang='grc' dir='ltr'>συμποσίῳ.</span> <span class='ocrx_word' id='word_1_641' title='bbox 977 4820 1036 4865; x_wconf 88' lang='grc' dir='ltr'>Ὁ</span> <span class='ocrx_word' id='word_1_642' title='bbox 1083 4811 1141 4866; x_wconf 69' lang='grc' dir='ltr'>δὲ</span> <span class='ocrx_word' id='word_1_643' title='bbox 1189 4819 1402 4889; x_wconf 86' lang='grc' dir='ltr'>Μάρκος</span> <span class='ocrx_word' id='word_1_644' title='bbox 1440 4817 1595 4869; x_wconf 86' lang='grc' dir='ltr'>εἰπεῖν</span> <span class='ocrx_word' id='word_1_645' title='bbox 1644 4819 1804 4878; x_wconf 69' lang='grc' dir='ltr'>αὐτὴν</span> 
     </span>
    </p>
   </div>
   <div class='ocr_carea' id='block_1_90' title="bbox 210 4899 1804 4977">
    <p class='ocr_par' dir='ltr' id='par_1_90' title="bbox 210 4899 1804 4977">
     <span class='ocr_line' id='line_1_90' title="bbox 210 4899 1804 4977; baseline 0.003 -23"><span class='ocrx_word' id='word_1_646' title='bbox 210 4901 356 4974; x_wconf 74' lang='grc' dir='ltr'>λέγει,</span> <span class='ocrx_word' id='word_1_647' title='bbox 391 4905 474 4954; x_wconf 84' lang='grc' dir='ltr'>ὅτι</span> <span class='ocrx_word' id='word_1_648' title='bbox 525 4901 690 4970; x_wconf 78' lang='grc' dir='ltr'>Θελω,</span> <span class='ocrx_word' id='word_1_649' title='bbox 745 4903 825 4954; x_wconf 86' lang='grc' dir='ltr'><strong>ἱνα</strong></span> <span class='ocrx_word' id='word_1_650' title='bbox 872 4921 962 4973; x_wconf 92' lang='grc' dir='ltr'><strong>μοι</strong></span> <span class='ocrx_word' id='word_1_651' title='bbox 1005 4899 1111 4972; x_wconf 82' lang='grc' dir='ltr'>δῷς</span> <span class='ocrx_word' id='word_1_652' title='bbox 1149 4902 1387 4969; x_wconf 84' lang='grc' dir='ltr'>ἐξαυτῆς,</span> <span class='ocrx_word' id='word_1_653' title='bbox 1429 4907 1455 4958; x_wconf 83' lang='grc' dir='ltr'><strong><em>ὃ</em></strong></span> <span class='ocrx_word' id='word_1_654' title='bbox 1505 4906 1668 4977; x_wconf 82' lang='grc' dir='ltr'>ἐστιν,</span> <span class='ocrx_word' id='word_1_655' title='bbox 1715 4909 1804 4960; x_wconf 65' lang='grc' dir='ltr'><strong>αὖ.</strong></span> 
     </span>
    </p>
   </div>
   <div class='ocr_carea' id='block_1_91' title="bbox 273 5037 1871 5110">
    <p class='ocr_par' dir='ltr' id='par_1_91' title="bbox 273 5037 1871 5110">
     <span class='ocr_line' id='line_1_91' title="bbox 273 5037 1871 5110; baseline 0.004 -20"><span class='ocrx_word' id='word_1_656' title='bbox 273 5038 318 5072; x_wconf 78' lang='grc'>²⁸</span> <span class='ocrx_word' id='word_1_657' title='bbox 345 5037 523 5094; x_wconf 80' lang='lat' dir='ltr'><strong>Marc.</strong></span> <span class='ocrx_word' id='word_1_658' title='bbox 557 5052 636 5102; x_wconf 76' lang='lat' dir='ltr'><strong>v1,</strong></span> <span class='ocrx_word' id='word_1_659' title='bbox 668 5037 757 5091; x_wconf 79' lang='lat'><strong>20.</strong></span> <span class='ocrx_word' id='word_1_660' title='bbox 907 5038 952 5071; x_wconf 80' lang='grc'>²⁹</span> <span class='ocrx_word' id='word_1_661' title='bbox 986 5038 1157 5093; x_wconf 84' lang='lat' dir='ltr'><strong>Marc.</strong></span> <span class='ocrx_word' id='word_1_662' title='bbox 1187 5054 1260 5104; x_wconf 80' lang='lat' dir='ltr'><strong>Vl,</strong></span> <span class='ocrx_word' id='word_1_663' title='bbox 1295 5040 1383 5105; x_wconf 80' lang='lat'><strong>23,</strong></span> <span class='ocrx_word' id='word_1_664' title='bbox 1534 5046 1582 5083; x_wconf 83' lang='grc' dir='ltr'>³ο</span> <span class='ocrx_word' id='word_1_665' title='bbox 1605 5042 1752 5110; x_wconf 88' lang='lat' dir='ltr'><strong>Ibid,</strong></span> <span class='ocrx_word' id='word_1_666' title='bbox 1783 5043 1871 5099; x_wconf 72' lang='lat'><strong>25.</strong></span> 
     </span>
    </p>
   </div>
   <div class='ocr_carea' id='block_1_92' title="bbox 1913 3883 3574 3956">
    <p class='ocr_par' dir='ltr' id='par_1_92' title="bbox 1913 3883 3574 3956">
     <span class='ocr_line' id='line_1_92' title="bbox 1913 3883 3574 3956; baseline -0.003 -12"><span class='ocrx_word' id='word_1_667' title='bbox 1913 3890 1996 3945; x_wconf 90' lang='lat' dir='ltr'><strong>cel</strong></span> <span class='ocrx_word' id='word_1_668' title='bbox 2007 3889 2365 3944; x_wconf 89' lang='lat' dir='ltr'><strong>ebrarentur.</strong></span> <span class='ocrx_word' id='word_1_669' title='bbox 2376 3885 2547 3941; x_wconf 78' lang='lat' dir='ltr'><strong>Moris</strong></span> <span class='ocrx_word' id='word_1_670' title='bbox 2561 3901 2818 3950; x_wconf 84' lang='lat' dir='ltr'><strong>namque</strong></span> <span class='ocrx_word' id='word_1_671' title='bbox 2834 3883 3188 3956; x_wconf 87' lang='lat' dir='ltr'><strong>principibus</strong></span> <span class='ocrx_word' id='word_1_672' title='bbox 3203 3889 3328 3940; x_wconf 90' lang='lat' dir='ltr'><strong>erat</strong></span> <span class='ocrx_word' id='word_1_673' title='bbox 3340 3883 3574 3955; x_wconf 82' lang='lat' dir='ltr'><strong>prOpria</strong></span> 
     </span>
    </p>
   </div>
   <div class='ocr_carea' id='block_1_93' title="bbox 1913 3971 3573 4043">
    <p class='ocr_par' dir='ltr' id='par_1_93' title="bbox 1913 3971 3573 4043">
     <span class='ocr_line' id='line_1_93' title="bbox 1913 3971 3573 4043; baseline -0.002 -11"><span class='ocrx_word' id='word_1_674' title='bbox 1913 3977 2114 4033; x_wconf 88' lang='lat' dir='ltr'><strong>festive</strong></span> <span class='ocrx_word' id='word_1_675' title='bbox 2145 3976 2442 4032; x_wconf 89' lang='lat' dir='ltr'><strong>celebrare</strong></span> <span class='ocrx_word' id='word_1_676' title='bbox 2473 3973 2752 4030; x_wconf 88' lang='lat' dir='ltr'><strong>uatalitia.</strong></span> <span class='ocrx_word' id='word_1_677' title='bbox 2798 3976 2958 4028; x_wconf 85' lang='lat' dir='ltr'><strong>Hanc</strong></span> <span class='ocrx_word' id='word_1_678' title='bbox 2989 3977 3188 4027; x_wconf 88' lang='lat' dir='ltr'><strong>autem</strong></span> <span class='ocrx_word' id='word_1_679' title='bbox 3220 3971 3573 4043; x_wconf 89' lang='lat' dir='ltr'><strong>promissio-</strong></span> 
     </span>
    </p>
   </div>
   <div class='ocr_carea' id='block_1_94' title="bbox 1912 4061 3570 4136">
    <p class='ocr_par' dir='ltr' id='par_1_94' title="bbox 1912 4061 3570 4136">
     <span class='ocr_line' id='line_1_94' title="bbox 1912 4061 3570 4136; baseline -0.003 -15"><span class='ocrx_word' id='word_1_680' title='bbox 1912 4083 2049 4122; x_wconf 91' lang='lat' dir='ltr'><strong>nem</strong></span> <span class='ocrx_word' id='word_1_681' title='bbox 2090 4064 2349 4136; x_wconf 88' lang='lat' dir='ltr'><strong>appellat</strong></span> <span class='ocrx_word' id='word_1_682' title='bbox 2399 4063 2496 4118; x_wconf 90' lang='lat' dir='ltr'><strong>hic</strong></span> <span class='ocrx_word' id='word_1_683' title='bbox 2549 4061 2886 4134; x_wconf 82' lang='grc' dir='ltr'>ὁμολογησιν,</span> <span class='ocrx_word' id='word_1_684' title='bbox 2940 4061 3103 4132; x_wconf 85' lang='lat' dir='ltr'><strong>quod</strong></span> <span class='ocrx_word' id='word_1_685' title='bbox 3154 4066 3356 4116; x_wconf 86' lang='lat' dir='ltr'><strong>tamen</strong></span> <span class='ocrx_word' id='word_1_686' title='bbox 3398 4076 3570 4116; x_wconf 88' lang='lat' dir='ltr'><strong>voca-</strong></span> 
     </span>
    </p>
   </div>
   <div class='ocr_carea' id='block_1_95' title="bbox 1913 4148 3572 4224">
    <p class='ocr_par' dir='ltr' id='par_1_95' title="bbox 1913 4148 3572 4224">
     <span class='ocr_line' id='line_1_95' title="bbox 1913 4148 3572 4224; baseline -0.005 -13"><span class='ocrx_word' id='word_1_687' title='bbox 1913 4155 2123 4211; x_wconf 91' lang='lat' dir='ltr'><strong>bulum</strong></span> <span class='ocrx_word' id='word_1_688' title='bbox 2143 4155 2361 4224; x_wconf 66' lang='lat' dir='ltr'><strong>saepius</strong></span> <span class='ocrx_word' id='word_1_689' title='bbox 2376 4167 2710 4215; x_wconf 87' lang='lat' dir='ltr'><strong>assensum,</strong></span> <span class='ocrx_word' id='word_1_690' title='bbox 2731 4155 2994 4221; x_wconf 88' lang='lat' dir='ltr'><strong>pactum,</strong></span> <span class='ocrx_word' id='word_1_691' title='bbox 3014 4156 3116 4204; x_wconf 89' lang='lat' dir='ltr'><strong>aut</strong></span> <span class='ocrx_word' id='word_1_692' title='bbox 3131 4148 3572 4204; x_wconf 87' lang='lat' dir='ltr'><strong>confessionem</strong></span> 
     </span>
    </p>
   </div>
   <div class='ocr_carea' id='block_1_96' title="bbox 1915 4234 3573 4311">
    <p class='ocr_par' dir='ltr' id='par_1_96' title="bbox 1915 4234 3573 4311">
     <span class='ocr_line' id='line_1_96' title="bbox 1915 4234 3573 4311; baseline -0.007 -14"><span class='ocrx_word' id='word_1_693' title='bbox 1915 4243 2226 4311; x_wconf 88' lang='lat' dir='ltr'><strong>signiﬁcat.</strong></span> <span class='ocrx_word' id='word_1_694' title='bbox 2260 4243 2492 4302; x_wconf 87' lang='lat' dir='ltr'><strong>Verum,</strong></span> <span class='ocrx_word' id='word_1_695' title='bbox 2517 4254 2553 4293; x_wconf 97' lang='lat' dir='ltr'><strong>o</strong></span> <span class='ocrx_word' id='word_1_696' title='bbox 2581 4253 2866 4305; x_wconf 86' lang='lat' dir='ltr'><strong>magnam</strong></span> <span class='ocrx_word' id='word_1_697' title='bbox 2894 4235 3256 4290; x_wconf 85' lang='lat' dir='ltr'><strong>dementiam</strong></span> <span class='ocrx_word' id='word_1_698' title='bbox 3285 4234 3296 4287; x_wconf 86' lang='grc' dir='ltr'><strong>Ι</strong></span> <span class='ocrx_word' id='word_1_699' title='bbox 3325 4238 3380 4288; x_wconf 90' lang='lat' dir='ltr'><strong>et</strong></span> <span class='ocrx_word' id='word_1_700' title='bbox 3407 4235 3573 4288; x_wconf 79' lang='lat' dir='ltr'><strong>datu-</strong></span> 
     </span>
    </p>
   </div>
   <div class='ocr_carea' id='block_1_97' title="bbox 1914 4319 3573 4398">
    <p class='ocr_par' dir='ltr' id='par_1_97' title="bbox 1914 4319 3573 4398">
     <span class='ocr_line' id='line_1_97' title="bbox 1914 4319 3573 4398; baseline -0.008 -11"><span class='ocrx_word' id='word_1_701' title='bbox 1914 4348 2047 4387; x_wconf 87' lang='lat' dir='ltr'><strong>rum</strong></span> <span class='ocrx_word' id='word_1_702' title='bbox 2097 4347 2159 4384; x_wconf 87' lang='lat' dir='ltr'><strong>se</strong></span> <span class='ocrx_word' id='word_1_703' title='bbox 2212 4327 2455 4398; x_wconf 88' lang='lat' dir='ltr'><strong>juravit,</strong></span> <span class='ocrx_word' id='word_1_704' title='bbox 2497 4331 2552 4380; x_wconf 91' lang='lat' dir='ltr'><strong>et</strong></span> <span class='ocrx_word' id='word_1_705' title='bbox 2605 4326 2948 4396; x_wconf 84' lang='lat' dir='ltr'><strong>petitionem</strong></span> <span class='ocrx_word' id='word_1_706' title='bbox 3008 4323 3066 4376; x_wconf 89' lang='lat' dir='ltr'><strong>iu</strong></span> <span class='ocrx_word' id='word_1_707' title='bbox 3125 4337 3311 4376; x_wconf 87' lang='lat' dir='ltr'><strong>manu</strong></span> <span class='ocrx_word' id='word_1_708' title='bbox 3362 4319 3573 4390; x_wconf 65' lang='lat' dir='ltr'><strong>puellas</strong></span> 
     </span>
    </p>
   </div>
   <div class='ocr_carea' id='block_1_98' title="bbox 1914 4407 3576 4494">
    <p class='ocr_par' dir='ltr' id='par_1_98' title="bbox 1914 4407 3576 4494">
     <span class='ocr_line' id='line_1_98' title="bbox 1914 4407 3576 4494; baseline -0.008 -18"><span class='ocrx_word' id='word_1_709' title='bbox 1914 4419 2130 4494; x_wconf 90' lang='lat' dir='ltr'><strong>posuit,</strong></span> <span class='ocrx_word' id='word_1_710' title='bbox 2174 4423 2231 4473; x_wconf 90' lang='lat' dir='ltr'><strong>et</strong></span> <span class='ocrx_word' id='word_1_711' title='bbox 2269 4415 2586 4472; x_wconf 89' lang='lat' dir='ltr'><strong>dimidium</strong></span> <span class='ocrx_word' id='word_1_712' title='bbox 2617 4413 2786 4483; x_wconf 87' lang='lat' dir='ltr'><strong>regni</strong></span> <span class='ocrx_word' id='word_1_713' title='bbox 2821 4411 2914 4467; x_wconf 90' lang='lat' dir='ltr'><strong>sui</strong></span> <span class='ocrx_word' id='word_1_714' title='bbox 2953 4410 3113 4466; x_wconf 86' lang='lat' dir='ltr'><strong>brevi</strong></span> <span class='ocrx_word' id='word_1_715' title='bbox 3154 4407 3576 4464; x_wconf 84' lang='lat' dir='ltr'><strong>saltatiuncula</strong></span> 
     </span>
    </p>
   </div>
   <div class='ocr_carea' id='block_1_99' title="bbox 1915 4504 2328 4568">
    <p class='ocr_par' dir='ltr' id='par_1_99' title="bbox 1915 4504 2328 4568">
     <span class='ocr_line' id='line_1_99' title="bbox 1915 4504 2328 4568; baseline -0.022 1"><span class='ocrx_word' id='word_1_716' title='bbox 1915 4504 2328 4568; x_wconf 86' lang='lat' dir='ltr'><strong>commutavit.</strong></span> 
     </span>
    </p>
   </div>
   <div class='ocr_carea' id='block_1_100' title="bbox 1990 4623 3578 4697">
    <p class='ocr_par' dir='ltr' id='par_1_100' title="bbox 1990 4623 3578 4697">
     <span class='ocr_line' id='line_1_100' title="bbox 1990 4623 3578 4697; baseline -0.008 -5"><span class='ocrx_word' id='word_1_717' title='bbox 1990 4633 2340 4692; x_wconf 79' lang='lat' dir='ltr'><strong>Vers.8.Iila</strong></span> <span class='ocrx_word' id='word_1_718' title='bbox 2353 4627 2874 4697; x_wconf 66' lang='lat' dir='ltr'><strong>vero—Baptistae.</strong></span> <span class='ocrx_word' id='word_1_719' title='bbox 2891 4624 3256 4691; x_wconf 72' lang='lat' dir='ltr'><strong>Priamonita,</strong></span> <span class='ocrx_word' id='word_1_720' title='bbox 3273 4624 3329 4679; x_wconf 94' lang='lat' dir='ltr'><strong>id</strong></span> <span class='ocrx_word' id='word_1_721' title='bbox 3343 4623 3578 4680; x_wconf 84' lang='lat' dir='ltr'><strong>estedo—</strong></span> 
     </span>
    </p>
   </div>
   <div class='ocr_carea' id='block_1_101' title="bbox 1917 4712 3581 4790">
    <p class='ocr_par' dir='ltr' id='par_1_101' title="bbox 1917 4712 3581 4790">
     <span class='ocr_line' id='line_1_101' title="bbox 1917 4712 3581 4790; baseline -0.011 -5"><span class='ocrx_word' id='word_1_722' title='bbox 1917 4732 2030 4784; x_wconf 90' lang='lat' dir='ltr'><strong>cta.</strong></span> <span class='ocrx_word' id='word_1_723' title='bbox 2065 4724 2211 4781; x_wconf 91' lang='lat' dir='ltr'><strong>Dicit</strong></span> <span class='ocrx_word' id='word_1_724' title='bbox 2240 4736 2382 4790; x_wconf 88' lang='lat' dir='ltr'><strong>ergo</strong></span> <span class='ocrx_word' id='word_1_725' title='bbox 2415 4736 2426 4774; x_wconf 92' lang='lat'><strong>:</strong></span> <span class='ocrx_word' id='word_1_726' title='bbox 2456 4720 2546 4775; x_wconf 90' lang='lat' dir='ltr'><strong>Da</strong></span> <span class='ocrx_word' id='word_1_727' title='bbox 2566 4717 2714 4774; x_wconf 84' lang='lat' dir='ltr'><strong>mihi</strong></span> <span class='ocrx_word' id='word_1_728' title='bbox 2737 4717 2855 4781; x_wconf 78' lang='lat' dir='ltr'><strong>hic,</strong></span> <span class='ocrx_word' id='word_1_729' title='bbox 2875 4715 2935 4771; x_wconf 89' lang='lat' dir='ltr'><strong>id</strong></span> <span class='ocrx_word' id='word_1_730' title='bbox 2963 4721 3072 4778; x_wconf 91' lang='lat' dir='ltr'><strong>est,</strong></span> <span class='ocrx_word' id='word_1_731' title='bbox 3105 4730 3265 4770; x_wconf 89' lang='lat' dir='ltr'><strong>nunc</strong></span> <span class='ocrx_word' id='word_1_732' title='bbox 3289 4713 3349 4768; x_wconf 89' lang='lat' dir='ltr'><strong>in</strong></span> <span class='ocrx_word' id='word_1_733' title='bbox 3381 4712 3581 4769; x_wconf 84' lang='lat' dir='ltr'><strong>convi-</strong></span> 
     </span>
    </p>
   </div>
   <div class='ocr_carea' id='block_1_102' title="bbox 1916 4801 3582 4874">
    <p class='ocr_par' dir='ltr' id='par_1_102' title="bbox 1916 4801 3582 4874">
     <span class='ocr_line' id='line_1_102' title="bbox 1916 4801 3582 4874; baseline -0.011 0"><span class='ocrx_word' id='word_1_734' title='bbox 1916 4819 2033 4874; x_wconf 88' lang='lat' dir='ltr'><strong>vio.</strong></span> <span class='ocrx_word' id='word_1_735' title='bbox 2058 4818 2283 4871; x_wconf 85' lang='lat' dir='ltr'><strong>Marcus</strong></span> <span class='ocrx_word' id='word_1_736' title='bbox 2305 4815 2505 4866; x_wconf 87' lang='lat' dir='ltr'><strong>autem</strong></span> <span class='ocrx_word' id='word_1_737' title='bbox 2529 4823 2664 4863; x_wconf 91' lang='lat' dir='ltr'><strong>eam</strong></span> <span class='ocrx_word' id='word_1_738' title='bbox 2685 4806 2907 4860; x_wconf 85' lang='lat' dir='ltr'><strong>dixisse</strong></span> <span class='ocrx_word' id='word_1_739' title='bbox 2929 4805 3040 4861; x_wconf 90' lang='lat' dir='ltr'><strong>ait:</strong></span> <span class='ocrx_word' id='word_1_740' title='bbox 3076 4806 3212 4860; x_wconf 84' lang='lat' dir='ltr'><strong>Volo</strong></span> <span class='ocrx_word' id='word_1_741' title='bbox 3235 4810 3297 4858; x_wconf 92' lang='lat' dir='ltr'><strong>ut</strong></span> <span class='ocrx_word' id='word_1_742' title='bbox 3319 4803 3416 4859; x_wconf 78' lang='lat' dir='ltr'><strong>des</strong></span> <span class='ocrx_word' id='word_1_743' title='bbox 3440 4801 3582 4858; x_wconf 81' lang='lat' dir='ltr'><strong>mihi</strong></span> 
     </span>
    </p>
   </div>
   <div class='ocr_carea' id='block_1_103' title="bbox 1916 4891 3580 4974">
    <p class='ocr_par' dir='ltr' id='par_1_103' title="bbox 1916 4891 3580 4974">
     <span class='ocr_line' id='line_1_103' title="bbox 1916 4891 3580 4974; baseline -0.011 -10"><span class='ocrx_word' id='word_1_744' title='bbox 1916 4903 2224 4974; x_wconf 84' lang='lat' dir='ltr'><strong>confestim</strong></span> <span class='ocrx_word' id='word_1_745' title='bbox 2257 4902 2324 4965; x_wconf 81' lang='grc' dir='ltr'><strong>³ο,</strong></span> <span class='ocrx_word' id='word_1_746' title='bbox 2355 4900 2470 4956; x_wconf 91' lang='lat' dir='ltr'><strong>hoc</strong></span> <span class='ocrx_word' id='word_1_747' title='bbox 2498 4901 2612 4960; x_wconf 88' lang='lat' dir='ltr'><strong>est,</strong></span> <span class='ocrx_word' id='word_1_748' title='bbox 2643 4897 2863 4960; x_wconf 88' lang='lat' dir='ltr'><strong>statim,</strong></span> <span class='ocrx_word' id='word_1_749' title='bbox 2891 4900 3153 4966; x_wconf 90' lang='lat' dir='ltr'><strong>repente.</strong></span> <span class='ocrx_word' id='word_1_750' title='bbox 3183 4896 3363 4950; x_wconf 89' lang='lat' dir='ltr'><strong>Nacta</strong></span> <span class='ocrx_word' id='word_1_751' title='bbox 3393 4891 3580 4963; x_wconf 90' lang='lat' dir='ltr'><strong>siqui-</strong></span> 
     </span>
    </p>
   </div>
   <div class='ocr_carea' id='block_1_104' title="bbox 1442 5194 2351 5262">
    <p class='ocr_par' dir='ltr' id='par_1_104' title="bbox 1442 5194 2351 5262">
     <span class='ocr_line' id='line_1_104' title="bbox 1442 5194 2351 5262; baseline -0.012 0"><span class='ocrx_word' id='word_1_752' title='bbox 1442 5194 1658 5262; x_wconf 65' lang='lat' dir='ltr'><strong>Variaa</strong></span> <span class='ocrx_word' id='word_1_753' title='bbox 1692 5194 2018 5262; x_wconf 87' lang='lat' dir='ltr'><strong>lectiones</strong></span> <span class='ocrx_word' id='word_1_754' title='bbox 2053 5200 2117 5258; x_wconf 89' lang='lat' dir='ltr'><strong>et</strong></span> <span class='ocrx_word' id='word_1_755' title='bbox 2151 5198 2351 5255; x_wconf 74' lang='lat' dir='ltr'><strong>notae.</strong></span> 
     </span>
    </p>
   </div>
   <div class='ocr_carea' id='block_1_105' title="bbox 276 5373 1796 5452">
    <p class='ocr_par' dir='ltr' id='par_1_105' title="bbox 276 5373 1796 5452">
     <span class='ocr_line' id='line_1_105' title="bbox 276 5373 1796 5452; baseline 0.001 -21"><span class='ocrx_word' id='word_1_756' title='bbox 276 5376 356 5446; x_wconf 79' lang='lat' dir='ltr'><strong>(5t</strong></span> <span class='ocrx_word' id='word_1_757' title='bbox 373 5373 752 5452; x_wconf 74' lang='lat' dir='ltr'><strong>)__Hentenius</strong></span> <span class='ocrx_word' id='word_1_758' title='bbox 776 5375 1037 5452; x_wconf 70' lang='lat' dir='ltr'><strong>juravit.</strong></span> <span class='ocrx_word' id='word_1_759' title='bbox 1060 5378 1212 5452; x_wconf 71' lang='lat' dir='ltr'><strong>Ergo</strong></span> <span class='ocrx_word' id='word_1_760' title='bbox 1235 5383 1406 5452; x_wconf 59' lang='grc' dir='ltr'>νξᾷμοσε</span> <span class='ocrx_word' id='word_1_761' title='bbox 1426 5379 1582 5452; x_wconf 88' lang='lat' dir='ltr'><strong>legit.</strong></span> <span class='ocrx_word' id='word_1_762' title='bbox 1608 5383 1796 5436; x_wconf 82' lang='lat' dir='ltr'><strong>Recte.</strong></span> 
     </span>
    </p>
   </div>
   <div class='ocr_carea' id='block_1_106' title="bbox 210 5445 1802 5522">
    <p class='ocr_par' dir='ltr' id='par_1_106' title="bbox 210 5445 1802 5522">
     <span class='ocr_line' id='line_1_106' title="bbox 210 5445 1802 5522; baseline 0.003 -20"><span class='ocrx_word' id='word_1_763' title='bbox 210 5445 317 5503; x_wconf 77' lang='lat' dir='ltr'><strong>Nec</strong></span> <span class='ocrx_word' id='word_1_764' title='bbox 343 5448 513 5502; x_wconf 85' lang='lat' dir='ltr'><strong>aliter</strong></span> <span class='ocrx_word' id='word_1_765' title='bbox 543 5446 700 5500; x_wconf 85' lang='lat' dir='ltr'><strong>hunc</strong></span> <span class='ocrx_word' id='word_1_766' title='bbox 733 5445 929 5500; x_wconf 88' lang='lat' dir='ltr'><strong>locum</strong></span> <span class='ocrx_word' id='word_1_767' title='bbox 962 5445 1167 5503; x_wconf 85' lang='lat' dir='ltr'><strong>laudat</strong></span> <span class='ocrx_word' id='word_1_768' title='bbox 1195 5445 1666 5522; x_wconf 43' lang='lat' dir='ltr'><strong>Cli&#39;rysostftom.</strong></span> <span class='ocrx_word' id='word_1_769' title='bbox 1711 5454 1802 5507; x_wconf 81' lang='lat' dir='ltr'><strong>VII</strong></span> 
     </span>
    </p>
   </div>
   <div class='ocr_carea' id='block_1_107' title="bbox 1910 5363 3585 5453">
    <p class='ocr_par' dir='ltr' id='par_1_107' title="bbox 1910 5363 3585 5453">
     <span class='ocr_line' id='line_1_107' title="bbox 1910 5363 3585 5453; baseline -0.009 -20"><span class='ocrx_word' id='word_1_770' title='bbox 1910 5396 1970 5450; x_wconf 91' lang='lat' dir='ltr'><strong>p.</strong></span> <span class='ocrx_word' id='word_1_771' title='bbox 2005 5378 2105 5453; x_wconf 59' lang='grc'>497</span> <span class='ocrx_word' id='word_1_772' title='bbox 2141 5377 2206 5453; x_wconf 88' lang='lat' dir='ltr'><strong>C_._</strong></span> <span class='ocrx_word' id='word_1_773' title='bbox 2230 5375 2505 5453; x_wconf 38' lang='lat' dir='ltr'><strong>Imo.nec</strong></span> <span class='ocrx_word' id='word_1_774' title='bbox 2541 5369 2692 5425; x_wconf 87' lang='lat' dir='ltr'><strong>infra</strong></span> <span class='ocrx_word' id='word_1_775' title='bbox 2731 5368 2792 5424; x_wconf 90' lang='lat' dir='ltr'><strong>in</strong></span> <span class='ocrx_word' id='word_1_776' title='bbox 2837 5370 3114 5423; x_wconf 84' lang='lat' dir='ltr'><strong>contextu</strong></span> <span class='ocrx_word' id='word_1_777' title='bbox 3146 5365 3320 5421; x_wconf 88' lang='lat' dir='ltr'><strong>Marci</strong></span> <span class='ocrx_word' id='word_1_778' title='bbox 3349 5363 3585 5421; x_wconf 86' lang='lat' dir='ltr'><strong>codices</strong></span> 
     </span>
    </p>
   </div>
   <div class='ocr_carea' id='block_1_108' title="bbox 1914 5446 3274 5518">
    <p class='ocr_par' dir='ltr' id='par_1_108' title="bbox 1914 5446 3274 5518">
     <span class='ocr_line' id='line_1_108' title="bbox 1914 5446 3274 5518; baseline -0.015 -14"><span class='ocrx_word' id='word_1_779' title='bbox 1914 5446 2212 5518; x_wconf 83' lang='lat' dir='ltr'><strong>Euthymii</strong></span> <span class='ocrx_word' id='word_1_780' title='bbox 2252 5446 2511 5500; x_wconf 85' lang='lat' dir='ltr'><strong>variant.</strong></span> <span class='ocrx_word' id='word_1_781' title='bbox 3268 5477 3274 5484; x_wconf 79' lang='grc'><strong>,</strong></span> 
     </span>
    </p>
   </div>
   <div class='ocr_carea' id='block_1_109' title="bbox 271 5566 2867 5650">
    <p class='ocr_par' dir='ltr' id='par_1_109' title="bbox 271 5566 2867 5650">
     <span class='ocr_line' id='line_1_109' title="bbox 271 5566 2867 5650; baseline -0.003 -20"><span class='ocrx_word' id='word_1_782' title='bbox 271 5574 351 5646; x_wconf 86' lang='lat' dir='ltr'><strong>(r)</strong></span> <span class='ocrx_word' id='word_1_783' title='bbox 383 5573 511 5630; x_wconf 87' lang='lat' dir='ltr'><strong>Nec</strong></span> <span class='ocrx_word' id='word_1_784' title='bbox 540 5570 778 5627; x_wconf 83' lang='lat' dir='ltr'><strong>omnino</strong></span> <span class='ocrx_word' id='word_1_785' title='bbox 807 5571 1128 5641; x_wconf 84' lang='lat' dir='ltr'><strong>quiescens.</strong></span> <span class='ocrx_word' id='word_1_786' title='bbox 1164 5578 1423 5648; x_wconf 72' lang='lat' dir='ltr'><strong>Cumque</strong></span> <span class='ocrx_word' id='word_1_787' title='bbox 1454 5594 1699 5650; x_wconf 86' lang='lat' dir='ltr'><strong>prorsus</strong></span> <span class='ocrx_word' id='word_1_788' title='bbox 1728 5592 1851 5634; x_wconf 92' lang='lat' dir='ltr'><strong>non</strong></span> <span class='ocrx_word' id='word_1_789' title='bbox 1881 5574 2238 5647; x_wconf 87' lang='lat' dir='ltr'><strong>quiesceret,</strong></span> <span class='ocrx_word' id='word_1_790' title='bbox 2273 5572 2532 5626; x_wconf 88' lang='lat' dir='ltr'><strong>Joannes</strong></span> <span class='ocrx_word' id='word_1_791' title='bbox 2562 5566 2867 5624; x_wconf 82' lang='lat' dir='ltr'><strong>nimirum.</strong></span> 
     </span>
    </p>
   </div>
   <div class='ocr_carea' id='block_1_110' title="bbox 493 5695 1164 5755">
    <p class='ocr_par' dir='ltr' id='par_1_110' title="bbox 493 5695 1164 5755">
     <span class='ocr_line' id='line_1_110' title="bbox 493 5695 1164 5755; baseline 0.007 -5"><span class='ocrx_word' id='word_1_792' title='bbox 493 5697 726 5752; x_wconf 74' lang='lat' dir='ltr'><strong>PATROL.</strong></span> <span class='ocrx_word' id='word_1_793' title='bbox 777 5695 881 5752; x_wconf 71' lang='lat' dir='ltr'><strong>Gn.</strong></span> <span class='ocrx_word' id='word_1_794' title='bbox 923 5697 1164 5755; x_wconf 84' lang='lat' dir='ltr'><strong>CXXIX.</strong></span> 
     </span>
    </p>
   </div>
   <div class='ocr_carea' id='block_1_111' title="bbox 3233 5689 3297 5741">
    <p class='ocr_par' dir='ltr' id='par_1_111' title="bbox 3233 5689 3297 5741">
     <span class='ocr_line' id='line_1_111' title="bbox 3233 5689 3297 5741; baseline -0.016 0"><span class='ocrx_word' id='word_1_795' title='bbox 3233 5689 3297 5741; x_wconf 74' lang='grc'><strong>14</strong></span> 
     </span>
    </p>
   </div>
  </div>
