  <div class='ocr_page' id='page_1' title='image "/cluster/home/n/w/nwhite01/storage/ocr_20150623/129/hvd.32044019208511/237.png"; bbox 0 0 4176 6458; ppageno 0'>
   <div class='ocr_carea' id='block_1_1' title="bbox 639 353 744 408">
    <p class='ocr_par' dir='ltr' id='par_1_1' title="bbox 639 353 744 408">
     <span class='ocr_line' id='line_1_1' title="bbox 639 353 744 408; baseline 0.01 -1"><span class='ocrx_word' id='word_1_1' title='bbox 639 353 744 408; x_wconf 80' lang='grc'><strong>427</strong></span> 
     </span>
    </p>
   </div>
   <div class='ocr_carea' id='block_1_2' title="bbox 1950 345 2663 410">
    <p class='ocr_par' dir='ltr' id='par_1_2' title="bbox 1950 345 2663 410">
     <span class='ocr_line' id='line_1_2' title="bbox 1950 345 2663 410; baseline 0.006 -4"><span class='ocrx_word' id='word_1_2' title='bbox 1950 349 2295 407; x_wconf 85' lang='lat' dir='ltr'><strong>EUTYHMII</strong></span> <span class='ocrx_word' id='word_1_3' title='bbox 2334 345 2663 410; x_wconf 78' lang='lat' dir='ltr'><strong>ZlGABENl</strong></span> 
     </span>
    </p>
   </div>
   <div class='ocr_carea' id='block_1_3' title="bbox 3915 367 4032 425">
    <p class='ocr_par' dir='ltr' id='par_1_3' title="bbox 3915 367 4032 425">
     <span class='ocr_line' id='line_1_3' title="bbox 3915 367 4032 425; baseline 0.009 -1"><span class='ocrx_word' id='word_1_4' title='bbox 3915 367 4032 425; x_wconf 69' lang='grc'><strong>428</strong></span> 
     </span>
    </p>
   </div>
   <div class='ocr_carea' id='block_1_4' title="bbox 636 475 2256 568">
    <p class='ocr_par' dir='ltr' id='par_1_4' title="bbox 636 475 2256 553">
     <span class='ocr_line' id='line_1_4' title="bbox 636 475 2256 553; baseline -0.002 -19"><span class='ocrx_word' id='word_1_5' title='bbox 636 477 776 536; x_wconf 88' lang='lat' dir='ltr'><strong>dem</strong></span> <span class='ocrx_word' id='word_1_6' title='bbox 821 479 1106 537; x_wconf 81' lang='lat' dir='ltr'><strong>Herodias</strong></span> <span class='ocrx_word' id='word_1_7' title='bbox 1141 485 1380 553; x_wconf 88' lang='lat' dir='ltr'><strong>tempus</strong></span> <span class='ocrx_word' id='word_1_8' title='bbox 1417 481 1848 550; x_wconf 87' lang='lat' dir='ltr'><strong>opportunum,</strong></span> <span class='ocrx_word' id='word_1_9' title='bbox 1886 475 2039 531; x_wconf 86' lang='lat' dir='ltr'><strong>sicut</strong></span> <span class='ocrx_word' id='word_1_10' title='bbox 2073 476 2256 532; x_wconf 76' lang='lat' dir='ltr'><strong>iterur</strong></span> 
     </span>
    </p>
   </div>
   <div class='ocr_carea' id='block_1_5' title="bbox 2361 475 4028 568">
    <p class='ocr_par' dir='ltr' id='par_1_5' title="bbox 2361 481 4028 568">
     <span class='ocr_line' id='line_1_5' title="bbox 2361 481 4028 568; baseline 0.011 -38"><span class='ocrx_word' id='word_1_11' title='bbox 2361 483 2537 544; x_wconf 82' lang='grc' dir='ltr'><strong>.τίκα,</strong></span> <span class='ocrx_word' id='word_1_12' title='bbox 2613 481 2780 540; x_wconf 77' lang='grc' dir='ltr'><strong>εὐθύς.</strong></span> <span class='ocrx_word' id='word_1_13' title='bbox 2853 487 3041 555; x_wconf 76' lang='grc' dir='ltr'><strong>Καιρὸν</strong></span> <span class='ocrx_word' id='word_1_14' title='bbox 3103 487 3204 559; x_wconf 88' lang='grc' dir='ltr'><strong>γάρ</strong></span> <span class='ocrx_word' id='word_1_15' title='bbox 3269 484 3564 545; x_wconf 73' lang='grc' dir='ltr'><strong>ἐπιτήδειον</strong></span> <span class='ocrx_word' id='word_1_16' title='bbox 3630 494 3662 549; x_wconf 80' lang='grc' dir='ltr'><strong>ἠ</strong></span> <span class='ocrx_word' id='word_1_17' title='bbox 3739 492 4028 568; x_wconf 77' lang='grc' dir='ltr'><strong>Ἡρωδιὰς</strong></span> 
     </span>
    </p>
   </div>
   <div class='ocr_carea' id='block_1_6' title="bbox 635 563 2288 641">
    <p class='ocr_par' dir='ltr' id='par_1_6' title="bbox 635 563 2288 641">
     <span class='ocr_line' id='line_1_6' title="bbox 635 563 2288 641; baseline -0.002 -19"><span class='ocrx_word' id='word_1_18' title='bbox 635 567 869 638; x_wconf 82' lang='lat' dir='ltr'><strong>scripsit</strong></span> <span class='ocrx_word' id='word_1_19' title='bbox 908 571 1150 633; x_wconf 80' lang='lat' dir='ltr'><strong>Marcus,</strong></span> <span class='ocrx_word' id='word_1_20' title='bbox 1190 569 1293 641; x_wconf 87' lang='lat' dir='ltr'><strong>qui</strong></span> <span class='ocrx_word' id='word_1_21' title='bbox 1331 566 1478 622; x_wconf 83' lang='lat' dir='ltr'><strong>dixit</strong></span> <span class='ocrx_word' id='word_1_22' title='bbox 1518 582 1532 620; x_wconf 91' lang='lat'>:</span> <span class='ocrx_word' id='word_1_23' title='bbox 1576 564 1723 620; x_wconf 85' lang='lat' dir='ltr'><strong>Cum</strong></span> <span class='ocrx_word' id='word_1_24' title='bbox 1761 563 1882 618; x_wconf 76' lang='lat' dir='ltr'><strong>die:</strong></span> <span class='ocrx_word' id='word_1_25' title='bbox 1918 569 2288 632; x_wconf 79' lang='lat' dir='ltr'><strong>opportunus</strong></span> 
     </span>
    </p>
   </div>
   <div class='ocr_carea' id='block_1_7' title="bbox 634 652 2289 724">
    <p class='ocr_par' dir='ltr' id='par_1_7' title="bbox 634 652 2289 724">
     <span class='ocr_line' id='line_1_7' title="bbox 634 652 2289 724; baseline -0.004 -10"><span class='ocrx_word' id='word_1_26' title='bbox 634 659 940 714; x_wconf 78' lang='lat' dir='ltr'><strong>accidisset</strong></span> <span class='ocrx_word' id='word_1_27' title='bbox 963 661 1005 693; x_wconf 86' lang='grc'><strong>³¹</strong></span> <span class='ocrx_word' id='word_1_28' title='bbox 1034 676 1047 724; x_wconf 91' lang='grc'>;</span> <span class='ocrx_word' id='word_1_29' title='bbox 1076 675 1210 713; x_wconf 92' lang='lat' dir='ltr'><strong>cum</strong></span> <span class='ocrx_word' id='word_1_30' title='bbox 1239 659 1314 712; x_wconf 89' lang='lat' dir='ltr'><strong>ad</strong></span> <span class='ocrx_word' id='word_1_31' title='bbox 1342 672 1403 710; x_wconf 91' lang='lat' dir='ltr'><strong>se</strong></span> <span class='ocrx_word' id='word_1_32' title='bbox 1429 656 1696 723; x_wconf 82' lang='lat' dir='ltr'><strong>ingressa.</strong></span> <span class='ocrx_word' id='word_1_33' title='bbox 1721 659 1874 707; x_wconf 90' lang='lat' dir='ltr'><strong>esset</strong></span> <span class='ocrx_word' id='word_1_34' title='bbox 1895 652 2011 706; x_wconf 83' lang='lat' dir='ltr'><strong>tilia</strong></span> <span class='ocrx_word' id='word_1_35' title='bbox 2040 653 2289 708; x_wconf 88' lang='lat' dir='ltr'><strong>interro-</strong></span> 
     </span>
    </p>
   </div>
   <div class='ocr_carea' id='block_1_8' title="bbox 634 741 2286 818">
    <p class='ocr_par' dir='ltr' id='par_1_8' title="bbox 634 741 2286 818">
     <span class='ocr_line' id='line_1_8' title="bbox 634 741 2286 818; baseline -0.004 -16"><span class='ocrx_word' id='word_1_36' title='bbox 634 763 785 816; x_wconf 82' lang='lat' dir='ltr'><strong>gans</strong></span> <span class='ocrx_word' id='word_1_37' title='bbox 816 747 959 818; x_wconf 89' lang='lat' dir='ltr'><strong>quid</strong></span> <span class='ocrx_word' id='word_1_38' title='bbox 997 748 1248 817; x_wconf 89' lang='lat' dir='ltr'><strong>petitura</strong></span> <span class='ocrx_word' id='word_1_39' title='bbox 1278 749 1451 808; x_wconf 89' lang='lat' dir='ltr'><strong>esset,</strong></span> <span class='ocrx_word' id='word_1_40' title='bbox 1485 743 1763 814; x_wconf 58' lang='lat' dir='ltr'><strong>praecepit</strong></span> <span class='ocrx_word' id='word_1_41' title='bbox 1792 741 1871 795; x_wconf 86' lang='lat' dir='ltr'><strong>illi</strong></span> <span class='ocrx_word' id='word_1_42' title='bbox 1903 747 1967 796; x_wconf 89' lang='lat' dir='ltr'><strong>ut</strong></span> <span class='ocrx_word' id='word_1_43' title='bbox 1997 743 2193 796; x_wconf 88' lang='lat' dir='ltr'><strong>statim</strong></span> <span class='ocrx_word' id='word_1_44' title='bbox 2225 742 2286 796; x_wconf 92' lang='lat' dir='ltr'><strong>in</strong></span> 
     </span>
    </p>
   </div>
   <div class='ocr_carea' id='block_1_9' title="bbox 632 831 2285 904">
    <p class='ocr_par' dir='ltr' id='par_1_9' title="bbox 632 831 2285 904">
     <span class='ocr_line' id='line_1_9' title="bbox 632 831 2285 904; baseline -0.004 -14"><span class='ocrx_word' id='word_1_45' title='bbox 632 836 906 890; x_wconf 85' lang='lat' dir='ltr'><strong>convivio</strong></span> <span class='ocrx_word' id='word_1_46' title='bbox 925 841 1146 904; x_wconf 83' lang='lat' dir='ltr'><strong>peteret</strong></span> <span class='ocrx_word' id='word_1_47' title='bbox 1162 835 1287 887; x_wconf 86' lang='lat' dir='ltr'><strong>dari</strong></span> <span class='ocrx_word' id='word_1_48' title='bbox 1308 833 1420 886; x_wconf 86' lang='lat' dir='ltr'><strong>sibi</strong></span> <span class='ocrx_word' id='word_1_49' title='bbox 1441 836 1623 901; x_wconf 90' lang='lat' dir='ltr'><strong>caput</strong></span> <span class='ocrx_word' id='word_1_50' title='bbox 1637 831 1899 893; x_wconf 82' lang='lat' dir='ltr'><strong>Joannis,</strong></span> <span class='ocrx_word' id='word_1_51' title='bbox 1921 838 2193 885; x_wconf 78' lang='lat' dir='ltr'><strong>metuens</strong></span> <span class='ocrx_word' id='word_1_52' title='bbox 2211 845 2285 884; x_wconf 87' lang='lat' dir='ltr'><strong>ne</strong></span> 
     </span>
    </p>
   </div>
   <div class='ocr_carea' id='block_1_10' title="bbox 631 919 2284 992">
    <p class='ocr_par' dir='ltr' id='par_1_10' title="bbox 631 919 2284 992">
     <span class='ocr_line' id='line_1_10' title="bbox 631 919 2284 992; baseline -0.001 -16"><span class='ocrx_word' id='word_1_53' title='bbox 631 923 677 977; x_wconf 89' lang='lat' dir='ltr'><strong>si</strong></span> <span class='ocrx_word' id='word_1_54' title='bbox 712 929 947 992; x_wconf 81' lang='lat' dir='ltr'><strong>tempus</strong></span> <span class='ocrx_word' id='word_1_55' title='bbox 976 922 1117 976; x_wconf 92' lang='lat' dir='ltr'><strong>illud</strong></span> <span class='ocrx_word' id='word_1_56' title='bbox 1152 920 1681 992; x_wconf 70' lang='lat' dir='ltr'><strong>praeterlaberetur,</strong></span> <span class='ocrx_word' id='word_1_57' title='bbox 1716 920 2006 974; x_wconf 82' lang='lat' dir='ltr'><strong>Herodem</strong></span> <span class='ocrx_word' id='word_1_58' title='bbox 2036 919 2284 974; x_wconf 87' lang='lat' dir='ltr'><strong>omnino</strong></span> 
     </span>
    </p>
   </div>
   <div class='ocr_carea' id='block_1_11' title="bbox 627 1007 2279 1082">
    <p class='ocr_par' dir='ltr' id='par_1_11' title="bbox 627 1007 2279 1082">
     <span class='ocr_line' id='line_1_11' title="bbox 627 1007 2279 1082; baseline -0.001 -17"><span class='ocrx_word' id='word_1_59' title='bbox 627 1011 955 1082; x_wconf 72' lang='lat' dir='ltr'><strong>pmniteret,</strong></span> <span class='ocrx_word' id='word_1_60' title='bbox 973 1010 1070 1064; x_wconf 91' lang='lat' dir='ltr'><strong>ubi</strong></span> <span class='ocrx_word' id='word_1_61' title='bbox 1083 1009 1330 1066; x_wconf 88' lang='lat' dir='ltr'><strong>decocto</strong></span> <span class='ocrx_word' id='word_1_62' title='bbox 1346 1009 1482 1065; x_wconf 90' lang='lat' dir='ltr'><strong>vino</strong></span> <span class='ocrx_word' id='word_1_63' title='bbox 1495 1007 1574 1065; x_wconf 92' lang='lat' dir='ltr'><strong>ad</strong></span> <span class='ocrx_word' id='word_1_64' title='bbox 1589 1007 1967 1063; x_wconf 72' lang='lat' dir='ltr'><strong>sobrietatem</strong></span> <span class='ocrx_word' id='word_1_65' title='bbox 1979 1007 2250 1063; x_wconf 89' lang='lat' dir='ltr'><strong>rediisset</strong></span> <span class='ocrx_word' id='word_1_66' title='bbox 2265 1023 2279 1062; x_wconf 75' lang='grc' dir='ltr'><strong>ε</strong></span> 
     </span>
    </p>
   </div>
   <div class='ocr_carea' id='block_1_12' title="bbox 623 1096 2281 1169">
    <p class='ocr_par' dir='ltr' id='par_1_12' title="bbox 623 1096 2281 1169">
     <span class='ocr_line' id='line_1_12' title="bbox 623 1096 2281 1169; baseline -0.001 -16"><span class='ocrx_word' id='word_1_67' title='bbox 623 1098 716 1153; x_wconf 90' lang='lat' dir='ltr'><strong>vel</strong></span> <span class='ocrx_word' id='word_1_68' title='bbox 739 1097 918 1153; x_wconf 90' lang='lat' dir='ltr'><strong>etiam</strong></span> <span class='ocrx_word' id='word_1_69' title='bbox 939 1113 1014 1154; x_wconf 92' lang='lat' dir='ltr'><strong>ne</strong></span> <span class='ocrx_word' id='word_1_70' title='bbox 1035 1097 1365 1155; x_wconf 87' lang='lat' dir='ltr'><strong>amicorum</strong></span> <span class='ocrx_word' id='word_1_71' title='bbox 1384 1097 1629 1169; x_wconf 87' lang='lat' dir='ltr'><strong>quidam</strong></span> <span class='ocrx_word' id='word_1_72' title='bbox 1647 1096 1968 1169; x_wconf 80' lang='lat' dir='ltr'><strong>deprecati,</strong></span> <span class='ocrx_word' id='word_1_73' title='bbox 1987 1097 2281 1152; x_wconf 88' lang='lat' dir='ltr'><strong>Joannem</strong></span> 
     </span>
    </p>
   </div>
   <div class='ocr_carea' id='block_1_13' title="bbox 624 1185 966 1244">
    <p class='ocr_par' dir='ltr' id='par_1_13' title="bbox 624 1185 966 1244">
     <span class='ocr_line' id='line_1_13' title="bbox 624 1185 966 1244; baseline -0.006 -3"><span class='ocrx_word' id='word_1_74' title='bbox 624 1185 966 1244; x_wconf 86' lang='lat' dir='ltr'><strong>liberarent.</strong></span> 
     </span>
    </p>
   </div>
   <div class='ocr_carea' id='block_1_14' title="bbox 696 1309 2280 1382">
    <p class='ocr_par' dir='ltr' id='par_1_14' title="bbox 696 1309 2280 1382">
     <span class='ocr_line' id='line_1_14' title="bbox 696 1309 2280 1382; baseline 0 -16"><span class='ocrx_word' id='word_1_75' title='bbox 696 1314 852 1368; x_wconf 88' lang='lat' dir='ltr'><strong>Vers.</strong></span> <span class='ocrx_word' id='word_1_76' title='bbox 886 1313 940 1368; x_wconf 87' lang='lat'><strong>9.</strong></span> <span class='ocrx_word' id='word_1_77' title='bbox 972 1311 1054 1366; x_wconf 84' lang='lat' dir='ltr'><strong>Et</strong></span> <span class='ocrx_word' id='word_1_78' title='bbox 1079 1342 1146 1351; x_wconf 94' lang='lat'><strong>—</strong></span> <span class='ocrx_word' id='word_1_79' title='bbox 1173 1327 1299 1368; x_wconf 74' lang='lat' dir='ltr'><strong>rex.</strong></span> <span class='ocrx_word' id='word_1_80' title='bbox 1329 1341 1398 1352; x_wconf 89' lang='lat'><strong><em>—</em></strong></span> <span class='ocrx_word' id='word_1_81' title='bbox 1428 1310 1831 1368; x_wconf 80' lang='lat' dir='ltr'><strong>Contristatus</strong></span> <span class='ocrx_word' id='word_1_82' title='bbox 1856 1317 1957 1374; x_wconf 81' lang='lat' dir='ltr'><strong>est,</strong></span> <span class='ocrx_word' id='word_1_83' title='bbox 1981 1313 2108 1367; x_wconf 92' lang='lat' dir='ltr'><strong>tum</strong></span> <span class='ocrx_word' id='word_1_84' title='bbox 2134 1309 2280 1382; x_wconf 87' lang='lat' dir='ltr'><strong>quia</strong></span> 
     </span>
    </p>
   </div>
   <div class='ocr_carea' id='block_1_15' title="bbox 625 1401 2275 1474">
    <p class='ocr_par' dir='ltr' id='par_1_15' title="bbox 625 1401 2275 1474">
     <span class='ocr_line' id='line_1_15' title="bbox 625 1401 2275 1474; baseline -0.001 -16"><span class='ocrx_word' id='word_1_85' title='bbox 625 1417 920 1472; x_wconf 78' lang='lat' dir='ltr'><strong>magnum</strong></span> <span class='ocrx_word' id='word_1_86' title='bbox 946 1401 1138 1457; x_wconf 88' lang='lat' dir='ltr'><strong>virum</strong></span> <span class='ocrx_word' id='word_1_87' title='bbox 1165 1401 1474 1458; x_wconf 88' lang='lat' dir='ltr'><strong>occisurus</strong></span> <span class='ocrx_word' id='word_1_88' title='bbox 1502 1406 1648 1468; x_wconf 89' lang='lat' dir='ltr'><strong>erat,</strong></span> <span class='ocrx_word' id='word_1_89' title='bbox 1681 1405 1807 1457; x_wconf 91' lang='lat' dir='ltr'><strong>tum</strong></span> <span class='ocrx_word' id='word_1_90' title='bbox 1837 1401 1986 1474; x_wconf 84' lang='lat' dir='ltr'><strong>quia</strong></span> <span class='ocrx_word' id='word_1_91' title='bbox 2012 1401 2275 1457; x_wconf 88' lang='lat' dir='ltr'><strong>multitu-</strong></span> 
     </span>
    </p>
   </div>
   <div class='ocr_carea' id='block_1_16' title="bbox 617 1489 1731 1548">
    <p class='ocr_par' dir='ltr' id='par_1_16' title="bbox 617 1489 1731 1548">
     <span class='ocr_line' id='line_1_16' title="bbox 617 1489 1731 1548; baseline -0.001 -2"><span class='ocrx_word' id='word_1_92' title='bbox 617 1490 821 1546; x_wconf 88' lang='lat' dir='ltr'><strong>dinem</strong></span> <span class='ocrx_word' id='word_1_93' title='bbox 851 1491 912 1546; x_wconf 91' lang='lat' dir='ltr'><strong>in</strong></span> <span class='ocrx_word' id='word_1_94' title='bbox 944 1489 1036 1547; x_wconf 90' lang='lat' dir='ltr'><strong>sui</strong></span> <span class='ocrx_word' id='word_1_95' title='bbox 1066 1490 1276 1548; x_wconf 91' lang='lat' dir='ltr'><strong>odium</strong></span> <span class='ocrx_word' id='word_1_96' title='bbox 1307 1491 1731 1548; x_wconf 89' lang='lat' dir='ltr'><strong>concitaturus.</strong></span> 
     </span>
    </p>
   </div>
   <div class='ocr_carea' id='block_1_17' title="bbox 689 1615 2277 1686">
    <p class='ocr_par' dir='ltr' id='par_1_17' title="bbox 689 1615 2277 1686">
     <span class='ocr_line' id='line_1_17' title="bbox 689 1615 2277 1686; baseline 0.001 -16"><span class='ocrx_word' id='word_1_97' title='bbox 689 1616 854 1671; x_wconf 87' lang='lat' dir='ltr'><strong>Vers.</strong></span> <span class='ocrx_word' id='word_1_98' title='bbox 872 1621 921 1672; x_wconf 84' lang='lat'><strong>9.</strong></span> <span class='ocrx_word' id='word_1_99' title='bbox 944 1617 984 1670; x_wconf 78' lang='grc' dir='ltr'><em>Α</em></span> <span class='ocrx_word' id='word_1_100' title='bbox 1003 1621 1046 1671; x_wconf 73' lang='lat' dir='ltr'><strong>tl</strong></span> <span class='ocrx_word' id='word_1_101' title='bbox 1053 1632 1223 1673; x_wconf 87' lang='lat' dir='ltr'><strong>amen</strong></span> <span class='ocrx_word' id='word_1_102' title='bbox 1239 1619 1559 1686; x_wconf 80' lang='lat' dir='ltr'><strong>propter—</strong></span> <span class='ocrx_word' id='word_1_103' title='bbox 1571 1616 1726 1672; x_wconf 79' lang='lat' dir='ltr'><strong>dari.</strong></span> <span class='ocrx_word' id='word_1_104' title='bbox 1743 1617 1786 1672; x_wconf 92' lang='grc' dir='ltr'><strong>Ο</strong></span> <span class='ocrx_word' id='word_1_105' title='bbox 1801 1615 2088 1672; x_wconf 83' lang='lat' dir='ltr'><strong>muliebre</strong></span> <span class='ocrx_word' id='word_1_106' title='bbox 2106 1631 2277 1672; x_wconf 87' lang='lat' dir='ltr'><strong>man-</strong></span> 
     </span>
    </p>
   </div>
   <div class='ocr_carea' id='block_1_18' title="bbox 615 1705 2275 1776">
    <p class='ocr_par' dir='ltr' id='par_1_18' title="bbox 615 1705 2275 1776">
     <span class='ocr_line' id='line_1_18' title="bbox 615 1705 2275 1776; baseline 0 -15"><span class='ocrx_word' id='word_1_107' title='bbox 615 1705 871 1776; x_wconf 78' lang='lat' dir='ltr'><strong>cipium!</strong></span> <span class='ocrx_word' id='word_1_108' title='bbox 903 1706 1144 1776; x_wconf 86' lang='lat' dir='ltr'><strong>perjurii</strong></span> <span class='ocrx_word' id='word_1_109' title='bbox 1168 1712 1340 1761; x_wconf 89' lang='lat' dir='ltr'><strong>testes</strong></span> <span class='ocrx_word' id='word_1_110' title='bbox 1365 1705 1588 1761; x_wconf 89' lang='lat' dir='ltr'><strong>habere</strong></span> <span class='ocrx_word' id='word_1_111' title='bbox 1613 1705 1877 1770; x_wconf 88' lang='lat' dir='ltr'><strong>timuisti,</strong></span> <span class='ocrx_word' id='word_1_112' title='bbox 1906 1705 2145 1776; x_wconf 61' lang='lat' dir='ltr'><strong>injustas</strong></span> <span class='ocrx_word' id='word_1_113' title='bbox 2171 1721 2275 1761; x_wconf 84' lang='lat' dir='ltr'><strong>au-</strong></span> 
     </span>
    </p>
   </div>
   <div class='ocr_carea' id='block_1_19' title="bbox 614 1791 2344 1866">
    <p class='ocr_par' dir='ltr' id='par_1_19' title="bbox 614 1791 2344 1866">
     <span class='ocr_line' id='line_1_19' title="bbox 614 1791 2344 1866; baseline -0.002 -17"><span class='ocrx_word' id='word_1_114' title='bbox 614 1799 735 1849; x_wconf 83' lang='lat' dir='ltr'><strong>tem</strong></span> <span class='ocrx_word' id='word_1_115' title='bbox 768 1794 950 1849; x_wconf 67' lang='lat' dir='ltr'><strong>caedis</strong></span> <span class='ocrx_word' id='word_1_116' title='bbox 977 1801 1097 1850; x_wconf 88' lang='lat' dir='ltr'><strong>tam</strong></span> <span class='ocrx_word' id='word_1_117' title='bbox 1123 1795 1343 1850; x_wconf 90' lang='lat' dir='ltr'><strong>multos</strong></span> <span class='ocrx_word' id='word_1_118' title='bbox 1369 1794 1592 1850; x_wconf 85' lang='lat' dir='ltr'><strong>habere</strong></span> <span class='ocrx_word' id='word_1_119' title='bbox 1621 1801 1980 1866; x_wconf 86' lang='lat' dir='ltr'><strong>spectatores</strong></span> <span class='ocrx_word' id='word_1_120' title='bbox 2007 1810 2128 1850; x_wconf 91' lang='lat' dir='ltr'><strong>non</strong></span> <span class='ocrx_word' id='word_1_121' title='bbox 2159 1795 2271 1850; x_wconf 88' lang='lat' dir='ltr'><strong>for-</strong></span> <span class='ocrx_word' id='word_1_122' title='bbox 2300 1791 2344 1846; x_wconf 92' lang='grc' dir='ltr'>Β</span> 
     </span>
    </p>
   </div>
   <div class='ocr_carea' id='block_1_20' title="bbox 613 1883 2266 1956">
    <p class='ocr_par' dir='ltr' id='par_1_20' title="bbox 613 1883 2266 1956">
     <span class='ocr_line' id='line_1_20' title="bbox 613 1883 2266 1956; baseline 0 -18"><span class='ocrx_word' id='word_1_123' title='bbox 613 1883 897 1939; x_wconf 85' lang='lat' dir='ltr'><strong>midasti?</strong></span> <span class='ocrx_word' id='word_1_124' title='bbox 957 1884 1032 1938; x_wconf 89' lang='lat' dir='ltr'><strong>Te</strong></span> <span class='ocrx_word' id='word_1_125' title='bbox 1078 1884 1238 1940; x_wconf 90' lang='lat' dir='ltr'><strong>enim</strong></span> <span class='ocrx_word' id='word_1_126' title='bbox 1289 1890 1504 1940; x_wconf 86' lang='lat' dir='ltr'><strong>temere</strong></span> <span class='ocrx_word' id='word_1_127' title='bbox 1537 1884 1771 1954; x_wconf 86' lang='lat' dir='ltr'><strong>jurasse</strong></span> <span class='ocrx_word' id='word_1_128' title='bbox 1811 1899 1933 1940; x_wconf 92' lang='lat' dir='ltr'><strong>non</strong></span> <span class='ocrx_word' id='word_1_129' title='bbox 1972 1884 2266 1956; x_wconf 88' lang='lat' dir='ltr'><strong>oportuit;</strong></span> 
     </span>
    </p>
   </div>
   <div class='ocr_carea' id='block_1_21' title="bbox 612 1971 2271 2044">
    <p class='ocr_par' dir='ltr' id='par_1_21' title="bbox 612 1971 2271 2044">
     <span class='ocr_line' id='line_1_21' title="bbox 612 1971 2271 2044; baseline 0.002 -19"><span class='ocrx_word' id='word_1_130' title='bbox 612 1971 755 2042; x_wconf 86' lang='lat' dir='ltr'><strong>quia</strong></span> <span class='ocrx_word' id='word_1_131' title='bbox 785 1978 980 2028; x_wconf 87' lang='lat' dir='ltr'><strong>tamen</strong></span> <span class='ocrx_word' id='word_1_132' title='bbox 1011 1973 1503 2044; x_wconf 90' lang='lat' dir='ltr'><strong>incircumspecte</strong></span> <span class='ocrx_word' id='word_1_133' title='bbox 1518 1973 1752 2043; x_wconf 87' lang='lat' dir='ltr'><strong>jurasti,</strong></span> <span class='ocrx_word' id='word_1_134' title='bbox 1781 1972 1994 2028; x_wconf 90' lang='lat' dir='ltr'><strong>melius</strong></span> <span class='ocrx_word' id='word_1_135' title='bbox 2019 1977 2145 2028; x_wconf 89' lang='lat' dir='ltr'><strong>erat</strong></span> <span class='ocrx_word' id='word_1_136' title='bbox 2173 1988 2271 2043; x_wconf 88' lang='lat' dir='ltr'><strong>pe-</strong></span> 
     </span>
    </p>
   </div>
   <div class='ocr_carea' id='block_1_22' title="bbox 604 2061 2270 2134">
    <p class='ocr_par' dir='ltr' id='par_1_22' title="bbox 604 2061 2270 2134">
     <span class='ocr_line' id='line_1_22' title="bbox 604 2061 2270 2134; baseline 0.001 -19"><span class='ocrx_word' id='word_1_137' title='bbox 604 2062 794 2131; x_wconf 85' lang='lat' dir='ltr'><strong>jerare</strong></span> <span class='ocrx_word' id='word_1_138' title='bbox 823 2079 836 2115; x_wconf 88' lang='lat'>:</span> <span class='ocrx_word' id='word_1_139' title='bbox 868 2077 898 2116; x_wconf 90' lang='lat' dir='ltr'><strong>e</strong></span> <span class='ocrx_word' id='word_1_140' title='bbox 926 2061 1164 2118; x_wconf 84' lang='lat' dir='ltr'><strong>duobus</strong></span> <span class='ocrx_word' id='word_1_141' title='bbox 1193 2077 1460 2134; x_wconf 87' lang='lat' dir='ltr'><strong>namque</strong></span> <span class='ocrx_word' id='word_1_142' title='bbox 1488 2061 1682 2127; x_wconf 83' lang='lat' dir='ltr'><strong>malis,</strong></span> <span class='ocrx_word' id='word_1_143' title='bbox 1714 2061 1903 2117; x_wconf 85' lang='lat' dir='ltr'><strong>levius</strong></span> <span class='ocrx_word' id='word_1_144' title='bbox 1934 2066 2022 2117; x_wconf 88' lang='lat' dir='ltr'><strong>est</strong></span> <span class='ocrx_word' id='word_1_145' title='bbox 2051 2061 2270 2131; x_wconf 85' lang='lat' dir='ltr'><strong>eligen-</strong></span> 
     </span>
    </p>
   </div>
   <div class='ocr_carea' id='block_1_23' title="bbox 605 2149 774 2206">
    <p class='ocr_par' dir='ltr' id='par_1_23' title="bbox 605 2149 774 2206">
     <span class='ocr_line' id='line_1_23' title="bbox 605 2149 774 2206; baseline 0 -2"><span class='ocrx_word' id='word_1_146' title='bbox 605 2149 774 2206; x_wconf 93' lang='lat' dir='ltr'><strong>dum.</strong></span> 
     </span>
    </p>
   </div>
   <div class='ocr_carea' id='block_1_24' title="bbox 675 2290 2265 2364">
    <p class='ocr_par' dir='ltr' id='par_1_24' title="bbox 675 2290 2265 2364">
     <span class='ocr_line' id='line_1_24' title="bbox 675 2290 2265 2364; baseline -0.001 -17"><span class='ocrx_word' id='word_1_147' title='bbox 675 2295 833 2349; x_wconf 85' lang='lat' dir='ltr'><strong>Vers.</strong></span> <span class='ocrx_word' id='word_1_148' title='bbox 867 2297 946 2347; x_wconf 91' lang='grc'><strong>10.</strong></span> <span class='ocrx_word' id='word_1_149' title='bbox 975 2293 1240 2364; x_wconf 86' lang='lat' dir='ltr'><strong>Cumque</strong></span> <span class='ocrx_word' id='word_1_150' title='bbox 1258 2291 1506 2348; x_wconf 70' lang='lat' dir='ltr'><strong>misisset</strong></span> <span class='ocrx_word' id='word_1_151' title='bbox 1525 2323 1594 2331; x_wconf 93' lang='lat'>—</span> <span class='ocrx_word' id='word_1_152' title='bbox 1610 2307 1866 2349; x_wconf 84' lang='lat' dir='ltr'><strong>carcere.</strong></span> <span class='ocrx_word' id='word_1_153' title='bbox 1898 2293 2046 2348; x_wconf 89' lang='lat' dir='ltr'><strong>Cum</strong></span> <span class='ocrx_word' id='word_1_154' title='bbox 2068 2290 2265 2346; x_wconf 85' lang='lat' dir='ltr'><strong>misis-</strong></span> 
     </span>
    </p>
   </div>
   <div class='ocr_carea' id='block_1_25' title="bbox 602 2379 2263 2452">
    <p class='ocr_par' dir='ltr' id='par_1_25' title="bbox 602 2379 2263 2452">
     <span class='ocr_line' id='line_1_25' title="bbox 602 2379 2263 2452; baseline -0.001 -15"><span class='ocrx_word' id='word_1_155' title='bbox 602 2385 708 2446; x_wconf 83' lang='lat' dir='ltr'><strong>set,</strong></span> <span class='ocrx_word' id='word_1_156' title='bbox 748 2381 1022 2436; x_wconf 82' lang='lat' dir='ltr'><strong>videlicet</strong></span> <span class='ocrx_word' id='word_1_157' title='bbox 1070 2380 1502 2452; x_wconf 89' lang='lat' dir='ltr'><strong>speculatorem</strong></span> <span class='ocrx_word' id='word_1_158' title='bbox 1548 2385 1654 2438; x_wconf 87' lang='lat' dir='ltr'><strong>aut</strong></span> <span class='ocrx_word' id='word_1_159' title='bbox 1701 2379 2068 2444; x_wconf 87' lang='lat' dir='ltr'><strong>carniﬁcem,</strong></span> <span class='ocrx_word' id='word_1_160' title='bbox 2109 2379 2263 2436; x_wconf 90' lang='lat' dir='ltr'><strong>sicut</strong></span> 
     </span>
    </p>
   </div>
   <div class='ocr_carea' id='block_1_26' title="bbox 601 2467 2256 2533">
    <p class='ocr_par' dir='ltr' id='par_1_26' title="bbox 601 2467 2256 2533">
     <span class='ocr_line' id='line_1_26' title="bbox 601 2467 2256 2533; baseline -0.001 -7"><span class='ocrx_word' id='word_1_161' title='bbox 601 2469 749 2526; x_wconf 85' lang='lat' dir='ltr'><strong>dixit</strong></span> <span class='ocrx_word' id='word_1_162' title='bbox 779 2473 1008 2527; x_wconf 81' lang='lat' dir='ltr'><strong>Marcus</strong></span> <span class='ocrx_word' id='word_1_163' title='bbox 1037 2471 1105 2524; x_wconf 77' lang='grc'><strong>³³.</strong></span> <span class='ocrx_word' id='word_1_164' title='bbox 1141 2469 1304 2527; x_wconf 88' lang='lat' dir='ltr'><strong>Clam</strong></span> <span class='ocrx_word' id='word_1_165' title='bbox 1349 2469 1517 2526; x_wconf 90' lang='lat' dir='ltr'><strong>illum</strong></span> <span class='ocrx_word' id='word_1_166' title='bbox 1547 2469 1780 2533; x_wconf 89' lang='lat' dir='ltr'><strong>occidit,</strong></span> <span class='ocrx_word' id='word_1_167' title='bbox 1815 2485 1888 2525; x_wconf 90' lang='lat' dir='ltr'><strong>ne</strong></span> <span class='ocrx_word' id='word_1_168' title='bbox 1918 2467 2256 2525; x_wconf 83' lang='lat' dir='ltr'><strong>interfectus</strong></span> 
     </span>
    </p>
   </div>
   <div class='ocr_carea' id='block_1_27' title="bbox 599 2557 2256 2631">
    <p class='ocr_par' dir='ltr' id='par_1_27' title="bbox 599 2557 2256 2631">
     <span class='ocr_line' id='line_1_27' title="bbox 599 2557 2256 2631; baseline 0 -17"><span class='ocrx_word' id='word_1_169' title='bbox 599 2575 844 2631; x_wconf 90' lang='lat' dir='ltr'><strong>quoque</strong></span> <span class='ocrx_word' id='word_1_170' title='bbox 883 2557 1214 2631; x_wconf 89' lang='lat' dir='ltr'><strong>publicaret</strong></span> <span class='ocrx_word' id='word_1_171' title='bbox 1252 2558 1583 2616; x_wconf 88' lang='lat' dir='ltr'><strong>obscenum</strong></span> <span class='ocrx_word' id='word_1_172' title='bbox 1636 2558 2046 2615; x_wconf 91' lang='lat' dir='ltr'><strong>concubitum.</strong></span> <span class='ocrx_word' id='word_1_173' title='bbox 2089 2562 2146 2613; x_wconf 88' lang='lat' dir='ltr'><strong>et</strong></span> <span class='ocrx_word' id='word_1_174' title='bbox 2181 2575 2256 2614; x_wconf 91' lang='lat' dir='ltr'><strong>ne</strong></span> 
     </span>
    </p>
   </div>
   <div class='ocr_carea' id='block_1_28' title="bbox 596 2646 2255 2719">
    <p class='ocr_par' dir='ltr' id='par_1_28' title="bbox 596 2646 2255 2719">
     <span class='ocr_line' id='line_1_28' title="bbox 596 2646 2255 2719; baseline 0.001 -17"><span class='ocrx_word' id='word_1_175' title='bbox 596 2647 1028 2703; x_wconf 90' lang='lat' dir='ltr'><strong>multitudinem</strong></span> <span class='ocrx_word' id='word_1_176' title='bbox 1042 2647 1284 2704; x_wconf 89' lang='lat' dir='ltr'><strong>haberet</strong></span> <span class='ocrx_word' id='word_1_177' title='bbox 1296 2647 1506 2705; x_wconf 88' lang='lat' dir='ltr'><strong>factum</strong></span> <span class='ocrx_word' id='word_1_178' title='bbox 1521 2646 1634 2704; x_wconf 90' lang='lat' dir='ltr'><strong>hoc</strong></span> <span class='ocrx_word' id='word_1_179' title='bbox 1647 2647 2083 2719; x_wconf 90' lang='lat' dir='ltr'><strong>prohibentem.</strong></span> <span class='ocrx_word' id='word_1_180' title='bbox 2103 2649 2255 2704; x_wconf 88' lang='lat' dir='ltr'><strong>Deus</strong></span> 
     </span>
    </p>
   </div>
   <div class='ocr_carea' id='block_1_29' title="bbox 597 2735 2252 2809">
    <p class='ocr_par' dir='ltr' id='par_1_29' title="bbox 597 2735 2252 2809">
     <span class='ocr_line' id='line_1_29' title="bbox 597 2735 2252 2809; baseline 0 -18"><span class='ocrx_word' id='word_1_181' title='bbox 597 2739 801 2792; x_wconf 90' lang='lat' dir='ltr'><strong>autem</strong></span> <span class='ocrx_word' id='word_1_182' title='bbox 814 2735 874 2790; x_wconf 90' lang='lat' dir='ltr'><strong>id</strong></span> <span class='ocrx_word' id='word_1_183' title='bbox 889 2736 1196 2792; x_wconf 88' lang='lat' dir='ltr'><strong>sustinuit:</strong></span> <span class='ocrx_word' id='word_1_184' title='bbox 1217 2736 1392 2792; x_wconf 91' lang='lat' dir='ltr'><strong>simul</strong></span> <span class='ocrx_word' id='word_1_185' title='bbox 1419 2737 1667 2809; x_wconf 91' lang='lat' dir='ltr'><strong>quidem</strong></span> <span class='ocrx_word' id='word_1_186' title='bbox 1684 2741 1745 2790; x_wconf 91' lang='lat' dir='ltr'><strong>ut</strong></span> <span class='ocrx_word' id='word_1_187' title='bbox 1752 2736 1980 2806; x_wconf 91' lang='lat' dir='ltr'><strong>justum</strong></span> <span class='ocrx_word' id='word_1_188' title='bbox 1995 2735 2252 2807; x_wconf 89' lang='lat' dir='ltr'><strong>amplius</strong></span> 
     </span>
    </p>
   </div>
   <div class='ocr_carea' id='block_1_30' title="bbox 595 2823 2252 2896">
    <p class='ocr_par' dir='ltr' id='par_1_30' title="bbox 595 2823 2252 2896">
     <span class='ocr_line' id='line_1_30' title="bbox 595 2823 2252 2896; baseline 0.001 -16"><span class='ocrx_word' id='word_1_189' title='bbox 595 2828 928 2890; x_wconf 87' lang='lat' dir='ltr'><strong>coronaret,</strong></span> <span class='ocrx_word' id='word_1_190' title='bbox 959 2823 1137 2880; x_wconf 88' lang='lat' dir='ltr'><strong>simul</strong></span> <span class='ocrx_word' id='word_1_191' title='bbox 1157 2825 1337 2881; x_wconf 88' lang='lat' dir='ltr'><strong>etiam</strong></span> <span class='ocrx_word' id='word_1_192' title='bbox 1360 2830 1424 2880; x_wconf 90' lang='lat' dir='ltr'><strong>ut</strong></span> <span class='ocrx_word' id='word_1_193' title='bbox 1451 2825 1544 2879; x_wconf 91' lang='lat' dir='ltr'><strong>his</strong></span> <span class='ocrx_word' id='word_1_194' title='bbox 1573 2825 1676 2896; x_wconf 92' lang='lat' dir='ltr'><strong>qui</strong></span> <span class='ocrx_word' id='word_1_195' title='bbox 1697 2824 1915 2894; x_wconf 86' lang='lat' dir='ltr'><strong>injuste</strong></span> <span class='ocrx_word' id='word_1_196' title='bbox 1946 2825 2252 2896; x_wconf 88' lang='lat' dir='ltr'><strong>patiuntur</strong></span> 
     </span>
    </p>
   </div>
   <div class='ocr_carea' id='block_1_31' title="bbox 595 2913 1792 2986">
    <p class='ocr_par' dir='ltr' id='par_1_31' title="bbox 595 2913 1792 2986">
     <span class='ocr_line' id='line_1_31' title="bbox 595 2913 1792 2986; baseline 0.001 -18"><span class='ocrx_word' id='word_1_197' title='bbox 595 2913 1017 2970; x_wconf 89' lang='lat' dir='ltr'><strong>consolationis</strong></span> <span class='ocrx_word' id='word_1_198' title='bbox 1045 2913 1386 2986; x_wconf 76' lang='lat' dir='ltr'><strong>exemplum</strong></span> <span class='ocrx_word' id='word_1_199' title='bbox 1415 2913 1792 2985; x_wconf 89' lang='lat' dir='ltr'><strong>relinqueret.</strong></span> 
     </span>
    </p>
   </div>
   <div class='ocr_carea' id='block_1_32' title="bbox 665 3036 2248 3095">
    <p class='ocr_par' dir='ltr' id='par_1_32' title="bbox 665 3036 2248 3095">
     <span class='ocr_line' id='line_1_32' title="bbox 665 3036 2248 3095; baseline 0.003 -4"><span class='ocrx_word' id='word_1_200' title='bbox 665 3039 821 3092; x_wconf 82' lang='lat' dir='ltr'><strong>Vers.</strong></span> <span class='ocrx_word' id='word_1_201' title='bbox 858 3043 942 3094; x_wconf 82' lang='lat' dir='ltr'><strong>tl.</strong></span> <span class='ocrx_word' id='word_1_202' title='bbox 977 3039 1054 3094; x_wconf 81' lang='lat' dir='ltr'><strong>Et</strong></span> <span class='ocrx_word' id='word_1_203' title='bbox 1083 3067 1152 3077; x_wconf 89' lang='lat'><strong>-—</strong></span> <span class='ocrx_word' id='word_1_204' title='bbox 1185 3039 1372 3095; x_wconf 78' lang='lat' dir='ltr'><strong>lance.</strong></span> <span class='ocrx_word' id='word_1_205' title='bbox 1409 3037 1452 3092; x_wconf 95' lang='grc' dir='ltr'><strong>Ο</strong></span> <span class='ocrx_word' id='word_1_206' title='bbox 1482 3036 1708 3093; x_wconf 72' lang='grc' dir='ltr'><strong>ἰωάιιω</strong></span> <span class='ocrx_word' id='word_1_207' title='bbox 1740 3054 1810 3094; x_wconf 85' lang='lat' dir='ltr'><strong>ac</strong></span> <span class='ocrx_word' id='word_1_208' title='bbox 1839 3037 2018 3094; x_wconf 83' lang='lat' dir='ltr'><strong>ferale</strong></span> <span class='ocrx_word' id='word_1_209' title='bbox 2048 3039 2248 3095; x_wconf 91' lang='lat' dir='ltr'><strong>convi-</strong></span> 
     </span>
    </p>
   </div>
   <div class='ocr_carea' id='block_1_33' title="bbox 2396 569 4024 649">
    <p class='ocr_par' dir='ltr' id='par_1_33' title="bbox 2396 569 4024 649">
     <span class='ocr_line' id='line_1_33' title="bbox 2396 569 4024 649; baseline 0.012 -32"><span class='ocrx_word' id='word_1_210' title='bbox 2396 569 2640 637; x_wconf 75' lang='grc' dir='ltr'><strong>εὑροῦσα,</strong></span> <span class='ocrx_word' id='word_1_211' title='bbox 2690 572 2759 630; x_wconf 84' lang='grc' dir='ltr'><strong>ὡς</strong></span> <span class='ocrx_word' id='word_1_212' title='bbox 2807 572 3054 645; x_wconf 82' lang='grc' dir='ltr'><strong>ἱστόρησε</strong></span> <span class='ocrx_word' id='word_1_213' title='bbox 3103 573 3254 626; x_wconf 59' lang='grc' dir='ltr'><strong>πάλιν</strong></span> <span class='ocrx_word' id='word_1_214' title='bbox 3303 576 3328 626; x_wconf 91' lang='grc' dir='ltr'><strong>ό</strong></span> <span class='ocrx_word' id='word_1_215' title='bbox 3377 579 3611 649; x_wconf 79' lang='grc' dir='ltr'><strong>Μάρκος,</strong></span> <span class='ocrx_word' id='word_1_216' title='bbox 3655 581 3835 633; x_wconf 83' lang='grc' dir='ltr'><strong>εἰπών·</strong></span> <span class='ocrx_word' id='word_1_217' title='bbox 3888 582 4024 637; x_wconf 86' lang='grc' dir='ltr'><strong>Ὀτι</strong></span> 
     </span>
    </p>
   </div>
   <div class='ocr_carea' id='block_1_34' title="bbox 2398 658 4022 742">
    <p class='ocr_par' dir='ltr' id='par_1_34' title="bbox 2398 658 4022 742">
     <span class='ocr_line' id='line_1_34' title="bbox 2398 658 4022 742; baseline 0.012 -36"><span class='ocrx_word' id='word_1_218' title='bbox 2398 661 2496 707; x_wconf 79' lang='grc' dir='ltr'><strong>Καὶ</strong></span> <span class='ocrx_word' id='word_1_219' title='bbox 2551 658 2823 730; x_wconf 70' lang='grc' dir='ltr'><strong>γενομένης</strong></span> <span class='ocrx_word' id='word_1_220' title='bbox 2885 664 3079 733; x_wconf 75' lang='grc' dir='ltr'><strong>ἡμέρας</strong></span> <span class='ocrx_word' id='word_1_221' title='bbox 3132 664 3392 736; x_wconf 64' lang='grc' dir='ltr'><strong>εὐκαίρου.</strong></span> <span class='ocrx_word' id='word_1_222' title='bbox 3455 666 3595 720; x_wconf 85' lang='grc' dir='ltr'><strong>Ἐπεὶ</strong></span> <span class='ocrx_word' id='word_1_223' title='bbox 3657 675 3785 742; x_wconf 88' lang='grc' dir='ltr'><strong>πρὸς</strong></span> <span class='ocrx_word' id='word_1_224' title='bbox 3840 673 4022 730; x_wconf 69' lang='grc' dir='ltr'><strong>αὐτὴν</strong></span> 
     </span>
    </p>
   </div>
   <div class='ocr_carea' id='block_1_35' title="bbox 2395 744 4020 833">
    <p class='ocr_par' dir='ltr' id='par_1_35' title="bbox 2395 744 4020 833">
     <span class='ocr_line' id='line_1_35' title="bbox 2395 744 4020 833; baseline 0.006 -38"><span class='ocrx_word' id='word_1_225' title='bbox 2395 744 2625 802; x_wconf 81' lang='grc' dir='ltr'><strong>εἰσῆλθεν</strong></span> <span class='ocrx_word' id='word_1_226' title='bbox 2657 750 2685 804; x_wconf 74' lang='grc' dir='ltr'>ἡ</span> <span class='ocrx_word' id='word_1_227' title='bbox 2723 751 2954 821; x_wconf 75' lang='grc' dir='ltr'><strong>θυγάτηρ</strong></span> <span class='ocrx_word' id='word_1_228' title='bbox 2988 750 3250 824; x_wconf 72' lang='grc' dir='ltr'><strong>ἐρωτῶσα,</strong></span> <span class='ocrx_word' id='word_1_229' title='bbox 3284 759 3334 804; x_wconf 87' lang='grc' dir='ltr'><strong>τί</strong></span> <span class='ocrx_word' id='word_1_230' title='bbox 3374 754 3668 822; x_wconf 71' lang='grc' dir='ltr'><strong>αἰτήσεται,</strong></span> <span class='ocrx_word' id='word_1_231' title='bbox 3701 767 4020 833; x_wconf 50' lang='grc' dir='ltr'><strong>παρήγγει-</strong></span> 
     </span>
    </p>
   </div>
   <div class='ocr_carea' id='block_1_36' title="bbox 2392 833 4014 924">
    <p class='ocr_par' dir='ltr' id='par_1_36' title="bbox 2392 833 4014 924">
     <span class='ocr_line' id='line_1_36' title="bbox 2392 833 4014 924; baseline 0.012 -41"><span class='ocrx_word' id='word_1_232' title='bbox 2392 833 2470 884; x_wconf 97' lang='grc' dir='ltr'><strong>λεν</strong></span> <span class='ocrx_word' id='word_1_233' title='bbox 2525 835 2711 887; x_wconf 69' lang='grc' dir='ltr'><strong>αὐτίκα</strong></span> <span class='ocrx_word' id='word_1_234' title='bbox 2757 836 2805 888; x_wconf 74' lang='grc' dir='ltr'><strong>ἕν</strong></span> <span class='ocrx_word' id='word_1_235' title='bbox 2854 848 2924 909; x_wconf 80' lang='grc' dir='ltr'><strong>τῶ</strong></span> <span class='ocrx_word' id='word_1_236' title='bbox 2982 847 3260 912; x_wconf 77' lang='grc' dir='ltr'><strong>συμποσίῳ</strong></span> <span class='ocrx_word' id='word_1_237' title='bbox 3309 843 3528 901; x_wconf 84' lang='grc' dir='ltr'><strong>αἰτῆσαι</strong></span> <span class='ocrx_word' id='word_1_238' title='bbox 3578 842 3802 906; x_wconf 84' lang='grc' dir='ltr'><strong>δοθῆναι</strong></span> <span class='ocrx_word' id='word_1_239' title='bbox 3869 851 4014 924; x_wconf 73' lang='grc' dir='ltr'><strong>αὐτῇ</strong></span> 
     </span>
    </p>
   </div>
   <div class='ocr_carea' id='block_1_37' title="bbox 2391 924 4013 1005">
    <p class='ocr_par' dir='ltr' id='par_1_37' title="bbox 2391 924 4013 1005">
     <span class='ocr_line' id='line_1_37' title="bbox 2391 924 4013 1005; baseline 0.012 -32"><span class='ocrx_word' id='word_1_240' title='bbox 2391 927 2484 980; x_wconf 81' lang='grc' dir='ltr'><strong>την</strong></span> <span class='ocrx_word' id='word_1_241' title='bbox 2549 924 2770 994; x_wconf 68' lang='grc' dir='ltr'><strong>κεφαλὴν</strong></span> <span class='ocrx_word' id='word_1_242' title='bbox 2839 927 3098 996; x_wconf 74' lang='grc' dir='ltr'><strong>Ἰωάννου,</strong></span> <span class='ocrx_word' id='word_1_243' title='bbox 3168 929 3457 1002; x_wconf 73' lang='grc' dir='ltr'><strong>φοϐηθεῖσα</strong></span> <span class='ocrx_word' id='word_1_244' title='bbox 3522 938 3619 1005; x_wconf 83' lang='grc' dir='ltr'><strong>μὴ,</strong></span> <span class='ocrx_word' id='word_1_245' title='bbox 3690 943 3782 988; x_wconf 83' lang='grc' dir='ltr'><strong>τοῦ</strong></span> <span class='ocrx_word' id='word_1_246' title='bbox 3855 958 4013 996; x_wconf 85' lang='grc' dir='ltr'><strong>τηνι-</strong></span> 
     </span>
    </p>
   </div>
   <div class='ocr_carea' id='block_1_38' title="bbox 2390 1013 4008 1095">
    <p class='ocr_par' dir='ltr' id='par_1_38' title="bbox 2390 1013 4008 1095">
     <span class='ocr_line' id='line_1_38' title="bbox 2390 1013 4008 1095; baseline 0.012 -34"><span class='ocrx_word' id='word_1_247' title='bbox 2390 1018 2559 1064; x_wconf 80' lang='grc' dir='ltr'><strong>καῦτα</strong></span> <span class='ocrx_word' id='word_1_248' title='bbox 2609 1022 2794 1087; x_wconf 74' lang='grc' dir='ltr'><strong>καιροῦ</strong></span> <span class='ocrx_word' id='word_1_249' title='bbox 2849 1013 3302 1091; x_wconf 77' lang='grc' dir='ltr'><strong>παραδραμόντος,</strong></span> <span class='ocrx_word' id='word_1_250' title='bbox 3344 1021 3673 1095; x_wconf 73' lang='grc' dir='ltr'><strong>μεταμεληθῇ</strong></span> <span class='ocrx_word' id='word_1_251' title='bbox 3717 1027 3931 1089; x_wconf 73' lang='grc' dir='ltr'><strong>πάντως</strong></span> <span class='ocrx_word' id='word_1_252' title='bbox 3981 1031 4008 1080; x_wconf 86' lang='grc' dir='ltr'><strong><em>ὁ</em></strong></span> 
     </span>
    </p>
   </div>
   <div class='ocr_carea' id='block_1_39' title="bbox 2388 1097 4004 1182">
    <p class='ocr_par' dir='ltr' id='par_1_39' title="bbox 2388 1097 4004 1182">
     <span class='ocr_line' id='line_1_39' title="bbox 2388 1097 4004 1182; baseline 0.009 -30"><span class='ocrx_word' id='word_1_253' title='bbox 2388 1097 2648 1172; x_wconf 77' lang='grc' dir='ltr'><strong>Ἡρώδης,</strong></span> <span class='ocrx_word' id='word_1_254' title='bbox 2703 1101 2969 1174; x_wconf 69' lang='grc' dir='ltr'><strong>ἀνανήψας</strong></span> <span class='ocrx_word' id='word_1_255' title='bbox 3021 1113 3112 1165; x_wconf 85' lang='grc' dir='ltr'><strong>τῆς</strong></span> <span class='ocrx_word' id='word_1_256' title='bbox 3158 1109 3340 1177; x_wconf 81' lang='grc' dir='ltr'><strong>μέθης,</strong></span> <span class='ocrx_word' id='word_1_257' title='bbox 3387 1112 3442 1177; x_wconf 79' lang='grc' dir='ltr'><strong>ἦ,</strong></span> <span class='ocrx_word' id='word_1_258' title='bbox 3660 1116 3731 1182; x_wconf 79' lang='grc' dir='ltr'><strong>μὴ</strong></span> <span class='ocrx_word' id='word_1_259' title='bbox 3765 1119 3854 1166; x_wconf 75' lang='grc' dir='ltr'><strong>καὶ</strong></span> <span class='ocrx_word' id='word_1_260' title='bbox 3892 1125 4004 1167; x_wconf 90' lang='grc' dir='ltr'><strong>τῶν</strong></span> 
     </span>
    </p>
   </div>
   <div class='ocr_carea' id='block_1_40' title="bbox 2389 1188 4001 1274">
    <p class='ocr_par' dir='ltr' id='par_1_40' title="bbox 2389 1188 4001 1274">
     <span class='ocr_line' id='line_1_40' title="bbox 2389 1188 4001 1274; baseline 0.011 -35"><span class='ocrx_word' id='word_1_261' title='bbox 2389 1188 2543 1254; x_wconf 76' lang='grc' dir='ltr'><strong>φίλων</strong></span> <span class='ocrx_word' id='word_1_262' title='bbox 2603 1195 2730 1252; x_wconf 72' lang='grc' dir='ltr'><strong>τινες</strong></span> <span class='ocrx_word' id='word_1_263' title='bbox 2791 1193 3238 1266; x_wconf 77' lang='grc' dir='ltr'><strong>παρακαλέσαντες</strong></span> <span class='ocrx_word' id='word_1_264' title='bbox 3302 1196 3416 1267; x_wconf 86' lang='grc'><strong>(53)</strong></span> <span class='ocrx_word' id='word_1_265' title='bbox 3459 1196 3845 1274; x_wconf 71' lang='grc' dir='ltr'><strong>ἐλευθερώσωσι</strong></span> <span class='ocrx_word' id='word_1_266' title='bbox 3903 1208 4001 1256; x_wconf 90' lang='grc' dir='ltr'><strong>τὸν</strong></span> 
     </span>
    </p>
   </div>
   <div class='ocr_carea' id='block_1_41' title="bbox 2387 1277 2650 1336">
    <p class='ocr_par' dir='ltr' id='par_1_41' title="bbox 2387 1277 2650 1336">
     <span class='ocr_line' id='line_1_41' title="bbox 2387 1277 2650 1336; baseline 0 -7"><span class='ocrx_word' id='word_1_267' title='bbox 2387 1277 2650 1336; x_wconf 79' lang='grc' dir='ltr'><strong>Ἰωάννην,</strong></span> 
     </span>
    </p>
   </div>
   <div class='ocr_carea' id='block_1_42' title="bbox 2459 1435 3994 1524">
    <p class='ocr_par' dir='ltr' id='par_1_42' title="bbox 2459 1435 3994 1524">
     <span class='ocr_line' id='line_1_42' title="bbox 2459 1435 3994 1524; baseline 0.01 -34"><span class='ocrx_word' id='word_1_268' title='bbox 2459 1442 2557 1492; x_wconf 83' lang='grc' dir='ltr'><strong>Καὶ</strong></span> <span class='ocrx_word' id='word_1_269' title='bbox 2605 1470 2672 1479; x_wconf 92' lang='grc'><strong>-</strong></span> <span class='ocrx_word' id='word_1_270' title='bbox 2717 1435 2986 1512; x_wconf 74' lang='grc' dir='ltr'><strong>βασιλεύς.</strong></span> <span class='ocrx_word' id='word_1_271' title='bbox 3043 1473 3111 1484; x_wconf 90' lang='grc'><strong><em>-</em></strong></span> <span class='ocrx_word' id='word_1_272' title='bbox 3159 1440 3446 1511; x_wconf 73' lang='grc' dir='ltr'><strong>Ἐλυπήθη,</strong></span> <span class='ocrx_word' id='word_1_273' title='bbox 3499 1441 3637 1500; x_wconf 80' lang='grc' dir='ltr'><strong>διότι</strong></span> <span class='ocrx_word' id='word_1_274' title='bbox 3682 1448 3850 1522; x_wconf 82' lang='grc' dir='ltr'><strong>ἔμελλε</strong></span> <span class='ocrx_word' id='word_1_275' title='bbox 3892 1454 3994 1524; x_wconf 71' lang='grc' dir='ltr'><strong>μέ-</strong></span> 
     </span>
    </p>
   </div>
   <div class='ocr_carea' id='block_1_43' title="bbox 2381 1526 3991 1608">
    <p class='ocr_par' dir='ltr' id='par_1_43' title="bbox 2381 1526 3991 1608">
     <span class='ocr_line' id='line_1_43' title="bbox 2381 1526 3991 1608; baseline 0.009 -30"><span class='ocrx_word' id='word_1_276' title='bbox 2381 1548 2475 1599; x_wconf 90' lang='grc' dir='ltr'><strong>γαν</strong></span> <span class='ocrx_word' id='word_1_277' title='bbox 2535 1527 2720 1581; x_wconf 78' lang='grc' dir='ltr'><strong>ἀνελεῖν</strong></span> <span class='ocrx_word' id='word_1_278' title='bbox 2765 1526 2956 1604; x_wconf 79' lang='grc' dir='ltr'><strong>ἄνδρα,</strong></span> <span class='ocrx_word' id='word_1_279' title='bbox 3008 1536 3097 1584; x_wconf 78' lang='grc' dir='ltr'><strong>καὶ</strong></span> <span class='ocrx_word' id='word_1_280' title='bbox 3143 1541 3357 1591; x_wconf 83' lang='grc' dir='ltr'>κινῆσαι</span> <span class='ocrx_word' id='word_1_281' title='bbox 3402 1538 3536 1607; x_wconf 87' lang='grc' dir='ltr'><strong>πρὸς</strong></span> <span class='ocrx_word' id='word_1_282' title='bbox 3582 1544 3740 1608; x_wconf 90' lang='grc' dir='ltr'><strong>μῖσος</strong></span> <span class='ocrx_word' id='word_1_283' title='bbox 3795 1539 3991 1592; x_wconf 72' lang='grc' dir='ltr'><strong>ἑαυτοῦ</strong></span> 
     </span>
    </p>
   </div>
   <div class='ocr_carea' id='block_1_44' title="bbox 2381 1617 2674 1689">
    <p class='ocr_par' dir='ltr' id='par_1_44' title="bbox 2381 1617 2674 1689">
     <span class='ocr_line' id='line_1_44' title="bbox 2381 1617 2674 1689; baseline 0.01 -22"><span class='ocrx_word' id='word_1_284' title='bbox 2381 1621 2467 1668; x_wconf 87' lang='grc' dir='ltr'><strong>τὸν</strong></span> <span class='ocrx_word' id='word_1_285' title='bbox 2498 1617 2674 1689; x_wconf 83' lang='grc' dir='ltr'><strong>ὄχλον.</strong></span> 
     </span>
    </p>
   </div>
   <div class='ocr_carea' id='block_1_45' title="bbox 2452 1771 3980 1854">
    <p class='ocr_par' dir='ltr' id='par_1_45' title="bbox 2452 1771 3980 1854">
     <span class='ocr_line' id='line_1_45' title="bbox 2452 1771 3980 1854; baseline 0.007 -28"><span class='ocrx_word' id='word_1_286' title='bbox 2452 1777 2547 1826; x_wconf 88' lang='grc' dir='ltr'><strong>Διά</strong></span> <span class='ocrx_word' id='word_1_287' title='bbox 2589 1772 2647 1827; x_wconf 69' lang='grc' dir='ltr'><strong>δε</strong></span> <span class='ocrx_word' id='word_1_288' title='bbox 2697 1806 2764 1818; x_wconf 91' lang='lat'><strong><em>—</em></strong></span> <span class='ocrx_word' id='word_1_289' title='bbox 2831 1773 3069 1835; x_wconf 80' lang='grc' dir='ltr'><strong>δοθῆναι.</strong></span> <span class='ocrx_word' id='word_1_290' title='bbox 3127 1771 3196 1830; x_wconf 87' lang='grc' dir='ltr'><strong><em>’Ὠ</em></strong></span> <span class='ocrx_word' id='word_1_291' title='bbox 3241 1788 3534 1850; x_wconf 85' lang='grc' dir='ltr'><strong>γυναικεῖον</strong></span> <span class='ocrx_word' id='word_1_292' title='bbox 3586 1779 3921 1854; x_wconf 74' lang='grc' dir='ltr'><strong>ἀνδράποδον</strong></span> <span class='ocrx_word' id='word_1_293' title='bbox 3963 1783 3980 1837; x_wconf 80' lang='lat'><strong>.&#39;</strong></span> 
     </span>
    </p>
   </div>
   <div class='ocr_carea' id='block_1_46' title="bbox 2379 1862 3974 1944">
    <p class='ocr_par' dir='ltr' id='par_1_46' title="bbox 2379 1862 3974 1944">
     <span class='ocr_line' id='line_1_46' title="bbox 2379 1862 3974 1944; baseline 0.006 -30"><span class='ocrx_word' id='word_1_294' title='bbox 2379 1862 2641 1935; x_wconf 80' lang='grc' dir='ltr'><strong>ἐπιορκίας</strong></span> <span class='ocrx_word' id='word_1_295' title='bbox 2679 1868 2768 1936; x_wconf 72' lang='grc' dir='ltr'><strong>μὲν</strong></span> <span class='ocrx_word' id='word_1_296' title='bbox 2817 1868 3086 1940; x_wconf 80' lang='grc' dir='ltr'><strong>μάρτυρας</strong></span> <span class='ocrx_word' id='word_1_297' title='bbox 3126 1869 3267 1938; x_wconf 79' lang='grc' dir='ltr'><strong>ἔχειν</strong></span> <span class='ocrx_word' id='word_1_298' title='bbox 3317 1867 3629 1932; x_wconf 74' lang='grc' dir='ltr'><strong>ἔδειλίασας·</strong></span> <span class='ocrx_word' id='word_1_299' title='bbox 3662 1877 3974 1944; x_wconf 80' lang='grc' dir='ltr'><strong>παρανόμου</strong></span> 
     </span>
    </p>
   </div>
   <div class='ocr_carea' id='block_1_47' title="bbox 2379 1948 3972 2030">
    <p class='ocr_par' dir='ltr' id='par_1_47' title="bbox 2379 1948 3972 2030">
     <span class='ocr_line' id='line_1_47' title="bbox 2379 1948 3972 2030; baseline 0.004 -27"><span class='ocrx_word' id='word_1_300' title='bbox 2379 1948 2438 2004; x_wconf 72' lang='grc' dir='ltr'><strong>δὲ</strong></span> <span class='ocrx_word' id='word_1_301' title='bbox 2463 1962 2662 2024; x_wconf 76' lang='grc' dir='ltr'><strong>σφαγῆς</strong></span> <span class='ocrx_word' id='word_1_302' title='bbox 2693 1955 2874 2014; x_wconf 82' lang='grc' dir='ltr'><strong>θεατὰς</strong></span> <span class='ocrx_word' id='word_1_303' title='bbox 2903 1958 3178 2015; x_wconf 75' lang='grc' dir='ltr'>τοσούτους</span> <span class='ocrx_word' id='word_1_304' title='bbox 3206 1958 3346 2027; x_wconf 85' lang='grc' dir='ltr'><strong>ἔχειν</strong></span> <span class='ocrx_word' id='word_1_305' title='bbox 3375 1959 3468 2010; x_wconf 72' lang='grc' dir='ltr'><strong>οὐκ</strong></span> <span class='ocrx_word' id='word_1_306' title='bbox 3499 1957 3754 2030; x_wconf 73' lang='grc' dir='ltr'><strong>εφοϐήθης</strong></span> <span class='ocrx_word' id='word_1_307' title='bbox 3778 1976 3790 2025; x_wconf 92' lang='grc'><strong>;</strong></span> <span class='ocrx_word' id='word_1_308' title='bbox 3818 1955 3972 2012; x_wconf 80' lang='grc' dir='ltr'><strong>Ἔδει</strong></span> 
     </span>
    </p>
   </div>
   <div class='ocr_carea' id='block_1_48' title="bbox 2375 2043 3976 2121">
    <p class='ocr_par' dir='ltr' id='par_1_48' title="bbox 2375 2043 3976 2121">
     <span class='ocr_line' id='line_1_48' title="bbox 2375 2043 3976 2121; baseline 0.006 -31"><span class='ocrx_word' id='word_1_309' title='bbox 2375 2043 2472 2115; x_wconf 75' lang='grc' dir='ltr'><strong>γάρ</strong></span> <span class='ocrx_word' id='word_1_310' title='bbox 2517 2060 2574 2092; x_wconf 94' lang='grc' dir='ltr'><strong>σε</strong></span> <span class='ocrx_word' id='word_1_311' title='bbox 2615 2047 2686 2112; x_wconf 80' lang='grc' dir='ltr'><strong>μὴ</strong></span> <span class='ocrx_word' id='word_1_312' title='bbox 2740 2053 3005 2106; x_wconf 84' lang='grc' dir='ltr'><strong>προπετῶς</strong></span> <span class='ocrx_word' id='word_1_313' title='bbox 3059 2043 3269 2115; x_wconf 81' lang='grc' dir='ltr'><strong>ὀμόσαι’</strong></span> <span class='ocrx_word' id='word_1_314' title='bbox 3321 2045 3428 2100; x_wconf 70' lang='grc' dir='ltr'><strong>ἐπεὶ</strong></span> <span class='ocrx_word' id='word_1_315' title='bbox 3478 2043 3536 2099; x_wconf 64' lang='grc' dir='ltr'><strong>δι</strong></span> <span class='ocrx_word' id='word_1_316' title='bbox 3585 2046 3976 2121; x_wconf 76' lang='grc' dir='ltr'><strong>ἀπερισκέπτως</strong></span> 
     </span>
    </p>
   </div>
   <div class='ocr_carea' id='block_1_49' title="bbox 2375 2127 3974 2211">
    <p class='ocr_par' dir='ltr' id='par_1_49' title="bbox 2375 2127 3974 2211">
     <span class='ocr_line' id='line_1_49' title="bbox 2375 2127 3974 2211; baseline 0.006 -32"><span class='ocrx_word' id='word_1_317' title='bbox 2375 2133 2599 2201; x_wconf 83' lang='grc' dir='ltr'><strong>ὤμοσας,</strong></span> <span class='ocrx_word' id='word_1_318' title='bbox 2646 2137 2872 2204; x_wconf 87' lang='grc' dir='ltr'><strong>κρεῖττον</strong></span> <span class='ocrx_word' id='word_1_319' title='bbox 2905 2127 2964 2188; x_wconf 69' lang='grc' dir='ltr'><strong>ἦν</strong></span> <span class='ocrx_word' id='word_1_320' title='bbox 3014 2134 3346 2206; x_wconf 73' lang='grc' dir='ltr'><strong>ἐπιορκῆσαι·</strong></span> <span class='ocrx_word' id='word_1_321' title='bbox 3400 2132 3497 2188; x_wconf 83' lang='grc' dir='ltr'><strong>δύο</strong></span> <span class='ocrx_word' id='word_1_322' title='bbox 3549 2139 3649 2211; x_wconf 83' lang='grc' dir='ltr'><strong>γὰρ</strong></span> <span class='ocrx_word' id='word_1_323' title='bbox 3693 2145 3863 2188; x_wconf 86' lang='grc' dir='ltr'><strong>κακῶν</strong></span> <span class='ocrx_word' id='word_1_324' title='bbox 3910 2139 3974 2189; x_wconf 85' lang='grc' dir='ltr'><strong>τὸ</strong></span> 
     </span>
    </p>
   </div>
   <div class='ocr_carea' id='block_1_50' title="bbox 2371 2221 3049 2292">
    <p class='ocr_par' dir='ltr' id='par_1_50' title="bbox 2371 2221 3049 2292">
     <span class='ocr_line' id='line_1_50' title="bbox 2371 2221 3049 2292; baseline 0.009 -24"><span class='ocrx_word' id='word_1_325' title='bbox 2371 2222 2676 2292; x_wconf 76' lang='grc' dir='ltr'><strong>κουφότερον</strong></span> <span class='ocrx_word' id='word_1_326' title='bbox 2699 2221 3049 2292; x_wconf 86' lang='grc' dir='ltr'><strong>αἱρετώτερον.</strong></span> 
     </span>
    </p>
   </div>
   <div class='ocr_carea' id='block_1_51' title="bbox 2443 2377 3966 2460">
    <p class='ocr_par' dir='ltr' id='par_1_51' title="bbox 2443 2377 3966 2460">
     <span class='ocr_line' id='line_1_51' title="bbox 2443 2377 3966 2460; baseline 0.005 -30"><span class='ocrx_word' id='word_1_327' title='bbox 2443 2382 2541 2430; x_wconf 78' lang='grc' dir='ltr'><strong>Καὶ</strong></span> <span class='ocrx_word' id='word_1_328' title='bbox 2605 2377 2810 2450; x_wconf 78' lang='grc' dir='ltr'><strong>πέμψας</strong></span> <span class='ocrx_word' id='word_1_329' title='bbox 2863 2409 2933 2418; x_wconf 93' lang='lat'><strong>—-</strong></span> <span class='ocrx_word' id='word_1_330' title='bbox 2998 2379 3220 2453; x_wconf 70' lang='grc' dir='ltr'><strong>φυλακῇ.</strong></span> <span class='ocrx_word' id='word_1_331' title='bbox 3280 2382 3494 2454; x_wconf 71' lang='grc' dir='ltr'><strong>Πέμψας</strong></span> <span class='ocrx_word' id='word_1_332' title='bbox 3540 2383 3966 2460; x_wconf 81' lang='grc' dir='ltr'><strong>σπεκουλάτωρα,</strong></span> 
     </span>
    </p>
   </div>
   <div class='ocr_carea' id='block_1_52' title="bbox 2366 2462 3962 2545">
    <p class='ocr_par' dir='ltr' id='par_1_52' title="bbox 2366 2462 3962 2545">
     <span class='ocr_line' id='line_1_52' title="bbox 2366 2462 3962 2545; baseline 0.007 -29"><span class='ocrx_word' id='word_1_333' title='bbox 2366 2467 2479 2523; x_wconf 73' lang='grc' dir='ltr'>ἦτοι</span> <span class='ocrx_word' id='word_1_334' title='bbox 2513 2462 2724 2538; x_wconf 80' lang='grc' dir='ltr'><strong>δήμιον,</strong></span> <span class='ocrx_word' id='word_1_335' title='bbox 2757 2469 2823 2528; x_wconf 86' lang='grc' dir='ltr'><strong>ὡς</strong></span> <span class='ocrx_word' id='word_1_336' title='bbox 2847 2464 2982 2520; x_wconf 80' lang='grc' dir='ltr'><strong>εἶπεν</strong></span> <span class='ocrx_word' id='word_1_337' title='bbox 3015 2470 3040 2519; x_wconf 87' lang='grc' dir='ltr'><strong><em>ὁ</em></strong></span> <span class='ocrx_word' id='word_1_338' title='bbox 3076 2471 3302 2542; x_wconf 78' lang='grc' dir='ltr'><strong>Μάρκος,</strong></span> <span class='ocrx_word' id='word_1_339' title='bbox 3336 2469 3504 2545; x_wconf 80' lang='grc' dir='ltr'><strong>λάθρα</strong></span> <span class='ocrx_word' id='word_1_340' title='bbox 3533 2479 3716 2525; x_wconf 83' lang='grc' dir='ltr'><strong>τοῦτον</strong></span> <span class='ocrx_word' id='word_1_341' title='bbox 3749 2473 3962 2541; x_wconf 75' lang='grc' dir='ltr'><strong>ἀνεῖλεν,</strong></span> 
     </span>
    </p>
   </div>
   <div class='ocr_carea' id='block_1_53' title="bbox 2365 2554 3964 2634">
    <p class='ocr_par' dir='ltr' id='par_1_53' title="bbox 2365 2554 3964 2634">
     <span class='ocr_line' id='line_1_53' title="bbox 2365 2554 3964 2634; baseline 0.006 -29"><span class='ocrx_word' id='word_1_342' title='bbox 2365 2555 2446 2606; x_wconf 87' lang='grc' dir='ltr'><strong>ἶνα</strong></span> <span class='ocrx_word' id='word_1_343' title='bbox 2474 2560 2544 2626; x_wconf 81' lang='grc' dir='ltr'><strong>μὴ</strong></span> <span class='ocrx_word' id='word_1_344' title='bbox 2591 2561 2681 2607; x_wconf 85' lang='grc' dir='ltr'><strong>καὶ</strong></span> <span class='ocrx_word' id='word_1_345' title='bbox 2713 2554 3072 2628; x_wconf 77' lang='grc' dir='ltr'><strong>ἀναιρούμενος</strong></span> <span class='ocrx_word' id='word_1_346' title='bbox 3119 2559 3234 2628; x_wconf 76' lang='grc'><strong>(54)</strong></span> <span class='ocrx_word' id='word_1_347' title='bbox 3285 2555 3580 2632; x_wconf 75' lang='grc' dir='ltr'><strong>δημοσιεύη</strong></span> <span class='ocrx_word' id='word_1_348' title='bbox 3625 2566 3720 2618; x_wconf 81' lang='grc' dir='ltr'><strong>την</strong></span> <span class='ocrx_word' id='word_1_349' title='bbox 3769 2561 3964 2634; x_wconf 81' lang='grc' dir='ltr'><strong>ἀσελγῆ</strong></span> 
     </span>
    </p>
   </div>
   <div class='ocr_carea' id='block_1_54' title="bbox 2359 2643 3968 2717">
    <p class='ocr_par' dir='ltr' id='par_1_54' title="bbox 2359 2643 3968 2717">
     <span class='ocr_line' id='line_1_54' title="bbox 2359 2643 3968 2717; baseline 0.006 -23"><span class='ocrx_word' id='word_1_350' title='bbox 2359 2643 2500 2715; x_wconf 83' lang='grc' dir='ltr'><strong>μὶξιν</strong></span> <span class='ocrx_word' id='word_1_351' title='bbox 2527 2645 2709 2713; x_wconf 75' lang='grc' dir='ltr'><strong>αὑτοῦ,</strong></span> <span class='ocrx_word' id='word_1_352' title='bbox 2735 2650 2823 2697; x_wconf 82' lang='grc' dir='ltr'><strong>καὶ</strong></span> <span class='ocrx_word' id='word_1_353' title='bbox 2855 2647 2936 2696; x_wconf 83' lang='grc' dir='ltr'><strong>ἱνα</strong></span> <span class='ocrx_word' id='word_1_354' title='bbox 2959 2650 3030 2717; x_wconf 80' lang='grc' dir='ltr'><strong>μὴ</strong></span> <span class='ocrx_word' id='word_1_355' title='bbox 3059 2649 3145 2698; x_wconf 87' lang='grc' dir='ltr'><strong>τὸν</strong></span> <span class='ocrx_word' id='word_1_356' title='bbox 3172 2646 3330 2717; x_wconf 78' lang='grc' dir='ltr'><strong>ὄχλον</strong></span> <span class='ocrx_word' id='word_1_357' title='bbox 3360 2647 3460 2709; x_wconf 82' lang='grc' dir='ltr'><strong>ἔξει</strong></span> <span class='ocrx_word' id='word_1_358' title='bbox 3488 2648 3770 2703; x_wconf 85' lang='grc' dir='ltr'><strong>κωλυοντα.</strong></span> <span class='ocrx_word' id='word_1_359' title='bbox 3807 2650 3866 2702; x_wconf 76' lang='lat'><strong>&#39;0</strong></span> <span class='ocrx_word' id='word_1_360' title='bbox 3901 2648 3938 2704; x_wconf 87' lang='grc' dir='ltr'><strong>δ</strong></span> <span class='ocrx_word' id='word_1_361' title='bbox 3942 2655 3968 2704; x_wconf 76' lang='grc' dir='ltr'><strong>ε</strong></span> 
     </span>
    </p>
   </div>
   <div class='ocr_carea' id='block_1_55' title="bbox 2361 2732 3961 2810">
    <p class='ocr_par' dir='ltr' id='par_1_55' title="bbox 2361 2732 3961 2810">
     <span class='ocr_line' id='line_1_55' title="bbox 2361 2732 3961 2810; baseline 0.004 -26"><span class='ocrx_word' id='word_1_362' title='bbox 2361 2737 2485 2792; x_wconf 79' lang='grc' dir='ltr'><strong>Θεὸς</strong></span> <span class='ocrx_word' id='word_1_363' title='bbox 2512 2734 2784 2804; x_wconf 75' lang='grc' dir='ltr'><strong>ἠνέσχετο,</strong></span> <span class='ocrx_word' id='word_1_364' title='bbox 2831 2736 2961 2805; x_wconf 82' lang='grc' dir='ltr'><strong>όμοῦ</strong></span> <span class='ocrx_word' id='word_1_365' title='bbox 2992 2738 3082 2805; x_wconf 73' lang='grc' dir='ltr'><strong>μεν</strong></span> <span class='ocrx_word' id='word_1_366' title='bbox 3111 2738 3198 2786; x_wconf 88' lang='grc' dir='ltr'><strong>τὸν</strong></span> <span class='ocrx_word' id='word_1_367' title='bbox 3231 2732 3437 2788; x_wconf 84' lang='grc' dir='ltr'><strong>δίκαιον</strong></span> <span class='ocrx_word' id='word_1_368' title='bbox 3484 2745 3743 2808; x_wconf 79' lang='grc' dir='ltr'><strong>στεφανῶν</strong></span> <span class='ocrx_word' id='word_1_369' title='bbox 3772 2740 3961 2810; x_wconf 77' lang='grc' dir='ltr'><strong>μειζό-</strong></span> 
     </span>
    </p>
   </div>
   <div class='ocr_carea' id='block_1_56' title="bbox 2357 2819 3964 2899">
    <p class='ocr_par' dir='ltr' id='par_1_56' title="bbox 2357 2819 3964 2899">
     <span class='ocr_line' id='line_1_56' title="bbox 2357 2819 3964 2899; baseline 0.006 -28"><span class='ocrx_word' id='word_1_370' title='bbox 2357 2841 2468 2885; x_wconf 87' lang='grc' dir='ltr'><strong>νως,</strong></span> <span class='ocrx_word' id='word_1_371' title='bbox 2526 2823 2655 2893; x_wconf 75' lang='grc' dir='ltr'><strong>ὁμοῦ</strong></span> <span class='ocrx_word' id='word_1_372' title='bbox 2710 2819 2769 2874; x_wconf 68' lang='grc' dir='ltr'><strong>δὲ</strong></span> <span class='ocrx_word' id='word_1_373' title='bbox 2820 2829 2930 2884; x_wconf 89' lang='grc' dir='ltr'><strong>τοῖς</strong></span> <span class='ocrx_word' id='word_1_374' title='bbox 2975 2819 3173 2885; x_wconf 78' lang='grc' dir='ltr'><strong>ἀδίκως</strong></span> <span class='ocrx_word' id='word_1_375' title='bbox 3225 2827 3504 2896; x_wconf 76' lang='grc' dir='ltr'><strong>πάσχουσι</strong></span> <span class='ocrx_word' id='word_1_376' title='bbox 3557 2825 3964 2899; x_wconf 79' lang='grc' dir='ltr'><strong>καταλιμπάνων</strong></span> 
     </span>
    </p>
   </div>
   <div class='ocr_carea' id='block_1_57' title="bbox 2358 2913 2714 2985">
    <p class='ocr_par' dir='ltr' id='par_1_57' title="bbox 2358 2913 2714 2985">
     <span class='ocr_line' id='line_1_57' title="bbox 2358 2913 2714 2985; baseline 0.008 -24"><span class='ocrx_word' id='word_1_377' title='bbox 2358 2913 2714 2985; x_wconf 80' lang='grc' dir='ltr'><strong>παραμυθίαν.</strong></span> 
     </span>
    </p>
   </div>
   <div class='ocr_carea' id='block_1_58' title="bbox 2430 3071 3959 3152">
    <p class='ocr_par' dir='ltr' id='par_1_58' title="bbox 2430 3071 3959 3152">
     <span class='ocr_line' id='line_1_58' title="bbox 2430 3071 3959 3152; baseline 0.005 -30"><span class='ocrx_word' id='word_1_378' title='bbox 2430 3076 2529 3123; x_wconf 78' lang='grc' dir='ltr'><strong>Καὶ</strong></span> <span class='ocrx_word' id='word_1_379' title='bbox 2575 3101 2642 3112; x_wconf 90' lang='grc'><strong><em>-</em></strong></span> <span class='ocrx_word' id='word_1_380' title='bbox 2689 3076 2892 3128; x_wconf 83' lang='grc' dir='ltr'><strong>πίνακι.</strong></span> <span class='ocrx_word' id='word_1_381' title='bbox 2940 3071 3010 3124; x_wconf 79' lang='grc' dir='ltr'><strong>ἰι</strong></span> <span class='ocrx_word' id='word_1_382' title='bbox 3053 3081 3246 3148; x_wconf 85' lang='grc' dir='ltr'><strong>μιαροῦ</strong></span> <span class='ocrx_word' id='word_1_383' title='bbox 3293 3078 3588 3145; x_wconf 85' lang='grc' dir='ltr'><strong>συμποσίου</strong></span> <span class='ocrx_word' id='word_1_384' title='bbox 3634 3080 3724 3128; x_wconf 84' lang='grc' dir='ltr'><strong>καὶ</strong></span> <span class='ocrx_word' id='word_1_385' title='bbox 3761 3078 3959 3152; x_wconf 83' lang='grc' dir='ltr'><strong>θηριώ-</strong></span> 
     </span>
    </p>
   </div>
   <div class='ocr_carea' id='block_1_59' title="bbox 593 3119 2256 3236">
    <p class='ocr_par' dir='ltr' id='par_1_59' title="bbox 593 3124 2244 3236">
     <span class='ocr_line' id='line_1_59' title="bbox 593 3124 2244 3200; baseline 0.002 -20"><span class='ocrx_word' id='word_1_386' title='bbox 593 3125 786 3184; x_wconf 86' lang='lat' dir='ltr'><strong>viuml</strong></span> <span class='ocrx_word' id='word_1_387' title='bbox 823 3127 1138 3192; x_wconf 86' lang='lat' dir='ltr'><strong>Quomodo</strong></span> <span class='ocrx_word' id='word_1_388' title='bbox 1160 3139 1283 3180; x_wconf 91' lang='lat' dir='ltr'><strong>non</strong></span> <span class='ocrx_word' id='word_1_389' title='bbox 1309 3124 1608 3182; x_wconf 82' lang='lat' dir='ltr'><strong>vociferati</strong></span> <span class='ocrx_word' id='word_1_390' title='bbox 1640 3131 1779 3182; x_wconf 89' lang='lat' dir='ltr'><strong>sunt</strong></span> <span class='ocrx_word' id='word_1_391' title='bbox 1806 3128 1909 3200; x_wconf 89' lang='lat' dir='ltr'><strong>qui</strong></span> <span class='ocrx_word' id='word_1_392' title='bbox 1942 3127 2119 3183; x_wconf 88' lang='lat' dir='ltr'><strong>simul</strong></span> <span class='ocrx_word' id='word_1_393' title='bbox 2152 3144 2244 3183; x_wconf 90' lang='lat' dir='ltr'><strong>ac-</strong></span> 
     </span>
     <span class='ocr_line' id='line_1_60' title="bbox 598 3213 2240 3236; baseline 0 0"><span class='ocrx_word' id='word_1_394' title='bbox 598 3215 952 3236; x_wconf 65' lang='lat' dir='ltr'><strong>--__L-L-_L</strong></span> <span class='ocrx_word' id='word_1_395' title='bbox 1039 3213 1464 3236; x_wconf 63' lang='lat' dir='ltr'><strong>-__,_2-2-_A__</strong></span> <span class='ocrx_word' id='word_1_396' title='bbox 1517 3215 1772 3236; x_wconf 61' lang='lat' dir='ltr'><strong>L-_-2_:-</strong></span> <span class='ocrx_word' id='word_1_397' title='bbox 1831 3233 1852 3236; x_wconf 92' lang='lat'><em>_</em></span> <span class='ocrx_word' id='word_1_398' title='bbox 1883 3217 2018 3236; x_wconf 69' lang='lat' dir='ltr'><strong>1L---</strong></span> <span class='ocrx_word' id='word_1_399' title='bbox 2083 3217 2178 3236; x_wconf 51' lang='lat' dir='ltr'><strong>_-l:</strong></span> <span class='ocrx_word' id='word_1_400' title='bbox 2205 3215 2240 3236; x_wconf 79' lang='lat' dir='ltr'><strong>J:</strong></span> 
     </span>
    </p>
   </div>
   <div class='ocr_carea' id='block_1_60' title="bbox 2361 3119 3957 3236">
    <p class='ocr_par' dir='ltr' id='par_1_60' title="bbox 2361 3119 3957 3236">
     <span class='ocr_line' id='line_1_61' title="bbox 2431 3119 3928 3152; baseline 0.004 -11"><span class='ocrx_word' id='word_1_401' title='bbox 2431 3119 2528 3123; x_wconf 57' lang='grc' dir='ltr'><strong>--τη</strong></span> <span class='ocrx_word' id='word_1_402' title='bbox 2692 3119 2892 3128; x_wconf 60' lang='grc' dir='ltr'><strong>-ηηπη-</strong></span> <span class='ocrx_word' id='word_1_403' title='bbox 2963 3119 3010 3124; x_wconf 91' lang='grc'><strong><em>--</em></strong></span> <span class='ocrx_word' id='word_1_404' title='bbox 3053 3119 3242 3148; x_wconf 71' lang='lat' dir='ltr'><strong>r&#39;&quot;r&quot;</strong></span> <span class='ocrx_word' id='word_1_405' title='bbox 3295 3119 3585 3145; x_wconf 76' lang='lat' dir='ltr'><strong>&quot;r&#39;&quot;&quot;&quot;&#39;</strong></span> <span class='ocrx_word' id='word_1_406' title='bbox 3634 3119 3724 3128; x_wconf 85' lang='lat'><strong>&quot;&quot;&#39;</strong></span> <span class='ocrx_word' id='word_1_407' title='bbox 3762 3119 3928 3152; x_wconf 67' lang='grc' dir='ltr'><strong>*η’-ν’</strong></span> 
     </span>
     <span class='ocr_line' id='line_1_62' title="bbox 2361 3157 3957 3236; baseline 0.004 -24"><span class='ocrx_word' id='word_1_408' title='bbox 2361 3157 2518 3221; x_wconf 69' lang='grc' dir='ltr'><strong>δουςί</strong></span> <span class='ocrx_word' id='word_1_409' title='bbox 2581 3167 2696 3221; x_wconf 86' lang='grc' dir='ltr'><strong>Πῶς</strong></span> <span class='ocrx_word' id='word_1_410' title='bbox 2751 3161 2844 3212; x_wconf 76' lang='grc' dir='ltr'><strong>οὐκ</strong></span> <span class='ocrx_word' id='word_1_411' title='bbox 2905 3161 3202 3233; x_wconf 86' lang='grc' dir='ltr'><strong>ἰλιγγίασαν</strong></span> <span class='ocrx_word' id='word_1_412' title='bbox 3255 3165 3304 3214; x_wconf 81' lang='grc' dir='ltr'><strong>οἱ</strong></span> <span class='ocrx_word' id='word_1_413' title='bbox 3365 3169 3786 3236; x_wconf 79' lang='grc' dir='ltr'><strong>συνανακείμενοι</strong></span> <span class='ocrx_word' id='word_1_414' title='bbox 3843 3169 3957 3219; x_wconf 78' lang='grc' dir='ltr'><strong>θεά-</strong></span> 
     </span>
    </p>
   </div>
   <div class='ocr_carea' id='block_1_61' title="bbox 591 3213 2244 3284">
    <p class='ocr_par' dir='ltr' id='par_1_61' title="bbox 591 3213 2244 3284">
     <span class='ocr_line' id='line_1_63' title="bbox 591 3213 2244 3284; baseline 0 -14"><span class='ocrx_word' id='word_1_415' title='bbox 591 3215 977 3280; x_wconf 90' lang='lat' dir='ltr'><strong>cumbebant,</strong></span> <span class='ocrx_word' id='word_1_416' title='bbox 1031 3213 1466 3284; x_wconf 69' lang='lat' dir='ltr'><strong>conspicientes</strong></span> <span class='ocrx_word' id='word_1_417' title='bbox 1516 3215 1774 3271; x_wconf 90' lang='lat' dir='ltr'><strong>hominis</strong></span> <span class='ocrx_word' id='word_1_418' title='bbox 1826 3217 2025 3272; x_wconf 89' lang='lat' dir='ltr'><strong>adhuc</strong></span> <span class='ocrx_word' id='word_1_419' title='bbox 2071 3215 2244 3272; x_wconf 88' lang='lat' dir='ltr'><strong>calidi</strong></span> 
     </span>
    </p>
   </div>
   <div class='ocr_carea' id='block_1_62' title="bbox 591 3302 2247 3377">
    <p class='ocr_par' dir='ltr' id='par_1_62' title="bbox 591 3302 2247 3377">
     <span class='ocr_line' id='line_1_64' title="bbox 591 3302 2247 3377; baseline 0.001 -19"><span class='ocrx_word' id='word_1_420' title='bbox 591 3309 788 3374; x_wconf 91' lang='lat' dir='ltr'><strong>caput,</strong></span> <span class='ocrx_word' id='word_1_421' title='bbox 816 3302 980 3375; x_wconf 90' lang='lat' dir='ltr'><strong>quod</strong></span> <span class='ocrx_word' id='word_1_422' title='bbox 1011 3303 1342 3357; x_wconf 89' lang='lat' dir='ltr'><strong>etiamnum</strong></span> <span class='ocrx_word' id='word_1_423' title='bbox 1373 3304 1726 3374; x_wconf 81' lang='lat' dir='ltr'><strong>sanguinem</strong></span> <span class='ocrx_word' id='word_1_424' title='bbox 1754 3305 2039 3372; x_wconf 88' lang='lat' dir='ltr'><strong>stillabat,</strong></span> <span class='ocrx_word' id='word_1_425' title='bbox 2068 3321 2247 3377; x_wconf 90' lang='lat' dir='ltr'><strong>super</strong></span> 
     </span>
    </p>
   </div>
   <div class='ocr_carea' id='block_1_63' title="bbox 587 3391 2245 3466">
    <p class='ocr_par' dir='ltr' id='par_1_63' title="bbox 587 3391 2245 3466">
     <span class='ocr_line' id='line_1_65' title="bbox 587 3391 2245 3466; baseline 0.002 -19"><span class='ocrx_word' id='word_1_426' title='bbox 587 3404 860 3447; x_wconf 89' lang='lat' dir='ltr'><strong>mensam</strong></span> <span class='ocrx_word' id='word_1_427' title='bbox 887 3391 1212 3446; x_wconf 90' lang='lat' dir='ltr'><strong>adductum</strong></span> <span class='ocrx_word' id='word_1_428' title='bbox 1236 3392 1408 3463; x_wconf 90' lang='lat' dir='ltr'><strong>quasi</strong></span> <span class='ocrx_word' id='word_1_429' title='bbox 1427 3391 1717 3450; x_wconf 88' lang='lat' dir='ltr'><strong>ferculum</strong></span> <span class='ocrx_word' id='word_1_430' title='bbox 1738 3399 1767 3450; x_wconf 80' lang='lat'><strong><em>?</em></strong></span> <span class='ocrx_word' id='word_1_431' title='bbox 1789 3394 2100 3466; x_wconf 90' lang='lat' dir='ltr'><strong>quomodo</strong></span> <span class='ocrx_word' id='word_1_432' title='bbox 2121 3410 2245 3450; x_wconf 92' lang='lat' dir='ltr'><strong>non</strong></span> 
     </span>
    </p>
   </div>
   <div class='ocr_carea' id='block_1_64' title="bbox 587 3481 1062 3544">
    <p class='ocr_par' dir='ltr' id='par_1_64' title="bbox 587 3481 1062 3544">
     <span class='ocr_line' id='line_1_66' title="bbox 587 3481 1062 3544; baseline 0 -8"><span class='ocrx_word' id='word_1_433' title='bbox 587 3481 1062 3544; x_wconf 87' lang='lat' dir='ltr'><strong>exhorruerunt?</strong></span> 
     </span>
    </p>
   </div>
   <div class='ocr_carea' id='block_1_65' title="bbox 660 3605 2244 3678">
    <p class='ocr_par' dir='ltr' id='par_1_65' title="bbox 660 3605 2244 3678">
     <span class='ocr_line' id='line_1_67' title="bbox 660 3605 2244 3678; baseline 0.004 -20"><span class='ocrx_word' id='word_1_434' title='bbox 660 3607 818 3660; x_wconf 90' lang='lat' dir='ltr'><strong>Vers.</strong></span> <span class='ocrx_word' id='word_1_435' title='bbox 849 3605 936 3659; x_wconf 79' lang='lat' dir='ltr'><strong>tt.</strong></span> <span class='ocrx_word' id='word_1_436' title='bbox 964 3607 1298 3678; x_wconf 83' lang='lat' dir='ltr'><strong>Datumque</strong></span> <span class='ocrx_word' id='word_1_437' title='bbox 1320 3614 1404 3664; x_wconf 81' lang='lat' dir='ltr'><strong>est</strong></span> <span class='ocrx_word' id='word_1_438' title='bbox 1426 3607 1658 3675; x_wconf 75' lang='lat' dir='ltr'><strong>puellae.</strong></span> <span class='ocrx_word' id='word_1_439' title='bbox 1690 3607 2067 3662; x_wconf 85' lang='lat' dir='ltr'><strong>Exsecranda</strong></span> <span class='ocrx_word' id='word_1_440' title='bbox 2094 3623 2244 3664; x_wconf 88' lang='lat' dir='ltr'><strong>mer-</strong></span> 
     </span>
    </p>
   </div>
   <div class='ocr_carea' id='block_1_66' title="bbox 586 3694 2238 3768">
    <p class='ocr_par' dir='ltr' id='par_1_66' title="bbox 586 3694 2238 3768">
     <span class='ocr_line' id='line_1_68' title="bbox 586 3694 2238 3768; baseline 0.001 -18"><span class='ocrx_word' id='word_1_441' title='bbox 586 3709 684 3750; x_wconf 89' lang='lat' dir='ltr'><strong>ces</strong></span> <span class='ocrx_word' id='word_1_442' title='bbox 708 3694 1070 3765; x_wconf 88' lang='lat' dir='ltr'><strong>impudentis</strong></span> <span class='ocrx_word' id='word_1_443' title='bbox 1083 3699 1277 3768; x_wconf 92' lang='lat' dir='ltr'><strong>operis</strong></span> <span class='ocrx_word' id='word_1_444' title='bbox 1295 3699 1306 3752; x_wconf 74' lang='grc' dir='ltr'><strong>ι</strong></span> <span class='ocrx_word' id='word_1_445' title='bbox 1328 3699 1472 3753; x_wconf 87' lang='lat' dir='ltr'><strong>Vere</strong></span> <span class='ocrx_word' id='word_1_446' title='bbox 1497 3697 1630 3750; x_wconf 91' lang='lat' dir='ltr'><strong>talis</strong></span> <span class='ocrx_word' id='word_1_447' title='bbox 1653 3696 1857 3750; x_wconf 88' lang='lat' dir='ltr'><strong>matris</strong></span> <span class='ocrx_word' id='word_1_448' title='bbox 1874 3695 2061 3766; x_wconf 84' lang='lat' dir='ltr'><strong>digna</strong></span> <span class='ocrx_word' id='word_1_449' title='bbox 2081 3697 2238 3763; x_wconf 80' lang='lat' dir='ltr'><strong>tilia;</strong></span> 
     </span>
    </p>
   </div>
   <div class='ocr_carea' id='block_1_67' title="bbox 583 3782 2242 3857">
    <p class='ocr_par' dir='ltr' id='par_1_67' title="bbox 583 3782 2242 3857">
     <span class='ocr_line' id='line_1_69' title="bbox 583 3782 2242 3857; baseline 0.003 -20"><span class='ocrx_word' id='word_1_450' title='bbox 583 3799 720 3855; x_wconf 69' lang='lat' dir='ltr'><strong>quas</strong></span> <span class='ocrx_word' id='word_1_451' title='bbox 746 3782 842 3838; x_wconf 91' lang='lat' dir='ltr'><strong>ubi</strong></span> <span class='ocrx_word' id='word_1_452' title='bbox 866 3785 1048 3840; x_wconf 90' lang='lat' dir='ltr'><strong>semel</strong></span> <span class='ocrx_word' id='word_1_453' title='bbox 1071 3787 1287 3856; x_wconf 88' lang='lat' dir='ltr'><strong>abjecit</strong></span> <span class='ocrx_word' id='word_1_454' title='bbox 1308 3785 1622 3857; x_wconf 85' lang='lat' dir='ltr'><strong>pudorem,</strong></span> <span class='ocrx_word' id='word_1_455' title='bbox 1650 3787 1705 3838; x_wconf 90' lang='lat' dir='ltr'><strong>et</strong></span> <span class='ocrx_word' id='word_1_456' title='bbox 1730 3783 1787 3838; x_wconf 90' lang='lat' dir='ltr'><strong>in</strong></span> <span class='ocrx_word' id='word_1_457' title='bbox 1810 3792 2133 3856; x_wconf 89' lang='lat' dir='ltr'><strong>conspectu</strong></span> <span class='ocrx_word' id='word_1_458' title='bbox 2156 3791 2242 3842; x_wconf 91' lang='lat' dir='ltr'><strong>tot</strong></span> 
     </span>
    </p>
   </div>
   <div class='ocr_carea' id='block_1_68' title="bbox 582 3872 2239 3948">
    <p class='ocr_par' dir='ltr' id='par_1_68' title="bbox 582 3872 2239 3948">
     <span class='ocr_line' id='line_1_70' title="bbox 582 3872 2239 3948; baseline 0.002 -20"><span class='ocrx_word' id='word_1_459' title='bbox 582 3872 850 3928; x_wconf 87' lang='lat' dir='ltr'><strong>virorum</strong></span> <span class='ocrx_word' id='word_1_460' title='bbox 877 3877 1136 3948; x_wconf 89' lang='lat' dir='ltr'><strong>seipsam</strong></span> <span class='ocrx_word' id='word_1_461' title='bbox 1164 3876 1222 3929; x_wconf 91' lang='lat' dir='ltr'><strong>in</strong></span> <span class='ocrx_word' id='word_1_462' title='bbox 1247 3876 1544 3930; x_wconf 87' lang='lat' dir='ltr'><strong>theatrum</strong></span> <span class='ocrx_word' id='word_1_463' title='bbox 1565 3873 1856 3941; x_wconf 84' lang='lat' dir='ltr'><strong>exposuit,</strong></span> <span class='ocrx_word' id='word_1_464' title='bbox 1880 3889 1951 3929; x_wconf 87' lang='lat' dir='ltr'><strong>ac</strong></span> <span class='ocrx_word' id='word_1_465' title='bbox 1973 3875 2131 3930; x_wconf 87' lang='lat' dir='ltr'><strong>varie</strong></span> <span class='ocrx_word' id='word_1_466' title='bbox 2153 3878 2239 3932; x_wconf 83' lang='lat' dir='ltr'><strong>in-</strong></span> 
     </span>
    </p>
   </div>
   <div class='ocr_carea' id='block_1_69' title="bbox 583 3960 2239 4035">
    <p class='ocr_par' dir='ltr' id='par_1_69' title="bbox 583 3960 2239 4035">
     <span class='ocr_line' id='line_1_71' title="bbox 583 3960 2239 4035; baseline 0.004 -19"><span class='ocrx_word' id='word_1_467' title='bbox 583 3963 832 4018; x_wconf 90' lang='lat' dir='ltr'><strong>decoros</strong></span> <span class='ocrx_word' id='word_1_468' title='bbox 863 3966 1119 4021; x_wconf 86' lang='lat' dir='ltr'><strong>exercuit</strong></span> <span class='ocrx_word' id='word_1_469' title='bbox 1146 3970 1362 4026; x_wconf 91' lang='lat' dir='ltr'><strong>motus,</strong></span> <span class='ocrx_word' id='word_1_470' title='bbox 1393 3960 1695 4016; x_wconf 88' lang='lat' dir='ltr'><strong>crudelem</strong></span> <span class='ocrx_word' id='word_1_471' title='bbox 1721 3961 1832 4017; x_wconf 90' lang='lat' dir='ltr'><strong>sibi</strong></span> <span class='ocrx_word' id='word_1_472' title='bbox 1859 3966 2086 4035; x_wconf 88' lang='lat' dir='ltr'><strong>paravit</strong></span> <span class='ocrx_word' id='word_1_473' title='bbox 2117 3968 2239 4024; x_wconf 89' lang='lat' dir='ltr'><strong>ani-</strong></span> 
     </span>
    </p>
   </div>
   <div class='ocr_carea' id='block_1_70' title="bbox 582 4049 2234 4126">
    <p class='ocr_par' dir='ltr' id='par_1_70' title="bbox 582 4049 2234 4126">
     <span class='ocr_line' id='line_1_72' title="bbox 582 4049 2234 4126; baseline 0.006 -20"><span class='ocrx_word' id='word_1_474' title='bbox 582 4065 771 4116; x_wconf 89' lang='lat' dir='ltr'><strong>mum,</strong></span> <span class='ocrx_word' id='word_1_475' title='bbox 791 4052 1144 4126; x_wconf 89' lang='lat' dir='ltr'><strong>lancemque</strong></span> <span class='ocrx_word' id='word_1_476' title='bbox 1161 4068 1309 4107; x_wconf 91' lang='lat' dir='ltr'><strong>ausa</strong></span> <span class='ocrx_word' id='word_1_477' title='bbox 1322 4055 1410 4105; x_wconf 90' lang='lat' dir='ltr'><strong>est</strong></span> <span class='ocrx_word' id='word_1_478' title='bbox 1425 4049 1766 4120; x_wconf 83' lang='lat' dir='ltr'><strong>contingere</strong></span> <span class='ocrx_word' id='word_1_479' title='bbox 1779 4053 1940 4108; x_wconf 71' lang='lat' dir='ltr'><strong>caede</strong></span> <span class='ocrx_word' id='word_1_480' title='bbox 1955 4055 2194 4126; x_wconf 88' lang='lat' dir='ltr'><strong>plenam</strong></span> <span class='ocrx_word' id='word_1_481' title='bbox 2219 4073 2234 4117; x_wconf 87' lang='lat'><strong>:</strong></span> 
     </span>
    </p>
   </div>
   <div class='ocr_carea' id='block_1_71' title="bbox 581 4141 2232 4214">
    <p class='ocr_par' dir='ltr' id='par_1_71' title="bbox 581 4141 2232 4214">
     <span class='ocr_line' id='line_1_73' title="bbox 581 4141 2232 4214; baseline 0.004 -20"><span class='ocrx_word' id='word_1_482' title='bbox 581 4155 690 4196; x_wconf 91' lang='lat' dir='ltr'><strong>nec</strong></span> <span class='ocrx_word' id='word_1_483' title='bbox 721 4142 912 4198; x_wconf 91' lang='lat' dir='ltr'><strong>solum</strong></span> <span class='ocrx_word' id='word_1_484' title='bbox 945 4143 1301 4210; x_wconf 83' lang='lat' dir='ltr'><strong>contingere,</strong></span> <span class='ocrx_word' id='word_1_485' title='bbox 1355 4141 1767 4197; x_wconf 82' lang='lat' dir='ltr'><strong>verum&#39;etiam</strong></span> <span class='ocrx_word' id='word_1_486' title='bbox 1798 4144 1976 4214; x_wconf 90' lang='lat' dir='ltr'><strong>quasi</strong></span> <span class='ocrx_word' id='word_1_487' title='bbox 2005 4145 2232 4204; x_wconf 87' lang='lat' dir='ltr'><strong>donum</strong></span> 
     </span>
    </p>
   </div>
   <div class='ocr_carea' id='block_1_72' title="bbox 578 4226 2238 4304">
    <p class='ocr_par' dir='ltr' id='par_1_72' title="bbox 578 4226 2238 4304">
     <span class='ocr_line' id='line_1_74' title="bbox 578 4226 2238 4304; baseline 0.005 -18"><span class='ocrx_word' id='word_1_488' title='bbox 578 4231 817 4302; x_wconf 89' lang='lat' dir='ltr'><strong>aliquod</strong></span> <span class='ocrx_word' id='word_1_489' title='bbox 832 4231 1237 4304; x_wconf 83' lang='lat' dir='ltr'><strong>gratissimum</strong></span> <span class='ocrx_word' id='word_1_490' title='bbox 1250 4226 1876 4300; x_wconf 76' lang='lat' dir='ltr'><strong>perferens,laetissime</strong></span> <span class='ocrx_word' id='word_1_491' title='bbox 1890 4235 2238 4296; x_wconf 90' lang='lat' dir='ltr'><strong>obtulitma-</strong></span> 
     </span>
    </p>
   </div>
   <div class='ocr_carea' id='block_1_73' title="bbox 581 4319 1026 4376">
    <p class='ocr_par' dir='ltr' id='par_1_73' title="bbox 581 4319 1026 4376">
     <span class='ocr_line' id='line_1_75' title="bbox 581 4319 1026 4376; baseline -0.007 0"><span class='ocrx_word' id='word_1_492' title='bbox 581 4319 666 4376; x_wconf 83' lang='lat' dir='ltr'><strong>tri.</strong></span> <span class='ocrx_word' id='word_1_493' title='bbox 698 4321 790 4376; x_wconf 81' lang='lat' dir='ltr'><strong>Ait</strong></span> <span class='ocrx_word' id='word_1_494' title='bbox 819 4320 979 4376; x_wconf 89' lang='lat' dir='ltr'><strong>enim</strong></span> <span class='ocrx_word' id='word_1_495' title='bbox 1012 4334 1026 4373; x_wconf 89' lang='lat'><strong>:</strong></span> 
     </span>
    </p>
   </div>
   <div class='ocr_carea' id='block_1_74' title="bbox 2357 3247 3948 3327">
    <p class='ocr_par' dir='ltr' id='par_1_74' title="bbox 2357 3247 3948 3327">
     <span class='ocr_line' id='line_1_76' title="bbox 2357 3247 3948 3327; baseline 0.004 -27"><span class='ocrx_word' id='word_1_496' title='bbox 2357 3251 2553 3301; x_wconf 90' lang='grc' dir='ltr'><strong>σασθαι</strong></span> <span class='ocrx_word' id='word_1_497' title='bbox 2579 3249 2800 3320; x_wconf 73' lang='grc' dir='ltr'><strong>κεφαλήν</strong></span> <span class='ocrx_word' id='word_1_498' title='bbox 2826 3249 3118 3324; x_wconf 81' lang='grc' dir='ltr'><strong>ἀνθρώπου,</strong></span> <span class='ocrx_word' id='word_1_499' title='bbox 3154 3247 3340 3324; x_wconf 72' lang='grc' dir='ltr'><strong>θερμοῦ</strong></span> <span class='ocrx_word' id='word_1_500' title='bbox 3378 3253 3680 3312; x_wconf 78' lang='grc' dir='ltr'><strong>στάζουσαν</strong></span> <span class='ocrx_word' id='word_1_501' title='bbox 3711 3263 3948 3327; x_wconf 82' lang='grc' dir='ltr'><strong>αἵματος,</strong></span> 
     </span>
    </p>
   </div>
   <div class='ocr_carea' id='block_1_75' title="bbox 2353 3337 3910 3416">
    <p class='ocr_par' dir='ltr' id='par_1_75' title="bbox 2353 3337 3910 3416">
     <span class='ocr_line' id='line_1_77' title="bbox 2353 3337 3910 3416; baseline 0.005 -26"><span class='ocrx_word' id='word_1_502' title='bbox 2353 3337 2436 3390; x_wconf 71' lang='grc' dir='ltr'><strong>ἐπὶ</strong></span> <span class='ocrx_word' id='word_1_503' title='bbox 2489 3343 2582 3396; x_wconf 84' lang='grc' dir='ltr'><strong>τὴν</strong></span> <span class='ocrx_word' id='word_1_504' title='bbox 2636 3341 2894 3412; x_wconf 76' lang='grc' dir='ltr'><strong>τράπεζαν</strong></span> <span class='ocrx_word' id='word_1_505' title='bbox 2951 3342 3120 3392; x_wconf 79' lang='grc' dir='ltr'><strong>αὐτῶν</strong></span> <span class='ocrx_word' id='word_1_506' title='bbox 3171 3341 3531 3413; x_wconf 73' lang='grc' dir='ltr'><strong>εἰσαγομένην,</strong></span> <span class='ocrx_word' id='word_1_507' title='bbox 3585 3346 3654 3406; x_wconf 85' lang='grc' dir='ltr'><strong>ὡς</strong></span> <span class='ocrx_word' id='word_1_508' title='bbox 3713 3341 3910 3416; x_wconf 79' lang='grc' dir='ltr'><strong>ἔδεσμα</strong></span> 
     </span>
    </p>
   </div>
   <div class='ocr_carea' id='block_1_76' title="bbox 2355 3428 2838 3501">
    <p class='ocr_par' dir='ltr' id='par_1_76' title="bbox 2355 3428 2838 3501">
     <span class='ocr_line' id='line_1_78' title="bbox 2355 3428 2838 3501; baseline 0 -21"><span class='ocrx_word' id='word_1_509' title='bbox 2355 3434 2465 3487; x_wconf 87' lang='grc' dir='ltr'><strong>Πῶς</strong></span> <span class='ocrx_word' id='word_1_510' title='bbox 2490 3428 2584 3479; x_wconf 82' lang='grc' dir='ltr'><strong>οὐκ</strong></span> <span class='ocrx_word' id='word_1_511' title='bbox 2613 3428 2838 3501; x_wconf 76' lang='grc' dir='ltr'><strong>ἓφριξαν·</strong></span> 
     </span>
    </p>
   </div>
   <div class='ocr_carea' id='block_1_77' title="bbox 2423 3576 3944 3657">
    <p class='ocr_par' dir='ltr' id='par_1_77' title="bbox 2423 3576 3944 3657">
     <span class='ocr_line' id='line_1_79' title="bbox 2423 3576 3944 3657; baseline 0.003 -24"><span class='ocrx_word' id='word_1_512' title='bbox 2423 3582 2526 3635; x_wconf 85' lang='grc' dir='ltr'><strong>Καὶ</strong></span> <span class='ocrx_word' id='word_1_513' title='bbox 2556 3576 2712 3638; x_wconf 79' lang='grc' dir='ltr'><strong>ἐδόοη</strong></span> <span class='ocrx_word' id='word_1_514' title='bbox 2764 3588 2835 3650; x_wconf 83' lang='grc' dir='ltr'><strong>τῷ</strong></span> <span class='ocrx_word' id='word_1_515' title='bbox 2881 3585 3136 3654; x_wconf 82' lang='grc' dir='ltr'><strong>κορασίῳ.</strong></span> <span class='ocrx_word' id='word_1_516' title='bbox 3195 3583 3397 3644; x_wconf 85' lang='grc' dir='ltr'><strong>Μισθὸς</strong></span> <span class='ocrx_word' id='word_1_517' title='bbox 3441 3581 3626 3654; x_wconf 70' lang='grc' dir='ltr'><strong>ἐναγὴς</strong></span> <span class='ocrx_word' id='word_1_518' title='bbox 3659 3583 3944 3657; x_wconf 77' lang='grc' dir='ltr'><strong>ἀναισχύν-</strong></span> 
     </span>
    </p>
   </div>
   <div class='ocr_carea' id='block_1_78' title="bbox 2349 3667 3942 3744">
    <p class='ocr_par' dir='ltr' id='par_1_78' title="bbox 2349 3667 3942 3744">
     <span class='ocr_line' id='line_1_80' title="bbox 2349 3667 3942 3744; baseline 0.003 -24"><span class='ocrx_word' id='word_1_519' title='bbox 2349 3688 2439 3720; x_wconf 91' lang='grc' dir='ltr'><strong>του</strong></span> <span class='ocrx_word' id='word_1_520' title='bbox 2488 3669 2717 3743; x_wconf 80' lang='grc' dir='ltr'><strong>προίξεως</strong></span> <span class='ocrx_word' id='word_1_521' title='bbox 2765 3670 2777 3722; x_wconf 87' lang='lat' dir='ltr'><strong>l</strong></span> <span class='ocrx_word' id='word_1_522' title='bbox 2828 3667 3021 3732; x_wconf 86' lang='grc' dir='ltr'><strong>Ὀντως</strong></span> <span class='ocrx_word' id='word_1_523' title='bbox 3072 3673 3316 3732; x_wconf 77' lang='grc' dir='ltr'><strong>τοιαύτης</strong></span> <span class='ocrx_word' id='word_1_524' title='bbox 3366 3677 3554 3744; x_wconf 88' lang='grc' dir='ltr'><strong>μητρὸς</strong></span> <span class='ocrx_word' id='word_1_525' title='bbox 3605 3671 3726 3733; x_wconf 82' lang='grc' dir='ltr'><strong>ἀξία</strong></span> <span class='ocrx_word' id='word_1_526' title='bbox 3777 3676 3942 3742; x_wconf 80' lang='grc' dir='ltr'><strong>θυγά-</strong></span> 
     </span>
    </p>
   </div>
   <div class='ocr_carea' id='block_1_79' title="bbox 2347 3757 3939 3833">
    <p class='ocr_par' dir='ltr' id='par_1_79' title="bbox 2347 3757 3939 3833">
     <span class='ocr_line' id='line_1_81' title="bbox 2347 3757 3939 3833; baseline 0.003 -23"><span class='ocrx_word' id='word_1_527' title='bbox 2347 3778 2464 3833; x_wconf 87' lang='grc' dir='ltr'><strong>τηρ·</strong></span> <span class='ocrx_word' id='word_1_528' title='bbox 2500 3759 2638 3820; x_wconf 80' lang='grc' dir='ltr'><strong>ἆπαξ</strong></span> <span class='ocrx_word' id='word_1_529' title='bbox 2666 3761 2766 3832; x_wconf 82' lang='grc' dir='ltr'><strong>γὰρ</strong></span> <span class='ocrx_word' id='word_1_530' title='bbox 2797 3763 2887 3816; x_wconf 76' lang='grc' dir='ltr'><strong>τὴν</strong></span> <span class='ocrx_word' id='word_1_531' title='bbox 2927 3760 3239 3831; x_wconf 79' lang='grc' dir='ltr'><strong>παρθενικὴν</strong></span> <span class='ocrx_word' id='word_1_532' title='bbox 3279 3757 3413 3812; x_wconf 81' lang='grc' dir='ltr'><strong>αἰδῶ</strong></span> <span class='ocrx_word' id='word_1_533' title='bbox 3448 3764 3817 3832; x_wconf 85' lang='grc' dir='ltr'><strong>παρωσαμένη,</strong></span> <span class='ocrx_word' id='word_1_534' title='bbox 3851 3767 3939 3814; x_wconf 75' lang='grc' dir='ltr'><strong>καὶ</strong></span> 
     </span>
    </p>
   </div>
   <div class='ocr_carea' id='block_1_80' title="bbox 2347 3845 3940 3924">
    <p class='ocr_par' dir='ltr' id='par_1_80' title="bbox 2347 3845 3940 3924">
     <span class='ocr_line' id='line_1_82' title="bbox 2347 3845 3940 3924; baseline 0.009 -27"><span class='ocrx_word' id='word_1_535' title='bbox 2347 3846 2394 3898; x_wconf 82' lang='grc' dir='ltr'><strong>ἐν</strong></span> <span class='ocrx_word' id='word_1_536' title='bbox 2430 3848 2711 3920; x_wconf 62' lang='grc' dir='ltr'><strong>ὀφθαλμοῖς</strong></span> <span class='ocrx_word' id='word_1_537' title='bbox 2741 3866 2982 3899; x_wconf 89' lang='grc' dir='ltr'><strong>τοιουτων</strong></span> <span class='ocrx_word' id='word_1_538' title='bbox 3033 3845 3231 3920; x_wconf 88' lang='grc' dir='ltr'><strong>ἀνδρῶν</strong></span> <span class='ocrx_word' id='word_1_539' title='bbox 3265 3847 3491 3920; x_wconf 80' lang='grc' dir='ltr'><strong>ἀσέμνως</strong></span> <span class='ocrx_word' id='word_1_540' title='bbox 3525 3847 3709 3907; x_wconf 77' lang='grc' dir='ltr'><strong>ἑαυτὴν</strong></span> <span class='ocrx_word' id='word_1_541' title='bbox 3746 3851 3940 3924; x_wconf 69' lang='grc' dir='ltr'><strong>θεατριο</strong></span> 
     </span>
    </p>
   </div>
   <div class='ocr_carea' id='block_1_81' title="bbox 2347 3936 3940 4011">
    <p class='ocr_par' dir='ltr' id='par_1_81' title="bbox 2347 3936 3940 4011">
     <span class='ocr_line' id='line_1_83' title="bbox 2347 3936 3940 4011; baseline 0.002 -23"><span class='ocrx_word' id='word_1_542' title='bbox 2347 3955 2506 4003; x_wconf 86' lang='grc' dir='ltr'><strong>σασα,</strong></span> <span class='ocrx_word' id='word_1_543' title='bbox 2541 3942 2629 3988; x_wconf 85' lang='grc' dir='ltr'><strong>καὶ</strong></span> <span class='ocrx_word' id='word_1_544' title='bbox 2658 3937 2904 3999; x_wconf 88' lang='grc' dir='ltr'><strong>ποικίλως</strong></span> <span class='ocrx_word' id='word_1_545' title='bbox 3080 3936 3532 4010; x_wconf 82' lang='grc' dir='ltr'><strong>ἀσχημονησασα,</strong></span> <span class='ocrx_word' id='word_1_546' title='bbox 3560 3937 3744 4011; x_wconf 74' lang='grc' dir='ltr'><strong>ψυχὴν</strong></span> <span class='ocrx_word' id='word_1_547' title='bbox 3777 3941 3940 3991; x_wconf 82' lang='grc' dir='ltr'><strong>ἀποίν-</strong></span> 
     </span>
    </p>
   </div>
   <div class='ocr_carea' id='block_1_82' title="bbox 2347 4025 3944 4101">
    <p class='ocr_par' dir='ltr' id='par_1_82' title="bbox 2347 4025 3944 4101">
     <span class='ocr_line' id='line_1_84' title="bbox 2347 4025 3944 4101; baseline 0.002 -23"><span class='ocrx_word' id='word_1_548' title='bbox 2347 4027 2547 4101; x_wconf 84' lang='grc' dir='ltr'><strong>θρώπον</strong></span> <span class='ocrx_word' id='word_1_549' title='bbox 2593 4025 2867 4094; x_wconf 76' lang='grc' dir='ltr'><strong>ἐκτήσατο,</strong></span> <span class='ocrx_word' id='word_1_550' title='bbox 2910 4032 2994 4078; x_wconf 71' lang='grc' dir='ltr'><strong>καὶ</strong></span> <span class='ocrx_word' id='word_1_551' title='bbox 3033 4027 3413 4100; x_wconf 82' lang='grc' dir='ltr'><strong>κατετόλμησεν</strong></span> <span class='ocrx_word' id='word_1_552' title='bbox 3456 4027 3697 4099; x_wconf 69' lang='grc' dir='ltr'><strong>ἅψασθαι</strong></span> <span class='ocrx_word' id='word_1_553' title='bbox 3728 4035 3944 4092; x_wconf 85' lang='grc' dir='ltr'><strong>πίνακος</strong></span> 
     </span>
    </p>
   </div>
   <div class='ocr_carea' id='block_1_83' title="bbox 2346 4115 3945 4191">
    <p class='ocr_par' dir='ltr' id='par_1_83' title="bbox 2346 4115 3945 4191">
     <span class='ocr_line' id='line_1_85' title="bbox 2346 4115 3945 4191; baseline 0.003 -25"><span class='ocrx_word' id='word_1_554' title='bbox 2346 4119 2496 4187; x_wconf 74' lang='grc' dir='ltr'><strong>φόνου</strong></span> <span class='ocrx_word' id='word_1_555' title='bbox 2527 4118 2785 4187; x_wconf 76' lang='grc' dir='ltr'><strong>γέμοντος,</strong></span> <span class='ocrx_word' id='word_1_556' title='bbox 2820 4120 2908 4167; x_wconf 86' lang='grc' dir='ltr'><strong>καὶ</strong></span> <span class='ocrx_word' id='word_1_557' title='bbox 2939 4115 3043 4187; x_wconf 72' lang='grc' dir='ltr'><strong>οὐχ</strong></span> <span class='ocrx_word' id='word_1_558' title='bbox 3074 4115 3315 4187; x_wconf 71' lang='grc' dir='ltr'><strong>ἆψασθαι</strong></span> <span class='ocrx_word' id='word_1_559' title='bbox 3343 4122 3516 4191; x_wconf 88' lang='grc' dir='ltr'><strong>μόνον,</strong></span> <span class='ocrx_word' id='word_1_560' title='bbox 3551 4116 3678 4169; x_wconf 84' lang='grc' dir='ltr'><strong>ἀλλά</strong></span> <span class='ocrx_word' id='word_1_561' title='bbox 3703 4124 3811 4185; x_wconf 79' lang='grc' dir='ltr'><strong>καὶ,</strong></span> <span class='ocrx_word' id='word_1_562' title='bbox 3845 4139 3945 4171; x_wconf 86' lang='grc' dir='ltr'><strong>κα-</strong></span> 
     </span>
    </p>
   </div>
   <div class='ocr_carea' id='block_1_84' title="bbox 2347 4201 3946 4280">
    <p class='ocr_par' dir='ltr' id='par_1_84' title="bbox 2347 4201 3946 4280">
     <span class='ocr_line' id='line_1_86' title="bbox 2347 4201 3946 4280; baseline 0.003 -25"><span class='ocrx_word' id='word_1_563' title='bbox 2347 4204 2504 4277; x_wconf 80' lang='grc' dir='ltr'><strong>θάπερ</strong></span> <span class='ocrx_word' id='word_1_564' title='bbox 2541 4223 2592 4256; x_wconf 88' lang='grc' dir='ltr'><strong>τι</strong></span> <span class='ocrx_word' id='word_1_565' title='bbox 2631 4201 2797 4279; x_wconf 87' lang='grc' dir='ltr'><strong>δῶρον</strong></span> <span class='ocrx_word' id='word_1_566' title='bbox 2831 4201 3073 4275; x_wconf 78' lang='grc' dir='ltr'><strong>ἣδιστον,</strong></span> <span class='ocrx_word' id='word_1_567' title='bbox 3117 4201 3498 4272; x_wconf 75' lang='grc' dir='ltr'><strong>διαϐαστάσαι,</strong></span> <span class='ocrx_word' id='word_1_568' title='bbox 3530 4211 3618 4259; x_wconf 82' lang='grc' dir='ltr'><strong>καὶ</strong></span> <span class='ocrx_word' id='word_1_569' title='bbox 3649 4212 3946 4280; x_wconf 85' lang='grc' dir='ltr'><strong>χαριέντως</strong></span> 
     </span>
    </p>
   </div>
   <div class='ocr_carea' id='block_1_85' title="bbox 2343 4292 3121 4370">
    <p class='ocr_par' dir='ltr' id='par_1_85' title="bbox 2343 4292 3121 4370">
     <span class='ocr_line' id='line_1_87' title="bbox 2343 4292 3121 4370; baseline 0.004 -25"><span class='ocrx_word' id='word_1_570' title='bbox 2343 4292 2664 4367; x_wconf 89' lang='grc' dir='ltr'><strong>ἀποκομίσαι</strong></span> <span class='ocrx_word' id='word_1_571' title='bbox 2694 4302 2755 4367; x_wconf 73' lang='grc' dir='ltr'><strong>τῇ</strong></span> <span class='ocrx_word' id='word_1_572' title='bbox 2789 4299 2970 4370; x_wconf 89' lang='grc' dir='ltr'><strong>μητρί.</strong></span> <span class='ocrx_word' id='word_1_573' title='bbox 3008 4295 3121 4368; x_wconf 88' lang='grc'><strong>(56)</strong></span> 
     </span>
    </p>
   </div>
   <div class='ocr_carea' id='block_1_86' title="bbox 647 4442 2256 4532">
    <p class='ocr_par' dir='ltr' id='par_1_86' title="bbox 647 4442 2232 4515">
     <span class='ocr_line' id='line_1_88' title="bbox 647 4442 2232 4515; baseline 0.006 -16"><span class='ocrx_word' id='word_1_574' title='bbox 647 4446 808 4499; x_wconf 91' lang='lat' dir='ltr'><strong>Vers.</strong></span> <span class='ocrx_word' id='word_1_575' title='bbox 841 4445 928 4499; x_wconf 84' lang='grc'><strong>11.</strong></span> <span class='ocrx_word' id='word_1_576' title='bbox 959 4442 1036 4496; x_wconf 80' lang='lat' dir='ltr'><strong>Et</strong></span> <span class='ocrx_word' id='word_1_577' title='bbox 1066 4472 1133 4480; x_wconf 90' lang='lat'><strong>—</strong></span> <span class='ocrx_word' id='word_1_578' title='bbox 1161 4456 1300 4497; x_wconf 72' lang='lat' dir='ltr'><strong>suae.</strong></span> <span class='ocrx_word' id='word_1_579' title='bbox 1327 4445 1526 4515; x_wconf 90' lang='lat' dir='ltr'><strong>Neque</strong></span> <span class='ocrx_word' id='word_1_580' title='bbox 1555 4444 1714 4502; x_wconf 90' lang='lat' dir='ltr'><strong>enim</strong></span> <span class='ocrx_word' id='word_1_581' title='bbox 1747 4449 1886 4504; x_wconf 88' lang='lat' dir='ltr'><strong>satis</strong></span> <span class='ocrx_word' id='word_1_582' title='bbox 1915 4454 2041 4507; x_wconf 89' lang='lat' dir='ltr'><strong>erat</strong></span> <span class='ocrx_word' id='word_1_583' title='bbox 2071 4467 2232 4509; x_wconf 84' lang='lat' dir='ltr'><strong>exse-</strong></span> 
     </span>
    </p>
   </div>
   <div class='ocr_carea' id='block_1_87' title="bbox 2361 4442 3938 4532">
    <p class='ocr_par' dir='ltr' id='par_1_87' title="bbox 2412 4453 3938 4532">
     <span class='ocr_line' id='line_1_89' title="bbox 2412 4453 3938 4532; baseline 0.001 -24"><span class='ocrx_word' id='word_1_584' title='bbox 2412 4459 2512 4508; x_wconf 78' lang='grc' dir='ltr'><strong>Καὶ</strong></span> <span class='ocrx_word' id='word_1_585' title='bbox 2561 4486 2627 4495; x_wconf 93' lang='lat'><strong>-</strong></span> <span class='ocrx_word' id='word_1_586' title='bbox 2670 4455 2850 4518; x_wconf 70' lang='grc' dir='ltr'><strong>αὐτῆς.</strong></span> <span class='ocrx_word' id='word_1_587' title='bbox 2902 4455 3012 4508; x_wconf 68' lang='grc' dir='ltr'><strong>Οὐκ</strong></span> <span class='ocrx_word' id='word_1_588' title='bbox 3056 4456 3262 4530; x_wconf 73' lang='grc' dir='ltr'><strong>ἠρκεῖτο</strong></span> <span class='ocrx_word' id='word_1_589' title='bbox 3290 4458 3391 4530; x_wconf 80' lang='grc' dir='ltr'><strong>γὰρ</strong></span> <span class='ocrx_word' id='word_1_590' title='bbox 3423 4457 3452 4515; x_wconf 79' lang='grc' dir='ltr'>ἡ</span> <span class='ocrx_word' id='word_1_591' title='bbox 3487 4453 3723 4530; x_wconf 83' lang='grc' dir='ltr'><strong>βδελυρὰ</strong></span> <span class='ocrx_word' id='word_1_592' title='bbox 3759 4463 3938 4532; x_wconf 80' lang='grc' dir='ltr'><strong>μήτηρ</strong></span> 
     </span>
    </p>
   </div>
   <div class='ocr_carea' id='block_1_88' title="bbox 575 4530 2230 4612">
    <p class='ocr_par' dir='ltr' id='par_1_88' title="bbox 575 4530 2230 4612">
     <span class='ocr_line' id='line_1_90' title="bbox 575 4530 2230 4612; baseline 0.007 -25"><span class='ocrx_word' id='word_1_593' title='bbox 575 4532 815 4587; x_wconf 69' lang='grc' dir='ltr'><strong>οταῃάεθ</strong></span> <span class='ocrx_word' id='word_1_594' title='bbox 848 4530 1023 4585; x_wconf 89' lang='lat' dir='ltr'><strong>matri</strong></span> <span class='ocrx_word' id='word_1_595' title='bbox 1054 4531 1215 4602; x_wconf 91' lang='lat' dir='ltr'><strong>quod</strong></span> <span class='ocrx_word' id='word_1_596' title='bbox 1248 4532 1584 4588; x_wconf 89' lang='lat' dir='ltr'><strong>interfectus</strong></span> <span class='ocrx_word' id='word_1_597' title='bbox 1614 4542 1769 4611; x_wconf 86' lang='lat' dir='ltr'><strong>esset</strong></span> <span class='ocrx_word' id='word_1_598' title='bbox 1801 4555 1813 4592; x_wconf 91' lang='lat'>:</span> <span class='ocrx_word' id='word_1_599' title='bbox 1848 4539 1951 4594; x_wconf 91' lang='lat' dir='ltr'><strong>sed</strong></span> <span class='ocrx_word' id='word_1_600' title='bbox 1981 4542 2230 4612; x_wconf 84' lang='lat' dir='ltr'><strong>Optabat</strong></span> 
     </span>
    </p>
   </div>
   <div class='ocr_carea' id='block_1_89' title="bbox 573 4619 2230 4697">
    <p class='ocr_par' dir='ltr' id='par_1_89' title="bbox 573 4619 2230 4697">
     <span class='ocr_line' id='line_1_91' title="bbox 573 4619 2230 4697; baseline 0.008 -25"><span class='ocrx_word' id='word_1_601' title='bbox 573 4634 815 4693; x_wconf 91' lang='lat' dir='ltr'><strong>quoque</strong></span> <span class='ocrx_word' id='word_1_602' title='bbox 843 4619 900 4672; x_wconf 92' lang='lat' dir='ltr'><strong>in</strong></span> <span class='ocrx_word' id='word_1_603' title='bbox 919 4634 1135 4674; x_wconf 88' lang='lat' dir='ltr'><strong>manus</strong></span> <span class='ocrx_word' id='word_1_604' title='bbox 1151 4635 1386 4676; x_wconf 90' lang='lat' dir='ltr'><strong>sumere</strong></span> <span class='ocrx_word' id='word_1_605' title='bbox 1409 4628 1606 4695; x_wconf 90' lang='lat' dir='ltr'><strong>caput,</strong></span> <span class='ocrx_word' id='word_1_606' title='bbox 1621 4626 1781 4697; x_wconf 91' lang='lat' dir='ltr'><strong>quod</strong></span> <span class='ocrx_word' id='word_1_607' title='bbox 1800 4627 1856 4681; x_wconf 91' lang='lat' dir='ltr'><strong>in</strong></span> <span class='ocrx_word' id='word_1_608' title='bbox 1872 4644 2042 4684; x_wconf 92' lang='lat' dir='ltr'><strong>suam</strong></span> <span class='ocrx_word' id='word_1_609' title='bbox 2069 4630 2230 4686; x_wconf 88' lang='lat' dir='ltr'><strong>inve-</strong></span> 
     </span>
    </p>
   </div>
   <div class='ocr_carea' id='block_1_90' title="bbox 570 4707 2229 4778">
    <p class='ocr_par' dir='ltr' id='par_1_90' title="bbox 570 4707 2229 4778">
     <span class='ocr_line' id='line_1_92' title="bbox 570 4707 2229 4778; baseline 0.01 -16"><span class='ocrx_word' id='word_1_610' title='bbox 570 4708 826 4763; x_wconf 89' lang='lat' dir='ltr'><strong>hebatur</strong></span> <span class='ocrx_word' id='word_1_611' title='bbox 847 4707 1151 4764; x_wconf 85' lang='lat' dir='ltr'><strong>lasciviam</strong></span> <span class='ocrx_word' id='word_1_612' title='bbox 1177 4709 1589 4775; x_wconf 82' lang='lat' dir='ltr'><strong>aclibidinem,</strong></span> <span class='ocrx_word' id='word_1_613' title='bbox 1615 4721 1676 4770; x_wconf 89' lang='lat' dir='ltr'><strong>ut</strong></span> <span class='ocrx_word' id='word_1_614' title='bbox 1698 4715 1844 4771; x_wconf 86' lang='lat' dir='ltr'><strong>illud</strong></span> <span class='ocrx_word' id='word_1_615' title='bbox 1866 4719 2229 4778; x_wconf 85' lang='lat' dir='ltr'><strong>contumelia</strong></span> 
     </span>
    </p>
   </div>
   <div class='ocr_carea' id='block_1_91' title="bbox 571 4796 2228 4875">
    <p class='ocr_par' dir='ltr' id='par_1_91' title="bbox 571 4796 2228 4875">
     <span class='ocr_line' id='line_1_93' title="bbox 571 4796 2228 4875; baseline 0.006 -21"><span class='ocrx_word' id='word_1_616' title='bbox 571 4796 847 4863; x_wconf 77' lang='lat' dir='ltr'><strong>afﬁceret,</strong></span> <span class='ocrx_word' id='word_1_617' title='bbox 876 4814 946 4852; x_wconf 87' lang='lat' dir='ltr'><strong>ac</strong></span> <span class='ocrx_word' id='word_1_618' title='bbox 972 4799 1358 4855; x_wconf 86' lang='lat' dir='ltr'><strong>insectaretur</strong></span> <span class='ocrx_word' id='word_1_619' title='bbox 1387 4803 1676 4859; x_wconf 87' lang='lat' dir='ltr'><strong>convitiis.</strong></span> <span class='ocrx_word' id='word_1_620' title='bbox 1709 4805 2063 4875; x_wconf 86' lang='lat' dir='ltr'><strong>Hujusmodi</strong></span> <span class='ocrx_word' id='word_1_621' title='bbox 2090 4815 2228 4866; x_wconf 89' lang='lat' dir='ltr'><strong>sunt</strong></span> 
     </span>
    </p>
   </div>
   <div class='ocr_carea' id='block_1_92' title="bbox 569 4886 2227 4965">
    <p class='ocr_par' dir='ltr' id='par_1_92' title="bbox 569 4886 2227 4965">
     <span class='ocr_line' id='line_1_94' title="bbox 569 4886 2227 4965; baseline 0.008 -23"><span class='ocrx_word' id='word_1_622' title='bbox 569 4886 847 4942; x_wconf 90' lang='lat' dir='ltr'><strong>mulieres</strong></span> <span class='ocrx_word' id='word_1_623' title='bbox 861 4886 934 4942; x_wconf 91' lang='lat' dir='ltr'><strong>ad</strong></span> <span class='ocrx_word' id='word_1_624' title='bbox 946 4886 1442 4952; x_wconf 77' lang='lat' dir='ltr'><strong>ulterte,omnium</strong></span> <span class='ocrx_word' id='word_1_625' title='bbox 1458 4891 2227 4965; x_wconf 77' lang='lat' dir='ltr'><strong>improbissimee,crudelis-</strong></span> 
     </span>
    </p>
   </div>
   <div class='ocr_carea' id='block_1_93' title="bbox 569 4976 2226 5056">
    <p class='ocr_par' dir='ltr' id='par_1_93' title="bbox 569 4976 2226 5056">
     <span class='ocr_line' id='line_1_95' title="bbox 569 4976 2226 5056; baseline 0.008 -24"><span class='ocrx_word' id='word_1_626' title='bbox 569 4977 735 5032; x_wconf 63' lang='lat' dir='ltr'><strong>simae</strong></span> <span class='ocrx_word' id='word_1_627' title='bbox 758 4993 828 5033; x_wconf 93' lang='lat' dir='ltr'><strong>ac</strong></span> <span class='ocrx_word' id='word_1_628' title='bbox 859 4976 1314 5035; x_wconf 77' lang='lat' dir='ltr'><strong>scelestissimee.</strong></span> <span class='ocrx_word' id='word_1_629' title='bbox 1348 4983 1413 5035; x_wconf 90' lang='lat' dir='ltr'><strong>Et</strong></span> <span class='ocrx_word' id='word_1_630' title='bbox 1436 4982 1573 5038; x_wconf 91' lang='lat' dir='ltr'><strong>vide</strong></span> <span class='ocrx_word' id='word_1_631' title='bbox 1603 4983 1769 5055; x_wconf 89' lang='lat' dir='ltr'><strong>quod</strong></span> <span class='ocrx_word' id='word_1_632' title='bbox 1800 4990 2226 5056; x_wconf 86' lang='lat' dir='ltr'><strong>perpetraverit</strong></span> 
     </span>
    </p>
   </div>
   <div class='ocr_carea' id='block_1_94' title="bbox 565 5067 2223 5146">
    <p class='ocr_par' dir='ltr' id='par_1_94' title="bbox 565 5067 2223 5146">
     <span class='ocr_line' id='line_1_96' title="bbox 565 5067 2223 5146; baseline 0.009 -23"><span class='ocrx_word' id='word_1_633' title='bbox 565 5067 747 5124; x_wconf 90' lang='lat' dir='ltr'><strong>mala.</strong></span> <span class='ocrx_word' id='word_1_634' title='bbox 792 5067 1060 5140; x_wconf 89' lang='lat' dir='ltr'><strong>Seipsam</strong></span> <span class='ocrx_word' id='word_1_635' title='bbox 1102 5069 1393 5127; x_wconf 89' lang='lat' dir='ltr'><strong>dedecore</strong></span> <span class='ocrx_word' id='word_1_636' title='bbox 1432 5071 1644 5140; x_wconf 77' lang='lat' dir='ltr'><strong>affecit,</strong></span> <span class='ocrx_word' id='word_1_637' title='bbox 1690 5089 1989 5146; x_wconf 89' lang='lat' dir='ltr'><strong>suumque</strong></span> <span class='ocrx_word' id='word_1_638' title='bbox 2025 5079 2223 5138; x_wconf 85' lang='lat' dir='ltr'><strong>virum</strong></span> 
     </span>
    </p>
   </div>
   <div class='ocr_carea' id='block_1_95' title="bbox 563 5156 2220 5230">
    <p class='ocr_par' dir='ltr' id='par_1_95' title="bbox 563 5156 2220 5230">
     <span class='ocr_line' id='line_1_97' title="bbox 563 5156 2220 5230; baseline 0.01 -18"><span class='ocrx_word' id='word_1_639' title='bbox 563 5156 902 5230; x_wconf 89' lang='lat' dir='ltr'><strong>Philippum</strong></span> <span class='ocrx_word' id='word_1_640' title='bbox 923 5161 978 5215; x_wconf 93' lang='lat' dir='ltr'><strong>et</strong></span> <span class='ocrx_word' id='word_1_641' title='bbox 1001 5157 1341 5217; x_wconf 90' lang='lat' dir='ltr'><strong>adulterum</strong></span> <span class='ocrx_word' id='word_1_642' title='bbox 1363 5160 1653 5219; x_wconf 87' lang='lat' dir='ltr'><strong>Herodem</strong></span> <span class='ocrx_word' id='word_1_643' title='bbox 1675 5177 1746 5219; x_wconf 89' lang='lat' dir='ltr'><strong>ac</strong></span> <span class='ocrx_word' id='word_1_644' title='bbox 1767 5163 1976 5222; x_wconf 85' lang='lat' dir='ltr'><strong>ﬁliam.</strong></span> <span class='ocrx_word' id='word_1_645' title='bbox 2001 5167 2220 5229; x_wconf 90' lang='lat' dir='ltr'><strong>Deinde</strong></span> 
     </span>
    </p>
   </div>
   <div class='ocr_carea' id='block_1_96' title="bbox 635 5284 1614 5352">
    <p class='ocr_par' dir='ltr' id='par_1_96' title="bbox 635 5284 1614 5352">
     <span class='ocr_line' id='line_1_98' title="bbox 635 5284 1614 5352; baseline 0.003 -12"><span class='ocrx_word' id='word_1_646' title='bbox 635 5284 679 5318; x_wconf 81' lang='grc'>⁸¹</span> <span class='ocrx_word' id='word_1_647' title='bbox 712 5285 882 5341; x_wconf 87' lang='lat' dir='ltr'><strong>Marc.</strong></span> <span class='ocrx_word' id='word_1_648' title='bbox 915 5299 994 5352; x_wconf 81' lang='lat' dir='ltr'><strong>vi,</strong></span> <span class='ocrx_word' id='word_1_649' title='bbox 1026 5284 1114 5340; x_wconf 76' lang='grc'><strong>21.</strong></span> <span class='ocrx_word' id='word_1_650' title='bbox 1266 5287 1313 5322; x_wconf 77' lang='grc'><strong>³³</strong></span> <span class='ocrx_word' id='word_1_651' title='bbox 1343 5285 1494 5342; x_wconf 91' lang='lat' dir='ltr'><strong>Ibid.</strong></span> <span class='ocrx_word' id='word_1_652' title='bbox 1527 5287 1614 5344; x_wconf 74' lang='lat'><strong>27.</strong></span> 
     </span>
    </p>
   </div>
   <div class='ocr_carea' id='block_1_97' title="bbox 2339 4541 3939 4620">
    <p class='ocr_par' dir='ltr' id='par_1_97' title="bbox 2339 4541 3939 4620">
     <span class='ocr_line' id='line_1_99' title="bbox 2339 4541 3939 4620; baseline 0.003 -24"><span class='ocrx_word' id='word_1_653' title='bbox 2339 4543 2706 4619; x_wconf 80' lang='grc' dir='ltr'><strong>ἀναιρεθέντος,</strong></span> <span class='ocrx_word' id='word_1_654' title='bbox 2768 4541 3041 4616; x_wconf 71' lang='grc' dir='ltr'><strong>ἀλλ’ὶδίψα</strong></span> <span class='ocrx_word' id='word_1_655' title='bbox 3093 4549 3182 4596; x_wconf 81' lang='grc' dir='ltr'><strong>καὶ</strong></span> <span class='ocrx_word' id='word_1_656' title='bbox 3247 4544 3416 4598; x_wconf 77' lang='grc' dir='ltr'><strong>λαϐεῖν</strong></span> <span class='ocrx_word' id='word_1_657' title='bbox 3477 4546 3549 4607; x_wconf 83' lang='grc' dir='ltr'><strong>εἰς</strong></span> <span class='ocrx_word' id='word_1_658' title='bbox 3602 4555 3790 4620; x_wconf 89' lang='grc' dir='ltr'><strong>χεῖρας</strong></span> <span class='ocrx_word' id='word_1_659' title='bbox 3842 4554 3939 4606; x_wconf 79' lang='grc' dir='ltr'><strong>τὴν</strong></span> 
     </span>
    </p>
   </div>
   <div class='ocr_carea' id='block_1_98' title="bbox 2341 4633 3939 4707">
    <p class='ocr_par' dir='ltr' id='par_1_98' title="bbox 2341 4633 3939 4707">
     <span class='ocr_line' id='line_1_100' title="bbox 2341 4633 3939 4707; baseline 0.001 -19"><span class='ocrx_word' id='word_1_660' title='bbox 2341 4633 2744 4692; x_wconf 72' lang='grc' dir='ltr'><strong>στηλιτεύουσαν</strong></span> <span class='ocrx_word' id='word_1_661' title='bbox 2800 4639 2896 4693; x_wconf 77' lang='grc' dir='ltr'><strong>τὴν</strong></span> <span class='ocrx_word' id='word_1_662' title='bbox 2951 4633 3234 4687; x_wconf 87' lang='grc' dir='ltr'><strong>ἀκολασίαν</strong></span> <span class='ocrx_word' id='word_1_663' title='bbox 3285 4635 3446 4696; x_wconf 75' lang='grc' dir='ltr'><strong>αὐτῆς</strong></span> <span class='ocrx_word' id='word_1_664' title='bbox 3503 4635 3748 4707; x_wconf 73' lang='grc' dir='ltr'><strong>κεφαλὴν,</strong></span> <span class='ocrx_word' id='word_1_665' title='bbox 3801 4639 3939 4690; x_wconf 82' lang='grc' dir='ltr'><strong>ὥστε</strong></span> 
     </span>
    </p>
   </div>
   <div class='ocr_carea' id='block_1_99' title="bbox 2336 4722 3939 4797">
    <p class='ocr_par' dir='ltr' id='par_1_99' title="bbox 2336 4722 3939 4797">
     <span class='ocr_line' id='line_1_101' title="bbox 2336 4722 3939 4797; baseline 0.002 -21"><span class='ocrx_word' id='word_1_666' title='bbox 2336 4723 2602 4796; x_wconf 72' lang='grc' dir='ltr'><strong>ἐνυϐρίσαι</strong></span> <span class='ocrx_word' id='word_1_667' title='bbox 2659 4724 2787 4797; x_wconf 68' lang='grc' dir='ltr'><strong>αὐτῇ</strong></span> <span class='ocrx_word' id='word_1_668' title='bbox 2844 4729 2933 4775; x_wconf 87' lang='grc' dir='ltr'><strong>καὶ</strong></span> <span class='ocrx_word' id='word_1_669' title='bbox 2985 4722 3325 4778; x_wconf 74' lang='grc' dir='ltr'><strong>ἐπιτωθάσαι.</strong></span> <span class='ocrx_word' id='word_1_670' title='bbox 3380 4730 3632 4778; x_wconf 82' lang='grc' dir='ltr'><strong>Τοιαῦταί</strong></span> <span class='ocrx_word' id='word_1_671' title='bbox 3690 4726 3818 4778; x_wconf 80' lang='grc' dir='ltr'><strong>εἰσιν</strong></span> <span class='ocrx_word' id='word_1_672' title='bbox 3881 4730 3939 4779; x_wconf 83' lang='grc' dir='ltr'><strong>αἱ</strong></span> 
     </span>
    </p>
   </div>
   <div class='ocr_carea' id='block_1_100' title="bbox 2335 4813 3938 4887">
    <p class='ocr_par' dir='ltr' id='par_1_100' title="bbox 2335 4813 3938 4887">
     <span class='ocr_line' id='line_1_102' title="bbox 2335 4813 3938 4887; baseline 0.002 -21"><span class='ocrx_word' id='word_1_673' title='bbox 2335 4819 2706 4886; x_wconf 79' lang='grc' dir='ltr'><strong>μοιχευόμεναι</strong></span> <span class='ocrx_word' id='word_1_674' title='bbox 2796 4820 3052 4885; x_wconf 85' lang='grc' dir='ltr'><strong>γυναῖκες,</strong></span> <span class='ocrx_word' id='word_1_675' title='bbox 3136 4813 3370 4866; x_wconf 78' lang='grc' dir='ltr'><strong>ἁπάντων</strong></span> <span class='ocrx_word' id='word_1_676' title='bbox 3454 4813 3769 4887; x_wconf 83' lang='grc' dir='ltr'><strong>ἰταμώτεραι</strong></span> <span class='ocrx_word' id='word_1_677' title='bbox 3844 4822 3938 4870; x_wconf 77' lang='grc' dir='ltr'><strong>καὶ</strong></span> 
     </span>
    </p>
   </div>
   <div class='ocr_carea' id='block_1_101' title="bbox 2334 4899 3938 4980">
    <p class='ocr_par' dir='ltr' id='par_1_101' title="bbox 2334 4899 3938 4980">
     <span class='ocr_line' id='line_1_103' title="bbox 2334 4899 3938 4980; baseline 0.002 -26"><span class='ocrx_word' id='word_1_678' title='bbox 2334 4904 2588 4980; x_wconf 85' lang='grc' dir='ltr'><strong>ὠμότεραι</strong></span> <span class='ocrx_word' id='word_1_679' title='bbox 2643 4909 2731 4956; x_wconf 83' lang='grc' dir='ltr'><strong>καὶ</strong></span> <span class='ocrx_word' id='word_1_680' title='bbox 2781 4901 3126 4976; x_wconf 84' lang='grc' dir='ltr'><strong>ἀνοσιότεραι.</strong></span> <span class='ocrx_word' id='word_1_681' title='bbox 3182 4907 3366 4956; x_wconf 82' lang='grc' dir='ltr'><strong>Σκόπει</strong></span> <span class='ocrx_word' id='word_1_682' title='bbox 3418 4899 3478 4956; x_wconf 73' lang='grc' dir='ltr'><strong>δὲ</strong></span> <span class='ocrx_word' id='word_1_683' title='bbox 3523 4910 3613 4957; x_wconf 79' lang='grc' dir='ltr'><strong>καὶ</strong></span> <span class='ocrx_word' id='word_1_684' title='bbox 3655 4904 3756 4958; x_wconf 84' lang='grc' dir='ltr'><strong>ὃσα</strong></span> <span class='ocrx_word' id='word_1_685' title='bbox 3795 4907 3938 4958; x_wconf 83' lang='grc' dir='ltr'><strong>κακοί</strong></span> 
     </span>
    </p>
   </div>
   <div class='ocr_carea' id='block_1_102' title="bbox 2335 4986 3938 5070">
    <p class='ocr_par' dir='ltr' id='par_1_102' title="bbox 2335 4986 3938 5070">
     <span class='ocr_line' id='line_1_104' title="bbox 2335 4986 3938 5070; baseline 0.001 -24"><span class='ocrx_word' id='word_1_686' title='bbox 2335 4986 2668 5068; x_wconf 81' lang='grc' dir='ltr'><strong>διεπράξατο·</strong></span> <span class='ocrx_word' id='word_1_687' title='bbox 2723 4997 3026 5067; x_wconf 72' lang='grc' dir='ltr'><strong>κατῄσχυνε</strong></span> <span class='ocrx_word' id='word_1_688' title='bbox 3072 4997 3161 5046; x_wconf 88' lang='grc' dir='ltr'><strong>καὶ</strong></span> <span class='ocrx_word' id='word_1_689' title='bbox 3227 4993 3425 5058; x_wconf 72' lang='grc' dir='ltr'><strong>ἑαυτὴν,</strong></span> <span class='ocrx_word' id='word_1_690' title='bbox 3488 4999 3577 5046; x_wconf 78' lang='grc' dir='ltr'><strong>καὶ</strong></span> <span class='ocrx_word' id='word_1_691' title='bbox 3626 4997 3710 5046; x_wconf 87' lang='grc' dir='ltr'><strong>τὸν</strong></span> <span class='ocrx_word' id='word_1_692' title='bbox 3764 4990 3938 5070; x_wconf 79' lang='grc' dir='ltr'><strong>ἄνδρα</strong></span> 
     </span>
    </p>
   </div>
   <div class='ocr_carea' id='block_1_103' title="bbox 2332 5079 3934 5156">
    <p class='ocr_par' dir='ltr' id='par_1_103' title="bbox 2332 5079 3934 5156">
     <span class='ocr_line' id='line_1_105' title="bbox 2332 5079 3934 5156; baseline 0.001 -21"><span class='ocrx_word' id='word_1_693' title='bbox 2332 5085 2494 5144; x_wconf 69' lang='grc' dir='ltr'><strong>αὐτῆς</strong></span> <span class='ocrx_word' id='word_1_694' title='bbox 2547 5082 2816 5151; x_wconf 81' lang='grc' dir='ltr'><strong>Φίλιππον,</strong></span> <span class='ocrx_word' id='word_1_695' title='bbox 2870 5088 2960 5134; x_wconf 69' lang='grc' dir='ltr'><strong>καὶ⁹</strong></span> <span class='ocrx_word' id='word_1_696' title='bbox 3014 5085 3100 5134; x_wconf 86' lang='grc' dir='ltr'><strong>τὸν</strong></span> <span class='ocrx_word' id='word_1_697' title='bbox 3148 5087 3341 5156; x_wconf 82' lang='grc' dir='ltr'><strong>μοιχὸν</strong></span> <span class='ocrx_word' id='word_1_698' title='bbox 3390 5079 3650 5156; x_wconf 75' lang='grc' dir='ltr'><strong>Ἡρώδην,</strong></span> <span class='ocrx_word' id='word_1_699' title='bbox 3697 5087 3787 5136; x_wconf 85' lang='grc' dir='ltr'><strong>καὶ</strong></span> <span class='ocrx_word' id='word_1_700' title='bbox 3839 5088 3934 5143; x_wconf 80' lang='grc' dir='ltr'><strong>τὴν</strong></span> 
     </span>
    </p>
   </div>
   <div class='ocr_carea' id='block_1_104' title="bbox 2332 5170 3931 5250">
    <p class='ocr_par' dir='ltr' id='par_1_104' title="bbox 2332 5170 3931 5250">
     <span class='ocr_line' id='line_1_106' title="bbox 2332 5170 3931 5250; baseline -0.001 -23"><span class='ocrx_word' id='word_1_701' title='bbox 2332 5175 2612 5250; x_wconf 71' lang='grc' dir='ltr'><strong>θυγατέρα,</strong></span> <span class='ocrx_word' id='word_1_702' title='bbox 2666 5176 2757 5226; x_wconf 77' lang='grc' dir='ltr'><strong>καὶ</strong></span> <span class='ocrx_word' id='word_1_703' title='bbox 2810 5170 2970 5224; x_wconf 77' lang='grc' dir='ltr'><strong>ἀνεῖλε</strong></span> <span class='ocrx_word' id='word_1_704' title='bbox 3019 5175 3110 5245; x_wconf 70' lang='grc' dir='ltr'><strong>μεν</strong></span> <span class='ocrx_word' id='word_1_705' title='bbox 3157 5176 3243 5225; x_wconf 89' lang='grc' dir='ltr'><strong>τὸν</strong></span> <span class='ocrx_word' id='word_1_706' title='bbox 3301 5177 3586 5248; x_wconf 79' lang='grc' dir='ltr'><strong>κατήγορον</strong></span> <span class='ocrx_word' id='word_1_707' title='bbox 3640 5181 3732 5234; x_wconf 81' lang='grc' dir='ltr'><strong>τῆς</strong></span> <span class='ocrx_word' id='word_1_708' title='bbox 3813 5192 3931 5246; x_wconf 87' lang='grc' dir='ltr'><strong>μοι-</strong></span> 
     </span>
    </p>
   </div>
   <div class='ocr_carea' id='block_1_105' title="bbox 1758 5424 2704 5501">
    <p class='ocr_par' dir='ltr' id='par_1_105' title="bbox 1758 5424 2704 5501">
     <span class='ocr_line' id='line_1_107' title="bbox 1758 5424 2704 5501; baseline 0.006 -7"><span class='ocrx_word' id='word_1_709' title='bbox 1758 5424 1985 5496; x_wconf 60' lang='lat' dir='ltr'><strong>Varia;</strong></span> <span class='ocrx_word' id='word_1_710' title='bbox 2022 5427 2352 5501; x_wconf 87' lang='lat' dir='ltr'><strong>lectiones</strong></span> <span class='ocrx_word' id='word_1_711' title='bbox 2389 5441 2456 5500; x_wconf 89' lang='lat' dir='ltr'><strong>et</strong></span> <span class='ocrx_word' id='word_1_712' title='bbox 2501 5439 2704 5500; x_wconf 59' lang='lat' dir='ltr'><strong>notae.</strong></span> 
     </span>
    </p>
   </div>
   <div class='ocr_carea' id='block_1_106' title="bbox 630 5566 1537 5640">
    <p class='ocr_par' dir='ltr' id='par_1_106' title="bbox 630 5566 1537 5640">
     <span class='ocr_line' id='line_1_108' title="bbox 630 5566 1537 5640; baseline -0.001 -17"><span class='ocrx_word' id='word_1_713' title='bbox 777 5568 905 5621; x_wconf 82' lang='grc' dir='ltr'><strong>Ἀπὸ</strong></span> <span class='ocrx_word' id='word_1_714' title='bbox 935 5577 1108 5640; x_wconf 80' lang='grc' dir='ltr'><strong>κοινοῦ</strong></span> <span class='ocrx_word' id='word_1_715' title='bbox 1139 5571 1196 5621; x_wconf 87' lang='grc' dir='ltr'><strong>τὸ</strong></span> <span class='ocrx_word' id='word_1_716' title='bbox 1230 5566 1537 5640; x_wconf 69' lang='grc' dir='ltr'><strong>φοϐηθεῖσα.</strong></span> 
     </span>
    </p>
   </div>
   <div class='ocr_carea' id='block_1_107' title="bbox 625 5637 1326 5782">
    <p class='ocr_par' dir='ltr' id='par_1_107' title="bbox 625 5637 1326 5782">
     <span class='ocr_line' id='line_1_109' title="bbox 625 5637 1246 5782; baseline 0 -88"><span class='ocrx_word' id='word_1_717' title='bbox 625 5637 740 5782; x_wconf 53' lang='grc' dir='ltr'><strong>ἱ53)</strong></span> <span class='ocrx_word' id='word_1_718' title='bbox 770 5645 867 5694; x_wconf 90' lang='grc' dir='ltr'><strong>Τόν</strong></span> <span class='ocrx_word' id='word_1_719' title='bbox 897 5637 1159 5714; x_wconf 81' lang='grc' dir='ltr'><strong>Ἡρώδην.</strong></span> <span class='ocrx_word' id='word_1_720' title='bbox 1236 5637 1246 5640; x_wconf 43' lang='grc'>⁷</span> 
     </span>
     <span class='ocr_line' id='line_1_110' title="bbox 649 5709 1326 5782; baseline -0.003 -16"><span class='ocrx_word' id='word_1_721' title='bbox 649 5713 737 5782; x_wconf 76' lang='grc'><strong>54)</strong></span> <span class='ocrx_word' id='word_1_722' title='bbox 765 5712 805 5769; x_wconf 82' lang='lat' dir='ltr'><strong>i.</strong></span> <span class='ocrx_word' id='word_1_723' title='bbox 840 5729 895 5769; x_wconf 78' lang='grc' dir='ltr'><strong>θ.</strong></span> <span class='ocrx_word' id='word_1_724' title='bbox 937 5712 984 5764; x_wconf 85' lang='grc' dir='ltr'><strong>ἐν</strong></span> <span class='ocrx_word' id='word_1_725' title='bbox 1014 5720 1085 5782; x_wconf 83' lang='grc' dir='ltr'><strong>τῷ</strong></span> <span class='ocrx_word' id='word_1_726' title='bbox 1125 5709 1326 5782; x_wconf 85' lang='grc' dir='ltr'><strong>ἀναιρεῖ</strong></span> 
     </span>
    </p>
   </div>
   <div class='ocr_carea' id='block_1_108' title="bbox 649 5711 1736 5789">
    <p class='ocr_par' dir='ltr' id='par_1_108' title="bbox 649 5711 1736 5789">
     <span class='ocr_line' id='line_1_111' title="bbox 649 5711 1736 5789; baseline 0.004 -25"><span class='ocrx_word' id='word_1_727' title='bbox 649 5713 737 5785; x_wconf 73' lang='grc'><strong>54)</strong></span> <span class='ocrx_word' id='word_1_728' title='bbox 765 5712 805 5769; x_wconf 85' lang='lat' dir='ltr'><strong>i.</strong></span> <span class='ocrx_word' id='word_1_729' title='bbox 840 5729 895 5769; x_wconf 79' lang='grc' dir='ltr'><strong>θ.</strong></span> <span class='ocrx_word' id='word_1_730' title='bbox 937 5711 984 5764; x_wconf 84' lang='grc' dir='ltr'><strong>ἐν</strong></span> <span class='ocrx_word' id='word_1_731' title='bbox 1014 5720 1085 5782; x_wconf 83' lang='grc' dir='ltr'><strong>τῷ</strong></span> <span class='ocrx_word' id='word_1_732' title='bbox 1125 5711 1451 5785; x_wconf 84' lang='grc' dir='ltr'><strong>ἀναιρεῖσθαι</strong></span> <span class='ocrx_word' id='word_1_733' title='bbox 1478 5711 1736 5789; x_wconf 83' lang='grc' dir='ltr'><strong>δημοσίᾳ.</strong></span> 
     </span>
    </p>
   </div>
   <div class='ocr_carea' id='block_1_109' title="bbox 2398 5579 3928 5658">
    <p class='ocr_par' dir='ltr' id='par_1_109' title="bbox 2398 5579 3928 5658">
     <span class='ocr_line' id='line_1_112' title="bbox 2398 5579 3928 5658; baseline 0.001 -22"><span class='ocrx_word' id='word_1_734' title='bbox 2398 5582 2512 5652; x_wconf 87' lang='grc'><strong>(55)</strong></span> <span class='ocrx_word' id='word_1_735' title='bbox 2561 5587 2684 5644; x_wconf 85' lang='grc' dir='ltr'><strong>Τοῖς</strong></span> <span class='ocrx_word' id='word_1_736' title='bbox 2736 5589 2830 5658; x_wconf 68' lang='grc' dir='ltr'><strong>τῇς</strong></span> <span class='ocrx_word' id='word_1_737' title='bbox 2880 5581 3157 5656; x_wconf 85' lang='grc' dir='ltr'><strong>ὀρχήσεως</strong></span> <span class='ocrx_word' id='word_1_738' title='bbox 3211 5590 3482 5655; x_wconf 74' lang='grc' dir='ltr'><strong>τρυφεροῖς</strong></span> <span class='ocrx_word' id='word_1_739' title='bbox 3539 5583 3626 5635; x_wconf 84' lang='grc' dir='ltr'><strong>καὶ</strong></span> <span class='ocrx_word' id='word_1_740' title='bbox 3679 5579 3928 5658; x_wconf 80' lang='grc' dir='ltr'><strong>αἰσχροῖς</strong></span> 
     </span>
    </p>
   </div>
   <div class='ocr_carea' id='block_1_110' title="bbox 2327 5653 2948 5727">
    <p class='ocr_par' dir='ltr' id='par_1_110' title="bbox 2327 5653 2948 5727">
     <span class='ocr_line' id='line_1_113' title="bbox 2327 5653 2948 5727; baseline 0.003 -21"><span class='ocrx_word' id='word_1_741' title='bbox 2327 5658 2580 5727; x_wconf 73' lang='grc' dir='ltr'><strong>σχήμασι</strong></span> <span class='ocrx_word' id='word_1_742' title='bbox 2606 5658 2696 5706; x_wconf 79' lang='grc' dir='ltr'><strong>καὶ</strong></span> <span class='ocrx_word' id='word_1_743' title='bbox 2727 5653 2948 5727; x_wconf 66' lang='grc' dir='ltr'><strong>ἂλμασὶ.</strong></span> 
     </span>
    </p>
   </div>
   <div class='ocr_carea' id='block_1_111' title="bbox 2395 5725 3420 5800">
    <p class='ocr_par' dir='ltr' id='par_1_111' title="bbox 2395 5725 3420 5800">
     <span class='ocr_line' id='line_1_114' title="bbox 2395 5725 3420 5800; baseline 0.007 -22"><span class='ocrx_word' id='word_1_744' title='bbox 2395 5725 2508 5797; x_wconf 80' lang='grc'><strong>(56)</strong></span> <span class='ocrx_word' id='word_1_745' title='bbox 2540 5725 2858 5783; x_wconf 86' lang='lat' dir='ltr'><strong>[lentenius</strong></span> <span class='ocrx_word' id='word_1_746' title='bbox 2889 5725 3054 5784; x_wconf 87' lang='lat' dir='ltr'><strong>addit</strong></span> <span class='ocrx_word' id='word_1_747' title='bbox 3087 5749 3098 5782; x_wconf 90' lang='lat'><strong>:</strong></span> <span class='ocrx_word' id='word_1_748' title='bbox 3132 5731 3261 5799; x_wconf 75' lang='grc' dir='ltr'><strong>φησὶ</strong></span> <span class='ocrx_word' id='word_1_749' title='bbox 3290 5726 3420 5800; x_wconf 76' lang='grc' dir='ltr'><strong>γάρ.</strong></span> 
     </span>
    </p>
   </div>
  </div>
