4176 6436
553 347 644 403 431

625 471 784 525 Vers.
817 471 885 525 14
929 468 1001 523 Et
1032 477 1297 536 egressus
1322 490 1389 500 —
1417 459 1684 514 illorum.
1714 453 1924 508 Vidisti
1963 453 2206 508 deside-
2239 453 2279 504 Α

553 576 730 629 rium,
757 557 887 614 vide
913 561 966 612 et
987 555 1114 626 ejus
1145 549 1482 624 praemium.
1514 546 1630 599 Nec
1657 543 1728 599 ab
1759 541 1851 596 his
1892 541 2072 596 ﬁdem
2105 557 2205 595 ex-

557 651 838 722 petebat:
917 646 1080 700 illam
1137 641 1290 696 enim
1343 636 1899 692 demonstraverant
1948 630 2204 701 pedestri

557 718 763 795 itinere
793 737 1018 806 absque
1044 727 1338 787 alimentis
1368 726 1684 795 sequentes
1716 719 1778 774 in
1800 719 2098 774 desertum
2123 718 2204 772 lo-

558 845 695 883 cum
729 845 741 881 :
773 828 995 881 Marcus
1027 834 1162 874 vero
1194 822 1250 871 et
1299 815 1488 869 Lucas
1517 810 1794 865 dixerunt
1822 807 1987 879 quod
2026 807 2202 861 etiam

558 915 736 987 caepit
765 913 978 968 docere
1007 907 1139 962 illos
1164 903 1374 971 multa,
1402 901 1689 973 quodque
1714 897 2065 968 loquebatur
2087 894 2201 950 illis

557 1004 633 1058 de
662 1015 842 1069 regno
875 997 974 1052 Dei
1013 997 1080 1050 ³⁷.

629 1104 796 1162 Unde
826 1107 1024 1158 autem
1056 1113 1334 1171 egressus
1354 1094 1613 1152 sanabat
1632 1096 1688 1148 et
1711 1089 2016 1147 docebat?
2043 1090 2203 1144 Certe

557 1194 801 1250 dubium
821 1205 941 1248 non
963 1195 1049 1246 est
1073 1189 1214 1260 quin
1240 1203 1278 1244 a
1306 1189 1525 1242 monte.
1556 1182 1648 1238 Ait
1691 1182 1850 1237 enim
1903 1179 2162 1234 Joannes
2187 1197 2200 1232 :

558 1282 717 1337 Abiit
731 1283 891 1337 Jesus
922 1285 1079 1334 trans
1102 1292 1262 1333 mare
1287 1274 1544 1331 Galilwce
1563 1269 1710 1342 quod
1729 1276 1808 1323 est
1841 1265 2159 1323 Tiberiadis
2187 1283 2200 1320 :

559 1378 610 1426 et
639 1369 989 1441 sequebatur
1016 1383 1143 1422 eum
1168 1364 1342 1420 turba
1369 1363 1570 1425 multa,
1603 1359 1741 1430 quia
1769 1356 2029 1414 videbant
2080 1356 2205 1423 ejus

556 1458 723 1528 signa
752 1473 886 1528 quae
909 1455 1109 1511 edeba’t
1139 1453 1197 1508 in
1229 1452 1312 1506 his
1332 1448 1903 1522 quiinﬁrmabantur.
1930 1443 2204 1498 Ascendit

560 1553 743 1603 autem
774 1547 837 1601 in
863 1551 1114 1601 montem
1145 1543 1328 1610 Jesus,
1364 1545 1420 1595 et
1449 1538 1533 1594 ibi
1555 1535 1775 1592 sedebat
1804 1550 1932 1589 cum
1959 1532 2202 1600 discipu-

561 1636 633 1691 lis
657 1636 790 1689 suis.
821 1636 870 1670 ⁸⁸
904 1631 1184 1688 Disseruit
1214 1627 1374 1684 enim
1403 1627 1466 1682 in
1495 1625 1630 1681 navi
1687 1639 1822 1678 cum
1853 1619 2158 1692 discipulis
2187 1635 2200 1684 ;

550 1738 807 1795 cumque
847 1720 1252 1778 ascendissent
1301 1718 1362 1772 in
1412 1720 1700 1779 montem,
1756 1710 2195 1783 requieverunt.

557 1812 778 1869 Deinde
797 1825 1067 1882 egressus
1089 1811 1177 1864 est
1193 1811 1251 1862 et
1275 1803 1525 1862 sanabat
1553 1807 1612 1859 et
1630 1799 1907 1857 docebat.

855 2001 1006 2056 CAP.
1039 2001 1221 2057 XXVI.
1261 1999 1334 2054 De
1354 1997 1604 2070 quinque
1637 1994 1904 2066 panibus.

628 2092 788 2146 Vers.
825 2094 908 2144 15.
938 2088 1183 2157 Vespera
1213 2117 1281 2128 —
1311 2085 1562 2141 cibaria.
1614 2083 1747 2138 Dies
1767 2080 2064 2137 declinare
2089 2094 2203 2133 cm-

556 2184 744 2251 perat,
777 2177 929 2234 sicut
979 2176 1122 2232 dixit
1142 2175 1332 2230 Lucas
1361 2175 1408 2208 ³⁰
1444 2189 1458 2238 ;
1490 2171 1605 2244 ipsi
1636 2176 1836 2227 tamen
1857 2167 2048 2239 jejuni
2075 2181 2202 2238 per-

556 2267 902 2332 manebant,
931 2264 1213 2322 audiendi
1243 2277 1444 2319 amore
1461 2261 1636 2317 famis
1657 2257 2062 2315 necessitatem
2080 2255 2205 2309 vin-

554 2362 748 2413 cente.
792 2354 1052 2412 Christus
1082 2368 1222 2410 vero
1247 2367 1385 2408 cum
1413 2349 1628 2406 idcirco
1658 2364 1760 2404 eos
1780 2345 1979 2401 cibare
2009 2342 2202 2406 vellet,

555 2444 913 2517 exspectavit
943 2448 1140 2499 tamen
1167 2445 1232 2496 ut
1250 2440 1328 2497 ab
1359 2438 1489 2495 aliis
1511 2437 1887 2493 occasionem
1923 2435 2202 2500 sumeret,

555 2549 628 2588 ne
658 2532 954 2589 videretur
979 2531 1055 2585 ad
1081 2527 1352 2584 miraculi
1382 2525 1789 2598 operationem
1820 2520 2041 2577 assilire
2075 2535 2204 2574 :ne-

553 2636 666 2692 que
696 2621 792 2675 hic
815 2619 1030 2683 solum,
1065 2630 1273 2672 verum
1300 2614 1479 2669 etiam
1499 2612 1641 2669 alibi
1669 2612 1829 2665 idem
1868 2609 2205 2680 frequenter

556 2709 854 2764 observat.
880 2707 1168 2760 Praeterea
1181 2707 1243 2757 ut
1265 2702 1443 2758 etiam
1467 2700 1614 2772 quid
1639 2699 1989 2762 esurierant,
2019 2696 2204 2767 majo-

550 2796 598 2850 ri
627 2793 899 2849 miraculi
928 2807 1102 2847 sensu
1132 2793 1530 2846 moverentur.

626 2902 784 2955 Vers.
828 2903 916 2956 16.
939 2899 1104 2954 Jesus
1135 2904 1330 2955 autem
1359 2927 1420 2937 —
1443 2896 1603 2966 quod
1629 2895 1824 2951 edant.
1857 2894 1982 2949 Non
2011 2891 2155 2948 dixit
2188 2909 2201 2944 :

555 2993 674 3059 Ego
688 3005 934 3060 pascam
958 2987 1090 3044 illos
1121 3004 1135 3054 ;
1159 2988 1269 3044 hoc
1290 2987 1449 3042 enim
1469 2985 1823 3055 arrogantiae
1852 2982 2162 3039 videbatur
2185 2999 2198 3047 ;

554 3078 658 3133 sed
723 3076 1042 3149 discipulos
1113 3075 1480 3140 adhortatur,
1538 3079 1602 3130 ut
1659 3073 1801 3128 dent
1866 3071 1977 3126 illis
2036 3070 2200 3142 quod

553 3166 751 3236 edant,
788 3170 849 3221 ut
872 3163 1773 3238 ipsiinopiamlobtendentibus,
1789 3163 1910 3233 jam
1938 3167 2064 3216 tum
2090 3158 2202 3231 ipsi

555 3255 899 3311 necessitate
930 3258 1174 3311 coactus
1198 3252 1412 3309 faceret
1434 3251 1600 3324 quod
1622 3267 1800 3306 suum
1827 3255 1977 3306 erat.

2232 3135 2272 3192 C

621 3451 738 3508 Sed
769 3452 1068 3507 Matthaeus
1097 3447 1344 3522 quidem
1361 3451 1418 3504 et
1445 3447 1672 3503 Marcus
1701 3450 1757 3501 et
1781 3447 1972 3500 Lucas
1996 3444 2203 3499 dicunt

550 3538 872 3612 discipulos
911 3537 1276 3608 suggessisse
1303 3537 1532 3592 Christo
1559 3536 1634 3591 de
1664 3535 1974 3590 turbarum
2007 3533 2204 3587 dimis-

550 3629 734 3698 sione,
767 3643 889 3700 quo
934 3626 1159 3682 cibaria
1211 3629 1477 3680 emerent
1507 3626 1573 3676 ιο.
1612 3626 1868 3679 Joannes
1898 3637 2039 3679 vero
2072 3622 2148 3676 ait
2187 3640 2197 3679 :

552 3718 694 3773 Cum
724 3717 1037 3772 sustulisset
1068 3714 1258 3770 oculos
1308 3714 1471 3770 Jesus
1491 3721 1543 3769 et
1590 3713 1817 3769 vidisset
1845 3711 1986 3782 quod
2031 3711 2205 3766 turba

550 3805 728 3858 multa
756 3804 969 3860 veniret
998 3804 1074 3858 ad
1095 3818 1173 3868 se,
1211 3804 1294 3858 ait
1334 3803 1414 3860 ad
1441 3802 1781 3872 Philippum
1813 3819 1824 3855 :
1866 3799 2024 3856 Unde
2063 3813 2203 3853 eme-

551 3908 672 3947 mus
697 3908 900 3961 panes,
934 3898 998 3947 ut
1030 3891 1415 3948 comedanthi
1444 3891 1471 3946 ?
1500 3892 1619 3948 Hoc
1638 3898 1817 3946 autem
1839 3889 2062 3943 dicebat
2093 3893 2206 3941 ten-

555 3987 678 4037 tans
705 3997 827 4037 eum
851 3981 1005 4049 :ipse
1020 3981 1390 4036 enimsciebat
1412 3981 1549 4051 quid
1568 3985 1710 4035 esset
1751 3980 2038 4047 facturus.
2070 3977 2204 4030 Res-

546 4070 743 4143 pondit
774 4072 826 4126 ei
854 4071 1194 4141 Philippus:
1216 4071 1609 4126 Ducentorum
1635 4069 2006 4122 denariorum
2030 4081 2204 4134 panes

551 4175 671 4216 non
709 4160 1010 4230 sufﬁciunt
1034 4160 1132 4226 eis,
1163 4165 1229 4214 ut
1249 4159 1646 4230 unusquisque
1684 4172 1879 4212 eorum
1924 4155 2202 4224 pusillum

551 4250 846 4322 quippiam
872 4249 1126 4319 accipiat
1159 4249 1226 4300 ιι.
1259 4247 1392 4303 Haec
1422 4261 1562 4302 sane
1594 4245 2099 4317 scripsitloannes.

1874 327 2232 389 EUTHYMII
2269 325 2594 382 ZIGABENI

3813 320 3925 376 432

2389 455 2489 502 Καὶ
2551 448 2760 510 ἐξελθὼν
2819 479 2885 486 -
2941 446 3125 497 αὐτῶν.
3214 440 3364 505 Εἶδες
3445 447 3532 495 τὸν
3589 446 3766 513 πόθον,
3824 447 3924 518 ὅρα

2313 544 2402 589 καὶ
2457 542 2541 589 τόν
2589 538 2776 608 μισθόν
2857 535 3036 587 αὐτοῦ.
3125 537 3224 586 Καὶ
3284 533 3378 584 ούκ
3458 530 3668 584 ἀπαιτεῖ
3703 536 3923 594 τούτους

2312 631 2510 679 πίστινο
2591 622 2788 686 ἔδειξαν
2867 626 2967 696 γὰρ
3054 625 3245 678 ταύτην
3309 620 3707 683 ἀκολουθούντες
3760 623 3919 694 πεζῇ,

2315 711 2453 784 δίχα
2506 721 2719 786 τροφῆς,
2799 712 2871 771 εἰς
2956 714 3143 784 ἔρημον
3202 713 3375 763 τόπον.
3437 713 3648 781 Μάρκος
3713 707 3772 762 δὲ
3829 715 3922 762 καὶ

2315 809 2517 862 Λουκᾶς
2589 803 2747 865 εἶπον,
2804 801 2884 851 ὅτι
2959 804 3042 850 καὶ
3123 797 3315 869 ἤρξατο
3393 793 3671 849 διδάσκειν
3733 799 3922 858 αὐτοὺς

2313 890 2494 956 πολλὰ,
2544 894 2633 940 καὶ
2689 890 2768 940 ὅτι
2826 886 2987 939 ἐλάλει
3049 886 3226 944 αὐτοῖς
3298 890 3417 958 περὶ
3492 893 3582 946 τῆς
3642 884 3920 958 βασιλείας

2310 988 2400 1032 τοῦ
2440 986 2592 1032 Θεοῦ.

2385 1070 2544 1120 Πόθεν
2599 1063 2658 1118 δὲ
2711 1064 2920 1127 ἐξελθὼν
2978 1063 3162 1115 ἰάσατο
3237 1067 3326 1113 καὶ
3375 1057 3626 1128 ἐδίδαξε;

2314 1157 2414 1209 ἀπὸ
2466 1162 2557 1208 τοῦ
2605 1160 2774 1227 ὄρους.
2835 1157 2971 1210 Φησὶ
3022 1154 3122 1225 γὰρ
3173 1152 3490 1216 όΊωάννης,
3537 1152 3617 1202 ὅτι
3660 1151 3914 1209 Ἀπῆλθεν

2314 1249 2338 1298 ό
2397 1246 2602 1305 Ἰησοῦς
2695 1247 2852 1316 πέραν
2957 1248 3051 1301 τῆς
3129 1238 3398 1299 θαλάσσης
3475 1247 3570 1299 τῆς
3641 1238 3913 1307 Γαλιλαίας

2314 1344 2408 1394 τῆς
2457 1328 2780 1404 Τιϐεριάδος,
2843 1333 2930 1382 καὶ
2988 1330 3256 1386 ἠκολούθει
3309 1327 3449 1398 αύτῷ
3508 1327 3665 1398 ὄχλος
3736 1328 3912 1393 πολύς,

3705 1064 3920 1126 Πάντως

2314 1423 2393 1474 ὅτι
2441 1422 2604 1496 ἑώρων
2653 1420 2812 1471 αύτού
2891 1421 2957 1469 τὰ
3041 1425 3251 1488 σημεῖα,
3321 1417 3356 1467 οἶ
3412 1415 3569 1468 ἐποίει
3649 1415 3732 1468 ἐπὶ
3815 1426 3916 1468 τῶν

2314 1509 2685 1566 ἀσθενούντων,
2749 1506 2963 1565 Ἀνῆλθε
3038 1502 3096 1558 δε
3148 1505 3214 1564 εἰς
3284 1507 3342 1555 τὸ
3423 1507 3540 1576 ὅρος
3591 1506 3617 1555 ό
3684 1506 3912 1572 Ἰησοῦς,

2313 1603 2402 1650 καὶ
2493 1597 2598 1650 ἐκεῖ
2680 1595 2898 1652 ἐκάθητο
2989 1596 3118 1665 μετὰ
3201 1601 3298 1644 τῶν
3401 1595 3648 1663 μαθητῶν
3726 1593 3907 1646 αὐτοῦ.

2315 1685 2568 1760 Προέλαϐε
2623 1688 2723 1758 γὰρ
2806 1682 2853 1734 ἒν
2931 1681 3092 1752 πλοίῷ
3153 1684 3284 1752 μετὰ
3339 1688 3437 1731 τῶν
3491 1682 3759 1752 μαθητῶν,
3818 1686 3908 1732 καῖ

2242 1775 2602 1849 Βὰνελθόντες
2656 1772 2722 1832 εἰς
2773 1774 2828 1824 τό
2882 1775 3012 1844 ὅρος,
3069 1767 3458 1821 διανεπαύοντο.
3516 1768 3641 1820 Εἶτα
3700 1767 3897 1834 ἐξῆλθε,

2313 1871 2401 1916 και
2434 1864 2638 1926 ἰάσατο,
2662 1865 2752 1912 καὶ
2777 1856 3034 1921 έδίδαξεν.

2615 1955 2760 2005 ΚΕΦ.
2798 1946 2909 2001 ΚΣ.
2941 1951 3066 2020 Περὶ
3100 1954 3198 1997 τῶν
3237 1940 3382 1997 πέντε
3414 1944 3598 2018 ἄρτων.

2382 2040 2573 2111 Ὀψίας
2601 2067 2670 2079 -
2718 2034 2994 2108 βρώματα.
3037 2034 3094 2086 Ἠ
3130 2037 3219 2105 μὲν
3247 2035 3416 2106 ἡμέρα
3455 2032 3637 2083 κλίνειν
3685 2030 3903 2102 ἤρξατο,

2311 2130 2483 2189 καθὼς
2508 2128 2614 2179 εἶπε
2647 2130 2872 2186 Λουκᾶς·
2909 2123 3054 2176 αὐτοὶ
3082 2119 3142 2174 δὲ
3161 2125 3441 2193 παρέμενον
3467 2122 3665 2186 ᾶσιτοι,
3690 2125 3780 2170 τοῦ
3811 2125 3906 2178 τῆς

2313 2215 2604 2290 ἀκρόάσεως
2641 2216 2828 2286 ἔρωτος
2871 2220 3110 2270 νικῶντος
3156 2214 3248 2268 τὴν
3297 2209 3522 2280 ἀνάγκην
3573 2217 3662 2268 τῆς
3705 2210 3906 2267 πείνης.

2310 2305 2368 2356 ’0
2396 2301 2454 2356 δὲ
2481 2306 2722 2375 Χριστός,
2748 2298 2841 2354 διὰ
2860 2309 3014 2352 τοῦτο
3038 2298 3345 2372 βουλόμενος
3375 2297 3559 2369 θρέψαι
3588 2291 3906 2368 παραδαξως

2313 2393 2523 2459 αὐτούς,
2568 2391 2700 2463 ὅμως
2731 2389 2952 2461 ἀνέμεινε
2981 2389 3101 2460 παρ’
3133 2388 3310 2460 ἐτέρων
3341 2385 3510 2438 λαϐεῖν
3541 2384 3796 2456 ἀφορμὴν,
3830 2385 3910 2434 ἱνα

2312 2486 2384 2554 μὴ
2410 2478 2536 2553 δόξῃ
2561 2488 2668 2540 ταῖς
2686 2482 3128 2552 θαυματουργίαις
3153 2471 3434 2543 ἐπιπηδᾴν·
3461 2479 3549 2524 καὶ
3573 2473 3667 2524 ούκ
3690 2471 3908 2524 ἐνταῦθα

2313 2575 2484 2642 μόνον,
2519 2567 2644 2620 ἀλλά
2673 2587 2762 2619 και
2791 2566 3058 2637 πολλαχοῦ
3087 2571 3238 2616 τοῦτο
3267 2559 3522 2636 διατηρεῖ.
3551 2567 3654 2614 Ναὶ
3686 2565 3790 2632 μὴν
3820 2565 3908 2612 καὶ

2315 2660 2397 2710 ἵνα
2467 2660 2796 2716 πεινάσαντες
2874 2653 3062 2711 πολλὴν
3139 2653 3390 2709 αἴσθησιν
3473 2657 3565 2702 τοῦ
3649 2651 3909 2720 θαύματος

2312 2746 2538 2798 λάϐωσιν
2548 2787 2561 2800 .

2381 2836 2438 2887 Ὀ
2462 2832 2520 2886 δὲ
2539 2834 2737 2892 Ἰησοῦς
2760 2860 2822 2872 —
2851 2839 3049 2903 φαγεῖν.
3083 2829 3158 2882 Οὐ
3180 2832 3365 2904 χρείαν
3388 2831 3626 2899 ἔχουσιν,
3651 2825 3765 2878 ἀντὶ
3791 2834 3906 2894 τοῦ,

2313 2924 2423 2976 Ούκ
2453 2922 2761 2994 ὀφείλουσιν.
2807 2919 2915 2971 Οὐκ
2955 2917 3061 2971 εἶπε
3103 2915 3178 2980 δε,
3217 2918 3296 2969 ὁτι
3336 2916 3462 2987 Ἐγὼ
3501 2914 3672 2989 θρέψω
3702 2915 3908 2982 αὐτούς,

2311 3021 2462 3066 τοῦτο
2491 3014 2591 3083 γὰρ
2625 3007 2789 3062 ἐδόκει
2820 3010 3107 3080 κομπηρόν,
3140 3005 3265 3056 ἀλλὰ
3290 3007 3405 3064 τοὺς
3433 3005 3671 3075 μαθητὰς
3696 3008 3909 3078 προτρέ-

2311 3121 2462 3154 πεται.
2505 3097 2688 3152 δοῦναι
2719 3097 2894 3157 αὐτοῖς
2925 3100 3120 3166 φαγεῖν,
3158 3095 3260 3160 ἱνα,
3288 3095 3482 3143 τούτων
3513 3091 3909 3166 προϐαλομένων

2313 3191 2423 3260 (59)
2456 3189 2694 3262 ἀπορίαν,
2730 3190 2843 3237 τότε
2878 3183 3054 3235 λοιπόν
3093 3181 3146 3244 ἐξ
3176 3180 3407 3252 ἀνάγκης
3433 3180 3585 3240 αὐτὸς
3616 3185 3815 3253 ποιήσῃ
3850 3183 3909 3232 τὸ

2312 3279 2515 3331 ἑαυτοῦ.

2383 3367 2536 3418 Ἀλλὰ
2607 3365 2872 3422 Ματθαίος
2942 3363 3031 3433 μὲν
3096 3363 3184 3410 καὶ
3255 3359 3468 3430 Μάρκος
3539 3363 3628 3410 καὶ
3701 3363 3908 3419 Λουκᾶς

2310 3457 2542 3528 λέγουσι,
2614 3455 2758 3526 παρὰ
2835 3459 2932 3502 τῶν
3025 3450 3271 3521 μαθητῶν
3332 3448 3731 3519 ὑπομνησθῆναι
3820 3449 3908 3498 τόν

2317 3547 2542 3619 Χριστόν
2572 3546 2689 3614 περὶ
2713 3547 2801 3592 τοῦ
2829 3538 3088 3590 ἀπολῦσαι
3113 3541 3230 3596 τοὺς
3250 3535 3462 3607 ὄχλους,
3493 3543 3574 3587 ἰνα
3600 3533 3909 3606 ἀγοράσωσι

2312 3635 2522 3708 τροφάς.
2570 3631 2628 3681 Ὀ
2675 3625 2732 3680 δὲ
2773 3627 3009 3688 Ἰωάννης
3051 3630 3200 3697 φησὶ,
3250 3627 3330 3676 ὃτι
3378 3625 3596 3694 Ἐπάρας
3639 3625 3664 3672 ὁ
3704 3623 3913 3683 Ἰησοῦς

2312 3726 2430 3782 τούς
2486 3718 2796 3790 ὀφθαλμούς,
2857 3720 2947 3766 καὶ
3007 3716 3336 3784 θεασάμενος,
3404 3712 3481 3762 ὁτι
3536 3709 3695 3769 πολύς
3749 3710 3909 3778 ὄχλος

2314 3815 2526 3884 ἔρχεται
2560 3811 2688 3880 πρὸς
2732 3805 2906 3872 αὐτὸν,
2948 3803 3081 3874 λέγει
3127 3805 3254 3874 πρὸς
3295 3803 3380 3851 τὸν
3425 3797 3698 3851 Φίλιππον
3745 3798 3908 3848 Πόθεν

2315 3899 2636 3972 ἀγοράσομεν
2692 3896 2802 3965 (60)
2849 3896 3056 3964 άρτους,
3109 3891 3192 3942 ἳνα
3239 3892 3468 3961 φάγωσιν
3519 3886 3703 3951 aurci;
3747 3888 3912 3940 Τοῦτο

2315 3986 2372 4042 δὲ
2421 3988 2555 4058 ἐλεγε
2585 3984 2842 4057 πειράζων
2891 3981 3064 4034 αὐτὸν.
3119 3979 3270 4039 αὐτὸς
3313 3980 3413 4050 γὰρ
3470 3973 3611 4049 ᾔδει,
3654 3979 3704 4026 τί
3745 3972 3916 4046 ἔμελλε

2314 4086 2495 4132 ποιεῖν.
2528 4074 2807 4146 Ἀπεκρίθη
2845 4071 2983 4140 αὐτῷ
3023 4068 3288 4127 Φίλιππος·
3326 4070 3611 4118 Διακοσίων
3652 4059 3914 4137 δηναρίων

2313 4171 2460 4241 ἄρτοι
2518 4165 2611 4216 ούκ
2677 4161 2925 4235 ἀρκοῦσιν
3009 4156 3207 4226 αὐτοῖς,
3288 4155 3371 4207 ἱνα
3453 4157 3665 4212 ἕκαστος
3745 4151 3912 4203 αὐτῶν

2315 4238 2497 4330 βραχύ
2580 4271 2632 4303 τι
2701 4248 2856 4320 λάϐῃ.
2936 4253 3114 4300 Ταῦτα
3196 4247 3284 4316 μὲν
3367 4242 3453 4295 οὖν
3521 4244 3796 4314 ἱστόρησεν
3885 4238 3912 4290 ὃ

2237 4339 2284 4394 Ῑ)
2317 4345 2573 4403 Ἰωάννης.

619 4437 951 4495 Verisimile
985 4447 1071 4499 est
1099 4446 1302 4500 autem
1335 4442 1597 4513 primum
1623 4442 1942 4515 discipulos
1965 4456 2204 4512 sugges-

553 4530 698 4586 sisse
733 4545 747 4594 ;
789 4527 1002 4586 deinde
1040 4547 1178 4587 eum
1219 4529 1436 4586 dixisse
1487 4530 1600 4586 illis
1633 4547 1645 4586 :
1681 4534 1804 4586 Non
1834 4544 2075 4585 necesse
2119 4534 2206 4585 est

552 4619 664 4676 illis
688 4618 892 4689 egredi
919 4637 930 4674 ε
965 4620 1099 4678 date
1129 4638 1232 4676 vos
1263 4621 1374 4676 illis
1401 4620 1564 4692 quod
1587 4619 1781 4674 edant.
1815 4619 2204 4675 Postmodum

552 4709 857 4765 sustulisse
886 4709 1091 4767 oculos
1120 4725 1190 4766 ac
1219 4709 1439 4763 vidisse
1471 4706 1702 4762 turbam
1733 4707 1914 4763 aliam
1953 4706 2203 4764 multam

548 4798 884 4855 venientem
914 4818 927 4867 ;
961 4804 1016 4854 et
1045 4806 1180 4853 tunc
1204 4797 1474 4853 humano
1503 4811 1669 4851 more
1697 4800 1951 4851 tentasse
1988 4795 2204 4869 Philip-

549 4902 716 4961 pum,
751 4888 876 4945 sive
907 4887 1198 4960 probasse
1217 4902 1295 4942 an
1317 4884 1775 4956 crederetipsum
1803 4900 1982 4956 posse
1995 4901 2205 4942 omnes

549 4993 818 5049 pascere.
859 4975 1144 5033 Tentabat
1161 4979 1358 5031 autem
1389 4973 1558 5029 illum
1593 4977 1876 5046 tanquam
1899 4975 2120 5032 caeteris
2133 4991 2204 5032 eo

620 5156 666 5191 ³⁷
709 5159 882 5213 Marc.
905 5171 989 5220 γι,
1033 5153 1100 5211 34
1134 5169 1148 5220 ;
1181 5152 1317 5208 Luc.
1349 5167 1426 5218 1x,
1462 5155 1546 5209 11.

545 5229 712 5285 Joan.
737 5243 819 5292 v1,
844 5232 954 5283 5-7.

1663 5153 1710 5188 ³⁸
1739 5152 1911 5210 Joan.
1942 5169 2023 5221 γι,
2059 5157 2172 5212 1σ3.

2285 5153 2332 5191 ³’
2360 5153 2500 5211 an.
2547 5167 2621 5217 χι,
2673 5150 2763 5206 12.

2389 4441 2536 4500 Εἰκὸς
2585 4433 2644 4490 δε
2696 4433 2807 4507 (61)
2877 4441 3076 4509 πρῶτον
3136 4434 3225 4503 μὲν
3303 4428 3704 4500 ὑπομνησθῆναι
3771 4426 3915 4498 παρὰ

2314 4539 2412 4583 τῶν
2460 4529 2724 4602 μαθητῶν,
2780 4521 2890 4576 εἶτα
2937 4521 3091 4574 εἰπεῖν
3146 4517 3337 4577 αὐτοῖς·
3393 4516 3468 4567 Ού
3522 4521 3703 4590 χρείαν
3755 4517 3914 4585 ἔχου-

2807 4609 2927 4664 δότε
2994 4609 3169 4668 αὐτοῖς
3245 4607 3394 4678 ὑμεῖς
3469 4611 3667 4676 φαγεῖνο
3736 4605 3914 4654 ἔπειτα

3207 4699 3298 4747 καὶ
3381 4693 3672 4747 θεάσασθαι
3755 4689 3914 4744 πολύν

2317 4640 2398 4673 σιν
2469 4617 2724 4680 ἀπελθεῖν,

2315 4708 2503 4784 ἐπᾶραι
2603 4707 2724 4763 τοὺς
2805 4699 3116 4772 ὀφθαλμούς,

2315 4780 2473 4870 ὄχλον
2525 4796 2691 4867 ἕτερον
2753 4792 3054 4863 ἐρχόμενόν,
3109 4789 3199 4838 καὶ
3251 4789 3367 4837 τότε
3411 4781 3586 4836 λοιπὸν
3644 4780 3913 4854 ἀνθρωπο-

2314 4895 2522 4963 πρεπῶς
2590 4883 2840 4956 πειράσαι
2902 4880 2988 4930 τὸν
3045 4875 3311 4940 Φίλιππον,
3391 4876 3555 4925 εἶτουν
3623 4867 3914 4942 δοκιμάσαι

2317 4982 2517 5041 τοῦτον,
2579 4971 2622 5025 εἰ
2665 4971 2900 5023 πιστεύει
2958 4961 3222 5018 δύνασθαι
3264 4962 3420 5015 αὑτὸν
3465 4958 3749 5032 διαθρέψαι
3790 4957 3915 5010 πάν-

2873 5147 2924 5183 ⁴⁰
2953 5145 3135 5204 Marc.
3168 5157 3250 5213 v1,
3278 5141 3348 5197 35
3380 5155 3394 5206 ;
3425 5138 3565 5195 Luc.
3598 5151 3677 5202 IX,
3739 5133 3826 5190 l2.
3861 5134 3909 5171 ⁴¹

1762 5383 1991 5471 Variae
2023 5402 2348 5473 lectiones
2378 5413 2441 5470 et
2475 5411 2676 5467 notae.

760 5593 1190 5669 lipogunoyévmv
1219 5604 1270 5652 Β.

639 5600 733 5667 59)
765 5600 1190 5669 Προϐαλλομένων

614 5600 726 5740 έδο)
758 5667 1123 5741 Ἀγοράσωμεν
1155 5675 1214 5722 Α,

2384 5597 2502 5669 (61)
2535 5598 2658 5660 Καί,
2684 5608 2793 5665 pro
2827 5588 2886 5645 δέ
2914 5596 2976 5646 Α.
