4176 6430
225 383 333 438 433

1225 381 1578 440 COMMENT.
1621 382 1689 436 IN
1727 381 2161 440 MATTH/EUM.
2202 415 2269 424 —
2301 384 2456 441 CAP.
2488 384 2630 440 XIV.

3489 383 3591 439 434

221 527 288 558 τα
339 552 351 563 .
411 506 684 579 Ἐπειραξε
728 504 787 559 δὲ
834 510 1003 578 αὐτὸν,
1057 510 1120 568 ὡς
1167 507 1492 580 ἀτελέα-τερον
1536 514 1806 565 τηνικαῦτα

1931 515 2193 581 tempore
2218 508 2716 580 imperfectiorem
2741 525 2755 564 :
2787 513 2890 567 aut
2919 511 3098 568 etiam
3122 524 3230 582 per
3255 510 3433 574 hnnc,
3463 525 3585 565 ser-

222 615 325 647 των
373 594 559 647 ἄλλων.
607 595 673 648 ’Ἡ
725 593 802 648 δι’
832 601 989 648 αὐτοῦ
1029 601 1116 648 καὶ
1164 599 1293 668 πρὸς
1320 601 1434 656 τοὺς
1464 596 1648 658 ἄλλους
1688 595 1821 649 ἀπο-

221 689 464 749 τείνεται,
522 687 780 758 πειράζων
835 689 923 736 καὶ
987 688 1220 745 τούτους.
1279 685 1435 743 Δῆλον
1497 690 1686 750 τοίνυν,
1742 687 1821 738 ὅτι

222 773 257 823 οἱ
316 775 408 844 μὲν
467 770 606 825 εἷπον
651 775 700 824 οἱ
757 772 903 824 ἄλλοι
959 773 1340 845 εύαγγελισταὶ,
1407 771 1735 849 παρέδραμεν
1795 775 1820 824 ὁ

221 862 487 921 Ἰωάννης·
548 862 583 913 ἆ
655 857 714 914 δὲ
775 858 1105 936 παρέδραμον
1166 860 1365 930 ἐκεῖνοι,
1437 870 1601 916 ταῦτα
1673 863 1824 925 οὗτος

224 949 562 1021 ἀπήγγειλεν.

294 1057 361 1106 Οἱ
423 1053 485 1108 δὲ
545 1087 613 1094 -
681 1055 888 1127 ἰχθύας.
959 1057 1196 1119 Ἰωάννης
1258 1055 1319 1111 δέ
1378 1077 1510 1130 φησι
1567 1061 1650 1110 τὸν
1708 1057 1820 1109 Ἀνο

231 1141 376 1218 δρέαν
433 1143 612 1211 εἰπεῖν,
662 1146 744 1196 ὃτι
800 1144 950 1198 Ἐστι
997 1143 1280 1220 παιδάριον
1337 1147 1385 1198 ἔν
1439 1144 1561 1211 ὧδε,
1622 1148 1648 1198 ὁ
1707 1148 1820 1218 ἔχει

226 1237 367 1286 πέντε
404 1234 594 1304 ἄρτους
630 1235 893 1306 κριθίνους
927 1239 1022 1287 παὶ
1072 1231 1168 1287 δύο
1215 1235 1430 1308 ὀψάρια·
1481 1235 1606 1287 άλλά
1653 1242 1819 1287 ταῦτα

233 1327 277 1374 τί
331 1321 472 1374 ἐστιν
530 1321 597 1381 εἰς
653 1326 968 1394 τοσούτουςς,
1028 1326 1233 1385 Πάντως
1297 1321 1357 1376 δε
1418 1327 1476 1376 τὸ
1537 1319 1817 1397 παιδάριον

233 1411 378 1463 ἐκεῖνο
454 1407 693 1462 διεπώλει
763 1419 929 1463 ταῦτα
1003 1420 1112 1473 τοῖς
1185 1415 1467 1485 μαθηταῖς.
1538 1417 1624 1465 Διό
1702 1416 1815 1480 καὶ,

234 1502 294 1561 ὡς
343 1495 448 1557 ἤδη
504 1499 709 1570 ἔχοντες
759 1501 917 1565 αύτά,
974 1499 1350 1575 ἀπεκρίθησαν,
1405 1506 1477 1574 μὴ
1527 1504 1664 1572 ἔχειν
1709 1503 1815 1552 ἓτε-

233 1607 310 1662 ρον
352 1589 393 1640 εἰ
431 1593 502 1660 μὴ
545 1596 709 1640 ταῦτα
754 1593 926 1660 μόνον.
975 1589 1126 1641 Ούτω
1170 1593 1406 1663 πάρεργα
1460 1589 1637 1651 αύτοίς
1682 1586 1814 1647 ἦσαν

234 1680 287 1727 τά
326 1680 616 1748 σωματικά,
657 1685 754 1728 τῶν
806 1684 1162 1748 πνευματίκών
1205 1678 1394 1750 μᾶλλον
1435 1677 1810 1750 ἀντεχομένοις.

236 1767 291 1815 Οἱ
319 1761 522 1817 δώδεκα
554 1769 656 1837 γάρ
696 1769 842 1818 πέντε
871 1769 1044 1837 μόνοις
1084 1768 1258 1840 ἄρτοις
1297 1767 1498 1839 ἔμελλον
1530 1776 1810 1840 τραφῆναι,

234 1861 311 1904 και
338 1858 538 1915 τούτοις
565 1856 831 1928 κριθίνοις.

293 1960 347 2012 Ὀ
394 1957 452 2012 δὲ
505 1991 573 2000 —
628 1957 750 2016 ὧδε.
813 1960 974 2021 Αὐτὸς
1035 1964 1120 2014 αέν
1173 1961 1488 2033 προσέταξεν
1539 1960 1813 2032 ἐνεχθῆναι

231 2053 352 2110 τσύς
398 2050 582 2121 ἄρτους
638 2054 727 2100 καὶ
781 2053 902 2111 τοὺς
951 2049 1163 2120 ἰχθύας,
1219 2046 1512 2113 διδάσκων,
1565 2051 1646 2101 ὅτι
1700 2054 1808 2122 χρὴ

232 2142 313 2188 καὶ
361 2138 488 2189 αὐτά
543 2140 607 2189 τά
663 2137 813 2208 ὀλίγα
868 2145 1166 2211 παρασχεῖν
1222 2145 1327 2198 τοῖς
1384 2135 1663 2210 δεομένοις,
1722 2143 1811 2190 καὶ

229 2232 472 2298 προτιμᾴν
500 2225 708 2286 αύτούς·
751 2225 900 2279 αὐτοὶ
946 2223 1024 2297 δι,
1075 2230 1248 2279 καίτοι
1286 2234 1555 2288 πεινῶντες
1597 2227 1806 2297 ὀμοίῶς,

231 2319 312 2365 καί
347 2311 507 2386 μηδὲν
537 2315 703 2390 ἕτερον
746 2317 974 2386 ἔχοντες,
1020 2315 1156 2387 ὅμως
1187 2313 1569 2388 ἁναντίρῥὴτως
1607 2316 1810 2368 πείθον-

228 2421 326 2456 ται.

294 2530 392 2578 Καὶ
443 2525 687 2588 κελεύσας
737 2555 806 2566 -—
855 2529 1101 2599 χόρτους,
1159 2525 1218 2578 Ὁ
1277 2522 1335 2578 δὲ
1383 2529 1590 2600 Μάρκος
1648 2523 1802 2591 εἶπεν,

1932 612 2174 653 monem
2192 604 2248 653 et
2263 597 2341 653 ad
2354 597 2504 653 alios
2521 597 2834 670 dirigebat,
2856 603 3090 656 tentans
3105 613 3342 670 quoque
3358 603 3415 654 et.
3431 598 3586 656 illos.

1931 685 2305 741 Manifestum
2359 690 2446 742 est
2472 700 2613 755 ergo
2659 687 2824 759 quod
2875 701 2948 744 ea
2989 703 3121 759 qua}
3165 687 3266 744 alii
3315 686 3587 742 dixerunt

1929 774 2333 844 evangelistw,
2381 775 2750 847 praetermisit
2790 778 3050 832 Joannes
3085 793 3098 841 ;
3145 791 3281 848 quae
3325 790 3465 831 vero
3506 774 3583 830 illi

1932 864 2448 933 praetermiserunt,
2479 863 2608 920 haec
2636 864 2744 920 iste
2773 864 3058 922 narravit.

2005 1074 2165 1130 Vers.
2198 1076 2284 1129 17.
2316 1076 2396 1130 At
2423 1075 2517 1130 illi
2545 1104 2614 1116 —
2640 1075 2847 1144 pisces.
2885 1075 3143 1131 Joannes
3170 1088 3314 1131 vero
3343 1075 3423 1132 ait
3469 1077 3582 1131 An~

1927 1162 2135 1218 dream
2165 1163 2407 1218 dixisse:
2449 1165 2551 1219 Est
2594 1162 2880 1232 puerulus
2930 1163 3020 1220 hic
3053 1178 3226 1229 unus,
3271 1165 3370 1234 qui
3407 1165 3582 1221 habet

1925 1252 2180 1322 quinque
2207 1267 2393 1320 panes
2429 1252 2778 1309 hordeaceos
2817 1257 2871 1307 et
2904 1251 3048 1307 duos
3069 1251 3273 1322 pisces,
3309 1253 3412 1308 sed
3456 1252 3579 1309 haec

1925 1340 2069 1410 quid
2094 1346 2228 1396 sunt
2253 1343 2411 1397 inter
2436 1347 2556 1397 tam
2579 1341 2792 1396 multos
2815 1346 2852 1378 α
2873 1337 2902 1393 7
2925 1339 3139 1395 Procul
3167 1338 3354 1395 dubio
3376 1345 3576 1397 autem

1923 1428 2210 1500 puerulus
2229 1428 2322 1484 ille
2339 1429 2644 1501 discipulis
2663 1429 2792 1485 haec
2824 1427 3142 1496 vendebat,
3177 1427 3432 1502 ideoque
3453 1434 3578 1485 tan-

1851 1560 1892 1613 Β
1923 1531 2109 1613 quam
2130 1517 2237 1573 illa
2258 1518 2382 1588 jam
2402 1518 2711 1613 habentes,
2729 1516 3169 1588 responderunt
3190 1533 3251 1613 se
3274 1517 3439 1613 aliud
3458 1534 3574 1613 non

1922 1604 2142 1661 habere
2199 1611 2408 1677 praeter
2476 1607 2602 1662 haec
2665 1610 2916 1662 tantum.
2980 1608 3063 1660 Ita
3121 1604 3408 1676 neglectui
3463 1607 3575 1661 illis

1921 1698 2090 1748 erant
2114 1695 2443 1765 corporalia
2468 1695 2615 1750 dum
2637 1693 2939 1750 mordicus
2963 1692 3370 1762 spiritualibus
3393 1693 3576 1748 inhae-

1921 1787 2117 1836 rerent
2149 1799 2162 1847 ;
2185 1782 2506 1838 duodecim
2529 1783 2710 1846 enim,
2739 1781 2879 1835 solis
2898 1780 3165 1850 quinque
3188 1781 3446 1850 panibus
3473 1783 3572 1838 iis-

1921 1885 2034 1941 que
2058 1869 2403 1925 hordeaeeis
2428 1871 2671 1926 cibandi
2700 1874 2888 1926 erant.

1992 1976 2154 2031 Vers.
2215 1977 2300 2031 18.
2359 1977 2491 2045 Ipse
2545 1981 2733 2033 autem
2787 2012 2855 2020 —
2909 1981 3036 2038 huc.
3093 1981 3276 2037 Jussit
3324 1979 3571 2052 quidem

1920 2079 2108 2135 panes
2124 2080 2194 2120 ac
2209 2065 2398 2135 pisces
2410 2063 2626 2133 afferri,
2645 2066 2868 2123 docens
2884 2071 3050 2142 quod
3067 2071 3246 2126 etiam
3264 2069 3362 2126 illa
3381 2082 3574 2141 pauca

1919 2157 2185 2225 oporteat
2224 2153 2489 2226 praebere
2525 2155 2955 2226 indigentibus,
3007 2175 3227 2232 eosque
3259 2158 3375 2215 sibi
3424 2157 3572 2229 ipsis

1917 2257 2287 2314 praeponere.
2315 2241 2401 2297 Illi
2426 2257 2562 2300 vero
2581 2258 2934 2318 quanquam
2959 2247 3225 2304 similiter
3248 2246 3405 2302 fame
3443 2260 3571 2300 cru-

1919 2330 2073 2395 ciati,
2118 2330 2264 2386 nihil
2305 2330 2474 2386 aliud
2509 2331 2818 2397 haberent,
2851 2334 2976 2391 sine
3009 2335 3130 2392 ulla
3175 2339 3375 2391 tamen
3423 2348 3572 2390 con-

1919 2418 2267 2475 tradictione
2297 2418 2608 2476 obediunt.

1987 2526 2150 2581 Vers.
2192 2525 2270 2579 19.
2325 2526 2584 2598 Cumque
2598 2529 2865 2596 jussisset
2895 2559 2964 2571 —
3001 2529 3299 2599 gramina.
3338 2528 3570 2584 Marcus

223 2617 298 2663 ὅτι
349 2618 446 2665 Καὶ
501 2613 732 2677 ἐπέταξεν
791 2615 967 2676 αὐτοῖς
1016 2614 1358 2674 ἀνακλιθῆναι
1415 2615 1527 2686 (62)
1586 2617 1804 2682 πάντας,

1924 2617 2114 2670 autem
2168 2613 2316 2669 dixit
2357 2614 2523 2686 quod
2563 2615 2742 2684 jussit
2785 2622 2849 2672 ut
2890 2617 3270 2673 discumbere
3314 2616 3573 2674 facerent

223 2707 487 2772 συμπόσια
552 2706 841 2774 συμπόσια,
902 2702 983 2754 ἐπὶ
1053 2711 1125 2774 τῷ
1191 2702 1382 2776 χλωρῷ
1445 2708 1642 2774 χόρτῳ.
1704 2709 1804 2756 Καὶ

224 2789 456 2842 ἀνέπεσον
523 2796 746 2865 πρασιαὶ
814 2797 1059 2864 πρασιαὶ,
1125 2791 1220 2842 ἀνά
1298 2791 1476 2843 ἑκατὸν
1543 2797 1631 2844 καὶ
1709 2791 1805 2844 ἀνά

221 2883 545 2935 πεντήκοντα.
612 2911 681 2920 -
744 2885 1027 2952 Κυμπόσια
1092 2883 1364 2952 συμπόσια
1427 2880 1605 2951 λέγων,
1690 2880 1803 2933 ἀντὶ

218 2974 323 3032 τοῦ,
379 2972 646 3034 συμπόσια
702 2965 1014 3041 διῃρημένα,
1071 2972 1327 3037 τουτέστι,
1388 2974 1697 3040 συναγωγὴν
1743 2966 1801 3021 δὲ

219 3055 332 3119 ἐκεῖ,
387 3060 686 3128 συναγωγὴν
735 3053 793 3109 δὲ
836 3056 1091 3129 ἀλλαχοῦ.
1135 3060 1205 3110 Τὸ
1255 3056 1380 3108 αύτό
1418 3053 1477 3108 δι
1523 3053 1676 3115 δηλοῖ
1713 3063 1802 3110 καὶ

217 3148 270 3195 τὸ
300 3151 519 3216 πρασιαὶ
546 3149 790 3218 πρασιαί.
833 3144 943 3198 Εἶεν
989 3142 1038 3198 δ’
1070 3147 1131 3197 ἄν
1175 3151 1264 3198 καὶ
1296 3145 1492 3220 ἑτέρως’
1528 3151 1802 3218 συμπόσια

217 3235 301 3303 μὲν
381 3235 434 3284 αἱ
509 3230 821 3294 κυκλοειδεῖς
902 3239 1223 3306 συναγωγαί,
1306 3239 1530 3308 πρασιαὶ
1607 3231 1666 3286 δὲ
1747 3239 1801 3286 αἱ

216 3319 672 3394 τετραγῳνοειδεῖς.
719 3329 968 3374 Τοιαῦται
996 3325 1097 3397 γάρ
1129 3325 1184 3374 αἱ
1212 3331 1308 3374 τῶν
1340 3328 1520 3381 κήπων
1548 3329 1796 3396 πρασιαὶ.

219 3411 428 3472 Κλισίας
473 3407 530 3463 δε
577 3413 602 3462 ὁ
647 3418 849 3472 Λουκᾶς
892 3410 1098 3464 ἐκάλεσε
1146 3414 1210 3463 τά
1253 3419 1472 3464 τοιαῦτα
1507 3413 1643 3483 (63),
1696 3411 1799 3465 ἀπὸ

214 3507 300 3551 τοῦ
327 3499 698 3559 κατακλιθῆναι
731 3496 1014 3571 στιχηδον.

1914 2718 2119 2758 omnes
2161 2702 2492 2758 distributis
2529 2705 2808 2760 conviviis
2837 2705 2897 2760 in
2939 2705 3114 2761 viridi
3149 2705 3419 2775 gramine
3451 2722 3464 2770 ;
3513 2709 3570 2760 et

1912 2790 2341 2847 discubuerunt
2369 2791 2665 2848 distributi
2697 2793 2753 2847 in
2787 2793 3022 2850 areolas
3051 2793 3281 2850 centeni
3311 2798 3368 2850 et
3397 2793 3566 2866 quin-

1910 2881 2170 2952 quageni
2206 2881 2272 2934 ‘3.
2329 2880 2499 2946 Quod
2545 2885 2742 2937 autem
2793 2881 3024 2952 dicitur,
3075 2882 3402 2938 distributis
3441 2897 3569 2939 con-

1911 2969 2104 3039 viviis,
2155 2968 2218 3024 in
2268 2967 2463 3024 littera
2511 2968 2768 3025 habetur
2795 2976 3070 3043 συμπόσια
3102 2975 3396 3044 συμπόσια,
3456 2971 3568 3027 hoc

1912 3062 1999 3113 est
2040 3072 2146 3129 per
2192 3056 2504 3112 distributa
2551 3058 2866 3123 convivia;
2919 3060 3042 3114 sive
3096 3066 3156 3116 ut
3202 3060 3298 3116 hic
3348 3059 3418 3115 sit
3448 3074 3569 3115 una

1911 3145 2309 3216 congregatio,
2332 3144 2412 3200 ibi
2431 3145 2966 3216 aliacongregatio,
2989 3152 3046 3203 et
3080 3147 3222 3204 alibi
3242 3147 3316 3204 ali
3353 3153 3410 3204 et
3429 3148 3564 3205 alia.

1911 3235 2073 3290 Idem
2099 3248 2336 3306 quoque
2363 3232 2655 3301 signiﬁcat
2680 3235 2845 3306 quod
2866 3234 3106 3290 additur
3130 3253 3142 3290 :
3175 3236 3476 3291 Distributi
3507 3237 3565 3292 in

1911 3322 2160 3386 areolas,
2188 3320 2353 3394 quod
2383 3319 2574 3376 littera
2597 3321 2779 3376 habet
2807 3326 3031 3393 πρασιαὶ
3057 3329 3302 3396 πρασιαί,
3332 3323 3447 3378 hoc
3477 3327 3568 3378 est

1909 3427 2009 3484 per
2033 3409 2380 3466 distributas
2403 3407 2652 3465 areolas.
2682 3410 2878 3465 Potest
2897 3425 3135 3482 quoque
3161 3415 3218 3467 et
3244 3410 3361 3466 alio
3385 3411 3566 3466 modo

1908 3501 2027 3557 dici
2047 3498 2213 3572 quod
2239 3502 2514 3553 συμπόσια
2534 3496 2746 3554 fuerint
2768 3497 3264 3568 congregationes
3285 3499 3344 3554 in
3364 3497 3565 3554 circuli

212 3589 463 3658 speciem
504 3588 811 3654 ordinatae,
853 3593 1077 3664 πρασιαὶ
1118 3605 1258 3644 vero
1298 3589 1355 3643 in
1395 3589 1798 3661 quadranguli
1837 3590 2124 3666 speciem.
2175 3586 2529 3658 Hujusmodi
2570 3587 2731 3642 enim
2773 3592 2912 3643 sunt
2949 3586 3256 3644 hortorum
3315 3587 3555 3644 areolas.

207 3677 394 3731 Lucas
426 3691 564 3731 vero
595 3677 731 3732 talia
758 3678 987 3732 vocavit
1034 3678 1080 3711 ὀδ
1124 3676 1448 3732 discubitus
1490 3693 1524 3734 a
1555 3677 1806 3736 discuml

1924 3681 2005 3747 lo,
2038 3678 2246 3737 κλισίας
2278 3675 2544 3732 videlicet
2573 3691 2610 3732 a
2640 3676 2902 3742 κλιθῆναι,
2935 3676 2997 3732 id
3028 3680 3116 3733 est
3145 3675 3421 3733 reclinari
3453 3691 3563 3732 suo

207 3780 449 3836 quoque
475 3771 631 3821 certo
661 3764 890 3821 ordine.

273 3852 462 3906 Λαϐὼν
525 3884 596 3895 -
645 3853 942 3925 εὐλόγησεν.
1008 3853 1300 3924 ’Λνέϐλεψεν
1359 3854 1427 3916 εἰς
1493 3858 1580 3906 τὸν
1648 3857 1800 3931 ούραο

203 3947 304 4007 νον,
356 3950 519 4013 τιμῶν
569 3961 621 3993 τε
684 3946 770 3994 τὸν
815 3947 1038 4016 Πατέρα,
1105 3947 1194 3994 καὶ
1255 3939 1502 3995 δεικνύων
1562 3945 1642 3996 ὅτι
1707 3947 1798 3998 οὐκ

203 4035 343 4083 ἔστιν
401 4029 648 4095 ἀντίθεος,
696 4035 784 4083 καὶ
826 4027 1098 4083 διδάσκων
1136 4034 1207 4102 μὴ
1254 4035 1499 4105 πρότερον
1544 4032 1799 4086 ἂπτεσθαι

201 4120 484 4192 τραπέζης,
552 4121 644 4178 ἕως
711 4121 771 4170 άν
845 4119 1313 4193 εὐχαριστήσωμεν
1386 4128 1459 4190 τῷ
1533 4125 1661 4190 Θεῷ,
1727 4131 1798 4193 τῷ

201 4215 426 4281 χορηγῷ
479 4216 569 4268 τῆς
619 4215 826 4280 τροφῆς,
881 4216 972 4260 και
1023 4212 1116 4265 τὴν
1175 4207 1407 4278 εὐλογίαν
1463 4212 1654 4270 ταύτης
1707 4211 1798 4262 ού-

200 4299 415 4370 ρανὸθεν
512 4299 822 4368 ᾓκύσωμεν.
910 4303 1316 4370 Θαυματουργεῖ
1388 4301 1580 4365 τοίνυν,
1679 4303 1801 4352 ποτε

200 4389 291 4456 μὲν
329 4383 446 4436 κατ’
498 4382 753 4448 ἐξουσίαν,
801 4386 867 4446 ὡς
913 4389 1062 4451 Θεὸς,
1105 4388 1229 4437 ποτε
1269 4381 1326 4437 δὲ
1361 4385 1655 4457 εὐχόμενος,
1708 4383 1802 4439 διά

199 4478 296 4536 τάς
341 4472 719 4547 προρῥηθείσας
774 4475 956 4543 αἰτίας,
1019 4472 1102 4526 ἳνα
1163 4478 1235 4546 μὴ
1298 4470 1625 4546 σκανδαλίσῃ
1685 4478 1801 4536 τούς

512 4294 800 4368 ἑλκύσωμεν
812 4337 822 4350 .

200 4565 480 4637 πονηρούς.

274 4657 377 4704 Καὶ
432 4681 498 4691 -
548 4649 746 4720 ὄχλοις.
805 4645 1002 4702 Ἔδωκε
1051 4657 1156 4710 τοῖς
1206 4653 1466 4722 μαθηταῖς
1510 4658 1662 4703 τοῦτο
1708 4655 1797 4722 μὲν

199 4748 362 4810 τιμῶν
419 4738 628 4802 αὐτοὺς,
706 4740 773 4799 ὡς
839 4738 1195 4812 οἰκειοτέρους,
1249 4747 1400 4792 τοῦτο
1454 4735 1512 4792 δὲ
1573 4745 1662 4792 καὶ
1717 4742 1800 4792 ἶνα

199 4833 273 4898 μὴ
329 4826 674 4880 ἐπιλάθωνται
714 4834 802 4879 τοῦ
854 4828 1133 4899 θαύματος,
1183 4827 1254 4889 εἰς
1302 4829 1327 4879 ὅ
1376 4824 1700 4886 διηκόνησαν
1745 4831 1799 4880 αἱ

199 4923 374 4989 χεῖρες
404 4915 572 4967 ἀύτῶν
585 4956 599 4970 .

271 5011 376 5056 Και
430 5034 498 5044 —
555 5002 974 5077 ἐχορτάσθησαν.
1041 5006 1316 5076 Χορτάσας
1373 5004 1562 5066 αὐτούς
1623 5009 1802 5078 πρότε-

197 5112 288 5164 ρον
336 5100 689 5164 πνευματικῆς
737 5093 849 5164 (64)
896 5100 1108 5165 τροφῆς,
1155 5091 1203 5143 ἐν
1257 5100 1330 5163 τῷ
1388 5089 1684 5160 διδάσκειν,
1738 5095 1802 5153 ὡς

201 5183 428 5254 εἴρηται,
493 5187 581 5232 καὶ
635 5180 802 5233 λαλεῖν
857 5186 976 5253 περὶ
1030 5189 1126 5242 τῆς
1179 5179 1450 5253 βασιλείας
1498 5188 1589 5234 τοῦ
1643 5188 1798 5246 Θεοῦ,

275 5333 322 5367 ⁴²
352 5333 524 5388 Joan.
559 5349 630 5401 vn,
666 5337 714 5386 5ο
746 5337 797 5387 7.
832 5333 876 5367 ⁴³
908 5332 1084 5387 Marc.
1116 5346 1194 5398 vn,
1225 5331 1313 5386 39.
1349 5332 1396 5366 “
1429 5333 1565 5387 Luc.
1598 5347 1676 5395 1x,
1712 5332 1798 5386 14.

1984 3861 2137 3913 Vers.
2204 3858 2284 3911 t9.
2342 3855 2606 3926 Acceptis
2659 3886 2726 3895 —
2786 3855 3103 3913 benedixit.
3162 3855 3440 3928 Suspexit
3504 3855 3566 3911 in

1907 3948 2116 4002 caelum
2163 3947 2390 4000 Patrem
2433 3944 2759 4012 honorans,
2805 3961 2874 4000 ac
2917 3945 3236 4000 ostendens
3284 3948 3400 4000 Deo
3441 3960 3565 4001 non

1907 4051 2038 4090 esse
2108 4032 2490 4090 contrarium.
2561 4033 2840 4088 Praeterea
2906 4033 3131 4088 docens
3211 4050 3331 4089 non
3401 4035 3567 4106 prius

1909 4139 2181 4179 mensam
2231 4136 2362 4176 esse
2407 4120 2840 4188 attingendam,
2891 4121 3083 4176 donec
3153 4123 3271 4177 Deo
3338 4122 3565 4190 gratias

1908 4226 2186 4280 agamus,
2217 4209 2321 4278 qui
2353 4207 2525 4262 nobis
2556 4206 2906 4262 alimentum
2939 4207 3355 4278 suppeditavit,
3405 4209 3563 4276 ejus-

1908 4314 2021 4369 que
2074 4295 2545 4351 benedictionem
2585 4294 2814 4350 caalitus
2865 4295 3198 4350 trahamus.
3263 4294 3564 4349 Interdum

1909 4401 2048 4454 ergo
2062 4384 2235 4456 quasi
2257 4387 2408 4437 Deus
2429 4383 2670 4453 propria
2687 4381 3034 4438 auctoritate
3051 4381 3405 4437 miraculum
3430 4397 3566 4452 ope-

1909 4479 2115 4529 ratur:
2161 4471 2529 4544 quandoque
2575 4487 2706 4526 vero
2750 4471 3102 4543 deprecatur
3132 4469 3211 4526 ob
3256 4469 3565 4542 praedictas

1909 4578 2142 4627 causas,
2172 4576 2245 4615 ne
2273 4559 2460 4615 malos
2491 4558 2776 4615 offendat.

1981 4651 2145 4706 Vers.
2215 4650 2296 4705 19.
2351 4650 2430 4704 Et
2477 4680 2544 4688 —
2597 4649 2801 4704 turbis.
2861 4648 3029 4704 Dedit
3081 4648 3380 4719 discipulis
3437 4653 3565 4704 tum

1908 4739 2073 4812 quasi
2106 4739 2297 4807 magis
2321 4737 2731 4802 familiaribus,
2769 4744 2892 4793 tum
2914 4738 3094 4793 etiam
3123 4754 3198 4793 ne
3225 4753 3329 4794 eos
3358 4737 3565 4794 lateret

1909 4828 2288 4891 miraculum,
2324 4827 2401 4882 ad
2426 4827 2596 4898 quod
2620 4825 2741 4881 suis
2769 4826 3051 4882 manibus
3079 4826 3566 4882 subministrave-

1908 4921 2060 4970 rant.

1978 5003 2140 5058 Vers.
2192 5007 2276 5058 20.
2331 5004 2406 5058 Et
2453 5033 2523 5045 ——
2569 5003 2825 5060 saturati
2871 5009 3030 5059 sunt.
3090 5002 3197 5070 Qui
3249 5003 3412 5075 prius
3461 5019 3565 5060 eos

1909 5091 2193 5163 spirituali
2218 5091 2500 5148 alimento
2522 5097 2908 5155 saturaverat,
2929 5091 3225 5156 docendo,
3256 5097 3318 5147 ut
3341 5091 3567 5146 dictum

1908 5184 2014 5246 est,
2072 5184 2130 5237 et
2186 5180 2487 5252 loquendo
2545 5181 2619 5237 de
2684 5196 2870 5250 regno
2930 5179 3052 5245 Dei,
3111 5195 3267 5235 nunc
3323 5195 3566 5254 quoque

1435 5454 1656 5523 Variae
1687 5454 2011 5522 lectiones
2037 5465 2321 5522 etnotae.

197 5695 209 5705 ο
261 5625 396 5750 ἕϐἳ).
439 5623 803 5682 Ἀνακλιθῆναι
833 5637 905 5678 ex
953 5622 1225 5680 Matthzeo
1257 5623 1600 5749 assumgsit.
1655 5625 1804 5678 Nam

197 5709 258 5750 in
287 5711 354 5750 ra
380 5710 444 5750 in
473 5699 751 5750 contextu
780 5699 1028 5750 uterque
1053 5693 1364 5750 vulgatum
1388 5695 1466 5750 ha
1513 5697 1588 5749 et.

194 5693 444 5752 infra'in
473 5699 751 5752 contextu
780 5699 1028 5765 uterque
1053 5693 1364 5764 vulgatum
1388 5693 1588 5750 habet.

1985 5623 2095 5694 (63)
2121 5629 2299 5694 Ταῦτα
2332 5638 2439 5694 pro
2469 5625 2534 5677 τά
2564 5632 2799 5678 τοιαῦτα.
2835 5627 2900 5679 Α.

1985 5624 2070 5683 (63
2121 5629 2299 5675 Ταῦτα
2332 5638 2439 5694 pro
2469 5625 2534 5677 τά
2564 5632 2799 5678 τοιαῦτα.
2835 5627 2900 5679 Α.

1985 5624 2098 5766 (64;
2129 5693 2224 5750 Sic
2257 5696 2428 5751 Marc.
2458 5711 2578 5763 VIll,
2611 5699 2644 5752 4
2676 5713 2687 5751 :
2721 5699 2990 5768 χορτάσαι
3019 5696 3206 5767 ἄρτων.
