4176 6426
231 335 338 392 43⁸1

1181 315 1549 376 COMMENT.
1600 312 1670 368 IN
1711 309 2157 369 MATTHEUM-
2198 343 2267 356 --
2307 312 2470 370 CAP.
2517 315 2672 374 XIV.

3491 322 3600 378 438

296 460 374 510 T6
418 454 481 509 δὲ
539 456 709 508 πλοῖον
754 483 824 495 -
868 452 1072 522 ἄνεμος.
1129 445 1288 499 Πάλιν
1327 446 1376 496 οἱ
1431 443 1664 514 μαθηταὶ
1717 437 1838 490 κλυ-

2021 440 2178 495 Vers.
2219 443 2289 495 24
2327 441 2514 498 Navis
2552 449 2752 500 autem
2790 474 2858 484 —
2898 449 3104 502 ventus
3149 447 3316 504 Nunc
3357 461 3597 504 rursnm

236 543 579 613 δωνίζονται,
628 545 796 603 καθὼς
830 545 920 592 καὶ
966 541 1023 590 τό
1068 540 1330 610 πρότερον.
1383 531 1539 585 Ἀλλὰ
1585 533 1698 582 τότε
1748 530 1837 599 μεν

177 683 179 686 τ
238 635 589 705 ἆτελεστέροις
636 629 757 684 οὖσι
809 638 968 688 συνῆν
1013 630 1103 678 καὶ
1148 625 1300 684 αὐτὸς
1359 623 1429 683 εἰς
1479 620 1834 692 παραμυθίαν,

237 724 280 777 εἰ
336 728 430 775 καὶ
489 718 754 775 ἰκάθευδεο
801 727 888 771 νῦν
939 714 999 770 δε
1037 712 1403 789 προκοψάντων
1446 712 1682 774 ἄπεστιν,
1733 706 1835 774 ἱνα,

237 809 548 886 μηδαμόθεν
652 813 855 882 ἔχοντες
957 805 1316 879 παραμυθίαν,
1410 802 1837 874 καρτερικώτεροι

237 905 508 976 γένωνται.

312 1097 544 1168 Τετάρτῃ
617 1124 672 1135 -
736 1092 1030 1152 θαλάσσης.
1076 1089 1135 1141 Ὀ
1187 1083 1248 1140 δὲ
1323 1087 1535 1160 Μάρκος
1620 1085 1838 1156 εἴρηκεν,

248 1191 322 1240 ὁτι
359 1190 450 1238 καὶ
493 1180 626 1236 εἶδεν
675 1181 867 1242 αὐτούς
915 1178 1357 1252 βασανιζομένους
1395 1174 1445 1227 ἓν
1475 1180 1547 1244 τῷ
1595 1171 1838 1223 ἔλαύνεινυ

251 1279 275 1328 ὁ
327 1271 384 1327 δε
450 1273 715 1336 Ἰωάννης,
785 1269 866 1321 ὃτι
932 1267 1132 1326 ἤλασαν
1196 1269 1261 1326 ὡς
1332 1259 1584 1324 σταδίους
1653 1260 1843 1312 εἰκοσι-

251 1369 392 1418 πέντε
440 1366 469 1421 ἧ
521 1365 610 1413 καὶ
661 1361 959 1435 τριάκοντα.
1014 1351 1234 1409 Στάδιον
1293 1350 1351 1406 δὲ
1400 1353 1514 1405 ἔστι
1558 1355 1714 1410 τόπος
1754 1348 1844 1423 ὀρ-

251 1462 407 1527 γυιῶν
483 1450 682 1504 ἑκατόν.
754 1451 1013 1520 Τετάρτην
1085 1443 1144 1497 δὲ
1210 1443 1438 1517 φυλακὴν
1506 1448 1595 1501 τῆς
1659 1442 1844 1500 νυκτὸς

257 1543 520 1614 ὠνόμασαν
579 1544 624 1591 οἱ
686 1536 900 1590 παλαιοὶ
949 1533 1324 1606 νυκτοφύλακας
1393 1539 1492 1582 τῶν
1552 1531 1840 1601 στρατοπέ-

260 1630 356 1685 δων
433 1633 490 1683 τὸ
566 1632 807 1701 τέταρτον
896 1629 1052 1699 μέρος
1106 1631 1199 1684 τῆς
1274 1623 1476 1686 νυκτὸς,
1560 1622 1677 1676 ἤτοι
1755 1619 1842 1676 τὰς

261 1721 541 1780 τελευταίας
613 1724 748 1789 τρεῖς
828 1715 984 1789 ᾦρας.
1057 1713 1244 1784 Ἀφῆκε
1311 1707 1369 1762 δε
1420 1711 1541 1769 τούς
1605 1708 1842 1779 μαθητὰς

263 1813 285 1862 ὁ
364 1810 590 1883 Χριστός
688 1804 773 1857 επὶ
869 1808 1114 1855 τοσοῦτον
1196 1795 1631 1858 κλυδωνίζεσθαι·

267 1896 413 1951 δεύων
469 1895 790 1970 ἐγκαρτερεῖν
858 1897 961 1952 τοῖς
1033 1886 1236 1957 δεινοῖς,
1309 1887 1644 1958 οἰκονομικῶς
1723 1883 1843 1935 ἐπα-

270 1991 494 2059 γομένοις,
581 1988 670 2035 καὶ
762 1986 834 2054 μὴ
936 1980 1109 2040 ζητεῖν
1208 1983 1426 2050 ταχεῖαν
1518 1972 1839 2045 ἀπαλλαγήν·

279 2079 340 2127 in
371 2072 422 2127 δε
468 2078 577 2139 καὶ,
627 2074 712 2124 ἶνα
753 2073 853 2146 πρὸ
903 2069 1174 2142 ὀφθαλμῶν
1219 2069 1304 2118 τὸν
1353 2066 1567 2116 θάνατον
1619 2064 1840 2134 ἔχοντες,

285 2161 373 2216 εἶτα
429 2158 736 2237 παραδόξως
817 2159 1106 2236 ῥυσθέντες,
1179 2153 1477 2226 ἐπιγνῶσιν,
1557 2153 1636 2204 ὅτι
1716 2154 1847 2212 Θεός

273 2253 394 2306 ἐστιν
463 2253 488 2306 ὁ
545 2253 760 2310 τούτους
817 2244 1232 2317 διασωσάμενος·
1291 2245 1434 2294 οὔπω
1486 2243 1587 2315 γὰρ
1654 2238 1844 2291 τελείαν

273 2340 398 2416 εἶχον
470 2341 839 2415 πληροφορίαν.
922 2338 1009 2388 Διὸ
1083 2338 1172 2386 καὶ
1242 2333 1370 2404 μετὰ
1436 2335 1530 2388 τὴν
1611 2327 1845 2381 ἀπαλλα-

267 2437 359 2506 γὴν
407 2433 794 2505 προσεκύνησαν
867 2425 1028 2496 αύτῷ,
1084 2421 1340 2494 λέγοντες
1420 2417 1652 2482 Ἀληθῶς
1706 2425 1838 2471 Θεοῦ

266 2525 374 2582 Υιὸς
402 2517 458 2574 εἶ.

332 2781 428 2830 Καὶ
485 2804 548 2816 --
601 2771 841 2845 ἔκραξαν.
909 2772 1008 2821 Τὸν
1063 2766 1164 2819 ἀπὸ
1228 2772 1320 2817 τοῦ
1375 2759 1633 2823 κλύδωνος
1692 2760 1846 2833 φόϐον

261 2872 418 2942 ἕτερος
494 2858 804 2932 διαδέχεται
879 2858 1015 2929 (69),
1093 2860 1181 2907 καὶ
1245 2853 1338 2907 ούκ
1407 2852 1555 2904 ἔλυσε
1642 2858 1841 2914 τοῦτον,

260 2938 348 3014 ἕως
395 2954 502 3024 (70)
556 2950 796 3014 ἐϐόησαν,
851 2950 932 2999 ἱνα
981 2947 1321 3018 γυμνασθῶσι
1371 2947 1535 3016 φέρειν
1584 2942 1677 3001 τὰς
1729 2938 1846 2992 δια-

261 3041 430 3115 δοχὰς
455 3049 553 3093 τῶν
582 3047 901 3112 πειρασμῶν.

326 3132 524 3192 Εὐθέως
568 3159 638 3171 —
701 3132 771 3201 μὴ
853 3125 1113 3198 φοϐεῖσθε.
1185 3121 1328 3174 Ἐπεὶ
1410 3119 1505 3173 ούκ
1588 3116 1844 3178 ἠδύναντο
1886 3147 1926 3203 C

253 3224 505 3294 γνωρίσαι
552 3217 705 3270 αὐτὸν
751 3215 851 3268 ἀπὸ
901 3221 992 3266 τοῦ
1048 3215 1328 3286 προσώπου
1380 3205 1474 3262 διὰ
1517 3213 1612 3266 τὴν
1663 3210 1843 3274 νύκτα,

255 3310 428 3362 λοιπόν
458 3312 549 3366 τὴν
595 3311 851 3379 γνώριμον
883 3307 1052 3376 φωνὴν
1096 3300 1272 3360 αὐτοῖς
1312 3297 1589 3370 ἕπαφίησι,
1621 3296 1846 3348 λύουσαν

257 3397 540 3471 ἆμφοτίρου
551 3417 571 3458 ς
597 3399 718 3455 τούς
749 3392 956 3466 φόϐους.

323 3503 642 3578 Ἀποκριθεὶς
703 3532 771 3540 —
841 3498 969 3551 ἐλθέ.
1053 3494 1408 3570 Ἀφικνεῖσθαι
1485 3495 1614 3566 πρὸς
1662 3489 1846 3578 Δαὐτόν

253 3592 419 3643 ἐπάνω
464 3599 561 3642 τῶν
617 3587 822 3642 ὑδάτων
868 3587 1033 3651 ζητεῖ,
1101 3585 1320 3656 προάσει
1368 3583 1476 3654 μὲν,
1528 3585 1600 3641 εἱς
1647 3575 1848 3631 διάπει-

249 3700 345 3755 ραν
393 3687 484 3732 τοῦ
529 3688 720 3750 γνῶναι
767 3677 1012 3739 ἐντεῦθεν,
1059 3672 1101 3725 εἰ
1140 3672 1296 3732 αὐτὸς
1351 3669 1489 3722 ἔστιν
1539 3670 1844 3743 όΧριστὸςο

248 3777 308 3840 τῇ
373 3766 424 3820 δ’
477 3767 706 3839 ἀληθείᾳ,
765 3765 1057 3824 ἐνωτισθεὶς
1116 3766 1209 3819 τὴν
1271 3763 1439 3832 φωνὴν
1500 3757 1681 3821 αὑτοῦ,
1734 3756 1844 3808 λίαν

250 3857 444 3930 ἰχάρη,
501 3861 589 3908 καὶ
643 3853 1033 3928 διαθερμανθεὶς
1084 3849 1329 3923 γλίχεται
1375 3849 1476 3922 πρὸ
1528 3854 1626 3898 τῶν
1683 3845 1844 3897 ἄλλων

246 3950 487 4016 ὶντυχεῖν
514 3944 674 4014 αύτῷ.

320 4057 426 4105 Καὶ
496 4049 729 4110 καταϐὰς
799 4079 867 4087 -
943 4065 1025 4118 με.
1095 4049 1200 4102 Τὴν
1270 4045 1359 4115 μὲν
1428 4040 1693 4093 θάλασσαν
1750 4038 1844 4090 ούκ

247 4137 510 4192 ἐδειλίασε
540 4183 554 4206 ,
632 4141 803 4189 καίτοι
888 4137 1197 4207 μαινομένην
1233 4173 1246 4196 ,
1340 4129 1467 4181 ἀλλὰ
1561 4130 1844 4185 πιστεύσας

242 4232 310 4302 τῇ
396 4225 617 4299 δυνάμει
698 4232 791 4278 τοῦ
865 4223 1237 4284 κελεύσαντος,
1321 4217 1607 4291 θαρραλέως
1688 4212 1840 4270 ἕπέϐη

239 4301 347 4370 τῶν
421 4317 684 4388 κυμάτων,
735 4317 825 4365 καὶ
910 4312 1065 4384 ὀρθὸς
1135 4304 1348 4366 ἐϐάδιζε
1407 4325 1420 4340 ο
1511 4307 1597 4355 τὸν
1663 4301 1844 4372 ἄνεμον

243 4403 308 4459 δε
400 4404 586 4476 μᾶλλον
657 4401 884 4475 ἕφοϐἠθη
925 4444 940 4471 ,
1028 4404 1228 4472 μήποτε
1303 4391 1585 4468 περιτρέψῃ
1671 4389 1842 4445 αὐτόν.

241 4494 495 4548 Τοιοῦτον
567 4495 669 4566 ⁹γὰρ
735 4493 765 4549 ἡ
840 4489 1134 4561 ἀνθρωπίνη
1213 4487 1388 4556 φύσις.
1467 4478 1723 4566 Πολλάκις
1783 4481 1848 4530 τὰ

243 4583 452 4656 μεγάλα
501 4583 854 4655 κατορθοῦσα,
895 4577 1084 4650 μᾶλλον
1137 4573 1186 4626 ἄν
1239 4579 1346 4632 τοῖς
1391 4570 1656 4622 ἐλάττοσιν
1708 4565 1846 4656 m7.

243 4653 430 4745 χεται.
492 4653 686 4724 Λοιπὸν
725 4665 812 4721 οὖν
864 4666 1239 4723 ἂσθενησάσης
1287 4668 1377 4720 τῆς
1437 4662 1682 4721 πίστεως,
1733 4653 1846 4726 μεθ’

244 4763 313 4823 ἧς
375 4760 730 4832 κατετόλμησε
807 4765 904 4808 τῶν
984 4753 1262 4825 κυμάτων,
1319 4747 1510 4819 ἀφῆκεν
1587 4743 1741 4795 αὐτὸν
1811 4743 1842 4799 ἡ

242 4853 412 4925 χάρις
493 4849 676 4913 αὐτῆς,
731 4848 761 4904 ἡ
822 4843 1151 4915 κουφίζουσα
1204 4833 1406 4904 τοῦτον,
1464 4839 1553 4887 καὶ
1602 4851 1846 4885 κατεπον-

239 4940 417 5000 τίζετο
426 4980 436 4992 .

320 5169 526 5228 Εύθέως
593 5194 662 5206 -
733 5159 1017 5219 ἐδίστασας
1068 5175 1082 5226 ;
1139 5162 1316 5210 Ταῦτα
1363 5147 1627 5209 ὀνειδίσας
1683 5147 1843 5216 αύτῷ,

241 5254 460 5321 ἔδειξεν,
506 5255 587 5306 ὅτι
625 5252 730 5324 οὐχ
779 5253 809 5308 ἡ
843 5255 936 5301 τοῦ
979 5247 1165 5319 ἀνέμου
1208 5243 1305 5317 βία
1341 5248 1521 5292 τοῦτον
1550 5233 1841 5298 κατέϐαλεν,

319 5385 368 5422 ⁸ο
407 5383 588 5441 lare.
628 5393 709 5445 vi,
750 5375 840 5430 48.

1947 528 2222 600 discipuli
2257 528 2550 586 ﬂuctuant
2584 546 2654 586 ac
2689 532 3096 603 periclitantur
3127 535 3280 590 sicut
3313 540 3370 591 et
3414 537 3594 607 prius.

1948 619 2164 672 Verum
2222 622 2360 674 tunc
2399 619 2644 691 quidem
2683 637 2822 677 cum
2861 629 3058 678 essent
3110 625 3596 696 imperfectiores.

1947 707 2151 762 aderat
2186 714 2241 762 et
2276 707 2400 779 ipse
2436 709 2513 764 ad
2547 710 3039 777 consolationem,
3079 729 3436 785 quanquam
3467 713 3601 772 dor-

1944 795 2170 852 miebat
2204 813 2217 862 ;
2249 812 2410 852 nunc
2441 812 2578 854 vero
2607 814 2744 855 cum
2769 799 2897 870 jam
2928 801 3320 872 profecissent
3347 802 3593 871 laberat.

1947 889 2010 1031 με
2056 901 2358 958 nusquam
2405 886 2691 944 habentes
2743 890 3214 946 consolationem
3270 890 3603 947 efﬁciantur

1970 974 2236 1031 ortiores.

1970 974 2236 1031 brtiores.

2020 1085 2179 1138 Vers.
2211 1086 2298 1138 25.
2353 1083 2583 1146 Quarta
2614 1116 2679 1124 —
2723 1100 2906 1142 mare.
2953 1087 3182 1142 Marcus
3213 1091 3414 1142 autem
3462 1085 3605 1141 dixit

1950 1171 2116 1244 quod
2158 1171 2334 1228 etiam
2369 1172 2511 1227 vidit
2545 1189 2647 1229 eos
2688 1173 3028 1231 laborantes
3064 1176 3122 1230 in
3153 1175 3499 1244 remigando
3532 1177 3605 1214 “-

1949 1260 2213 1316 Joannes
2254 1276 2391 1316 vero
2419 1263 2580 1334 quod
2609 1263 3048 1334 remigaverant
3078 1263 3261 1321 ferme
3293 1264 3488 1320 stadia
3517 1263 3607 1318 vi-

1951 1349 2097 1420 ginti
2119 1349 2386 1421 quinque
2411 1355 2515 1406 aut
2535 1351 2790 1423 triginta.
2815 1352 3080 1409 Stadium
3101 1358 3302 1409 autem
3324 1353 3496 1408 locus
3520 1355 3607 1407 est

1952 1439 2073 1494 sive
2121 1455 2403 1495 mensura
2441 1446 2679 1496 centum
2712 1441 3013 1511 ulnarum,
3047 1459 3180 1514 quas
3212 1442 3358 1498 ulna
3405 1442 3603 1497 Greece

1952 1527 2140 1603 ὁργυιὰ
2186 1527 2482 1594 dicitur,et
2523 1534 2613 1585 est
2655 1547 2948 1586 manuum
3011 1547 3148 1586 cum
3180 1531 3430 1602 pectoris
3479 1529 3606 1585 lati-

1950 1616 2157 1672 tudine
2175 1618 2458 1685 extensio,
2477 1619 2784 1674 continens
2810 1636 2908 1674 sex
2931 1619 3133 1691 pedes.
3159 1619 3446 1687 Quartam
3469 1633 3602 1672 vero

1953 1705 2139 1760 noctis
2169 1706 2427 1776 vigiliam
2453 1707 2851 1764 nominabant
2881 1707 3134 1780 antiqui,
3169 1707 3263 1779 qui
3295 1707 3354 1761 in
3385 1705 3604 1760 exerci-

1717 1814 1842 1847 παι-
1878 1787 2108 1851 Btibus
2161 1802 2329 1850 nocte
2383 1795 2708 1864 vigilabant
2779 1802 3050 1868 quartam
3100 1795 3290 1850 noctis
3344 1798 3604 1866 partem-

1952 1889 2285 1956 postremas
2319 1884 2586 1938 videlicet
2609 1887 2726 1938 tres
2750 1884 2948 1939 horas.
2980 1883 3244 1939 Permisit
3273 1899 3415 1952 ergo
3447 1881 3608 1937 Chri-

1954 1977 2078 2027 stus
2107 1972 2433 2043 discipulos
2464 1972 2542 2028 ad
2572 1971 2634 2027 id
2664 1988 2853 2044 usque
2883 1978 3122 2045 tempus
3157 1972 3464 2037 ﬂuctuare,
3499 1970 3604 2026 do-

1953 2077 2094 2116 cens
2116 2065 2180 2116 ut
2202 2061 2380 2116 fortes
2406 2060 2734 2116 efﬁciamur
2753 2061 2831 2116 ad
2854 2061 3118 2134 pericula
3139 2077 3274 2134 quae
3295 2061 3608 2133 dispensa-

1954 2150 2101 2206 torie
2141 2149 2506 2204 inducuntur
2538 2165 2550 2204 :
2584 2165 2692 2204 nec
2724 2149 2957 2206 facilem
2990 2154 3089 2206 aut
3129 2151 3394 2205 velocem
3444 2166 3607 2221 quae-

1952 2256 2157 2296 ramus
2178 2238 2609 2294 liberationem.
2635 2241 2918 2294 Praeterea
2950 2244 3012 2294 ut
3038 2245 3288 2294 mortem
3315 2254 3439 2310 praa
3465 2254 3606 2293 ocu-

1953 2327 2024 2382 lis
2046 2328 2362 2391 habentes,
2396 2331 2451 2382 et
2475 2327 2553 2381 ab
2575 2342 2644 2382 ea
2670 2326 3018 2382 mirabiliter
3042 2325 3294 2389 liberati,
3325 2341 3608 2396 agnosce-

1952 2420 2081 2472 rent
2097 2417 2282 2470 Deum
2297 2430 2427 2470 esse
2445 2430 2604 2479 eum,
2619 2416 2720 2486 qui
2737 2431 2797 2470 se
2812 2420 3128 2470 servasset.
3147 2414 3426 2470 Nondum
3443 2414 3606 2470 enim

1953 2505 2268 2578 perfectam
2316 2503 2619 2559 habebant
2665 2503 3079 2559 certitudinem
3127 2520 3140 2568 ;
3191 2503 3325 2559 ideo
3369 2518 3608 2575 quoque

1951 2600 2087 2666 post
2139 2592 2549 2648 liberationem
2611 2591 3009 2648 adoraverunt
3065 2608 3205 2648 eum
3285 2592 3604 2648 dicentes:

1962 2682 2107 2738 Vere
2136 2681 2241 2738 Dei
2267 2681 2454 2737 Filius
2479 2696 2556 2738 es.

2025 2791 2184 2844 Vers.
2243 2793 2331 2844 26.
2391 2788 2467 2844 Et
2505 2818 2575 2829 —
2613 2787 3032 2843 clamauerunt.
3082 2785 3380 2842 Timorem
3403 2785 3506 2858 qui
3532 2785 3610 2842 ab

1959 2887 2134 2942 undis
2185 2891 2309 2942 erat
2347 2885 2560 2958 excipit
2597 2885 2744 2940 alter
2781 2883 2958 2941 timor
2999 2907 3010 2939 :
3055 2899 3164 2939 nec
3220 2883 3381 2939 hunc
3440 2882 3612 2939 solvit

1955 2975 2147 3032 donec
2185 2975 2614 3044 clamaverunt,
2655 2979 2719 3030 ut
2756 2979 3166 3030 exercerentur
3204 2972 3283 3030 ab
3335 2971 3610 3028 ferendas

1955 3066 2346 3123 tentationum
2375 3062 2802 3118 successiones.

2027 3175 2186 3230 Vers.
2211 3174 2297 3228 27.
2325 3170 2406 3225 Ac
2430 3170 2688 3240 protinus
2708 3199 2776 3208 —
2798 3169 2976 3226 nolite
3001 3170 3234 3226 terreri.
3264 3168 3415 3234 Quia
3437 3171 3611 3225 nocte

1956 3261 2334 3335 impediente,
2351 3275 2386 3314 a
2400 3273 2652 3330 persona
2665 3273 2801 3312 eum
2817 3271 3175 3325 cognoscere
3189 3256 3609 3328 nequiverunt.

1959 3352 2051 3407 sui
2090 3365 2249 3406 nunc
2283 3347 2569 3402 indicium
2610 3351 2753 3417 puta
2789 3359 3000 3400 voeem
3041 3345 3125 3399 eis
3162 3344 3409 3410 inducit,
3471 3360 3608 3418 quas

1957 3441 2089 3498 illos
2117 3443 2371 3508 utroque
2403 3435 2608 3490 timore
2638 3433 2932 3488 liberaret.

2029 3531 2188 3584 Vers.
2228 3529 2314 3581 28.
2347 3523 2722 3592 Respondens
2761 3553 2829 3562 —
2860 3523 3018 3576 Vers.
3063 3523 3152 3574 29.
3200 3520 3360 3576 Veni.
3404 3520 3613 3576 Perve-

1957 3620 2082 3675 nire
2113 3617 2191 3672 ad
2241 3614 2407 3669 illum
2438 3627 2614 3684 super
2643 3627 2834 3683 aquas
2863 3611 3092 3682 quaerit,
3128 3614 3192 3664 ut
3222 3609 3364 3664 hinc
3399 3608 3612 3664 certior

1955 3707 2304 3770 efﬁceretur,
2344 3718 2421 3757 an
2465 3701 2592 3772 ipse
2637 3704 2797 3755 esset
2840 3697 3120 3754 Christus.
3163 3696 3364 3752 Potius
3407 3701 3610 3752 tamen

1955 3795 2292 3857 dicendum,
2325 3789 2491 3862 quod
2521 3804 2658 3842 cum
2689 3803 2894 3843 vocem
2927 3785 3056 3857 ejus
3087 3785 3470 3858 percepisset,
3517 3801 3611 3840 su-

1955 3902 2066 3959 pra
2110 3881 2361 3939 modum
2393 3877 2639 3949 gavisus
2669 3881 2755 3934 est
2785 3880 2842 3932 et
2869 3875 3121 3950 optabat
3167 3878 3304 3931 ante
3332 3873 3480 3931 alios
3531 3873 3610 3931 ad

1954 3989 2094 4029 eum
2133 3969 2434 4028 accedere.

2023 4081 2183 4134 Vers.
2211 4079 2299 4131 29.
2326 4075 2583 4144 Cumque
2611 4070 2992 4127 descendisset
3021 4099 3091 4112 —
3115 4071 3280 4124 Vers.
3308 4073 3397 4126 30.
3426 4071 3612 4127 Serva

1953 4182 2054 4222 me.
2089 4167 2242 4219 Mare
2271 4161 2518 4234 quidem
2548 4174 2670 4214 non
2712 4157 2928 4224 timuit,
2961 4172 3318 4229 quanquam
3347 4157 3606 4222 fureret;

1875 4278 1920 4332 D
1955 4253 2058 4308 sed
2089 4252 2163 4306 de
2189 4249 2448 4321 jubentis
2479 4245 2743 4319 potentia
2773 4243 3052 4332 conﬁsus,
3082 4245 3366 4332 audacter
3396 4243 3608 4298 ambu-

1953 4336 2117 4392 labat
2159 4348 2337 4404 super
2385 4347 2596 4402 aquas,
2644 4333 2700 4383 et
2741 4331 2896 4382 recte
2954 4324 3376 4394 gradiebatur:
3431 4330 3608 4381 vento

1955 4429 2155 4481 autem
2204 4420 2398 4490 magis
2448 4417 2680 4473 territus
2733 4419 2840 4480 est,
2871 4429 2946 4468 ne
2976 4411 3123 4467 forte
3155 4411 3610 4482 circumagendo

1956 4529 2094 4568 eum
2125 4513 2434 4567 everteret.
2478 4502 2833 4575 Hujusmodi
2876 4500 3036 4557 enim
3070 4505 3160 4556 est
3187 4500 3456 4556 humana
3507 4516 3610 4557 na-

1957 4611 2108 4666 tura,
2174 4603 2237 4654 ut
2297 4597 2648 4670 plerumque
2709 4592 2766 4645 in
2823 4590 3062 4660 magnis
3121 4594 3278 4646 recte
3319 4606 3380 4645 se
3421 4595 3607 4659 gerat,

1956 4689 2150 4759 magis
2171 4692 2371 4744 autem
2393 4682 2780 4740 convincatur
2795 4679 3255 4753 reprehensione
3275 4679 3460 4749 digna
3481 4696 3609 4736 esse

1954 4780 2014 4835 in
2047 4776 2393 4841 minoribus,
2420 4773 2801 4841 Consequens
2832 4769 3030 4841 itaque
3061 4773 3170 4838 est,
3204 4771 3263 4823 ut
3312 4767 3610 4824 debilitata

1954 4867 2094 4931 ﬁde,
2124 4881 2229 4936 per
2254 4878 2438 4936 quam
2471 4863 2676 4914 contra
2700 4857 2914 4912 ﬂuctus
2937 4856 3252 4912 audentior
3281 4862 3425 4923 erat,
3454 4856 3610 4912 illius

1957 4955 2364 5009 destitueretur
2395 4949 2603 5021 gratia,
2638 4963 2764 5018 qua:
2812 4945 3004 5001 levem
3051 4945 3252 5016 ipsum
3299 4944 3606 5011 efﬁciebat,

1955 5042 2015 5093 et
2042 5037 2503 5104 demergeretur.

2028 5143 2190 5207 Vers,
2223 5141 2280 5194 3i
2299 5181 2313 5195 .
2340 5139 2412 5192 Et
2441 5137 2718 5193 continuo
2746 5164 2816 5176 —
2847 5133 3134 5190 hmsz'tasti
3173 5132 3200 5186 ‘?
3233 5132 3364 5187 Haec
3393 5132 3610 5204 impro-

1953 5245 2171 5304 perans
2217 5226 2494 5295 ostendit,
2538 5222 2699 5292 quod
2730 5237 3098 5294 nequaquam
3127 5221 3286 5276 venti
3334 5220 3608 5277 violentia

1451 5485 1675 5559 Varia;
1721 5479 2050 5551 lectiones
2099 5485 2165 5545 et
2204 5484 2406 5542 notas.

318 5697 434 5769 (69)
461 5693 645 5764 Φόϐος,
668 5689 837 5748 addit
854 5689 920 5741 A.

2035 5662 2148 5735 (70)
2173 5654 2299 5721 Ἐως
2323 5660 2473 5727 οὗ,Α,
