4176 6428
582 297 688 352 439

580 508 831 563 ﬁrmitas
871 507 1044 562 dictae
1083 506 1239 561 ﬁdei.
1279 507 1520 578 Exiguae
1560 523 1700 575 ergo
1740 507 1877 562 ﬁdei
1919 507 2225 562 hominem

575 597 744 652 illum
775 596 1104 667 appellavit,
1162 602 1222 650 ut
1251 595 1347 666 qui
1381 601 1620 651 ventum
1653 597 1889 658 timens,
1941 611 2225 663 magnam

571 687 699 758 ejus
726 693 950 757 partem
981 685 1312 755 abjecisset.
1350 687 1492 740 Dicit
1519 686 1717 757 itaque
1749 685 1832 740 illi
1864 708 1875 740 :
1909 686 2030 739 Cur
2060 685 2226 740 havsi-

573 777 712 832 tasti
739 776 766 828 Τ
796 777 937 841 sive,
969 791 1154 845 quare
1183 774 1439 844 primum
1469 774 1748 828 fiduciam
1781 774 2031 838 habens,
2065 778 2223 843 post-

570 865 811 921 modum
835 863 1124 918 timuisti?
1148 863 1212 917 Id
1233 862 1390 917 enim
1417 863 1734 933 appellavit
1760 864 2219 918 haesitationem.

569 957 716 1009 Nam
748 954 850 1024 qui
880 958 1084 1006 contra
1116 952 1330 1004 ﬂuctus
1364 956 1417 1005 te
1443 952 1654 1005 fortem
1684 952 1988 1014 reddebat,
2023 951 2222 1021 utique

569 1045 625 1097 et
650 1045 855 1097 contra
881 1044 1128 1095 ventum
1154 1043 1208 1096 te
1233 1038 1445 1095 fortem
1472 1038 1839 1096 reddidisset.

635 1290 797 1344 Vers.
829 1289 918 1344 32.
952 1285 1216 1358 Cumque
1245 1292 1431 1343 essent
1459 1286 1705 1356 ingressi
1729 1317 1797 1325 —
1829 1292 2056 1342 ventus.
2094 1288 2218 1342 Non

566 1377 769 1434 statim
807 1376 1008 1432 navim
1038 1375 1458 1438 ascenderunt,
1495 1375 1602 1430 sed
1631 1379 1806 1430 vento
1836 1374 2218 1430 vehementer

563 1470 830 1535 urgente,
862 1465 1044 1535 longo
1075 1465 1271 1520 adhuc
1298 1465 1489 1536 spatio
1519 1465 1981 1519 ambulaverunt
2029 1468 2090 1519 ut
2119 1467 2217 1518 Pe-

560 1558 687 1612 trus
731 1553 945 1610 certior
985 1554 1348 1619 redderetur,
1395 1557 1451 1610 et
1481 1554 1550 1608 de
1585 1569 1694 1608 sua
1737 1553 1950 1622 exigua
1994 1553 2216 1608 ﬁducia
2248 1552 2286 1605 Β

560 1643 1028 1698 convinceretur.
1063 1642 1386 1698 Dicitenim
1415 1643 1676 1698 Joannes
1700 1641 1863 1713 quod
1901 1641 2217 1696 voluerunt

559 1746 697 1787 eum
727 1746 961 1787 sumere
991 1732 1050 1786 in
1082 1731 1303 1794 navim,
1336 1735 1388 1786 et
1415 1730 1569 1785 illico
1595 1730 1767 1785 navis
1798 1729 2024 1801 appulit
2051 1735 2214 1785 terra:

558 1821 635 1876 ad
693 1836 879 1892 quam
937 1819 1124 1875 ibant.
1187 1822 1251 1874 Et
1288 1819 1423 1874 inde
1479 1818 1866 1874 manifestum
1925 1825 2011 1872 est
2049 1818 2214 1890 quod

557 1925 695 1965 cum
735 1909 906 1964 navis
947 1913 1112 1964 terrae
1150 1908 1428 1980 proxima
1465 1911 1636 1972 esset,
1696 1911 1821 1962 tum
1874 1906 2115 1962 demum
2154 1908 2214 1962 in

557 2012 691 2054 eam
725 1999 1108 2052 intraverunt.

625 2103 791 2159 Vers.
835 2103 925 2157 33.
971 2102 1256 2158 Caeterum
1305 2102 1408 2172 qui
1449 2131 1519 2142 ——
1560 2117 1633 2156 es.
1681 2102 1937 2159 Miraculi
1986 2103 2214 2173 magni-

553 2192 693 2250 tudo
712 2190 1120 2263 perfectiorem
1141 2189 1224 2246 eis
1263 2189 1492 2246 induxit
1511 2189 1714 2246 ﬁdem.
1741 2193 1892 2247 Mare
1915 2191 2213 2262 siquidem

551 2280 860 2352 increpare
887 2280 1091 2336 minus
1113 2283 1223 2345 est,
1251 2294 1439 2351 quam
1470 2294 1651 2351 super
1680 2278 1825 2334 illud
1855 2279 2168 2334 ambulare
2197 2299 2209 2338 :

551 2384 662 2425 nec
707 2368 900 2424 solum
949 2385 1087 2425 eum
1125 2384 1297 2440 super
1344 2367 1491 2423 illud
1521 2367 1850 2431 ambulare,
1885 2367 1983 2421 sed
2032 2368 2212 2423 etiam

549 2457 744 2514 facere
802 2457 944 2513 illud
1007 2473 1146 2512 cum
1205 2457 1357 2511 venti
1418 2455 1696 2511 violentia
1735 2455 2070 2526 impetuose
2111 2455 2214 2511 ﬂa-

549 2551 658 2613 ret,
717 2562 788 2603 ac
853 2561 1016 2602 mare
1077 2560 1114 2600 a
1195 2560 1305 2598 suo
1369 2547 1522 2598 statu
1600 2543 2023 2610 submoveret;
2107 2545 2212 2601 sed

551 2651 806 2707 priesens
843 2635 1088 2707 quidem
1127 2631 1492 2701 evangelista
1547 2631 1684 2686 dicit
1721 2631 1885 2703 quod
1945 2648 2212 2689 commu-

550 2724 702 2780 niter
757 2737 970 2778 omnes
1026 2719 1281 2776 confessi
1338 2723 1478 2775 sunt
1516 2734 1645 2775 esse
1699 2719 1905 2791 ipsum
1967 2722 2064 2777 Dei
2130 2723 2212 2778 Fi-

553 2811 721 2869 lium.

624 2919 855 2974 Marcus
885 2917 1084 2970 autem
1111 2913 1280 2978 dixit,
1308 2913 1474 2986 quod
1503 2913 1781 2970 admirati
1810 2921 1968 2982 sunt,
2000 2933 2210 2974 verum

554 3020 679 3062 non
708 3003 1139 3060 intellexerunt.
1169 3003 1260 3059 Ait
1289 3002 1446 3058 enim
1481 3021 1493 3058 :
1527 3004 1604 3058 Et
1637 3005 1996 3062 vehementer
2025 3024 2212 3078 supra

557 3093 796 3151 modum
827 3093 989 3149 intra
1019 3107 1138 3148 sese
1166 3092 1478 3162 stupebant
1506 3099 1560 3148 et
1591 3093 2034 3150 admirabantur
2066 3115 2078 3152 :
2112 3114 2211 3154 ne-

556 3197 670 3255 que
697 3183 852 3239 enim
878 3181 1299 3238 intellexerunt
1325 3181 1398 3236 de
1423 3181 1667 3250 panibus
1690 3200 1709 3246 ;
1735 3198 1864 3238 nam
1889 3200 1987 3239 cor
2010 3201 2212 3244 eorum

557 3271 904 3328 obcaecatum
925 3276 1048 3327 erat
1080 3272 1146 3326 ⁸⁷.
1182 3273 1278 3326 Est
1307 3275 1505 3326 autem
1538 3286 1748 3326 sensus
1779 3273 2077 3330 dictorum
2106 3276 2213 3332 hu-

555 3360 841 3432 jusmodi,
885 3361 1044 3432 quod
1075 3375 1258 3432 supra
1288 3359 1541 3415 modum
1571 3360 2026 3418 admirabantur
2072 3381 2211 3420 eum

557 3451 736 3507 veluti
777 3449 1086 3506 hominem
1129 3449 1227 3522 qui
1276 3449 1414 3504 talia
1462 3454 1682 3522 posset,
1735 3468 1918 3523 quum
1951 3455 2213 3511 maxime

558 3539 727 3596 illum
759 3538 1007 3595 adorare
1063 3539 1437 3610 oportuisset,
1487 3543 1770 3610 tanquam
1805 3543 1987 3598 Deum
2016 3543 2214 3600 omnia

558 3632 884 3701 potentem.
937 3626 1150 3682 Volens
1195 3631 1394 3681 autem
1443 3628 1753 3683 ostendere
1806 3632 1967 3701 quod
2020 3649 2213 3704 neque

561 3716 626 3772 in
655 3715 942 3786 praedicto
969 3729 1200 3785 panum
1237 3714 1524 3770 miraculo
1572 3731 1635 3770 se
1687 3720 2112 3776 convertissent
2141 3722 2214 3776 ad

2247 2684 2287 2739 C

1880 292 2232 349 EUTHYMII
2273 291 2599 349 ZlGABENI

579 420 748 475 illum
786 417 1119 489 dejiciebat,
1158 417 1258 473 sed
1301 418 1518 487 exigua
1557 418 1800 483 ﬁducia,
1841 418 1955 474 hoc
1996 423 2083 473 est
2135 418 2228 473 in-
2262 419 2309 471 A
2341 417 2449 468 ἀλλ’

3838 294 3946 348 440

2532 420 2560 476 ἡ
2645 417 2997 489 ὀλιγοπιστία,
3056 422 3356 489 τουτέστιν,
3421 438 3450 475 η
3547 416 3787 470 ἀσθένεια
3849 426 3944 479 τῆς

2335 509 2586 581 ῥηθείσης
2664 512 2906 567 πίστεως.
2982 506 3346 577 Ὀλιγόπιστον
3423 503 3510 558 οὖν
3581 506 3736 558 αύτόν
3828 507 3942 560 ἐκοί-

2337 596 2498 662 λεσεν,
2558 601 2622 656 ὡς
2679 595 3003 648 ἀποϐαλόντα
3073 597 3202 647 πολύ
3254 616 3303 648 τι
3371 597 3482 666 (Ἠ)
3541 600 3695 668 μέρος
3774 596 3939 658 αὐτῆς

2337 684 2384 735 ἐν
2443 694 2512 754 τῷ
2573 684 2861 756 φοϐηθῆναι
2927 689 3011 736 τὸν
3066 684 3265 756 ἄνεμον.
3327 689 3478 753 Λέγει
3530 691 3700 736 τοίνυν
3769 685 3934 755 αὐτῷ’

2336 780 2480 825 Διατί
2563 771 2848 834 ἐδίστασας
2895 791 2908 839 ;

3004 778 3164 844 ἤγουν
3215 817 3226 837 ,
3325 771 3470 826 διατί
3559 784 3759 847 πρῶτον
3845 778 3936 846 μὲν

2334 861 2674 934 ἐθάρρησας,
2757 864 2969 933 ὕστερον
3053 860 3111 914 δὲ
3197 859 3540 926 ἐδειλίασαςς
3609 869 3772 914 Τοῦτο
3827 866 3932 935 γὰρ

2332 956 2567 1022 ὠνόμασε
2626 948 2943 1022 δισταγμὸν.
3027 951 3086 1004 Ὀ
3158 954 3258 1024 γὰρ
3334 952 3591 1022 ἐνισχύων
3662 971 3717 1003 σε
3794 956 3934 1004 κατὰ

2331 1048 2428 1091 τῶν
2506 1041 2748 1112 κυμάτων
2829 1039 3105 1112 ἐνίσχυσεν
3173 1043 3234 1092 οἶν
3332 1060 3388 1093 σε
3459 1046 3548 1093 καὶ
3625 1042 3760 1093 κατὰ
3837 1049 3932 1094 τοῦ

2330 1126 2538 1199 ἀνέμου.

2403 1220 2503 1268 Καὶ
2586 1215 2845 1288 έμϐοίντων
2897 1246 2968 1257 —
3031 1218 3230 1289 ἄνεμος.
3293 1217 3404 1269 Ούκ
3463 1216 3610 1280 εὐθὺς
3682 1217 3924 1276 ἐνέϐησαν

2329 1303 2402 1364 εἰς
2441 1307 2500 1355 τὸ
2548 1303 2743 1371 πλοῖον,
2772 1303 2900 1355 ἀλλὰ
2948 1309 3054 1375 καὶ,
3106 1313 3196 1357 τοῦ
3240 1304 3426 1376 ἀνέμου
3483 1303 3722 1379 σφοδρῶς
3761 1305 3927 1377 έγκει-

2327 1397 2501 1465 μένου,
2579 1393 2708 1445 πολύ
2796 1390 3073 1464 διάστημα
3160 1397 3546 1468 περιεπάτησαν
3631 1398 3727 1461 ἔτι,
3802 1400 3929 1469 πρὸς

2326 1481 2680 1554 πληροφορίαν
2739 1490 2830 1534 τοῦ
2883 1488 3100 1556 Πέτρου,
3141 1488 3230 1534 καί
3277 1483 3492 1555 ἔλεγχον
3551 1492 3646 1544 τῆς
3701 1483 3930 1556 ὀλιγοπι-

2329 1576 2478 1631 στίας
2508 1571 2686 1626 αύτοῦ.
2731 1577 2869 1629 Φησὶ
2899 1575 3000 1644 γὰρ
3033 1574 3058 1623 6
3107 1573 3364 1640 Ἰωάννης,
3413 1574 3494 1624 ὁτί
3533 1572 3710 1630 ἤθελον
3755 1573 3926 1626 λαϐεῖν

2326 1659 2481 1712 αὐτὸν
2536 1661 2607 1720 εἱς
2656 1664 2714 1712 τὸ
2764 1660 2957 1725 πλοῖον,
3014 1665 3104 1712 καὶ
3164 1662 3340 1721 εὐθέως
3398 1664 3453 1713 τό
3501 1662 3676 1714 πλοῖον
3731 1662 3924 1734 ἐγένετο

2326 1748 2408 1800 έπὶ
2453 1753 2546 1806 τὴν
2584 1758 2683 1819 γῆν
2727 1750 2862 1820 (7‘2),
2897 1754 2963 1809 εὶς
3012 1750 3073 1807 ἣν
3121 1752 3341 1821 ύπῆγον.
3378 1749 3657 1803 Κάντεῦθεν
3689 1757 3922 1827 φανερὸν,

2325 1840 2423 1908 ὅτι,
2479 1837 2701 1895 πλησίον
2763 1846 2857 1899 τῆς
2917 1846 3013 1908 γῆς
3069 1843 3339 1911 γενομένου
3405 1847 3495 1891 τοῦ
3557 1839 3759 1909 πλοίου,
3811 1848 3925 1896 τότε

2323 1925 2498 1979 λοιπὸν
2521 1926 2768 1984 ἐνέϐησαν
2796 1927 2862 1987 εἰς
2889 1927 3034 1981 αύτὸ.

2396 2017 2461 2067 0i
2514 2012 2573 2068 δὲ
2630 2048 2696 2056 -
2752 2013 2812 2070 εἷ.
2872 2020 2941 2068 Τό
3007 2018 3222 2088 μέγεθος
3279 2023 3367 2068 τοῦ
3425 2017 3683 2088 θαύματος
3736 2019 3922 2072 τελειο-

2322 2108 2472 2177 τέραν
2534 2108 2707 2164 αὐτοῖς
2767 2109 2852 2161 τὴν
2917 2109 3098 2157 πίστιν
3160 2104 3382 2163 ἐνέθηκε.
3453 2111 3554 2157 Τοῦ
3628 2109 3730 2179 γὰρ
3814 2108 3924 2160 έπι-

2322 2198 2476 2264 τιμᾴν
2534 2201 2595 2265 τῇ
2666 2192 2905 2264 θαλάσση
2963 2194 3140 2266 μεῖζον
3207 2198 3265 2245 τὸ
3316 2201 3614 2266 περιπατεῖν
3682 2195 3754 2248 επ’
3823 2198 3923 2249 αύ-

2322 2288 2432 2344 τῆς,
2485 2285 2574 2332 καὶ
2644 2286 2715 2353 μη
2805 2286 2957 2354 μόνον
3014 2283 3166 2335 αὑτὸν
3229 2291 3548 2355 περιπατεῖν,
3623 2283 3751 2337 ἀλλὰ
3836 2291 3920 2338 καὶ

2324 2368 2476 2440 έτέρῳ
2529 2377 2682 2421 τοῦτο
2732 2371 3077 2442 χαρίζεσθαι·
3133 2377 3222 2423 καὶ
3271 2375 3342 2444 μὴ
3376 2380 3540 2424 ταῦτα
3573 2377 3744 2444 μόνον,
3790 2373 3914 2424 ἀλλὰ

2323 2461 2411 2508 καὶ
2460 2455 2584 2528 βίας
2628 2459 2815 2528 ἀνέμου
2860 2460 3294 2531 καταιγιξούσης,
3327 2466 3416 2512 καὶ
3451 2460 3911 2534 ἀναμοχλευούσης

2323 2549 2416 2603 τὴν
2491 2545 2777 2600 θάλασσαν.
2842 2547 2972 2600 Ἀλλ’
3033 2551 3058 2600 6
3127 2554 3216 2620 μέν
3292 2555 3468 2624 παρὼν
3551 2551 3918 2622 εύαγγελιστὴς

2323 2653 2504 2706 φησιν,
2544 2637 2623 2686 ὅτι
2661 2644 2804 2708 κοινῇ
2855 2641 3034 2699 πάντες
3075 2639 3417 2711 ὡμολόγησαν
3458 2641 3590 2692 Θεοῦ
3639 2641 3756 2693 Υἱόν
3787 2638 3917 2693 εἶναι

2321 2741 2476 2774 αυτον
2484 2764 2496 2776 .

2391 2916 2448 2967 Ὀ
2505 2913 2564 2968 δε
2637 2921 2847 2992 Μάρκος
2902 2919 3079 2988 εἶπεν,
3143 2922 3222 2972 ὅτι
3274 2920 3575 2993 ἐθαύμασαν
3765 2965 3778 2991 ,
3859 2925 3918 2975 ού

2325 3015 2553 3064 συνῆκαν
2623 3003 2700 3058 δέ·
2755 3009 2887 3077 λέγει
2938 3010 3060 3081 γὰρ,
3103 3011 3183 3059 ὅτι
3233 3013 3332 3061 Καὶ
3384 3009 3495 3060 λίαν
3557 3009 3612 3061 έκ
3663 3020 3920 3085 περισσοῦ

2321 3092 2370 3146 έν
2435 3095 2639 3157 ἑαυτοῖς
2717 3094 3025 3161 ἐξίσταντο,
3114 3101 3204 3149 καὶ
3258 3096 3590 3168 έθαύμαςον·
3683 3101 3742 3152 ού
3817 3105 3920 3175 γὰρ

2323 3191 2552 3243 συνῆκαν
2604 3182 2688 3236 έπὶ
2737 3191 2843 3244 τοῖς
2909 3184 3102 3257 οἶρτοις·
3156 3181 3217 3244 ἦν
3289 3188 3388 3258 γὰρ
3445 3186 3614 3239 αὐτῶν
3681 3189 3711 3248 ἠ
3799 3210 3921 3263 καρ-

2321 3269 2418 3325 δία
2485 3276 2853 3346 πεπωρωμένη.
2928 3272 3082 3326 Ἔστι
3158 3271 3218 3327 δε
3293 3276 3318 3326 6
3392 3284 3510 3338 νοῦς
3581 3286 3682 3330 τῶν
3749 3281 3918 3352 ῥητῶν

2321 3370 2573 3428 τοιοῦτος,
2624 3364 2703 3414 ὃτι
2750 3361 3245 3434 ὑπερεξέπληττοντο
3301 3365 3476 3432 αὐτὸν,
3525 3369 3594 3429 ὡς
3652 3369 3918 3441 ἄνθρωπον

2321 3459 2538 3502 τοιαῦτα
2611 3447 2911 3522 δυνάμενονο
2972 3447 3087 3503 δέον
3151 3452 3267 3524 (73)
3337 3453 3569 3519 μάλιστα
3613 3464 3918 3530 προσκυνεῖν

2322 3539 2498 3606 αὐτόν,
2530 3542 2596 3600 ὡς
2623 3543 2750 3591 Θεὸν
2795 3543 2964 3592 πάντα
3008 3536 3310 3613 δυνάμενον.
3347 3543 3598 3614 Ἐμφῆναι
3639 3541 3697 3597 δὲ
3744 3544 3914 3614 θέλων,

2323 3630 2402 3679 ὃτι
2451 3623 2566 3678 οὐδ’
2610 3627 2696 3678 ἐντί
2747 3635 2808 3698 τῇ
2859 3627 3192 3702 προλαϐούση
3244 3633 3634 3703 θαυματουργία
3684 3641 3782 3683 τῶν
3827 3635 3918 3706 οἰρ-

2324 3723 2422 3764 τῶν
2471 3716 2758 3786 μετέμαθον
2807 3720 2864 3768 τὸ
2911 3713 3045 3783 δέον,
3074 3721 3409 3792 προσέθηκεν,
3446 3722 3524 3770 ὅτι
3580 3719 3638 3771 ού
3689 3727 3918 3778 συνῆκαν

563 3804 626 3859 id
654 3801 820 3874 quod
850 3801 1123 3873 oportuit,
1156 3801 1388 3858 addidit
1413 3804 1579 3874 quod
1628 3820 1752 3860 non
1804 3808 2217 3866 intellexerunt

2328 3798 2449 3854 οὐδε
2479 3803 2589 3874 (74)
2621 3801 2704 3855 ἐπὶ
2733 3811 2842 3866 τοῖς
2891 3806 3090 3878 ἄρτοις·
3131 3808 3388 3879 Ἐπὴγαγε
3414 3804 3472 3860 δὲ
3500 3813 3588 3861 καὶ
3611 3813 3704 3867 τὴν
3747 3814 3919 3862 αἰτίαν

565 3905 762 3962 neque
788 3889 859 3945 de
885 3889 1166 3961 panibus.
1197 3889 1454 3946 Adduxit
1477 3897 1676 3948 autem
1703 3911 1946 3952 causam
1973 3915 2077 3953 cur
2098 3916 2215 3954 non

567 3977 1003 4045 intellexerunt,
1042 3977 1246 4034 dicens
1285 3996 1302 4034 :
1355 3981 1506 4036 Erat
1562 3997 1660 4036 cor
1705 3998 1902 4040 eorum
1963 3987 2216 4044 obcaeca-

570 4073 708 4123 tum.

640 4175 759 4230 Nos
808 4177 1008 4229 tamen
1049 4173 1303 4229 dicimus
1359 4175 1525 4246 quod
1591 4177 1768 4232 simul
1808 4184 1867 4234 ut
1922 4181 2222 4252 ingressus

571 4266 662 4318 est
686 4262 888 4318 navim
909 4261 1104 4328 Jesus,
1132 4263 1509 4332 contigerunt
1531 4279 1603 4319 ea
1628 4280 1762 4339 quae
1784 4267 1934 4324 dixit
1959 4274 2180 4330 Marcus
2207 4295 2220 4342 ;

569 4351 785 4407 deinde
837 4351 1132 4408 dissoluta
1160 4351 1438 4419 czecitate,
1472 4351 1625 4408 facta
1653 4362 1790 4413 sunt
1819 4374 1890 4415 ea
1919 4377 2052 4433 quia
2083 4365 2223 4419 scri-

569 4442 687 4512 psit
735 4440 1064 4495 Matthaaus.
1121 4440 1278 4496 Scire
1325 4441 1485 4496 enim
1531 4449 1778 4514 oportet,
1831 4451 1993 4520 quod
2048 4452 2228 4507 inter-

572 4529 722 4584 dum
751 4527 995 4599 quidem
1029 4529 1339 4586 tenebatur
1364 4547 1466 4587 cor
1494 4532 1948 4607 discipulorum,
1986 4555 2091 4593 nec
2123 4557 2224 4612 po-

573 4619 768 4671 terant
797 4615 1123 4685 intelligere
1157 4633 1168 4671 :
1202 4620 1567 4692 quandoque
1601 4639 1739 4678 vero
1773 4626 2117 4681 solvebatur
2173 4634 2228 4683 et

576 4703 979 4776 intelligebant
1018 4723 1032 4773 ;
1077 4713 1393 4780 utrumque
1432 4714 1633 4765 autem
1672 4711 1876 4768 divina
1915 4714 2226 4786 dispensa-

575 4793 734 4850 tione
773 4795 1174 4865 contingebat.
1211 4796 1274 4852 Et
1302 4812 1413 4852 nos
1444 4812 1587 4867 ergo
1617 4813 1756 4854 cum
1801 4801 2068 4875 demergi
2120 4822 2228 4860 cce-

573 4882 839 4955 perimus
867 4888 1215 4956 tempestate
1243 4885 1755 4956 perturbationum
1789 4890 1995 4956 animi,
2023 4892 2228 4953 Jesum

649 5035 692 5068 ‘7
728 5033 906 5090 Marc.
930 5051 1008 5100 vn,
1040 5035 1131 5090 51.

2329 3899 2420 3943 τοῦ
2474 3897 2544 3964 μή
2599 3897 2840 3959 συνιέναι,
2897 3894 3134 3968 εἰρηκὼς,
3175 3895 3255 3948 ὁτι
3299 3896 3394 3949 Ἦν
3437 3899 3467 3956 ἡ
3518 3894 3716 3971 καρδία
3757 3899 3926 3951 αὐτῶν

2330 3985 2700 4057 πεπωρωμένη.

2406 4197 2634 4266 Λέγομεν
2677 4189 2737 4246 δε
2787 4195 2958 4266 ἡμεῖς,
3003 4195 3080 4246 ὅτι
3147 4194 3257 4267 ἁμα
3321 4199 3412 4268 μεν
3456 4204 3528 4267 τῷ
3587 4197 3806 4270 ἐμϐῆναι
3861 4203 3931 4263 εἰς

2334 4287 2392 4334 τό
2463 4281 2640 4334 πλοῖον
2717 4285 2803 4334 τὸν
2855 4281 3080 4352 Ἰησοῦν,
3140 4283 3452 4353 συνέϐησαν,
3508 4286 3638 4359 οἷπερ
3717 4285 3851 4342 εἶπεν
3906 4291 3933 4342 ὁ

2335 4371 2580 4442 Μάρκος·
2660 4367 2773 4422 εἶτα
2847 4369 3094 4432 λυθείσης
3175 4379 3268 4432 τῆς
3340 4379 3676 4446 πωρώσεως,
3752 4376 3932 4430 λοιπὸν

2333 4458 2632 4528 γεγόνασιν,
2675 4459 2805 4530 οἷπερ
2862 4459 3135 4531 ἱστόρησεν
3207 4461 3232 4511 6
3308 4463 3594 4525 Ματθαῖος.
3656 4469 3769 4539 Χρή
3828 4468 3930 4540 γὰρ

2333 4565 2628 4617 γινωσκειν,
2689 4548 2770 4598 ὅτι
2811 4551 2934 4600 ποτε
3004 4550 3093 4619 μεν
3152 4546 3414 4623 ἐκρατεῖτο
3475 4553 3502 4609 ἡ
3572 4549 3769 4622 καρδία
3833 4564 3932 4607 τῶν

2335 4637 2599 4707 μαθητῶν,
2632 4639 2723 4686 καὶ
2776 4635 2869 4687 ούκ
2918 4633 3175 4694 ἠδύναντο
3238 4644 3484 4710 συνιέναι,
3532 4643 3654 4692 ποτε
3692 4638 3750 4694 δὲ
3807 4645 3931 4696 ἀπε-

2337 4725 2503 4791 λύετο,
2557 4727 2647 4774 καὶ
2725 4728 2988 4776 συνίεσαν.
3037 4723 3302 4801 Ἑκάτερον
3363 4723 3422 4778 δε
3485 4727 3748 4782 συνέϐαινε
3798 4734 3929 4784 κατὰ

2339 4814 2596 4884 θειοτέραν
2679 4813 2977 4884 οἰκονομίαν
3012 4855 3026 4870 .
3114 4816 3218 4868 Καὶ
3290 4816 3440 4887 ἡμεῖς
3509 4821 3679 4869 τοίνυν
3710 4859 3724 4883 ,
3809 4821 3930 4872 ὃταν

2339 4900 2624 4974 ἀρχώμεθα
2679 4902 3150 4963 καταποντίζεσθαι
3219 4911 3291 4974 τῷ
3359 4901 3584 4957 κλύδωνι
3660 4915 3760 4958 τῶν
3827 4927 3930 4961 πα-

1776 5192 1998 5261 νατὶδξ
2051 5186 2393 5270 Ιθοῑὶοηθέ
2431 5213 2496 5271 et
2535 5213 2734 5272 noue.

671 5329 759 5400 71)
789 5329 900 5382 Pro
928 5327 1058 5400 πολύ
1088 5345 1160 5391 τι,
1192 5328 1236 5380 Α
1262 5327 1444 5384 habet
1466 5328 1770 5400 πολύτιμον.

671 5330 759 5400 71)
789 5330 900 5382 Pro
928 5330 1058 5380 πολύ
1088 5345 1160 5391 τι,
1192 5330 1236 5380 Α
1262 5330 1444 5384 habet
1466 5330 1770 5388 πολύτιμον.

648 5330 760 5472 ἒτῖ)
793 5399 962 5480 Apud
992 5400 1283 5480 Joannem
1316 5404 1442 5480 .est,
1481 5399 1585 5480 ini;
1607 5385 1703 5480 τῆς
1753 5413 1868 5480 γῆς,
1926 5414 2231 5480 quomodo

2340 5343 2480 5434 data
2505 5359 2682 5432 opera
2716 5344 2987 5416 explicat,
3023 5350 3170 5404 tom.
3203 5349 3317 5419 VII,
3344 5363 3402 5421 p.
3432 5350 3535 5405 255
3565 5348 3628 5406 C.
3661 5350 3816 5424 ἐγγύς
3844 5362 3940 5416 τῆς

2338 5435 2402 5485 γη
2418 5437 2438 5477 ς
2459 5434 2672 5486 εγενετο.

577 5469 757 5527 etiam
805 5469 861 5523 in
896 5473 1176 5523 contextu
1206 5470 1286 5524 ibi
1316 5469 1499 5526 habet
1546 5469 1914 5546 Euthymius.
1944 5469 2231 5540 'Oﬂendit
2290 5469 2359 5532 Μ’
2389 5469 2502 5548 '(73'
2552 5490 2613 5538 Δέ
2674 5485 2842 5541 addit
2872 5487 2939 5542 A.

577 5540 1276 5628 etiamﬂghrysousltgntl‘us‘
1300 5541 1380 5628 iq,
1424 5541 1520 5628 ἐπὶ,
1544 5553 1634 5628 τῆς
1671 5556 1788 5628 γῆς.
1834 5552 2058 5628 Semel_
2085 5571 2226 5628 ergo
2409 5488 2524 5628 (74;
2553 5528 2712 5624 Ούδε,
2745 5557 2913 5614 abest

577 5540 1380 5622 ριίδωυριιτγεοξίρτῃμε,ίιξ,
1424 5541 1520 5622 ἐπὶ,
1544 5553 1634 5606 τῆς
1671 5540 1788 5618 γ’ῆς.
1834 5552 2024 5608 Semel
2085 5571 2226 5622 ergo

578 5618 723 5668 tom.
767 5610 878 5675 VlI,
924 5626 980 5681 p.
1016 5615 1114 5664 515
1159 5610 1219 5682 C,
1260 5612 1442 5670 habet
1479 5615 1550 5678 εἰς
1578 5610 1827 5692 τῆν’γὴν.
1869 5623 2082 5689 Semel,
2124 5610 2226 5681 ubi

2409 5553 2521 5628 (74)
2553 5553 2712 5624 Οὐδὲ,
2745 5557 2913 5614 abest
2947 5565 3012 5614 Α.
