4176 6424
212 344 306 396 Ml
1176 335 1541 393 COMMENT.
1583 337 1654 392 IN
1695 335 2137 393 MATTH/EUM.
2178 365 2245 377 —
2286 335 2440 390 CAP.
2484 336 2604 388 XV.
3463 332 3569 388 442

215 466 358 533 θῶν³
445 463 865 535 ἑπικαλεσώμεθα
947 465 1031 513 τόν
1088 465 1289 519 Ἰησοῦν
1351 503 1363 526 ,
1452 466 1541 513 καὶ
1625 462 1811 521 εὐθέως

1929 464 2264 515 invocemus
2292 475 2305 512 :
2330 463 2384 514 et
2404 458 2685 512 continuo
2718 457 2971 528 porriget
3001 456 3177 511 etiam
3200 455 3372 510 nobis
3401 456 3567 512 auxi-

217 549 376 605 δώσει
444 557 536 604 καὶ
599 554 720 623 ἡμῖν
803 559 960 624 χεῖρα
1040 549 1304 623 βοηθείας,
1368 554 1456 601 καὶ
1545 548 1810 603 ἀνελκύσαι

1929 549 2126 604 liarem
2163 562 2434 612 manum,
2469 551 2525 602 et
2553 545 2822 602 extrahet
2852 560 2961 602 nos

218 644 372 714 ἡμᾶς

287 789 387 836 Καὶ
425 815 494 823 -
525 787 865 857 Γεννησαρέτ,
901 782 960 834 Ὀ
991 779 1050 834 δὲ
1092 783 1298 853 Μάρκος
1342 779 1497 846 εἶπεν,
1539 782 1618 832 ὃτι
1658 781 1812 851 ἠνάγ-

220 893 344 925 κασε
387 877 503 932 τοὺς
554 873 791 944 μαθητὰς
829 872 986 923 αὐτοῦ
1045 870 1262 942 ἐμϐῆναι
1289 871 1360 932 εἰς
1405 874 1464 921 τό
1494 870 1686 936 πλοῖον⁹
1722 875 1810 921 καὶ

224 963 454 1031 προάγειν
485 960 552 1020 εἰς
602 964 660 1012 τὸ
698 965 857 1032 πέραν
886 964 1007 1034 πρὸς
1065 956 1364 1017 Βηθσαῑδά,
1406 961 1431 1010 ό
1462 956 1520 1011 δὲ
1549 961 1806 1025 Ἰωάννης,

231 1051 297 1102 ὅτι
343 1053 572 1122 ἤρχοντο
629 1054 786 1123 πέραν
846 1057 934 1108 τῆς
990 1049 1260 1109 θαλάσσης
1315 1047 1387 1109 εἰς
1444 1050 1806 1121 Καπερναούμ.

232 1137 340 1190 Εἰσὶ
377 1133 436 1189 δὲ
479 1142 570 1189 καὶ
622 1139 652 1195 ἡ
695 1133 989 1203 Βηθσαῐδὰ,
1046 1142 1134 1190 καὶ
1181 1140 1210 1196 ἡ
1266 1140 1627 1211 Καπερναοὺμ,
1659 1135 1706 1189 ἐν
1742 1144 1804 1208 τῇ

228 1235 289 1299 γῇ
337 1230 668 1300 Γεννησαρέτ.
719 1229 890 1298 Λίμνη
943 1223 1002 1279 δὲ
1030 1227 1060 1284 η
1098 1229 1432 1302 Γεννησαρὲτ,
1469 1228 1700 1298 ἡνωμένη
1742 1232 1804 1296 τῇ

234 1311 508 1388 Τιϐεριάδι.

1991 817 2153 871 Vers.
2212 815 2296 870 34.
2340 816 2403 868 Et
2443 845 2508 854 —
2549 816 2906 870 Gennesaret.
2973 816 3199 869 Marcus
3240 817 3438 869 autem
3481 813 3572 868 di-

1917 902 2001 959 xit
2027 904 2072 938 ⁴⁸
2122 903 2279 974 quod
2310 901 2596 974 compulit
2625 902 2952 974 discipulos
2985 917 3127 956 suos
3174 905 3572 958 conscendere

1916 991 2122 1048 navim
2153 997 2209 1047 et
2239 991 2563 1063 praecedere
2594 991 2654 1046 in
2684 991 3020 1046 ulteriorem
3051 990 3247 1062 ripam
3277 990 3354 1046 ad
3406 990 3571 1046 Beth-

1918 1079 2170 1136 saidam.
2202 1081 2459 1136 Joannes
2480 1095 2622 1136 vero
2647 1079 2812 1152 quod
2837 1083 3123 1134 venerunt
3150 1079 3391 1148 trajecto
3422 1077 3574 1133 mari

1917 1168 1994 1224 ad
2027 1171 2392 1241 Capernaum
2423 1169 2492 1220 η.
2536 1169 2682 1225 Sunt
2712 1172 2914 1224 autem
2943 1170 3000 1223 et
3026 1165 3340 1222 Bethsaida
3369 1169 3426 1222 et
3473 1166 3575 1221 Ca-

1915 1273 2209 1330 pernaum
2238 1257 2298 1313 in
2329 1263 2484 1314 terra
2513 1257 2876 1313 Gennesaret
2908 1272 2922 1321 ;
2955 1260 3230 1326 stagnum
3259 1270 3401 1311 vero
3432 1256 3577 1311 Gen-

1917 1352 2153 1402 nesarct
2181 1347 2414 1402 unitum
2447 1350 2573 1402 erat
2599 1345 2914 1401 Tiberiadi.

301 1443 394 1491 Καὶ
457 1436 740 1510 ἐπιγνόντες
768 1467 838 1480 —-
887 1435 1240 1498 διεσώθησαν.
1305 1436 1476 1508 Εἶδες,
1519 1447 1629 1502 πῶς
1675 1442 1810 1491 κατὰ

1988 1455 2144 1509 Vers.
2181 1454 2273 1509 35.
2317 1454 2581 1524 Cumque
2609 1451 2974 1523 agnovissent
3006 1481 3072 1492 -
3104 1453 3261 1506 Vers.
3295 1454 3380 1506 36.
3425 1450 3577 1506 salvi

235 1531 405 1601 μικρὸν
429 1529 476 1579 οἱ
501 1529 730 1600 μαθηταὶ
756 1528 1069 1603 προέκοψαν·
1102 1530 1198 1602 ὅρα
1235 1534 1324 1581 καὶ
1352 1532 1410 1580 τό
1444 1528 1656 1590 πλῆθος.
1699 1529 1809 1580 Οὐκ

1929 1543 2071 1598 facti
2098 1548 2252 1597 sunt.
2283 1542 2482 1597 Vidisti
2513 1541 2817 1613 quomodo
2843 1539 3422 1612 discipulipaulatim
3443 1553 3579 1609 pro-

238 1620 306 1670 ἔτι
329 1620 424 1688 γὰρ
457 1617 606 1669 αὐτὸν
646 1617 712 1677 εἰς
741 1619 836 1679 τὰς
862 1617 1024 1678 οἰκίας
1055 1617 1308 1681 ἕλκουσιν,
1342 1614 1464 1670 οὐδὲ
1491 1625 1674 1692 χεῖρας
1704 1617 1810 1669 ἑπι-

1929 1631 2162 1687 fecerint
2188 1630 2216 1685 ?
2249 1631 2375 1686 vide
2413 1636 2469 1685 et
2498 1629 2962 1686 multitudinem.
3003 1631 3129 1684 Non
3155 1628 3282 1697 jam
3313 1627 3477 1698 ipsos
3509 1627 3575 1696 (t)

244 1709 387 1759 θεῖναι
412 1709 670 1768 ζητοῦσιν.
701 1703 825 1758 οὐδὲ
845 1711 1162 1780 πρόσταγμα
1183 1703 1274 1759 διὰ
1293 1708 1522 1782 ῥήματος
1551 1708 1806 1772 αἰτοῦσιν,

1929 1720 1979 1775 in
2007 1721 2255 1775 domum
2285 1721 2545 1786 trahunt,
2569 1734 2762 1790 neque
2792 1724 2853 1772 ut
2879 1732 3095 1772 manus
3124 1716 3392 1785 imponat
3416 1729 3579 1785 quee-

246 1794 337 1846 ἀλλ’
365 1794 669 1868 ὑψηλότερον
697 1795 866 1866 πολλῷ
912 1801 1000 1847 καὶ
1034 1798 1460 1871 θεοπρεπέστερον
1489 1795 1811 1848 ἐπισπῶνται

1929 1813 2077 1873 runt,
2101 1823 2294 1879 neque
2319 1809 2476 1862 verbi
2495 1807 2730 1877 jussum
2753 1809 3054 1877 expetunt,
3079 1803 3182 1857 sed
3203 1801 3490 1857 excelsius
3508 1817 3578 1857 ac

245 1888 324 1940 τὴν
353 1885 630 1957 θεραπείαν.
662 1884 720 1937 Ἠ
746 1887 850 1958 γὰρ
871 1883 1154 1960 αἱμόρρους
1184 1885 1393 1938 πλείονα
1429 1890 1610 1938 πίστιν
1639 1885 1812 1946 αὐτοῖς

1929 1897 2098 1965 longe
2139 1896 2396 1951 divinius
2425 1895 2676 1950 salutem
2727 1897 3076 1951 accersunt:
3110 1890 3210 1946 illa
3260 1889 3411 1946 enim
3443 1905 3578 1962 quas

252 1970 441 2031 δέθηκε·
1922 1984 2230 2056 sanguinis
2244 1983 2541 2056 proﬂuvio
2554 1982 2946 2048 laboraverat,
2963 1981 3253 2052 majorem
3271 1978 3385 2034 illis
3398 1977 3580 2034 ﬁdem

1921 2073 2253 2130 induxerat.

631 2255 644 2274 ι
698 2263 742 2274 ..
805 2260 816 2274 .
891 2264 914 2274 _
1122 2257 1186 2274 ο.
1385 2265 1406 2274 _
1477 2257 1490 2274 ,
1581 2259 1640 2274 ,η
1997 2197 2158 2256 CAP.
2219 2197 2454 2253 XXVIII.
2514 2197 2596 2254 De
2643 2195 3104 2267 transgressione
3146 2191 3433 2263 pracepti
3457 2191 3579 2248 Dei.

385 2260 504 2309 ΚΕΦ.
537 2257 664 2314 KH'.
697 2260 824 2330 Περὶ
852 2264 946 2319 τῆς
974 2257 1315 2331 παραϐάσεως
1343 2265 1440 2322 τῆς
1469 2257 1672 2322 ἐντολῆς

870 2353 963 2398 τοῦ
1001 2351 1150 2404 Θεοῦ.

308 2469 421 2520 Τότε
467 2499 533 2509 —
584 2468 848 2522 ἕσθίωσιν·
913 2471 998 2522 Ἐν
1048 2473 1241 2532 πάσαις
1308 2475 1399 2544 μὲν
1444 2477 1560 2534 ταίς
1611 2478 1818 2548 χώραις

1997 2481 2148 2537 CAP.
2179 2482 2287 2538 XV.
2323 2483 2482 2536 Vers.
2513 2481 2566 2544 l,
2597 2482 2650 2534 2.
2693 2481 2853 2535 Tunc
2881 2509 2949 2520 —
2971 2479 3162 2534 edunt.
3194 2478 3258 2532 In
3288 2475 3584 2532 universis

244 2562 331 2605 τῶν
362 2552 560 2610 δώδεκα
595 2557 760 2630 φυλῶν
815 2555 950 2617 ἦσαν
1004 2565 1327 2633 Γραμματείς
1376 2566 1466 2612 καὶ
1506 2568 1808 2635 Φαρισαῖοι.

1929 2570 2175 2641 quidem
2205 2569 2517 2624 duodecim
2548 2568 2823 2626 tribubus
2856 2571 3024 2623 erant
3082 2565 3300 2622 Scriba;
3358 2569 3415 2620 et
3443 2563 3588 2620 Pha-

241 2649 557 2718 πονηρότεροι
608 2643 666 2699 δὲ
725 2655 826 2698 τῶν
883 2647 1046 2699 ἄλλων
1103 2645 1237 2707 ἦσαν
1295 2652 1344 2701 οἱ
1387 2649 1486 2702 ἀπὸ
1538 2649 1818 2724 Ἰεροσολύ-

1929 2658 2084 2714 riseei
2119 2679 2132 2713 :
2165 2657 2360 2714 caeteri
2398 2662 2601 2712 tamen
2631 2656 2958 2728 iniquiores
2995 2659 3163 2710 erant
3213 2653 3314 2725 qui
3346 2653 3423 2709 ab
3464 2653 3590 2707 Hie-

366 2703 374 2716 |
477 2703 486 2718 Ι
1120 2703 1129 2707 ⁷
1602 2703 1611 2724 Ι

237 2753 361 2804 μων,
407 2735 469 2794 ὡς
519 2738 609 2793 τὴν
673 2736 990 2810 μητρόπολιν
1041 2737 1318 2803 οἰκοῦντες,
1378 2743 1467 2790 καὶ
1521 2735 1614 2791 διὰ
1669 2746 1817 2791 τοῦτο

1929 2747 2244 2819 rosolymis
2295 2749 2484 2810 erant,
2516 2703 3127 2816 utpote‘metropolim
3166 2703 3586 2806 inhabitantes,

235 2826 586 2893 τετυφωμένοι.
637 2825 960 2896 Θεασάμενοι
1002 2827 1103 2898 γὰρ
1155 2830 1242 2884 τὴν
1291 2827 1515 2898 μεγάλην
1554 2834 1646 2880 τοῦ
1692 2827 1817 2880 λαοῦ

1929 2835 2178 2908 ideoque
2209 2834 2426 2890 fastum
2479 2834 2774 2904 majorem
2819 2848 2936 2904 prae
2979 2847 3041 2886 se
3089 2831 3364 2887 ferentes.
3426 2830 3592 2886 Vide-

236 2914 429 2975 πίστιν,
465 2908 792 2964 ἐσπούδασαν
836 2911 1124 2966 ἐλαττῶσαι
1153 2914 1334 2973 αὐτὴν.
1380 2915 1480 2968 Καὶ
1508 2924 1578 2986 τῷ
1603 2924 1819 2990 Χριστῷ

1929 2928 2062 2980 rant
2097 2938 2383 2994 magnam
2414 2922 2621 2994 populi
2652 2922 2852 2986 ﬁdem,
2887 2926 2942 2976 et
2970 2919 3135 2976 illam
3168 2921 3435 2974 minuere
3491 2933 3585 2973 co-

238 2999 325 3068 μὲν
397 2995 538 3051 οὖδέν
590 3019 641 3052 τι
705 3001 1016 3074 μέμψασθαι
1073 2999 1339 3069 δύνανται,
1406 3012 1505 3056 τῶν
1571 3007 1818 3077 μαθητῶν

1929 3012 2245 3077 nabantur,
2270 3027 2477 3066 verum
2499 3012 2557 3065 in
2587 3009 2820 3065 Christo
2841 3009 2986 3064 nihil
3009 3013 3136 3064 erat
3153 3007 3319 3080 quod
3345 3020 3591 3078 carpere

241 3081 300 3136 δέ
347 3096 742 3158 κατηγοροῦσιν,
802 3090 861 3142 οὐ
917 3097 1262 3163 παρανομίαν,
1319 3091 1447 3144 ἀλλά
1510 3092 1819 3167 παράβασιν

1929 3105 2173 3173 possent
2213 3115 2226 3154 :
2269 3100 2375 3154 sed
2413 3097 2848 3169 discipulorum
2886 3096 3254 3152 accusabant
3317 3111 3439 3150 non
3479 3093 3594 3150 ini-

241 3171 546 3248 ἀνθρωπίνου
596 3177 1036 3251 παραγγέλματος.
1083 3183 1152 3232 Τό
1203 3183 1305 3254 γὰρ
1355 3185 1426 3255 μὴ
1489 3180 1677 3234 ἐσθίειν
1718 3184 1818 3256 πρὸ

1929 3171 2241 3262 quitatem,
2274 3187 2380 3242 sed
2430 3185 2681 3241 humani
2711 3183 2989 3255 praecepti
3019 3184 3582 3252 transgressionem.

241 3269 330 3314 τοῦ
399 3264 660 3334 νίψασθαι,
696 3271 852 3339 νόμος
928 3268 987 3320 οὐ
1039 3270 1320 3342 προσεταξε
1388 3272 1534 3335 θεῖος,
1609 3269 1716 3322 ἀλλ’
1773 3268 1821 3321 οὶ

1930 3281 2131 3348 Neque
2182 3275 2340 3331 enim
2367 3273 2620 3344 jubebat
2648 3273 2742 3327 lex
2771 3272 2976 3326 divina
3025 3286 3100 3326 ne
3130 3271 3374 3326 ederent
3403 3270 3594 3341 prius-

243 3351 566 3428 πρεσϐύτεροι
633 3362 726 3407 τοῦ
793 3356 938 3412 λαοῦ.
1006 3363 1141 3415 Φησὶ
1204 3361 1306 3432 γὰρ
1383 3361 1408 3410 ό
1459 3361 1688 3433 Μάρκος,
1742 3360 1822 3410 ότι

1931 3380 2116 3438 quam
2183 3363 2470 3422 lavarent,
2514 3360 2622 3414 sed
2660 3359 2917 3415 seniores
2977 3357 3203 3430 populi.
3268 3357 3362 3412 Ait
3427 3357 3590 3412 enim

245 3442 308 3492 Οἱ
377 3447 642 3512 Φαρισαῖοι
709 3449 798 3497 καὶ
877 3447 1064 3508 πάντες
1140 3449 1189 3498 οἱ
1256 3444 1528 3513 Ἰουδαῖοι,
1595 3447 1678 3499 ἐὰν
1752 3451 1820 3520 μὴ

1933 3456 2188 3510 Marcus:
2218 3449 2516 3506 Pharisaei
2542 3462 2850 3519 omnesque
2876 3446 3075 3501 Judwi
3112 3446 3224 3501 nisi
3253 3445 3459 3500 crebro
3502 3445 3594 3500 la-

242 3537 416 3602 πυγμῇ
477 3531 723 3602 νίψωνται
768 3535 858 3594 τὰς
899 3541 1106 3606 χεῖρας,
1137 3535 1229 3587 οὐκ
1261 3534 1544 3601 ἐσθιουσιν,
1578 3543 1823 3610 κρατοῦν-

1935 3541 2123 3597 verint
2153 3553 2388 3602 manus,
2415 3553 2524 3592 non
2551 3536 2787 3608 capiunt
2819 3534 3027 3603 cibum,
3056 3533 3412 3590 observantes
3439 3547 3596 3586 mor-

241 3637 325 3678 τις
394 3623 484 3676 τὴν
544 3618 840 3695 παράδοσιν
922 3631 1021 3674 τῶν
1099 3623 1479 3699 πρεσϐυτέρων.
1561 3627 1661 3678 Keil.
1724 3624 1823 3677 ἀπὸ

1935 3629 2096 3685 dicus
2126 3627 2496 3683 traditionem
2534 3625 2820 3680 seniorum
2854 3642 2867 3690 ;
2905 3623 2961 3681 et
3001 3637 3038 3678 a
3063 3623 3200 3692 foro
3230 3626 3594 3688 revertentes,

240 3705 443 3782 ἀγορᾶς,
510 3707 592 3760 ἐὰν
659 3715 731 3779 μὴ
784 3712 1150 3784 ῥαντίσωνται,
1228 3713 1338 3783 (75)
1417 3713 1509 3766 οὐκ
1565 3715 1823 3771 ἐσθίουσι.

1937 3718 2053 3774 nisi
2071 3723 2486 3787 aspergantur,
2512 3731 2626 3769 non
2647 3713 2967 3776 comedunt,
2991 3712 3293 3781 multaque
3318 3716 3456 3765 sunt
3477 3709 3599 3765 alia

240 3800 339 3848 Καὶ
368 3796 496 3848 ἄλλα
532 3797 692 3850 πολλά
719 3797 879 3869 ἔστιν,
934 3799 969 3851 ἆ
1009 3800 1294 3873 παρέλαϐον
1324 3809 1546 3876 κρατεῖν,
1600 3801 1823 3875 βαπτισ-

1939 3804 2370 3878 ᾳιιειεεενυαηάα
2383 3808 2751 3872 acceperunt,
2776 3817 2973 3872 nempe
2993 3800 3229 3856 lationes
3251 3799 3595 3868 poculorum

235 3888 360 3956 μούς
463 3891 719 3959 ποτηρίων
806 3892 895 3940 καὶ
977 3888 1184 3957 ξεστῶν,
1257 3894 1346 3941 καὶ
1430 3890 1663 3962 χαλκίων
1743 3895 1823 3943 καὶ

1941 3902 1995 3951 et
2042 3909 2371 3958 urceorum,
2406 3895 2460 3948 et
2488 3894 2962 3954 mamentorum,
3007 3894 3057 3944 et
3111 3890 3416 3944 tectorum.
3462 3886 3598 3942 Haec

233 3973 442 4029 κλινῶν.
528 3980 702 4028 Ταῦτα
777 3980 868 4048 μέν
938 3997 1094 4049 φησιν
1162 3980 1188 4030 ὁ
1262 3981 1498 4051 Μάρκος.
1565 3979 1717 4033 ’Ἐστι
1774 3977 1823 4032 di

1941 3983 2186 4056 quidem
2232 3982 2311 4038 ait
2340 3985 2564 4037 Marcus
2609 3981 2675 4041 ⁵ο,
2711 3987 2898 4050 Πυγμῇ
2933 3982 3132 4033 autem
3178 3976 3363 4032 lavari
3413 3974 3602 4048 (quod

233 4069 420 4135 πυγμῇ
480 4065 750 4116 νίπτεσθαι
801 4068 859 4118 τό
910 4069 1186 4118 νίπτεσθαι
1230 4072 1394 4140 μέχρι
1441 4073 1532 4120 τοῦ
1580 4069 1823 4140 ἀγκῶνος.

1940 4071 2126 4127 habet
2170 4070 2424 4140 Marcus)
2456 4073 2543 4123 est
2585 4082 2776 4138 usque
2825 4067 2897 4122 ad
2931 4066 3196 4121 cubitum
3227 4065 3407 4120 lavari
3459 4063 3599 4133 (Ad-

237 4150 551 4210 Ἐϐάπτιζον
608 4147 667 4204 δὲ
721 4155 784 4205 τὰ
849 4157 1096 4228 ποτήρια,
1157 4159 1245 4206 καὶ
1308 4159 1430 4217 τοὺς
1483 4156 1681 4228 ξέστας,
1742 4161 1823 4209 καὶ

1942 4165 2101 4215 verte
2158 4158 2325 4230 quod
2361 4157 2463 4212 ubi
2523 4157 2584 4210 in
2625 4155 2824 4208 Marco
2862 4169 2999 4208 cum
3038 4153 3263 4208 caeteris
3317 4151 3602 4206 omnibus

235 4243 300 4292 τὰ
365 4239 570 4312 χαλκέα
627 4245 714 4293 καὶ
780 4243 874 4303 τὰς
942 4241 1140 4312 κλίνας,
1201 4243 1433 4315 ἁγιάζιιν
1483 4246 1618 4297 οὕτω
1667 4253 1823 4298 ταῦτα

1943 4245 2362 4318 interpretibus
2392 4249 2686 4299 vertentes
2720 4241 2974 4296 dicimus
3013 4251 3029 4300 :
3068 4239 3269 4294 crebro
3319 4237 3594 4302 tavarint,

238 4325 537 4388 δοκοῦντες.
629 4333 730 4382 Καὶ
817 4329 947 4382 ἄλλα
1045 4331 1205 4384 πολλά
1282 4331 1664 4406 ἐκαινοτόμουν,
1749 4338 1823 4386 τότ

1943 4335 2075 4392 loco
2135 4333 2408 4388 dictionis
2449 4331 2670 4396 crebro,
2714 4329 2896 4385 habet
2935 4327 3137 4382 Graeca
3196 4332 3402 4396 πυγμῇ.
3465 4324 3599 4380 ideo

236 4421 328 4490 μὲν
408 4421 562 4490 νόμον
658 4417 1072 4490 παραϐαίνοντες,
1176 4423 1243 4473 τὰ
1340 4422 1700 4493 καταγέλαστα
1778 4420 1823 4476 δί

1945 4423 2087 4480 dicit
2135 4425 2340 4477 auctor
2369 4423 2569 4476 noster
2596 4417 2761 4490 quod
2791 4423 2969 4488 πυγμῇ
3023 4415 3234 4478 lavari,
3273 4418 3362 4468 est
3407 4427 3600 4482 usque

236 4512 405 4557 ταῦτα
460 4506 958 4580 παραφυλάττοντες.
1039 4511 1104 4562 Oi
1172 4512 1403 4582 μαθηταὶ
1477 4508 1535 4563 δὲ
1598 4511 1823 4564 πολλάκις

1949 4511 2027 4568 ab
2057 4509 2327 4565 cubitum
2370 4507 2555 4564 lavari
2591 4527 2603 4562 :
2636 4505 2816 4577 idque
2853 4503 2930 4559 ab
2963 4501 3346 4575 etymonogia
3389 4498 3603 4555 deduci

241 4592 474 4654 ἀνίπτοις
502 4600 689 4667 χερσὶν
719 4598 922 4660 ἤσθιον,
955 4597 1047 4649 οὐκ
1095 4596 1483 4660 ἔπιτηδεὺοντες
1511 4607 1684 4652 τοῦτο’
1730 4610 1823 4652 πῶ‹

1948 4600 2198 4656 videtur.
2265 4600 2366 4652 Est
2427 4596 2588 4652 enim
2653 4598 2855 4666 πυγμὴ.
2917 4601 3000 4659 ῆς,
3066 4607 3313 4662 pugnus,
3400 4593 3599 4660 πυγὼν,

239 4685 344 4754 γάρ
377 4702 392 4751 ;
440 4685 489 4734 οἱ
515 4679 680 4754 μηδὲν
704 4681 967 4756 μηδέποτε
989 4695 1220 4740 τοιοῦτον
1249 4697 1684 4764 παρατηροῦντεδ·
1714 4689 1823 4742 ἀλλά

1951 4697 2077 4751 ῶνος
2106 4686 2369 4744 cubitus.
2412 4684 2716 4741 Lavabant
2760 4687 2954 4738 autem
2985 4681 3219 4754 pocula,
3270 4694 3504 4742 urceos,
3536 4695 3606 4732 ae-

242 4777 401 4844 μόνης
455 4781 545 4833 τῆς
592 4771 779 4846 ἀρετῆς
842 4776 1214 4848 φροντίζοντες,
1268 4779 1334 4829 τὰ
1387 4786 1484 4840 τῆς
1540 4789 1823 4852 σωματικῆς

1950 4782 2221 4835 ramenta
2249 4781 2305 4832 et
2333 4775 2534 4838 lectos,
2567 4772 2982 4828 existimantes
3012 4785 3082 4825 ea
3109 4770 3226 4826 hoc
3256 4768 3438 4824 modo
3471 4781 3605 4823 san-

241 4866 428 4934 χρείας
458 4867 833 4937 περιεφρόνουν,
889 4866 953 4924 ὡς
999 4861 1164 4936 μηδὲν
1219 4865 1286 4926 εἰς
1343 4865 1530 4938 ψυχὴν
1583 4864 1823 4942 δυνάμενι

1951 4865 2195 4923 ctiﬁcari
2225 4882 2238 4916 :
2271 4863 2508 4934 aliaque
2555 4861 2744 4916 multa
2771 4858 3120 4930 hnjusmodi
3150 4856 3469 4913 tradebant
3503 4855 3608 4911 ob-

245 4949 525 5022 βλάπτεινο
1953 4952 2269 5018 servanda,
2299 4952 2492 5021 legem
2523 4950 2763 5022 quidem
2789 4947 3314 5018 transgredientes,
3345 4946 3474 5001 haec
3504 4960 3608 5000 au-

241 5042 365 5094 tem
395 5039 645 5095 ridicula
673 5038 1082 5098 observantes.
1124 5041 1408 5114 Discipuli
1439 5059 1579 5101 vero
1612 5043 1947 5117 frequenter
1976 5043 2152 5100 illotis
2184 5040 2464 5096 manibus
2495 5038 2776 5104 edebant,
2806 5052 2930 5093 non
2962 5040 3254 5092 sectantes
3285 5035 3415 5090 ista.
3451 5034 3608 5098 Quo-

243 5127 433 5185 modo
455 5127 616 5184 enim
631 5127 824 5184 facere
842 5132 1136 5200 poterant,
1162 5147 1298 5187 cum
1319 5148 1633 5205 nunquam
1660 5135 1773 5190 tale
1794 5134 2107 5207 quippiam
2131 5129 2565 5192 observassent,
2597 5128 2700 5183 sed
2730 5127 2915 5183 solius
2940 5125 3171 5181 virtutis
3192 5139 3398 5179 curam
3422 5121 3607 5178 habe-

241 5220 393 5282 rent,
422 5216 768 5288 corporales
793 5217 1251 5275 consuetudines
1276 5219 1691 5292 despicientes,
1721 5237 1791 5279 eo
1817 5223 1983 5295 quod
2012 5234 2218 5279 earum
2248 5217 2647 5288 transgressio
2676 5215 2907 5271 nullum
2926 5214 3143 5271 animas
3169 5216 3372 5284 posset
3396 5209 3606 5266 afferre

246 5309 685 5362 nocumentum
710 5305 738 5359 φ

322 5395 368 5430 ⁸³
395 5395 572 5450 Marc.
609 5409 678 5449 vr.
711 5395 799 5448 45.
823 5394 869 5429 ἰ’
897 5395 1064 5450 Joan.
1091 5409 1170 5460 vr,
1205 5395 1292 5450 l7.
1335 5397 1385 5439 ⁵ο
1412 5399 1592 5456 Marc.
1633 5415 1730 5466 vn,
1767 5403 1821 5464 3,
1851 5399 1912 5456 4.

1491 5496 1713 5565 Variae
1759 5495 2170 5564 lectioneset
2201 5502 2398 5560 notae.

323 5601 439 5673 (75)
459 5599 812 5652 Ῥαντίσονται
842 5605 903 5652 Δ.
934 5598 1296 5654 Ῥαντίσωνται
1323 5601 1479 5660 infra
1503 5603 1684 5660 etiam
1712 5603 1774 5658 in
1803 5619 1823 5659 ε

1929 5606 2083 5658 textu
2109 5600 2337 5657 habent
2366 5597 2541 5654 codd.
2574 5597 2895 5669 Euthymii.

328 5689 396 5761 (t)
419 5689 554 5746 Non
573 5690 704 5759 jam
727 5689 934 5758 ipsum.
967 5690 1048 5744 De
1073 5689 1302 5748 Christo
1331 5706 1530 5749 sermo
1559 5697 1665 5749 est.
1696 5691 2016 5748 Hentenius
2048 5689 2234 5752 αὐτούς
2261 5687 2496 5746 videtur
2521 5686 2759 5758 legisse.
