4176 6436
583 351 682 404 443

581 560 744 616 ciunt
767 558 1282 628 transgrediendo,
1311 573 1385 611 ne
1410 556 1630 611 Judteis
1657 555 2044 611 contentionis
2071 569 2236 611 occa-

589 648 815 703 sionem
855 647 1164 719 praeberet.
1207 649 1320 701 Nec
1359 645 1523 709 dixit,
1566 644 1708 699 Male
1749 645 1989 708 faciunt,
2032 659 2106 698 ne
2132 643 2239 698 hu-

583 735 846 809 jusmodi
897 735 1275 792 traditionem
1325 734 1718 789 conﬁrmaret.
1769 734 1968 805 Neque
1995 747 2096 788 eos
2145 747 2236 787 ca-

587 825 912 881 lumniatur
972 825 1075 896 qui
1132 823 1299 879 illam
1362 821 1748 888 tradiderant,
1809 836 1885 876 ne
1946 825 2238 893 tanquam

587 913 1088 970 contumeliorum
1127 928 1265 968 eum
1305 915 1736 968 aversarentur.
1796 909 1909 967 Sed
1971 910 2167 966 statim
2208 925 2240 965 e

588 1003 820 1058 diverso
845 1003 920 1058 de
945 1002 1158 1072 majori
1183 1005 1428 1074 peccato
1453 1003 1696 1057 accusat
1723 1017 1737 1056 :
1770 999 2091 1056 ostendens
2118 1013 2238 1054 non

587 1095 862 1164 oportere
890 1107 993 1148 eos
1023 1091 1126 1163 qui
1175 1091 1275 1147 Dei
1310 1095 1671 1163 praeceptum
1703 1089 2236 1158 transgrediuntur,

587 1196 869 1237 accusare
899 1181 1049 1249 illos,
1102 1181 1206 1252 qui
1235 1180 1548 1236 hominum
1578 1179 1953 1235 traditionem
2001 1182 2242 1250 praeter-

587 1274 747 1327 eunt.
793 1270 1013 1326 Deinde
1059 1271 1238 1326 etiam
1277 1269 1441 1333 dicit,
1500 1268 1662 1340 quod
1721 1268 1820 1324 Dei
1873 1270 2241 1340 praaceptum

584 1359 1116 1427 transgrediuntur,
1131 1363 1187 1414 et
1200 1363 1438 1430 propter
1449 1373 1635 1429 quam
1647 1357 2023 1412 traditionem
2038 1371 2210 1411 suam
2224 1375 2238 1410 :

584 1463 656 1504 ac
686 1447 849 1503 illam
877 1447 1168 1519 praecipue
1196 1448 1256 1501 in
1288 1447 1547 1502 medium
1578 1445 1820 1502 adducit
1847 1445 2239 1519 iniquitatem,

584 1552 722 1610 quae
745 1539 876 1592 tunc
905 1537 1042 1592 inde
1073 1535 1434 1605 emergebat.

659 1644 820 1699 Vers.
853 1646 907 1700 4.
933 1644 1086 1698 Nam
1120 1674 1182 1685 —
1218 1643 1528 1698 moriatur.
1563 1643 1624 1696 In
1655 1640 1807 1697 libro
1849 1641 2029 1697 Exodi
2063 1641 2244 1697 ambo

587 1733 716 1788 haec
739 1741 1025 1804 praecepta
1048 1732 1362 1787 habentur.

659 1842 818 1896 Vers.
841 1840 894 1894 5.
929 1841 1030 1896 Vos
1057 1871 1120 1879 —
1145 1841 1206 1895 in
1229 1845 1392 1894 tuum
1412 1840 1663 1896 vertitur
1681 1838 2056 1894 commodum.
2085 1836 2244 1892 ι)ίῶ-

591 1928 716 1983 cilis
747 1933 832 1984 est
856 1929 1072 1984 borum
1098 1929 1246 1984 ordo
1292 1927 1632 1992 verborum,
1665 1928 1778 1983 nisi
1807 1927 2067 2000 primum
2114 1942 2240 1982 rem

589 2032 956 2072 enarremus.
979 2017 1604 2073 SenioresJudaeorum
1621 2017 1948 2073 docuerant
1967 2017 2236 2088 juvenes,

587 2108 653 2160 ut
685 2109 969 2176 praetextu
1013 2104 1192 2160 divini
1243 2105 1435 2161 cultus
1468 2111 1743 2178 parentes
1774 2109 2236 2161 contemnerent.

589 2193 644 2250 Si
684 2192 817 2264 quis
856 2193 1016 2248 enim
1057 2199 1371 2265 parentum
1409 2199 1633 2266 peteret
1670 2210 1706 2249 a
1747 2193 1872 2250 ﬁlio
1909 2209 2086 2249 ovem
2138 2197 2242 2248 aut

586 2281 860 2351 vitulum,
886 2288 987 2337 aut
1012 2282 1174 2337 aliud
1199 2284 1534 2355 quippiam,
1563 2282 1978 2354 praecipiebant
2018 2281 2148 2346 illis,
2179 2286 2243 2336 ut

587 2369 847 2425 dicerent
887 2387 900 2424 ε
943 2373 1145 2426 Munus
1205 2377 1296 2426 est
1331 2373 1467 2435 Deo,
1501 2371 1904 2443 quodcunque
1937 2385 2007 2424 ex
2058 2384 2145 2423 me
2182 2369 2242 2424 in

590 2461 758 2514 tuum
787 2458 1034 2514 vertitur
1064 2458 1475 2522 commodum,
1507 2458 1621 2513 hoc
1652 2463 1760 2525 est,
1788 2459 1905 2514 Deo
1935 2471 2244 2514 consecra-

588 2550 716 2603 tum
755 2551 844 2602 est
880 2547 1287 2618 quodcunque
1326 2561 1362 2601 a
1399 2562 1494 2602 me
1533 2545 1827 2602 lucrifacis
1869 2562 1882 2600 :
1924 2550 1980 2600 et
2017 2545 2100 2604 ita
2136 2545 2242 2601 do-

591 2635 806 2690 cebant
834 2649 936 2689 eos
961 2635 1258 2705 despicere
1287 2638 1552 2705 parentes
1578 2650 1648 2689 ac
1676 2633 1869 2704 legem
1894 2635 2238 2702 transgredi,

594 2721 935 2790 Ignominia
995 2721 1281 2792 siquidem
1346 2726 1452 2786 est,
1519 2721 1785 2794 legisque
1839 2723 2239 2792 transgressio,

590 2809 748 2865 ﬁlios
776 2809 1048 2864 resistere
1078 2809 1443 2880 parentibus.
1475 2813 1622 2866 Nam
1653 2815 1708 2866 et
1753 2810 1918 2881 ipsos
1969 2816 2242 2883 parentes

1898 338 2243 395 EUTHYMII
2296 338 2629 395 ZIGABENI

652 471 816 526 Vers.
851 471 938 528 13.
965 470 1052 527 Ai
1078 470 1182 524 ille
1207 499 1278 511 —
1306 472 1560 525 vestram
1589 467 1617 521 Υ
1657 469 1782 522 Non
1807 465 1952 521 dixit
1981 466 2132 521 Bene
2157 464 2240 520 fa-
2271 464 2314 518 A

3847 346 3946 400 444

2418 465 2476 517 Ὀ
2517 462 2576 518 δὲ
2623 495 2692 506 -
2717 466 2858 538 ὑμῶν
2893 484 2906 534 ;
2943 465 3055 519 Οῦκ
3085 465 3246 538 εἶπεν,
3297 468 3377 519 ὅτι
3407 468 3579 529 καλῶς
3605 476 3820 523 ποιοῦσι
3848 469 3950 522 πᾶ·

2348 554 2694 628 ραϐαίνοντες,
2754 556 2932 627 ἵναμὴ
2989 552 3066 624 δῷ
3119 562 3229 617 τοῖς
3295 554 3579 619 Ἰουδαίοις
3606 558 3842 634 ἀφορμὴν
3870 579 3952 631 φι-

2349 645 2618 710 λονεικίας,
2652 641 2767 696 οὔδ’
2811 646 2891 696 ὅτι
2934 652 3104 704 κακῶς
3131 652 3392 714 ποιοῦσιν,
3445 649 3528 698 ἵνα
3575 653 3646 720 μὴ
3679 647 3949 721 βεϐαιώσῃ

2349 735 2442 790 τὴν
2473 735 2714 790 τοιαύτην
2766 730 3084 806 παραδοσιν,
3132 730 3254 786 οὐδε
3313 731 3580 788 διαϐάλλει
3621 742 3734 798 τοὺς
3782 758 3954 813 παρα-

2351 817 2536 884 δόντας
2591 823 2773 891 ὰῦτὴν,
2829 824 3010 895 ἵναμὴ
3044 825 3108 884 ὡς
3163 822 3414 897 ὑϐριστὴν
3470 833 3650 878 τοῦτον
3684 825 3951 902 ἀποστρα-

2350 918 2531 983 φῶσιν,
2565 910 2674 963 ἀλλ’
2706 911 2855 974 εὐθὺς
2886 911 3184 983 ἀντεγκαλεῖ
3209 918 3326 988 περὶ
3355 915 3594 986 μείζονος
3631 915 3948 989 ἁμαρτήμα-

2349 1019 2456 1068 τος,
2485 996 2518 1052 δ
2524 1004 2707 1068 εικνῦς,
2735 1002 2815 1052 ὅτι
2839 1004 2954 1062 τοὺς
2984 1006 3074 1060 τὴν
3101 1001 3307 1060 ἐντολὴν
3328 1010 3419 1056 τοῦ
3443 1010 3576 1056 Θεοῦ
3601 1004 3950 1077 παραϐαινον-

2349 1109 2442 1150 τας
2485 1089 2542 1141 ού
2581 1093 2688 1166 χρὴ
2718 1091 3011 1164 μέμφεσθαι
3063 1097 3168 1151 τοῖς
3215 1090 3625 1166 παραϐαίνουσιν
3667 1092 3948 1168 ἀνθρώπων

2349 1175 2670 1251 παράδοσιν.
2723 1176 2851 1234 Εἶτα
2891 1179 3047 1252 λέγει,
3095 1184 3185 1232 καὶ
3234 1185 3387 1233 ποίαν
3434 1180 3632 1240 ἐντολήν
3681 1189 3770 1235 τοῦ
3815 1187 3946 1234 Θεοῦ

2350 1267 2750 1341 παραϐαίνουσι,
2793 1273 2881 1320 καὶ
2933 1265 3026 1320 διὰ
3077 1273 3229 1321 ποίαν
3287 1267 3584 1342 παράδοσιν
3633 1271 3819 1343 αὐτῶν,
3860 1273 3947 1323 καὶ

2354 1357 2423 1418 εἰς
2453 1362 2609 1430 μέσον
2658 1361 2794 1432 φέρει
2831 1357 3063 1431 μάλιστα
3111 1362 3203 1417 τὴν
3261 1356 3680 1420 ἐπιπολάζουσαν
3713 1364 3828 1412 τότε
3853 1378 3951 1411 πα-

2353 1451 2622 1520 ρανομίαν.

2421 1723 2479 1774 Ὀ
2508 1725 2608 1795 γὰρ
2641 1753 2708 1763 -
2736 1721 3034 1774 τελευτάτω.
3055 1722 3214 1793 Ἐντῇ
3249 1720 3415 1794 βίϐλῳ
3445 1730 3540 1782 τῆς
3562 1726 3810 1784 Γενέσεως
3830 1722 3951 1795 (76)

2351 1817 2440 1864 καὶ
2461 1814 2613 1884 ἄμφω
2643 1811 2798 1863 αὗται
2824 1813 2877 1862 αἱ
2907 1809 3100 1862 ἐντολαὶ
3129 1817 3338 1862 κεῖνται.

2419 1901 2588 1972 ’Υμεῖς
2643 1933 2710 1940 -
2767 1899 3048 1971 ὠφεληθῇς.
3109 1903 3382 1972 Δυσχερὴς
3432 1897 3542 1968 (77)
3575 1899 3603 1956 ἠ
3651 1905 3750 1949 τῶν
3771 1900 3948 1974 ῥητῶν

2350 1993 2542 2043 τούτων
2601 1993 2747 2042 ἕσταί
2806 1988 3065 2054 σύνταξις,
3123 1989 3164 2040 εἰ
3225 1993 3296 2060 μὴ
3352 1983 3820 2059 προδιηγησόμεθα
3850 1992 3946 2044 τὴν

2351 2081 2615 2132 ὑπόθεσιν.
2650 2082 2716 2130 Οἱ
2765 2076 3104 2150 πρεσϐύτεροι
3152 2085 3251 2128 τῶν
3306 2072 3571 2127 Ἰουδαίων
3629 2071 3946 2128 ἐπαίδευσαν

2351 2172 2466 2229 τοὺς
2515 2173 2676 2228 νέους,
2725 2166 2772 2218 ἐν
2831 2168 3086 2239 προφάσει
3136 2163 3415 2230 εὐσεϐείας,
3465 2171 3797 2237 καταφρονεῖν
3850 2172 3952 2216 τῶν

2350 2260 2556 2328 γονέων.
2604 2256 2664 2306 Εἰ
2713 2257 2815 2328 γάρ
2865 2274 2942 2316 τις
2983 2262 3082 2305 τῶν
3132 2257 3316 2326 γονέων
3360 2251 3585 2313 ἕζὴτησε
3630 2251 3802 2304 λαϐεῖν
3853 2252 3952 2306 ἀπὸ

2352 2355 2449 2397 τῶν
2479 2346 2593 2414 (78)
2620 2352 2710 2396 τοῦ
2740 2347 2855 2395 υἱοῦ
2882 2342 3154 2416 πρόϐατον,
3184 2343 3214 2400 ἣ
3261 2346 3469 2413 μόσχον
3491 2342 3519 2399 ἣ
3557 2341 3722 2416 ἔτερόν
3743 2361 3814 2405 τι,
3848 2361 3950 2393 πα-

2350 2433 2630 2509 ρήγγελλον
2661 2433 2836 2496 αὐτοῖς
2884 2431 3066 2503 λέγειν,
3108 2433 3188 2482 ὅτε
3218 2435 3385 2501 Δῶρόν
3417 2428 3531 2484 ἔστι
3556 2438 3626 2500 τῷ
3657 2437 3788 2498 Θεῷ,
3829 2430 3856 2481 ὃ
3886 2429 3944 2480 ἆν

2352 2523 2406 2588 ἐξ
2436 2521 2559 2594 ἐμοῦ
2600 2521 2832 2593 ὠφεληθῇ
2847 2541 2886 2587 ς,
2938 2523 3224 2584 τουτέστιν,
3258 2517 3537 2592 ἀφιέρωται
3565 2526 3635 2589 τῷ
3665 2525 3797 2588 Θεῷ,
3831 2516 3856 2568 ὃ
3887 2515 3947 2568 in:

2352 2611 2404 2676 ἐξ
2430 2611 2552 2684 ἐμοῦ
2583 2607 2864 2682 κερδανεῖς.
2899 2614 2998 2664 Καί
3024 2610 3182 2670 οὕτως
3212 2603 3500 2660 ἐδίδασκον
3531 2607 3721 2670 αὐτοὺς
3761 2607 3953 2679 ἀτιμά-

2353 2702 2458 2764 ζειν
2486 2703 2602 2760 τοὺς
2625 2707 2792 2771 γονεῖς
2823 2703 2912 2752 καὶ
2955 2704 3293 2770 παρανομεῖν,
3335 2696 3547 2768 Ἀτιμία
3585 2699 3709 2769 γὰρ,
3746 2698 3804 2748 τό
3831 2698 3950 2760 τοὺς

2349 2786 2548 2852 παῖδας
2596 2787 2796 2858 ἁπατᾲν
2827 2791 2946 2852 τοὺς
3003 2793 3185 2858 γονεῖς,
3235 2789 3325 2839 καὶ
3371 2788 3690 2859 παρανομία.
3744 2788 3873 2844 Τοὺς
3897 2801 3953 2838 τε

590 2897 693 2952 Dei
753 2901 1042 2969 praetextu
1079 2868 1468 2956 .fraudabant
1503 2913 1566 2954 re
1631 2868 1845 2966 debita,
1878 2904 1935 2956 et
1961 2868 2071 2957 nec
2123 2904 2240 2958 Deo

2351 2881 2451 2952 γὰρ
2483 2885 2643 2950 γονεῖς
2675 2877 2986 2949 ἀπεστέρουν
3016 2876 3271 2946 προφάσει
3300 2881 3391 2926 τοῦ
3419 2881 3573 2943 Θεοῦ,
3601 2877 3691 2926 καὶ
3725 2868 3849 2926 οὐδε
3877 2879 3950 2943 τῷ

589 2985 756 3042 illam
787 2985 1136 3041 offerebant.
1168 2988 1300 3042 Haec
1329 2988 1520 3058 itaque
1550 2987 1635 3044 rei
1660 2989 1920 3045 narratio
1940 2994 2044 3046 est.
2077 2993 2244 3047 Nunc

589 3089 728 3130 vero
766 3078 999 3146 oportet
1043 3081 1099 3132 et
1128 3075 1287 3132 dicta
1315 3075 1706 3148 interpretari.
1754 3079 1856 3134 Vos
1903 3084 2095 3136 autem
2153 3080 2244 3135 div

587 3163 731 3230 citis,
787 3164 903 3220 hoc
963 3169 1068 3230 est,
1131 3181 1240 3221 vos
1295 3167 1783 3239 interpretamini,
1844 3183 1954 3223 vos
2020 3167 2244 3225 docetis

587 3251 1001 3324 deceptionem
1021 3253 1185 3310 illam
1209 3254 1539 3311 humanam
1566 3277 1578 3309 :
1608 3257 1888 3328 Quisquis
1914 3257 2123 3313 dixerit
2144 3272 2243 3328 pa-

586 3341 658 3396 tri
716 3341 808 3397 vel
847 3343 1042 3405 matri,
1085 3345 1304 3399 Munus
1343 3352 1424 3401 est
1463 3346 1580 3400 Deo
1620 3352 2021 3402 consecratum
2076 3346 2244 3417 quid-

584 3431 729 3502 quid
751 3446 821 3488 ex
845 3447 934 3487 me
958 3433 1021 3487 in
1049 3438 1213 3488 tuum
1241 3434 1495 3489 vertitur
1523 3435 1901 3500 commodum,
1932 3435 2054 3491 sive
2077 3435 2244 3505 quid-

585 3519 731 3590 quid
761 3535 833 3574 ex
859 3536 954 3574 me
985 3520 1330 3576 lucrifacere
1360 3522 1548 3592 cupis.

654 3610 698 3677 -ι-
746 3607 1001 3671 Quidam
1050 3614 1250 3663 autem
1299 3624 1399 3679 per
1448 3609 1745 3664 defectum
1785 3610 2245 3681 interpretantur

586 3695 698 3750 hoc
749 3695 974 3749 dictum
1026 3695 1291 3751 dicentes
1326 3712 1338 3750 :
1375 3699 1522 3750 Deus
1569 3697 1808 3767 quidem
1843 3698 1970 3753 haec
2000 3698 2092 3754 vel
2147 3699 2244 3755 illa

587 3782 873 3854 praecepit
903 3799 918 3849 ;
951 3798 1060 3837 vos
1093 3787 1292 3838 autem
1323 3783 1453 3838 htec
1481 3784 1801 3853 rejicientes
1830 3786 2044 3853 dicitis,
2079 3788 2240 3849 Quis-

588 3868 728 3940 quis
779 3868 990 3924 dixerit
1018 3869 1170 3940 patri
1222 3869 1310 3925 vel
1359 3871 1552 3936 matri,
1602 3873 1831 3929 Corban
1883 3874 2005 3931 sive
2032 3891 2244 3932 munus

589 3961 678 4012 est
724 3958 840 4012 Deo
891 3957 1224 4027 quaesitum,
1262 3959 1664 4032 quodcunque
1717 3978 1787 4018 ex
1826 3979 1921 4019 me
1973 3964 2035 4020 in
2074 3969 2242 4022 tuum

587 4045 830 4101 vertitur
859 4047 1268 4103 commodum.
1321 4047 1600 4105 liberatus
1630 4055 1743 4108 est.
1784 4055 1902 4108 Hoc
1949 4055 2107 4109 enim
2160 4054 2244 4109 di-

587 4138 728 4190 cunt
753 4134 1022 4200 deﬁcere,
1055 4140 1257 4207 utpote
1278 4137 1305 4191 J
1316 4137 1496 4193 udaais
1523 4144 1732 4196 notum
1753 4141 1831 4197 ad
1853 4157 2006 4213 quos
2036 4143 2241 4212 dirige-

582 4223 686 4281 bat
715 4239 1072 4281 sermonem.

652 4331 814 4386 νοτε.
855 4333 909 4385 5.
952 4333 1030 4386 Et
1072 4363 1140 4372 —
1178 4348 1366 4389 suam.
1410 4333 1472 4388 Et
1513 4334 1638 4389 talis
1677 4335 1850 4392 homo
1884 4336 2011 4406 jam
2053 4337 2245 4408 impu-

584 4419 734 4475 dens
783 4419 1045 4484 eﬂ‘ectus,
1098 4421 1378 4493 deinceps
1425 4437 1547 4478 non
1599 4424 1920 4480 honorabit
1970 4430 2243 4496 parentes

585 4523 727 4562 SUOS
741 4548 754 4562 .

658 4612 823 4667 Vers.
857 4616 888 4667 6
919 4615 994 4668 Et
1023 4646 1090 4654 —
1118 4623 1391 4676 vestram.
1449 4619 1602 4676 Cum
1633 4619 1942 4674 manifeste
1998 4620 2240 4676 demon-

592 4701 865 4758 straverit
893 4701 1020 4758 illos
1043 4702 1368 4776 iniquitatis
1394 4711 1790 4778 praeceptores
1820 4723 1972 4777 esse,
2005 4724 2072 4762 ex
2105 4725 2240 4764 con-

593 4791 862 4861 sequenti
895 4807 1133 4864 quoque
1163 4795 1486 4866 discipulos
1518 4813 1652 4850 suos
1684 4797 2061 4851 accusatione
2100 4797 2242 4854 libe-

589 4879 748 4935 ravit
776 4880 941 4952 quod
969 4881 1201 4938 illorum
1234 4899 1354 4938 non
1383 4889 1687 4939 servarent
1719 4884 2105 4953 traditionem,
2139 4887 2243 4960 qui

590 4969 692 5024 Dei
721 4975 1082 5041 praeceptum
1108 4987 1230 5026 non
1252 4971 1584 5027 servabant.

659 5078 822 5133 Vers.
873 5077 926 5132 7.
976 5078 1311 5147 [lypocrztae
1352 5107 1419 5118 -
1466 5078 1673 5133 Isaias.
1723 5079 2065 5154 Hypocritas
2109 5082 2240 5140 illos

588 5165 734 5224 dixit
757 5166 899 5238 quia
929 5165 1117 5236 legem
1147 5181 1382 5221 servare
1411 5165 1780 5240 videbantur,
1812 5169 2006 5242 ipsam
2043 5175 2239 5228 tamen

2353 2975 2466 3038 Θεῷ
2509 2970 2842 3040 προσέφερον,
2889 2964 2946 3018 Ἡ
2977 2967 3066 3036 μεν
3119 2960 3205 3016 οὖν
3260 2959 3510 3035 διήγησις
3556 2963 3791 3020 τοιαύτη.
3833 2964 3949 3034 Χρή

2355 3053 2412 3109 δε
2444 3055 2619 3109 λοιπὸν
2667 3055 2981 3126 ἑρμηνεῦσαι
3025 3057 3114 3106 καὶ
3165 3055 3232 3104 τὰ
3263 3053 3417 3126 ῥητά.
3451 3050 3619 3123 Ὑμεῖς
3651 3047 3710 3104 δε
3759 3050 3950 3122 λέγετε,

2353 3144 2467 3200 ἀντὶ
2519 3152 2634 3209 τοῦ,
2689 3143 2853 3216 Ὑμεῖς
2927 3142 3244 3216 ἑρμηνεύετε,
3305 3142 3452 3212 ὑμεῖς
3519 3135 3801 3192 διδάσκετε
3858 3143 3952 3197 τὴν

2353 3233 2556 3294 ἀπάτην
2599 3237 2685 3284 τὸν
2733 3233 3000 3304 ἄνθρωπον
3055 3229 3264 3298 ἐκεῖνον,
3301 3229 3352 3291 ὃς
3405 3228 3464 3280 ἂν
3517 3231 3631 3300 εἴπῃ
3687 3235 3758 3297 τῷ
3789 3232 3952 3301 πατρὶ

2354 3325 2383 3382 ἦ
2460 3332 2519 3396 τῇ
2583 3326 2765 3395 μητρὶ,
2827 3322 2906 3374 ὅτι
2963 3326 3131 3393 Δῶρον
3214 3319 3326 3374 ἐστι
3379 3325 3450 3388 τῷ
3497 3322 3602 3387 Θεῷ
3650 3315 3678 3370 ὃ
3728 3315 3788 3367 ἂν
3838 3315 3952 3387 (79)

2353 3413 2406 3478 ἐξ
2459 3411 2581 3485 ἐμοῦ
2630 3410 2916 3482 ὠφεληθῇς,
2977 3412 3164 3475 εἶτουν,
3222 3409 3248 3462 ὃ
3303 3407 3362 3459 διν
3422 3405 3477 3470 ἐξ
3525 3404 3648 3479 ἐμοῦ
3703 3401 3954 3479 κερδᾶναι

2356 3502 2517 3574 θέλῃς.

2425 3608 2590 3680 [Tt-fl;
2619 3607 2734 3678 (80)
2776 3603 2836 3658 δε
2881 3605 3208 3664 ἀλλειπτιχῶς
3261 3604 3317 3652 τὸ
3365 3603 3524 3675 ῥητὸν
3572 3601 3945 3673 ἑρμηνεύοντες,

2352 3703 2528 3770 φασὶν,
2561 3697 2641 3747 ὅτι
2671 3697 2696 3746 ό
2727 3697 2815 3766 μὲν
2870 3697 2994 3753 Θεὸς
3032 3689 3306 3745 ἐνετείλατο
3343 3684 3473 3740 τάδε
3500 3691 3590 3738 καὶ
3617 3683 3764 3739 τάδε·
3799 3690 3946 3758 ὑμεῖς

2352 3783 2430 3850 δε,
2469 3791 2634 3837 ταῦτα
2662 3782 2977 3846 ἀθετοῦντες,
3008 3780 3192 3850 λέγετε,
3239 3780 3317 3828 ὅτι
3347 3775 3402 3837 ὃς
3431 3773 3491 3827 ἃν
3539 3776 3654 3844 εἴπῃ
3683 3781 3755 3844 τῷ
3783 3777 3947 3849 πατρὶ

2350 3875 2472 3946 ﬁt?)
2525 3877 2686 3946 μητρὶ
2746 3871 2967 3944 Κορϐάν,
3016 3873 3153 3931 ἤτοι,
3211 3862 3374 3940 δῶρόν
3433 3863 3544 3918 ἐστι
3593 3871 3666 3934 τῷ
3724 3871 3838 3934 Θεῷ
3885 3866 3945 3915 τὸ

2351 3963 2686 4033 ζητούμενον,
2707 3960 3071 4034 ἠλευθέρωται.
3093 3965 3255 4010 Τοῦτο
3283 3957 3386 4030 γὰρ
3411 3953 3652 4025 λέγουσιν
3683 3951 3942 4023 ἐλλείπειν,

2352 4054 2420 4112 ὡς
2475 4059 2579 4111 τοῖς
2641 4046 2884 4110 ὀυδαίοις
2950 4053 3230 4122 γνώριμον,
3303 4047 3431 4120 πρὸς
3489 4042 3579 4103 οὓς
3633 4044 3806 4116 εἴρηκε
3860 4043 3948 4092 τὸν

2351 4139 2543 4212 λόφον.]

2423 4464 2522 4512 Καὶ
2555 4491 2620 4498 -
2646 4458 2824 4511 αὐτοῦ.
2851 4459 2950 4508 Καὶ
2973 4456 2997 4506 ὁ
3022 4460 3250 4513 τοιοῦτος
3277 4452 3567 4525 ἄνθρωπος,
3601 4447 3949 4520 ἀναίσχυντος

2348 4557 2440 4602 τοῦ
2491 4548 2672 4601 λοιποῦ
2729 4549 3012 4619 γενόμενος,
3069 4542 3162 4594 οῦκ
3213 4543 3288 4592 ἔτι
3342 4543 3550 4612 τιμήσει
3608 4540 3730 4600 τοὺς
3785 4545 3949 4610 γονεῖς

2347 4640 2529 4698 αὐτοῦ,

2422 4733 2521 4781 Καὶ
2551 4759 2618 4766 -
2662 4729 2824 4798 ἡμῶν.
2861 4719 3140 4795 Προδήλως
3172 4713 3466 4786 ,ἀποδείξας
3494 4714 3683 4778 αὐτοὺς
3723 4733 3949 4788 παρανο-

2346 4823 2468 4894 μίας
2499 4814 2532 4869 δ
2539 4813 2876 4880 ιόασκοὶλους,
2924 4809 3177 4872 ἀπήλλαξε
3224 4805 3464 4880 μέμψεως
3493 4804 3667 4894 λοιπόν
3715 4807 3948 4864 καὶτοὺς

2347 4889 2587 4980 μαθητὰς
2613 4905 2792 4970 αὑτοῦ,
2851 4907 2922 4975 μὴ
2955 4907 3236 4973 τηροῦντας
3283 4900 3376 4954 τὴν
3407 4889 3700 4968 ηαράδοσιν
3731 4901 3828 4946 τῶν
3867 4895 3941 4966 μὴ

2345 4999 2635 5072 τηρούντων
2666 4998 2758 5052 τὴν
2790 4991 2994 5048 ἐντολὴν
3025 4995 3115 5041 τοῦ
3149 4993 3303 5042 Θεοῦ.

2416 5089 2702 5160 Υποκριταὶ
2759 5112 2825 5121 ——
2903 5080 3142 5140 Ἠσαίας.
3225 5075 3533 5149 Ὑτοκριτὰς
3616 5071 3800 5134 αὐτοὺς
3871 5078 3950 5124 εῖ-

2344 5195 2454 5244 πεν,
2513 5177 2576 5238 ὡς
2628 5170 2916 5232 δοκοῦντας
2955 5172 3044 5242 μὲν
3104 5166 3364 5240 ἐννόμους,
3418 5167 3565 5225 ὄντας
3621 5158 3678 5216 δὲ
3723 5165 3949 5242 παρανό-

1817 5321 2041 5389 Variae
2068 5323 2402 5398 lectiones
2441 5336 2506 5394 et
2531 5333 2711 5392 notae

663 5484 774 5564 (7e)
808 5484 961 5564 Imo,‘
987 5491 1050 5564 τῇ
1062 5503 1082 5544 ς
1111 5479 1347 5564 ’ξξὸδρω
1384 5485 1611 5564 Scilicet
1638 5490 1828 5564 Exod.
1860 5507 1954 5558 xx,
1987 5497 2050 5549 t2
2080 5511 2100 5564 ;
2130 5497 2254 5560 xxi,

596 5553 683 5609 l7;
708 5553 898 5624 Atque
923 5553 1177 5624 itailegit
1204 5555 1382 5611 etiam
1416 5557 1762 5618 Hentenius.

667 5622 971 5707 (7‘7):qu
990 5622 1254 5707 liuetius,
1287 5630 1581 5707 tanquam
1607 5647 1687 5707 ex_
1717 5633 1984 5707 Origenis
2024 5640 2255 5706 catena,

594 5693 803 5752 laudat
827 5693 907 5751 ad
933 5694 1088 5765 Orig.
1117 5695 1209 5750 IlI.
1236 5713 1296 5769 p.
1327 5693 1450 5755 489.
1484 5705 1627 5758 nota
1656 5699 1716 5760 δ.

2463 5564 2554 5632 79)
2583 5565 2726 5632 Ἐάν,
2758 5564 2827 5620 Α.

2463 5496 2551 5551 78)
2578 5501 2690 5547 Τῶν
2721 5491 2892 5548 abest
2918 5494 2984 5546 Α.

2463 5499 2528 5551 78
2578 5501 2690 5547 Τῶν
2721 5496 2892 5548 abest
2918 5496 2984 5546 Α.

2463 5571 2532 5626 79
2583 5565 2726 5632 Ἐάν,
2758 5564 2827 5620 Α.

2437 5496 2554 5714 (8οξ
2585 5637 2818 5694 Inclusa
2844 5635 2906 5692 in
2933 5629 3203 5704 margine
3231 5624 3415 5684 habet
3443 5628 3508 5682 Α.
