4176 6436
275 375 377 431 445

276 520 425 574 μους.
482 499 635 572 Ἀγει
683 497 740 552 δὲ
775 504 859 553 τὸν
906 507 1176 577 προφήτην
1231 501 1303 562 εἷς
1354 506 1532 573 μέσον,
1564 499 1723 552 πάλαι
1751 517 1875 550 κατ·
1912 497 1957 549 Α

279 597 567 663 ηγοροῦντα
644 590 834 659 αὐτῶν,
909 591 941 642 ἃ
996 599 1107 658 ,νῦν
1179 591 1331 652 οὗτος
1382 594 1729 663 κατηγόρησε,
1791 591 1877 638 καὶ

280 678 567 748 δείκνυσιν,
638 682 715 730 ὅτι
793 679 948 741 αὐτός
1031 680 1166 733 ἐστιν
1211 682 1236 732 6
1289 681 1499 732 κάκεῖνα
1570 675 1641 729 δι’
1689 676 1877 729 ἐκείνου

276 767 638 839 φθεγξάμενος.

353 1000 530 1068 Λέγων
589 1029 658 1038 -
708 995 1008 1072 ἀνθρώπων.
1046 997 1238 1064 Εἰπὼν,
1293 997 1371 1048 ὃτι
1419 995 1650 1068 Ἐγγίζει
1693 1014 1780 1067 μοι
1810 1002 1881 1046 τῶ

280 1090 530 1160 στόματι,
580 1086 936 1161 ἐφηρμήνευσε
986 1093 1158 1154 τοῦτο,
1205 1087 1470 1159 προσθεὶς,
1525 1087 1605 1137 ὅτι
1644 1084 1749 1138 Καὶ
1780 1090 1883 1143 τοῖς

274 1175 484 1248 χείλεσι
515 1195 578 1248 με
629 1182 774 1248 τιμᾶ·
829 1177 950 1228 Θεὸν
981 1174 1239 1247 ὁμολογῶν
1289 1194 1352 1247 με
1401 1179 1489 1226 καὶ
1520 1177 1759 1241 ποιητὴν,
1791 1176 1881 1224 καὶ

275 1268 472 1338 Κύριον
492 1271 587 1316 τοῦ
608 1268 813 1326 παντός·
846 1267 877 1322 ἡ
910 1260 969 1316 δε
994 1260 1191 1334 καρδία
1219 1263 1388 1316 αὐτῶν
1412 1263 1588 1338 πόρῥω
1609 1259 1882 1315 διίσταται

276 1353 369 1406 ἀπ’
431 1353 577 1425 ἐμοῦ,
657 1358 728 1426 μὴ
813 1352 1180 1414 πληςιάζουσα
1255 1359 1358 1413 τοῖς
1413 1351 1550 1424 ἕμοῖς
1605 1351 1878 1423 θελημασι·

274 1445 450 1516 μάτην
485 1440 545 1494 δε
574 1441 811 1494 σέϐονται
835 1461 917 1514 με,
951 1446 1034 1514 μὴ
1087 1445 1176 1502 τὰς
1219 1441 1342 1513 ἐμὰς
1373 1441 1717 1513 φυλάσσοντες
1748 1439 1880 1491 ἐντο-

272 1532 390 1596 λὰς,
424 1530 556 1583 ἀλλὰ
584 1527 928 1592 διδάσκοντες
978 1527 1352 1600 διδασκαλίας,
1405 1533 1567 1591 οὔσας
1596 1529 1883 1600 ἐντάλματα

277 1620 584 1693 ἀνθρώπων,
648 1624 739 1671 καὶ
798 1618 856 1671 οὐ
904 1626 996 1671 τοῦ
1076 1626 1228 1675 Θεοῦ.
1289 1617 1598 1691 Φοϐηθῶμεν
1647 1615 1734 1670 οὖν
1793 1622 1882 1670 καὶ

275 1713 451 1782 ἡμεῖς,
485 1710 512 1760 6
541 1715 633 1760 τοῦ
661 1715 897 1783 Χριστοῦ
947 1707 1091 1774 λαός,
1139 1712 1210 1780 μὴ
1242 1712 1331 1759 καὶ
1378 1708 1494 1760 καθ’
1539 1709 1683 1779 ἡμῶν
1717 1715 1883 1759 ταῦτα

273 1799 489 1872 ῥηθείη.

1259 375 1624 433 COMMENT.
1669 373 1734 428 ΙΝ
1777 367 2217 426 MATTH/EUM.
2265 398 2326 406 —
2367 367 2520 423 CAP.
2564 368 2686 424 XV.

3523 371 3631 426 446

1987 492 2594 563 transgrediebantur.
2639 492 3000 565 Prophetam
3036 497 3234 550 autem
3263 495 3324 549 in
3367 494 3633 550 medium

1988 583 2251 647 adducit,
2297 582 2399 653 qui
2437 582 2566 652 jam
2598 581 2736 636 olim
2769 581 2898 637 illos
2943 583 3268 638 accusabat
3307 582 3381 637 de
3413 582 3527 644 his,
3561 582 3635 637 de

1987 672 2208 744 quibus
2257 671 2383 743 ipse
2427 685 2586 726 nunc
2635 686 2736 726 eos
2785 676 3070 737 accusat;
3103 676 3158 726 et
3202 686 3265 726 se
3317 686 3453 726 eum
3509 685 3636 725 esse

1987 760 2262 823 ostendit,
2318 760 2420 831 qui
2475 759 2653 814 etiam
2711 759 2810 816 illa
2865 775 2971 832 per
3021 760 3380 832 prophetam
3433 759 3640 830 loque-

1987 850 2184 905 batur.

2060 959 2222 1011 Vers.
2268 956 2324 1009 7.
2367 955 2571 1011 Dicens
2608 986 2676 996 —
2721 957 2778 1010 V.
2823 959 2878 1012 9.
2930 956 3250 1012 hominum.
3302 955 3634 1027 Postquam

1989 1045 2166 1101 dixit:
2187 1045 2632 1115 Appropinquat
2657 1044 2805 1100 mihi
2824 1060 2940 1112 ore,
2963 1045 3380 1116 interpretatus
3397 1048 3484 1100 est
3499 1044 3632 1109 hoc,

1989 1133 2367 1190 addenszEt
2427 1133 2593 1189 labiis
2638 1149 2730 1190 me
2784 1133 3054 1200 honorat,
3110 1135 3294 1189 Deum
3351 1149 3448 1189 me
3502 1149 3634 1190 esse

1989 1221 2281 1280 conﬁtens
2305 1226 2361 1278 et
2387 1225 2724 1279 Creatorem
2763 1238 2832 1279 ac
2865 1222 3182 1280 Dominum
3211 1221 3490 1278 universi.
3522 1222 3634 1278 Cor

1990 1317 2191 1369 autem
2208 1326 2415 1368 eorum
2435 1311 2610 1380 longe
2627 1311 2798 1368 abest
2820 1328 2855 1368 a
2873 1327 2988 1377 me,
3003 1326 3124 1368 non
3139 1311 3636 1383 appropinquans

1991 1401 2139 1458 meis
2202 1400 2626 1457 voluntatibus.
2688 1405 2920 1458 Frustra
2975 1407 3173 1458 autem
3247 1400 3452 1456 colunt
3516 1416 3634 1468 me,

1989 1507 2125 1546 cum
2157 1506 2291 1546 mea
2321 1506 2443 1546 non
2473 1494 2705 1547 servent
2734 1494 3050 1562 praecepta,
3085 1489 3189 1545 sed
3216 1489 3473 1546 doceant
3499 1489 3639 1546 doc-

1991 1580 2171 1635 trinas
2215 1595 2349 1650 qua:
2381 1584 2518 1636 sunt
2548 1583 2846 1651 praecepta
2897 1578 3212 1636 hominum
3246 1586 3301 1634 et
3342 1593 3463 1634 non
3505 1578 3628 1634 Dei.

1989 1668 2329 1724 Timeamus
2359 1683 2499 1737 ergo
2530 1673 2586 1724 et
2609 1683 2721 1723 nos
2752 1668 2857 1739 qui
2882 1683 3090 1723 sumus
3119 1666 3326 1723 Christi
3357 1666 3635 1738 populus,

1990 1773 2065 1813 ne
2090 1758 2266 1813 etiam
2296 1756 2621 1812 adversum
2652 1772 2763 1812 nos
2796 1757 2922 1812 haec
2951 1757 3243 1812 dicantur.

348 1891 456 1940 Καὶ
477 1917 546 1928 -
577 1885 774 1948 αὐτοῖς.
805 1886 1058 1946 Ἐκείνους
1097 1889 1186 1958 μὲν
1212 1885 1553 1957 ἐπιστομίσας
1581 1889 1670 1937 καὶ
1699 1886 1881 1936 κάται-

2064 1866 2228 1918 Vers.
2264 1864 2347 1917 10.
2395 1864 2473 1917 Et
2521 1893 2588 1903 —
2627 1863 2727 1918 eis.
2762 1863 2894 1918 Illos
2942 1865 3228 1934 tanquam
3281 1860 3638 1917 incurabiles

284 1977 483 2046 σχύνας
513 1974 728 2046 ἀφῆκεν,
759 1977 824 2035 ὡς
862 1974 1122 2036 ἀνιάτους
1154 1979 1327 2048 τρέπει
1375 1971 1434 2027 δε
1464 1978 1548 2027 τὸν
1578 1974 1727 2045 λόγον
1753 1977 1883 2048 πρὸς

286 2069 364 2118 τὸν
389 2064 574 2138 ὄχλον,
597 2067 663 2126 ὡς
690 2063 1112 2137 ἀξιολογώτερον.

366 2313 594 2366 ’Δκοῦετε
622 2340 692 2352 -
723 2315 938 2366 συνίετε.
964 2310 1262 2374 Ἀκούετε,ὃ
1288 2309 1406 2382 ἐρῶ,
1435 2313 1524 2361 καὶ
1548 2317 1709 2380 γνῶτε
1734 2310 1878 2363 αὐτό.

292 2406 433 2472 Λέγει
463 2398 526 2454 δε
553 2407 732 2469 τοῦτο,
763 2407 926 2471 τιμῶν
956 2399 1168 2466 αὐτοὺς,
1202 2401 1286 2451 ἱνα
1315 2394 1697 2471 εὐπαράδεκτον
1729 2403 1883 2471 γένη-

280 2509 364 2543 ται
393 2493 452 2543 τό
491 2489 558 2564 ῥη
568 2491 630 2548 θη
640 2493 881 2562 σόμενον,

347 2596 427 2649 Οὐ
467 2627 538 2637 -
593 2596 884 2669 ἄνθρωπον.
939 2601 1137 2662 Κοινοῖ,
1192 2594 1306 2647 ἀντὶ
1356 2601 1467 2660 τοῦ,
1519 2599 1730 2666 μιαίνει.
1789 2599 1882 2648 Λί-

277 2705 358 2758 γει
402 2690 602 2756 τοίνυν,
647 2686 727 2738 ὅτι
757 2684 862 2756 οῦχ
888 2685 913 2736 6
945 2683 1046 2736 ἀπὸ
1069 2693 1166 2736 τῶν
1206 2683 1430 2736 ἀνίπτων
1469 2688 1661 2757 χείρῶν
1697 2684 1878 2758 ῥύπος,

277 2778 410 2848 μετὰ
460 2782 560 2827 τῶν
637 2773 929 2848 βρωμάτων
997 2774 1360 2846 εἰσερχόμενος
1430 2773 1501 2835 εἰς
1553 2776 1611 2825 τό
1690 2777 1880 2845 στόμα,

279 2870 476 2938 μιαίνει
516 2865 602 2917 τόν
647 2864 933 2938 ἄνθρωπονο
982 2861 1106 2916 οὐδὲ
1144 2866 1244 2938 γὰρ
1292 2863 1508 2916 ἅπτεται
1554 2870 1644 2934 τῇς
1672 2861 1878 2933 ψυχῆς

281 2959 433 3028 μόνον
509 2955 608 3027 γὰρ
691 2955 878 3027 μιαρόν
953 2954 984 3010 ἡ
1070 2952 1320 3024 ἁμαρτία,
1397 2951 1708 3024 βλάπτόυσα
1790 2954 1882 3008 τὴν

281 3044 490 3115 ψυχήν.
545 3041 605 3095 Ἠ
669 3043 760 3114 μὲν
821 3037 910 3094 οὖν
956 3045 1238 3116 πρόχειρος
1292 3041 1533 3115 ἑρμηνεία
1581 3046 1670 3094 τοῦ
1723 3041 1882 3114 ῥητοῦ

279 3151 518 3189 τοιαυτη.

355 3244 493 3293 Φασὶ
548 3235 607 3290 δε
650 3240 740 3289 καὶ
786 3235 946 3294 ἄλλην
995 3237 1379 3310 ὑποκεκρύφθαι
1438 3235 1748 3308 βαθυτέραν,
1805 3235 1884 3285 ότι

287 3325 460 3398 οὐδὲν,
487 3328 632 3401 παρὰ
671 3331 803 3378 Θεοῦ
841 3328 1125 3397 γενόμενον,
1176 3327 1326 3398 φύσει
1372 3329 1556 3397 μιαρόν
1587 3322 1718 3377 ἐστι.
1747 3327 1884 3380 Φησὶ

281 3420 381 3491 γὰρ
425 3417 452 3468 ό
515 3421 766 3476 Μωῦσῆς.
828 3417 929 3466 Καὶ
983 3409 1116 3465 εἶδεν
1173 3414 1200 3465 6
1253 3416 1378 3472 Θεὸς
1432 3416 1497 3464 τὰ
1547 3413 1736 3477 πάντα,
1786 3412 1886 3462 ὅσα

284 3504 514 3570 ἐποίησε,
568 3507 656 3555 καὶ
707 3499 842 3566 ἰδοῦ,
920 3500 1054 3554 καλά
1128 3500 1262 3555 λίαν.
1344 3505 1443 3553 Καὶ
1521 3499 1728 3570 λέγουσι
1794 3495 1888 3550 διὰ

281 3597 476 3655 ταύτης
519 3600 615 3655 τῆς
644 3590 936 3665 βαθυτέρας
966 3595 1060 3648 τὴν
1107 3597 1204 3642 τῶν
1232 3588 1522 3664 βρωμάτων
1551 3587 1888 3640 ἐκϐάλλεσθαι

283 3687 673 3757 παρατήρησιν,
708 3680 767 3738 ἣν
822 3675 1074 3732 Ἰουδαῖοι
1130 3677 1592 3751 παρεφυλάττοντο.
1640 3684 1743 3730 Τοῦ
1787 3678 1888 3750 γὰρ

278 3777 398 3847 περὶ
450 3769 742 3844 βρωμάτων
803 3771 962 3840 νόμου
1015 3766 1328 3839 συμϐολικὴν
1391 3769 1604 3842 θεωρίαν
1655 3769 1886 3838 ἔχοντος,

281 3862 329 3912 οἱ
414 3854 667 3912 Ἰουδαῖοι
756 3855 920 3929 μηδὲν
998 3855 1195 3926 ὑψηλὸν
1300 3855 1479 3907 ἐννοεῖν
1589 3851 1887 3920 δυνάμενοι,

285 3955 598 4019 σωματικῶς
647 3947 817 3998 πάντα
853 3949 943 3997 καὶ
981 3946 1111 3997 κατὰ
1163 3948 1222 3996 τὸ
1276 3949 1573 4016 φαινόμενον
1615 3943 1893 4015 ἐξελαμϐά-

281 4055 428 4088 νοντο
437 4079 450 4092 .

354 4125 516 4179 Ἀλλὰ
546 4153 614 4166 --
657 4125 944 4198 ἄνθρωπον.
993 4123 1353 4194 Ἐκπορεύεται
1397 4121 1450 4174 ἐκ
1497 4129 1587 4174 τοῦ
1634 4127 1890 4194 στόματος

280 4221 380 4275 πᾶς
407 4214 586 4285 λόγος·
641 4212 768 4265 ἀλλὰ
812 4216 931 4286 περὶ
979 4218 1070 4263 τοῦ
1107 4219 1334 4284 πονηροῦ
1375 4210 1510 4282 λέγει
1538 4217 1646 4276 νῦν,
1693 4211 1744 4270 ὃς
1777 4213 1888 4282 ἔχει

277 4307 458 4374 πηγὴν
485 4306 580 4359 τὴν
608 4297 853 4376 καρδίαν.
911 4303 1112 4373 Προϊὼν
1161 4297 1221 4351 δε
1252 4299 1526 4370 σαφηνίζει
1578 4300 1645 4350 τὰ
1675 4297 1888 4368 ἀσαφῶς

282 4393 511 4445 ἰνταῦθα
537 4391 603 4465 ῥη
614 4392 784 4442 θέντα.

1989 1952 2244 2023 reliquit,
2303 1951 2404 2006 ubi
2463 1951 2764 2008 silentium
2821 1951 2904 2007 eis
2958 1951 3356 2023 imposuisset,
3415 1965 3638 2022 eosque

1991 2039 2380 2096 confudisset:
2408 2039 2904 2096 convertitautem
2930 2054 3267 2094 sermonem
3291 2038 3364 2095 ad
3396 2038 3636 2094 turbam

1990 2133 2268 2200 tanquam
2293 2129 2625 2198 digniorem
2652 2145 2783 2200 qua)
2811 2128 3038 2184 audiat.

2062 2237 2228 2292 Vers.
2264 2237 2350 2289 11.
2379 2235 2598 2292 Audite
2625 2267 2691 2275 —
2722 2235 3042 2306 intelligite.
3073 2234 3284 2290 Audite
3313 2233 3479 2306 quod
3503 2232 3637 2290 dico

1991 2330 2046 2380 et
2087 2323 2390 2393 intelligite
2418 2323 2583 2378 illud.
2618 2324 2748 2381 Hoc
2791 2328 2991 2380 autem
3021 2325 3104 2379 ait
3129 2323 3436 2378 honorans
3483 2319 3637 2390 illos,

1991 2418 2055 2469 ut
2078 2412 2309 2469 facilius
2338 2412 2695 2484 suscipiatur
2717 2412 2881 2484 quod
2911 2411 3178 2468 dicturus
3207 2415 3318 2468 est.

2061 2523 2218 2576 Vers.
2249 2521 2335 2577 11.
2381 2521 2517 2576 Νοη
2556 2550 2626 2560 -
2672 2521 2986 2576 hominem.
3039 2519 3160 2574 Hoc
3191 2523 3282 2575 est
3312 2535 3325 2574 :
3357 2520 3484 2574 Non
3515 2532 3640 2574 sor-

1990 2610 2096 2665 des
2144 2625 2437 2664 manuum
2482 2608 2777 2665 illotarum
2824 2624 2961 2680 quas
3018 2623 3140 2664 una
3189 2623 3326 2662 cum
3375 2605 3528 2663 escis
3579 2605 3641 2661 in

1991 2715 2059 2755 os
2088 2698 2505 2768 ingrediuntur
2533 2697 2945 2754 contaminant
2975 2700 3078 2753 aut
3113 2699 3515 2768 conspurcant
3537 2694 3642 2751 ho-

1992 2790 2236 2854 minem,
2317 2788 2461 2860 quia
2534 2803 2643 2843 nec
2725 2790 2977 2856 tangunt
3053 2786 3390 2842 animam:
3445 2783 3640 2840 solum

1991 2893 2255 2950 namque
2277 2880 2590 2949 peccatum
2619 2875 2838 2931 foedum
2863 2879 2966 2940 est,
3001 2875 3166 2946 quod
3191 2874 3407 2931 animm
3432 2877 3630 2930 nocet.

1990 2968 2144 3024 Talis
2186 2970 2384 3022 autem
2416 2965 2555 3022 dicti
2603 2965 2781 3037 hujus
2811 2965 3216 3036 interpretatio
3261 2964 3322 3019 in
3354 2966 3638 3035 promptu

1991 3060 2096 3113 est.

2066 3163 2243 3218 Aiunt
2257 3168 2456 3219 autem
2469 3166 2524 3217 et
2541 3160 2782 3216 alteram
2800 3159 3157 3231 profundius
3170 3174 3300 3214 esse
3317 3158 3634 3221 reclusam,

1994 3257 2139 3324 puta
2177 3251 2341 3322 quod
2371 3250 2518 3305 nihil
2546 3249 2770 3304 factum
2814 3265 2858 3304 a-
2901 3251 3038 3312 Deo,
3071 3251 3284 3302 natura
3327 3246 3636 3316 impurum

1992 3342 2102 3395 est.
2149 3338 2242 3392 Ait
2292 3337 2450 3392 enim
2486 3337 2709 3391 Moses:
2743 3336 2818 3389 Et
2861 3335 3010 3390 vidit
3049 3335 3203 3388 Deus
3250 3346 3636 3404 quiscumque

1990 3429 2232 3498 fecerat,
2266 3431 2318 3481 et
2343 3440 2470 3480 ecce
2501 3424 2646 3479 bona
2679 3424 2852 3479 valde
2877 3424 2944 3475 δί.
2973 3422 3180 3477 Dicunt
3209 3435 3350 3488 ergo
3366 3421 3480 3476 hac
3504 3435 3638 3491 pro-

1994 3514 2255 3574 fundiori
2285 3513 2764 3585 interpretatione
2793 3511 3064 3566 ciborum
3093 3508 3254 3580 rejici
3279 3509 3640 3564 observatio-

1995 3619 2157 3667 nem,
2189 3619 2373 3676 quam
2403 3601 2590 3656 Judaei
2621 3600 2963 3656 servabant.
2999 3602 3146 3656 Nam
3178 3613 3316 3654 cum
3359 3598 3471 3663 lex,
3505 3612 3641 3668 quas

1997 3694 2073 3750 de
2085 3693 2231 3749 cibis
2243 3695 2386 3755 erat,
2402 3690 2784 3760 allegoricum
2802 3688 3049 3746 haberet
3064 3687 3442 3751 intellectum,
3455 3685 3645 3742 Judaei

1999 3783 2103 3856 qui
2135 3781 2278 3838 nihil
2302 3781 2605 3838 excelsum
2636 3779 2895 3848 cogitare
2925 3781 3218 3850 poterant,
3263 3774 3647 3847 corporaliter

2001 3877 2056 3928 et
2081 3876 2256 3943 prout
2284 3871 2343 3925 in
2370 3869 2694 3940 conspicuo
2724 3871 2912 3932 erant,
2941 3867 3146 3923 omnia
3175 3864 3570 3937 excipiebant.

2070 4049 2207 4101 Vers
2258 4047 2344 4101 11.
2391 4045 2510 4100 Sed
2563 4075 2629 4084 —
2688 4044 2996 4100 hominem.
3056 4042 3363 4112 Egreditur
3415 4041 3489 4096 de
3543 4055 3644 4098 ore

1997 4133 2193 4189 omnis
2228 4148 2457 4188 sermo:
2487 4132 2588 4185 sed
2622 4147 2783 4186 nunc
2810 4131 2882 4184 de
2915 4130 3070 4185 malo
3100 4129 3382 4200 loquitur,
3413 4129 3514 4200 qui
3545 4144 3646 4184 cor

1995 4237 2104 4292 pro
2121 4219 2278 4276 fonte
2299 4218 2498 4274 habet.
2519 4221 2580 4273 In
2604 4217 2991 4288 sequentibus
3012 4220 3214 4271 autem
3239 4213 3646 4271 manifestiora

1991 4308 2198 4374 reddit,
2229 4322 2352 4378 quae
2378 4306 2474 4360 hic
2503 4306 2753 4360 obscure
2780 4304 2940 4358 dicta
2969 4307 3128 4358 sunt.

2065 4399 2222 4452 Vers.
2253 4396 2339 4449 12.
2373 4396 2532 4449 Tunc
2559 4393 2807 4462 offensos
2832 4423 2900 4432 —
2933 4391 3135 4460 fuisse.
3166 4391 3291 4455 Quo
3321 4403 3595 4446 sermone
3615 4391 3643 4446 *ἲ

351 4502 481 4551 Τότε
506 4527 577 4538 -
625 4492 1137 4551 ἐσκανδαλίσθησαν.
1172 4500 1326 4546 Ποῖον
1355 4493 1504 4564 λόγον
1553 4489 1762 4552 Δηλαδὴ
1802 4496 1886 4545 τόν

2007 4489 2073 4542 Eo
2103 4483 2376 4540 videlicet
2406 4497 2527 4554 quo
2575 4481 2812 4537 dicebat
2839 4497 2850 4536 :
2885 4483 3011 4536 Non
3043 4480 3208 4550 quod
3238 4478 3418 4534 intrat
3462 4476 3521 4531 in
3554 4494 3639 4544 os,

276 4588 514 4660 λέγοντα,
570 4586 650 4638 ὅτι
703 4585 762 4637 οῦ
791 4587 850 4636 τό
894 4584 1256 4658 εἰσερχόμενον
1298 4583 1364 4642 εἰς
1420 4585 1478 4635 τό
1533 4586 1699 4654 στόμα
1727 4590 1890 4634 κοινοῖ

280 4681 369 4729 τόν
398 4678 690 4749 ἄνθρωπον.
731 4673 998 4747 Ἀνέτρεπε
1028 4675 1130 4745 γὰρ
1159 4676 1254 4730 τὴν
1284 4667 1580 4744 παράδοσιν
1605 4680 1703 4724 τῶν
1734 4691 1890 4745 πρεσ-

285 4764 530 4840 ϐυτέρων.

352 4873 412 4925 Ὁ
464 4869 524 4924 δε
577 4891 650 4912 ι·-
701 4869 1133 4944 ἕκριζωθήσεται,
1184 4873 1398 4922 Φυτείαν
1471 4867 1606 4940 λέγει
1657 4875 1744 4919 νῦν
1795 4873 1890 4926 τὴν

280 4956 585 5035 παράδοσιν
635 4965 734 5010 τῶν
779 4956 1139 5031 πρεσϐυτέρων
1191 4962 1280 5009 καὶ
1332 4960 1398 5008 τὰ
1449 4955 1740 5028 ἐντάλματα
1788 4965 1890 5009 τῶν

285 5049 593 5123 ἀνθρώπων.

355 5154 544 5226 Ἀφετε
570 5184 639 5193 -
670 5152 872 5213 αὐτούς.
918 5151 1005 5213 Ὠς
1035 5150 1298 5212 ἀνιάτους.
1324 5152 1419 5202 Διὰ
1448 5155 1600 5200 τοῦτο
1634 5152 1733 5223 γὰρ
1766 5149 1890 5203 ουδὲ

281 5243 597 5316 ἐθεράπευσε
651 5245 708 5294 τὸ
759 5237 1049 5294 σκάνδαλον
1102 5240 1293 5310 αὐτῶν,
1348 5234 1498 5300 εἰδὼς
1530 5237 1714 5300 αὐτοὺς
1740 5237 1888 5291 οὐδὲν

283 5330 450 5404 ὡφελη
460 5333 523 5390 θη
534 5334 776 5402 σομίνους
794 5373 808 5386 .

351 5435 577 5509 Ὀδηγοὶ
623 5437 846 5509 τυφλῶν.
904 5435 1136 5508 Τυφλοὺς
1187 5435 1374 5497 αὐτοὺς
1430 5440 1609 5508 φήσιν,
1669 5437 1739 5497 ὡς
1791 5455 1889 5494 πη-

280 5530 538 5600 ρωθέντας
582 5529 670 5578 τόν
700 5533 795 5588 τῆς
841 5526 1028 5599 ψυχῆς
1062 5525 1320 5597 ὀφθαλμὸν
1351 5527 1450 5578 ὑπὸ
1495 5532 1585 5577 τοῦ
1635 5526 1890 5600 ῥεύματος

278 5626 378 5670 τῶν
431 5617 630 5682 παθῶν,
692 5619 780 5668 καὶ
845 5616 914 5678 ὡς
956 5618 1027 5686 μὴ
1080 5609 1391 5685 δυναμένους
1460 5614 1762 5674 ἐνατενίζειν
1819 5620 1889 5665 τῶ

351 5743 397 5777 ⁸¹
442 5741 592 5798 Gen.
632 5755 670 5806 ι,
702 5739 794 5796 31.

1996 4577 2298 4646 impurum
2330 4571 2523 4627 reddit
2549 4570 2854 4626 hominem
2883 4588 2896 4638 ;
2926 4567 3308 4625 subvertebat
3336 4566 3497 4623 enim
3527 4571 3646 4624 tra-

1998 4665 2283 4720 ditionem
2310 4662 2625 4718 seniorum.

2070 4773 2237 4828 Vers.
2269 4769 2356 4824 13.
2389 4771 2464 4823 At
2497 4767 2598 4824 ille
2640 4798 2707 4808 —
2737 4766 3159 4824 eradicabitur.
3212 4764 3645 4821 Plantationem

1999 4875 2160 4917 nunc
2202 4858 2342 4914 dicit
2371 4856 2745 4913 traditionem
2778 4855 3076 4912 seniorum
3107 4859 3164 4912 et
3206 4858 3501 4927 praecepta
3540 4853 3645 4909 ho-

1999 4963 2253 5005 mmum.

2069 5056 2238 5110 Vers.
2285 5055 2372 5110 14.
2421 5052 2601 5108 Sinite
2628 5082 2696 5092 -—
2725 5052 2876 5107 illos.
2908 5053 3218 5121 Tanquam
3262 5049 3640 5115 incurabiles,

1999 5144 2138 5200 Ideo
2163 5143 2322 5199 enim
2348 5157 2536 5213 neque
2570 5141 2697 5213 ipse
2717 5139 2938 5196 curavit
2963 5139 3200 5194 illorum
3222 5137 3638 5206 offensionem,

1998 5233 2191 5290 sciens
2263 5231 2405 5287 nihil
2491 5230 2603 5286 illis
2678 5229 3057 5302 profuturum
3149 5242 3278 5282 esse
3349 5225 3647 5299 quidquid

1998 5321 2239 5376 diceret.

2069 5438 2226 5490 Vers.
2275 5436 2360 5489 14.
2395 5435 2582 5491 Duces
2627 5463 2697 5474 —
2726 5449 3023 5490 cccc-orum.
3075 5433 3276 5489 Caecos
3323 5434 3499 5487 vocat
3545 5445 3648 5487 eos

1998 5526 2286 5596 tanquam
2316 5522 2532 5578 animas
2566 5522 2740 5578 oculo
2771 5538 2808 5578 a
2837 5523 3003 5578 ﬂuxu
3031 5521 3416 5578 aﬂ‘ectionum
3465 5535 3648 5576 excas-

1997 5615 2182 5681 catos,
2213 5614 2270 5667 et
2291 5609 2469 5682 quasi
2503 5625 2627 5667 non
2671 5614 2944 5682 potentes
2983 5609 3186 5668 oculos
3234 5609 3536 5667 intendere
3587 5608 3649 5664 in
