  <div class='ocr_page' id='page_1' title='image "/cluster/home/n/w/nwhite01/storage/ocr_20150623/129/hvd.32044019208511/247.png"; bbox 0 0 4176 6468; ppageno 0'>
   <div class='ocr_carea' id='block_1_1' title="bbox 580 371 683 425">
    <p class='ocr_par' dir='ltr' id='par_1_1' title="bbox 580 371 683 425">
     <span class='ocr_line' id='line_1_1' title="bbox 580 371 683 425; baseline -0.039 0"><span class='ocrx_word' id='word_1_1' title='bbox 580 371 683 425; x_wconf 72' lang='grc'>44⁸7</span> 
     </span>
    </p>
   </div>
   <div class='ocr_carea' id='block_1_2' title="bbox 1913 356 2624 415">
    <p class='ocr_par' dir='ltr' id='par_1_2' title="bbox 1913 356 2624 415">
     <span class='ocr_line' id='line_1_2' title="bbox 1913 356 2624 415; baseline -0.007 0"><span class='ocrx_word' id='word_1_2' title='bbox 1913 357 2259 415; x_wconf 83' lang='lat' dir='ltr'>EUTHYMII</span> <span class='ocrx_word' id='word_1_3' title='bbox 2301 356 2624 412; x_wconf 84' lang='lat' dir='ltr'>ZIGABENI</span> 
     </span>
    </p>
   </div>
   <div class='ocr_carea' id='block_1_3' title="bbox 3847 357 3946 410">
    <p class='ocr_par' dir='ltr' id='par_1_3' title="bbox 3847 357 3946 410">
     <span class='ocr_line' id='line_1_3' title="bbox 3847 357 3946 410; baseline 0.01 -1"><span class='ocrx_word' id='word_1_4' title='bbox 3847 357 3946 410; x_wconf 69' lang='grc'>448</span> 
     </span>
    </p>
   </div>
   <div class='ocr_carea' id='block_1_4' title="bbox 582 477 2233 554">
    <p class='ocr_par' dir='ltr' id='par_1_4' title="bbox 582 483 2228 554">
     <span class='ocr_line' id='line_1_4' title="bbox 582 483 2228 554; baseline -0.007 -8"><span class='ocrx_word' id='word_1_5' title='bbox 582 494 776 547; x_wconf 87' lang='lat' dir='ltr'>lucem</span> <span class='ocrx_word' id='word_1_6' title='bbox 830 491 1107 547; x_wconf 75' lang='lat' dir='ltr'>veritatis.</span> <span class='ocrx_word' id='word_1_7' title='bbox 1166 493 1281 546; x_wconf 86' lang='lat' dir='ltr'>Nec</span> <span class='ocrx_word' id='word_1_8' title='bbox 1337 490 1532 547; x_wconf 87' lang='lat' dir='ltr'>solum</span> <span class='ocrx_word' id='word_1_9' title='bbox 1590 490 1725 554; x_wconf 89' lang='lat' dir='ltr'>hoc,</span> <span class='ocrx_word' id='word_1_10' title='bbox 1784 485 1889 540; x_wconf 83' lang='lat' dir='ltr'>sed</span> <span class='ocrx_word' id='word_1_11' title='bbox 1941 489 1998 539; x_wconf 89' lang='lat' dir='ltr'>et</span> <span class='ocrx_word' id='word_1_12' title='bbox 2051 483 2228 536; x_wconf 81' lang='lat' dir='ltr'>duces</span> 
     </span>
    </p>
   </div>
   <div class='ocr_carea' id='block_1_5' title="bbox 2342 477 3946 554">
    <p class='ocr_par' dir='ltr' id='par_1_5' title="bbox 2342 477 3946 552">
     <span class='ocr_line' id='line_1_5' title="bbox 2342 477 3946 552; baseline 0.003 -26"><span class='ocrx_word' id='word_1_13' title='bbox 2342 486 2472 552; x_wconf 76' lang='grc' dir='ltr'><strong>φωτὶ</strong></span> <span class='ocrx_word' id='word_1_14' title='bbox 2525 487 2619 540; x_wconf 76' lang='grc' dir='ltr'><strong>τῆς</strong></span> <span class='ocrx_word' id='word_1_15' title='bbox 2650 477 2904 538; x_wconf 82' lang='grc' dir='ltr'><strong>ἀληθείας.</strong></span> <span class='ocrx_word' id='word_1_16' title='bbox 2964 483 3061 531; x_wconf 81' lang='grc' dir='ltr'><strong>Καὶ</strong></span> <span class='ocrx_word' id='word_1_17' title='bbox 3113 483 3185 550; x_wconf 81' lang='grc' dir='ltr'><strong>μὴ</strong></span> <span class='ocrx_word' id='word_1_18' title='bbox 3249 485 3399 529; x_wconf 76' lang='grc' dir='ltr'><strong>τοῦτο</strong></span> <span class='ocrx_word' id='word_1_19' title='bbox 3446 482 3619 549; x_wconf 75' lang='grc' dir='ltr'>μόνον9</span> <span class='ocrx_word' id='word_1_20' title='bbox 3677 478 3806 529; x_wconf 68' lang='grc' dir='ltr'><strong>ἀλλὰ</strong></span> <span class='ocrx_word' id='word_1_21' title='bbox 3861 486 3946 531; x_wconf 82' lang='grc' dir='ltr'>καὶ</span> 
     </span>
    </p>
   </div>
   <div class='ocr_carea' id='block_1_6' title="bbox 581 570 2230 650">
    <p class='ocr_par' dir='ltr' id='par_1_6' title="bbox 581 570 2230 650">
     <span class='ocr_line' id='line_1_6' title="bbox 581 570 2230 650; baseline -0.006 -16"><span class='ocrx_word' id='word_1_22' title='bbox 581 595 788 634; x_wconf 91' lang='lat' dir='ltr'>eorum</span> <span class='ocrx_word' id='word_1_23' title='bbox 819 579 922 650; x_wconf 89' lang='lat' dir='ltr'>qui</span> <span class='ocrx_word' id='word_1_24' title='bbox 970 579 1047 634; x_wconf 88' lang='lat' dir='ltr'>ab</span> <span class='ocrx_word' id='word_1_25' title='bbox 1094 578 1430 648; x_wconf 84' lang='lat' dir='ltr'>ignorantia</span> <span class='ocrx_word' id='word_1_26' title='bbox 1485 578 1923 649; x_wconf 85' lang='lat' dir='ltr'>Scripturarum</span> <span class='ocrx_word' id='word_1_27' title='bbox 1953 570 2230 628; x_wconf 69' lang='lat' dir='ltr'>exceecati</span> 
     </span>
    </p>
   </div>
   <div class='ocr_carea' id='block_1_7' title="bbox 583 662 2230 739">
    <p class='ocr_par' dir='ltr' id='par_1_7' title="bbox 583 662 2230 739">
     <span class='ocr_line' id='line_1_7' title="bbox 583 662 2230 739; baseline -0.005 -16"><span class='ocrx_word' id='word_1_28' title='bbox 583 676 738 723; x_wconf 89' lang='lat' dir='ltr'>sunt.</span> <span class='ocrx_word' id='word_1_29' title='bbox 772 667 1005 724; x_wconf 83' lang='lat' dir='ltr'>Grande</span> <span class='ocrx_word' id='word_1_30' title='bbox 1048 666 1348 739; x_wconf 87' lang='lat' dir='ltr'>siquidem</span> <span class='ocrx_word' id='word_1_31' title='bbox 1393 665 1619 722; x_wconf 90' lang='lat' dir='ltr'>malum</span> <span class='ocrx_word' id='word_1_32' title='bbox 1665 668 1750 720; x_wconf 89' lang='lat' dir='ltr'>est</span> <span class='ocrx_word' id='word_1_33' title='bbox 1793 662 2053 734; x_wconf 83' lang='lat' dir='ltr'>aliquem</span> <span class='ocrx_word' id='word_1_34' title='bbox 2099 674 2230 714; x_wconf 88' lang='lat' dir='ltr'>esse</span> 
     </span>
    </p>
   </div>
   <div class='ocr_carea' id='block_1_8' title="bbox 581 747 2232 828">
    <p class='ocr_par' dir='ltr' id='par_1_8' title="bbox 581 747 2232 828">
     <span class='ocr_line' id='line_1_8' title="bbox 581 747 2232 828; baseline -0.005 -16"><span class='ocrx_word' id='word_1_35' title='bbox 581 773 807 812; x_wconf 66' lang='lat' dir='ltr'>caecum</span> <span class='ocrx_word' id='word_1_36' title='bbox 838 774 848 812; x_wconf 94' lang='lat'><strong>:</strong></span> <span class='ocrx_word' id='word_1_37' title='bbox 885 773 1019 812; x_wconf 90' lang='lat' dir='ltr'>eum</span> <span class='ocrx_word' id='word_1_38' title='bbox 1067 772 1204 812; x_wconf 89' lang='lat' dir='ltr'>vero</span> <span class='ocrx_word' id='word_1_39' title='bbox 1234 757 1338 828; x_wconf 87' lang='lat' dir='ltr'>qui</span> <span class='ocrx_word' id='word_1_40' title='bbox 1370 771 1563 811; x_wconf 68' lang='lat' dir='ltr'>caecus</span> <span class='ocrx_word' id='word_1_41' title='bbox 1593 760 1700 820; x_wconf 91' lang='lat' dir='ltr'>est,</span> <span class='ocrx_word' id='word_1_42' title='bbox 1734 753 2020 808; x_wconf 80' lang='lat' dir='ltr'>ducatum</span> <span class='ocrx_word' id='word_1_43' title='bbox 2065 747 2232 804; x_wconf 91' lang='lat' dir='ltr'>alteri</span> 
     </span>
    </p>
   </div>
   <div class='ocr_carea' id='block_1_9' title="bbox 582 843 1868 916">
    <p class='ocr_par' dir='ltr' id='par_1_9' title="bbox 582 843 1868 916">
     <span class='ocr_line' id='line_1_9' title="bbox 582 843 1868 916; baseline -0.005 -14"><span class='ocrx_word' id='word_1_44' title='bbox 582 862 733 902; x_wconf 67' lang='lat' dir='ltr'>caeco</span> <span class='ocrx_word' id='word_1_45' title='bbox 766 851 1054 916; x_wconf 71' lang='lat' dir='ltr'>praestare,</span> <span class='ocrx_word' id='word_1_46' title='bbox 1083 845 1297 916; x_wconf 86' lang='lat' dir='ltr'>duplex</span> <span class='ocrx_word' id='word_1_47' title='bbox 1327 849 1480 899; x_wconf 90' lang='lat' dir='ltr'>certe</span> <span class='ocrx_word' id='word_1_48' title='bbox 1510 843 1733 898; x_wconf 88' lang='lat' dir='ltr'>malum</span> <span class='ocrx_word' id='word_1_49' title='bbox 1759 846 1868 897; x_wconf 89' lang='lat' dir='ltr'>est.</span> 
     </span>
    </p>
   </div>
   <div class='ocr_carea' id='block_1_10' title="bbox 656 946 2227 1007">
    <p class='ocr_par' dir='ltr' id='par_1_10' title="bbox 656 946 2227 1007">
     <span class='ocr_line' id='line_1_10' title="bbox 656 946 2227 1007; baseline -0.006 0"><span class='ocrx_word' id='word_1_50' title='bbox 656 955 794 1007; x_wconf 89' lang='lat' dir='ltr'>Vers</span> <span class='ocrx_word' id='word_1_51' title='bbox 826 954 909 1006; x_wconf 78' lang='grc'>14.</span> <span class='ocrx_word' id='word_1_52' title='bbox 954 953 1152 1006; x_wconf 64' lang='lat' dir='ltr'>Caecus</span> <span class='ocrx_word' id='word_1_53' title='bbox 1181 982 1250 990; x_wconf 93' lang='lat'><strong>-</strong></span> <span class='ocrx_word' id='word_1_54' title='bbox 1279 951 1525 1006; x_wconf 86' lang='lat' dir='ltr'>cadunt.</span> <span class='ocrx_word' id='word_1_55' title='bbox 1559 950 1676 1003; x_wconf 83' lang='lat' dir='ltr'>Hoc</span> <span class='ocrx_word' id='word_1_56' title='bbox 1708 946 2091 1002; x_wconf 82' lang='lat' dir='ltr'>manifestum</span> <span class='ocrx_word' id='word_1_57' title='bbox 2122 949 2227 1000; x_wconf 91' lang='lat' dir='ltr'>est.</span> 
     </span>
    </p>
   </div>
   <div class='ocr_carea' id='block_1_11' title="bbox 653 1051 2231 1123">
    <p class='ocr_par' dir='ltr' id='par_1_11' title="bbox 653 1051 2231 1123">
     <span class='ocr_line' id='line_1_11' title="bbox 653 1051 2231 1123; baseline -0.004 -15"><span class='ocrx_word' id='word_1_58' title='bbox 653 1057 810 1108; x_wconf 89' lang='lat' dir='ltr'>Vers.</span> <span class='ocrx_word' id='word_1_59' title='bbox 854 1054 942 1108; x_wconf 79' lang='grc'>15.</span> <span class='ocrx_word' id='word_1_60' title='bbox 996 1053 1354 1123; x_wconf 82' lang='lat' dir='ltr'>Respondens</span> <span class='ocrx_word' id='word_1_61' title='bbox 1407 1082 1475 1091; x_wconf 89' lang='lat'>—</span> <span class='ocrx_word' id='word_1_62' title='bbox 1535 1052 1705 1107; x_wconf 88' lang='lat' dir='ltr'>hanc.</span> <span class='ocrx_word' id='word_1_63' title='bbox 1761 1052 1984 1105; x_wconf 88' lang='lat' dir='ltr'>Marcus</span> <span class='ocrx_word' id='word_1_64' title='bbox 2031 1051 2231 1102; x_wconf 87' lang='lat' dir='ltr'>autem</span> 
     </span>
    </p>
   </div>
   <div class='ocr_carea' id='block_1_12' title="bbox 581 1139 2232 1210">
    <p class='ocr_par' dir='ltr' id='par_1_12' title="bbox 581 1139 2232 1210">
     <span class='ocr_line' id='line_1_12' title="bbox 581 1139 2232 1210; baseline -0.004 -13"><span class='ocrx_word' id='word_1_65' title='bbox 581 1141 729 1197; x_wconf 85' lang='lat' dir='ltr'>dixit</span> <span class='ocrx_word' id='word_1_66' title='bbox 761 1157 774 1195; x_wconf 93' lang='lat'>:</span> <span class='ocrx_word' id='word_1_67' title='bbox 807 1141 886 1196; x_wconf 85' lang='lat' dir='ltr'>Et</span> <span class='ocrx_word' id='word_1_68' title='bbox 916 1155 1048 1196; x_wconf 86' lang='lat' dir='ltr'>cum</span> <span class='ocrx_word' id='word_1_69' title='bbox 1089 1143 1380 1210; x_wconf 80' lang='lat' dir='ltr'>ingressus</span> <span class='ocrx_word' id='word_1_70' title='bbox 1425 1145 1570 1196; x_wconf 80' lang='lat' dir='ltr'><strong><em>esset</em></strong></span> <span class='ocrx_word' id='word_1_71' title='bbox 1615 1139 1853 1193; x_wconf 89' lang='lat' dir='ltr'>domum</span> <span class='ocrx_word' id='word_1_72' title='bbox 1901 1140 2147 1192; x_wconf 85' lang='lat' dir='ltr'>semotus</span> <span class='ocrx_word' id='word_1_73' title='bbox 2195 1149 2232 1190; x_wconf 89' lang='lat' dir='ltr'>a</span> 
     </span>
    </p>
   </div>
   <div class='ocr_carea' id='block_1_13' title="bbox 583 1225 2233 1298">
    <p class='ocr_par' dir='ltr' id='par_1_13' title="bbox 583 1225 2233 1298">
     <span class='ocr_line' id='line_1_13' title="bbox 583 1225 2233 1298; baseline -0.004 -12"><span class='ocrx_word' id='word_1_74' title='bbox 583 1230 778 1293; x_wconf 85' lang='lat' dir='ltr'>turba,</span> <span class='ocrx_word' id='word_1_75' title='bbox 817 1230 1322 1298; x_wconf 86' lang='lat' dir='ltr'>interrogaverunt</span> <span class='ocrx_word' id='word_1_76' title='bbox 1367 1243 1498 1284; x_wconf 88' lang='lat' dir='ltr'>eum</span> <span class='ocrx_word' id='word_1_77' title='bbox 1539 1225 1806 1298; x_wconf 78' lang='lat' dir='ltr'>discipuli</span> <span class='ocrx_word' id='word_1_78' title='bbox 1853 1227 1981 1294; x_wconf 84' lang='lat' dir='ltr'>ejus</span> <span class='ocrx_word' id='word_1_79' title='bbox 2023 1225 2096 1280; x_wconf 90' lang='lat' dir='ltr'>de</span> <span class='ocrx_word' id='word_1_80' title='bbox 2129 1239 2233 1292; x_wconf 81' lang='lat' dir='ltr'>pa-</span> 
     </span>
    </p>
   </div>
   <div class='ocr_carea' id='block_1_14' title="bbox 581 1312 2234 1384">
    <p class='ocr_par' dir='ltr' id='par_1_14' title="bbox 581 1312 2234 1384">
     <span class='ocr_line' id='line_1_14' title="bbox 581 1312 2234 1384; baseline -0.005 -10"><span class='ocrx_word' id='word_1_81' title='bbox 581 1318 865 1376; x_wconf 72' lang='lat' dir='ltr'>rabota”.</span> <span class='ocrx_word' id='word_1_82' title='bbox 910 1319 1056 1373; x_wconf 90' lang='lat' dir='ltr'>Cum</span> <span class='ocrx_word' id='word_1_83' title='bbox 1100 1317 1260 1372; x_wconf 92' lang='lat' dir='ltr'>enim</span> <span class='ocrx_word' id='word_1_84' title='bbox 1304 1319 1506 1372; x_wconf 83' lang='lat' dir='ltr'>Petrus</span> <span class='ocrx_word' id='word_1_85' title='bbox 1554 1315 1912 1379; x_wconf 85' lang='lat' dir='ltr'>inchoasset,</span> <span class='ocrx_word' id='word_1_86' title='bbox 1958 1312 2057 1368; x_wconf 90' lang='lat' dir='ltr'>alii</span> <span class='ocrx_word' id='word_1_87' title='bbox 2087 1327 2234 1384; x_wconf 85' lang='lat' dir='ltr'>quo-</span> 
     </span>
    </p>
   </div>
   <div class='ocr_carea' id='block_1_15' title="bbox 581 1403 2230 1480">
    <p class='ocr_par' dir='ltr' id='par_1_15' title="bbox 581 1403 2230 1480">
     <span class='ocr_line' id='line_1_15' title="bbox 581 1403 2230 1480; baseline -0.004 -16"><span class='ocrx_word' id='word_1_88' title='bbox 581 1424 699 1480; x_wconf 90' lang='lat' dir='ltr'>que</span> <span class='ocrx_word' id='word_1_89' title='bbox 750 1407 969 1478; x_wconf 90' lang='lat' dir='ltr'>pariter</span> <span class='ocrx_word' id='word_1_90' title='bbox 1031 1406 1558 1476; x_wconf 88' lang='lat' dir='ltr'>interrogaverunt.</span> <span class='ocrx_word' id='word_1_91' title='bbox 1612 1403 1962 1460; x_wconf 84' lang='lat' dir='ltr'>Parabolam</span> <span class='ocrx_word' id='word_1_92' title='bbox 2033 1411 2230 1458; x_wconf 87' lang='lat' dir='ltr'>autem</span> 
     </span>
    </p>
   </div>
   <div class='ocr_carea' id='block_1_16' title="bbox 581 1491 2226 1566">
    <p class='ocr_par' dir='ltr' id='par_1_16' title="bbox 581 1491 2226 1566">
     <span class='ocr_line' id='line_1_16' title="bbox 581 1491 2226 1566; baseline -0.005 -14"><span class='ocrx_word' id='word_1_93' title='bbox 581 1500 801 1552; x_wconf 90' lang='lat' dir='ltr'>vocant</span> <span class='ocrx_word' id='word_1_94' title='bbox 828 1495 1056 1550; x_wconf 58' lang='lat' dir='ltr'>Hebraei</span> <span class='ocrx_word' id='word_1_95' title='bbox 1103 1495 1357 1566; x_wconf 58' lang='lat' dir='ltr'>aenigma</span> <span class='ocrx_word' id='word_1_96' title='bbox 1412 1499 1468 1550; x_wconf 88' lang='lat' dir='ltr'>et</span> <span class='ocrx_word' id='word_1_97' title='bbox 1498 1507 1839 1548; x_wconf 83' lang='lat' dir='ltr'>sermonem</span> <span class='ocrx_word' id='word_1_98' title='bbox 1882 1491 2226 1546; x_wconf 87' lang='lat' dir='ltr'>obscurum.</span> 
     </span>
    </p>
   </div>
   <div class='ocr_carea' id='block_1_17' title="bbox 582 1581 2564 1672">
    <p class='ocr_par' dir='ltr' id='par_1_17' title="bbox 582 1581 2564 1672">
     <span class='ocr_line' id='line_1_17' title="bbox 582 1581 2564 1672; baseline -0.003 -32"><span class='ocrx_word' id='word_1_99' title='bbox 582 1583 1172 1656; x_wconf 83' lang='lat' dir='ltr'>Nemquiasupcrius</span> <span class='ocrx_word' id='word_1_100' title='bbox 1189 1583 1418 1638; x_wconf 88' lang='lat' dir='ltr'>dixerat</span> <span class='ocrx_word' id='word_1_101' title='bbox 1436 1583 1720 1648; x_wconf 87' lang='lat' dir='ltr'>Christus,</span> <span class='ocrx_word' id='word_1_102' title='bbox 1746 1582 1910 1648; x_wconf 86' lang='lat' dir='ltr'>Quod</span> <span class='ocrx_word' id='word_1_103' title='bbox 1937 1581 2232 1672; x_wconf 60' lang='lat' dir='ltr'>egreditur</span> <span class='ocrx_word' id='word_1_104' title='bbox 2263 1619 2304 1672; x_wconf 74' lang='grc' dir='ltr'>Β</span> <span class='ocrx_word' id='word_1_105' title='bbox 2339 1602 2564 1671; x_wconf 71' lang='grc' dir='ltr'>χριστὸς</span> 
     </span>
    </p>
   </div>
   <div class='ocr_carea' id='block_1_18' title="bbox 583 1669 2226 1742">
    <p class='ocr_par' dir='ltr' id='par_1_18' title="bbox 583 1669 2226 1742">
     <span class='ocr_line' id='line_1_18' title="bbox 583 1669 2226 1742; baseline -0.004 -13"><span class='ocrx_word' id='word_1_106' title='bbox 583 1673 650 1728; x_wconf 79' lang='lat' dir='ltr'>de</span> <span class='ocrx_word' id='word_1_107' title='bbox 696 1688 798 1729; x_wconf 83' lang='lat' dir='ltr'>ore</span> <span class='ocrx_word' id='word_1_108' title='bbox 843 1674 951 1729; x_wconf 91' lang='lat' dir='ltr'>hoc</span> <span class='ocrx_word' id='word_1_109' title='bbox 981 1673 1279 1742; x_wconf 84' lang='lat' dir='ltr'>impurum</span> <span class='ocrx_word' id='word_1_110' title='bbox 1329 1672 1521 1727; x_wconf 78' lang='lat' dir='ltr'>reddit</span> <span class='ocrx_word' id='word_1_111' title='bbox 1562 1672 1840 1727; x_wconf 84' lang='lat' dir='ltr'>hominem</span> <span class='ocrx_word' id='word_1_112' title='bbox 1874 1671 1942 1732; x_wconf 75' lang='grc'>³³,</span> <span class='ocrx_word' id='word_1_113' title='bbox 1991 1669 2226 1734; x_wconf 86' lang='lat' dir='ltr'>deinde,</span> 
     </span>
    </p>
   </div>
   <div class='ocr_carea' id='block_1_19' title="bbox 585 1758 2228 1831">
    <p class='ocr_par' dir='ltr' id='par_1_19' title="bbox 585 1758 2228 1831">
     <span class='ocr_line' id='line_1_19' title="bbox 585 1758 2228 1831; baseline -0.002 -15"><span class='ocrx_word' id='word_1_114' title='bbox 585 1762 736 1818; x_wconf 80' lang='lat' dir='ltr'>sicut</span> <span class='ocrx_word' id='word_1_115' title='bbox 785 1760 958 1816; x_wconf 79' lang='lat' dir='ltr'>refert</span> <span class='ocrx_word' id='word_1_116' title='bbox 1009 1762 1254 1827; x_wconf 86' lang='lat' dir='ltr'>Marcus,</span> <span class='ocrx_word' id='word_1_117' title='bbox 1311 1760 1717 1831; x_wconf 90' lang='lat' dir='ltr'>subjunxerat,</span> <span class='ocrx_word' id='word_1_118' title='bbox 1773 1760 1841 1815; x_wconf 87' lang='lat' dir='ltr'>Si</span> <span class='ocrx_word' id='word_1_119' title='bbox 1882 1761 2013 1828; x_wconf 84' lang='lat' dir='ltr'>quis</span> <span class='ocrx_word' id='word_1_120' title='bbox 2061 1758 2228 1813; x_wconf 82' lang='lat' dir='ltr'>habet</span> 
     </span>
    </p>
   </div>
   <div class='ocr_carea' id='block_1_20' title="bbox 582 1847 2230 1913">
    <p class='ocr_par' dir='ltr' id='par_1_20' title="bbox 582 1847 2230 1913">
     <span class='ocr_line' id='line_1_20' title="bbox 582 1847 2230 1913; baseline -0.001 -9"><span class='ocrx_word' id='word_1_121' title='bbox 582 1864 753 1906; x_wconf 85' lang='lat' dir='ltr'>aures</span> <span class='ocrx_word' id='word_1_122' title='bbox 781 1849 862 1905; x_wconf 90' lang='lat' dir='ltr'>ad</span> <span class='ocrx_word' id='word_1_123' title='bbox 890 1849 1251 1905; x_wconf 84' lang='lat' dir='ltr'>audiendum</span> <span class='ocrx_word' id='word_1_124' title='bbox 1280 1849 1492 1904; x_wconf 82' lang='lat' dir='ltr'>audiat</span> <span class='ocrx_word' id='word_1_125' title='bbox 1519 1850 1587 1913; x_wconf 69' lang='grc'><strong>⁵⁸,</strong></span> <span class='ocrx_word' id='word_1_126' title='bbox 1622 1848 1780 1902; x_wconf 87' lang='lat' dir='ltr'>visus</span> <span class='ocrx_word' id='word_1_127' title='bbox 1809 1857 1894 1902; x_wconf 88' lang='lat' dir='ltr'>est</span> <span class='ocrx_word' id='word_1_128' title='bbox 1923 1847 2006 1901; x_wconf 91' lang='lat' dir='ltr'>eis</span> <span class='ocrx_word' id='word_1_129' title='bbox 2037 1862 2230 1902; x_wconf 89' lang='lat' dir='ltr'>sermo</span> 
     </span>
    </p>
   </div>
   <div class='ocr_carea' id='block_1_21' title="bbox 583 1935 2230 2008">
    <p class='ocr_par' dir='ltr' id='par_1_21' title="bbox 583 1935 2230 2008">
     <span class='ocr_line' id='line_1_21' title="bbox 583 1935 2230 2008; baseline -0.003 -13"><span class='ocrx_word' id='word_1_130' title='bbox 583 1938 901 2002; x_wconf 86' lang='lat' dir='ltr'>obscurus,</span> <span class='ocrx_word' id='word_1_131' title='bbox 924 1943 980 1993; x_wconf 91' lang='lat' dir='ltr'>et</span> <span class='ocrx_word' id='word_1_132' title='bbox 1008 1937 1142 1993; x_wconf 91' lang='lat' dir='ltr'>ideo</span> <span class='ocrx_word' id='word_1_133' title='bbox 1157 1936 1494 2008; x_wconf 89' lang='lat' dir='ltr'>parabolam</span> <span class='ocrx_word' id='word_1_134' title='bbox 1523 1936 1690 1992; x_wconf 89' lang='lat' dir='ltr'>illum</span> <span class='ocrx_word' id='word_1_135' title='bbox 1705 1941 1986 1992; x_wconf 86' lang='lat' dir='ltr'>vocantes</span> <span class='ocrx_word' id='word_1_136' title='bbox 2005 1935 2078 1990; x_wconf 90' lang='lat' dir='ltr'>de</span> <span class='ocrx_word' id='word_1_137' title='bbox 2101 1935 2230 2006; x_wconf 91' lang='lat' dir='ltr'>ipso</span> 
     </span>
    </p>
   </div>
   <div class='ocr_carea' id='block_1_22' title="bbox 583 2025 971 2095">
    <p class='ocr_par' dir='ltr' id='par_1_22' title="bbox 583 2025 971 2095">
     <span class='ocr_line' id='line_1_22' title="bbox 583 2025 971 2095; baseline -0.005 -13"><span class='ocrx_word' id='word_1_138' title='bbox 583 2025 971 2095; x_wconf 87' lang='lat' dir='ltr'>interrogant.</span> 
     </span>
    </p>
   </div>
   <div class='ocr_carea' id='block_1_23' title="bbox 653 2130 2232 2190">
    <p class='ocr_par' dir='ltr' id='par_1_23' title="bbox 653 2130 2232 2190">
     <span class='ocr_line' id='line_1_23' title="bbox 653 2130 2232 2190; baseline -0.001 -4"><span class='ocrx_word' id='word_1_139' title='bbox 653 2132 820 2189; x_wconf 89' lang='lat' dir='ltr'>Vers.</span> <span class='ocrx_word' id='word_1_140' title='bbox 853 2132 940 2186; x_wconf 89' lang='grc'><strong>16.</strong></span> <span class='ocrx_word' id='word_1_141' title='bbox 961 2133 1133 2188; x_wconf 85' lang='lat' dir='ltr'>Jesus</span> <span class='ocrx_word' id='word_1_142' title='bbox 1155 2139 1344 2190; x_wconf 88' lang='lat' dir='ltr'>autem</span> <span class='ocrx_word' id='word_1_143' title='bbox 1368 2163 1437 2175; x_wconf 91' lang='lat'><em>—</em></span> <span class='ocrx_word' id='word_1_144' title='bbox 1463 2132 1530 2188; x_wconf 84' lang='lat'>\&#39;.</span> <span class='ocrx_word' id='word_1_145' title='bbox 1570 2137 1649 2188; x_wconf 85' lang='grc'><strong>17.</strong></span> <span class='ocrx_word' id='word_1_146' title='bbox 1682 2133 1989 2190; x_wconf 77' lang='lat' dir='ltr'>emittitur.</span> <span class='ocrx_word' id='word_1_147' title='bbox 2019 2130 2232 2188; x_wconf 91' lang='lat' dir='ltr'>Omnia</span> 
     </span>
    </p>
   </div>
   <div class='ocr_carea' id='block_1_24' title="bbox 581 2219 1865 2292">
    <p class='ocr_par' dir='ltr' id='par_1_24' title="bbox 581 2219 1865 2292">
     <span class='ocr_line' id='line_1_24' title="bbox 581 2219 1865 2292; baseline -0.002 -14"><span class='ocrx_word' id='word_1_148' title='bbox 581 2220 711 2278; x_wconf 69' lang='lat' dir='ltr'>hac</span> <span class='ocrx_word' id='word_1_149' title='bbox 738 2235 846 2292; x_wconf 89' lang='lat' dir='ltr'>per</span> <span class='ocrx_word' id='word_1_150' title='bbox 869 2219 1392 2290; x_wconf 81' lang='lat' dir='ltr'>interrogationem</span> <span class='ocrx_word' id='word_1_151' title='bbox 1420 2220 1678 2291; x_wconf 88' lang='lat' dir='ltr'>legenda</span> <span class='ocrx_word' id='word_1_152' title='bbox 1706 2225 1865 2276; x_wconf 85' lang='lat' dir='ltr'>sunt.</span> 
     </span>
    </p>
   </div>
   <div class='ocr_carea' id='block_1_25' title="bbox 651 2318 2232 2390">
    <p class='ocr_par' dir='ltr' id='par_1_25' title="bbox 651 2318 2232 2390">
     <span class='ocr_line' id='line_1_25' title="bbox 651 2318 2232 2390; baseline -0.003 -16"><span class='ocrx_word' id='word_1_153' title='bbox 651 2318 886 2375; x_wconf 86' lang='lat' dir='ltr'>Marcus</span> <span class='ocrx_word' id='word_1_154' title='bbox 915 2321 1114 2375; x_wconf 88' lang='lat' dir='ltr'>autem</span> <span class='ocrx_word' id='word_1_155' title='bbox 1144 2322 1469 2390; x_wconf 86' lang='lat' dir='ltr'>potsquam</span> <span class='ocrx_word' id='word_1_156' title='bbox 1499 2318 1646 2374; x_wconf 84' lang='lat' dir='ltr'>dixit</span> <span class='ocrx_word' id='word_1_157' title='bbox 1678 2334 1691 2373; x_wconf 91' lang='lat'><strong>:</strong></span> <span class='ocrx_word' id='word_1_158' title='bbox 1723 2319 1800 2374; x_wconf 87' lang='lat' dir='ltr'>Et</span> <span class='ocrx_word' id='word_1_159' title='bbox 1825 2318 1889 2372; x_wconf 83' lang='lat' dir='ltr'>in</span> <span class='ocrx_word' id='word_1_160' title='bbox 1915 2331 2232 2372; x_wconf 77' lang='lat' dir='ltr'>successum</span> 
     </span>
    </p>
   </div>
   <div class='ocr_carea' id='block_1_26' title="bbox 581 2405 2228 2478">
    <p class='ocr_par' dir='ltr' id='par_1_26' title="bbox 581 2405 2228 2478">
     <span class='ocr_line' id='line_1_26' title="bbox 581 2405 2228 2478; baseline -0.003 -14"><span class='ocrx_word' id='word_1_161' title='bbox 581 2408 906 2478; x_wconf 82' lang='lat' dir='ltr'>egreditur,</span> <span class='ocrx_word' id='word_1_162' title='bbox 968 2405 1175 2462; x_wconf 87' lang='lat' dir='ltr'>addit:</span> <span class='ocrx_word' id='word_1_163' title='bbox 1220 2407 1388 2473; x_wconf 82' lang='lat' dir='ltr'>Quod</span> <span class='ocrx_word' id='word_1_164' title='bbox 1439 2411 1665 2476; x_wconf 82' lang='lat' dir='ltr'>purgat</span> <span class='ocrx_word' id='word_1_165' title='bbox 1710 2420 1902 2462; x_wconf 83' lang='lat' dir='ltr'>omnes</span> <span class='ocrx_word' id='word_1_166' title='bbox 1958 2419 2117 2460; x_wconf 87' lang='lat' dir='ltr'>escas</span> <span class='ocrx_word' id='word_1_167' title='bbox 2159 2405 2228 2468; x_wconf 75' lang='grc'>⁸⁸.</span> 
     </span>
    </p>
   </div>
   <div class='ocr_carea' id='block_1_27' title="bbox 581 2493 2233 2567">
    <p class='ocr_par' dir='ltr' id='par_1_27' title="bbox 581 2493 2233 2567">
     <span class='ocr_line' id='line_1_27' title="bbox 581 2493 2233 2567; baseline -0.003 -15"><span class='ocrx_word' id='word_1_168' title='bbox 581 2496 697 2552; x_wconf 94' lang='lat' dir='ltr'>hoc</span> <span class='ocrx_word' id='word_1_169' title='bbox 726 2500 813 2552; x_wconf 93' lang='lat' dir='ltr'>est</span> <span class='ocrx_word' id='word_1_170' title='bbox 846 2510 1024 2567; x_wconf 89' lang='lat' dir='ltr'>puras</span> <span class='ocrx_word' id='word_1_171' title='bbox 1061 2495 1355 2566; x_wconf 88' lang='lat' dir='ltr'>relinquit.</span> <span class='ocrx_word' id='word_1_172' title='bbox 1390 2495 1563 2549; x_wconf 74' lang='lat' dir='ltr'>Dictaa</span> <span class='ocrx_word' id='word_1_173' title='bbox 1598 2495 1757 2550; x_wconf 88' lang='lat' dir='ltr'>enim</span> <span class='ocrx_word' id='word_1_174' title='bbox 1802 2493 2009 2548; x_wconf 89' lang='lat' dir='ltr'>sordes</span> <span class='ocrx_word' id='word_1_175' title='bbox 2044 2493 2105 2548; x_wconf 88' lang='lat' dir='ltr'>in</span> <span class='ocrx_word' id='word_1_176' title='bbox 2147 2508 2233 2547; x_wconf 87' lang='lat' dir='ltr'>se-</span> 
     </span>
    </p>
   </div>
   <div class='ocr_carea' id='block_1_28' title="bbox 582 2581 2232 2654">
    <p class='ocr_par' dir='ltr' id='par_1_28' title="bbox 582 2581 2232 2654">
     <span class='ocr_line' id='line_1_28' title="bbox 582 2581 2232 2654; baseline -0.003 -14"><span class='ocrx_word' id='word_1_177' title='bbox 582 2599 812 2640; x_wconf 89' lang='lat' dir='ltr'>cessum</span> <span class='ocrx_word' id='word_1_178' title='bbox 884 2599 1154 2654; x_wconf 67' lang='lat' dir='ltr'>egresste,</span> <span class='ocrx_word' id='word_1_179' title='bbox 1225 2598 1377 2654; x_wconf 86' lang='lat' dir='ltr'>pura</span> <span class='ocrx_word' id='word_1_180' title='bbox 1444 2582 1788 2652; x_wconf 90' lang='lat' dir='ltr'>relinquunt</span> <span class='ocrx_word' id='word_1_181' title='bbox 1865 2597 2000 2653; x_wconf 63' lang='lat' dir='ltr'>quae</span> <span class='ocrx_word' id='word_1_182' title='bbox 2075 2581 2232 2636; x_wconf 93' lang='lat' dir='ltr'>intus</span> 
     </span>
    </p>
   </div>
   <div class='ocr_carea' id='block_1_29' title="bbox 582 2669 2229 2741">
    <p class='ocr_par' dir='ltr' id='par_1_29' title="bbox 582 2669 2229 2741">
     <span class='ocr_line' id='line_1_29' title="bbox 582 2669 2229 2741; baseline -0.002 -13"><span class='ocrx_word' id='word_1_183' title='bbox 582 2677 892 2729; x_wconf 87' lang='lat' dir='ltr'>remanent</span> <span class='ocrx_word' id='word_1_184' title='bbox 961 2671 1257 2741; x_wconf 86' lang='lat' dir='ltr'>alimenta,</span> <span class='ocrx_word' id='word_1_185' title='bbox 1332 2685 1466 2741; x_wconf 75' lang='lat' dir='ltr'>quea</span> <span class='ocrx_word' id='word_1_186' title='bbox 1536 2669 1808 2726; x_wconf 83' lang='lat' dir='ltr'>videlicet</span> <span class='ocrx_word' id='word_1_187' title='bbox 1865 2674 2084 2725; x_wconf 89' lang='lat' dir='ltr'>natura</span> <span class='ocrx_word' id='word_1_188' title='bbox 2143 2685 2229 2725; x_wconf 91' lang='lat' dir='ltr'>re-</span> 
     </span>
    </p>
   </div>
   <div class='ocr_carea' id='block_1_30' title="bbox 584 2759 779 2816">
    <p class='ocr_par' dir='ltr' id='par_1_30' title="bbox 584 2759 779 2816">
     <span class='ocr_line' id='line_1_30' title="bbox 584 2759 779 2816; baseline -0.01 -2"><span class='ocrx_word' id='word_1_189' title='bbox 584 2759 779 2816; x_wconf 87' lang='lat' dir='ltr'>tinuit.</span> 
     </span>
    </p>
   </div>
   <div class='ocr_carea' id='block_1_31' title="bbox 655 2950 2229 3028">
    <p class='ocr_par' dir='ltr' id='par_1_31' title="bbox 655 2950 2229 3028">
     <span class='ocr_line' id='line_1_31' title="bbox 655 2950 2229 3028; baseline 0.002 -22"><span class='ocrx_word' id='word_1_190' title='bbox 655 2956 698 3024; x_wconf 64' lang='grc' dir='ltr'>-ι-</span> <span class='ocrx_word' id='word_1_191' title='bbox 740 2950 908 3028; x_wconf 69' lang='lat' dir='ltr'>&quot;Eripe:</span> <span class='ocrx_word' id='word_1_192' title='bbox 942 2953 1187 3026; x_wconf 81' lang='lat' dir='ltr'>quidem</span> <span class='ocrx_word' id='word_1_193' title='bbox 1227 2953 1378 3010; x_wconf 86' lang='lat' dir='ltr'>inter</span> <span class='ocrx_word' id='word_1_194' title='bbox 1410 2953 1528 3010; x_wconf 92' lang='lat' dir='ltr'>alia</span> <span class='ocrx_word' id='word_1_195' title='bbox 1561 2954 1854 3026; x_wconf 83' lang='lat' dir='ltr'>signiﬁcat</span> <span class='ocrx_word' id='word_1_196' title='bbox 1890 2954 2068 3010; x_wconf 90' lang='lat' dir='ltr'>etiam</span> <span class='ocrx_word' id='word_1_197' title='bbox 2107 2969 2229 3009; x_wconf 88' lang='lat' dir='ltr'>cor-</span> 
     </span>
    </p>
   </div>
   <div class='ocr_carea' id='block_1_32' title="bbox 585 3041 2232 3115">
    <p class='ocr_par' dir='ltr' id='par_1_32' title="bbox 585 3041 2232 3115">
     <span class='ocr_line' id='line_1_32' title="bbox 585 3041 2232 3115; baseline 0.001 -19"><span class='ocrx_word' id='word_1_198' title='bbox 585 3042 752 3114; x_wconf 84' lang='lat' dir='ltr'>poris</span> <span class='ocrx_word' id='word_1_199' title='bbox 775 3046 1005 3114; x_wconf 90' lang='lat' dir='ltr'>partem</span> <span class='ocrx_word' id='word_1_200' title='bbox 1025 3057 1147 3114; x_wconf 89' lang='lat' dir='ltr'>qua</span> <span class='ocrx_word' id='word_1_201' title='bbox 1167 3041 1418 3098; x_wconf 87' lang='lat' dir='ltr'>sedetur.</span> <span class='ocrx_word' id='word_1_202' title='bbox 1444 3044 1584 3114; x_wconf 86' lang='lat' dir='ltr'>Ejus</span> <span class='ocrx_word' id='word_1_203' title='bbox 1605 3048 1803 3100; x_wconf 90' lang='lat' dir='ltr'>autem</span> <span class='ocrx_word' id='word_1_204' title='bbox 1830 3043 2232 3115; x_wconf 90' lang='lat' dir='ltr'>compositum</span> 
     </span>
    </p>
   </div>
   <div class='ocr_carea' id='block_1_33' title="bbox 587 3125 2234 3204">
    <p class='ocr_par' dir='ltr' id='par_1_33' title="bbox 587 3125 2234 3204">
     <span class='ocr_line' id='line_1_33' title="bbox 587 3125 2234 3204; baseline 0.002 -24"><span class='ocrx_word' id='word_1_205' title='bbox 587 3125 874 3204; x_wconf 84' lang='grc' dir='ltr'><strong>ἀφρεδρών,</strong></span> <span class='ocrx_word' id='word_1_206' title='bbox 956 3137 1099 3194; x_wconf 86' lang='grc' dir='ltr'><strong>ῶνος,</strong></span> <span class='ocrx_word' id='word_1_207' title='bbox 1154 3129 1395 3186; x_wconf 85' lang='lat' dir='ltr'>inﬁmus</span> <span class='ocrx_word' id='word_1_208' title='bbox 1461 3137 1565 3196; x_wconf 90' lang='lat' dir='ltr'>est,</span> <span class='ocrx_word' id='word_1_209' title='bbox 1634 3129 1722 3186; x_wconf 86' lang='lat' dir='ltr'>vel</span> <span class='ocrx_word' id='word_1_210' title='bbox 1768 3134 2014 3199; x_wconf 90' lang='lat' dir='ltr'>stercus,</span> <span class='ocrx_word' id='word_1_211' title='bbox 2067 3129 2234 3202; x_wconf 89' lang='lat' dir='ltr'>quod</span> 
     </span>
    </p>
   </div>
   <div class='ocr_carea' id='block_1_34' title="bbox 589 3217 936 3274">
    <p class='ocr_par' dir='ltr' id='par_1_34' title="bbox 589 3217 936 3274">
     <span class='ocr_line' id='line_1_34' title="bbox 589 3217 936 3274; baseline 0.003 -2"><span class='ocrx_word' id='word_1_212' title='bbox 589 3217 936 3274; x_wconf 87' lang='lat' dir='ltr'>secernitur.</span> 
     </span>
    </p>
   </div>
   <div class='ocr_carea' id='block_1_35' title="bbox 656 3325 2235 3393">
    <p class='ocr_par' dir='ltr' id='par_1_35' title="bbox 656 3325 2235 3393">
     <span class='ocr_line' id='line_1_35' title="bbox 656 3325 2235 3393; baseline -0.001 -12"><span class='ocrx_word' id='word_1_213' title='bbox 656 3325 816 3381; x_wconf 88' lang='lat' dir='ltr'>Vers.</span> <span class='ocrx_word' id='word_1_214' title='bbox 866 3326 952 3382; x_wconf 92' lang='grc'><strong>18.</strong></span> <span class='ocrx_word' id='word_1_215' title='bbox 1005 3325 1240 3393; x_wconf 68' lang='lat' dir='ltr'>Quz—</span> <span class='ocrx_word' id='word_1_216' title='bbox 1281 3325 1591 3384; x_wconf 79' lang='lat' dir='ltr'>hominem.</span> <span class='ocrx_word' id='word_1_217' title='bbox 1654 3325 1805 3382; x_wconf 84' lang='lat' dir='ltr'>Dixit</span> <span class='ocrx_word' id='word_1_218' title='bbox 1845 3325 2005 3381; x_wconf 91' lang='lat' dir='ltr'>enim</span> <span class='ocrx_word' id='word_1_219' title='bbox 2057 3325 2235 3380; x_wconf 90' lang='lat' dir='ltr'>etiam</span> 
     </span>
    </p>
   </div>
   <div class='ocr_carea' id='block_1_36' title="bbox 584 3413 2236 3488">
    <p class='ocr_par' dir='ltr' id='par_1_36' title="bbox 584 3413 2236 3488">
     <span class='ocr_line' id='line_1_36' title="bbox 584 3413 2236 3488; baseline -0.002 -16"><span class='ocrx_word' id='word_1_220' title='bbox 584 3414 861 3472; x_wconf 82' lang='lat' dir='ltr'>vicesimo</span> <span class='ocrx_word' id='word_1_221' title='bbox 921 3416 1176 3471; x_wconf 88' lang='lat' dir='ltr'>secundo</span> <span class='ocrx_word' id='word_1_222' title='bbox 1245 3416 1458 3488; x_wconf 86' lang='lat' dir='ltr'>capite,</span> <span class='ocrx_word' id='word_1_223' title='bbox 1517 3415 1682 3488; x_wconf 90' lang='lat' dir='ltr'>quod</span> <span class='ocrx_word' id='word_1_224' title='bbox 1745 3432 1817 3471; x_wconf 91' lang='lat' dir='ltr'>ex</span> <span class='ocrx_word' id='word_1_225' title='bbox 1870 3413 2236 3471; x_wconf 87' lang='lat' dir='ltr'>abundantia</span> 
     </span>
    </p>
   </div>
   <div class='ocr_carea' id='block_1_37' title="bbox 583 3503 2235 3576">
    <p class='ocr_par' dir='ltr' id='par_1_37' title="bbox 583 3503 2235 3576">
     <span class='ocr_line' id='line_1_37' title="bbox 583 3503 2235 3576; baseline -0.002 -17"><span class='ocrx_word' id='word_1_226' title='bbox 583 3503 780 3559; x_wconf 86' lang='lat' dir='ltr'>cordis</span> <span class='ocrx_word' id='word_1_227' title='bbox 820 3520 885 3558; x_wconf 92' lang='lat' dir='ltr'>os</span> <span class='ocrx_word' id='word_1_228' title='bbox 915 3503 1177 3576; x_wconf 86' lang='lat' dir='ltr'>loquitur</span> <span class='ocrx_word' id='word_1_229' title='bbox 1202 3505 1272 3556; x_wconf 78' lang='grc'>⁵⁸.</span> <span class='ocrx_word' id='word_1_230' title='bbox 1304 3505 1564 3559; x_wconf 89' lang='lat' dir='ltr'>Primum</span> <span class='ocrx_word' id='word_1_231' title='bbox 1605 3504 1764 3560; x_wconf 89' lang='lat' dir='ltr'>enim</span> <span class='ocrx_word' id='word_1_232' title='bbox 1803 3504 1864 3558; x_wconf 90' lang='lat' dir='ltr'>in</span> <span class='ocrx_word' id='word_1_233' title='bbox 1890 3503 2068 3558; x_wconf 89' lang='lat' dir='ltr'>corde</span> <span class='ocrx_word' id='word_1_234' title='bbox 2099 3517 2235 3558; x_wconf 89' lang='lat' dir='ltr'>con-</span> 
     </span>
    </p>
   </div>
   <div class='ocr_carea' id='block_1_38' title="bbox 584 3591 2236 3664">
    <p class='ocr_par' dir='ltr' id='par_1_38' title="bbox 584 3591 2236 3664">
     <span class='ocr_line' id='line_1_38' title="bbox 584 3591 2236 3664; baseline -0.002 -17"><span class='ocrx_word' id='word_1_235' title='bbox 584 3591 942 3662; x_wconf 89' lang='lat' dir='ltr'>cupiscimus</span> <span class='ocrx_word' id='word_1_236' title='bbox 985 3610 997 3644; x_wconf 90' lang='lat'>:</span> <span class='ocrx_word' id='word_1_237' title='bbox 1037 3591 1252 3648; x_wconf 90' lang='lat' dir='ltr'>deinde</span> <span class='ocrx_word' id='word_1_238' title='bbox 1305 3592 1467 3664; x_wconf 93' lang='lat' dir='ltr'>quod</span> <span class='ocrx_word' id='word_1_239' title='bbox 1531 3591 1930 3646; x_wconf 89' lang='lat' dir='ltr'>desideratum</span> <span class='ocrx_word' id='word_1_240' title='bbox 1979 3596 2089 3654; x_wconf 84' lang='lat' dir='ltr'>est,</span> <span class='ocrx_word' id='word_1_241' title='bbox 2131 3605 2236 3662; x_wconf 91' lang='lat' dir='ltr'>per</span> 
     </span>
    </p>
   </div>
   <div class='ocr_carea' id='block_1_39' title="bbox 584 3679 2234 3749">
    <p class='ocr_par' dir='ltr' id='par_1_39' title="bbox 584 3679 2234 3749">
     <span class='ocr_line' id='line_1_39' title="bbox 584 3679 2234 3749; baseline -0.001 -14"><span class='ocrx_word' id='word_1_242' title='bbox 584 3695 652 3736; x_wconf 89' lang='lat' dir='ltr'>os</span> <span class='ocrx_word' id='word_1_243' title='bbox 680 3680 1017 3743; x_wconf 88' lang='lat' dir='ltr'>educimus,</span> <span class='ocrx_word' id='word_1_244' title='bbox 1051 3686 1106 3736; x_wconf 87' lang='lat' dir='ltr'>et</span> <span class='ocrx_word' id='word_1_245' title='bbox 1135 3680 1220 3734; x_wconf 88' lang='lat' dir='ltr'>ita</span> <span class='ocrx_word' id='word_1_246' title='bbox 1247 3682 1412 3749; x_wconf 90' lang='lat' dir='ltr'>quod</span> <span class='ocrx_word' id='word_1_247' title='bbox 1443 3679 1582 3734; x_wconf 82' lang='lat' dir='ltr'>foris</span> <span class='ocrx_word' id='word_1_248' title='bbox 1612 3679 1960 3747; x_wconf 82' lang='lat' dir='ltr'>ingreditur,</span> <span class='ocrx_word' id='word_1_249' title='bbox 1992 3693 2234 3734; x_wconf 89' lang='lat' dir='ltr'>rursum</span> 
     </span>
    </p>
   </div>
   <div class='ocr_carea' id='block_1_40' title="bbox 587 3765 2235 3836">
    <p class='ocr_par' dir='ltr' id='par_1_40' title="bbox 587 3765 2235 3836">
     <span class='ocr_line' id='line_1_40' title="bbox 587 3765 2235 3836; baseline 0 -16"><span class='ocrx_word' id='word_1_250' title='bbox 587 3766 744 3821; x_wconf 85' lang='lat' dir='ltr'>foras</span> <span class='ocrx_word' id='word_1_251' title='bbox 830 3765 1140 3836; x_wconf 88' lang='lat' dir='ltr'>procedit;</span> <span class='ocrx_word' id='word_1_252' title='bbox 1203 3765 1369 3836; x_wconf 91' lang='lat' dir='ltr'>quod</span> <span class='ocrx_word' id='word_1_253' title='bbox 1437 3771 1637 3820; x_wconf 90' lang='lat' dir='ltr'>autem</span> <span class='ocrx_word' id='word_1_254' title='bbox 1707 3766 1782 3820; x_wconf 82' lang='lat' dir='ltr'>ab</span> <span class='ocrx_word' id='word_1_255' title='bbox 1861 3766 2235 3822; x_wconf 90' lang='lat' dir='ltr'>interioribus</span> 
     </span>
    </p>
   </div>
   <div class='ocr_carea' id='block_1_41' title="bbox 585 3852 2013 3922">
    <p class='ocr_par' dir='ltr' id='par_1_41' title="bbox 585 3852 2013 3922">
     <span class='ocr_line' id='line_1_41' title="bbox 585 3852 2013 3922; baseline 0.002 -15"><span class='ocrx_word' id='word_1_256' title='bbox 585 3852 900 3922; x_wconf 81' lang='lat' dir='ltr'>egreditur,</span> <span class='ocrx_word' id='word_1_257' title='bbox 935 3853 1131 3908; x_wconf 88' lang='lat' dir='ltr'>adhuc</span> <span class='ocrx_word' id='word_1_258' title='bbox 1152 3854 1310 3908; x_wconf 87' lang='lat' dir='ltr'>intus</span> <span class='ocrx_word' id='word_1_259' title='bbox 1334 3857 1538 3909; x_wconf 88' lang='lat' dir='ltr'>manet</span> <span class='ocrx_word' id='word_1_260' title='bbox 1561 3857 1618 3910; x_wconf 91' lang='lat' dir='ltr'>et</span> <span class='ocrx_word' id='word_1_261' title='bbox 1645 3853 2013 3910; x_wconf 85' lang='lat' dir='ltr'>contaminat</span> 
     </span>
    </p>
   </div>
   <div class='ocr_carea' id='block_1_42' title="bbox 657 4097 2238 4170">
    <p class='ocr_par' dir='ltr' id='par_1_42' title="bbox 657 4097 2238 4170">
     <span class='ocr_line' id='line_1_42' title="bbox 657 4097 2238 4170; baseline 0.003 -17"><span class='ocrx_word' id='word_1_262' title='bbox 657 4097 819 4154; x_wconf 87' lang='lat' dir='ltr'>Vers.</span> <span class='ocrx_word' id='word_1_263' title='bbox 875 4102 956 4154; x_wconf 86' lang='grc'>19.</span> <span class='ocrx_word' id='word_1_264' title='bbox 1002 4100 1051 4154; x_wconf 88' lang='grc' dir='ltr'><strong><em>Α</em></strong></span> <span class='ocrx_word' id='word_1_265' title='bbox 1085 4129 1155 4142; x_wconf 91' lang='grc'><strong><em>-</em></strong></span> <span class='ocrx_word' id='word_1_266' title='bbox 1195 4099 1576 4170; x_wconf 65' lang='lat' dir='ltr'>blasphemiae.</span> <span class='ocrx_word' id='word_1_267' title='bbox 1613 4103 1838 4158; x_wconf 83' lang='lat' dir='ltr'>Marcus</span> <span class='ocrx_word' id='word_1_268' title='bbox 1879 4117 2020 4158; x_wconf 90' lang='lat' dir='ltr'>vero</span> <span class='ocrx_word' id='word_1_269' title='bbox 2062 4102 2238 4158; x_wconf 88' lang='lat' dir='ltr'>latius</span> 
     </span>
    </p>
   </div>
   <div class='ocr_carea' id='block_1_43' title="bbox 587 4187 2242 4263">
    <p class='ocr_par' dir='ltr' id='par_1_43' title="bbox 587 4187 2242 4263">
     <span class='ocr_line' id='line_1_43' title="bbox 587 4187 2242 4263; baseline 0.003 -20"><span class='ocrx_word' id='word_1_270' title='bbox 587 4193 890 4244; x_wconf 81' lang='lat' dir='ltr'>enumerat</span> <span class='ocrx_word' id='word_1_271' title='bbox 919 4192 975 4244; x_wconf 92' lang='lat' dir='ltr'>et</span> <span class='ocrx_word' id='word_1_272' title='bbox 999 4187 1117 4245; x_wconf 87' lang='lat' dir='ltr'>alia</span> <span class='ocrx_word' id='word_1_273' title='bbox 1144 4206 1158 4243; x_wconf 92' lang='lat'>:</span> <span class='ocrx_word' id='word_1_274' title='bbox 1184 4190 1513 4253; x_wconf 82' lang='lat' dir='ltr'>avaritiam,</span> <span class='ocrx_word' id='word_1_275' title='bbox 1548 4192 1857 4257; x_wconf 81' lang='lat' dir='ltr'>malitiam,</span> <span class='ocrx_word' id='word_1_276' title='bbox 1884 4192 2107 4263; x_wconf 78' lang='lat' dir='ltr'>dolum,</span> <span class='ocrx_word' id='word_1_277' title='bbox 2129 4192 2242 4248; x_wconf 90' lang='lat' dir='ltr'>im-</span> 
     </span>
    </p>
   </div>
   <div class='ocr_carea' id='block_1_44' title="bbox 581 4277 2241 4348">
    <p class='ocr_par' dir='ltr' id='par_1_44' title="bbox 581 4277 2241 4348">
     <span class='ocr_line' id='line_1_44' title="bbox 581 4277 2241 4348; baseline 0.002 -17"><span class='ocrx_word' id='word_1_278' title='bbox 581 4277 957 4346; x_wconf 79' lang='lat' dir='ltr'>pudicitiam,</span> <span class='ocrx_word' id='word_1_279' title='bbox 1000 4278 1228 4334; x_wconf 84' lang='lat' dir='ltr'>oculum</span> <span class='ocrx_word' id='word_1_280' title='bbox 1273 4293 1543 4348; x_wconf 74' lang='lat' dir='ltr'>pravum,</span> <span class='ocrx_word' id='word_1_281' title='bbox 1583 4281 1922 4348; x_wconf 81' lang='lat' dir='ltr'>superbiam</span> <span class='ocrx_word' id='word_1_282' title='bbox 1959 4284 2014 4336; x_wconf 86' lang='lat' dir='ltr'>et</span> <span class='ocrx_word' id='word_1_283' title='bbox 2049 4281 2241 4335; x_wconf 85' lang='lat' dir='ltr'>stulti-</span> 
     </span>
    </p>
   </div>
   <div class='ocr_carea' id='block_1_45' title="bbox 587 4365 2242 4440">
    <p class='ocr_par' dir='ltr' id='par_1_45' title="bbox 587 4365 2242 4440">
     <span class='ocr_line' id='line_1_45' title="bbox 587 4365 2242 4440; baseline 0.001 -20"><span class='ocrx_word' id='word_1_284' title='bbox 587 4365 732 4422; x_wconf 89' lang='lat' dir='ltr'>tiam</span> <span class='ocrx_word' id='word_1_285' title='bbox 772 4367 842 4419; x_wconf 76' lang='lat'>&quot;.</span> <span class='ocrx_word' id='word_1_286' title='bbox 876 4368 943 4422; x_wconf 92' lang='lat' dir='ltr'>Ut</span> <span class='ocrx_word' id='word_1_287' title='bbox 985 4370 1188 4422; x_wconf 92' lang='lat' dir='ltr'>autem</span> <span class='ocrx_word' id='word_1_288' title='bbox 1217 4365 1475 4422; x_wconf 87' lang='lat' dir='ltr'>breviter</span> <span class='ocrx_word' id='word_1_289' title='bbox 1508 4372 1563 4422; x_wconf 89' lang='lat' dir='ltr'>et</span> <span class='ocrx_word' id='word_1_290' title='bbox 1591 4372 1792 4440; x_wconf 91' lang='lat' dir='ltr'>aperte</span> <span class='ocrx_word' id='word_1_291' title='bbox 1821 4368 2037 4434; x_wconf 92' lang='lat' dir='ltr'>dicam,</span> <span class='ocrx_word' id='word_1_292' title='bbox 2087 4367 2242 4437; x_wconf 91' lang='lat' dir='ltr'>cogi-</span> 
     </span>
    </p>
   </div>
   <div class='ocr_carea' id='block_1_46' title="bbox 586 4454 2241 4528">
    <p class='ocr_par' dir='ltr' id='par_1_46' title="bbox 586 4454 2241 4528">
     <span class='ocr_line' id='line_1_46' title="bbox 586 4454 2241 4528; baseline 0 -18"><span class='ocrx_word' id='word_1_293' title='bbox 586 4455 837 4510; x_wconf 87' lang='lat' dir='ltr'>tationes</span> <span class='ocrx_word' id='word_1_294' title='bbox 870 4454 1044 4510; x_wconf 82' lang='lat' dir='ltr'>malae</span> <span class='ocrx_word' id='word_1_295' title='bbox 1085 4459 1224 4511; x_wconf 88' lang='lat' dir='ltr'>sunt</span> <span class='ocrx_word' id='word_1_296' title='bbox 1271 4455 1498 4511; x_wconf 76' lang='lat' dir='ltr'>nocivae</span> <span class='ocrx_word' id='word_1_297' title='bbox 1541 4457 2044 4528; x_wconf 65' lang='lat' dir='ltr'>concupiscentiae</span> <span class='ocrx_word' id='word_1_298' title='bbox 2085 4471 2098 4508; x_wconf 88' lang='lat'><strong>:</strong></span> <span class='ocrx_word' id='word_1_299' title='bbox 2139 4471 2241 4512; x_wconf 71' lang='lat' dir='ltr'>cae-</span> 
     </span>
    </p>
   </div>
   <div class='ocr_carea' id='block_1_47' title="bbox 587 4542 2236 4610">
    <p class='ocr_par' dir='ltr' id='par_1_47' title="bbox 587 4542 2236 4610">
     <span class='ocr_line' id='line_1_47' title="bbox 587 4542 2236 4610; baseline 0.001 -13"><span class='ocrx_word' id='word_1_300' title='bbox 587 4543 690 4597; x_wconf 90' lang='lat' dir='ltr'>des</span> <span class='ocrx_word' id='word_1_301' title='bbox 728 4557 891 4606; x_wconf 89' lang='lat' dir='ltr'>vero,</span> <span class='ocrx_word' id='word_1_302' title='bbox 931 4542 1173 4606; x_wconf 86' lang='lat' dir='ltr'>furtum,</span> <span class='ocrx_word' id='word_1_303' title='bbox 1220 4543 1440 4600; x_wconf 85' lang='lat' dir='ltr'>falsum</span> <span class='ocrx_word' id='word_1_304' title='bbox 1490 4545 1919 4610; x_wconf 89' lang='lat' dir='ltr'>testimonium,</span> <span class='ocrx_word' id='word_1_305' title='bbox 1967 4543 2236 4610; x_wconf 87' lang='lat' dir='ltr'>avaritia,</span> 
     </span>
    </p>
   </div>
   <div class='ocr_carea' id='block_1_48' title="bbox 588 4629 2237 4701">
    <p class='ocr_par' dir='ltr' id='par_1_48' title="bbox 588 4629 2237 4701">
     <span class='ocr_line' id='line_1_48' title="bbox 588 4629 2237 4701; baseline 0.002 -17"><span class='ocrx_word' id='word_1_306' title='bbox 588 4629 764 4685; x_wconf 89' lang='lat' dir='ltr'>dolus</span> <span class='ocrx_word' id='word_1_307' title='bbox 808 4635 865 4684; x_wconf 89' lang='lat' dir='ltr'>et</span> <span class='ocrx_word' id='word_1_308' title='bbox 907 4630 1185 4701; x_wconf 87' lang='lat' dir='ltr'>superbia</span> <span class='ocrx_word' id='word_1_309' title='bbox 1231 4635 1370 4687; x_wconf 87' lang='lat' dir='ltr'>nota</span> <span class='ocrx_word' id='word_1_310' title='bbox 1413 4638 1550 4688; x_wconf 87' lang='lat' dir='ltr'>sunt</span> <span class='ocrx_word' id='word_1_311' title='bbox 1590 4650 1604 4699; x_wconf 89' lang='lat'><strong>;</strong></span> <span class='ocrx_word' id='word_1_312' title='bbox 1647 4633 2005 4689; x_wconf 88' lang='lat' dir='ltr'>adulterium</span> <span class='ocrx_word' id='word_1_313' title='bbox 2039 4637 2237 4688; x_wconf 89' lang='lat' dir='ltr'>autem</span> 
     </span>
    </p>
   </div>
   <div class='ocr_carea' id='block_1_49' title="bbox 589 4717 2238 4786">
    <p class='ocr_par' dir='ltr' id='par_1_49' title="bbox 589 4717 2238 4786">
     <span class='ocr_line' id='line_1_49' title="bbox 589 4717 2238 4786; baseline 0.003 -13"><span class='ocrx_word' id='word_1_314' title='bbox 589 4721 696 4784; x_wconf 90' lang='lat' dir='ltr'>est,</span> <span class='ocrx_word' id='word_1_315' title='bbox 766 4717 844 4772; x_wconf 90' lang='lat' dir='ltr'>ad</span> <span class='ocrx_word' id='word_1_316' title='bbox 897 4717 1160 4774; x_wconf 87' lang='lat' dir='ltr'>alienam</span> <span class='ocrx_word' id='word_1_317' title='bbox 1216 4735 1463 4776; x_wconf 90' lang='lat' dir='ltr'>uxorem</span> <span class='ocrx_word' id='word_1_318' title='bbox 1521 4721 1804 4777; x_wconf 90' lang='lat' dir='ltr'>accedere</span> <span class='ocrx_word' id='word_1_319' title='bbox 1860 4737 1874 4786; x_wconf 93' lang='lat'>;</span> <span class='ocrx_word' id='word_1_320' title='bbox 1929 4719 2238 4778; x_wconf 84' lang='lat' dir='ltr'>fornicatio</span> 
     </span>
    </p>
   </div>
   <div class='ocr_carea' id='block_1_50' title="bbox 588 4805 2238 4880">
    <p class='ocr_par' dir='ltr' id='par_1_50' title="bbox 588 4805 2238 4880">
     <span class='ocr_line' id='line_1_50' title="bbox 588 4805 2238 4880; baseline 0.004 -22"><span class='ocrx_word' id='word_1_321' title='bbox 588 4819 732 4862; x_wconf 88' lang='lat' dir='ltr'>vero</span> <span class='ocrx_word' id='word_1_322' title='bbox 763 4805 843 4862; x_wconf 91' lang='lat' dir='ltr'>ad</span> <span class='ocrx_word' id='word_1_323' title='bbox 872 4819 1006 4862; x_wconf 88' lang='lat' dir='ltr'>eam</span> <span class='ocrx_word' id='word_1_324' title='bbox 1036 4821 1171 4877; x_wconf 83' lang='lat' dir='ltr'>quae</span> <span class='ocrx_word' id='word_1_325' title='bbox 1211 4807 1404 4863; x_wconf 89' lang='lat' dir='ltr'>virum</span> <span class='ocrx_word' id='word_1_326' title='bbox 1444 4824 1565 4864; x_wconf 89' lang='lat' dir='ltr'>non</span> <span class='ocrx_word' id='word_1_327' title='bbox 1606 4808 1788 4864; x_wconf 88' lang='lat' dir='ltr'>habet</span> <span class='ocrx_word' id='word_1_328' title='bbox 1821 4827 1834 4877; x_wconf 90' lang='lat'><strong>;</strong></span> <span class='ocrx_word' id='word_1_329' title='bbox 1865 4807 2238 4880; x_wconf 87' lang='lat' dir='ltr'>blasphemia</span> 
     </span>
    </p>
   </div>
   <div class='ocr_carea' id='block_1_51' title="bbox 2266 2743 3405 2819">
    <p class='ocr_par' dir='ltr' id='par_1_51' title="bbox 2266 2743 3405 2819">
     <span class='ocr_line' id='line_1_51' title="bbox 2266 2743 3405 2819; baseline -0.004 -18"><span class='ocrx_word' id='word_1_330' title='bbox 2266 2747 2429 2808; x_wconf 75' lang='grc' dir='ltr'><strong>Οπος</strong></span> <span class='ocrx_word' id='word_1_331' title='bbox 2484 2745 2751 2819; x_wconf 75' lang='grc' dir='ltr'><strong>ἐξέρχεται</strong></span> <span class='ocrx_word' id='word_1_332' title='bbox 2805 2747 2878 2807; x_wconf 88' lang='grc' dir='ltr'>εἰς</span> <span class='ocrx_word' id='word_1_333' title='bbox 2953 2750 3038 2799; x_wconf 87' lang='grc' dir='ltr'><strong>τὸν</strong></span> <span class='ocrx_word' id='word_1_334' title='bbox 3114 2743 3405 2819; x_wconf 74' lang='grc' dir='ltr'>ἀφεδρῶνα,</span> 
     </span>
    </p>
   </div>
   <div class='ocr_carea' id='block_1_52' title="bbox 2339 566 3943 640">
    <p class='ocr_par' dir='ltr' id='par_1_52' title="bbox 2339 566 3943 640">
     <span class='ocr_line' id='line_1_52' title="bbox 2339 566 3943 640; baseline -0.001 -19"><span class='ocrx_word' id='word_1_335' title='bbox 2339 566 2565 640; x_wconf 76' lang='grc' dir='ltr'><strong>ὁδηγούς</strong></span> <span class='ocrx_word' id='word_1_336' title='bbox 2612 573 2760 628; x_wconf 76' lang='grc' dir='ltr'><strong>ὄντας</strong></span> <span class='ocrx_word' id='word_1_337' title='bbox 2789 576 2886 619; x_wconf 83' lang='grc' dir='ltr'>τῶν</span> <span class='ocrx_word' id='word_1_338' title='bbox 2914 572 3294 640; x_wconf 82' lang='grc' dir='ltr'><strong>πεπηρωμένων</strong></span> <span class='ocrx_word' id='word_1_339' title='bbox 3338 569 3438 619; x_wconf 74' lang='grc' dir='ltr'>ὑπὸ</span> <span class='ocrx_word' id='word_1_340' title='bbox 3486 577 3579 629; x_wconf 84' lang='grc' dir='ltr'><strong>τῆς</strong></span> <span class='ocrx_word' id='word_1_341' title='bbox 3609 567 3818 639; x_wconf 84' lang='grc' dir='ltr'><strong>ἀγνοίας</strong></span> <span class='ocrx_word' id='word_1_342' title='bbox 3849 577 3943 620; x_wconf 82' lang='grc' dir='ltr'>τῶν</span> 
     </span>
    </p>
   </div>
   <div class='ocr_carea' id='block_1_53' title="bbox 2341 655 3940 730">
    <p class='ocr_par' dir='ltr' id='par_1_53' title="bbox 2341 655 3940 730">
     <span class='ocr_line' id='line_1_53' title="bbox 2341 655 3940 730; baseline -0.001 -19"><span class='ocrx_word' id='word_1_343' title='bbox 2341 664 2569 730; x_wconf 85' lang='grc' dir='ltr'><strong>Γραφῶν.</strong></span> <span class='ocrx_word' id='word_1_344' title='bbox 2622 662 2768 728; x_wconf 87' lang='grc' dir='ltr'><strong>Μέγα</strong></span> <span class='ocrx_word' id='word_1_345' title='bbox 2816 660 2905 728; x_wconf 71' lang='grc' dir='ltr'><strong>μὲν</strong></span> <span class='ocrx_word' id='word_1_346' title='bbox 2945 659 3047 729; x_wconf 82' lang='grc' dir='ltr'><strong>γὰρ</strong></span> <span class='ocrx_word' id='word_1_347' title='bbox 3095 659 3252 708; x_wconf 82' lang='grc' dir='ltr'><strong>κακόν</strong></span> <span class='ocrx_word' id='word_1_348' title='bbox 3298 659 3356 708; x_wconf 83' lang='grc' dir='ltr'><strong>τὸ</strong></span> <span class='ocrx_word' id='word_1_349' title='bbox 3404 657 3592 728; x_wconf 77' lang='grc' dir='ltr'><strong>τυφλόν</strong></span> <span class='ocrx_word' id='word_1_350' title='bbox 3631 655 3759 709; x_wconf 81' lang='grc' dir='ltr'><strong>εἶναι</strong></span> <span class='ocrx_word' id='word_1_351' title='bbox 3811 676 3940 710; x_wconf 82' lang='grc' dir='ltr'><strong>τινα’</strong></span> 
     </span>
    </p>
   </div>
   <div class='ocr_carea' id='block_1_54' title="bbox 2337 741 3944 821">
    <p class='ocr_par' dir='ltr' id='par_1_54' title="bbox 2337 741 3944 821">
     <span class='ocr_line' id='line_1_54' title="bbox 2337 741 3944 821; baseline 0.001 -22"><span class='ocrx_word' id='word_1_352' title='bbox 2337 751 2395 799; x_wconf 87' lang='grc' dir='ltr'>τό</span> <span class='ocrx_word' id='word_1_353' title='bbox 2454 743 2511 799; x_wconf 76' lang='grc' dir='ltr'>δε</span> <span class='ocrx_word' id='word_1_354' title='bbox 2550 751 2639 798; x_wconf 84' lang='grc' dir='ltr'><strong>καὶ</strong></span> <span class='ocrx_word' id='word_1_355' title='bbox 2686 746 2871 818; x_wconf 84' lang='grc' dir='ltr'><strong>τυφλὸν</strong></span> <span class='ocrx_word' id='word_1_356' title='bbox 2921 749 3043 797; x_wconf 85' lang='grc' dir='ltr'><strong>ὅντα</strong></span> <span class='ocrx_word' id='word_1_357' title='bbox 3092 741 3300 816; x_wconf 75' lang='grc' dir='ltr'>ὁδηγεῖν</span> <span class='ocrx_word' id='word_1_358' title='bbox 3359 748 3525 818; x_wconf 79' lang='grc' dir='ltr'><strong>ἕτερον</strong></span> <span class='ocrx_word' id='word_1_359' title='bbox 3577 743 3798 798; x_wconf 77' lang='grc' dir='ltr'>διπλοῦν</span> <span class='ocrx_word' id='word_1_360' title='bbox 3846 748 3944 821; x_wconf 77' lang='grc' dir='ltr'><strong>ἄρα</strong></span> 
     </span>
    </p>
   </div>
   <div class='ocr_carea' id='block_1_55' title="bbox 2337 839 2515 889">
    <p class='ocr_par' dir='ltr' id='par_1_55' title="bbox 2337 839 2515 889">
     <span class='ocr_line' id='line_1_55' title="bbox 2337 839 2515 889; baseline 0.006 -1"><span class='ocrx_word' id='word_1_361' title='bbox 2337 839 2492 888; x_wconf 83' lang='grc' dir='ltr'><strong>κακόν</strong></span> <span class='ocrx_word' id='word_1_362' title='bbox 2502 877 2515 889; x_wconf 95' lang='grc'>.</span> 
     </span>
    </p>
   </div>
   <div class='ocr_carea' id='block_1_56' title="bbox 2409 975 3668 1048">
    <p class='ocr_par' dir='ltr' id='par_1_56' title="bbox 2409 975 3668 1048">
     <span class='ocr_line' id='line_1_56' title="bbox 2409 975 3668 1048; baseline -0.002 -18"><span class='ocrx_word' id='word_1_363' title='bbox 2409 975 2602 1047; x_wconf 84' lang='grc' dir='ltr'><strong>Τυφλός</strong></span> <span class='ocrx_word' id='word_1_364' title='bbox 2631 1005 2702 1016; x_wconf 93' lang='lat'><strong>—</strong></span> <span class='ocrx_word' id='word_1_365' title='bbox 2726 975 3093 1048; x_wconf 80' lang='grc' dir='ltr'><strong>ἐμπεσοῦνται,</strong></span> <span class='ocrx_word' id='word_1_366' title='bbox 3129 983 3291 1028; x_wconf 84' lang='grc' dir='ltr'><strong>Τοῦτο</strong></span> <span class='ocrx_word' id='word_1_367' title='bbox 3326 981 3484 1048; x_wconf 84' lang='grc' dir='ltr'><strong>σαφές</strong></span> <span class='ocrx_word' id='word_1_368' title='bbox 3509 976 3668 1030; x_wconf 83' lang='grc' dir='ltr'><strong>ἐστιν.</strong></span> 
     </span>
    </p>
   </div>
   <div class='ocr_carea' id='block_1_57' title="bbox 2411 1061 3941 1139">
    <p class='ocr_par' dir='ltr' id='par_1_57' title="bbox 2411 1061 3941 1139">
     <span class='ocr_line' id='line_1_57' title="bbox 2411 1061 3941 1139; baseline 0 -21"><span class='ocrx_word' id='word_1_369' title='bbox 2411 1064 2732 1135; x_wconf 82' lang='grc' dir='ltr'>Ἀποκριθεὶς</span> <span class='ocrx_word' id='word_1_370' title='bbox 2787 1096 2855 1104; x_wconf 89' lang='lat'><strong>—</strong></span> <span class='ocrx_word' id='word_1_371' title='bbox 2883 1067 3096 1122; x_wconf 86' lang='grc' dir='ltr'><strong>ταύτην.</strong></span> <span class='ocrx_word' id='word_1_372' title='bbox 3133 1065 3190 1117; x_wconf 83' lang='grc' dir='ltr'>Ὀ</span> <span class='ocrx_word' id='word_1_373' title='bbox 3241 1061 3299 1117; x_wconf 74' lang='grc' dir='ltr'><strong>δὲ</strong></span> <span class='ocrx_word' id='word_1_374' title='bbox 3350 1067 3557 1138; x_wconf 79' lang='grc' dir='ltr'><strong>Μάρκος</strong></span> <span class='ocrx_word' id='word_1_375' title='bbox 3604 1070 3828 1139; x_wconf 82' lang='grc' dir='ltr'><strong>εἴρηκεν,</strong></span> <span class='ocrx_word' id='word_1_376' title='bbox 3869 1069 3941 1120; x_wconf 83' lang='grc' dir='ltr'><strong>ὅτι</strong></span> 
     </span>
    </p>
   </div>
   <div class='ocr_carea' id='block_1_58' title="bbox 2339 1151 3937 1228">
    <p class='ocr_par' dir='ltr' id='par_1_58' title="bbox 2339 1151 3937 1228">
     <span class='ocr_line' id='line_1_58' title="bbox 2339 1151 3937 1228; baseline -0.001 -21"><span class='ocrx_word' id='word_1_377' title='bbox 2339 1154 2446 1208; x_wconf 82' lang='grc' dir='ltr'><strong>Καὶ</strong></span> <span class='ocrx_word' id='word_1_378' title='bbox 2485 1155 2566 1206; x_wconf 81' lang='grc' dir='ltr'><strong>ὅτε</strong></span> <span class='ocrx_word' id='word_1_379' title='bbox 2597 1153 2828 1211; x_wconf 82' lang='grc' dir='ltr'><strong>εἰσῆλθεν</strong></span> <span class='ocrx_word' id='word_1_380' title='bbox 2849 1153 2918 1214; x_wconf 83' lang='grc' dir='ltr'>εἰς</span> <span class='ocrx_word' id='word_1_381' title='bbox 2946 1151 3082 1206; x_wconf 85' lang='grc' dir='ltr'><strong>οἷκον</strong></span> <span class='ocrx_word' id='word_1_382' title='bbox 3124 1153 3223 1205; x_wconf 87' lang='grc' dir='ltr'>ἀπό</span> <span class='ocrx_word' id='word_1_383' title='bbox 3246 1161 3337 1204; x_wconf 75' lang='grc' dir='ltr'><strong>τοῦ</strong></span> <span class='ocrx_word' id='word_1_384' title='bbox 3369 1155 3554 1224; x_wconf 72' lang='grc' dir='ltr'><strong>ὄχλου,</strong></span> <span class='ocrx_word' id='word_1_385' title='bbox 3595 1154 3937 1228; x_wconf 75' lang='grc' dir='ltr'>ἐπηρώτησαν</span> 
     </span>
    </p>
   </div>
   <div class='ocr_carea' id='block_1_59' title="bbox 2340 1241 3930 1317">
    <p class='ocr_par' dir='ltr' id='par_1_59' title="bbox 2340 1241 3930 1317">
     <span class='ocr_line' id='line_1_59' title="bbox 2340 1241 3930 1317; baseline 0.001 -23"><span class='ocrx_word' id='word_1_386' title='bbox 2340 1242 2495 1294; x_wconf 80' lang='grc' dir='ltr'><strong>αὐτὸν</strong></span> <span class='ocrx_word' id='word_1_387' title='bbox 2568 1244 2617 1294; x_wconf 87' lang='grc' dir='ltr'>οἱ</span> <span class='ocrx_word' id='word_1_388' title='bbox 2689 1244 2922 1314; x_wconf 84' lang='grc' dir='ltr'><strong>μαθηταὶ</strong></span> <span class='ocrx_word' id='word_1_389' title='bbox 2992 1241 3151 1294; x_wconf 74' lang='grc' dir='ltr'><strong>αὑτοῦ</strong></span> <span class='ocrx_word' id='word_1_390' title='bbox 3259 1247 3376 1317; x_wconf 83' lang='grc' dir='ltr'><strong>περὶ</strong></span> <span class='ocrx_word' id='word_1_391' title='bbox 3442 1252 3538 1305; x_wconf 78' lang='grc' dir='ltr'><strong>τῆς</strong></span> <span class='ocrx_word' id='word_1_392' title='bbox 3616 1243 3930 1317; x_wconf 77' lang='grc' dir='ltr'><strong>παραϐολῆς.</strong></span> 
     </span>
    </p>
   </div>
   <div class='ocr_carea' id='block_1_60' title="bbox 2338 1331 3936 1405">
    <p class='ocr_par' dir='ltr' id='par_1_60' title="bbox 2338 1331 3936 1405">
     <span class='ocr_line' id='line_1_60' title="bbox 2338 1331 3936 1405; baseline -0.001 -21"><span class='ocrx_word' id='word_1_393' title='bbox 2338 1338 2440 1384; x_wconf 85' lang='grc' dir='ltr'>Τοῦ</span> <span class='ocrx_word' id='word_1_394' title='bbox 2517 1336 2708 1402; x_wconf 80' lang='grc' dir='ltr'><strong>Πέτρου</strong></span> <span class='ocrx_word' id='word_1_395' title='bbox 2763 1334 2864 1403; x_wconf 87' lang='grc' dir='ltr'>γάρ</span> <span class='ocrx_word' id='word_1_396' title='bbox 2947 1331 3461 1405; x_wconf 83' lang='grc' dir='ltr'><strong>προκαταρξαμένου,</strong></span> <span class='ocrx_word' id='word_1_397' title='bbox 3530 1336 3619 1384; x_wconf 83' lang='grc' dir='ltr'>καὶ</span> <span class='ocrx_word' id='word_1_398' title='bbox 3692 1335 3740 1384; x_wconf 83' lang='grc' dir='ltr'>οἱ</span> <span class='ocrx_word' id='word_1_399' title='bbox 3799 1331 3936 1384; x_wconf 73' lang='grc' dir='ltr'><strong>ἄλλοι</strong></span> 
     </span>
    </p>
   </div>
   <div class='ocr_carea' id='block_1_61' title="bbox 2342 1415 3935 1495">
    <p class='ocr_par' dir='ltr' id='par_1_61' title="bbox 2342 1415 3935 1495">
     <span class='ocr_line' id='line_1_61' title="bbox 2342 1415 3935 1495; baseline -0.001 -23"><span class='ocrx_word' id='word_1_400' title='bbox 2342 1426 2808 1495; x_wconf 86' lang='grc' dir='ltr'><strong>συνεπηρώτησαν.</strong></span> <span class='ocrx_word' id='word_1_401' title='bbox 2884 1419 3190 1493; x_wconf 77' lang='grc' dir='ltr'><strong>Παραϐολήν</strong></span> <span class='ocrx_word' id='word_1_402' title='bbox 3245 1415 3304 1471; x_wconf 66' lang='grc' dir='ltr'><strong>δὲ</strong></span> <span class='ocrx_word' id='word_1_403' title='bbox 3335 1419 3584 1472; x_wconf 77' lang='grc' dir='ltr'><strong>καλοῦσιν</strong></span> <span class='ocrx_word' id='word_1_404' title='bbox 3622 1419 3855 1494; x_wconf 82' lang='grc' dir='ltr'><strong>Ἑϐραῖοι</strong></span> <span class='ocrx_word' id='word_1_405' title='bbox 3882 1423 3935 1471; x_wconf 88' lang='grc' dir='ltr'><strong>τὸ</strong></span> 
     </span>
    </p>
   </div>
   <div class='ocr_carea' id='block_1_62' title="bbox 2338 1506 3936 1580">
    <p class='ocr_par' dir='ltr' id='par_1_62' title="bbox 2338 1506 3936 1580">
     <span class='ocr_line' id='line_1_62' title="bbox 2338 1506 3936 1580; baseline -0.001 -19"><span class='ocrx_word' id='word_1_406' title='bbox 2338 1510 2574 1580; x_wconf 83' lang='grc' dir='ltr'><strong>αἴνιγμα,</strong></span> <span class='ocrx_word' id='word_1_407' title='bbox 2644 1513 2732 1560; x_wconf 85' lang='grc' dir='ltr'><strong>τὸν</strong></span> <span class='ocrx_word' id='word_1_408' title='bbox 2818 1512 3076 1562; x_wconf 87' lang='grc' dir='ltr'><strong>σκοτεινὸν</strong></span> <span class='ocrx_word' id='word_1_409' title='bbox 3166 1508 3339 1579; x_wconf 87' lang='grc' dir='ltr'><strong>λόγον.</strong></span> <span class='ocrx_word' id='word_1_410' title='bbox 3406 1513 3506 1562; x_wconf 82' lang='grc' dir='ltr'><strong>Καὶ</strong></span> <span class='ocrx_word' id='word_1_411' title='bbox 3571 1508 3678 1562; x_wconf 76' lang='grc' dir='ltr'><strong>ἐπεὶ</strong></span> <span class='ocrx_word' id='word_1_412' title='bbox 3718 1506 3850 1562; x_wconf 83' lang='grc' dir='ltr'><strong>εἶπεν</strong></span> <span class='ocrx_word' id='word_1_413' title='bbox 3911 1509 3936 1560; x_wconf 88' lang='grc' dir='ltr'>ό</span> 
     </span>
    </p>
   </div>
   <div class='ocr_carea' id='block_1_63' title="bbox 2658 1596 3935 1672">
    <p class='ocr_par' dir='ltr' id='par_1_63' title="bbox 2658 1596 3935 1672">
     <span class='ocr_line' id='line_1_63' title="bbox 2658 1596 3935 1672; baseline 0 -24"><span class='ocrx_word' id='word_1_414' title='bbox 2658 1596 2907 1672; x_wconf 78' lang='grc' dir='ltr'>ἀνωτέρω,</span> <span class='ocrx_word' id='word_1_415' title='bbox 2990 1599 3069 1649; x_wconf 86' lang='grc' dir='ltr'><strong>ὅτι</strong></span> <span class='ocrx_word' id='word_1_416' title='bbox 3150 1601 3220 1648; x_wconf 91' lang='lat' dir='ltr'><em>T6</em></span> <span class='ocrx_word' id='word_1_417' title='bbox 3274 1600 3666 1669; x_wconf 68' lang='grc' dir='ltr'>ἐκπορευόμενον</span> <span class='ocrx_word' id='word_1_418' title='bbox 3722 1597 3779 1650; x_wconf 72' lang='grc' dir='ltr'><strong>ἐκ</strong></span> <span class='ocrx_word' id='word_1_419' title='bbox 3847 1604 3935 1649; x_wconf 80' lang='grc' dir='ltr'>τοῦ</span> 
     </span>
    </p>
   </div>
   <div class='ocr_carea' id='block_1_64' title="bbox 2339 1682 3934 1760">
    <p class='ocr_par' dir='ltr' id='par_1_64' title="bbox 2339 1682 3934 1760">
     <span class='ocr_line' id='line_1_64' title="bbox 2339 1682 3934 1760; baseline -0.002 -22"><span class='ocrx_word' id='word_1_420' title='bbox 2339 1691 2617 1758; x_wconf 86' lang='grc' dir='ltr'><strong>στόματος,</strong></span> <span class='ocrx_word' id='word_1_421' title='bbox 2689 1694 2842 1738; x_wconf 80' lang='grc' dir='ltr'><strong>τοῦτο</strong></span> <span class='ocrx_word' id='word_1_422' title='bbox 2908 1693 3073 1738; x_wconf 87' lang='grc' dir='ltr'><strong>κοινοῖ</strong></span> <span class='ocrx_word' id='word_1_423' title='bbox 3135 1689 3220 1736; x_wconf 89' lang='grc' dir='ltr'>τόν</span> <span class='ocrx_word' id='word_1_424' title='bbox 3279 1688 3566 1760; x_wconf 77' lang='grc' dir='ltr'><strong>ἄνθρωπονο</strong></span> <span class='ocrx_word' id='word_1_425' title='bbox 3623 1682 3753 1750; x_wconf 87' lang='grc' dir='ltr'><strong>εἶτα,</strong></span> <span class='ocrx_word' id='word_1_426' title='bbox 3803 1685 3934 1736; x_wconf 76' lang='grc' dir='ltr'><strong>καθά</strong></span> 
     </span>
    </p>
   </div>
   <div class='ocr_carea' id='block_1_65' title="bbox 2338 1771 3932 1847">
    <p class='ocr_par' dir='ltr' id='par_1_65' title="bbox 2338 1771 3932 1847">
     <span class='ocr_line' id='line_1_65' title="bbox 2338 1771 3932 1847; baseline -0.004 -19"><span class='ocrx_word' id='word_1_427' title='bbox 2338 1795 2466 1847; x_wconf 84' lang='grc' dir='ltr'><strong>φησι</strong></span> <span class='ocrx_word' id='word_1_428' title='bbox 2522 1777 2752 1847; x_wconf 81' lang='grc' dir='ltr'><strong>Μάρκος,</strong></span> <span class='ocrx_word' id='word_1_429' title='bbox 2812 1773 3088 1846; x_wconf 74' lang='grc' dir='ltr'>ἐπήγαγεν,</span> <span class='ocrx_word' id='word_1_430' title='bbox 3156 1775 3232 1825; x_wconf 84' lang='grc' dir='ltr'><strong>ὅτι</strong></span> <span class='ocrx_word' id='word_1_431' title='bbox 3271 1773 3328 1826; x_wconf 80' lang='grc' dir='ltr'><strong><em>Ὀ</em></strong></span> <span class='ocrx_word' id='word_1_432' title='bbox 3378 1777 3512 1844; x_wconf 79' lang='grc' dir='ltr'><strong>ἔχων</strong></span> <span class='ocrx_word' id='word_1_433' title='bbox 3571 1771 3680 1826; x_wconf 82' lang='grc' dir='ltr'><strong>ὦτα</strong></span> <span class='ocrx_word' id='word_1_434' title='bbox 3734 1771 3932 1824; x_wconf 77' lang='grc' dir='ltr'>ἀκούειν</span> 
     </span>
    </p>
   </div>
   <div class='ocr_carea' id='block_1_66' title="bbox 2338 1859 3927 1934">
    <p class='ocr_par' dir='ltr' id='par_1_66' title="bbox 2338 1859 3927 1934">
     <span class='ocr_line' id='line_1_66' title="bbox 2338 1859 3927 1934; baseline -0.003 -18"><span class='ocrx_word' id='word_1_435' title='bbox 2338 1863 2591 1916; x_wconf 78' lang='grc' dir='ltr'>ἀκουέτω·</span> <span class='ocrx_word' id='word_1_436' title='bbox 2685 1869 2774 1915; x_wconf 84' lang='grc' dir='ltr'><strong>καὶ</strong></span> <span class='ocrx_word' id='word_1_437' title='bbox 2852 1859 3021 1926; x_wconf 78' lang='grc' dir='ltr'><strong>ἔδοξεν</strong></span> <span class='ocrx_word' id='word_1_438' title='bbox 3111 1863 3287 1924; x_wconf 72' lang='grc' dir='ltr'><strong>αὐτοῖς</strong></span> <span class='ocrx_word' id='word_1_439' title='bbox 3385 1860 3591 1934; x_wconf 77' lang='grc' dir='ltr'><strong>ἀσαφὴς</strong></span> <span class='ocrx_word' id='word_1_440' title='bbox 3659 1862 3684 1912; x_wconf 90' lang='grc' dir='ltr'><strong><em>ὁ</em></strong></span> <span class='ocrx_word' id='word_1_441' title='bbox 3764 1860 3927 1931; x_wconf 82' lang='grc' dir='ltr'><strong>λόγος·</strong></span> 
     </span>
    </p>
   </div>
   <div class='ocr_carea' id='block_1_67' title="bbox 3488 1949 3929 2023">
    <p class='ocr_par' dir='ltr' id='par_1_67' title="bbox 3488 1949 3929 2023">
     <span class='ocr_line' id='line_1_67' title="bbox 3488 1949 3929 2023; baseline -0.005 -22"><span class='ocrx_word' id='word_1_442' title='bbox 3488 1949 3718 2023; x_wconf 75' lang='grc' dir='ltr'><strong>ἐρωτῶσι</strong></span> <span class='ocrx_word' id='word_1_443' title='bbox 3814 1952 3929 2020; x_wconf 81' lang='grc' dir='ltr'><strong>περὶ</strong></span> 
     </span>
    </p>
   </div>
   <div class='ocr_carea' id='block_1_68' title="bbox 2337 1951 3399 2027">
    <p class='ocr_par' dir='ltr' id='par_1_68' title="bbox 2337 1951 3399 2027">
     <span class='ocr_line' id='line_1_68' title="bbox 2337 1951 3399 2027; baseline -0.003 -22"><span class='ocrx_word' id='word_1_444' title='bbox 2337 1951 2636 2027; x_wconf 75' lang='grc' dir='ltr'><strong>παραϐολήν</strong></span> <span class='ocrx_word' id='word_1_445' title='bbox 2740 1960 2918 2004; x_wconf 80' lang='grc' dir='ltr'><strong>τοῦτον</strong></span> <span class='ocrx_word' id='word_1_446' title='bbox 3039 1951 3399 2023; x_wconf 74' lang='grc' dir='ltr'><strong>ὀνομάσαντες,</strong></span> 
     </span>
    </p>
   </div>
   <div class='ocr_carea' id='block_1_69' title="bbox 2337 2044 2551 2098">
    <p class='ocr_par' dir='ltr' id='par_1_69' title="bbox 2337 2044 2551 2098">
     <span class='ocr_line' id='line_1_69' title="bbox 2337 2044 2551 2098; baseline -0.009 -4"><span class='ocrx_word' id='word_1_447' title='bbox 2337 2044 2522 2094; x_wconf 90' lang='grc' dir='ltr'><strong>τούτου</strong></span> <span class='ocrx_word' id='word_1_448' title='bbox 2539 2085 2551 2098; x_wconf 90' lang='grc'>,</span> 
     </span>
    </p>
   </div>
   <div class='ocr_carea' id='block_1_70' title="bbox 2406 2169 3926 2244">
    <p class='ocr_par' dir='ltr' id='par_1_70' title="bbox 2406 2169 3926 2244">
     <span class='ocr_line' id='line_1_70' title="bbox 2406 2169 3926 2244; baseline -0.003 -18"><span class='ocrx_word' id='word_1_449' title='bbox 2406 2173 2466 2226; x_wconf 79' lang='grc' dir='ltr'>Ὀ</span> <span class='ocrx_word' id='word_1_450' title='bbox 2505 2170 2564 2226; x_wconf 67' lang='grc' dir='ltr'>δι</span> <span class='ocrx_word' id='word_1_451' title='bbox 2595 2173 2801 2232; x_wconf 81' lang='grc' dir='ltr'><strong>Ἰησοῦς</strong></span> <span class='ocrx_word' id='word_1_452' title='bbox 2833 2202 2896 2213; x_wconf 91' lang='grc'><strong>-</strong></span> <span class='ocrx_word' id='word_1_453' title='bbox 2926 2169 3041 2224; x_wconf 77' lang='grc' dir='ltr'><strong>ἔστι</strong></span> <span class='ocrx_word' id='word_1_454' title='bbox 3073 2188 3086 2236; x_wconf 90' lang='lat'><strong>;</strong></span> <span class='ocrx_word' id='word_1_455' title='bbox 3123 2173 3346 2244; x_wconf 76' lang='grc' dir='ltr'><strong>Ἀκμὴν,</strong></span> <span class='ocrx_word' id='word_1_456' title='bbox 3378 2169 3491 2222; x_wconf 83' lang='grc' dir='ltr'><strong>ἀντὶ</strong></span> <span class='ocrx_word' id='word_1_457' title='bbox 3533 2176 3624 2222; x_wconf 83' lang='grc' dir='ltr'><strong>τοῦ</strong></span> <span class='ocrx_word' id='word_1_458' title='bbox 3656 2173 3749 2225; x_wconf 74' lang='grc' dir='ltr'><strong>ἔτι.</strong></span> <span class='ocrx_word' id='word_1_459' title='bbox 3804 2171 3926 2224; x_wconf 76' lang='grc' dir='ltr'><strong>Κατ’</strong></span> 
     </span>
    </p>
   </div>
   <div class='ocr_carea' id='block_1_71' title="bbox 2338 2257 3494 2337">
    <p class='ocr_par' dir='ltr' id='par_1_71' title="bbox 2338 2257 3494 2337">
     <span class='ocr_line' id='line_1_71' title="bbox 2338 2257 3494 2337; baseline -0.002 -23"><span class='ocrx_word' id='word_1_460' title='bbox 2338 2263 2590 2337; x_wconf 72' lang='grc' dir='ltr'><strong>ἐρώτησιν</strong></span> <span class='ocrx_word' id='word_1_461' title='bbox 2623 2257 2682 2314; x_wconf 67' lang='grc' dir='ltr'><strong>δί</strong></span> <span class='ocrx_word' id='word_1_462' title='bbox 2711 2264 2975 2313; x_wconf 78' lang='grc' dir='ltr'><strong>καὶτοῦτο</strong></span> <span class='ocrx_word' id='word_1_463' title='bbox 3000 2264 3090 2312; x_wconf 82' lang='grc' dir='ltr'>καὶ</span> <span class='ocrx_word' id='word_1_464' title='bbox 3116 2261 3182 2312; x_wconf 86' lang='grc' dir='ltr'>τά</span> <span class='ocrx_word' id='word_1_465' title='bbox 3211 2259 3325 2331; x_wconf 84' lang='grc'>(81)</span> <span class='ocrx_word' id='word_1_466' title='bbox 3358 2259 3442 2322; x_wconf 75' lang='grc' dir='ltr'>ἕξῆ</span> <span class='ocrx_word' id='word_1_467' title='bbox 3454 2279 3494 2320; x_wconf 88' lang='grc' dir='ltr'><strong>ς.</strong></span> 
     </span>
    </p>
   </div>
   <div class='ocr_carea' id='block_1_72' title="bbox 2412 2389 3920 2466">
    <p class='ocr_par' dir='ltr' id='par_1_72' title="bbox 2412 2389 3920 2466">
     <span class='ocr_line' id='line_1_72' title="bbox 2412 2389 3920 2466; baseline -0.003 -20"><span class='ocrx_word' id='word_1_468' title='bbox 2412 2396 2571 2446; x_wconf 78' lang='grc' dir='ltr'><strong>Οὔπω</strong></span> <span class='ocrx_word' id='word_1_469' title='bbox 2608 2424 2677 2435; x_wconf 96' lang='lat'><strong>—</strong></span> <span class='ocrx_word' id='word_1_470' title='bbox 2742 2393 3037 2446; x_wconf 72' lang='grc' dir='ltr'><strong>ἐκϐάλλεται</strong></span> <span class='ocrx_word' id='word_1_471' title='bbox 3078 2409 3091 2458; x_wconf 92' lang='grc'><strong>;</strong></span> <span class='ocrx_word' id='word_1_472' title='bbox 3131 2393 3190 2448; x_wconf 84' lang='grc' dir='ltr'><strong>Ὀ</strong></span> <span class='ocrx_word' id='word_1_473' title='bbox 3259 2389 3319 2444; x_wconf 62' lang='grc' dir='ltr'>δὲ</span> <span class='ocrx_word' id='word_1_474' title='bbox 3369 2394 3584 2466; x_wconf 76' lang='grc' dir='ltr'><strong>Μάρκος</strong></span> <span class='ocrx_word' id='word_1_475' title='bbox 3627 2393 3790 2456; x_wconf 82' lang='grc' dir='ltr'><strong>εἰπὼν,</strong></span> <span class='ocrx_word' id='word_1_476' title='bbox 3846 2393 3920 2444; x_wconf 84' lang='grc' dir='ltr'><strong>ὅτι</strong></span> 
     </span>
    </p>
   </div>
   <div class='ocr_carea' id='block_1_73' title="bbox 2342 2478 3917 2555">
    <p class='ocr_par' dir='ltr' id='par_1_73' title="bbox 2342 2478 3917 2555">
     <span class='ocr_line' id='line_1_73' title="bbox 2342 2478 3917 2555; baseline -0.003 -20"><span class='ocrx_word' id='word_1_477' title='bbox 2342 2488 2442 2536; x_wconf 81' lang='grc' dir='ltr'><strong>Καὶ</strong></span> <span class='ocrx_word' id='word_1_478' title='bbox 2530 2482 2602 2542; x_wconf 79' lang='grc' dir='ltr'>εἰς</span> <span class='ocrx_word' id='word_1_479' title='bbox 2671 2484 2754 2534; x_wconf 86' lang='grc' dir='ltr'>τόν</span> <span class='ocrx_word' id='word_1_480' title='bbox 2830 2478 3100 2555; x_wconf 82' lang='grc' dir='ltr'><strong>ἀφεδρῶνα</strong></span> <span class='ocrx_word' id='word_1_481' title='bbox 3177 2479 3530 2553; x_wconf 69' lang='grc' dir='ltr'><strong>ἐκπορεύεται,</strong></span> <span class='ocrx_word' id='word_1_482' title='bbox 3594 2481 3917 2554; x_wconf 78' lang='grc' dir='ltr'>προσέθηκεν,</span> 
     </span>
    </p>
   </div>
   <div class='ocr_carea' id='block_1_74' title="bbox 2337 2567 3918 2642">
    <p class='ocr_par' dir='ltr' id='par_1_74' title="bbox 2337 2567 3918 2642">
     <span class='ocr_line' id='line_1_74' title="bbox 2337 2567 3918 2642; baseline -0.004 -18"><span class='ocrx_word' id='word_1_483' title='bbox 2337 2577 2456 2624; x_wconf 88' lang='grc' dir='ltr'>Ὀτι</span> <span class='ocrx_word' id='word_1_484' title='bbox 2502 2572 2783 2642; x_wconf 78' lang='grc' dir='ltr'><strong>καθαρίζον</strong></span> <span class='ocrx_word' id='word_1_485' title='bbox 2835 2570 2950 2641; x_wconf 89' lang='lat'>(82)</span> <span class='ocrx_word' id='word_1_486' title='bbox 3003 2571 3171 2622; x_wconf 81' lang='grc' dir='ltr'><strong>πάντα</strong></span> <span class='ocrx_word' id='word_1_487' title='bbox 3217 2571 3284 2621; x_wconf 88' lang='grc' dir='ltr'>τά</span> <span class='ocrx_word' id='word_1_488' title='bbox 3345 2567 3617 2642; x_wconf 80' lang='grc' dir='ltr'><strong>βρώματα,</strong></span> <span class='ocrx_word' id='word_1_489' title='bbox 3671 2572 3918 2634; x_wconf 82' lang='grc' dir='ltr'>τουτέστι,</span> 
     </span>
    </p>
   </div>
   <div class='ocr_carea' id='block_1_75' title="bbox 2339 2655 3926 2730">
    <p class='ocr_par' dir='ltr' id='par_1_75' title="bbox 2339 2655 3926 2730">
     <span class='ocr_line' id='line_1_75' title="bbox 2339 2655 3926 2730; baseline -0.003 -19"><span class='ocrx_word' id='word_1_490' title='bbox 2339 2661 2543 2730; x_wconf 86' lang='grc' dir='ltr'><strong>καθαρά</strong></span> <span class='ocrx_word' id='word_1_491' title='bbox 2599 2657 2949 2730; x_wconf 78' lang='grc' dir='ltr'><strong>ἀπολιμπάνον</strong></span> <span class='ocrx_word' id='word_1_492' title='bbox 3007 2659 3140 2728; x_wconf 88' lang='lat'>(83).</span> <span class='ocrx_word' id='word_1_493' title='bbox 3198 2663 3297 2710; x_wconf 81' lang='grc' dir='ltr'><strong>Καὶ</strong></span> <span class='ocrx_word' id='word_1_494' title='bbox 3343 2660 3443 2730; x_wconf 79' lang='grc' dir='ltr'>γὰρ</span> <span class='ocrx_word' id='word_1_495' title='bbox 3491 2660 3516 2710; x_wconf 88' lang='grc' dir='ltr'><strong>ὀ</strong></span> <span class='ocrx_word' id='word_1_496' title='bbox 3568 2655 3813 2718; x_wconf 82' lang='grc' dir='ltr'><strong>δηλωθεὶς</strong></span> <span class='ocrx_word' id='word_1_497' title='bbox 3841 2657 3926 2730; x_wconf 81' lang='grc' dir='ltr'>ῥύ-</span> 
     </span>
    </p>
   </div>
   <div class='ocr_carea' id='block_1_76' title="bbox 3492 2745 3924 2820">
    <p class='ocr_par' dir='ltr' id='par_1_76' title="bbox 3492 2745 3924 2820">
     <span class='ocr_line' id='line_1_76' title="bbox 3492 2745 3924 2820; baseline -0.002 -22"><span class='ocrx_word' id='word_1_498' title='bbox 3492 2749 3696 2820; x_wconf 84' lang='grc' dir='ltr'><strong>καθαρά</strong></span> <span class='ocrx_word' id='word_1_499' title='bbox 3767 2745 3924 2817; x_wconf 82' lang='grc' dir='ltr'><strong>ἀφιεὶς</strong></span> 
     </span>
    </p>
   </div>
   <div class='ocr_carea' id='block_1_77' title="bbox 2340 2832 3921 2911">
    <p class='ocr_par' dir='ltr' id='par_1_77' title="bbox 2340 2832 3921 2911">
     <span class='ocr_line' id='line_1_77' title="bbox 2340 2832 3921 2911; baseline -0.002 -23"><span class='ocrx_word' id='word_1_500' title='bbox 2340 2833 2485 2890; x_wconf 78' lang='grc' dir='ltr'><strong>ἔνδον</strong></span> <span class='ocrx_word' id='word_1_501' title='bbox 2513 2839 2683 2888; x_wconf 80' lang='grc' dir='ltr'><strong>πάντα</strong></span> <span class='ocrx_word' id='word_1_502' title='bbox 2718 2839 2785 2888; x_wconf 83' lang='grc' dir='ltr'>τὰ</span> <span class='ocrx_word' id='word_1_503' title='bbox 2815 2834 3091 2911; x_wconf 82' lang='grc' dir='ltr'><strong>βρώματα,</strong></span> <span class='ocrx_word' id='word_1_504' title='bbox 3137 2837 3236 2888; x_wconf 88' lang='grc' dir='ltr'><strong>ὃσα</strong></span> <span class='ocrx_word' id='word_1_505' title='bbox 3281 2832 3490 2894; x_wconf 83' lang='grc' dir='ltr'><strong>δηλαδή</strong></span> <span class='ocrx_word' id='word_1_506' title='bbox 3533 2838 3921 2909; x_wconf 75' lang='grc' dir='ltr'><strong>παρακατέσχεν</strong></span> 
     </span>
    </p>
   </div>
   <div class='ocr_carea' id='block_1_78' title="bbox 2341 2928 2584 2998">
    <p class='ocr_par' dir='ltr' id='par_1_78' title="bbox 2341 2928 2584 2998">
     <span class='ocr_line' id='line_1_78' title="bbox 2341 2928 2584 2998; baseline 0.004 -22"><span class='ocrx_word' id='word_1_507' title='bbox 2341 2928 2370 2984; x_wconf 85' lang='grc' dir='ltr'><strong>ἠ</strong></span> <span class='ocrx_word' id='word_1_508' title='bbox 2408 2929 2584 2998; x_wconf 84' lang='grc' dir='ltr'><strong>φύσις.</strong></span> 
     </span>
    </p>
   </div>
   <div class='ocr_carea' id='block_1_79' title="bbox 2412 3035 3927 3115">
    <p class='ocr_par' dir='ltr' id='par_1_79' title="bbox 2412 3035 3927 3115">
     <span class='ocr_line' id='line_1_79' title="bbox 2412 3035 3927 3115; baseline -0.005 -19"><span class='ocrx_word' id='word_1_509' title='bbox 2412 3038 2607 3115; x_wconf 80' lang='grc' dir='ltr'><strong>[Ἒδρα</strong></span> <span class='ocrx_word' id='word_1_510' title='bbox 2634 3041 2749 3113; x_wconf 78' lang='grc'>(84)</span> <span class='ocrx_word' id='word_1_511' title='bbox 2772 3043 2861 3114; x_wconf 65' lang='grc' dir='ltr'>μὶν</span> <span class='ocrx_word' id='word_1_512' title='bbox 2899 3044 2958 3094; x_wconf 86' lang='grc' dir='ltr'><strong>τὸ</strong></span> <span class='ocrx_word' id='word_1_513' title='bbox 2980 3043 3134 3114; x_wconf 74' lang='grc' dir='ltr'><strong>μέρος</strong></span> <span class='ocrx_word' id='word_1_514' title='bbox 3161 3047 3254 3093; x_wconf 82' lang='grc' dir='ltr'>τοῦ</span> <span class='ocrx_word' id='word_1_515' title='bbox 3277 3046 3542 3112; x_wconf 84' lang='grc' dir='ltr'><strong>σώματος,</strong></span> <span class='ocrx_word' id='word_1_516' title='bbox 3567 3037 3798 3112; x_wconf 86' lang='grc' dir='ltr'><strong>ἀφεδρὼν</strong></span> <span class='ocrx_word' id='word_1_517' title='bbox 3825 3035 3882 3092; x_wconf 69' lang='grc' dir='ltr'>δε</span> <span class='ocrx_word' id='word_1_518' title='bbox 3902 3039 3927 3089; x_wconf 89' lang='lat'>6</span> 
     </span>
    </p>
   </div>
   <div class='ocr_carea' id='block_1_80' title="bbox 2341 3128 2764 3204">
    <p class='ocr_par' dir='ltr' id='par_1_80' title="bbox 2341 3128 2764 3204">
     <span class='ocr_line' id='line_1_80' title="bbox 2341 3128 2764 3204; baseline -0.005 -21"><span class='ocrx_word' id='word_1_519' title='bbox 2341 3136 2547 3204; x_wconf 86' lang='grc' dir='ltr'><strong>κοπρὼν</strong></span> <span class='ocrx_word' id='word_1_520' title='bbox 2573 3130 2708 3202; x_wconf 83' lang='grc'>(85).</span> <span class='ocrx_word' id='word_1_521' title='bbox 2741 3128 2764 3202; x_wconf 88' lang='grc'>]</span> 
     </span>
    </p>
   </div>
   <div class='ocr_carea' id='block_1_81' title="bbox 2414 3343 3930 3423">
    <p class='ocr_par' dir='ltr' id='par_1_81' title="bbox 2414 3343 3930 3423">
     <span class='ocr_line' id='line_1_81' title="bbox 2414 3343 3930 3423; baseline -0.005 -21"><span class='ocrx_word' id='word_1_522' title='bbox 2414 3351 2492 3402; x_wconf 82' lang='grc' dir='ltr'>Τὰ</span> <span class='ocrx_word' id='word_1_523' title='bbox 2530 3378 2595 3390; x_wconf 88' lang='grc'><strong><em>-</em></strong></span> <span class='ocrx_word' id='word_1_524' title='bbox 2633 3350 2920 3421; x_wconf 80' lang='grc' dir='ltr'><strong>ἄνθρωπον.</strong></span> <span class='ocrx_word' id='word_1_525' title='bbox 2979 3351 3166 3423; x_wconf 84' lang='grc' dir='ltr'><strong>Εἶρηκε</strong></span> <span class='ocrx_word' id='word_1_526' title='bbox 3215 3351 3314 3422; x_wconf 81' lang='grc' dir='ltr'>γὰρ</span> <span class='ocrx_word' id='word_1_527' title='bbox 3366 3352 3452 3400; x_wconf 77' lang='grc' dir='ltr'>καὶ</span> <span class='ocrx_word' id='word_1_528' title='bbox 3501 3348 3624 3420; x_wconf 85' lang='grc' dir='ltr'><strong>πρὸς</strong></span> <span class='ocrx_word' id='word_1_529' title='bbox 3672 3353 3743 3415; x_wconf 72' lang='grc' dir='ltr'><strong>τῷ</strong></span> <span class='ocrx_word' id='word_1_530' title='bbox 3802 3343 3930 3397; x_wconf 79' lang='grc' dir='ltr'><strong>τέλει</strong></span> 
     </span>
    </p>
   </div>
   <div class='ocr_carea' id='block_1_82' title="bbox 2344 3434 3930 3511">
    <p class='ocr_par' dir='ltr' id='par_1_82' title="bbox 2344 3434 3930 3511">
     <span class='ocr_line' id='line_1_82' title="bbox 2344 3434 3930 3511; baseline -0.003 -21"><span class='ocrx_word' id='word_1_531' title='bbox 2344 3445 2438 3490; x_wconf 82' lang='grc' dir='ltr'><strong>τοῦ</strong></span> <span class='ocrx_word' id='word_1_532' title='bbox 2497 3437 2736 3490; x_wconf 81' lang='grc' dir='ltr'><strong>εἰκοστοῦ</strong></span> <span class='ocrx_word' id='word_1_533' title='bbox 2789 3434 3033 3511; x_wconf 81' lang='grc' dir='ltr'><strong>δευτέρου</strong></span> <span class='ocrx_word' id='word_1_534' title='bbox 3069 3437 3369 3508; x_wconf 88' lang='grc' dir='ltr'><strong>κεφαλαίου,</strong></span> <span class='ocrx_word' id='word_1_535' title='bbox 3437 3438 3518 3490; x_wconf 80' lang='grc' dir='ltr'><strong>ὅτι</strong></span> <span class='ocrx_word' id='word_1_536' title='bbox 3583 3435 3635 3488; x_wconf 76' lang='grc' dir='ltr'><strong>ἔκ</strong></span> <span class='ocrx_word' id='word_1_537' title='bbox 3685 3441 3774 3487; x_wconf 83' lang='grc' dir='ltr'>τοῦ</span> <span class='ocrx_word' id='word_1_538' title='bbox 3837 3452 3930 3485; x_wconf 87' lang='grc' dir='ltr'><strong>πε-</strong></span> 
     </span>
    </p>
   </div>
   <div class='ocr_carea' id='block_1_83' title="bbox 2343 3522 3932 3600">
    <p class='ocr_par' dir='ltr' id='par_1_83' title="bbox 2343 3522 3932 3600">
     <span class='ocr_line' id='line_1_83' title="bbox 2343 3522 3932 3600; baseline -0.004 -21"><span class='ocrx_word' id='word_1_539' title='bbox 2343 3530 2690 3599; x_wconf 86' lang='grc' dir='ltr'><strong>ρισσεύματος</strong></span> <span class='ocrx_word' id='word_1_540' title='bbox 2739 3535 2832 3587; x_wconf 79' lang='grc' dir='ltr'><strong>τῆς</strong></span> <span class='ocrx_word' id='word_1_541' title='bbox 2879 3522 3102 3600; x_wconf 78' lang='grc' dir='ltr'><strong>καρδίας</strong></span> <span class='ocrx_word' id='word_1_542' title='bbox 3175 3529 3232 3578; x_wconf 75' lang='grc' dir='ltr'><strong>τὸ</strong></span> <span class='ocrx_word' id='word_1_543' title='bbox 3295 3531 3463 3598; x_wconf 80' lang='grc' dir='ltr'><strong>στόμα</strong></span> <span class='ocrx_word' id='word_1_544' title='bbox 3535 3524 3689 3576; x_wconf 89' lang='grc' dir='ltr'><strong>λαλεῖ.</strong></span> <span class='ocrx_word' id='word_1_545' title='bbox 3760 3523 3932 3574; x_wconf 82' lang='grc' dir='ltr'><strong>Ἐνθυ-</strong></span> 
     </span>
    </p>
   </div>
   <div class='ocr_carea' id='block_1_84' title="bbox 2343 3606 3931 3688">
    <p class='ocr_par' dir='ltr' id='par_1_84' title="bbox 2343 3606 3931 3688">
     <span class='ocr_line' id='line_1_84' title="bbox 2343 3606 3931 3688; baseline -0.006 -20"><span class='ocrx_word' id='word_1_546' title='bbox 2343 3617 2580 3688; x_wconf 82' lang='grc' dir='ltr'><strong>μούμεθα</strong></span> <span class='ocrx_word' id='word_1_547' title='bbox 2655 3615 2766 3685; x_wconf 84' lang='grc'>(86)</span> <span class='ocrx_word' id='word_1_548' title='bbox 2837 3616 2937 3686; x_wconf 83' lang='grc' dir='ltr'><strong>γὰρ</strong></span> <span class='ocrx_word' id='word_1_549' title='bbox 3006 3623 3204 3687; x_wconf 87' lang='grc' dir='ltr'><strong>πρῶτον</strong></span> <span class='ocrx_word' id='word_1_550' title='bbox 3277 3616 3325 3664; x_wconf 74' lang='grc' dir='ltr'><strong>ἕν</strong></span> <span class='ocrx_word' id='word_1_551' title='bbox 3391 3621 3453 3683; x_wconf 75' lang='grc' dir='ltr'><strong>τῇ</strong></span> <span class='ocrx_word' id='word_1_552' title='bbox 3531 3607 3742 3682; x_wconf 78' lang='grc' dir='ltr'><strong>καρδίᾳ,</strong></span> <span class='ocrx_word' id='word_1_553' title='bbox 3822 3606 3931 3660; x_wconf 83' lang='grc' dir='ltr'><strong>εἶτα</strong></span> 
     </span>
    </p>
   </div>
   <div class='ocr_carea' id='block_1_85' title="bbox 2343 3698 3926 3774">
    <p class='ocr_par' dir='ltr' id='par_1_85' title="bbox 2343 3698 3926 3774">
     <span class='ocr_line' id='line_1_85' title="bbox 2343 3698 3926 3774; baseline -0.006 -18"><span class='ocrx_word' id='word_1_554' title='bbox 2343 3708 2402 3756; x_wconf 88' lang='grc' dir='ltr'><strong>τὸ</strong></span> <span class='ocrx_word' id='word_1_555' title='bbox 2451 3703 2731 3774; x_wconf 72' lang='grc' dir='ltr'><strong>ἓνθυμηθὲν</strong></span> <span class='ocrx_word' id='word_1_556' title='bbox 2798 3703 3041 3774; x_wconf 75' lang='grc' dir='ltr'>ἐξάγομεν</span> <span class='ocrx_word' id='word_1_557' title='bbox 3085 3698 3177 3753; x_wconf 82' lang='grc' dir='ltr'><strong>διὰ</strong></span> <span class='ocrx_word' id='word_1_558' title='bbox 3244 3707 3335 3751; x_wconf 86' lang='grc' dir='ltr'><strong>τοῦ</strong></span> <span class='ocrx_word' id='word_1_559' title='bbox 3388 3702 3660 3770; x_wconf 78' lang='grc' dir='ltr'><strong>στόματος.</strong></span> <span class='ocrx_word' id='word_1_560' title='bbox 3721 3701 3819 3748; x_wconf 83' lang='grc' dir='ltr'>Καὶ</span> <span class='ocrx_word' id='word_1_561' title='bbox 3871 3699 3926 3747; x_wconf 89' lang='grc' dir='ltr'>τό</span> 
     </span>
    </p>
   </div>
   <div class='ocr_carea' id='block_1_86' title="bbox 2345 3785 3923 3865">
    <p class='ocr_par' dir='ltr' id='par_1_86' title="bbox 2345 3785 3923 3865">
     <span class='ocr_line' id='line_1_86' title="bbox 2345 3785 3923 3865; baseline -0.006 -20"><span class='ocrx_word' id='word_1_562' title='bbox 2345 3796 2434 3865; x_wconf 70' lang='grc' dir='ltr'>μὲν</span> <span class='ocrx_word' id='word_1_563' title='bbox 2541 3793 2719 3855; x_wconf 80' lang='grc' dir='ltr'><strong>ἔξωθεν</strong></span> <span class='ocrx_word' id='word_1_564' title='bbox 2807 3792 3244 3865; x_wconf 85' lang='grc' dir='ltr'><strong>εἰσπορευόμενον,</strong></span> <span class='ocrx_word' id='word_1_565' title='bbox 3332 3787 3428 3850; x_wconf 72' lang='grc' dir='ltr'>ἔξω</span> <span class='ocrx_word' id='word_1_566' title='bbox 3513 3785 3662 3839; x_wconf 78' lang='grc' dir='ltr'><strong>πάλιν</strong></span> <span class='ocrx_word' id='word_1_567' title='bbox 3741 3792 3923 3858; x_wconf 75' lang='grc' dir='ltr'><strong>χωρεῖ’</strong></span> 
     </span>
    </p>
   </div>
   <div class='ocr_carea' id='block_1_87' title="bbox 2266 3875 3934 3954">
    <p class='ocr_par' dir='ltr' id='par_1_87' title="bbox 2266 3875 3934 3954">
     <span class='ocr_line' id='line_1_87' title="bbox 2266 3875 3934 3954; baseline -0.003 -24"><span class='ocrx_word' id='word_1_568' title='bbox 2266 3877 2311 3930; x_wconf 91' lang='lat' dir='ltr'><strong>D</strong></span> <span class='ocrx_word' id='word_1_569' title='bbox 2344 3885 2401 3933; x_wconf 90' lang='grc' dir='ltr'><strong>τὸ</strong></span> <span class='ocrx_word' id='word_1_570' title='bbox 2470 3877 2529 3932; x_wconf 72' lang='grc' dir='ltr'>δε</span> <span class='ocrx_word' id='word_1_571' title='bbox 2577 3882 2763 3932; x_wconf 80' lang='grc' dir='ltr'><strong>ἔσωθεν</strong></span> <span class='ocrx_word' id='word_1_572' title='bbox 2817 3879 3229 3954; x_wconf 76' lang='grc' dir='ltr'><strong>ἐκπορευόμενον,</strong></span> <span class='ocrx_word' id='word_1_573' title='bbox 3279 3879 3382 3929; x_wconf 78' lang='grc' dir='ltr'>ἔσω</span> <span class='ocrx_word' id='word_1_574' title='bbox 3437 3875 3587 3929; x_wconf 80' lang='grc' dir='ltr'><strong>πάλιν</strong></span> <span class='ocrx_word' id='word_1_575' title='bbox 3645 3878 3801 3948; x_wconf 77' lang='grc' dir='ltr'><strong>μένει,</strong></span> <span class='ocrx_word' id='word_1_576' title='bbox 3845 3877 3934 3925; x_wconf 88' lang='grc' dir='ltr'>καὶ</span> 
     </span>
    </p>
   </div>
   <div class='ocr_carea' id='block_1_88' title="bbox 2345 3974 2559 4042">
    <p class='ocr_par' dir='ltr' id='par_1_88' title="bbox 2345 3974 2559 4042">
     <span class='ocr_line' id='line_1_88' title="bbox 2345 3974 2559 4042; baseline -0.009 -20"><span class='ocrx_word' id='word_1_577' title='bbox 2345 3974 2559 4042; x_wconf 83' lang='grc' dir='ltr'><strong>μιαίνει.</strong></span> 
     </span>
    </p>
   </div>
   <div class='ocr_carea' id='block_1_89' title="bbox 2418 4095 3940 4172">
    <p class='ocr_par' dir='ltr' id='par_1_89' title="bbox 2418 4095 3940 4172">
     <span class='ocr_line' id='line_1_89' title="bbox 2418 4095 3940 4172; baseline -0.004 -18"><span class='ocrx_word' id='word_1_578' title='bbox 2418 4102 2507 4154; x_wconf 82' lang='grc' dir='ltr'><strong>Ἐκ</strong></span> <span class='ocrx_word' id='word_1_579' title='bbox 2582 4130 2647 4142; x_wconf 90' lang='lat'>-—</span> <span class='ocrx_word' id='word_1_580' title='bbox 2711 4099 3064 4172; x_wconf 78' lang='grc' dir='ltr'><strong>βλασφημίαι.</strong></span> <span class='ocrx_word' id='word_1_581' title='bbox 3131 4099 3190 4151; x_wconf 84' lang='grc' dir='ltr'>Ὀ</span> <span class='ocrx_word' id='word_1_582' title='bbox 3243 4095 3301 4152; x_wconf 64' lang='grc' dir='ltr'>δὲ</span> <span class='ocrx_word' id='word_1_583' title='bbox 3374 4100 3582 4172; x_wconf 77' lang='grc' dir='ltr'><strong>Μάρκος</strong></span> <span class='ocrx_word' id='word_1_584' title='bbox 3637 4096 3940 4169; x_wconf 79' lang='grc' dir='ltr'><strong>πλατύτερον</strong></span> 
     </span>
    </p>
   </div>
   <div class='ocr_carea' id='block_1_90' title="bbox 2350 4185 3943 4262">
    <p class='ocr_par' dir='ltr' id='par_1_90' title="bbox 2350 4185 3943 4262">
     <span class='ocr_line' id='line_1_90' title="bbox 2350 4185 3943 4262; baseline -0.003 -19"><span class='ocrx_word' id='word_1_585' title='bbox 2350 4190 2722 4262; x_wconf 74' lang='grc' dir='ltr'><strong>ἀπαριθμεῖται</strong></span> <span class='ocrx_word' id='word_1_586' title='bbox 2823 4191 2912 4240; x_wconf 85' lang='grc' dir='ltr'>καὶ</span> <span class='ocrx_word' id='word_1_587' title='bbox 3009 4189 3174 4261; x_wconf 77' lang='grc' dir='ltr'><strong>ἕτερα·</strong></span> <span class='ocrx_word' id='word_1_588' title='bbox 3275 4185 3586 4253; x_wconf 77' lang='grc' dir='ltr'><strong>πλεονεξίαν,</strong></span> <span class='ocrx_word' id='word_1_589' title='bbox 3673 4190 3943 4259; x_wconf 84' lang='grc' dir='ltr'><strong>πονηρίαν,</strong></span> 
     </span>
    </p>
   </div>
   <div class='ocr_carea' id='block_1_91' title="bbox 2352 4275 3947 4348">
    <p class='ocr_par' dir='ltr' id='par_1_91' title="bbox 2352 4275 3947 4348">
     <span class='ocr_line' id='line_1_91' title="bbox 2352 4275 3947 4348; baseline -0.004 -17"><span class='ocrx_word' id='word_1_590' title='bbox 2352 4276 2522 4347; x_wconf 84' lang='grc' dir='ltr'><strong>δόλον,</strong></span> <span class='ocrx_word' id='word_1_591' title='bbox 2627 4276 2923 4348; x_wconf 69' lang='grc' dir='ltr'><strong>ἀσέλγειαν,</strong></span> <span class='ocrx_word' id='word_1_592' title='bbox 3033 4275 3291 4348; x_wconf 85' lang='grc' dir='ltr'><strong>ὀφθαλμὸν</strong></span> <span class='ocrx_word' id='word_1_593' title='bbox 3402 4277 3645 4346; x_wconf 83' lang='grc' dir='ltr'><strong>πονηρὸν,</strong></span> <span class='ocrx_word' id='word_1_594' title='bbox 3761 4277 3947 4347; x_wconf 76' lang='grc' dir='ltr'><strong>ύπερηο</strong></span> 
     </span>
    </p>
   </div>
   <div class='ocr_carea' id='block_1_92' title="bbox 2351 4358 3947 4440">
    <p class='ocr_par' dir='ltr' id='par_1_92' title="bbox 2351 4358 3947 4440">
     <span class='ocr_line' id='line_1_92' title="bbox 2351 4358 3947 4440; baseline -0.004 -21"><span class='ocrx_word' id='word_1_595' title='bbox 2351 4371 2531 4440; x_wconf 88' lang='grc' dir='ltr'><strong>φανίαν</strong></span> <span class='ocrx_word' id='word_1_596' title='bbox 2590 4370 2679 4418; x_wconf 82' lang='grc' dir='ltr'><strong>καὶ</strong></span> <span class='ocrx_word' id='word_1_597' title='bbox 2767 4365 3081 4437; x_wconf 77' lang='grc' dir='ltr'><strong>ἀφροσύνηνο</strong></span> <span class='ocrx_word' id='word_1_598' title='bbox 3158 4366 3422 4434; x_wconf 85' lang='grc' dir='ltr'><strong>συντόμως</strong></span> <span class='ocrx_word' id='word_1_599' title='bbox 3503 4358 3562 4414; x_wconf 73' lang='grc' dir='ltr'>δὲ</span> <span class='ocrx_word' id='word_1_600' title='bbox 3627 4367 3718 4415; x_wconf 84' lang='grc' dir='ltr'><strong>καὶ</strong></span> <span class='ocrx_word' id='word_1_601' title='bbox 3782 4362 3947 4421; x_wconf 85' lang='grc' dir='ltr'><strong>ἁπλῶς</strong></span> 
     </span>
    </p>
   </div>
   <div class='ocr_carea' id='block_1_93' title="bbox 2351 4449 3950 4525">
    <p class='ocr_par' dir='ltr' id='par_1_93' title="bbox 2351 4449 3950 4525">
     <span class='ocr_line' id='line_1_93' title="bbox 2351 4449 3950 4525; baseline -0.005 -17"><span class='ocrx_word' id='word_1_602' title='bbox 2351 4456 2528 4523; x_wconf 87' lang='grc' dir='ltr'><strong>εἰπεῖν,</strong></span> <span class='ocrx_word' id='word_1_603' title='bbox 2587 4451 2922 4525; x_wconf 84' lang='grc' dir='ltr'><strong>διαλογισμοὶ</strong></span> <span class='ocrx_word' id='word_1_604' title='bbox 2999 4456 3090 4523; x_wconf 78' lang='grc' dir='ltr'><strong>μέν</strong></span> <span class='ocrx_word' id='word_1_605' title='bbox 3151 4451 3255 4504; x_wconf 85' lang='grc' dir='ltr'><strong>εἰσι</strong></span> <span class='ocrx_word' id='word_1_606' title='bbox 3321 4454 3539 4523; x_wconf 85' lang='grc' dir='ltr'><strong>πονηροὶ</strong></span> <span class='ocrx_word' id='word_1_607' title='bbox 3596 4453 3663 4502; x_wconf 82' lang='grc' dir='ltr'><strong>τὰ</strong></span> <span class='ocrx_word' id='word_1_608' title='bbox 3705 4449 3950 4524; x_wconf 39' lang='grc' dir='ltr'><strong>,βλαϐερά</strong></span> 
     </span>
    </p>
   </div>
   <div class='ocr_carea' id='block_1_94' title="bbox 2349 4535 3948 4616">
    <p class='ocr_par' dir='ltr' id='par_1_94' title="bbox 2349 4535 3948 4616">
     <span class='ocr_line' id='line_1_94' title="bbox 2349 4535 3948 4616; baseline -0.004 -19"><span class='ocrx_word' id='word_1_609' title='bbox 2349 4543 2706 4616; x_wconf 71' lang='grc' dir='ltr'><strong>ἐνθυμήματα*</strong></span> <span class='ocrx_word' id='word_1_610' title='bbox 2748 4539 2859 4595; x_wconf 78' lang='grc' dir='ltr'><strong>όδί</strong></span> <span class='ocrx_word' id='word_1_611' title='bbox 2889 4545 3051 4614; x_wconf 84' lang='grc' dir='ltr'><strong>φόνος,</strong></span> <span class='ocrx_word' id='word_1_612' title='bbox 3103 4545 3191 4592; x_wconf 83' lang='grc' dir='ltr'>καὶ</span> <span class='ocrx_word' id='word_1_613' title='bbox 3221 4541 3250 4598; x_wconf 81' lang='grc' dir='ltr'><strong>ἠ</strong></span> <span class='ocrx_word' id='word_1_614' title='bbox 3298 4537 3489 4608; x_wconf 78' lang='grc' dir='ltr'><strong>κλοπὴ,</strong></span> <span class='ocrx_word' id='word_1_615' title='bbox 3535 4544 3626 4590; x_wconf 84' lang='grc' dir='ltr'>καὶ</span> <span class='ocrx_word' id='word_1_616' title='bbox 3678 4541 3709 4598; x_wconf 79' lang='grc' dir='ltr'>ἡ</span> <span class='ocrx_word' id='word_1_617' title='bbox 3747 4535 3948 4610; x_wconf 72' lang='grc' dir='ltr'><strong>ψευδο-</strong></span> 
     </span>
    </p>
   </div>
   <div class='ocr_carea' id='block_1_95' title="bbox 2347 4624 3943 4707">
    <p class='ocr_par' dir='ltr' id='par_1_95' title="bbox 2347 4624 3943 4707">
     <span class='ocr_line' id='line_1_95' title="bbox 2347 4624 3943 4707; baseline -0.004 -22"><span class='ocrx_word' id='word_1_618' title='bbox 2347 4637 2631 4707; x_wconf 87' lang='grc' dir='ltr'><strong>μαρτυρία,</strong></span> <span class='ocrx_word' id='word_1_619' title='bbox 2679 4636 2768 4683; x_wconf 84' lang='grc' dir='ltr'><strong>καὶ</strong></span> <span class='ocrx_word' id='word_1_620' title='bbox 2852 4633 2882 4688; x_wconf 84' lang='grc' dir='ltr'><strong>ἠ</strong></span> <span class='ocrx_word' id='word_1_621' title='bbox 2937 4629 3202 4692; x_wconf 81' lang='grc' dir='ltr'><strong>πλεονεξία</strong></span> <span class='ocrx_word' id='word_1_622' title='bbox 3279 4632 3368 4680; x_wconf 83' lang='grc' dir='ltr'>καὶ</span> <span class='ocrx_word' id='word_1_623' title='bbox 3448 4629 3472 4678; x_wconf 89' lang='lat'>6</span> <span class='ocrx_word' id='word_1_624' title='bbox 3528 4624 3697 4696; x_wconf 82' lang='grc' dir='ltr'><strong>δόλος,</strong></span> <span class='ocrx_word' id='word_1_625' title='bbox 3763 4633 3852 4680; x_wconf 82' lang='grc' dir='ltr'><strong>καὶ</strong></span> <span class='ocrx_word' id='word_1_626' title='bbox 3914 4627 3943 4683; x_wconf 80' lang='grc' dir='ltr'><strong>ἠ</strong></span> 
     </span>
    </p>
   </div>
   <div class='ocr_carea' id='block_1_96' title="bbox 2349 4712 3946 4795">
    <p class='ocr_par' dir='ltr' id='par_1_96' title="bbox 2349 4712 3946 4795">
     <span class='ocr_line' id='line_1_96' title="bbox 2349 4712 3946 4795; baseline -0.006 -21"><span class='ocrx_word' id='word_1_627' title='bbox 2349 4723 2691 4795; x_wconf 79' lang='grc' dir='ltr'><strong>ὑπερηφανία,</strong></span> <span class='ocrx_word' id='word_1_628' title='bbox 2748 4724 3004 4793; x_wconf 87' lang='grc' dir='ltr'><strong>γνώριμα.</strong></span> <span class='ocrx_word' id='word_1_629' title='bbox 3064 4720 3296 4788; x_wconf 87' lang='grc' dir='ltr'><strong>Μοιχεία</strong></span> <span class='ocrx_word' id='word_1_630' title='bbox 3340 4712 3400 4768; x_wconf 81' lang='grc' dir='ltr'><strong>δέ</strong></span> <span class='ocrx_word' id='word_1_631' title='bbox 3455 4714 3571 4768; x_wconf 74' lang='grc' dir='ltr'><strong>ἐστι</strong></span> <span class='ocrx_word' id='word_1_632' title='bbox 3629 4721 3688 4768; x_wconf 86' lang='grc' dir='ltr'><strong>τὸ</strong></span> <span class='ocrx_word' id='word_1_633' title='bbox 3736 4717 3802 4777; x_wconf 86' lang='grc' dir='ltr'>εἰς</span> <span class='ocrx_word' id='word_1_634' title='bbox 3858 4713 3946 4772; x_wconf 65' lang='grc' dir='ltr'><strong>τὴν</strong></span> 
     </span>
    </p>
   </div>
   <div class='ocr_carea' id='block_1_97' title="bbox 2348 4800 3943 4882">
    <p class='ocr_par' dir='ltr' id='par_1_97' title="bbox 2348 4800 3943 4882">
     <span class='ocr_line' id='line_1_97' title="bbox 2348 4800 3943 4882; baseline -0.003 -20"><span class='ocrx_word' id='word_1_635' title='bbox 2348 4805 2611 4882; x_wconf 83' lang='grc' dir='ltr'><strong>ύπανδρον</strong></span> <span class='ocrx_word' id='word_1_636' title='bbox 2665 4807 2778 4880; x_wconf 83' lang='grc'>(87)</span> <span class='ocrx_word' id='word_1_637' title='bbox 2827 4807 3078 4859; x_wconf 85' lang='grc' dir='ltr'><strong>ἀπελθεῖν·</strong></span> <span class='ocrx_word' id='word_1_638' title='bbox 3118 4808 3330 4880; x_wconf 85' lang='grc' dir='ltr'><strong>πορνεία</strong></span> <span class='ocrx_word' id='word_1_639' title='bbox 3381 4800 3440 4856; x_wconf 70' lang='grc' dir='ltr'>δὲ</span> <span class='ocrx_word' id='word_1_640' title='bbox 3491 4808 3552 4856; x_wconf 87' lang='grc' dir='ltr'><strong>τὸ</strong></span> <span class='ocrx_word' id='word_1_641' title='bbox 3611 4805 3680 4866; x_wconf 86' lang='grc' dir='ltr'>εἰς</span> <span class='ocrx_word' id='word_1_642' title='bbox 3725 4810 3818 4863; x_wconf 79' lang='grc' dir='ltr'><strong>τὴν</strong></span> <span class='ocrx_word' id='word_1_643' title='bbox 3875 4807 3943 4874; x_wconf 76' lang='grc' dir='ltr'><strong>μὴ</strong></span> 
     </span>
    </p>
   </div>
   <div class='ocr_carea' id='block_1_98' title="bbox 662 4902 2233 4977">
    <p class='ocr_par' dir='ltr' id='par_1_98' title="bbox 662 4903 2202 4971">
     <span class='ocr_line' id='line_1_98' title="bbox 662 4903 2202 4971; baseline 0.005 -15"><span class='ocrx_word' id='word_1_644' title='bbox 662 4903 710 4937; x_wconf 74' lang='grc'>⁵³</span> <span class='ocrx_word' id='word_1_645' title='bbox 750 4904 922 4959; x_wconf 89' lang='lat' dir='ltr'>Marc.</span> <span class='ocrx_word' id='word_1_646' title='bbox 981 4919 1080 4969; x_wconf 87' lang='lat' dir='ltr'>v11,</span> <span class='ocrx_word' id='word_1_647' title='bbox 1123 4905 1211 4960; x_wconf 86' lang='grc'><strong>17.</strong></span> <span class='ocrx_word' id='word_1_648' title='bbox 1291 4906 1336 4941; x_wconf 75' lang='grc'>⁸³</span> <span class='ocrx_word' id='word_1_649' title='bbox 1379 4905 1578 4962; x_wconf 82' lang='lat' dir='ltr'>Matth.</span> <span class='ocrx_word' id='word_1_650' title='bbox 1615 4921 1716 4971; x_wconf 85' lang='lat' dir='ltr'>xu,</span> <span class='ocrx_word' id='word_1_651' title='bbox 1759 4906 1846 4960; x_wconf 76' lang='grc'><strong>34.</strong></span> <span class='ocrx_word' id='word_1_652' title='bbox 1925 4907 1972 4941; x_wconf 71' lang='grc'>⁵⁸</span> <span class='ocrx_word' id='word_1_653' title='bbox 2015 4906 2202 4965; x_wconf 82' lang='lat' dir='ltr'>Marc.</span> 
     </span>
    </p>
   </div>
   <div class='ocr_carea' id='block_1_99' title="bbox 2342 4902 3944 4977">
    <p class='ocr_par' dir='ltr' id='par_1_99' title="bbox 2342 4902 3944 4968">
     <span class='ocr_line' id='line_1_99' title="bbox 2342 4902 3944 4968; baseline -0.006 -6"><span class='ocrx_word' id='word_1_654' title='bbox 2342 4954 2344 4966; x_wconf 84' lang='lat'>,</span> <span class='ocrx_word' id='word_1_655' title='bbox 2391 4908 2479 4962; x_wconf 75' lang='grc'>22.</span> <span class='ocrx_word' id='word_1_656' title='bbox 2557 4908 2604 4942; x_wconf 75' lang='grc'>⁸⁵</span> <span class='ocrx_word' id='word_1_657' title='bbox 2645 4905 2790 4962; x_wconf 91' lang='lat' dir='ltr'>ibid.</span> <span class='ocrx_word' id='word_1_658' title='bbox 2834 4906 2922 4961; x_wconf 82' lang='grc'>19.</span> <span class='ocrx_word' id='word_1_659' title='bbox 3001 4905 3054 4939; x_wconf 77' lang='grc' dir='ltr'>³ο</span> <span class='ocrx_word' id='word_1_660' title='bbox 3097 4903 3299 4960; x_wconf 85' lang='lat' dir='ltr'>Matth.</span> <span class='ocrx_word' id='word_1_661' title='bbox 3340 4917 3465 4968; x_wconf 85' lang='lat' dir='ltr'>xm,</span> <span class='ocrx_word' id='word_1_662' title='bbox 3505 4902 3598 4960; x_wconf 78' lang='grc'>34.</span> <span class='ocrx_word' id='word_1_663' title='bbox 3677 4903 3722 4938; x_wconf 83' lang='grc'>⁵⁷</span> <span class='ocrx_word' id='word_1_664' title='bbox 3775 4905 3944 4961; x_wconf 81' lang='lat' dir='ltr'>Marc.</span> 
     </span>
    </p>
   </div>
   <div class='ocr_carea' id='block_1_100' title="bbox 595 5004 817 5066">
    <p class='ocr_par' dir='ltr' id='par_1_100' title="bbox 595 5004 817 5066">
     <span class='ocr_line' id='line_1_100' title="bbox 595 5004 817 5066; baseline 0.018 -12"><span class='ocrx_word' id='word_1_665' title='bbox 595 5015 691 5066; x_wconf 83' lang='lat' dir='ltr'>v11,</span> <span class='ocrx_word' id='word_1_666' title='bbox 725 5004 817 5059; x_wconf 81' lang='lat'>22.</span> 
     </span>
    </p>
   </div>
   <div class='ocr_carea' id='block_1_101' title="bbox 1819 5101 2748 5172">
    <p class='ocr_par' dir='ltr' id='par_1_101' title="bbox 1819 5101 2748 5172">
     <span class='ocr_line' id='line_1_101' title="bbox 1819 5101 2748 5172; baseline -0.005 -3"><span class='ocrx_word' id='word_1_667' title='bbox 1819 5101 2036 5170; x_wconf 70' lang='lat' dir='ltr'>Variae</span> <span class='ocrx_word' id='word_1_668' title='bbox 2076 5102 2405 5172; x_wconf 85' lang='lat' dir='ltr'>lectiones</span> <span class='ocrx_word' id='word_1_669' title='bbox 2439 5109 2506 5170; x_wconf 88' lang='lat' dir='ltr'>et</span> <span class='ocrx_word' id='word_1_670' title='bbox 2545 5110 2748 5169; x_wconf 71' lang='lat' dir='ltr'>notae.</span> 
     </span>
    </p>
   </div>
   <div class='ocr_carea' id='block_1_102' title="bbox 660 5215 2240 5288">
    <p class='ocr_par' dir='ltr' id='par_1_102' title="bbox 660 5215 2240 5288">
     <span class='ocr_line' id='line_1_102' title="bbox 660 5215 2240 5288; baseline 0.003 -19"><span class='ocrx_word' id='word_1_671' title='bbox 660 5215 777 5288; x_wconf 87' lang='grc'>(81)</span> <span class='ocrx_word' id='word_1_672' title='bbox 809 5216 1125 5272; x_wconf 86' lang='lat' dir='ltr'>Hentenius</span> <span class='ocrx_word' id='word_1_673' title='bbox 1164 5217 1379 5288; x_wconf 83' lang='lat' dir='ltr'>omittit</span> <span class='ocrx_word' id='word_1_674' title='bbox 1413 5215 1584 5288; x_wconf 74' lang='grc' dir='ltr'><strong>ἀκμὴν</strong></span> <span class='ocrx_word' id='word_1_675' title='bbox 1613 5245 1682 5256; x_wconf 93' lang='grc'><strong>-</strong></span> <span class='ocrx_word' id='word_1_676' title='bbox 1707 5217 1803 5288; x_wconf 74' lang='grc' dir='ltr'><strong>ἔτι,</strong></span> <span class='ocrx_word' id='word_1_677' title='bbox 1831 5216 2104 5288; x_wconf 80' lang='lat' dir='ltr'>relinque.</span> <span class='ocrx_word' id='word_1_678' title='bbox 2137 5231 2240 5273; x_wconf 88' lang='lat' dir='ltr'>au-</span> 
     </span>
    </p>
   </div>
   <div class='ocr_carea' id='block_1_103' title="bbox 590 5285 1772 5356">
    <p class='ocr_par' dir='ltr' id='par_1_103' title="bbox 590 5285 1772 5356">
     <span class='ocr_line' id='line_1_103' title="bbox 590 5285 1772 5356; baseline -0.001 -15"><span class='ocrx_word' id='word_1_679' title='bbox 590 5285 712 5341; x_wconf 87' lang='lat' dir='ltr'>tem</span> <span class='ocrx_word' id='word_1_680' title='bbox 739 5285 874 5341; x_wconf 91' lang='lat' dir='ltr'>cum</span> <span class='ocrx_word' id='word_1_681' title='bbox 904 5287 1174 5356; x_wconf 84' lang='lat' dir='ltr'>proximo</span> <span class='ocrx_word' id='word_1_682' title='bbox 1203 5287 1428 5343; x_wconf 89' lang='lat' dir='ltr'>scholio</span> <span class='ocrx_word' id='word_1_683' title='bbox 1451 5285 1772 5356; x_wconf 85' lang='lat' dir='ltr'>conjungit.</span> 
     </span>
    </p>
   </div>
   <div class='ocr_carea' id='block_1_104' title="bbox 661 5359 1233 5431">
    <p class='ocr_par' dir='ltr' id='par_1_104' title="bbox 661 5359 1233 5431">
     <span class='ocr_line' id='line_1_104' title="bbox 661 5359 1233 5431; baseline -0.005 -19"><span class='ocrx_word' id='word_1_684' title='bbox 661 5359 777 5431; x_wconf 61' lang='grc'>(82)</span> <span class='ocrx_word' id='word_1_685' title='bbox 805 5359 1132 5431; x_wconf 65' lang='grc' dir='ltr'><strong>Καθαρίζων,</strong></span> <span class='ocrx_word' id='word_1_686' title='bbox 1167 5360 1233 5411; x_wconf 85' lang='grc' dir='ltr'>Α.</span> 
     </span>
    </p>
   </div>
   <div class='ocr_carea' id='block_1_105' title="bbox 661 5427 1317 5638">
    <p class='ocr_par' dir='ltr' id='par_1_105' title="bbox 661 5427 1317 5638">
     <span class='ocr_line' id='line_1_105' title="bbox 661 5427 1317 5638; baseline -0.008 -155"><span class='ocrx_word' id='word_1_687' title='bbox 661 5427 778 5638; x_wconf 55' lang='grc' dir='ltr'>ἓὸἕὶξ</span> <span class='ocrx_word' id='word_1_688' title='bbox 807 5427 1220 5500; x_wconf 79' lang='grc' dir='ltr'><strong>Ἀπολιμπάνων,</strong></span> <span class='ocrx_word' id='word_1_689' title='bbox 1257 5434 1317 5479; x_wconf 81' lang='grc' dir='ltr'>Α.</span> 
     </span>
     <span class='ocr_line' id='line_1_106' title="bbox 685 5498 1317 5554; baseline -0.003 -2"><span class='ocrx_word' id='word_1_690' title='bbox 685 5498 754 5552; x_wconf 75' lang='grc'>84</span> <span class='ocrx_word' id='word_1_691' title='bbox 810 5499 1039 5554; x_wconf 86' lang='lat' dir='ltr'>Inclusa</span> <span class='ocrx_word' id='word_1_692' title='bbox 1070 5499 1250 5553; x_wconf 87' lang='lat' dir='ltr'>habet</span> <span class='ocrx_word' id='word_1_693' title='bbox 1274 5498 1317 5550; x_wconf 88' lang='lat' dir='ltr'>ir</span> 
     </span>
     <span class='ocr_line' id='line_1_107' title="bbox 689 5571 1317 5638; baseline -0.002 -15"><span class='ocrx_word' id='word_1_694' title='bbox 689 5571 752 5623; x_wconf 78' lang='lat'>85</span> <span class='ocrx_word' id='word_1_695' title='bbox 820 5575 1033 5638; x_wconf 87' lang='grc' dir='ltr'><strong>Κοπρών</strong></span> <span class='ocrx_word' id='word_1_696' title='bbox 1065 5584 1186 5622; x_wconf 90' lang='lat' dir='ltr'>non</span> <span class='ocrx_word' id='word_1_697' title='bbox 1228 5573 1317 5622; x_wconf 89' lang='lat' dir='ltr'>est</span> 
     </span>
    </p>
   </div>
   <div class='ocr_carea' id='block_1_106' title="bbox 810 5498 1657 5566">
    <p class='ocr_par' dir='ltr' id='par_1_106' title="bbox 810 5498 1657 5566">
     <span class='ocr_line' id='line_1_108' title="bbox 810 5498 1657 5566; baseline -0.006 -14"><span class='ocrx_word' id='word_1_698' title='bbox 810 5498 1039 5554; x_wconf 76' lang='lat' dir='ltr'>Inclusa</span> <span class='ocrx_word' id='word_1_699' title='bbox 1070 5499 1250 5553; x_wconf 87' lang='lat' dir='ltr'>habet</span> <span class='ocrx_word' id='word_1_700' title='bbox 1274 5498 1335 5551; x_wconf 89' lang='lat' dir='ltr'>in</span> <span class='ocrx_word' id='word_1_701' title='bbox 1373 5508 1566 5566; x_wconf 84' lang='lat' dir='ltr'>marg.</span> <span class='ocrx_word' id='word_1_702' title='bbox 1599 5500 1657 5552; x_wconf 92' lang='grc' dir='ltr'>Β.</span> 
     </span>
    </p>
   </div>
   <div class='ocr_carea' id='block_1_107' title="bbox 689 5569 2246 5641">
    <p class='ocr_par' dir='ltr' id='par_1_107' title="bbox 689 5569 2246 5641">
     <span class='ocr_line' id='line_1_109' title="bbox 689 5569 2246 5641; baseline 0.003 -18"><span class='ocrx_word' id='word_1_703' title='bbox 689 5569 776 5641; x_wconf 78' lang='grc'>85)</span> <span class='ocrx_word' id='word_1_704' title='bbox 820 5575 1033 5641; x_wconf 76' lang='grc' dir='ltr'><strong>Κοπρὼν</strong></span> <span class='ocrx_word' id='word_1_705' title='bbox 1065 5584 1186 5622; x_wconf 90' lang='lat' dir='ltr'>non</span> <span class='ocrx_word' id='word_1_706' title='bbox 1228 5573 1319 5622; x_wconf 89' lang='lat' dir='ltr'>est</span> <span class='ocrx_word' id='word_1_707' title='bbox 1353 5571 1591 5641; x_wconf 78' lang='lat' dir='ltr'>stercus,</span> <span class='ocrx_word' id='word_1_708' title='bbox 1639 5572 1704 5625; x_wconf 90' lang='lat' dir='ltr'>ut</span> <span class='ocrx_word' id='word_1_709' title='bbox 1743 5569 2002 5629; x_wconf 89' lang='lat' dir='ltr'>reddidit</span> <span class='ocrx_word' id='word_1_710' title='bbox 2040 5574 2246 5628; x_wconf 76' lang='lat' dir='ltr'>liente-</span> 
     </span>
    </p>
   </div>
   <div class='ocr_carea' id='block_1_108' title="bbox 589 5639 2248 5717">
    <p class='ocr_par' dir='ltr' id='par_1_108' title="bbox 589 5639 2248 5717">
     <span class='ocr_line' id='line_1_110' title="bbox 589 5639 2248 5717; baseline 0.003 -23"><span class='ocrx_word' id='word_1_711' title='bbox 589 5639 762 5717; x_wconf 60' lang='lat' dir='ltr'>nius.</span> <span class='ocrx_word' id='word_1_712' title='bbox 791 5639 940 5717; x_wconf 82' lang='lat' dir='ltr'>Nam</span> <span class='ocrx_word' id='word_1_713' title='bbox 973 5639 1156 5717; x_wconf 68' lang='lat' dir='ltr'>idest</span> <span class='ocrx_word' id='word_1_714' title='bbox 1195 5641 1406 5717; x_wconf 80' lang='grc' dir='ltr'><strong>κόπρος.</strong></span> <span class='ocrx_word' id='word_1_715' title='bbox 1457 5639 1806 5717; x_wconf 50' lang='grc' dir='ltr'><strong>δθάαοπρών</strong></span> <span class='ocrx_word' id='word_1_716' title='bbox 1857 5648 1945 5699; x_wconf 88' lang='lat' dir='ltr'>est</span> <span class='ocrx_word' id='word_1_717' title='bbox 1983 5647 2248 5714; x_wconf 88' lang='lat' dir='ltr'>recepta-</span> 
     </span>
    </p>
   </div>
   <div class='ocr_carea' id='block_1_109' title="bbox 590 5709 1795 5780">
    <p class='ocr_par' dir='ltr' id='par_1_109' title="bbox 590 5709 1795 5780">
     <span class='ocr_line' id='line_1_111' title="bbox 590 5709 1795 5780; baseline 0.001 -16"><span class='ocrx_word' id='word_1_718' title='bbox 590 5709 794 5766; x_wconf 90' lang='lat' dir='ltr'>culum</span> <span class='ocrx_word' id='word_1_719' title='bbox 825 5709 1116 5773; x_wconf 88' lang='lat' dir='ltr'>stercoris,</span> <span class='ocrx_word' id='word_1_720' title='bbox 1144 5723 1266 5779; x_wconf 91' lang='lat' dir='ltr'>quo</span> <span class='ocrx_word' id='word_1_721' title='bbox 1296 5709 1522 5765; x_wconf 74' lang='lat' dir='ltr'>Stercus</span> <span class='ocrx_word' id='word_1_722' title='bbox 1545 5709 1795 5780; x_wconf 81' lang='lat' dir='ltr'>ejicitur.</span> 
     </span>
    </p>
   </div>
   <div class='ocr_carea' id='block_1_110' title="bbox 2415 5217 3092 5288">
    <p class='ocr_par' dir='ltr' id='par_1_110' title="bbox 2415 5217 3092 5288">
     <span class='ocr_line' id='line_1_112' title="bbox 2415 5217 3092 5288; baseline -0.006 -18"><span class='ocrx_word' id='word_1_723' title='bbox 2415 5219 2528 5288; x_wconf 84' lang='lat'>(86)</span> <span class='ocrx_word' id='word_1_724' title='bbox 2572 5217 2999 5288; x_wconf 77' lang='grc' dir='ltr'><strong>Ἐνθυμούμενος,</strong></span> <span class='ocrx_word' id='word_1_725' title='bbox 3027 5219 3092 5288; x_wconf 36' lang='grc' dir='ltr'><strong>Α..</strong></span> 
     </span>
    </p>
   </div>
   <div class='ocr_carea' id='block_1_111' title="bbox 2422 5281 3953 5359">
    <p class='ocr_par' dir='ltr' id='par_1_111' title="bbox 2422 5281 3953 5359">
     <span class='ocr_line' id='line_1_113' title="bbox 2422 5281 3953 5359; baseline -0.004 -16"><span class='ocrx_word' id='word_1_726' title='bbox 2422 5281 2533 5359; x_wconf 72' lang='grc'>(87)</span> <span class='ocrx_word' id='word_1_727' title='bbox 2579 5287 2663 5359; x_wconf 84' lang='lat' dir='ltr'>Ita</span> <span class='ocrx_word' id='word_1_728' title='bbox 2695 5281 2941 5359; x_wconf 71' lang='lat' dir='ltr'>uterque</span> <span class='ocrx_word' id='word_1_729' title='bbox 2971 5284 3181 5359; x_wconf 85' lang='lat' dir='ltr'>codex.</span> <span class='ocrx_word' id='word_1_730' title='bbox 3209 5281 3504 5359; x_wconf 53' lang='lat' dir='ltr'>htqueita</span> <span class='ocrx_word' id='word_1_731' title='bbox 3525 5284 3953 5359; x_wconf 76' lang='lat' dir='ltr'>etiamvidetur</span> 
     </span>
    </p>
   </div>
   <div class='ocr_carea' id='block_1_112' title="bbox 2349 5351 3952 5436">
    <p class='ocr_par' dir='ltr' id='par_1_112' title="bbox 2349 5351 3952 5436">
     <span class='ocr_line' id='line_1_114' title="bbox 2349 5351 3952 5436; baseline -0.006 -22"><span class='ocrx_word' id='word_1_732' title='bbox 2349 5351 2919 5436; x_wconf 68' lang='lat' dir='ltr'>legisseHentenius,</span> <span class='ocrx_word' id='word_1_733' title='bbox 2948 5356 3204 5436; x_wconf 48' lang='lat' dir='ltr'>nisime;</span> <span class='ocrx_word' id='word_1_734' title='bbox 3229 5351 3360 5409; x_wconf 80' lang='lat' dir='ltr'>loco</span> <span class='ocrx_word' id='word_1_735' title='bbox 3376 5353 3443 5412; x_wconf 86' lang='grc' dir='ltr'>εἰς</span> <span class='ocrx_word' id='word_1_736' title='bbox 3459 5353 3767 5436; x_wconf 80' lang='lat' dir='ltr'>invenerit,</span> <span class='ocrx_word' id='word_1_737' title='bbox 3792 5351 3952 5436; x_wconf 72' lang='lat' dir='ltr'>quod</span> 
     </span>
    </p>
   </div>
   <div class='ocr_carea' id='block_1_113' title="bbox 2351 5425 3952 5501">
    <p class='ocr_par' dir='ltr' id='par_1_113' title="bbox 2351 5425 3952 5501">
     <span class='ocr_line' id='line_1_115' title="bbox 2351 5425 3952 5501; baseline -0.004 -17"><span class='ocrx_word' id='word_1_738' title='bbox 2351 5425 2478 5501; x_wconf 70' lang='lat' dir='ltr'>ipse</span> <span class='ocrx_word' id='word_1_739' title='bbox 2499 5429 2682 5501; x_wconf 83' lang='lat' dir='ltr'>etiam</span> <span class='ocrx_word' id='word_1_740' title='bbox 2707 5426 2934 5482; x_wconf 91' lang='lat' dir='ltr'>malim.</span> <span class='ocrx_word' id='word_1_741' title='bbox 2969 5425 3086 5480; x_wconf 92' lang='lat' dir='ltr'>Sed</span> <span class='ocrx_word' id='word_1_742' title='bbox 3113 5425 3274 5480; x_wconf 89' lang='lat' dir='ltr'>idem</span> <span class='ocrx_word' id='word_1_743' title='bbox 3288 5439 3432 5501; x_wconf 86' lang='lat' dir='ltr'>_mox</span> <span class='ocrx_word' id='word_1_744' title='bbox 3452 5428 3777 5501; x_wconf 87' lang='lat' dir='ltr'>reperi_tu_r._</span> <span class='ocrx_word' id='word_1_745' title='bbox 3792 5425 3952 5481; x_wconf 85' lang='lat' dir='ltr'>Ferte</span> 
     </span>
    </p>
   </div>
   <div class='ocr_carea' id='block_1_114' title="bbox 2357 5495 3951 5567">
    <p class='ocr_par' dir='ltr' id='par_1_114' title="bbox 2357 5495 3951 5567">
     <span class='ocr_line' id='line_1_116' title="bbox 2357 5495 3951 5567; baseline -0.001 -16"><span class='ocrx_word' id='word_1_746' title='bbox 2357 5495 2590 5551; x_wconf 74' lang='grc' dir='ltr'><strong>ἀπελθεῖν</strong></span> <span class='ocrx_word' id='word_1_747' title='bbox 2616 5502 2960 5567; x_wconf 88' lang='lat' dir='ltr'>corruptum</span> <span class='ocrx_word' id='word_1_748' title='bbox 2987 5502 3100 5560; x_wconf 86' lang='lat' dir='ltr'>est,</span> <span class='ocrx_word' id='word_1_749' title='bbox 3124 5495 3309 5567; x_wconf 84' lang='lat' dir='ltr'>quod</span> <span class='ocrx_word' id='word_1_750' title='bbox 3334 5509 3454 5549; x_wconf 90' lang='lat' dir='ltr'>non</span> <span class='ocrx_word' id='word_1_751' title='bbox 3485 5495 3734 5553; x_wconf 86' lang='lat' dir='ltr'>memini</span> <span class='ocrx_word' id='word_1_752' title='bbox 3762 5497 3951 5567; x_wconf 79' lang='lat' dir='ltr'>legere</span> 
     </span>
    </p>
   </div>
   <div class='ocr_carea' id='block_1_115' title="bbox 2355 5511 3952 5629">
    <p class='ocr_par' dir='ltr' id='par_1_115' title="bbox 2355 5511 3952 5629">
     <span class='ocr_line' id='line_1_117' title="bbox 2357 5511 3951 5619; baseline -0.003 -68"><span class='ocrx_word' id='word_1_753' title='bbox 2357 5511 2590 5551; x_wconf 72' lang='grc' dir='ltr'><strong>ἀπελθεῖν</strong></span> <span class='ocrx_word' id='word_1_754' title='bbox 2616 5511 2960 5567; x_wconf 78' lang='lat' dir='ltr'>corruptum</span> <span class='ocrx_word' id='word_1_755' title='bbox 2987 5511 3100 5560; x_wconf 79' lang='lat' dir='ltr'>est,</span> <span class='ocrx_word' id='word_1_756' title='bbox 3142 5511 3309 5619; x_wconf 61' lang='lat' dir='ltr'>guoa</span> <span class='ocrx_word' id='word_1_757' title='bbox 3334 5511 3454 5549; x_wconf 89' lang='lat' dir='ltr'>non</span> <span class='ocrx_word' id='word_1_758' title='bbox 3485 5511 3734 5553; x_wconf 82' lang='lat' dir='ltr'>memini</span> <span class='ocrx_word' id='word_1_759' title='bbox 3762 5511 3951 5566; x_wconf 78' lang='lat' dir='ltr'>legere</span> 
     </span>
     <span class='ocr_line' id='line_1_118' title="bbox 2355 5563 3952 5629; baseline -0.004 -4"><span class='ocrx_word' id='word_1_760' title='bbox 2355 5571 2466 5625; x_wconf 90' lang='lat' dir='ltr'>hoc</span> <span class='ocrx_word' id='word_1_761' title='bbox 2497 5574 2694 5624; x_wconf 83' lang='lat' dir='ltr'>sensu.</span> <span class='ocrx_word' id='word_1_762' title='bbox 2730 5567 2951 5622; x_wconf 90' lang='lat' dir='ltr'>Deinde</span> <span class='ocrx_word' id='word_1_763' title='bbox 2978 5567 3047 5629; x_wconf 85' lang='grc' dir='ltr'>εἰς</span> <span class='ocrx_word' id='word_1_764' title='bbox 3078 5565 3136 5622; x_wconf 89' lang='lat' dir='ltr'>vi</span> <span class='ocrx_word' id='word_1_765' title='bbox 3187 5571 3316 5621; x_wconf 89' lang='lat' dir='ltr'>etur</span> <span class='ocrx_word' id='word_1_766' title='bbox 3342 5568 3552 5621; x_wconf 90' lang='lat' dir='ltr'>notare</span> <span class='ocrx_word' id='word_1_767' title='bbox 3577 5584 3702 5624; x_wconf 87' lang='lat' dir='ltr'>non</span> <span class='ocrx_word' id='word_1_768' title='bbox 3732 5567 3811 5624; x_wconf 90' lang='lat' dir='ltr'>ad</span> <span class='ocrx_word' id='word_1_769' title='bbox 3851 5563 3952 5620; x_wconf 92' lang='lat' dir='ltr'>sed</span> 
     </span>
    </p>
   </div>
   <div class='ocr_carea' id='block_1_116' title="bbox 2357 5635 3953 5721">
    <p class='ocr_par' dir='ltr' id='par_1_116' title="bbox 2357 5635 3953 5721">
     <span class='ocr_line' id='line_1_119' title="bbox 2357 5635 3953 5721; baseline -0.004 -25"><span class='ocrx_word' id='word_1_770' title='bbox 2357 5646 2592 5721; x_wconf 66' lang='lat' dir='ltr'>contra,</span> <span class='ocrx_word' id='word_1_771' title='bbox 2625 5643 2688 5696; x_wconf 88' lang='lat' dir='ltr'>ut</span> <span class='ocrx_word' id='word_1_772' title='bbox 2711 5644 2976 5721; x_wconf 58' lang='grc' dir='ltr'><strong>παροινεῖν</strong></span> <span class='ocrx_word' id='word_1_773' title='bbox 3007 5637 3107 5721; x_wconf 53' lang='grc' dir='ltr'><strong>εἰς..</strong></span> <span class='ocrx_word' id='word_1_774' title='bbox 3131 5635 3376 5721; x_wconf 67' lang='lat' dir='ltr'>Raroria</span> <span class='ocrx_word' id='word_1_775' title='bbox 3401 5650 3825 5721; x_wconf 61' lang='lat' dir='ltr'>saepenumerq</span> <span class='ocrx_word' id='word_1_776' title='bbox 3845 5639 3953 5721; x_wconf 63' lang='lat' dir='ltr'>liu—</span> 
     </span>
    </p>
   </div>
   <div class='ocr_carea' id='block_1_117' title="bbox 2357 5705 3949 5782">
    <p class='ocr_par' dir='ltr' id='par_1_117' title="bbox 2357 5705 3949 5782">
     <span class='ocr_line' id='line_1_120' title="bbox 2357 5705 3949 5782; baseline -0.006 -16"><span class='ocrx_word' id='word_1_777' title='bbox 2357 5711 2626 5782; x_wconf 85' lang='lat' dir='ltr'>thymius</span> <span class='ocrx_word' id='word_1_778' title='bbox 2651 5705 2900 5767; x_wconf 84' lang='lat' dir='ltr'>adhibet</span> <span class='ocrx_word' id='word_1_779' title='bbox 2937 5707 3255 5765; x_wconf 87' lang='lat' dir='ltr'>vocabula.</span> <span class='ocrx_word' id='word_1_780' title='bbox 3297 5705 3464 5762; x_wconf 86' lang='lat' dir='ltr'>Forte</span> <span class='ocrx_word' id='word_1_781' title='bbox 3486 5705 3729 5780; x_wconf 77' lang='lat' dir='ltr'>scripsit</span> <span class='ocrx_word' id='word_1_782' title='bbox 3759 5707 3949 5760; x_wconf 79' lang='grc' dir='ltr'><strong>ἀϐελτε-</strong></span> 
     </span>
    </p>
   </div>
  </div>
