4176 6432
236 339 348 400 449

1213 343 1586 404 COMMENT.
1634 343 1703 400 IN
1743 335 2188 401 MATTHEUM.
2231 375 2300 388 -—
2338 346 2496 402 CAP.
2539 347 2656 402 XV.

3506 351 3612 406 450

237 470 479 540 ἔχουσαν
535 464 722 542 ἄνδρα·
768 469 1086 542 βλασφημία
1130 466 1190 522 δὲ
1219 474 1278 522 τό
1304 468 1534 530 ὑϐρίζειν
1576 474 1662 523 τὸν
1694 473 1840 536 Θεὸν,

1961 474 2161 526 autem
2191 486 2320 526 esse
2353 473 2471 526 Deo
2501 471 2999 527 contumeliosum
3028 471 3118 528 vel
3149 471 3468 543 ingratum,
3503 479 3609 531 aut

238 560 270 616 ἧ
329 556 642 629 ἀχαριστεῖν
686 559 827 629 αὐτῷ
880 559 908 618 ἦ
967 561 1260 630 μέμφεσθαι
1311 563 1472 629 αὐτῷ’
1516 565 1738 632 πονηρία
1787 555 1846 611 δὲ

237 649 299 698 τό
358 645 570 717 μελετᾷν
626 645 736 718 (88)
788 649 923 698 κατὰ
973 667 1129 712 τινος,
1175 648 1203 706 ἦ
1256 647 1652 720 ὑπολαμϐάνειν,
1685 649 1718 699 ἃ
1771 652 1842 719 μὴ

239 738 356 806 χρὴ
417 739 536 807 περὶ
591 735 768 787 αὐτοῦ’
823 734 1063 807 ἀσέλγεια
1119 733 1177 788 δὲ
1219 739 1248 794 ἡ
1306 735 1690 808 ἀρσενοκοιτία,
1757 743 1846 789 καὶ

239 827 286 876 εἴ
359 843 412 875 τι
498 831 726 875 τοιοῦτον
799 823 1099 877 ἀκόλαστον*
1183 825 1441 898 ὀφθαλμὸν
1509 823 1568 878 δὲ
1622 829 1845 899 πονηρὸν

239 911 469 964 ἐνταῦθα
523 912 679 982 λέγει,
735 917 829 970 τὴν
880 912 1171 986 βασκανίαν
1228 914 1389 985 (89)·
1451 913 1712 988 ἀφροσύνη
1787 911 1846 966 δι

239 1007 436 1075 κυρίως
489 1004 548 1052 τὸ
607 1005 677 1073 μὴ
730 998 920 1054 εἰδέναι
965 1007 1051 1055 τόν
1100 1007 1246 1056 Θεόν.
1301 1000 1425 1056 Εἷπε
1488 1006 1611 1076 γὰρ,
1663 1009 1840 1075 φησὶν,

243 1091 419 1161 ἄφρων
497 1089 547 1141 ἐν
599 1087 800 1164 καρδίᾳ
858 1091 1035 1144 αὐτοῦ·
1089 1091 1198 1144 Οὐκ
1255 1094 1367 1144 ἔστι
1429 1097 1572 1156 Θεὸς,
1628 1092 1731 1144 εἰσὶ
1785 1089 1846 1144 δέ

242 1181 330 1230 καὶ
403 1179 580 1250 ἕτεραι
654 1183 833 1231 κακίαι
905 1199 1113 1253 μυριαι.
1169 1181 1422 1250 Παρίλιπέ
1473 1177 1533 1232 δέ
1582 1188 1670 1232 νῦν
1729 1182 1842 1250 (90)

237 1269 430 1326 ταυτας
481 1268 507 1317 ὁ
561 1271 816 1338 Χριστὸς,
869 1264 963 1320 διὰ
1007 1272 1066 1320 τό
1119 1267 1290 1340 ἀρκεῖν
1338 1272 1403 1321 τὰ
1449 1270 1672 1342 ρηθέντα
1717 1272 1842 1340 πρὸς

235 1360 332 1413 τήν
385 1353 640 1407 κάκείνων
695 1352 1000 1427 διάγνωσιν.
1042 1363 1221 1408 Ταῦτα
1281 1354 1340 1408 δέ
1389 1359 1558 1408 πάντα
1628 1355 1682 1408 ἐκ
1751 1365 1842 1416 τῆς

235 1440 464 1518 καρδίας
495 1440 634 1496 εἶπεν
679 1442 1005 1519 ἓξέρχεσθαι,
1040 1443 1180 1497 διότι
1222 1447 1315 1507 τὰς
1351 1444 1526 1518 ἀρχὰς
1582 1445 1636 1507 εξ
1677 1446 1842 1507 αὐτῆς

232 1536 480 1604 ἔχουσιν,
561 1532 754 1606 Ἀρχαὶ
832 1537 932 1608 γὰρ
1015 1536 1206 1585 τούτων
1273 1536 1327 1586 αἱ
1393 1533 1719 1606 ἐνθυμήσεις,
1785 1535 1841 1594 ἃς

234 1623 261 1678 ἡ
314 1617 522 1696 καρδία
596 1621 851 1692 πηγάξειν
901 1623 1089 1676 εἰωθιν.
1148 1621 1292 1676 Ἐπεὶ
1349 1619 1407 1674 δὲ
1463 1626 1518 1674 ἑκ
1567 1633 1664 1684 τῆς
1709 1643 1838 1698 καρ-
1871 1616 1915 1669 Β

236 1706 348 1769 δίας
419 1708 770 1782 ἐξέρχονται,
848 1713 1052 1772 πάντως
1117 1717 1206 1762 καὶ
1273 1709 1326 1762 ἐκ
1393 1718 1486 1763 τοῦ
1562 1717 1838 1784 στόματος,

234 1800 353 1850 ὅταν
433 1797 870 1870 ὑπερϐλυσὰντων
925 1799 1078 1869 (91)
1136 1798 1184 1850 ἓν
1257 1807 1318 1870 τῇ
1395 1795 1629 1873 καρδίᾳ,
1687 1797 1841 1858 δίκην

234 1895 461 1959 πονηροῦ
547 1893 731 1958 χυμοῦ
759 1929 774 1952 ,
823 1889 882 1938 τὸ
959 1895 1258 1959 περιττεῦον
1320 1887 1654 1960 ἕξιμισθῆναι
1723 1887 1841 1960 βιά-

244 1993 411 2033 σηται.

313 2089 481 2133 Ταῦτα
552 2112 620 2122 -
698 2080 984 2156 ἄνθρωπον,
1044 2085 1302 2143 Μαθόντες
1373 2080 1480 2141 ἤδη
1546 2088 1635 2135 καὶ
1691 2085 1839 2155 ἡμεῖς

255 2169 320 2219 τὰ
383 2174 644 2239 μιαίνοντα
736 2173 821 2222 τὸν
896 2173 1164 2245 ἄνθρωπον
1195 2216 1210 2239 ,
1283 2174 1478 2228 ταύτην
1563 2173 1666 2244 οἰρα
1747 2176 1838 2230 τὴν

245 2257 499 2330 ῥυπαρίαν
571 2257 982 2332 ἀπορῥὶψωμεν,
1038 2265 1125 2318 τὴν
1190 2257 1514 2318 κηλιδοῠσαν
1580 2265 1673 2318 τὴν
1739 2259 1839 2330 ψυ-

239 2351 371 2414 χήν.
428 2346 537 2398 Ἐὰν
582 2347 686 2420 γὰρ
747 2346 878 2408 ὅλοις
950 2355 1204 2421 ποταμοῖς
1273 2351 1328 2399 τὸ
1407 2357 1558 2420 σῶμα
1624 2347 1834 2420 λούσῃς,

232 2431 383 2485 οὐδὲν
440 2434 668 2506 ὄφελος,
739 2434 1037 2509 ἀκαθάρτου
1119 2439 1377 2510 μενούσης
1457 2437 1650 2500 αὐτῆς,
1725 2441 1838 2499 ἣτις

229 2519 388 2574 ὕδατι
465 2519 712 2598 δακρύων
792 2530 883 2577 καὶ
949 2527 1259 2600 καθαρσίοις
1323 2528 1514 2601 ἀρετῶν
1599 2524 1838 2578 ἀπολούε-

228 2629 334 2665 ται.

1959 558 2126 613 illum
2145 574 2423 614 accusare
2457 577 2468 624 ;
2497 559 2720 614 malitia
2745 565 2832 614 est
2851 560 3109 628 cogitare
3133 561 3291 616 mala
3318 561 3606 618 adversus

1959 646 2239 718 aliquem.
2278 652 2381 702 aut
2419 647 2708 718 suspicari
2747 646 2815 702 de
2858 648 2954 702 illo
2998 663 3133 718 qua:
3169 664 3290 703 non
3336 654 3600 720 oportet:

1959 733 2325 803 impudicitia
2367 739 2457 788 est
2501 734 2853 790 concubitus
2891 751 3029 790 cum
3092 736 3378 800 masculo,
3426 741 3528 792 aut
3557 737 3606 792 si

1957 837 2092 892 quae
2118 821 2569 891 esthujusmodi
2603 822 2877 892 lascivia;
2893 823 3123 878 oculum
3156 830 3353 878 autem
3377 825 3604 880 malum

1960 917 2127 965 vocat
2161 910 2443 966 invidiam
2475 928 2488 976 ;
2523 911 2766 966 stultitia
2796 927 2937 966 vero
2964 911 3202 982 proprie
3220 917 3439 967 estnon
3469 928 3604 968 nos-

1959 1013 2020 1052 se
2053 1000 2236 1054 Deum
2268 1000 2470 1055 :Dixit
2489 999 2726 1065 stultus,
2745 999 2937 1070 inquit
2959 999 3022 1054 in
3046 998 3217 1055 corde
3231 1000 3495 1064 suo,Non
3521 1006 3604 1056 est

1957 1086 2114 1142 Deus
2143 1088 2211 1140 ⁵⁸.
2247 1088 2394 1142 Sunt
2427 1092 2628 1142 autem
2657 1091 2716 1142 et
2744 1086 2863 1142 alia
2906 1085 3067 1142 mala
3118 1086 3431 1143 innumera
3469 1102 3604 1159 qum

1955 1189 2117 1229 nunc
2160 1174 2541 1245 praetermisit
2571 1173 2858 1240 Christus,
2910 1189 2980 1229 eo
3004 1174 3170 1246 quod
3209 1173 3509 1231 sufﬁciant
3535 1190 3608 1232 ea

1956 1277 2091 1332 quae
2122 1262 2274 1317 dicta
2300 1267 2461 1324 sunt,
2493 1262 2571 1317 ad
2601 1262 2950 1318 habendam
2988 1263 3160 1318 etiam
3194 1263 3430 1318 illorum
3452 1263 3604 1319 noti-

1957 1350 2118 1406 tiam.
2148 1350 2277 1405 Hzec
2317 1366 2460 1420 ergo
2491 1367 2527 1406 a
2556 1351 2733 1406 corde
2764 1350 2910 1406 dixit
2935 1351 3156 1418 egredi,
3210 1353 3500 1422 quoniam
3526 1352 3604 1407 ab

1954 1438 2054 1494 illo
2099 1439 2449 1510 principium
2492 1439 2736 1496 habent.
2781 1440 3002 1494 Horum
3062 1447 3260 1496 autem
3315 1440 3607 1512 principia

1955 1527 2449 1598 concupiscentiae
2478 1531 2636 1595 sunt,
2663 1544 2794 1599 quae
2824 1543 2861 1583 a
2882 1529 3057 1583 corde
3080 1529 3270 1584 solent
3299 1544 3602 1584 emanare.

1955 1616 2106 1681 Quia
2135 1631 2276 1671 vero
2311 1631 2346 1671 a
2365 1615 2564 1679 corde,
2584 1617 2832 1672 omnino
2863 1617 3037 1672 etiam
3065 1617 3142 1672 ab
3167 1633 3269 1672 ore
3294 1618 3605 1686 egrediun-

1955 1707 2103 1759 tur:
2173 1704 2418 1776 quando
2467 1705 2531 1760 in
2607 1705 2784 1760 corde
2849 1705 3180 1760 ebulliendo
3235 1704 3296 1758 in
3353 1705 3605 1760 modum

1954 1791 2097 1848 mali
2170 1791 2462 1856 humoris,
2555 1793 2718 1864 quod
2794 1793 3169 1864 superﬂuum
3235 1799 3320 1848 est
3405 1793 3606 1849 evomi

1955 1880 2203 1950 cogitur.

2027 2127 2186 2181 Vers.
2253 2128 2348 2182 20.
2411 2127 2550 2181 Haec
2595 2157 2663 2165 —
2727 2127 3017 2183 hominem.
3071 2127 3332 2184 Scientes
3391 2133 3447 2185 et
3493 2144 3605 2188 nos

1952 2213 2234 2286 deinceps
2268 2230 2405 2286 quae
2438 2215 2555 2270 sint
2579 2230 2650 2271 ea
2681 2232 2816 2288 quae
2845 2217 3153 2272 hominem
3176 2219 3602 2285 contaminant,

1951 2303 2110 2359 hanc
2126 2319 2268 2359 sane
2285 2303 2729 2360 immunditiam
2748 2306 3127 2375 abjiciamus,
3148 2323 3283 2379 quae
3299 2307 3602 2362 sordidam

1952 2392 2144 2447 reddit
2174 2392 2462 2448 animam.
2496 2393 2555 2447 Si
2605 2395 2764 2449 enim
2797 2395 2927 2465 ipsa
2970 2395 3042 2450 sit
3069 2395 3327 2466 impura,
3377 2395 3605 2451 etiamsi

1952 2481 2085 2536 totis
2113 2479 2469 2536 ﬂuminibus
2497 2497 2715 2553 corpus
2746 2481 2984 2547 laveris,
3008 2483 3149 2537 nihil
3176 2483 3278 2538 tibi
3305 2483 3600 2555 proderit;

1951 2569 2052 2624 illa
2081 2585 2240 2634 vero,
2298 2586 2458 2642 aqua
2501 2570 2901 2642 lacrymarum
2932 2575 2988 2626 et
3034 2571 3448 2642 purificatione
3493 2571 3601 2626 vir-

1951 2661 2147 2713 tutum
2169 2657 2446 2712 abluitur.

1871 2745 1911 2800 C
2019 2762 2179 2820 CAP.
2223 2764 2405 2818 xm.
2436 2764 2518 2818 De
2544 2763 2889 2820 Phwnicissa
2918 2767 3028 2819 ειύο
3061 2763 3416 2822 Οήαηαηωα.

561 2813 713 2865 ΚΕΦ.
756 2811 860 2874 ΚΘ,
894 2813 1019 2880 Περὶ
1067 2816 1161 2870 τῆς
1189 2813 1506 2870 Χαναναίας.

303 2900 408 2948 Καὶ
461 2926 531 2936 --›
582 2893 825 2957 Σιδῶνος.
866 2897 1031 2948 Αὖται
1089 2897 1143 2949 αἰ
1190 2897 1358 2959 πόλεις
1388 2906 1487 2949 τῶν
1533 2901 1835 2951 Χαναναίων

237 2979 390 3042 ἦσαν.
475 2991 596 3046 Πῶς
662 2981 770 3050 οὖν,
837 2993 942 3046 τοῖς
1001 2988 1262 3058 μαθηταῖς
1347 2986 1708 3058 ἐντειλάμενος,
1770 2985 1837 3045 εἰς

232 3070 351 3124 ὁδὸν
380 3071 540 3124 ἐθνῶν
569 3078 641 3145 μὴ
695 3072 948 3140 ἀπελθεῖν,
982 3074 1138 3136 αὐτὸς
1177 3075 1385 3126 ἄπεισιν
1405 3093 1422 3145 ;
1476 3075 1586 3126 Οὐκ
1642 3074 1838 3134 ἀπῆλθε

232 3161 488 3234 κηρύξων·
574 3161 646 3222 εἰς
711 3169 865 3214 τοῦτο
936 3165 1038 3235 γὰρ
1093 3168 1183 3214 καὶ
1233 3167 1354 3224 τοὺς
1415 3165 1650 3235 μαθητὰς
1709 3164 1835 3216 ἐκω-

229 3249 400 3303 λυσεν·
469 3248 598 3302 ἀλλά
673 3250 826 3303 θέλων
901 3248 1150 3304 ἁδειασαι
1203 3252 1319 3323 (92)
1359 3255 1564 3325 μικρόν.
1612 3257 1698 3306 Διὸ
1747 3259 1836 3306 καὶ

233 3342 352 3409 μετὰ
412 3342 472 3391 τὸ
524 3337 800 3405 ἀπελθεῖν,
852 3343 919 3402 ὡς
977 3342 1002 3392 ὁ
1060 3343 1274 3414 Μάρκος
1349 3341 1482 3393 εἰπιν
1519 3383 1532 3406 ,
1598 3342 1838 3395 εἰσελθὼν

235 3431 300 3488 είς
342 3427 464 3499 (93)
508 3427 698 3496 οἰκίαν,
729 3427 917 3481 οὖὸένα
941 3429 1086 3486 ἤθελε
1113 3438 1322 3501 γνῶναι,
1358 3435 1448 3482 καὶ
1477 3430 1569 3483 οὐκ
1598 3428 1835 3490 ἠδυνήθη

234 3514 423 3569 λαθεῖν.

303 3627 403 3674 Καὶ
435 3651 506 3662 --
559 3621 722 3676 αὑτῶ.
763 3621 821 3674 Ὀ
875 3619 934 3674 δὲ
976 3625 1188 3698 Μάρκος
1218 3629 1396 3696 φησίνο
1435 3625 1530 3678 Ἦν
1562 3622 1622 3679 δε
1643 3629 1672 3685 ἠ
1705 3633 1835 3698 γυνή

233 3709 477 3774 Ἑλληνίς,
556 3714 711 3786 Σύρα,
801 3716 1108 3766 Φοινίκισσα
1175 3721 1247 3764 τώ
1321 3719 1474 3785 γένει,
1552 3721 1834 3785 τουτέστιν,

235 3797 461 3860 Ἑλληνίς
515 3803 604 3870 μὲν
655 3804 749 3858 τὴν
807 3802 1084 3872 θρησκείαν
1143 3805 1280 3875 Σύρα
1337 3799 1395 3855 δὲ
1445 3811 1506 3876 τῇ
1561 3801 1836 3878 διαλέκτῳ,

2018 2870 2178 2925 Vers.
2206 2871 2296 2926 2t.
2326 2871 2400 2924 Et
2426 2901 2494 2911 —
2519 2869 2776 2926 Sidonis.
2821 2871 2920 2925 Hae
2965 2869 3236 2926 civitates
3263 2871 3600 2928 Chananeo

1947 2973 2080 3013 rum
2107 2963 2296 3015 erant.
2330 2959 2644 3022 Quomodo
2674 2974 2816 3028 ergo
2847 2959 2949 3030 qui
2980 2958 3287 3030 discipulis
3319 2960 3604 3032 praecepit

1948 3063 2020 3101 ne
2061 3048 2118 3101 in
2154 3049 2312 3101 viam
2342 3048 2590 3115 gentiam
2621 3047 2851 3102 abirent
2875 3049 2942 3112 ⁵³,
2976 3049 3101 3118 ipse
3133 3047 3302 3102 abit?
3323 3052 3448 3104 Non
3478 3049 3602 3106 abit

1947 3135 2398 3206 praedicaturus,
2437 3135 2541 3189 sed
2577 3140 2639 3189 ut
2669 3134 2980 3206 paululum
3013 3137 3430 3206 requiesceret.
3461 3137 3601 3194 Ideo

1947 3224 2124 3280 etiam
2157 3228 2478 3294 postquam
2507 3222 2764 3284 abiisset,
2796 3224 3104 3291 ingressus
3124 3227 3397 3290 domum,
3425 3229 3604 3294 prout

1949 3314 2175 3367 Marcus
2216 3311 2294 3365 ait
2337 3313 2406 3375 σο,
2444 3312 2745 3365 neminem
2798 3311 2944 3366 scire
2996 3310 3204 3373 voluit,
3249 3327 3356 3366 nec
3408 3311 3603 3382 potuit

1948 3401 2148 3456 latere.

2023 3630 2178 3686 Vers.
2205 3631 2295 3685 22.
2329 3630 2395 3684 Et
2420 3660 2489 3668 —
2514 3643 2591 3685 an
2621 3643 2770 3686 eum.
2803 3631 3028 3686 Marcus
3066 3629 3149 3686 ait
3181 3647 3193 3684 :
3240 3628 3393 3685 Erta
3419 3635 3600 3686 autme

1947 3719 2165 3775 mulier
2196 3719 2401 3774 Graeca.
2444 3722 2620 3789 Syra,
2680 3719 3064 3785 Phaenicissa,
3116 3719 3230 3776 hoc
3261 3722 3348 3774 est
3393 3718 3600 3778 Graeca

1947 3807 2191 3880 quidem
2234 3807 2537 3878 religione,
2596 3809 2743 3880 Syra
2780 3824 2920 3865 vero
2958 3807 3186 3878 lingua.
3248 3808 3600 3865 Phoenicissa

234 3893 543 3940 Φοινίκισσα
595 3884 653 3940 δὲ
703 3897 776 3959 τῷ
824 3893 994 3960 γένει,
1053 3893 1218 3942 εἶτουν
1272 3899 1343 3962 τῷ
1402 3894 1549 3946 ἔθνει.
1612 3900 1837 3958 Φοίνικες

1959 3877 2088 3952 vero
2111 3912 2327 3967 genere
2357 3877 2478 3952 sive
2505 3902 2698 3968 gente.
2733 3897 3035 3953 Phrenices
3082 3898 3239 3953 enim
3297 3897 3598 3954 Chanauae

228 3979 326 4049 γὰρ
389 3979 440 4028 οἱ
497 3983 782 4030 Χαναναῖοι
851 3977 1082 4049 ἐλέγοντο
1114 4018 1128 4042 ,
1207 3975 1300 4031 δια
1376 3985 1432 4032 τὸ
1516 3985 1836 4056 μητρόπολιν

227 4068 366 4136 ἔχειν
442 4071 539 4124 τὴν
594 4072 853 4125 Φοινίκην.
914 4067 1216 4122 Ἀκούσασα
1267 4067 1329 4123 δὲ
1379 4070 1542 4124 πάλαι
1594 4077 1685 4147 μὲν
1741 4080 1834 4134 τὴν

225 4160 399 4226 signa
457 4156 636 4224 αὐτοῦ,
685 4164 772 4208 νῦν
824 4153 902 4224 δὲ,
959 4158 1039 4209 ὅτι
1099 4157 1212 4230 (94)
1263 4157 1671 4234 ἐπιδεδήμηκεν,
1728 4162 1836 4216 ἀνι-

221 4264 348 4314 χνευ
356 4263 445 4297 σεν
478 4264 652 4299 αυτον.

288 4368 436 4440 [(95)
483 4371 919 4444 Συροφοινίκισσά
971 4372 1087 4444 (96)
1136 4377 1276 4424 ἐστιν
1321 4375 1351 4432 ἡ
1401 4374 1622 4428 ἑκάστου
1651 4377 1829 4449 ψυχὴ,

220 4461 451 4529 ἔχουσα,
509 4460 743 4530 καθαπερ
802 4461 1081 4532 θυγατέρα,
1128 4466 1221 4520 τὴν
1283 4459 1516 4516 διάνοιαν
1577 4485 1832 4538 κεκρατηο

219 4550 375 4616 μὼην
431 4554 493 4618 τῇ
549 4546 694 4618 φιλία
738 4556 829 4608 τῆς
859 4547 1009 4616 ὕλης,
1058 4554 1147 4602 καὶ
1179 4547 1272 4604 διὰ
1316 4559 1470 4605 τοῦτο
1501 4553 1833 4612 ἐπιληπτιυο-

219 4640 374 4706 μίνην
396 4639 488 4687 καὶ
514 4631 549 4687 δ
555 4635 1024 4710 ιαῤῥησσομένην]

299 4732 346 4766 ⁵⁸
377 4732 538 4790 Psal.
567 4749 687 4801 xm,
727 4735 774 4788 1.
853 4735 900 4770 ⁵⁸
934 4735 1136 4792 Matth.
1164 4753 1222 4803 x,
1256 4743 1307 4794 5.
1385 4741 1435 4776 ³ο
1455 4741 1628 4796 Marc.
1659 4758 1754 4812 vu,
1780 4745 1869 4800 24.

1892 3996 1894 3998 '
1944 3986 2308 4050 dicebantur,
2345 4002 2412 4040 eo
2437 3986 2604 4058 quod
2636 3986 3016 4058 metmpolim
3041 3987 3381 4043 Phoenicem
3413 3985 3595 4042 habe-

1944 4080 2094 4131 rent.
2137 4077 2264 4130 tlaec
2291 4089 2432 4143 ergo
2460 4091 2596 4130 cum
2626 4074 2853 4130 famam
2883 4075 3128 4146 quidem
3152 4075 3281 4145 ejus
3295 4075 3429 4146 jam
3452 4074 3598 4130 olim

1943 4163 2230 4228 audisset,
2277 4178 2440 4218 nunc
2469 4179 2611 4218 vero
2663 4163 2829 4234 quod
2873 4178 2944 4218 eo
3001 4164 3367 4225 accessisset,
3394 4169 3599 4219 secuta

1944 4256 2033 4308 est
2060 4252 2191 4323 ejus
2219 4250 2487 4320 vestigia.

2014 4378 2056 4445 -ι-
2092 4375 2616 4446 SyraPhcenicissa
2641 4380 2725 4430 est
2757 4375 3053 4445 cujusque
3084 4373 3305 4439 anima,
3332 4379 3595 4430 mentem

1944 4463 2124 4538 quasi
2155 4463 2343 4519 ﬁliam
2373 4463 2628 4526 habens,
2657 4479 2792 4536 quae
2819 4463 3078 4518 materiae
3101 4468 3329 4519 tenetur
3353 4478 3592 4532 amore;

1944 4559 2001 4612 et
2030 4553 2164 4609 ideo
2219 4550 2502 4610 comitiali
2553 4552 2770 4609 morbo
2832 4549 3076 4618 laborat,
3133 4567 3203 4609 ac
3251 4549 3597 4607 discruciari

1946 4644 2180 4701 dicitur.

1951 4746 1972 4780 ⁶
2001 4742 2145 4800 ibid.
2184 4742 2280 4798 ‘26.

1478 4847 1697 4916 Variae
1713 4850 2040 4919 lectiones
2063 4860 2126 4917 et
2144 4859 2346 4915 notae.

219 4963 349 5041 ξεῖν,
379 4956 556 5029 cujus
583 4961 791 5041 tamen
807 4959 1098 5041 exempla
1125 4961 1359 5041 ignoro,
1379 4963 1496 5041 etsi
1526 4969 1668 5041 nota
1694 4971 1833 5041 sunt

221 5026 516 5099 ἀϐέλτερος,
573 5026 872 5099 ἀϐελτηρία.
923 5026 1018 5071 -”
1059 5026 1178 5086 Αίῖ
1221 5033 1520 5090 vocabula
1596 5035 1830 5090 ἀπελθεῖν

220 5099 291 5179 εἰς
322 5102 472 5179 noto
501 5103 733 5179 tantum
747 5099 969 5179 locum»
991 5101 1112 5179 fere
1143 5104 1406 5179 similem
1429 5121 1610 5176 supra
1650 5125 1704 5179 p.
1738 5109 1828 5172 25,

218 5169 436 5250 lbi
473 5174 580 5250 est,
627 5169 833 5231 εἰσῆλθε
878 5177 1008 5246 πρὸς
1052 5174 1236 5241 αὐτὴν,
1271 5178 1338 5236 ὡς
1365 5175 1438 5238 εἰς
1484 5169 1697 5250 πόρνην.

220 5241 555 5297 Addendis.

288 5313 408 5383 (88)
454 5313 806 5388 _Hentenius,
862 5316 1043 5371 mala.
1099 5317 1340 5374 Videtur
1370 5334 1513 5388 ergo
1537 5321 1828 5379 excidisse

216 5388 374 5448 κοαά,
411 5383 492 5438 ob
525 5385 860 5454 proximum
896 5389 1046 5442 κατὰ.

312 5457 405 5532 89)
442 5456 666 5532 Omittit
696 5457 882 5532 codex
914 5459 954 5512 Β
982 5463 1074 5517 τὴν
1108 5457 1422 5532 βασκανίαν.

312 5527 382 5581 90
439 5531 567 5592 Νῦν,
602 5527 855 5583 abestA.

312 5603 373 5652 91
432 5597 621 5652 lntell.
658 5599 844 5653 αὐτων.

430 5665 702 5740 Ἀδιάσαι,
728 5675 790 5726 Α.
833 5670 855 5722 Ἀ

286 5456 307 5666 ἓ

311 5597 402 5653 91)
432 5597 621 5652 lntell.
658 5599 844 5653 αὐτων.

284 5665 401 5740 (9‘2)
430 5665 702 5740 Ἀδιάσαι,
728 5675 790 5726 Α.
833 5667 1145 5740 Ἀδειάζειν,
1179 5676 1346 5748 quod
1377 5693 1513 5734 raro
1552 5677 1826 5750 occurrit,

2981 4967 3002 4980 υ

1941 4972 2028 5023 est
2071 4982 2144 5020 ex
2174 4961 2366 5035 ἄδεια,Δ
2398 4967 2685 5035 notatque
2734 4958 2917 5016 ἄδειαν
2977 4967 3138 5035 ἔχειν,
3169 4962 3217 5016 έν
3275 4960 3428 5035 αδεια
3476 4959 3591 5035 ζῇν.

1942 4985 2028 5023 esr.
2071 4985 2144 5020 ex
2174 4985 2348 5028 αοεια,
2398 4985 2685 5035 [iuratque
2734 4985 2917 5016 ασειαν
2977 4985 3020 5016 ε*
3047 4985 3138 5031 ειν,
3169 4985 3217 5016 εν
3275 4985 3428 5019 ασεια
3476 4985 3591 5039 sp».

1942 5039 2064 5094 Hoc
2111 5036 2244 5092 loco
2301 5031 2483 5087 ἄδειαν
2536 5037 2878 5107 πραγμάτων,
2942 4985 3124 5089 οῖδξιαν
3159 5044 3250 5088 τοῦ
3317 5033 3594 5090 διδάσκειν

1941 5112 2103 5182 ἔχειν.

2014 5179 2126 5305 (93)
2167 5176 2298 5259 Τῂν,
2331 5177 2494 5250 quod
2527 5177 2798 5250 vulgares
2829 5177 3122 5235 aditiones
3150 5177 3387 5247 habent,
3422 5179 3594 5236 omit-

2033 5267 2092 5305 ιη
2123 5266 2188 5305 ra
2216 5266 2274 5305 1n
2305 5254 2602 5305 contextu.

1940 5252 2006 5308 tit
2027 5250 2188 5305 infra
2216 5250 2274 5305 in
2305 5254 2602 5305 contextu.

2013 5322 2125 5395 (94)
2156 5321 2273 5373 Ὅτι
2302 5320 2480 5376 habet
2500 5325 2740 5395 uterque
2780 5320 2988 5376 codex.
3019 5324 3098 5378 Ne
3125 5337 3263 5394 ergo
3293 5322 3427 5395 quis
3450 5337 3593 5395 con-

1938 5394 2106 5464 jiciat
2163 5395 2275 5465 ὅτε,
2309 5409 2380 5447 ex
2425 5392 2828 5465 superioribus
2879 5392 3390 5465 repetendumfré
3440 5392 3591 5445 ἀκοῦ-

1947 5460 2108 5531 σασα,
2147 5467 2208 5517 ut
2235 5463 2325 5532 sit,
2359 5471 2444 5513 νῦν
2473 5460 2531 5515 δὲ
2553 5462 2848 5530 ἀκούσασα,
2903 5460 2999 5519 ὅτι.
3128 5485 3129 5490 ‘

2015 5537 2126 5609 (95)
2155 5536 2298 5599 Quae
2321 5534 2709 5609 inclusimus,
2743 5551 2814 5592 ea
2847 5538 2884 5591 Β
2913 5536 3094 5594 habet
3131 5537 3189 5593 in
3206 5536 3490 5609 margine.

2013 5605 2128 5678 (96)
2157 5610 2243 5662 lla
2281 5605 2380 5662 alii
2410 5605 2634 5677 legunt.
