4176 6436
598 299 696 362 451
1911 305 2253 361 EUTHYMII
2306 301 2637 360 ZlGABENI

3861 297 3970 360 452

668 432 832 485 Vers.
852 431 940 485 22.
962 432 1175 486 Diceris
1196 453 1207 488 :
1229 461 1296 470 -—
1319 437 1644 502 torquetur.
1662 432 1801 485 Filia
1817 446 1952 501 quae
1972 431 2102 485 adae
2122 445 2238 487 mo-

2427 432 2671 498 Λέγουσα
2713 455 2781 465 -
2847 421 3224 497 δαιμονίζεται.
3289 431 3394 483 Τὴν
3454 426 3716 498 θυγατέρα
3772 423 3976 500 δαιμο-

589 519 1320 590 niotorquebaturrelicta,
1339 534 1410 574 eo
1423 518 1585 590 quod
1605 519 1861 574 omnino
1886 534 2065 573 sensu
2085 534 2247 574 care-

587 611 692 670 ret,
709 608 970 678 seipsam
984 607 1384 680 profertquasi
1402 607 1663 663 maxime
1677 607 1940 676 indigeat
1955 612 2018 662 ut
2033 607 2123 662 sui
2150 606 2246 661 mi-

590 702 872 765 sereatur,
894 698 1035 768 quia
1063 697 1339 752 morbum
1367 696 1674 764 sentiebat,
1703 701 1760 751 et
1781 696 2247 752 ideoinnumera

591 786 1328 841 sustinebatincommoda.
1356 785 1562 840 Filium
1579 790 1779 840 autem
1793 785 1979 840 David
2001 801 2128 840 eum
2145 801 2245 841 vo-

592 879 704 937 cat,
725 874 886 945 quod
906 874 1196 929 didicerat
1219 889 1250 928 e
1282 889 1495 944 genere
1523 873 1696 928 David
1725 875 2018 929 Christum
2046 874 2242 928 oriun-

591 963 756 1017 dum.
772 962 1062 1017 Omnibus
1074 961 1367 1033 siquidem
1384 961 1900 1016 nominatissimus
1913 966 2040 1017 erat
2055 961 2242 1017 David

589 1049 737 1107 Male
766 1049 974 1119 inquit,
1007 1065 1044 1105 a
1074 1049 1357 1105 daemonio
1387 1053 1723 1120 torquetur,
1742 1049 1856 1104 hoc
1886 1053 1978 1104 est
2007 1049 2238 1105 misere.

663 1139 824 1193 Vers.
856 1141 942 1192 23.
973 1139 1121 1206 Ipse.
1152 1169 1219 1177 —
1250 1138 1508 1194 verbum.
1572 1137 1674 1194 Illa
1720 1137 1966 1209 quidem
1998 1137 2111 1192 alte
2139 1153 2240 1194 vo-

588 1225 1173 1291 ciferatur,dolorem
1199 1226 1299 1299 qui
1327 1226 1549 1283 latebat
1567 1227 1626 1281 in
1662 1226 1841 1282 corde
1860 1226 2236 1296 signiﬁcans;

585 1315 714 1387 ipse
735 1330 874 1370 vero
887 1315 1131 1386 penitus
1153 1314 1306 1380 silet,
1335 1315 1636 1370 sustinens
1657 1315 1846 1371 donec
1872 1315 2068 1370 omnis
2084 1315 2238 1370 illius

586 1403 754 1469 ﬁdes,
788 1403 964 1459 animi
1018 1403 1315 1459 modestia
1358 1403 1677 1475 prudentia
1712 1403 2234 1460 manifestaretur:

585 1491 747 1562 quod
793 1492 956 1548 vario
995 1492 1178 1548 modo
1228 1491 1422 1548 facere
1476 1492 1624 1548 solet
1666 1494 1726 1547 in
1774 1492 1994 1548 multis.
2051 1491 2238 1548 Simul

586 1581 766 1637 etiam
793 1585 854 1636 ut
874 1597 905 1636 e
938 1581 1178 1637 diverso
1207 1581 1422 1636 Judaais
1446 1581 1803 1648 ostenderet,
1832 1580 2070 1653 qualem
2097 1596 2238 1650 erga
2269 1568 2310 1620 Β

585 1669 716 1726 illos
742 1675 968 1738 gereret
998 1669 1287 1732 aﬂ'cctum,
1319 1687 1458 1725 cum
1493 1670 1766 1726 inﬁrmos
1797 1686 2002 1726 eorum
2054 1669 2239 1726 semel

588 1762 820 1815 tantum
868 1764 1126 1829 rogatus,
1182 1759 1305 1814 imo
1334 1774 1444 1814 nec
1493 1758 1675 1814 semel
1727 1759 1990 1830 quidem,
2037 1761 2236 1815 statim

589 1847 839 1904 curabat
872 1863 885 1902 :
920 1847 1232 1918 gentilium
1254 1864 1391 1904 vero
1422 1863 1543 1903 non
1567 1849 1666 1903 ita.

659 1936 824 1991 Vers.
856 1941 944 1990 23.
991 1937 1064 1991 Et
1084 1969 1150 1975 ——
1180 1953 1303 1992 nos.
1333 1937 1502 2001 Quod
1534 1937 1632 1991 Hic
1662 1935 2233 2005 dicitur,Rogabant,

588 2025 780 2080 littera
832 2024 1014 2080 habet
1067 2027 1295 2097 ἠρώτων,
1331 2025 1495 2096 quod
1549 2024 1792 2078 verbum
1842 2024 1974 2079 licet
2004 2028 2066 2079 ut
2108 2023 2236 2094 plu-

586 2113 809 2169 rimum
842 2113 1205 2182 interrogare
1233 2113 1544 2182 signiﬁcet,
1599 2113 1895 2167 interdum
1929 2116 2130 2167 tamen
2163 2112 2236 2166 si-

586 2201 830 2272 gniﬁcat
886 2201 1213 2273 deprecari.
1279 2205 1427 2258 Nam
1480 2206 1536 2257 et
1578 2201 1685 2257 hoc
1725 2201 1856 2256 loco
1909 2201 2135 2256 Marcus
2165 2215 2236 2254 eo

586 2291 780 2355 utitur,
816 2307 955 2346 cum
994 2291 1063 2346 de
1104 2290 1354 2347 muliere
1391 2290 1650 2362 loquens
1695 2289 1777 2346 ait
1807 2308 1819 2346 :
1846 2289 2070 2363 Ἠρωτα,
2122 2289 2238 2344 hoc

586 2384 692 2445 est,
745 2380 1182 2452 deprecabatur
1221 2396 1350 2434 eum
1391 2385 1455 2435 ut
1483 2379 1893 2434 daemoninum
1927 2378 2162 2448 ejiceret
2204 2392 2240 2433 a

585 2468 709 2525 ﬁlia
738 2486 848 2526 sua
877 2471 945 2525 ".
979 2469 1046 2525 Et
1066 2470 1253 2526 Lucas
1297 2470 1527 2524 decimo
1567 2473 1781 2540 quarto
1806 2469 1999 2538 capite
2047 2468 2237 2539 ἐρωτῶ,

587 2557 703 2613 hoc
716 2562 820 2624 est,
842 2558 1131 2626 deprecor
1151 2563 1224 2621 te,
1250 2557 1400 2613 habe
1422 2572 1513 2613 me
1526 2563 1862 2613 excusatum
1877 2558 1945 2609 ⁸³.
1965 2557 2058 2611 Est
2070 2562 2125 2611 et
2139 2555 2240 2610 ubi

2354 517 2623 587 νιςομένην
2665 513 3013 580 ἀπολιποῦσα,
3057 511 3151 566 διὰ
3192 517 3248 566 τὸ
3300 512 3552 573 παντελῶς
3603 512 3962 588 ἀναισθητεῖν,

2354 611 2646 680 πρόσεισιν,
2703 603 2890 661 ἑαυτὴν
2951 602 3220 662 ἐλεηθῆναι
3293 603 3527 672 μάλιστα
3583 599 3825 676 δεομένη,
3862 611 3958 664 τὴν

2353 695 2728 766 αἰσθανομένην
2775 701 2866 754 τῆς
2913 697 3089 759 νόσου,
3141 696 3230 744 καὶ
3303 689 3396 744 διὰ
3441 698 3594 744 τοῦτο
3647 699 3816 766 μυρία
3864 699 3961 748 πάι

2356 803 2615 855 σχουσαν.
2649 782 2766 834 Υἰόν
2799 779 2858 834 δὲ
2879 779 3045 834 Δαυῑδ
3073 781 3227 833 αὐτὸν
3258 781 3404 834 καλεῖ
3424 777 3517 833 διὰ
3536 785 3595 833 τό
3627 785 3833 855 μαθεῖν,
3878 786 3961 838 ὅτι

2351 871 2407 923 ἐκ
2434 869 2600 924 Δαυῑδ
2629 875 2846 943 κατάγει
2874 876 2933 924 τὸ
2972 875 3135 943 γένος.
3171 877 3311 924 [Ith
3343 873 3445 946 γὰρ
3486 871 3512 922 ό
3562 868 3730 923 Δαυὶδ
3768 874 3959 946 ὀνομα-

2353 966 2600 1022 στότατος
2627 958 2707 1018 ἦν.
2743 968 2928 1022 Κακῶς
2954 957 3033 1029 δὲ,
3061 965 3213 1032 φησὶ,
3247 957 3629 1032 δαιμονίζεται,
3671 959 3786 1013 ἀντὶ
3838 971 3954 1030 τοῦ,

2351 1050 2610 1120 χαλεπῶς.

2415 1147 2480 1191 ⁴Ὀ
2534 1171 2601 1179 --
2676 1139 2846 1209 λόγον.
2899 1138 2957 1191 Ἠ
3015 1142 3104 1211 μὲν
3159 1137 3263 1211 βοᾷ
3327 1138 3547 1210 μεγάλα,
3587 1141 3673 1190 τὸν
3733 1136 3956 1212 ἕνδομυ-

2346 1237 2548 1299 χοῡντα
2584 1237 2680 1290 τῆς
2721 1224 2944 1302 καρδίας
2990 1228 3104 1299 (97)
3148 1232 3300 1280 πόνον
3357 1223 3753 1300 ἐνδεικνυμένηο
3791 1229 3949 1291 αὐτὸς

2348 1313 2407 1368 δε
2457 1323 2583 1388 σιγᾴ
2655 1315 2934 1383 παντελῶς,
2992 1315 3250 1388 ἀναμένων
3317 1315 3525 1368 ἅπασαν
3597 1319 3955 1390 φανερωθῆναι

2344 1410 2438 1462 τὴν
2477 1411 2674 1477 πίστιν,
2717 1411 2806 1458 καὶ
2848 1410 3176 1471 ταπείνωσιν,
3215 1409 3305 1457 καὶ
3358 1407 3564 1458 σύνεσιν
3605 1405 3735 1463 αύτῆ
3749 1427 3788 1471 ς,
3827 1410 3953 1480 ὅπερ

2347 1491 2604 1567 διαφόρως
2652 1497 2795 1547 εἴωθε
2844 1501 3008 1546 ποιεῖν
3070 1493 3119 1546 ἐν
3161 1493 3385 1556 πολλοῖς·
3437 1493 3546 1567 οἶμα
3573 1490 3632 1546 δε
3679 1499 3769 1546 καὶ
3807 1494 3959 1549 ἀντε-

2345 1580 2734 1655 πιδεικνύμενος
2804 1579 3118 1648 Ἰουδαίοις,
3189 1583 3300 1634 οἷαν
3386 1587 3503 1656 περὶ
3574 1582 3765 1644 αύτούς
3837 1587 3957 1656 ἔχει

2346 1669 2603 1737 διάθεσιν,
2653 1674 2734 1723 ὅτι
2763 1675 2880 1731 τούς
2927 1674 3017 1744 μεν
3069 1670 3371 1745 ἀρρώστους
3414 1670 3582 1722 αύτῶν
3623 1672 3764 1735 ἅπαξ
3802 1677 3958 1733 αἰτη-

2347 1763 2472 1828 θεὶς,
2526 1762 2556 1819 η
2625 1757 2739 1813 οὐδ’
2785 1760 2963 1827 ἅπαξ,
3024 1760 3172 1821 εὐθὺς
3231 1762 3533 1832 θεραπεύει,
3582 1764 3704 1822 τοὺς
3745 1759 3803 1814 δέ
3849 1772 3956 1816 τῶν

2345 1848 2501 1901 ἐθνῶν
2541 1849 2648 1920 ούχ
2674 1848 2856 1910 οὕτως.

2415 1937 2523 1989 Καὶ
2563 1938 2821 2009 -ὴμῶν,
2867 1967 2919 1977 -
2971 1935 3232 2010 Ἠρώτων,
3289 1935 3401 1988 ἀντὶ
3440 1943 3553 2001 τοῦ,
3603 1939 3952 2013 παρεκάλουν.

2345 2030 2445 2078 Καὶ
2495 2029 2596 2099 γὰρ
2661 2030 2749 2076 καὶ
2811 2027 2836 2076 ό
2885 2027 3093 2098 Μάρκος
3149 2028 3319 2098 εἴρηκε
3370 2030 3487 2098 περὶ
3539 2034 3635 2087 τῆς
3685 2032 3953 2100 γυναικός,

2344 2118 2423 2166 ὅτι
2477 2119 2565 2166 καὶ
2623 2115 2798 2186 ἠρώτα
2840 2114 3016 2182 αὐτὸν,
3067 2116 3146 2166 ἱνα
3207 2117 3264 2166 τὸ
3325 2109 3594 2186 δαιμόνιον
3647 2113 3836 2189 ἐκϐάλῃ
3896 2117 3952 2170 ἐκ

2344 2211 2437 2263 τῆς
2506 2205 2762 2274 θυγατρὸς
2828 2201 3009 2266 αὐτῆς,
3080 2203 3259 2273 ἤγουν,
3333 2202 3628 2275 παρεκάλει.
3704 2207 3774 2257 Τό
3845 2209 3947 2278 γὰρ

2346 2290 2516 2363 ἐρωτῶ
2575 2294 2815 2362 σημαίνει
2880 2294 2968 2362 μὲν
3023 2293 3091 2351 ὡς
3146 2288 3230 2342 ἐπὶ
3281 2293 3339 2343 τό
3396 2290 3637 2344 πλεῖστον
3710 2297 3768 2346 τό
3822 2314 3947 2345 πυν-

2349 2379 2613 2431 θάνεσθαι·
2680 2382 2921 2449 σημαίνει
2985 2374 3044 2430 δε
3118 2384 3206 2430 καὶ
3260 2381 3341 2449 τό,
3407 2380 3710 2455 παρακαλῶ’
3768 2384 3837 2441 ὡς
3887 2385 3942 2432 τὸ

2345 2466 2547 2542 Ἐρωτῶ
2615 2485 2692 2534 σε,
2774 2469 2863 2538 ἔχε
2951 2486 3014 2539 με
3073 2470 3456 2543 παρῃτημένον.
3524 2469 3668 2523 Ἐστι
3733 2466 3805 2540 δ’,
3858 2470 3942 2521 ὅτε

2350 2553 2505 2612 δηλοῖ
2555 2559 2645 2606 καὶ
2700 2558 2758 2606 τὸ
2808 2557 3150 2627 προστάσσω,
3203 2558 3272 2617 ὡς
3325 2561 3402 2610 τό·
3453 2555 3635 2630 Ἐμϐὰς
3705 2554 3764 2610 δέ
3827 2558 3947 2630 (98)

584 2645 795 2716 jubere
821 2646 1132 2714 signiﬁcat,
1176 2650 1239 2700 ut
1275 2661 1412 2699 cum
1456 2644 1614 2700 circa
1661 2645 1843 2698 ﬁnem
1887 2644 2104 2700 decimi
2149 2659 2238 2699 ca-

2351 2644 2418 2703 εἰς
2483 2643 2530 2695 ἓν
2587 2651 2685 2694 τῶν
2741 2643 2949 2706 πλοίων,
3008 2644 3034 2694 ὃ
3092 2641 3152 2702 ἦν
3213 2652 3305 2697 τοῦ
3367 2651 3612 2718 Σίμωνος,
3682 2647 3952 2721 ἠρώτησεν

594 2732 734 2803 pitis
775 2732 941 2802 apud
987 2733 1208 2788 Lucam
1265 2732 1481 2786 dicitur
1519 2749 1532 2786 :
1585 2732 1878 2802 Ingressus
1942 2739 2131 2788 autem
2179 2733 2238 2787 in

2352 2732 2505 2784 αὐτὸν
2580 2732 2680 2784 ἀπὸ
2762 2739 2855 2792 τῆς
2949 2740 3046 2802 γῆς
3138 2732 3476 2806 ἐπαναγαγεῖν
3550 2735 3720 2808 ὀλίγον
3761 2779 3775 2793 .
3867 2737 3955 2799 Ὠς

595 2834 774 2875 unam
810 2822 1012 2875 navim
1059 2835 1192 2890 quae
1243 2825 1369 2875 erat
1422 2819 1679 2876 Simonis
1732 2821 2020 2893 ἠρώτησεν,
2070 2821 2129 2876 id
2155 2825 2238 2875 est

2353 2817 2677 2882 διδάσκαλος
2737 2822 2839 2892 γὰρ
2917 2822 3246 2894 προσέταξεν,
3305 2822 3413 2875 ἐπεὶ
3495 2829 3583 2876 καὶ
3645 2829 3778 2897 μετά
3860 2847 3952 2898 μι-

590 2909 764 2979 iussit
814 2924 934 2962 eum
962 2912 1022 2963 ut
1053 2923 1090 2964 a
1125 2915 1284 2964 terra
1322 2907 1640 2965 abduceret
1685 2910 1958 2978 pusillum
1991 2912 2056 2964 ⁵⁵.
2091 2909 2238 2965 Tan-

2350 2912 2471 2984 κρόν
2552 2908 2957 2971 ἑξουσιαστικῶς
3034 2907 3167 2962 εἶπεν
3217 2929 3227 2940 ⁸
3315 2911 3642 2984 Ἐπανάγαγε
3728 2914 3797 2975 εἰς
3893 2917 3952 2966 τό

2352 2732 2505 2784 αὐτὸν
2580 2729 2680 2784 ἀπὸ
2762 2739 2855 2792 τῆς

592 3010 780 3067 quam
811 3000 1142 3067 praeceptor
1191 2995 1351 3052 enim
1378 2997 1575 3068 jussit.
1609 3000 1757 3053 Nam
1789 3002 1844 3054 et
1887 2997 2067 3069 paulo
2111 3002 2243 3069 post
2352 2997 2536 3070 βάθος.

588 3083 765 3155 quasi
800 3085 1210 3141 auctoritatem
1232 3085 1462 3141 habens
1488 3085 1634 3142 dixit
1661 3102 1673 3141 :
1708 3089 1831 3141 Duc
1853 3089 1912 3142 in
1952 3088 2140 3143 altum
2169 3088 2239 3144 6⁵.

657 3172 817 3229 Vers.
854 3175 941 3229 24.
984 3177 1062 3229 At
1095 3175 1201 3230 ille
1245 3206 1314 3214 —
1364 3176 1569 3232 Israel.
1605 3175 1946 3232 Sutﬂciebat
1992 3175 2238 3248 quidem

2421 3183 2462 3228 Ο
2517 3208 2582 3215 -
2637 3175 2849 3250 Ἰσραήλ
2885 3217 2897 3230 .
2965 3175 3135 3235 Ἰκανὴ
3203 3180 3290 3250 μεν
3366 3181 3454 3229 καὶ
3529 3178 3559 3234 ἡ
3640 3182 3811 3236 σιωπὴ
3873 3179 3945 3241 εἷς

583 3261 881 3319 silentium
911 3267 974 3320 ut
1003 3279 1137 3320 eam
1169 3264 1228 3320 in
1267 3265 1745 3336 desperationem
1795 3265 2113 3336 conjiceret
2145 3282 2158 3330 ;
2184 3268 2238 3320 at

2349 3263 2644 3336 ἀπόγνωσιν
2699 3263 2932 3337 ἐμϐαλεῖν
2991 3266 3152 3324 αύτήν
3186 3282 3197 3296 ⁸
3255 3267 3284 3323 ἠ
3343 3262 3394 3318 δ’
3448 3264 3726 3338 ἀπόκρισις
3774 3265 3946 3338 πολλῷ

580 3352 894 3426 responsio
926 3353 1106 3410 multo
1136 3353 1315 3410 etiam
1345 3354 1600 3426 amplius
1643 3354 2122 3426 desperationem
2154 3355 2239 3409 in-

580 3443 781 3499 tendit.
830 3444 1154 3514 Respondit
1200 3445 1358 3499 enim
1389 3460 1401 3498 :
1433 3445 1566 3499 Non
1614 3460 1738 3499 sum
1772 3445 1980 3500 missus
2012 3443 2128 3498 nisi
2160 3443 2238 3499 ad

576 3531 828 3597 Judaaos,
855 3533 967 3588 hos
996 3532 1147 3586 enim
1179 3533 1496 3604 appellavit
1561 3548 1680 3587 oves
1727 3533 1987 3602 perditas
2034 3533 2237 3587 domus

581 3617 786 3674 Israel.
823 3621 968 3673 Nam
1020 3618 1255 3674 decimo
1282 3635 1446 3673 nono
1498 3634 1743 3690 quoque
1775 3621 1967 3690 capite
1997 3635 2236 3675 rursum

2346 3623 2488 3672 οἴκου
2555 3620 2769 3693 Ἰσραήλ
2799 3664 2810 3676 .
2869 3621 3010 3673 Ἐπεί
3081 3625 3168 3671 καὶ
3240 3619 3287 3670 ἐν
3359 3629 3431 3690 τῷ
3509 3619 3945 3692 ὶννεακαιδεκάτῳ

585 3707 667 3761 ita
688 3707 835 3761 dixit
881 3705 1208 3777 apostolis:
1249 3707 1326 3760 Ite
1354 3710 1546 3762 autem
1586 3709 1784 3775 potius
1815 3707 1886 3760 ad
1924 3723 2054 3763 oves
2099 3723 2236 3777 per-

2346 3709 2601 3781 κεφαλαίῳ
2655 3717 2764 3770 τοῖς
2827 3707 3132 3766 ἀποστόλοις
3176 3707 3310 3757 οὕτω
3365 3707 3515 3777 (99)
3569 3707 3722 3759 πάλιν
3790 3711 3939 3760 εἴπεο

585 3794 736 3848 ditas
763 3794 968 3849 domus
994 3795 1185 3849 Israel
1209 3796 1277 3849 “.
1307 3795 1459 3858 Quid
1496 3810 1636 3866 ergo
1659 3795 1868 3851 mulier
1897 3796 1924 3851 ‘I
1942 3797 2088 3852 Cum
2106 3812 2235 3853 sese

2346 3801 2631 3873 Πορεύεσθε
2697 3796 2755 3852 δὲ
2814 3797 3000 3871 μᾶλλον
3051 3799 3180 3871 πρὸς
3246 3798 3311 3847 τὰ
3378 3795 3618 3870 πρόϐατα
3677 3798 3744 3849 τὰ
3804 3795 3940 3850 ἀπο-

587 3881 807 3938 videret
837 3897 968 3937 esse
999 3881 1369 3953 despectam,
1403 3883 1748 3955 repudiatos
1777 3885 1943 3941 etiam
1974 3885 2104 3942 illos
2130 3886 2235 3958 qui

2346 3887 2540 3940 λωλότα
2589 3893 2732 3941 οῖκου
2791 3886 3016 3963 Ἰσραήλ.
3072 3889 3136 3938 Τί
3191 3881 3276 3938 οὖν
3315 3887 3346 3944 ἡ
3394 3892 3576 3959 γυνή;
3628 3891 3940 3959 Θεασαμίνη

587 3986 693 4041 pro
720 3986 792 4026 ea
829 3970 1308 4042 deprecarentur,
1360 3986 1480 4027 non
1527 3971 1862 4045 desperavit
1891 3989 1904 4029 :
1938 3990 2080 4032 nam
2113 3991 2236 4032 ma-

2346 3980 2694 4053 παροφθεῖσαν
2769 3981 2858 4050 μεν
2935 3976 3144 4046 ἑαυτὴν,
3215 3973 3640 4049 ἀποπεμφθέντας
3721 3978 3782 4028 0“:
3852 3981 3945 4028 καὶ

581 4072 769 4130 gnam
809 4059 1066 4116 habebat
1110 4059 1289 4116 ﬁdem
1319 4076 1388 4117 ac
1431 4061 1811 4134 prudentiam
1846 4079 1860 4130 ;
1893 4065 1998 4121 sed
2038 4065 2233 4138 impu-

2346 4071 2463 4130 τοὺς
2544 4067 2669 4140 ὑπὲρ
2757 4067 2886 4124 αύτῆ
2899 4085 2921 4126 ς
2983 4065 3448 4140 παρακαλέσαντας
3473 4107 3489 4134 ,
3545 4066 3638 4118 ούκ
3689 4064 3893 4137 ἀπέγνω
3927 4081 3946 4098 ο

2347 3355 2493 3406 πλέον
2556 3359 2648 3412 τὴν
2709 3353 2928 3427 ἀπορίαν
2996 3355 3281 3410 ἐπέτεινεν.
3331 3353 3610 3428 Ἀπεκρίθη
3652 3357 3753 3430 γὰρ
3785 3401 3800 3428 ,
3865 3357 3946 3408 ὅτι

2348 3443 2455 3494 Ούκ
2535 3441 2830 3498 ἀπεστάλην
2901 3443 2972 3503 εἰς
3047 3442 3228 3504 ἄλλους
3276 3443 3318 3496 εἰ
3380 3449 3450 3517 μὴ
3520 3450 3591 3507 εὶς
3644 3446 3766 3504 τούς
3821 3445 3946 3498 Ἰου-

2348 3527 2565 3593 δαίους·
2616 3534 2825 3592 τούτους
2883 3535 2983 3606 γὰρ
3051 3537 3285 3604 ὠνόμασε
3339 3533 3577 3606 πρόϐατα
3647 3533 3949 3586 ἀπολωλότα

2341 4071 2431 4120 τού
2443 4089 2463 4130 ς

581 4147 1086 4208 densesthonesta
1108 4150 1504 4224 impudentia,
1527 4155 1582 4208 et.
1589 4152 1718 4224 jam
1739 4153 1942 4211 relicto
1972 4154 2231 4212 clamore

578 4239 681 4312 qui
717 4241 952 4297 eminus
1008 4240 1210 4307 ﬁebat,
1261 4241 1510 4314 propius
1550 4243 1818 4299 accessit.
1880 4247 1995 4300 Nos
2029 4250 2229 4302 autem

574 4345 696 4387 non
710 4330 811 4401 ita,
826 4331 1052 4401 sedjubi
1069 4331 1270 4387 statim
1284 4346 1407 4386 non
1420 4332 1817 4404 assequimur,
1832 4333 2178 4391 desistimus
2213 4349 2228 4402 ;

575 4435 707 4476 cum
736 4420 982 4492 propius
1011 4423 1309 4491 oporteret
1337 4419 1640 4486 accedere,
1665 4428 1721 4478 et
1751 4421 2072 4480 ferventius
2101 4439 2232 4480 ora-

575 4509 722 4564 tioni
759 4508 1128 4564 incumbere.

649 4597 813 4652 Vers.
842 4600 930 4653 25.
960 4599 1077 4653 Illa
1097 4629 1164 4640 -
1187 4613 1294 4656 me.
1324 4602 1515 4672 Usque
1536 4605 1668 4658 tanc
1683 4602 1832 4658 enim
1855 4617 2053 4674 neque
2077 4602 2138 4658 in
2168 4603 2232 4660 il-

578 4686 694 4741 lius
725 4691 1114 4758 conspectum
1159 4705 1308 4746 ausa
1353 4689 1542 4747 fuerat
1572 4691 1873 4756 accedere,
1916 4691 2230 4763 indignam

584 4791 714 4831 sese
743 4779 1052 4847 reputans.

655 4867 809 4921 Vers.
832 4866 920 4921 26.
954 4867 1058 4923 Ille
1095 4898 1164 4909 —
1215 4869 1464 4926 catellis.
1497 4870 1796 4933 Quantum
1833 4868 1933 4927 illa
1971 4871 2232 4942 augebat

580 4954 946 5028 petitionem,
975 4959 1206 5015 tantum
1258 4957 1389 5030 ipse
1417 4957 1841 5030 repulsionem.
1895 4961 2122 5017 Marcus
2151 4961 2232 5020 ait

647 5111 694 5147 ⁵³
726 5110 904 5169 Marc.
932 5127 1030 5178 vn,
1052 5114 1140 5168 26.
1218 5113 1265 5148 ⁵⁸
1293 5113 1428 5168 Luc.
1462 5125 1577 5177 x1v,
1601 5111 1688 5165 18.
1768 5112 1814 5147 οι
1845 5112 1985 5168 Luc.
2015 5130 2070 5181 ν,
2097 5115 2151 5169 3.

2229 5118 2276 5154 ⁸⁵
2307 5118 2453 5176 ibid.
2483 5120 2538 5174 4.

2344 4156 2530 4215 πολλὴν
2579 4157 2682 4230 γὰρ
2747 4152 2859 4226 εἶχε
2914 4159 3093 4206 πὶστιν
3151 4160 3241 4207 καὶ
3316 4159 3563 4208 σύνεσιν·
3613 4155 3739 4207 ἀλλὰ
3797 4154 3952 4207 ἀναι-

2341 4253 2562 4318 σχυντεῖ
2610 4244 2771 4302 καλὴν
2817 4242 3216 4315 ἀναισχυντίαν,
3278 4250 3367 4296 καὶ
3407 4243 3595 4316 ἀφεῖσα
3633 4247 3691 4296 τὸ
3734 4245 3952 4318 κράζειν

2340 4335 2621 4410 πόρρωθεν,
2676 4333 2824 4406 ἐγγὺς
2872 4336 3108 4406 ἔρχεται.
3151 4332 3326 4406 Ἡμεῖς
3375 4330 3436 4386 δε
3474 4335 3580 4406 οὑχ
3615 4334 3792 4405 οὕτως,
3838 4333 3953 4388 ἀλλ’

2340 4426 2459 4477 ὅταν
2508 4429 2580 4496 μὴ
2629 4425 2896 4495 τύχωμεν,
2928 4421 3278 4496 ἀφιστάμεθα,
3326 4420 3440 4474 δέον
3472 4422 3740 4497 ἐγγύτερον
3784 4442 3958 4496 προσ-

2341 4513 2520 4581 ελθεῖν,
2556 4517 2646 4565 καὶ
2686 4514 2989 4586 θερμότερον
3029 4511 3343 4566 ἐπικεῖσθαι.

2409 4602 2468 4655 Ἠ
2521 4633 2587 4642 -
2633 4621 2741 4673 μοι.
2801 4601 2976 4677 ”Αχρι
3034 4603 3134 4676 γὰρ
3194 4603 3308 4652 τότε
3359 4597 3475 4652 οὐδ’
3526 4605 3598 4663 είς
3639 4601 3758 4672 ὄψιν
3783 4601 3955 4656 αὐτοῦ

2339 4692 2645 4765 τετόλμηκεν
2671 4690 2848 4762 ἐλθεῖν,
2885 4690 3098 4754 ἀναξίαν
3125 4689 3316 4748 ἑαυτὴν
3344 4693 3619 4760 κρίνουσα·

2407 4873 2466 4926 '0
2521 4903 2590 4915 —
2635 4875 2924 4945 κυναρίοις.
2981 4869 3148 4923 ’Ὀσον
3201 4868 3445 4922 ἐπέτεινεν
3507 4874 3669 4929 εκείνη
3718 4873 3812 4930 τὴν
3858 4875 3954 4925 αἶ-

2337 4982 2512 5029 τησιν,
2562 4970 2811 5017 τοσοῦτον
2864 4965 2954 5014 καὶ
3009 4961 3168 5023 αύτός
3229 4963 3323 5018 τὴν
3373 4963 3718 5035 παραίτησιν.
3767 4959 3826 5012 '0
3889 4961 3956 5017 δὲ

2615 5119 2664 5153 ⁸⁸
2709 5115 2906 5174 Matth.
2940 5131 3003 5184 x,
3033 5117 3086 5172 6.

1820 5289 2386 5363 Variaelectiones
2400 5303 2467 5362 et
2491 5301 2691 5361 notae.

643 5486 764 5561 (97)
819 5487 989 5543 Forte
1040 5483 1359 5561 Hentenius
1406 5483 1645 5561 reperit,
1704 5493 1767 5561 τῇ
1825 5483 2028 5561 καρδίᾳ
2069 5488 2226 5545 Eerri

575 5551 762 5628 potest
789 5562 1134 5628 utrumque.
1185 5557 1291 5618 Τῆς
1320 5551 1566 5629 καρδίας,
1615 5551 1827 5629 pendet
1851 5551 1945 5630 ei,
2002 5551 2095 5613 ἒι-ὀν
2135 5563 2226 5613 πό.

573 5647 683 5688 νον.

2407 5489 2522 5560 (98)
2552 5491 2631 5560 Δί,
2667 5487 2834 5545 abest
2869 5487 2938 5542 A.

2404 5577 2520 5651 (99)
2549 5577 2722 5643 Οὕτω,
2754 5577 2921 5634 abest
2950 5579 3016 5632 Δ.
