4176 6452
229 332 334 392 453

1224 330 1593 394 COMMENT.
1645 336 1715 392 IN
1752 329 2194 390 MATTHIEUM.
2235 368 2302 377 -—
2341 337 2501 396 CAP.
2553 338 2673 394 XV.

3482 341 3584 399 454

218 465 444 535 Μάρκος
497 469 677 534 φησιν,
725 467 805 516 ὅτι
856 466 991 517 εἶπεν
1047 465 1201 536 αὐτῇ·
1253 463 1411 535 "Apr;
1447 472 1649 536 πρῶτον
1687 480 1825 534 χορ-

1953 459 2096 530 [uod
2121 461 2326 516 dixerit
2346 462 2398 518 ei
2432 479 2444 515 :
2473 463 2614 520 Sine
2637 465 2886 534 primum
2911 468 3184 521 saturari
3209 468 3362 534 ﬁlios
3395 469 3462 522 ⁸⁷.
3491 469 3581 521 Un

216 553 488 610 τασθῆναι
540 555 608 604 τὰ
647 557 814 606 τέκνα·
865 555 1193 625 πανταχόθεν
1222 555 1320 626 γὰρ
1359 549 1548 611 ἐδήλου
1588 557 1680 609 τὴν
1727 559 1827 602 τῶν

219 639 500 694 Ἰουδαίων
548 647 828 706 οἰκείωσιν,
864 648 949 694 καὶ
990 648 1083 701 τὴν
1122 643 1194 704 εἰς
1250 643 1441 702 αὐτοὺς
1484 641 1692 712 ἀγάπην
1739 645 1827 691 καὶ

222 736 388 803 τιμὴν
441 736 530 783 καὶ
577 728 908 802 κηδεμονίαν.
968 738 1068 784 Καὶ
1126 736 1275 783 τέκνα
1331 735 1420 802 μεν
1469 730 1652 789 αὐτοὺς
1707 729 1826 780 «sua.

224 839 416 892 μασεν,
501 823 568 881 ὡς
655 824 904 891 γνησίους
972 825 1062 872 καὶ
1123 823 1189 881 ὡς
1247 821 1606 891 ὴγαπημένους
1661 836 1673 847 ·
1741 837 1829 868 κυο

225 911 388 983 νάρια
437 905 497 960 δὲ
547 911 613 961 τα
673 911 813 975 ἔθνη,
872 911 941 970 ὡς
1007 908 1300 982 ἀκάθαρτα,
1371 914 1460 960 καὶ
1518 910 1586 969 ὡς
1645 907 1828 979 μιαρά.

228 997 427 1072 Ἄρτον
479 993 539 1048 δὲ
591 996 726 1067 λέγει
782 1002 876 1055 τὴν
927 999 1215 1071 θεραπείαν,
1263 997 1322 1049 οὐ
1380 1001 1473 1055 τὴν
1531 998 1832 1066 σωματικὴν

231 1091 409 1159 μόνον,
464 1084 594 1137 ἀλλὰ
638 1090 728 1138 καὶ
767 1090 862 1144 τὴν
903 1086 1159 1158 ψυχικήν.
1205 1091 1304 1140 Καὶ
1352 1085 1448 1159 ὅρα
1511 1088 1715 1136 σύνεσιν
1740 1102 1834 1153 γυ-

230 1179 430 1237 ναικός·
473 1173 767 1250 δραξαμένη
794 1177 893 1249 γὰρ
925 1184 1023 1227 τῶν
1063 1183 1154 1227 τοῦ
1181 1182 1415 1247 Χριστοῦ
1443 1174 1709 1247 ῥημάτων,
1743 1170 1828 1223 ἀπ’

228 1267 402 1318 αὐτῶν
435 1265 609 1317 πλέκει
638 1269 952 1340 συνηγορίαν
979 1264 1184 1325 ἑαυτῆς.

301 1353 361 1407 Ἠ
427 1350 488 1406 δε
538 1385 607 1393 —
648 1354 812 1405 αὐτῶν
851 1398 864 1411 .
941 1357 1041 1406 Ναὶ
1094 1355 1288 1426 Κύριε,
1367 1356 1562 1424 φησὶν,
1629 1349 1835 1412 ἀληθῶς

226 1440 393 1504 εἶπας.
441 1446 609 1496 Τέκνα
805 1443 1006 1508 ἐκεῖνοι,
1056 1444 1297 1517 κυνάριον
1342 1438 1400 1494 δε
1447 1442 1568 1512 ἐγὼ
1611 1445 1700 1492 καὶ
1740 1437 1835 1491 διὰ

223 1537 378 1586 τοῦτό
435 1551 502 1605 με
559 1536 668 1603 χρὴ
729 1531 918 1604 μᾶλλον
949 1530 1236 1590 ἐλεηθῆναιο
1266 1534 1366 1583 Καὶ
1415 1532 1517 1602 γὰρ
1566 1533 1631 1581 τὰ
1674 1532 1831 1581 κυνά-

223 1643 316 1697 ρια
389 1619 498 1674 ἀπὸ
565 1629 664 1672 τῶν
736 1620 939 1692 ψιχίων
1011 1619 1172 1672 ἐσθίει
1231 1628 1330 1670 τῶν
1384 1623 1671 1671 πιπτόντων
1733 1617 1833 1670 ἀπὸ

226 1720 317 1772 τῆς
397 1708 662 1783 τραπέζης
743 1716 844 1760 τῶν
923 1713 1112 1782 κυρίων
1183 1707 1350 1760 αὐτῶν
1383 1745 1397 1760 .
1469 1705 1605 1759 Ἐπεὶ
1667 1711 1835 1759 τοίνυν

227 1801 477 1872 κννάριόν
543 1797 669 1870 εἰμι,
721 1796 814 1849 οὐκ
873 1802 978 1869 εὶμί
1050 1796 1311 1870 ἀλλοτρία,
1366 1792 1490 1848 οὐδε
1571 1795 1836 1867 κωλύομαι
1871 1811 1912 1865 Β

229 1899 325 1940 τῶν
402 1888 613 1959 ψιχίων
688 1893 994 1958 μετασχεῖν,
1050 1889 1222 1960 ὥσπερ
1290 1881 1413 1937 οὐδὲ
1473 1887 1540 1936 τὰ
1593 1888 1831 1958 κυνάριασ

233 1976 432 2048 ψιχίων
492 1979 777 2047 νοουμένων
841 1984 939 2026 τῶν
1006 1972 1062 2026 ἐκ
1121 1982 1213 2026 τοῦ
1285 1978 1682 2048 παρατυχόντος
1757 1973 1836 2025 ἰά-

252 2085 383 2120 σεων.
440 2067 515 2117 Τὸ
546 2068 638 2137 μὲν
707 2060 795 2115 οὖν
847 2068 918 2137 μὴ
980 2062 1295 2131 ἀποστῆναι,
1341 2070 1584 2114 τοσοῦτον
1639 2058 1838 2124 ἐξουδε-

257 2156 507 2223 νωθεῖσαν,
560 2157 788 2215 πίστεως
848 2148 927 2212 ἦν’
985 2155 1042 2203 τὸ
1097 2149 1156 2204 δε
1209 2152 1630 2223 συνομολογῆσαι
1685 2152 1838 2201 κυνά-

251 2262 362 2314 ριον
413 2244 590 2300 ἑαυτήν
644 2247 1015 2301 ταπεινώσεωςο
1060 2243 1119 2291 τὸ
1179 2236 1228 2291 δ’
1263 2239 1363 2292 ἀπὸ
1404 2248 1502 2290 τῶν
1553 2239 1717 2310 λόγῶν
1746 2246 1838 2290 τοῦ

250 2339 473 2403 Χριστοῦ
525 2332 925 2383 κατασκευάσαι
999 2333 1310 2400 συνηγορίαν
1370 2333 1659 2390 συνέσεως.
1745 2329 1840 2380 Διὰ

241 2429 399 2473 ταῦτα
447 2426 621 2473 τοίνυν
666 2418 934 2472 ἀνεϐάλετο
975 2419 1051 2491 (1)
1104 2422 1199 2476 τὴν
1246 2421 1389 2469 ’ίασιν
1420 2419 1445 2469 ὁ
1473 2419 1719 2488 Χριστὸς,
1756 2419 1838 2468 ἵνα

999 2333 1310 2400 συνηγορίαν
1370 2333 1620 2390 συνέσεως
1647 2367 1659 2379 .

233 2518 398 2562 ταῦτα
450 2510 837 2582 φανερωθῶσιν,
886 2511 972 2559 ἶνα
1024 2503 1170 2579 δείξῃ
1225 2510 1318 2564 τήν
1358 2505 1405 2558 ἐν
1444 2508 1644 2568 τούτοις
1698 2504 1835 2577 φιλο-

237 2604 423 2670 σοφίαν
475 2598 661 2666 αὐτῆς,
716 2601 802 2650 ἵνα
833 2595 1300 2667 καταισχυνθῶσιν
1347 2591 1618 2655 Ἰουδαῖοι,
1650 2600 1836 2646 τοσοῦ-

233 2708 316 2740 τον
366 2688 436 2748 εἰς
484 2692 664 2740 πίστιν
711 2691 802 2739 καὶ
837 2691 1145 2739 ταπείνωσιν
1189 2689 1274 2736 καὶ
1327 2687 1530 2737 σύνεσιν
1604 2684 1834 2756 ἡττώμε-

233 2797 309 2830 νοι
345 2779 598 2848 γυναικός
643 2775 865 2839 ἐθνικῆς,
918 2776 1019 2838 ἵνα,
1069 2780 1234 2826 ταῦτα
1295 2772 1558 2845 βλέποντες
1609 2775 1657 2824 οἱ
1711 2771 1836 2824 ἁπό-

239 2867 434 2934 στολοι,
517 2864 851 2939 θαρῥήσωσιν
924 2862 1160 2936 ὕστερον,
1227 2860 1652 2933 ἀποστελλόμενοι
1709 2865 1836 2934 πρὸς

236 2958 299 3006 τά
329 2957 478 3012 ἔθνη.
524 2956 720 3006 Λοιπὸν
750 2949 839 3005 οὖν
871 2950 1176 3025 ἀνεκήρυξεν
1205 2950 1368 3008 αὐτὴν
1395 2952 1422 3002 6
1453 2955 1699 3023 Χριστός.

303 3152 435 3202 Τότε
491 3175 561 3188 --
614 3149 751 3220 ὧρας
801 3144 1012 3206 ἐκείνης.
1065 3143 1124 3196 Ὀ
1171 3140 1229 3196 δὲ
1272 3146 1486 3219 Μάρκος
1536 3143 1691 3196 εἰπεῖν
1747 3145 1832 3194 τόν
1869 3155 1913 3212 C

238 3241 468 3310 Χριστὸν
528 3239 656 3308 πρὸς
729 3235 890 3294 αὐτήν
949 3253 1124 3306 φησιν,
1182 3235 1263 3286 ὅτι
1339 3237 1433 3286 Διὰ
1501 3240 1679 3285 τοῦτον
1749 3235 1835 3283 τὸν

236 3328 404 3399 λόγον,
465 3325 650 3396 ὕπαγε,
699 3323 968 3386 ἐξελήλυθε
1026 3327 1085 3375 τὸ
1143 3319 1416 3394 δαιμόνιον
1470 3321 1525 3374 ἐκ
1591 3329 1687 3384 τῆς
1752 3322 1838 3372 θυ-

236 3419 430 3491 γατρός
491 3433 609 3483 σου,
679 3417 942 3481 τουτέστι,
997 3408 1090 3464 διὰ
1140 3415 1227 3464 τὸν
1274 3411 1444 3483 λόγον,
1511 3409 1656 3482 ᾧτινι
1710 3413 1840 3482 πρὸς

241 3509 561 3580 συνηγορίαν
605 3502 822 3578 ἐχρήσω
871 3511 1089 3562 συνετῶς
1144 3502 1297 3572 ἄγαν.
1361 3504 1461 3552 Καὶ
1512 3502 1613 3574 γὰρ
1656 3500 1682 3551 6
1729 3505 1838 3551 Σω-

242 3599 334 3669 τήρ
385 3598 474 3645 καὶ
526 3597 619 3650 την
669 3597 847 3644 πίστιν
887 3589 1051 3652 αὐτῆς
1093 3587 1325 3662 ἐπῄνεσε,
1372 3592 1461 3640 καὶ
1490 3592 1583 3646 τὴν
1611 3589 1838 3642 σύνεσιν.

249 3689 337 3736 Καὶ
370 3680 468 3735 διὰ
510 3689 663 3733 τοῦτο
693 3681 958 3740 Ματθαῖος
987 3682 1076 3751 μὲν
1121 3683 1207 3730 τόν
1259 3681 1460 3730 ἔπαινον
1501 3685 1590 3738 τῆς
1624 3682 1842 3737 πίστεως

245 3773 410 3833 αὐτῆς
442 3769 658 3842 ἔγραψε,
691 3771 898 3843 Μάρκος
930 3765 988 3821 δέ
1016 3772 1099 3820 τόν
1125 3777 1220 3828 τῆς
1252 3773 1522 3830 συνέσεως.

313 3866 382 3914 Συ
438 3857 497 3912 δὲ
549 3863 768 3924 σκόπει,
819 3866 948 3926 πῶς,
1016 3866 1113 3909 τῶν
1185 3857 1480 3909 ἀποστόλων
1563 3853 1846 3915 δεηθέντων

243 3955 372 4025 ὑπὲρ
439 3949 624 4015 αὐτῆς,
679 3953 768 4000 καὶ
833 3944 999 4020 μηδὲν
1069 3946 1386 4015 ἀνυσάντων,
1460 3947 1585 4006 αὑτὴ
1659 3946 1846 4020 μᾶλλον

245 4043 428 4101 ἤνυσε.
491 4035 862 4111 Διδασκόμεθα
908 4040 1006 4110 γὰρ
1055 4035 1298 4102 ἐντεῦθεν,
1360 4038 1440 4088 ὁτι
1487 4038 1512 4088 6
1557 4040 1687 4098 Θεὸς
1717 4035 1848 4109 βού-

240 4132 385 4185 λεται
442 4128 634 4202 μᾶλλον
701 4129 838 4201 ἡμᾶς
893 4127 1083 4188 αὐτοὺς
1139 4127 1263 4200 ὑπὲρ
1319 4125 1510 4178 ἑαυτῶν
1579 4129 1842 4184 ἱκετεύειν.

245 4225 311 4275 Οἱ
362 4221 589 4294 μὲνγὰρ
640 4219 869 4290 μαθηταὶ
922 4216 1137 4289 μείζονα
1183 4214 1480 4290 παρρησίαν
1522 4211 1687 4288 εἶχον,
1743 4215 1848 4268 ἀλλ’

242 4315 271 4371 ἡ
301 4314 438 4384 γυνή
468 4307 662 4365 πολλὴν
685 4311 958 4380 καρτερίαν
986 4302 1303 4367 ἐπεδείξατο.
1332 4309 1431 4357 Καὶ
1463 4309 1616 4367 ὅντως
1649 4306 1851 4378 μεγάλα

245 4400 475 4455 δύναται
502 4393 795 4473 προσεδρία
821 4394 1210 4469 παρακλήσεως.

318 4489 626 4564 Προετύπου
733 4481 791 4538 δὲ
863 4487 997 4536 κατὰ
1094 4483 1403 4559 ἁλληγορίαν
1484 4483 1514 4542 ἡ
1584 4491 1853 4538 Χαναναία

251 4580 378 4638 αὕτη
432 4581 563 4649 γυνὴ
612 4579 705 4633 τὴν
765 4573 816 4636 ἐξ
865 4572 1016 4626 ἐθνῶν
1065 4572 1398 4638 Ἐκκλησίαν,
1461 4574 1572 4634 ἣτις
1626 4575 1720 4635 ἕως
1762 4578 1850 4648 μὲν

255 4674 418 4743 ἔμενεν
504 4665 552 4718 ἐν
618 4672 722 4725 τοῖς
779 4666 941 4737 ὁρίοις
1016 4672 1109 4724 τῆς
1175 4666 1455 4737 θρησκείας
1498 4665 1679 4728 αὐτῆς,
1742 4662 1852 4736 εἶχε

257 4763 344 4816 τὴν
395 4759 654 4831 θυγατέρα
713 4751 1184 4827 δαιμονιζομένην,
1235 4755 1395 4824 ἤγουν
1431 4795 1444 4821 ,
1511 4758 1598 4812 τὴν
1665 4755 1850 4828 πρᾶξιν

254 4850 624 4921 κυριευομένην
707 4845 806 4896 ὑπὸ
893 4840 1171 4916 δαιμόνων*
1257 4841 1532 4904 ἐξελθοῦσα
1607 4840 1666 4896 δὲ
1751 4854 1848 4897 τῶν

253 4939 405 5010 ὁρίων
464 4933 644 4996 αὐτῆς
703 4932 782 5005 (2)
833 4931 1107 4985 Ἐπιλάθου
1164 4933 1301 5007 γὰρ,
1353 4936 1514 5004 φησὶ,
1587 4939 1680 4985 τοῦ
1725 4933 1849 4987 λαοῦ

256 5046 384 5093 σου,
438 5029 530 5076 καὶ
586 5031 677 5075 τοῦ
733 5024 877 5074 οἴκου
944 5027 1035 5074 τοῦ
1090 5023 1280 5096 πατρὸς
1341 5039 1471 5073 σουε
1539 5021 1694 5093 λόγον
1744 5023 1852 5086 ἠξι-

255 5119 362 5175 ώθη
414 5115 562 5189 παρὰ
615 5118 872 5188 Χριστοῦ,
923 5115 1013 5164 καὶ
1065 5109 1337 5182 ἀπηλλάγη
1392 5119 1486 5172 τῆς
1539 5107 1852 5176 δυναστείας

252 5214 354 5276 τῶν
386 5201 671 5277 δαιμόνων.

327 5334 370 5370 ⁸⁷
401 5333 572 5389 Marc.
599 5344 701 5394 vn,
731 5327 818 5382 27.
940 5327 986 5362 ⁸⁸
1013 5329 1183 5383 Marc.
1215 5341 1318 5392 v11,
1363 5328 1449 5382 29.

1935 546 2113 619 dique
2142 548 2300 604 enim
2327 549 2681 606 ostendebat
2733 551 3190 607 familiaritatem
3233 569 3302 609 ac
3332 554 3590 610 dilectio-

1936 651 2074 690 nem
2104 638 2516 707 ergaludreos,
2539 655 2866 712 eorumque
2893 643 3244 711 procurabat
3274 643 3584 698 honorem.

1942 725 2107 778 Filios
2133 725 2370 796 quidem
2402 742 2504 781 eos
2547 728 2780 782 vocavit
2821 734 3104 799 tanquam
3134 746 3273 784 suos
3307 748 3372 785 ac
3403 731 3585 786 dilec-

1940 818 2069 878 tos;
2099 815 2370 869 ethnicos
2425 831 2562 870 vero
2613 816 2846 871 catellos
2890 823 3169 890 tanquam
3220 820 3482 890 impuros
3516 836 3587 876 ac

1941 901 2242 956 scelestos.
2278 903 2499 958 Panem
2532 908 2728 959 autem
2777 905 2920 960 dicit
2951 907 3259 961 sanitatem
3289 923 3409 962 non
3457 923 3583 964 cor-

1940 1004 2155 1060 porum
2183 997 2434 1054 tantum,
2488 1008 2691 1046 verum
2753 993 2930 1049 etiam
2961 994 3312 1050 animarum.
3362 997 3428 1051 Et
3451 996 3586 1052 vide

1940 1077 2204 1133 mulieris
2222 1079 2597 1150 prudentiam
2623 1097 2634 1133 :
2657 1081 2862 1137 Christi
2885 1083 3046 1138 enim
3065 1083 3261 1139 verbis
3290 1085 3585 1156 perculsa,

1943 1182 2119 1221 suum
2143 1165 2216 1222 ab
2255 1167 2366 1222 illis
2397 1169 2534 1223 texit
2560 1169 2982 1240 patrocinium.

2011 1399 2177 1455 Vers.
2213 1399 2300 1453 27.
2321 1399 2520 1456 Atilla
2552 1430 2615 1440 —
2643 1415 2906 1458 suorum.
2941 1402 3122 1468 Certe,
3157 1403 3414 1474 Domine,
3448 1420 3589 1461 vere

1941 1487 2134 1543 dixisti
2166 1505 2179 1542 :
2209 1488 2289 1543 illi
2327 1489 2575 1560 quidem
2623 1496 2754 1546 sunt
2784 1491 2902 1555 ﬁlii,
2947 1507 3057 1562 ego
3106 1509 3244 1549 vero
3290 1510 3409 1550 una
3434 1511 3465 1550 e
3497 1509 3595 1552 ca-

1942 1577 2092 1632 tellis
2125 1592 2137 1631 :
2183 1577 2429 1649 ideoque
2473 1579 2583 1634 mei
2610 1580 2806 1650 potius
2840 1580 3104 1636 misereri
3136 1587 3391 1653 oportet.
3430 1583 3586 1640 Nam

1943 1672 1995 1720 et
2025 1666 2227 1722 catelli
2255 1665 2513 1722 eduntde
2558 1669 2719 1723 micis
2759 1684 2887 1739 qua
2923 1670 3144 1724 cadunt
3181 1683 3215 1723 α
3244 1685 3444 1727 mensa
3491 1672 3590 1726 do-

1946 1755 2232 1810 minorum
2290 1769 2544 1820 suorum,
2605 1757 2751 1820 Quia
2805 1771 2944 1826 ergo
2995 1758 3205 1814 catella
3257 1775 3414 1822 sum,
3469 1774 3592 1816 non

1947 1844 2146 1899 aliena
2177 1859 2333 1908 sum,
2367 1859 2555 1915 neque
2577 1845 2650 1900 de
2675 1845 2842 1900 micis
2862 1847 3218 1918 participare
3244 1847 3583 1918 prohibeor,

1948 1932 2100 1987 sicut
2128 1947 2321 2003 neque
2351 1932 2538 1987 catelli
2573 1949 2588 1986 :
2632 1933 2706 1988 de
2738 1933 2904 1988 micis
2953 1936 3037 2004 (ιι)
3094 1934 3342 2006 inquam
3374 1935 3593 1991 intelle-

1947 2021 2260 2085 ctualibus,
2290 2020 2350 2075 id
2375 2021 2830 2077 estsanitatibus
2853 2023 3081 2078 collatis
3107 2023 3184 2079 ab
3201 2039 3272 2080 eo
3297 2025 3401 2096 qui
3435 2039 3595 2080 nunc

1947 2125 2091 2164 casu
2122 2123 2249 2164 sese
2279 2109 2508 2165 obtulit.
2540 2110 2710 2175 Quod
2733 2125 2873 2182 ergo
2893 2111 3043 2167 adeo
3071 2112 3310 2183 repulsa
3331 2128 3451 2168 non
3481 2112 3597 2168 dis-

1948 2199 2141 2266 cessit,
2173 2197 2443 2254 ﬁdeierat
2473 2214 2485 2252 :
2514 2200 2677 2270 quod
2699 2215 2836 2255 vero
2865 2215 2926 2254 se
2952 2201 3225 2256 catellam
3252 2205 3343 2256 est
3369 2201 3595 2257 confes-

1950 2302 2036 2354 sa,
2064 2287 2414 2342 humilitatis
2452 2303 2467 2340 :
2499 2288 2663 2360 quod
2688 2294 2887 2344 autem
2919 2304 2954 2344 a
2976 2289 3186 2344 Christi
3216 2289 3596 2345 sermonibus

1947 2376 2342 2444 patrocinium
2365 2376 2476 2432 sibi
2531 2378 2836 2448 aptaverit,
2899 2377 3222 2448 prudentia:
3291 2380 3599 2448 PrOpterea

1948 2464 2098 2519 enim
2129 2464 2389 2520 Christus
2414 2465 2726 2521 sanitatem
2756 2464 3006 2529 distulit,
3042 2471 3106 2522 ut
3129 2465 3256 2521 haec
3284 2466 3597 2522 manifesta

1948 2554 2194 2609 ﬁerent:
2255 2559 2432 2626 atque
2464 2569 2569 2626 per
2606 2553 2704 2610 illa
2759 2554 2941 2625 hujus
2991 2554 3438 2626 philosophiam
3497 2555 3599 2611 de-

1949 2647 2323 2708 monstraret,
2394 2647 2576 2714 ntque
2619 2642 3131 2698 confunderentur
3182 2643 3391 2708 Judaei,
3447 2643 3595 2699 adeo

1946 2730 2082 2796 ﬁde,
2114 2729 2442 2787 humilitate
2467 2748 2538 2787 ac
2589 2731 2905 2803 prudentia
2933 2748 2968 2787 a
2993 2732 3197 2803 gentili
3230 2733 3475 2788 muliere
3505 2748 3596 2788 su-

1948 2819 2131 2889 perati
2179 2837 2192 2874 :
2248 2827 2532 2891 praeterea
2577 2824 2641 2875 ut
2687 2819 2814 2876 haec
2869 2820 3134 2876 videntes
3180 2821 3450 2892 apostoli,
3499 2837 3596 2876 su-

1946 2908 2521 2972 merentaudaciam,
2544 2926 2678 2963 cum
2708 2908 3087 2979 postmodum
3105 2909 3181 2963 ad
3211 2915 3413 2979 gentes
3431 2909 3596 2965 emit-

1946 3001 2222 3052 terentur.
2255 2999 2386 3052 Jam
2419 2997 2619 3069 itaque
2645 2997 2910 3053 Christus
2937 2997 3090 3052 illius
3113 2996 3291 3054 ﬁdem
3335 2998 3597 3070 promul-

1946 3090 2068 3155 gat.

2019 3191 2186 3250 Vers.
2225 3191 2312 3246 28.
2353 3193 2512 3247 Tunc
2541 3223 2608 3232 —
2641 3193 2748 3250 illa
2814 3193 2982 3248 hora.
3021 3196 3246 3248 Marcus
3288 3199 3493 3249 autum
3520 3194 3601 3250 ait

1945 3281 2238 3336 Christum
2267 3281 2343 3335 ad
2369 3281 2530 3335 illam
2550 3279 2771 3336 dixisse
2793 3301 2803 3338 :
2823 3281 3238 3349 Propter/tunc
3255 3297 3594 3347 sermonem,

1947 3368 2051 3424 abi
2077 3369 2123 3403 ⁸³
2151 3386 2164 3435 ;
2207 3367 2384 3423 exivit
2410 3367 2777 3422 dmmonium
2809 3383 2844 3423 a
2882 3367 3005 3423 ﬁlia
3033 3376 3146 3434 tua,
3172 3369 3283 3423 hoc
3317 3373 3399 3422 est
3427 3384 3599 3440 prop-

1949 3462 2036 3513 ter
2065 3456 2222 3511 hunc
2269 3470 2596 3510 sermonem
2624 3472 2744 3527 quo
2802 3455 3100 3526 sapienter
3133 3456 3457 3510 admodum
3497 3473 3603 3513 usa

1950 3561 2011 3601 es
2042 3545 2118 3599 ad
2159 3545 2577 3616 patrocinium.
2628 3544 2825 3600 Etenin
2862 3545 3130 3600 Salvator
3160 3549 3215 3600 et
3270 3543 3449 3598 ﬁdem
3474 3544 3602 3614 ejus

1949 3635 2212 3690 laudavit
2241 3638 2296 3690 et
2335 3633 2732 3706 prudentiam.
2777 3635 2839 3689 Et
2870 3634 3002 3690 ideo
3034 3635 3336 3690 Matthaeus
3367 3632 3604 3704 quidem

1952 3723 2194 3779 laudem
2220 3723 2354 3779 ﬁdei
2386 3723 2514 3794 ejus
2568 3721 2804 3794 scripsit
2833 3741 2844 3778 :
2877 3725 3104 3780 Marcus
3153 3740 3292 3781 vero
3350 3723 3605 3796 pruden-

1954 3814 2070 3869 tiae.

2026 3921 2111 3976 Tu
2137 3925 2336 3977 autem
2368 3920 2674 3976 considera
2695 3921 3003 3994 quomodo
3049 3939 3182 3978 cum
3223 3920 3475 3994 apostoli
3498 3937 3608 3994 pro

1957 4012 2056 4068 illa
2081 4011 2386 4084 deprecati
2402 4009 2667 4076 fuissent,
2697 4010 2961 4082 nihilque
2974 4011 3323 4076 effecissent,
3349 4012 3474 4083 ipsa
3506 4026 3609 4084 po-

1960 4103 2074 4159 tius
2104 4101 2362 4174 perfecit.
2398 4101 2540 4156 Hinc
2587 4100 2747 4157 enim
2783 4099 3070 4157 docemur
3097 4102 3259 4173 quod
3291 4104 3442 4157 Deus
3487 4117 3612 4157 mae

1959 4191 2084 4247 vult
2114 4207 2223 4247 nos
2253 4206 2359 4262 pro
2409 4189 2727 4262 nobisipsis
2758 4189 3068 4245 obsecrare
3102 4207 3115 4245 :
3145 4188 3419 4260 discipuli
3448 4188 3609 4244 enim

1880 4293 1926 4348 D
1960 4279 2174 4351 majori
2197 4279 2463 4337 libertate
2485 4280 2824 4344 utebantur,
2846 4279 2951 4334 sed
2981 4277 3485 4346 muliermagnam
3516 4276 3610 4331 des

1959 4369 2313 4428 monstravit
2341 4369 2738 4426 constantiam
2757 4386 2826 4425 ac
2847 4367 3370 4442 perseverantiam.
3393 4369 3455 4421 Et
3477 4383 3611 4422 vere

1961 4475 2184 4530 magna
2222 4463 2415 4531 potest
2445 4458 2803 4531 precationis
2835 4457 3174 4516 assiduitas.

2034 4567 2458 4639 Przeﬁgurabat
2483 4571 2681 4622 autem
2698 4567 2865 4637 juxta
2895 4565 3236 4636 allegoriam
3267 4563 3610 4620 Chananaaa

1959 4660 2088 4716 haec
2133 4657 2342 4714 mulier
2370 4656 2697 4712 Ecclesiam
2736 4673 2766 4712 e
2797 4656 3074 4726 gentibus
3101 4654 3610 4727 congregandam,

1960 4768 2096 4824 quae
2124 4751 2271 4805 dum
2300 4749 2359 4804 in
2387 4747 2599 4803 ﬁnibus
2630 4763 2876 4803 suarum
2928 4746 3451 4804 observantiarum
3486 4761 3614 4818 per-

1961 4842 2204 4904 mansit,
2233 4839 2408 4894 ﬁliam
2436 4836 2698 4893 habebat
2728 4853 2763 4892 a
2785 4836 3089 4893 ciremonio
3119 4837 3425 4906 agitatam,
3460 4835 3615 4891 vide-

1961 4930 2094 4987 licet
2116 4929 2518 5002 operationem
2556 4926 2935 4982 daemonibus
2965 4927 3324 4998 subjectam.
3374 4925 3482 4982 Ubi
3510 4941 3617 4982 au-

1961 5025 2081 5078 tem
2129 5035 2366 5090 egressa
2391 5022 2481 5074 est
2537 5034 2571 5074 a
2600 5016 2819 5072 ﬁnibus
2871 5016 3016 5081 suis,
3051 5015 3235 5073 oblita
3262 5015 3485 5071 scilicet
3513 5031 3616 5087 po-

1963 5110 2087 5184 puli
2108 5109 2198 5164 sui
2228 5125 2297 5166 ac
2327 5108 2536 5164 domus
2566 5107 2749 5180 patris
2781 5106 2871 5162 sui
2901 5108 2969 5171 69,
2996 5104 3208 5161 Christi
3229 5120 3502 5161 sermone
3533 5105 3618 5160 di-

1964 5216 2082 5273 gna
2108 5199 2321 5257 effecta
2350 5202 2456 5264 est,
2489 5202 2546 5254 et
2569 5213 2604 5256 a
2646 5197 2988 5254 daemonum
3023 5195 3304 5253 violentia
3333 5195 3608 5255 liberata.

1567 5327 1614 5362 ⁸9
1647 5327 1798 5384 Psal.
1827 5343 1973 5384 xuv.
2001 5328 2090 5383 11.

1377 5451 1604 5522 Variae
1634 5453 1960 5522 lectiones
1992 5461 2058 5520 et
2083 5459 2286 5519 notae.

331 5579 380 5642 (4
442 5570 794 5639 Ἀνεϐάλλετο,
819 5577 880 5630 Β,

330 5575 416 5717 (2;
449 5645 594 5702 Haec
621 5641 872 5717 fortasse

449 5645 594 5702 Haec
621 5641 872 5700 fortasse
901 5643 1108 5698 contra
1129 5639 1389 5697 codicem
1415 5657 1593 5698 suum
1622 5641 1878 5699 mutavit
1900 5639 2242 5698 Hentenius.

334 5707 424 5789 (εἰ)
450 5718 539 5773 De
568 5715 734 5772 micis
761 5744 832 5757 —
860 5728 980 5770 sese
1007 5711 1240 5769 obtulit.
1276 5713 1434 5768 Micaa
1463 5717 1665 5770 autem
1694 5712 2102 5785 intelliguntur
2123 5707 2459 5768 curationes
2497 5722 2645 5766 casu
2670 5709 2905 5766 oblatas.
