4176 6450
573 331 678 388 455

1883 319 2218 380 EUTHYMII
2259 317 2563 374 ZIGABEN
2571 319 2592 373 Ι

3823 323 3937 378 456

649 457 814 510 Vers.
845 453 932 507 29.
964 453 1043 508 Et
1070 481 1140 492 --
1174 449 1315 514 illic,
1351 447 1647 504 Interdum
1679 446 1917 519 quidem
1949 446 2076 518 ipse
2115 444 2222 500 cir-

2404 447 2504 494 Καὶ
2551 473 2621 482 -
2665 441 2795 498 ίκεί.
2855 447 2985 496 Ποτε
3035 446 3126 515 μὲν
3170 441 3326 506 αὐτὸς
3381 449 3716 519 περιέρχεται
3775 449 3938 521 θερα-

575 541 782 606 cumit,
840 556 1062 596 sanans
1089 555 1192 595 eos
1220 538 1323 609 qui
1355 535 1510 592 male
1553 535 1779 591 habent
1807 552 1818 589 :
1851 534 2218 606 quandoque

574 636 772 686 autem
799 629 964 685 sedet
990 630 1346 699 exspectans
1369 641 1471 680 eos
1495 625 1711 696 quibus
1739 639 1884 679 cura
1905 638 2059 694 opus
2077 626 2166 677 est
2201 639 2214 687 ;

574 717 719 774 illud
770 717 1014 789 quidem
1047 731 1157 770 sua
1196 714 1482 779 bonitate,
1513 713 1623 768 hoc
1662 727 1823 776 vero,
1857 717 1922 766 ut
1962 711 2037 766 de
2063 709 2218 765 inﬁr-

575 823 810 862 morum
832 806 951 860 ﬁde
975 809 1174 859 sumat
1202 803 1700 873 experimentum.
1728 803 2085 870 Frequenter
2117 814 2219 853 au-

575 900 696 952 tem
729 894 790 949 in
817 899 1080 948 montem
1113 890 1389 955 ascendit,
1423 895 1664 961 propter
1695 905 1819 943 suae
1846 887 2218 944 altitudinem

575 981 931 1038 divinitatis:
974 996 1044 1036 ac
1085 980 1307 1035 docens
1355 995 1390 1033 a
1429 977 1557 1033 solo
1587 976 1805 1034 elevari
1831 992 1934 1032 eos
1965 976 2072 1047 qui
2101 976 2218 1030 Deo

578 1070 1059 1142 appropinquare
1087 1067 1348 1138 cupiunt.

935 1176 1087 1232 CAP.
1122 1174 1266 1230 XXX
1287 1175 1375 1229 De
1403 1173 1588 1228 turbis
1615 1173 1863 1229 sanatis.

650 1282 815 1337 Vers.
845 1282 937 1338 30.
978 1282 1055 1336 Et
1089 1309 1155 1320 —
1177 1282 1418 1336 multos.
1459 1279 1641 1332 Κυλλοὶ
1673 1279 1803 1351 (pro
1831 1293 1954 1350 quo
1989 1277 2220 1333 mutilos

575 1370 890 1440 vertimus)
960 1370 1197 1442 proprie
1268 1370 1566 1434 dicuntur,
1651 1369 1755 1440 qui
1810 1367 2088 1422 manibus
2120 1382 2218 1423 ca-

576 1465 730 1522 rent,
763 1460 911 1515 sicut
928 1458 1226 1516 tricesimo
1245 1459 1498 1530 septimo
1512 1457 1703 1528 capite
1716 1456 2086 1512 manifestius
2118 1471 2220 1528 pa-

581 1547 746 1603 tebit.

648 1635 804 1691 Vers.
832 1635 922 1690 30.
952 1635 1029 1690 Et
1060 1666 1129 1674 —
1154 1635 1312 1690 illos.
1347 1633 1492 1689 Vide
1547 1634 1951 1704 proﬁcientem
1981 1632 2218 1689 illorum

573 1723 777 1779 ﬁdem.
807 1726 1008 1795 Neque
1037 1723 1196 1778 enim
1224 1723 1484 1794 amplius
1505 1727 1754 1791 tangunt
1779 1721 2079 1778 ﬁmbriam
2122 1738 2216 1777 ve-

576 1812 834 1868 stimenti
855 1813 1120 1882 ejus,sed
1137 1811 1460 1883 projiciunt
1477 1827 1539 1866 se
1557 1811 1752 1866 solum
1765 1811 1840 1866 ad
1867 1811 2044 1882 pedes
2063 1811 2214 1882 ejus,

577 1904 632 1956 et
655 1904 892 1972 repente
940 1904 1104 1956 curat
1131 1899 1265 1955 illos
1301 1916 1312 1954 :
1344 1914 1464 1954 non
1485 1898 1652 1970 quod
1681 1899 1925 1970 majoris
1947 1899 2066 1955 sint
2099 1898 2218 1955 ﬁde

576 2003 760 2059 quam
795 1988 1152 2055 Cbananasa,
1198 1987 1301 2042 sed
1340 1986 1500 2057 quod
1528 1986 1695 2042 Iudas
1753 1988 1890 2054 sint,
1925 1992 1986 2041 ut
2020 1987 2216 2056 ingra-

576 2079 775 2131 torum
819 2074 1057 2130 obturet
1102 2090 1208 2130 ora
1251 2073 1606 2139 indecorum,
1637 2074 2058 2131 demonstrans
2089 2075 2218 2132 illos

580 2163 795 2234 majori
846 2163 1062 2234 dignos
1102 2163 1411 2234 supplicio.
1473 2164 1744 2234 Ingratus
1795 2165 1953 2219 enim
1991 2170 2219 2236 quanto

577 2251 910 2322 majoribus
959 2251 1354 2323 pluribusque
1413 2251 1669 2308 afﬁcitur
1711 2252 2032 2316 bcneﬁciis,
2055 2258 2222 2309 tanto

580 2343 655 2398 ad
687 2341 977 2410 majorem
1005 2340 1550 2411 poenamluendam
1581 2346 1666 2397 est
1693 2341 2004 2397 obnoxius.

653 2447 819 2502 Vers.
870 2451 962 2502 31.
1003 2448 1090 2502 Ila
1137 2449 1198 2501 ut
1227 2478 1296 2487 —
1326 2447 1536 2503 videre.
1580 2447 1935 2502 Mirabantur
1985 2453 2224 2519 propter

580 2550 787 2592 eorum
841 2535 1286 2590 multitudinem
1315 2535 1419 2608 qui
1480 2535 1858 2600 curabantur,
1891 2540 1948 2591 et
1983 2539 2225 2606 propter

581 2623 905 2679 curationis
933 2623 1323 2680 velocitatem.

650 2730 822 2784 Vers.
848 2730 934 2785 31.
982 2731 1047 2785 Et
1077 2761 1144 2769 —
1169 2731 1371 2786 Israel.
1407 2729 1594 2784 Deum
1625 2729 1812 2800 ipsius
1860 2729 2062 2799 Israel,
2109 2729 2224 2786 hoc
2251 2703 2292 2760 δ

580 2821 689 2884 est,
721 2817 824 2890 qui
854 2817 932 2873 ab
963 2818 1240 2875 Israelitis
1273 2818 1597 2875 colebatur.

901 2942 1056 2998 CAP.
1086 2942 1251 2998 XXXI
1282 2943 1370 2998 De
1394 2948 1609 3010 septem
1637 2942 1908 3010 panibus.

651 3051 807 3104 Vers.
852 3053 938 3104 32.
993 3049 1160 3104 Jcsus
1216 3054 1410 3104 autem
1441 3079 1509 3086 —
1551 3048 1747 3104 edant.
1779 3050 1909 3104 Dies
1949 3055 2081 3116 tres,
2114 3067 2225 3123 pro

577 3137 790 3194 diebus
819 3137 1029 3193 tribus.
1055 3136 1424 3192 Admiranda
1447 3141 1574 3192 erat
1603 3142 1762 3194 tanta
1818 3139 1999 3194 turbae
2027 3155 2227 3211 perse-

577 3227 860 3282 verantia.
884 3228 1073 3290 Quare
1100 3230 1300 3281 autem
1339 3230 1532 3281 tacent
1555 3226 1850 3298 discipuli.
1883 3244 1992 3284 nec
2022 3229 2228 3284 dicunt

577 3321 640 3370 ut
668 3315 858 3386 prius.
886 3314 1123 3370 Dimitte
1175 3313 1392 3385 turbas,
1433 3315 1614 3387 idque
1639 3316 1823 3372 tribus
1853 3317 1979 3389 jam
2011 3317 2228 3388 elapsis

575 3403 786 3460 diebus
815 3403 844 3458 ?
875 3404 1026 3468 Quia
1041 3401 1323 3459 videbant
1345 3403 1477 3459 illos
1510 3411 1957 3476 perseverantes
1985 3423 2054 3463 ac
2085 3422 2228 3476 gau-

577 3491 783 3548 dentes
805 3508 983 3564 super
1009 3492 1363 3548 sanitatibus
1402 3492 1801 3559 inﬁrmorum,
1856 3510 1965 3550 nec
2005 3495 2228 3550 famem

573 3581 804 3651 penitus
836 3581 1169 3636 sentientes.

645 3668 930 3723 Fortassis
951 3674 1148 3722 autem
1180 3671 1237 3723 et
1261 3668 1338 3722 ad
1369 3669 1606 3723 tertium
1647 3687 1834 3740 usque
1864 3671 2022 3725 diem
2064 3688 2230 3728 escas

573 3755 906 3809 detulerant
942 3772 953 3809 :
981 3755 1116 3810 ideo
1145 3760 1286 3810 tunc
1308 3757 1548 3810 demum
1577 3757 1654 3812 ad
1683 3758 2034 3813 miraculum
2068 3777 2230 3816 acce-

2328 529 2494 582 πεύων
2533 535 2654 593 τούς
2675 540 2846 594 κακῶς
2878 535 3116 603 ἔχοντας,
3141 537 3264 585 ποτε
3292 530 3352 586 δε
3389 536 3618 592 κάθηται
3648 542 3940 610 περιμένων

2329 622 2452 680 τοὺς
2515 621 2813 692 χρῄζοντας
2871 624 3186 695 θεραπείας·
3251 622 3410 675 έκεῖνο
3456 627 3545 695 μεν
3606 621 3682 676 δι’
3739 626 3938 679 οἰκείαν

2331 707 2654 778 ἀγαθότητα,
2678 719 2830 762 τούτο
2863 707 2923 762 δὲ
2952 707 3241 783 δοκιμαζον
3258 717 3351 770 τὴν
3380 717 3560 764 πίστιν
3590 723 3690 765 τῶν
3712 720 3939 788 καμνόν-

2327 816 2447 851 των.
2511 805 2747 869 Συνεχῶς
2801 795 2860 851 δε
2913 799 2983 861 εἰς
3016 804 3133 873 ὀρος
3181 800 3370 866 ἆνεισι,
3433 797 3526 853 διὰ
3573 804 3632 854 τὸ
3664 802 3797 873 ὕψος
3842 813 3938 866 τῆς

2329 885 2512 937 ἑαυτοῦ
2533 888 2789 952 θεότητος,
2809 893 2898 940 καὶ
2926 885 3189 940 παιδεύων
3215 888 3521 964 ἐπαίρεσθαι
3549 893 3784 964 χαμόθεν
3813 897 3938 954 τοὺς

2326 973 2636 1036 πλησιάζειν
2674 983 2746 1046 τῷ
2779 984 2892 1048 Θεῷ
2922 976 3176 1039 θέλοντας.

2401 1185 2544 1232 ΚΕΦ.
2580 1178 2662 1233 Λ’.
2697 1185 2821 1248 Περὶ
2841 1189 2941 1232 τῶν
2970 1183 3376 1255 θεραπευθέντων
3413 1182 3601 1254 ὄχλων.

2403 1273 2591 1319 Καὶ-
2628 1267 2867 1330 πολλούς.
2905 1269 3086 1322 Κυλλοὶ
3117 1275 3304 1344 κυρίως
3325 1275 3375 1324 οἱ
3404 1274 3635 1345 ἄχειρες,
3670 1274 3738 1334 ὡς
3762 1271 3809 1326 ἐν
3851 1282 3932 1345 τῷ

2329 1354 2408 1415 λζ’
2439 1356 2696 1428 κεφαλαίῳ
2729 1354 2763 1410 δ
2771 1361 3032 1429 ιαγνωσθη
3045 1379 3210 1412 σεται.

2404 1627 2526 1674 ’Καὶ
2572 1653 2640 1662 -
2688 1623 2897 1684 αύτούς.
2963 1623 3101 1698 Ὀρα
3142 1629 3540 1698 προκόπτουσαν
3595 1633 3689 1686 τὴν
3751 1636 3936 1683 πίστιν

2329 1710 2515 1764 αὐτῶν.
2585 1711 2696 1763 Ούκ
2748 1715 2819 1764 ἔτι
2875 1714 2976 1787 γάρ
3031 1713 3282 1766 ἅπτονται
3333 1724 3424 1766 τοῦ
3482 1714 3784 1788 κρασπέδου
3839 1729 3936 1772 τοῦ

2331 1801 2539 1871 ἱματίου
2588 1799 2766 1869 αύτού,
2804 1799 2929 1852 ἀλλά
2965 1802 3237 1875 ῥίπτονταί
3280 1808 3431 1875 μόνον
3473 1809 3574 1877 πρὸ
3616 1815 3714 1857 τῶν
3752 1803 3934 1859 ποδῶν

2327 1887 2512 1952 αὐτοῦ,
2561 1893 2651 1940 καὶ
2723 1897 3059 1964 παραχρῆμα
3127 1893 3366 1963 θραπεύει
3427 1893 3636 1959 αύτούς,
3694 1895 3801 1968 οὐχ
3861 1898 3938 1958 ὡς

2326 1981 2665 2052 πιστοτέρους
2694 1978 2789 2038 τῆς
2810 1984 3123 2043 Χαναναίας,
3152 1979 3262 2032 ἀλλ’
3283 1983 3353 2042 ὡς
3372 1979 3682 2048 Ἰουδαίους,
3703 1982 3933 2057 ἐμφρατ-

2326 2083 2425 2115 των
2455 2073 2553 2116 τῶν
2583 2065 2885 2140 ἀχαρίστων
2907 2064 3176 2120 Ἰουδαίων
3206 2072 3270 2120 τα
3301 2074 3560 2142 στόματα,
3592 2077 3682 2123 καὶ
3715 2070 3937 2144 ἀποφαί-

2328 2163 2423 2205 νών
2455 2154 2640 2214 αύτούς
2661 2156 2896 2227 μείζονος
2911 2162 3160 2230 τιμωρίας
3188 2156 3380 2220 ἀξίους.
3408 2158 3466 2211 Ὀ
3487 2163 3588 2232 γὰρ
3613 2159 3932 2236 ἀχάριστος,

2331 2245 2450 2296 ὅσον
2521 2243 2860 2318 εύεργετείται
2928 2247 3125 2318 μεῖζον,
3181 2255 3424 2300 τοσοῦτον
3481 2253 3677 2321 γίνεται
3732 2253 3933 2322 μείζονι

2332 2331 2540 2384 κολάσει
2580 2334 2878 2396 ὑπεύθυνος.

2401 2436 2561 2492 Ὠστε
2651 2472 2717 2479 -
2799 2438 3082 2512 βλέποντας
3115 2480 3127 2491 .
3189 2442 3516 2516 Ἐθαύμαζον
3592 2440 3684 2496 διά
3745 2462 3797 2494 τε
3864 2446 3919 2494 τό

2332 2527 2524 2588 πλῆθος
2569 2537 2666 2580 τῶν
2725 2531 3153 2602 θεραπευομένων,
3213 2535 3303 2583 καὶ
3356 2527 3451 2584 διὰ
3497 2535 3552 2584 τὸ
3613 2530 3778 2604 ταχος
3830 2539 3924 2592 τῆς

2336 2618 2627 2688 θεραπείας.

2406 2727 2506 2776 Καὶ
2535 2753 2602 2763 -—
2633 2721 2863 2795 Ἰσραήλ.
2890 2726 2988 2775 Τόν
3011 2727 3138 2776 Θεὸν
3169 2726 3249 2797 (3)
3291 2726 3524 2802 Ἰσραὴλ,
3553 2731 3812 2792 τουτέστι,
3843 2729 3928 2779 τὸν

2333 2816 2614 2883 τιμώμενον
2644 2812 2744 2862 ύπὸ
2773 2819 2874 2862 τῶν
2904 2812 3259 2886 Ἰσραηλιτῶν.

2653 2931 2797 2979 ΚΕΦ.
2832 2927 2960 2980 ΛΑ’·
2991 2933 3113 3002 Περὶ
3137 2937 3236 2981 τῶν
3266 2930 3393 2982 έπτὰ
3416 2932 3606 3004 ἄρτων.

2402 3042 2460 3093 Ὀ
2493 3073 2561 3082 —
2589 3044 2845 3113 φάγωσιν.
2878 3042 3096 3116 Ἡμέραι
3122 3045 3197 3115 (4)
3229 3054 3383 3117 τρεῖς,
3417 3048 3532 3097 ἀντὶ
3567 3053 3681 3114 τού,
3714 3049 3932 3121 ἡμέραις

2277 3131 2495 3203 ξιτρισι.
2547 3136 2841 3202 Θαυμαστὴ
2871 3128 2928 3184 δε
2967 3134 2995 3190 ἠ
3031 3137 3259 3190 τοσαύτη
3302 3141 3390 3184 τού
3436 3133 3598 3204 ὄχλου
3645 3139 3918 3207 καρτερία,

2336 3223 2482 3272 Διατί
2514 3216 2572 3271 δε
2619 3228 2838 3290 σιγῶσιν
2876 3223 2924 3272 οἱ
2963 3224 3214 3293 μαθηταὶ,
3248 3227 3336 3272 καὶ
3391 3222 3514 3293 οὐχ,
3557 3225 3621 3282 ὡς
3658 3228 3928 3296 πρότερον,

2334 3307 2592 3379 λέγουσιν·
2628 3308 2914 3361 Ἀπόλυσον
2959 3314 3046 3362 τόν
3076 3310 3251 3382 ὄχλον,
3288 3315 3376 3362 καὶ
3407 3318 3574 3362 ταῦτα
3603 3319 3758 3385 τριῶν
3788 3331 3931 3386 παρ-

2337 3396 2590 3449 ελθουσῶν
2608 3399 2808 3471 ἡμερῶν
2833 3416 2846 3466 ;
2877 3405 3015 3452 Διότι
3037 3400 3240 3452 ἔϐλεπον
3271 3404 3390 3463 τούς
3417 3409 3936 3476 προσκαρτεροῦντας

2335 3490 2617 3559 χαίροντας
2656 3486 2738 3539 ίπὶ
2787 3497 2902 3550 ταῖς
2933 3487 3257 3563 ἀναρῥώσεσι
3285 3499 3386 3542 τῶν
3439 3489 3804 3559 ἀσθενούντων,
3845 3511 3937 3544 και

2337 3571 2450 3626 οὐδ’
2488 3573 2618 3637 ὅλως
2647 3575 3046 3649 αἰσθανομένους
3071 3577 3243 3651 λιμοῦ.

2408 3680 2564 3742 Ἴσως
2613 3677 2671 3734 δὲ
2710 3687 2797 3734 καὶ
2851 3687 3011 3756 μέχρι
3063 3691 3155 3743 τῆς
3184 3687 3360 3754 τρίτης
3402 3683 3598 3755 ἡμέρας
3627 3691 3770 3754 εἶχον
3815 3683 3931 3755 έφό-

2339 3766 2454 3825 δια.
2516 3774 2601 3822 Διὸ
2655 3776 2742 3824 καὶ
2790 3776 2900 3824 τότε
2938 3771 3112 3822 λοιπόν
3166 3769 3244 3822 ἐπὶ
3278 3774 3333 3822 τὸ
3382 3772 3556 3843 θαῦμα
3583 3773 3816 3843 ἔρχεται,
3848 3771 3934 3824 ὅτε

576 3843 682 3907 dit,
713 3842 961 3914 quando
993 3843 1052 3896 in
1083 3844 1350 3897 ciborum
1386 3844 1708 3914 indigentia
1736 3850 2035 3904 constituti
2070 3856 2225 3907 sunt.

2337 3877 2666 3917 κατέστησαν
2717 3861 2764 3912 έν
2818 3865 2972 3935 χρείᾳ
3021 3868 3228 3934 τροφῆς.
3269 3864 3418 3921 Τίνος
3464 3856 3522 3912 δὲ
3574 3861 3731 3912 ἕνεκεν
3776 3859 3936 3912 πάλιν

577 3931 768 3995 Quare
791 3936 990 3985 autem
1033 3947 1269 3985 rursum
1303 3931 1429 3987 illos
1468 3931 1532 3986 in
1565 3934 1791 3990 deserto
1826 3938 2012 4008 pascit
2041 3940 2068 3994 ?
2109 3939 2230 3999 Uti-

577 4033 689 4090 que
720 4033 795 4072 ne
828 4017 887 4071 in
921 4018 1015 4072 via
1068 4017 1406 4084 deﬁcerent,
1460 4021 1610 4075 sicut
1635 4022 1759 4094 ipse
1797 4033 2230 4098 consequenter

574 4106 736 4171 dicit,
754 4112 809 4163 et
828 4114 888 4161 ut
913 4107 1294 4163 conﬁrmaret
1313 4109 1550 4178 signum
1575 4114 2031 4182 praecedentium
2064 4117 2232 4188 quin-

573 4212 689 4269 que
748 4212 1017 4269 panum;
1060 4197 1326 4269 undique
1373 4200 1532 4255 enim
1573 4201 1941 4274 divulgatum
1972 4213 2115 4273 erat,
2168 4211 2232 4264 ut

572 4286 734 4359 quod
766 4286 1003 4360 publice
1032 4287 1255 4343 factum
1280 4287 1495 4348 fuerat.

643 4405 802 4460 Vers.
863 4408 948 4459 32.
1003 4405 1085 4459 Et
1139 4435 1207 4444 —
1266 4405 1365 4462 via
1413 4406 1643 4463 Marcus
1691 4416 1888 4468 autem
1935 4413 2169 4471 addidit
2215 4430 2227 4470 :

574 4492 819 4557 Quidam
847 4492 998 4548 enim
1051 4508 1249 4549 eorum
1279 4511 1304 4548 θ
1366 4494 1671 4569 longinquo
1723 4510 2030 4558 venerunt.
2087 4505 2231 4560 Vide

573 4595 716 4648 ergo
765 4579 998 4635 Domini
1028 4581 1488 4640 humanitatem.
1542 4588 1686 4642 Nam
1719 4590 1911 4644 sciens
1954 4599 2230 4650 naturam

572 4667 905 4723 humanam
954 4669 1088 4725 cibo
1127 4669 1413 4741 indigere,
1457 4675 1730 4746 providet
1782 4679 1834 4733 ei
1883 4677 2060 4736 etiam
2113 4699 2230 4740 non

570 4755 909 4828 requisitus,
938 4757 1257 4832 cibumque
1296 4762 1543 4832 praebet.
1583 4765 1998 4824 Communicat
2030 4777 2229 4830 autem

574 4843 901 4916 discipulis,
929 4852 992 4904 ut
1037 4848 1331 4906 recordati
1375 4851 1642 4908 miraculi
1681 4855 1945 4928 quinque
1977 4874 2228 4931 panum,

576 4932 830 4991 offerant
869 4936 916 4991 ei
976 4953 1163 5010 panes
1208 4953 1362 5010 quos
1391 4939 1630 5006 habent,
1682 4945 1736 4998 et
1780 4944 2012 5003 dicant:
2047 4951 2227 5009 Multi-

644 5032 692 5067 ⁷ο
732 5034 904 5091 Marc.
935 5051 1037 5101 v11,
1070 5039 1124 5093 3.

2339 3949 2528 4010 αύτούς
2575 3948 2621 4000 ἐν
2681 3948 2853 4022 ἐρήμῳ
2903 3954 3122 4022 τρέφεις
3166 3951 3388 4015 Πάντως,
3450 3952 3530 4001 ἱνα
3587 3954 3656 4022 μὴ
3709 3948 3942 4002 ἐκλυθῶ-

2341 4057 2422 4090 σιν
2467 4036 2513 4088 ἐν
2582 4045 2642 4110 τῇ
2704 4035 2834 4108 ὁδῷ,
2892 4041 3062 4100 καθὼς
3116 4039 3269 4100 αὐτὸς
3311 4035 3416 4090 εἶπε
3471 4043 3684 4113 προῖὼν,
3718 4044 3806 4090 καὶ
3854 4041 3948 4094 ῖνοι

2342 4125 2608 4200 βεϐαιώσῃ
2645 4130 2700 4178 τὸ
2735 4136 2946 4199 σημεῖον
2988 4136 3086 4178 τῶν
3138 4127 3494 4202 προλαϐόντων
3548 4132 3692 4180 πέντε
3731 4129 3935 4201 ἄρτωνο

2342 4213 2746 4289 διατεθρύλλητο
2817 4219 2914 4288 γὰρ
2995 4219 3137 4290 παρὰ
3190 4223 3372 4286 πᾶσιν,
3427 4219 3489 4277 ὡς
3565 4217 3640 4287 (ὅ)
3695 4237 3951 4290 καινοφα-

2339 4309 2437 4367 νές.
2465 4305 2541 4377 (6)

2413 4426 2513 4476 Καὶ
2547 4452 2616 4462 -
2670 4418 2799 4492 ὁδῷ.
2840 4420 2897 4473 Ὀ
2946 4417 3006 4474 δε
3052 4425 3265 4491 Μάρκος
3306 4425 3614 4494 προσέθηκε·
3654 4427 3793 4484 Τινὲς
3842 4429 3953 4504 ’γὰρ

2340 4511 2394 4574 ἐξ
2453 4512 2528 4583 (7)
2588 4510 2754 4562 αὐτῶν
2797 4512 3052 4586 μακρόθεν
3107 4515 3350 4569 ἣκουσιν.
3407 4519 3540 4586 Ὅρα
3613 4510 3671 4564 δὲ
3748 4521 3956 4570 Δεσπό-

3027 4595 3196 4659 Εἱδὼς
3271 4601 3372 4674 γὰρ
3442 4604 3533 4657 τὴν
3615 4599 3954 4672 ἀνθρωπίνην

2339 4690 2492 4761 φύσιν
2546 4684 2790 4758 δεομένην
2844 4694 3058 4760 τροφῆς,
3090 4694 3384 4762 προνοεῖται
3435 4691 3669 4755 ταύτης,
3724 4696 3818 4743 καὶ
3874 4701 3949 4766 μὴ

2339 4777 2587 4842 αἰτηθεὶς,
2661 4779 2885 4848 παρέχεί
2957 4780 3171 4850 τροφήν,
3247 4774 3626 4844 Κοινολογεῐται
3694 4773 3751 4830 δὲ
3813 4787 3953 4857 πρὸς

2336 4870 2460 4927 τούς
2512 4866 2771 4938 μαθητὰς,
2809 4866 2890 4917 ἱνα
2943 4863 3351 4936 ἀναμνησθέντες
3402 4871 3494 4915 τοῦ
3546 4867 3810 4938 θαύματος
3848 4881 3952 4924 τῶν

2336 4959 2482 5008 πέντε
2561 4955 2728 5028 ἄρτων
2752 4998 2768 5024 ,
2837 4957 3250 5028 προσενέγκωσιν
3329 4952 3469 5023 αύτῴ
3527 4958 3649 5016 τοὺς
3729 4955 3949 5029 ἄρτους,

2335 4619 2424 4652 του
2502 4597 2884 4674 φιλανθρωπίαν
2924 4641 2938 4654 .

1790 5197 2006 5268 Variae
2041 5201 2369 5272 lectiones
2402 5215 2466 5273 et
2507 5213 2715 5271 notas.

644 5382 720 5454 (3)
749 5389 852 5435 Τοῦ
882 5381 1067 5437 addit.
1101 5383 1166 5454 A_.

642 5452 718 5520 (4)
749 5455 836 5508 Ab
865 5455 1054 5526 ἡμέραι
1083 5452 1162 5508 ad
1197 5456 1370 5526 τρι-σίν
1392 5455 1676 5517 omiserat
1710 5461 2046 5524 Hentenius.

615 5525 735 5612 '(52‘
776 5523 1428 5612 ῌεξξξῐλεξξιξὶξειΐγβάόξᾴἱς,
1463 5543 1532 5584 ac
1572 5531 1619 5587 si
1663 5537 1945 5606 repererit
1985 5558 2226 5612 κοινοφα-

571 5594 818 5678 νέςιρμξεᾴ
848 5594 1239 5678 retinendum
1259 5596 1507 5678 videtur,
1533 5594 1852 5678 XRUIO?&‘J&‘§.

639 5668 718 5738 (6)
736 5666 838 5720 Hic
858 5663 1176 5724 addiderat
1196 5663 1515 5729 Hentenius
1535 5663 1831 5736 scholium
1843 5679 2229 5753 allegoricum

2341 5400 2502 5481 quod
2520 5401 2580 5456 in
2603 5402 2754 5481 meis
2771 5399 2970 5481 paulo
2991 5399 3238 5456 inferius
3265 5399 3473 5472 legitur
3487 5402 3564 5457 ad
3588 5418 3829 5462 versum
3859 5412 3955 5468 tri.

2340 5472 2634 5528 eesimum
2675 5472 2938 5528 tertium.

2411 5543 2487 5615 (7)
2520 5542 2609 5606 Ἐξ
2659 5543 2809 5599 infra
2858 5541 3023 5615 apud
3069 5544 3334 5615 Marcum
3388 5543 3449 5599 in
3493 5550 3771 5604 contextu
3825 5565 3956 5612 non

2341 5613 2677 5686 signescunt
2702 5613 2934 5672 codices
2965 5613 3285 5684 Euthymii.
