4176 6436
181 394 296 455 457

1154 396 1509 458 COMMENT.
1556 401 1625 458 ΙΝ
1665 399 2124 462 ΜΑΤΤΗΕΗΜ.
2167 439 2235 449 -
2275 406 2429 466 CAP.
2462 409 2581 469 XV.

3456 390 3561 481 iss

179 521 279 584 οὓς
319 524 529 595 ἔχουσι,
577 526 666 575 καὶ
713 526 944 597 εἴπωσιν,
992 525 1071 578 ἔτι
1121 526 1388 586 Πλήθυνον
1418 530 1524 599 ςκαὶ
1556 531 1769 591 τούτους

1907 530 2061 603 [lica
2098 531 2275 591 etiam
2306 534 2433 605 hos,
2469 536 2573 593 sed
2603 552 2726 595 non
2756 538 3168 600 intellexerunt
3192 541 3272 601 illi
3310 560 3561 608 causam

178 611 297 664 ἀλλ’
350 611 408 664 ού
460 620 689 672 συνῆκαν
726 611 905 667 ἐκεῖνοι
953 623 1045 675 τῆν
1095 614 1266 668 αἰτίαν
1318 625 1414 678 τῆς
1471 616 1787 691 ἓρωτὴσεωςο

178 699 271 755 διὸ
312 705 405 753 καὶ
435 701 587 755 πάλιν
613 703 679 754 τὰ
706 710 802 766 τῆς
832 702 1053 779 ἀπορίας
1082 704 1476 779 προϐάλλονται.
1574 722 1579 727 ’

255 795 362 843 Καὶ
421 821 494 832 —
569 799 876 861 τοσοῦτον;
930 794 1175 868 [Ἑρημία
1251 796 1327 867 (8)
1376 798 1582 856 νοηθείη
1644 797 1703 849 ἆν
1756 800 1785 857 ἡ

182 882 341 952 φύσις
390 886 494 931 τῶν
544 878 845 955 ἀνθρώπων,
877 883 907 942 ἦ
941 884 966 935 6
1012 888 1211 957 κόσμος
1252 884 1419 951 οὗτος,
1457 883 1506 938 έν
1540 885 1580 937 ὦ
1619 906 1787 963 προσ-

188 971 396 1041 μίνουσι
450 976 523 1039 τῷ
575 969 711 1042 λόγῳ
764 978 855 1032 τῆς
912 970 1097 1046 ἀρετῆς
1151 977 1241 1026 καὶ
1301 979 1536 1045 γνώσεως
1581 977 1630 1028 οἱ
1696 973 1789 1030 διὰ

187 1063 279 1117 τὴν
320 1064 500 1111 πίστιν
548 1063 637 1111 καὶ
694 1064 785 1119 τὴν
834 1057 1021 1114 έλπίδα
1079 1070 1177 1115 τῶν
1242 1062 1523 1136 μελλόντων
1579 1063 1786 1137 ἀγαθῶν

177 1149 617 1210 κακοπαθοῦντες.
688 1147 906 1225 Ἡμέραι
984 1146 1043 1204 δε
1112 1159 1246 1225 τρεῖς
1311 1154 1364 1205 αἱ
1444 1160 1534 1215 τῆς
1599 1153 1785 1227 ψυχῆς

172 1243 307 1312 τρεῖς
340 1233 615 1310 δυνάμεις,
663 1238 781 1291 καθ’
829 1236 889 1301 ἃς
930 1244 1329 1315 προσμένουσιν·
1379 1249 1451 1314 τῷ
1490 1245 1580 1316 μὶν
1627 1243 1780 1318 λόγῳ,

171 1326 478 1393 ζητοῦντες,
540 1334 602 1399 τῇ
665 1324 913 1402 ἔπιθυμίᾳ
967 1325 1045 1399 δέ,
1099 1332 1373 1393 ποθοῦντες
1420 1336 1479 1385 τὸ
1527 1335 1784 1407 ζητούμε-

167 1434 270 1481 νον,
303 1423 381 1486 τῷ
428 1417 579 1487 θυμῷ
634 1412 712 1483 δὲ,
758 1418 1260 1493 ὑπεραγωνιζόμενοι
1306 1428 1398 1474 τοῦ
1426 1424 1770 1496 ποθουμένου,

166 1508 228 1557 Ἦ
260 1507 311 1557 οἱ
368 1510 505 1579 τρεῖς
557 1512 879 1581 γενικώτεροι
936 1512 1107 1580 νόμοι,
1159 1510 1185 1562 ὁ
1225 1512 1463 1582 φυσικὸς,
1498 1513 1523 1564 6
1554 1520 1778 1567 Μωσαῑ-

164 1598 268 1660 κὸς,
336 1594 364 1645 6
426 1593 779 1666 εύαγγελικός,
834 1600 1136 1669 φωτίζοντες
1197 1594 1352 1658 δίκην
1409 1601 1623 1675 ἡμέρας,
1688 1608 1777 1656 καὶ

164 1688 293 1755 πρὸς
376 1682 634 1759 ἐργασίαν
696 1693 787 1737 τού
866 1692 1209 1763 συμφέροντος
1280 1687 1638 1767 διεγείροντες.
1713 1695 1779 1746 Οἱ

162 1778 335 1824 τοίνυν
367 1778 464 1825 καὶ
523 1774 659 1825 κατὰ
710 1777 922 1836 τούτους
972 1780 1093 1839 τούς
1150 1785 1287 1852 τρεῖς
1335 1780 1412 1852 (9)
1468 1780 1653 1854 λόγους
1702 1790 1776 1854 τῷ

161 1867 272 1931 Θεῷ
334 1866 499 1933 Λόγῳ
554 1868 971 1938 προσμείναντες,
1032 1871 1121 1919 καὶ
1189 1871 1307 1931 τούς
1364 1870 1490 1944 ύπὶρ
1554 1871 1774 1926 ἑκάστου
1808 1881 1852 1937 Β

161 1956 347 2011 πόνους
453 1953 735 2025 προθύμως
820 1956 1198 2028 ὑπομείναντες,
1295 1959 1388 2011 ούκ
1468 1958 1775 2015 ἀπολύονται

168 2044 384 2105 νήστεις,
441 2039 574 2093 ἀλλὰ
637 2038 883 2114 δέχονται
958 2051 1150 2121 τροφὴν
1209 2045 1407 2119 δαψιλῆ
1476 2055 1566 2103 καὶ
1612 2054 1768 2104 θείαν·

181 2128 305 2202 ύπὶρ
336 2133 412 2198 με»
454 2138 546 2182 τού
581 2140 807 2202 φυσικοῦ
854 2134 962 2205 (10)
1002 2139 1159 2208 νόμου
1210 2142 1304 2196 τὴν
1352 2140 1641 2193 ἄπταιστον
1672 2149 1772 2193 τῶν

177 2218 323 2267 κατὰ
378 2222 518 2288 φύσιν
592 2219 869 2294 ἐνέργειαν,
924 2223 1049 2299 ὑπερ
1111 2221 1170 2278 δε
1226 2234 1317 2278 τοῦ
1373 2238 1610 2302 γραπτοῦ
1676 2238 1771 2290 τῆν

166 2302 533 2377 ἆνενεργησίαν
594 2318 696 2361 τῶν
752 2313 897 2386 παρὰ
948 2315 1103 2384 φύσιν
1150 2317 1349 2383 παθῶν,
1407 2318 1532 2393 ύπερ
1567 2315 1626 2373 δε
1680 2328 1769 2373 τοῦ

159 2393 501 2465 εὐαγγελιχοῡ
570 2402 661 2457 τὴν
714 2402 840 2475 πρὸς
901 2401 1053 2455 αύτὸν
1100 2406 1184 2456 τὸν
1255 2409 1384 2459 Θεὸν
1438 2407 1621 2461 ἕνωσιν
1680 2415 1770 2464 καὶ

157 2484 395 2557 θέωσιν]

230 2767 331 2819 Καὶ
361 2768 641 2844 πρότερον,
673 2773 763 2823 καὶ
801 2768 1037 2845 ὕστερον,
1070 2770 1119 2826 έν
1148 2772 1356 2849 ἐρημίᾳ,
1380 2777 1558 2855 πόρῥω
1578 2780 1770 2835 πόλεων

164 2858 245 2906 καὶ
270 2864 490 2929 κωμῶν,
552 2860 611 2910 τὸ
656 2860 833 2933 θαῦμα
887 2869 1038 2916 τοῦτο
1068 2872 1224 2934 ποιεῖ,
1266 2866 1348 2919 ἵνα
1388 2872 1461 2940 μὴ
1501 2866 1629 2945 δόξῃ
1661 2880 1771 2935 τοῖς

165 2944 339 3015 ὄχλοις
386 2946 444 2997 έκ
473 2945 881 3013 πλησιαζούσης
906 2951 1095 3013 πόλεως
1124 2953 1154 3013 ἣ
1206 2959 1385 3028 κώμης
1414 2960 1481 3011 τὰ
1510 2944 1772 3035 βρώματα

164 3040 413 3107 μετακομί
420 3038 548 3098 ζειν.

228 3140 329 3194 Keil
380 3172 452 3183 -—
513 3140 759 3214 ἰχθύδια.
804 3150 904 3200 Καὶ
943 3147 1029 3201 ἐπὶ
1088 3158 1187 3202 τῶν
1217 3153 1363 3206 πέντε
1415 3156 1582 3231 ἄρτων
1615 3166 1768 3213 τοῦτο

165 3229 453 3304 ἠρώτησεν,
516 3233 587 3294 ὡς
637 3230 772 3287 εἶπεν
816 3235 843 3287 6
888 3241 1118 3301 Λουκᾶς.
1158 3240 1273 3313 (11)
1326 3229 1581 3299 Καὶίούὸῃ
1632 3249 1767 3301 ούτω
1804 3238 1846 3297 C

164 3319 407 3377 συνῆκαν’
440 3322 508 3373 σύ
542 3316 620 3393 δε,
654 3321 697 3375 εί
739 3328 828 3377 καὶ
876 3327 1110 3390 κακίζεις
1138 3333 1233 3388 τὴν
1283 3336 1544 3394 τοσαύτην
1586 3342 1766 3412 πώρω-

163 3425 238 3458 σιν
285 3408 477 3475 αύτῶν,
535 3410 636 3478 ὅτι,
676 3421 858 3488 νεαροῦ
909 3418 1051 3478 ὄντος
1106 3419 1183 3471 ἔτι
1227 3428 1320 3473 τοῦ
1373 3427 1766 3500 προφθάσαντος

165 3497 440 3570 θαύματος,
484 3498 621 3552 οὕτω
673 3500 787 3575 (12)
842 3510 1049 3577 ταχέως
1102 3497 1426 3565 ἔπελάθοντολ
1476 3513 1600 3568 ἀλλὰ
1633 3519 1764 3570 θαύ-

169 3605 319 3656 μασον
364 3591 426 3640 τὸ
486 3588 763 3661 meum;
814 3593 1003 3662 αὐτῶν,
1043 3605 1155 3660 πῶς
1199 3602 1483 3675 γράφοντες
1534 3605 1593 3658 ού
1641 3610 1763 3680 κρύ-

172 3692 346 3729 πτουσι
398 3680 461 3729 τὸ
517 3678 703 3733 οἰκεῖον
760 3682 1014 3757 ἔγκλημα.
1078 3687 1349 3748 Ἐννὸἠσον
1409 3688 1469 3747 δε
1514 3699 1603 3749 καὶ
1654 3706 1766 3761 πῶς

169 3761 419 3841 ἐκυρίευον
464 3776 562 3831 τῆς
615 3776 859 3846 ιαστρός.
934 3773 1016 3828 Ἐν
1067 3774 1259 3852 ἕρημία
1308 3783 1409 3857 γὰρ
1478 3787 1633 3854 ὄντες,
1674 3793 1764 3842 καὶ

165 3861 286 3927 τρεῖς
356 3856 554 3931 ἡμέρας
644 3856 1015 3935 διατρίϐοντες,
1095 3865 1226 3920 έπτὰ
1319 3856 1507 3945 μόνους
1580 3877 1763 3951 ἄρτους

161 3941 479 4017 ἐπεφέροντο.

222 4056 327 4105 Καὶ
372 4081 448 4093 —-
495 4049 927 4128 ἐχορτάσθησαν.
965 4058 1161 4135 Ὅμοια
1201 4072 1308 4129 τοῖς
1358 4074 1630 4146 προτίρόις
1673 4080 1763 4130 καὶ⁵

154 4137 282 4211 λέγει
327 4146 423 4194 καὶ
470 4150 628 4213 ποιεῖ,
662 4146 746 4199 ἵνα
786 4153 1117 4223 πανταχόθεν
1145 4154 1329 4219 αὐτοὺς
1364 4137 1638 4237 ἀναμνήσει
1669 4173 1761 4219 τού

152 4233 409 4304 προτέρου
441 4233 727 4306 θαύματος.

218 4342 326 4390 Καὶ
398 4368 470 4380 —
522 4337 771 4399 παιδίων.
831 4350 948 4409 Πῶς
1002 4344 1107 4402 έκεῖ
1150 4352 1242 4423 μὶν
1304 4349 1515 4411 δώδεκα
1560 4362 1759 4434 κόφινοι

149 4420 552 4502 ἕπερίσσευσαν,
584 4428 807 4487 ένταῡθα
844 4430 905 4487 δε
944 4420 1200 4514 σπυρίδες
1224 4441 1355 4497 ἔπτὰ
1398 4444 1514 4501 δέον
1540 4420 1761 4506 ἐνταῦθα

148 4516 385 4587 μάλιστα
440 4518 613 4573 πλεῖον
666 4532 1034 4597 περισσεύσαι,
1093 4531 1217 4585 ἔνθα
1251 4538 1341 4588 καὶ
1390 4536 1611 4601 πλείονες
1642 4540 1759 4613 (13)

150 4606 195 4656 oi
237 4607 395 4679 ἄρτοι
443 4614 533 4661 καὶ
601 4608 857 4675 ἰλάττονες
907 4617 957 4668 οἱ
1013 4615 1272 4684 ἐσθίοντες
1318 4640 1332 4692 ;
1389 4632 1554 4687 Φησὶν

152 4700 552 4772 Χρυσὸστομος,
595 4702 676 4753 ὅτι
706 4704 762 4756 αἱ
795 4702 1049 4779 σπυρίδες
1081 4709 1209 4774 ἴσως
1232 4717 1446 4786 μείζους
1475 4728 1574 4773 τῶν
1604 4700 1760 4795 κορί-

151 4802 253 4834 νων
296 4778 446 4858 ἦσαν,
476 4789 505 4848 ὃ
558 4794 649 4843 καὶ
690 4791 874 4866 ἑτέρως
906 4778 1231 4873 νῴκονομήθη
1271 4807 1329 4858 τὸ
1381 4817 1637 4879 τοιοῦτον,

220 4883 269 4919 ⁷³
302 4885 478 4943 Marc.
511 4905 583 4957 vi,
616 4890 705 4947 38.

1680 4814 1764 4868 ἶνα

1900 619 2382 695 interrogationis
2404 642 2416 693 ;
2440 624 2576 685 ideo
2597 643 2805 687 rursus
2827 629 3219 703 indigentiam
3245 634 3559 710 objiciunt.

1970 834 2141 925 Vers.,
2174 836 2262 895 33.
2311 839 2389 896 Et
2438 869 2510 883 —
2556 846 2838 905 tantam?
2881 844 2917 914 τ
2963 844 3275 906 Desertum
3312 848 3558 925 intelligi

1898 926 2094 995 potest
2130 924 2400 984 humana
2438 934 2676 997 natura,
2715 938 2819 991 aut
2856 935 3125 992 mundus
3164 937 3291 1006 iste,
3332 938 3396 998 in
3434 924 3558 1015 quo

1897 1012 2123 1070 assidui
2164 1020 2306 1072 sunt
2342 1018 2421 1075 ad
2447 1035 2783 1079 sermonem
2810 1024 3042 1082 virtutis
3082 1030 3139 1083 et
3173 1012 3556 1100 cognitionis,

1896 1100 2000 1173 qui
2037 1109 2280 1175 propter
2316 1106 2501 1163 ﬁdem
2540 1125 2613 1166 ac
2666 1127 2853 1184 spem
2875 1111 3218 1173 futurorum
3252 1116 3557 1179 bonorum

1893 1191 2059 1250 mala
2117 1195 2443 1266 patiuntur.
2501 1201 2638 1257 Tres
2694 1207 2899 1260 autem
2954 1204 3102 1274 dies,
3158 1210 3280 1264 tres
3338 1209 3556 1269 animas

1891 1282 2169 1353 potentia
2208 1300 2315 1358 per
2351 1302 2506 1360 quas
2548 1290 2776 1349 assidui
2814 1298 2955 1350 sunt
2995 1310 3011 1351 :
3052 1310 3163 1367 per
3198 1296 3555 1360 rationalem

1890 1370 2138 1444 quidem
2193 1374 2579 1448 inquirentes,
2638 1396 2747 1453 per
2800 1384 3335 1457 concupiscibilem
3387 1404 3555 1458 vero,

1889 1463 2055 1534 quod
2092 1467 2411 1537 qumsitum
2451 1474 2539 1528 est
2576 1470 3003 1543 desiderantes,
3047 1491 3155 1549 per
3190 1478 3555 1541 irascibilem

1890 1551 1970 1625 (υ)
2025 1558 2228 1612 autem
2280 1572 2390 1628 pro
2436 1573 2508 1616 eo
2562 1560 2731 1633 quod
2779 1566 3161 1637 concupitum
3209 1573 3299 1626 est
3351 1569 3554 1629 decer-

1889 1645 2100 1699 tantes.
2142 1646 2256 1701 Aut
2285 1649 2400 1703 tres
2426 1647 2554 1705 dies
2593 1656 2730 1706 sunt
2757 1654 2875 1707 tres
2902 1652 3064 1724 leges
3094 1657 3493 1726 generaliores
3533 1676 3548 1718 :

1888 1732 2196 1801 naturalis,
2237 1734 2459 1809 scripta
2495 1741 2553 1795 et
2607 1740 2969 1811 evangelica,
3026 1743 3105 1802 ad
3142 1748 3393 1803 modum
3431 1747 3551 1806 diei

1885 1819 2311 1891 illuminantes,
2340 1829 2398 1882 et
2420 1826 2498 1883 ad
2519 1827 2650 1899 ejus
2675 1830 2843 1901 quod
2870 1832 3112 1904 expedit
3136 1835 3549 1907 operationem

1883 1910 2231 1968 excitantes.
2267 1912 2379 1979 Qui
2399 1930 2543 1986 ergo
2568 1917 2898 1977 secundum
2919 1919 3031 1977 hos
3056 1921 3235 1981 etiam
3256 1929 3375 1983 tres
3397 1925 3545 1995 dies,

1883 1998 1961 2054 ad
1999 1999 2100 2056 Dei
2130 2016 2470 2061 sermonem
2502 2013 2914 2078 perseverant,
2946 2016 3004 2068 et
3030 2027 3141 2085 pro
3179 2030 3547 2090 unoquoque

1881 2086 2117 2144 labores
2148 2096 2431 2164 prompto
2463 2096 2762 2153 sustinent
2786 2099 3015 2167 animo,
3046 2086 3549 2179 nequaquam—je-

1876 2176 2008 2248 juni
2045 2177 2481 2254 relinquuntur,
2523 2184 2629 2241 sed
2679 2188 3014 2261 suscipiunt
3050 2176 3435 2263 splendidum
3466 2176 3547 2253 ac

1880 2267 2154 2325 divinum
2194 2270 2396 2328 cibum
2422 2291 2436 2326 ε
2460 2289 2569 2346 pro
2600 2278 2856 2333 naturali
2878 2279 3123 2352 quidem
3150 2281 3300 2353 lege,
3319 2340 3327 2347 ,
3344 2300 3545 2357 prom-

1879 2356 2221 2428 ptissimam
2244 2360 2574 2421 efﬁcaciam
2595 2380 2803 2424 eorum
2822 2384 2960 2441 quae
2982 2372 3236 2429 naturali
3254 2356 3544 2434 instinctu

1879 2445 2031 2503 eﬂici
2071 2454 2323 2521 possunt
2369 2467 2383 2506 :
2436 2467 2547 2525 pro
2605 2456 2825 2529 scripta
2871 2474 3034 2532 vero,
3083 2476 3161 2519 ne
3198 2461 3544 2531 affectiones

1878 2550 2014 2609 quas
2052 2543 2266 2627 printer
2300 2544 2581 2600 naturam
2635 2544 2957 2618 insurgunt
3010 2556 3340 2623 sequantur
3380 2569 3397 2610 :
3430 2569 3543 2627 pro

1879 2626 2226 2697 evangelica
2277 2634 2498 2700 autem,
2551 2633 2840 2695 unionem
2890 2638 2971 2697 ad
3018 2638 3210 2700 Deum
3259 2657 3333 2701 ac
3377 2626 3545 2703 deiﬁ-

1879 2715 2198 2775 cationem.

1950 2806 2018 2862 Et
2042 2806 2207 2879 prius
2233 2812 2289 2866 et
2316 2813 2529 2883 postea
2552 2810 2615 2870 in
2644 2812 2880 2874 deserto
2905 2816 3040 2877 loco
3070 2818 3249 2892 longe
3278 2839 3314 2881 ι
3339 2822 3543 2885 civita-

1879 2892 2040 2951 tibus
2060 2911 2130 2953 ac
2150 2897 2295 2953 vicis
2316 2898 2431 2956 hoc
2453 2900 2592 2958 facit
2618 2903 2995 2981 miraculum,
3017 2924 3093 2967 ne
3119 2911 3310 2970 turbis
3332 2914 3545 2974 videa-

1881 2987 1973 3041 tur
1998 3000 2033 3042 a
2062 2986 2405 3061 propinqua
2430 2991 2664 3050 civitate
2689 3009 2760 3053 ac
2788 2996 2922 3055 vico
2951 2999 3116 3057 cibos
3144 3001 3394 3065 deferre.

1946 3179 2112 3273 Vers.
2153 3183 2243 3273 3t.
2284 3184 2359 3241 Et
2390 3216 2462 3228 -—
2497 3189 2827 3258 pisciculos.
2866 3195 2931 3250 In
2969 3198 3236 3271 quinque
3273 3203 3537 3273 panibus

1875 3268 1991 3325 hoc
2019 3272 2199 3327 etiam
2228 3272 2628 3345 interrogavit,
2663 3279 2812 3338 sicut
2840 3283 2987 3341 dixit
3012 3268 3243 3342 Marcus
3274 3268 3343 3354 ἧι,
3376 3297 3432 3347 et
3459 3308 3536 3349 ne

1876 3359 1959 3415 sic
1988 3359 2232 3431 quidem
2262 3362 2693 3424 intellexerunt.
2726 3370 2949 3434 Quodsi
2981 3378 3157 3431 tantae
3183 3392 3392 3434 eorum
3427 3395 3538 3436 cm-

1873 3447 2033 3503 citati
2070 3448 2423 3520 indignaris,
2467 3454 2634 3526 quod
2676 3473 2815 3513 cum
2854 3458 3007 3517 adeo
3046 3478 3251 3520 recens
3290 3473 3537 3538 praeter-

1872 3536 2031 3593 iisset
2059 3538 2207 3595 illud
2237 3540 2617 3615 miraculum,
2651 3545 2804 3605 adeo
2842 3549 3119 3609 velociter
3147 3536 3313 3611 obliti
3344 3564 3485 3615 sunt
3514 3577 3529 3617 :

1872 3626 2171 3685 admirare
2228 3634 2432 3687 tamen
2482 3634 2649 3706 quod
2706 3638 3010 3697 veritatem
3062 3642 3145 3701 ita
3194 3645 3410 3715 colant,
3469 3652 3535 3707 ut

1873 3716 2218 3787 scribentes,
2256 3736 2398 3777 suos
2436 3722 2616 3780 etiam
2668 3725 2932 3785 defectus
2971 3746 3092 3789 non
3131 3732 3533 3796 abscondant.

1870 3806 2124 3864 Adverte
2185 3809 2364 3866 etiam
2429 3819 2728 3885 quantum
2792 3820 2983 3877 ventri
3045 3823 3533 3886 dominabantur.

1872 3896 2021 3952 Cum
2060 3897 2221 3954 enim
2260 3905 2465 3957 essent
2500 3902 2561 3959 in
2609 3904 2866 3976 deserto,
2908 3915 2966 3967 et
3001 3915 3120 3968 tres
3157 3913 3286 3972 dies
3324 3916 3536 3976 demo-

1869 3990 2163 4055 rarentur,
2198 3994 2429 4061 septem
2459 3995 2694 4051 tantum
2723 4012 2913 4069 panes
2943 4002 3280 4063 attulerant.

1942 4094 2103 4151 Vers.
2134 4098 2221 4151 35.
2241 4096 2327 4186 Et
2347 4129 2417 4139 --
2438 4101 2500 4154 V.
2525 4100 2614 4157 37.
2642 4103 2921 4162 Saturan'
2936 4115 3095 4165 sunt.
3124 4111 3349 4170 Similia
3368 4114 3532 4186 prio-

1870 4181 2038 4237 ribus
2089 4188 2146 4240 et
2192 4183 2353 4255 dicit,
2410 4192 2464 4244 et
2515 4187 2675 4257 facit,
2736 4197 2803 4248 ut
2852 4196 3019 4267 prius
3066 4181 3423 4259 miraculum
3462 4219 3531 4262 ex

1870 4271 2037 4328 omni
2076 4277 2245 4345 parte
2280 4274 2364 4329 eis
2399 4274 2479 4332 ad
2517 4281 2876 4339 memoriam
2904 4284 3171 4342 reducat.

1944 4377 2101 4434 Vers.
2143 4379 2232 4434 37.
2286 4381 2367 4437 Et
2418 4412 2488 4424 —
2538 4385 2606 4440 V.
2652 4387 2740 4442 38.
2794 4390 3037 4448 Pueros.
3089 4394 3405 4459 Quomodo
3444 4397 3531 4456 ibi

1869 4467 2190 4524 duodecim
2221 4470 2463 4543 cophini
2492 4475 2928 4546 superfuerant,
2959 4479 3056 4537 hic
3085 4486 3286 4542 autem
3318 4482 3533 4559 sportas

1873 4562 2122 4629 septem,
2165 4574 2304 4615 cum
2335 4569 2629 4633 oporteret
2655 4564 2755 4623 hic
2784 4570 2977 4640 magis
3009 4574 3364 4643 superesse?
3400 4578 3535 4635 Plu-

1871 4662 1964 4703 res
1991 4648 2147 4704 enim
2183 4657 2351 4707 erant
2370 4651 2465 4708 hic
2487 4669 2699 4725 panes,
2726 4662 2781 4713 et
2808 4661 3121 4731 pauciores
3143 4663 3247 4737 qui
3276 4668 3535 4725 mandu—

1874 4740 2177 4793 caverant.
2243 4739 2389 4798 Dicit
2450 4742 2907 4816 Chrysostomus
2967 4757 3202 4825 sportas
3259 4757 3534 4830 cophinis

1873 4824 2056 4883 fuisse
2093 4826 2348 4887 fortasse
2392 4832 2674 4904 majores.
2728 4837 2829 4895 Vel
2877 4824 3007 4911 alio
3042 4858 3286 4917 quoque
3324 4824 3531 4908 modo.

1386 5002 1614 5083 Variae
1643 5014 1972 5091 lectiones
2015 5032 2080 5092 et
2111 5035 2313 5096 notae.

214 5129 274 5203 (8
338 5130 573 5191 Inclusa
594 5100 655 5192 in
681 5138 953 5209 margine
980 5136 1162 5199 habet
1187 5145 1327 5204 cod.
1365 5149 1425 5205 B.

214 5132 295 5277 (9;
334 5206 659 5263 Hentenius
688 5208 921 5268 videtur
963 5210 1181 5277 legisse
1219 5218 1425 5277 ἡμέρας.

210 5206 306 5295 (9),
334 5206 659 5295 Hentenius
688 5206 921 5268 videtur
963 5210 1181 5284 legisse
1219 5218 1435 5295 ἡμέρας.
1469 5224 1644 5287 Forte
1677 5234 1759 5285 νό.

136 5276 277 5349 μους
288 5276 645 5347 legendum.

231 5349 328 5442 i9?
369 5349 493 5442 ξίῗὲ
508 5349 797 5442 ξίίτέῗίῗαὲἒί
817 5354 1364 5442 ἳίᾷηἱθίὶἒιέῑεὲηφοάο
1386 5368 1765 5442 Ριῖαρρβὶιωι

231 5349 307 5405 10
369 5349 486 5404 Hoc
513 5349 797 5408 conﬁrmat
817 5354 1180 5427 conjecturam
1204 5362 1364 5419 modo
1386 5368 1757 5442 propositam.

203 5348 328 5495 in;
360 5422 538 5494 Apud
565 5425 697 5480 Luc.
720 5438 801 5494 ιχ,
829 5425 918 5492 13,
950 5428 1097 5486 nihil
1126 5431 1240 5489 tale
1259 5439 1577 5509 reperitur.
1611 5446 1759 5505 Scri~

208 5597 291 5673 (v)
320 5598 682 5658 Irascibilem.
708 5603 844 5660 Tres
874 5597 1401 5672 animi’facultates
1427 5610 1680 5679 notath.
1708 5621 1751 5680 Ι.

136 5674 196 5758 ἷὸ
254 5673 489 5758 λογικὸν,
544 5676 604 5727 τὸ
653 5673 1161 5758 ἔπιθυμητικόνητό
1207 5686 1443 5758 θυμικόν.
1512 5693 1630 5750 Sed
1694 5699 1752 5749 τὸ

139 5744 365 5818 θυμικὸν
385 5744 569 5802 latius
594 5750 774 5819 patet,
796 5744 984 5821 quam
1012 5750 1216 5812 utiuno
1237 5744 1424 5818 vocab
1434 5744 1756 5825 ulovi'ivzsciv-

618 5833 857 5895 Parnm.
898 5838 1005 5897 Gn.
1049 5840 1294 5907 CXXIX.

1865 5164 2317 5255 bendumergo
2348 5185 2488 5255 cum
2518 5175 2802 5255 Plentenio
2833 5180 3067 5255 Μάρκος.

1965 5240 2054 5307 l2)
2095 5240 2273 5307 Οῡπω⁷⁹
2317 5244 2497 5300 male.
2537 5248 2605 5303 Α.

1965 5241 2030 5293 12
2095 5246 2273 5307 Οῡπω,
2317 5244 2497 5300 male.

1965 5311 2030 5366 13
2096 5314 2191 5381 Oi,
2220 5314 2410 5373 abest.
2453 5318 2511 5372 Β.

1940 5241 2057 5453 ἓίιξ
2092 5385 2255 5441 Tom.
2298 5385 2413 5453 VlI,
2455 5402 2511 5453 pa

1969 5381 2056 5454 14)
2092 5385 2255 5441 Tom.
2298 5385 2413 5455 VlI,
2455 5402 2595 5461 pag.
2639 5394 2761 5450 539.
2804 5395 2873 5453 D.

2036 5243 2057 5454 ἐ

1867 5626 2194 5731 είιοαξοάάί
2248 5635 2456 5707 possit.
2511 5639 2657 5698 Vide
2709 5610 2939 5704 scholia
2992 5646 3071 5706 ad
3117 5648 3328 5724 Synes.
3387 5654 3429 5731 ι,
3484 5650 3530 5710 1.

1867 5715 1928 5773 p.
1970 5701 2060 5761 99.

3055 5878 3123 5934 15
