4176 6438
611 353 717 420 459

1938 351 2287 414 EUTHYMII
2329 349 2655 415 ZIGABENI

3883 352 3992 414 460

609 482 696 537 lta
732 479 1086 552 dispositum
1125 483 1272 546 erat,
1304 483 1367 538 ut
1402 481 1755 554 hujusmodi
1796 483 2258 554 fragmentorum

2387 485 2416 541 ἡ
2452 485 2664 540 τοιαύτη
2704 503 2802 534 των
2851 481 3281 554 περισσευμάτων
3342 477 3573 554 διαφορά
3610 486 3701 534 καὶ
3743 482 3998 536 ἀνοίκειό-

606 565 918 626 diversitas
957 586 1027 627 ac
1080 569 1481 643 inaequalitas,
1536 571 1918 630 indelebilem
1959 574 2271 646 utriusque

605 648 879 716 miraculi
926 658 1283 717 memoriam
1337 666 1734 718 conservaret.

673 837 964 895 Praeterea
1000 841 1057 896 et
1094 838 1282 896 aliter.
1314 838 1400 895 Ibi
1431 839 1680 912 quidem
1721 839 2010 913 ecphinos
2049 839 2267 912 aaquali

602 940 858 984 numero
897 942 1036 982 cum
1084 927 1374 1000 apostolis
1427 928 1595 996 fecit;
1644 928 1744 984 hic
1791 933 1992 985 autem
2033 933 2267 1000 sportas

603 1015 823 1088 mquali
839 1030 1092 1073 numero
1121 1032 1258 1073 cum
1290 1017 1551 1090 panibus
1579 1034 1592 1072 :
1628 1016 1907 1090 utrinque
1937 1017 2161 1074 docens
2177 1016 2267 1074 fa-

603 1102 712 1159 cile
751 1103 804 1159 ei
842 1117 972 1160 esse
1011 1106 1173 1176 quod
1211 1105 1347 1161 velit
1385 1105 1598 1162 facere.

673 1193 804 1249 Jam
841 1207 988 1248 vero
1043 1193 1326 1250 secretius
1383 1194 1561 1250 etiam
1615 1193 1992 1250 considerare
2031 1197 2264 1266 oportet

604 1281 680 1338 de
715 1280 828 1337 illis
865 1281 1134 1354 quinque
1161 1281 1440 1349 millibus,
1484 1283 1644 1338 etde
1674 1283 1766 1338 his
1801 1288 2055 1355 quatuor
2094 1281 2263 1339 milli-

601 1369 740 1427 bus.
783 1370 1114 1443 Quinquies
1154 1371 1312 1427 mille
1360 1377 1501 1427 sunt
1546 1372 1874 1442 imperfecti
1913 1373 1973 1427 in
2013 1372 2257 1428 virtute:

602 1465 816 1532 quater
852 1466 1050 1517 autem
1089 1460 1247 1517 mille
1278 1467 1414 1518 sunt
1442 1461 1837 1534 perfectiores.
1881 1462 2038 1517 Multi
2077 1461 2262 1534 siqui-

601 1549 743 1606 dem
765 1553 982 1606 suntet
1010 1550 1104 1606 isti
1133 1556 1190 1607 et
1216 1551 1298 1606 illi
1330 1567 1342 1608 :
1379 1568 1614 1624 semper
1641 1556 1841 1608 tamen
1864 1551 2259 1623 imperfectio-

601 1645 697 1696 res
745 1654 1000 1696 numero
1056 1641 1298 1697 vincunt
1353 1641 1754 1712 perfectiores.
1816 1641 2010 1697 Edunt
2057 1645 2258 1696 autem

596 1729 769 1802 juxta
807 1729 1126 1796 Christum,
1170 1729 1286 1786 hoc
1324 1737 1410 1786 est
1449 1731 1832 1803 spiritualiter
1867 1729 2202 1801 intelligunt
2241 1746 2255 1786 :

600 1810 1070 1891 imperfectiores
1107 1819 1353 1892 quidem
1392 1821 1678 1893 pauciora
1724 1821 2089 1876 documenta
2126 1835 2260 1892 pro-
2295 1846 2336 1900 Β

601 1911 731 1980 pter
753 1907 1240 1975 imbecillitatem,
1265 1909 1634 1981 perfectiores
1655 1925 1796 1966 vero
1821 1909 1996 1982 plura
2020 1915 2261 1982 propter

601 2011 809 2053 eorum
859 1997 1284 2055 fortitudinem.
1334 2001 1662 2072 Supersunt
1707 2004 1910 2056 tamen
1958 1999 2133 2072 plura
2180 1998 2259 2055 ab

597 2084 1152 2158 imperfectioribus,
1183 2103 1255 2144 eo
1282 2089 1449 2161 quod
1474 2089 1764 2160 pauciora
1795 2089 1978 2145 edant
2010 2103 2022 2143 :
2066 2104 2102 2145 a
2131 2103 2260 2160 per-

599 2174 941 2233 fectioribus
1000 2181 1201 2235 autem
1266 2177 1572 2250 pauciora,
1626 2193 1699 2235 eo
1753 2177 1920 2250 quod
1986 2176 2260 2250 pluribus

599 2263 857 2322 alantur.
1199 2257 1202 2259 ’
1743 2295 1746 2298 ~

671 2357 805 2412 Hmc
845 2370 991 2413 sane
1046 2355 1312 2412 diximus
1361 2372 1474 2413 nos
1523 2355 1850 2427 simplicius
1906 2371 1976 2411 ac
2016 2355 2261 2411 manife-

601 2445 778 2518 stius;
821 2444 919 2502 alii
968 2461 1104 2502 vero
1158 2447 1386 2518 seipsos
1436 2447 1497 2501 in
1545 2444 1783 2501 subtiles
1821 2445 2258 2516 disputationes

599 2533 995 2601 demittentes,
1037 2535 1291 2590 multam
1336 2538 1392 2590 et
1437 2534 1673 2590 anxiam
1722 2539 2146 2590 contraxerunt
2185 2535 2260 2590 de

598 2624 867 2681 minimis
904 2625 1086 2680 rebus
1115 2624 1610 2696 disceptationem
1650 2639 1720 2680 ac
1754 2624 2109 2691 molestiam,
2151 2640 2260 2680 nec

597 2713 659 2769 id
699 2715 761 2769 in
797 2713 1071 2784 praesenti
1109 2717 1346 2768 tantum
1374 2711 1528 2779 loco,
1565 2728 1771 2768 verum
1811 2713 1989 2769 etiam
2027 2714 2088 2768 in
2128 2714 2260 2770 aliis

598 2801 800 2858 multis
819 2800 1417 2868 considerationibus,
1445 2817 1600 2874 quas
1619 2817 1729 2875 pro
1751 2802 2015 2860 molestis
2037 2803 2260 2860 haben-

598 2895 689 2948 tes
727 2890 1259 2962 praetercurrimus.

669 2981 830 3036 Vere.
871 2980 958 3035 39.
994 2980 1074 3036 Et
1098 3011 1166 3021 —
1192 2979 1257 3037 in
1287 2979 1509 3038 navim.
1541 2983 1668 3038 Non
1699 2981 1843 3039 abiit
1882 2983 2132 3055 pedestri
2172 2985 2259 3039 iti-

599 3085 760 3136 nere,
791 3084 867 3126 ne
897 3073 1213 3144 sequentes
1245 3071 1642 3142 gloriﬁcarent
1671 3088 1832 3129 eum.

672 3159 836 3220 Vers.
875 3159 964 3216 39.
994 3161 1078 3217 Et
1103 3189 1172 3205 —
1202 3161 1511 3232 Magdala.
1546 3162 1780 3218 Marcus
1811 3166 2013 3218 autem
2037 3161 2179 3219 dicit
2206 3164 2256 3198 τ’

599 3249 766 3324 quod
806 3250 1010 3307 statim
1037 3250 1238 3307 navim
1267 3249 1571 3323 ingressus
1591 3267 1731 3307 cum
1762 3250 2071 3325 discipulis
2111 3252 2253 3322 suis,

597 3340 760 3397 venit
786 3339 850 3397 in
888 3344 1088 3414 partes
1121 3339 1526 3398 Dalmanutha
1567 3362 1579 3395 :
1621 3346 1944 3414 utrumque
1974 3342 2135 3398 enim
2165 3357 2260 3398 co—

597 3445 740 3488 men
766 3428 934 3502 regio
963 3429 1066 3487 illa
1093 3429 1378 3487 habebat.

669 3521 820 3578 CAP.
852 3520 980 3576 XVI.
1006 3519 1172 3577 Vers.
1201 3519 1228 3572 1
1247 3563 1260 3577 .
1301 3520 1568 3591 Cumque
1591 3520 1966 3577 accessisth
1992 3552 2061 3561 -—
2089 3521 2255 3590 ipsis.

599 3609 700 3668 llic
736 3625 980 3667 rursum
1016 3609 1271 3665 verbum
1300 3607 1537 3684 ἕπερωτῶ
1566 3623 1690 3664 non
1729 3609 2112 3678 interrogare,
2154 3609 2259 3664 sed

599 3697 910 3770 deprecari
947 3696 1265 3766 signiﬁcat,
1305 3704 1370 3751 ut
1408 3696 1817 3768 praediximus.
1859 3698 2106 3766 Signum
2146 3713 2260 3754 au-

601 3790 722 3847 tem
760 3785 836 3842 de
875 3784 1026 3842 caalo
1063 3783 1265 3841 videre
1298 3784 1671 3856 quaarebant,
1714 3786 1878 3858 quod
1917 3786 2259 3858 prodigiose

600 3874 757 3932 circa
792 3873 983 3930 solem
1015 3873 1201 3944 ﬁeret,
1232 3879 1338 3930 aut
1373 3872 1534 3930 circa
1563 3873 1790 3943 lunam,
1826 3881 1928 3931 aut
1954 3875 2016 3931 in
2056 3876 2255 3933 stellis.

601 3965 722 4020 Hoc
759 3977 903 4020 vero
943 3965 1238 4020 tentantes
1287 3962 1642 4034 quaerebant
1689 3980 1706 4018 :
1755 3979 1950 4037 neque
1999 3966 2157 4022 enim
2195 3972 2258 4023 ut

599 4051 923 4116 crederent,
958 4050 1076 4125 sed
1094 4055 1158 4108 ut
1195 4051 1369 4125 quasi
1399 4067 1690 4122 magnum
1720 4054 2254 4124 apprehenderent.

599 4143 665 4198 Et
693 4141 793 4198 alii
816 4157 1061 4215 quoque
1087 4144 1404 4200 tentatores
1431 4147 1568 4198 ante
1593 4141 1706 4198 hos
1735 4142 1972 4214 signum
1999 4143 2073 4199 de
2105 4144 2256 4201 coelo

598 4232 1007 4306 quaesiverunt
1044 4232 1124 4290 ab
1170 4247 1261 4298 eo,
1320 4231 1474 4288 sicut
1522 4231 1806 4288 vicesimo
1854 4234 2022 4289 tertio
2061 4234 2256 4306 capite

596 4322 949 4396 praedictum
970 4326 1076 4395 est,
1112 4327 1168 4379 et
1195 4321 1279 4378 ibi
1312 4321 1494 4378 aliam
1523 4321 1700 4380 etiam
1727 4338 1962 4395 quaeras
1984 4341 2251 4380 causam.

670 4414 829 4468 Vers.
861 4412 914 4467 2.
946 4413 1025 4468 At
1050 4411 1148 4468 ille
1177 4443 1245 4452 —
1269 4411 1367 4468 eis.
1403 4405 1631 4468 Marcus
1663 4413 1710 4446 ⁷³
1742 4429 1884 4469 vero
1914 4413 2059 4469 dixit
2089 4412 2255 4484 quod

597 4503 778 4560 etiam
815 4501 1107 4573 ingemuit
1145 4501 1352 4574 spiritu
1405 4517 1532 4568 suo,
1590 4502 1706 4558 hoc
1744 4508 1848 4567 est,
1888 4501 2182 4570 ingemuit
2220 4518 2255 4558 a

599 4583 836 4664 spiritu,
874 4589 951 4646 ab
983 4589 1204 4660 animo,
1238 4590 1404 4663 quod
1441 4607 1552 4647 nos
1585 4607 1912 4659 possumus
1943 4590 2137 4647 dicere
2177 4591 2255 4648 ab

597 4679 807 4752 intimo
830 4679 1025 4736 cordis
1051 4678 1161 4753 (α’).
1187 4682 1334 4736 Nam
1366 4697 1504 4736 cum
1536 4685 1827 4736 tentantes
1854 4679 2016 4750 ipsos
2036 4695 2254 4749 cogno-

596 4768 805 4833 visset,
825 4767 1114 4841 ingemuit
1138 4774 1377 4843 propter
1402 4767 1795 4825 incurabilem
1820 4766 2059 4824 illorum
2083 4769 2256 4827 mali-

593 4857 763 4924 tiam,
805 4861 861 4913 et
897 4857 1047 4915 dixit
1083 4859 1166 4915 eis
1205 4873 1219 4914 :

665 4949 830 5005 Vers.
869 4947 924 5004 2.
975 4948 1216 5020 Vespere
1251 4977 1321 4988 —
1366 4947 1432 5004 V.
1472 4949 1527 5004 3.
1567 4945 1864 5004 Potestis?
1900 4948 2252 5022 Hypocritas

591 5035 704 5096 hos
730 5037 1082 5107 nominavit,
1112 5053 1237 5096 non
1265 5035 1461 5094 solum
1493 5038 1785 5108 tanquam
1813 5036 1930 5096 alia
1962 5038 2248 5107 dicentes,

661 5164 712 5202 ⁷³
740 5165 912 5224 Marc.
940 5177 1059 5231 vui,
1093 5166 1178 5220 to.
1256 5161 1304 5197 ’⁸³
1328 5158 1480 5217 Ibid.
1511 5161 1596 5216 12.

2384 592 2480 634 της
2544 573 2786 645 ἐκατέρου
2846 574 3110 644 θαύματος
3162 575 3372 643 μνήμην
3431 569 3789 634 ἀνεξάλειπτον
3861 592 3992 626 συν-

2382 667 2618 738 τηρήσῃ.

2453 845 2554 893 Καὶ
2596 840 2786 913 τρόπον
2841 841 3007 912 ἕτερον
3056 838 3229 892 πάλιν·
3267 837 3400 893 Ἐκεῖ
3448 841 3538 912 μὲν
3586 843 3708 902 τοὺς
3745 846 3988 914 κοφίνους

2381 927 2690 1001 ἰσαρίθμους
2737 937 2842 990 τοῖς
2871 928 3184 989 ἀποστόλοις
3231 927 3491 987 ἐποίησεν·
3548 928 3770 983 ἐνταῦθα
3807 927 3867 983 ὀὶ
3896 935 3988 993 τὰς

2378 1015 2639 1090 σπυρίδας
2673 1018 2985 1093 ἰσαρίθμους
3024 1025 3133 1079 τοῖς
3184 1019 3381 1091 ἄρτοις
3431 1014 3704 1071 διδάσκων
3734 1019 3981 1092 ἐντεῦθεν,

2373 1107 2452 1159 ὅτι
2474 1107 2599 1180 ῥᾷον
2630 1107 2770 1178 αὐτῷ
2802 1115 2983 1178 ποιεῖν,
3012 1107 3094 1160 οἷα
3125 1105 3390 1180 βούλεται.

2443 1201 2558 1269 Χρὴ
2593 1193 2627 1248 δ
2631 1201 2652 1249 ‘s
2679 1196 2855 1248 λοιπόν
2886 1202 2972 1249 καὶ
2996 1203 3384 1272 μυστικώτερον
3413 1195 3665 1272 έπιθεωρῆ
3676 1216 3762 1249 σαι
3786 1203 3906 1269 περί
3927 1219 3982 1251 τε

2370 1292 2471 1336 τῶν
2495 1285 2938 1358 πεντακισχιλίων
2954 1289 3154 1338 ἑκείνων
3173 1291 3262 1338 καὶ
3284 1291 3401 1360 περὶ
3421 1295 3521 1337 τῶν
3545 1286 3983 1360 τετρακισχιλίων

2369 1377 2582 1430 τούτων.
2621 1375 3052 1446 Πεντακισχίλιοι
3105 1380 3194 1447 μέν
3227 1375 3356 1428 εἰσιν
3389 1378 3436 1427 οἰ
3492 1375 3812 1449 ἀτελέστεροι
3850 1380 3982 1450 πρός

2369 1460 2578 1534 ἀρετὴν,
2631 1464 3050 1539 τετρακισχίλιοι
3093 1461 3151 1516 δὲ
3187 1467 3235 1517 οἰ
3288 1464 3614 1538 τελειότεροι.
3667 1464 3852 1517 Πολλοὶ
3890 1470 3982 1538 μέν

2368 1554 2469 1625 γὰρ
2527 1557 2616 1605 καὶ
2663 1554 2807 1606 οὗτοι
2846 1552 3092 1606 κάκεῖνοι·
3157 1553 3380 1615 πλείονες
3435 1550 3494 1606 δὴ
3543 1553 3619 1606 ἀεὶ
3669 1556 3716 1606 οἱ
3765 1553 3984 1607 ἀτελέσ-

2368 1659 2506 1714 τεροι
2536 1651 2635 1693 τῶν
2689 1642 3026 1716 τελειοτέρων.
3083 1643 3355 1695 Ἐσθίουσι
3413 1639 3472 1695 δε
3520 1646 3656 1695 κατά
3726 1647 3979 1716 Χριστόν,

2367 1735 2658 1801 τουτέστιν,
2709 1741 2888 1785 νοουσι
2967 1741 3338 1805 πνευματικῶς,
3400 1735 3449 1784 οἱ
3508 1736 3598 1804 μεν
3658 1732 3983 1809 ἁτελέστερόι

2368 1818 2613 1872 ἐλάττονα
2719 1826 2957 1894 νοήματα
3036 1819 3112 1874 δι’
3187 1821 3449 1874 ἀσθένειαν

2370 1904 2428 1960 δὴ
2483 1908 2781 1985 τελειότεροι
2840 1909 3046 1964 πλείονα
3111 1907 3188 1964 δι’
3244 1911 3552 1964 εὐσθένειανο
3611 1915 3980 1985 περιττεύουσι

3561 1829 3653 1874 τοῦ
3744 1830 3857 1886 νοῦ,
3929 1826 3981 1876 οἱ

2370 1995 2428 2049 δε
2479 1997 2580 2051 ἀπὸ
2663 2001 2753 2071 μὶν
2809 2009 2909 2052 τῶν
2980 1998 3317 2076 ἀτελεστέρων
3396 2000 3601 2054 πλείονα
3685 1997 3757 2054 δι’
3808 2001 3980 2074 ὀλιγο-

2367 2092 2596 2160 τροφίαν,
2629 2085 2830 2158 amem
2859 2098 2958 2142 τῶν
3010 2089 3321 2164 τελειοτέρων
3367 2087 3624 2143 ἐλάσσονα
3671 2085 3764 2143 διὰ
3816 2091 3982 2144 πολυ-

2368 2181 2609 2249 τροφίαν.

2439 2360 2616 2406 Ταῦτα
2671 2357 2761 2427 μεν
2801 2351 2888 2407 οὖν
2942 2355 3216 2430 εἰρήκαμεν
3284 2358 3432 2429 ἡμεῖς
3485 2355 3826 2430 ἁπλούστερον
3883 2363 3973 2410 καὶ

2907 2444 3088 2498 ’Ἄλλοι

2367 2531 2612 2604 λεπτολογ
2620 2538 2723 2603 ίαν,
2789 2533 2980 2592 πολλὴν

2373 2450 2831 2517 συνοπτικωτερον.
2907 2444 3088 2498 ’Ἄλλοι
3164 2443 3242 2509 δε,
3320 2449 3550 2508 καθέντες
3631 2447 3838 2506 έαυτοὺς
3896 2447 3969 2509 εἰς

3057 2537 3372 2608 ίπεσύραντο
3449 2535 3811 2608 σμικρολογίαν
3879 2539 3972 2587 καὶ

2370 2618 2583 2687 ἀηδίαν,
2635 2621 2728 2674 οὐκ
2777 2623 2861 2675 ἐπὶ
2927 2631 3017 2676 τοῦ
3070 2629 3322 2698 παρόντος
3380 2631 3550 2698 μόνον,
3598 2624 3725 2677 ἀλλά
3779 2631 3871 2678 καὶ
3925 2625 3973 2677 έν

2367 2711 2573 2772 πολλοῖς
2603 2711 2776 2774 οἰλλοις
2817 2714 3169 2787 θεωρήμασιν,
3201 2715 3330 2790 οἷπερ
3385 2715 3602 2782 ἑκόντες,
3647 2718 3716 2777 ὡς
3743 2715 3972 2789 ὀχληρὰ,

2366 2807 2786 2877 παρατρέχομεν.

2441 3003 2540 3051 Καὶ
2570 3029 2639 3040 —
2667 2997 2863 3051 πλοῖον.
2905 2999 3016 3052 Οὔκ
3046 2997 3242 3059 ἀπῆλθε
3272 3001 3516 3066 πεζεύων,
3559 3001 3641 3052 ἵνα
3660 3006 3732 3074 μὴ
3758 3000 3974 3056 ἀκολου-

2369 3090 2574 3148 θοῦντες
2606 3084 2901 3150 δοξάζωσιν
2934 3089 3106 3141 αὐτόν.

2440 3183 2540 3230 Καὶ
2571 3174 2853 3248 Μαγδαλά.
2893 3181 3098 3251 Μάρκος
3130 3174 3187 3230 δέ
3214 3196 3388 3250 φησιν,
3423 3178 3502 3230 ὅτι
3532 3183 3617 3230 καὶ
3648 3179 3759 3250 (15)
3783 3180 3971 3244 εὐθέως

2365 3267 2525 3340 έμϐἀς
2559 3266 2630 3327 εἰς
2651 3270 2706 3319 τό
2739 3267 2911 3319 πλοῖον
2942 3270 3074 3340 μετά
3107 3275 3204 3320 τῶν
3229 3267 3475 3339 μαθητῶν
3505 3266 3685 3335 αὐτοῦ,
3727 3263 3877 3326 ἢλθεν
3904 3270 3974 3332 εἰς

2366 3358 2431 3408 τὰ
2456 3360 2585 3428 μέρη
2614 3354 2971 3428 Δαλμανουθά.
3008 3361 3108 3411 Καὶ
3130 3355 3420 3433 ἀμφοτέρας
3436 3357 3538 3432 γὰρ
3566 3360 3659 3420 τάς
3681 3355 3974 3434 ἐπωνυμίας

2365 3443 2504 3516 εἶχεν
2539 3446 2567 3502 ἠ
2603 3449 2758 3517 χώρα
2788 3443 2974 3504 έκείνη.

2438 3538 2537 3586 Kal
2569 3533 2936 3605 προσελθόντες
2977 3565 3043 3576 -
3083 3535 3274 3595 αὐτοῖς.
3317 3565 3383 3576 -
3415 3536 3818 3611 Ἐπηρώτησαν,
3856 3537 3972 3592 ἀντὶ

2365 3628 2473 3686 τοῦ,
2537 3623 2921 3696 Παρεκάλεσαν,
2977 3626 3042 3684 ὡς
3093 3628 3490 3697 προειρήκαμεν.
3552 3631 3767 3696 Σημεῖον
3821 3623 3881 3678 δὲ
3919 3625 3974 3688 ἐξ

2363 3709 2583 3785 οὐρανοῦ
2670 3710 2887 3772 ἐζήτουν
2967 3707 3112 3776 ἰδεῖν,
3196 3713 3695 3785 τερατουργούμενον
3757 3715 3786 3770 ἣ
3849 3718 3967 3786 περὶ

2362 3802 2448 3851 τὸν
2490 3799 2654 3869 ἣλιον,
2693 3802 2722 3859 ἢ
2769 3805 2884 3875 περὶ
2924 3803 3014 3857 τὴν
3071 3797 3304 3869 σελήνην,
3340 3798 3369 3857 ἣ
3403 3803 3521 3872 περί
3552 3802 3672 3860 τοὺς
3720 3797 3964 3874 ἀστέρας.

2367 3888 2614 3949 Ἐζήτουν
2697 3886 2758 3942 δε
2823 3895 2975 3942 τοῦτο
3030 3888 3372 3964 πειράζοντες·
3435 3886 3494 3940 οὐ
3541 3907 3642 3961 γαρ
3697 3888 3795 3961 [ἵνα
3842 3907 3972 3940 πισ-

2363 3981 2642 4042 τεύσωσιν,
2702 3976 2806 4029 ἀλλ’
2869 3979 2951 4030 ἶνα
3004 3976 3342 4030 ἐπιλάϐωνται
3430 3977 3588 4029 αὐτοῦ
3635 3979 3704 4039 ὡς
3753 3980 3970 4048 γόητος.

2366 4070 2466 4118 Kal
2518 4065 2664 4118 ἄλλοι
2709 4063 2770 4119 δε
2799 4069 2898 4140 πρὸ
2947 4070 3143 4121 τούτων
3171 4070 3451 4142 πειρασταὶ
3485 4073 3698 4138 σημεῖον
3734 4065 3788 4128 ἕξ
3818 4065 3976 4139 οὖρα-

2360 4161 2450 4206 νοῦ
2503 4153 2766 4215 ἐζήτησαν
2821 4153 2907 4207 ἀπ’
2972 4157 3152 4221 αὑτοῦ,
3203 4159 3266 4216 ὡς
3331 4155 3378 4206 έν
3437 4161 3509 4225 τῷ
3556 4154 3772 4225 εἰκοστῷ
3809 4158 3976 4228 τρίτῳ

2362 4242 2621 4316 κεφαλαίῳ
2668 4249 3068 4318 προειρήκαμεν,
3120 4249 3220 4298 Καὶ
3268 4245 3500 4305 ζήτησον
3554 4241 3658 4296 ἐκεῖ
3694 4246 3783 4295 καὶ
3813 4241 3976 4300 ἄλλην

2363 4353 2556 4386 αιτιαν.

2429 4421 2489 4474 ’0
2521 4417 2580 4474 δὴ
2601 4452 2669 4461 -
2701 4422 2892 4486 αὐτοῖς.
2923 4422 2981 4476 Ὀ
3013 4420 3072 4476 δί
3101 4425 3312 4499 Μάρκος
3344 4419 3501 4490 εἶπεν,
3534 4423 3614 4476 ὅτι
3643 4426 3733 4474 καὶ
3755 4419 3977 4474 ἀναστε-

2361 4510 2512 4573 νάξας
2543 4518 2615 4580 τῷ
2644 4514 2896 4584 πνεύματι
2919 4511 3101 4578 αὐτοῦ,
3129 4511 3285 4582 λέγει,
3310 4515 3576 4564 τουτέστιν
3608 4509 3723 4581 (16)
3747 4508 3976 4562 ἀποστε-

2361 4600 2518 4662 νοῖξας
2547 4598 2647 4652 ἀπὸ
2679 4608 2769 4652 τοῦ
2814 4603 3122 4672 πνεύματος,
3167 4599 3267 4652 ἀπὸ
3298 4608 3392 4662 τῆς
3421 4599 3623 4672 ψυχῆς,
3681 4599 3707 4651 ὃ
3754 4598 3972 4670 λέγομεν

2365 4692 2534 4762 ἡμεῖς,
2562 4687 2664 4741 ἀπό
2716 4687 2936 4762 βάθους,
2972 4689 3072 4742 ἀπό
3130 4685 3382 4761 καρδίας.
3441 4693 3592 4750 Γνοὺς
3637 4691 3739 4760 γὰρ
3776 4687 3970 4749 αὐτοὺς

2361 4780 2723 4854 πειράζοντας,
2759 4778 3085 4841 ἁνεστέναξεν
3113 4775 3198 4831 ἐπὶ
3217 4783 3280 4850 τῇ
3307 4775 3501 4848 ἀνιάτω
3522 4781 3748 4852 πονηρίᾳ
3770 4775 3964 4847 αὐτῶν,

2361 4887 2452 4920 και
2481 4886 2614 4920 ειπεν
2638 4886 2834 4931 αυτοιςο

2432 4955 2625 5028 Ὀψίας
2669 4987 2740 4998 ——
2791 4951 3065 5022 δύνασθε;
3105 4953 3413 5030 Ὑποκριτὰς
3464 4953 3656 5018 αὐτοὺς
3700 4957 3968 5027 ὠνόμασεν

2360 5043 2418 5098 οὐ
2460 5049 2612 5120 μόνον
2669 5047 2733 5109 ὡς
2781 5045 2912 5100 οῖλλα
2961 5047 3052 5120 μὶν
3107 5044 3372 5119 λέγοντας,
3420 5043 3552 5100 ἄλλα
3613 5039 3673 5098 δὲ
3726 5051 3970 5122 φρονοῦν·

1811 5345 2402 5421 νοτὶωὶθοείοηθε-
2432 5363 2498 5422 et
2532 5362 2714 5423 notas

659 5541 773 5614 (15)
804 5541 929 5608 Καὶ,
960 5535 1149 5597 abest.
1177 5540 1248 5596 Δ.

2435 5550 2550 5626 (16)
2587 5552 2979 5621 ’Δναστενάεαςο
3012 5558 3080 5612 Δ.

658 5716 744 5790 (ω)
773 5715 867 5773 Ab
897 5715 1108 5773 intimo
1137 5713 1352 5777 cordis.
1383 5718 1626 5779 Videtur
1654 5737 1796 5795 ergo
1826 5725 2077 5782 alterum
2110 5720 2210 5781 ἀπό
2263 5724 2327 5787 in
2356 5745 2465 5788 suo
2496 5733 2697 5793 codice
2726 5749 2851 5794 non
2879 5733 3198 5810 reperisse;
