  <div class='ocr_page' id='page_1' title='image "/cluster/home/n/w/nwhite01/storage/ocr_20150623/129/hvd.32044019208511/254.png"; bbox 0 0 4176 6450; ppageno 0'>
   <div class='ocr_carea' id='block_1_1' title="bbox 179 371 3570 441">
    <p class='ocr_par' dir='ltr' id='par_1_1' title="bbox 179 371 3570 441">
     <span class='ocr_line' id='line_1_1' title="bbox 179 371 3570 441; baseline -0.001 -1"><span class='ocrx_word' id='word_1_1' title='bbox 179 371 288 441; x_wconf 70' lang='lat' dir='ltr'><strong>tot</strong></span> <span class='ocrx_word' id='word_1_2' title='bbox 1153 373 1529 441; x_wconf 87' lang='lat' dir='ltr'><strong>COMMENT.</strong></span> <span class='ocrx_word' id='word_1_3' title='bbox 1569 374 1642 437; x_wconf 86' lang='lat' dir='ltr'><strong>IN</strong></span> <span class='ocrx_word' id='word_1_4' title='bbox 1681 371 2135 438; x_wconf 74' lang='lat' dir='ltr'><strong>MATTHEUM.</strong></span> <span class='ocrx_word' id='word_1_5' title='bbox 2173 410 2242 420; x_wconf 97' lang='lat'><strong><em>—</em></strong></span> <span class='ocrx_word' id='word_1_6' title='bbox 2273 373 2438 438; x_wconf 84' lang='lat' dir='ltr'><strong>CAP.</strong></span> <span class='ocrx_word' id='word_1_7' title='bbox 2477 376 2625 435; x_wconf 85' lang='lat' dir='ltr'><strong>XVI.</strong></span> <span class='ocrx_word' id='word_1_8' title='bbox 3461 383 3570 440; x_wconf 75' lang='lat'><strong>462</strong></span> 
     </span>
    </p>
   </div>
   <div class='ocr_carea' id='block_1_2' title="bbox 177 503 1782 582">
    <p class='ocr_par' dir='ltr' id='par_1_2' title="bbox 177 503 1780 582">
     <span class='ocr_line' id='line_1_2' title="bbox 177 503 1780 582; baseline -0.003 -18"><span class='ocrx_word' id='word_1_9' title='bbox 177 529 299 579; x_wconf 91' lang='grc' dir='ltr'>τας,</span> <span class='ocrx_word' id='word_1_10' title='bbox 361 507 497 560; x_wconf 75' lang='grc' dir='ltr'>ἀλλὰ</span> <span class='ocrx_word' id='word_1_11' title='bbox 543 512 631 560; x_wconf 76' lang='grc' dir='ltr'>καὶ</span> <span class='ocrx_word' id='word_1_12' title='bbox 695 509 762 570; x_wconf 80' lang='grc' dir='ltr'>ὡς</span> <span class='ocrx_word' id='word_1_13' title='bbox 824 505 1104 570; x_wconf 75' lang='grc' dir='ltr'><strong>δοκοῦντας</strong></span> <span class='ocrx_word' id='word_1_14' title='bbox 1152 513 1242 582; x_wconf 76' lang='grc' dir='ltr'><strong>μεν</strong></span> <span class='ocrx_word' id='word_1_15' title='bbox 1289 511 1497 581; x_wconf 75' lang='grc' dir='ltr'>σοφοὺς,</span> <span class='ocrx_word' id='word_1_16' title='bbox 1547 511 1695 569; x_wconf 81' lang='grc' dir='ltr'>ὄντας</span> <span class='ocrx_word' id='word_1_17' title='bbox 1744 503 1780 559; x_wconf 91' lang='grc' dir='ltr'><strong>δ</strong></span> 
     </span>
    </p>
   </div>
   <div class='ocr_carea' id='block_1_3' title="bbox 1882 503 3584 582">
    <p class='ocr_par' dir='ltr' id='par_1_3' title="bbox 1912 503 3584 576">
     <span class='ocr_line' id='line_1_3' title="bbox 1912 503 3584 576; baseline 0 -14"><span class='ocrx_word' id='word_1_18' title='bbox 1912 509 1968 562; x_wconf 90' lang='lat' dir='ltr'><strong>et</strong></span> <span class='ocrx_word' id='word_1_19' title='bbox 1993 505 2113 562; x_wconf 89' lang='lat' dir='ltr'><strong>alia</strong></span> <span class='ocrx_word' id='word_1_20' title='bbox 2134 505 2472 570; x_wconf 86' lang='lat' dir='ltr'><strong>sentientes,</strong></span> <span class='ocrx_word' id='word_1_21' title='bbox 2498 519 2702 561; x_wconf 86' lang='lat' dir='ltr'><strong>verum</strong></span> <span class='ocrx_word' id='word_1_22' title='bbox 2734 503 2914 562; x_wconf 90' lang='lat' dir='ltr'><strong>etiam</strong></span> <span class='ocrx_word' id='word_1_23' title='bbox 2952 507 3247 576; x_wconf 77' lang='lat' dir='ltr'><strong>tanquam</strong></span> <span class='ocrx_word' id='word_1_24' title='bbox 3275 505 3584 565; x_wconf 76' lang='lat' dir='ltr'><strong>habentes.</strong></span> 
     </span>
    </p>
   </div>
   <div class='ocr_carea' id='block_1_4' title="bbox 175 593 1782 672">
    <p class='ocr_par' dir='ltr' id='par_1_4' title="bbox 175 597 1782 672">
     <span class='ocr_line' id='line_1_4' title="bbox 175 597 1782 672; baseline -0.004 -19"><span class='ocrx_word' id='word_1_25' title='bbox 175 599 444 672; x_wconf 71' lang='grc' dir='ltr'>ἀσόφους.</span> <span class='ocrx_word' id='word_1_26' title='bbox 499 601 653 669; x_wconf 71' lang='grc' dir='ltr'>Λέγει</span> <span class='ocrx_word' id='word_1_27' title='bbox 709 603 899 664; x_wconf 85' lang='grc' dir='ltr'><strong>τοίνυν,</strong></span> <span class='ocrx_word' id='word_1_28' title='bbox 959 601 1040 650; x_wconf 86' lang='grc' dir='ltr'>ὅτι</span> <span class='ocrx_word' id='word_1_29' title='bbox 1086 603 1178 657; x_wconf 71' lang='grc' dir='ltr'>τὴν</span> <span class='ocrx_word' id='word_1_30' title='bbox 1223 602 1312 671; x_wconf 73' lang='grc' dir='ltr'><strong>μεν</strong></span> <span class='ocrx_word' id='word_1_31' title='bbox 1365 597 1659 670; x_wconf 78' lang='grc' dir='ltr'>ίπιφάνειαν</span> <span class='ocrx_word' id='word_1_32' title='bbox 1712 616 1782 648; x_wconf 79' lang='grc' dir='ltr'><strong>τοι</strong></span> 
     </span>
    </p>
   </div>
   <div class='ocr_carea' id='block_1_5' title="bbox 1882 593 3584 672">
    <p class='ocr_par' dir='ltr' id='par_1_5' title="bbox 1915 593 3584 667">
     <span class='ocr_line' id='line_1_5' title="bbox 1915 593 3584 667; baseline -0.001 -18"><span class='ocrx_word' id='word_1_33' title='bbox 1915 611 1976 650; x_wconf 92' lang='lat' dir='ltr'><strong>se</strong></span> <span class='ocrx_word' id='word_1_34' title='bbox 2007 611 2117 667; x_wconf 92' lang='lat' dir='ltr'><strong>pro</strong></span> <span class='ocrx_word' id='word_1_35' title='bbox 2164 593 2553 666; x_wconf 75' lang='lat' dir='ltr'><strong>sapientibus,</strong></span> <span class='ocrx_word' id='word_1_36' title='bbox 2609 596 2748 650; x_wconf 84' lang='lat' dir='ltr'><strong>eum</strong></span> <span class='ocrx_word' id='word_1_37' title='bbox 2787 598 2982 649; x_wconf 81' lang='lat' dir='ltr'><strong>essent</strong></span> <span class='ocrx_word' id='word_1_38' title='bbox 3025 594 3391 665; x_wconf 81' lang='lat' dir='ltr'><strong>insipientes.</strong></span> <span class='ocrx_word' id='word_1_39' title='bbox 3419 596 3584 654; x_wconf 93' lang='lat' dir='ltr'><strong>Dicit.</strong></span> 
     </span>
    </p>
   </div>
   <div class='ocr_carea' id='block_1_6' title="bbox 172 682 1782 762">
    <p class='ocr_par' dir='ltr' id='par_1_6' title="bbox 172 683 1776 762">
     <span class='ocr_line' id='line_1_6' title="bbox 172 683 1776 762; baseline -0.003 -20"><span class='ocrx_word' id='word_1_40' title='bbox 172 689 414 762; x_wconf 75' lang='grc' dir='ltr'>οὐρανοῦ</span> <span class='ocrx_word' id='word_1_41' title='bbox 472 693 754 758; x_wconf 71' lang='grc' dir='ltr'><strong>γινώσκετε</strong></span> <span class='ocrx_word' id='word_1_42' title='bbox 813 684 1117 761; x_wconf 74' lang='grc' dir='ltr'><strong>διακρίνειν,</strong></span> <span class='ocrx_word' id='word_1_43' title='bbox 1170 693 1290 742; x_wconf 91' lang='grc' dir='ltr'>πότε</span> <span class='ocrx_word' id='word_1_44' title='bbox 1342 691 1430 760; x_wconf 73' lang='grc' dir='ltr'><strong>μεν</strong></span> <span class='ocrx_word' id='word_1_45' title='bbox 1481 683 1658 739; x_wconf 75' lang='grc' dir='ltr'>εὐδίαν</span> <span class='ocrx_word' id='word_1_46' title='bbox 1708 683 1776 744; x_wconf 85' lang='grc' dir='ltr'>δη</span> 
     </span>
    </p>
   </div>
   <div class='ocr_carea' id='block_1_7' title="bbox 1882 682 3581 762">
    <p class='ocr_par' dir='ltr' id='par_1_7' title="bbox 1911 682 3581 756">
     <span class='ocr_line' id='line_1_7' title="bbox 1911 682 3581 756; baseline 0.001 -16"><span class='ocrx_word' id='word_1_47' title='bbox 1911 699 2051 756; x_wconf 85' lang='lat' dir='ltr'><strong>ergo</strong></span> <span class='ocrx_word' id='word_1_48' title='bbox 2088 703 2099 742; x_wconf 93' lang='lat'>:</span> <span class='ocrx_word' id='word_1_49' title='bbox 2128 683 2554 755; x_wconf 82' lang='lat' dir='ltr'><strong>Apparentiam</strong></span> <span class='ocrx_word' id='word_1_50' title='bbox 2585 700 2622 738; x_wconf 90' lang='lat' dir='ltr'><strong>a</strong></span> <span class='ocrx_word' id='word_1_51' title='bbox 2679 682 2828 738; x_wconf 68' lang='lat' dir='ltr'><strong>caelo</strong></span> <span class='ocrx_word' id='word_1_52' title='bbox 2862 682 2945 754; x_wconf 70' lang='grc' dir='ltr'><strong>(ῃ)</strong></span> <span class='ocrx_word' id='word_1_53' title='bbox 2979 684 3166 737; x_wconf 81' lang='lat' dir='ltr'><strong>nostis</strong></span> <span class='ocrx_word' id='word_1_54' title='bbox 3210 683 3581 755; x_wconf 61' lang='lat' dir='ltr'><strong>dijudicare,</strong></span> 
     </span>
    </p>
   </div>
   <div class='ocr_carea' id='block_1_8' title="bbox 169 771 1782 850">
    <p class='ocr_par' dir='ltr' id='par_1_8' title="bbox 169 774 1782 850">
     <span class='ocr_line' id='line_1_8' title="bbox 169 774 1782 850; baseline -0.004 -19"><span class='ocrx_word' id='word_1_55' title='bbox 169 780 276 847; x_wconf 85' lang='grc' dir='ltr'>λοῖ,</span> <span class='ocrx_word' id='word_1_56' title='bbox 336 782 469 830; x_wconf 88' lang='grc' dir='ltr'>πότε</span> <span class='ocrx_word' id='word_1_57' title='bbox 523 774 583 829; x_wconf 68' lang='grc' dir='ltr'>δξ</span> <span class='ocrx_word' id='word_1_58' title='bbox 643 785 900 850; x_wconf 76' lang='grc' dir='ltr'>χειμῶναο</span> <span class='ocrx_word' id='word_1_59' title='bbox 961 780 1027 829; x_wconf 77' lang='grc' dir='ltr'>τὰ</span> <span class='ocrx_word' id='word_1_60' title='bbox 1075 774 1134 830; x_wconf 73' lang='grc' dir='ltr'><strong>δε</strong></span> <span class='ocrx_word' id='word_1_61' title='bbox 1193 784 1385 849; x_wconf 80' lang='grc' dir='ltr'>σημεῖα</span> <span class='ocrx_word' id='word_1_62' title='bbox 1445 785 1544 828; x_wconf 85' lang='grc' dir='ltr'>τῶν</span> <span class='ocrx_word' id='word_1_63' title='bbox 1610 783 1782 849; x_wconf 71' lang='grc' dir='ltr'>καιρώτ</span> 
     </span>
    </p>
   </div>
   <div class='ocr_carea' id='block_1_9' title="bbox 1882 771 3564 850">
    <p class='ocr_par' dir='ltr' id='par_1_9' title="bbox 1911 771 3564 846">
     <span class='ocr_line' id='line_1_9' title="bbox 1911 771 3564 846; baseline 0.001 -18"><span class='ocrx_word' id='word_1_64' title='bbox 1911 773 2158 846; x_wconf 81' lang='lat' dir='ltr'><strong>quando</strong></span> <span class='ocrx_word' id='word_1_65' title='bbox 2182 771 2566 828; x_wconf 81' lang='lat' dir='ltr'><strong>serenitatem</strong></span> <span class='ocrx_word' id='word_1_66' title='bbox 2599 772 2844 838; x_wconf 88' lang='lat' dir='ltr'><strong>indicat,</strong></span> <span class='ocrx_word' id='word_1_67' title='bbox 2876 776 2934 828; x_wconf 90' lang='lat' dir='ltr'><strong>et</strong></span> <span class='ocrx_word' id='word_1_68' title='bbox 2963 771 3212 844; x_wconf 83' lang='lat' dir='ltr'><strong>quando</strong></span> <span class='ocrx_word' id='word_1_69' title='bbox 3254 777 3564 845; x_wconf 84' lang='lat' dir='ltr'><strong>tempesta-</strong></span> 
     </span>
    </p>
   </div>
   <div class='ocr_carea' id='block_1_10' title="bbox 176 862 1782 942">
    <p class='ocr_par' dir='ltr' id='par_1_10' title="bbox 176 863 1777 942">
     <span class='ocr_line' id='line_1_10' title="bbox 176 863 1777 942; baseline -0.003 -21"><span class='ocrx_word' id='word_1_70' title='bbox 176 869 232 921; x_wconf 77' lang='grc' dir='ltr'><strong>οῦ</strong></span> <span class='ocrx_word' id='word_1_71' title='bbox 295 865 541 921; x_wconf 82' lang='grc' dir='ltr'><strong>δύνασθε</strong></span> <span class='ocrx_word' id='word_1_72' title='bbox 599 863 911 938; x_wconf 73' lang='grc' dir='ltr'><strong>διακρίνειν,</strong></span> <span class='ocrx_word' id='word_1_73' title='bbox 978 867 1038 919; x_wconf 83' lang='grc' dir='ltr'><strong>Εἰ</strong></span> <span class='ocrx_word' id='word_1_74' title='bbox 1088 871 1188 942; x_wconf 83' lang='grc' dir='ltr'><strong>γὰρ</strong></span> <span class='ocrx_word' id='word_1_75' title='bbox 1244 868 1333 925; x_wconf 81' lang='grc' dir='ltr'>ἤτε</span> <span class='ocrx_word' id='word_1_76' title='bbox 1387 871 1575 938; x_wconf 73' lang='grc' dir='ltr'>σοφοὶ,</span> <span class='ocrx_word' id='word_1_77' title='bbox 1627 864 1777 936; x_wconf 74' lang='grc' dir='ltr'>ἕγινώ</span> 
     </span>
    </p>
   </div>
   <div class='ocr_carea' id='block_1_11' title="bbox 1882 862 3562 942">
    <p class='ocr_par' dir='ltr' id='par_1_11' title="bbox 1911 862 3562 934">
     <span class='ocr_line' id='line_1_11' title="bbox 1911 862 3562 934; baseline 0.001 -16"><span class='ocrx_word' id='word_1_78' title='bbox 1911 867 2029 918; x_wconf 91' lang='lat' dir='ltr'><strong>tem</strong></span> <span class='ocrx_word' id='word_1_79' title='bbox 2047 880 2059 917; x_wconf 89' lang='lat'>:</span> <span class='ocrx_word' id='word_1_80' title='bbox 2076 863 2250 932; x_wconf 88' lang='lat' dir='ltr'><strong>signa</strong></span> <span class='ocrx_word' id='word_1_81' title='bbox 2263 878 2402 917; x_wconf 90' lang='lat' dir='ltr'><strong>vero</strong></span> <span class='ocrx_word' id='word_1_82' title='bbox 2420 867 2755 933; x_wconf 86' lang='lat' dir='ltr'><strong>temporum</strong></span> <span class='ocrx_word' id='word_1_83' title='bbox 2779 877 2900 917; x_wconf 91' lang='lat' dir='ltr'><strong>non</strong></span> <span class='ocrx_word' id='word_1_84' title='bbox 2916 863 3157 932; x_wconf 86' lang='lat' dir='ltr'><strong>potestis</strong></span> <span class='ocrx_word' id='word_1_85' title='bbox 3184 862 3268 934; x_wconf 87' lang='lat' dir='ltr'><strong>dij</strong></span> <span class='ocrx_word' id='word_1_86' title='bbox 3281 863 3520 922; x_wconf 86' lang='lat' dir='ltr'><strong>udicare</strong></span> <span class='ocrx_word' id='word_1_87' title='bbox 3535 865 3562 919; x_wconf 87' lang='lat'><strong>?</strong></span> 
     </span>
    </p>
   </div>
   <div class='ocr_carea' id='block_1_12' title="bbox 181 950 1782 1028">
    <p class='ocr_par' dir='ltr' id='par_1_12' title="bbox 181 955 1782 1028">
     <span class='ocr_line' id='line_1_12' title="bbox 181 955 1782 1028; baseline -0.002 -18"><span class='ocrx_word' id='word_1_88' title='bbox 181 977 334 1011; x_wconf 87' lang='grc' dir='ltr'>σκετε</span> <span class='ocrx_word' id='word_1_89' title='bbox 397 958 491 1024; x_wconf 80' lang='grc' dir='ltr'>ἄν,</span> <span class='ocrx_word' id='word_1_90' title='bbox 521 957 602 1008; x_wconf 82' lang='grc' dir='ltr'>ὅτι</span> <span class='ocrx_word' id='word_1_91' title='bbox 655 960 808 1008; x_wconf 84' lang='grc' dir='ltr'>ταυτὶ</span> <span class='ocrx_word' id='word_1_92' title='bbox 867 959 955 1028; x_wconf 74' lang='grc' dir='ltr'><strong>μεν</strong></span> <span class='ocrx_word' id='word_1_93' title='bbox 1022 959 1088 1008; x_wconf 81' lang='grc' dir='ltr'><strong>τὰ</strong></span> <span class='ocrx_word' id='word_1_94' title='bbox 1119 955 1167 1008; x_wconf 97' lang='lat' dir='ltr'><strong>iv</strong></span> <span class='ocrx_word' id='word_1_95' title='bbox 1223 964 1285 1028; x_wconf 73' lang='grc' dir='ltr'>τῇ</span> <span class='ocrx_word' id='word_1_96' title='bbox 1339 962 1406 1028; x_wconf 68' lang='grc' dir='ltr'>γῇ</span> <span class='ocrx_word' id='word_1_97' title='bbox 1469 963 1662 1027; x_wconf 81' lang='grc' dir='ltr'>σημεῖα</span> <span class='ocrx_word' id='word_1_98' title='bbox 1709 963 1782 1006; x_wconf 62' lang='grc' dir='ltr'><strong>τοί</strong></span> 
     </span>
    </p>
   </div>
   <div class='ocr_carea' id='block_1_13' title="bbox 1882 950 3582 1028">
    <p class='ocr_par' dir='ltr' id='par_1_13' title="bbox 1911 950 3582 1024">
     <span class='ocr_line' id='line_1_13' title="bbox 1911 950 3582 1024; baseline 0.002 -18"><span class='ocrx_word' id='word_1_99' title='bbox 1911 952 2083 1016; x_wconf 88' lang='lat' dir='ltr'><strong>Quod</strong></span> <span class='ocrx_word' id='word_1_100' title='bbox 2107 952 2155 1006; x_wconf 91' lang='lat' dir='ltr'><strong>si</strong></span> <span class='ocrx_word' id='word_1_101' title='bbox 2168 950 2465 1023; x_wconf 88' lang='lat' dir='ltr'><strong>sapientes</strong></span> <span class='ocrx_word' id='word_1_102' title='bbox 2483 951 2711 1018; x_wconf 89' lang='lat' dir='ltr'><strong>essetis,</strong></span> <span class='ocrx_word' id='word_1_103' title='bbox 2735 952 3166 1020; x_wconf 87' lang='lat' dir='ltr'><strong>cognesceretis</strong></span> <span class='ocrx_word' id='word_1_104' title='bbox 3189 954 3386 1024; x_wconf 83' lang='lat' dir='ltr'><strong>utique</strong></span> <span class='ocrx_word' id='word_1_105' title='bbox 3403 953 3582 1024; x_wconf 73' lang='lat' dir='ltr'><strong>quod.</strong></span> 
     </span>
    </p>
   </div>
   <div class='ocr_carea' id='block_1_14' title="bbox 185 1039 1782 1121">
    <p class='ocr_par' dir='ltr' id='par_1_14' title="bbox 185 1040 1782 1121">
     <span class='ocr_line' id='line_1_14' title="bbox 185 1040 1782 1121; baseline -0.002 -22"><span class='ocrx_word' id='word_1_106' title='bbox 185 1053 443 1121; x_wconf 77' lang='grc' dir='ltr'><strong>παρόντος</strong></span> <span class='ocrx_word' id='word_1_107' title='bbox 525 1044 629 1097; x_wconf 83' lang='grc' dir='ltr'>εἰσὶ</span> <span class='ocrx_word' id='word_1_108' title='bbox 697 1052 920 1119; x_wconf 89' lang='grc' dir='ltr'>καιροῦ,</span> <span class='ocrx_word' id='word_1_109' title='bbox 978 1047 1046 1096; x_wconf 81' lang='grc' dir='ltr'><strong>τὰ</strong></span> <span class='ocrx_word' id='word_1_110' title='bbox 1114 1040 1172 1097; x_wconf 75' lang='grc' dir='ltr'><strong>δε</strong></span> <span class='ocrx_word' id='word_1_111' title='bbox 1224 1043 1277 1107; x_wconf 73' lang='grc' dir='ltr'><strong>ἕξ</strong></span> <span class='ocrx_word' id='word_1_112' title='bbox 1335 1043 1554 1117; x_wconf 77' lang='grc' dir='ltr'>οὐρανοῦ</span> <span class='ocrx_word' id='word_1_113' title='bbox 1609 1051 1782 1113; x_wconf 75' lang='grc' dir='ltr'>σημεῑι</span> 
     </span>
    </p>
   </div>
   <div class='ocr_carea' id='block_1_15' title="bbox 1882 1039 3564 1121">
    <p class='ocr_par' dir='ltr' id='par_1_15' title="bbox 1909 1039 3564 1112">
     <span class='ocr_line' id='line_1_15' title="bbox 1909 1039 3564 1112; baseline 0.002 -16"><span class='ocrx_word' id='word_1_114' title='bbox 1909 1039 2039 1096; x_wconf 69' lang='grc' dir='ltr'><strong>[ιωο</strong></span> <span class='ocrx_word' id='word_1_115' title='bbox 2063 1039 2238 1111; x_wconf 87' lang='lat' dir='ltr'><strong>signa</strong></span> <span class='ocrx_word' id='word_1_116' title='bbox 2265 1056 2402 1111; x_wconf 73' lang='lat' dir='ltr'><strong>quae</strong></span> <span class='ocrx_word' id='word_1_117' title='bbox 2431 1039 2493 1094; x_wconf 91' lang='lat' dir='ltr'><strong>in</strong></span> <span class='ocrx_word' id='word_1_118' title='bbox 2520 1043 2677 1096; x_wconf 86' lang='lat' dir='ltr'><strong>terra</strong></span> <span class='ocrx_word' id='word_1_119' title='bbox 2700 1039 2871 1105; x_wconf 90' lang='lat' dir='ltr'><strong>ﬁunt,</strong></span> <span class='ocrx_word' id='word_1_120' title='bbox 2929 1040 3233 1112; x_wconf 80' lang='lat' dir='ltr'><strong>praesentis</strong></span> <span class='ocrx_word' id='word_1_121' title='bbox 3263 1047 3397 1097; x_wconf 90' lang='lat' dir='ltr'><strong>sunt</strong></span> <span class='ocrx_word' id='word_1_122' title='bbox 3421 1046 3564 1098; x_wconf 86' lang='lat' dir='ltr'><strong>tem-</strong></span> 
     </span>
    </p>
   </div>
   <div class='ocr_carea' id='block_1_16' title="bbox 181 1128 1782 1210">
    <p class='ocr_par' dir='ltr' id='par_1_16' title="bbox 181 1132 1782 1210">
     <span class='ocr_line' id='line_1_16' title="bbox 181 1132 1782 1210; baseline -0.004 -22"><span class='ocrx_word' id='word_1_123' title='bbox 181 1144 280 1188; x_wconf 89' lang='grc' dir='ltr'><strong>τοῦ</strong></span> <span class='ocrx_word' id='word_1_124' title='bbox 331 1141 523 1210; x_wconf 78' lang='grc' dir='ltr'>καιροῦ</span> <span class='ocrx_word' id='word_1_125' title='bbox 573 1142 670 1197; x_wconf 81' lang='grc' dir='ltr'>τῆς</span> <span class='ocrx_word' id='word_1_126' title='bbox 729 1133 1017 1195; x_wconf 75' lang='grc' dir='ltr'>συντελείας</span> <span class='ocrx_word' id='word_1_127' title='bbox 1070 1133 1192 1190; x_wconf 85' lang='grc' dir='ltr'>εἰσί.</span> <span class='ocrx_word' id='word_1_128' title='bbox 1245 1137 1375 1186; x_wconf 83' lang='grc' dir='ltr'>Τότε</span> <span class='ocrx_word' id='word_1_129' title='bbox 1425 1135 1527 1208; x_wconf 84' lang='grc' dir='ltr'><strong>γὰρ</strong></span> <span class='ocrx_word' id='word_1_130' title='bbox 1583 1134 1609 1185; x_wconf 89' lang='grc' dir='ltr'><strong>ό</strong></span> <span class='ocrx_word' id='word_1_131' title='bbox 1659 1132 1782 1191; x_wconf 76' lang='grc' dir='ltr'>ἣλιοι</span> 
     </span>
    </p>
   </div>
   <div class='ocr_carea' id='block_1_17' title="bbox 1882 1128 3563 1210">
    <p class='ocr_par' dir='ltr' id='par_1_17' title="bbox 1910 1128 3563 1203">
     <span class='ocr_line' id='line_1_17' title="bbox 1910 1128 3563 1203; baseline 0.002 -19"><span class='ocrx_word' id='word_1_132' title='bbox 1910 1129 2071 1200; x_wconf 91' lang='lat' dir='ltr'><strong>poris</strong></span> <span class='ocrx_word' id='word_1_133' title='bbox 2113 1150 2126 1194; x_wconf 87' lang='lat'><strong>;</strong></span> <span class='ocrx_word' id='word_1_134' title='bbox 2174 1129 2347 1200; x_wconf 89' lang='lat' dir='ltr'><strong>signa</strong></span> <span class='ocrx_word' id='word_1_135' title='bbox 2385 1144 2522 1185; x_wconf 88' lang='lat' dir='ltr'><strong>vero</strong></span> <span class='ocrx_word' id='word_1_136' title='bbox 2571 1145 2706 1202; x_wconf 72' lang='lat' dir='ltr'><strong>quin</strong></span> <span class='ocrx_word' id='word_1_137' title='bbox 2740 1128 2813 1185; x_wconf 93' lang='lat' dir='ltr'><strong>de</strong></span> <span class='ocrx_word' id='word_1_138' title='bbox 2850 1128 3002 1186; x_wconf 66' lang='lat' dir='ltr'><strong>coelo</strong></span> <span class='ocrx_word' id='word_1_139' title='bbox 3056 1129 3226 1197; x_wconf 83' lang='lat' dir='ltr'><strong>ﬁunt,</strong></span> <span class='ocrx_word' id='word_1_140' title='bbox 3279 1132 3563 1203; x_wconf 87' lang='lat' dir='ltr'><strong>temporis</strong></span> 
     </span>
    </p>
   </div>
   <div class='ocr_carea' id='block_1_18' title="bbox 175 1218 1782 1295">
    <p class='ocr_par' dir='ltr' id='par_1_18' title="bbox 175 1219 1782 1295">
     <span class='ocr_line' id='line_1_18' title="bbox 175 1219 1782 1295; baseline -0.001 -17"><span class='ocrx_word' id='word_1_141' title='bbox 175 1227 628 1290; x_wconf 78' lang='grc' dir='ltr'>σκοτισθήσεται,</span> <span class='ocrx_word' id='word_1_142' title='bbox 686 1229 776 1276; x_wconf 82' lang='grc' dir='ltr'>καὶ</span> <span class='ocrx_word' id='word_1_143' title='bbox 832 1225 862 1282; x_wconf 79' lang='grc' dir='ltr'><strong>ἠ</strong></span> <span class='ocrx_word' id='word_1_144' title='bbox 929 1223 1110 1283; x_wconf 73' lang='grc' dir='ltr'>σελήνη</span> <span class='ocrx_word' id='word_1_145' title='bbox 1165 1222 1224 1276; x_wconf 78' lang='grc' dir='ltr'>οὐ</span> <span class='ocrx_word' id='word_1_146' title='bbox 1277 1219 1441 1276; x_wconf 88' lang='grc' dir='ltr'>δώσει</span> <span class='ocrx_word' id='word_1_147' title='bbox 1501 1226 1560 1275; x_wconf 87' lang='grc' dir='ltr'>τὸ</span> <span class='ocrx_word' id='word_1_148' title='bbox 1617 1227 1782 1295; x_wconf 75' lang='grc' dir='ltr'>φέγγοι</span> 
     </span>
    </p>
   </div>
   <div class='ocr_carea' id='block_1_19' title="bbox 1882 1218 3564 1295">
    <p class='ocr_par' dir='ltr' id='par_1_19' title="bbox 1909 1218 3564 1279">
     <span class='ocr_line' id='line_1_19' title="bbox 1909 1218 3564 1279; baseline 0.002 -5"><span class='ocrx_word' id='word_1_149' title='bbox 1909 1223 2048 1275; x_wconf 89' lang='lat' dir='ltr'><strong>sunt</strong></span> <span class='ocrx_word' id='word_1_150' title='bbox 2071 1218 2608 1276; x_wconf 85' lang='lat' dir='ltr'><strong>consummationis</strong></span> <span class='ocrx_word' id='word_1_151' title='bbox 2625 1219 2851 1276; x_wconf 68' lang='lat' dir='ltr'><strong>saeculi.</strong></span> <span class='ocrx_word' id='word_1_152' title='bbox 2892 1221 3056 1276; x_wconf 84' lang='lat' dir='ltr'><strong>Tunc</strong></span> <span class='ocrx_word' id='word_1_153' title='bbox 3072 1221 3231 1278; x_wconf 88' lang='lat' dir='ltr'><strong>enim</strong></span> <span class='ocrx_word' id='word_1_154' title='bbox 3254 1222 3343 1277; x_wconf 84' lang='lat' dir='ltr'><strong>sol</strong></span> <span class='ocrx_word' id='word_1_155' title='bbox 3364 1222 3564 1279; x_wconf 78' lang='lat' dir='ltr'><strong>obscu-</strong></span> 
     </span>
    </p>
   </div>
   <div class='ocr_carea' id='block_1_20' title="bbox 173 1308 1782 1388">
    <p class='ocr_par' dir='ltr' id='par_1_20' title="bbox 173 1311 1782 1388">
     <span class='ocr_line' id='line_1_20' title="bbox 173 1311 1782 1388; baseline -0.001 -21"><span class='ocrx_word' id='word_1_156' title='bbox 173 1315 385 1381; x_wconf 76' lang='grc' dir='ltr'>αὐτῆς,</span> <span class='ocrx_word' id='word_1_157' title='bbox 444 1318 538 1366; x_wconf 87' lang='grc' dir='ltr'>καὶ</span> <span class='ocrx_word' id='word_1_158' title='bbox 637 1315 686 1366; x_wconf 79' lang='grc' dir='ltr'>οἱ</span> <span class='ocrx_word' id='word_1_159' title='bbox 756 1311 964 1388; x_wconf 75' lang='grc' dir='ltr'>ἀστέρες</span> <span class='ocrx_word' id='word_1_160' title='bbox 1038 1320 1322 1366; x_wconf 82' lang='grc' dir='ltr'>πεσοῦνται</span> <span class='ocrx_word' id='word_1_161' title='bbox 1383 1311 1483 1365; x_wconf 78' lang='grc' dir='ltr'><strong>ἀπὸ</strong></span> <span class='ocrx_word' id='word_1_162' title='bbox 1547 1319 1637 1365; x_wconf 94' lang='grc' dir='ltr'><strong>τοῦ</strong></span> <span class='ocrx_word' id='word_1_163' title='bbox 1713 1313 1782 1365; x_wconf 76' lang='grc' dir='ltr'><strong>οὐ·</strong></span> 
     </span>
    </p>
   </div>
   <div class='ocr_carea' id='block_1_21' title="bbox 1882 1308 3558 1388">
    <p class='ocr_par' dir='ltr' id='par_1_21' title="bbox 1908 1308 3558 1382">
     <span class='ocr_line' id='line_1_21' title="bbox 1908 1308 3558 1382; baseline 0.004 -18"><span class='ocrx_word' id='word_1_164' title='bbox 1908 1308 2162 1377; x_wconf 83' lang='lat' dir='ltr'><strong>rabitur,</strong></span> <span class='ocrx_word' id='word_1_165' title='bbox 2195 1315 2248 1365; x_wconf 80' lang='lat' dir='ltr'><strong>et</strong></span> <span class='ocrx_word' id='word_1_166' title='bbox 2273 1310 2411 1365; x_wconf 82' lang='lat' dir='ltr'><strong>luna</strong></span> <span class='ocrx_word' id='word_1_167' title='bbox 2440 1326 2558 1366; x_wconf 86' lang='lat' dir='ltr'><strong>non</strong></span> <span class='ocrx_word' id='word_1_168' title='bbox 2580 1308 2736 1368; x_wconf 82' lang='lat' dir='ltr'><strong>dabit</strong></span> <span class='ocrx_word' id='word_1_169' title='bbox 2750 1309 3112 1382; x_wconf 76' lang='lat' dir='ltr'><strong>splendorem</strong></span> <span class='ocrx_word' id='word_1_170' title='bbox 3133 1326 3325 1377; x_wconf 84' lang='lat' dir='ltr'><strong>suum,</strong></span> <span class='ocrx_word' id='word_1_171' title='bbox 3349 1312 3558 1370; x_wconf 68' lang='lat' dir='ltr'><strong>stella-</strong></span> 
     </span>
    </p>
   </div>
   <div class='ocr_carea' id='block_1_22' title="bbox 169 1399 1782 1477">
    <p class='ocr_par' dir='ltr' id='par_1_22' title="bbox 169 1411 358 1477">
     <span class='ocr_line' id='line_1_22' title="bbox 169 1411 358 1477; baseline 0.005 -21"><span class='ocrx_word' id='word_1_172' title='bbox 169 1411 358 1477; x_wconf 86' lang='grc' dir='ltr'>ρανοῦ.</span> 
     </span>
    </p>
   </div>
   <div class='ocr_carea' id='block_1_23' title="bbox 1882 1399 2613 1477">
    <p class='ocr_par' dir='ltr' id='par_1_23' title="bbox 1906 1399 2613 1470">
     <span class='ocr_line' id='line_1_23' title="bbox 1906 1399 2613 1470; baseline -0.001 -16"><span class='ocrx_word' id='word_1_173' title='bbox 1906 1413 2015 1470; x_wconf 83' lang='lat' dir='ltr'><strong>que</strong></span> <span class='ocrx_word' id='word_1_174' title='bbox 2046 1399 2252 1455; x_wconf 85' lang='lat' dir='ltr'><strong>cadent</strong></span> <span class='ocrx_word' id='word_1_175' title='bbox 2276 1400 2350 1457; x_wconf 89' lang='lat' dir='ltr'><strong>de</strong></span> <span class='ocrx_word' id='word_1_176' title='bbox 2369 1399 2511 1456; x_wconf 72' lang='lat' dir='ltr'><strong>caelo</strong></span> <span class='ocrx_word' id='word_1_177' title='bbox 2542 1401 2613 1453; x_wconf 70' lang='grc'><strong>⁷⁸.</strong></span> 
     </span>
    </p>
   </div>
   <div class='ocr_carea' id='block_1_24' title="bbox 247 1489 1782 1568">
    <p class='ocr_par' dir='ltr' id='par_1_24' title="bbox 247 1489 1782 1568">
     <span class='ocr_line' id='line_1_24' title="bbox 247 1489 1782 1568; baseline -0.002 -22"><span class='ocrx_word' id='word_1_178' title='bbox 247 1498 354 1546; x_wconf 72' lang='grc' dir='ltr'><strong>Καὶ</strong></span> <span class='ocrx_word' id='word_1_179' title='bbox 413 1523 485 1534; x_wconf 93' lang='lat'><strong>—</strong></span> <span class='ocrx_word' id='word_1_180' title='bbox 546 1497 816 1566; x_wconf 72' lang='grc' dir='ltr'>προφήτου</span> <span class='ocrx_word' id='word_1_181' title='bbox 856 1536 869 1549; x_wconf 95' lang='grc'><strong>.</strong></span> <span class='ocrx_word' id='word_1_182' title='bbox 927 1498 1105 1545; x_wconf 86' lang='grc' dir='ltr'>Ταῦτα</span> <span class='ocrx_word' id='word_1_183' title='bbox 1175 1489 1310 1545; x_wconf 79' lang='grc' dir='ltr'>εἶπεν</span> <span class='ocrx_word' id='word_1_184' title='bbox 1389 1489 1782 1568; x_wconf 64' lang='grc' dir='ltr'>ἀπαραλλάκτως</span> 
     </span>
    </p>
   </div>
   <div class='ocr_carea' id='block_1_25' title="bbox 1882 1489 3562 1568">
    <p class='ocr_par' dir='ltr' id='par_1_25' title="bbox 1977 1489 3562 1560">
     <span class='ocr_line' id='line_1_25' title="bbox 1977 1489 3562 1560; baseline 0.004 -19"><span class='ocrx_word' id='word_1_185' title='bbox 1977 1489 2142 1545; x_wconf 89' lang='lat' dir='ltr'><strong>Vers.</strong></span> <span class='ocrx_word' id='word_1_186' title='bbox 2173 1490 2226 1544; x_wconf 84' lang='grc'><strong>4.</strong></span> <span class='ocrx_word' id='word_1_187' title='bbox 2254 1489 2330 1544; x_wconf 81' lang='lat' dir='ltr'><strong>Et</strong></span> <span class='ocrx_word' id='word_1_188' title='bbox 2355 1520 2427 1530; x_wconf 95' lang='lat'><strong>—</strong></span> <span class='ocrx_word' id='word_1_189' title='bbox 2451 1489 2774 1560; x_wconf 72' lang='lat' dir='ltr'><strong>prophetw.</strong></span> <span class='ocrx_word' id='word_1_190' title='bbox 2800 1490 2933 1545; x_wconf 66' lang='lat' dir='ltr'><strong>Haec</strong></span> <span class='ocrx_word' id='word_1_191' title='bbox 2961 1489 3175 1547; x_wconf 91' lang='lat' dir='ltr'><strong>eodem</strong></span> <span class='ocrx_word' id='word_1_192' title='bbox 3202 1490 3384 1548; x_wconf 93' lang='lat' dir='ltr'><strong>modo</strong></span> <span class='ocrx_word' id='word_1_193' title='bbox 3413 1491 3562 1549; x_wconf 82' lang='lat' dir='ltr'><strong>dixit</strong></span> 
     </span>
    </p>
   </div>
   <div class='ocr_carea' id='block_1_26' title="bbox 171 1577 1782 1658">
    <p class='ocr_par' dir='ltr' id='par_1_26' title="bbox 171 1582 1782 1658">
     <span class='ocr_line' id='line_1_26' title="bbox 171 1582 1782 1658; baseline -0.001 -22"><span class='ocrx_word' id='word_1_194' title='bbox 171 1589 261 1636; x_wconf 80' lang='grc' dir='ltr'>καὶ</span> <span class='ocrx_word' id='word_1_195' title='bbox 321 1582 373 1635; x_wconf 86' lang='lat' dir='ltr'><strong>iv</strong></span> <span class='ocrx_word' id='word_1_196' title='bbox 431 1590 507 1653; x_wconf 83' lang='grc' dir='ltr'>τῷ</span> <span class='ocrx_word' id='word_1_197' title='bbox 576 1582 790 1653; x_wconf 85' lang='grc' dir='ltr'>εἰκοστῷ</span> <span class='ocrx_word' id='word_1_198' title='bbox 840 1587 998 1658; x_wconf 84' lang='grc' dir='ltr'>τρίτῳ</span> <span class='ocrx_word' id='word_1_199' title='bbox 1067 1582 1349 1655; x_wconf 68' lang='grc' dir='ltr'>κεφαλαίῳ,</span> <span class='ocrx_word' id='word_1_200' title='bbox 1402 1587 1491 1635; x_wconf 84' lang='grc' dir='ltr'>καὶ</span> <span class='ocrx_word' id='word_1_201' title='bbox 1544 1585 1782 1657; x_wconf 70' lang='grc' dir='ltr'>ἡρμηνεῦ·</span> 
     </span>
    </p>
   </div>
   <div class='ocr_carea' id='block_1_27' title="bbox 1882 1577 3560 1658">
    <p class='ocr_par' dir='ltr' id='par_1_27' title="bbox 1904 1577 3560 1650">
     <span class='ocr_line' id='line_1_27' title="bbox 1904 1577 3560 1650; baseline 0.004 -21"><span class='ocrx_word' id='word_1_202' title='bbox 1904 1577 2192 1634; x_wconf 84' lang='lat' dir='ltr'><strong>vicesimo</strong></span> <span class='ocrx_word' id='word_1_203' title='bbox 2220 1577 2387 1635; x_wconf 89' lang='lat' dir='ltr'><strong>tertio</strong></span> <span class='ocrx_word' id='word_1_204' title='bbox 2413 1578 2626 1650; x_wconf 83' lang='lat' dir='ltr'><strong>capite,</strong></span> <span class='ocrx_word' id='word_1_205' title='bbox 2655 1583 2713 1635; x_wconf 92' lang='lat' dir='ltr'><strong>et</strong></span> <span class='ocrx_word' id='word_1_206' title='bbox 2740 1579 2801 1634; x_wconf 91' lang='lat' dir='ltr'><strong>in</strong></span> <span class='ocrx_word' id='word_1_207' title='bbox 2847 1594 2919 1635; x_wconf 89' lang='lat' dir='ltr'><strong>eo</strong></span> <span class='ocrx_word' id='word_1_208' title='bbox 2949 1578 3253 1636; x_wconf 88' lang='lat' dir='ltr'><strong>declarata</strong></span> <span class='ocrx_word' id='word_1_209' title='bbox 3284 1584 3443 1636; x_wconf 87' lang='lat' dir='ltr'><strong>sunt.</strong></span> <span class='ocrx_word' id='word_1_210' title='bbox 3473 1580 3560 1636; x_wconf 90' lang='lat' dir='ltr'><strong>&#39;l‘u</strong></span> 
     </span>
    </p>
   </div>
   <div class='ocr_carea' id='block_1_28' title="bbox 172 1667 1782 1746">
    <p class='ocr_par' dir='ltr' id='par_1_28' title="bbox 172 1667 1782 1746">
     <span class='ocr_line' id='line_1_28' title="bbox 172 1667 1782 1746; baseline -0.002 -21"><span class='ocrx_word' id='word_1_211' title='bbox 172 1675 343 1729; x_wconf 72' lang='grc' dir='ltr'>θησαν</span> <span class='ocrx_word' id='word_1_212' title='bbox 409 1671 462 1723; x_wconf 86' lang='lat' dir='ltr'><strong>iv</strong></span> <span class='ocrx_word' id='word_1_213' title='bbox 495 1670 691 1742; x_wconf 77' lang='grc' dir='ltr'>ἐκείνῳ.</span> <span class='ocrx_word' id='word_1_214' title='bbox 724 1675 790 1724; x_wconf 82' lang='grc' dir='ltr'><strong>Σὺ</strong></span> <span class='ocrx_word' id='word_1_215' title='bbox 822 1667 880 1724; x_wconf 76' lang='grc' dir='ltr'><strong>δε</strong></span> <span class='ocrx_word' id='word_1_216' title='bbox 931 1670 1097 1724; x_wconf 77' lang='grc' dir='ltr'>αὐτῶν</span> <span class='ocrx_word' id='word_1_217' title='bbox 1145 1674 1242 1746; x_wconf 84' lang='grc' dir='ltr'>ὅρα</span> <span class='ocrx_word' id='word_1_218' title='bbox 1283 1677 1376 1730; x_wconf 76' lang='grc' dir='ltr'>τὴν</span> <span class='ocrx_word' id='word_1_219' title='bbox 1419 1677 1680 1746; x_wconf 84' lang='grc' dir='ltr'>πώρωσιν,</span> <span class='ocrx_word' id='word_1_220' title='bbox 1714 1673 1782 1724; x_wconf 72' lang='grc' dir='ltr'><strong>ὅτε</strong></span> 
     </span>
    </p>
   </div>
   <div class='ocr_carea' id='block_1_29' title="bbox 1882 1667 3559 1746">
    <p class='ocr_par' dir='ltr' id='par_1_29' title="bbox 1902 1667 3559 1734">
     <span class='ocr_line' id='line_1_29' title="bbox 1902 1667 3559 1734; baseline 0.004 -16"><span class='ocrx_word' id='word_1_221' title='bbox 1902 1680 2037 1722; x_wconf 79' lang='lat' dir='ltr'><strong>vero</strong></span> <span class='ocrx_word' id='word_1_222' title='bbox 2073 1683 2283 1724; x_wconf 87' lang='lat' dir='ltr'><strong>eorum</strong></span> <span class='ocrx_word' id='word_1_223' title='bbox 2320 1668 2780 1725; x_wconf 66' lang='lat' dir='ltr'><strong>excaecationem</strong></span> <span class='ocrx_word' id='word_1_224' title='bbox 2825 1667 3159 1724; x_wconf 90' lang='lat' dir='ltr'><strong>considera.</strong></span> <span class='ocrx_word' id='word_1_225' title='bbox 3217 1669 3388 1734; x_wconf 88' lang='lat' dir='ltr'><strong>Quod</strong></span> <span class='ocrx_word' id='word_1_226' title='bbox 3427 1685 3559 1725; x_wconf 87' lang='lat' dir='ltr'><strong>cum</strong></span> 
     </span>
    </p>
   </div>
   <div class='ocr_carea' id='block_1_30' title="bbox 173 1755 1782 1836">
    <p class='ocr_par' dir='ltr' id='par_1_30' title="bbox 173 1757 1782 1836">
     <span class='ocr_line' id='line_1_30' title="bbox 173 1757 1782 1836; baseline 0 -22"><span class='ocrx_word' id='word_1_227' title='bbox 173 1768 262 1814; x_wconf 83' lang='grc' dir='ltr'>καὶ</span> <span class='ocrx_word' id='word_1_228' title='bbox 290 1767 383 1814; x_wconf 87' lang='grc' dir='ltr'>τὸν</span> <span class='ocrx_word' id='word_1_229' title='bbox 431 1761 614 1814; x_wconf 87' lang='grc' dir='ltr'>’Ῑωνᾶν</span> <span class='ocrx_word' id='word_1_230' title='bbox 651 1757 868 1830; x_wconf 85' lang='grc' dir='ltr'>εἰδότες,</span> <span class='ocrx_word' id='word_1_231' title='bbox 899 1765 988 1813; x_wconf 90' lang='grc' dir='ltr'>καὶ</span> <span class='ocrx_word' id='word_1_232' title='bbox 1014 1763 1080 1814; x_wconf 80' lang='grc' dir='ltr'>τὰ</span> <span class='ocrx_word' id='word_1_233' title='bbox 1109 1766 1341 1835; x_wconf 89' lang='grc' dir='ltr'>παρόντα</span> <span class='ocrx_word' id='word_1_234' title='bbox 1375 1763 1510 1836; x_wconf 82' lang='grc' dir='ltr'><strong>ῥητὰ</strong></span> <span class='ocrx_word' id='word_1_235' title='bbox 1543 1766 1633 1814; x_wconf 82' lang='grc' dir='ltr'>καὶ</span> <span class='ocrx_word' id='word_1_236' title='bbox 1663 1766 1782 1834; x_wconf 89' lang='grc' dir='ltr'>πρό-</span> 
     </span>
    </p>
   </div>
   <div class='ocr_carea' id='block_1_31' title="bbox 1882 1755 3558 1836">
    <p class='ocr_par' dir='ltr' id='par_1_31' title="bbox 1899 1755 3558 1828">
     <span class='ocr_line' id='line_1_31' title="bbox 1899 1755 3558 1828; baseline 0.004 -20"><span class='ocrx_word' id='word_1_237' title='bbox 1899 1755 2114 1810; x_wconf 82' lang='lat' dir='ltr'><strong>Jonam</strong></span> <span class='ocrx_word' id='word_1_238' title='bbox 2161 1760 2428 1820; x_wconf 88' lang='lat' dir='ltr'><strong>nossent,</strong></span> <span class='ocrx_word' id='word_1_239' title='bbox 2474 1771 2545 1812; x_wconf 86' lang='lat' dir='ltr'><strong>ac</strong></span> <span class='ocrx_word' id='word_1_240' title='bbox 2611 1756 2930 1827; x_wconf 67' lang='lat' dir='ltr'><strong>praesentia</strong></span> <span class='ocrx_word' id='word_1_241' title='bbox 2989 1755 3169 1812; x_wconf 90' lang='lat' dir='ltr'><strong>verba</strong></span> <span class='ocrx_word' id='word_1_242' title='bbox 3206 1762 3263 1812; x_wconf 92' lang='lat' dir='ltr'><strong>et</strong></span> <span class='ocrx_word' id='word_1_243' title='bbox 3306 1756 3470 1828; x_wconf 86' lang='lat' dir='ltr'><strong>prius</strong></span> <span class='ocrx_word' id='word_1_244' title='bbox 3499 1763 3558 1815; x_wconf 85' lang='lat' dir='ltr'><strong>et</strong></span> 
     </span>
    </p>
   </div>
   <div class='ocr_carea' id='block_1_32' title="bbox 169 1845 1782 1926">
    <p class='ocr_par' dir='ltr' id='par_1_32' title="bbox 169 1848 1782 1926">
     <span class='ocr_line' id='line_1_32' title="bbox 169 1848 1782 1926; baseline -0.001 -22"><span class='ocrx_word' id='word_1_245' title='bbox 169 1871 315 1924; x_wconf 82' lang='grc' dir='ltr'>τερον</span> <span class='ocrx_word' id='word_1_246' title='bbox 348 1855 444 1903; x_wconf 85' lang='grc' dir='ltr'>καὶ</span> <span class='ocrx_word' id='word_1_247' title='bbox 476 1857 568 1902; x_wconf 90' lang='grc' dir='ltr'><strong>νῦν</strong></span> <span class='ocrx_word' id='word_1_248' title='bbox 596 1848 930 1920; x_wconf 76' lang='grc' dir='ltr'>ἀκούσαντες,</span> <span class='ocrx_word' id='word_1_249' title='bbox 970 1850 1063 1902; x_wconf 81' lang='grc' dir='ltr'><strong>οῦκ</strong></span> <span class='ocrx_word' id='word_1_250' title='bbox 1092 1850 1352 1909; x_wconf 73' lang='grc' dir='ltr'>ἠθέλησαν</span> <span class='ocrx_word' id='word_1_251' title='bbox 1383 1849 1664 1926; x_wconf 71' lang='grc' dir='ltr'>ἐρωτῆσαι,</span> <span class='ocrx_word' id='word_1_252' title='bbox 1705 1857 1782 1903; x_wconf 74' lang='grc' dir='ltr'>καὶ</span> 
     </span>
    </p>
   </div>
   <div class='ocr_carea' id='block_1_33' title="bbox 1882 1845 3556 1926">
    <p class='ocr_par' dir='ltr' id='par_1_33' title="bbox 1903 1845 3556 1918">
     <span class='ocr_line' id='line_1_33' title="bbox 1903 1845 3556 1918; baseline 0.002 -19"><span class='ocrx_word' id='word_1_253' title='bbox 1903 1858 2057 1899; x_wconf 88' lang='lat' dir='ltr'><strong>nunc</strong></span> <span class='ocrx_word' id='word_1_254' title='bbox 2087 1860 2331 1918; x_wconf 88' lang='lat' dir='ltr'><strong>quoque</strong></span> <span class='ocrx_word' id='word_1_255' title='bbox 2369 1846 2698 1909; x_wconf 85' lang='lat' dir='ltr'><strong>audissent,</strong></span> <span class='ocrx_word' id='word_1_256' title='bbox 2727 1845 3042 1901; x_wconf 87' lang='lat' dir='ltr'><strong>noluerunt</strong></span> <span class='ocrx_word' id='word_1_257' title='bbox 3067 1846 3450 1916; x_wconf 86' lang='lat' dir='ltr'><strong>interrogare,</strong></span> <span class='ocrx_word' id='word_1_258' title='bbox 3484 1861 3556 1903; x_wconf 89' lang='lat' dir='ltr'><strong>ac</strong></span> 
     </span>
    </p>
   </div>
   <div class='ocr_carea' id='block_1_34' title="bbox 184 1933 1782 2012">
    <p class='ocr_par' dir='ltr' id='par_1_34' title="bbox 184 1938 1782 2012">
     <span class='ocr_line' id='line_1_34' title="bbox 184 1938 1782 2012; baseline -0.001 -19"><span class='ocrx_word' id='word_1_259' title='bbox 184 1943 384 2012; x_wconf 77' lang='grc' dir='ltr'>μαθεῖν,</span> <span class='ocrx_word' id='word_1_260' title='bbox 433 1945 489 1992; x_wconf 89' lang='grc' dir='ltr'><strong>τί</strong></span> <span class='ocrx_word' id='word_1_261' title='bbox 556 1938 671 1991; x_wconf 76' lang='grc' dir='ltr'>ἔστι</span> <span class='ocrx_word' id='word_1_262' title='bbox 720 1946 874 1992; x_wconf 88' lang='grc' dir='ltr'>τοῦτο</span> <span class='ocrx_word' id='word_1_263' title='bbox 921 1943 978 1991; x_wconf 90' lang='grc' dir='ltr'>τὸ</span> <span class='ocrx_word' id='word_1_264' title='bbox 1021 1947 1234 2012; x_wconf 79' lang='grc' dir='ltr'>σημεῖον</span> <span class='ocrx_word' id='word_1_265' title='bbox 1286 1942 1311 1992; x_wconf 89' lang='grc' dir='ltr'><strong>ό</strong></span> <span class='ocrx_word' id='word_1_266' title='bbox 1358 1939 1512 2011; x_wconf 74' lang='grc' dir='ltr'>λέγει.</span> <span class='ocrx_word' id='word_1_267' title='bbox 1567 1947 1782 2012; x_wconf 84' lang='grc' dir='ltr'>Πειρασ·</span> 
     </span>
    </p>
   </div>
   <div class='ocr_carea' id='block_1_35' title="bbox 1882 1933 3580 2012">
    <p class='ocr_par' dir='ltr' id='par_1_35' title="bbox 1901 1933 3580 2006">
     <span class='ocr_line' id='line_1_35' title="bbox 1901 1933 3580 2006; baseline 0.002 -18"><span class='ocrx_word' id='word_1_268' title='bbox 1901 1933 2127 1989; x_wconf 92' lang='lat' dir='ltr'><strong>discere</strong></span> <span class='ocrx_word' id='word_1_269' title='bbox 2157 1935 2323 2006; x_wconf 90' lang='lat' dir='ltr'><strong>quod</strong></span> <span class='ocrx_word' id='word_1_270' title='bbox 2375 1939 2532 1990; x_wconf 89' lang='lat' dir='ltr'><strong>esset</strong></span> <span class='ocrx_word' id='word_1_271' title='bbox 2584 1933 2698 1990; x_wconf 90' lang='lat' dir='ltr'><strong>hoc</strong></span> <span class='ocrx_word' id='word_1_272' title='bbox 2755 1934 2993 2003; x_wconf 84' lang='lat' dir='ltr'><strong>signum</strong></span> <span class='ocrx_word' id='word_1_273' title='bbox 3051 1935 3216 2006; x_wconf 91' lang='lat' dir='ltr'><strong>quod</strong></span> <span class='ocrx_word' id='word_1_274' title='bbox 3272 1935 3497 1991; x_wconf 82' lang='lat' dir='ltr'><strong>diceret</strong></span> <span class='ocrx_word' id='word_1_275' title='bbox 3536 1954 3580 2005; x_wconf 88' lang='lat'><strong>;_</strong></span> 
     </span>
    </p>
   </div>
   <div class='ocr_carea' id='block_1_36' title="bbox 183 2023 1782 2102">
    <p class='ocr_par' dir='ltr' id='par_1_36' title="bbox 183 2025 1782 2102">
     <span class='ocr_line' id='line_1_36' title="bbox 183 2025 1782 2102; baseline 0.001 -22"><span class='ocrx_word' id='word_1_276' title='bbox 183 2036 268 2081; x_wconf 76' lang='grc' dir='ltr'>τοὺ.</span> <span class='ocrx_word' id='word_1_277' title='bbox 287 2032 388 2102; x_wconf 77' lang='grc' dir='ltr'>γὰρ</span> <span class='ocrx_word' id='word_1_278' title='bbox 421 2025 584 2093; x_wconf 69' lang='grc' dir='ltr'>ἦσαν,</span> <span class='ocrx_word' id='word_1_279' title='bbox 616 2030 686 2090; x_wconf 80' lang='grc' dir='ltr'><strong>ὡς</strong></span> <span class='ocrx_word' id='word_1_280' title='bbox 716 2031 938 2101; x_wconf 78' lang='grc' dir='ltr'>εἴρηται.</span> <span class='ocrx_word' id='word_1_281' title='bbox 969 2033 1056 2081; x_wconf 90' lang='grc' dir='ltr'><strong>Διὸ</strong></span> <span class='ocrx_word' id='word_1_282' title='bbox 1075 2034 1164 2080; x_wconf 78' lang='grc' dir='ltr'>καὶ</span> <span class='ocrx_word' id='word_1_283' title='bbox 1194 2029 1349 2089; x_wconf 72' lang='grc' dir='ltr'>αὐτὸς</span> <span class='ocrx_word' id='word_1_284' title='bbox 1389 2026 1552 2101; x_wconf 68' lang='grc' dir='ltr'>ἀφεὶς,</span> <span class='ocrx_word' id='word_1_285' title='bbox 1581 2029 1782 2100; x_wconf 75' lang='grc' dir='ltr'>αὐτοὺς,</span> 
     </span>
    </p>
   </div>
   <div class='ocr_carea' id='block_1_37' title="bbox 1882 2023 3554 2102">
    <p class='ocr_par' dir='ltr' id='par_1_37' title="bbox 1901 2023 3554 2092">
     <span class='ocr_line' id='line_1_37' title="bbox 1901 2023 3554 2092; baseline 0.002 -14"><span class='ocrx_word' id='word_1_286' title='bbox 1901 2028 2221 2079; x_wconf 86' lang='lat' dir='ltr'><strong>tentatores</strong></span> <span class='ocrx_word' id='word_1_287' title='bbox 2245 2023 2404 2080; x_wconf 91' lang='lat' dir='ltr'><strong>enim</strong></span> <span class='ocrx_word' id='word_1_288' title='bbox 2431 2030 2617 2092; x_wconf 91' lang='lat' dir='ltr'><strong>erant,</strong></span> <span class='ocrx_word' id='word_1_289' title='bbox 2647 2025 2792 2081; x_wconf 92' lang='lat' dir='ltr'><strong>sicut</strong></span> <span class='ocrx_word' id='word_1_290' title='bbox 2818 2023 3045 2080; x_wconf 91' lang='lat' dir='ltr'><strong>dictum</strong></span> <span class='ocrx_word' id='word_1_291' title='bbox 3075 2030 3186 2082; x_wconf 88' lang='lat' dir='ltr'><strong>est.</strong></span> <span class='ocrx_word' id='word_1_292' title='bbox 3211 2024 3350 2081; x_wconf 85' lang='lat' dir='ltr'><strong>ldeo</strong></span> <span class='ocrx_word' id='word_1_293' title='bbox 3373 2025 3554 2082; x_wconf 88' lang='lat' dir='ltr'><strong>etiam</strong></span> 
     </span>
    </p>
   </div>
   <div class='ocr_carea' id='block_1_38' title="bbox 204 2110 1782 2192">
    <p class='ocr_par' dir='ltr' id='par_1_38' title="bbox 204 2115 512 2192">
     <span class='ocr_line' id='line_1_38' title="bbox 204 2115 512 2192; baseline 0.013 -24"><span class='ocrx_word' id='word_1_294' title='bbox 204 2115 425 2192; x_wconf 57' lang='grc' dir='ltr'>ὼεχώρη</span> <span class='ocrx_word' id='word_1_295' title='bbox 435 2137 512 2173; x_wconf 88' lang='grc' dir='ltr'>σε.</span> 
     </span>
    </p>
   </div>
   <div class='ocr_carea' id='block_1_39' title="bbox 1882 2110 2588 2192">
    <p class='ocr_par' dir='ltr' id='par_1_39' title="bbox 1898 2110 2588 2169">
     <span class='ocr_line' id='line_1_39' title="bbox 1898 2110 2588 2169; baseline -0.001 -3"><span class='ocrx_word' id='word_1_296' title='bbox 1898 2110 2115 2166; x_wconf 83' lang='lat' dir='ltr'><strong>relictis</strong></span> <span class='ocrx_word' id='word_1_297' title='bbox 2145 2111 2256 2167; x_wconf 85' lang='lat' dir='ltr'><strong>illis</strong></span> <span class='ocrx_word' id='word_1_298' title='bbox 2282 2113 2588 2169; x_wconf 86' lang='lat' dir='ltr'><strong>abscessit.</strong></span> 
     </span>
    </p>
   </div>
   <div class='ocr_carea' id='block_1_40' title="bbox 275 2219 1782 2308">
    <p class='ocr_par' dir='ltr' id='par_1_40' title="bbox 275 2231 1782 2308">
     <span class='ocr_line' id='line_1_40' title="bbox 275 2231 1782 2308; baseline 0.001 -22"><span class='ocrx_word' id='word_1_299' title='bbox 275 2238 376 2286; x_wconf 77' lang='grc' dir='ltr'><strong>Καὶ</strong></span> <span class='ocrx_word' id='word_1_300' title='bbox 429 2233 526 2304; x_wconf 55' lang='grc' dir='ltr'><strong>(ιη)</strong></span> <span class='ocrx_word' id='word_1_301' title='bbox 564 2265 638 2274; x_wconf 94' lang='grc'><strong><em>-</em></strong></span> <span class='ocrx_word' id='word_1_302' title='bbox 691 2233 938 2294; x_wconf 75' lang='grc' dir='ltr'>ἀπῆλθεν.</span> <span class='ocrx_word' id='word_1_303' title='bbox 987 2234 1044 2287; x_wconf 82' lang='grc' dir='ltr'><strong>Ὀ</strong></span> <span class='ocrx_word' id='word_1_304' title='bbox 1104 2231 1163 2288; x_wconf 71' lang='grc' dir='ltr'><strong>δε</strong></span> <span class='ocrx_word' id='word_1_305' title='bbox 1217 2237 1425 2308; x_wconf 79' lang='grc' dir='ltr'>Μάρκος</span> <span class='ocrx_word' id='word_1_306' title='bbox 1473 2241 1650 2308; x_wconf 75' lang='grc' dir='ltr'>φησὶν,</span> <span class='ocrx_word' id='word_1_307' title='bbox 1685 2237 1782 2306; x_wconf 84' lang='grc' dir='ltr'>ὅτι,</span> 
     </span>
    </p>
   </div>
   <div class='ocr_carea' id='block_1_41' title="bbox 1882 2219 3582 2308">
    <p class='ocr_par' dir='ltr' id='par_1_41' title="bbox 1971 2219 3582 2294">
     <span class='ocr_line' id='line_1_41' title="bbox 1971 2219 3582 2294; baseline 0.001 -22"><span class='ocrx_word' id='word_1_308' title='bbox 1971 2219 2127 2273; x_wconf 87' lang='lat' dir='ltr'><strong>Vers.</strong></span> <span class='ocrx_word' id='word_1_309' title='bbox 2155 2221 2208 2274; x_wconf 76' lang='grc'><strong>4.</strong></span> <span class='ocrx_word' id='word_1_310' title='bbox 2242 2219 2320 2275; x_wconf 87' lang='lat' dir='ltr'><strong>Et</strong></span> <span class='ocrx_word' id='word_1_311' title='bbox 2369 2251 2437 2258; x_wconf 93' lang='lat'>—</span> <span class='ocrx_word' id='word_1_312' title='bbox 2465 2219 2624 2277; x_wconf 82' lang='lat' dir='ltr'><strong>abiit.</strong></span> <span class='ocrx_word' id='word_1_313' title='bbox 2670 2223 2898 2278; x_wconf 82' lang='lat' dir='ltr'><strong>Marcus</strong></span> <span class='ocrx_word' id='word_1_314' title='bbox 2943 2225 3142 2278; x_wconf 89' lang='lat' dir='ltr'><strong>autem</strong></span> <span class='ocrx_word' id='word_1_315' title='bbox 3177 2221 3258 2278; x_wconf 88' lang='lat' dir='ltr'><strong>ait</strong></span> <span class='ocrx_word' id='word_1_316' title='bbox 3284 2223 3354 2288; x_wconf 77' lang='grc'><strong>⁷⁵,</strong></span> <span class='ocrx_word' id='word_1_317' title='bbox 3387 2221 3582 2294; x_wconf 89' lang='lat' dir='ltr'><strong>quod.</strong></span> 
     </span>
    </p>
   </div>
   <div class='ocr_carea' id='block_1_42' title="bbox 190 2309 1782 2396">
    <p class='ocr_par' dir='ltr' id='par_1_42' title="bbox 190 2320 1498 2396">
     <span class='ocr_line' id='line_1_42' title="bbox 190 2320 1498 2396; baseline 0.004 -23"><span class='ocrx_word' id='word_1_318' title='bbox 190 2320 355 2394; x_wconf 72' lang='grc' dir='ltr'>ἐμϐὰς</span> <span class='ocrx_word' id='word_1_319' title='bbox 379 2321 517 2374; x_wconf 70' lang='grc' dir='ltr'>πάλιν</span> <span class='ocrx_word' id='word_1_320' title='bbox 547 2321 623 2384; x_wconf 89' lang='grc' dir='ltr'><strong>εἰς</strong></span> <span class='ocrx_word' id='word_1_321' title='bbox 661 2321 860 2389; x_wconf 88' lang='grc' dir='ltr'>πλοῖον,</span> <span class='ocrx_word' id='word_1_322' title='bbox 892 2320 1116 2382; x_wconf 79' lang='grc' dir='ltr'>ἀπῆλθεν</span> <span class='ocrx_word' id='word_1_323' title='bbox 1137 2324 1208 2386; x_wconf 84' lang='grc' dir='ltr'><strong>εἰς</strong></span> <span class='ocrx_word' id='word_1_324' title='bbox 1238 2326 1296 2375; x_wconf 87' lang='grc' dir='ltr'><strong>τό</strong></span> <span class='ocrx_word' id='word_1_325' title='bbox 1323 2328 1498 2396; x_wconf 76' lang='grc' dir='ltr'>πέραν.</span> 
     </span>
    </p>
   </div>
   <div class='ocr_carea' id='block_1_43' title="bbox 1882 2309 3549 2396">
    <p class='ocr_par' dir='ltr' id='par_1_43' title="bbox 1895 2309 3549 2383">
     <span class='ocr_line' id='line_1_43' title="bbox 1895 2309 3549 2383; baseline 0.004 -21"><span class='ocrx_word' id='word_1_326' title='bbox 1895 2321 2222 2364; x_wconf 90' lang='lat' dir='ltr'><strong>conscensa</strong></span> <span class='ocrx_word' id='word_1_327' title='bbox 2249 2309 2388 2366; x_wconf 87' lang='lat' dir='ltr'><strong>navi</strong></span> <span class='ocrx_word' id='word_1_328' title='bbox 2415 2325 2656 2366; x_wconf 81' lang='lat' dir='ltr'><strong>rursum</strong></span> <span class='ocrx_word' id='word_1_329' title='bbox 2687 2311 2835 2367; x_wconf 90' lang='lat' dir='ltr'><strong>abiit</strong></span> <span class='ocrx_word' id='word_1_330' title='bbox 2861 2311 2920 2366; x_wconf 91' lang='lat' dir='ltr'><strong>in</strong></span> <span class='ocrx_word' id='word_1_331' title='bbox 2958 2309 3298 2368; x_wconf 87' lang='lat' dir='ltr'><strong>ulteriorem</strong></span> <span class='ocrx_word' id='word_1_332' title='bbox 3329 2310 3549 2383; x_wconf 87' lang='lat' dir='ltr'><strong>ripam.</strong></span> 
     </span>
    </p>
   </div>
   <div class='ocr_carea' id='block_1_44' title="bbox 183 2397 1782 2488">
    <p class='ocr_par' dir='ltr' id='par_1_44' title="bbox 183 2410 1782 2488">
     <span class='ocr_line' id='line_1_44' title="bbox 183 2410 1782 2488; baseline 0.003 -24"><span class='ocrx_word' id='word_1_333' title='bbox 183 2410 334 2465; x_wconf 66' lang='grc' dir='ltr'>[ΕΦ.</span> <span class='ocrx_word' id='word_1_334' title='bbox 386 2411 516 2469; x_wconf 82' lang='grc' dir='ltr'><strong>ΛΒ’.</strong></span> <span class='ocrx_word' id='word_1_335' title='bbox 585 2415 710 2485; x_wconf 82' lang='grc' dir='ltr'>Περὶ</span> <span class='ocrx_word' id='word_1_336' title='bbox 738 2419 830 2473; x_wconf 79' lang='grc' dir='ltr'>τῆς</span> <span class='ocrx_word' id='word_1_337' title='bbox 877 2412 1043 2485; x_wconf 75' lang='grc' dir='ltr'>ζύμης</span> <span class='ocrx_word' id='word_1_338' title='bbox 1072 2421 1170 2465; x_wconf 83' lang='grc' dir='ltr'>τῶν</span> <span class='ocrx_word' id='word_1_339' title='bbox 1201 2418 1492 2488; x_wconf 72' lang='grc' dir='ltr'>Φαρισαίων</span> <span class='ocrx_word' id='word_1_340' title='bbox 1529 2419 1619 2468; x_wconf 83' lang='grc' dir='ltr'>καὶ</span> <span class='ocrx_word' id='word_1_341' title='bbox 1649 2411 1782 2468; x_wconf 84' lang='grc' dir='ltr'>Σαδ-</span> 
     </span>
    </p>
   </div>
   <div class='ocr_carea' id='block_1_45' title="bbox 1882 2397 3553 2488">
    <p class='ocr_par' dir='ltr' id='par_1_45' title="bbox 1895 2397 3553 2470">
     <span class='ocr_line' id='line_1_45' title="bbox 1895 2397 3553 2470; baseline 0.002 -16"><span class='ocrx_word' id='word_1_342' title='bbox 1895 2397 2047 2454; x_wconf 72' lang='lat' dir='ltr'><strong>CAP.</strong></span> <span class='ocrx_word' id='word_1_343' title='bbox 2079 2398 2308 2454; x_wconf 77' lang='lat' dir='ltr'><strong>XXXII.</strong></span> <span class='ocrx_word' id='word_1_344' title='bbox 2343 2401 2426 2458; x_wconf 91' lang='lat' dir='ltr'><strong>De</strong></span> <span class='ocrx_word' id='word_1_345' title='bbox 2457 2402 2755 2470; x_wconf 80' lang='lat' dir='ltr'><strong>fermento</strong></span> <span class='ocrx_word' id='word_1_346' title='bbox 2783 2400 3214 2460; x_wconf 61' lang='lat' dir='ltr'><strong>Pharisaeorum</strong></span> <span class='ocrx_word' id='word_1_347' title='bbox 3243 2405 3298 2459; x_wconf 84' lang='lat' dir='ltr'><strong>et</strong></span> <span class='ocrx_word' id='word_1_348' title='bbox 3326 2401 3553 2460; x_wconf 85' lang='lat' dir='ltr'><strong>Saddu-</strong></span> 
     </span>
    </p>
   </div>
   <div class='ocr_carea' id='block_1_46' title="bbox 849 2497 1782 2567">
    <p class='ocr_par' dir='ltr' id='par_1_46' title="bbox 849 2497 1128 2558">
     <span class='ocr_line' id='line_1_46' title="bbox 849 2497 1128 2558; baseline -0.004 -4"><span class='ocrx_word' id='word_1_349' title='bbox 849 2497 1128 2558; x_wconf 81' lang='grc' dir='ltr'>δουκαίων,</span> 
     </span>
    </p>
   </div>
   <div class='ocr_carea' id='block_1_47' title="bbox 1882 2497 2854 2567">
    <p class='ocr_par' dir='ltr' id='par_1_47' title="bbox 2580 2523 2854 2567">
     <span class='ocr_line' id='line_1_47' title="bbox 2580 2523 2854 2567; baseline 0 -2"><span class='ocrx_word' id='word_1_350' title='bbox 2580 2523 2833 2567; x_wconf 72' lang='lat' dir='ltr'><strong>eteorum</strong></span> <span class='ocrx_word' id='word_1_351' title='bbox 2841 2550 2854 2565; x_wconf 85' lang='lat'><strong>.</strong></span> 
     </span>
    </p>
   </div>
   <div class='ocr_carea' id='block_1_48' title="bbox 238 2611 1782 2693">
    <p class='ocr_par' dir='ltr' id='par_1_48' title="bbox 238 2615 1782 2693">
     <span class='ocr_line' id='line_1_48' title="bbox 238 2615 1782 2693; baseline 0.003 -23"><span class='ocrx_word' id='word_1_352' title='bbox 238 2621 341 2670; x_wconf 76' lang='grc' dir='ltr'><strong>Καὶ</strong></span> <span class='ocrx_word' id='word_1_353' title='bbox 399 2648 474 2659; x_wconf 89' lang='grc'><strong>-</strong></span> <span class='ocrx_word' id='word_1_354' title='bbox 537 2615 711 2671; x_wconf 77' lang='grc' dir='ltr'>λαϐεῖν</span> <span class='ocrx_word' id='word_1_355' title='bbox 744 2656 758 2670; x_wconf 91' lang='grc'><strong>.</strong></span> <span class='ocrx_word' id='word_1_356' title='bbox 824 2618 1163 2692; x_wconf 73' lang='grc' dir='ltr'>[Ἃρκοῦντας</span> <span class='ocrx_word' id='word_1_357' title='bbox 1217 2619 1330 2693; x_wconf 83' lang='grc'><strong>(18)</strong></span> <span class='ocrx_word' id='word_1_358' title='bbox 1377 2619 1551 2684; x_wconf 78' lang='grc' dir='ltr'>αὐτοῖς</span> <span class='ocrx_word' id='word_1_359' title='bbox 1603 2617 1782 2681; x_wconf 82' lang='grc' dir='ltr'>δηλον-</span> 
     </span>
    </p>
   </div>
   <div class='ocr_carea' id='block_1_49' title="bbox 1882 2611 3550 2693">
    <p class='ocr_par' dir='ltr' id='par_1_49' title="bbox 1966 2611 3550 2689">
     <span class='ocr_line' id='line_1_49' title="bbox 1966 2611 3550 2689; baseline 0.004 -22"><span class='ocrx_word' id='word_1_360' title='bbox 1966 2611 2131 2669; x_wconf 87' lang='lat' dir='ltr'><strong>Vers.</strong></span> <span class='ocrx_word' id='word_1_361' title='bbox 2162 2614 2218 2669; x_wconf 76' lang='lat'><strong>5.</strong></span> <span class='ocrx_word' id='word_1_362' title='bbox 2256 2613 2338 2671; x_wconf 86' lang='lat' dir='ltr'><strong>Et</strong></span> <span class='ocrx_word' id='word_1_363' title='bbox 2365 2646 2433 2655; x_wconf 96' lang='lat'><strong>—</strong></span> <span class='ocrx_word' id='word_1_364' title='bbox 2456 2630 2704 2674; x_wconf 83' lang='lat' dir='ltr'><strong>sumere.</strong></span> <span class='ocrx_word' id='word_1_365' title='bbox 2737 2618 2780 2689; x_wconf 69' lang='grc' dir='ltr'><strong>-ί-</strong></span> <span class='ocrx_word' id='word_1_366' title='bbox 2810 2616 2922 2684; x_wconf 88' lang='lat' dir='ltr'><strong>Qui</strong></span> <span class='ocrx_word' id='word_1_367' title='bbox 2950 2615 3216 2674; x_wconf 86' lang='lat' dir='ltr'><strong>videlicet</strong></span> <span class='ocrx_word' id='word_1_368' title='bbox 3253 2617 3340 2674; x_wconf 88' lang='lat' dir='ltr'><strong>eis</strong></span> <span class='ocrx_word' id='word_1_369' title='bbox 3390 2616 3550 2674; x_wconf 76' lang='lat' dir='ltr'><strong>autﬁ-</strong></span> 
     </span>
    </p>
   </div>
   <div class='ocr_carea' id='block_1_50' title="bbox 174 2704 1782 2780">
    <p class='ocr_par' dir='ltr' id='par_1_50' title="bbox 174 2704 312 2780">
     <span class='ocr_line' id='line_1_50' title="bbox 174 2704 312 2780; baseline 0.036 -22"><span class='ocrx_word' id='word_1_370' title='bbox 174 2704 312 2780; x_wconf 86' lang='grc' dir='ltr'>ότι.]</span> 
     </span>
    </p>
   </div>
   <div class='ocr_carea' id='block_1_51' title="bbox 1882 2704 2113 2780">
    <p class='ocr_par' dir='ltr' id='par_1_51' title="bbox 1894 2706 2113 2758">
     <span class='ocr_line' id='line_1_51' title="bbox 1894 2706 2113 2758; baseline 0 0"><span class='ocrx_word' id='word_1_371' title='bbox 1894 2706 2113 2758; x_wconf 81' lang='lat' dir='ltr'><strong>carent.</strong></span> 
     </span>
    </p>
   </div>
   <div class='ocr_carea' id='block_1_52' title="bbox 238 2791 1782 2876">
    <p class='ocr_par' dir='ltr' id='par_1_52' title="bbox 238 2791 1782 2876">
     <span class='ocr_line' id='line_1_52' title="bbox 238 2791 1782 2876; baseline 0.005 -28"><span class='ocrx_word' id='word_1_372' title='bbox 238 2794 297 2848; x_wconf 85' lang='lat'><strong>&#39;0</strong></span> <span class='ocrx_word' id='word_1_373' title='bbox 355 2791 421 2848; x_wconf 75' lang='grc' dir='ltr'><strong>δε</strong></span> <span class='ocrx_word' id='word_1_374' title='bbox 479 2797 698 2869; x_wconf 76' lang='grc' dir='ltr'>Μάρκος</span> <span class='ocrx_word' id='word_1_375' title='bbox 743 2792 900 2863; x_wconf 79' lang='grc' dir='ltr'>εἶπεν,</span> <span class='ocrx_word' id='word_1_376' title='bbox 933 2799 1012 2851; x_wconf 84' lang='grc' dir='ltr'>ὅτι</span> <span class='ocrx_word' id='word_1_377' title='bbox 1057 2803 1147 2852; x_wconf 73' lang='grc' dir='ltr'>καὶ</span> <span class='ocrx_word' id='word_1_378' title='bbox 1190 2798 1234 2852; x_wconf 81' lang='grc' dir='ltr'>εἰ</span> <span class='ocrx_word' id='word_1_379' title='bbox 1274 2803 1343 2872; x_wconf 80' lang='grc' dir='ltr'>μὴ</span> <span class='ocrx_word' id='word_1_380' title='bbox 1381 2801 1468 2854; x_wconf 78' lang='grc' dir='ltr'>ἕνα</span> <span class='ocrx_word' id='word_1_381' title='bbox 1495 2802 1652 2876; x_wconf 79' lang='grc' dir='ltr'>ἄρτον</span> <span class='ocrx_word' id='word_1_382' title='bbox 1690 2803 1782 2856; x_wconf 78' lang='grc' dir='ltr'>οὐκ</span> 
     </span>
    </p>
   </div>
   <div class='ocr_carea' id='block_1_53' title="bbox 1882 2791 3547 2876">
    <p class='ocr_par' dir='ltr' id='par_1_53' title="bbox 1963 2792 3547 2870">
     <span class='ocr_line' id='line_1_53' title="bbox 1963 2792 3547 2870; baseline 0.004 -22"><span class='ocrx_word' id='word_1_383' title='bbox 1963 2792 2187 2848; x_wconf 84' lang='lat' dir='ltr'><strong>Marcus</strong></span> <span class='ocrx_word' id='word_1_384' title='bbox 2244 2796 2445 2849; x_wconf 91' lang='lat' dir='ltr'><strong>autem</strong></span> <span class='ocrx_word' id='word_1_385' title='bbox 2476 2793 2618 2851; x_wconf 85' lang='lat' dir='ltr'><strong>dicit</strong></span> <span class='ocrx_word' id='word_1_386' title='bbox 2650 2797 2715 2867; x_wconf 78' lang='grc'><strong>⁷⁸,</strong></span> <span class='ocrx_word' id='word_1_387' title='bbox 2743 2795 2911 2868; x_wconf 90' lang='lat' dir='ltr'><strong>quod</strong></span> <span class='ocrx_word' id='word_1_388' title='bbox 2954 2811 3146 2853; x_wconf 92' lang='lat' dir='ltr'><strong>unum</strong></span> <span class='ocrx_word' id='word_1_389' title='bbox 3172 2800 3406 2854; x_wconf 88' lang='lat' dir='ltr'><strong>tantum</strong></span> <span class='ocrx_word' id='word_1_390' title='bbox 3444 2813 3547 2870; x_wconf 87' lang='lat' dir='ltr'><strong>pa-</strong></span> 
     </span>
    </p>
   </div>
   <div class='ocr_carea' id='block_1_54' title="bbox 179 2878 1782 2959">
    <p class='ocr_par' dir='ltr' id='par_1_54' title="bbox 179 2880 1079 2959">
     <span class='ocr_line' id='line_1_54' title="bbox 179 2880 1079 2959; baseline 0.008 -23"><span class='ocrx_word' id='word_1_391' title='bbox 179 2880 316 2956; x_wconf 82' lang='grc' dir='ltr'>εἶχον</span> <span class='ocrx_word' id='word_1_392' title='bbox 342 2885 463 2957; x_wconf 72' lang='grc' dir='ltr'>μεθ’</span> <span class='ocrx_word' id='word_1_393' title='bbox 495 2884 690 2937; x_wconf 77' lang='grc' dir='ltr'>ἑαυτῶν</span> <span class='ocrx_word' id='word_1_394' title='bbox 715 2888 762 2938; x_wconf 84' lang='lat' dir='ltr'><strong>iv</strong></span> <span class='ocrx_word' id='word_1_395' title='bbox 790 2894 864 2958; x_wconf 82' lang='grc' dir='ltr'>τῷ</span> <span class='ocrx_word' id='word_1_396' title='bbox 893 2886 1079 2959; x_wconf 83' lang='grc' dir='ltr'>πλοίῳ.</span> 
     </span>
    </p>
   </div>
   <div class='ocr_carea' id='block_1_55' title="bbox 1882 2878 2902 2959">
    <p class='ocr_par' dir='ltr' id='par_1_55' title="bbox 1890 2878 2902 2943">
     <span class='ocr_line' id='line_1_55' title="bbox 1890 2878 2902 2943; baseline 0.007 -10"><span class='ocrx_word' id='word_1_397' title='bbox 1890 2892 2032 2934; x_wconf 84' lang='lat' dir='ltr'><strong>nam</strong></span> <span class='ocrx_word' id='word_1_398' title='bbox 2060 2878 2369 2938; x_wconf 90' lang='lat' dir='ltr'><strong>habebant</strong></span> <span class='ocrx_word' id='word_1_399' title='bbox 2404 2899 2611 2942; x_wconf 88' lang='lat' dir='ltr'><strong>secum</strong></span> <span class='ocrx_word' id='word_1_400' title='bbox 2641 2886 2704 2941; x_wconf 90' lang='lat' dir='ltr'><strong>in</strong></span> <span class='ocrx_word' id='word_1_401' title='bbox 2742 2887 2902 2943; x_wconf 83' lang='lat' dir='ltr'><strong>navi.</strong></span> 
     </span>
    </p>
   </div>
   <div class='ocr_carea' id='block_1_56' title="bbox 240 2971 1782 3074">
    <p class='ocr_par' dir='ltr' id='par_1_56' title="bbox 240 2989 1781 3074">
     <span class='ocr_line' id='line_1_56' title="bbox 240 2989 1781 3074; baseline 0.007 -30"><span class='ocrx_word' id='word_1_402' title='bbox 240 2999 298 3045; x_wconf 92' lang='grc' dir='ltr'>Ὁ</span> <span class='ocrx_word' id='word_1_403' title='bbox 351 2989 416 3045; x_wconf 72' lang='grc' dir='ltr'><strong>δε</strong></span> <span class='ocrx_word' id='word_1_404' title='bbox 454 2994 671 3055; x_wconf 80' lang='grc' dir='ltr'>Ἰησοῦς</span> <span class='ocrx_word' id='word_1_405' title='bbox 748 3024 816 3034; x_wconf 91' lang='grc'><strong>-</strong></span> <span class='ocrx_word' id='word_1_406' title='bbox 859 2991 1232 3050; x_wconf 77' lang='grc' dir='ltr'>Σαδδουκαίων</span> <span class='ocrx_word' id='word_1_407' title='bbox 1265 3040 1277 3053; x_wconf 93' lang='grc'><strong>.</strong></span> <span class='ocrx_word' id='word_1_408' title='bbox 1330 2997 1389 3052; x_wconf 79' lang='grc'><strong>’0</strong></span> <span class='ocrx_word' id='word_1_409' title='bbox 1455 2996 1515 3053; x_wconf 72' lang='grc' dir='ltr'><strong>δε</strong></span> <span class='ocrx_word' id='word_1_410' title='bbox 1572 3003 1781 3074; x_wconf 76' lang='grc' dir='ltr'>Μάρκος</span> 
     </span>
    </p>
   </div>
   <div class='ocr_carea' id='block_1_57' title="bbox 1882 2971 3547 3074">
    <p class='ocr_par' dir='ltr' id='par_1_57' title="bbox 1962 2971 3547 3056">
     <span class='ocr_line' id='line_1_57' title="bbox 1962 2971 3547 3056; baseline 0.008 -33"><span class='ocrx_word' id='word_1_411' title='bbox 1962 2971 2120 3025; x_wconf 85' lang='lat' dir='ltr'><strong>Vers.</strong></span> <span class='ocrx_word' id='word_1_412' title='bbox 2165 2971 2219 3025; x_wconf 90' lang='lat'><strong>6.</strong></span> <span class='ocrx_word' id='word_1_413' title='bbox 2285 2972 2451 3028; x_wconf 83' lang='lat' dir='ltr'><strong>Jesus</strong></span> <span class='ocrx_word' id='word_1_414' title='bbox 2512 3005 2579 3016; x_wconf 87' lang='lat'>—</span> <span class='ocrx_word' id='word_1_415' title='bbox 2628 2974 3069 3033; x_wconf 72' lang='lat' dir='ltr'><strong>Sadducwrum.</strong></span> <span class='ocrx_word' id='word_1_416' title='bbox 3118 2978 3344 3056; x_wconf 73' lang='lat' dir='ltr'><strong>Marcus</strong></span> <span class='ocrx_word' id='word_1_417' title='bbox 3402 2991 3547 3034; x_wconf 83' lang='lat' dir='ltr'><strong>vero</strong></span> 
     </span>
    </p>
   </div>
   <div class='ocr_carea' id='block_1_58' title="bbox 179 3057 1782 3164">
    <p class='ocr_par' dir='ltr' id='par_1_58' title="bbox 179 3057 1779 3164">
     <span class='ocr_line' id='line_1_58' title="bbox 179 3057 1779 3164; baseline 0.006 -30"><span class='ocrx_word' id='word_1_418' title='bbox 179 3082 402 3156; x_wconf 75' lang='grc' dir='ltr'>εἴρηκεν,</span> <span class='ocrx_word' id='word_1_419' title='bbox 463 3083 546 3134; x_wconf 87' lang='grc' dir='ltr'>ὅτι</span> <span class='ocrx_word' id='word_1_420' title='bbox 604 3087 694 3135; x_wconf 81' lang='grc' dir='ltr'>καὶ</span> <span class='ocrx_word' id='word_1_421' title='bbox 747 3079 1066 3138; x_wconf 71' lang='grc' dir='ltr'>διεστόλετο</span> <span class='ocrx_word' id='word_1_422' title='bbox 1121 3086 1314 3158; x_wconf 72' lang='grc' dir='ltr'>αὐτοῖς,</span> <span class='ocrx_word' id='word_1_423' title='bbox 1355 3088 1532 3160; x_wconf 70' lang='grc' dir='ltr'>λέγων·</span> <span class='ocrx_word' id='word_1_424' title='bbox 1573 3057 1779 3164; x_wconf 42' lang='grc' dir='ltr'>Ὁριᾶτε,</span> 
     </span>
    </p>
   </div>
   <div class='ocr_carea' id='block_1_59' title="bbox 1882 3057 3542 3164">
    <p class='ocr_par' dir='ltr' id='par_1_59' title="bbox 1889 3057 3542 3138">
     <span class='ocr_line' id='line_1_59' title="bbox 1889 3057 3542 3138; baseline 0.005 -24"><span class='ocrx_word' id='word_1_425' title='bbox 1889 3057 2038 3116; x_wconf 81' lang='lat' dir='ltr'><strong>dixit</strong></span> <span class='ocrx_word' id='word_1_426' title='bbox 2065 3061 2134 3126; x_wconf 78' lang='grc'><strong>⁷⁷,</strong></span> <span class='ocrx_word' id='word_1_427' title='bbox 2171 3060 2336 3132; x_wconf 91' lang='lat' dir='ltr'><strong>quod</strong></span> <span class='ocrx_word' id='word_1_428' title='bbox 2371 3062 2550 3120; x_wconf 78' lang='lat' dir='ltr'><strong>etiam</strong></span> <span class='ocrx_word' id='word_1_429' title='bbox 2590 3067 2870 3138; x_wconf 67' lang='lat' dir='ltr'><strong>praecepit</strong></span> <span class='ocrx_word' id='word_1_430' title='bbox 2901 3067 2987 3121; x_wconf 89' lang='lat' dir='ltr'><strong>eis</strong></span> <span class='ocrx_word' id='word_1_431' title='bbox 3045 3065 3254 3121; x_wconf 89' lang='lat' dir='ltr'><strong>dicens</strong></span> <span class='ocrx_word' id='word_1_432' title='bbox 3289 3082 3301 3122; x_wconf 87' lang='lat'><strong>:</strong></span> <span class='ocrx_word' id='word_1_433' title='bbox 3347 3065 3542 3122; x_wconf 77' lang='lat' dir='ltr'><strong>Videte</strong></span> 
     </span>
    </p>
   </div>
   <div class='ocr_carea' id='block_1_60' title="bbox 178 3169 1857 3276">
    <p class='ocr_par' dir='ltr' id='par_1_60' title="bbox 178 3169 1857 3276">
     <span class='ocr_line' id='line_1_60' title="bbox 178 3169 1857 3276; baseline 0.006 -52"><span class='ocrx_word' id='word_1_434' title='bbox 178 3169 392 3243; x_wconf 74' lang='grc' dir='ltr'>βλέπετε</span> <span class='ocrx_word' id='word_1_435' title='bbox 463 3171 580 3276; x_wconf 45' lang='grc' dir='ltr'><strong>ἀπὶ</strong></span> <span class='ocrx_word' id='word_1_436' title='bbox 618 3180 714 3234; x_wconf 78' lang='grc' dir='ltr'>τῆς</span> <span class='ocrx_word' id='word_1_437' title='bbox 766 3173 938 3246; x_wconf 75' lang='grc' dir='ltr'>ζύμης</span> <span class='ocrx_word' id='word_1_438' title='bbox 1000 3182 1100 3226; x_wconf 84' lang='grc' dir='ltr'>τῶν</span> <span class='ocrx_word' id='word_1_439' title='bbox 1149 3183 1484 3251; x_wconf 74' lang='grc' dir='ltr'>Φαρισαίων,</span> <span class='ocrx_word' id='word_1_440' title='bbox 1538 3185 1628 3233; x_wconf 81' lang='grc' dir='ltr'>καὶ</span> <span class='ocrx_word' id='word_1_441' title='bbox 1690 3188 1780 3241; x_wconf 85' lang='grc' dir='ltr'>τῆς</span> <span class='ocrx_word' id='word_1_442' title='bbox 1817 3219 1857 3276; x_wconf 81' lang='lat' dir='ltr'>C</span> 
     </span>
    </p>
   </div>
   <div class='ocr_carea' id='block_1_61' title="bbox 181 3255 1775 3338">
    <p class='ocr_par' dir='ltr' id='par_1_61' title="bbox 181 3255 1775 3338">
     <span class='ocr_line' id='line_1_61' title="bbox 181 3255 1775 3338; baseline 0.007 -28"><span class='ocrx_word' id='word_1_443' title='bbox 181 3263 340 3333; x_wconf 77' lang='grc' dir='ltr'>ζύμης</span> <span class='ocrx_word' id='word_1_444' title='bbox 401 3255 666 3333; x_wconf 79' lang='grc' dir='ltr'>Ἡρώδου.</span> <span class='ocrx_word' id='word_1_445' title='bbox 745 3262 1067 3316; x_wconf 82' lang='grc' dir='ltr'>Διεστελλετο</span> <span class='ocrx_word' id='word_1_446' title='bbox 1148 3268 1238 3338; x_wconf 67' lang='grc' dir='ltr'>μὲν</span> <span class='ocrx_word' id='word_1_447' title='bbox 1319 3263 1425 3333; x_wconf 78' lang='grc' dir='ltr'>οὖν,</span> <span class='ocrx_word' id='word_1_448' title='bbox 1500 3265 1614 3321; x_wconf 75' lang='grc' dir='ltr'>ἀντὶ</span> <span class='ocrx_word' id='word_1_449' title='bbox 1663 3277 1775 3334; x_wconf 85' lang='grc' dir='ltr'>τοῦ,</span> 
     </span>
    </p>
   </div>
   <div class='ocr_carea' id='block_1_62' title="bbox 178 3345 1779 3427">
    <p class='ocr_par' dir='ltr' id='par_1_62' title="bbox 178 3345 1779 3427">
     <span class='ocr_line' id='line_1_62' title="bbox 178 3345 1779 3427; baseline 0.004 -26"><span class='ocrx_word' id='word_1_450' title='bbox 178 3349 533 3423; x_wconf 74' lang='grc' dir='ltr'>Παρήγγελλε·</span> <span class='ocrx_word' id='word_1_451' title='bbox 585 3353 644 3401; x_wconf 85' lang='grc' dir='ltr'>τὸ</span> <span class='ocrx_word' id='word_1_452' title='bbox 697 3345 794 3416; x_wconf 73' lang='grc' dir='ltr'><strong>δε,</strong></span> <span class='ocrx_word' id='word_1_453' title='bbox 842 3350 1060 3427; x_wconf 84' lang='grc' dir='ltr'>Ὀρᾶτε,</span> <span class='ocrx_word' id='word_1_454' title='bbox 1120 3352 1366 3426; x_wconf 82' lang='grc' dir='ltr'>βλέπετε,</span> <span class='ocrx_word' id='word_1_455' title='bbox 1421 3353 1779 3420; x_wconf 80' lang='grc' dir='ltr'>ἁναδίπλωσίς</span> 
     </span>
    </p>
   </div>
   <div class='ocr_carea' id='block_1_63' title="bbox 178 3437 1776 3520">
    <p class='ocr_par' dir='ltr' id='par_1_63' title="bbox 178 3437 1776 3520">
     <span class='ocr_line' id='line_1_63' title="bbox 178 3437 1776 3520; baseline 0.005 -29"><span class='ocrx_word' id='word_1_456' title='bbox 178 3437 332 3504; x_wconf 72' lang='grc' dir='ltr'>ἐστιν,</span> <span class='ocrx_word' id='word_1_457' title='bbox 422 3437 748 3511; x_wconf 69' lang='grc' dir='ltr'>ἄμφαίνουσα</span> <span class='ocrx_word' id='word_1_458' title='bbox 803 3439 1042 3495; x_wconf 77' lang='grc' dir='ltr'>ίπίτασιν</span> <span class='ocrx_word' id='word_1_459' title='bbox 1109 3452 1201 3506; x_wconf 86' lang='grc' dir='ltr'>τῆς</span> <span class='ocrx_word' id='word_1_460' title='bbox 1256 3445 1625 3520; x_wconf 75' lang='grc' dir='ltr'>παραγγελίαςο</span> <span class='ocrx_word' id='word_1_461' title='bbox 1688 3448 1776 3508; x_wconf 79' lang='grc' dir='ltr'><strong>ζύ-</strong></span> 
     </span>
    </p>
   </div>
   <div class='ocr_carea' id='block_1_64' title="bbox 181 3524 1775 3605">
    <p class='ocr_par' dir='ltr' id='par_1_64' title="bbox 181 3524 1775 3605">
     <span class='ocr_line' id='line_1_64' title="bbox 181 3524 1775 3605; baseline 0.009 -25"><span class='ocrx_word' id='word_1_462' title='bbox 181 3549 273 3600; x_wconf 75' lang='grc' dir='ltr'>μιν</span> <span class='ocrx_word' id='word_1_463' title='bbox 349 3524 416 3581; x_wconf 74' lang='grc' dir='ltr'><strong>δε</strong></span> <span class='ocrx_word' id='word_1_464' title='bbox 463 3527 601 3599; x_wconf 70' lang='grc' dir='ltr'>λεγει</span> <span class='ocrx_word' id='word_1_465' title='bbox 665 3535 984 3602; x_wconf 72' lang='grc' dir='ltr'>Φαρισαίων,</span> <span class='ocrx_word' id='word_1_466' title='bbox 1051 3539 1140 3586; x_wconf 81' lang='grc' dir='ltr'>καὶ</span> <span class='ocrx_word' id='word_1_467' title='bbox 1222 3531 1614 3605; x_wconf 84' lang='grc' dir='ltr'>Σαδδουκαίων,</span> <span class='ocrx_word' id='word_1_468' title='bbox 1685 3548 1775 3596; x_wconf 80' lang='grc' dir='ltr'>καὶ</span> 
     </span>
    </p>
   </div>
   <div class='ocr_carea' id='block_1_65' title="bbox 180 3614 1774 3696">
    <p class='ocr_par' dir='ltr' id='par_1_65' title="bbox 180 3614 1774 3696">
     <span class='ocr_line' id='line_1_65' title="bbox 180 3614 1774 3696; baseline 0.009 -27"><span class='ocrx_word' id='word_1_469' title='bbox 180 3615 434 3691; x_wconf 74' lang='grc' dir='ltr'>Ἦρὺδου,</span> <span class='ocrx_word' id='word_1_470' title='bbox 466 3622 556 3677; x_wconf 71' lang='grc' dir='ltr'>τήν</span> <span class='ocrx_word' id='word_1_471' title='bbox 601 3614 842 3691; x_wconf 81' lang='grc' dir='ltr'>διδαχὴν</span> <span class='ocrx_word' id='word_1_472' title='bbox 885 3629 985 3673; x_wconf 87' lang='grc' dir='ltr'>τῶν</span> <span class='ocrx_word' id='word_1_473' title='bbox 1028 3627 1348 3696; x_wconf 72' lang='grc' dir='ltr'>Φαρισαίων,</span> <span class='ocrx_word' id='word_1_474' title='bbox 1391 3631 1479 3679; x_wconf 81' lang='grc' dir='ltr'>καὶ</span> <span class='ocrx_word' id='word_1_475' title='bbox 1533 3625 1774 3683; x_wconf 80' lang='grc' dir='ltr'>Σαδδου-</span> 
     </span>
    </p>
   </div>
   <div class='ocr_carea' id='block_1_66' title="bbox 187 3704 1772 3795">
    <p class='ocr_par' dir='ltr' id='par_1_66' title="bbox 187 3704 1772 3795">
     <span class='ocr_line' id='line_1_66' title="bbox 187 3704 1772 3795; baseline 0.009 -35"><span class='ocrx_word' id='word_1_476' title='bbox 187 3713 345 3774; x_wconf 77' lang='grc' dir='ltr'>καίων,</span> <span class='ocrx_word' id='word_1_477' title='bbox 407 3712 499 3760; x_wconf 72' lang='grc' dir='ltr'>καὶ</span> <span class='ocrx_word' id='word_1_478' title='bbox 553 3704 916 3783; x_wconf 81' lang='grc' dir='ltr'>Ἦρωδιανῶν.</span> <span class='ocrx_word' id='word_1_479' title='bbox 973 3718 1359 3789; x_wconf 83' lang='grc' dir='ltr'>Προειρήκαμεν</span> <span class='ocrx_word' id='word_1_480' title='bbox 1409 3715 1468 3772; x_wconf 74' lang='grc' dir='ltr'><strong>δε</strong></span> <span class='ocrx_word' id='word_1_481' title='bbox 1513 3726 1631 3795; x_wconf 86' lang='grc' dir='ltr'>περὶ</span> <span class='ocrx_word' id='word_1_482' title='bbox 1681 3721 1772 3795; x_wconf 77' lang='grc' dir='ltr'>μὶν</span> 
     </span>
    </p>
   </div>
   <div class='ocr_carea' id='block_1_67' title="bbox 181 3796 1774 3886">
    <p class='ocr_par' dir='ltr' id='par_1_67' title="bbox 181 3796 1774 3886">
     <span class='ocr_line' id='line_1_67' title="bbox 181 3796 1774 3886; baseline 0.011 -39"><span class='ocrx_word' id='word_1_483' title='bbox 181 3805 266 3847; x_wconf 78' lang='grc' dir='ltr'>τῶν</span> <span class='ocrx_word' id='word_1_484' title='bbox 334 3801 643 3869; x_wconf 84' lang='grc' dir='ltr'>Φαρισαίων</span> <span class='ocrx_word' id='word_1_485' title='bbox 685 3802 776 3852; x_wconf 81' lang='grc' dir='ltr'>καὶ</span> <span class='ocrx_word' id='word_1_486' title='bbox 825 3796 1195 3856; x_wconf 86' lang='grc' dir='ltr'>Σαδδουκαίων</span> <span class='ocrx_word' id='word_1_487' title='bbox 1252 3805 1301 3858; x_wconf 88' lang='lat' dir='ltr'><strong>iv</strong></span> <span class='ocrx_word' id='word_1_488' title='bbox 1346 3815 1420 3878; x_wconf 84' lang='grc' dir='ltr'>τῷ</span> <span class='ocrx_word' id='word_1_489' title='bbox 1470 3815 1630 3886; x_wconf 86' lang='grc' dir='ltr'>τρίτῳ</span> <span class='ocrx_word' id='word_1_490' title='bbox 1693 3831 1774 3864; x_wconf 93' lang='grc' dir='ltr'>κε-</span> 
     </span>
    </p>
   </div>
   <div class='ocr_carea' id='block_1_68' title="bbox 179 3883 1772 3976">
    <p class='ocr_par' dir='ltr' id='par_1_68' title="bbox 179 3883 1772 3976">
     <span class='ocr_line' id='line_1_68' title="bbox 179 3883 1772 3976; baseline 0.012 -40"><span class='ocrx_word' id='word_1_491' title='bbox 179 3885 388 3957; x_wconf 58' lang='grc' dir='ltr'>φαλαίῳ,</span> <span class='ocrx_word' id='word_1_492' title='bbox 426 3890 544 3958; x_wconf 86' lang='grc' dir='ltr'>περὶ</span> <span class='ocrx_word' id='word_1_493' title='bbox 570 3883 630 3939; x_wconf 76' lang='grc' dir='ltr'><strong>δε</strong></span> <span class='ocrx_word' id='word_1_494' title='bbox 653 3895 754 3940; x_wconf 81' lang='grc' dir='ltr'>τῶν</span> <span class='ocrx_word' id='word_1_495' title='bbox 780 3886 1112 3963; x_wconf 81' lang='grc' dir='ltr'>Ἠρωδιανῶν</span> <span class='ocrx_word' id='word_1_496' title='bbox 1138 3891 1186 3946; x_wconf 88' lang='lat' dir='ltr'><strong>iv</strong></span> <span class='ocrx_word' id='word_1_497' title='bbox 1216 3903 1288 3966; x_wconf 85' lang='grc' dir='ltr'>τῷ</span> <span class='ocrx_word' id='word_1_498' title='bbox 1337 3883 1556 3971; x_wconf 82' lang='grc' dir='ltr'>εἰκοστῷ</span> <span class='ocrx_word' id='word_1_499' title='bbox 1585 3906 1772 3976; x_wconf 74' lang='grc' dir='ltr'>πρώτῳ</span> 
     </span>
    </p>
   </div>
   <div class='ocr_carea' id='block_1_69' title="bbox 173 3973 1772 4062">
    <p class='ocr_par' dir='ltr' id='par_1_69' title="bbox 173 3973 1772 4062">
     <span class='ocr_line' id='line_1_69' title="bbox 173 3973 1772 4062; baseline 0.014 -41"><span class='ocrx_word' id='word_1_500' title='bbox 173 3974 452 4062; x_wconf 66' lang='grc' dir='ltr'>κεφαλαίῳ.</span> <span class='ocrx_word' id='word_1_501' title='bbox 484 3977 665 4048; x_wconf 72' lang='grc' dir='ltr'>Ζύμην</span> <span class='ocrx_word' id='word_1_502' title='bbox 695 3973 757 4030; x_wconf 71' lang='grc' dir='ltr'><strong>δε</strong></span> <span class='ocrx_word' id='word_1_503' title='bbox 800 3981 895 4038; x_wconf 66' lang='grc' dir='ltr'>τὴν</span> <span class='ocrx_word' id='word_1_504' title='bbox 938 3975 1180 4054; x_wconf 79' lang='grc' dir='ltr'>διδαχὴν</span> <span class='ocrx_word' id='word_1_505' title='bbox 1227 3984 1388 4046; x_wconf 69' lang='grc' dir='ltr'>αὐτὴν</span> <span class='ocrx_word' id='word_1_506' title='bbox 1418 3973 1672 4062; x_wconf 75' lang='grc' dir='ltr'>ἐκάλεσεν,</span> <span class='ocrx_word' id='word_1_507' title='bbox 1707 3973 1772 4053; x_wconf 81' lang='grc' dir='ltr'>ὡς</span> 
     </span>
    </p>
   </div>
   <div class='ocr_carea' id='block_1_70' title="bbox 172 4059 712 4139">
    <p class='ocr_par' dir='ltr' id='par_1_70' title="bbox 172 4059 712 4139">
     <span class='ocr_line' id='line_1_70' title="bbox 172 4059 712 4139; baseline 0.013 -26"><span class='ocrx_word' id='word_1_508' title='bbox 172 4059 337 4126; x_wconf 76' lang='grc' dir='ltr'>ὀξώδη</span> <span class='ocrx_word' id='word_1_509' title='bbox 356 4071 454 4115; x_wconf 78' lang='grc' dir='ltr'><strong>καί</strong></span> <span class='ocrx_word' id='word_1_510' title='bbox 485 4067 712 4139; x_wconf 76' lang='grc' dir='ltr'>σαπράν.</span> 
     </span>
    </p>
   </div>
   <div class='ocr_carea' id='block_1_71' title="bbox 1887 3152 3549 3224">
    <p class='ocr_par' dir='ltr' id='par_1_71' title="bbox 1887 3152 3549 3224">
     <span class='ocr_line' id='line_1_71' title="bbox 1887 3152 3549 3224; baseline 0.005 -20"><span class='ocrx_word' id='word_1_511' title='bbox 1887 3155 1940 3206; x_wconf 81' lang='lat' dir='ltr'><strong>et</strong></span> <span class='ocrx_word' id='word_1_512' title='bbox 1953 3155 2141 3205; x_wconf 80' lang='lat' dir='ltr'><strong>cavete</strong></span> <span class='ocrx_word' id='word_1_513' title='bbox 2153 3164 2189 3204; x_wconf 88' lang='lat' dir='ltr'><strong>a</strong></span> <span class='ocrx_word' id='word_1_514' title='bbox 2204 3152 2487 3219; x_wconf 69' lang='lat' dir='ltr'><strong>fermento</strong></span> <span class='ocrx_word' id='word_1_515' title='bbox 2502 3152 2954 3220; x_wconf 68' lang='lat' dir='ltr'><strong>Pharisaeorum,</strong></span> <span class='ocrx_word' id='word_1_516' title='bbox 2979 3160 3032 3211; x_wconf 90' lang='lat' dir='ltr'><strong>et</strong></span> <span class='ocrx_word' id='word_1_517' title='bbox 3050 3156 3342 3224; x_wconf 81' lang='lat' dir='ltr'><strong>fermentp</strong></span> <span class='ocrx_word' id='word_1_518' title='bbox 3360 3157 3549 3213; x_wconf 80' lang='lat' dir='ltr'><strong>Hero-</strong></span> 
     </span>
    </p>
   </div>
   <div class='ocr_carea' id='block_1_72' title="bbox 1886 3237 3544 3314">
    <p class='ocr_par' dir='ltr' id='par_1_72' title="bbox 1886 3237 3544 3314">
     <span class='ocr_line' id='line_1_72' title="bbox 1886 3237 3544 3314; baseline 0.004 -22"><span class='ocrx_word' id='word_1_519' title='bbox 1886 3237 1994 3294; x_wconf 85' lang='lat' dir='ltr'><strong>dis.</strong></span> <span class='ocrx_word' id='word_1_520' title='bbox 2050 3237 2315 3292; x_wconf 86' lang='lat' dir='ltr'><strong>Verbum</strong></span> <span class='ocrx_word' id='word_1_521' title='bbox 2363 3245 2565 3295; x_wconf 87' lang='lat' dir='ltr'><strong>autem</strong></span> <span class='ocrx_word' id='word_1_522' title='bbox 2609 3243 2784 3298; x_wconf 84' lang='lat' dir='ltr'><strong>Marci</strong></span> <span class='ocrx_word' id='word_1_523' title='bbox 2854 3239 3170 3294; x_wconf 78' lang='grc' dir='ltr'>διεστέλλετο</span> <span class='ocrx_word' id='word_1_524' title='bbox 3218 3244 3350 3314; x_wconf 90' lang='lat' dir='ltr'><strong>(pro</strong></span> <span class='ocrx_word' id='word_1_525' title='bbox 3421 3259 3544 3314; x_wconf 90' lang='lat' dir='ltr'><strong>quo</strong></span> 
     </span>
    </p>
   </div>
   <div class='ocr_carea' id='block_1_73' title="bbox 1885 3327 3546 3404">
    <p class='ocr_par' dir='ltr' id='par_1_73' title="bbox 1885 3327 3546 3404">
     <span class='ocr_line' id='line_1_73' title="bbox 1885 3327 3546 3404; baseline 0.003 -22"><span class='ocrx_word' id='word_1_526' title='bbox 1885 3327 2190 3394; x_wconf 86' lang='lat' dir='ltr'><strong>vertimus,</strong></span> <span class='ocrx_word' id='word_1_527' title='bbox 2233 3332 2528 3404; x_wconf 75' lang='lat' dir='ltr'><strong>praecpit)</strong></span> <span class='ocrx_word' id='word_1_528' title='bbox 2583 3331 2911 3402; x_wconf 88' lang='lat' dir='ltr'><strong>improprie</strong></span> <span class='ocrx_word' id='word_1_529' title='bbox 2964 3331 3214 3402; x_wconf 89' lang='lat' dir='ltr'><strong>capitur,</strong></span> <span class='ocrx_word' id='word_1_530' title='bbox 3249 3330 3401 3386; x_wconf 88' lang='lat' dir='ltr'><strong>sicut</strong></span> <span class='ocrx_word' id='word_1_531' title='bbox 3429 3329 3546 3387; x_wconf 90' lang='lat' dir='ltr'><strong>alia</strong></span> 
     </span>
    </p>
   </div>
   <div class='ocr_carea' id='block_1_74' title="bbox 1884 3415 3544 3491">
    <p class='ocr_par' dir='ltr' id='par_1_74' title="bbox 1884 3415 3544 3491">
     <span class='ocr_line' id='line_1_74' title="bbox 1884 3415 3544 3491; baseline 0.001 -21"><span class='ocrx_word' id='word_1_532' title='bbox 1884 3415 2144 3487; x_wconf 90' lang='lat' dir='ltr'><strong>plurima</strong></span> <span class='ocrx_word' id='word_1_533' title='bbox 2178 3421 2339 3491; x_wconf 89' lang='lat' dir='ltr'><strong>apud</strong></span> <span class='ocrx_word' id='word_1_534' title='bbox 2371 3423 2642 3477; x_wconf 84' lang='lat' dir='ltr'><strong>Marcum.</strong></span> <span class='ocrx_word' id='word_1_535' title='bbox 2691 3418 2993 3487; x_wconf 88' lang='lat' dir='ltr'><strong>Signiﬁcat</strong></span> <span class='ocrx_word' id='word_1_536' title='bbox 3042 3418 3201 3472; x_wconf 85' lang='lat' dir='ltr'><strong>enim</strong></span> <span class='ocrx_word' id='word_1_537' title='bbox 3254 3422 3317 3472; x_wconf 91' lang='lat' dir='ltr'><strong>ut</strong></span> <span class='ocrx_word' id='word_1_538' title='bbox 3365 3417 3544 3488; x_wconf 87' lang='lat' dir='ltr'><strong>pluri-</strong></span> 
     </span>
    </p>
   </div>
   <div class='ocr_carea' id='block_1_75' title="bbox 1882 3505 3542 3580">
    <p class='ocr_par' dir='ltr' id='par_1_75' title="bbox 1882 3505 3542 3580">
     <span class='ocr_line' id='line_1_75' title="bbox 1882 3505 3542 3580; baseline 0 -20"><span class='ocrx_word' id='word_1_539' title='bbox 1882 3521 2053 3562; x_wconf 91' lang='lat' dir='ltr'><strong>mum</strong></span> <span class='ocrx_word' id='word_1_540' title='bbox 2082 3506 2466 3580; x_wconf 81' lang='lat' dir='ltr'><strong>distinguere,</strong></span> <span class='ocrx_word' id='word_1_541' title='bbox 2495 3508 2802 3579; x_wconf 90' lang='lat' dir='ltr'><strong>disputare</strong></span> <span class='ocrx_word' id='word_1_542' title='bbox 2830 3508 2921 3562; x_wconf 87' lang='lat' dir='ltr'><strong>vel</strong></span> <span class='ocrx_word' id='word_1_543' title='bbox 2951 3506 3269 3578; x_wconf 81' lang='lat' dir='ltr'><strong>explicare.</strong></span> <span class='ocrx_word' id='word_1_544' title='bbox 3305 3505 3408 3562; x_wconf 86' lang='lat' dir='ltr'><strong>Illa</strong></span> <span class='ocrx_word' id='word_1_545' title='bbox 3436 3521 3542 3560; x_wconf 90' lang='lat' dir='ltr'><strong>au-</strong></span> 
     </span>
    </p>
   </div>
   <div class='ocr_carea' id='block_1_76' title="bbox 1883 3596 3541 3670">
    <p class='ocr_par' dir='ltr' id='par_1_76' title="bbox 1883 3596 3541 3670">
     <span class='ocr_line' id='line_1_76' title="bbox 1883 3596 3541 3670; baseline 0.001 -20"><span class='ocrx_word' id='word_1_546' title='bbox 1883 3598 2001 3651; x_wconf 88' lang='lat' dir='ltr'><strong>tem</strong></span> <span class='ocrx_word' id='word_1_547' title='bbox 2056 3597 2442 3670; x_wconf 88' lang='lat' dir='ltr'><strong>reduplicatio</strong></span> <span class='ocrx_word' id='word_1_548' title='bbox 2493 3616 2506 3654; x_wconf 90' lang='lat'><strong>:</strong></span> <span class='ocrx_word' id='word_1_549' title='bbox 2571 3597 3014 3664; x_wconf 83' lang='lat' dir='ltr'><strong>Videte,Cavete,</strong></span> <span class='ocrx_word' id='word_1_550' title='bbox 3072 3596 3348 3668; x_wconf 76' lang='lat' dir='ltr'><strong>praecepti</strong></span> <span class='ocrx_word' id='word_1_551' title='bbox 3417 3596 3541 3651; x_wconf 87' lang='lat' dir='ltr'><strong>sive</strong></span> 
     </span>
    </p>
   </div>
   <div class='ocr_carea' id='block_1_77' title="bbox 1881 3685 3541 3762">
    <p class='ocr_par' dir='ltr' id='par_1_77' title="bbox 1881 3685 3541 3762">
     <span class='ocr_line' id='line_1_77' title="bbox 1881 3685 3541 3762; baseline 0 -20"><span class='ocrx_word' id='word_1_552' title='bbox 1881 3685 2307 3744; x_wconf 89' lang='lat' dir='ltr'><strong>admonitionis</strong></span> <span class='ocrx_word' id='word_1_553' title='bbox 2322 3689 2845 3762; x_wconf 81' lang='lat' dir='ltr'><strong>exaggerationem</strong></span> <span class='ocrx_word' id='word_1_554' title='bbox 2863 3687 3248 3744; x_wconf 87' lang='lat' dir='ltr'><strong>demonstrat.</strong></span> <span class='ocrx_word' id='word_1_555' title='bbox 3268 3687 3541 3742; x_wconf 84' lang='lat' dir='ltr'><strong>Fermen-</strong></span> 
     </span>
    </p>
   </div>
   <div class='ocr_carea' id='block_1_78' title="bbox 1882 3773 3564 3844">
    <p class='ocr_par' dir='ltr' id='par_1_78' title="bbox 1882 3773 3564 3844">
     <span class='ocr_line' id='line_1_78' title="bbox 1882 3773 3564 3844; baseline 0 -14"><span class='ocrx_word' id='word_1_556' title='bbox 1882 3783 2008 3831; x_wconf 91' lang='lat' dir='ltr'><strong>tum</strong></span> <span class='ocrx_word' id='word_1_557' title='bbox 2030 3792 2172 3833; x_wconf 88' lang='lat' dir='ltr'><strong>vero</strong></span> <span class='ocrx_word' id='word_1_558' title='bbox 2194 3777 2652 3844; x_wconf 85' lang='lat' dir='ltr'><strong>Pharisaeorum,</strong></span> <span class='ocrx_word' id='word_1_559' title='bbox 2675 3776 3143 3834; x_wconf 80' lang='lat' dir='ltr'><strong>Sadducaeorum</strong></span> <span class='ocrx_word' id='word_1_560' title='bbox 3165 3792 3233 3831; x_wconf 90' lang='lat' dir='ltr'><strong>ac</strong></span> <span class='ocrx_word' id='word_1_561' title='bbox 3264 3773 3535 3840; x_wconf 88' lang='lat' dir='ltr'><strong>Herodis,</strong></span> <span class='ocrx_word' id='word_1_562' title='bbox 3561 3827 3564 3830; x_wconf 82' lang='lat'><strong>.</strong></span> 
     </span>
    </p>
   </div>
   <div class='ocr_carea' id='block_1_79' title="bbox 1881 3866 3540 3924">
    <p class='ocr_par' dir='ltr' id='par_1_79' title="bbox 1881 3866 3540 3924">
     <span class='ocr_line' id='line_1_79' title="bbox 1881 3866 3540 3924; baseline 0 -4"><span class='ocrx_word' id='word_1_563' title='bbox 1881 3871 2053 3922; x_wconf 85' lang='lat' dir='ltr'><strong>vocat</strong></span> <span class='ocrx_word' id='word_1_564' title='bbox 2100 3866 2438 3924; x_wconf 91' lang='lat' dir='ltr'><strong>doctrinam</strong></span> <span class='ocrx_word' id='word_1_565' title='bbox 2477 3868 2908 3924; x_wconf 66' lang='lat' dir='ltr'><strong>Pharisaeorum</strong></span> <span class='ocrx_word' id='word_1_566' title='bbox 2951 3866 3422 3922; x_wconf 61' lang='lat' dir='ltr'><strong>Sadducagorum</strong></span> <span class='ocrx_word' id='word_1_567' title='bbox 3467 3881 3540 3921; x_wconf 91' lang='lat' dir='ltr'><strong>ac</strong></span> 
     </span>
    </p>
   </div>
   <div class='ocr_carea' id='block_1_80' title="bbox 1881 3943 3578 4031">
    <p class='ocr_par' dir='ltr' id='par_1_80' title="bbox 1881 3943 3578 4031">
     <span class='ocr_line' id='line_1_80' title="bbox 1881 3943 3578 4031; baseline 0.001 -22"><span class='ocrx_word' id='word_1_568' title='bbox 1881 3953 2376 4014; x_wconf 87' lang='lat' dir='ltr'><strong>Herodianorum.</strong></span> <span class='ocrx_word' id='word_1_569' title='bbox 2407 3961 2485 4014; x_wconf 90' lang='lat' dir='ltr'><strong>De</strong></span> <span class='ocrx_word' id='word_1_570' title='bbox 2511 3957 2820 4014; x_wconf 64' lang='lat' dir='ltr'><strong>Pharisazis</strong></span> <span class='ocrx_word' id='word_1_571' title='bbox 2845 3957 3091 4031; x_wconf 89' lang='lat' dir='ltr'><strong>quidem</strong></span> <span class='ocrx_word' id='word_1_572' title='bbox 3111 3962 3168 4013; x_wconf 90' lang='lat' dir='ltr'><strong>et</strong></span> <span class='ocrx_word' id='word_1_573' title='bbox 3191 3956 3348 4013; x_wconf 90' lang='lat' dir='ltr'><strong>Sadd</strong></span> <span class='ocrx_word' id='word_1_574' title='bbox 3359 3955 3539 4012; x_wconf 66' lang='lat' dir='ltr'><strong>ucaeis</strong></span> <span class='ocrx_word' id='word_1_575' title='bbox 3571 3943 3578 3947; x_wconf 66' lang='grc'><em>’</em></span> 
     </span>
    </p>
   </div>
   <div class='ocr_carea' id='block_1_81' title="bbox 1879 4046 3537 4121">
    <p class='ocr_par' dir='ltr' id='par_1_81' title="bbox 1879 4046 3537 4121">
     <span class='ocr_line' id='line_1_81' title="bbox 1879 4046 3537 4121; baseline 0 -19"><span class='ocrx_word' id='word_1_576' title='bbox 1879 4046 2048 4103; x_wconf 89' lang='lat' dir='ltr'><strong>tertio</strong></span> <span class='ocrx_word' id='word_1_577' title='bbox 2087 4049 2277 4121; x_wconf 86' lang='lat' dir='ltr'><strong>capite</strong></span> <span class='ocrx_word' id='word_1_578' title='bbox 2321 4048 2708 4121; x_wconf 73' lang='lat' dir='ltr'><strong>praediximus</strong></span> <span class='ocrx_word' id='word_1_579' title='bbox 2743 4064 2756 4114; x_wconf 92' lang='lat'>;</span> <span class='ocrx_word' id='word_1_580' title='bbox 2804 4048 2878 4104; x_wconf 91' lang='lat' dir='ltr'><strong>de</strong></span> <span class='ocrx_word' id='word_1_581' title='bbox 2920 4046 3272 4104; x_wconf 85' lang='lat' dir='ltr'><strong>Herodianis</strong></span> <span class='ocrx_word' id='word_1_582' title='bbox 3336 4052 3537 4102; x_wconf 88' lang='lat' dir='ltr'><strong>autem</strong></span> 
     </span>
    </p>
   </div>
   <div class='ocr_carea' id='block_1_82' title="bbox 1875 4135 3537 4210">
    <p class='ocr_par' dir='ltr' id='par_1_82' title="bbox 1875 4135 3537 4210">
     <span class='ocr_line' id='line_1_82' title="bbox 1875 4135 3537 4210; baseline -0.001 -19"><span class='ocrx_word' id='word_1_583' title='bbox 1875 4135 2161 4192; x_wconf 79' lang='lat' dir='ltr'><strong>vicesimo</strong></span> <span class='ocrx_word' id='word_1_584' title='bbox 2187 4138 2384 4209; x_wconf 92' lang='lat' dir='ltr'><strong>primo</strong></span> <span class='ocrx_word' id='word_1_585' title='bbox 2409 4138 2624 4210; x_wconf 88' lang='lat' dir='ltr'><strong>capite.</strong></span> <span class='ocrx_word' id='word_1_586' title='bbox 2658 4141 2816 4193; x_wconf 86' lang='lat' dir='ltr'><strong>Hanc</strong></span> <span class='ocrx_word' id='word_1_587' title='bbox 2835 4153 2978 4193; x_wconf 85' lang='lat' dir='ltr'><strong>vero</strong></span> <span class='ocrx_word' id='word_1_588' title='bbox 3000 4137 3338 4192; x_wconf 88' lang='lat' dir='ltr'><strong>doctrinam</strong></span> <span class='ocrx_word' id='word_1_589' title='bbox 3362 4151 3537 4191; x_wconf 87' lang='lat' dir='ltr'><strong>voca-</strong></span> 
     </span>
    </p>
   </div>
   <div class='ocr_carea' id='block_1_83' title="bbox 1878 4224 3420 4298">
    <p class='ocr_par' dir='ltr' id='par_1_83' title="bbox 1878 4224 3420 4298">
     <span class='ocr_line' id='line_1_83' title="bbox 1878 4224 3420 4298; baseline 0.001 -20"><span class='ocrx_word' id='word_1_590' title='bbox 1878 4225 1960 4280; x_wconf 82' lang='lat' dir='ltr'><strong>vit</strong></span> <span class='ocrx_word' id='word_1_591' title='bbox 1976 4226 2348 4294; x_wconf 81' lang='lat' dir='ltr'><strong>fermentum,</strong></span> <span class='ocrx_word' id='word_1_592' title='bbox 2384 4231 2588 4298; x_wconf 85' lang='lat' dir='ltr'><strong>utpote</strong></span> <span class='ocrx_word' id='word_1_593' title='bbox 2619 4231 2926 4282; x_wconf 84' lang='lat' dir='ltr'><strong>acetosam</strong></span> <span class='ocrx_word' id='word_1_594' title='bbox 2952 4241 3022 4281; x_wconf 88' lang='lat' dir='ltr'><strong>ac</strong></span> <span class='ocrx_word' id='word_1_595' title='bbox 3054 4224 3420 4280; x_wconf 88' lang='lat' dir='ltr'><strong>marcidam.</strong></span> 
     </span>
    </p>
   </div>
   <div class='ocr_carea' id='block_1_84' title="bbox 232 4310 1782 4403">
    <p class='ocr_par' dir='ltr' id='par_1_84' title="bbox 232 4310 1770 4403">
     <span class='ocr_line' id='line_1_84' title="bbox 232 4310 1770 4403; baseline 0.012 -36"><span class='ocrx_word' id='word_1_596' title='bbox 232 4317 300 4403; x_wconf 61' lang='lat' dir='ltr'><strong>_Oi</strong></span> <span class='ocrx_word' id='word_1_597' title='bbox 354 4310 420 4369; x_wconf 74' lang='grc' dir='ltr'><strong>δε</strong></span> <span class='ocrx_word' id='word_1_598' title='bbox 473 4344 540 4356; x_wconf 89' lang='grc'><strong>-</strong></span> <span class='ocrx_word' id='word_1_599' title='bbox 589 4312 852 4374; x_wconf 77' lang='grc' dir='ltr'>ἇλοίϐοιιεν.</span> <span class='ocrx_word' id='word_1_600' title='bbox 905 4318 964 4373; x_wconf 76' lang='grc' dir='ltr'><strong>Ὀ</strong></span> <span class='ocrx_word' id='word_1_601' title='bbox 1019 4323 1109 4394; x_wconf 68' lang='grc' dir='ltr'><strong>μεν</strong></span> <span class='ocrx_word' id='word_1_602' title='bbox 1161 4329 1394 4400; x_wconf 85' lang='grc' dir='ltr'>Χριστός</span> <span class='ocrx_word' id='word_1_603' title='bbox 1450 4329 1620 4403; x_wconf 76' lang='grc' dir='ltr'>ζύμην</span> <span class='ocrx_word' id='word_1_604' title='bbox 1676 4337 1770 4392; x_wconf 78' lang='grc' dir='ltr'>τὴν</span> 
     </span>
    </p>
   </div>
   <div class='ocr_carea' id='block_1_85' title="bbox 1882 4310 3529 4403">
    <p class='ocr_par' dir='ltr' id='par_1_85' title="bbox 1948 4310 3529 4402">
     <span class='ocr_line' id='line_1_85' title="bbox 1948 4310 3529 4402; baseline -0.001 -16"><span class='ocrx_word' id='word_1_605' title='bbox 1948 4332 2109 4386; x_wconf 84' lang='lat' dir='ltr'><strong>Vers.</strong></span> <span class='ocrx_word' id='word_1_606' title='bbox 2133 4331 2186 4387; x_wconf 89' lang='lat'><strong>7.</strong></span> <span class='ocrx_word' id='word_1_607' title='bbox 2212 4332 2290 4387; x_wconf 84' lang='lat' dir='ltr'><strong>At</strong></span> <span class='ocrx_word' id='word_1_608' title='bbox 2316 4331 2416 4387; x_wconf 81' lang='lat' dir='ltr'><strong>illi</strong></span> <span class='ocrx_word' id='word_1_609' title='bbox 2444 4362 2513 4373; x_wconf 93' lang='lat'>—</span> <span class='ocrx_word' id='word_1_610' title='bbox 2555 4333 2925 4402; x_wconf 84' lang='lat' dir='ltr'><strong>sumpsimus.</strong></span> <span class='ocrx_word' id='word_1_611' title='bbox 2979 4310 3246 4385; x_wconf 79' lang='lat' dir='ltr'><strong>Christus</strong></span> <span class='ocrx_word' id='word_1_612' title='bbox 3277 4327 3529 4399; x_wconf 90' lang='lat' dir='ltr'><strong>quidem</strong></span> 
     </span>
    </p>
   </div>
   <div class='ocr_carea' id='block_1_86' title="bbox 168 4399 1782 4492">
    <p class='ocr_par' dir='ltr' id='par_1_86' title="bbox 168 4399 1771 4484">
     <span class='ocr_line' id='line_1_86' title="bbox 168 4399 1771 4484; baseline 0.013 -29"><span class='ocrx_word' id='word_1_613' title='bbox 168 4399 414 4475; x_wconf 75' lang='grc' dir='ltr'>διδαχὴν</span> <span class='ocrx_word' id='word_1_614' title='bbox 459 4412 558 4458; x_wconf 87' lang='grc' dir='ltr'>τῶν</span> <span class='ocrx_word' id='word_1_615' title='bbox 629 4408 904 4480; x_wconf 77' lang='grc' dir='ltr'>εἰρημένων</span> <span class='ocrx_word' id='word_1_616' title='bbox 951 4399 1217 4484; x_wconf 77' lang='grc' dir='ltr'>ὠνόμασε,</span> <span class='ocrx_word' id='word_1_617' title='bbox 1277 4421 1366 4469; x_wconf 83' lang='grc' dir='ltr'>καὶ</span> <span class='ocrx_word' id='word_1_618' title='bbox 1422 4399 1620 4484; x_wconf 78' lang='grc' dir='ltr'>ταύτης</span> <span class='ocrx_word' id='word_1_619' title='bbox 1675 4421 1771 4475; x_wconf 75' lang='grc' dir='ltr'><strong>ἀπο</strong></span> 
     </span>
    </p>
   </div>
   <div class='ocr_carea' id='block_1_87' title="bbox 1882 4399 3531 4492">
    <p class='ocr_par' dir='ltr' id='par_1_87' title="bbox 1882 4399 3531 4492">
     <span class='ocr_line' id='line_1_87' title="bbox 1882 4399 3531 4492; baseline -0.001 -17"><span class='ocrx_word' id='word_1_620' title='bbox 1882 4419 2236 4476; x_wconf 84' lang='lat' dir='ltr'><strong>l‘ermentum</strong></span> <span class='ocrx_word' id='word_1_621' title='bbox 2265 4420 2606 4492; x_wconf 86' lang='lat' dir='ltr'><strong>appellabat</strong></span> <span class='ocrx_word' id='word_1_622' title='bbox 2629 4399 3050 4491; x_wconf 64' lang='lat' dir='ltr'><strong>praedictorum</strong></span> <span class='ocrx_word' id='word_1_623' title='bbox 3081 4417 3440 4482; x_wconf 86' lang='lat' dir='ltr'><strong>doctrinam,</strong></span> <span class='ocrx_word' id='word_1_624' title='bbox 3474 4422 3531 4473; x_wconf 90' lang='lat' dir='ltr'><strong>et</strong></span> 
     </span>
    </p>
   </div>
   <div class='ocr_carea' id='block_1_88' title="bbox 166 4493 1782 4582">
    <p class='ocr_par' dir='ltr' id='par_1_88' title="bbox 166 4493 1769 4582">
     <span class='ocr_line' id='line_1_88' title="bbox 166 4493 1769 4582; baseline 0.022 -43"><span class='ocrx_word' id='word_1_625' title='bbox 166 4493 388 4582; x_wconf 67' lang='grc' dir='ltr'>ίχεσθαι</span> <span class='ocrx_word' id='word_1_626' title='bbox 447 4495 810 4582; x_wconf 65' lang='grc' dir='ltr'>παρήγγειλεν</span> <span class='ocrx_word' id='word_1_627' title='bbox 874 4501 923 4551; x_wconf 87' lang='grc' dir='ltr'>οἱ</span> <span class='ocrx_word' id='word_1_628' title='bbox 990 4503 1224 4574; x_wconf 75' lang='grc' dir='ltr'>μαθηταὶ</span> <span class='ocrx_word' id='word_1_629' title='bbox 1299 4502 1358 4560; x_wconf 72' lang='grc' dir='ltr'>δὲ</span> <span class='ocrx_word' id='word_1_630' title='bbox 1415 4512 1584 4582; x_wconf 76' lang='grc' dir='ltr'>ζύμην</span> <span class='ocrx_word' id='word_1_631' title='bbox 1652 4515 1769 4573; x_wconf 82' lang='grc' dir='ltr'>τοὺς</span> 
     </span>
    </p>
   </div>
   <div class='ocr_carea' id='block_1_89' title="bbox 1882 4493 3533 4582">
    <p class='ocr_par' dir='ltr' id='par_1_89' title="bbox 1882 4507 3533 4582">
     <span class='ocr_line' id='line_1_89' title="bbox 1882 4507 3533 4582; baseline -0.002 -16"><span class='ocrx_word' id='word_1_632' title='bbox 1882 4510 1958 4566; x_wconf 88' lang='lat' dir='ltr'><strong>ab</strong></span> <span class='ocrx_word' id='word_1_633' title='bbox 1985 4510 2099 4566; x_wconf 87' lang='lat' dir='ltr'><strong>hac</strong></span> <span class='ocrx_word' id='word_1_634' title='bbox 2124 4509 2420 4566; x_wconf 88' lang='lat' dir='ltr'><strong>abstinere</strong></span> <span class='ocrx_word' id='word_1_635' title='bbox 2441 4509 2817 4582; x_wconf 71' lang='lat' dir='ltr'><strong>praecipiebat</strong></span> <span class='ocrx_word' id='word_1_636' title='bbox 2849 4531 2862 4562; x_wconf 88' lang='lat'><strong>:</strong></span> <span class='ocrx_word' id='word_1_637' title='bbox 2897 4507 3174 4580; x_wconf 92' lang='lat' dir='ltr'><strong>discipuli</strong></span> <span class='ocrx_word' id='word_1_638' title='bbox 3228 4521 3386 4570; x_wconf 87' lang='lat' dir='ltr'><strong>vero,</strong></span> <span class='ocrx_word' id='word_1_639' title='bbox 3427 4507 3533 4563; x_wconf 82' lang='lat' dir='ltr'><strong>fer-</strong></span> 
     </span>
    </p>
   </div>
   <div class='ocr_carea' id='block_1_90' title="bbox 169 4572 1782 4674">
    <p class='ocr_par' dir='ltr' id='par_1_90' title="bbox 169 4572 1767 4674">
     <span class='ocr_line' id='line_1_90' title="bbox 169 4572 1767 4674; baseline 0.013 -39"><span class='ocrx_word' id='word_1_640' title='bbox 169 4578 496 4646; x_wconf 80' lang='grc' dir='ltr'>’ῐουδαίκοῦς</span> <span class='ocrx_word' id='word_1_641' title='bbox 553 4581 740 4658; x_wconf 78' lang='grc' dir='ltr'>ἄρτους</span> <span class='ocrx_word' id='word_1_642' title='bbox 793 4593 1106 4663; x_wconf 80' lang='grc' dir='ltr'>νοήσαντες,</span> <span class='ocrx_word' id='word_1_643' title='bbox 1168 4599 1258 4648; x_wconf 83' lang='grc' dir='ltr'>καὶ</span> <span class='ocrx_word' id='word_1_644' title='bbox 1322 4603 1440 4674; x_wconf 83' lang='grc' dir='ltr'>περὶ</span> <span class='ocrx_word' id='word_1_645' title='bbox 1480 4572 1591 4663; x_wconf 50' lang='grc' dir='ltr'>’τῆς</span> <span class='ocrx_word' id='word_1_646' title='bbox 1643 4600 1767 4655; x_wconf 79' lang='grc' dir='ltr'>ἀπο-</span> 
     </span>
    </p>
   </div>
   <div class='ocr_carea' id='block_1_91' title="bbox 1882 4572 3534 4674">
    <p class='ocr_par' dir='ltr' id='par_1_91' title="bbox 1882 4572 3534 4673">
     <span class='ocr_line' id='line_1_91' title="bbox 1882 4572 3534 4673; baseline -0.001 -17"><span class='ocrx_word' id='word_1_647' title='bbox 1882 4605 2150 4657; x_wconf 89' lang='lat' dir='ltr'><strong>mentum</strong></span> <span class='ocrx_word' id='word_1_648' title='bbox 2194 4572 2473 4658; x_wconf 72' lang='lat' dir='ltr'><strong>Judaicos</strong></span> <span class='ocrx_word' id='word_1_649' title='bbox 2524 4572 2712 4673; x_wconf 74' lang='lat' dir='ltr'><strong>panes</strong></span> <span class='ocrx_word' id='word_1_650' title='bbox 2765 4572 3178 4670; x_wconf 75' lang='lat' dir='ltr'><strong>intelligentes,</strong></span> <span class='ocrx_word' id='word_1_651' title='bbox 3207 4602 3263 4654; x_wconf 93' lang='lat' dir='ltr'><strong>et</strong></span> <span class='ocrx_word' id='word_1_652' title='bbox 3291 4598 3364 4652; x_wconf 90' lang='lat' dir='ltr'><strong>de</strong></span> <span class='ocrx_word' id='word_1_653' title='bbox 3411 4598 3534 4654; x_wconf 89' lang='lat' dir='ltr'><strong>illo-</strong></span> 
     </span>
    </p>
   </div>
   <div class='ocr_carea' id='block_1_92' title="bbox 166 4673 1782 4772">
    <p class='ocr_par' dir='ltr' id='par_1_92' title="bbox 166 4673 1768 4772">
     <span class='ocr_line' id='line_1_92' title="bbox 166 4673 1768 4772; baseline 0.016 -52"><span class='ocrx_word' id='word_1_654' title='bbox 166 4679 289 4772; x_wconf 42' lang='grc' dir='ltr'>γῆς,</span> <span class='ocrx_word' id='word_1_655' title='bbox 325 4673 522 4725; x_wconf 75' lang='grc' dir='ltr'>τούτων</span> <span class='ocrx_word' id='word_1_656' title='bbox 567 4675 990 4748; x_wconf 79' lang='grc' dir='ltr'>παραγγελθῆναι</span> <span class='ocrx_word' id='word_1_657' title='bbox 1044 4673 1768 4761; x_wconf 77' lang='grc' dir='ltr'>νομίσαντες,διελογίζοντο</span> 
     </span>
    </p>
   </div>
   <div class='ocr_carea' id='block_1_93' title="bbox 1882 4673 3535 4772">
    <p class='ocr_par' dir='ltr' id='par_1_93' title="bbox 1882 4687 3535 4764">
     <span class='ocr_line' id='line_1_93' title="bbox 1882 4687 3535 4764; baseline -0.001 -18"><span class='ocrx_word' id='word_1_658' title='bbox 1882 4706 2014 4748; x_wconf 90' lang='lat' dir='ltr'><strong>rum</strong></span> <span class='ocrx_word' id='word_1_659' title='bbox 2053 4692 2405 4749; x_wconf 88' lang='lat' dir='ltr'><strong>abstinentia</strong></span> <span class='ocrx_word' id='word_1_660' title='bbox 2456 4691 2815 4764; x_wconf 67' lang='lat' dir='ltr'><strong>praecepisse</strong></span> <span class='ocrx_word' id='word_1_661' title='bbox 2856 4694 3149 4761; x_wconf 85' lang='lat' dir='ltr'><strong>putantes,</strong></span> <span class='ocrx_word' id='word_1_662' title='bbox 3191 4687 3535 4758; x_wconf 86' lang='lat' dir='ltr'><strong>cogitabant</strong></span> 
     </span>
    </p>
   </div>
   <div class='ocr_carea' id='block_1_94' title="bbox 170 4767 1782 4864">
    <p class='ocr_par' dir='ltr' id='par_1_94' title="bbox 170 4767 1767 4859">
     <span class='ocr_line' id='line_1_94' title="bbox 170 4767 1767 4859; baseline 0.018 -51"><span class='ocrx_word' id='word_1_663' title='bbox 170 4767 221 4859; x_wconf 67' lang='grc' dir='ltr'><strong>εν</strong></span> <span class='ocrx_word' id='word_1_664' title='bbox 271 4767 495 4828; x_wconf 71' lang='grc' dir='ltr'>ἑαυτοῖς,</span> <span class='ocrx_word' id='word_1_665' title='bbox 555 4768 850 4834; x_wconf 82' lang='grc' dir='ltr'>τουτέστιν,</span> <span class='ocrx_word' id='word_1_666' title='bbox 911 4767 1276 4844; x_wconf 76' lang='grc' dir='ltr'>ἐθορυϐοῦντο,</span> <span class='ocrx_word' id='word_1_667' title='bbox 1327 4775 1631 4842; x_wconf 76' lang='grc' dir='ltr'>κωλυθέντες</span> <span class='ocrx_word' id='word_1_668' title='bbox 1677 4785 1767 4855; x_wconf 74' lang='grc' dir='ltr'><strong>μεν</strong></span> 
     </span>
    </p>
   </div>
   <div class='ocr_carea' id='block_1_95' title="bbox 1882 4767 3532 4864">
    <p class='ocr_par' dir='ltr' id='par_1_95' title="bbox 1882 4778 3532 4855">
     <span class='ocr_line' id='line_1_95' title="bbox 1882 4778 3532 4855; baseline -0.002 -16"><span class='ocrx_word' id='word_1_669' title='bbox 1882 4781 2044 4855; x_wconf 86' lang='lat' dir='ltr'><strong>apud</strong></span> <span class='ocrx_word' id='word_1_670' title='bbox 2074 4799 2225 4850; x_wconf 88' lang='lat' dir='ltr'><strong>sese,</strong></span> <span class='ocrx_word' id='word_1_671' title='bbox 2252 4783 2368 4840; x_wconf 91' lang='lat' dir='ltr'><strong>hoc</strong></span> <span class='ocrx_word' id='word_1_672' title='bbox 2387 4787 2490 4848; x_wconf 90' lang='lat' dir='ltr'><strong>est,</strong></span> <span class='ocrx_word' id='word_1_673' title='bbox 2520 4781 2936 4850; x_wconf 85' lang='lat' dir='ltr'><strong>turbabantur,</strong></span> <span class='ocrx_word' id='word_1_674' title='bbox 2968 4778 3253 4852; x_wconf 88' lang='lat' dir='ltr'><strong>prohibiti</strong></span> <span class='ocrx_word' id='word_1_675' title='bbox 3286 4778 3532 4852; x_wconf 87' lang='lat' dir='ltr'><strong>quidem</strong></span> 
     </span>
    </p>
   </div>
   <div class='ocr_carea' id='block_1_96' title="bbox 168 4848 1782 4956">
    <p class='ocr_par' dir='ltr' id='par_1_96' title="bbox 168 4848 1766 4956">
     <span class='ocr_line' id='line_1_96' title="bbox 168 4848 1766 4939; baseline 0.018 -41"><span class='ocrx_word' id='word_1_676' title='bbox 168 4848 269 4900; x_wconf 78' lang='grc' dir='ltr'><strong>ἄιπό</strong></span> <span class='ocrx_word' id='word_1_677' title='bbox 324 4857 427 4901; x_wconf 84' lang='grc' dir='ltr'>τῶν</span> <span class='ocrx_word' id='word_1_678' title='bbox 467 4848 774 4908; x_wconf 86' lang='grc' dir='ltr'>Ἰουδαῐκῶν</span> <span class='ocrx_word' id='word_1_679' title='bbox 819 4857 1006 4932; x_wconf 70' lang='grc' dir='ltr'>ἄρτων,</span> <span class='ocrx_word' id='word_1_680' title='bbox 1057 4862 1129 4924; x_wconf 85' lang='grc' dir='ltr'>ὡς</span> <span class='ocrx_word' id='word_1_681' title='bbox 1174 4863 1596 4939; x_wconf 80' lang='grc' dir='ltr'>προσεδόκησαν·</span> <span class='ocrx_word' id='word_1_682' title='bbox 1662 4848 1766 4926; x_wconf 70' lang='lat' dir='ltr'><strong>iri-</strong></span> 
     </span>
     <span class='ocr_line' id='line_1_97' title="bbox 374 4935 1345 4956; baseline 0.014 0"><span class='ocrx_word' id='word_1_683' title='bbox 374 4935 411 4956; x_wconf 50' lang='grc' dir='ltr'><strong>θ,</strong></span> <span class='ocrx_word' id='word_1_684' title='bbox 532 4945 542 4956; x_wconf 78' lang='grc' dir='ltr'>ι</span> <span class='ocrx_word' id='word_1_685' title='bbox 611 4941 624 4956; x_wconf 64' lang='lat'><strong>3</strong></span> <span class='ocrx_word' id='word_1_686' title='bbox 796 4949 805 4956; x_wconf 84' lang='lat'><strong><em>-</em></strong></span> <span class='ocrx_word' id='word_1_687' title='bbox 1045 4949 1059 4956; x_wconf 67' lang='grc'><strong><em>⁵</em></strong></span> <span class='ocrx_word' id='word_1_688' title='bbox 1092 4955 1098 4956; x_wconf 47' lang='grc' dir='ltr'>ί</span> <span class='ocrx_word' id='word_1_689' title='bbox 1336 4954 1345 4956; x_wconf 85' lang='grc'><strong><em>“</em></strong></span> 
     </span>
    </p>
   </div>
   <div class='ocr_carea' id='block_1_97' title="bbox 1882 4848 3531 4956">
    <p class='ocr_par' dir='ltr' id='par_1_97' title="bbox 1882 4848 3531 4944">
     <span class='ocr_line' id='line_1_98' title="bbox 1882 4848 3531 4944; baseline -0.002 -17"><span class='ocrx_word' id='word_1_690' title='bbox 1882 4848 2151 4931; x_wconf 74' lang='lat' dir='ltr'><strong>Iudaicos</strong></span> <span class='ocrx_word' id='word_1_691' title='bbox 2181 4848 2354 4930; x_wconf 84' lang='lat' dir='ltr'><strong>edere</strong></span> <span class='ocrx_word' id='word_1_692' title='bbox 2392 4888 2602 4944; x_wconf 90' lang='lat' dir='ltr'><strong>panes,</strong></span> <span class='ocrx_word' id='word_1_693' title='bbox 2626 4877 2689 4928; x_wconf 90' lang='lat' dir='ltr'><strong>ut</strong></span> <span class='ocrx_word' id='word_1_694' title='bbox 2714 4848 3138 4943; x_wconf 72' lang='lat' dir='ltr'><strong>opinabantur,</strong></span> <span class='ocrx_word' id='word_1_695' title='bbox 3161 4848 3531 4925; x_wconf 31' lang='lat' dir='ltr'><strong>cum&#39;tamen</strong></span> 
     </span>
    </p>
   </div>
   <div class='ocr_carea' id='block_1_98' title="bbox 164 4941 1782 5034">
    <p class='ocr_par' dir='ltr' id='par_1_98' title="bbox 164 4941 1766 5034">
     <span class='ocr_line' id='line_1_99' title="bbox 164 4941 1766 5034; baseline 0.017 -46"><span class='ocrx_word' id='word_1_696' title='bbox 164 4956 284 5012; x_wconf 82' lang='grc' dir='ltr'>ρους</span> <span class='ocrx_word' id='word_1_697' title='bbox 362 4941 425 4993; x_wconf 69' lang='grc' dir='ltr'><strong>δι</strong></span> <span class='ocrx_word' id='word_1_698' title='bbox 475 4945 549 5014; x_wconf 76' lang='grc' dir='ltr'>μὴ</span> <span class='ocrx_word' id='word_1_699' title='bbox 603 4941 957 5020; x_wconf 73' lang='grc' dir='ltr'>ἐπιφερόμενοι</span> <span class='ocrx_word' id='word_1_700' title='bbox 985 4988 998 5003; x_wconf 94' lang='grc'><strong>.</strong></span> <span class='ocrx_word' id='word_1_701' title='bbox 1045 4949 1274 5024; x_wconf 79' lang='grc' dir='ltr'>λίγόντες</span> <span class='ocrx_word' id='word_1_702' title='bbox 1327 4954 1376 5008; x_wconf 87' lang='lat' dir='ltr'><strong>iv</strong></span> <span class='ocrx_word' id='word_1_703' title='bbox 1419 4960 1766 5034; x_wconf 75' lang='grc' dir='ltr'>μεταμελείᾳ,</span> 
     </span>
    </p>
   </div>
   <div class='ocr_carea' id='block_1_99' title="bbox 1882 4941 3534 5034">
    <p class='ocr_par' dir='ltr' id='par_1_99' title="bbox 1882 4941 3534 5034">
     <span class='ocr_line' id='line_1_100' title="bbox 1882 4941 3534 5034; baseline -0.001 -16"><span class='ocrx_word' id='word_1_704' title='bbox 1882 4961 2032 5020; x_wconf 89' lang='lat' dir='ltr'><strong>alios</strong></span> <span class='ocrx_word' id='word_1_705' title='bbox 2068 4978 2192 5020; x_wconf 89' lang='lat' dir='ltr'><strong>non</strong></span> <span class='ocrx_word' id='word_1_706' title='bbox 2220 4941 2518 5034; x_wconf 73' lang='lat' dir='ltr'><strong>afferrent,</strong></span> <span class='ocrx_word' id='word_1_707' title='bbox 2568 4941 2834 5019; x_wconf 77' lang='lat' dir='ltr'><strong>dicentes</strong></span> <span class='ocrx_word' id='word_1_708' title='bbox 2863 4965 3155 5034; x_wconf 89' lang='lat' dir='ltr'><strong>tanquam</strong></span> <span class='ocrx_word' id='word_1_709' title='bbox 3183 4958 3534 5032; x_wconf 79' lang='lat' dir='ltr'><strong>poenitentia</strong></span> 
     </span>
    </p>
   </div>
   <div class='ocr_carea' id='block_1_100' title="bbox 231 5117 1782 5211">
    <p class='ocr_par' dir='ltr' id='par_1_100' title="bbox 231 5117 1782 5211">
     <span class='ocr_line' id='line_1_101' title="bbox 231 5117 1782 5211; baseline 0.016 -38"><span class='ocrx_word' id='word_1_710' title='bbox 231 5117 281 5153; x_wconf 74' lang='grc'><strong>⁷⁸</strong></span> <span class='ocrx_word' id='word_1_711' title='bbox 308 5117 514 5176; x_wconf 76' lang='lat' dir='ltr'><strong>Matth.</strong></span> <span class='ocrx_word' id='word_1_712' title='bbox 546 5136 703 5191; x_wconf 66' lang='grc' dir='ltr'>ινιτ,</span> <span class='ocrx_word' id='word_1_713' title='bbox 735 5123 822 5182; x_wconf 77' lang='grc'><strong>29.</strong></span> <span class='ocrx_word' id='word_1_714' title='bbox 899 5126 948 5164; x_wconf 80' lang='grc'>⁷⁸</span> <span class='ocrx_word' id='word_1_715' title='bbox 973 5131 1147 5187; x_wconf 75' lang='lat' dir='ltr'><strong>Marc.</strong></span> <span class='ocrx_word' id='word_1_716' title='bbox 1177 5149 1298 5202; x_wconf 78' lang='lat' dir='ltr'><strong>vni,</strong></span> <span class='ocrx_word' id='word_1_717' title='bbox 1335 5135 1419 5192; x_wconf 79' lang='grc'><strong>12.</strong></span> <span class='ocrx_word' id='word_1_718' title='bbox 1497 5138 1546 5174; x_wconf 78' lang='grc'><strong>⁷⁸</strong></span> <span class='ocrx_word' id='word_1_719' title='bbox 1569 5139 1724 5211; x_wconf 90' lang='lat' dir='ltr'><strong>Ibid,</strong></span> <span class='ocrx_word' id='word_1_720' title='bbox 1759 5143 1782 5198; x_wconf 53' lang='grc'><strong>’1</strong></span> 
     </span>
    </p>
   </div>
   <div class='ocr_carea' id='block_1_101' title="bbox 1882 5117 2250 5211">
    <p class='ocr_par' dir='ltr' id='par_1_101' title="bbox 1924 5143 2250 5201">
     <span class='ocr_line' id='line_1_102' title="bbox 1924 5143 2250 5201; baseline 0 -1"><span class='ocrx_word' id='word_1_721' title='bbox 1924 5145 1972 5182; x_wconf 84' lang='grc'>⁷⁷</span> <span class='ocrx_word' id='word_1_722' title='bbox 1996 5143 2138 5201; x_wconf 86' lang='lat' dir='ltr'><strong>lhid.</strong></span> <span class='ocrx_word' id='word_1_723' title='bbox 2166 5145 2250 5200; x_wconf 84' lang='grc'><strong>15.</strong></span> 
     </span>
    </p>
   </div>
   <div class='ocr_carea' id='block_1_102' title="bbox 1397 5313 2314 5393">
    <p class='ocr_par' dir='ltr' id='par_1_102' title="bbox 1397 5313 2314 5393">
     <span class='ocr_line' id='line_1_103' title="bbox 1397 5313 2314 5393; baseline 0.01 -10"><span class='ocrx_word' id='word_1_724' title='bbox 1397 5313 1626 5388; x_wconf 78' lang='lat' dir='ltr'><strong>Variae</strong></span> <span class='ocrx_word' id='word_1_725' title='bbox 1653 5319 1980 5393; x_wconf 89' lang='lat' dir='ltr'><strong>lectiones</strong></span> <span class='ocrx_word' id='word_1_726' title='bbox 2019 5331 2085 5393; x_wconf 88' lang='lat' dir='ltr'><strong>et</strong></span> <span class='ocrx_word' id='word_1_727' title='bbox 2111 5333 2314 5393; x_wconf 75' lang='lat' dir='ltr'><strong>notae.</strong></span> 
     </span>
    </p>
   </div>
   <div class='ocr_carea' id='block_1_103' title="bbox 162 5492 1782 5628">
    <p class='ocr_par' dir='ltr' id='par_1_103' title="bbox 162 5492 1768 5628">
     <span class='ocr_line' id='line_1_104' title="bbox 196 5492 1768 5592; baseline 0.012 -35"><span class='ocrx_word' id='word_1_728' title='bbox 196 5492 341 5581; x_wconf 44' lang='lat' dir='ltr'><strong>.(j&#39;l)</strong></span> <span class='ocrx_word' id='word_1_729' title='bbox 374 5495 630 5575; x_wconf 88' lang='lat' dir='ltr'><strong>Uterque</strong></span> <span class='ocrx_word' id='word_1_730' title='bbox 658 5518 829 5591; x_wconf 45' lang='lat' dir='ltr'><strong>me’us</strong></span> <span class='ocrx_word' id='word_1_731' title='bbox 859 5519 999 5564; x_wconf 90' lang='lat' dir='ltr'><strong>cum</strong></span> <span class='ocrx_word' id='word_1_732' title='bbox 1021 5509 1288 5568; x_wconf 83' lang='lat' dir='ltr'><strong>Hentenii</strong></span> <span class='ocrx_word' id='word_1_733' title='bbox 1317 5513 1484 5574; x_wconf 89' lang='lat' dir='ltr'><strong>addit</strong></span> <span class='ocrx_word' id='word_1_734' title='bbox 1515 5516 1578 5575; x_wconf 90' lang='lat' dir='ltr'><strong>in</strong></span> <span class='ocrx_word' id='word_1_735' title='bbox 1606 5518 1768 5592; x_wconf 85' lang='lat' dir='ltr'><strong>prin-</strong></span> 
     </span>
     <span class='ocr_line' id='line_1_105' title="bbox 162 5579 1404 5628; baseline 0 0"><span class='ocrx_word' id='word_1_736' title='bbox 162 5584 308 5628; x_wconf 80' lang='grc' dir='ltr'>οωιο</span> <span class='ocrx_word' id='word_1_737' title='bbox 330 5585 545 5628; x_wconf 80' lang='lat' dir='ltr'><strong>versus</strong></span> <span class='ocrx_word' id='word_1_738' title='bbox 570 5590 584 5628; x_wconf 89' lang='lat'>:</span> <span class='ocrx_word' id='word_1_739' title='bbox 611 5579 712 5628; x_wconf 78' lang='grc' dir='ltr'><strong>Καὶ</strong></span> <span class='ocrx_word' id='word_1_740' title='bbox 741 5580 1044 5628; x_wconf 77' lang='grc' dir='ltr'>αποκοιθεὶε</span> <span class='ocrx_word' id='word_1_741' title='bbox 1070 5584 1204 5628; x_wconf 70' lang='grc' dir='ltr'>εἶπεν</span> <span class='ocrx_word' id='word_1_742' title='bbox 1232 5583 1404 5628; x_wconf 68' lang='grc' dir='ltr'><strong>αὐτοῖς</strong></span> 
     </span>
    </p>
   </div>
   <div class='ocr_carea' id='block_1_104' title="bbox 1882 5492 3528 5628">
    <p class='ocr_par' dir='ltr' id='par_1_104' title="bbox 1882 5532 3528 5628">
     <span class='ocr_line' id='line_1_106' title="bbox 1882 5532 3528 5628; baseline -0.005 -31"><span class='ocrx_word' id='word_1_743' title='bbox 1882 5609 1905 5628; x_wconf 56' lang='lat' dir='ltr'>L</span> <span class='ocrx_word' id='word_1_744' title='bbox 2084 5539 2336 5628; x_wconf 61' lang='lat' dir='ltr'><strong>inclusa</strong></span> <span class='ocrx_word' id='word_1_745' title='bbox 2364 5537 2602 5597; x_wconf 86' lang='lat' dir='ltr'><strong>omittit.</strong></span> <span class='ocrx_word' id='word_1_746' title='bbox 2629 5537 2696 5594; x_wconf 88' lang='lat' dir='ltr'><strong>A.</strong></span> <span class='ocrx_word' id='word_1_747' title='bbox 2727 5535 3047 5595; x_wconf 86' lang='lat' dir='ltr'><strong>Hentenius</strong></span> <span class='ocrx_word' id='word_1_748' title='bbox 3072 5535 3134 5593; x_wconf 93' lang='lat' dir='ltr'><strong>in</strong></span> <span class='ocrx_word' id='word_1_749' title='bbox 3163 5533 3284 5590; x_wconf 92' lang='lat' dir='ltr'><strong>ﬁne</strong></span> <span class='ocrx_word' id='word_1_750' title='bbox 3322 5532 3528 5590; x_wconf 91' lang='lat' dir='ltr'><strong>scholii</strong></span> 
     </span>
    </p>
   </div>
   <div class='ocr_carea' id='block_1_105' title="bbox 212 5580 1782 5668">
    <p class='ocr_par' dir='ltr' id='par_1_105' title="bbox 212 5580 1624 5653">
     <span class='ocr_line' id='line_1_107' title="bbox 212 5580 1624 5653; baseline 0.012 -27"><span class='ocrx_word' id='word_1_751' title='bbox 212 5580 308 5645; x_wconf 79' lang='grc' dir='ltr'><strong>ριο</strong></span> <span class='ocrx_word' id='word_1_752' title='bbox 330 5585 545 5630; x_wconf 79' lang='lat' dir='ltr'><strong>versus</strong></span> <span class='ocrx_word' id='word_1_753' title='bbox 570 5590 584 5631; x_wconf 87' lang='lat'><strong>:</strong></span> <span class='ocrx_word' id='word_1_754' title='bbox 611 5580 712 5630; x_wconf 77' lang='grc' dir='ltr'><strong>Καὶ</strong></span> <span class='ocrx_word' id='word_1_755' title='bbox 741 5580 1045 5653; x_wconf 78' lang='grc' dir='ltr'>ἀποκριθεὶς</span> <span class='ocrx_word' id='word_1_756' title='bbox 1070 5584 1204 5635; x_wconf 85' lang='grc' dir='ltr'>είπεν</span> <span class='ocrx_word' id='word_1_757' title='bbox 1232 5583 1424 5648; x_wconf 80' lang='grc' dir='ltr'>αὐτοῖς.</span> <span class='ocrx_word' id='word_1_758' title='bbox 1609 5580 1624 5592; x_wconf 84' lang='grc'><em>’</em></span> 
     </span>
    </p>
   </div>
   <div class='ocr_carea' id='block_1_106' title="bbox 1882 5580 2156 5668">
    <p class='ocr_par' dir='ltr' id='par_1_106' title="bbox 1882 5580 2156 5668">
     <span class='ocr_line' id='line_1_108' title="bbox 1882 5580 2156 5668; baseline 0 0"><span class='ocrx_word' id='word_1_759' title='bbox 1882 5580 2156 5668; x_wconf 50' lang='lat' dir='ltr'><strong>sategit;</strong></span> 
     </span>
    </p>
   </div>
   <div class='ocr_carea' id='block_1_107' title="bbox 233 5728 1638 5836">
    <p class='ocr_par' dir='ltr' id='par_1_107' title="bbox 233 5728 1638 5836">
     <span class='ocr_line' id='line_1_109' title="bbox 233 5728 1638 5836; baseline 0.011 -27"><span class='ocrx_word' id='word_1_760' title='bbox 233 5751 317 5825; x_wconf 82' lang='lat' dir='ltr'><strong>(y)</strong></span> <span class='ocrx_word' id='word_1_761' title='bbox 344 5751 777 5824; x_wconf 80' lang='lat' dir='ltr'><strong>Apparentiam</strong></span> <span class='ocrx_word' id='word_1_762' title='bbox 809 5773 845 5816; x_wconf 91' lang='lat' dir='ltr'><strong>a</strong></span> <span class='ocrx_word' id='word_1_763' title='bbox 873 5728 1042 5818; x_wconf 52' lang='lat' dir='ltr'><strong>aceto.</strong></span> <span class='ocrx_word' id='word_1_764' title='bbox 1076 5759 1464 5836; x_wconf 87' lang='lat' dir='ltr'><strong>Superﬁciem</strong></span> <span class='ocrx_word' id='word_1_765' title='bbox 1485 5769 1638 5829; x_wconf 71' lang='lat' dir='ltr'><strong>caeli.</strong></span> 
     </span>
    </p>
   </div>
  </div>
