4176 6450
601 343 709 402 463

1921 337 2273 398 EUTHYMII
2315 334 2648 397 ZIGABENI

3871 338 3981 396 464

599 468 763 526 ducti
794 484 808 526 :
840 469 1030 526 Panes
1054 482 1177 526 non
1227 467 1596 540 sumpsimus
1622 483 1660 525 a
1687 467 1962 524 ﬁdelibus
2007 467 2112 539 qui
2139 482 2239 523 nos

2363 467 2443 517 ὅτι
2490 471 2710 537 ’Δρτους
2763 461 2857 514 ούκ
2934 460 3176 536 ἐλάϐομεν
3251 462 3306 516 ἐκ
3388 471 3489 516 τῶν
3557 461 3977 537 ξενοδοχούντων

597 558 896 631 excipiunt
909 558 1190 631 hospitio,
1211 563 1279 616 ut
1297 559 1380 615 eis
1393 573 1716 632 pascamur
1736 558 1786 614 si
1808 573 2042 615 moram
2059 556 2254 614 facere

599 646 927 718 contingat.

669 736 815 803 Quid
840 751 985 807 ergo
1013 736 1298 803 Christus,
1329 737 1430 810 qui
1458 736 1853 808 cogitationes
1883 735 2119 792 illorum
2150 751 2253 791 no-

593 831 760 884 verat
785 823 816 882 7
839 825 1046 883 Merito
1074 830 1318 898 propter
1346 831 1664 898 utrumque
1690 824 2071 897 reprehendit
2097 823 2249 890 illos,

595 919 652 974 et
680 915 825 989 quia
852 915 1276 974 existimabant
1300 931 1440 972 eum
1489 915 1846 988 praecepisse
1876 915 1951 972 de
1978 914 2252 970 ciborum

593 1004 1030 1072 observatione,
1058 1020 1246 1079 quam
1270 1009 1466 1077 utpote
1481 1004 1798 1062 Judaicam
1823 1004 1948 1076 ipse
1973 1008 2148 1060 autea
2166 1017 2254 1059 re-

589 1094 834 1168 jecerat,
887 1094 1139 1167 quando
1185 1095 1362 1153 docui
1391 1096 1463 1165 τ’,
1515 1094 1684 1168 quod
1716 1110 1840 1151 non
1869 1093 1952 1161 id,
1993 1092 2160 1166 quod
2189 1092 2252 1148 in

593 1199 662 1242 os
691 1183 1044 1253 ingreditur,
1070 1183 1373 1256 impurum
1403 1183 1592 1241 reddit
1629 1183 1977 1240 hominem:
2011 1187 2071 1240 et
2107 1182 2253 1255 quia

593 1272 664 1330 de
687 1272 824 1331 cibo
840 1272 1073 1331 solliciti
1086 1280 1278 1344 erant,
1297 1290 1438 1331 cum
1455 1290 1657 1331 secum
1678 1274 1968 1331 haberent
1982 1289 2124 1330 eum
2141 1272 2244 1346 qui

591 1361 793 1419 cibum
818 1378 1063 1419 omnem
1103 1363 1604 1420 subministraret.

661 1451 828 1509 Vere.
860 1450 918 1510 8.
943 1453 1063 1521 Quo
1091 1455 1317 1524 cognito
1343 1483 1416 1497 -
1436 1453 1767 1523 sumpsistis
1787 1453 1816 1508 ?
1833 1453 2101 1509 Primum
2133 1451 2250 1507 cibi

591 1539 1050 1598 sollicitudinem
1093 1541 1208 1598 illis
1254 1543 1623 1616 improperat
1653 1542 1859 1598 dicens
1893 1563 1905 1594 :
1937 1539 2089 1606 Quid
2131 1545 2249 1594 tur-

585 1629 819 1687 bamini
869 1631 1036 1704 quod
1080 1647 1270 1704 panes
1321 1632 1600 1690 alicunde
1662 1647 1780 1688 non
1831 1629 2171 1702 sumpsistis
2220 1628 2247 1683 ‘t

587 1721 817 1777 Rursus
868 1724 1070 1778 autem
1126 1726 1304 1780 vocat
1342 1738 1445 1779 eos
1488 1722 1718 1793 exiguae
1769 1719 1905 1776 ﬁdei
1949 1719 2244 1784 homines,

2362 556 2495 627 ἡμᾶς
2547 561 2768 618 πιστῶν,
2821 553 2902 606 ἵνα
2952 554 3154 614 τούτοις
3210 561 3502 628 τραφῶμεν,
3546 555 3590 606 εἰ
3631 554 3806 628 συμϐῇ
3840 576 3977 630 χρο-

2360 663 2527 696 νισαι.

2431 738 2493 786 Τί
2550 728 2637 784 οὖν
2685 733 2711 783 ό
2763 732 3012 806 Χριστός,
3056 731 3082 783 ό
3128 733 3222 793 τὰς
3278 727 3511 792 διανοίας
3556 732 3724 784 αύτῶν
3777 731 3973 805 siam;

2360 826 2628 894 Μέμφεται
2658 820 2834 882 αὐτοῖς
2866 820 3076 881 εἰκότως
3102 817 3174 872 δι’
3217 819 3501 894 ἀμφότερα,
3536 819 3675 875 διότι
3701 843 3755 877 τε
3782 844 3976 898 προσε-

2362 908 2598 970 δόκησαν
2646 909 3070 986 παραγγελθῆναι
3099 915 3216 982 περὶ
3272 918 3362 972 τῆς
3419 919 3516 963 τῶν
3550 910 3844 986 βρωμάτων
3875 935 3975 968 πα-

2359 1006 2711 1075 ρατηρήσεως,
2780 1000 2864 1067 ἣν,
2919 996 3218 1058 Ἰουδαῑκην
3271 995 3454 1065 οὖσαν,
3510 1001 3665 1063 αύτὸς
3742 1002 3973 1066 ἐξέϐαλεν

2361 1089 2613 1164 ἀνωτέρω,
2647 1092 2729 1142 ὅτε
2771 1085 3034 1156 ἐδίδαξεν,
3077 1091 3154 1141 ὅτι
3194 1089 3254 1143 ού
3298 1093 3356 1142 τό
3412 1091 3774 1165 εἰσερχόμενον
3814 1093 3880 1154 είς
3912 1097 3971 1146 τὸ

2363 1186 2536 1253 στόμα
2562 1186 2729 1232 κοινοί
2763 1182 2850 1232 τὸν
2881 1180 3171 1252 ἄνθρωπον·
3206 1184 3295 1232 καὶ
3327 1176 3465 1232 διότι
3494 1185 3613 1255 περὶ
3643 1190 3826 1255 τροφῆς
3851 1181 3970 1254 ἐμε-

2359 1275 2642 1346 ρίμνησαν,
2683 1273 2891 1341 ἔχοντες
2935 1268 3046 1341 μεθ’
3102 1269 3295 1321 ἐαυτῶν
3347 1273 3434 1321 τὸν
3481 1274 3717 1343 χορηγόν
3756 1270 3976 1333 ἁπάσης

2361 1368 2583 1432 τροφῆς.

2432 1453 2591 1509 Γνοὺς
2622 1479 2691 1489 -
2717 1446 2918 1500 ἐλάϐετε
2947 1463 2960 1513 ;
2997 1454 3206 1522 Πρῶτον
3249 1450 3338 1506 τὴν
3370 1452 3618 1523 μέριμναν
3649 1456 3744 1511 τῆς
3773 1458 3974 1524 τροφῆς

2360 1537 2532 1598 αύτοίς
2563 1533 2830 1607 ὀνειδίζει,
2873 1537 3050 1607 λέγων·
3099 1541 3160 1589 Τί
3209 1536 3530 1610 θορυϐεῖσθε,
3587 1534 3729 1591 διότι
3780 1541 3976 1612 ἄρτους

2359 1627 2596 1701 ἑτέρωθεν
2681 1626 2775 1679 ούκ
2841 1625 3040 1679 ἐλάϐετε
3110 1645 3134 1691 ;
3191 1625 3589 1698 Ὀλιγοπίστους
3676 1624 3734 1681 δε
3813 1629 3971 1681 πάλιν

2357 1715 2540 1777 αύτούς
2593 1715 2855 1788 ὀνομάζει,
2922 1713 3063 1769 διότι
3138 1715 3232 1768 ούκ
3306 1715 3636 1785 ἐπίστευσαν,
3708 1719 3791 1770 ὅτι
3843 1720 3970 1793 παρ’

587 1808 729 1882 quia
754 1824 879 1868 non
905 1809 1232 1868 credebant
1259 1811 1427 1884 quod
1464 1810 1544 1870 ab
1568 1811 1701 1884 ipso
1738 1813 1994 1884 possent
2021 1808 2118 1880 ali,
2145 1807 2239 1864 sed

2357 1805 2519 1858 αὐτοῦ
2572 1811 2929 1880 τραφήσονται
2994 1807 3212 1874 πάντως,
3262 1803 3368 1857 ἀλλ’
3418 1805 3569 1859 αὐτοὶ
3621 1811 3742 1883 περὶ
3774 1807 3968 1861 ἑαυτῶν

585 1899 701 1973 ipsi
731 1900 827 1957 sui
846 1916 1056 1958 curam
1078 1899 1411 1959 habebant.

657 2005 826 2064 Vers.
853 2011 906 2065 6.
936 2008 1212 2066 Nondum
1249 2039 1319 2052 —
1349 2007 1417 2065 V.
1441 2009 1528 2065 10.
1561 2009 1928 2081 Sumpseritis
1959 2008 1989 2064 ἲ
2013 2007 2247 2064 Marcus

584 2107 728 2153 vero
757 2096 1000 2168 gravius
1030 2112 1134 2153 eos
1179 2097 1524 2171 increpasse
1579 2097 1682 2167 ait,
1722 2097 1953 2154 addens
1986 2115 1999 2153 :
2029 2096 2246 2152 Adhuc

585 2193 944 2244 exeacatum
978 2185 1206 2244 habetis
1262 2203 1360 2244 cor
1387 2195 1640 2244 vestrum
1674 2189 1704 2243 P
1726 2187 1915 2244 oculos
1969 2185 2247 2242 habentes

586 2293 701 2334 non
723 2275 947 2347 videtis,
962 2282 1016 2334 et
1028 2293 1202 2335 aures
1214 2277 1480 2334 habentes
1499 2294 1612 2334 non
1629 2277 1848 2333 auditis
1863 2278 1908 2312 7°
1936 2275 1964 2330 ?
1981 2277 2042 2330 Et
2057 2288 2246 2346 quare

587 2381 712 2424 non
733 2370 872 2423 tunc
891 2367 1531 2440 improperavitpotius
1554 2367 1642 2423 eis
1659 2365 1909 2438 quando
1935 2365 2241 2419 dixerunt:

595 2454 758 2514 Unde
797 2455 964 2513 nobis
991 2455 1056 2511 in
1111 2456 1334 2518 deserto
1375 2471 1558 2526 panes
1599 2463 1720 2512 tam
1762 2454 1940 2510 multi
1967 2455 2015 2488 ⁸ο
2045 2454 2074 2508 Ϋ
2099 2451 2246 2518 Quia

587 2559 710 2610 non
734 2548 856 2602 erat
871 2560 1116 2618 equum
1146 2548 1214 2601 ut
1239 2545 1353 2601 hos
1365 2560 1571 2625 coram
1586 2543 1789 2600 multis
1819 2541 2240 2608 confunderet;

587 2633 768 2690 simul
793 2633 974 2690 etiam
1000 2639 1354 2705 exspectans
1379 2632 1569 2688 donec
1606 2632 1766 2688 edito
1795 2631 2017 2704 duplici
2063 2631 2244 2712 mira-

587 2722 748 2790 culo,
789 2721 1026 2795 gravior
1076 2737 1148 2779 ac
1200 2720 1502 2779 efﬁcacior
1530 2719 1879 2779 redderetur
1917 2720 2239 2778 accusatio.

659 2949 822 3010 Vers.
880 2951 971 3010 11.
1041 2953 1335 3022 Quomodo
1400 2985 1470 2996 —
1529 2953 1974 3011 Sadducaeorum
2006 2953 2034 3008 ‘I
2096 2955 2241 3009 Ecce

583 3039 1192 3116 jamobservationem
1204 3059 1446 3118 quoque
1459 3043 2236 3116 ciborumillisimproperat.

658 3130 827 3232 .Vers.
869 3134 960 3192 12.
1011 3133 1177 3190 Tunc
1231 3165 1302 3176 —-
1338 3133 1812 3191 Saddueceorum.
1854 3132 2069 3188 Vidisti
2094 3148 2239 3204 prte-

2421 3149 2549 3197 Τότε
2609 3176 2666 3186 -
2723 3142 3095 3199 Σαδδουκαίων
3149 3165 3162 3217 ;

584 3220 839 3281 missam
868 3222 1338 3296 increpationem
1355 3241 1373 3296 ;
1402 3224 1539 3281 vide
1567 3223 1746 3281 etlam
1768 3223 2026 3279 fructum
2057 3221 2187 3292 ejus
2217 3237 2235 3276 :

586 3311 863 3369 excitavit
891 3312 1052 3369 enim
1070 3317 1330 3370 mentem
1361 3313 1599 3370 illorum
1628 3329 1760 3385 qua:
1799 3309 2158 3374 dormiebat,
2184 3313 2240 3366 et

583 3397 1017 3459 intellexerunt.
1045 3403 1352 3476 Siquidem
1373 3407 1609 3475 oportet
1633 3417 1756 3458 non
1783 3401 2007 3474 ubique
2030 3402 2236 3454 mitem

583 3505 712 3548 esse
737 3497 1182 3566 praeceptorem,
1212 3492 1319 3548 sed
1365 3491 1736 3564 quandoque
1769 3506 2052 3562 asperum
2089 3488 2236 3554 ﬁeri,

581 3584 640 3638 et
677 3581 979 3637 interdum
999 3582 1247 3654 quidem
1276 3580 1458 3636 libere
1483 3597 1546 3636 se
1572 3580 1798 3635 tradere
1820 3578 2128 3651 discipulis
2160 3577 2237 3634 ad

578 3668 1090 3736 refocillationem,
1128 3669 1428 3725 interdum
1480 3684 1624 3724 vero
1664 3669 1971 3740 increpare
2001 3667 2080 3724 ad
2116 3683 2238 3723 cor-

575 3756 935 3829 reptionem,
966 3763 1024 3814 et
1050 3757 1164 3814 hac
1190 3756 1477 3814 varietate
1503 3756 1746 3814 illorum
1795 3771 2115 3829 procurare
2149 3772 2238 3813 sa-

578 3843 785 3903 lutem.

651 3944 788 4015 Cap.
833 3943 1062 4001 XXXIII.
1098 3943 1178 4000 De
1203 3943 1663 4017 interrogatione
1687 3944 1835 4016 apud
1881 3945 2232 4004 Cwsaream.

649 4033 814 4092 Vers.
853 4037 934 4091 t3.
967 4036 1118 4092 Cum
1152 4041 1346 4092 autem
1377 4035 1615 4093 venisset
1657 4067 1723 4076 —
1753 4035 2001 4094 hominis
2031 4037 2061 4091 γ

652 4125 985 4181 Caesaream
1014 4124 1172 4182 hanc
1202 4124 1510 4199 Philippus
1535 4126 1596 4181 in
1638 4125 1923 4183 honorem
1981 4127 2232 4184 Caesaris

578 4214 936 4274 construxit.
988 4216 1120 4273 Erat
1148 4219 1350 4273 autem
1378 4219 1436 4271 et
1463 4215 1581 4272 alia
1628 4216 1892 4273 Caesarea
1921 4216 2226 4273 Stratonis.

576 4305 643 4361 Et
663 4303 872 4377 procul
900 4320 937 4362 a
958 4304 1174 4362 Iudaeis
1199 4304 1492 4362 abductos
1538 4305 1864 4378 discipulos
1901 4305 2232 4376 interroga-

574 4394 676 4461 vit,
709 4400 774 4452 ut
801 4395 929 4450 sine
959 4397 1169 4452 timore
1196 4394 1380 4452 libere
1405 4394 1835 4468 responderent
1873 4395 1950 4451 ad
1978 4394 2037 4450 id
2063 4395 2226 4466 quod

573 4481 1116 4556 interrogabantur.
1145 4487 1261 4540 Nec
1281 4484 1355 4540 de
1379 4484 1595 4541 Scribis
1627 4491 1682 4541 et
1719 4483 2032 4540 Pharismis
2055 4499 2227 4554 roga-

577 4571 694 4638 bat,
728 4571 809 4628 illi
834 4573 992 4628 enim
1019 4573 1221 4645 ipsum
1265 4575 1578 4630 manifeste
1609 4574 1970 4630 contumelia
2012 4571 2224 4628 afﬁcie-

574 4659 761 4729 bant;
795 4661 901 4718 sed
929 4662 1003 4718 de
1052 4663 1328 4736 populari
1376 4667 1572 4731 turba,
1619 4679 1754 4735 qua:
1784 4662 1863 4718 ab
1905 4660 2130 4716 invidia
2176 4667 2230 4718 et

573 4751 803 4810 malitia
829 4752 1018 4811 libera
1047 4759 1191 4810 erat.
1223 4755 1364 4812 Nam
1389 4759 1446 4810 et
1478 4757 1664 4809 Lucas
1695 4752 1867 4807 dicit:
1892 4751 1969 4806 Et
1998 4751 2228 4822 factum

573 4845 658 4900 est
686 4857 819 4900 cum
845 4849 980 4900 esset
1010 4845 1126 4916 ipse
1147 4845 1307 4902 solus
1320 4859 1517 4911 orans,
1545 4847 1713 4898 erant
1743 4856 1876 4898 cum
1897 4856 1956 4897 eo
1990 4847 2041 4896 et
2083 4841 2228 4899 dici-

571 4931 700 5007 quti
737 4948 752 4990 :
781 4940 834 4992 et
859 4933 1255 5006 interrogavit
1287 4933 1409 4990 illos
1422 4932 1610 4988 dicem
1651 4947 1664 4987 :
1701 4929 1882 4998 Quem
1908 4946 2000 4989 me
2023 4931 2228 4989 dicunt

571 5037 694 5083 esse
722 5024 916 5082 turba:
938 5025 980 5062 ³¹
1023 5025 1052 5082 τ
1079 5027 1300 5082 Marcus
1322 5037 1464 5079 vero
1485 5023 1554 5088 ⁸³,
1581 5022 1742 5095 quod
1770 5021 1833 5079 in
1852 5021 1948 5080 via
1977 5024 2225 5080 interro-

2357 1893 2676 1970 ἐφρόντιζον.

2389 2035 2396 2042 ,
2428 1986 2589 2037 Οὔπω
2618 2013 2687 2025 -
2717 1981 2913 2038 ἐλάϐετε
2945 2001 2959 2050 ;
2997 1985 3206 2060 Μάρκος
3239 1979 3297 2036 δι
3329 1981 3614 2060 βαρύτερον
3653 1983 3968 2059 ἐπιτιμῆσαι

2358 2071 2532 2133 αὐτοῖς
2584 2072 2738 2145 λέγει,
2789 2075 3052 2147 προσθείς·
3101 2071 3219 2126 Ἐτι
3261 2078 3640 2146 πεπωρωμένην
3685 2077 3832 2147 ἔχετε
3869 2081 3965 2136 τὴν

2355 2159 2580 2235 καρδίαν
2637 2163 2779 2236 ύμῶν
2833 2180 2846 2229 ;
2891 2162 3184 2236 ὀφθαλμούς
3239 2164 3446 2234 ἔχοντες
3491 2167 3550 2214 οὐ
3600 2162 3830 2237 βλέπετε,
3875 2172 3966 2220 καὶ

2355 2251 2464 2302 ὦτα
2503 2253 2707 2322 ἔχοντες
2738 2250 2834 2303 ούκ
2873 2250 3080 2304 ἀκούετε
3105 2268 3118 2318 ;
3145 2251 3222 2306 Ού
3255 2249 3489 2324 βλέπετε,
3536 2256 3685 2324 φησὶ,
3720 2263 3824 2316 πῶς
3874 2260 3964 2308 καὶ

2354 2345 2549 2401 πόσους
2599 2339 2647 2392 ἐν
2681 2339 2872 2414 ἐρημίᾳ
2922 2346 3085 2416 τρέφω
3117 2359 3129 2408 ;
3163 2346 3251 2393 καὶ
3302 2339 3395 2392 ούκ
3441 2339 3667 2405 ἀκούετε,
3724 2348 3838 2415 περὶ
3891 2344 3960 2395 ὧν

2357 2425 2604 2482 διδάσκω
2637 2446 2652 2497 ;
2690 2436 2788 2483 Καὶ
2819 2426 2960 2482 διατί
2984 2435 3054 2501 μὴ
3086 2434 3200 2482 τότε
3239 2429 3428 2502 μᾶλλον
3460 2427 3718 2482 ὠνείδισεν
3752 2434 3950 2499 αύτοῐς,

2353 2520 2436 2571 ὅτε
2465 2515 2624 2571 εἶπον·
2660 2521 2821 2572 Πόθεν
2853 2527 2975 2592 ημῖν
3007 2519 3054 2571 ἐν
3093 2517 3286 2592 ἐρημίᾳ
3315 2521 3462 2593 ἄρτοι
3492 2525 3729 2570 τοσοῦτοι
3757 2535 3772 2585 ;
3811 2524 3949 2572 Διότι

2354 2607 2447 2661 ούκ
2501 2604 2562 2666 ἦν
2619 2607 2754 2670 εἰκός
2800 2611 3159 2680 καταισχύναι
3211 2611 3420 2670 τούτους
3472 2606 3680 2660 ἐνώπιον
3734 2607 3951 2661 πολλῶν·

2351 2697 2462 2769 ἅμα
2488 2693 2546 2750 δι
2589 2701 2678 2749 καὶ
2711 2696 2961 2770 ἀνέμενεν,
3017 2699 3119 2768 ἵνα,
3165 2693 3356 2750 διπλοῦ
3404 2705 3495 2750 τοῦ
3527 2699 3786 2770 θαύματος
3809 2717 3957 2770 γενο-

2351 2791 2526 2861 μένου,
2611 2786 2876 2862 βαρυτέρει
2949 2791 3039 2840 καὶ
3116 2783 3514 2864 δραστικωτέρα
3582 2790 3612 2846 ἡ
3669 2793 3959 2864 κατηγορία

2351 2879 2586 2947 γένηται.

2424 2971 2541 3028 Πῶς
2593 2997 2664 3007 --
2714 2963 3084 3019 Σαδδουκαίων
3117 2985 3130 3035 ;
3167 2964 3305 3022 Ἰδοὺ
3333 2965 3512 3019 λοιπόν
3541 2971 3630 3020 καὶ
3658 2971 3754 3027 τὴν
3791 2986 3958 3042 παρα-

2352 3058 2576 3129 τήρησιν
2607 3064 2707 3108 τῶν
2739 3055 3032 3130 βρωμάτων
3062 3057 3234 3119 αύτοίς
3259 3053 3523 3117 ὀνειδίζει.

3215 3142 3360 3206 Εἶδες
3431 3143 3786 3217 ἀγανάκτησιν
3842 3145 3952 3197 ἐπι-

2347 3238 2646 3306 τεταμένην,
2709 3236 2826 3303 (19)
2893 3237 2990 3310 ὅρα
3048 3241 3139 3288 καὶ
3192 3238 3279 3288 τόν
3339 3237 3537 3308 καρπόν
3619 3235 3802 3296 αὐτῆς.
3865 3242 3954 3288 Δι-

2351 3327 2523 3396 ηγειρε
2560 3325 2662 3398 γὰρ
2703 3325 3020 3395 αύτίκα,τὴν
3070 3322 3304 3378 διάνοιαν
3356 3324 3525 3378 αὐτῶν
3566 3321 3950 3397 καθεύδουσαν,

2347 3417 2437 3466 καὶ
2470 3421 2720 3472 συνῆκαν.
2782 3419 2897 3488 Χρὴ
2928 3417 3027 3489 γὰρ
3081 3420 3153 3488 μὴ
3209 3423 3483 3488 πανταχοῦ
3522 3422 3684 3489 πρᾶον
3710 3411 3838 3467 εἶναι
3867 3418 3956 3466 τὸν

2349 3498 2693 3571 διδάσκαλον,
2765 3501 2872 3554 ἀλλ’
2926 3507 3065 3556 ἐστιν
3122 3506 3202 3558 ὅτε
3273 3510 3362 3558 καὶ
3432 3507 3808 3579 τραχύνεσθαι,
3865 3509 3956 3556 καὶ

2347 3595 2469 3645 ποτε
2553 3595 2642 3664 μεν
2733 3589 3078 3664 μεταδιδόναι
3158 3593 3456 3667 παρρησίας
3516 3602 3625 3654 τοῖς
3688 3595 3955 3664 μαθηταῖς

2345 3684 2476 3755 πρός
2524 3679 2829 3750 ἀνάκτησιν,
2885 3685 3007 3734 ποτέ
3060 3678 3119 3733 δε
3176 3681 3413 3752 ἐπιτιμᾷν
3471 3683 3595 3752 πρὸς
3661 3680 3944 3750 συστολὴν,

2345 3775 2434 3823 καὶ
2518 3778 2581 3844 τῇ
2664 3771 2879 3843 τοιαύτῃ
2957 3767 3188 3841 ποικιλίᾳ
3255 3772 3350 3827 τὴν
3434 3773 3693 3844 σωτηρίαν
3776 3767 3946 3820 αὐτῶν

2347 3859 2653 3931 οἰκονομεῖν.

2454 3955 2598 4004 ΚΕΦ.
2629 3950 2755 4006 ΛΓ’.
2785 3954 2908 4025 Περὶ
2933 3958 3028 4012 τῆς
3059 3947 3107 4002 ἐν
3141 3952 3431 4023 Καισαρείᾳ
3459 3946 3838 4024 ἐπερωτήσεως.

2415 4037 2604 4090 Ἐλθὼν
2658 4069 2726 4080 --
2793 4037 3064 4112 ἀνθρώπου
3123 4057 3136 4108 ;
3189 4041 3294 4096 Τὴν
3377 4039 3692 4111 Καισάρειαν
3753 4039 3958 4095 ταύτην

2343 4131 2368 4182 ὸ
2412 4125 2660 4188 Φίλιππος
2717 4126 2794 4180 ἐπὶ
2840 4136 2965 4201 τιμῇ
3027 4136 3120 4182 τοῦ
3175 4132 3439 4201 Καίσαρος
3488 4130 3710 4182 ἔκτισεν.
3760 4125 3856 4179 Ἦν
3892 4124 3960 4182 δε

2341 4222 2430 4271 καὶ
2487 4215 2613 4275 άλλη
2678 4219 2985 4290 Καισάρεια,
3045 4219 3074 4276 ὴ
3132 4224 3222 4270 τού
3282 4216 3594 4289 Στράτωνος.
3648 4214 3830 4290 Πόῤῥω
3890 4213 3960 4272 δε

2340 4316 2439 4360 τῶν
2501 4302 2772 4361 Ἰουδαίων
2825 4304 3111 4378 ἀπαγαγὼν
3169 4310 3284 4367 τούς
3336 4307 3591 4378 μαθητὰς,
3653 4305 3958 4379 ἠρώτησεν,

2342 4398 2424 4449 ἶνα
2469 4400 2641 4469 χωρὶς
2687 4393 2844 4466 φόϐου
2899 4398 3026 4468 μετὰ
3102 4394 3402 4469 παρρησίας
3453 4398 3687 4460 εἴπωσιν,
3737 4393 3764 4446 ὃ
3812 4395 3964 4468 ἠρω-

2339 4488 2596 4545 τήθησαν.
2642 4487 2752 4537 Ούκ
2821 4483 2985 4557 ἐρωτᾷ
3029 4480 3087 4536 δε
3135 4489 3253 4556 περὶ
3316 4492 3414 4534 τῶν
3460 4486 3803 4557 Γραμματέων
3863 4490 3964 4538 καὶ

2339 4581 2663 4649 ⁸Φαρισαίων.
2730 4570 3006 4649 προδήλως
3061 4576 3158 4646 γὰρ
3209 4571 3388 4624 ἐκεῖνοι
3465 4569 3644 4624 τοῦτον
3707 4571 3961 4645 ὕϐριζον·

2339 4664 2465 4718 ἀλλὰ
2499 4670 2615 4737 περὶ
2657 4671 2747 4716 τοῦ
2777 4659 3064 4735 δημώδους
3096 4661 3279 4732 ὄχλου,
3312 4669 3400 4713 τοῦ
3433 4666 3598 4733 χωρὶς
3631 4663 3818 4733 φθόνου
3860 4671 3963 4718 καὶ

2336 4759 2609 4829 πονηρίας.
2669 4753 2784 4825 (20)
2825 4756 2978 4824 Λέγει
3031 4753 3130 4822 γὰρ
3178 4752 3204 4801 ό
3237 4751 3349 4821 (21)
3403 4751 3666 4815 Ἰωάννης,
3715 4752 3794 4803 ὅτι
3843 4757 3964 4808 Καὶ

2337 4843 2532 4916 ἐγένετο
2593 4841 2666 4913 {iv
2739 4849 2812 4912 τῷ
2893 4838 3021 4894 εἶναι
3079 4839 3233 4892 αύτὸν
3326 4844 3747 4914 προσευχόμενον
3811 4844 3966 4896 κατὰ

2337 4938 2512 5008 μόνας,
2599 4940 2832 4992 συνῆσαν
2901 4929 3042 5002 αύτῷ
3115 4931 3165 4983 οἱ
3251 4930 3508 5002 μαθηταὶ,
3598 4934 3688 4982 καὶ
3745 4927 3967 5004 ἐπηρώ-

2335 5042 2492 5084 τησεν
2572 5021 2758 5085 αύτούς
2809 5020 2988 5094 λέγων·
3067 5021 3196 5076 Τίνα
3250 5038 3315 5093 με
3386 5018 3626 5093 λέγουσιν
3694 5021 3743 5073 οἱ
3791 5020 3963 5095 ὄχλοι

640 5203 690 5243 ⁷⁸
713 5203 897 5264 Matth
918 5218 1012 5273 xv,
1045 5206 1130 5259 11.
1208 5201 1257 5238 τ’
1279 5206 1456 5259 Marc.
1486 5214 1606 5267 Vlll,
1635 5199 1723 5269 17,
1751 5200 1840 5258 18.
1917 5201 1965 5238 ’θ
1990 5201 2195 5259 Matth.
2222 5217 2239 5260 1

2351 5207 2435 5262 33.
2513 5204 2558 5241 ⁸¹
2593 5205 2730 5261 Luc.
2765 5217 2847 5274 ιχ,
2881 5200 2968 5260 18.
3045 5197 3285 5260 “Marc.
3324 5216 3442 5272 vm,
3474 5199 3566 5259 27.

1779 5379 2002 5451 Variae
2045 5380 2370 5452 lectiones
2408 5391 2476 5451 et
2502 5390 2705 5450 note.

643 5576 757 5652 (i9)
804 5573 1299 5652 Ἐπιτετραμμένην.
1342 5579 1408 5634 Α.
1462 5576 1630 5635 male.
1693 5576 1968 5636 Henlenii
2034 5580 2218 5637 etiam

567 5647 978 5722 interpretatio
1003 5647 1291 5722 displicet.

641 5719 756 5795 (20)
802 5719 1236 5780 Desidero'hoc
1290 5721 1420 5780 loco
1471 5721 1742 5789 verbum,
1794 5723 1978 5781 veluti
2025 5727 2226 5798 κρίνον-

2331 5599 2434 5643 τος.
2465 5579 2734 5636 Hentenii
2757 5579 2951 5636 versio
2983 5578 3128 5634 nihil
3163 5577 3428 5650 adjuvat.

2406 5653 2518 5726 (21)
2566 5657 2772 5714 Λουκᾶς
2802 5651 3250 5724 corrigendum,
3283 5658 3345 5708 ut
3394 5651 3574 5708 habet
3604 5653 3958 5716 Hentenius.
