4176 6448
213 418 322 489 463

1177 427 1546 488 COMMENT.
1589 425 1660 484 IN
1695 419 2130 482 ΜΑἸἸἩᾸΞΗΜ.
2171 455 2241 467 --
2279 423 2433 482 CAP.
2477 424 2618 480 XVI.

3487 428 3596 490 466

212 557 348 614 εἶναι
387 574 403 626 ;
436 556 498 611 Ὀ
531 555 590 612 δὲ
612 561 823 634 Μάρκος
852 555 1004 629 εἶπεν,
1039 560 1120 612 ὅτι
1158 560 1208 612 εν
1246 565 1308 632 τῇ
1343 554 1451 629 όδῷ
1490 555 1791 629 έπηρὼτησι

1932 552 2160 623 gaverit
2189 567 2310 609 eos.
2344 552 2443 608 Est
2471 551 2632 608 enim
2665 551 2988 612 verisimile
3029 554 3197 628 quod
3240 569 3369 613 cum
3398 556 3594 614 venis-

210 649 431 710 αὐτούς.
466 650 618 711 Εἰκὸς
646 650 795 723 ίγάρ,
851 649 1058 702 έλθόντα
1087 648 1153 710 εἰς
1183 649 1250 701 τὰ
1294 651 1422 722 μέρη
1480 650 1817 720 Καισαρείας,

209 739 481 810 εὔχεσθαι
501 737 612 810 ἅμα
640 743 730 791 καὶ
760 735 978 791 ὁδεύειν.

279 831 385 881 Τόν
448 829 568 881 Υἰὸν
627 824 687 880 δὲ
743 835 836 881 τοῦ
882 827 1154 900 ἀνθρώπου
1202 831 1351 900 φησὶ,
1420 828 1682 892 τουτέστι,
1734 827 1821 877 τόν

212 921 522 990 φαινόμενον
571 917 745 979 αὐτοῖς
797 918 1081 992 ἄνθρωπον.
1131 918 1396 989 Ἠρώτησε
1454 912 1530 985 δὲ,
1587 915 1690 986 οὐχ
1751 916 1821 976 ὡς

217 1006 434 1077 ἀγνοῶν,
508 1006 621 1058 ἀλλ’
688 1007 1038 1081 οἰκονομικῶς,
1114 1008 1197 1059 ἵνα
1258 1008 1282 1058 6
1340 1009 1528 1078 Πέτρος
1585 1007 1699 1078 εἶπη
1760 1006 1818 1056 τό

217 1094 583 1168 ἀποκαλυφθὲν
661 1097 821 1168 αὐτῷ,
875 1102 964 1150 καὶ
1045 1093 1548 1165 ἀποδοκιμασθῶσιν
1599 1096 1654 1146 αἱ
1699 1097 1817 1167 περὶ

217 1185 374 1238 αὐτοῦ
427 1194 532 1238 τῶν
578 1185 744 1238 ἄλλων
804 1187 1005 1239 πάντων
1075 1185 1380 1256 ὑπολήψεις,
1431 1186 1494 1245 ὡς
1564 1183 1820 1242 πεπλανη-

218 1278 382 1346 μέναι.
441 1280 546 1328 Καὶ
590 1277 689 1348 γάρ
748 1275 1042 1346 ἐγίνωσκεν,
1109 1277 1188 1328 ὅτι
1233 1273 1558 1345 ἀπεκάλυψεν
1611 1275 1636 1325 ό
1693 1275 1817 1333 Θεὸς

211 1370 303 1418 καὶ
336 1370 520 1437 Πατὴρ
574 1373 644 1437 τῷ
695 1369 870 1438 Πέτρῳ
899 1371 1016 1439 περὶ
1046 1365 1224 1432 αὐτοῦ,
1275 1361 1538 1428 διανοίξας
1565 1365 1652 1417 τόν
1698 1370 1817 1416 νοῦν

212 1455 276 1506 αὖ
285 1463 376 1507 τοῦ
387 1497 400 1510 .

277 1549 471 1598 Σκόπει
497 1541 578 1616 δὲ,
619 1552 727 1608 πῶς
759 1545 852 1598 οῦκ
881 1544 932 1598 έν
962 1543 1106 1618 ἄρχῃ
1134 1551 1225 1598 τοῦ
1255 1546 1582 1619 κηρύγματος
1612 1543 1814 1616 ἠρώτη-

205 1654 312 1700 σεν,
351 1633 487 1686 ἀλλὰ
515 1637 646 1707 μετὰ
669 1638 727 1686 τό
773 1642 993 1694 ποιῆσαι
1035 1633 1200 1687 πολλὰ
1237 1639 1327 1686 καὶ
1367 1633 1568 1707 μεγάλα
1598 1639 1810 1705 σημεῖα,

201 1729 334 1796 μετὰ
362 1727 421 1776 τό
455 1721 678 1787 διδάξαι
702 1728 819 1797 περὶ
848 1723 1042 1776 πολλῶν
1070 1728 1157 1776 καὶ
1185 1723 1434 1796 μεγάλων,
1469 1725 1600 1795 μετά
1627 1726 1684 1774 τό
1715 1741 1811 1775 πα·-

198 1822 430 1886 ρασχείν
461 1815 641 1875 ἱκανὰς
671 1809 961 1878 ἀποδείξεις
985 1822 1074 1874 τῆς
1099 1814 1282 1867 ἑαυτοῦ
1316 1815 1577 1881 θεότητος,
1605 1816 1693 1865 καὶ
1716 1819 1810 1873 τῆς

199 1907 333 1976 πρός
373 1907 462 1956 τόν
505 1907 710 1976 Πατέρα
741 1903 996 1964 ἰσότητος.

275 1995 341 2046 Οἱ
371 1990 434 2046 δὲ
468 2023 535 2034 —
565 1992 730 2064 λέγετε
755 1989 920 2062 εἶναις
951 1998 1133 2065 Ὑμεῖς.
1163 1995 1342 2064 φησὶν,
1374 1992 1423 2044 οἱ
1455 1994 1686 2053 συνόντες
1715 2010 1807 2063 μοι

216 2079 510 2147 διαπαντὸς,
539 2086 628 2134 καὶ
667 2081 860 2140 πολλὴν
895 2089 1074 2156 πεῖραν
1128 2083 1326 2154 ἔχοντες
1353 2088 1448 2142 τῆς
1491 2079 1616 2153 έμῆς
1649 2077 1682 2133 δ
1687 2081 1804 2133 υνάο

226 2190 355 2241 μεως
403 2171 448 2222 ἰν
495 2174 624 2244 ἔργῳ
651 2176 740 2223 καὶ
777 2170 930 2244 λόγῳ.
969 2171 1139 2224 Εἰπὼν
1180 2167 1266 2222 οὖν
1297 2171 1492 2232 αὐτοῖς’
1544 2169 1713 2229 ’Υαεῖς
1745 2166 1803 2222 δε

225 2264 341 2311 τίνα
362 2279 425 2332 με
467 2261 620 2332 λέγετε
670 2257 840 2330 εἶναι;
883 2256 1194 2332 δεδήλωκεν,
1247 2262 1324 2313 ότι
1371 2267 1543 2321 κακῶς
1572 2261 1620 2312 οἱ
1649 2258 1802 2332 ὄχλοι

215 2349 464 2424 λέγουσιν.

265 2552 598 2623 Ἀποκριθεὶς
625 2583 692 2594 —
738 2552 943 2614 ζῶντος.
979 2551 1137 2605 Πάλιν
1167 2552 1193 2604 ό
1226 2554 1436 2625 Πέτρος,
1469 2551 1494 2602 ό
1521 2556 1797 2622 πανταχοῦ

197 2645 398 2715 θερμός,
534 2638 804 2717 προπηδᾷ,
965 2646 1054 2694 καὶ
1190 2639 1560 2715 προλαμϐάνει.
1693 2647 1796 2694 Τοῦ

196 2733 383 2794 ζῶντος
481 2728 541 2785 δὲ
616 2729 740 2797 εἶπε,
813 2727 953 2784 διότι
1039 2735 1331 2804 γέγραπται
1399 2735 1516 2802 περὶ
1611 2730 1792 2798 άῦτοῦ,

194 2825 312 2884 Θεὸς
375 2822 482 2883 ζῶν
558 2821 656 2893 ἐγώ
734 2821 861 2892 εἰμι,
905 2825 1014 2886 καὶ,
1073 2828 1154 2873 Ζῶ
1201 2819 1322 2892 ἐγὼ,
1387 2818 1521 2891 λέγει
1581 2822 1791 2895 Κύριος,

192 2917 278 2964 καὶ
325 2910 494 2964 πολλὰ
535 2918 769 2979 τοιαῦτα,
823 2914 952 2986 πρὸς
1000 2905 1402 2967 ἀντιδιαστολὴν
1453 2916 1553 2961 τῶν
1604 2917 1792 2982 νεκρῶν

194 2998 420 3054 εἰδώλων
428 3042 442 3056 .

264 3095 368 3145 Καὶ
419 3121 488 3133 -
546 3089 802 3164 οὐρανοῖς.
851 3093 950 3143 Καὶ
1015 3093 1118 3163 μὴν
1187 3092 1277 3141 καὶ
1340 3091 1608 3164 πρότερον,
1662 3089 1792 3161 μετά

191 3185 280 3240 τὴν
322 3179 512 3246 ζάλην,
556 3182 606 3233 οἱ
640 3181 873 3252 μαθηταὶ
924 3181 1042 3233 Υἱόν
1090 3185 1222 3232 Θεοῦ
1277 3174 1406 3232 εἶναι
1459 3177 1612 3231 αὐτὸν
1653 3181 1790 3251 ὠμο-

190 3268 446 3341 λόγησαν,
516 3269 756 3332 εἰπόντες·
859 3268 1085 3331 Ἀληθῶς
1167 3274 1300 3320 Θεοῦ
1374 3269 1488 3328 Υίός
1556 3263 1619 3336 εἶ,

190 3360 280 3411 οὐκ
325 3359 782 3434 ἐμακαρίσθησαν.
859 3364 957 3413 Καὶ
1004 3357 1144 3412 ἄλλοι
1206 3354 1266 3411 δέ
1340 3377 1473 3420 τινες
1524 3360 1650 3411 Θεὸν
1695 3357 1787 3410 αῦ-

189 3453 270 3500 τόν
329 3451 594 3521 ὑπάρχειν
668 3449 1002 3515 ἐπίστευσαν,
1081 3450 1146 3509 ὡς
1214 3453 1612 3522 προειρήκαμεν
1681 3444 1789 3500 ἀλλ’

190 3535 373 3591 οὐδένα
445 3543 634 3590 τούτων
703 3537 1004 3613 ἐμακάρισε.
1079 3542 1143 3592 Τί
1224 3533 1311 3590 οὖν
1364 3537 1504 3590 ἐστὶν
1563 3535 1719 3589 εἰπεῖν
1770 3552 1784 3603 ;

189 3627 300 3680 Ὀτι
329 3630 538 3693 πάντες,
591 3629 708 3680 ὅσοι
753 3630 870 3682 Υἱόν
900 3634 1033 3680 Θεοῦ
1077 3623 1206 3680 εἶναι
1239 3627 1393 3679 αὐτόν
1423 3625 1783 3699 ὡμολόγησαν,

195 3718 388 3774 ἑΘεόν
446 3719 704 3790 ὑπάρχειν
765 3716 1096 3784 ἐπίστευσαν,
1134 3717 1191 3769 οὐ
1259 3719 1408 3788 φύσει
1455 3721 1544 3768 καὶ
1596 3720 1785 3790 κυρίως

189 3815 350 3859 ταῦτα
406 3806 535 3859 εἶναι
590 3807 743 3859 αὐτόν
795 3805 1065 3872 ὑπέλαϐον,
1116 3804 1242 3858 ἀλλά
1303 3807 1458 3875 θέσει,
1511 3809 1600 3857 καὶ
1652 3807 1786 3858 κατὰ

187 3901 456 3972 προκοπὴν
510 3895 712 3969 ἀρετῆς,
748 3897 816 3957 ὡς
871 3900 960 3948 καὶ
997 3897 1194 3956 πάντας
1232 3898 1352 3956 τοὺς
1395 3894 1596 3967 ἁγίους·
1629 3899 1782 3968 μόνος

184 3985 239 4039 6's
276 3989 302 4039 6
334 3991 536 4061 Πέτρος
585 3984 786 4047 ἀληθῶς
827 3986 1074 4057 Χριστόν,
1128 3989 1217 4036 καὶ
1268 3987 1419 4056 φύσει
1473 3989 1562 4037 καὶ
1591 3989 1784 4058 κυρίως

181 4080 294 4129 Υἱόν
333 4083 432 4128 τοῦ
478 4081 610 4128 Θεοῦ
664 4081 841 4127 τοῦτον
895 4072 1089 4132 ἐνόησε.
1149 4076 1236 4126 Διό
1295 4078 1384 4126 καὶ
1415 4073 1566 4126 θέλων
1593 4075 1617 4125 ό
1649 4081 1780 4148 Χρι-

179 4171 299 4228 στός
357 4162 533 4228 δεῖξαι
583 4172 692 4226 τοῖς
743 4165 1024 4237 μαθηταῖς,
1067 4165 1144 4216 ὅτι
1207 4167 1356 4236 μόνος
1408 4163 1558 4225 οὗτος
1597 4163 1782 4238 ὀρθῶς·

174 4259 321 4326 ἔγνω,
393 4259 483 4306 καὶ
543 4252 774 4314 ἀπλανῶς
839 4251 1163 4325 ὡμολόγησε,
1232 4251 1512 4327 μακαρίζει
1577 4259 1776 4319 τοῦτον,

173 4347 239 4407 ὡς
305 4347 642 4414 τετυχηκότα
715 4347 830 4416 περὶ
904 4344 1087 4394 τούτου
1172 4343 1309 4404 θείας
1363 4339 1777 4412 ἀποκαλύψεως,

173 4434 309 4506 Σάρξ
361 4435 488 4506 γὰρ,
554 4438 704 4505 φησὶ,
779 4436 870 4484 καὶ
923 4432 1072 4504 αἷμα,
1132 4435 1417 4498 τουτέστιν,
1491 4432 1776 4503 ἄνθρωπος,

172 4524 265 4575 οὐκ
329 4521 742 4594 ἐμυσταγὼγησέ
782 4542 838 4575 σε
879 4525 973 4582 τὴν
1023 4526 1139 4596 περὶ
1182 4520 1307 4591 ἐμοῦ
1362 4521 1556 4578 ταύτην
1601 4519 1780 4592 ὁμολο-

1933 647 2022 699 set
2049 643 2112 700 in
2149 646 2349 715 partes
2401 641 2683 700 Cmsarees
2720 642 2900 700 simul
2945 643 3163 703 orabat
3217 648 3275 703 et
3319 645 3592 707 ambula-

1933 732 2054 789 bat.

2003 822 2202 878 Filium
2238 837 2381 879 vero
2411 820 2674 878 hominis
2703 822 2804 889 ait,
2849 822 2965 879 hoc
2990 825 3098 888 est,
3127 837 3288 891 eum,
3318 825 3423 898 qui
3480 824 3592 884 ho-

1930 911 2193 968 minibus
2241 916 2493 984 apparet
2548 911 2747 967 nudus
2795 911 3004 968 homo.
3049 913 3436 984 Interrogavit
3487 931 3593 973 au-

1930 1005 2047 1058 tem
2073 1017 2196 1058 non
2243 1001 2419 1074 quasi
2451 1001 2756 1072 ignorans,
2789 1001 2892 1058 sed
2915 1000 3348 1074 dispensatorio
3381 1005 3586 1072 modo,

1929 1099 1991 1148 ut
2014 1093 2216 1148 Petrus
2229 1091 2450 1148 diceret
2472 1091 2638 1164 quod
2654 1090 2768 1147 sibi
2787 1091 3110 1148 revelatum
3131 1097 3259 1150 erat
3269 1096 3327 1150 et
3351 1097 3592 1153 caetero-

1927 1197 2061 1238 rum
2080 1182 2386 1254 opiniones
2396 1196 2533 1253 qum
2545 1180 2620 1237 de
2630 1179 2766 1253 ipso
2777 1185 2969 1251 erant,
2984 1181 3449 1254 reprobarentur
3464 1187 3593 1242 tan-

1927 1287 2114 1344 quam
2138 1287 2415 1328 erronem.
2433 1271 2669 1328 Sciebat
2684 1285 2949 1345 namque
2967 1271 3128 1344 quod
3145 1274 3299 1329 Deus
3323 1288 3394 1331 ac
3422 1273 3593 1333 Pater

1925 1361 2291 1418 revelaverat
2320 1361 2493 1417 Petro
2522 1360 2599 1418 de
2621 1375 2705 1430 se,
2731 1361 3009 1434 aperiens
3031 1365 3274 1420 menten
3303 1362 3454 1436 ejus.

1995 1557 2138 1613 Vide
2168 1559 2368 1613 autem
2395 1556 2560 1630 quod
2577 1555 2738 1614 circa
2753 1555 3198 1629 prmdicationis
3219 1557 3390 1618 initia
3416 1559 3590 1618 inter-

1922 1647 2237 1717 rogaverit,
2272 1647 2380 1702 sed
2409 1650 2732 1719 postquam
2784 1646 2974 1703 multa
3022 1663 3363 1720 magnaque
3409 1649 3586 1721 signa

1921 1734 2204 1800 ediderat,
2253 1738 2582 1807 postquam
2639 1734 2821 1792 multa
2870 1749 3210 1807 magnaque
3249 1735 3584 1795 docuerat:

1918 1828 2242 1897 postquam
2257 1822 2612 1880 sufﬁcientes
2628 1823 2697 1879 de
2711 1839 2822 1880 sua
2832 1822 3142 1881 divinitate
3159 1839 3228 1882 ac
3244 1825 3584 1898 aequalitate

1840 1908 1888 1967 B
1919 1913 1996 1972 ad
2027 1912 2282 1979 Patrem,
2315 1912 2696 1984 probationes
2725 1911 3026 1970 evidentes
3050 1913 3397 1973 tradiderat.

1984 2004 2141 2058 Vers.
2180 2003 2268 2059 14.
2308 2002 2387 2057 At
2417 2001 2528 2058 illi.
2561 2032 2632 2045 —
2657 2004 2722 2058 V.
2762 2002 2846 2058 t5.
2881 2002 3024 2060 Esse
3045 2001 3244 2061 dicitis
3267 2004 3298 2061 ‘I
3328 2006 3462 2072 Vos,
3491 2006 3585 2064 in-

1910 2093 2058 2166 quit,
2090 2092 2191 2165 qui
2223 2107 2459 2148 mecum
2489 2105 2723 2164 semper
2738 2093 3220 2161 conversamini,’
3242 2097 3300 2152 et
3323 2099 3578 2155 multam

1909 2181 2142 2238 habetis
2166 2180 2592 2254 experientiam
2625 2197 2775 2238 mea:
2814 2182 3112 2254 potentias,
3143 2198 3276 2257 quae
3307 2187 3369 2241 et
3395 2200 3576 2258 opere

1909 2275 1964 2328 et
1999 2287 2273 2328 sermone
2309 2270 2602 2328 elucescit.
2633 2271 2771 2328 Cum
2810 2286 2954 2341 ergo
2984 2271 3206 2330 diceret
3245 2272 3362 2329 illis
3393 2291 3408 2334 :
3463 2275 3574 2334 Vos

1908 2368 2106 2420 autem
2131 2377 2297 2435 quem
2324 2377 2416 2420 me
2429 2376 2546 2419 esse
2561 2360 2756 2418 dicitis
2781 2361 2810 2418 ?
2839 2359 3200 2435 signiﬁcavit
3225 2362 3430 2421 turbas
3449 2377 3572 2425 non

1906 2457 2063 2509 recte
2100 2451 2315 2508 dicere.

1977 2545 2132 2598 ‘v'ers.
2174 2543 2267 2600 16.
2306 2541 2674 2611 Respondens
2696 2571 2764 2582 -—
2794 2540 3060 2599 viventis.
3100 2541 3332 2600 Rursus
3362 2545 3568 2603 Petrus

1903 2632 2130 2705 ubique
2161 2631 2704 2703 fervensprosilitet
2720 2630 3029 2704 praecedit.
3065 2630 3329 2690 Viventis
3362 2638 3568 2694 autem

1903 2721 2068 2789 dixit,
2109 2721 2252 2794 quia
2294 2721 2583 2794 scriptum
2622 2724 2748 2778 est:
2782 2723 2937 2778 Deus
2971 2722 3176 2779 vivens
3207 2737 3305 2796 ego
3333 2739 3465 2781 sum
3491 2724 3561 2782 ³³.

1903 2813 1970 2868 Et
2032 2812 2166 2868 Vivo
2199 2826 2326 2883 ego,
2355 2810 2496 2867 dicit
2526 2811 2819 2867 Dominus
2839 2812 2930 2878 8‘;
2973 2809 3281 2885 multaque
3299 2811 3563 2886 himilia,

1900 2900 1982 2958 ad
2043 2901 2385 2974 oppositam
2415 2899 2863 2959 distinctionem
2925 2903 3309 2961 mortuorum
3365 2901 3567 2963 idolo-

1899 3006 2136 3136 “13:...
2166 3080 2252 3134 t7.
2287 3079 2367 3135 Et
2397 3109 2466 3122 --
2495 3077 2666 3136 caelis.
2694 3079 2870 3152 Atqui
2890 3079 3061 3153 prius
3083 3079 3265 3138 etiam
3281 3080 3563 3156 discipuli

1899 3168 2106 3225 sedata
2137 3171 2485 3240 tempestate
2527 3167 2744 3224 Filium
2791 3167 2894 3224 Dei
2937 3184 3071 3225 esse
3121 3169 3381 3228 confessi
3423 3177 3562 3232 sunt

1702 3273 1788 3322 καὶ
1822 3261 1878 3328 (ι’
1899 3259 2204 3323 dicentes;
2266 3259 2410 3314 Vere
2449 3258 2557 3312 Dei
2582 3257 2774 3313 Filius
2819 3273 2878 3314 es
2907 3258 2954 3295 ⁸⁸
3003 3273 3113 3314 nec
3159 3263 3354 3317 tamen
3395 3261 3561 3320 beati

1898 3346 2195 3420 praedicati
2226 3349 2382 3400 sunt.
2426 3347 2493 3402 Et
2519 3345 2617 3401 alii
2643 3345 2896 3418 quidam
2920 3347 3109 3404 Deum
3135 3361 3271 3405 esse
3291 3348 3560 3407 credide-

1896 3440 2053 3501 runt,
2082 3434 2566 3508 utpraediximus,
2590 3434 2695 3492 sed
2726 3434 2959 3492 nullum
2994 3435 3235 3492 illorum
3263 3436 3559 3495 beatiﬁca-

1896 3525 1996 3582 vit.
2023 3523 2176 3591 Quid
2206 3539 2349 3594 ergo
2377 3522 2700 3580 dicendum
2732 3527 2865 3580 est?
2891 3524 3064 3591 Quod
3101 3541 3314 3582 omnes
3334 3526 3440 3600 qui
3467 3527 3558 3602 ip-

1896 3629 2030 3670 sum
2058 3630 2190 3670 esse
2219 3613 2319 3670 Dei
2343 3613 2554 3671 Filium
2577 3613 2838 3670 confessi
2878 3618 3034 3681 sunt,
3069 3618 3172 3671 aut
3205 3617 3393 3674 Deum
3423 3632 3554 3676 esse

1893 3704 2290 3769 crediderunt,
2322 3719 2446 3760 non
2473 3707 2686 3760 natura
2719 3706 2776 3760 et
2801 3703 3041 3777 proprie
3076 3703 3206 3760 haec
3230 3703 3397 3762 illum
3424 3721 3553 3767 esse

1893 3793 2312 3866 opinabantur,
2336 3793 2442 3849 sed
2466 3793 2805 3866 adoptione,
2827 3797 2883 3850 et
2905 3793 3240 3851 secundum
3267 3794 3557 3854 excellen-

1891 3884 2037 3940 tiam
2092 3883 2325 3940 virtutis
2381 3883 2561 3940 veluti
2618 3883 2797 3940 etiam
2855 3899 3066 3940 omnes
3121 3889 3388 3953 sanctos,
3449 3885 3552 3945 Dei

1888 3973 2044 4031 ﬁlios
2072 3989 2204 4030 esse
2234 3973 2454 4030 dicunt.
2497 3973 2672 4030 Solus
2715 3977 2916 4030 autem
2957 3975 3160 4031 Petrus
3198 3991 3336 4032 vere
3377 3975 3548 4034 Chri-

1890 4055 2068 4130 stum,
2097 4066 2154 4119 et
2195 4066 2409 4120 natura
2446 4067 2503 4119 et
2541 4063 2770 4136 proprie
2818 4063 3035 4119 Filium
3085 4063 3186 4120 Dei
3229 4063 3390 4122 hunc
3421 4081 3554 4126 esse

1887 4151 2184 4209 intellexit.
2216 4152 2352 4208 Ideo
2399 4167 2642 4225 quoque
2699 4151 2906 4207 volens
2939 4152 3202 4208 Christus
3245 4153 3552 4227 discipulis

1888 4241 2316 4310 demonstrare,
2365 4240 2528 4312 quod
2566 4239 2728 4295 solus
2767 4239 2862 4294 hic
2896 4244 3051 4296 recte
3089 4242 3451 4310 cognoverit,
3492 4246 3551 4301 et

1889 4330 2015 4386 sine
2039 4345 2235 4386 errore
2252 4327 2562 4384 confessus
2586 4327 2677 4395 sit,
2698 4327 2894 4400 ipsum
2913 4327 3240 4398 beatiﬁcat,
3262 4331 3546 4401 tanquam

1888 4423 2229 4476 assecutum
2254 4418 2516 4474 divinam
2544 4417 2618 4473 de
2647 4433 2709 4473 se
2729 4415 3153 4473 revelationem
3179 4432 3191 4473 :
3214 4419 3362 4474 Caro
3385 4417 3546 4476 enim

1887 4509 2086 4582 inquit,
2117 4513 2174 4564 et
2210 4507 2481 4578 sanguis.
2512 4507 2627 4563 hoc
2658 4512 2746 4562 est
2779 4505 2983 4574 homo,
3022 4520 3141 4561 non
3183 4505 3436 4564 initiavit
3490 4510 3548 4566 te

171 4617 314 4684 γίαν,
365 4610 478 4662 ἀλλ’
531 4613 555 4663 ό
602 4617 779 4686 Πατήρ
829 4631 948 4684 μου,
1001 4614 1068 4674 ὡς
1114 4611 1257 4674 ἄξιον
1304 4611 1547 4670 τοιαύτης
1579 4607 1775 4662 ἀποκα-

1906 4598 1966 4654 td
2015 4613 2250 4655 sacram
2289 4597 2445 4652 hanc
2475 4594 2550 4652 de
2595 4610 2690 4650 me
2730 4593 3194 4661 confessionem,
3230 4595 3331 4651 sed
3379 4595 3549 4655 Pater

170 4700 394 4770 λῦψεως.
449 4704 520 4754 Τό
577 4697 635 4753 δι
707 4703 808 4775 Βάρ
875 4700 1111 4776 ἐϐραίκόν
1179 4703 1268 4772 μέν
1352 4697 1482 4762 ἐστι,
1535 4704 1776 4771 σημαίνει

175 4785 236 4842 δὲ
289 4794 370 4841 τόν
415 4792 545 4844 υἱόν.
611 4791 729 4851 Υἱός
773 4793 872 4863 γὰρ
949 4786 1010 4848 ἧν
1085 4791 1108 4841 ό
1176 4793 1358 4862 Πέτρος
1413 4787 1560 4840 Ἰωνᾶ
1614 4807 1770 4850 τινος.

173 4880 322 4931 Οὕτω
387 4886 515 4949 γοῦν
575 4877 871 4952 βεϐαιώσας
915 4881 972 4931 τό
1027 4874 1203 4950 δόγμα
1254 4885 1342 4929 τοῦ
1401 4881 1618 4952 Πέτρου,
1683 4883 1772 4931 καὶ

175 4965 514 5021 θεοδίδακτον
593 4967 860 5042 ἀποφήνας
941 4967 1087 5033 αὐτὸ,
1151 4965 1328 5039 βλέπε,
1392 4973 1542 5019 τίνων
1614 4967 1768 5021 αὐτόν

170 5058 323 5121 ἀξιοῖ.

240 5236 397 5310 Κάγὼ
463 5268 526 5277 -
575 5257 672 5309 μου
743 5241 837 5295 τὴν
898 5236 1237 5294 Ἐκκλησίαν,
1329 5233 1502 5288 Σὺ-εῖ
1555 5239 1762 5309 Πέτρος,

167 5331 228 5388 ὡς
311 5325 508 5399 μέλλων
587 5328 824 5398 γενσθέαι
897 5329 1058 5398 πέτρα
1138 5329 1364 5387 πίστεως
1447 5328 1578 5397 μετά
1672 5331 1765 5400 τὴν

164 5418 406 5492 ἄρνησιν,
491 5416 520 5474 ἦ
587 5418 654 5477 ὡς
715 5411 822 5474 ἤδη
907 5413 1113 5489 στεῤῥός
1181 5422 1246 5465 ῶν
1303 5421 1375 5485 τῷ
1451 5419 1762 5488 φρονήματιο

230 5541 279 5577 ⁸³
303 5541 485 5598 Josue
515 5555 598 5610 ιιι,
639 5541 721 5596 10.
825 5540 872 5575 ⁸⁸
912 5539 1116 5596 Ezech.
1143 5555 1314 5605 ~xvm,
1347 5539 1422 5596 3..

1886 4703 2080 4758 meus,
2131 4692 2417 4759 tanquam
2472 4683 2821 4756 hujusmodi
2854 4684 3225 4742 confessione
3256 4684 3536 4757 dignum.

1885 4778 2050 4844 Quod
2079 4780 2278 4833 autem
2311 4775 2525 4831 dicitur
2551 4777 2678 4840 Bar,
2713 4773 3000 4831 Hebraica
3029 4773 3185 4831 dicto
3212 4779 3322 4846 est,
3366 4776 3547 4848 signi-

1879 4865 2070 4923 ﬁcans
2095 4867 2289 4936 ﬁlium
2312 4871 2466 4921 :erat
2502 4863 2798 4937 siquidem
2826 4862 2983 4920 ﬁlius
3024 4864 3344 4935 cujusdam
3371 4868 3539 4926 Jona.

1880 4957 2204 5028 Postquam
2250 4970 2384 5026 ergo
2439 4954 2588 5010 Petri
2640 4952 2978 5025 opinionem
3032 4954 3426 5023 conﬁrmavit,
3485 4961 3542 5016 et

1874 5045 2031 5100 hunc
2052 5061 2086 5100 a
2108 5045 2224 5099 Deo
2243 5043 2526 5100 edoctum
2544 5058 2670 5100 esse
2695 5041 3146 5109 demonstravit,
3164 5044 3298 5101 vide
3315 5046 3537 5120 quibus

1875 5151 2013 5191 eum
2041 5133 2319 5204 dignetur
2344 5132 2540 5189 bonis.

1831 5232 1871 5266 ’Τ
1943 5241 2104 5299 Vers.
2146 5244 2228 5297 18.
2286 5241 2364 5297 Et
2413 5256 2518 5312 ego
2569 5271 2640 5283 -
2693 5239 3024 5300 Ecclesium
3077 5257 3288 5302 meam.
3335 5245 3420 5300 Tu
3472 5259 3537 5302 es

1863 5331 2098 5428 Petrus,
2130 5333 2196 5386 ut
2227 5330 2332 5404 qui
2361 5332 2496 5403 post
2515 5328 2998 5402 abnegationem,
3028 5331 3166 5390 ﬁdei
3182 5337 3353 5406 petra
3377 5333 3536 5391 futu-

1873 5419 1974 5474 rus
2000 5434 2064 5476 es
2095 5435 2108 5475 :
2138 5419 2232 5477 vel
2261 5421 2556 5492 tanquam
2581 5419 2711 5493 jam
2731 5419 3047 5494 prudentia
3075 5421 3153 5496 (ε)
3170 5421 3397 5480 ﬁrmus.
3421 5424 3532 5482 Ita-

1480 5541 1526 5576 ⁸⁸
1556 5525 1756 5601 Μελιῑὶιέ
1778 5554 1890 5612 xlv,
1916 5546 2004 5602 33.

1373 5665 1590 5734 Variae
1628 5667 1957 5736 lectiones
2003 5676 2069 5734 et
2091 5677 2292 5737 notae.

229 5813 304 5884 (ε)
328 5814 578 5884 Φρόνημα
600 5810 692 5866 hic
723 5814 778 5866 et
799 5809 956 5866 infra
985 5809 1235 5868 reddidit
1259 5812 1657 5882 prudentiam.
1691 5812 1888 5873 Malim
1907 5819 2160 5872 mentem
2192 5815 2464 5875 reddere.
