  <div class='ocr_page' id='page_1' title='image "/cluster/home/n/w/nwhite01/storage/ocr_20150623/129/hvd.32044019208511/258.png"; bbox 0 0 4176 6450; ppageno 0'>
   <div class='ocr_carea' id='block_1_1' title="bbox 218 407 326 466">
    <p class='ocr_par' dir='ltr' id='par_1_1' title="bbox 218 407 326 466">
     <span class='ocr_line' id='line_1_1' title="bbox 218 407 326 466; baseline 0 0"><span class='ocrx_word' id='word_1_1' title='bbox 218 407 326 466; x_wconf 75' lang='grc'><strong>469</strong></span> 
     </span>
    </p>
   </div>
   <div class='ocr_carea' id='block_1_2' title="bbox 1187 391 2630 458">
    <p class='ocr_par' dir='ltr' id='par_1_2' title="bbox 1187 391 2630 458">
     <span class='ocr_line' id='line_1_2' title="bbox 1187 391 2630 458; baseline -0.006 0"><span class='ocrx_word' id='word_1_2' title='bbox 1187 396 1556 458; x_wconf 85' lang='lat' dir='ltr'><strong>COMMENT.</strong></span> <span class='ocrx_word' id='word_1_3' title='bbox 1596 394 1670 452; x_wconf 88' lang='lat' dir='ltr'><strong>IN</strong></span> <span class='ocrx_word' id='word_1_4' title='bbox 1702 391 2145 452; x_wconf 67' lang='lat' dir='ltr'><strong>MATTHEUM.</strong></span> <span class='ocrx_word' id='word_1_5' title='bbox 2186 425 2256 436; x_wconf 91' lang='lat'><strong>—-</strong></span> <span class='ocrx_word' id='word_1_6' title='bbox 2294 393 2452 452; x_wconf 84' lang='lat' dir='ltr'><strong>CAP.</strong></span> <span class='ocrx_word' id='word_1_7' title='bbox 2481 393 2630 452; x_wconf 85' lang='lat' dir='ltr'><strong>XVI.</strong></span> 
     </span>
    </p>
   </div>
   <div class='ocr_carea' id='block_1_3' title="bbox 3467 393 3574 456">
    <p class='ocr_par' dir='ltr' id='par_1_3' title="bbox 3467 393 3574 456">
     <span class='ocr_line' id='line_1_3' title="bbox 3467 393 3574 456; baseline 0.037 -4"><span class='ocrx_word' id='word_1_8' title='bbox 3467 393 3574 456; x_wconf 65' lang='lat'><strong>470</strong></span> 
     </span>
    </p>
   </div>
   <div class='ocr_carea' id='block_1_4' title="bbox 165 519 1788 611">
    <p class='ocr_par' dir='ltr' id='par_1_4' title="bbox 165 523 1788 611">
     <span class='ocr_line' id='line_1_4' title="bbox 165 523 1788 611; baseline -0.009 -21"><span class='ocrx_word' id='word_1_9' title='bbox 165 562 176 568; x_wconf 90' lang='grc'>·</span> <span class='ocrx_word' id='word_1_10' title='bbox 209 549 391 611; x_wconf 84' lang='grc' dir='ltr'>μονοις</span> <span class='ocrx_word' id='word_1_11' title='bbox 451 530 558 596; x_wconf 76' lang='grc' dir='ltr'>τοῖς</span> <span class='ocrx_word' id='word_1_12' title='bbox 622 531 900 608; x_wconf 79' lang='grc' dir='ltr'>μαθηταῖς,</span> <span class='ocrx_word' id='word_1_13' title='bbox 961 534 1026 592; x_wconf 80' lang='grc' dir='ltr'>ὡς</span> <span class='ocrx_word' id='word_1_14' title='bbox 1079 529 1408 604; x_wconf 83' lang='grc' dir='ltr'>τελειοτέροις</span> <span class='ocrx_word' id='word_1_15' title='bbox 1462 534 1559 578; x_wconf 87' lang='grc' dir='ltr'><strong>τῶν</strong></span> <span class='ocrx_word' id='word_1_16' title='bbox 1617 523 1788 598; x_wconf 87' lang='grc' dir='ltr'>ὄχλων</span> 
     </span>
    </p>
   </div>
   <div class='ocr_carea' id='block_1_5' title="bbox 1906 519 3577 611">
    <p class='ocr_par' dir='ltr' id='par_1_5' title="bbox 1925 519 3577 611">
     <span class='ocr_line' id='line_1_5' title="bbox 1925 519 3577 611; baseline 0.002 -33"><span class='ocrx_word' id='word_1_17' title='bbox 1925 525 2104 611; x_wconf 80' lang='lat' dir='ltr'><strong>retur.</strong></span> <span class='ocrx_word' id='word_1_18' title='bbox 2141 524 2347 594; x_wconf 78' lang='lat' dir='ltr'><strong>utpote</strong></span> <span class='ocrx_word' id='word_1_19' title='bbox 2371 521 2475 594; x_wconf 87' lang='lat' dir='ltr'><strong>qui</strong></span> <span class='ocrx_word' id='word_1_20' title='bbox 2497 519 2892 611; x_wconf 88' lang='lat' dir='ltr'><strong>popularibus</strong></span> <span class='ocrx_word' id='word_1_21' title='bbox 2918 519 3294 611; x_wconf 81' lang='lat' dir='ltr'><strong>perfectiores</strong></span> <span class='ocrx_word' id='word_1_22' title='bbox 3322 525 3577 590; x_wconf 89' lang='lat' dir='ltr'><strong>erant,et</strong></span> 
     </span>
    </p>
   </div>
   <div class='ocr_carea' id='block_1_6' title="bbox 208 618 1810 690">
    <p class='ocr_par' dir='ltr' id='par_1_6' title="bbox 208 618 1810 690">
     <span class='ocr_line' id='line_1_6' title="bbox 208 618 1810 690; baseline -0.007 -12"><span class='ocrx_word' id='word_1_23' title='bbox 208 632 296 679; x_wconf 78' lang='grc' dir='ltr'>καὶ</span> <span class='ocrx_word' id='word_1_24' title='bbox 352 629 425 687; x_wconf 88' lang='grc' dir='ltr'>ὡς</span> <span class='ocrx_word' id='word_1_25' title='bbox 488 632 682 686; x_wconf 77' lang='grc' dir='ltr'><strong>κοινοῖς</strong></span> <span class='ocrx_word' id='word_1_26' title='bbox 732 621 1076 683; x_wconf 74' lang='grc' dir='ltr'><strong>διδασκάλοις</strong></span> <span class='ocrx_word' id='word_1_27' title='bbox 1142 627 1233 680; x_wconf 82' lang='grc' dir='ltr'>τῆς</span> <span class='ocrx_word' id='word_1_28' title='bbox 1287 618 1609 690; x_wconf 84' lang='grc' dir='ltr'>οἰκουμένης.</span> <span class='ocrx_word' id='word_1_29' title='bbox 1679 619 1810 677; x_wconf 84' lang='grc' dir='ltr'><strong>Τοὺς</strong></span> 
     </span>
    </p>
   </div>
   <div class='ocr_carea' id='block_1_7' title="bbox 210 707 1809 788">
    <p class='ocr_par' dir='ltr' id='par_1_7' title="bbox 210 707 1809 788">
     <span class='ocr_line' id='line_1_7' title="bbox 210 707 1809 788; baseline -0.008 -20"><span class='ocrx_word' id='word_1_30' title='bbox 210 715 410 788; x_wconf 77' lang='grc' dir='ltr'><strong>ὄχλους</strong></span> <span class='ocrx_word' id='word_1_31' title='bbox 472 711 533 767; x_wconf 69' lang='grc' dir='ltr'><strong>δὲ</strong></span> <span class='ocrx_word' id='word_1_32' title='bbox 587 721 740 767; x_wconf 89' lang='grc' dir='ltr'>τοῦτο</span> <span class='ocrx_word' id='word_1_33' title='bbox 799 715 979 786; x_wconf 88' lang='grc' dir='ltr'>μαθεῖν</span> <span class='ocrx_word' id='word_1_34' title='bbox 1047 710 1140 763; x_wconf 74' lang='grc' dir='ltr'>οὐκ</span> <span class='ocrx_word' id='word_1_35' title='bbox 1212 707 1444 761; x_wconf 70' lang='grc' dir='ltr'>ἐϐούλετο</span> <span class='ocrx_word' id='word_1_36' title='bbox 1503 714 1612 770; x_wconf 84' lang='grc' dir='ltr'>νῦν,</span> <span class='ocrx_word' id='word_1_37' title='bbox 1674 707 1809 780; x_wconf 80' lang='grc' dir='ltr'>ἄχρι</span> 
     </span>
    </p>
   </div>
   <div class='ocr_carea' id='block_1_8' title="bbox 203 800 1808 880">
    <p class='ocr_par' dir='ltr' id='par_1_8' title="bbox 203 800 1808 880">
     <span class='ocr_line' id='line_1_8' title="bbox 203 800 1808 880; baseline -0.008 -22"><span class='ocrx_word' id='word_1_38' title='bbox 203 815 300 868; x_wconf 80' lang='grc' dir='ltr'>τῆς</span> <span class='ocrx_word' id='word_1_39' title='bbox 357 805 414 858; x_wconf 77' lang='grc' dir='ltr'>ἐκ</span> <span class='ocrx_word' id='word_1_40' title='bbox 464 812 654 880; x_wconf 85' lang='grc' dir='ltr'>νεκρῶν</span> <span class='ocrx_word' id='word_1_41' title='bbox 708 803 1038 864; x_wconf 79' lang='grc' dir='ltr'><strong>ἀναστάσεως</strong></span> <span class='ocrx_word' id='word_1_42' title='bbox 1088 801 1270 864; x_wconf 76' lang='grc' dir='ltr'>αὐτοῦ,</span> <span class='ocrx_word' id='word_1_43' title='bbox 1303 800 1384 850; x_wconf 82' lang='grc' dir='ltr'>ἵνα</span> <span class='ocrx_word' id='word_1_44' title='bbox 1434 802 1531 868; x_wconf 80' lang='grc' dir='ltr'>μὴ,</span> <span class='ocrx_word' id='word_1_45' title='bbox 1572 803 1658 848; x_wconf 88' lang='grc' dir='ltr'><strong>νῦν</strong></span> <span class='ocrx_word' id='word_1_46' title='bbox 1711 815 1808 867; x_wconf 90' lang='grc' dir='ltr'>μα-</span> 
     </span>
    </p>
   </div>
   <div class='ocr_carea' id='block_1_9' title="bbox 209 887 1806 967">
    <p class='ocr_par' dir='ltr' id='par_1_9' title="bbox 209 887 1806 967">
     <span class='ocr_line' id='line_1_9' title="bbox 209 887 1806 967; baseline -0.008 -18"><span class='ocrx_word' id='word_1_47' title='bbox 209 899 402 963; x_wconf 87' lang='grc' dir='ltr'>θόντες,</span> <span class='ocrx_word' id='word_1_48' title='bbox 455 894 536 947; x_wconf 87' lang='grc' dir='ltr'>ὃτι</span> <span class='ocrx_word' id='word_1_49' title='bbox 593 896 746 967; x_wconf 74' lang='grc' dir='ltr'>φύσει</span> <span class='ocrx_word' id='word_1_50' title='bbox 816 893 930 954; x_wconf 82' lang='grc' dir='ltr'>Υἱός</span> <span class='ocrx_word' id='word_1_51' title='bbox 977 890 1086 944; x_wconf 85' lang='grc' dir='ltr'>έστι</span> <span class='ocrx_word' id='word_1_52' title='bbox 1139 897 1232 942; x_wconf 90' lang='grc' dir='ltr'><strong>τοῦ</strong></span> <span class='ocrx_word' id='word_1_53' title='bbox 1280 894 1433 954; x_wconf 89' lang='grc' dir='ltr'>Θεοῦ,</span> <span class='ocrx_word' id='word_1_54' title='bbox 1501 891 1590 938; x_wconf 85' lang='grc' dir='ltr'>καὶ</span> <span class='ocrx_word' id='word_1_55' title='bbox 1655 887 1806 957; x_wconf 67' lang='grc' dir='ltr'>φύσει</span> 
     </span>
    </p>
   </div>
   <div class='ocr_carea' id='block_1_10' title="bbox 212 973 1806 1055">
    <p class='ocr_par' dir='ltr' id='par_1_10' title="bbox 212 973 1806 1055">
     <span class='ocr_line' id='line_1_10' title="bbox 212 973 1806 1055; baseline -0.009 -16"><span class='ocrx_word' id='word_1_56' title='bbox 212 989 343 1047; x_wconf 85' lang='grc' dir='ltr'><strong>Θεὸς</strong></span> <span class='ocrx_word' id='word_1_57' title='bbox 379 1028 392 1052; x_wconf 93' lang='grc'><strong>,</strong></span> <span class='ocrx_word' id='word_1_58' title='bbox 473 982 587 1038; x_wconf 83' lang='grc' dir='ltr'>εἶτα</span> <span class='ocrx_word' id='word_1_59' title='bbox 668 985 976 1055; x_wconf 82' lang='grc' dir='ltr'>θεασάμενοι</span> <span class='ocrx_word' id='word_1_60' title='bbox 1073 986 1253 1032; x_wconf 83' lang='grc' dir='ltr'>τοῦτον</span> <span class='ocrx_word' id='word_1_61' title='bbox 1355 976 1552 1049; x_wconf 86' lang='grc' dir='ltr'>ἀτιμως</span> <span class='ocrx_word' id='word_1_62' title='bbox 1661 973 1806 1048; x_wconf 79' lang='grc' dir='ltr'>ὑϐρι-</span> 
     </span>
    </p>
   </div>
   <div class='ocr_carea' id='block_1_11' title="bbox 221 1063 1806 1147">
    <p class='ocr_par' dir='ltr' id='par_1_11' title="bbox 221 1063 1806 1147">
     <span class='ocr_line' id='line_1_11' title="bbox 221 1063 1806 1147; baseline -0.008 -20"><span class='ocrx_word' id='word_1_63' title='bbox 221 1079 426 1147; x_wconf 86' lang='grc' dir='ltr'>ζόμενον</span> <span class='ocrx_word' id='word_1_64' title='bbox 507 1078 600 1126; x_wconf 83' lang='grc' dir='ltr'>καὶ</span> <span class='ocrx_word' id='word_1_65' title='bbox 687 1069 835 1126; x_wconf 85' lang='grc' dir='ltr'>διινά</span> <span class='ocrx_word' id='word_1_66' title='bbox 900 1073 1182 1143; x_wconf 82' lang='grc' dir='ltr'>πάσχοντα</span> <span class='ocrx_word' id='word_1_67' title='bbox 1246 1071 1336 1120; x_wconf 88' lang='grc' dir='ltr'>καὶ</span> <span class='ocrx_word' id='word_1_68' title='bbox 1404 1073 1599 1140; x_wconf 85' lang='grc' dir='ltr'>πικρῶς</span> <span class='ocrx_word' id='word_1_69' title='bbox 1659 1063 1806 1116; x_wconf 86' lang='grc' dir='ltr'>ἀναι-</span> 
     </span>
    </p>
   </div>
   <div class='ocr_carea' id='block_1_12' title="bbox 216 1158 1805 1239">
    <p class='ocr_par' dir='ltr' id='par_1_12' title="bbox 216 1158 1805 1239">
     <span class='ocr_line' id='line_1_12' title="bbox 216 1158 1805 1239; baseline -0.008 -22"><span class='ocrx_word' id='word_1_70' title='bbox 216 1167 445 1239; x_wconf 83' lang='grc' dir='ltr'>ρούμενοι</span> <span class='ocrx_word' id='word_1_71' title='bbox 478 1205 493 1230; x_wconf 89' lang='grc'><strong>,</strong></span> <span class='ocrx_word' id='word_1_72' title='bbox 573 1158 998 1215; x_wconf 80' lang='grc' dir='ltr'>σκανδαλισθῶσὶ</span> <span class='ocrx_word' id='word_1_73' title='bbox 1032 1201 1046 1226; x_wconf 92' lang='grc'><strong>,</strong></span> <span class='ocrx_word' id='word_1_74' title='bbox 1109 1163 1199 1212; x_wconf 84' lang='grc' dir='ltr'>καὶ</span> <span class='ocrx_word' id='word_1_75' title='bbox 1251 1158 1321 1221; x_wconf 84' lang='grc' dir='ltr'><strong>εἰς</strong></span> <span class='ocrx_word' id='word_1_76' title='bbox 1386 1160 1478 1215; x_wconf 76' lang='grc' dir='ltr'>τὴν</span> <span class='ocrx_word' id='word_1_77' title='bbox 1552 1158 1805 1228; x_wconf 67' lang='grc' dir='ltr'>προτέραν</span> 
     </span>
    </p>
   </div>
   <div class='ocr_carea' id='block_1_13' title="bbox 214 1243 1805 1325">
    <p class='ocr_par' dir='ltr' id='par_1_13' title="bbox 214 1243 1805 1325">
     <span class='ocr_line' id='line_1_13' title="bbox 214 1243 1805 1325; baseline -0.007 -19"><span class='ocrx_word' id='word_1_78' title='bbox 214 1251 458 1306; x_wconf 75' lang='grc' dir='ltr'><strong>ἀπιστίαν</strong></span> <span class='ocrx_word' id='word_1_79' title='bbox 535 1248 1043 1325; x_wconf 81' lang='grc' dir='ltr'>παλινδρομησωσι,</span> <span class='ocrx_word' id='word_1_80' title='bbox 1102 1252 1192 1301; x_wconf 84' lang='grc' dir='ltr'>καὶ</span> <span class='ocrx_word' id='word_1_81' title='bbox 1268 1243 1653 1303; x_wconf 83' lang='grc' dir='ltr'>δυσανάκλητοι</span> <span class='ocrx_word' id='word_1_82' title='bbox 1717 1247 1805 1315; x_wconf 85' lang='grc' dir='ltr'>γέ-</span> 
     </span>
    </p>
   </div>
   <div class='ocr_carea' id='block_1_14' title="bbox 211 1360 415 1397">
    <p class='ocr_par' dir='ltr' id='par_1_14' title="bbox 211 1360 415 1397">
     <span class='ocr_line' id='line_1_14' title="bbox 211 1360 415 1397; baseline 0.02 -5"><span class='ocrx_word' id='word_1_83' title='bbox 211 1360 394 1394; x_wconf 86' lang='grc' dir='ltr'>νωνται</span> <span class='ocrx_word' id='word_1_84' title='bbox 403 1384 415 1397; x_wconf 88' lang='grc'><strong>.</strong></span> 
     </span>
    </p>
   </div>
   <div class='ocr_carea' id='block_1_15' title="bbox 276 1431 1800 1516">
    <p class='ocr_par' dir='ltr' id='par_1_15' title="bbox 276 1431 1800 1516">
     <span class='ocr_line' id='line_1_15' title="bbox 276 1431 1800 1516; baseline -0.006 -23"><span class='ocrx_word' id='word_1_85' title='bbox 276 1440 338 1494; x_wconf 79' lang='grc' dir='ltr'>Εἰ</span> <span class='ocrx_word' id='word_1_86' title='bbox 413 1441 518 1516; x_wconf 77' lang='grc' dir='ltr'><strong>γὰρ</strong></span> <span class='ocrx_word' id='word_1_87' title='bbox 584 1444 673 1492; x_wconf 82' lang='grc' dir='ltr'>καὶ</span> <span class='ocrx_word' id='word_1_88' title='bbox 737 1442 854 1500; x_wconf 84' lang='grc' dir='ltr'>τοὺς</span> <span class='ocrx_word' id='word_1_89' title='bbox 917 1438 1156 1510; x_wconf 83' lang='grc' dir='ltr'>μαθητὰς</span> <span class='ocrx_word' id='word_1_90' title='bbox 1221 1431 1568 1488; x_wconf 71' lang='grc' dir='ltr'>ὶσιιανδάλισε</span> <span class='ocrx_word' id='word_1_91' title='bbox 1613 1439 1800 1500; x_wconf 86' lang='grc' dir='ltr'>ταῦτα,</span> 
     </span>
    </p>
   </div>
   <div class='ocr_carea' id='block_1_16' title="bbox 202 1525 1799 1603">
    <p class='ocr_par' dir='ltr' id='par_1_16' title="bbox 202 1525 1799 1603">
     <span class='ocr_line' id='line_1_16' title="bbox 202 1525 1799 1603; baseline -0.006 -20"><span class='ocrx_word' id='word_1_92' title='bbox 202 1534 321 1592; x_wconf 78' lang='grc' dir='ltr'>τούς</span> <span class='ocrx_word' id='word_1_93' title='bbox 381 1529 725 1603; x_wconf 79' lang='grc' dir='ltr'>τελειοτέρους</span> <span class='ocrx_word' id='word_1_94' title='bbox 790 1536 889 1580; x_wconf 90' lang='grc' dir='ltr'><strong>τῶν</strong></span> <span class='ocrx_word' id='word_1_95' title='bbox 937 1527 1126 1598; x_wconf 83' lang='grc' dir='ltr'>ὄχλων,</span> <span class='ocrx_word' id='word_1_96' title='bbox 1184 1530 1273 1578; x_wconf 83' lang='grc' dir='ltr'><strong>καὶ</strong></span> <span class='ocrx_word' id='word_1_97' title='bbox 1321 1525 1380 1577; x_wconf 84' lang='grc' dir='ltr'><strong>οῦ</strong></span> <span class='ocrx_word' id='word_1_98' title='bbox 1427 1530 1595 1576; x_wconf 87' lang='grc' dir='ltr'>ταῦτα</span> <span class='ocrx_word' id='word_1_99' title='bbox 1647 1527 1799 1594; x_wconf 89' lang='grc' dir='ltr'>μόνον</span> 
     </span>
    </p>
   </div>
   <div class='ocr_carea' id='block_1_17' title="bbox 201 1614 1800 1695">
    <p class='ocr_par' dir='ltr' id='par_1_17' title="bbox 201 1614 1800 1695">
     <span class='ocr_line' id='line_1_17' title="bbox 201 1614 1800 1695; baseline -0.005 -23"><span class='ocrx_word' id='word_1_100' title='bbox 201 1621 453 1695; x_wconf 78' lang='grc' dir='ltr'>ὁρώμενα,</span> <span class='ocrx_word' id='word_1_101' title='bbox 507 1617 636 1670; x_wconf 85' lang='grc' dir='ltr'><strong>ἀλλά</strong></span> <span class='ocrx_word' id='word_1_102' title='bbox 676 1622 765 1671; x_wconf 85' lang='grc' dir='ltr'>καὶ</span> <span class='ocrx_word' id='word_1_103' title='bbox 815 1620 864 1670; x_wconf 77' lang='grc' dir='ltr'>οἱ</span> <span class='ocrx_word' id='word_1_104' title='bbox 913 1621 1029 1689; x_wconf 86' lang='grc' dir='ltr'>περὶ</span> <span class='ocrx_word' id='word_1_105' title='bbox 1084 1619 1276 1668; x_wconf 88' lang='grc' dir='ltr'>τούτων</span> <span class='ocrx_word' id='word_1_106' title='bbox 1313 1614 1460 1686; x_wconf 89' lang='grc' dir='ltr'>λόγοι</span> <span class='ocrx_word' id='word_1_107' title='bbox 1506 1617 1800 1687; x_wconf 87' lang='grc' dir='ltr'>προμηνυό-</span> 
     </span>
    </p>
   </div>
   <div class='ocr_carea' id='block_1_18' title="bbox 199 1703 1800 1780">
    <p class='ocr_par' dir='ltr' id='par_1_18' title="bbox 199 1703 1800 1780">
     <span class='ocr_line' id='line_1_18' title="bbox 199 1703 1800 1780; baseline -0.005 -19"><span class='ocrx_word' id='word_1_108' title='bbox 199 1729 360 1780; x_wconf 69' lang='grc' dir='ltr'>μενον</span> <span class='ocrx_word' id='word_1_109' title='bbox 419 1712 478 1761; x_wconf 81' lang='grc' dir='ltr'><strong>τε</strong></span> <span class='ocrx_word' id='word_1_110' title='bbox 534 1707 626 1760; x_wconf 83' lang='grc' dir='ltr'><strong>ούκ</strong></span> <span class='ocrx_word' id='word_1_111' title='bbox 674 1706 733 1759; x_wconf 85' lang='grc' dir='ltr'><strong>ἀν</strong></span> <span class='ocrx_word' id='word_1_112' title='bbox 791 1708 976 1760; x_wconf 79' lang='grc' dir='ltr'>ἔπαθον</span> <span class='ocrx_word' id='word_1_113' title='bbox 1027 1708 1075 1758; x_wconf 83' lang='grc' dir='ltr'>οἱ</span> <span class='ocrx_word' id='word_1_114' title='bbox 1130 1704 1316 1765; x_wconf 76' lang='grc' dir='ltr'><strong>ἀτελεῖς</strong></span> <span class='ocrx_word' id='word_1_115' title='bbox 1375 1703 1527 1776; x_wconf 85' lang='grc' dir='ltr'>ὄχλοι</span> <span class='ocrx_word' id='word_1_116' title='bbox 1584 1709 1800 1754; x_wconf 90' lang='grc' dir='ltr'>τοιαῦτα</span> 
     </span>
    </p>
   </div>
   <div class='ocr_carea' id='block_1_19' title="bbox 198 1795 1793 1872">
    <p class='ocr_par' dir='ltr' id='par_1_19' title="bbox 198 1795 1793 1872">
     <span class='ocr_line' id='line_1_19' title="bbox 198 1795 1793 1872; baseline -0.006 -21"><span class='ocrx_word' id='word_1_117' title='bbox 198 1798 494 1872; x_wconf 79' lang='grc' dir='ltr'>βλέποντες,</span> <span class='ocrx_word' id='word_1_118' title='bbox 541 1803 629 1850; x_wconf 84' lang='grc' dir='ltr'>καὶ</span> <span class='ocrx_word' id='word_1_119' title='bbox 682 1795 973 1868; x_wconf 80' lang='grc' dir='ltr'>ἀγνοοῦντες</span> <span class='ocrx_word' id='word_1_120' title='bbox 1003 1799 1059 1848; x_wconf 85' lang='grc' dir='ltr'>τὸ</span> <span class='ocrx_word' id='word_1_121' title='bbox 1102 1802 1192 1848; x_wconf 90' lang='grc' dir='ltr'><strong>τοῦ</strong></span> <span class='ocrx_word' id='word_1_122' title='bbox 1244 1796 1440 1855; x_wconf 77' lang='grc' dir='ltr'><strong>πάθους</strong></span> <span class='ocrx_word' id='word_1_123' title='bbox 1483 1797 1793 1866; x_wconf 78' lang='grc' dir='ltr'>μυστήριον,</span> 
     </span>
    </p>
   </div>
   <div class='ocr_carea' id='block_1_20' title="bbox 1921 609 3572 683">
    <p class='ocr_par' dir='ltr' id='par_1_20' title="bbox 1921 609 3572 683">
     <span class='ocr_line' id='line_1_20' title="bbox 1921 609 3572 683; baseline 0.002 -17"><span class='ocrx_word' id='word_1_124' title='bbox 1921 609 2096 683; x_wconf 89' lang='lat' dir='ltr'><strong>quasi</strong></span> <span class='ocrx_word' id='word_1_125' title='bbox 2135 626 2489 668; x_wconf 87' lang='lat' dir='ltr'><strong>communes</strong></span> <span class='ocrx_word' id='word_1_126' title='bbox 2520 610 2682 666; x_wconf 88' lang='lat' dir='ltr'><strong>orbis</strong></span> <span class='ocrx_word' id='word_1_127' title='bbox 2739 610 3010 681; x_wconf 82' lang='lat' dir='ltr'><strong>magistri</strong></span> <span class='ocrx_word' id='word_1_128' title='bbox 3044 627 3057 676; x_wconf 90' lang='lat'>;</span> <span class='ocrx_word' id='word_1_129' title='bbox 3086 609 3402 682; x_wconf 77' lang='lat' dir='ltr'><strong>populares</strong></span> <span class='ocrx_word' id='word_1_130' title='bbox 3430 627 3572 669; x_wconf 90' lang='lat' dir='ltr'><strong>vero</strong></span> 
     </span>
    </p>
   </div>
   <div class='ocr_carea' id='block_1_21' title="bbox 1918 699 3573 772">
    <p class='ocr_par' dir='ltr' id='par_1_21' title="bbox 1918 699 3573 772">
     <span class='ocr_line' id='line_1_21' title="bbox 1918 699 3573 772; baseline 0.002 -16"><span class='ocrx_word' id='word_1_131' title='bbox 1918 701 1977 756; x_wconf 89' lang='lat' dir='ltr'>id</span> <span class='ocrx_word' id='word_1_132' title='bbox 2003 717 2160 757; x_wconf 92' lang='lat' dir='ltr'><strong>nunc</strong></span> <span class='ocrx_word' id='word_1_133' title='bbox 2183 700 2334 756; x_wconf 89' lang='lat' dir='ltr'><strong>scire</strong></span> <span class='ocrx_word' id='word_1_134' title='bbox 2348 699 2534 756; x_wconf 87' lang='lat' dir='ltr'><strong>noluit</strong></span> <span class='ocrx_word' id='word_1_135' title='bbox 2551 716 2733 772; x_wconf 90' lang='lat' dir='ltr'><strong>usque</strong></span> <span class='ocrx_word' id='word_1_136' title='bbox 2745 699 2823 756; x_wconf 92' lang='lat' dir='ltr'><strong>ad</strong></span> <span class='ocrx_word' id='word_1_137' title='bbox 2836 699 3326 756; x_wconf 82' lang='lat' dir='ltr'><strong>resurrectionem</strong></span> <span class='ocrx_word' id='word_1_138' title='bbox 3341 715 3514 757; x_wconf 89' lang='lat' dir='ltr'><strong>suam</strong></span> <span class='ocrx_word' id='word_1_139' title='bbox 3535 716 3573 759; x_wconf 87' lang='lat' dir='ltr'><strong>a</strong></span> 
     </span>
    </p>
   </div>
   <div class='ocr_carea' id='block_1_22' title="bbox 1918 789 3570 856">
    <p class='ocr_par' dir='ltr' id='par_1_22' title="bbox 1918 789 3570 856">
     <span class='ocr_line' id='line_1_22' title="bbox 1918 789 3570 856; baseline 0 -11"><span class='ocrx_word' id='word_1_140' title='bbox 1918 791 2191 856; x_wconf 83' lang='lat' dir='ltr'><strong>mortuis,</strong></span> <span class='ocrx_word' id='word_1_141' title='bbox 2232 806 2307 846; x_wconf 90' lang='lat' dir='ltr'><strong>ne</strong></span> <span class='ocrx_word' id='word_1_142' title='bbox 2352 789 2402 845; x_wconf 94' lang='lat' dir='ltr'><strong>si</strong></span> <span class='ocrx_word' id='word_1_143' title='bbox 2445 805 2606 845; x_wconf 91' lang='lat' dir='ltr'><strong>nunc</strong></span> <span class='ocrx_word' id='word_1_144' title='bbox 2656 789 2947 846; x_wconf 84' lang='lat' dir='ltr'><strong>discerent</strong></span> <span class='ocrx_word' id='word_1_145' title='bbox 2994 789 3163 845; x_wconf 91' lang='lat' dir='ltr'><strong>illum</strong></span> <span class='ocrx_word' id='word_1_146' title='bbox 3193 794 3409 847; x_wconf 90' lang='lat' dir='ltr'><strong>natura</strong></span> <span class='ocrx_word' id='word_1_147' title='bbox 3440 805 3570 846; x_wconf 86' lang='lat' dir='ltr'><strong>esse</strong></span> 
     </span>
    </p>
   </div>
   <div class='ocr_carea' id='block_1_23' title="bbox 1916 878 3569 951">
    <p class='ocr_par' dir='ltr' id='par_1_23' title="bbox 1916 878 3569 951">
     <span class='ocr_line' id='line_1_23' title="bbox 1916 878 3569 951; baseline 0.001 -17"><span class='ocrx_word' id='word_1_148' title='bbox 1916 880 2014 934; x_wconf 91' lang='lat' dir='ltr'><strong>Dei</strong></span> <span class='ocrx_word' id='word_1_149' title='bbox 2043 880 2268 946; x_wconf 87' lang='lat' dir='ltr'><strong>Filium,</strong></span> <span class='ocrx_word' id='word_1_150' title='bbox 2302 883 2358 935; x_wconf 93' lang='lat' dir='ltr'><strong>et</strong></span> <span class='ocrx_word' id='word_1_151' title='bbox 2386 885 2595 935; x_wconf 89' lang='lat' dir='ltr'><strong>natura</strong></span> <span class='ocrx_word' id='word_1_152' title='bbox 2624 882 2828 943; x_wconf 91' lang='lat' dir='ltr'><strong>Deum,</strong></span> <span class='ocrx_word' id='word_1_153' title='bbox 2873 882 3079 951; x_wconf 89' lang='lat' dir='ltr'><strong>postea</strong></span> <span class='ocrx_word' id='word_1_154' title='bbox 3102 878 3372 935; x_wconf 77' lang='lat' dir='ltr'><strong>videntes</strong></span> <span class='ocrx_word' id='word_1_155' title='bbox 3429 893 3569 936; x_wconf 89' lang='lat' dir='ltr'><strong>eum</strong></span> 
     </span>
    </p>
   </div>
   <div class='ocr_carea' id='block_1_24' title="bbox 1913 966 3570 1040">
    <p class='ocr_par' dir='ltr' id='par_1_24' title="bbox 1913 966 3570 1040">
     <span class='ocr_line' id='line_1_24' title="bbox 1913 966 3570 1040; baseline 0.001 -16"><span class='ocrx_word' id='word_1_156' title='bbox 1913 968 2313 1039; x_wconf 89' lang='lat' dir='ltr'><strong>ignominiose</strong></span> <span class='ocrx_word' id='word_1_157' title='bbox 2358 967 2734 1023; x_wconf 88' lang='lat' dir='ltr'><strong>contumeliis</strong></span> <span class='ocrx_word' id='word_1_158' title='bbox 2775 967 3075 1034; x_wconf 82' lang='lat' dir='ltr'><strong>affectum,</strong></span> <span class='ocrx_word' id='word_1_159' title='bbox 3118 971 3175 1022; x_wconf 88' lang='lat' dir='ltr'><strong>et</strong></span> <span class='ocrx_word' id='word_1_160' title='bbox 3198 966 3443 1038; x_wconf 86' lang='lat' dir='ltr'><strong>indigna</strong></span> <span class='ocrx_word' id='word_1_161' title='bbox 3467 983 3570 1040; x_wconf 85' lang='lat' dir='ltr'><strong>pa-</strong></span> 
     </span>
    </p>
   </div>
   <div class='ocr_carea' id='block_1_25' title="bbox 1916 1055 3569 1129">
    <p class='ocr_par' dir='ltr' id='par_1_25' title="bbox 1916 1055 3569 1129">
     <span class='ocr_line' id='line_1_25' title="bbox 1916 1055 3569 1129; baseline 0.001 -16"><span class='ocrx_word' id='word_1_162' title='bbox 1916 1058 2177 1124; x_wconf 89' lang='lat' dir='ltr'><strong>tientem,</strong></span> <span class='ocrx_word' id='word_1_163' title='bbox 2207 1074 2276 1113; x_wconf 87' lang='lat' dir='ltr'><strong>ac</strong></span> <span class='ocrx_word' id='word_1_164' title='bbox 2307 1057 2521 1114; x_wconf 85' lang='lat' dir='ltr'><strong>acerbe</strong></span> <span class='ocrx_word' id='word_1_165' title='bbox 2545 1057 2992 1129; x_wconf 82' lang='lat' dir='ltr'><strong>interemptum,</strong></span> <span class='ocrx_word' id='word_1_166' title='bbox 3015 1055 3483 1124; x_wconf 84' lang='lat' dir='ltr'><strong>offenderentur,</strong></span> <span class='ocrx_word' id='word_1_167' title='bbox 3513 1060 3569 1114; x_wconf 88' lang='lat' dir='ltr'><strong>et</strong></span> 
     </span>
    </p>
   </div>
   <div class='ocr_carea' id='block_1_26' title="bbox 1914 1145 3562 1219">
    <p class='ocr_par' dir='ltr' id='par_1_26' title="bbox 1914 1145 3562 1219">
     <span class='ocr_line' id='line_1_26' title="bbox 1914 1145 3562 1219; baseline -0.001 -16"><span class='ocrx_word' id='word_1_168' title='bbox 1914 1163 2156 1204; x_wconf 84' lang='lat' dir='ltr'><strong>rursum</strong></span> <span class='ocrx_word' id='word_1_169' title='bbox 2221 1147 2299 1204; x_wconf 89' lang='lat' dir='ltr'><strong>ad</strong></span> <span class='ocrx_word' id='word_1_170' title='bbox 2366 1146 2626 1219; x_wconf 88' lang='lat' dir='ltr'><strong>priorem</strong></span> <span class='ocrx_word' id='word_1_171' title='bbox 2665 1145 3144 1204; x_wconf 83' lang='lat' dir='ltr'><strong>incredulitatem</strong></span> <span class='ocrx_word' id='word_1_172' title='bbox 3172 1150 3562 1214; x_wconf 86' lang='lat' dir='ltr'><strong>recurrerent,</strong></span> 
     </span>
    </p>
   </div>
   <div class='ocr_carea' id='block_1_27' title="bbox 1915 1236 3445 1310">
    <p class='ocr_par' dir='ltr' id='par_1_27' title="bbox 1915 1236 3445 1310">
     <span class='ocr_line' id='line_1_27' title="bbox 1915 1236 3445 1310; baseline -0.003 -16"><span class='ocrx_word' id='word_1_173' title='bbox 1915 1253 2191 1310; x_wconf 80' lang='lat' dir='ltr'><strong>aegreque</strong></span> <span class='ocrx_word' id='word_1_174' title='bbox 2225 1236 2304 1294; x_wconf 86' lang='lat' dir='ltr'><strong>ab</strong></span> <span class='ocrx_word' id='word_1_175' title='bbox 2329 1252 2401 1294; x_wconf 91' lang='lat' dir='ltr'><strong>ea</strong></span> <span class='ocrx_word' id='word_1_176' title='bbox 2429 1239 2868 1294; x_wconf 81' lang='lat' dir='ltr'><strong>revocarentur.</strong></span> <span class='ocrx_word' id='word_1_177' title='bbox 3440 1236 3445 1243; x_wconf 89' lang='lat'>&#39;</span> 
     </span>
    </p>
   </div>
   <div class='ocr_carea' id='block_1_28' title="bbox 1985 1450 3565 1524">
    <p class='ocr_par' dir='ltr' id='par_1_28' title="bbox 1985 1450 3565 1524">
     <span class='ocr_line' id='line_1_28' title="bbox 1985 1450 3565 1524; baseline 0.001 -16"><span class='ocrx_word' id='word_1_178' title='bbox 1985 1456 2131 1508; x_wconf 87' lang='lat' dir='ltr'><strong>Nam</strong></span> <span class='ocrx_word' id='word_1_179' title='bbox 2159 1452 2206 1508; x_wconf 90' lang='lat' dir='ltr'><strong>si</strong></span> <span class='ocrx_word' id='word_1_180' title='bbox 2239 1451 2565 1524; x_wconf 87' lang='lat' dir='ltr'><strong>discipulos</strong></span> <span class='ocrx_word' id='word_1_181' title='bbox 2591 1451 2785 1518; x_wconf 88' lang='lat' dir='ltr'><strong>etiam,</strong></span> <span class='ocrx_word' id='word_1_182' title='bbox 2809 1450 2916 1524; x_wconf 89' lang='lat' dir='ltr'><strong>qui</strong></span> <span class='ocrx_word' id='word_1_183' title='bbox 2955 1450 3350 1524; x_wconf 86' lang='lat' dir='ltr'><strong>popularibus</strong></span> <span class='ocrx_word' id='word_1_184' title='bbox 3377 1451 3565 1524; x_wconf 83' lang='lat' dir='ltr'><strong>perfe-</strong></span> 
     </span>
    </p>
   </div>
   <div class='ocr_carea' id='block_1_29' title="bbox 1909 1540 3562 1614">
    <p class='ocr_par' dir='ltr' id='par_1_29' title="bbox 1909 1540 3562 1614">
     <span class='ocr_line' id='line_1_29' title="bbox 1909 1540 3562 1614; baseline 0 -18"><span class='ocrx_word' id='word_1_185' title='bbox 1909 1542 2117 1599; x_wconf 90' lang='lat' dir='ltr'><strong>ctiores</strong></span> <span class='ocrx_word' id='word_1_186' title='bbox 2133 1547 2320 1608; x_wconf 90' lang='lat' dir='ltr'><strong>erant,</strong></span> <span class='ocrx_word' id='word_1_187' title='bbox 2337 1540 2709 1597; x_wconf 71' lang='lat' dir='ltr'><strong>offenderunt</strong></span> <span class='ocrx_word' id='word_1_188' title='bbox 2728 1556 2849 1597; x_wconf 93' lang='lat' dir='ltr'><strong>non</strong></span> <span class='ocrx_word' id='word_1_189' title='bbox 2866 1540 3062 1597; x_wconf 89' lang='lat' dir='ltr'><strong>solum</strong></span> <span class='ocrx_word' id='word_1_190' title='bbox 3075 1541 3203 1598; x_wconf 65' lang='lat' dir='ltr'><strong>haec</strong></span> <span class='ocrx_word' id='word_1_191' title='bbox 3220 1546 3562 1614; x_wconf 86' lang='lat' dir='ltr'><strong>conspecta,</strong></span> 
     </span>
    </p>
   </div>
   <div class='ocr_carea' id='block_1_30' title="bbox 1907 1629 3564 1702">
    <p class='ocr_par' dir='ltr' id='par_1_30' title="bbox 1907 1629 3564 1702">
     <span class='ocr_line' id='line_1_30' title="bbox 1907 1629 3564 1702; baseline -0.001 -15"><span class='ocrx_word' id='word_1_192' title='bbox 1907 1647 2116 1687; x_wconf 89' lang='lat' dir='ltr'><strong>verum</strong></span> <span class='ocrx_word' id='word_1_193' title='bbox 2149 1633 2325 1687; x_wconf 89' lang='lat' dir='ltr'><strong>etiam</strong></span> <span class='ocrx_word' id='word_1_194' title='bbox 2364 1630 2438 1685; x_wconf 93' lang='lat' dir='ltr'><strong>de</strong></span> <span class='ocrx_word' id='word_1_195' title='bbox 2466 1630 2561 1685; x_wconf 91' lang='lat' dir='ltr'><strong>his</strong></span> <span class='ocrx_word' id='word_1_196' title='bbox 2613 1631 2787 1686; x_wconf 87' lang='lat' dir='ltr'><strong>rebus</strong></span> <span class='ocrx_word' id='word_1_197' title='bbox 2832 1629 3019 1686; x_wconf 82' lang='lat' dir='ltr'><strong>habiti</strong></span> <span class='ocrx_word' id='word_1_198' title='bbox 3051 1646 3376 1696; x_wconf 84' lang='lat' dir='ltr'><strong>sermones,</strong></span> <span class='ocrx_word' id='word_1_199' title='bbox 3413 1630 3564 1702; x_wconf 90' lang='lat' dir='ltr'><strong>quid</strong></span> 
     </span>
    </p>
   </div>
   <div class='ocr_carea' id='block_1_31' title="bbox 1907 1717 3562 1792">
    <p class='ocr_par' dir='ltr' id='par_1_31' title="bbox 1907 1717 3562 1792">
     <span class='ocr_line' id='line_1_31' title="bbox 1907 1717 3562 1792; baseline -0.001 -17"><span class='ocrx_word' id='word_1_200' title='bbox 1907 1735 2023 1775; x_wconf 91' lang='lat' dir='ltr'><strong>non</strong></span> <span class='ocrx_word' id='word_1_201' title='bbox 2057 1736 2248 1792; x_wconf 75' lang='lat' dir='ltr'><strong>passas</strong></span> <span class='ocrx_word' id='word_1_202' title='bbox 2287 1719 2539 1775; x_wconf 85' lang='lat' dir='ltr'><strong>fuissent</strong></span> <span class='ocrx_word' id='word_1_203' title='bbox 2585 1717 2949 1790; x_wconf 63' lang='lat' dir='ltr'><strong>imperfecta)</strong></span> <span class='ocrx_word' id='word_1_204' title='bbox 3001 1718 3187 1774; x_wconf 68' lang='lat' dir='ltr'><strong>turbae</strong></span> <span class='ocrx_word' id='word_1_205' title='bbox 3245 1718 3394 1773; x_wconf 91' lang='lat' dir='ltr'><strong>dum</strong></span> <span class='ocrx_word' id='word_1_206' title='bbox 3431 1717 3562 1774; x_wconf 62' lang='lat' dir='ltr'><strong>hac</strong></span> 
     </span>
    </p>
   </div>
   <div class='ocr_carea' id='block_1_32' title="bbox 1904 1805 3560 1881">
    <p class='ocr_par' dir='ltr' id='par_1_32' title="bbox 1904 1805 3560 1881">
     <span class='ocr_line' id='line_1_32' title="bbox 1904 1805 3560 1881; baseline -0.001 -16"><span class='ocrx_word' id='word_1_207' title='bbox 1904 1809 2352 1881; x_wconf 85' lang='lat' dir='ltr'><strong>conspexissent</strong></span> <span class='ocrx_word' id='word_1_208' title='bbox 2410 1807 2669 1864; x_wconf 79' lang='lat' dir='ltr'><strong>maxime</strong></span> <span class='ocrx_word' id='word_1_209' title='bbox 2715 1809 3060 1878; x_wconf 79' lang='lat' dir='ltr'><strong>ignorantes</strong></span> <span class='ocrx_word' id='word_1_210' title='bbox 3103 1805 3400 1879; x_wconf 86' lang='lat' dir='ltr'><strong>passionis</strong></span> <span class='ocrx_word' id='word_1_211' title='bbox 3429 1822 3560 1879; x_wconf 87' lang='lat' dir='ltr'><strong>my-</strong></span> 
     </span>
    </p>
   </div>
   <div class='ocr_carea' id='block_1_33' title="bbox 197 1871 1788 1970">
    <p class='ocr_par' dir='ltr' id='par_1_33' title="bbox 197 1879 1788 1963">
     <span class='ocr_line' id='line_1_33' title="bbox 197 1879 1788 1963; baseline -0.006 -22"><span class='ocrx_word' id='word_1_212' title='bbox 197 1891 315 1963; x_wconf 77' lang='grc' dir='ltr'>ὅπερ</span> <span class='ocrx_word' id='word_1_213' title='bbox 375 1893 473 1940; x_wconf 84' lang='grc' dir='ltr'>καὶ</span> <span class='ocrx_word' id='word_1_214' title='bbox 531 1887 704 1949; x_wconf 66' lang='grc' dir='ltr'>αὐτοῖς</span> <span class='ocrx_word' id='word_1_215' title='bbox 745 1894 848 1947; x_wconf 90' lang='grc' dir='ltr'>τοῖς</span> <span class='ocrx_word' id='word_1_216' title='bbox 906 1886 1168 1959; x_wconf 82' lang='grc' dir='ltr'><strong>μαθηταῖς</strong></span> <span class='ocrx_word' id='word_1_217' title='bbox 1224 1886 1297 1936; x_wconf 69' lang='lat' dir='ltr'><strong>in</strong></span> <span class='ocrx_word' id='word_1_218' title='bbox 1354 1882 1464 1955; x_wconf 76' lang='lat'><strong>(&#39;25)</strong></span> <span class='ocrx_word' id='word_1_219' title='bbox 1517 1879 1788 1956; x_wconf 82' lang='grc' dir='ltr'>δυσπαρά-</span> 
     </span>
    </p>
   </div>
   <div class='ocr_carea' id='block_1_34' title="bbox 1906 1871 3559 1970">
    <p class='ocr_par' dir='ltr' id='par_1_34' title="bbox 1906 1871 3559 1970">
     <span class='ocr_line' id='line_1_34' title="bbox 1906 1871 3559 1970; baseline -0.001 -16"><span class='ocrx_word' id='word_1_220' title='bbox 1906 1871 2168 1962; x_wconf 79' lang='lat' dir='ltr'><strong>sterium,</strong></span> <span class='ocrx_word' id='word_1_221' title='bbox 2199 1897 2363 1970; x_wconf 93' lang='lat' dir='ltr'><strong>quod</strong></span> <span class='ocrx_word' id='word_1_222' title='bbox 2389 1896 2528 1968; x_wconf 91' lang='lat' dir='ltr'><strong>ipsis</strong></span> <span class='ocrx_word' id='word_1_223' title='bbox 2559 1871 2802 1968; x_wconf 73' lang='lat' dir='ltr'><strong>quoque</strong></span> <span class='ocrx_word' id='word_1_224' title='bbox 2831 1871 3137 1968; x_wconf 74' lang='lat' dir='ltr'><strong>discipulis</strong></span> <span class='ocrx_word' id='word_1_225' title='bbox 3167 1900 3292 1951; x_wconf 90' lang='lat' dir='ltr'><strong>erat</strong></span> <span class='ocrx_word' id='word_1_226' title='bbox 3313 1871 3559 1968; x_wconf 72' lang='lat' dir='ltr'><strong>receptu</strong></span> 
     </span>
    </p>
   </div>
   <div class='ocr_carea' id='block_1_35' title="bbox 202 1970 1791 2048">
    <p class='ocr_par' dir='ltr' id='par_1_35' title="bbox 202 1970 1791 2048">
     <span class='ocr_line' id='line_1_35' title="bbox 202 1970 1791 2048; baseline -0.006 -18"><span class='ocrx_word' id='word_1_227' title='bbox 202 1974 380 2030; x_wconf 82' lang='grc' dir='ltr'>δεκτον</span> <span class='ocrx_word' id='word_1_228' title='bbox 436 1972 542 2044; x_wconf 78' lang='grc' dir='ltr'><strong>ἧν;</strong></span> <span class='ocrx_word' id='word_1_229' title='bbox 604 1981 702 2029; x_wconf 76' lang='grc' dir='ltr'><strong>Καὶ</strong></span> <span class='ocrx_word' id='word_1_230' title='bbox 757 1975 900 2028; x_wconf 81' lang='grc' dir='ltr'>οὗτοι</span> <span class='ocrx_word' id='word_1_231' title='bbox 963 1978 1085 2048; x_wconf 80' lang='grc' dir='ltr'>γὰρ,</span> <span class='ocrx_word' id='word_1_232' title='bbox 1123 1974 1206 2026; x_wconf 81' lang='grc' dir='ltr'>ὅτε</span> <span class='ocrx_word' id='word_1_233' title='bbox 1255 1975 1386 2046; x_wconf 83' lang='grc' dir='ltr'><strong>μετά</strong></span> <span class='ocrx_word' id='word_1_234' title='bbox 1431 1976 1526 2030; x_wconf 79' lang='grc' dir='ltr'>τὴν</span> <span class='ocrx_word' id='word_1_235' title='bbox 1575 1970 1791 2029; x_wconf 82' lang='grc' dir='ltr'>Ἀνάλη-</span> 
     </span>
    </p>
   </div>
   <div class='ocr_carea' id='block_1_36' title="bbox 206 2060 1792 2137">
    <p class='ocr_par' dir='ltr' id='par_1_36' title="bbox 206 2060 1792 2137">
     <span class='ocr_line' id='line_1_36' title="bbox 206 2060 1792 2137; baseline -0.004 -20"><span class='ocrx_word' id='word_1_236' title='bbox 206 2067 293 2136; x_wconf 62' lang='grc' dir='ltr'><strong>ψιν</strong></span> <span class='ocrx_word' id='word_1_237' title='bbox 375 2073 473 2118; x_wconf 87' lang='grc' dir='ltr'><strong>τοῦ</strong></span> <span class='ocrx_word' id='word_1_238' title='bbox 553 2072 783 2137; x_wconf 87' lang='grc' dir='ltr'><strong>Σωτῆρος</strong></span> <span class='ocrx_word' id='word_1_239' title='bbox 871 2063 1202 2136; x_wconf 74' lang='grc' dir='ltr'>ἐπιφοίτησεν</span> <span class='ocrx_word' id='word_1_240' title='bbox 1279 2061 1454 2122; x_wconf 74' lang='grc' dir='ltr'>αὐτοῖς</span> <span class='ocrx_word' id='word_1_241' title='bbox 1536 2060 1654 2132; x_wconf 84' lang='lat'><strong>(26)</strong></span> <span class='ocrx_word' id='word_1_242' title='bbox 1734 2062 1792 2112; x_wconf 88' lang='grc' dir='ltr'>τὸ</span> 
     </span>
    </p>
   </div>
   <div class='ocr_carea' id='block_1_37' title="bbox 218 2151 1792 2225">
    <p class='ocr_par' dir='ltr' id='par_1_37' title="bbox 218 2151 1792 2225">
     <span class='ocr_line' id='line_1_37' title="bbox 218 2151 1792 2225; baseline -0.002 -21"><span class='ocrx_word' id='word_1_243' title='bbox 218 2159 418 2224; x_wconf 74' lang='grc' dir='ltr'>Πνεῦμα</span> <span class='ocrx_word' id='word_1_244' title='bbox 499 2157 551 2206; x_wconf 87' lang='grc' dir='ltr'>τὸ</span> <span class='ocrx_word' id='word_1_245' title='bbox 621 2154 765 2225; x_wconf 80' lang='grc' dir='ltr'>ἅγιον</span> <span class='ocrx_word' id='word_1_246' title='bbox 812 2196 826 2219; x_wconf 92' lang='grc'><strong>,</strong></span> <span class='ocrx_word' id='word_1_247' title='bbox 907 2157 1020 2206; x_wconf 91' lang='grc' dir='ltr'>τότε</span> <span class='ocrx_word' id='word_1_248' title='bbox 1089 2151 1265 2204; x_wconf 86' lang='grc' dir='ltr'>λοιπὸν</span> <span class='ocrx_word' id='word_1_249' title='bbox 1352 2152 1490 2210; x_wconf 84' lang='grc' dir='ltr'>θείας</span> <span class='ocrx_word' id='word_1_250' title='bbox 1569 2151 1792 2221; x_wconf 86' lang='grc' dir='ltr'>χάριτος</span> 
     </span>
    </p>
   </div>
   <div class='ocr_carea' id='block_1_38' title="bbox 224 2238 1792 2316">
    <p class='ocr_par' dir='ltr' id='par_1_38' title="bbox 224 2238 1792 2316">
     <span class='ocr_line' id='line_1_38' title="bbox 224 2238 1792 2316; baseline -0.003 -23"><span class='ocrx_word' id='word_1_251' title='bbox 224 2240 570 2309; x_wconf 69' lang='grc' dir='ltr'>πλησθέντες,</span> <span class='ocrx_word' id='word_1_252' title='bbox 674 2248 763 2294; x_wconf 83' lang='grc' dir='ltr'>καὶ</span> <span class='ocrx_word' id='word_1_253' title='bbox 835 2245 953 2302; x_wconf 83' lang='grc' dir='ltr'>τοὺς</span> <span class='ocrx_word' id='word_1_254' title='bbox 1050 2239 1398 2316; x_wconf 76' lang='grc' dir='ltr'>ἀνθρωπίνους</span> <span class='ocrx_word' id='word_1_255' title='bbox 1511 2238 1792 2310; x_wconf 77' lang='grc' dir='ltr'>λογισμούς</span> 
     </span>
    </p>
   </div>
   <div class='ocr_carea' id='block_1_39' title="bbox 223 2327 1792 2404">
    <p class='ocr_par' dir='ltr' id='par_1_39' title="bbox 223 2327 1792 2404">
     <span class='ocr_line' id='line_1_39' title="bbox 223 2327 1792 2404; baseline -0.001 -23"><span class='ocrx_word' id='word_1_256' title='bbox 223 2328 526 2403; x_wconf 61' lang='grc' dir='ltr'>ἀποθέιιενοι,</span> <span class='ocrx_word' id='word_1_257' title='bbox 559 2341 787 2391; x_wconf 76' lang='grc' dir='ltr'>συνῆκαν</span> <span class='ocrx_word' id='word_1_258' title='bbox 828 2334 892 2384; x_wconf 80' lang='grc' dir='ltr'>τὰ</span> <span class='ocrx_word' id='word_1_259' title='bbox 920 2335 1188 2404; x_wconf 80' lang='grc' dir='ltr'>μυστήρια</span> <span class='ocrx_word' id='word_1_260' title='bbox 1213 2332 1402 2400; x_wconf 90' lang='grc' dir='ltr'>πάντα,</span> <span class='ocrx_word' id='word_1_261' title='bbox 1445 2333 1534 2380; x_wconf 82' lang='grc' dir='ltr'>καὶ</span> <span class='ocrx_word' id='word_1_262' title='bbox 1585 2327 1792 2402; x_wconf 77' lang='grc' dir='ltr'>στερρό-</span> 
     </span>
    </p>
   </div>
   <div class='ocr_carea' id='block_1_40' title="bbox 211 2415 1793 2493">
    <p class='ocr_par' dir='ltr' id='par_1_40' title="bbox 211 2415 1793 2493">
     <span class='ocr_line' id='line_1_40' title="bbox 211 2415 1793 2493; baseline -0.001 -23"><span class='ocrx_word' id='word_1_263' title='bbox 211 2438 341 2493; x_wconf 72' lang='grc' dir='ltr'>τῳοι</span> <span class='ocrx_word' id='word_1_264' title='bbox 383 2425 649 2492; x_wconf 79' lang='grc' dir='ltr'>γεγόνασιν</span> <span class='ocrx_word' id='word_1_265' title='bbox 702 2417 1016 2493; x_wconf 87' lang='grc' dir='ltr'>ἀδάμαντος.</span> <span class='ocrx_word' id='word_1_266' title='bbox 1068 2420 1236 2492; x_wconf 67' lang='grc' dir='ltr'>’Ἄχρι</span> <span class='ocrx_word' id='word_1_267' title='bbox 1282 2415 1341 2472; x_wconf 71' lang='grc' dir='ltr'><strong>δί</strong></span> <span class='ocrx_word' id='word_1_268' title='bbox 1383 2422 1498 2470; x_wconf 85' lang='grc' dir='ltr'>τότε</span> <span class='ocrx_word' id='word_1_269' title='bbox 1557 2425 1793 2489; x_wconf 83' lang='grc' dir='ltr'>συνεχῶς</span> 
     </span>
    </p>
   </div>
   <div class='ocr_carea' id='block_1_41' title="bbox 200 2505 1791 2582">
    <p class='ocr_par' dir='ltr' id='par_1_41' title="bbox 200 2505 1791 2582">
     <span class='ocr_line' id='line_1_41' title="bbox 200 2505 1791 2582; baseline 0 -24"><span class='ocrx_word' id='word_1_270' title='bbox 200 2505 573 2573; x_wconf 64' lang='grc' dir='ltr'>ἐσιανδαλιζον</span> <span class='ocrx_word' id='word_1_271' title='bbox 615 2510 802 2573; x_wconf 76' lang='grc' dir='ltr'>αὐτούς</span> <span class='ocrx_word' id='word_1_272' title='bbox 864 2511 1033 2564; x_wconf 87' lang='grc' dir='ltr'>πάντα</span> <span class='ocrx_word' id='word_1_273' title='bbox 1103 2512 1168 2562; x_wconf 84' lang='grc' dir='ltr'>τὰ</span> <span class='ocrx_word' id='word_1_274' title='bbox 1237 2507 1646 2582; x_wconf 85' lang='grc' dir='ltr'>ἀνθρωποπρεπῆ</span> <span class='ocrx_word' id='word_1_275' title='bbox 1703 2513 1791 2558; x_wconf 92' lang='grc' dir='ltr'><strong>τοῦ</strong></span> 
     </span>
    </p>
   </div>
   <div class='ocr_carea' id='block_1_42' title="bbox 197 2604 451 2671">
    <p class='ocr_par' dir='ltr' id='par_1_42' title="bbox 197 2604 451 2671">
     <span class='ocr_line' id='line_1_42' title="bbox 197 2604 451 2671; baseline 0.004 -20"><span class='ocrx_word' id='word_1_276' title='bbox 197 2604 451 2671; x_wconf 84' lang='grc' dir='ltr'>Χριστοῦ.</span> 
     </span>
    </p>
   </div>
   <div class='ocr_carea' id='block_1_43' title="bbox 262 2695 1791 2772">
    <p class='ocr_par' dir='ltr' id='par_1_43' title="bbox 262 2695 1791 2772">
     <span class='ocr_line' id='line_1_43' title="bbox 262 2695 1791 2772; baseline -0.002 -22"><span class='ocrx_word' id='word_1_277' title='bbox 262 2700 358 2750; x_wconf 80' lang='grc' dir='ltr'>Διά</span> <span class='ocrx_word' id='word_1_278' title='bbox 389 2705 545 2751; x_wconf 87' lang='grc' dir='ltr'>τοῦτο</span> <span class='ocrx_word' id='word_1_279' title='bbox 582 2703 768 2766; x_wconf 82' lang='grc' dir='ltr'>τοίνυν,</span> <span class='ocrx_word' id='word_1_280' title='bbox 811 2701 879 2762; x_wconf 84' lang='grc' dir='ltr'><strong>ὡς</strong></span> <span class='ocrx_word' id='word_1_281' title='bbox 927 2701 1151 2772; x_wconf 79' lang='grc' dir='ltr'>εἴρηται,</span> <span class='ocrx_word' id='word_1_282' title='bbox 1205 2701 1319 2750; x_wconf 83' lang='grc' dir='ltr'>τότε</span> <span class='ocrx_word' id='word_1_283' title='bbox 1351 2699 1440 2769; x_wconf 71' lang='grc' dir='ltr'>μὲν</span> <span class='ocrx_word' id='word_1_284' title='bbox 1498 2695 1592 2748; x_wconf 87' lang='grc' dir='ltr'><strong>ούκ</strong></span> <span class='ocrx_word' id='word_1_285' title='bbox 1644 2695 1791 2754; x_wconf 81' lang='grc' dir='ltr'>ἤθελε</span> 
     </span>
    </p>
   </div>
   <div class='ocr_carea' id='block_1_44' title="bbox 191 2784 1785 2860">
    <p class='ocr_par' dir='ltr' id='par_1_44' title="bbox 191 2784 1785 2860">
     <span class='ocr_line' id='line_1_44' title="bbox 191 2784 1785 2860; baseline -0.001 -23"><span class='ocrx_word' id='word_1_286' title='bbox 191 2789 495 2856; x_wconf 79' lang='grc' dir='ltr'>γνωσθῆναι</span> <span class='ocrx_word' id='word_1_287' title='bbox 514 2796 622 2848; x_wconf 89' lang='grc' dir='ltr'>τοῖς</span> <span class='ocrx_word' id='word_1_288' title='bbox 659 2787 856 2860; x_wconf 85' lang='grc' dir='ltr'>ὄχλοις,</span> <span class='ocrx_word' id='word_1_289' title='bbox 891 2789 970 2841; x_wconf 87' lang='grc' dir='ltr'>ὅτι</span> <span class='ocrx_word' id='word_1_290' title='bbox 1007 2790 1158 2860; x_wconf 76' lang='grc' dir='ltr'>φύσει</span> <span class='ocrx_word' id='word_1_291' title='bbox 1212 2788 1327 2846; x_wconf 84' lang='grc' dir='ltr'>Υἱὸς</span> <span class='ocrx_word' id='word_1_292' title='bbox 1356 2793 1447 2837; x_wconf 89' lang='grc' dir='ltr'><strong>τοῦ</strong></span> <span class='ocrx_word' id='word_1_293' title='bbox 1480 2792 1612 2838; x_wconf 86' lang='grc' dir='ltr'>Θεοῦ</span> <span class='ocrx_word' id='word_1_294' title='bbox 1653 2784 1785 2852; x_wconf 84' lang='grc' dir='ltr'>ἐστι,</span> 
     </span>
    </p>
   </div>
   <div class='ocr_carea' id='block_1_45' title="bbox 193 2873 1788 2950">
    <p class='ocr_par' dir='ltr' id='par_1_45' title="bbox 193 2873 1788 2950">
     <span class='ocr_line' id='line_1_45' title="bbox 193 2873 1788 2950; baseline 0 -24"><span class='ocrx_word' id='word_1_295' title='bbox 193 2880 277 2927; x_wconf 84' lang='grc' dir='ltr'>καὶ</span> <span class='ocrx_word' id='word_1_296' title='bbox 338 2879 497 2948; x_wconf 71' lang='grc' dir='ltr'>φύσει</span> <span class='ocrx_word' id='word_1_297' title='bbox 567 2881 730 2944; x_wconf 87' lang='grc' dir='ltr'>Θεὸς,</span> <span class='ocrx_word' id='word_1_298' title='bbox 797 2883 886 2930; x_wconf 79' lang='grc' dir='ltr'>καὶ</span> <span class='ocrx_word' id='word_1_299' title='bbox 940 2873 1205 2950; x_wconf 75' lang='grc' dir='ltr'>διαφόρως</span> <span class='ocrx_word' id='word_1_300' title='bbox 1255 2883 1406 2928; x_wconf 88' lang='grc' dir='ltr'>τοῦτο</span> <span class='ocrx_word' id='word_1_301' title='bbox 1467 2873 1788 2950; x_wconf 70' lang='grc' dir='ltr'>μαρὴγγελλε</span> 
     </span>
    </p>
   </div>
   <div class='ocr_carea' id='block_1_46' title="bbox 190 2961 1786 3037">
    <p class='ocr_par' dir='ltr' id='par_1_46' title="bbox 190 2961 1786 3037">
     <span class='ocr_line' id='line_1_46' title="bbox 190 2961 1786 3037; baseline 0 -21"><span class='ocrx_word' id='word_1_302' title='bbox 190 2972 292 3026; x_wconf 89' lang='grc' dir='ltr'>τοῖς</span> <span class='ocrx_word' id='word_1_303' title='bbox 349 2968 632 3037; x_wconf 66' lang='grc' dir='ltr'>μαθηταῖς</span> <span class='ocrx_word' id='word_1_304' title='bbox 674 2967 756 3020; x_wconf 80' lang='grc' dir='ltr'>ὅτε</span> <span class='ocrx_word' id='word_1_305' title='bbox 794 2963 872 3033; x_wconf 68' lang='grc' dir='ltr'>δε,</span> <span class='ocrx_word' id='word_1_306' title='bbox 926 2975 1025 3019; x_wconf 90' lang='grc' dir='ltr'><strong>τῶν</strong></span> <span class='ocrx_word' id='word_1_307' title='bbox 1089 2961 1540 3026; x_wconf 76' lang='grc' dir='ltr'>σκανδαλιζόντων</span> <span class='ocrx_word' id='word_1_308' title='bbox 1584 2984 1786 3017; x_wconf 90' lang='grc' dir='ltr'>παντων</span> 
     </span>
    </p>
   </div>
   <div class='ocr_carea' id='block_1_47' title="bbox 189 3053 1788 3131">
    <p class='ocr_par' dir='ltr' id='par_1_47' title="bbox 189 3053 1788 3131">
     <span class='ocr_line' id='line_1_47' title="bbox 189 3053 1788 3131; baseline -0.001 -25"><span class='ocrx_word' id='word_1_309' title='bbox 189 3055 526 3108; x_wconf 77' lang='grc' dir='ltr'>τελεσθέντων</span> <span class='ocrx_word' id='word_1_310' title='bbox 553 3101 569 3126; x_wconf 85' lang='grc'><strong>,</strong></span> <span class='ocrx_word' id='word_1_311' title='bbox 643 3056 843 3129; x_wconf 76' lang='grc' dir='ltr'>ἔμελλον</span> <span class='ocrx_word' id='word_1_312' title='bbox 917 3056 1164 3131; x_wconf 82' lang='grc' dir='ltr'>λαμπρῶς</span> <span class='ocrx_word' id='word_1_313' title='bbox 1241 3054 1611 3129; x_wconf 80' lang='grc' dir='ltr'>ἀνακηρύττειν</span> <span class='ocrx_word' id='word_1_314' title='bbox 1697 3053 1788 3106; x_wconf 86' lang='grc' dir='ltr'>αύ-</span> 
     </span>
    </p>
   </div>
   <div class='ocr_carea' id='block_1_48' title="bbox 188 3143 1788 3218">
    <p class='ocr_par' dir='ltr' id='par_1_48' title="bbox 188 3143 1788 3218">
     <span class='ocr_line' id='line_1_48' title="bbox 188 3143 1788 3218; baseline 0.001 -24"><span class='ocrx_word' id='word_1_315' title='bbox 188 3148 270 3194; x_wconf 75' lang='grc' dir='ltr'>τὸν</span> <span class='ocrx_word' id='word_1_316' title='bbox 302 3147 462 3216; x_wconf 72' lang='grc' dir='ltr'>φύσει</span> <span class='ocrx_word' id='word_1_317' title='bbox 493 3149 618 3198; x_wconf 82' lang='grc' dir='ltr'>Θεὸν</span> <span class='ocrx_word' id='word_1_318' title='bbox 645 3148 670 3197; x_wconf 91' lang='grc' dir='ltr'><strong>ό</strong></span> <span class='ocrx_word' id='word_1_319' title='bbox 703 3145 842 3207; x_wconf 79' lang='grc' dir='ltr'>ἣλιος</span> <span class='ocrx_word' id='word_1_320' title='bbox 867 3143 1250 3218; x_wconf 80' lang='grc' dir='ltr'>σκοτιζόμενος,</span> <span class='ocrx_word' id='word_1_321' title='bbox 1281 3148 1339 3196; x_wconf 86' lang='grc' dir='ltr'>τὸ</span> <span class='ocrx_word' id='word_1_322' title='bbox 1379 3163 1513 3196; x_wconf 87' lang='grc' dir='ltr'>κατα</span> <span class='ocrx_word' id='word_1_323' title='bbox 1542 3147 1788 3215; x_wconf 87' lang='grc' dir='ltr'>πέτασμα</span> 
     </span>
    </p>
   </div>
   <div class='ocr_carea' id='block_1_49' title="bbox 1902 1983 3559 2056">
    <p class='ocr_par' dir='ltr' id='par_1_49' title="bbox 1902 1983 3559 2056">
     <span class='ocr_line' id='line_1_49' title="bbox 1902 1983 3559 2056; baseline -0.001 -12"><span class='ocrx_word' id='word_1_324' title='bbox 1902 1987 2141 2044; x_wconf 77' lang='lat' dir='ltr'><strong>difficile</strong></span> <span class='ocrx_word' id='word_1_325' title='bbox 2178 1987 2206 2042; x_wconf 78' lang='lat' dir='ltr'><strong>‘I</strong></span> <span class='ocrx_word' id='word_1_326' title='bbox 2233 1987 2386 2042; x_wconf 89' lang='lat' dir='ltr'><strong>Nam</strong></span> <span class='ocrx_word' id='word_1_327' title='bbox 2438 1989 2495 2041; x_wconf 94' lang='lat' dir='ltr'><strong>et</strong></span> <span class='ocrx_word' id='word_1_328' title='bbox 2518 1985 2603 2054; x_wconf 89' lang='lat' dir='ltr'><strong>hi,</strong></span> <span class='ocrx_word' id='word_1_329' title='bbox 2666 1985 2914 2056; x_wconf 83' lang='lat' dir='ltr'><strong>quando</strong></span> <span class='ocrx_word' id='word_1_330' title='bbox 2941 2036 2944 2039; x_wconf 87' lang='lat'><strong>.</strong></span> <span class='ocrx_word' id='word_1_331' title='bbox 2967 1988 3105 2056; x_wconf 90' lang='lat' dir='ltr'><strong>post</strong></span> <span class='ocrx_word' id='word_1_332' title='bbox 3135 1983 3456 2042; x_wconf 86' lang='lat' dir='ltr'><strong>Salvatoris</strong></span> <span class='ocrx_word' id='word_1_333' title='bbox 3496 1984 3559 2042; x_wconf 90' lang='lat' dir='ltr'><strong>in</strong></span> 
     </span>
    </p>
   </div>
   <div class='ocr_carea' id='block_1_50' title="bbox 1901 2073 3557 2146">
    <p class='ocr_par' dir='ltr' id='par_1_50' title="bbox 1901 2073 3557 2146">
     <span class='ocr_line' id='line_1_50' title="bbox 1901 2073 3557 2146; baseline -0.001 -14"><span class='ocrx_word' id='word_1_334' title='bbox 1901 2076 2113 2132; x_wconf 85' lang='lat' dir='ltr'><strong>coelum</strong></span> <span class='ocrx_word' id='word_1_335' title='bbox 2140 2074 2571 2130; x_wconf 86' lang='lat' dir='ltr'><strong>Ascensionem</strong></span> <span class='ocrx_word' id='word_1_336' title='bbox 2600 2073 2760 2129; x_wconf 84' lang='lat' dir='ltr'><strong>venit</strong></span> <span class='ocrx_word' id='word_1_337' title='bbox 2785 2089 2966 2146; x_wconf 91' lang='lat' dir='ltr'><strong>super</strong></span> <span class='ocrx_word' id='word_1_338' title='bbox 3006 2089 3107 2130; x_wconf 90' lang='lat' dir='ltr'><strong>eos</strong></span> <span class='ocrx_word' id='word_1_339' title='bbox 3132 2073 3388 2146; x_wconf 88' lang='lat' dir='ltr'><strong>Spiritus</strong></span> <span class='ocrx_word' id='word_1_340' title='bbox 3419 2088 3557 2130; x_wconf 86' lang='lat' dir='ltr'><strong>san-</strong></span> 
     </span>
    </p>
   </div>
   <div class='ocr_carea' id='block_1_51' title="bbox 1901 2162 3558 2235">
    <p class='ocr_par' dir='ltr' id='par_1_51' title="bbox 1901 2162 3558 2235">
     <span class='ocr_line' id='line_1_51' title="bbox 1901 2162 3558 2235; baseline -0.002 -14"><span class='ocrx_word' id='word_1_341' title='bbox 1901 2170 2051 2230; x_wconf 91' lang='lat' dir='ltr'><strong>ctus,</strong></span> <span class='ocrx_word' id='word_1_342' title='bbox 2080 2171 2218 2221; x_wconf 90' lang='lat' dir='ltr'><strong>tunc</strong></span> <span class='ocrx_word' id='word_1_343' title='bbox 2249 2164 2497 2219; x_wconf 92' lang='lat' dir='ltr'><strong>demum</strong></span> <span class='ocrx_word' id='word_1_344' title='bbox 2530 2162 2731 2218; x_wconf 88' lang='lat' dir='ltr'><strong>divina</strong></span> <span class='ocrx_word' id='word_1_345' title='bbox 2763 2163 2952 2232; x_wconf 87' lang='lat' dir='ltr'><strong>gratia</strong></span> <span class='ocrx_word' id='word_1_346' title='bbox 3003 2162 3228 2235; x_wconf 86' lang='lat' dir='ltr'><strong>repleti,</strong></span> <span class='ocrx_word' id='word_1_347' title='bbox 3272 2162 3558 2219; x_wconf 89' lang='lat' dir='ltr'><strong>humanis</strong></span> 
     </span>
    </p>
   </div>
   <div class='ocr_carea' id='block_1_52' title="bbox 1901 2251 3557 2334">
    <p class='ocr_par' dir='ltr' id='par_1_52' title="bbox 1901 2251 3557 2334">
     <span class='ocr_line' id='line_1_52' title="bbox 1901 2251 3557 2334; baseline -0.002 -24"><span class='ocrx_word' id='word_1_348' title='bbox 1901 2251 2640 2334; x_wconf 80' lang='lat' dir='ltr'><strong>cogitationibusabjectis,</strong></span> <span class='ocrx_word' id='word_1_349' title='bbox 2671 2253 2876 2308; x_wconf 90' lang='lat' dir='ltr'><strong>omnia</strong></span> <span class='ocrx_word' id='word_1_350' title='bbox 2900 2257 3306 2321; x_wconf 89' lang='lat' dir='ltr'><strong>cognoverunt</strong></span> <span class='ocrx_word' id='word_1_351' title='bbox 3335 2255 3557 2323; x_wconf 87' lang='lat' dir='ltr'><strong>myste-</strong></span> 
     </span>
    </p>
   </div>
   <div class='ocr_carea' id='block_1_53' title="bbox 1899 2339 3554 2414">
    <p class='ocr_par' dir='ltr' id='par_1_53' title="bbox 1899 2339 3554 2414">
     <span class='ocr_line' id='line_1_53' title="bbox 1899 2339 3554 2414; baseline -0.001 -14"><span class='ocrx_word' id='word_1_352' title='bbox 1899 2345 2006 2400; x_wconf 85' lang='lat' dir='ltr'><strong>ria.</strong></span> <span class='ocrx_word' id='word_1_353' title='bbox 2036 2343 2256 2399; x_wconf 90' lang='lat' dir='ltr'><strong>Verum</strong></span> <span class='ocrx_word' id='word_1_354' title='bbox 2297 2357 2533 2414; x_wconf 91' lang='lat' dir='ltr'><strong>semper</strong></span> <span class='ocrx_word' id='word_1_355' title='bbox 2553 2339 2631 2398; x_wconf 86' lang='lat' dir='ltr'><strong>ad</strong></span> <span class='ocrx_word' id='word_1_356' title='bbox 2660 2340 2715 2396; x_wconf 92' lang='lat' dir='ltr'><strong>id</strong></span> <span class='ocrx_word' id='word_1_357' title='bbox 2758 2357 2939 2412; x_wconf 91' lang='lat' dir='ltr'><strong>usque</strong></span> <span class='ocrx_word' id='word_1_358' title='bbox 2976 2344 3212 2412; x_wconf 89' lang='lat' dir='ltr'><strong>tempus</strong></span> <span class='ocrx_word' id='word_1_359' title='bbox 3242 2339 3450 2398; x_wconf 84' lang='lat' dir='ltr'><strong>omnia</strong></span> <span class='ocrx_word' id='word_1_360' title='bbox 3472 2339 3554 2398; x_wconf 89' lang='lat' dir='ltr'><strong>ad</strong></span> 
     </span>
    </p>
   </div>
   <div class='ocr_carea' id='block_1_54' title="bbox 1900 2428 3338 2504">
    <p class='ocr_par' dir='ltr' id='par_1_54' title="bbox 1900 2428 3338 2504">
     <span class='ocr_line' id='line_1_54' title="bbox 1900 2428 3338 2504; baseline -0.002 -14"><span class='ocrx_word' id='word_1_361' title='bbox 1900 2432 2335 2490; x_wconf 90' lang='lat' dir='ltr'><strong>humanitatem</strong></span> <span class='ocrx_word' id='word_1_362' title='bbox 2365 2429 2725 2504; x_wconf 87' lang='lat' dir='ltr'><strong>pertinentia</strong></span> <span class='ocrx_word' id='word_1_363' title='bbox 2775 2429 3157 2487; x_wconf 78' lang='lat' dir='ltr'><strong>oﬂ‘endebant</strong></span> <span class='ocrx_word' id='word_1_364' title='bbox 3183 2428 3338 2487; x_wconf 90' lang='lat' dir='ltr'><strong>illos.</strong></span> 
     </span>
    </p>
   </div>
   <div class='ocr_carea' id='block_1_55' title="bbox 1970 2696 3557 2772">
    <p class='ocr_par' dir='ltr' id='par_1_55' title="bbox 1970 2696 3557 2772">
     <span class='ocr_line' id='line_1_55' title="bbox 1970 2696 3557 2772; baseline 0.001 -18"><span class='ocrx_word' id='word_1_365' title='bbox 1970 2699 2218 2772; x_wconf 87' lang='lat' dir='ltr'><strong>Propter</strong></span> <span class='ocrx_word' id='word_1_366' title='bbox 2245 2698 2358 2756; x_wconf 89' lang='lat' dir='ltr'><strong>hoc</strong></span> <span class='ocrx_word' id='word_1_367' title='bbox 2383 2712 2542 2769; x_wconf 90' lang='lat' dir='ltr'><strong>ergo,</strong></span> <span class='ocrx_word' id='word_1_368' title='bbox 2587 2700 2654 2754; x_wconf 94' lang='lat' dir='ltr'><strong>ut</strong></span> <span class='ocrx_word' id='word_1_369' title='bbox 2692 2696 2920 2772; x_wconf 88' lang='lat' dir='ltr'><strong>dictum</strong></span> <span class='ocrx_word' id='word_1_370' title='bbox 2945 2701 3054 2766; x_wconf 89' lang='lat' dir='ltr'><strong>est,</strong></span> <span class='ocrx_word' id='word_1_371' title='bbox 3085 2696 3275 2754; x_wconf 90' lang='lat' dir='ltr'><strong>noluit</strong></span> <span class='ocrx_word' id='word_1_372' title='bbox 3299 2713 3336 2756; x_wconf 88' lang='lat' dir='ltr'><strong>a</strong></span> <span class='ocrx_word' id='word_1_373' title='bbox 3368 2712 3557 2772; x_wconf 83' lang='lat' dir='ltr'><strong>popu-</strong></span> 
     </span>
    </p>
   </div>
   <div class='ocr_carea' id='block_1_56' title="bbox 1897 2785 3558 2860">
    <p class='ocr_par' dir='ltr' id='par_1_56' title="bbox 1897 2785 3558 2860">
     <span class='ocr_line' id='line_1_56' title="bbox 1897 2785 3558 2860; baseline 0.001 -16"><span class='ocrx_word' id='word_1_374' title='bbox 1897 2787 2124 2846; x_wconf 88' lang='lat' dir='ltr'><strong>laribus</strong></span> <span class='ocrx_word' id='word_1_375' title='bbox 2151 2788 2304 2856; x_wconf 90' lang='lat' dir='ltr'><strong>sciri,</strong></span> <span class='ocrx_word' id='word_1_376' title='bbox 2337 2787 2498 2860; x_wconf 90' lang='lat' dir='ltr'><strong>quod</strong></span> <span class='ocrx_word' id='word_1_377' title='bbox 2551 2792 2768 2844; x_wconf 88' lang='lat' dir='ltr'><strong>natura</strong></span> <span class='ocrx_word' id='word_1_378' title='bbox 2808 2785 2910 2843; x_wconf 87' lang='lat' dir='ltr'><strong>Dei</strong></span> <span class='ocrx_word' id='word_1_379' title='bbox 2968 2785 3144 2843; x_wconf 87' lang='lat' dir='ltr'><strong>Filius</strong></span> <span class='ocrx_word' id='word_1_380' title='bbox 3174 2789 3346 2854; x_wconf 88' lang='lat' dir='ltr'><strong>esset,</strong></span> <span class='ocrx_word' id='word_1_381' title='bbox 3375 2790 3432 2844; x_wconf 90' lang='lat' dir='ltr'><strong>et</strong></span> <span class='ocrx_word' id='word_1_382' title='bbox 3452 2803 3558 2845; x_wconf 85' lang='lat' dir='ltr'><strong>na-</strong></span> 
     </span>
    </p>
   </div>
   <div class='ocr_carea' id='block_1_57' title="bbox 1898 2874 3554 2948">
    <p class='ocr_par' dir='ltr' id='par_1_57' title="bbox 1898 2874 3554 2948">
     <span class='ocr_line' id='line_1_57' title="bbox 1898 2874 3554 2948; baseline 0.001 -17"><span class='ocrx_word' id='word_1_383' title='bbox 1898 2880 2031 2934; x_wconf 88' lang='lat' dir='ltr'><strong>tura</strong></span> <span class='ocrx_word' id='word_1_384' title='bbox 2066 2878 2220 2933; x_wconf 92' lang='lat' dir='ltr'><strong>Deus</strong></span> <span class='ocrx_word' id='word_1_385' title='bbox 2250 2896 2265 2948; x_wconf 83' lang='lat'>;</span> <span class='ocrx_word' id='word_1_386' title='bbox 2292 2877 2472 2948; x_wconf 77' lang='lat' dir='ltr'><strong>idque</strong></span> <span class='ocrx_word' id='word_1_387' title='bbox 2519 2874 2723 2933; x_wconf 88' lang='lat' dir='ltr'><strong>multis</strong></span> <span class='ocrx_word' id='word_1_388' title='bbox 2754 2874 2950 2933; x_wconf 86' lang='lat' dir='ltr'><strong>modis</strong></span> <span class='ocrx_word' id='word_1_389' title='bbox 2983 2875 3266 2948; x_wconf 66' lang='lat' dir='ltr'><strong>prmcepit</strong></span> <span class='ocrx_word' id='word_1_390' title='bbox 3290 2875 3554 2948; x_wconf 89' lang='lat' dir='ltr'><strong>discipu-</strong></span> 
     </span>
    </p>
   </div>
   <div class='ocr_carea' id='block_1_58' title="bbox 1896 2963 3554 3038">
    <p class='ocr_par' dir='ltr' id='par_1_58' title="bbox 1896 2963 3554 3038">
     <span class='ocr_line' id='line_1_58' title="bbox 1896 2963 3554 3038; baseline 0.001 -18"><span class='ocrx_word' id='word_1_391' title='bbox 1896 2966 1986 3021; x_wconf 87' lang='lat' dir='ltr'><strong>lis.</strong></span> <span class='ocrx_word' id='word_1_392' title='bbox 2021 2968 2273 3032; x_wconf 87' lang='lat' dir='ltr'><strong>Quando</strong></span> <span class='ocrx_word' id='word_1_393' title='bbox 2299 2981 2440 3021; x_wconf 85' lang='lat' dir='ltr'><strong>vero</strong></span> <span class='ocrx_word' id='word_1_394' title='bbox 2461 2964 2765 3036; x_wconf 91' lang='lat' dir='ltr'><strong>completis</strong></span> <span class='ocrx_word' id='word_1_395' title='bbox 2795 2981 2863 3020; x_wconf 92' lang='lat' dir='ltr'><strong>ac</strong></span> <span class='ocrx_word' id='word_1_396' title='bbox 2895 2963 3074 3020; x_wconf 86' lang='lat' dir='ltr'><strong>ﬁnitis</strong></span> <span class='ocrx_word' id='word_1_397' title='bbox 3103 2964 3392 3022; x_wconf 91' lang='lat' dir='ltr'><strong>omnibus</strong></span> <span class='ocrx_word' id='word_1_398' title='bbox 3417 2980 3554 3038; x_wconf 61' lang='lat' dir='ltr'><strong>qua!</strong></span> 
     </span>
    </p>
   </div>
   <div class='ocr_carea' id='block_1_59' title="bbox 1896 3053 3556 3126">
    <p class='ocr_par' dir='ltr' id='par_1_59' title="bbox 1896 3053 3556 3126">
     <span class='ocr_line' id='line_1_59' title="bbox 1896 3053 3556 3126; baseline 0.001 -16"><span class='ocrx_word' id='word_1_399' title='bbox 1896 3054 2198 3111; x_wconf 72' lang='lat' dir='ltr'><strong>offendere</strong></span> <span class='ocrx_word' id='word_1_400' title='bbox 2220 3059 2511 3126; x_wconf 88' lang='lat' dir='ltr'><strong>poterant,</strong></span> <span class='ocrx_word' id='word_1_401' title='bbox 2544 3053 2969 3126; x_wconf 64' lang='lat' dir='ltr'><strong>praedicaturus</strong></span> <span class='ocrx_word' id='word_1_402' title='bbox 2997 3053 3163 3108; x_wconf 90' lang='lat' dir='ltr'><strong>illum</strong></span> <span class='ocrx_word' id='word_1_403' title='bbox 3194 3058 3320 3110; x_wconf 88' lang='lat' dir='ltr'><strong>erat</strong></span> <span class='ocrx_word' id='word_1_404' title='bbox 3339 3057 3556 3112; x_wconf 85' lang='lat' dir='ltr'><strong>natura</strong></span> 
     </span>
    </p>
   </div>
   <div class='ocr_carea' id='block_1_60' title="bbox 1899 3140 3551 3212">
    <p class='ocr_par' dir='ltr' id='par_1_60' title="bbox 1899 3140 3551 3212">
     <span class='ocr_line' id='line_1_60' title="bbox 1899 3140 3551 3212; baseline 0.001 -15"><span class='ocrx_word' id='word_1_405' title='bbox 1899 3143 2084 3200; x_wconf 91' lang='lat' dir='ltr'><strong>Deum</strong></span> <span class='ocrx_word' id='word_1_406' title='bbox 2115 3159 2243 3198; x_wconf 91' lang='lat' dir='ltr'><strong>esse</strong></span> <span class='ocrx_word' id='word_1_407' title='bbox 2266 3143 2353 3198; x_wconf 94' lang='lat' dir='ltr'><strong>sol</strong></span> <span class='ocrx_word' id='word_1_408' title='bbox 2367 3143 2744 3211; x_wconf 89' lang='lat' dir='ltr'><strong>obscuratus,</strong></span> <span class='ocrx_word' id='word_1_409' title='bbox 2758 3141 2960 3197; x_wconf 89' lang='lat' dir='ltr'><strong>velum</strong></span> <span class='ocrx_word' id='word_1_410' title='bbox 2976 3140 3179 3212; x_wconf 89' lang='lat' dir='ltr'><strong>templi</strong></span> <span class='ocrx_word' id='word_1_411' title='bbox 3206 3141 3551 3208; x_wconf 86' lang='lat' dir='ltr'><strong>discissum,</strong></span> 
     </span>
    </p>
   </div>
   <div class='ocr_carea' id='block_1_61' title="bbox 189 3225 1788 3309">
    <p class='ocr_par' dir='ltr' id='par_1_61' title="bbox 189 3234 1785 3309">
     <span class='ocr_line' id='line_1_61' title="bbox 189 3234 1785 3309; baseline 0 -24"><span class='ocrx_word' id='word_1_412' title='bbox 189 3241 276 3285; x_wconf 85' lang='grc' dir='ltr'><strong>τοῦ</strong></span> <span class='ocrx_word' id='word_1_413' title='bbox 327 3241 456 3286; x_wconf 88' lang='grc' dir='ltr'>ναοῦ</span> <span class='ocrx_word' id='word_1_414' title='bbox 513 3234 869 3309; x_wconf 83' lang='grc' dir='ltr'>ῥηγνύμενον,</span> <span class='ocrx_word' id='word_1_415' title='bbox 928 3238 958 3294; x_wconf 79' lang='grc' dir='ltr'>ἡ</span> <span class='ocrx_word' id='word_1_416' title='bbox 1005 3242 1072 3307; x_wconf 79' lang='grc' dir='ltr'>γῆ</span> <span class='ocrx_word' id='word_1_417' title='bbox 1133 3237 1413 3306; x_wconf 88' lang='grc' dir='ltr'>σειομένη,</span> <span class='ocrx_word' id='word_1_418' title='bbox 1476 3234 1530 3285; x_wconf 83' lang='grc' dir='ltr'>αἱ</span> <span class='ocrx_word' id='word_1_419' title='bbox 1599 3237 1785 3304; x_wconf 88' lang='grc' dir='ltr'>πέτραι</span> 
     </span>
    </p>
   </div>
   <div class='ocr_carea' id='block_1_62' title="bbox 1906 3225 3552 3309">
    <p class='ocr_par' dir='ltr' id='par_1_62' title="bbox 1906 3229 3552 3301">
     <span class='ocr_line' id='line_1_62' title="bbox 1906 3229 3552 3301; baseline -0.001 -13"><span class='ocrx_word' id='word_1_420' title='bbox 1906 3238 2048 3289; x_wconf 75' lang='lat' dir='ltr'><strong>terra</strong></span> <span class='ocrx_word' id='word_1_421' title='bbox 2073 3247 2381 3296; x_wconf 88' lang='lat' dir='ltr'><strong>concussa,</strong></span> <span class='ocrx_word' id='word_1_422' title='bbox 2415 3235 2587 3301; x_wconf 63' lang='lat' dir='ltr'><strong>petra:</strong></span> <span class='ocrx_word' id='word_1_423' title='bbox 2634 3229 2909 3301; x_wconf 70' lang='lat' dir='ltr'><strong>diruptus,</strong></span> <span class='ocrx_word' id='word_1_424' title='bbox 2943 3235 2998 3284; x_wconf 88' lang='lat' dir='ltr'><strong>et</strong></span> <span class='ocrx_word' id='word_1_425' title='bbox 3028 3245 3284 3300; x_wconf 88' lang='lat' dir='ltr'><strong>corpora</strong></span> <span class='ocrx_word' id='word_1_426' title='bbox 3325 3236 3552 3286; x_wconf 85' lang='lat' dir='ltr'><strong>sancto-</strong></span> 
     </span>
    </p>
   </div>
   <div class='ocr_carea' id='block_1_63' title="bbox 190 3323 1782 3397">
    <p class='ocr_par' dir='ltr' id='par_1_63' title="bbox 190 3323 1782 3397">
     <span class='ocr_line' id='line_1_63' title="bbox 190 3323 1782 3397; baseline -0.001 -22"><span class='ocrx_word' id='word_1_427' title='bbox 190 3323 549 3395; x_wconf 80' lang='grc' dir='ltr'>σχιζόμεναι,</span> <span class='ocrx_word' id='word_1_428' title='bbox 630 3330 718 3377; x_wconf 84' lang='grc' dir='ltr'>καὶ</span> <span class='ocrx_word' id='word_1_429' title='bbox 809 3327 873 3376; x_wconf 79' lang='grc' dir='ltr'>τὰ</span> <span class='ocrx_word' id='word_1_430' title='bbox 957 3329 1178 3397; x_wconf 87' lang='grc' dir='ltr'>σώματα</span> <span class='ocrx_word' id='word_1_431' title='bbox 1245 3331 1344 3375; x_wconf 92' lang='grc' dir='ltr'><strong>τῶν</strong></span> <span class='ocrx_word' id='word_1_432' title='bbox 1401 3327 1782 3395; x_wconf 75' lang='grc' dir='ltr'>κεκοιμημένων</span> 
     </span>
    </p>
   </div>
   <div class='ocr_carea' id='block_1_64' title="bbox 188 3409 1782 3487">
    <p class='ocr_par' dir='ltr' id='par_1_64' title="bbox 188 3409 1782 3487">
     <span class='ocr_line' id='line_1_64' title="bbox 188 3409 1782 3487; baseline -0.001 -24"><span class='ocrx_word' id='word_1_433' title='bbox 188 3411 349 3483; x_wconf 76' lang='grc' dir='ltr'>ἁγίων</span> <span class='ocrx_word' id='word_1_434' title='bbox 406 3411 743 3487; x_wconf 73' lang='grc' dir='ltr'>ἐγειρόμενα,</span> <span class='ocrx_word' id='word_1_435' title='bbox 812 3419 900 3467; x_wconf 84' lang='grc' dir='ltr'>καὶ</span> <span class='ocrx_word' id='word_1_436' title='bbox 964 3413 1122 3476; x_wconf 74' lang='grc' dir='ltr'>αὐτὸς</span> <span class='ocrx_word' id='word_1_437' title='bbox 1196 3409 1412 3475; x_wconf 76' lang='grc' dir='ltr'>ἐνδόξως</span> <span class='ocrx_word' id='word_1_438' title='bbox 1463 3411 1517 3464; x_wconf 83' lang='grc' dir='ltr'>ἐκ</span> <span class='ocrx_word' id='word_1_439' title='bbox 1596 3420 1782 3486; x_wconf 81' lang='grc' dir='ltr'>νεκρῶν</span> 
     </span>
    </p>
   </div>
   <div class='ocr_carea' id='block_1_65' title="bbox 187 3500 1778 3577">
    <p class='ocr_par' dir='ltr' id='par_1_65' title="bbox 187 3500 1778 3577">
     <span class='ocr_line' id='line_1_65' title="bbox 187 3500 1778 3577; baseline 0 -24"><span class='ocrx_word' id='word_1_440' title='bbox 187 3500 562 3574; x_wconf 74' lang='grc' dir='ltr'>ἀνιστάμενοςο</span> <span class='ocrx_word' id='word_1_441' title='bbox 629 3511 918 3562; x_wconf 84' lang='grc' dir='ltr'>τηνικαῦτα</span> <span class='ocrx_word' id='word_1_442' title='bbox 978 3506 1080 3577; x_wconf 91' lang='grc' dir='ltr'><strong>γάρ</strong></span> <span class='ocrx_word' id='word_1_443' title='bbox 1164 3511 1342 3574; x_wconf 76' lang='grc' dir='ltr'>σαφῶς</span> <span class='ocrx_word' id='word_1_444' title='bbox 1412 3500 1687 3574; x_wconf 71' lang='grc' dir='ltr'>ἐξέλαμψεν</span> <span class='ocrx_word' id='word_1_445' title='bbox 1752 3502 1778 3559; x_wconf 73' lang='grc' dir='ltr'><em>ἦ</em></span> 
     </span>
    </p>
   </div>
   <div class='ocr_carea' id='block_1_66' title="bbox 189 3587 1781 3667">
    <p class='ocr_par' dir='ltr' id='par_1_66' title="bbox 189 3587 1781 3667">
     <span class='ocr_line' id='line_1_66' title="bbox 189 3587 1781 3667; baseline -0.001 -24"><span class='ocrx_word' id='word_1_446' title='bbox 189 3587 415 3664; x_wconf 87' lang='grc' dir='ltr'>δύναμις</span> <span class='ocrx_word' id='word_1_447' title='bbox 463 3600 560 3655; x_wconf 82' lang='grc' dir='ltr'>τῆς</span> <span class='ocrx_word' id='word_1_448' title='bbox 605 3593 760 3646; x_wconf 75' lang='grc' dir='ltr'>αὑτοῦ</span> <span class='ocrx_word' id='word_1_449' title='bbox 820 3595 1099 3661; x_wconf 88' lang='grc' dir='ltr'>θεότητος,</span> <span class='ocrx_word' id='word_1_450' title='bbox 1157 3597 1246 3645; x_wconf 83' lang='grc' dir='ltr'>καὶ</span> <span class='ocrx_word' id='word_1_451' title='bbox 1297 3590 1661 3667; x_wconf 80' lang='grc' dir='ltr'>ἀναντίῤῥητος</span> <span class='ocrx_word' id='word_1_452' title='bbox 1721 3589 1781 3650; x_wconf 81' lang='grc' dir='ltr'>ἧν</span> 
     </span>
    </p>
   </div>
   <div class='ocr_carea' id='block_1_67' title="bbox 188 3676 1783 3754">
    <p class='ocr_par' dir='ltr' id='par_1_67' title="bbox 188 3676 1783 3754">
     <span class='ocr_line' id='line_1_67' title="bbox 188 3676 1783 3754; baseline 0.001 -21"><span class='ocrx_word' id='word_1_453' title='bbox 188 3686 214 3737; x_wconf 72' lang='grc' dir='ltr'>ἡ</span> <span class='ocrx_word' id='word_1_454' title='bbox 287 3676 581 3744; x_wconf 81' lang='grc' dir='ltr'>ἀπόδειξις·</span> <span class='ocrx_word' id='word_1_455' title='bbox 645 3681 813 3754; x_wconf 81' lang='grc' dir='ltr'>ἔμελλε</span> <span class='ocrx_word' id='word_1_456' title='bbox 884 3679 942 3735; x_wconf 69' lang='grc' dir='ltr'><strong>δὲ</strong></span> <span class='ocrx_word' id='word_1_457' title='bbox 998 3685 1190 3734; x_wconf 82' lang='grc' dir='ltr'>καὶτὸ</span> <span class='ocrx_word' id='word_1_458' title='bbox 1257 3682 1506 3752; x_wconf 87' lang='grc' dir='ltr'>πανάγιον</span> <span class='ocrx_word' id='word_1_459' title='bbox 1575 3687 1783 3753; x_wconf 78' lang='grc' dir='ltr'>Πνεῦμα</span> 
     </span>
    </p>
   </div>
   <div class='ocr_carea' id='block_1_68' title="bbox 188 3769 1782 3844">
    <p class='ocr_par' dir='ltr' id='par_1_68' title="bbox 188 3769 1782 3844">
     <span class='ocr_line' id='line_1_68' title="bbox 188 3769 1782 3844; baseline 0.001 -24"><span class='ocrx_word' id='word_1_460' title='bbox 188 3772 394 3823; x_wconf 67' lang='grc' dir='ltr'>σᾶνισεν</span> <span class='ocrx_word' id='word_1_461' title='bbox 448 3769 681 3842; x_wconf 77' lang='grc' dir='ltr'>ἐμϐαλεῖν</span> <span class='ocrx_word' id='word_1_462' title='bbox 749 3771 807 3823; x_wconf 83' lang='grc' dir='ltr'><strong>ού</strong></span> <span class='ocrx_word' id='word_1_463' title='bbox 863 3778 972 3832; x_wconf 90' lang='grc' dir='ltr'>τοῖς</span> <span class='ocrx_word' id='word_1_464' title='bbox 1033 3772 1297 3844; x_wconf 84' lang='grc' dir='ltr'>μαθηταῖς</span> <span class='ocrx_word' id='word_1_465' title='bbox 1373 3774 1526 3842; x_wconf 84' lang='grc' dir='ltr'>μόνον</span> <span class='ocrx_word' id='word_1_466' title='bbox 1563 3811 1577 3835; x_wconf 94' lang='grc'><strong>,</strong></span> <span class='ocrx_word' id='word_1_467' title='bbox 1655 3769 1782 3822; x_wconf 83' lang='grc' dir='ltr'>ἀλλὰ</span> 
     </span>
    </p>
   </div>
   <div class='ocr_carea' id='block_1_69' title="bbox 183 3856 1781 3924">
    <p class='ocr_par' dir='ltr' id='par_1_69' title="bbox 183 3856 1781 3924">
     <span class='ocr_line' id='line_1_69' title="bbox 183 3856 1781 3924; baseline 0.001 -13"><span class='ocrx_word' id='word_1_468' title='bbox 183 3865 266 3912; x_wconf 84' lang='grc' dir='ltr'>καὶ</span> <span class='ocrx_word' id='word_1_469' title='bbox 311 3866 452 3912; x_wconf 83' lang='grc' dir='ltr'>πᾶσι</span> <span class='ocrx_word' id='word_1_470' title='bbox 501 3868 604 3921; x_wconf 88' lang='grc' dir='ltr'>τοῖς</span> <span class='ocrx_word' id='word_1_471' title='bbox 631 3863 962 3914; x_wconf 86' lang='grc' dir='ltr'>πιστεύουσι·</span> <span class='ocrx_word' id='word_1_472' title='bbox 994 3865 1110 3914; x_wconf 90' lang='grc' dir='ltr'>τότε</span> <span class='ocrx_word' id='word_1_473' title='bbox 1159 3856 1194 3913; x_wconf 72' lang='grc' dir='ltr'><em>ὃ</em></span> <span class='ocrx_word' id='word_1_474' title='bbox 1199 3880 1252 3924; x_wconf 86' lang='grc' dir='ltr'><strong>η,</strong></span> <span class='ocrx_word' id='word_1_475' title='bbox 1284 3864 1399 3912; x_wconf 86' lang='grc' dir='ltr'>τότε</span> <span class='ocrx_word' id='word_1_476' title='bbox 1435 3859 1612 3912; x_wconf 85' lang='grc' dir='ltr'>λοιπὸν</span> <span class='ocrx_word' id='word_1_477' title='bbox 1640 3859 1781 3912; x_wconf 82' lang='grc' dir='ltr'>ἐϐού-</span> 
     </span>
    </p>
   </div>
   <div class='ocr_carea' id='block_1_70' title="bbox 181 3945 1779 4021">
    <p class='ocr_par' dir='ltr' id='par_1_70' title="bbox 181 3945 1779 4021">
     <span class='ocr_line' id='line_1_70' title="bbox 181 3945 1779 4021; baseline 0.002 -22"><span class='ocrx_word' id='word_1_478' title='bbox 181 3949 289 4002; x_wconf 83' lang='grc' dir='ltr'>λετο</span> <span class='ocrx_word' id='word_1_479' title='bbox 341 3945 766 4021; x_wconf 80' lang='grc' dir='ltr'>δημοσιευθῆναι</span> <span class='ocrx_word' id='word_1_480' title='bbox 795 3957 926 4004; x_wconf 76' lang='grc' dir='ltr'>πᾶσι</span> <span class='ocrx_word' id='word_1_481' title='bbox 957 3955 1046 4003; x_wconf 87' lang='grc' dir='ltr'>καὶ</span> <span class='ocrx_word' id='word_1_482' title='bbox 1085 3953 1142 4002; x_wconf 88' lang='grc' dir='ltr'>τὸ</span> <span class='ocrx_word' id='word_1_483' title='bbox 1182 3957 1278 4010; x_wconf 81' lang='grc' dir='ltr'>τῆς</span> <span class='ocrx_word' id='word_1_484' title='bbox 1311 3951 1575 4016; x_wconf 85' lang='grc' dir='ltr'>θεότητος,</span> <span class='ocrx_word' id='word_1_485' title='bbox 1604 3954 1693 4002; x_wconf 86' lang='grc' dir='ltr'>καὶ</span> <span class='ocrx_word' id='word_1_486' title='bbox 1721 3952 1779 4002; x_wconf 84' lang='grc' dir='ltr'>τὸ</span> 
     </span>
    </p>
   </div>
   <div class='ocr_carea' id='block_1_71' title="bbox 177 4035 1780 4112">
    <p class='ocr_par' dir='ltr' id='par_1_71' title="bbox 177 4035 1780 4112">
     <span class='ocr_line' id='line_1_71' title="bbox 177 4035 1780 4112; baseline 0.001 -22"><span class='ocrx_word' id='word_1_487' title='bbox 177 4047 267 4091; x_wconf 88' lang='grc' dir='ltr'><strong>τοῦ</strong></span> <span class='ocrx_word' id='word_1_488' title='bbox 291 4040 502 4099; x_wconf 81' lang='grc' dir='ltr'>πάθους</span> <span class='ocrx_word' id='word_1_489' title='bbox 522 4038 682 4091; x_wconf 75' lang='grc' dir='ltr'>αὐτοῦ</span> <span class='ocrx_word' id='word_1_490' title='bbox 702 4043 1014 4112; x_wconf 84' lang='grc' dir='ltr'>μυστήριον,</span> <span class='ocrx_word' id='word_1_491' title='bbox 1048 4040 1130 4092; x_wconf 86' lang='grc' dir='ltr'>ἶνα</span> <span class='ocrx_word' id='word_1_492' title='bbox 1155 4035 1573 4092; x_wconf 73' lang='grc' dir='ltr'>ἀσκανδάλιστον</span> <span class='ocrx_word' id='word_1_493' title='bbox 1604 4035 1780 4092; x_wconf 83' lang='grc' dir='ltr'>ὀδεύοι</span> 
     </span>
    </p>
   </div>
   <div class='ocr_carea' id='block_1_72' title="bbox 175 4129 951 4200">
    <p class='ocr_par' dir='ltr' id='par_1_72' title="bbox 175 4129 951 4200">
     <span class='ocr_line' id='line_1_72' title="bbox 175 4129 951 4200; baseline -0.001 -20"><span class='ocrx_word' id='word_1_494' title='bbox 175 4131 232 4180; x_wconf 86' lang='grc' dir='ltr'><strong>τό</strong></span> <span class='ocrx_word' id='word_1_495' title='bbox 263 4134 542 4200; x_wconf 81' lang='grc' dir='ltr'>κήρυγμα.</span> <span class='ocrx_word' id='word_1_496' title='bbox 947 4129 951 4132; x_wconf 36' lang='grc'><strong>⁴</strong></span> 
     </span>
    </p>
   </div>
   <div class='ocr_carea' id='block_1_73' title="bbox 245 4215 1779 4292">
    <p class='ocr_par' dir='ltr' id='par_1_73' title="bbox 245 4215 1779 4292">
     <span class='ocr_line' id='line_1_73' title="bbox 245 4215 1779 4292; baseline -0.001 -21"><span class='ocrx_word' id='word_1_497' title='bbox 245 4217 382 4271; x_wconf 84' lang='grc' dir='ltr'><strong>Ἀπὸ</strong></span> <span class='ocrx_word' id='word_1_498' title='bbox 437 4221 554 4269; x_wconf 89' lang='grc' dir='ltr'>τότε</span> <span class='ocrx_word' id='word_1_499' title='bbox 610 4247 675 4258; x_wconf 91' lang='grc'><strong><em>-</em></strong></span> <span class='ocrx_word' id='word_1_500' title='bbox 738 4216 1026 4292; x_wconf 81' lang='grc' dir='ltr'>ἐγερθῆναι.</span> <span class='ocrx_word' id='word_1_501' title='bbox 1066 4218 1199 4269; x_wconf 81' lang='grc' dir='ltr'>Ἀπὸ</span> <span class='ocrx_word' id='word_1_502' title='bbox 1266 4221 1400 4282; x_wconf 89' lang='grc' dir='ltr'>τότε,</span> <span class='ocrx_word' id='word_1_503' title='bbox 1460 4215 1548 4289; x_wconf 76' lang='grc' dir='ltr'><strong>ἀφ’</strong></span> <span class='ocrx_word' id='word_1_504' title='bbox 1595 4217 1654 4270; x_wconf 80' lang='grc' dir='ltr'>οὗ</span> <span class='ocrx_word' id='word_1_505' title='bbox 1695 4216 1779 4290; x_wconf 86' lang='grc' dir='ltr'>βε-</span> 
     </span>
    </p>
   </div>
   <div class='ocr_carea' id='block_1_74' title="bbox 175 4305 1778 4379">
    <p class='ocr_par' dir='ltr' id='par_1_74' title="bbox 175 4305 1778 4379">
     <span class='ocr_line' id='line_1_74' title="bbox 175 4305 1778 4379; baseline 0.001 -21"><span class='ocrx_word' id='word_1_506' title='bbox 175 4305 340 4369; x_wconf 80' lang='grc' dir='ltr'>ϐαίως</span> <span class='ocrx_word' id='word_1_507' title='bbox 391 4307 581 4378; x_wconf 81' lang='grc' dir='ltr'>ἔμαθον</span> <span class='ocrx_word' id='word_1_508' title='bbox 638 4309 686 4358; x_wconf 84' lang='grc' dir='ltr'>οἱ</span> <span class='ocrx_word' id='word_1_509' title='bbox 730 4309 986 4379; x_wconf 83' lang='grc' dir='ltr'>μαθηταὶ,</span> <span class='ocrx_word' id='word_1_510' title='bbox 1033 4308 1108 4360; x_wconf 82' lang='grc' dir='ltr'>ὅτι</span> <span class='ocrx_word' id='word_1_511' title='bbox 1149 4312 1364 4378; x_wconf 77' lang='grc' dir='ltr'>γνήσιος</span> <span class='ocrx_word' id='word_1_512' title='bbox 1397 4308 1514 4368; x_wconf 83' lang='grc' dir='ltr'>Υἱός</span> <span class='ocrx_word' id='word_1_513' title='bbox 1555 4305 1665 4360; x_wconf 75' lang='grc' dir='ltr'>ἔστι</span> <span class='ocrx_word' id='word_1_514' title='bbox 1687 4315 1778 4360; x_wconf 89' lang='grc' dir='ltr'><strong>τοῦ</strong></span> 
     </span>
    </p>
   </div>
   <div class='ocr_carea' id='block_1_75' title="bbox 173 4393 1777 4471">
    <p class='ocr_par' dir='ltr' id='par_1_75' title="bbox 173 4393 1777 4471">
     <span class='ocr_line' id='line_1_75' title="bbox 173 4393 1777 4471; baseline 0.001 -23"><span class='ocrx_word' id='word_1_515' title='bbox 173 4402 332 4449; x_wconf 87' lang='grc' dir='ltr'>Θεοῦ.</span> <span class='ocrx_word' id='word_1_516' title='bbox 386 4399 458 4447; x_wconf 82' lang='grc' dir='ltr'><strong>Τὸ</strong></span> <span class='ocrx_word' id='word_1_517' title='bbox 502 4393 677 4447; x_wconf 91' lang='grc' dir='ltr'>λοιπὸν</span> <span class='ocrx_word' id='word_1_518' title='bbox 719 4398 820 4471; x_wconf 78' lang='grc' dir='ltr'><strong>γὰρ</strong></span> <span class='ocrx_word' id='word_1_519' title='bbox 852 4395 1042 4471; x_wconf 74' lang='grc' dir='ltr'>ἠρξατο</span> <span class='ocrx_word' id='word_1_520' title='bbox 1083 4395 1196 4468; x_wconf 78' lang='grc'><strong>(27)</strong></span> <span class='ocrx_word' id='word_1_521' title='bbox 1237 4393 1612 4468; x_wconf 77' lang='grc' dir='ltr'>προδεικνύειν,</span> <span class='ocrx_word' id='word_1_522' title='bbox 1652 4415 1777 4449; x_wconf 87' lang='grc' dir='ltr'>του-</span> 
     </span>
    </p>
   </div>
   <div class='ocr_carea' id='block_1_76' title="bbox 170 4484 1775 4558">
    <p class='ocr_par' dir='ltr' id='par_1_76' title="bbox 170 4484 1775 4558">
     <span class='ocr_line' id='line_1_76' title="bbox 170 4484 1775 4558; baseline 0.001 -23"><span class='ocrx_word' id='word_1_523' title='bbox 170 4488 342 4547; x_wconf 77' lang='grc' dir='ltr'>τέστι,</span> <span class='ocrx_word' id='word_1_524' title='bbox 438 4484 702 4558; x_wconf 70' lang='grc' dir='ltr'>προλέγειν</span> <span class='ocrx_word' id='word_1_525' title='bbox 775 4487 999 4548; x_wconf 89' lang='grc' dir='ltr'>τούτοις,</span> <span class='ocrx_word' id='word_1_526' title='bbox 1057 4484 1093 4536; x_wconf 82' lang='grc' dir='ltr'>οἷ</span> <span class='ocrx_word' id='word_1_527' title='bbox 1171 4484 1338 4541; x_wconf 74' lang='grc' dir='ltr'>μελλει</span> <span class='ocrx_word' id='word_1_528' title='bbox 1408 4486 1612 4554; x_wconf 88' lang='grc' dir='ltr'>παθεῖν,</span> <span class='ocrx_word' id='word_1_529' title='bbox 1674 4486 1775 4551; x_wconf 84' lang='grc' dir='ltr'>ἵνα,</span> 
     </span>
    </p>
   </div>
   <div class='ocr_carea' id='block_1_77' title="bbox 1892 3317 3552 3394">
    <p class='ocr_par' dir='ltr' id='par_1_77' title="bbox 1892 3317 3552 3394">
     <span class='ocr_line' id='line_1_77' title="bbox 1892 3317 3552 3394; baseline -0.002 -16"><span class='ocrx_word' id='word_1_530' title='bbox 1892 3339 2024 3379; x_wconf 90' lang='lat' dir='ltr'><strong>rum</strong></span> <span class='ocrx_word' id='word_1_531' title='bbox 2067 3321 2171 3394; x_wconf 90' lang='lat' dir='ltr'><strong>qui</strong></span> <span class='ocrx_word' id='word_1_532' title='bbox 2198 3319 2562 3375; x_wconf 89' lang='lat' dir='ltr'><strong>dormierant</strong></span> <span class='ocrx_word' id='word_1_533' title='bbox 2617 3317 2884 3382; x_wconf 87' lang='lat' dir='ltr'><strong>excitata,</strong></span> <span class='ocrx_word' id='word_1_534' title='bbox 2935 3318 3183 3390; x_wconf 89' lang='lat' dir='ltr'><strong>ipseque</strong></span> <span class='ocrx_word' id='word_1_535' title='bbox 3224 3317 3476 3388; x_wconf 81' lang='lat' dir='ltr'><strong>gloriose</strong></span> <span class='ocrx_word' id='word_1_536' title='bbox 3514 3335 3552 3379; x_wconf 86' lang='lat' dir='ltr'><strong>a</strong></span> 
     </span>
    </p>
   </div>
   <div class='ocr_carea' id='block_1_78' title="bbox 1893 3405 3552 3477">
    <p class='ocr_par' dir='ltr' id='par_1_78' title="bbox 1893 3405 3552 3477">
     <span class='ocr_line' id='line_1_78' title="bbox 1893 3405 3552 3477; baseline -0.002 -10"><span class='ocrx_word' id='word_1_537' title='bbox 1893 3411 2140 3467; x_wconf 86' lang='lat' dir='ltr'><strong>mortuis</strong></span> <span class='ocrx_word' id='word_1_538' title='bbox 2172 3424 2500 3477; x_wconf 84' lang='lat' dir='ltr'><strong>resurgens,</strong></span> <span class='ocrx_word' id='word_1_539' title='bbox 2535 3411 2675 3462; x_wconf 91' lang='lat' dir='ltr'><strong>tunc</strong></span> <span class='ocrx_word' id='word_1_540' title='bbox 2702 3421 2844 3462; x_wconf 88' lang='lat' dir='ltr'><strong>sane</strong></span> <span class='ocrx_word' id='word_1_541' title='bbox 2871 3405 3088 3462; x_wconf 79' lang='lat' dir='ltr'><strong>etfulsit</strong></span> <span class='ocrx_word' id='word_1_542' title='bbox 3121 3407 3304 3462; x_wconf 88' lang='lat' dir='ltr'><strong>virtus</strong></span> <span class='ocrx_word' id='word_1_543' title='bbox 3335 3406 3552 3463; x_wconf 88' lang='lat' dir='ltr'><strong>divini-</strong></span> 
     </span>
    </p>
   </div>
   <div class='ocr_carea' id='block_1_79' title="bbox 1892 3493 3548 3570">
    <p class='ocr_par' dir='ltr' id='par_1_79' title="bbox 1892 3493 3548 3570">
     <span class='ocr_line' id='line_1_79' title="bbox 1892 3493 3548 3570; baseline -0.003 -13"><span class='ocrx_word' id='word_1_544' title='bbox 1892 3500 2027 3558; x_wconf 90' lang='lat' dir='ltr'><strong>tatis</strong></span> <span class='ocrx_word' id='word_1_545' title='bbox 2052 3499 2202 3570; x_wconf 88' lang='lat' dir='ltr'><strong>ejus,</strong></span> <span class='ocrx_word' id='word_1_546' title='bbox 2237 3501 2294 3553; x_wconf 92' lang='lat' dir='ltr'><strong>et</strong></span> <span class='ocrx_word' id='word_1_547' title='bbox 2316 3495 2647 3552; x_wconf 88' lang='lat' dir='ltr'><strong>indubitata</strong></span> <span class='ocrx_word' id='word_1_548' title='bbox 2699 3498 2826 3551; x_wconf 90' lang='lat' dir='ltr'><strong>erat</strong></span> <span class='ocrx_word' id='word_1_549' title='bbox 2855 3493 3306 3551; x_wconf 90' lang='lat' dir='ltr'><strong>demonstratio.</strong></span> <span class='ocrx_word' id='word_1_550' title='bbox 3362 3494 3548 3552; x_wconf 91' lang='lat' dir='ltr'><strong>Simul</strong></span> 
     </span>
    </p>
   </div>
   <div class='ocr_carea' id='block_1_80' title="bbox 1890 3584 3547 3662">
    <p class='ocr_par' dir='ltr' id='par_1_80' title="bbox 1890 3584 3547 3662">
     <span class='ocr_line' id='line_1_80' title="bbox 1890 3584 3547 3662; baseline -0.002 -17"><span class='ocrx_word' id='word_1_551' title='bbox 1890 3604 2127 3662; x_wconf 87' lang='lat' dir='ltr'><strong>quoque</strong></span> <span class='ocrx_word' id='word_1_552' title='bbox 2183 3587 2562 3642; x_wconf 92' lang='lat' dir='ltr'><strong>immissurus</strong></span> <span class='ocrx_word' id='word_1_553' title='bbox 2613 3588 2739 3640; x_wconf 92' lang='lat' dir='ltr'><strong>erat</strong></span> <span class='ocrx_word' id='word_1_554' title='bbox 2792 3584 3040 3657; x_wconf 89' lang='lat' dir='ltr'><strong>Spiritus</strong></span> <span class='ocrx_word' id='word_1_555' title='bbox 3093 3588 3334 3640; x_wconf 90' lang='lat' dir='ltr'><strong>sanctus</strong></span> <span class='ocrx_word' id='word_1_556' title='bbox 3385 3584 3547 3641; x_wconf 91' lang='lat' dir='ltr'><strong>intel-</strong></span> 
     </span>
    </p>
   </div>
   <div class='ocr_carea' id='block_1_81' title="bbox 1888 3672 3547 3746">
    <p class='ocr_par' dir='ltr' id='par_1_81' title="bbox 1888 3672 3547 3746">
     <span class='ocr_line' id='line_1_81' title="bbox 1888 3672 3547 3746; baseline -0.002 -10"><span class='ocrx_word' id='word_1_557' title='bbox 1888 3679 2126 3744; x_wconf 90' lang='lat' dir='ltr'><strong>lectum,</strong></span> <span class='ocrx_word' id='word_1_558' title='bbox 2154 3692 2278 3733; x_wconf 91' lang='lat' dir='ltr'><strong>non</strong></span> <span class='ocrx_word' id='word_1_559' title='bbox 2330 3674 2473 3732; x_wconf 91' lang='lat' dir='ltr'><strong>solis</strong></span> <span class='ocrx_word' id='word_1_560' title='bbox 2513 3673 2846 3746; x_wconf 88' lang='lat' dir='ltr'><strong>discipulis,</strong></span> <span class='ocrx_word' id='word_1_561' title='bbox 2898 3672 3004 3730; x_wconf 91' lang='lat' dir='ltr'><strong>sed</strong></span> <span class='ocrx_word' id='word_1_562' title='bbox 3047 3674 3326 3730; x_wconf 91' lang='lat' dir='ltr'><strong>omnibus</strong></span> <span class='ocrx_word' id='word_1_563' title='bbox 3369 3673 3547 3732; x_wconf 90' lang='lat' dir='ltr'><strong>etiam</strong></span> 
     </span>
    </p>
   </div>
   <div class='ocr_carea' id='block_1_82' title="bbox 1890 3763 3566 3838">
    <p class='ocr_par' dir='ltr' id='par_1_82' title="bbox 1890 3763 3566 3838">
     <span class='ocr_line' id='line_1_82' title="bbox 1890 3763 3566 3838; baseline -0.001 -13"><span class='ocrx_word' id='word_1_564' title='bbox 1890 3768 2293 3826; x_wconf 87' lang='lat' dir='ltr'><strong>credentibus:</strong></span> <span class='ocrx_word' id='word_1_565' title='bbox 2323 3771 2530 3822; x_wconf 89' lang='lat' dir='ltr'><strong>ettunc</strong></span> <span class='ocrx_word' id='word_1_566' title='bbox 2547 3765 2676 3837; x_wconf 89' lang='lat' dir='ltr'><strong>jam</strong></span> <span class='ocrx_word' id='word_1_567' title='bbox 2693 3765 2942 3821; x_wconf 90' lang='lat' dir='ltr'><strong>demum</strong></span> <span class='ocrx_word' id='word_1_568' title='bbox 2960 3763 3236 3821; x_wconf 89' lang='lat' dir='ltr'><strong>omnibus</strong></span> <span class='ocrx_word' id='word_1_569' title='bbox 3253 3764 3566 3838; x_wconf 16' lang='lat' dir='ltr'><strong>publicari.</strong></span> 
     </span>
    </p>
   </div>
   <div class='ocr_carea' id='block_1_83' title="bbox 1888 3853 3544 3929">
    <p class='ocr_par' dir='ltr' id='par_1_83' title="bbox 1888 3853 3544 3929">
     <span class='ocr_line' id='line_1_83' title="bbox 1888 3853 3544 3929; baseline -0.003 -12"><span class='ocrx_word' id='word_1_570' title='bbox 1888 3860 2130 3917; x_wconf 89' lang='lat' dir='ltr'><strong>volebat</strong></span> <span class='ocrx_word' id='word_1_571' title='bbox 2161 3862 2216 3916; x_wconf 91' lang='lat' dir='ltr'><strong>et</strong></span> <span class='ocrx_word' id='word_1_572' title='bbox 2243 3855 2570 3913; x_wconf 90' lang='lat' dir='ltr'><strong>divinitatis</strong></span> <span class='ocrx_word' id='word_1_573' title='bbox 2595 3859 2651 3912; x_wconf 91' lang='lat' dir='ltr'><strong>et</strong></span> <span class='ocrx_word' id='word_1_574' title='bbox 2674 3853 2972 3928; x_wconf 91' lang='lat' dir='ltr'><strong>passionis</strong></span> <span class='ocrx_word' id='word_1_575' title='bbox 3003 3871 3126 3911; x_wconf 70' lang='lat' dir='ltr'><strong>sum</strong></span> <span class='ocrx_word' id='word_1_576' title='bbox 3167 3855 3544 3929; x_wconf 82' lang='lat' dir='ltr'><strong>mysterium,</strong></span> 
     </span>
    </p>
   </div>
   <div class='ocr_carea' id='block_1_84' title="bbox 1890 3943 3540 4022">
    <p class='ocr_par' dir='ltr' id='par_1_84' title="bbox 1890 3943 3540 4022">
     <span class='ocr_line' id='line_1_84' title="bbox 1890 3943 3540 4022; baseline -0.004 -14"><span class='ocrx_word' id='word_1_577' title='bbox 1890 3954 1955 4008; x_wconf 91' lang='lat' dir='ltr'><strong>ut</strong></span> <span class='ocrx_word' id='word_1_578' title='bbox 1978 3949 2206 4022; x_wconf 89' lang='lat' dir='ltr'><strong>absque</strong></span> <span class='ocrx_word' id='word_1_579' title='bbox 2252 3945 2372 4004; x_wconf 90' lang='lat' dir='ltr'><strong>ullo</strong></span> <span class='ocrx_word' id='word_1_580' title='bbox 2399 3944 2754 4002; x_wconf 83' lang='lat' dir='ltr'><strong>oﬂ‘endiculo</strong></span> <span class='ocrx_word' id='word_1_581' title='bbox 2786 3943 3131 4017; x_wconf 65' lang='lat' dir='ltr'><strong>praedicatio</strong></span> <span class='ocrx_word' id='word_1_582' title='bbox 3161 3943 3540 4017; x_wconf 85' lang='lat' dir='ltr'><strong>praecederet.</strong></span> 
     </span>
    </p>
   </div>
   <div class='ocr_carea' id='block_1_85' title="bbox 1959 4210 3545 4284">
    <p class='ocr_par' dir='ltr' id='par_1_85' title="bbox 1959 4210 3545 4284">
     <span class='ocr_line' id='line_1_85' title="bbox 1959 4210 3545 4284; baseline -0.004 -12"><span class='ocrx_word' id='word_1_583' title='bbox 1959 4219 2116 4273; x_wconf 86' lang='lat' dir='ltr'><strong>Vers.</strong></span> <span class='ocrx_word' id='word_1_584' title='bbox 2145 4216 2234 4270; x_wconf 92' lang='grc'><strong>21.</strong></span> <span class='ocrx_word' id='word_1_585' title='bbox 2263 4214 2363 4270; x_wconf 76' lang='lat' dir='ltr'><strong>Ex</strong></span> <span class='ocrx_word' id='word_1_586' title='bbox 2392 4229 2451 4270; x_wconf 89' lang='lat' dir='ltr'><strong>eo</strong></span> <span class='ocrx_word' id='word_1_587' title='bbox 2483 4210 2804 4284; x_wconf 51' lang='lat' dir='ltr'><strong>temporh—</strong></span> <span class='ocrx_word' id='word_1_588' title='bbox 2829 4225 3148 4282; x_wconf 82' lang='lat' dir='ltr'><strong>resurgere.</strong></span> <span class='ocrx_word' id='word_1_589' title='bbox 3181 4213 3265 4266; x_wconf 87' lang='lat' dir='ltr'><strong>Ex</strong></span> <span class='ocrx_word' id='word_1_590' title='bbox 3293 4226 3358 4265; x_wconf 89' lang='lat' dir='ltr'><strong>eo</strong></span> <span class='ocrx_word' id='word_1_591' title='bbox 3398 4213 3545 4267; x_wconf 88' lang='lat' dir='ltr'><strong>tem-</strong></span> 
     </span>
    </p>
   </div>
   <div class='ocr_carea' id='block_1_86' title="bbox 1888 4297 3543 4379">
    <p class='ocr_par' dir='ltr' id='par_1_86' title="bbox 1888 4297 3543 4379">
     <span class='ocr_line' id='line_1_86' title="bbox 1888 4297 3543 4379; baseline -0.004 -18"><span class='ocrx_word' id='word_1_592' title='bbox 1888 4321 2046 4379; x_wconf 91' lang='lat' dir='ltr'><strong>pore,</strong></span> <span class='ocrx_word' id='word_1_593' title='bbox 2078 4321 2147 4360; x_wconf 84' lang='lat' dir='ltr'><strong>ex</strong></span> <span class='ocrx_word' id='word_1_594' title='bbox 2173 4319 2294 4377; x_wconf 91' lang='lat' dir='ltr'><strong>quo</strong></span> <span class='ocrx_word' id='word_1_595' title='bbox 2320 4301 2566 4358; x_wconf 88' lang='lat' dir='ltr'><strong>ﬁrmiter</strong></span> <span class='ocrx_word' id='word_1_596' title='bbox 2591 4303 3000 4370; x_wconf 87' lang='lat' dir='ltr'><strong>cognoverunt</strong></span> <span class='ocrx_word' id='word_1_597' title='bbox 3047 4297 3338 4370; x_wconf 89' lang='lat' dir='ltr'><strong>discipuli,</strong></span> <span class='ocrx_word' id='word_1_598' title='bbox 3385 4299 3543 4372; x_wconf 91' lang='lat' dir='ltr'><strong>quod</strong></span> 
     </span>
    </p>
   </div>
   <div class='ocr_carea' id='block_1_87' title="bbox 1887 4385 3541 4464">
    <p class='ocr_par' dir='ltr' id='par_1_87' title="bbox 1887 4385 3541 4464">
     <span class='ocr_line' id='line_1_87' title="bbox 1887 4385 3541 4464; baseline -0.008 -13"><span class='ocrx_word' id='word_1_599' title='bbox 1887 4393 2173 4451; x_wconf 91' lang='lat' dir='ltr'><strong>naturalis</strong></span> <span class='ocrx_word' id='word_1_600' title='bbox 2199 4396 2353 4448; x_wconf 91' lang='lat' dir='ltr'><strong>esset</strong></span> <span class='ocrx_word' id='word_1_601' title='bbox 2382 4391 2481 4446; x_wconf 90' lang='lat' dir='ltr'><strong>Dei</strong></span> <span class='ocrx_word' id='word_1_602' title='bbox 2527 4389 2704 4445; x_wconf 80' lang='lat' dir='ltr'><strong>Filius</strong></span> <span class='ocrx_word' id='word_1_603' title='bbox 2735 4404 2746 4442; x_wconf 92' lang='lat'><strong>:</strong></span> <span class='ocrx_word' id='word_1_604' title='bbox 2776 4392 2919 4444; x_wconf 90' lang='lat' dir='ltr'><strong>tunc</strong></span> <span class='ocrx_word' id='word_1_605' title='bbox 2953 4385 3114 4442; x_wconf 92' lang='lat' dir='ltr'><strong>enim</strong></span> <span class='ocrx_word' id='word_1_606' title='bbox 3145 4387 3393 4445; x_wconf 88' lang='lat' dir='ltr'><strong>demum</strong></span> <span class='ocrx_word' id='word_1_607' title='bbox 3427 4403 3541 4464; x_wconf 81' lang='lat' dir='ltr'><strong>coe-</strong></span> 
     </span>
    </p>
   </div>
   <div class='ocr_carea' id='block_1_88' title="bbox 1886 4474 3539 4558">
    <p class='ocr_par' dir='ltr' id='par_1_88' title="bbox 1886 4474 3539 4558">
     <span class='ocr_line' id='line_1_88' title="bbox 1886 4474 3539 4558; baseline -0.005 -18"><span class='ocrx_word' id='word_1_608' title='bbox 1886 4484 1973 4558; x_wconf 91' lang='lat' dir='ltr'><strong>pit</strong></span> <span class='ocrx_word' id='word_1_609' title='bbox 2005 4483 2416 4539; x_wconf 89' lang='lat' dir='ltr'><strong>demonstrare</strong></span> <span class='ocrx_word' id='word_1_610' title='bbox 2443 4478 2561 4535; x_wconf 91' lang='lat' dir='ltr'><strong>sive</strong></span> <span class='ocrx_word' id='word_1_611' title='bbox 2601 4475 2916 4550; x_wconf 69' lang='lat' dir='ltr'><strong>praedicere</strong></span> <span class='ocrx_word' id='word_1_612' title='bbox 2945 4474 3057 4531; x_wconf 89' lang='lat' dir='ltr'><strong>illis</strong></span> <span class='ocrx_word' id='word_1_613' title='bbox 3084 4490 3219 4548; x_wconf 68' lang='lat' dir='ltr'><strong>quas</strong></span> <span class='ocrx_word' id='word_1_614' title='bbox 3248 4490 3539 4548; x_wconf 89' lang='lat' dir='ltr'><strong>passurus</strong></span> 
     </span>
    </p>
   </div>
   <div class='ocr_carea' id='block_1_89' title="bbox 169 4564 1788 4648">
    <p class='ocr_par' dir='ltr' id='par_1_89' title="bbox 169 4576 1780 4648">
     <span class='ocr_line' id='line_1_89' title="bbox 169 4576 1780 4648; baseline 0.001 -24"><span class='ocrx_word' id='word_1_615' title='bbox 169 4581 346 4625; x_wconf 88' lang='grc' dir='ltr'>ταῦτα</span> <span class='ocrx_word' id='word_1_616' title='bbox 398 4579 852 4647; x_wconf 84' lang='grc' dir='ltr'>προγινώσκοντες,</span> <span class='ocrx_word' id='word_1_617' title='bbox 883 4577 1018 4627; x_wconf 87' lang='grc' dir='ltr'><strong>κατά</strong></span> <span class='ocrx_word' id='word_1_618' title='bbox 1061 4577 1146 4626; x_wconf 88' lang='grc' dir='ltr'>τὸν</span> <span class='ocrx_word' id='word_1_619' title='bbox 1196 4577 1376 4648; x_wconf 88' lang='grc' dir='ltr'>καιρὸν</span> <span class='ocrx_word' id='word_1_620' title='bbox 1427 4581 1518 4626; x_wconf 89' lang='grc' dir='ltr'><strong>τοῦ</strong></span> <span class='ocrx_word' id='word_1_621' title='bbox 1577 4576 1780 4637; x_wconf 83' lang='grc' dir='ltr'>πάθους</span> 
     </span>
    </p>
   </div>
   <div class='ocr_carea' id='block_1_90' title="bbox 1906 4564 3539 4648">
    <p class='ocr_par' dir='ltr' id='par_1_90' title="bbox 1906 4564 3539 4642">
     <span class='ocr_line' id='line_1_90' title="bbox 1906 4564 3539 4642; baseline -0.006 -12"><span class='ocrx_word' id='word_1_622' title='bbox 1906 4579 2025 4640; x_wconf 77' lang='lat' dir='ltr'><strong>:rat,</strong></span> <span class='ocrx_word' id='word_1_623' title='bbox 2060 4576 2120 4628; x_wconf 88' lang='lat' dir='ltr'><strong>ut</strong></span> <span class='ocrx_word' id='word_1_624' title='bbox 2148 4572 2276 4628; x_wconf 77' lang='lat' dir='ltr'><strong>haec</strong></span> <span class='ocrx_word' id='word_1_625' title='bbox 2328 4568 2725 4642; x_wconf 67' lang='lat' dir='ltr'><strong>praescientes,</strong></span> <span class='ocrx_word' id='word_1_626' title='bbox 2781 4569 3050 4638; x_wconf 92' lang='lat' dir='ltr'><strong>tempore</strong></span> <span class='ocrx_word' id='word_1_627' title='bbox 3079 4564 3376 4638; x_wconf 87' lang='lat' dir='ltr'><strong>passionis</strong></span> <span class='ocrx_word' id='word_1_628' title='bbox 3419 4578 3539 4622; x_wconf 92' lang='lat' dir='ltr'><strong>non</strong></span> 
     </span>
    </p>
   </div>
   <div class='ocr_carea' id='block_1_91' title="bbox 169 4659 1776 4735">
    <p class='ocr_par' dir='ltr' id='par_1_91' title="bbox 169 4659 1776 4735">
     <span class='ocr_line' id='line_1_91' title="bbox 169 4659 1776 4735; baseline 0.002 -22"><span class='ocrx_word' id='word_1_629' title='bbox 169 4667 240 4734; x_wconf 79' lang='grc' dir='ltr'>μὴ</span> <span class='ocrx_word' id='word_1_630' title='bbox 300 4659 907 4735; x_wconf 79' lang='grc' dir='ltr'>σκανδολισθῶσι,μηό’</span> <span class='ocrx_word' id='word_1_631' title='bbox 961 4662 1311 4729; x_wconf 79' lang='grc' dir='ltr'>ὑπολάϐωσιν,</span> <span class='ocrx_word' id='word_1_632' title='bbox 1367 4664 1447 4716; x_wconf 84' lang='grc' dir='ltr'>ὅτι</span> <span class='ocrx_word' id='word_1_633' title='bbox 1502 4659 1574 4716; x_wconf 75' lang='grc' dir='ltr'><strong>δι’</strong></span> <span class='ocrx_word' id='word_1_634' title='bbox 1625 4662 1776 4717; x_wconf 83' lang='grc' dir='ltr'>ἀσθέ-</span> 
     </span>
    </p>
   </div>
   <div class='ocr_carea' id='block_1_92' title="bbox 171 4755 1774 4828">
    <p class='ocr_par' dir='ltr' id='par_1_92' title="bbox 171 4755 1774 4828">
     <span class='ocr_line' id='line_1_92' title="bbox 171 4755 1774 4828; baseline 0.002 -27"><span class='ocrx_word' id='word_1_635' title='bbox 171 4771 313 4803; x_wconf 86' lang='grc' dir='ltr'>νειαν</span> <span class='ocrx_word' id='word_1_636' title='bbox 378 4755 577 4824; x_wconf 71' lang='grc' dir='ltr'>φύσεως</span> <span class='ocrx_word' id='word_1_637' title='bbox 642 4755 843 4824; x_wconf 87' lang='grc' dir='ltr'>πάσχει</span> <span class='ocrx_word' id='word_1_638' title='bbox 877 4795 890 4807; x_wconf 92' lang='grc'><strong>.</strong></span> <span class='ocrx_word' id='word_1_639' title='bbox 983 4759 1102 4814; x_wconf 89' lang='grc' dir='ltr'>Πῶς</span> <span class='ocrx_word' id='word_1_640' title='bbox 1151 4755 1272 4828; x_wconf 80' lang='grc' dir='ltr'>γὰρ,</span> <span class='ocrx_word' id='word_1_641' title='bbox 1337 4755 1385 4813; x_wconf 88' lang='grc' dir='ltr'>ὃς</span> <span class='ocrx_word' id='word_1_642' title='bbox 1437 4757 1526 4805; x_wconf 84' lang='grc' dir='ltr'>καὶ</span> <span class='ocrx_word' id='word_1_643' title='bbox 1593 4771 1774 4828; x_wconf 86' lang='grc' dir='ltr'>προγι-</span> 
     </span>
    </p>
   </div>
   <div class='ocr_carea' id='block_1_93' title="bbox 171 4838 1776 4917">
    <p class='ocr_par' dir='ltr' id='par_1_93' title="bbox 171 4838 1776 4917">
     <span class='ocr_line' id='line_1_93' title="bbox 171 4838 1776 4917; baseline 0.001 -25"><span class='ocrx_word' id='word_1_644' title='bbox 171 4847 369 4893; x_wconf 82' lang='grc' dir='ltr'>νώσκει</span> <span class='ocrx_word' id='word_1_645' title='bbox 426 4849 606 4909; x_wconf 67' lang='grc' dir='ltr'>τδῦτο,</span> <span class='ocrx_word' id='word_1_646' title='bbox 664 4847 753 4894; x_wconf 82' lang='grc' dir='ltr'>καὶ</span> <span class='ocrx_word' id='word_1_647' title='bbox 809 4841 1068 4917; x_wconf 77' lang='grc' dir='ltr'>προλέγει,</span> <span class='ocrx_word' id='word_1_648' title='bbox 1130 4847 1220 4894; x_wconf 85' lang='grc' dir='ltr'>καὶ</span> <span class='ocrx_word' id='word_1_649' title='bbox 1298 4838 1513 4895; x_wconf 74' lang='grc' dir='ltr'>σπεύδει</span> <span class='ocrx_word' id='word_1_650' title='bbox 1585 4841 1776 4914; x_wconf 87' lang='grc' dir='ltr'>μᾶλλον</span> 
     </span>
    </p>
   </div>
   <div class='ocr_carea' id='block_1_94' title="bbox 171 4933 408 4999">
    <p class='ocr_par' dir='ltr' id='par_1_94' title="bbox 171 4933 408 4999">
     <span class='ocr_line' id='line_1_94' title="bbox 171 4933 408 4999; baseline -0.004 -16"><span class='ocrx_word' id='word_1_651' title='bbox 171 4933 360 4983; x_wconf 84' lang='grc' dir='ltr'>παθεῖν</span> <span class='ocrx_word' id='word_1_652' title='bbox 391 4947 408 4999; x_wconf 86' lang='lat'><strong>;</strong></span> 
     </span>
    </p>
   </div>
   <div class='ocr_carea' id='block_1_95' title="bbox 247 5018 1776 5094">
    <p class='ocr_par' dir='ltr' id='par_1_95' title="bbox 247 5018 1776 5094">
     <span class='ocr_line' id='line_1_95' title="bbox 247 5018 1776 5094; baseline -0.001 -22"><span class='ocrx_word' id='word_1_653' title='bbox 247 5024 352 5072; x_wconf 74' lang='grc' dir='ltr'><strong>Καὶ</strong></span> <span class='ocrx_word' id='word_1_654' title='bbox 410 5051 480 5060; x_wconf 91' lang='grc'><strong>-</strong></span> <span class='ocrx_word' id='word_1_655' title='bbox 519 5019 678 5090; x_wconf 81' lang='grc' dir='ltr'>αύτῷ.</span> <span class='ocrx_word' id='word_1_656' title='bbox 738 5018 1184 5094; x_wconf 82' lang='grc' dir='ltr'>Προσλαϐόμενος,</span> <span class='ocrx_word' id='word_1_657' title='bbox 1237 5018 1350 5072; x_wconf 85' lang='grc' dir='ltr'>ἀντὶ</span> <span class='ocrx_word' id='word_1_658' title='bbox 1396 5026 1487 5072; x_wconf 86' lang='grc' dir='ltr'><strong>τοῦ</strong></span> <span class='ocrx_word' id='word_1_659' title='bbox 1545 5019 1776 5092; x_wconf 80' lang='grc' dir='ltr'><strong>παραλα⁶</strong></span> 
     </span>
    </p>
   </div>
   <div class='ocr_carea' id='block_1_96' title="bbox 172 5105 1774 5184">
    <p class='ocr_par' dir='ltr' id='par_1_96' title="bbox 172 5105 1774 5184">
     <span class='ocr_line' id='line_1_96' title="bbox 172 5105 1774 5184; baseline 0.001 -25"><span class='ocrx_word' id='word_1_660' title='bbox 172 5108 280 5160; x_wconf 79' lang='grc' dir='ltr'>ϐὼν</span> <span class='ocrx_word' id='word_1_661' title='bbox 327 5105 597 5164; x_wconf 84' lang='grc' dir='ltr'>κατιδίαν.</span> <span class='ocrx_word' id='word_1_662' title='bbox 655 5109 916 5171; x_wconf 85' lang='grc' dir='ltr'>Ἀκούσας</span> <span class='ocrx_word' id='word_1_663' title='bbox 969 5111 1091 5184; x_wconf 84' lang='grc' dir='ltr'>γὰρ,</span> <span class='ocrx_word' id='word_1_664' title='bbox 1134 5108 1214 5161; x_wconf 89' lang='grc' dir='ltr'>ὃτι</span> <span class='ocrx_word' id='word_1_665' title='bbox 1261 5108 1428 5181; x_wconf 88' lang='grc' dir='ltr'>μελλει</span> <span class='ocrx_word' id='word_1_666' title='bbox 1483 5107 1774 5178; x_wconf 87' lang='grc' dir='ltr'>ἀποθανεῖν,</span> 
     </span>
    </p>
   </div>
   <div class='ocr_carea' id='block_1_97' title="bbox 173 5197 1776 5274">
    <p class='ocr_par' dir='ltr' id='par_1_97' title="bbox 173 5197 1776 5274">
     <span class='ocr_line' id='line_1_97' title="bbox 173 5197 1776 5274; baseline 0.001 -24"><span class='ocrx_word' id='word_1_667' title='bbox 173 5197 596 5273; x_wconf 75' lang='grc' dir='ltr'>ἓϐαρυθυμησεν,</span> <span class='ocrx_word' id='word_1_668' title='bbox 630 5197 858 5274; x_wconf 27' lang='grc' dir='ltr'>,ἀνάξιον</span> <span class='ocrx_word' id='word_1_669' title='bbox 941 5205 1032 5260; x_wconf 87' lang='grc' dir='ltr'>τῆς</span> <span class='ocrx_word' id='word_1_670' title='bbox 1113 5197 1272 5250; x_wconf 78' lang='grc' dir='ltr'>αὐτοῦ</span> <span class='ocrx_word' id='word_1_671' title='bbox 1337 5199 1578 5260; x_wconf 87' lang='grc' dir='ltr'>θεότητος</span> <span class='ocrx_word' id='word_1_672' title='bbox 1628 5204 1776 5251; x_wconf 85' lang='grc' dir='ltr'>τοῦτο</span> 
     </span>
    </p>
   </div>
   <div class='ocr_carea' id='block_1_98' title="bbox 170 5282 1778 5362">
    <p class='ocr_par' dir='ltr' id='par_1_98' title="bbox 170 5282 1778 5362">
     <span class='ocr_line' id='line_1_98' title="bbox 170 5282 1778 5362; baseline 0.001 -23"><span class='ocrx_word' id='word_1_673' title='bbox 170 5291 421 5360; x_wconf 85' lang='grc' dir='ltr'>νομίσας.</span> <span class='ocrx_word' id='word_1_674' title='bbox 479 5291 565 5340; x_wconf 89' lang='grc' dir='ltr'><strong>Διὸ</strong></span> <span class='ocrx_word' id='word_1_675' title='bbox 607 5291 713 5360; x_wconf 79' lang='grc' dir='ltr'>καὶ,</span> <span class='ocrx_word' id='word_1_676' title='bbox 745 5290 814 5351; x_wconf 89' lang='grc' dir='ltr'>ὡς</span> <span class='ocrx_word' id='word_1_677' title='bbox 865 5282 973 5348; x_wconf 74' lang='grc' dir='ltr'>ἤδη</span> <span class='ocrx_word' id='word_1_678' title='bbox 1007 5285 1301 5362; x_wconf 79' lang='grc' dir='ltr'>παρῥησίαν</span> <span class='ocrx_word' id='word_1_679' title='bbox 1352 5286 1452 5340; x_wconf 83' lang='grc' dir='ltr'>ἀπὸ</span> <span class='ocrx_word' id='word_1_680' title='bbox 1481 5293 1573 5341; x_wconf 92' lang='grc' dir='ltr'><strong>τοῦ</strong></span> <span class='ocrx_word' id='word_1_681' title='bbox 1604 5307 1778 5357; x_wconf 88' lang='grc' dir='ltr'>μακα-</span> 
     </span>
    </p>
   </div>
   <div class='ocr_carea' id='block_1_99' title="bbox 1886 4653 3540 4731">
    <p class='ocr_par' dir='ltr' id='par_1_99' title="bbox 1886 4653 3540 4731">
     <span class='ocr_line' id='line_1_99' title="bbox 1886 4653 3540 4731; baseline -0.005 -11"><span class='ocrx_word' id='word_1_682' title='bbox 1886 4662 2338 4727; x_wconf 76' lang='lat' dir='ltr'><strong>ofl‘enderentur,</strong></span> <span class='ocrx_word' id='word_1_683' title='bbox 2389 4669 2604 4731; x_wconf 85' lang='lat' dir='ltr'><strong>neque.</strong></span> <span class='ocrx_word' id='word_1_684' title='bbox 2638 4654 3084 4727; x_wconf 89' lang='lat' dir='ltr'><strong>suspicarentur</strong></span> <span class='ocrx_word' id='word_1_685' title='bbox 3103 4653 3269 4727; x_wconf 86' lang='lat' dir='ltr'><strong>quod</strong></span> <span class='ocrx_word' id='word_1_686' title='bbox 3298 4657 3540 4727; x_wconf 88' lang='lat' dir='ltr'><strong>propter</strong></span> 
     </span>
    </p>
   </div>
   <div class='ocr_carea' id='block_1_100' title="bbox 1885 4743 3539 4819">
    <p class='ocr_par' dir='ltr' id='par_1_100' title="bbox 1885 4743 3539 4819">
     <span class='ocr_line' id='line_1_100' title="bbox 1885 4743 3539 4819; baseline -0.006 -9"><span class='ocrx_word' id='word_1_687' title='bbox 1885 4757 2108 4810; x_wconf 62' lang='lat' dir='ltr'><strong>naturas</strong></span> <span class='ocrx_word' id='word_1_688' title='bbox 2126 4748 2592 4807; x_wconf 88' lang='lat' dir='ltr'><strong>imbecillitatem</strong></span> <span class='ocrx_word' id='word_1_689' title='bbox 2611 4749 2928 4819; x_wconf 82' lang='lat' dir='ltr'><strong>pateretur.</strong></span> <span class='ocrx_word' id='word_1_690' title='bbox 2947 4745 3076 4810; x_wconf 87' lang='lat' dir='ltr'><strong>Quo</strong></span> <span class='ocrx_word' id='word_1_691' title='bbox 3105 4744 3264 4800; x_wconf 89' lang='lat' dir='ltr'><strong>enim</strong></span> <span class='ocrx_word' id='word_1_692' title='bbox 3289 4748 3466 4816; x_wconf 91' lang='lat' dir='ltr'><strong>pacto</strong></span> <span class='ocrx_word' id='word_1_693' title='bbox 3477 4743 3539 4800; x_wconf 90' lang='lat' dir='ltr'><strong>id</strong></span> 
     </span>
    </p>
   </div>
   <div class='ocr_carea' id='block_1_101' title="bbox 1883 4832 3540 4909">
    <p class='ocr_par' dir='ltr' id='par_1_101' title="bbox 1883 4832 3540 4909">
     <span class='ocr_line' id='line_1_101' title="bbox 1883 4832 3540 4909; baseline -0.005 -11"><span class='ocrx_word' id='word_1_694' title='bbox 1883 4842 2050 4898; x_wconf 90' lang='lat' dir='ltr'><strong>ﬁeret</strong></span> <span class='ocrx_word' id='word_1_695' title='bbox 2080 4840 2153 4896; x_wconf 91' lang='lat' dir='ltr'><strong>de</strong></span> <span class='ocrx_word' id='word_1_696' title='bbox 2181 4855 2273 4903; x_wconf 90' lang='lat' dir='ltr'><strong>eo,</strong></span> <span class='ocrx_word' id='word_1_697' title='bbox 2331 4838 2435 4909; x_wconf 90' lang='lat' dir='ltr'><strong>qui</strong></span> <span class='ocrx_word' id='word_1_698' title='bbox 2472 4835 2758 4908; x_wconf 79' lang='lat' dir='ltr'><strong>pramovit</strong></span> <span class='ocrx_word' id='word_1_699' title='bbox 2795 4838 2852 4890; x_wconf 92' lang='lat' dir='ltr'><strong>et</strong></span> <span class='ocrx_word' id='word_1_700' title='bbox 2881 4832 3154 4906; x_wconf 75' lang='lat' dir='ltr'><strong>praedicit</strong></span> <span class='ocrx_word' id='word_1_701' title='bbox 3199 4848 3270 4890; x_wconf 93' lang='lat' dir='ltr'><strong>ac</strong></span> <span class='ocrx_word' id='word_1_702' title='bbox 3298 4832 3540 4890; x_wconf 86' lang='lat' dir='ltr'><strong>festinat</strong></span> 
     </span>
    </p>
   </div>
   <div class='ocr_carea' id='block_1_102' title="bbox 1886 4926 2476 5003">
    <p class='ocr_par' dir='ltr' id='par_1_102' title="bbox 1886 4926 2476 5003">
     <span class='ocr_line' id='line_1_102' title="bbox 1886 4926 2476 5003; baseline -0.012 -16"><span class='ocrx_word' id='word_1_703' title='bbox 1886 4930 2082 5003; x_wconf 89' lang='lat' dir='ltr'><strong>potius</strong></span> <span class='ocrx_word' id='word_1_704' title='bbox 2113 4933 2175 4984; x_wconf 91' lang='lat' dir='ltr'><strong>ut</strong></span> <span class='ocrx_word' id='word_1_705' title='bbox 2195 4926 2476 5000; x_wconf 90' lang='lat' dir='ltr'><strong>patiatur.</strong></span> 
     </span>
    </p>
   </div>
   <div class='ocr_carea' id='block_1_103' title="bbox 1957 5011 3539 5080">
    <p class='ocr_par' dir='ltr' id='par_1_103' title="bbox 1957 5011 3539 5080">
     <span class='ocr_line' id='line_1_103' title="bbox 1957 5011 3539 5080; baseline -0.004 -5"><span class='ocrx_word' id='word_1_706' title='bbox 1957 5018 2121 5074; x_wconf 89' lang='lat' dir='ltr'><strong>Vers.</strong></span> <span class='ocrx_word' id='word_1_707' title='bbox 2150 5020 2237 5072; x_wconf 89' lang='grc'><strong>22.</strong></span> <span class='ocrx_word' id='word_1_708' title='bbox 2261 5015 2335 5072; x_wconf 80' lang='lat' dir='ltr'><strong>Et</strong></span> <span class='ocrx_word' id='word_1_709' title='bbox 2365 5045 2432 5056; x_wconf 94' lang='lat'><strong>—</strong></span> <span class='ocrx_word' id='word_1_710' title='bbox 2459 5013 2649 5070; x_wconf 76' lang='lat' dir='ltr'><strong>illum.</strong></span> <span class='ocrx_word' id='word_1_711' title='bbox 2707 5013 3065 5080; x_wconf 88' lang='lat' dir='ltr'><strong>Assumens,</strong></span> <span class='ocrx_word' id='word_1_712' title='bbox 3114 5011 3230 5068; x_wconf 92' lang='lat' dir='ltr'><strong>hoc</strong></span> <span class='ocrx_word' id='word_1_713' title='bbox 3254 5014 3345 5067; x_wconf 87' lang='lat' dir='ltr'><strong>est</strong></span> <span class='ocrx_word' id='word_1_714' title='bbox 3382 5026 3539 5070; x_wconf 89' lang='lat' dir='ltr'><strong>seor-</strong></span> 
     </span>
    </p>
   </div>
   <div class='ocr_carea' id='block_1_104' title="bbox 1886 5101 3536 5178">
    <p class='ocr_par' dir='ltr' id='par_1_104' title="bbox 1886 5101 3536 5178">
     <span class='ocr_line' id='line_1_104' title="bbox 1886 5101 3536 5178; baseline -0.004 -14"><span class='ocrx_word' id='word_1_715' title='bbox 1886 5108 2000 5164; x_wconf 91' lang='lat' dir='ltr'><strong>sim</strong></span> <span class='ocrx_word' id='word_1_716' title='bbox 2031 5106 2348 5178; x_wconf 89' lang='lat' dir='ltr'><strong>accipiens.</strong></span> <span class='ocrx_word' id='word_1_717' title='bbox 2377 5103 2593 5160; x_wconf 88' lang='lat' dir='ltr'><strong>Audito</strong></span> <span class='ocrx_word' id='word_1_718' title='bbox 2629 5102 2790 5160; x_wconf 88' lang='lat' dir='ltr'><strong>enim</strong></span> <span class='ocrx_word' id='word_1_719' title='bbox 2815 5101 2982 5174; x_wconf 90' lang='lat' dir='ltr'><strong>quod</strong></span> <span class='ocrx_word' id='word_1_720' title='bbox 3016 5101 3342 5158; x_wconf 88' lang='lat' dir='ltr'><strong>moriturus</strong></span> <span class='ocrx_word' id='word_1_721' title='bbox 3359 5103 3536 5170; x_wconf 87' lang='lat' dir='ltr'><strong>esset,</strong></span> 
     </span>
    </p>
   </div>
   <div class='ocr_carea' id='block_1_105' title="bbox 1886 5189 3537 5273">
    <p class='ocr_par' dir='ltr' id='par_1_105' title="bbox 1886 5189 3537 5273">
     <span class='ocr_line' id='line_1_105' title="bbox 1886 5189 3537 5273; baseline -0.003 -20"><span class='ocrx_word' id='word_1_722' title='bbox 1886 5197 2142 5273; x_wconf 83' lang='lat' dir='ltr'><strong>graviter</strong></span> <span class='ocrx_word' id='word_1_723' title='bbox 2193 5194 2323 5252; x_wconf 87' lang='lat' dir='ltr'><strong>tulit</strong></span> <span class='ocrx_word' id='word_1_724' title='bbox 2355 5211 2369 5264; x_wconf 88' lang='lat'><strong>;</strong></span> <span class='ocrx_word' id='word_1_725' title='bbox 2399 5209 2538 5252; x_wconf 89' lang='lat' dir='ltr'><strong>nam</strong></span> <span class='ocrx_word' id='word_1_726' title='bbox 2584 5192 2647 5248; x_wconf 91' lang='lat' dir='ltr'><strong>id</strong></span> <span class='ocrx_word' id='word_1_727' title='bbox 2703 5207 2813 5248; x_wconf 91' lang='lat' dir='ltr'><strong>sua</strong></span> <span class='ocrx_word' id='word_1_728' title='bbox 2853 5189 3152 5263; x_wconf 80' lang='lat' dir='ltr'><strong>divinitate</strong></span> <span class='ocrx_word' id='word_1_729' title='bbox 3216 5189 3537 5273; x_wconf 88' lang='lat' dir='ltr'><strong>indignum</strong></span> 
     </span>
    </p>
   </div>
   <div class='ocr_carea' id='block_1_106' title="bbox 1839 5270 3582 5360">
    <p class='ocr_par' dir='ltr' id='par_1_106' title="bbox 1839 5270 3582 5360">
     <span class='ocr_line' id='line_1_106' title="bbox 1839 5270 3582 5360; baseline 0.023 -68"><span class='ocrx_word' id='word_1_730' title='bbox 1839 5287 1842 5292; x_wconf 93' lang='lat'><strong>.</strong></span> <span class='ocrx_word' id='word_1_731' title='bbox 1886 5270 2138 5360; x_wconf 52' lang='lat' dir='ltr'><strong>Igntavit.</strong></span> <span class='ocrx_word' id='word_1_732' title='bbox 2197 5285 2453 5357; x_wconf 89' lang='lat' dir='ltr'><strong>Ideoque</strong></span> <span class='ocrx_word' id='word_1_733' title='bbox 2522 5281 2704 5356; x_wconf 86' lang='lat' dir='ltr'><strong>quasi</strong></span> <span class='ocrx_word' id='word_1_734' title='bbox 2762 5281 2894 5354; x_wconf 91' lang='lat' dir='ltr'><strong>jam</strong></span> <span class='ocrx_word' id='word_1_735' title='bbox 2940 5274 3184 5354; x_wconf 89' lang='lat' dir='ltr'><strong>sumpta</strong></span> <span class='ocrx_word' id='word_1_736' title='bbox 3239 5270 3536 5354; x_wconf 73' lang='lat' dir='ltr'><strong>libertate,</strong></span> <span class='ocrx_word' id='word_1_737' title='bbox 3580 5321 3582 5324; x_wconf 49' lang='grc' dir='ltr'><strong>μ</strong></span> 
     </span>
    </p>
   </div>
   <div class='ocr_carea' id='block_1_107' title="bbox 1394 5493 2311 5564">
    <p class='ocr_par' dir='ltr' id='par_1_107' title="bbox 1394 5493 2311 5564">
     <span class='ocr_line' id='line_1_107' title="bbox 1394 5493 2311 5564; baseline -0.001 0"><span class='ocrx_word' id='word_1_738' title='bbox 1394 5493 1614 5564; x_wconf 69' lang='lat' dir='ltr'><strong>Variae</strong></span> <span class='ocrx_word' id='word_1_739' title='bbox 1644 5493 1971 5564; x_wconf 87' lang='lat' dir='ltr'><strong>lectiones</strong></span> <span class='ocrx_word' id='word_1_740' title='bbox 2002 5500 2069 5559; x_wconf 90' lang='lat' dir='ltr'><strong>et</strong></span> <span class='ocrx_word' id='word_1_741' title='bbox 2102 5500 2311 5563; x_wconf 55' lang='lat' dir='ltr'><strong>notaec</strong></span> 
     </span>
    </p>
   </div>
   <div class='ocr_carea' id='block_1_108' title="bbox 240 5711 850 5858">
    <p class='ocr_par' dir='ltr' id='par_1_108' title="bbox 240 5711 850 5858">
     <span class='ocr_line' id='line_1_108' title="bbox 240 5711 850 5858; baseline 0.002 -88"><span class='ocrx_word' id='word_1_742' title='bbox 240 5714 364 5858; x_wconf 46' lang='lat'><strong>(25;</strong></span> <span class='ocrx_word' id='word_1_743' title='bbox 393 5711 532 5779; x_wconf 82' lang='grc' dir='ltr'>Ἐτι,</span> <span class='ocrx_word' id='word_1_744' title='bbox 564 5713 752 5771; x_wconf 89' lang='lat' dir='ltr'><strong>abest.</strong></span> <span class='ocrx_word' id='word_1_745' title='bbox 784 5716 850 5770; x_wconf 86' lang='lat' dir='ltr'><strong>A.</strong></span> 
     </span>
     <span class='ocr_line' id='line_1_109' title="bbox 242 5785 821 5858; baseline -0.002 -17"><span class='ocrx_word' id='word_1_746' title='bbox 242 5788 341 5858; x_wconf 73' lang='grc'><strong>(26</strong></span> <span class='ocrx_word' id='word_1_747' title='bbox 398 5785 603 5850; x_wconf 79' lang='grc' dir='ltr'>Δύτοῖς,</span> <span class='ocrx_word' id='word_1_748' title='bbox 633 5785 821 5845; x_wconf 87' lang='lat' dir='ltr'><strong>abest.</strong></span> 
     </span>
    </p>
   </div>
   <div class='ocr_carea' id='block_1_109' title="bbox 242 5785 921 5858">
    <p class='ocr_par' dir='ltr' id='par_1_109' title="bbox 242 5785 921 5858">
     <span class='ocr_line' id='line_1_110' title="bbox 242 5785 921 5858; baseline 0.003 -17"><span class='ocrx_word' id='word_1_749' title='bbox 242 5785 364 5858; x_wconf 72' lang='grc'><strong>(26)</strong></span> <span class='ocrx_word' id='word_1_750' title='bbox 398 5785 603 5850; x_wconf 79' lang='grc' dir='ltr'>Δύτοῖς,</span> <span class='ocrx_word' id='word_1_751' title='bbox 633 5785 821 5845; x_wconf 87' lang='lat' dir='ltr'><strong>abest.</strong></span> <span class='ocrx_word' id='word_1_752' title='bbox 856 5788 921 5843; x_wconf 76' lang='grc' dir='ltr'><strong>Α.</strong></span> 
     </span>
    </p>
   </div>
   <div class='ocr_carea' id='block_1_110' title="bbox 1957 5705 3537 5838">
    <p class='ocr_par' dir='ltr' id='par_1_110' title="bbox 1957 5705 3537 5838">
     <span class='ocr_line' id='line_1_111' title="bbox 1957 5705 3537 5838; baseline -0.006 -69"><span class='ocrx_word' id='word_1_753' title='bbox 1957 5714 2066 5786; x_wconf 84' lang='grc'><strong>(27)</strong></span> <span class='ocrx_word' id='word_1_754' title='bbox 2090 5712 2205 5771; x_wconf 91' lang='lat' dir='ltr'><strong>Sed</strong></span> <span class='ocrx_word' id='word_1_755' title='bbox 2241 5713 2303 5770; x_wconf 92' lang='lat' dir='ltr'><strong>in</strong></span> <span class='ocrx_word' id='word_1_756' title='bbox 2329 5714 2491 5795; x_wconf 80' lang='lat' dir='ltr'><strong>textu</strong></span> <span class='ocrx_word' id='word_1_757' title='bbox 2521 5715 2715 5770; x_wconf 84' lang='lat' dir='ltr'><strong>servat</strong></span> <span class='ocrx_word' id='word_1_758' title='bbox 2739 5705 3344 5784; x_wconf 66' lang='lat' dir='ltr'><strong>vulgatuma‘uxvdm,</strong></span> <span class='ocrx_word' id='word_1_759' title='bbox 3373 5707 3537 5838; x_wconf 51' lang='grc' dir='ltr'>Ἐιιᾶςι</span> 
     </span>
     <span class='ocr_line' id='line_1_112' title="bbox 1957 5781 3533 5838; baseline -0.003 0"><span class='ocrx_word' id='word_1_760' title='bbox 1957 5791 2346 5838; x_wconf 83' lang='lat' dir='ltr'><strong>irvsostomus</strong></span> <span class='ocrx_word' id='word_1_761' title='bbox 2379 5789 2558 5838; x_wconf 81' lang='lat' dir='ltr'><strong>etiam</strong></span> <span class='ocrx_word' id='word_1_762' title='bbox 2587 5783 2783 5838; x_wconf 83' lang='lat' dir='ltr'><strong>habet.</strong></span> <span class='ocrx_word' id='word_1_763' title='bbox 2818 5787 2857 5838; x_wconf 85' lang='lat' dir='ltr'><strong>t.</strong></span> <span class='ocrx_word' id='word_1_764' title='bbox 2887 5781 3002 5838; x_wconf 84' lang='lat' dir='ltr'><strong>VII.</strong></span> <span class='ocrx_word' id='word_1_765' title='bbox 3034 5795 3096 5838; x_wconf 82' lang='lat' dir='ltr'><strong>D.</strong></span> <span class='ocrx_word' id='word_1_766' title='bbox 3127 5781 3227 5838; x_wconf 73' lang='lat'><strong>549</strong></span> <span class='ocrx_word' id='word_1_767' title='bbox 3253 5782 3316 5838; x_wconf 89' lang='lat' dir='ltr'><strong>E.</strong></span> <span class='ocrx_word' id='word_1_768' title='bbox 3339 5783 3369 5837; x_wconf 83' lang='lat'><strong>5</strong></span> <span class='ocrx_word' id='word_1_769' title='bbox 3515 5813 3533 5833; x_wconf 83' lang='lat'><strong>.</strong></span> 
     </span>
    </p>
   </div>
   <div class='ocr_carea' id='block_1_111' title="bbox 1890 5781 3533 5860">
    <p class='ocr_par' dir='ltr' id='par_1_111' title="bbox 1890 5781 3533 5860">
     <span class='ocr_line' id='line_1_113' title="bbox 1890 5781 3533 5860; baseline -0.007 -15"><span class='ocrx_word' id='word_1_770' title='bbox 1890 5781 2346 5860; x_wconf 73' lang='lat' dir='ltr'><strong>Chrysostomus</strong></span> <span class='ocrx_word' id='word_1_771' title='bbox 2379 5785 2558 5844; x_wconf 85' lang='lat' dir='ltr'><strong>etiam</strong></span> <span class='ocrx_word' id='word_1_772' title='bbox 2587 5783 2783 5854; x_wconf 87' lang='lat' dir='ltr'><strong>habet,</strong></span> <span class='ocrx_word' id='word_1_773' title='bbox 2818 5781 2865 5842; x_wconf 71' lang='grc' dir='ltr'>ιζ</span> <span class='ocrx_word' id='word_1_774' title='bbox 2887 5781 3002 5853; x_wconf 89' lang='lat' dir='ltr'><strong>Vll,</strong></span> <span class='ocrx_word' id='word_1_775' title='bbox 3033 5781 3096 5854; x_wconf 87' lang='lat' dir='ltr'><strong>p.</strong></span> <span class='ocrx_word' id='word_1_776' title='bbox 3127 5781 3227 5841; x_wconf 73' lang='lat'><strong>549</strong></span> <span class='ocrx_word' id='word_1_777' title='bbox 3253 5782 3316 5854; x_wconf 89' lang='lat' dir='ltr'><strong>E,</strong></span> <span class='ocrx_word' id='word_1_778' title='bbox 3339 5781 3443 5838; x_wconf 83' lang='lat'><strong>577</strong></span> <span class='ocrx_word' id='word_1_779' title='bbox 3467 5781 3533 5834; x_wconf 77' lang='grc' dir='ltr'>α.</span> 
     </span>
    </p>
   </div>
  </div>
