4176 6426
580 341 682 401 4⁸11

1900 337 2246 396 EUTHYMII
2285 334 2617 394 ZIGABENI

3852 333 3961 393 472

581 482 655 527 eo
684 466 843 541 quod
866 463 1238 523 beatiﬁcatus
1262 466 1417 522 esset
1445 462 1696 522 seorsim
1726 463 2052 537 increpavit
2073 463 2242 521 illum

2351 463 2601 540 ρισθῆναί
2668 462 3032 536 κτησάμενος,
3090 456 3335 515 κατιδίαν
3390 458 3701 535 έπετίμησεν
3791 460 3956 533 αὐτῷ,

580 556 706 615 sive
738 554 1129 629 reprehendit.

651 646 808 703 Scire
836 648 1067 718 oportet
1102 644 1270 717 quod
1310 644 1425 702 hoc
1455 643 1709 700 verbum
1767 642 2049 716 ἕπετίμησε
2106 642 2242 715 (pro

579 752 703 810 quo
716 740 781 792 ut
800 734 1126 808 plurimum
1150 734 1431 789 vertimus
1455 753 1467 793 :
1496 734 1831 803 Increpavit
1858 737 1957 789 aut
1980 733 2244 789 Intermi-

578 832 750 884 natus
775 824 882 898 est)
912 823 1078 896 apud
1124 824 1521 894 evangelistas
1551 823 1853 879 interdum
1880 822 2128 895 quidem
2172 823 2244 879 si-

581 915 825 988 gniﬁcat
873 912 1175 969 silentium
1205 912 1517 985 imponere
1563 912 1688 968 sive
1727 928 1796 968 os
1822 912 2150 977 obstruere,
2179 915 2243 968 ut

580 1006 657 1062 de
685 1005 962 1061 daemone
984 1001 1345 1076 quidicebat
1382 1017 1445 1058 se
1484 1016 1659 1057 nosse
1706 1001 2023 1067 Christum,
2077 1001 2242 1073 quod

579 1099 821 1153 sanctus
865 1091 962 1147 ille
1019 1091 1118 1147 Dei
1156 1095 1328 1148 esset.
1378 1092 1469 1148 Ait
1514 1090 1671 1147 enim
1693 1088 1975 1163 έπετίμησε
2026 1090 2096 1155 ⁸⁵,
2128 1090 2242 1147 hoc

581 1190 667 1242 est
692 1182 1007 1253 increpavit
1026 1180 1217 1245 illum,
1247 1180 1372 1237 sive
1398 1180 1685 1237 silentium
1709 1180 2019 1253 imposuit.
2060 1180 2241 1237 Inter-

581 1272 730 1329 dum
769 1275 970 1329 autem
1056 1269 1355 1335 signiﬁcat
1411 1269 1753 1339 Refrenavit
1810 1269 1931 1325 sive
1982 1270 2243 1338 Impera-

582 1362 805 1432 vit;ut
864 1364 952 1416 est
1002 1358 1147 1415 illud
1204 1358 1479 1431 ἐπετίμησε
1536 1360 1604 1425 ⁸ο,
1651 1358 1711 1414 id
1766 1362 1873 1428 est,
1927 1359 2241 1430 Imperavit

582 1450 768 1510 ventis
797 1454 849 1507 et
901 1448 1075 1514 mari,
1115 1448 1239 1504 sive
1284 1448 1644 1518 Refrenavit.
1680 1447 2053 1521 Quandoque
2102 1462 2243 1505 vero

581 1540 841 1606 denotat,
913 1538 1320 1607 Confirmavit,
1371 1542 1437 1594 ut
1494 1553 1630 1593 cum
1696 1537 1912 1594 dicitur
1962 1536 2242 1609 ἐπετίμησε

2352 558 2539 625 εἶτουν,
2574 552 2863 628 ἐμέμψατο.

2422 647 2537 718 Χρὴ
2604 646 2707 717 γὰρ
2752 646 3050 715 γινώσκειν,
3094 642 3176 695 ὅτι
3217 644 3277 695 τὸ
3331 640 3614 715 έπετίμησε
3660 642 3812 716 παρὰ
3848 648 3963 703 τοῖς

2351 732 2748 805 εὐαγγελιστάς
2822 734 2946 785 ποτε
3157 736 3401 805 σημαίνει
3468 734 3526 785 τὸ
3592 729 3956 804 ἐπεστόμισεν,

2351 825 2420 884 ὡς
2471 822 2553 875 ἰπὶ
2591 830 2684 876 τοῦ
2733 818 2999 895 δαίμονος,
3029 828 3122 874 τοῦ
3161 821 3392 883 εἰπόντος
3440 816 3635 875 εἰδέναι
3683 824 3771 873 τὸν
3830 829 3961 893 Χρι-

2353 915 2499 978 στὸν,
2551 913 2634 965 ὅτι
2686 911 2823 965 έστὶν
2878 913 2904 964 ὁ
2947 911 3092 983 ἅγιος
3138 919 3230 965 τοῦ
3277 916 3424 965 Θεοῦ·
3460 911 3774 983 Ἐπετίμησε
3829 913 3958 986 γὰρ,

2352 1005 2531 1073 γησὶν,
2608 1001 2764 1073 αὐτῷ,
2832 1004 3118 1070 τουτέστιν,
3173 999 3509 1074 ἐπεστόμισεν
3586 1000 3765 1053 αὐτόν·
3832 1002 3959 1054 ποτε

2351 1086 2411 1143 δί
2469 1087 2624 1149 δηλοί
2668 1094 2727 1143 τὸ
2783 1089 3119 1163 έχαλίνωσεν,
3151 1091 3181 1152 ἢ
3228 1089 3484 1156 έπέταξεν,
3518 1092 3588 1152 ὡς
3636 1092 3717 1159 τὸ,
3756 1089 3958 1145 Ἐπετίο

2351 1198 2491 1251 μησε
2543 1186 2649 1241 τοῖς
2705 1178 2910 1251 ἀνέμοις
2971 1184 3061 1232 καὶ
3124 1187 3185 1252 τῇ
3257 1178 3520 1252 θαλάσσῃο
3571 1182 3695 1232 ποτε
3752 1174 3808 1233 δί
3865 1181 3958 1249 τὸ,

2352 1268 2786 1337 κατησφαλίσατο
2816 1278 2861 1335 ,’
2892 1272 2961 1332 ὡς
3024 1272 3082 1321 τὸ
3118 1313 3133 1339 ,
3194 1270 3531 1342 Ἐπετίμησεν
3597 1268 3813 1339 αὐτοῖς,
3874 1268 3962 1321 ἶνα

2351 1354 2542 1429 μηδενὶ
2584 1356 2777 1430 λέγωσι
2832 1362 2950 1430 περὶ
3004 1358 3187 1411 αὑτοῦ·
3251 1361 3373 1412 ποτε
3428 1355 3487 1412 δί
3544 1362 3623 1425 τὸ,
3663 1357 3959 1430 ἐμέμψατο,

2354 1448 2421 1508 ὡς
2480 1454 2635 1500 τοῦτο
2683 1444 2770 1513 δὴ,
2829 1452 2950 1522 περὶ
3007 1444 3067 1500 ὀῦ
3122 1454 3210 1500 νῦν
3259 1449 3286 1501 ὁ
3337 1447 3505 1519 λόγος·
3568 1450 3693 1501 ποτε
3747 1444 3807 1501 δί
3872 1450 3957 1516 τὸ,

2352 1533 2650 1605 έπέπληξεν,
2712 1536 2776 1597 ὣς
2850 1539 2932 1605 τὸ,
3001 1538 3309 1610 Ἐπετίμησε
3371 1545 3442 1608 τῷ
3515 1541 3711 1610 Πέτρῳ,
3784 1539 3959 1599 καθὼς

581 1624 667 1682 eis
688 1626 757 1690 θί,
782 1622 1402 1692 hocestConﬁrmavit
1424 1622 1558 1678 illo:
1583 1621 1759 1677 necui
1777 1622 1851 1678 de
1870 1638 1932 1678 se
1958 1622 2237 1677 dicerent.

2353 1623 2471 1687 ἑξῆς
2524 1622 2910 1684 δηλωθήσεται·
2964 1628 3077 1679 ἔστι
3129 1623 3188 1679 δί
3253 1628 3336 1680 ὅτε
3388 1630 3479 1680 καὶ
3545 1629 3603 1679 τὸ
3678 1625 3952 1695 ἐκώλυσεν,

579 1712 951 1787 Quandoque
1003 1715 1204 1768 autem
1244 1711 1651 1783 Reprehendit,
1708 1714 1773 1767 ut
1798 1716 1885 1768 est
1915 1711 1970 1767 id
2012 1711 2085 1766 de
2116 1726 2239 1784 quo

579 1807 705 1861 erat
726 1818 948 1860 sermo.
979 1800 1281 1857 Interdum
1295 1817 1539 1875 quoque
1572 1801 1914 1871 Increpavit
1940 1799 2031 1856 vel
2050 1800 2241 1857 Corri-

2352 1714 2421 1775 ὡς
2475 1715 2760 1789 εὑρήσομεν
2825 1717 2951 1787 πρὸς
3018 1724 3090 1787 τῷ
3154 1715 3285 1770 τέλει
3355 1723 3447 1769 τοῦ
3521 1722 3953 1791 τεσσαρακοστόῦ

2350 1801 2626 1874 κεφαλαίου
2636 1845 2648 1859 .

582 1895 735 1964 puit,
768 1896 833 1948 ut
864 1894 952 1947 est
984 1890 1133 1947 illud
1174 1890 1452 1963 ὶπετίμησε
1493 1892 1540 1926 θ’
1572 1890 1632 1947 id
1656 1894 1747 1947 est
1795 1890 2131 1961 Increpavit
2180 1889 2450 1961 Petrum,
2485 1897 2547 1950 ut
2578 1893 2775 1950 statim
2797 1898 3229 1964 consequenter
3252 1894 3546 1951 dicemus.
3600 1898 3697 1953 Est
3747 1901 3805 1953 et
3854 1889 3958 1954 ubi

585 1979 896 2051 signiﬁcat,
930 1978 1243 2035 Prohibuit
1274 1981 1345 2050 ”,
1372 1985 1435 2036 ut
1464 1980 1523 2036 in
1550 1979 1669 2035 ﬁne
1694 1978 2148 2054 quadragesimi
2179 1978 2390 2052 capitis
2433 1981 2823 2040 inveniemus.

655 2068 815 2127 Vers.
872 2069 962 2125 22.
1015 2070 1229 2126 Dicens
1269 2098 1339 2111 —
1396 2069 1502 2126 hoc
1547 2071 1855 2142 Tanquam
1914 2068 2237 2126 consulens

582 2158 699 2216 hoc
723 2158 823 2229 ait,
838 2163 901 2215 ut
924 2157 1223 2229 ingenuus
1251 2157 1481 2215 amicus
1506 2157 1634 2230 (bb).
1668 2158 1841 2225 Quod
1869 2162 2071 2215 autern
2101 2157 2241 2214 dici-

585 2252 679 2306 tur
706 2247 1002 2321 Propitius
1033 2247 1146 2304 tibi
1170 2247 1265 2314 sit,
1298 2252 1586 2305 consueto
1627 2264 1794 2305 more
1823 2247 2080 2303 lomutus
2105 2251 2195 2303 est
2226 2260 2241 2304 :

584 2337 769 2395 moris
798 2337 959 2394 enim
986 2342 1109 2393 erat
1132 2336 1248 2393 hoc
1278 2336 1474 2393 dicere
1505 2352 1665 2405 eum,
1700 2337 1803 2409 qui
1830 2335 2244 2409 indignaretur

584 2428 913 2485 absurdum
964 2425 1278 2499 quidpiam
1328 2425 1565 2489 dicenti,
1590 2430 1655 2481 ut
1681 2442 1695 2481 ε
1725 2425 2023 2497 PrOpitius
2044 2424 2148 2480 tibi
2171 2423 2245 2479 sit

584 2516 739 2573 Deus
766 2515 845 2573 ob
863 2516 1040 2571 talem
1057 2530 1417 2571 sermonem.
1443 2514 1507 2569 Id
1540 2530 1683 2571 vero
1705 2514 1869 2587 quod
1886 2513 2050 2570 addit
2081 2513 2245 2569 :Non

584 2606 699 2665 erit
726 2605 830 2662 tibi
853 2606 980 2672 hoc,
1011 2603 1387 2661 tantumdem
1413 2607 1502 2660 est
1528 2618 1598 2660 ac
1619 2603 1671 2661 si
1700 2603 1922 2660 diceret
1957 2620 1970 2659 :
2000 2606 2079 2660 Ne
2105 2617 2246 2661 con-

586 2684 774 2764 tingat
811 2693 917 2749 tibi
946 2693 1058 2749 hoc
1078 2692 1245 2764 quod
1266 2690 1437 2749 dicis.

661 2782 920 2837 Vers.23.
952 2780 1025 2835 At
1055 2779 1756 2840 itte—Satana.Marcus
1783 2784 1984 2838 autem
2014 2780 2242 2853 dixit",

586 2869 754 2945 quod
772 2885 1096 2926 conversus
1125 2872 1182 2926 et
1211 2869 1459 2926 intuitus
1503 2870 1827 2943 discipulos
1866 2886 2028 2935 suos,
2061 2869 2247 2929 incre-

586 2959 756 3033 pavit
793 2959 916 3015 sive
968 2957 1248 3031 corripuit
1293 2959 1545 3016 Petrum.
1593 2960 1821 3017 Etenim
1870 2960 2053 3017 voluit
2114 2960 2245 3020 illos

587 3067 831 3125 quoque
876 3049 1347 3123 increpationem
1396 3052 1602 3110 audire
1658 3068 1729 3111 ac
1790 3053 2085 3124 castigari,
2140 3053 2244 3128 qui

586 3138 749 3200 idem
786 3140 952 3216 quod
1008 3139 1210 3197 Petrus
1263 3140 1659 3213 patiebantur.
1730 3141 2017 3201 Satanam
2043 3148 2245 3201 autem
2276 3138 2323 3199 Ο

586 3246 724 3289 eum
750 3234 943 3297 vocat,
976 3231 1150 3304 quasi
1173 3230 1232 3287 in
1258 3230 1373 3288 hoc
1399 3231 1683 3290 Satanam
1709 3233 2244 3306 imitantem,quod

585 3319 881 3379 Christum
910 3319 1101 3378 occidi
1127 3319 1391 3379 nolebat.
1426 3321 1730 3396 Siquidem
1755 3339 1952 3396 neque
1992 3324 2245 3379 Satanas

585 3409 877 3467 Christum
908 3408 1094 3467 occidi
1118 3408 1375 3475 volebat,
1406 3415 1471 3468 ut
1527 3411 1844 3468 mendaces
1900 3411 2245 3468 viderentur

582 3499 911 3573 prophetim
943 3515 1078 3573 quae
1110 3498 1184 3554 de
1215 3505 1405 3556 morte
1461 3499 1588 3571 ejus
1640 3500 2055 3573 loquebantur,
2084 3506 2140 3557 et
2170 3516 2243 3557 ne

585 3604 747 3646 mors
809 3588 1005 3645 carnis
1056 3587 1238 3657 hujus
1298 3587 1465 3643 ﬁeret
1513 3602 1676 3644 mors
1716 3605 1841 3644 sum
1893 3589 2240 3659 potestatis:

584 3692 927 3750 quanquam
940 3676 1070 3747 ipse
1082 3674 1323 3748 propria
1336 3673 1528 3732 victus
1543 3675 1761 3733 malitia
1772 3677 1799 3731 J
1811 3676 2008 3733 udzeos
2022 3676 2100 3734 ad
2113 3678 2242 3749 ejus

586 3764 815 3822 eaedem
843 3763 1127 3821 incitavit.

657 4028 857 4088 Potest
888 4031 1087 4087 autem
1128 4032 1185 4089 et
1222 4029 1389 4088 aliter
1430 4029 1568 4101 dici,
1608 4033 1773 4106 quod
1812 4034 1957 4107 quia
1988 4034 2241 4095 Satanas

585 4118 969 4200 adversarius
997 4118 1231 4191 dicitur,
1265 4123 1465 4179 Petrus
1496 4126 1696 4179 autem
1728 4124 2052 4197 prohibens
2082 4127 2241 4183 Chri-

587 4212 743 4267 stum
763 4210 935 4275 mori,
960 4226 1079 4267 non
1094 4208 1516 4285 sequebaturej
1530 4228 1597 4268 us
1610 4212 1975 4272 voluntatem
2004 4216 2107 4273 sed
2135 4217 2241 4273 ad-

584 4298 945 4368 versabatur,
971 4299 1114 4357 aitei
1129 4282 1427 4357 Salvator:
1444 4282 1559 4357 A'bi
1580 4308 1705 4371 post
1724 4318 1834 4371 me,
1858 4305 2105 4377 Satana,
2122 4304 2237 4361 hoc
2270 4282 2315 4339 Ῑ)

592 4393 682 4450 est
713 4412 725 4447 :
760 4391 1019 4465 Sequere
1045 4405 1161 4458 me,
1197 4388 1562 4449 adversaria.

660 4604 818 4659 Vers.
850 4602 940 4659 23.
970 4600 1284 4660 Obstacuto
1309 4604 1462 4663 mihi
1497 4620 1581 4665 es.
1644 4607 2079 4681 lmpedimento
2136 4607 2244 4665 mi-

591 4692 741 4758 hies,
776 4691 1154 4748 adverserius
1171 4708 1319 4751 mea
1332 4694 1639 4754 voluntati.
1658 4697 1878 4753 Deinde
1894 4696 2037 4753 dicit
2060 4698 2242 4756 etiam

593 4797 840 4840 causam
868 4785 1107 4853 propter
1129 4798 1316 4855 quam
1361 4786 1812 4843 adversabatur.

662 4872 826 4927 Vers.
856 4870 945 4926 23.
982 4871 1131 4939 Quia
1157 4902 1221 4914 —
1250 4872 1557 4931 hominum.
1590 4877 1727 4945 Hoc,
1757 4874 1968 4947 inquit,
1998 4876 2238 4948 pateris,

591 4960 735 5034 quia
757 4974 878 5016 non
889 4960 1091 5018 divino
1105 4961 1208 5019 sed
1230 4962 1503 5021 humano
1525 4961 1711 5019 modo
1737 4964 1919 5035 sapis.
1937 4965 2163 5021 Etenim
2190 4965 2241 5021 si

591 5049 796 5117 divina
820 5055 1111 5123 gustares,
1144 5051 1344 5125 utique
1373 5052 1624 5124 dignum
1662 5067 1757 5109 me
1807 5052 2110 5125 judicares
2140 5054 2240 5127 qui

2422 2075 2599 2143 Λέγων
2679 2103 2749 2115 —
2824 2080 2978 2126 τοῦτο
3019 2112 3036 2132 .
3123 2072 3485 2147 Συμϐουλεύων
3566 2070 3723 2135 δῆθεν
3801 2081 3959 2130 τοῦτό

2351 2180 2502 2232 φησι,
2543 2163 2613 2224 ὡς
2662 2166 2893 2234 γνήσιος.
2944 2166 3014 2215 Τὸ
3059 2164 3149 2234 μεν
3199 2159 3287 2215 οὖν
3332 2162 3475 2225 ἵλεώς
3524 2183 3629 2227 σοι,
3661 2168 3799 2219 κατὰ
3839 2185 3962 2219 συνο

2351 2251 2529 2307 ήθειαν
2597 2254 2795 2325 εἴρηκεν
2871 2254 2981 2313 ἔθος
3059 2254 3158 2325 γὰρ
3246 2248 3346 2315 ἧν,
3413 2254 3567 2306 τοῦτὸ
3639 2253 3801 2325 λέγειν
3866 2258 3955 2307 τὸν

2350 2345 2669 2412 μεμφόμενον
2704 2361 2807 2393 τινι
2859 2341 3051 2395 εἰπόντι
3101 2342 3221 2413 (28)
3266 2342 3579 2418 παράλογον,
3606 2342 3731 2409 οἷον,
3783 2343 3951 2404 Ἵλεώς

2355 2446 2440 2481 σοι
2496 2432 2626 2490 Θεὸς
2680 2432 2779 2495 εἴη,
2835 2432 2994 2484 ἕνεκεν
3051 2438 3145 2483 τοῦ
3174 2434 3413 2485 τοιούτου
3457 2432 3621 2503 λόγου·
3663 2434 3720 2483 τὸ
3757 2428 3835 2495 δε,
3866 2431 3944 2484 Οὐ

2351 2522 2422 2588 μὴ
2454 2519 2602 2570 ἔσται
2618 2519 2731 2592 (29)
2752 2539 2834 2572 σοι
2856 2526 3025 2588 τοῦτο,
3056 2518 3170 2574 ἀντι
3197 2528 3308 2588 τοῦ,
3333 2526 3416 2581 Μὴ
3442 2524 3635 2596 γένοιτό
3662 2540 3747 2575 σοι
3765 2527 3945 2593 τοῦτο,

2353 2607 2379 2658 ὃ
2404 2605 2588 2679 λέγεις.

2421 2909 2481 2965 Ὀ
2535 2908 2595 2966 δί
2641 2943 2711 2956 -
2762 2918 2982 2970 Σατανᾶ.
3050 2916 3265 2991 Μάρκος
3330 2912 3391 2970 δέ
3447 2936 3625 2991 φησιν,
3683 2920 3784 2987 ὅτι,
3848 2918 3956 2973 έπιο

2354 3007 2621 3076 στραφεὶς,
2668 3007 2758 3057 καὶ
2808 2999 2934 3055 ἰδὼν
2976 3007 3093 3065 τοὺς
3135 3007 3377 3078 μαθητὰς
3433 3008 3613 3075 αὐτοῦ,
3673 3008 3959 3082 ἐπετίμησε

2352 3099 2425 3163 τῷ
2484 3096 2681 3167 Πέτρῳ,
2732 3093 2915 3164 incus,
2948 3091 3219 3158 ἐπέπληξε.
3278 3100 3378 3149 Καὶ
3427 3099 3524 3169 γὰρ
3576 3097 3795 3155 ἠθέλησε
3847 3098 3953 3150 κὰ-

2353 3184 2552 3243 κείνους
2596 3179 2820 3235 ἀκοῦσαι
2866 3190 2963 3243 τῆς
3027 3182 3364 3253 ἐπιπλήξεως,
3417 3190 3506 3238 καὶ
3584 3190 3957 3262 σωφρονισθῆ-

2352 3288 2468 3338 ναι,
2523 3272 2826 3342 παθόντας,
2878 3272 3001 3344 ὅπερ
3048 3274 3073 3325 ὀ
3133 3279 3340 3346 Πέτρος,
3397 3280 3623 3328 Σατανᾶν
3680 3272 3739 3329 δί
3797 3277 3956 3330 αὑτὸν

2353 3358 2638 3432 ὠνόμασεν,
2696 3363 2765 3423 ὡς
2818 3365 3131 3435 μιμούμενον
3196 3370 3285 3417 τὸν
3349 3372 3604 3434 Σατανᾶν,
3657 3365 3705 3419 ἓν
3760 3375 3833 3438 τῷ
3882 3387 3954 3440 μη

2356 3448 2512 3502 θέλειν
2567 3448 2900 3525 ἀναιρεθῆναι
2953 3455 3039 3503 τόν
3112 3458 3365 3528 Χριστόν.
3439 3460 3537 3508 Καὶ
3594 3458 3695 3529 γὰρ
3748 3453 3863 3509 οὐδ’
3930 3457 3957 3509 ὁ

2354 3544 2581 3601 Σατανᾶς
2624 3538 2797 3597 ἤθελεν
2846 3542 3178 3616 ἀναιρεθῆναι
3230 3543 3402 3612 αὐτὸν,
3440 3544 3521 3594 ἵνα
3578 3552 3779 3615 φανῶσι
3830 3545 3957 3616 ψευ-

2354 3623 2463 3689 δεῖς
2517 3628 2571 3679 αἱ
2630 3633 2747 3703 περὶ
2791 3637 2884 3682 τοῦ
2934 3632 3152 3683 θανάτου
3182 3630 3341 3681 αὐτοῦ
3388 3637 3716 3701 προγητεῖαι,
3749 3638 3836 3685 καὶ
3869 3636 3954 3685 ἵνα

2350 3721 2421 3789 μὴ
2451 3717 2476 3768 ὁ
2511 3718 2727 3779 θάνατος
2748 3726 2840 3782 τῆς
2886 3721 3065 3770 τούτου
3098 3720 3289 3786 σαρκὸς
3335 3719 3551 3780 θάνατος
3586 3722 3798 3789 γένηται
3851 3729 3913 3780 τῦ
3926 3740 3950 3782 ς

2351 3804 2511 3858 αὐτοῦ
2554 3803 2837 3880 δυνάμεως,
2876 3805 2919 3860 εἰ
2947 3810 3036 3859 καὶ
3084 3805 3239 3868 αὐτὸς
3273 3810 3391 3868 τοὺς
3430 3804 3722 3871 Ἰουδαίους
3761 3808 3833 3871 εἰς
3859 3812 3948 3862 τὸν

2349 3898 2483 3948 κατὰ
2524 3902 2615 3948 τοῦ
2668 3904 2903 3971 Σωτῆρος
2951 3900 3097 3969 γόνον
3146 3898 3459 3972 παρέθησγεν,
3493 3897 3592 3950 ὑπὸ
3638 3904 3732 3961 τῆς
3764 3900 3953 3952 εαυτοῦ

2348 3988 2535 4048 κακίας
2557 3991 2852 4058 νικώμενος.

2420 4073 2570 4128 Ἔστι
2631 4071 2689 4127 δι
2735 4079 2825 4127 καί
2864 4072 3046 4149 ἑτέρως
3104 4074 3280 4143 εἰπεῖν,
3322 4077 3399 4129 ὅτι
3438 4074 3545 4130 ἐπεὶ
3588 4084 3814 4141 Σατανᾶς
3860 4082 3955 4152 μὶν

2350 4165 2375 4215 ὁ
2430 4161 2775 4236 ἀντικείμενος
2838 4164 3189 4237 ἑρμηνεύεται,
3233 4170 3425 4242 Πέτρος
3472 4162 3549 4231 δὲ,
3599 4166 3807 4219 κωλύων
3865 4173 3959 4222 τὸν

2350 4256 2581 4326 Χριστὸν
2653 4251 2947 4319 ἀποθανεῖν,
3009 4254 3103 4306 οὐκ
3176 4256 3481 4314 ἠκουλούθει
3553 4263 3624 4309 τῶ
3703 4256 3961 4330 θελήματι

2350 4342 2531 4411 αὐτοῦ,
2590 4340 2699 4393 ἀλλ’
2764 4341 3040 4411 ἁντέκειτο,
3090 4348 3220 4416 φησί
3273 4348 3402 4419 πρὸς
3462 4343 3615 4397 αὐτὸν
3668 4346 3693 4398 ὁ
3749 4352 3957 4420 Σωτήρ·

2348 4430 2543 4503 Ὕπαγε
2595 4430 2764 4484 ὀπίσω
2826 4451 2945 4504 μου,
2998 4439 3214 4501 Σατανᾶ,
3278 4438 3562 4505 τουτέστιν,
3619 4433 3964 4490 Ἀκουλούθει

2349 4539 2459 4594 μοι,
2493 4518 2824 4594 ἀντικείμενε.

2422 4607 2715 4663 Σκάνδαλόν
2763 4629 2864 4684 μου
2923 4609 2984 4664 εἶ.
3047 4607 3331 4684 Ἐμπόδιόν
3372 4632 3474 4683 μου
3518 4620 3606 4664 νῦν
3672 4614 3957 4687 ὑπάρχεις,

2352 4699 2690 4773 ἀντικείμενος
2718 4709 2789 4771 τῷ
2812 4699 2917 4773 έμῷ
2944 4700 3211 4773 θελήματι.
3238 4698 3363 4754 Εἶτα
3379 4700 3511 4774 λέγει
3534 4706 3623 4755 καὶ
3642 4707 3734 4762 τὴν
3754 4703 3956 4773 αἰτίαν,

2352 4786 2424 4842 δι’
2447 4792 2508 4848 ἦν
2535 4789 2790 4843 ἁντέκειτο
2805 4836 2815 4847 ,

2420 4875 2537 4930 Ὀτι
2594 4908 2658 4918 -
2718 4876 3017 4952 ἀνθρώπων.
3077 4885 3260 4943 Τοῦτο,
3313 4883 3462 4951 φησὶ,
3514 4882 3765 4951 πάσχεις,
3810 4878 3961 4937 διότι

2349 4966 2408 5019 οὐ
2466 4973 2661 5039 φρονεῖς
2732 4969 2929 5033 θεῑκῶς,
2992 4966 3099 5019 ἀλλ’
3171 4967 3517 5041 ἀνθρωπίνως.
3576 4969 3635 5021 Εἰ
3698 4972 3787 5043 μεν
3850 4975 3959 5046 γὰρ

2350 5054 2572 5129 έφρόνεις
2625 5052 2753 5124 θεῖα,
2825 5054 3033 5120 ἀνάξιόν
3087 5076 3188 5130 μου
3244 5059 3486 5130 ἐνόμισας
3526 5058 3585 5110 ἄν
3630 5062 3689 5111 τό
3716 5062 3787 5133 μὴ
3818 5058 3962 5114 ἁπο-

664 5177 913 5259 ⁸⁹Ματα
959 5196 996 5247 ι,
1038 5181 1127 5235 25.
1208 5177 1257 5214 ὀ
1296 5175 1495 5248 Matth,
1554 5190 1677 5242 vm,
1726 5177 1816 5234 26.
1895 5178 1939 5214 ἰ
1996 5179 2171 5235 Marc.
2231 5194 2346 5251 vm,
2393 5180 2481 5238 30.
2560 5183 2608 5218 θ’
2657 5180 2803 5237 ibid.
2869 5185 2957 5239 33.
3038 5183 3084 5219 "
3125 5182 3332 5241 Matth.
3376 5199 3501 5250 xxx,
3534 5184 3621 5241 t3.
3700 5184 3961 5259 "Marc.

588 5263 708 5320 Viti,
736 5251 826 5308 33.

1843 5347 2061 5417 Varia:
2106 5347 2432 5421 lectiones
2482 5360 2547 5421 et
2586 5362 2789 5419 notae.

662 5492 779 5569 (28)
822 5491 991 5569 Forte
1042 5488 1139 5547 hic
1196 5486 1427 5562 excidit,
1456 5508 1531 5548 τι.
1576 5488 1812 5550 Videtur
1863 5486 1924 5551 id
1956 5494 2243 5569 reperisse

588 5564 935 5623 Hentenius.

652 5689 785 5786 .(bb)
813 5660 1057 5751 Videtur
1090 5687 1325 5781 legisse,
1358 5689 1421 5754 ὡς
1448 5696 1659 5769 γνήσιος
1690 5691 1851 5769 3900c-

2358 5464 2369 5499 ⁵
2423 5496 2536 5572 (29)
2568 5498 2675 5570 Σόι,
2707 5496 2939 5558 omittit.
2965 5498 3029 5558 Β.
