4176 6436
352 405 464 462 473
1287 410 1660 472 COMMENT.
1708 410 1782 467 ΙΝ
1820 404 2001 470 MAN

2068 408 2275 469 )EUM.
2316 445 2386 456 —
2422 416 2582 475 CAP.
2630 417 2781 475 XVI.
3611 412 3717 469 474

359 533 528 586 θανεῖν
581 550 647 604 με
730 532 855 607 ὗπὶρ
937 541 1028 588 τοῦ
1100 537 1301 610 κόσμον
1378 554 1392 568 ·
1453 537 1559 592 επεὶ
1640 535 1701 593 δι
1755 532 2008 612 φρονεῖςλ

2066 542 2285 599 moriar
2303 556 2414 615 pro
2429 544 2650 600 mundo
2673 544 2844 616 :qnia
2854 557 2998 599 vero
3019 542 3289 599 humana
3308 539 3503 613 sapis,
3517 538 3715 612 potius

356 620 677 696 ἀνθρώπινα,
749 620 952 687 ἀνάξιόν
1008 644 1108 697 μου
1185 631 1372 703 κρίνεις
1426 627 1615 702 μᾶλλον
1662 632 1721 682 τὸ
1760 628 1953 682 ἀποθα-

1520 628 1615 682 ιλον
1662 632 1721 682 τὸ
1760 628 1953 682 ἀποθα-
2061 630 2379 703 indignum
2410 648 2506 689 me
2526 632 2768 705 judicas
2796 634 2901 706 qui
2930 632 3169 691 moriar.

350 718 455 765 νεῖν
484 729 566 784 με.

424 803 495 854 Σὺ
524 796 588 853 δέ
630 819 722 873 μοι
770 800 927 874 βλέπε
970 806 1059 856 τόν
1106 808 1206 879 πρὸ
1259 814 1450 881 μικροῦ
1498 808 1699 881 μεγάλα
1734 828 1954 883 μακαρι-

2132 831 2214 886 Tu
2232 845 2374 887 vero
2406 829 2551 887 mibi
2574 829 2883 887 considera
2915 844 3051 885 eum
3078 827 3180 900 qui
3206 826 3389 899 paulo
3419 830 3556 883 ante
3588 840 3712 882 ma-

359 890 596 963 ζόμενον,
662 895 752 942 νῦν
816 892 1017 964 μεγάλα
1067 892 1521 969 έπιπληττόμενον,
1583 897 1655 960 εἰς
1701 918 1955 951 καταστο⁸

2067 918 2221 975 xime
2251 918 2461 975 beatus
2489 920 2844 991 praedicatus
2863 923 2966 985 est,
3000 933 3153 973 nunc
3172 916 3431 972 maxime
3448 916 3716 988 increpa-

350 979 444 1037 λήν
495 998 553 1033 τε
612 988 710 1041 τῆς
788 980 1088 1056 παρῥησίας
1162 985 1344 1053 αὐτοῦ,
1397 991 1486 1040 καὶ
1548 989 1630 1040 ἵνα
1681 990 1850 1061 μάθῃς
1895 991 1953 1041 τό

2065 1012 2209 1072 tum,
2238 1013 2293 1065 et
2319 1009 2395 1064 ad
2417 979 2851 1081 correptionem
2874 979 2993 1063 suae
3015 1006 3304 1070 audacia,
3332 1010 3392 1062 et
3418 1009 3482 1061 ut
3505 979 3714 1061 intelli-

354 1067 836 1141 ἀπροσωπό).ηπτον
883 1078 974 1124 τοῦ
1026 1080 1277 1149 Σωτῆρος.
1328 1074 1451 1129 Ὀτι
1494 1079 1584 1149 μεν
1633 1079 1735 1150 γὰρ
1794 1077 1955 1151 ὀρθῶς

2067 1112 2171 1168 gas
2185 1096 2345 1171 quod
2362 1100 2629 1155 Salvator
2640 1113 2760 1153 non
2775 1097 2849 1153 sit
2862 1112 3252 1169 personarum
3266 1099 3571 1167 acceptor;
3586 1109 3716 1149 cum

353 1160 576 1232 εἴρηκεν,
622 1156 960 1235 ἕμακάρεισεν
998 1161 1153 1215 αὐτόν
1198 1180 1213 1194 ο
1247 1166 1329 1218 ὅτε
1372 1161 1432 1219 δι
1462 1166 1558 1218 οὐκ
1600 1166 1765 1242 ὀρθῶς
1795 1164 1949 1235 εἶπεν,

2064 1156 2225 1243 enini
2250 1191 2406 1243 recte
2434 1187 2666 1244 locutus
2703 1191 2813 1252 est,
2848 1156 3085 1242 beatum
3124 1184 3467 1258 praedicavit
3498 1182 3665 1239 illum
3698 1200 3711 1249 ;

351 1246 623 1312 ἐπέπληξε.
687 1253 786 1302 Καὶ
850 1248 1015 1324 ὀρθῶς
1059 1255 1150 1325 μὶν
1226 1257 1447 1330 εἴρηκεν,
1504 1258 1553 1309 έν
1618 1258 1691 1318 οἷς
1749 1256 1952 1311 ἀποκά-

2065 1275 2304 1347 quando
2331 1281 2524 1333 autem
2554 1292 2672 1333 non
2694 1280 2871 1340 recte,
2893 1275 3246 1348 increpavit.
3274 1277 3445 1330 Recte
3469 1271 3714 1346 quidem

353 1335 509 1406 λυψιν
555 1335 995 1438 θεόθεννέδέξατο
1030 1361 1043 1375 ·
1102 1342 1196 1396 οὐκ
1246 1343 1413 1421 ὀρθῶς
1465 1341 1525 1401 δι
1579 1343 1733 1413 εἶπεν,
1790 1345 1837 1400 έν
1881 1346 1954 1409 οἷς

2065 1364 2297 1421 locutus
2314 1366 2470 1422 estin
2490 1365 2580 1421 his
2595 1381 2731 1438 quae
2750 1380 2855 1438 per
2869 1364 3289 1421 revelationem
3315 1362 3597 1419 divinitus
3619 1377 3714 1418 ac-

352 1428 551 1480 οῖκοθεν
580 1425 880 1501 ἐφθέγξατο.

2067 1456 2218 1528 cepit
2250 1472 2264 1523 ;
2302 1472 2423 1511 non
2472 1462 2629 1512 recte
2664 1472 2801 1512 vero
2832 1455 3067 1512 locutus
3099 1459 3207 1523 est,
3254 1454 3315 1511 in
3338 1448 3452 1509 ‘his
3503 1467 3635 1525 quae
3680 1466 3716 1509 a

2061 1546 2255 1619 seipso
2287 1546 2449 1601 dixit.

418 1627 550 1677 Τότε
607 1654 679 1665 -
739 1643 851 1696 μοι.
907 1627 1116 1701 Μάρκος
1169 1624 1229 1682 δὲ
1274 1634 1365 1684 καὶ
1425 1636 1625 1694 Λουκᾶς
1679 1654 1808 1707 φασι
1863 1638 1952 1687 καὶ
2072 1658 2075 1661 λ
2133 1631 3715 1691 νοτε.24.Τιιηο-ηιε.Μο,ι·ουεοῑιυοαεειίιιηιοῐίεω

345 1716 479 1787 πρὸς
529 1715 618 1765 τόν
697 1713 876 1786 ὄχλον,
948 1720 1039 1769 καὶ
1092 1716 1263 1782 ἁπλῶς
1340 1723 1466 1795 πρὸς
1533 1724 1732 1786 πάντας
1786 1731 1954 1777 ταῦτα

2065 1723 2141 1782 ad
2180 1724 2387 1781 turbas
2417 1730 2473 1780 et
2512 1723 2856 1796 simpliciter
2888 1723 2967 1779 ad
3010 1737 3220 1777 omnes
3256 1722 3381 1776 haec
3425 1720 3591 1775 illum
3630 1719 3714 1775 di-

346 1801 509 1856 εἱπεῖν
562 1801 737 1857 αὐτόν.
784 1800 908 1857 Eius
960 1802 1021 1859 δε
1066 1814 1233 1860 ταῦτα
1285 1807 1528 1882 βεϐαιῶν,
1579 1814 1659 1865 ὅτι
1712 1813 1769 1865 οὐ
1799 1818 1952 1887 μόνον

2065 1814 2221 1869 xisse
2250 1814 2319 1868 ".
2366 1814 2514 1869 Dixit
2545 1818 2744 1869 autem
2772 1812 2922 1876 haec,
2967 1810 3329 1867 conﬁrmans
3358 1824 3478 1864 non
3518 1808 3714 1865 solum

344 1890 439 1941 οὐκ
484 1893 627 1943 ἶστιν
677 1890 899 1965 ἁπρεπὶς
976 1897 1035 1947 τό
1094 1895 1364 1951 ἀποθανεῖν
1431 1899 1604 1968 αὐτὸν,
1671 1900 1779 1955 ἀλλ’
1829 1890 1993 1956 οὐδε]

2065 1919 2185 1959 non
2228 1918 2359 1959 esse
2420 1901 2704 1958 indecens
2749 1906 2813 1957 ut
2854 1902 2980 1973 ipse
3025 1897 3330 1967 moriatur,
3376 1898 3481 1954 sed
3519 1913 3714 1972 neque

348 1975 576 2032 δύναταί
604 2001 682 2042 τις
712 1979 842 2034 εἶναι
897 1983 1057 2037 αὐτοῦ
1106 1988 1369 2059 μαθηηὴς,
1426 1988 1509 2041 έὰν
1561 1996 1633 2063 μὴ
1681 1996 1769 2044 καὶ
1800 1992 1955 2055 αὐτὸς

2065 2010 2241 2066 posse
2266 1994 2613 2066 quempiam
2638 2008 2815 2047 suum
2842 2007 2973 2048 esse
3003 1990 3381 2063 discipulum,
3406 1989 3517 2045 nisi
3543 1994 3599 2045 et
3618 1988 3714 2045 ille

354 2066 583 2143 ἀποθάνῃ
645 2071 771 2146 ὑπὲρ
810 2080 902 2125 τοῦ
956 2074 1135 2131 καλοῦ.
1199 2080 1259 2131 Ei
1310 2098 1384 2138 νις
1434 2081 1556 2153 γὰρ,
1620 2086 1772 2152 φησὶ,
1823 2082 1952 2135 θέλει

2066 2085 2354 2140 moriatur
2380 2098 2488 2156 pro
2510 2083 2763 2139 honesto
2792 2099 2805 2137 :
2832 2082 2899 2139 Si
2918 2082 3067 2154 quis,
3095 2081 3306 2153 inquit,
3330 2081 3457 2137 vult
3484 2085 3715 2149 postme

365 2155 526 2210 ὀπίσω
592 2179 689 2232 μου
769 2159 948 2232 ἰλθεῖν,
1025 2167 1207 2236 ἤγουν,
1292 2165 1649 2228 ἀκολουθῆσαί
1700 2190 1809 2243 μοι,
1888 2173 1953 2232 ὡς

2062 2174 2411 2241 venire,sive
2425 2172 2592 2246 sequi
2608 2187 2701 2227 me
2715 2176 3005 2243 tanquam
3020 2170 3345 2242 discipulus
3358 2169 3705 2235 etimitator,

365 2247 598 2335 μαθητης
651 2254 741 2302 καὶ
819 2256 1076 2325 μιμητὴς,
1132 2253 1529 2329 ἀπαρνησάσθω
1583 2259 1761 2312 ἑαυτὸν
1815 2261 1950 2335 (30),

2061 2263 2303 2334 abneget
2319 2261 2835 2334 semetipsumﬁico
2851 2276 2994 2317 sane
3009 2260 3098 2315 sui
3113 2259 3305 2331 ipsius
3319 2258 3706 2323 voluntatem;

362 2334 494 2426 λέγω
518 2332 601 2402 δή,
653 2342 711 2390 τό
756 2337 943 2394 ἑαυτοῦ
998 2341 1213 2415 θέλημα,
1269 2349 1327 2398 τό
1377 2344 1673 2419 φιλήδονον,
1721 2352 1779 2401 τὸ
1812 2332 1950 2423 φιλό-

2058 2332 2591 2426 νοιυιηρίαὶιιωήοο
2612 2353 2747 2407 vitm
2764 2365 3054 2414 amorem,
3074 2353 3177 2406 aut
3202 2364 3375 2403 suum
3398 2348 3707 2420 proprium

352 2425 500 2495 ζωον,
534 2429 565 2485 ἦ
597 2429 656 2479 τὸ
701 2426 888 2481 ἑαυτοῦ
946 2439 1118 2504 σῶμα,
1166 2438 1237 2505 μὴ
1292 2433 1591 2508 φειδόμενος
1642 2438 1799 2491 αὐτοῦ
1848 2459 1946 2491 κα-

2060 2458 2294 2515 corpus,
2316 2456 2436 2498 non
2451 2457 2700 2515 parcens
2712 2440 2793 2495 illi
2805 2438 3100 2496 laboranti
3112 2442 3169 2494 et
3180 2438 3398 2500 afﬁcto,
3414 2436 3552 2492 sede
3564 2452 3709 2509 xpo-

339 2520 706 2604 κουχουμένου
748 2523 838 2570 καὶ
883 2516 1321 2591 βασανιζομένου,
1369 2524 1476 2578 ἀλλ’
1526 2524 1773 2592 ἐκδιδοὺς
1820 2529 1945 2583 αὐτὸ

2061 2537 2161 2589 nat
2196 2532 2340 2588 illud
2368 2531 2645 2604 periculis
2678 2547 2691 2597 ;
2725 2537 2780 2586 et
2810 2530 2980 2585 tollat
3006 2542 3235 2585 crucem
3263 2543 3451 2594 suam,
3486 2527 3609 2582 sive
3630 2526 3710 2582 ἴου

336 2600 603 2666 κινδύνοις
663 2622 677 2636 ·
736 2612 826 2661 καὶ
878 2607 1052 2683 ἀράτω
1121 2615 1207 2664 τὸν
1258 2619 1481 2688 σταυρὸν
1550 2617 1730 2685 αὐτοῦ,
1785 2622 1944 2691 ἤγουν

2058 2622 2218 2679 ratin
2232 2600 2523 2679 memoria
2534 2636 2706 2677 suam
2723 2623 2996 2676 mortem.
3012 2618 3120 2675 Per
3130 2632 3367 2674 crucem
3383 2617 3539 2672 enim
3558 2630 3707 2672 mor-

340 2692 663 2767 βασταζέτω
721 2694 805 2749 έπὶ
854 2704 1064 2771 μνήμης
1130 2705 1225 2760 τὴν
1280 2701 1542 2779 ἀναίρεσιν
1595 2706 1799 2761 ἑαυτοῦ.
1851 2712 1945 2763 Διὰ

2058 2717 2172 2769 tem
2186 2711 2558 2783 signiﬁcavit,
2572 2712 2869 2784 quiatunc
2884 2710 3092 2765 mortis
3108 2708 3569 2764 instrumentum
3582 2709 3707 2763 erat

338 2790 432 2874 τοῦ
464 2789 847 2874 σταυροῦῌγάρ
903 2793 997 2848 τὴν
1051 2789 1312 2866 ἀναίρεσιν
1366 2790 1617 2862 ἐδήλωσε,
1655 2794 1795 2850 διότι
1830 2802 1945 2853 τότε

2058 2817 2201 2858 crux
2235 2810 2259 2868 ;'
2280 2816 2517 2874 semper
2545 2801 2638 2857 sui
2665 2800 2854 2873 ipsius
2882 2800 3103 2856 eadem
3148 2801 3431 2871 expectet,
3467 2810 3707 2869 semper

338 2872 657 2948 ἀναιρέσεως
702 2870 764 2933 ἦν
811 2880 1027 2951 ὄργανον
1064 2880 1091 2933 ὁ
1139 2886 1364 2957 σταυρὸς
1421 2901 1434 2914 ·
1469 2884 1547 2939 ἀεὶ
1592 2885 1942 2961 προσδοκάτω

2059 2890 2132 2947 ad
2173 2870 2429 2949 mortem
2453 2870 2702 2965 paratus
2736 2890 2808 2947 sit
2855 2893 2913 2947 et
2944 2870 3543 2963 quotidievoluntate
3575 2901 3708 2943 mo-

336 2965 436 3021 τήν
495 2966 696 3035 σφαγὴν
775 2963 979 3032 έαντοῦ,
1045 2970 1265 3023 πάντοτε
1323 2972 1527 3048 ἕτοιμος
1605 2978 1738 3031 ἔστω
1815 2982 1942 3053 πρὸς
2046 2979 2251 3038 riatur.

340 3053 583 3118 θάνατον,
666 3057 755 3107 καὶ
809 3057 1137 3119 καθεκάστην
1198 3059 1569 3122 ἀποθνησκέτω
1621 3074 1684 3141 τῇ
1749 3087 1940 3144 προαι-

336 3145 502 3217 ρέσει.
2120 3157 2248 3214 Alio
2272 3158 2450 3215 etiam
2483 3157 2666 3214 modo
2691 3171 2949 3230 prmsens
2967 3156 3192 3213 dictum
3223 3156 3590 3228 interpretati
3613 3172 3708 3213 su—

414 3236 516 3323 καὶ
576 3231 755 3323 ἑτέρως
810 3230 869 3288 δέ
924 3238 983 3289 τὸ
1037 3242 1199 3312 παρόν
1254 3246 1651 3318 ηρμηνεύσαμεν
1693 3248 1852 3323 ῥητόν
1892 3246 2063 3307 ἕνα]

2057 3263 2190 3303 mus
2216 3247 2450 3303 decimo
2471 3261 2632 3302 nono
2657 3246 2869 3318 capite.
2895 3245 3041 3301 Vide
3056 3251 3259 3302 autem
3275 3246 3585 3317 quomodo
3616 3245 3706 3301 di-

338 3328 414 3391 τῷ
470 3319 908 3396 ἐννεακαιδεκάτῳ
982 3328 1262 3403 κεφαλαίῳ.
1328 3336 1509 3386 Σκόπει
1571 3332 1650 3401 δι,
1694 3319 1814 3400 ⁷πῶς
1876 3338 1942 3392 εἶ-

2052 3335 2231 3393 xerit:
2262 3336 2476 3409 Siquis
2503 3337 2646 3401 vult,
2669 3335 2793 3390 sive
2814 3336 2922 3401 vir,
2952 3335 3075 3391 sive
3099 3334 3327 3399 mulier,
3352 3336 3475 3390 sive
3495 3335 3701 3406 praesi-

338 3428 449 3464 πεν.
486 3409 546 3463 Εἰ
586 3430 661 3472 τις
712 3411 859 3483 θέλει,
922 3416 1018 3467 κοίν
1072 3416 1221 3491 ἀνὴρ,
1278 3422 1372 3474 κᾶν
1418 3428 1572 3494 γυνὴ,
1610 3426 1705 3477 κοῖν
1736 3428 1938 3501 ἄρχων,

2053 3426 2218 3491 dens,
2237 3426 2356 3482 sive
2372 3425 2474 3498 qui
2500 3424 2651 3481 alius
2673 3424 2967 3497 prmsidet,
2988 3424 3036 3480 si
3059 3423 3219 3481 velit:
3236 3425 3527 3495 neminem
3543 3424 3702 3479 enim

338 3499 436 3550 κοῖν
466 3500 757 3573 ἀρχόμενος
791 3521 803 3534 ’
856 3508 961 3569 καὶ,
1020 3504 1103 3558 ἐὰν
1137 3508 1252 3583 θέλη
1317 3527 1330 3539 ⁸
1381 3508 1569 3567 οὐδένα
1596 3516 1697 3590 γὰρ
1751 3499 1943 3571 ἄκοντα

2056 3516 2298 3572 invitum
2324 3516 2499 3587 cogit.
2533 3516 2615 3571 Ne
2644 3519 2818 3588 putes
2846 3518 3047 3571 autem
3078 3512 3243 3586 quod
3276 3512 3433 3568 mala
3462 3512 3587 3584 pati
3608 3528 3705 3569 so-

338 3590 723 3661 καταναγκάζει
782 3607 795 3621 ·
856 3593 938 3645 ἵνα
981 3590 1040 3647 δὲ
1092 3602 1165 3669 μὴ
1220 3605 1463 3674 νομίσῃς,
1524 3604 1601 3655 ὄτι
1658 3607 1715 3657 τὸ
1769 3613 1941 3669 κακῶς

2053 3605 2174 3662 lum
2202 3605 2477 3673 sufﬁciat,
2516 3621 2661 3662 nam
2692 3610 2747 3660 et
2770 3604 3032 3661 latrones
3066 3607 3123 3661 et
3155 3601 3600 3677 depraedatores
3631 3617 3702 3659 ac

338 3678 574 3750 πάσχειν
613 3683 765 3751 μόνον
813 3678 976 3757 ἆρκιί·
1030 3690 1117 3739 καὶ
1169 3689 1267 3761 γὰρ
1320 3695 1408 3743 καὶ
1460 3691 1653 3766 λῃσταὶ
1699 3699 1787 3747 καὶ
1814 3716 1940 3770 τυμ-

2053 3695 2232 3768 magi,
2256 3694 2472 3769 aliique
2492 3696 2654 3768 pravi
2675 3695 2948 3752 homines
2968 3694 3286 3752 innumera
3297 3692 3460 3751 mala
3470 3692 3702 3765 patiun-

341 3766 581 3843 ϐωρύχοι
636 3774 725 3821 καὶ
778 3774 961 3841 γόητες
1015 3779 1106 3827 καὶ
1162 3776 1307 3830 ἄλλοι
1360 3787 1578 3856 πονηροὶ
1632 3766 1940 3857 πάσχουσι-

2051 3766 2173 3853 tur,
2200 3766 2437 3843 addidit
2471 3766 2597 3843 εἘι
2624 3792 2897 3859 sequatur
2935 3800 3044 3852 me,
3082 3785 3303 3843 docens
3344 3800 3464 3840 non
3504 3782 3700 3840 solum

338 3860 509 3949 μορία
564 3872 577 3887 ⁸
614 3860 959 3949 προσέθηκεν,
1023 3864 1103 3916 ὅτι
1158 3871 1256 3920 Καὶ
1321 3867 1663 3926 ἀκολουθειτω
1716 3894 1828 3948 μοι,
1860 3872 1941 3928 δι-

2053 3881 2323 3948 oportere
2352 3876 2495 3934 talia
2525 3878 2665 3949 pati,
2708 3876 2814 3933 sed
2839 3876 3018 3934 etiam
3051 3892 3113 3932 se
3138 3874 3327 3948 sequi,
3359 3874 3472 3933 hoc
3496 3878 3583 3931 est
3604 3887 3702 3945 per

338 3942 575 4039 δάσκων,
609 3945 689 3999 ὃτι
743 3953 853 4025 χρὴ
900 3955 971 4023 μὴ
1027 3957 1181 4025 μόνον
1237 3965 1454 4013 τοιαῦτα
1506 3964 1756 4035 πάσχειν.
1814 3963 1942 4018 ἀλλὰ

1669 3982 1756 4016 ειν.
1814 3963 1942 4018 ἀλλὰ
2049 3966 2296 4038 vestigia
2326 3968 2796 4026 conversationis
2817 3966 3006 4039 ipsius
3025 3966 3318 4025 incedere.

334 4039 429 4087 καὶ
458 4032 752 4088 ἀκολουθεῖν
802 4037 962 4110 αὐτῷ,
1014 4047 1268 4117 τουτέστι,
1298 4049 1411 4100 κατ’
1438 4052 1589 4123 ἴχνος
1618 4032 1817 4125 βαίνειν
1846 4063 1941 4119 τῆς

333 4123 600 4186 πολιτείας
628 4125 808 4186 αὐτοῦ,
1622 4123 1628 4125 ἡ

2082 4204 2085 4205 ν
2122 4151 2277 4204 Vers.
2312 4153 2401 4206 25.
2446 4146 2689 4219 Quiqui:
2718 4177 2787 4187 -—
2816 4161 2961 4202 eam.
2994 4145 3142 4201 Dixit
3171 4144 3352 4200 etiam
3383 4143 3508 4199 haec
3548 4143 3702 4199 deci-

405 4212 504 4274 Ὀς
541 4245 610 4255 -
665 4215 847 4274 αὐτὴν.
902 4222 1093 4294 Εἵρηκε
1149 4231 1315 4278 ταῦτα
1383 4233 1472 4281 καὶ
1529 4229 1580 4283 ἐν
1654 4240 1725 4303 τῷ
1776 4233 1935 4287 έννεα·
2051 4258 2054 4294 1

2051 4255 2149 4297 mo
2179 4254 2341 4295 nono
2363 4238 2556 4309 capite
2590 4254 2601 4291 :
2631 4251 2828 4310 quaere
2848 4250 2990 4304 ergo
3011 4233 3093 4289 ibi
3112 4232 3328 4289 horum
3354 4232 3700 4301 interpreta-

332 4298 632 4376 καιδεκάτῳ
691 4305 969 4380 κεφαλαίῳ,
1053 4316 1141 4364 καὶ
1218 4314 1448 4375 ζήτησον
1519 4318 1568 4371 έν
1626 4319 1796 4395 έκείνῳ
1845 4328 1938 4383 τήν

2050 4329 2288 4386 tionem.
2312 4298 2537 4385 Marcus
2554 4298 2749 4382 autem
2769 4298 2947 4380 dixit“;
2981 4326 3231 4393 PrOpler
3248 4337 3328 4375 me
3348 4326 3402 4377 et
3422 4298 3699 4390 Euange-

333 4394 528 4444 τούτων
566 4391 837 4466 ἐξήγησιν,
871 4400 1085 4473 Μάρκος
1124 4398 1183 4455 δέ
1229 4424 1406 4477 φησιν,
1456 4406 1650 4463 Ἕνεκεν
1695 4391 1819 4484 ἐμοῦ
1848 4419 1937 4469 καὶ

2048 4420 2187 4476 lium
2245 4419 2315 4486 ’⁸,
2375 4417 2488 4474 hoc
2540 4420 2630 4473 est
2684 4418 2927 4488 propter
2972 4428 3070 4470 me
3101 4391 3179 4468 -οι
3230 4425 3427 4467 meam
3484 4409 3696 4465 doctri-

332 4487 431 4577 τοτξ
458 4481 795 4554 Εὐάγγελίου,
846 4492 1105 4557 τουτέστι,
1154 4488 1227 4544 δι’
1276 4492 1361 4567 ἐμὲ
1400 4502 1490 4550 καὶ
1534 4495 1627 4552 διὰ
1686 4481 1778 4562 την
1810 4502 1935 4577 ἐμὴν
2046 4526 2211 4566 nam.

333 4566 368 4623 δ
374 4565 433 4623 ιδ
436 4571 711 4629 ασκαλίαν.
1299 4565 1307 4567 ὴ
1832 4565 1842 4577 ⁸
1964 4608 1982 4663 Ι

2115 4565 2279 4657 Vers.
2328 4597 2414 4655 26.
2460 4596 2615 4665 Quid
2652 4596 2807 4654 enim
2837 4626 2904 4638 —
2936 4595 3227 4668 iacturam
3267 4592 3477 4664 fecerit
3515 4592 3543 4650 ?
3586 4597 3699 4648 Im-

402 4661 466 4715 Τί
511 4664 612 4737 γὰρ
669 4693 759 4765 -;
796 4667 1034 4765 ζημιωθῇ
1079 4685 1092 4736 ;
1183 4668 1462 4730 Ἀδύνατον
1534 4682 1626 4752 μὲν
1677 4682 1765 4736 ἕνα
1821 4661 1993 4740 τινὰ⁷
2045 4709 2051 4745 π

2047 4689 2326 4765 possibile
2355 4661 2603 4762 quidem
2650 4690 2742 4744 est
2784 4661 3135 4759 quempiam
3175 4661 3365 4741 totum
3402 4682 3696 4740 mundum

334 4751 417 4800 τὸν
469 4754 668 4822 κόσμον
714 4750 827 4805 ὅλον
878 4751 1179 4831 κερδῆσαι’
1235 4761 1278 4813 εἰ
1327 4760 1386 4817 δε
1438 4750 1544 4821 καὶὴ
1584 4766 1801 4827 δυνατόν
1850 4773 1932 4848 ἧν,

2083 4781 2386 4838 lcrifacere
2426 4796 2439 4847 ;
2474 4778 2521 4834 si
2559 4784 2762 4834 tamen
2799 4776 3069 4849 possibile
3114 4775 3282 4841 foret,
3330 4774 3496 4830 nulla
3545 4776 3699 4829 esset

332 4834 485 4943 οξ)δῇ
512 4838 706 4943 ὄφελξςι
752 4844 829 4894 Τὰ
883 4847 973 4917 μὲν
1022 4849 1124 4922 ’γὰρ
1181 4857 1271 4902 τοῦ
1327 4857 1527 4929 κόσμου
1571 4863 1742 4917 πάντα
1773 4834 1934 4927 θνητά

2299 4834 2612 4943 Siquidem
2637 4834 2840 4924 omnia
2856 4880 2994 4939 quas
3012 4865 3223 4922 mundi
3248 4834 3406 4933 sunt,
3426 4862 3697 4920 mortalia

330 4927 484 4995 εἰσιν,
518 4928 548 4986 ἠ
609 4924 669 4981 δὲ
706 4928 860 5003 ψυχὴ
913 4931 1184 5000 ἀθάνανος.
1250 4946 1351 4994 Καὶ
1404 4949 1601 5001 τούτων
1630 4955 1720 5023 μὲν
1760 4957 1788 5015 ἡ
1824 4960 1933 5032 τέρ-

2050 4965 2199 5027 sunt,
2233 4960 2436 5017 anima
2466 4975 2608 5016 vero
2646 4955 3000 5014 immortalis
3031 4971 3043 5011 :
3077 4961 3133 5012 et
3168 4956 3383 5011 horum
3416 4969 3564 5010 sane
3596 4952 3699 5008 de-

328 5016 429 5122 ψις
466 5021 785 5094 πρόσκαιρος
819 5037 832 5051 ⁸
867 5026 1059 5085 ταύτης
1104 5023 1161 5082 δὲ
1208 5030 1239 5088 ἠ
1278 5031 1507 5096 κόλασις.
1549 5039 1774 5106 αἰώνιος.
1807 5016 1935 5101 Εἶτα

2049 5016 2272 5108 Ιοοῑιίίίο
2295 5048 2657 5122 temporalis,
2680 5047 2992 5105 illiusvero
3015 5044 3376 5118 supplicium
3394 5045 3698 5117 sempiter-

329 5106 593 5213 qu‘Euu'év
624 5107 796 5214 φόθον.
846 5114 1009 5167 Εῖωθε
1052 5118 1153 5191 γὰρ
1198 5116 1421 5175 ἐντεῦθεν
1473 5126 1663 5197 μᾶλλον
1695 5131 1931 5204 βελτιοῦν

2047 5106 2206 5197 num.
2250 5106 2478 5196 Deinde
2521 5106 2695 5212 auget
2735 5141 2795 5195 et
2841 5106 3152 5194 terrorem:
3191 5106 3543 5222 Inde.en_im.
3576 5135 3696 5207 ple-

325 5198 449 5259 τοὺς
478 5194 757 5272 ἀκροατάς,
1473 5194 1483 5197 ⁷
1695 5194 1705 5204 ’

2039 5246 2296 5306 rumque
2324 5230 2597 5290 meliores
2625 5228 2875 5289 reddere
2900 5227 3047 5286 solet
3074 5206 3388 5285 auditores.

402 5385 451 5419 ’⁸
479 5385 657 5442 Marc.
688 5402 805 5453 vm,
848 5389 917 5448 34
949 5406 962 5457 ;
1006 5392 1144 5466 Luc,
1174 5412 1256 5456 ix.
1292 5404 1378 5458 23.
1458 5406 1506 5442 9'
1534 5408 1706 5465 Ma‘rc.
1752 5384 1867 5482 vin,
1901 5419 1992 5475 35.

1542 5585 1767 5683 Variae
1800 5595 2129 5685 lectiones
2166 5607 2233 5667 et
2260 5606 2459 5669 notae.

398 5757 515 5833 (30)
545 5760 673 5833 Καί,
701 5764 854 5834 ante,
880 5763 1031 5839 λέγω,
1073 5769 1367 5846 ιάάἱι.τ·Δ.
1434 5808 1449 5859 ν’
