4176 6450
494 395 598 455 475

563 521 726 578 Vers.
764 524 853 577 26.
894 520 1017 576 Aut
1044 547 1115 562 -
1140 533 1250 575 sua
1274 518 1303 575 τ
1352 516 1409 574 Si
1444 515 1608 574 enim
1650 530 1849 587 neque
1888 510 2156 570 mundus
2189 507 2237 565 Α

494 614 652 667 totus
668 608 1029 681 correspond
1038 623 1141 664 ens
1162 612 1251 663 est
1269 605 1490 662 animai
1507 603 1806 672 rationali,
1826 601 1975 675 quid
1992 600 2159 657 dabit

491 698 792 772 quispiam
806 695 1292 753 commutationis
1320 702 1381 750 ut
1397 695 1554 750 hanc
1579 694 1657 749 ab
1682 696 1904 748 esterno
1925 689 2158 763 suppli-

494 788 585 844 cio
596 787 842 861 eripiat?
855 788 1015 843 Certe
1027 785 1194 841 nihil.
1210 784 1501 842 Omnibus
1515 784 1711 853 itaque
1723 782 1964 851 relictis,
1976 780 2157 851 hujus

492 893 702 933 curam
752 877 969 933 habere
1014 875 1203 931 solius
1253 878 1506 945 oportet,
1562 874 1735 943 cujus
1781 872 2016 942 jactura
2071 875 2158 928 est

492 966 749 1023 maxime
770 964 1056 1029 mortalis,
1076 968 1134 1019 et
1154 962 1232 1019 ob
1262 978 1449 1034 quam
1467 962 1762 1033 perditam
1785 960 1947 1016 nulla
1959 965 2158 1033 potest

491 1056 622 1113 dari
651 1054 1060 1111 commutatio.
1094 1055 1163 1109 Ut
1189 1056 1390 1108 autem
1423 1052 1653 1107 discant
1683 1051 1843 1124 quod
1872 1050 2156 1122 segnibus

490 1160 614 1201 non
656 1159 782 1199 Sine
815 1142 1037 1199 ultione
1067 1142 1175 1198 erit
1218 1157 1329 1197 sua
1360 1140 1657 1209 segnities,
1702 1155 1897 1212 neque
1930 1140 2156 1196 sedulis

498 1233 752 1306 praemio
789 1230 1015 1307 carebit
1054 1246 1164 1286 sua
1204 1230 1512 1297 sedulitas,
1556 1238 1739 1304 utque
1774 1229 1861 1286 illi
1896 1230 2155 1303 amplius

488 1326 839 1387 terreantur,
872 1321 936 1377 hi
975 1335 1114 1377 vere
1144 1319 1442 1392 majorem
1483 1319 1783 1392 accipiant
1807 1318 2156 1377 consolatio-

489 1426 652 1481 nem,
692 1411 835 1468 dicit
870 1425 884 1466 :

561 1501 734 1555 Vers.
792 1500 880 1554 27.
911 1496 1100 1554 Filius
1129 1529 1199 1538 —
1246 1502 1522 1568 operatus
1552 1505 1655 1555 est.
1692 1497 1879 1555 Simul
1908 1497 2156 1555 demon-

492 1589 697 1661 stravit
719 1588 883 1661 quod
913 1586 1192 1643 eamdem
1240 1587 1462 1645 habeat
1492 1605 1631 1645 cum
1662 1588 1832 1645 Patre
1876 1587 2151 1658 gloriam.

492 1680 562 1736 In
588 1679 799 1750 gloria,
822 1677 1034 1749 inquit,
1056 1677 1241 1750 patris
1266 1678 1376 1734 sui.
1409 1678 1582 1745 Quod
1610 1679 1655 1733 si
1674 1678 1950 1734 eamdem
1975 1677 2154 1734 habet

493 1768 766 1841 gloriam,
788 1770 1063 1839 ejusdem
1096 1770 1298 1842 utique
1324 1768 1670 1825 substantiae
1696 1772 1855 1824 estet
1874 1768 2152 1839 potentia

1817 380 2185 445 EUTHYMII.
2206 378 2541 439 ZIGABENI

3762 387 3872 447 476

2339 505 2408 560 Ἦ
2451 506 2613 562 αὐτοῦ
2654 525 2667 576 ς
2726 510 2787 564 Εἰ
2839 512 2939 586 γὰρ
2984 507 3101 566 οὐδ’
3152 512 3179 564 ό
3242 510 3452 584 σύμπας
3511 514 3711 585 κόσμος
3766 514 3858 569 ἀντ

2268 596 2411 660 άξιός
2454 597 2567 650 ἔστι
2611 598 2800 671 ψυχῆς
2839 600 3071 673 λογικῆς,
3117 605 3170 654 τί
3216 597 3380 654 δώσει
3410 604 3491 663 τίς
3527 599 3881 676 ἀντάλλαγμα,

2267 688 2401 739 ὥστε
2445 690 2641 746 ταύτην
2685 688 2947 752 ἐξελέσθαι
2992 700 3088 752 τῆς
3140 691 3351 743 αἰωνίου
3406 690 3706 760 κολάσεως;
3762 692 3886 746 Ὀν-

2266 796 2368 838 τως
2413 773 2584 831 οὐδέν.
2634 782 2832 832 Λοιπὸν
2881 776 2970 831 οὖν
3022 785 3157 855 χρὴ,
3208 782 3413 833 πάντων
3450 780 3730 852 ἀφεμένους
3776 790 3881 834 τῶν

2266 863 2448 934 ἄλλων,
2530 869 2728 929 ταύτης
2805 867 3158 941 ἐπιμελεῖσθαι
3237 874 3417 942 μόνης,
3483 870 3548 931 ἧς
3615 872 3645 929 ἡ
3708 872 3881 944 ζημία

2265 958 2606 1028 καιριωτάτη,
2680 960 2770 1010 καὶ
2828 958 2893 1020 ἧς
2940 958 3281 1032 ἀπολομένης,
3347 958 3441 1011 οὐκ
3492 961 3609 1011 ἔστι
3666 956 3877 1013 δοῦναι-

2266 1042 2617 1117 ἁντάλλασγμα.
2673 1044 2785 1101 Ἰνα
2837 1044 2897 1100 δι
2958 1049 3190 1120 μάθοιεν,
3244 1050 3327 1101 ὅτι
3376 1052 3492 1101 οὔτε
3553 1054 3660 1110 τοῖς
3714 1050 3874 1125 ῥᾳθύ-

2262 1152 2382 1205 μοις
2435 1132 2761 1210 ἀτιμώρητον
2814 1139 2963 1191 ἔσται
2992 1141 3049 1190 τὸ
3073 1139 3328 1213 ῥᾴθυμον,
3378 1140 3493 1191 οὔτε
3545 1145 3658 1201 τοῖς
3698 1158 3872 1192 σπου-

2267 1218 2441 1285 δαίοις
2492 1223 2779 1298 ἀγέραστον
2831 1229 2890 1278 τὸ
2955 1223 3267 1295 σπουδαῖον,
3326 1230 3415 1279 καὶ
3460 1228 3544 1279 ἶνα
3591 1227 3673 1281 ἐπὶ
3721 1226 3865 1281 πλέον

2266 1310 2443 1366 ἐκεῖνοι
2528 1316 2617 1386 μεν

2267 1406 2399 1473 φησί
2427 1419 2439 1433 ·
3600 1472 3601 1475 η

2336 1490 2520 1545 Μέλλει
2550 1523 2618 1534 -
2660 1496 2796 1547 κατὰ
2841 1498 2935 1553 τὴν
2979 1494 3167 1569 πρᾶξιν
3236 1494 3416 1550 αὐτοῦ.
3465 1495 3610 1568 Ἀμα
3644 1496 3868 1566 ἐνέφηνε,

2264 1584 2353 1633 καὶ
2383 1582 2464 1633 ὅτι
2493 1590 2588 1643 τῆς
2617 1582 2781 1645 αὐτῆς
2805 1590 2878 1653 τῷ
2917 1588 3084 1658 Πατρὶ
3129 1580 3289 1647 δόξης
3321 1583 3482 1641 ἐστίν.
3514 1586 3597 1639 Ἐν
3639 1594 3701 1658 τῇ
3737 1582 3865 1660 δόξῃ

2261 1672 2385 1742 γὰρ,
2419 1676 2569 1743 φησὶ,
2619 1678 2711 1724 τοῦ
2752 1676 2953 1747 Πατρός
2994 1673 3173 1728 αὐτοῦ.
3208 1674 3269 1726 Εἰ
3300 1670 3357 1727 δε
3387 1681 3483 1736 τῆς
3511 1673 3676 1736 αὐτῆς
3708 1670 3867 1737 δόξης

2262 1760 2394 1824 ἐστὶ,
2418 1768 2511 1822 τῆς
2560 1760 2721 1823 αύτῆς
2748 1763 2852 1834 ἄρα
2902 1767 2992 1815 καὶ
3039 1762 3220 1825 ούσίας
3249 1761 3381 1831 ἔστι,
3432 1764 3523 1815 καί
3573 1760 3865 1837 δυνάμεως,

2697 1314 3017 1387 φοϐηθῶσιν,
3090 1316 3236 1369 οὗτοι
3291 1313 3351 1370 δὲ
3428 1319 3868 1391 παρηγορηθῶσι,

491 1873 561 1916 ac
586 1858 910 1916 divinitatis
944 1876 956 1916 :
985 1876 1245 1934 quorum
1278 1858 1437 1915 enim
1463 1857 1653 1928 gloria
1676 1861 1767 1914 est
1786 1857 2019 1925 eadem,
2046 1858 2150 1915 ho-

2261 1854 2350 1900 καὶ
2384 1850 2637 1910 θεότητος.
2670 1849 2766 1905 Ὧν
2794 1853 2896 1927 γὰρ
2925 1847 3056 1915 δόξα
3103 1852 3133 1911 ἠ
3182 1851 3337 1924 αὐτὴ,
3387 1853 3583 1905 τούτων
3626 1851 3731 1927 ἆρα
3777 1858 3867 1907 καὶ

488 1961 645 2014 rum,
688 1952 745 2004 et
773 1953 977 2004 caetera
1002 1964 1247 2023 quoque
1280 1951 1420 2003 sunt
1450 1952 1685 2003 eadem.

562 2052 732 2111 Vers.
758 2055 848 2110 28.
865 2056 1054 2113 Amen
1069 2056 1209 2111 —in
1228 2070 1391 2126 regno
1415 2070 1536 2110 suo.
1556 2052 1883 2127 Potsquam
1904 2055 1979 2111 de
2002 2054 2154 2126 seip-

492 2157 559 2198 so
585 2141 753 2209 dixit,
780 2144 947 2215 quod
972 2145 1236 2201 futurum
1274 2147 1362 2200 est
1389 2150 1453 2198 ut
1481 2143 1682 2199 veniat
1710 2142 1769 2198 in
1794 2142 1982 2212 gloria
2012 2159 2151 2201 cum

491 2230 759 2288 satellitio
784 2248 853 2289 ac
874 2235 1160 2291 comitatu
1173 2231 1646 2306 etprasmissione
1664 2232 2038 2301 angelorum,
2057 2250 2153 2290 co—

491 2322 655 2392 gnito
667 2322 833 2394 quod
849 2324 1125 2397 discipuli
1138 2324 1214 2381 de
1228 2324 1344 2380 hoc
1362 2338 1640 2379 sermone
1658 2321 1997 2379 difﬁderent
2014 2340 2153 2380 con-

488 2410 690 2466 ﬁrmat
708 2410 876 2468 illum
902 2413 1272 2485 prmmittens
1295 2413 1430 2484 (cc),
1463 2412 1626 2484 quod
1658 2427 1780 2468 non
1813 2412 1999 2469 multo
2020 2418 2152 2485 post

488 2500 738 2573 quidam
786 2516 849 2557 se
877 2502 1057 2558 visuri
1088 2506 1282 2559 essent
1310 2502 1371 2557 in
1410 2501 1598 2571 gloria
1632 2523 1642 2566 ;
1676 2502 1833 2557 hanc
1870 2502 2031 2560 enim
2065 2519 2153 2559 re-

489 2602 677 2659 gnum
697 2605 855 2645 nunc
880 2590 1127 2646 vocavit.
1159 2588 1549 2659 Signiﬁcabat
1576 2595 1778 2646 autem
1809 2606 1932 2647 sum
1963 2594 2151 2647 trans-

486 2676 861 2733 formationis
902 2677 1307 2750 splendorem,
1334 2695 1516 2751 quem
1549 2684 1687 2751 post
1710 2680 1887 2735 breve
1912 2684 2149 2752 tempus

487 2765 1001 2822 demonstraturus
1018 2771 1142 2825 erat
1174 2770 1358 2835 Petro,
1383 2769 1610 2825 Jacobo
1628 2774 1682 2824 et
1707 2770 1921 2825 Joanni
1956 2784 1967 2824 :
2003 2784 2147 2826 nam

487 2853 563 2910 de
590 2853 684 2909 his
703 2853 850 2911 dixit
881 2874 895 2914 :
924 2856 1079 2913 Sunt
1097 2857 1336 2929 quidam
1368 2858 1465 2915 hic
1482 2864 1721 2913 stantes.
1749 2858 2020 2928 Regnum
2043 2874 2147 2915 au-

487 2945 607 2998 tem
620 2958 797 2998 suum
817 2943 941 3001 sive
963 2944 1213 3015 gloriam
1230 2963 1421 3013 suam,
1446 2946 1827 3018 splendorem
1848 2946 2015 3011 illum
2039 2963 2142 3004 no-

486 3032 760 3097 minavit,
801 3050 935 3090 cum
986 3051 1107 3108 quo
1151 3036 1544 3109 postmodum
1594 3035 1993 3091 descensurus
2034 3042 2140 3105 est,

485 3121 722 3195 quando
746 3123 948 3181 reddet
969 3125 1289 3197 unicuique
1296 3127 1315 3195 j
1328 3130 1469 3180 uxta
1485 3124 1545 3180 id
1561 3124 1725 3197 quod
1739 3130 2019 3198 operatus
2032 3132 2139 3185 est.

486 3211 827 3270 Venientem
849 3229 987 3271 vero
1018 3214 1188 3286 dixit,
1216 3214 1333 3271 hoc
1354 3218 1443 3271 est
1472 3220 1879 3287 apparentem.

640 3428 795 3485 CAP.
825 3428 1044 3485 XXXIV-
1070 3427 1156 3485 De
1178 3428 1693 3500 transformatione
1725 3431 1972 3491 Christi.

552 3515 705 3572 CAP.
739 3518 875 3573 XVII
906 3518 1067 3573 Vers.
1108 3522 1155 3573 l.
1187 3518 1263 3574 Et
1283 3525 1413 3588 post
1440 3550 1495 3561 -
1522 3521 1677 3591 ejus.
1727 3520 1918 3577 Lucas
1943 3526 2144 3579 autem

483 3605 671 3662 dixit:
703 3608 845 3663 Post
869 3614 996 3662 orto
1022 3609 1093 3673 ’7,
1126 3619 1236 3663 nec
1283 3613 1484 3663 tamen
1528 3610 1859 3665 contrarius
1903 3615 2009 3666 est.
2060 3611 2146 3667 Si-

480 3695 729 3766 quidem
768 3694 1189 3749 annumeravit
1216 3694 1313 3749 ille
1345 3700 1402 3751 et
1430 3695 1584 3751 duos
1612 3696 1739 3751 dies
1769 3697 1937 3764 alios,
1983 3699 2144 3756 hunc

480 3780 749 3837 videlicet
772 3780 937 3851 quod
961 3780 1248 3852 prmdicta
1263 3780 1498 3837 locutus
1519 3788 1606 3839 est
1626 3784 1793 3840 Jesus
1811 3784 2141 3859 discipulis,

482 3873 538 3927 et
567 3885 701 3926 eum
735 3884 857 3940 quo
896 3868 1028 3925 illos
1059 3870 1385 3941 assumpsit
1418 3871 1769 3937 ;Matthmus
1805 3890 1944 3932 vero
1976 3882 2144 3934 utro-

482 3974 600 4032 que
615 3958 1029 4030 praetermisso,
1052 3958 1280 4014 medios
1295 3963 1524 4017 tantum
1539 3965 1927 4022 enumeravit.
1950 3968 2143 4033 Quare

483 4052 686 4106 autem
710 4046 870 4102 solos
894 4047 1006 4103 hos
1030 4052 1147 4103 tres
1174 4050 1516 4122 assumpsit,
1542 4067 1663 4108 non
1686 4054 1867 4111 modo
1886 4060 2138 4125 tantum,

485 4137 591 4194 sed
628 4140 685 4193 et
711 4136 858 4194 alias
889 4136 1280 4210 frequentius,
1325 4140 1475 4197 sicut
1514 4142 1577 4197 in
1616 4158 1940 4216 progressu
1982 4147 2143 4205 inve-

482 4227 719 4285 niemus
775 4226 804 4282 ?
851 4226 1002 4295 Quia
1053 4229 1279 4284 caneris
1337 4230 1650 4303 discipulis
1699 4239 2142 4305 prmstantiores

484 4320 649 4373 erant
683 4338 697 4371 :
722 4317 924 4373 Petrus
943 4316 1190 4390 quidem
1216 4328 1288 4373 eo
1303 4317 1471 4390 quod
1497 4318 1671 4377 valde
1688 4320 1955 4393 diligeret
1980 4341 2139 4397 eum,

482 4410 725 4478 propter
737 4406 875 4462 ﬁdei
886 4405 1181 4463 fervorem
1198 4423 1211 4473 ;
1225 4407 1485 4464 Joannes
1501 4425 1642 4467 vero
1654 4412 1793 4483 quia
1810 4413 2140 4485 plurimum

2259 1937 2420 1989 τᾶλλα
2447 1940 2514 1991 τὰ
2543 1938 2695 1991 αύτά.

2332 2037 2498 2109 ’Δμὴν
2546 2068 2615 2079 -
2644 2037 2694 2091 ἓν
2740 2046 2803 2111 τῇ
2856 2037 3106 2112 βασιλείᾳ
3153 2038 3337 2094 αὐτοῦ.
3387 2040 3557 2094 Εἰπὼν
3605 2045 3724 2114 περὶ
3755 2042 3865 2112 (31)

2262 2125 2464 2192 ἑαυτοῦ,
2516 2128 2591 2181 ὅτι
2620 2128 2789 2199 με’λλει
2831 2130 3086 2202 ἔρχεσθαι
3115 2127 3163 2181 ἕν
3213 2125 3341 2203 δόξῃ
3385 2132 3517 2202 μετὰ
3547 2128 3866 2204 δορυφοριας

2260 2220 2349 2268 καὶ
2404 2225 2717 2290 προπομπῆς
2767 2225 2865 2270 τῶν
2901 2217 3148 2289 ἀγγέλων,
3189 2223 3280 2270 καὶ
3328 2222 3485 2291 γνούς
3533 2223 3650 2281 τούς
3696 2222 3867 2291 μαθη-

2259 2309 2349 2366 τὰς
2398 2302 2817 2369 δυσπιστοῦντας
2856 2314 2929 2377 τῷ
2972 2309 3190 2379 τοιούτῳ
3216 2306 3374 2379 λόγῳ,
3421 2306 3628 2380 βεϐαιοῖ
3660 2316 3857 2373 τοῦτον,

2260 2397 2551 2469 πρστιθεὶς,
2602 2398 2682 2448 ὅτι
2739 2396 2833 2449 ούκ
2883 2396 2955 2456 εἰς
3002 2399 3205 2472 μακράν
3253 2416 3383 2459 τινες
3427 2397 3592 2449 αὐτῶν
3643 2395 3855 2465 ἅψονται

2259 2488 2353 2542 την
2384 2481 2543 2547 δόξαν
2570 2485 2750 2538 αύτοῦ.
2799 2487 3003 2544 Ταύτην
3032 2488 3130 2560 γὰρ
3174 2493 3263 2538 νῦν
3288 2486 3519 2557 ὠνόμασε
3560 2482 3849 2557 βασιλείαν.

2258 2570 2480 2632 Ἐδηλου
2556 2571 2616 2627 δε
2671 2578 2763 2632 τὴν
2832 2573 3178 2649 λαμπρότητα
3248 2583 3343 2637 τῆς
3412 2578 3854 2647 μεταμορφώσεως

2258 2662 2436 2730 αὐτοῦ,
2511 2666 2571 2722 ἣν
2628 2666 2760 2735 μετὰ
2814 2667 2993 2738 καιρὸν
3075 2664 3245 2736 ὀλίγον
3313 2663 3507 2737 ἔμελλεν
3582 2659 3858 2726 ὑποδεῖξαι

2258 2756 2455 2827 Πέτρῳ,
2502 2757 2590 2805 καὶ
2646 2752 2895 2825 Ἰακώϐῳ,
2944 2758 3030 2805 καὶ
3068 2754 3301 2826 Ἰωάννη.
3358 2758 3485 2827 Περὶ
3516 2756 3708 2807 τούτων
3753 2754 3855 2827 γὰρ

2255 2837 2411 2907 εἶπεν,
2465 2846 2545 2894 ὅτι
2616 2842 2736 2895 Εἰσί
2788 2861 2922 2904 τινες
2976 2850 3075 2895 τῶν
3127 2838 3231 2895 ὦδε
3284 2842 3541 2896 ἑστώτων.
3588 2841 3857 2896 Βασιλείαν

2254 2927 2313 2982 δε
2362 2930 2546 3001 αὐτοῦ,
2609 2934 2791 3002 ἤγουν,
2874 2929 3053 3000 δόξαν,
3111 2936 3205 2992 τὴν
3268 2932 3613 3005 λαμπρότητα
3663 2935 3859 2991 ταύτην

2254 3019 2539 3093 ὠνόμασεν,
2598 3023 2667 3083 ὡς
2734 3016 2895 3074 οὖσαν
2973 3026 3293 3096 προμήνυμα
3373 3026 3465 3073 καὶ
3516 3017 3863 3093 παράδειγμα

2253 3120 2346 3173 τῆς
2386 3110 2742 3183 λαμπρότητος
2798 3109 3013 3175 ἑκεινης,
3078 3111 3191 3183 μεθ’
3261 3112 3324 3171 ἧς
3376 3110 3546 3182 μέλλει
3598 3110 3859 3163 κατελθεῖν

2182 3187 2487 3281 (ξύστερον,
2556 3200 2638 3253 ὅτε
2705 3196 2974 3254 ἀποδώσει
3042 3200 3245 3272 ἑκάστῳ
3308 3202 3444 3252 κατὰ
3521 3203 3613 3259 τὴν
3669 3199 3857 3273 πρᾶξιν

2255 3290 2435 3344 αὐτοῦ.
2494 3287 2805 3363 Ἐρχόμενον
2855 3285 2913 3341 δι
2969 3285 3126 3358 εἶπεν,
3193 3287 3308 3341 ἀντὶ
3354 3296 3468 3360 τοῦ,
3529 3292 3858 3360 Φαινόμενον.

2256 3437 2402 3487 ΚΕΦ.
2450 3432 2570 3486 ΛΔ’.
2634 3434 2760 3505 Περὶ
2812 3439 2905 3494 τῆς
2963 3436 3406 3506 μεταμορφώσεως
3453 3440 3545 3485 τοῦ
3601 3439 3859 3508 Χριστοῦ,

2326 3526 2427 3576 Καὶ
2464 3520 2575 3594 μεθ’
2633 3552 2702 3561 -
2732 3520 2914 3576 αὐτοῦ.
2956 3526 3161 3582 Λουκᾶς
3194 3518 3252 3574 δε
3295 3525 3440 3576 Μετὰ
3491 3522 3625 3574 ὀκτώ
3676 3540 3856 3593 φησιν,

2252 3611 2345 3664 οὐκ
2400 3608 2777 3682 ἓναντιολογὼν.
2838 3608 3006 3673 Οὗτος
3058 3614 3148 3683 μεν
3201 3614 3301 3684 γὰρ
3357 3612 3715 3682 σννηρίθμησε
3768 3616 3857 3662 καὶ

2253 3699 2414 3762 αύτὰς
2450 3702 2541 3759 τὰς
2583 3700 2801 3771 ἡμέρας,
2833 3698 2950 3750 καθ’
3010 3701 3071 3757 ἦν
3122 3716 3175 3749 τε
3231 3698 3294 3747 τὰ
3339 3697 3563 3771 ῥηθέντα
3612 3692 3719 3747 εἷπε
3748 3704 3855 3757 τοῖς

2250 3791 2508 3862 μαθηταῖς
2540 3790 2564 3840 ὁ
2610 3791 2858 3862 Χριστὸς,
2907 3791 2995 3838 καὶ
3025 3784 3141 3837 καθ’
3193 3786 3253 3844 ἣν
3300 3787 3513 3845 τούτους
3549 3783 3803 3857 παρελαϐε
3835 3801 3847 3815 ’

2250 3881 2518 3939 Ματθαῖος
2560 3873 2639 3943 δε,
2691 3881 2780 3930 καὶ
2823 3874 3111 3950 ἀμφοτέρας
3159 3876 3353 3936 ταύτας
3396 3872 3722 3950 παραλιπών,
3764 3877 3854 3935 τὰς

2250 3969 2445 4043 μεταξύ
2499 3973 2657 4040 μόνας
2716 3965 3147 4041 ἁπηριθμήσατο.
3199 3969 3342 4017 Διατί
3406 3960 3464 4017 δε
3518 3969 3703 4037 μόνους
3742 3964 3853 4035 (32)

2251 4063 2366 4119 τούς
2404 4064 2539 4131 τρεῖς
2579 4058 2793 4117 τούτους
2842 4053 3254 4128 παραλαμϐάνει,
3304 4058 3394 4106 καὶ
3440 4053 3499 4106 ού
3542 4062 3630 4105 νῦν
3679 4058 3854 4126 μόνον,

2256 4147 2382 4199 ἀλλὰ
2438 4150 2527 4198 καὶ
2588 4144 2854 4211 πολλάκις,
2908 4146 2975 4206 ὡς
3014 4150 3283 4217 προῖόνιες
3339 4145 3621 4217 εὑρήσομεν
3660 4160 3673 4210 ;
3717 4148 3859 4196 Διότι

2254 4245 2353 4289 τῶν
2383 4234 2545 4287 ἄλλων
2606 4235 2851 4305 μαθητῶν
2910 4235 3187 4306 ὑπερεῖχον
3245 4233 3389 4286 οὗτοι
3445 4250 3458 4263 ⁶
3504 4238 3696 4307 Πέτρος
3743 4236 3857 4306 μὲν,

2256 4324 2355 4377 ἀπὸ
2382 4331 2473 4376 τού
2502 4319 2709 4395 σφόδρα
2739 4320 2897 4394 φιλεῖν
2930 4322 3105 4387 αύτόν,
3146 4318 3238 4375 διὰ
3271 4323 3561 4397 θερμότητα
3586 4326 3810 4383 πίστεως
3844 4340 3856 4352 ·

2255 4414 2489 4473 Ἰωάννης
2534 4409 2614 4481 δὲ,
2648 4413 2750 4463 ἀπὸ
2780 4418 2872 4463 τοῦ
2905 4409 3112 4484 σφόδρα
3157 4410 3417 4484 φιλεῖσθαι
3456 4413 3540 4463 ὑπ’
3570 4411 3749 4475 αύτού,
3784 4407 3857 4464 δι’

483 4494 844 4568 diligebatur
867 4495 946 4550 ab
976 4494 1095 4561 illo,
1126 4501 1370 4567 propter
1394 4497 1675 4557 virtutum
1697 4502 2139 4571 excellentiam;

2255 4498 2536 4575 ὑπερϐολὴν
2594 4498 2803 4573 ἀρετῶν.
2862 4498 3105 4560 Ἰάκωϐος
3166 4494 3244 4569 δὲ,
3325 4498 3425 4551 ἀπὸ
3502 4507 3593 4551 τοῦ
3650 4497 3860 4574 σφόδρα

480 4584 741 4640 Iacobus
771 4586 971 4639 autem
997 4583 1141 4655 quia
1170 4585 1366 4654 gravis
1387 4587 1721 4646 admodum
1747 4595 1872 4647 erat
1898 4590 2139 4657 Judmis,

484 4672 547 4727 in
565 4675 800 4727 tantum
824 4677 887 4725 ut
919 4671 1177 4729 Herodes
1202 4674 1400 4733 occiso
1429 4677 1528 4735 illo
1557 4678 1887 4735 maximam
1915 4679 2142 4751 praesti-

483 4759 620 4818 terit
651 4759 909 4829 gratiam
946 4761 1183 4818 Iudaeis.

556 4847 699 4903 Vide
736 4852 939 4906 autem
971 4852 1279 4923 quomodo
1316 4853 1628 4911 Matthmus
1653 4870 1771 4910 non
1810 4856 2142 4915 occultave-

2252 4586 2420 4662 βαρὺς
2473 4585 2603 4641 εἶναι
2650 4596 2754 4649 τοῖς
2817 4584 3117 4657 Ἰουδαίοις,
3166 4587 3279 4657 (33)
3312 4587 3407 4662 [ὡς
3436 4593 3526 4640 καὶ
3580 4591 3667 4640 τὸν
3697 4588 3858 4665 Ἡρώ-

2250 4675 2370 4746 δην,
2404 4679 2617 4752 ὕστερον
2674 4676 2912 4730 ἀνελόντα
2962 4685 3163 4747 τοῦτον,
3213 4678 3375 4750 χάριν
3427 4682 3680 4749 μεγίστην
3720 4677 3853 4730 ἀπο-

2247 4776 2419 4840 νεῖμαι
2448 4774 2556 4830 τοῖς
2586 4763 2906 4838 Ἰουδαίοις.]

2320 4861 2503 4909 Σκόπει
2534 4852 2613 4923 δε,
2656 4864 2765 4918 πῶς
2807 4857 2832 4907 ό
2890 4856 3154 4916 Ματθαίος
3205 4854 3298 4907 ούκ
3357 4852 3697 4930 ἀπεκρύψατο
3732 4859 3854 4920 τοὺς

483 4936 558 4993 rit
598 4935 731 4993 illos
782 4939 884 5010 qui
929 4938 1044 4996 sibi
1092 4942 1393 5013 praepositi
1442 4943 1603 4996 sunt.
1654 4941 1776 4999 Hoc
1824 4950 2029 5003 autem
2084 4952 2141 5005 et

2255 4948 2654 5022 προτιμηθέντας
2715 4945 2895 5001 αὐτοῦ.
2952 4951 3117 4998 Τοῦτο
3173 4940 3232 4997 δὲ
3292 4947 3382 4995 καὶ
3430 4943 3670 5007 Ἰωάννης
3729 4946 3850 4998 πολ-

484 5023 752 5082 Joannes
782 5025 1083 5101 plerisque
1102 5028 1164 5085 in
1181 5028 1328 5087 locis
1351 5027 1509 5095 facit,
1533 5030 1836 5102 prmeipua
1861 5032 2014 5091 Petri
2040 5049 2138 5093 en-

558 5150 608 5188 "
638 5151 774 5209 Luc.
796 5167 877 5221 1x,
916 5154 1006 5211 28.

2244 5035 2416 5108 λαχοῦ
2462 5042 2622 5103 ποιεῖ,
2664 5037 2730 5088 τὰ
2776 5033 3012 5110 ἔξαίρετα
3061 5040 3153 5086 τοῦ
3193 5037 3389 5110 Πέτρου
3439 5032 3673 5107 ἕγκώμια
3702 5032 3851 5106 φιλαο

1710 5331 1929 5405 Varias
1955 5333 2285 5451 lectiones
2316 5343 2383 5407 et
2410 5344 2613 5407 notas.

583 5528 671 5618 ﬁt.)
702 5531 830 5618 25°?
867 5525 1151 5618 αδῖιιὲρΑο

580 5598 669 5669 32)
704 5598 900 5659 Μόνους
928 5599 1151 5661 τούτους
1190 5600 1311 5662 τοὺς
1336 5606 1494 5673 τρεῖς.
1521 5602 1589 5659 Α.

2254 5576 2300 5668 ἡ
2327 5535 2688 5663 (Ριέηηοιιιεα
2704 5531 3052 5591 exciderant
3066 5547 3139 5590 ex
3149 5529 3353 5591 codice
3364 5530 3429 5589 Β.
3454 5531 3533 5590 ob
3544 5532 3864 5607 repetitum

2303 5628 2363 5666 ον
2406 5628 2557 5668 αιοις.

2303 5628 2395 5666 ouo
2406 5628 2557 5672 αιοις.

561 5750 669 5822 (cc)
697 5748 1089 5807 Pratmittens.
1117 5749 1378 5811 Addens.
1413 5755 1581 5814 Forte
1610 5755 1753 5830 legit
1779 5760 2062 5834 προτιθείς.
2094 5761 2150 5817 Ai

2255 5761 2455 5836 siglam
2484 5760 2711 5821 invenit
2733 5759 2986 5838 πρτιθιίς,
3018 5772 3155 5832 qum
3179 5758 3440 5834 προτιθιίς
3465 5761 3651 5818 notat.
