4176 6448
277 413 390 471 477

1247 413 1617 474 COMMENT.
1659 414 1732 471 IN
1769 413 2218 474 MATTHEUM.
2259 447 2328 460 —
2367 416 2523 474 CAP.
2564 417 2736 476 XVII.

3551 403 3658 466 478

274 539 453 601 ληθῶς
497 537 823 614 ἀναγράφων.
879 543 1071 596 Φθόνου
1101 542 1200 616 γὰρ
1253 540 1400 604 έκτὸς
1447 539 1508 600 ἦν
1546 542 1572 594 ό
1625 548 1724 593 τῶν
1754 539 1875 594 ἀπο-

1998 543 2196 601 comia
2232 543 2485 602 libenter
2523 544 2865 602 describens
2903 560 2919 612 ;
2958 538 3358 615 apostolorum
3397 547 3657 606 namque

277 629 480 682 στόλων
512 636 694 703 χορός.
741 635 886 684 Διατί
932 628 1008 697 δὲ,
1053 632 1206 684 εἰπὼν
1246 633 1272 684 ό
1317 634 1570 706 Χριστός,
1612 630 1730 684 Εἰσί
1757 650 1889 693 τινες

274 728 380 774 τῶν
421 715 527 772 ὦδε
587 719 841 786 ἑστώτων,
897 719 1234 796 ἀπεκρύψατο
1264 723 1330 774 τά
1366 723 1558 773 τούτων
1619 719 1884 792 ὀνόματα;

276 811 376 863 Διά
405 812 465 861 τό
503 813 578 882 μὴ
610 808 845 868 λυπῆσαι
891 814 1012 873 τοὺς
1040 810 1244 874 ἄλλους’
1276 815 1366 864 καὶ
1395 811 1496 886 γὰρ
1528 809 1766 882 ἤλγησαν
1803 807 1884 877 ἂν,

282 895 534 962 δόξαντες
561 901 626 959 ὡς
669 897 870 962 ἀνάξιοι
899 902 1252 974 παρορᾶσθαι.

357 992 458 1043 Καὶ
477 1019 549 1029 -
581 985 742 1041 κατιδ
748 993 848 1044 ίαν.
869 989 927 1042 Ὀ
957 986 1016 1042 δὲ
1043 995 1248 1051 Λουκᾶς
1267 986 1422 1056 εἶπεν,
1450 989 1550 1056 ὅτι,
1574 986 1884 1062 παραλαϐὼν

285 1076 488 1145 αύτούς,
523 1075 676 1138 ἀνέϐη
715 1077 789 1140 εἰς
811 1081 869 1132 τό
909 1083 1025 1153 ὄρος
1052 1079 1464 1154 προσεύξασθαι.

353 1279 456 1330 Καὶ
505 1306 578 1316 -
617 1282 742 1348 φῶς.
795 1274 1056 1351 ’Δναφέρει
1226 1276 1412 1338 αύτούς
1458 1276 1526 1338 εἰς
1574 1280 1685 1352 ὄρος
1741 1277 1882 1349 ύψη-

278 1363 382 1431 λὸν,
455 1365 541 1417 ἵνα
605 1367 819 1437 γένηται
892 1371 1026 1418 πᾶσι
1087 1372 1194 1428 τοῖς
1258 1365 1434 1430 ἄλλοις
1489 1364 1725 1430 ἀθέατος.
1787 1368 1882 1421 Διά

276 1462 429 1508 τοῦτο
480 1456 585 1529 γὰρ
659 1455 1002 1527 προσέθηκεν,
1077 1456 1158 1508 ὅτι
1209 1452 1475 1512 κατιδίαν.
1549 1453 1717 1510 Οὐδέν
1779 1461 1878 1533 γὰρ

275 1543 440 1598 ἐποίει
497 1547 629 1617 πρὸς
685 1542 1004 1616 φιλοτιμίαν,
1071 1543 1200 1598 ἀλλὰ
1248 1548 1417 1599 πάντα
1482 1549 1618 1600 κατά
1670 1551 1875 1623 χρείαν.

269 1630 413 1704 Ἀμα
461 1629 521 1686 δὲ
550 1636 660 1698 καὶ,
706 1633 790 1685 ἵνα
816 1635 1081 1706 μάθωμεν,
1134 1635 1213 1687 ὅτι
1258 1639 1368 1709 χρὴ
1403 1636 1754 1711 ύπέραρθῆναι
1786 1645 1880 1700 τῆς

269 1728 468 1796 γεηρᾶς
494 1721 906 1795 χθαμαλότητος
957 1726 1043 1776 τόν
1074 1722 1321 1778 μέλλοντα
1368 1727 1583 1801 θεωρίας
1625 1727 1763 1788 θείας
1794 1725 1880 1789 ἀξ-

269 1813 491 1871 ωθῆναι.

343 1902 732 1975 Μετεμορφώθη
789 1897 867 1968 δὲ,
918 1906 1181 1974 μείναντος
1218 1905 1308 1976 μὲν
1366 1909 1457 1956 τοῦ
1514 1909 1753 1977 σώματος
1797 1903 1881 1958 ἐπὶ

275 1998 366 2043 τοῦ
422 1990 616 2043 οἰκείου
683 1995 979 2063 σχὰματος·
1038 1998 1134 2054 τῆς
1194 1993 1367 2054 θεῑκῆς
1422 1989 1480 2045 δὴ
1520 1991 1881 2069 λαμπρότητος

287 2083 465 2152 μικρόν
499 2099 550 2132 τι
577 2082 1106 2154 παραγυμνωθείσης,
1148 2085 1238 2133 καὶ
1276 2081 1785 2157 καταλαμπρυνοίσης
1823 2085 1882 2135 τὸ

294 2172 561 2241 πρόσωπον
597 2167 774 2240 αὐτοῦ,
835 2174 925 2222 καὶ
982 2173 1040 2222 τὸ
1081 2166 1215 2232 εἶδος
1252 2173 1438 2224 τούτου
1487 2170 1881 2242 μεταϐαλούσης

298 2253 383 2308 ἐπὶ
410 2259 468 2308 τὸ
513 2254 892 2332 θεοειδέστερον.
937 2257 1266 2332 Ἐμπροσθεν
1310 2256 1368 2312 δε
1415 2259 1603 2327 αὐτῶν,
1648 2262 1730 2313 ἱνα
1760 2259 1879 2334 βλέ-

292 2364 486 2411 ποντες,
540 2354 642 2409 πῶς
705 2349 1100 2420 μετεμορφώθη,
1187 2353 1258 2420 μὴ
1324 2348 1655 2402 ὑπολάϐωσιν
1712 2351 1880 2423 ἕτερον

282 2433 436 2486 αὑτὸν
464 2430 609 2502 εἶναι,
639 2440 730 2488 καὶ
761 2436 869 2508 ⁸ἵνα
895 2438 1128 2509 μάθωσι,
1177 2446 1287 2501 πῶς
1322 2438 1454 2491 οὕτω
1495 2437 1642 2514 ῥᾷον,
1671 2439 1696 2492 ὃ
1729 2439 1879 2507 θέλει,

276 2519 518 2577 δύναται.

340 2612 583 2685 Ἐλαμψε
633 2610 694 2667 δε
723 2617 781 2667 τό
839 2618 1116 2689 πρόσωπον
1146 2615 1305 2668 αύτοῦ
1357 2618 1426 2679 ὡς
1455 2617 1480 2669 ό
1527 2616 1688 2682 ἣλιος,
1741 2614 1878 2672 διότι

273 2702 438 2764 οὕτως
467 2699 642 2766 ἔδοξεν
673 2703 872 2768 αὐτοῖς.
903 2703 960 2758 Ἠ
991 2707 1093 2778 γὰρ
1132 2704 1430 2779 λαμπρότης
1459 2705 1621 2766 ἐκείνη
1650 2708 1774 2783 ύπὶρ
1796 2712 1879 2760 τὸν

275 2791 415 2851 ἣλιον
454 2789 538 2861 ἦν,
598 2797 689 2846 καὶ
720 2795 833 2846 θεία
885 2814 964 2856 τις
1019 2799 1109 2847 καὶ
1156 2793 1458 2870 ἀπόῤῥητος.
1493 2800 1568 2850 Τά
1608 2793 1667 2850 δὲ
1700 2799 1884 2870 ἱμάτια

275 2881 436 2934 αὐτοῦ
477 2881 671 2954 ἕγένετο
721 2882 898 2953 λευκὰ,
940 2886 1008 2947 ὡς
1036 2886 1095 2937 τό
1135 2893 1258 2957 φῶς,
1311 2881 1652 2949 διαδοθείσης
1689 2892 1778 2940 καὶ
1809 2887 1881 2951 εἰς

273 2971 410 3023 αύτά
436 2978 534 3034 τῆς
563 2975 920 3045 φωτοχυσίας.

347 3063 408 3114 Εἴ
437 3081 518 3124 τις
548 3057 636 3113 οὖν
684 3067 774 3114 καὶ
822 3057 968 3136 ἡμῶν
1007 3062 1037 3122 ἦ
1086 3061 1349 3134 ἀγαπήσει
1399 3066 1486 3116 τὸν
1534 3065 1760 3137 Ἰησοῦν,
1815 3068 1880 3127 ὡς

276 3154 491 3226 Πέτρος,
526 3150 555 3209 ἦ
608 3148 855 3224 ἀγαπηθῇ
889 3151 1011 3226 παρ’
1055 3151 1234 3220 αὑτοῦ,
1264 3155 1328 3214 ὡς
1357 3152 1620 3220 Ἰωάννης,
1651 3155 1679 3214 ἦ
1709 3153 1878 3228 βαρύς

1997 632 2215 690 chorus
2263 651 2475 708 expers
2507 640 2632 692 erat
2659 634 2918 692 invidim.
2949 634 3085 690 Ideo
3116 636 3317 688 autem
3346 625 3474 698 (dd)
3516 637 3656 679 cum

1996 723 2243 782 dixisset
2281 725 2546 782 Christus
2579 742 2590 780 :
2631 725 2780 782 Sunt
2819 724 3050 798 quidam
3094 722 3162 778 de
3203 719 3302 776 hic
3343 713 3650 778 stantibus,

1994 813 2214 872 horum
2231 815 2547 872 occultavit
2574 815 2824 881 nomina,
2861 830 2938 871 ne
2957 817 3204 870 caeteros
3243 806 3653 867 contristaret;

1995 919 2136 960 nam
2168 904 2450 975 indignos
2482 920 2613 960 sese
2643 904 2926 974 arbitrati,
2960 900 3291 958 doluissent
3319 911 3380 951 se
3406 889 3653 964 despici.

2066 995 2223 1050 Vers.
2268 995 2316 1048 1.
2357 995 2434 1050 Et
2484 1025 2552 1036 —
2598 996 2855 1051 seorsim.
2905 994 3092 1048 Lucas
3140 993 3341 1045 autem
3390 981 3532 1038 dicit
3581 980 3652 1033 ".

1992 1083 2158 1155 quod
2203 1083 2523 1156 assumpsit
2559 1083 2712 1152 illos,
2754 1082 3144 1154 ascenditque
3181 1077 3242 1134 in
3281 1075 3549 1132 montem
3592 1070 3657 1124 ut

1989 1185 2206 1229 oraret.

2059 1177 2228 1319 τόῗά
2256 1264 2308 1318 2.
2344 1263 2421 1318 Et
2467 1293 2537 1304 —
2566 1261 2782 1321 lumen.
2826 1259 3108 1319 Subducit
3135 1255 3268 1314 illos
3297 1253 3360 1309 in
3389 1250 3655 1306 montem

1990 1351 2314 1417 excelsum,
2358 1357 2415 1409 ut
2457 1369 2490 1408 a
2530 1352 2693 1409 nullo
2739 1352 2858 1410 alio
2907 1347 3175 1422 conspici
3220 1341 3410 1419 possit
3455 1355 3470 1406 ;
3519 1335 3656 1393 ideo

1989 1441 2169 1497 etiam
2220 1441 2408 1509 addit,
2441 1441 2713 1499 Seorsim.
2752 1441 2902 1498 Nihil
2946 1440 3104 1496 enim
3147 1434 3400 1494 faciebat
3427 1432 3506 1489 ad
3535 1427 3659 1504 glo'

1987 1530 2162 1595 riam,
2196 1530 2301 1587 sed
2339 1531 2546 1588 omnia
2579 1532 2654 1587 ad
2689 1530 3015 1587 utilitatem.
3053 1529 3342 1585 Praeterea
3379 1528 3444 1580 ut
3459 1521 3656 1579 disca-

1988 1635 2123 1675 mus
2152 1625 2424 1693 oportere
2454 1636 2490 1677 a
2521 1625 2754 1677 terrena
2785 1619 3085 1676 sublevari
3113 1617 3445 1673 humilitate
3489 1628 3650 1680 eum,

1987 1709 2092 1782 qui
2138 1709 2343 1767 divina
2387 1709 2888 1782 contemplatione
2917 1708 3138 1780 dignus
3165 1703 3485 1763 habendus
3543 1709 3653 1763 est.

1915 1895 1961 1954 Β
2059 1910 2126 1966 Ει
2151 1906 2608 1965 transformatus
2635 1909 2741 1972 est,
2773 1918 3022 1976 corpore
3050 1902 3295 1977 quidem
3326 1902 3382 1958 in
3412 1901 3654 1975 propria

1989 1999 2183 2070 ﬁgura
2212 2000 2501 2059 manente,
2559 1993 2758 2050 divino
2805 2008 2943 2049 vero
2984 1991 3305 2065 splendore
3345 1990 3651 2047 modicum

1990 2086 2280 2161 quiddam
2301 2085 2362 2141 in
2380 2101 2451 2142 eo
2472 2083 2802 2155 detegente,
2822 2098 2892 2140 ac
2913 2081 3126 2138 faciem
3148 2081 3279 2153 ejus
3298 2080 3651 2144 illustrante,

1991 2175 2371 2249 speciemque
2409 2173 2568 2229 illius
2607 2174 2681 2229 ad
2720 2173 3015 2245 majorem
3059 2171 3160 2227 Dei
3199 2169 3650 2226 similitudinem

1991 2265 2362 2321 immutante.
2412 2262 2628 2319 Coram
2660 2262 2742 2318 eis
2781 2267 3001 2333 autem.
3031 2276 3106 2318 ne
3155 2259 3649 2317 transformatum

1991 2354 2190 2427 ipsum
2220 2351 2413 2409 intuiti
2473 2351 2724 2408 alterum
2779 2365 2910 2407 esse
2942 2348 3410 2422 suspicarentur,
3465 2351 3650 2420 utque

1993 2441 2214 2500 scirent
2262 2457 2402 2498 eum
2443 2439 2742 2506 facillime,
2781 2439 2949 2512 quod
2987 2437 3146 2505 velit,
3210 2436 3405 2494 facere
3443 2451 3639 2508 posse.

2064 2639 2370 2714 Splenduit
2425 2653 2570 2696 vero
2621 2638 2803 2695 facies
2842 2637 2967 2709 ejus
3010 2636 3162 2693 sicut
3199 2635 3306 2706 sol,
3369 2633 3516 2708 quia
3567 2634 3650 2692 ita

1991 2730 2104 2788 illis
2133 2729 2414 2803 apparuit
2443 2747 2456 2796 ;
2490 2727 2583 2784 ille
2612 2727 2772 2784 enim
2804 2741 2987 2800 supra
3015 2725 3202 2782 solem
3231 2727 3375 2790 erat,
3407 2723 3648 2780 divinus

1989 2820 2241 2894 quidam
2268 2823 2326 2877 et
2349 2817 2686 2875 ineﬂ'abilis.
2715 2817 3080 2874 Vestimenta
3106 2820 3306 2872 autem
3332 2815 3461 2886 ejus
3491 2812 3648 2870 facta

1992 2914 2131 2967 sunt
2175 2909 2433 2967 candida
2478 2908 2630 2965 sicut
2672 2907 2901 2972 lumen,
2951 2904 3170 2962 diffuso
3218 2904 3397 2961 etiam
3445 2903 3505 2961 in
3547 2904 3648 2962 illa

1989 3000 2327 3072 splendore.

1992 3089 2198 3162 Itaque
2267 3089 2316 3144 si
2375 3090 2644 3144 nostrum
2706 3101 2948 3159 quoque
3013 3083 3230 3157 aliquis
3293 3084 3502 3140 Jesum
3582 3087 3648 3141 ut

1991 3179 2192 3234 Petrus
2222 3177 2527 3242 amaverit,
2579 3181 2636 3232 et
2665 3180 2904 3231 amatus
2934 3174 3013 3230 ab
3052 3189 3123 3229 eo
3159 3173 3330 3228 fuerit
3368 3177 3431 3228 ut
3472 3175 3647 3229 Joan-

272 3243 489 3312 γίνηται
517 3241 653 3292 κατὰ
699 3247 798 3291 τῶν
829 3238 1032 3314 ἐχθρῶν
1085 3240 1264 3313 αὐτοῦ,
1298 3244 1365 3304 ὡς
1391 3241 1656 3304 Ἰάκωϐος,
1695 3241 1875 3319 ἐχθροὶ

1993 3283 2122 3332 nes,
2172 3282 2242 3322 ac
2279 3265 2536 3322 inimicis
2583 3263 2739 3320 illius
2778 3263 2976 3333 gravis
3022 3261 3198 3318 fuerit
3249 3265 3314 3316 ut
3357 3261 3642 3329 Jacobus,

276 3325 335 3381 δὲ
363 3330 554 3381 τούτου
611 3332 702 3380 καὶ
755 3327 945 3402 μᾶλλον
976 3331 1025 3381 οἱ
1083 3325 1344 3402 δαίμονες·
1392 3330 1752 3404 ἀναχθήσεται
1791 3333 1879 3386 ὑπ’

273 3417 432 3470 αὐτοῦ
464 3416 532 3478 εἰς
560 3420 677 3492 ὅρος
711 3416 930 3488 ὑψηλὸν,
987 3421 1170 3490 ἤγουν,
1223 3419 1289 3479 εἰς
1318 3419 1454 3491 ύψος
1497 3426 1757 3492 γνώσεως,
1789 3426 1879 3475 καὶ

274 3508 528 3582 θεωρήσει
556 3511 650 3565 τὴν
683 3502 847 3570 δόξαν
885 3505 1066 3572 αὐτοῦ,
1111 3509 1336 3560 καθόσον
1369 3510 1572 3581 ἐφικτὸν
1603 3508 1874 3585 ἀνθρώπῳ,

271 3595 405 3667 λέγω
462 3591 558 3664 δὴ,
588 3597 653 3648 τά
702 3602 807 3657 τοῖς
853 3594 1060 3658 πολλοῖς
1098 3594 1530 3672 ἀποκεκρυμμένα
1557 3604 1646 3650 καὶ
1691 3597 1880 3653 ἀθέατα

271 3689 560 3758 μυστήρια,

346 3773 458 3825 Ούκ
523 3773 738 3849 ἄκαιρον
805 3769 864 3826 δὲ
925 3773 1081 3827 εἰπεῖν
1133 3779 1392 3850 πρόσωπα
1451 3778 1564 3847 (34)
1635 3780 1724 3850 μεν
1785 3785 1878 3830 τοῦ

274 3862 455 3921 Ἰησοῦ
538 3866 633 3920 τὴν
693 3870 886 3934 γνῶσιν
943 3871 1042 3916 τῶν
1092 3863 1256 3936 λόγων
1322 3865 1502 3929 αὐτοῦ,
1582 3867 1765 3939 ἱμάτια
1819 3863 1879 3919 δὲ

272 3952 435 4004 αὐτοῦ
463 3953 553 4012 τὰς
580 3950 740 4014 λέξεις
768 3959 868 4004 τῶν
905 3951 1070 4024 λόγων
1099 3953 1282 4024 αύτού,
1327 3953 1390 4016 ἃς
1418 3956 1446 4014 ἡ
1486 3954 1872 4030 ἕγκεκρυμμένη

269 4044 474 4102 τούτοις
528 4048 725 4112 γνῶσις
787 4040 1173 4113 περιϐέϐληται,
1229 4046 1296 4106 ὡς
1356 4046 1557 4116 ἱμάτιαο
1614 4045 1727 4118 (35)
1785 4051 1874 4099 καὶ

265 4131 452 4202 ὄψεται
490 4133 548 4182 τό
596 4132 688 4202 μὶν
738 4137 971 4183 τοιοῦτον
1021 4137 1300 4204 πρόσὼπον
1355 4133 1514 4186 αὐτοῦ
1553 4133 1754 4207 λάμπον
1783 4141 1873 4188 καὶ

262 4223 491 4293 φωτίζον
553 4222 669 4280 τούς
730 4217 1128 4288 ἔνατενίζοντας,
1185 4224 1252 4274 τὰ
1329 4217 1387 4275 δε
1446 4231 1663 4276 τοιαῦτα
1719 4223 1871 4276 πάλιν

261 4310 452 4381 ἱμάτια
477 4308 636 4361 αύτού
687 4307 862 4376 λευκὰ,
895 4306 1061 4382 μηδὲν
1094 4314 1354 4364 σκοτεινόν
1396 4317 1486 4365 καὶ
1535 4312 1649 4384 (36)
1679 4311 1871 4386 ἀσαφὲς

256 4400 475 4470 ἴχοντα.

1988 3355 2214 3412 inimici
2244 3369 2386 3410 vero
2436 3352 2593 3408 illius
2622 3355 2760 3408 sunt
2798 3351 3127 3414 daemones,
3174 3347 3534 3404 subducetur
3563 3349 3642 3406 ab

1989 3459 2061 3501 eo
2121 3444 2182 3499 in
2243 3447 2511 3499 montem
2573 3440 2892 3504 excelsum,
2958 3438 3080 3494 sive
3146 3437 3207 3494 in
3269 3437 3642 3494 altitudinem

1987 3531 2362 3603 cognitionis,
2396 3536 2453 3588 et
2481 3530 2725 3602 gloriam
2767 3529 2924 3586 illius
2961 3526 3306 3592 intuebitur,
3346 3531 3643 3598 quantum

1987 3620 2217 3678 homini
2251 3620 2614 3693 permissum
2652 3623 2785 3675 est:
2817 3617 2952 3675 dico
2995 3631 3137 3673 sane
3182 3614 3467 3689 mysteria
3503 3630 3641 3687 quas

1987 3710 2192 3768 multis
2218 3711 2514 3768 occultata
2545 3713 2684 3766 sunt
2713 3724 2785 3766 ac
2813 3707 3020 3765 invisa.

2059 3804 2188 3859 Non
2215 3801 2323 3858 erit
2375 3806 2575 3858 autem
2605 3803 2820 3872 praeter
2867 3798 3162 3854 intentum
3193 3799 3297 3853 aut
3349 3796 3640 3870 intempe-

1987 3890 2226 3956 stivum,
2273 3895 2337 3947 ut
2369 3890 2644 3947 dicamus
2689 3888 2904 3944 faciem
2939 3888 3081 3943 Jesu
3117 3886 3479 3943 intellectum
3525 3901 3642 3942 ser-

1984 3996 2237 4037 monum
2292 3980 2488 4047 illius;
2546 3977 2903 4035 vestimenta
2957 3991 3101 4033 vero
3166 3976 3297 4050 ejus
3354 3975 3640 4033 dictiones

1984 4085 2354 4138 sermonum,
2382 4069 2599 4142 quibus
2632 4067 2962 4125 occultatus
2991 4069 3081 4122 est
3107 4063 3168 4121 in
3198 4065 3281 4122 eis
3310 4064 3640 4121 intellectus

1981 4163 2272 4233 tanquam
2300 4157 2670 4215 vestimentis
2695 4155 2961 4213 induitur
2989 4172 3003 4222 ;
3031 4153 3285 4227 talisque
3311 4155 3439 4223 ejus
3459 4153 3640 4209 facies

1981 4247 2315 4320 apparebit,
2339 4246 2658 4318 splendens
2680 4261 2750 4302 ac
2775 4242 3121 4301 illuminans
3144 4257 3246 4298 eos
3266 4240 3368 4313 qui
3391 4241 3452 4295 in
3473 4239 3639 4297 illam

1979 4336 2252 4408 deﬁgunt
2289 4335 2496 4392 oculos
2531 4351 2544 4390 :
2575 4340 2631 4391 et
2659 4350 2889 4390 rursum
2934 4331 3076 4388 talia
3111 4330 3240 4402 ejus
3285 4327 3640 4387 vestimenta

1978 4425 2239 4482 candida
2269 4429 2425 4490 sunt,
2459 4422 2729 4498 nihilque
2755 4423 3138 4480 tenebrosum
3177 4423 3280 4477 aut
3309 4417 3638 4477 obscurum

1976 4513 2281 4572 habentia.

330 4598 434 4646 Καὶ
483 4624 554 4634 -
633 4593 743 4667 μετ’
796 4594 955 4648 αὐτοῦ
1043 4594 1428 4659 συλλαλοῦντες.
1515 4601 1611 4652 Διά
1677 4599 1869 4664 πολλὰς

2049 4603 2221 4662 Vers.
2263 4607 2313 4660 3.
2342 4602 2423 4660 Et
2452 4631 2520 4646 —-
2550 4615 2678 4658 cum
2710 4617 2774 4659 eo
2802 4602 3119 4674 loquentes.
3149 4600 3396 4673 Propter
3424 4598 3638 4657 multas

256 4681 432 4744 αἰτίας
453 4685 540 4735 τόν
570 4690 802 4744 Μωύσῆν
845 4689 934 4737 καὶ
962 4687 1048 4737 τόν
1083 4684 1258 4738 Ἠλίαν
1306 4691 1632 4762 παρέστησεν
1679 4688 1861 4763 ἐαυτῷ.

263 4768 475 4831 Ἐπειδὴ
539 4775 637 4849 γὰρ
699 4775 748 4826 οἱ
796 4773 948 4846 ὄχλοι
1012 4773 1182 4846 ἔλεγον
1254 4778 1302 4829 οἱ
1349 4780 1438 4849 μὲν
1489 4777 1728 4838 Ἰωάννην
1776 4785 1863 4834 τόν

257 4866 561 4920 Βαπτιστην
610 4859 736 4916 εἶναι
785 4863 960 4929 αὐτόν,
1013 4863 1156 4916 ἄλλοι
1202 4860 1281 4933 δὲ,
1333 4864 1530 4937 Ἠλίαν,
1572 4870 1732 4943 ἕτεροι
1781 4867 1860 4937 δὲ,

254 4950 509 5024 Ἰερεμίαν
561 4953 591 5012 ἣ
643 4953 729 5005 ἕνα
781 4961 879 5005 τῶν
929 4962 1206 5028 προφητῶν
1262 4962 1362 5007 τῶν
1411 4954 1669 5031 ἀρχαίων·
1728 4979 1861 5032 συμ-

254 5045 608 5116 παρέστησεν,
654 5043 724 5104 ὡς
770 5038 1009 5106 δούλους,
1045 5046 1161 5104 τούς
1213 5042 1623 5120 έπισημοτέρους
1661 5056 1758 5100 τῶν
1811 5048 1860 5102 έν

251 5136 318 5202 τῇ
368 5127 576 5202 Παλαιᾷ
611 5129 946 5204 λαμψάντων,
980 5131 1062 5184 ἵνα
1105 5139 1235 5205 φανῇ
1268 5136 1326 5185 τό
1373 5136 1530 5208 μέσον
1580 5135 1764 5190 ἑαυτοῦ
1806 5158 1861 5192 τε

323 5305 371 5342 ⁵⁸
398 5303 520 5363 Luc
547 5321 628 5375 lx,
659 5309 748 5365 28.

1976 4709 2189 4751 causas
2230 4708 2433 4749 secum
2479 4697 2672 4748 astare
2713 4689 2850 4748 fecit
2889 4693 3086 4749 Mosen
3139 4695 3196 4748 et
3232 4690 3437 4747 Eliam.
3491 4689 3638 4756 Quia

1975 4782 2138 4839 enim
2178 4783 2369 4839 turba:
2405 4781 2724 4838 dicebant:
2771 4780 2833 4836 bi
2888 4779 3134 4852 quidem
3171 4779 3468 4838 Joannem
3507 4794 3636 4836 esse

1976 4872 2325 4945 Baptistam,
2374 4871 2493 4927 allii
2521 4875 2721 4927 autem
2750 4867 2955 4936 Eliam,
2988 4869 3081 4924 alii
3114 4884 3251 4926 vero
3289 4869 3632 4935 Jeremiam,

1973 4967 2076 5019 aut
2098 4977 2284 5017 unum
2310 4967 2570 5018 veterum
2598 4958 3030 5032 prophetarum
3057 4975 3070 5014 :
3101 4957 3401 5014 constituit
3431 4974 3636 5015 coram

1973 5067 2034 5107 se
2078 5055 2361 5123 tanquam
2394 5065 2618 5114 servos,
2653 5064 2754 5105 eos
2792 5047 2898 5121 qui
2931 5047 2991 5103 in
3033 5047 3214 5103 veteri
3257 5050 3635 5105 Testamento

1973 5138 2327 5212 insigniores
2382 5138 2757 5206 refulserant,
2813 5142 2879 5194 ut
2933 5135 3257 5195 discrimen
3318 5136 3485 5212 quod
3548 5141 3637 5194 est

1483 5383 1701 5456 Varia;
1729 5385 2057 5459 lectiones
2089 5397 2156 5458 et
2185 5397 2388 5459 notae.

239 5641 294 5701 ri
300 5571 435 5699 l£134)
472 5571 795 5631 Hentenius
842 5577 1123 5650 πρόσωπον
1171 5575 1332 5650 legit,
1373 5579 1540 5653 quod
1596 5581 1855 5655 praetule-

2062 5582 2153 5730 3δέ
2176 5581 2420 5656 ’Ῑμάτιον.
2447 5585 2516 5641 Α.

2062 5659 2127 5712 36
2179 5659 2281 5710 Καὶ
2309 5653 2516 5730 ἀσφαλές

2062 5653 2152 5730 36)
2179 5653 2281 5710 Καὶ
2309 5653 2548 5730 ἀσφαλές.
2577 5656 2623 5712 Α
2651 5655 2850 5714 .male.

316 5821 442 5898 (dd)
458 5821 593 5883 Ideo
622 5827 839 5884 autem.
871 5824 984 5883 Cur
1012 5830 1237 5886 autem.
1274 5830 1387 5889 Pro
1420 5825 1587 5902 διατί,
1617 5831 1860 5892 videtur
1887 5833 2185 5894 invenisse
2217 5830 2380 5907 διότι,
2415 5835 2581 5910 quod
2610 5838 2816 5894 tamen
2843 5834 3049 5894 locum
3077 5845 3203 5892 non
3229 5829 3436 5891 habet.
