4176 6476
514 401 621 467 119

1848 403 2188 462 EUTHYMII
2219 402 2553 462 ZIGABENI

3777 409 3889 467 480

516 537 666 595 inter
712 552 774 593 se
831 541 888 594 et
933 536 1066 594 illos
1121 539 1430 610 appareat,
1472 541 1526 591 et
1571 537 1862 607 quantum
1912 532 2038 606 ipse
2090 532 2163 589 ah

2280 533 2545 600 κάκείνων,
2583 537 2670 587 καὶ
2701 537 2862 587 πόσον
2911 533 3067 596 αὐτὸς
3118 529 3352 607 διαφέρει
3398 533 3614 588 τούτων.
3652 539 3764 590 Μία
3791 539 3886 610 μεν

513 625 624 683 illis
648 625 906 684 diﬂ'erat.
938 627 1071 680 Hac
1097 625 1298 697 itaque
1327 640 1445 680 una
1471 624 1580 680 fuit
1605 639 1812 680 causa.

584 716 781 773 Altera
806 731 1047 772 rursum
1077 733 1089 772 :
1123 715 1267 788 quia
1295 712 1664 771 accusabant
1691 713 1862 770 illum
1902 712 1976 768 de
2022 712 2170 784 legis

516 806 987 878 transgressione
1016 806 1315 862 dicentes:
1366 805 1496 860 Non
1525 808 1608 860 est
1639 803 1735 859 hic
1777 820 1811 857 a
1840 805 1971 868 Deo,
2038 802 2172 874 quia

513 897 841 954 Sabbalum
871 911 991 952 non
1021 895 1268 951 custodit
1305 895 1378 950 9°.
1411 896 1751 964 Rursusque
1782 891 2170 964 blasphemia

514 1001 651 1042 eum
683 986 1070 1050 accusabant,
1100 989 1156 1040 et
1183 984 1343 1056 quod
1369 983 1465 1038 Dei
1493 982 1744 1051 gloriam
1771 981 1883 1035 sibi
1911 980 2171 1036 vindica-

512 1081 602 1132 ret
628 1075 893 1130 dicentes
925 1091 941 1128 :
970 1075 1052 1131 De
1081 1073 1230 1129 bono
1259 1088 1429 1142 opere
1453 1087 1568 1127 non
1607 1070 1928 1141 lapa‘damus
1959 1076 2028 1134 te,
2072 1071 2172 1126 sed

513 1163 576 1218 de
603 1163 972 1231 blasphemia,
1005 1169 1060 1219 et
1089 1163 1227 1234 quia
1258 1162 1428 1218 homo
1457 1177 1586 1216 cum
1615 1159 1714 1223 sis,
1739 1161 1895 1228 facis
1927 1159 2170 1228 teipsum

513 1253 692 1309 Deum
725 1253 742 1288 ¹
774 1269 788 1318 ;
821 1256 1016 1309 astare
1048 1251 1180 1308 fecit
1210 1266 1411 1307 coram
1459 1265 1523 1305 se
1552 1251 1752 1306 Mosen
1800 1254 1864 1304 ut
1892 1247 2173 1304 ostende-

512 1345 618 1408 ret,
646 1341 812 1414 quod
841 1341 888 1396 si
912 1341 1057 1412 legis
1082 1345 1485 1411 transgressor
1508 1342 1682 1403 esset,
1711 1353 2087 1410 nequaquam
2112 1336 2172 1392 in

513 1424 768 1488 inodum
793 1433 945 1487 servi
970 1429 1270 1504 legislator
1295 1430 1406 1486 sibi
1438 1429 1720 1486 astitisset
1747 1447 1760 1495 ;
1789 1429 1976 1484 Etiam
2009 1444 2170 1486 vero.

513 1525 578 1576 ut
601 1524 892 1593 appareat
911 1521 1071 1590 qnod
1099 1521 1147 1575 si
1175 1519 1567 1592 blasphemus
1587 1524 1759 1584 esset,
1783 1534 2168 1591 nequaquam

512 1609 562 1664 is
590 1609 694 1681 qui
740 1625 976 1681 semper
1024 1609 1121 1665 Dei
1171 1609 1422 1678 gloriam
1449 1609 1832 1666 vehementer
1862 1613 2170 1666 amaverat

511 1714 580 1755 ac
599 1698 784 1754 tuitus
805 1698 1014 1764 fuerat,
1041 1703 1329 1772 tanquam
1351 1715 1559 1755 servus
1579 1699 1661 1755 illi
1684 1704 1902 1756 astaret
1920 1700 2026 1772 qui
2048 1699 2166 1756 Deo

512 1789 839 1844 contrarius
863 1792 1034 1844 esset.

580 1985 771 2040 Tertia
811 1998 1054 2056 quoque
1103 1999 1306 2049 causa,
1339 1989 1404 2040 ut
1435 1984 1641 2040 mortis
1681 1984 1939 2058 vitaque
1972 1985 2164 2042 Domi-

509 2079 1110 2142 nuscognosceretur.
1142 2077 1329 2130 Moses
1359 2075 1515 2130 enim
1550 2080 1820 2130 mortuus
1836 2081 1978 2141 erat,
2013 2075 2168 2132 Elias

512 2167 705 2220 autem
738 2163 908 2218 vivus
943 2179 955 2219 :
989 2167 1044 2219 et
1072 2168 1135 2220 ut
1182 2163 1448 2220 videntes
1481 2164 1857 2236 postmodum
1891 2165 2167 2237 discipuli

510 2251 676 2308 illum
708 2253 1080 2319 morientem,
1115 2253 1510 2324 intelligerent
1538 2255 1703 2326 quod
1733 2254 1856 2310 hac
1901 2254 2170 2311 volunta-

511 2341 592 2398 rie
632 2347 945 2412 pateretur,
983 2348 1037 2399 et
1068 2344 1395 2413 cogitarent
1423 2344 1589 2415 quod
1620 2359 2006 2417 nequaquam
2052 2359 2169 2400 mo-

511 2436 735 2487 reretur
763 2431 982 2488 invitus
1011 2434 1113 2505 qui
1144 2433 1348 2488 mortis
1379 2433 1633 2504 vitaque
1663 2437 1819 2488 esset
1845 2433 2157 2488 Dominus.

583 2521 776 2576 Potest
806 2525 863 2577 et
891 2521 1010 2576 alia
1041 2521 1183 2576 addi
1215 2537 1400 2577 causa
1429 2521 1593 2593 quod
1642 2522 1753 2576 hos
1791 2530 2036 2594 propter
2083 2522 2168 2579 di-

509 2610 766 2682 scipulos
796 2611 1067 2676 adduxit,
1102 2616 1163 2668 ut
1199 2611 1277 2666 ad
1321 2625 1525 2666 eorum
1570 2611 1962 2668 imitationem
2013 2613 2166 2669 exci-

508 2703 792 2756 tarentur.
837 2699 1144 2771 Siquidem
1191 2702 1376 2756 Moses
1429 2699 1644 2769 lingua
1689 2700 1965 2756 tardioris
2017 2705 2162 2772 erat,

508 2787 664 2845 Elias
708 2802 848 2843 vero
894 2787 1101 2843 durior
1137 2803 1208 2844 ac
1237 2787 1540 2859 asperior:
1577 2788 1761 2844 ambo
1808 2791 1986 2846 etiam
2039 2789 2167 2848 ino-

506 2891 613 2949 pes
643 2879 831 2941 erant,
875 2879 932 2931 et
965 2876 1258 2933 adversus
1299 2882 1582 2948 tyrannos
1615 2893 1841 2949 magna
1881 2879 2165 2953 loquendi

505 2964 774 3021 libertate
815 2964 901 3020 usi
945 2969 1128 3021 sunt:
1174 2968 1362 3022 Moses
1399 2968 1642 3040 quidem
1691 2969 1970 3034 adversus
2014 2970 2165 3027 Pha-

504 3069 778 3120 raonem,
813 3054 960 3110 Elias
987 3069 1130 3111 vero
1172 3055 1465 3112 adversus
1493 3057 1698 3115 Achab
1725 3075 1740 3113 :
1772 3064 1830 3115 et
1860 3075 1894 3114 a
1932 3075 2159 3132 perver-

507 3143 590 3198 sis
626 3143 970 3200 hominibus
1004 3145 1104 3217 qui
1145 3160 1182 3202 a
1229 3161 1293 3202 se
1334 3147 1574 3218 magnis
1616 3147 1808 3205 affecti
1856 3155 2025 3207 erant
2067 3151 2167 3207 be-

2279 621 2366 677 οὖν
2395 624 2527 683 αὕτη
2560 624 2723 678 αἰτία.

2347 731 2525 805 Ἑτέρα
2580 728 2640 784 δι
2704 730 2872 784 πάλιν*
2926 727 3234 806 Ἐπειδήπερ
3303 729 3566 784 ἐνεκάλουν
3621 733 3763 806 αὐτῷ
3819 739 3880 788 τὸ

2279 820 2615 895 παραϐαίνειν
2669 823 2754 874 τὸν
2822 825 2995 894 νόμον,
3050 819 3300 892 λέγοντες·
3363 821 3531 884 Οὗτος
3581 823 3674 876 οὐκ
3738 827 3880 877 ἔστιν

2281 911 2334 964 ἐκ
2390 919 2480 964 τοῦ
2530 919 2684 976 Θεοῦ,
2727 913 2803 964 ὅτι
2851 915 2908 962 τὸ
2960 909 3219 964 Σαϐϐατον
3271 911 3330 964 οὗ
3383 920 3547 985 τηρεῖ,
3600 919 3689 966 καὶ
3724 914 3880 968 πάλιν

2281 1001 2492 1054 ἐκάλουν
2547 1001 2701 1054 αὑτὸν
2784 999 3095 1074 βλάσφημον
3152 1006 3242 1054 καὶ
3316 1003 3734 1076 σφετεριζόμενον
3789 1010 3880 1064 τὴν

2283 1089 2439 1155 δόξαν
2495 1099 2586 1144 τοῦ
2629 1096 2776 1159 Θεοῦ,
2841 1093 3136 1163 φάσκοντες’
3225 1096 3348 1164 Περὶ
3399 1091 3558 1145 καλοῦ
3615 1095 3766 1168 ἔργου
3819 1094 3881 1146 οὗ

2279 1181 2555 1253 λιθάζομέν
2637 1201 2713 1246 σε,
2806 1179 2934 1232 ἀλλὰ
2998 1185 3114 1254 περὶ
3198 1179 3561 1254 βλασφημίας,
3637 1188 3723 1236 καὶ
3795 1185 3875 1236 ὅτι

2281 1273 2550 1345 ἄνθρωπος
2614 1271 2682 1322 ὥν
2739 1279 2899 1331 ποιεῖς
3156 1269 3336 1323 έαυτὸν
3402 1275 3549 1325 Θεὸν·
3616 1277 3881 1347 παρίστη-

2283 1382 2365 1415 σιν
2409 1362 2571 1433 έαυτῷ
2599 1365 2687 1414 τὸν
2743 1367 2970 1419 Μωῦσῆν
3000 1363 3110 1432 μὶν,
3165 1361 3246 1412 Eva
3287 1357 3506 1433 δειχθῇ,
3550 1362 3630 1414 ὅτι
3661 1362 3705 1414 εἰ
3746 1382 3876 1438 παρ-

2280 1452 2446 1506 έϐαινε
2487 1455 2571 1504 τὸν
2622 1456 2796 1524 νόμον,
2851 1451 2944 1503 οὐκ
2997 1449 3056 1501 ἃν
3105 1451 3131 1501 6
3179 1452 3458 1522 νομοθέτης
3512 1447 3878 1527 δουλοπρεπῶς

2279 1543 2419 1613 αὐτῷ
2474 1546 2787 1616 παρίστατο·
2852 1543 2939 1592 τόν
2988 1539 3164 1592 Ἠλίαν
3222 1537 3299 1610 δι,
3360 1541 3443 1592 ἶνοὶ
3498 1549 3651 1614 φανῇ,
3701 1543 3783 1594 ὅτι
3836 1542 3878 1595 εἰ

2279 1632 2592 1706 βλάσφημος
2621 1628 2682 1690 ἧν
2708 1635 2796 1683 καὶ
2847 1633 2938 1689 τὴν
2969 1637 3060 1682 τοῦ
3118 1636 3251 1683 Θεοῦ
3297 1626 3456 1692 δόξαν
3504 1630 3875 1705 ἐσφετερίζετο,

2276 1726 2347 1795 μή
2394 1726 2762 1794 προσήκουσαν
2806 1720 2966 1790 αὐτῷ,
3027 1719 3120 1771 οὐκ
3161 1719 3221 1770 ἃν
3265 1721 3290 1771 ὁ
3331 1721 3455 1795 ὑπερ
3497 1727 3588 1781 τῆς
3625 1728 3717 1774 τοῦ
3747 1726 3880 1774 Θεοῦ

2277 1809 2438 1875 δόξης
2488 1811 2566 1864 ἀεὶ
2620 1810 2735 1882 (38)
2783 1808 2973 1877 ζηλῶν,
3020 1811 3085 1870 ὡς
3142 1805 3326 1870 δοῦλος
3360 1817 3433 1880 τῷ
3479 1807 3695 1883 ἀντιθέῳ
3751 1830 3882 1885 παρ-

2203 1883 2252 1944 s
2278 1905 2480 1955 ίστατο.

2350 2013 2450 2062 Καὶ
2481 2007 2608 2066 ἄλλη
2651 2004 2710 2060 δι
2741 2004 2890 2069 αὖθις
2930 2005 3095 2074 αἰτία,
3133 2005 3215 2058 Eva
3255 2009 3547 2081 γνωρισθῇ,
3579 2009 3659 2060 ὅτι
3690 2011 3882 2082 Κύριός

2277 2098 2387 2152 ἔστι
2439 2103 2527 2150 καὶ
2561 2099 2781 2150 θανάτου
2829 2101 2918 2149 καὶ
2957 2096 3114 2158 ζωῆς.
3166 2103 3401 2159 Μωῡσῆς
3453 2100 3541 2169 μὶν
3586 2100 3687 2173 γὰρ
3719 2100 3881 2151 θανὼν

2279 2184 2361 2253 ἦν,
2395 2187 2572 2250 Ἧλίας
2612 2185 2670 2240 δι
2711 2189 2834 2248 ζῶν.
2889 2190 2989 2240 Καὶ
3036 2187 3137 2251 ἶνα,
3173 2185 3445 2259 βλέποντες
3483 2187 3636 2239 αὐτὸν
3669 2188 3880 2261 ὕστερον

2279 2278 2327 2328 οἱ
2363 2279 2597 2349 μαθηταὶ
2631 2276 3044 2347 ἀποθνήσκοντα,
3074 2281 3334 2335 νοήσωσιν
3358 2275 3592 2330 ἑκούσιον
3622 2280 3678 2329 τὸ
3703 2285 3879 2330 τοιοῦ-

2278 2386 2363 2419 τον
2394 2369 2580 2432 πάθος,
2607 2372 2695 2419 καὶ
2724 2366 3054 2439 λογίσωνται,
3091 2367 3171 2418 ὅτι
3201 2365 3293 2418 οὐκ
3321 2364 3380 2418 ἃν
3411 2368 3546 2419 ἄκων
3573 2365 3818 2419 ἀποθάνοι
3849 2367 3874 2419 ὁ

2279 2457 2419 2519 ζωῆς
2447 2460 2536 2508 καὶ
2564 2458 2784 2508 θανάτου
2818 2458 3027 2529 Κύριος.

2348 2546 2500 2600 Ἐστι
2558 2543 2618 2598 δὶ
2669 2550 2758 2598 καὶ
2811 2545 2984 2618 έτέραν
3033 2544 3188 2598 εἰπεῖν
3232 2545 3420 2609 αἰτίαν,
3469 2544 3545 2596 ὅτι
3593 2540 3685 2596 διὰ
3748 2545 3869 2605 τοὺς

2275 2637 2511 2709 μαθητὰς
2566 2639 2889 2709 παρέστησεν
2947 2634 3154 2705 αὐτοὺς,
3235 2635 3318 2687 ἵνα
3387 2630 3738 2686 διαναστῶσιν
3801 2633 3872 2696 εἰς

2273 2729 2499 2798 μίμησιν
2530 2725 2717 2778 αὐτῶν.
2770 2727 2869 2776 Καὶ
2905 2725 3007 2799 γὰρ
3047 2731 3278 2784 Μωυσῆς
3325 2725 3416 2796 μεν
3453 2719 3875 2798 βραδύγλωσσος

2275 2812 2335 2874 ἧν
2368 2829 2379 2841 ·
2411 2814 2588 2875 Ἠλίας
2621 2812 2679 2866 ὁὶ
2706 2812 3062 2887 ἀγροικότερον
3095 2809 3434 2885 διακείμενος,
3467 2819 3554 2866 καὶ
3591 2816 3877 2887 ἀκτήμονες

2272 2903 2550 2979 ἀμφότεροι
2582 2921 2593 2932 ⁸
2645 2907 2734 2955 καὶ
2781 2905 2916 2975 ὅμως
2958 2905 3082 2977 πρὸς
3132 2905 3410 2975 τυράννους
3458 2904 3675 2967 ἕκαστος
3710 2903 3875 2956 αὐτῶν

2274 2993 2702 3069 έπαρρησιάσατο
2753 3010 2766 3023 ·
2825 3000 3054 3052 Μωυσῆς
3133 2995 3220 3065 μεν
3299 2995 3422 3067 πρὸς
3503 2996 3588 3044 τόν
3668 2998 3876 3067 Φαραὼ,

2278 3083 2454 3146 Ἠλίας
2505 3079 2563 3135 δι
2616 3084 2741 3155 πρὸς
2806 3085 2892 3135 τὸν
2943 3080 3179 3154 Ἀχαάϐ.
3243 3086 3342 3134 Καὶ
3391 3082 3515 3154 ὑπὲρ
3569 3079 3878 3153 ἀγνωμόνων

2279 3171 2578 3246 ἀνθρώπων,
2664 3174 2748 3222 καὶ
2853 3169 2939 3222 ὑπ’
3013 3170 3177 3223 αὐτῶν
3261 3179 3357 3222 τύν
3444 3169 3876 3245 εὐεργετουμένων

505 3232 756 3300 neﬁciis,
809 3233 1067 3305 plurima
1114 3236 1276 3307 passi
1325 3243 1467 3294 sunt
1504 3238 1789 3310 pericula,
1830 3244 2034 3297 etnec
2081 3241 2163 3298 sic

2275 3266 2439 3334 μυρία
2496 3257 2640 3313 δεινὰ
2691 3261 3000 3326 πεπόνθασι,
3059 3265 3147 3312 καὶ
3190 3255 3305 3312 οὐδ’
3358 3259 3517 3322 οὕτως
3570 3258 3876 3318 ἀπέστησαν

505 3322 858 3380 destiterunt
886 3340 988 3382 eos
1035 3325 1113 3382 ad
1141 3325 1376 3384 bonum
1407 3342 1644 3400 semper
1670 3328 1942 3398 dirigere.
1978 3333 2164 3402 thue

501 3413 917 3471 vehementius
933 3415 1485 3474 imitarenturMosis
1499 3418 1744 3491 quidem
1761 3419 2137 3477 clementiam
2149 3462 2162 3485 ,

505 3502 792 3561 Eliavero
816 3505 1006 3560 zelum
1033 3520 1216 3578 quem
1255 3522 1366 3577 pro
1397 3509 1512 3564 Deo
1552 3509 1818 3577 gerebat,
1857 3509 2164 3581 utriusque

503 3599 704 3650 autem
772 3593 1370 3659 administrationem,
1435 3595 1836 3668 laborumque
1913 3597 2165 3655 toleran-

504 3681 690 3738 tiam:
725 3682 934 3736 millies
983 3697 1245 3753 namque
1287 3683 1452 3754 quod
1498 3684 1559 3739 in
1606 3700 1669 3739 se
1711 3691 1838 3742 erat
1896 3703 2000 3758 pro
2063 3687 2162 3745 Dei

501 3769 894 3840 beneplacitis
931 3770 1362 3837 moriebantur,
1395 3776 1451 3827 et
1478 3787 1588 3844 pro
1626 3774 1851 3845 populo
1883 3775 1996 3831 sibi
2020 3791 2160 3834 con-

504 3857 749 3927 credito,
777 3873 1038 3930 suasque
1065 3858 1370 3930 perdenda
1396 3861 1633 3918 animas
1658 3863 2013 3922 invenerunt
2037 3882 2157 3924 eas.

577 3998 1080 4073 Colloquebantur
1101 4003 1300 4058 autem
1323 4018 1460 4060 cum
1478 4021 1568 4071 eo,
1594 4007 1972 4066 ostendentes
1995 4011 2161 4086 quod

503 4090 597 4146 lex
637 4105 743 4162 per
780 4091 976 4146 Mosen
1019 4089 1160 4148 data
1193 4099 1336 4160 erat,
1381 4110 1449 4150 ac
1489 4111 1687 4152 sermo
1726 4097 1827 4170 qui
1878 4116 1982 4172 per
2033 4117 2161 4174 pro-

503 4179 710 4255 phetas
741 4180 814 4236 de
863 4188 1051 4238 morte
1081 4182 1211 4252 ejus
1242 4181 1452 4251 fuerat,
1485 4185 1864 4245 conformiter
1893 4207 2031 4247 cum
2061 4191 2160 4249 illo

504 4271 1044 4345 prasignaverant:
1073 4271 1164 4327 ille
1185 4273 1429 4345 quidem
1454 4275 1512 4330 in
1532 4275 1738 4348 ﬁguris
1761 4279 2156 4350 victimarum,

502 4361 598 4418 hic
626 4361 682 4416 in
713 4361 960 4418 diversis
990 4361 1301 4419 vaticiniis.

574 4451 764 4507 Lucas
817 4466 953 4506 vero
993 4451 1133 4507 dicit
1180 4452 1342 4523 quod
1383 4452 1556 4511 etiam
1595 4454 1654 4511 hi
1695 4457 1753 4512 in
1793 4457 1980 4529 gloria
2037 4459 2158 4516 sive

501 4539 819 4614 splendore
839 4543 1312 4610 apparuerunt’,
1342 4545 1405 4596 ut
1424 4541 1727 4600 discamus
1752 4546 1914 4616 quod
1947 4562 2155 4602 omnes

501 4627 606 4700 qui
649 4626 984 4682 secundum
1033 4627 1217 4683 Deum
1258 4629 1544 4699 vixerunt,
1586 4633 1852 4688 divinum
1901 4634 2158 4691 induunt

503 4715 902 4790 splendorem.
935 4715 1083 4780 Quid
1115 4721 1314 4774 autem
1356 4721 1460 4794 (ee)
1494 4721 1989 4795 colloquebantur
2020 4741 2156 4782 cum

502 4821 572 4861 eo
596 4807 624 4861 ?
656 4805 878 4859 Rursus
907 4804 1022 4860 hoc
1052 4805 1253 4864 docuit
1287 4811 1465 4867 Lucas
1497 4812 1538 4876 ³,
1574 4811 1778 4865 dicens
1808 4811 1971 4882 quod
2003 4812 2157 4868 dice-

501 4893 650 4950 bant
679 4909 981 4949 excessum
1011 4897 1137 4972 ejus
1168 4914 1346 4972 quem
1380 4898 1784 4971 completurus
1811 4906 1934 4957 erat
1960 4902 2157 4961 Hiero-

502 4983 769 5056 solymis,
803 4999 1109 5043 excessum
1142 5005 1365 5045 vocans
1391 4987 1469 5044 ab
1499 4988 1610 5043 hac
1642 4988 1759 5045 vita
1786 4992 2008 5049 exitum
2035 4993 2156 5050 sive

502 5072 834 5130 transitum.

575 5201 622 5235 9'
643 5199 815 5260 Joan.
843 5219 918 5271 ιχ,
954 5204 1036 5263 16.
1071 5205 1088 5240 ¹
1118 5204 1292 5260 Joan.
1325 5217 1384 5268 x,
1410 5204 1498 5258 33.
1521 5203 1542 5237 ³
1573 5202 1712 5262 Luc.
1744 5219 1823 5261 ιι.
1851 5207 1942 5263 31.
1973 5211 1992 5242 ³
2024 5206 2175 5267 ibid.

2274 3359 2363 3404 τοῦ
2433 3355 2688 3425 περιέπειν
2771 3349 2976 3410 αὐτούς.
3061 3354 3160 3402 Καὶ
3231 3351 3314 3402 ἵνα
3390 3351 3466 3402 ἔτι
3543 3354 3876 3423 μιμήσωνται

2276 3444 2534 3501 Μωϋσέως
2573 3441 2663 3510 μὶν
2692 3442 2784 3496 τὴν
2815 3437 3159 3503 ἀνεξικακίαν,
3193 3439 3368 3492 Ἡλίου
3401 3436 3480 3506 δι,
3510 3442 3594 3492 τὸν
3628 3441 3752 3514 ὑπερ
3792 3446 3874 3492 τοῦ

2274 3537 2406 3583 Θεοῦ
2474 3528 2651 3590 ζῆλον,
2709 3528 3002 3600 ἀμφοτέρων
3078 3524 3138 3580 δι
3203 3532 3260 3581 τὸ
3334 3525 3707 3600 δημαγωγικόν
3788 3533 3872 3582 καὶ

2272 3623 2558 3692 φερέπονον.
2593 3618 2850 3691 Μυριάκις
2905 3617 3002 3688 γὰρ
3050 3620 3105 3668 τὸ
3138 3615 3215 3668 έπ⁹
3243 3616 3418 3676 αὐτοῖς
3450 3615 3698 3667 ἀπέθανον
3742 3617 3868 3690 ὑπὲρ

2270 3717 2368 3759 τῶν
2400 3707 2718 3779 ἀρεσκόντων
2750 3713 2884 3776 Θεῷ,
2913 3710 3000 3756 καὶ
3031 3706 3154 3776 ὑπερ
3182 3711 3273 3754 τοῦ
3320 3700 3492 3774 δήμου
3541 3709 3630 3754 τοῦ
3677 3703 3864 3774 έμπισ-

2269 3799 2533 3858 τευθέντος
2579 3796 2774 3862 αὐτοῖς,
2815 3798 2903 3846 καὶ
2945 3793 3037 3852 τὰς
3064 3790 3248 3864 ψυχὰς
3281 3791 3446 3843 αὐτῶν
3500 3788 3860 3857 ἀπολέσαντες,

2271 3888 2324 3941 εὖ
2327 3908 2414 3960 ρον
2442 3887 2601 3948 αὐτάς

2342 3994 2646 4048 Συνελάλουν
2714 3988 2772 4045 δί
2825 3991 2983 4063 αὐτῷ,
3047 3986 3358 4053 δεικνύντες,
3409 3989 3488 4041 ὅτι
3557 3992 3647 4041 καὶ
3695 3989 3720 4042 6
3779 3985 3873 4042 διὰ

2271 4088 2534 4146 Μωῠσέως
2563 4087 2737 4155 νόμος,
2767 4085 2855 4133 καὶ
2893 4083 2918 4132 ὁ
2970 4077 3063 4132 διὰ
3092 4087 3189 4132 τῶν
3230 4086 3505 4155 προφητῶν
3543 4077 3714 4150 λόγος,
3755 4083 3873 4152 περὶ

2269 4181 2360 4225 τοῦ
2413 4174 2632 4224 θανάτου
2683 4170 2842 4222 αὐτοῦ
2897 4175 3184 4242 συμφώνως
3231 4168 3371 4238 αὐτῷ
3417 4172 3868 4241 προανεφώνησαν⁶

2269 4264 2294 4314 6
2339 4265 2427 4333 μὲν
2459 4260 2505 4312 ἐν
2536 4265 2718 4323 τύποις
2758 4268 2856 4311 τῶν
2911 4259 3026 4331 (39)
3084 4260 3298 4327 θυσιῶν,
3353 4258 3378 4308 ὁ
3425 4253 3483 4310 δι
3523 4255 3570 4307 έν
3604 4252 3873 4331 διαφόροις

2267 4350 2462 4426 προρρή
2476 4369 2610 4405 σεσι.

2340 4465 2542 4519 Λουκᾶς
2578 4454 2636 4511 δέ
2693 4475 2871 4530 φησιν,
2919 4457 2996 4508 ὅτι
3039 4459 3128 4507 καὶ
3177 4454 3320 4507 οὗτοι
3358 4452 3406 4505 ἐν
3435 4450 3563 4526 δόξῃ
3597 4455 3866 4526 ὤφθησαν,

2267 4552 2452 4615 εῖτ-ουν,
2504 4547 2552 4600 ἐν
2609 4547 2957 4621 λαμπρότητι,
3019 4547 3101 4596 ἴνα
3149 4545 3412 4616 μάθωμεν,
3464 4545 3544 4595 ὅτι
3582 4545 3786 4611 πάντες,
3820 4545 3868 4596 οἱ

2266 4641 2400 4691 κατὰ
2459 4641 2580 4692 Θεὸν
2674 4639 2941 4699 ζήσαντες,
3022 4641 3116 4694 τῆς
3192 4633 3330 4694 θείας
3410 4630 3868 4703 μεταλαμϐάνουσι

2263 4727 2646 4801 λαμπρότητος.
2694 4730 2756 4777 Τί
2807 4719 2864 4776 δι
2907 4719 3210 4775 συνελάλουν
3260 4719 3418 4790 αὐτῷ,
3475 4716 3687 4782 ἐδίδαξέ
3714 4720 3864 4772 πάλιν

2266 4819 2291 4870 6
2346 4822 2570 4878 Λουκᾶς.
2621 4811 2746 4866 Εἶπε
2799 4815 2921 4886 γὰρ,
2971 4812 3046 4863 ὅτι
3103 4809 3270 4880 ἔλεγον
3319 4813 3412 4866 τήν
3462 4803 3636 4871 ἔξοδον
3680 4808 3861 4878 αὐτοῦ,

2269 4906 2326 4966 ἣν
2382 4904 2549 4978 ἔμελλε
2584 4904 2810 4978 πληροῦν
2863 4901 2909 4953 ἐν
2958 4898 3313 4972 Ἰερουσαλήμο
3375 4894 3550 4960 ἔξοδον
3604 4896 3865 4969 ὀνομάσας

2266 5001 2358 5055 τὴν
2403 4994 2503 5047 ἀπὸ
2556 5003 2650 5057 τῆς
2691 4994 2825 5054 ζωῆς
2872 4993 3068 5050 ταύτης
3116 4988 3367 5052 έξέλευσιν
3421 4991 3509 5039 καὶ
3556 4985 3864 5059 μετάϐασιν.

1725 5357 1947 5428 Varia
1993 5359 2316 5430 lectiones
2341 5367 2408 5426 et
2431 5367 2632 5428 notia.

574 5525 688 5606 (37)
737 5529 973 5579 Σεαυτόν.
1015 5523 1322 5606 Chrys‘ost.
1360 5526 1408 5606 ξ,
1621 5542 1680 5606 p_.
1721 5528 1826 5586 566
1974 5532 2069 5606 ΕΙ.
2087 5545 2158 5588 eo

502 5593 682 5665 enim,
723 5612 845 5653 non
899 5611 970 5651 ex
1010 5593 1310 5650 codicibus
1359 5595 1504 5653 Novi
1543 5593 1896 5657 Testamenti
1935 5601 1995 5658 hi
2034 5601 2156 5659 duo

499 5667 747 5727 Joannis
787 5667 904 5723 loci
944 5671 1078 5723 sunt
1103 5665 1354 5727 laudati.
1394 5668 1537 5726 Hinc
1566 5672 1822 5730 varietas
1850 5673 2148 5731 lectionis.

2367 5527 2461 5598 38)
2503 5526 2628 5598 Ἀεί,
2661 5524 2850 5598 abest.

2367 5529 2461 5598 38)
2503 5529 2628 5593 Ἀεί,
2661 5529 2848 5582 abest.
2887 5529 2954 5580 A.

2341 5529 2456 5674 239)
2498 5597 2758 5669 Παλαιῶν,
2780 5597 2963 5655 addit.
2985 5600 3019 5649 Α
3039 5637 3054 5653 .

577 5793 680 5867 (ee)
715 5791 864 5874 Quid
893 5797 1105 5854 autem.
1134 5793 1304 5862 Forte
1332 5794 1473 5872 legit
1496 5800 1546 5850 τί
1575 5794 1633 5852 δι
1660 5828 1730 5840 --
1761 5799 1900 5872 αὐτῷ
1927 5815 1940 5866 ;
1969 5805 2124 5862 τοῦτο
2145 5792 2378 5868 ἕδίδαξε.
