4176 6430
231 361 338 420 481

1236 349 1608 414 COMMENT.
1648 355 1716 411 IN
1756 342 2210 414 MATTHEUM.
2239 382 2306 392 —
2332 351 2488 409 CAP.
2518 345 2689 407 XVII.

3498 347 3606 402 482

309 490 438 541 Τινὰ
469 484 528 540 δὲ
557 494 656 539 τῶν
696 484 911 559 βιϐλίων
942 483 1054 556 (40)
1105 483 1198 536 οὐκ
1238 479 1474 550 Ἕξοδον,
1512 481 1640 534 ἀλλὰ
1678 481 1841 543 Δόξαν

2022 477 2309 544 Quaedam
2339 481 2540 534 autem
2587 473 2959 546 exemplaria
3013 487 3137 529 non
3173 469 3369 538 ἔξοδον,
3423 471 3485 529 id
3515 475 3605 530 est

231 580 523 651 γράφουσι.
583 575 717 637 Δόξα
765 579 861 649 γὰρ
912 573 1144 626 καλεῖται
1196 578 1286 626 καὶ
1335 574 1360 624 ό
1422 575 1666 646 σταυρός,
1722 574 1841 632 Τοῖς

233 671 330 741 μὲν
387 667 487 738 γὰρ
556 664 729 724 ἄλλοις
797 671 993 716 ᾶπασιν
1070 658 1267 722 ὄνειδος
1333 658 1413 728 ἦν,
1485 664 1551 723 ὡς
1611 660 1844 733 μεγάλων

235 755 580 828 ἐγκλημάτων
639 751 918 825 ἐπιτίμιονο
980 757 1117 824 μόνῳ
1180 749 1239 804 δὲ
1294 759 1364 822 τῷ
1425 758 1641 824 Χριστῷ
1714 746 1845 812 δόξα

233 848 466 916 γέγονεν,
508 845 573 904 ὡς
629 841 854 915 μεγάλης
911 840 1122 913 ἀγάπης
1177 849 1274 903 τῆς
1323 843 1452 914 πρὸς
1493 841 1627 911 ἡμᾶς
1679 842 1844 892 ἐπιτί-

237 953 380 1005 μιον.
421 937 514 995 Τίς
561 934 663 1006 γὰρ
721 931 1016 1004 εὐγνώμονα
1066 931 1253 1002 ψυχὴν
1303 932 1459 1002 ἔχων,
1510 927 1708 981 ἀκούων
1757 932 1843 980 τὸν

240 1021 473 1074 ἐπέκεινα
552 1023 731 1082 πάσης
800 1030 958 1093 τιμῆς
1031 1020 1349 1080 τηλικαύτην
1425 1017 1637 1091 ἀτιμίαν
1720 1020 1845 1072 ὑπο-

244 1113 440 1165 στάντα
476 1107 574 1164 διὰ
601 1115 695 1170 την
733 1115 996 1184 σωτηρίαν
1035 1118 1134 1164 τῶν
1183 1107 1488 1185 ἀνθρώπων,
1520 1108 1579 1162 ού
1629 1104 1844 1171 δοξάσει

240 1207 425 1253 τοῦτον
451 1219 465 1270 ;

310 1413 461 1460 Ἐστι
513 1402 573 1458 δε
625 1409 716 1457 καὶ
772 1404 922 1465 ἄλλος
976 1403 1148 1476 λόγος,
1199 1406 1316 1476 καθ⁸
1363 1405 1415 1457 ὃν
1461 1404 1664 1476 λέγεται
1715 1401 1846 1468 δόξα

241 1497 400 1549 αὐτοῦ
463 1498 490 1547 ὁ
556 1498 805 1570 σταυρὸς,
871 1495 924 1546 ὃν
978 1493 1186 1569 ἐροῦμεν
1246 1496 1362 1565 (41)
1420 1492 1468 1546 ἐν
1531 1495 1695 1567 καιρῷ
1771 1504 1844 1566 τῷ

240 1592 412 1662 πρόσή
421 1605 588 1640 κοντι.

307 1680 450 1738 Τέως
509 1671 569 1727 δε
632 1679 868 1733 Μωῦσῆς
919 1678 1009 1725 καὶ
1072 1672 1244 1733 Ἠλίας
1299 1672 1468 1745 ἔλεγόν
1518 1678 1612 1732 τὴν
1669 1669 1846 1736 ἑξοδον

241 1765 424 1831 αὐτοῦ,
479 1769 511 1823 ἦ
566 1767 664 1821 τὴν
717 1759 879 1825 δόξαν
933 1762 1113 1830 αὐτοῦ,
1161 1767 1420 1834 τουτέστι,
1462 1767 1580 1838 περὶ
1632 1772 1722 1824 τῆς
1772 1761 1846 1825 ἆξ-

1951 583 2273 632 ezcessum,
2313 565 2418 622 sed
2451 563 2625 629 δόξαν,
2657 564 2718 620 id
2749 571 2854 633 est,
2893 563 3136 634 gloriam
3168 561 3391 618 habent
3419 579 3433 630 ;
3459 577 3601 618 nam

1951 655 2138 727 gloria
2167 671 2406 727 quoque
2427 653 2762 726 appellatur
2792 669 2934 708 crux
2964 652 3107 724 ipsa.
3137 650 3281 708 Aliis
3313 649 3601 722 siquidem

1953 745 2235 800 omnibus
2281 744 2570 816 probrum
2617 747 2744 798 erat
2789 746 2991 814 utpote
3023 756 3382 811 magnorum
3421 755 3605 812 poena

1953 832 2322 890 criminum:
2378 831 2487 888 soli
2531 847 2674 888 vero
2745 830 2972 887 Christo
3029 830 3216 899 gloria
3271 827 3428 885 facta
3493 833 3599 894 est,

1954 921 2161 993 magni
2200 921 2467 977 videlicet
2513 936 2656 991 erga
2698 935 2809 976 nos
2833 918 3056 976 amoris
3087 917 3426 990 praemium.
3459 917 3602 985 Quis

1953 1012 2113 1067 enim
2136 1015 2372 1080 gratum
2419 1009 2650 1065 habens
2681 1007 2975 1075 animum,
3009 1007 3259 1063 audiens
3310 1007 3476 1078 quod
3499 1007 3603 1079 qui

1952 1099 2116 1158 omni
2156 1099 2375 1169 dignus
2414 1103 2534 1154 erat
2573 1098 2824 1167 honore,
2863 1095 3212 1168 hujusmodi
3261 1110 3369 1167 pro
3399 1101 3604 1153 nostra

1954 1187 2140 1245 salute
2168 1203 2486 1261 perpessus
2517 1192 2604 1244 est
2628 1186 3035 1259 ignominiam,
3086 1201 3210 1242 non
3249 1184 3607 1256 gloriﬁcabit

1953 1277 2118 1334 illum
2156 1277 2185 1334 ?

2027 1371 2123 1424 Est
2153 1372 2208 1424 et
2229 1367 2408 1424 altera
2447 1367 2597 1424 ratio
2623 1367 2793 1438 juxta
2830 1381 3015 1439 quam
3047 1364 3261 1421 dicitur
3291 1381 3454 1431 crux,
3483 1367 3608 1436 glo-

1955 1459 2043 1515 ria
2072 1457 2218 1529 ejus,
2248 1473 2424 1529 quam
2457 1471 2566 1514 suo
2605 1457 2929 1512 referemus
2962 1462 3247 1527 tempore.

2028 1653 2268 1709 Interim
2298 1669 2438 1710 vero
2467 1656 2654 1710 Moses
2684 1656 2739 1708 et
2786 1652 2939 1708 Elias
2971 1651 3250 1708 dicebant
3292 1666 3606 1708 excessum

1957 1742 2008 1814 ej
2021 1759 2112 1814 us,
2143 1748 2200 1798 et
2221 1742 2470 1813 gloriam
2494 1743 2644 1812 ejus,
2675 1742 2789 1797 hoc
2806 1740 3309 1813 estloquebantur
3337 1741 3408 1796 de
3427 1746 3604 1806 exntu,

242 1852 367 1909 όδου
401 1853 586 1916 αὐτοῦ,
619 1855 650 1910 ἦ
690 1856 807 1926 περὶ
843 1859 938 1914 τῆς
977 1847 1139 1915 δόξης
1168 1851 1346 1923 αὐτοῦ,
1383 1855 1569 1922 εἶτουν,
1608 1857 1725 1926 περὶ
1755 1859 1846 1905 τοῦ

1972 1832 2050 1889 vel
2073 1833 2146 1888 de
2177 1832 2367 1903 gloria
2385 1832 2529 1903 ejus,
2558 1832 2681 1886 sive
2711 1830 2784 1886 de
2817 1846 3010 1896 cruce,
3042 1829 3352 1902 quomodo
3382 1829 3609 1886 cruciﬁ-

244 1951 475 2016 σταυροῦ
506 1942 690 2011 αὐτοῦ,
719 1949 828 2004 πῶς
859 1939 1028 2013 ἔμελλε
1060 1943 1448 2016 σταυρωθῆναι·

315 2035 493 2098 ’Δξιον
524 2029 583 2086 δε
624 2033 878 2098 ζητῆσαι,
910 2033 1065 2084 πόθεν
1105 2033 1154 2084 οἱ
1189 2033 1422 2100 μαθηταὶ
1452 2033 1583 2105 μετὰ
1611 2038 1846 2084 τοσαῦτα

259 2125 340 2180 in:
410 2127 492 2174 τόν
553 2128 785 2179 Μωῦσῆν
861 2125 950 2172 καὶ
1025 2123 1114 2172 τόν
1182 2120 1357 2173 Ἠλίαν
1423 2119 1724 2194 ἕγνώρισαν·
1787 2121 1844 2172 οὐ

263 2215 364 2284 γὰρ
417 2208 544 2268 ἦσαν
605 2209 729 2285 παρ’
794 2209 1052 2283 Ἑϐραίοις
1107 2210 1314 2264 εἰκόνων
1378 2216 1616 2271 πίνακες,
1678 2213 1844 2283 Φαμὲν

263 2297 377 2370 οὖν,
421 2302 498 2352 ὅτι
532 2299 576 2351 ἐν
615 2297 829 2371 βιϐείοις
876 2302 1009 2362 τινες
1052 2309 1150 2352 τῶν
1205 2299 1551 2373 παλαιοτέρων
1599 2298 1848 2374 Ἑϐραίων

257 2391 322 2440 τὰ
370 2385 487 2446 εἷδη
540 2397 627 2439 τῶν
682 2388 936 2461 ἐπιφανῶν
989 2386 1192 2464 ανδρῶν
1243 2397 1353 2451 τοῖς
1405 2393 1850 2463 μεταγενεστέροις

247 2476 671 2546 ἀπολελοίπασιν,
741 2480 870 2552 οἷπερ
947 2476 1405 2550 ἀναγινώσκοντες,
1475 2477 1697 2532 ἕντεῦθεν
1755 2478 1851 2530 αύ-

244 2571 368 2630 τοῦς
415 2566 724 2639 ἐγίνωσκον.
775 2568 922 2628 Εἰκὸς
968 2564 1047 2634 δὲ,
1096 2572 1187 2620 καὶ
1231 2566 1283 2630 ἐξ
1332 2566 1565 2644 ἀγράφου
1609 2563 1851 2639 παραδό-

251 2676 372 2718 σεως
419 2658 840 2730 μνημονεύεσθαι
888 2659 981 2718 τὰς
1031 2653 1170 2718 ἰδέας
1216 2656 1402 2712 αὐτῶν.
1455 2656 1614 2722 Ἴσως
1655 2654 1715 2711 δε
1762 2661 1852 2710 καὶ

249 2746 300 2811 ἐξ
329 2747 711 2820 ἀποκαλύψεως
739 2748 872 2809 θείας
902 2744 1194 2820 ἐπέγνωσαν
1223 2747 1433 2810 αὐτούς.

325 2925 414 3000 [Ἦ
460 2927 578 2998 (42)
618 2928 708 2977 καὶ
759 2924 943 2988 ἄλλως·
999 2930 1116 3002 περὶ
1173 2928 1260 2978 τὸν
1309 2928 1539 3000 Χριστὸν
1587 2931 1854 2999 φαίνονται

252 3021 486 3079 Μωῦσῆς
533 3020 624 3070 καὶ
665 3015 863 3085 Ἠλίας,
902 3011 1199 3080 δηλοῦντες,
1245 3018 1326 3068 ὅτι
1363 3020 1429 3068 τὰ
1458 3021 1730 3091 μυστήρια
1757 3025 1854 3078 τῆς

249 3125 304 3158 τε
357 3115 600 3178 νομικῆς,
660 3114 750 3166 τῆς
820 3124 873 3158 τε
933 3114 1262 3181 προφητικῆς
1332 3111 1716 3179 πραγματείας,
1781 3106 1854 3170 εἰς

1957 1921 2192 1993 gendus
2211 1926 2362 1978 erat.

2027 2012 2284 2082 Dignum
2306 2014 2392 2066 est
2420 2013 2644 2078 autem,
2667 2013 2731 2066 ut
2749 2007 3124 2082 inquiramus
3145 2007 3306 2065 unde
3327 2007 3609 2082 discipuli

1955 2106 2092 2174 post
2120 2107 2242 2156 tam
2292 2099 2516 2156 multos
2566 2113 2759 2155 annos
2789 2099 2991 2154 Mosen
3017 2105 3073 2155 et
3128 2098 3316 2155 Eliam
3348 2114 3606 2170 agnove-

1956 2195 2111 2246 runt.
2147 2193 2349 2262 Neque
2377 2189 2536 2246 enim
2569 2189 2732 2261 apud
2759 2189 3037 2244 Hebraeos
3068 2195 3236 2245 erant
3272 2191 3608 2259 imaginum

1957 2279 2198 2336 tabulae.
2251 2267 2514 2334 Dicimus
2544 2293 2686 2348 ergo
2718 2276 2884 2351 quod
2910 2277 2970 2332 in
3023 2277 3184 2333 libris
3227 2277 3478 2350 quidam
3515 2294 3609 2334 ve-

1958 2369 2273 2425 tustiorum
2310 2368 2690 2423 Hebraeorum
2720 2366 2945 2449 species
2984 2366 3308 2437 insignium
3341 2368 3611 2424 virorum

1958 2458 2210 2532 posteris
2239 2456 2616 2528 reliquerant,
2650 2471 2802 2529 quos
2817 2455 3101 2526 legentes,
3134 2456 3274 2512 inde
3300 2471 3404 2512 eos
3427 2471 3611 2527 agno-

1962 2547 2223 2604 scebant.
2271 2545 2596 2602 Verisimile
2638 2561 2882 2618 quoque
2921 2550 3030 2611 est,
3072 2561 3144 2601 ex
3191 2545 3608 2602 traditionibus

1961 2638 2093 2694 viva
2108 2652 2254 2694 voce
2274 2634 2504 2692 traditis
2520 2635 2581 2691 in
2598 2635 2891 2692 memoria
2906 2634 3146 2692 habitas
3167 2634 3351 2692 fuisse
3372 2635 3612 2693 illorum

1964 2728 2196 2802 species
2247 2731 2346 2783 aut
2385 2727 2633 2798 ﬁguras.
2690 2727 2964 2783 Fortasse
2986 2729 3189 2784 autem
3220 2731 3276 2785 et
3315 2742 3387 2784 ex
3409 2726 3615 2785 divina

1961 2818 2319 2876 revelatione
2347 2817 2481 2873 illos
2520 2820 2909 2888 agnoverunt.

2033 2910 2076 2980 -ι-
2113 2910 2228 2964 Aut
2285 2908 2462 2965 etiam
2515 2906 2698 2972 aliter,
2751 2907 2927 2978 juxta
2975 2905 3269 2963 Christum
3320 2910 3617 2980 apparent

1964 3001 2149 3055 Moses
2175 3005 2231 3055 et
2257 2998 2428 3062 Elias,
2456 2995 2862 3066 signiﬁcantes
2892 2995 3057 3068 quod
3086 2997 3375 3069 mysteria
3398 2996 3618 3070 legalia

1966 3102 2036 3143 ac
2074 3086 2443 3160 prOphetalia
2471 3085 2533 3141 in
2567 3101 2749 3140 unum
2771 3084 3078 3142 intendunt
3107 3086 3421 3156 Christum,
3457 3092 3514 3144 et
3546 3102 3618 3144 ea

248 3197 334 3246 τὸν
365 3200 600 3270 Χριστόν
631 3197 962 3268 συνάγονται,
995 3200 1085 3248 καὶ
1108 3198 1173 3247 τὰ
1202 3199 1319 3271 περὶ
1339 3195 1492 3248 αὐτόν
1510 3195 1852 3268 μηνύουσιν],

1972 3192 2102 3250 quas
2144 3175 2354 3232 Christi
2376 3180 2513 3230 sunt
2532 3174 2912 3245 praesignant.

327 3284 653 3359 Ἀποκριθεὶς
719 3315 788 3326 —
839 3283 1008 3357 Ἠλίᾳ.
1069 3280 1280 3357 Σφόδρα
1350 3284 1505 3356 φιλῶν
1572 3287 1598 3338 ό
1662 3290 1855 3358 Πέτρος

248 3380 334 3428 τὸν
386 3371 736 3438 Διδάσκαλον,
789 3378 879 3427 σαὶ
939 3378 1010 3446 μὴ
1077 3373 1230 3427 eam
1285 3372 1520 3427 ἀπελθεῖν
1575 3374 1730 3428 αὐτόν
1788 3375 1856 3436 είς

248 3463 603 3537 Ἰεροσόλυμα,
685 3465 767 3515 ἶνα
851 3467 922 3535 μή
996 3461 1228 3516 ἀπελθὼν
1300 3462 1405 3516 ἐκεῖ
1460 3465 1625 3537 πάθη,
1685 3466 1858 3527 καθὼς

251 3559 550 3628 προείρηκε,
608 3561 832 3626 φανερῶς
876 3556 968 3625 μέν
1035 3553 1092 3605 ού
1149 3553 1316 3625 τολμᾲ
1371 3553 1605 3606 κωλύσαι
1678 3555 1857 3626 αὐτὸν,

257 3651 336 3697 ἳνα
398 3648 470 3715 μὴ
533 3643 684 3695 πάλιν
739 3641 1043 3715 ἐπιτιμηθῇ·
1116 3643 1432 3715 θεασαμενος
1493 3640 1551 3696 δὲ
1604 3647 1661 3697 τὸ
1723 3649 1858 3720 ὅρος,

257 3733 448 3791 πολλὴν
498 3735 620 3805 ἔχον
665 3730 966 3804 ἀσφάλειαν,
1018 3735 1085 3795 ὡς
1118 3731 1452 3806 ἀγνοούμενον
1492 3742 1600 3798 τοῖς
1649 3734 1860 3788 ἐπιϐου-

255 3823 517 3876 λεύουσιν·
577 3821 688 3895 ἂμα
741 3819 800 3875 δε
851 3827 940 3874 καὶ
987 3829 1217 3881 Μωῦσῆν
1270 3829 1359 3876 καὶ
1409 3824 1606 3892 Ἠλίαν,
1657 3828 1861 3888 ἱκανοὺς

258 3911 491 3985 ἀμύνειν·
526 3913 552 3964 ό
586 3915 676 3984 μέν
705 3914 805 3982 γὰρ
834 3911 996 3964 πολλὰ
1025 3914 1141 3971 ἔθνη
1174 3919 1592 3986 κατηγωνίσατο,
1625 3918 1651 3968 ό
1675 3913 1733 3969 δε
1758 3924 1860 3993 πῦρ

258 4001 311 4065 ἑξ
377 4001 602 4076 ούρανοῦ
671 4005 964 4074 κατήγαγεν
1029 4000 1110 4056 ἐπὶ
1169 4007 1291 4067 τοὺς
1350 4007 1859 4082 πεντηκονταρχουςο

260 4090 606 4166 συμϐουλεύει
633 4095 798 4164 μένειν
826 4090 949 4150 ἐκεῖ.

325 4273 501 4328 Εἰπὼν
546 4268 624 4341 δὲ,
683 4274 764 4326 ὅτι
813 4273 976 4328 Καλόν
1034 4273 1176 4329 ἐστιν
1229 4275 1369 4348 ἡμᾶς
1419 4271 1524 4330 ὧδε
1573 4273 1722 4346 εἶναι,
1771 4284 1862 4332 καὶ

250 4368 430 4436 γνούς,
485 4364 567 4416 ὅτι
610 4372 780 4426 κακῶς
829 4367 983 4432 εἷπεν,
1025 4367 1093 4426 ὡς
1149 4364 1202 4428 ἐξ
1248 4366 1407 4428 οἰιίας
1445 4373 1686 4439 γνώκπης
1725 4367 1861 4422 ἀπο-

257 4456 566 4526 φηνάμενος,
631 4455 970 4526 προσέθηκεν,
1030 4456 1131 4524 ὅτι,
1195 4455 1255 4508 Εἰ
1323 4456 1495 4527 θέλεις,
1558 4463 1860 4532 ποιήσωμεν

2040 3267 2197 3322 Vers.
2219 3265 2270 3320 4.
2303 3263 2666 3336 Respondem
2702 3292 2771 3304 —
2817 3263 2991 3318 Elia.
3035 3262 3185 3319 Cum
3211 3251 3419 3322 Petrus
3447 3265 3617 3322 vehe-

1967 3360 2196 3411 menter
2226 3357 2651 3426 praaceptorem
2672 3358 2922 3416 amaret,
2953 3367 3063 3407 nec
3090 3352 3262 3410 vellet
3292 3369 3431 3410 eum
3452 3354 3618 3410 abire

1968 3443 2394 3517 Hierosolyma,
2423 3458 2498 3498 ne
2524 3456 2594 3497 eo
2616 3428 2923 3510 digressus
2953 3446 3274 3512 pateretur,
3299 3443 3451 3498 sicut
3470 3459 3620 3514 prm-

1967 3535 2226 3592 dixerat:
2259 3532 2462 3604 palam
2488 3531 2737 3604 quidem
2765 3545 2888 3586 non
2917 3530 3100 3586 audet
3128 3547 3268 3588 eum
3283 3531 3616 3604 prohibere,

1969 3641 2044 3682 ne
2091 3640 2327 3680 rursum
2369 3622 2816 3694 increparetur;
2853 3618 2973 3676 viso
3004 3623 3205 3677 autem
3251 3621 3418 3695 quod
3447 3637 3618 3678 mons

1969 3730 2260 3786 magnam
2276 3713 2523 3770 haberet
2537 3709 2936 3776 securitatem,
2953 3714 3154 3782 utpote
3174 3710 3621 3768 insidiatoribus

1971 3805 2329 3875 incognitus,
2355 3801 2532 3858 simul
2557 3807 2757 3856 autem
2802 3802 2999 3856 Mosen
3047 3807 3102 3856 et
3144 3800 3330 3857 Eliam
3371 3800 3623 3858 idoneos

1971 3896 2076 3970 qui
2095 3896 2516 3952 ulciscerentur
2547 3909 2563 3962 ;
2593 3907 2738 3948 nam
2762 3889 2858 3946 ille
2889 3879 3177 3972 plurimas
3218 3897 3425 3964 gentes
3466 3891 3624 3950 devi-

1971 3991 2152 4052 cerat,
2181 3985 2276 4041 hic
2301 3999 2442 4041 vero
2480 3983 2685 4056 ignem
2727 3996 2899 4054 super
2952 3979 3504 4055 quinquagenarias
3547 3985 3623 4042 de

1971 4077 2123 4134 calo
2170 4076 2528 4142 detraxerat,
2569 4072 2826 4130 consulit
2858 4070 2942 4128 illi
2983 4071 3188 4128 dicens
3224 4074 3491 4132 :Bonum
3544 4082 3622 4133 est

1970 4181 2076 4224 nos
2099 4166 2188 4223 hic
2214 4179 2350 4222 esse.

2041 4273 2287 4343 Cognito
2338 4274 2542 4329 autem
2585 4268 2754 4343 quod
2803 4267 2962 4326 male
3013 4267 3242 4326 locutus
3297 4269 3506 4326 fuisset
3551 4285 3625 4327 ex

1971 4365 2212 4436 propria
2241 4367 2436 4417 mente
2475 4365 2762 4432 statuens,
2793 4358 3023 4416 addidit
3062 4374 3076 4415 :
3107 4356 3170 4413 Si
3198 4357 3303 4424 vis,
3329 4359 3627 4429 faciamus

1973 4453 2064 4510 hic
2094 4455 2204 4508 tria
2234 4450 2641 4515 tabernacula,
2671 4449 2774 4506 tibi
2804 4465 3006 4515 unum,
3040 4455 3096 4506 et
3125 4449 3316 4519 Moysi
3337 4465 3538 4517 unum,
3569 4457 3624 4508 et

256 4540 363 4596 ὧδε
411 4549 550 4616 τρεῖς
600 4546 814 4608 σκηνὰς,
877 4548 958 4596 σοὶ
1005 4549 1149 4616 μίαν,
1189 4549 1276 4598 καὶ
1328 4553 1542 4600 Μωῦσεί
1589 4553 1733 4620 μίαν,
1775 4553 1855 4602 καὶ

1973 4543 2122 4601 Elian
2136 4558 2334 4598 unum.
2354 4540 2506 4606 Quid
2523 4539 2632 4604 ais,
2646 4556 2683 4596 ο
2712 4543 2869 4596 Petre
2885 4540 2912 4596 ‘I
2927 4539 3109 4596 Paulo
3125 4551 3262 4596 ante
3283 4540 3626 4598 naturalem

261 4653 384 4704 μιαν
446 4632 615 4704 Ἠλίᾳ.
668 4637 730 4686 Τί
779 4632 962 4703 λέγεις,
1021 4631 1060 4684 ὦ
1119 4639 1318 4709 Hirpi;
1375 4640 1473 4710 πρὸ
1530 4645 1722 4713 μικροῦ
1774 4643 1865 4713 μεν

263 4728 475 4792 γνήσιον
529 4723 647 4774 Υἰόν
694 4728 786 4774 τοῦ
841 4728 966 4775 Θεοῦ
1014 4731 1192 4776 τοῦτον
1246 4724 1606 4798 ὡμολόγησας·
1666 4735 1753 4782 νῦν
1807 4726 1867 4785 δε

262 4814 394 4884 μετὰ
445 4818 546 4864 τῶν
601 4807 798 4863 δούλων
856 4810 1092 4886 ἀριθμεῖς
1144 4815 1230 4866 τόν
1279 4820 1566 4889 Δεσπότην,
1617 4822 1706 4872 καὶ
1763 4821 1863 4874 ύπό

261 4903 461 4954 τούτων
509 4901 743 4961 σωθῆναι
784 4900 939 4954 αὐτὸν
987 4899 1244 4972 ἐλπίζειςς
1293 4902 1452 4980 Ὀρα,
1482 4915 1588 4969 πῶς
1633 4911 1734 4983 πρὸ
1773 4916 1866 4965 τοῦ

1974 4637 2135 4691 hunc
2173 4633 2272 4689 Dei
2310 4631 2524 4687 Filium
2553 4629 2866 4686 confessus
2922 4645 3005 4696 es,
3058 4645 3220 4686 nunc
3249 4637 3453 4688 autem
3488 4648 3626 4689 cum

1977 4725 2160 4783 servis
2189 4723 2506 4780 Dominum
2537 4733 2996 4784 connumerans,
3021 4719 3204 4777 etiam
3221 4720 3470 4794 abipsis
3505 4737 3625 4779 ser-

1975 4816 2243 4876 vandum
2263 4829 2402 4871 eum
2433 4825 2640 4885 speras
2669 4810 2698 4866 ?
2724 4808 2868 4866 Vide
2886 4810 3199 4881 quomodo
3223 4816 3363 4868 ante
3391 4813 3626 4883 passio...

1975 4923 2108 4965 nem
2145 4903 2451 4978 inperfecti
2496 4900 2831 4961 admodum
2873 4903 3044 4958 erant
3081 4899 3380 4976 discipuli.
3439 4901 3629 4960 Simul

1463 5113 1690 5212 Variae
1718 5119 2045 5192 lectiones
2076 5127 2143 5190 et
2178 5126 2383 5190 notae.

328 5330 448 5403 (40)
469 5329 742 5402 Intelligit
757 5329 991 5403 pcdices
1005 5329 1426 5403 Chrysoﬂomi,
1447 5333 1520 5394 ut
1539 5333 1706 5396 alibi?
1721 5335 1862 5396 Vide

251 5401 550 5476 Chrysost.
591 5408 630 5459 t.
666 5401 799 5467 ’VlI,
839 5417 897 5474 p.
929 5402 1034 5476 561
1061 5401 1250 5476 g'bis,
1284 5419 1338 5476 pg.
1370 5403 1475 5460 584
1513 5408 1576 5462 D.
1619 5407 1862 5466 Scilicet

250 5473 707 5546 usu'receptum
735 5473 859 5529 erat
879 5473 1041 5546 aqud
1059 5473 1262 5546 Patres
1286 5473 1554 5543 ’Grmcos,
1585 5481 1672 5532 τὸν
1701 5499 1862 5534 σταυ-

253 5550 345 5621 ρᾷρν
375 5554 466 5598 τοῦ
496 5543 730 5621 Χριστοῦ
764 5543 1066 5621 appellare
1097 5550 1189 5604 τὴν
1218 5543 1374 5621 δόξαν
1397 5549 1576 5606 αὐτοῦ.
1612 5551 1682 5606 Μ
1705 5549 1876 5608 unus

255 5617 502 5684 dixerat,
535 5617 845 5695 fueratque
863 5617 1099 5695 deinde,
1126 5619 1704 5695 utaliahujusmodi,
1731 5639 1864 5695 pro-

258 5697 546 5817 pagatum
567 5691 643 5746 ad
675 5689 842 5744 alios.
864 5690 1070 5769 Nititur
1089 5694 1292 5772 autem
1317 5689 1868 5777 baéinterpret'atio

281 5777 391 5817 oco
423 5761 596 5817 Hebr.
633 5778 690 5817 ιι.
725 5763 778 5817 9.
810 5760 913 5817 Hic
942 5765 1144 5817 autem
1180 5760 1364 5817 facilis
1402 5769 1528 5817 erat
1567 5769 1868 5817 corruptio

281 5777 391 5819 oco
423 5761 596 5823 Hebr.
633 5778 690 5818 ιι.
725 5763 778 5818 9.
810 5760 913 5818 Hic
942 5765 1144 5820 autem
1180 5760 1364 5820 facilis
1402 5769 1528 5824 erat
1567 5760 1869 5841 corruptio

1941 5337 2179 5424 Ascrith
2207 5341 2426 5424 parum
2479 5330 2736 5398 attentis,
2768 5324 3356 5403 .quodﬁotloc-intor
3400 5324 3625 5405 duplex

1973 5406 2104 5473 δόξα
2133 5408 2374 5477 legitur.

2043 5483 2158 5553 (4i)
2187 5483 2353 5553 Nunc
2383 5473 2809 5553 non_recordor
2822 5471 2957 5553 loci,
2963 5471 3090 5553 _ubi_
3118 5473 3179 5531 in
3205 5473 3296 5530 his
3326 5487 3632 5553 comment-

1953 5544 2152 5608 'tariis'
2192 5547 2265 5605 de
2318 5565 2379 5604 rc
2419 5547 2631 5604 eadem
2690 5545 2915 5601 dixerit.
2963 5544 3132 5602 Forte
3186 5562 3329 5617 ergo
3358 5544 3629 5616 intelligit

1979 5621 2488 5681 Commentariun)
2522 5634 2700 5674 suum
2731 5617 2809 5674 ad
2837 5617 3008 5672 Hebr.
3038 5634 3095 5679 ιι,
3127 5622 3179 5674 9.

2027 5694 2166 5769 ,(42)
2196 5684 2692 5750 Inclusa’exhibet
2719 5691 3002 5760 inmarg.
3036 5689 3094 5744 Β.
