4176 6434
552 331 658 405 483
1689 368 1699 381 -
1886 326 2238 399 EUTHYMIl
2274 326 2602 400 meum
3817 342 3924 410 tet

551 477 752 531 autem
783 475 980 528 Petrus
1008 470 1258 542 duplam
1303 471 1444 526 tunc
1483 469 1700 525 mentis
1727 469 2185 525 commotionem

2316 479 2544 544 σταυροῦ
2604 468 2811 548 σφόδρα
2860 471 3054 535 ἀτελεῖς
3102 471 3237 532 ἦσαν
3286 474 3335 528 οἳ
3385 477 3639 550 μαθηται⁶
3695 476 3807 550 ἅμα
3863 476 3924 532 δὲ

551 561 882 619 sustinebat
908 576 920 614 :
952 559 1091 615 hinc
1118 558 1362 631 quidem
1399 557 1698 630 trepidans
1730 573 1839 630 pro
1887 557 2178 628 magistro

2312 560 2338 610 6
2379 562 2567 633 Πέτρος
2617 566 2706 614 καὶ
2757 559 2974 614 διπλοῦν
3032 571 3320 622 τηνικαῦτα
3379 566 3533 618 σάλον
3584 574 3679 628 τῆς
3732 566 3921 638 ψυχῆς

545 651 707 708 illinc
725 665 866 706 vero
895 665 931 706 a
987 647 1422 722 supernaturali
1481 647 1580 703 illo
1637 652 1882 719 aspectu
1923 647 2185 702 turbatus

2312 650 2679 721 ὑφιστάμενος,
2726 659 2876 704 τοῦτο
2923 655 3033 723 μὲν,
3090 651 3190 705 ἀπό
3242 662 3334 707 τοῦ
3390 653 3612 727 ἁγωνιᾷν
3661 657 3788 729 ὑπὲρ
3829 663 3920 708 τοῦ

545 746 631 797 est
659 745 716 796 et
743 737 1046 808 confusus,
1067 738 1326 810 taliaque
1355 737 1710 809 loquebatur
1747 736 2024 792 nesciens
2051 735 2185 808 quid

2311 734 2666 807 Διδασκάλου,
2699 748 2850 794 τοῦτο
2883 737 2954 806 δ’,
2991 740 3091 794 ἀπὸ
3123 751 3214 804 τῆς
3242 744 3534 818 ὑπερφυοῦς
3579 744 3746 816 ὄψεως
3778 744 3918 798 ἐκεί-

543 829 781 896 diceret,
811 830 964 885 sicut
992 828 1140 884 dixit
1157 828 1346 883 Lucas
1374 828 1417 893 ⁸,
1437 825 1555 883 hoc
1572 833 1659 882 est
1682 827 1842 898 quod
1868 825 2185 882 inconside‘

2308 846 2396 888 νης
2445 829 2737 902 ἐταράχθη,
2773 836 2859 884 καὶ
2895 834 3186 903 συνεχύθη,
3237 838 3327 886 καὶ
3364 841 3584 886 τοιαῦτα
3618 833 3914 907 ἐφθέγγετο,

542 923 670 977 rate
695 919 1056 991 loqueretur.

2308 921 2380 988 μὴ
2451 914 2602 979 εἰδὼς
2657 921 2682 971 ὃ
2734 919 2890 992 λέγει,
2959 922 3132 982 καθὼς
3185 918 3294 975 εἶπε
3358 929 3584 992 Λουκᾶς,
3654 925 3682 976 ὅ
3746 922 3911 990 έστιν,

2310 1004 2532 1059 ἀσύνετα
2558 1007 2721 1059 λαλῶν
2731 1052 2743 1064 .

2379 1097 2591 1168 Μάρκος
2638 1093 2698 1149 δε
2736 1116 2914 1170 φησιν,
2957 1099 3035 1151 ότι
3087 1099 3198 1152 Ούκ
3237 1095 3378 1173 ᾔδει,
3417 1105 3469 1154 τί
3505 1099 3743 1168 λαλήσει,
3784 1121 3905 1155 του-

2305 1187 2497 1246 τέστιν,
2557 1185 2651 1237 ούκ
2708 1184 2973 1258 ἐγίνωσκε,
3032 1192 3085 1240 τί
3141 1187 3351 1247 λαλήσει
3415 1190 3583 1262 ἕτερον
3639 1197 3891 1264 κρεῖττον.

2307 1279 2433 1326 Εῖτα
2460 1275 2753 1346 προσέθηκε
2803 1281 2892 1329 καὶ
2941 1277 3132 1344 αἰτίαν,
3167 1277 3338 1330 εἰπών·
3372 1279 3452 1331 ὃτι
3501 1276 3637 1338 ἦσαν
3675 1279 3902 1352 ἔκφοϐοι.

2307 1368 2515 1424 Λουκᾶς
2577 1359 2636 1416 δε
2687 1364 2934 1438 ἔγραψεν,
2991 1366 3070 1418 ότι
3133 1363 3268 1424 ἦσαν
3335 1366 3684 1443 βεϐαρημένοι
3738 1370 3903 1442 ὕπνῳ.

2304 1450 2719 1524 Ἐξεφοϐἠθησαν
2766 1457 2856 1526 μεν
2898 1457 3022 1529 γὰρ,
3074 1451 3270 1518 ἰδόντες
3329 1453 3475 1519 εἶδυς
3520 1459 3646 1532 ’ὅπερ
3703 1460 3905 1531 ἄνθρω-

2303 1561 2416 1594 πον·
2457 1543 2786 1617 ἐϐαρήθησαν
2831 1539 2891 1596 δε
2937 1552 3100 1616 ῦπνῳ,
3146 1543 3277 1616 λέγω
3331 1541 3422 1610 δὴ,
3472 1549 3636 1621 κάρῳ,
3677 1556 3750 1618 τῷ
3802 1546 3904 1601 ἀπό

2303 1638 2400 1692 τῆς
2435 1627 2790 1704 λαμπηδόνος.
2846 1637 2946 1686 Καὶ
2973 1635 3075 1706 γὰρ
3109 1633 3168 1686 ού
3202 1633 3294 1696 νύξ
3327 1631 3410 1700 ἦν,
3457 1633 3563 1687 ἀλλ’
3610 1637 3798 1709 ἡμέρα·
3846 1641 3904 1688 τό

2305 1715 2364 1772 δι
2412 1728 2504 1782 τῆς
2565 1718 2902 1793 λαμπηδόνος
2958 1721 3272 1796 ὑπερϐάλλον
3329 1722 3568 1777 έσκότισε
3622 1728 3714 1797 μεν
3783 1728 3905 1788 τοὺς

2226 1820 2269 1876 Β
2303 1808 2600 1882 ὀφθαλμούς
2666 1810 2854 1862 αὐτῶν·
2936 1809 3165 1883 ἔκάρωσε
3225 1807 3284 1864 δε
3339 1816 3426 1865 τόν
3500 1820 3640 1883 νοῦν,
3700 1816 3790 1876 ἕως
3843 1815 3905 1867 οὗ

2304 1895 2838 1971 διαγρηγορήσαντες,
2917 1902 2988 1962 ὡς
3047 1903 3073 1952 ό
3152 1906 3361 1964 Λουκᾶς
3439 1901 3660 1976 εἴρηκεν,
3737 1907 3903 1956 εῖτουν

2303 1986 2654 2059 ἀνανήψαντες
2686 1995 2778 2041 τοῦ
2821 1991 3057 2042 τοιούτου
3101 1990 3264 2062 κάρου
3314 1995 3403 2044 καὶ
3440 2000 3536 2054 τῆς
3569 1988 3898 2059 σκοτοδίνης,

2303 2073 2462 2144 εἶδον,
2517 2081 2582 2139 ὡς
2634 2074 2877 2144 δυνατὸν,
2933 2083 3025 2138 τὴν
3075 2075 3232 2143 δόξαν
3280 2080 3463 2138 αὐτοῦ.
3513 2085 3711 2135 Λοιπὸν
3759 2079 3819 2135 δε
3873 2085 3900 2136 ό

615 1135 843 1191 Marcus
867 1133 1069 1188 autem
1099 1130 1180 1186 ait
1207 1146 1221 1186 :
1251 1130 1450 1202 Neque
1502 1128 1659 1186 enim
1688 1129 1906 1186 sciebat
1931 1129 2078 1202 quid
2118 1130 2200 1186 ιο·

545 1227 784 1280 cuturus
801 1227 931 1278 esset
956 1222 1000 1285 ⁵,
1018 1220 1078 1276 id
1092 1223 1198 1291 est,
1221 1234 1344 1276 non
1370 1223 1616 1276 noverat
1634 1218 1776 1292 quid
1799 1218 1959 1275 aliud
1979 1219 2196 1276 melius

541 1309 852 1368 locuturus
883 1314 1038 1366 esset
1066 1308 1160 1365 vel
1189 1308 1356 1381 loqui
1387 1312 1604 1380 posset.
1635 1307 1859 1364 Deinde
1879 1307 2114 1364 addidit
2141 1315 2200 1365 et

542 1416 792 1457 causam
843 1400 1072 1465 dicens,
1102 1399 1268 1472 quod
1298 1403 1468 1455 erant
1515 1397 1794 1456 exterriti.
1826 1398 2015 1454 Lucas
2056 1413 2195 1454 vero

542 1489 855 1562 scripsit‘,
907 1489 1069 1561 quod
1112 1493 1281 1544 erant
1333 1503 1548 1544 somno
1587 1487 1817 1558 gravati
1859 1506 1874 1547 :
1927 1487 2194 1543 Exterriti

538 1578 785 1650 quidem
815 1577 945 1634 visa
974 1577 1168 1650 specie
1200 1575 1334 1649 plus
1385 1592 1570 1649 quam
1622 1577 1910 1632 humana.
1973 1578 2194 1633 Grava-

535 1665 752 1722 bantur
779 1670 981 1722 autem
1012 1679 1227 1721 somno
1257 1680 1375 1737 prae
1421 1680 1639 1737 sopore
1668 1664 1774 1737 qui
1804 1680 1842 1720 a
1872 1664 2193 1737 splendore

536 1754 946 1827 procedebat;
1002 1769 1198 1828 neque
1268 1755 1428 1810 enim
1486 1769 1606 1810 nox
1684 1759 1811 1810 erat
1886 1754 1990 1809 sed
2044 1754 2190 1810 dies.

537 1844 882 1916 Splendoris
956 1848 1159 1901 tamen
1215 1857 1491 1898 excessus
1541 1842 1904 1899 obscurabat
1956 1843 2191 1900 illorum

537 1934 767 2003 oculos,
797 1949 869 1990 ac
907 1939 1159 1990 mentem
1179 1931 1567 2003 aggravabat,
1599 1931 1793 1988 donec
1818 1931 2074 2004 perfecte
2095 1948 2194 1989 ex-

537 2023 807 2096 perrecti,
863 2021 1013 2078 sicut
1067 2021 1216 2077 dixit
1258 2021 1446 2077 Lucas
1477 2022 1520 2092 “¹,
1579 2021 1703 2077 sive
1757 2020 1837 2078 ad
1889 2037 1951 2077 se
1999 2037 2035 2078 a
2093 2021 2194 2078 tali

539 2127 753 2184 sopore
777 2115 834 2168 et
861 2110 1351 2168 obtenebratione
1405 2110 1644 2176 reversi,
1698 2109 1974 2168 viderunt
2008 2128 2194 2184 quan-

540 2205 662 2258 tum
718 2199 1004 2274 possibile
1056 2204 1201 2268 erat,
1251 2199 1503 2270 gloriam
1551 2199 1702 2271 ejus.
1747 2199 1954 2256 Petrus
1991 2202 2192 2274 itaque

539 2290 853 2348 confusam
873 2290 1072 2348 adhuc
1093 2294 1354 2346 mentem
1380 2289 1631 2354 habens,
1665 2288 2109 2348 inconsiderata
2136 2296 2196 2347 et

539 2380 873 2451 incongrua
897 2379 1273 2453 loquebatur.

606 2469 650 2540 -ι-
685 2469 815 2526 Tria
848 2467 1237 2526 tabernacula
1267 2465 1512 2537 intelligi
1545 2469 1802 2538 possunt
1849 2470 1964 2522 tres
1993 2466 2073 2523 ad
2101 2483 2196 2525 sa-

535 2556 720 2614 lutem
767 2558 1212 2630 dispositiones,
1278 2554 1545 2611 videlicet
1598 2555 1986 2628 operationis,
2055 2572 2192 2614 con-

535 2647 965 2720 templationis,
988 2652 1044 2702 et
1057 2644 1390 2714 theologiee.
1415 2643 1786 2716 Operationis
1799 2643 2000 2718 itaque
2015 2651 2192 2720 typus

533 2736 649 2793 fuit
696 2736 849 2792 Elias
907 2734 1074 2791 fortis
1104 2750 1174 2790 ac
1227 2736 1612 2804 temperatus.
1663 2733 2190 2806 Contemplationis

534 2824 731 2881 Moses
776 2823 1081 2896 legislator
1121 2837 1191 2878 ac
1251 2821 1400 2894 juris
1459 2821 1652 2878 dator.
1713 2823 2006 2898 Thelogiaa
2057 2841 2191 2882 vero

536 2913 826 2981 Christus,
859 2917 1064 2985 utpote
1093 2911 1438 2969 omnimode
1459 2911 1774 2984 perfectus.
1808 2915 1942 2970 Haec
1985 2920 2188 2972 autem

2305 2169 2515 2242 Πέτρος,
2574 2169 2650 2219 ἔτι
2703 2166 2927 2221 ἐντεῦθεν
2987 2173 3377 2242 συγκεχυμένον
3430 2173 3567 2244 ἔχων
3623 2174 3710 2224 τὸν
3759 2180 3896 2238 νοῦν,

2304 2254 2528 2309 ἀσύνετα
2555 2259 2954 2332 παρεφθέγγετο.

2373 2467 2542 2542 [Τρεῖς
2591 2469 2708 2542 (ιθ)
2749 2473 2937 2528 σκηναὶ
2983 2471 3209 2528 νοηθεῖεν
3262 2472 3324 2524 ἄν
3375 2474 3429 2524 αἱ
3469 2479 3598 2546 τρεῖς
3639 2471 3761 2535 ἕξεις
3797 2480 3889 2534 τῆς

2305 2563 2589 2634 σωτηρίας,
2639 2561 2671 2618 ἧ
2723 2577 2780 2613 τε
2829 2568 2923 2622 τῆς
2974 2559 3223 2635 πράξεως,
3284 2565 3372 2613 καὶ
3421 2562 3451 2620 ἠ
3504 2569 3597 2622 τῆς
3650 2563 3888 2635 θεωρίας,

2299 2653 2390 2701 καὶ
2436 2650 2466 2708 ἠ
2522 2656 2613 2710 τῆς
2661 2648 2945 2722 θεολογίας.
3005 2652 3110 2713 Τῆς
3165 2651 3256 2723 μὶν
3308 2647 3396 2703 οὖν
3447 2650 3676 2727 πράξεως
3732 2654 3895 2715 τύπος

2296 2737 2322 2787 6
2376 2736 2572 2803 Ἠλίας,
2623 2740 2692 2800 ὡς
2731 2734 2968 2812 ἀνδρεῖος
3013 2743 3101 2792 καί
3156 2744 3392 2814 σὲφρων,
3439 2748 3532 2802 τῆς
3577 2736 3634 2794 δὲ
3685 2742 3896 2816 θεωρίας

2298 2825 2324 2877 ὁ
2377 2833 2610 2889 Μωύσῆς
2657 2829 2723 2878 ὡν
2775 2829 3054 2899 νομοθέτης
3103 2832 3191 2880 καὶ
3249 2825 3616 2892 δικαιοδότης·
3682 2839 3773 2892 τῆς
3837 2828 3896 2884 δε

2300 2915 2563 2987 θεολογίας
2609 2916 2634 2968 6
2681 2919 2928 2988 Χριστός,
2979 2922 3043 2977 ὡς
3073 2915 3120 2968 ίν
3150 2922 3306 2970 παντὶ
3352 2917 3561 2982 τέλειος.
3610 2924 3802 2978 Σκηναὶ
3833 2915 3892 2972 δὲ

533 3003 924 3061 tabernacula
936 3006 1087 3070 sunt,
1107 3000 1899 3074 comparationefuturarum
1915 3005 2184 3078 quietum

531 3090 1074 3166 incomparabiliter
1110 3090 1452 3148 meliorum.

2297 3005 2452 3058 αὗται
2503 3009 2633 3080 πρὸς
2695 3008 2972 3080 σύγκρισιν
3023 3014 3120 3058 τῶν
3167 3006 3461 3080 μελλουσῶν
3520 3007 3732 3082 λήξεων,
3791 3017 3892 3062 τῶν

2296 3094 2621 3169 ἀσύγκρίτως
2657 3095 3000 3170 κρειττονων.]

605 3182 776 3240 Vers.
805 3183 860 3237 5.
890 3181 1106 3238 Adhuc
1130 3212 1199 3220 —
1227 3179 1394 3237 nube.
1431 3182 1628 3237 Nubes
1655 3185 1711 3236 et
1725 3197 1862 3251 vox,
1888 3187 1952 3240 ut
1981 3184 2185 3242 certio-

2364 3167 2482 3237 Ἔτι
2530 3216 2597 3226 -
2647 3167 2876 3258 νεφέλης.
2934 3184 3129 3258 Νεφέλη
3189 3190 3280 3239 καὶ
3331 3191 3490 3259 φωνὴ,
3539 3193 3622 3258 ἵνα
3671 3184 3890 3259 βεϐαιω-

530 3277 626 3330 res
653 3273 1038 3331 redderentur
1056 3273 1158 3330 Dei
1197 3288 1331 3330 esse
1360 3287 1571 3329 vocem
1612 3288 1626 3339 ;
1661 3273 1994 3332 didicerant
2023 3276 2181 3332 enim

530 3363 695 3437 quod
717 3365 870 3421 Deus
897 3365 956 3421 in
987 3364 1146 3421 nube
1177 3363 1488 3419 veheretur
1521 3378 1534 3418 :
1563 3364 1791 3419 Ponens
1810 3364 2023 3436 inquit,
2068 3383 2180 3422 nu-

531 3455 620 3511 bes
650 3470 948 3512 ascensum
971 3454 1200 3524 suum“;
1226 3451 1886 3524 multaquebujusmodi
1909 3453 2182 3528 frequen-

529 3545 616 3600 ter
647 3544 826 3601 habet
851 3540 1516 3616 Scriptura.Considera
1535 3555 1676 3596 vero
1688 3557 1811 3613 quo
1833 3549 2009 3614 pacto
2035 3545 2182 3602 dum

527 3633 806 3702 minatur,
832 3632 1155 3688 obscuram
1172 3630 1340 3702 ponit
1359 3628 1520 3684 circa
1546 3644 1608 3683 se
1640 3629 1888 3700 nubem,
1912 3634 1979 3686 ut
2004 3648 2184 3706 super

531 3722 673 3780 Sina
701 3723 722 3756 °
757 3743 770 3788 ;
802 3735 966 3776 nunc
991 3723 1194 3775 autem
1220 3715 1432 3773 Filium
1462 3716 1776 3774 ostendere
1826 3719 2055 3789 volens,
2095 3721 2182 3780 lu-

527 3811 722 3867 cidam
750 3809 913 3864 illam
950 3806 1160 3864 habet.

599 3897 757 3954 Vers.
771 3898 824 3953 5.
840 3895 1042 3953 Dicens
1057 3912 1069 3953 :
1087 3927 1154 3936 —
1169 3894 1575 3966 complacitum
1591 3900 1692 3952 est.
1709 3895 2006 3958 Hazctertio
2017 3904 2176 3959 etiam

528 3987 712 4060 capite
731 4003 858 4043 cum
877 3985 1148 4044 Salvator
1163 3985 1562 4058 baptizaretur
1574 3984 1720 4043 dixit
1738 3989 1966 4048 coalitus
1979 3996 2176 4062 Pater;

526 4073 633 4132 sed
659 4075 740 4132 ibi
771 4080 1012 4149 propter
1040 4074 1552 4132 circumstantium
1586 4075 2037 4149 multitudinem,
2079 4083 2179 4140 hic

527 4169 728 4222 autem
758 4167 1020 4222 maxime
1043 4171 1280 4238 propter
1304 4166 1546 4222 Petrum
1571 4184 1585 4235 ;
1641 4183 1712 4226 ac
1734 4170 1783 4226 si
1807 4169 2025 4229 diceret
2063 4189 2179 4229 vox

525 4256 709 4312 Patris
740 4271 754 4312 :
788 4255 942 4322 Quid
967 4256 1160 4328 times,
1195 4272 1232 4312 ο
1259 4256 1440 4329 Patre,
1458 4258 1534 4315 de
1559 4259 1698 4318 Jesu
1722 4262 1859 4318 ?hic
1885 4268 1971 4319 est
1995 4261 2176 4318 Filius

523 4360 685 4401 meus
719 4362 862 4412 ;nec
883 4345 1232 4418 simpliciter
1243 4346 1446 4415 Filius,
1469 4353 1533 4405 ut
1550 4349 1719 4425 hiqui
1741 4368 1841 4424 per
1853 4354 2178 4409 virtutema

520 4449 619 4490 me
642 4439 780 4491 sunt
797 4434 1088 4507 adoptati,
1108 4435 1215 4490 sed
1233 4436 1484 4494 dilectus
1505 4439 1628 4497 sive
1645 4441 1864 4498 electus
1887 4447 2176 4513 tanquam

521 4523 864 4592 unigenitus
896 4538 911 4589 ;
943 4538 1054 4578 nec
1077 4523 1139 4578 id
1169 4527 1419 4594 tantum,
1494 4544 1702 4586 verum
1757 4529 1936 4586 etiam
1965 4529 2025 4584 in
2052 4545 2175 4602 quo
2205 4519 2253 4577 D

519 4611 667 4668 mihi
692 4610 1112 4683 complacitum
1153 4617 1260 4682 est,
1293 4615 1408 4672 hoc
1437 4622 1525 4674 est
1568 4617 1626 4673 in
1657 4634 1780 4690 quo
1839 4617 2173 4690 requiesco,

518 4699 580 4756 in
606 4715 726 4771 quo
773 4699 1052 4767 oblector,
1099 4706 1162 4758 ut
1191 4701 1252 4759 in
1294 4706 1563 4762 unanimi
1623 4711 1679 4762 et
1708 4706 1920 4779 aequali
1983 4708 2170 4765 mihi:

518 4804 596 4846 ne
625 4805 766 4861 ergo
802 4789 884 4847 illi
935 4791 1164 4849 timeas.
1202 4795 1744 4868 Quantumcunque
1787 4795 1950 4852 enim
2002 4797 2171 4856 illum

519 4877 755 4950 diligas,
781 4895 905 4937 non
934 4883 1080 4940 adeo
1131 4899 1262 4940 eum
1310 4884 1508 4956 diligis
1557 4888 1624 4940 ut
1650 4899 1778 4955 ego.
1826 4886 2054 4959 Triplex
2083 4894 2173 4946 est

517 4983 787 5043 namque
816 4971 981 5044 apud
1002 4987 1099 5030 me
1117 4972 1206 5030 vis
1226 4974 1450 5031 amoris
1480 4987 1625 5044 erga
1651 4973 1843 5032 illum.
1871 4976 2167 5052 Siquidem

516 5061 810 5132 tanquam
836 5061 1049 5121 Filium
1064 5063 1231 5120 illum
1258 5062 1829 5136 diligo,ettanquam
1859 5065 2166 5136 dilectum,

518 5152 578 5208 et
611 5151 896 5226 tanquam
943 5167 1043 5211 me
1092 5155 1464 5211 recreantem
1504 5152 1774 5228 mihique
1811 5151 2165 5230 placentem.

2296 3276 2476 3339 θῶσιν,
2535 3275 2612 3327 ὅτι
2659 3279 2796 3347 φωνὴ
2852 3281 2944 3326 τοῦ
2996 3282 3129 3327 Θεοῦ
3179 3274 3316 3332 ἔστι.
3373 3277 3738 3348 Μεμαθηκότες
3787 3279 3889 3351 γὰρ

2293 3363 2448 3430 ἦσαν,
2491 3365 2572 3416 ὅτι
2607 3365 2632 3415 ό
2669 3369 2798 3424 Θεός
2836 3362 2919 3416 ἐπὶ
2965 3363 3170 3436 νεφέλης
3209 3366 3437 3438 ὀχεῖται.
3486 3365 3546 3418 ’0
3581 3367 3744 3429 τιθεὶς
3777 3366 3888 3437 (ﬂ)

2291 3455 2413 3528 γάρ,
2475 3457 2628 3525 φησὶ,
2682 3458 2803 3511 νέφη
2863 3458 2959 3511 τὴν
3033 3451 3274 3506 ἐπίϐασιν
3341 3455 3517 3510 αὐτοῦ.
3571 3461 3672 3508 Καὶ
3727 3455 3889 3508 πολλὰ

2289 3551 2507 3596 τοιαῦτα
2559 3542 2828 3615 πολλαχοῦ
2871 3551 2966 3604 τῆς
3009 3548 3238 3616 Γραφῆς.
3287 3549 3469 3596 Σκόπει
3516 3540 3596 3613 δε,
3631 3552 3761 3612 πῶς,
3804 3546 3885 3596 ὅτε

2289 3636 2380 3707 μεν
2441 3631 2654 3699 ἀπειλεῖ,
2707 3636 2974 3690 σκοτεινὴν
3031 3629 3266 3684 δείκνυσι
3319 3630 3524 3703 νεφέλην
3583 3637 3700 3705 περὶ
3757 3631 3880 3683 ἑαυ-

2288 3727 2396 3788 τὸν,
2430 3725 2498 3785 ὡς
2529 3722 2612 3775 ἰπὶ
2641 3729 2733 3774 τοῦ
2772 3728 2910 3774 Σινά·
2941 3728 3028 3773 νῦν
3065 3716 3141 3786 δὲ,
3175 3715 3395 3781 διδάξαι
3427 3717 3598 3789 θελων,
3632 3724 3877 3792 φωτεινὴν

2287 3813 2450 3871 αὐτὴν
2480 3815 2612 3884 ἔχει.

2360 3906 2605 3974 Λέγουσα
2658 3931 2728 3942 -
2785 3895 3070 3958 εὐδόκησα.
3126 3903 3306 3951 Ταῦτα
3359 3901 3449 3950 καὶ
3501 3895 3549 3950 ἕν
3600 3905 3674 3969 τῷ
3725 3901 3874 3974 τρίτη

2285 3992 2562 4065 κεφαλαίῳ,
2622 3989 3007 4064 βαητιζομένου
3067 3994 3158 4042 τοῦ
3217 3995 3468 4062 Σωτῆρος,
3529 3988 3663 4041 εἶπεν
3723 3987 3878 4062 οὐρα⁶

2285 4084 2428 4134 νόθεν
2493 4083 2518 4134 ό
2577 4085 2778 4156 Πατήρ·
2839 4077 2932 4130 ἀλλ
2983 4077 3088 4130 ἐκεῖ
3287 4073 3382 4130 διά
3426 4079 3515 4130 τόν
3570 4085 3884 4150 περιεστῶτο

2287 4171 2464 4243 ὄχλον,
2511 4171 2733 4223 ενταῦθα
2775 4165 2835 4221 δε
2885 4167 3118 4240 μάλιστα
3171 4163 3266 4220 διὰ
3315 4169 3402 4220 τὸν
3450 4169 3663 4238 Πέτρον,
3718 4169 3886 4220 ὡσανε

2285 4259 2536 4332 λεγούσης
2604 4267 2701 4322 τῆς
2775 4264 2946 4331 φωνῆς
3029 4263 3120 4311 τοῦ
3190 4259 3414 4332 Πατρός·
3486 4257 3549 4311 Τί
3637 4251 3886 4318 δέδοικας

2287 4349 2326 4401 ὧ
2368 4354 2544 4423 Πέτρε,
2594 4353 2712 4422 περὶ
2764 4356 2855 4402 τοῦ
2908 4349 3122 4414 Ἰησοῦ;
3172 4345 3321 4408 οὗτός
3366 4343 3507 4398 ἔστιν
3553 4346 3579 4396 ό
3627 4347 3748 4407 Υἱός
3785 4363 3889 4417 μου

2285 4444 2376 4492 καὶ
2423 4439 2527 4511 οὐχ
2576 4438 2749 4500 ἁπλῶς
2793 4440 2932 4504 Υἱὸς,
2983 4440 3052 4500 ὡς
3106 4437 3155 4489 οἱ
3208 4431 3282 4488 δι’
3339 4434 3524 4509 ἀρετῆς
3584 4437 3894 4507 υίοποιούμε

2284 4535 2363 4582 νοί
2421 4549 2529 4602 μοι,
2589 4527 2697 4581 ἀλλ’
2748 4530 2774 4580 ό
2846 4526 3134 4599 ἀγαπητὸς,
3185 4526 3368 4596 ἠγουν,
3426 4527 3459 4576 ὅ
3511 4522 3790 4597 ίξαίρετος,
3843 4527 3893 4577 ὡ

2284 4625 2579 4692 μονογενήςο
2620 4621 2710 4670 καὶ
2757 4616 2816 4670 ού
2860 4624 3013 4668 τοῦτο
3042 4619 3214 4686 μόνον,
3259 4610 3386 4678 ἀλλ’,
3427 4611 3475 4664 ἐν
3514 4613 3554 4683 ᾧ
3599 4611 3895 4672 ηύὸόκησα

2283 4712 2569 4775 τουτέστιν,
2777 4704 3195 4776 ἕπαναπαύομαι,
3300 4700 3374 4773 ἐφ’
3458 4701 3498 4771 ᾧ
3590 4702 3894 4775 ἁρέσκομοει

2282 4801 2354 4862 ὡς
2393 4799 2716 4872 όμογνώμονι
2761 4801 2852 4848 καὶ
2895 4797 2997 4867 ῖσῳ
3046 4791 3176 4865 ἐμοί.
3229 4795 3315 4850 Mr}
3357 4795 3526 4842 τοίνυν
3571 4790 3731 4864 φοϐοῦ
3761 4799 3891 4864 περὶ

2281 4889 2463 4943 αὐτοῦ.
2501 4886 2642 4940 Ὅσα
2685 4888 2784 4962 γὰρ
2829 4885 2890 4937 ἄν
2935 4883 3104 4958 φιλῇς,
3152 4881 3265 4953 (45)
3317 4879 3375 4932 ού
3421 4887 3666 4932 τοσοῦτον
3720 4879 3888 4953 φιλεῖς

2279 4978 2455 5044 αὐτόν,
2501 4978 2624 5030 ὅσον
2825 4972 3082 5048 Τριπλοῦν
3110 4973 3212 5046 γὰρ
3239 4967 3491 5045 παρ’ἐμοῦ
3529 4969 3646 5043 (46)
3671 4973 3727 5023 τό
3756 4979 3887 5048 περὶ

2278 5067 2434 5124 αὐτὸν
2486 5067 2710 5148 φίλτρον,
2769 5061 2902 5118 Φιλῶ
2963 5063 3065 5135 γὰρ
3137 5061 3203 5122 ὡς
3274 5061 3393 5114 Υἱόν
3463 5077 3588 5132 μου,
3645 5062 3736 5112 καὶ
3807 5063 3882 5126 ὠς

2253 5155 2565 5234 ¹ὅιγαπητόν,
2630 5159 2722 5210 καὶ
2771 5155 2838 5218 ὡς
2889 5151 3218 5207 ἂναπαύοντα
3269 5153 3361 5204 καὶ
3419 5147 3707 5227 ἆρέσκοντᾰ
3760 5170 3881 5225 μοι,

587 5301 610 5340 ⁸
632 5303 777 5364 Luc.
806 5319 886 5374 1x,
918 5305 1026 5364 33.
1081 5304 1106 5342 ⁸
1137 5304 1316 5367 Mare.
1345 5310 1427 5374 ix,
1457 5307 1511 5364 ϐ.
1543 5306 1568 5346 ο
1590 5306 1730 5366 Luc.
1769 5323 1849 5384 ix,
1877 5310 1971 5369 30.
2047 5313 2074 5352 τ
2095 5313 2185 5373 Ibi

2290 5317 2372 5374 32.
2446 5308 2631 5372 'Psal.
2659 5321 2774 5381 cm,
2798 5306 2855 5365 8.
2929 5305 2952 5345 ⁸
2985 5301 3170 5363 Exod.
3208 5317 3328 5374 xix,
3368 5302 3464 5363 16.

1740 5487 1956 5562 Variae
1991 5490 2325 5564 lectiones
2366 5501 2434 5562 et
2469 5497 2652 5561 nota)

585 5653 703 5796 (43g
741 5651 1103 5740 In-margine
1130 5651 1312 5744 habet
1344 5656 1404 5747 B,
1436 5669 1575 5784 quas
1601 5658 1700 5718 hic
1739 5656 1974 5722 inclusa
2004 5667 2166 5725 sunt.

587 5729 677 5793 (44
729 5731 833 5778 Του
859 5731 992 5778 Θεου
1022 5742 1160 5780 εστιν
1191 5747 1219 5786 η
1255 5749 1414 5796 φωνη.
1499 5771 1511 5785 .

587 5729 698 5796 (44)
729 5731 833 5778 Τοῦ
859 5731 992 5778 Θεοῦ
1022 5729 1160 5780 ἐστιν
1191 5729 1219 5786 ἡ
1255 5734 1414 5803 φωνή.
1444 5729 1511 5785 Α.

2369 5664 2462 5738 ιδ)
2493 5661 2677 5738 Φιλεῖς.
2708 5663 2775 5719 Α.

2369 5665 2462 5738 45)
2493 5665 2677 5724 Φιλεῖς.
2708 5665 2775 5719 Δ.

2344 5665 2459 5813 ἕω)
2487 5736 2618 5812 Παρ¹
2644 5733 2758 5808 ἐμοί
2779 5730 3016 5790 videtur
3040 5728 3301 5802 leguisse
3330 5729 3670 5792 Hentenius.
