4176 6428
253 337 367 404 485

1206 335 1568 405 COMMENT.
1609 333 1683 400 IN
1723 322 2170 400 MATTMUM.
2205 370 2278 384 —
2317 329 2482 400 CAP.
2518 323 2683 397 Xvn.

3506 325 3613 398 me

256 473 460 526 Λοιπὸν
486 466 596 537 οὖν,
630 469 676 524 εἰ
697 474 768 544 μὴ
800 478 861 544 τῇ
913 469 1133 546 δυνάμει
1173 475 1362 528 τούτου
1392 470 1616 547 θαρῥείς,
1640 469 1767 523 ἀλλὰ
1802 488 1862 541 γε

1991 465 2286 540 Reliquum
2314 469 2404 523 est
2432 464 2634 536 igitur,
2664 469 2726 522 ut
2763 465 2813 522 si
2850 465 3029 538 hujus
3074 480 3198 522 non
3245 464 3380 521 ﬁdis
3417 468 3631 540 potes-7

251 568 319 634 τῇ
373 558 469 632 ἐμῇ
529 558 812 634 θάρῥησον”
860 557 1033 625 οὐδεὶς
1081 564 1183 639 γὰρ
1238 565 1324 615 τὸν
1376 561 1512 614 οὓτω
1563 559 1862 634 φιλούμενον

251 653 498 724 προίεται
527 647 836 720 ἀλογίστως.

333 739 508 793 Δύτοῦ
585 736 796 791 ἀκούετε
828 775 842 792 .
923 742 1102 813 Τούτῳ
1174 742 1414 794 πείθεσθε
1448 782 1462 806 ,
1535 742 1702 811 τούτῳ
1771 757 1864 790 πι-

259 830 492 894 στεύετε,
534 827 579 880 εἰ
621 846 676 879 τι
729 827 792 879 ἃν
827 833 916 881 καὶ
949 829 1068 902 λέγῃ
1117 834 1207 882 καὶ
1243 837 1390 904 ποιῇ.
1426 834 1522 884 Καὶ
1556 829 1599 882 εἰ
1627 847 1864 902 σταυρω-

262 920 420 978 θῆναι
493 916 756 990 βουληθῇ,
805 913 995 990 μηδεὶς
1049 917 1320 979 ἀντιπίση.
1378 918 1550 992 Ὑμεῖς
1607 922 1697 992 μεν
1760 920 1862 991 γὰρ

260 1007 356 1060 ούκ
400 1003 586 1060 οῖδατε
639 1009 700 1059 τὸ
757 1015 855 1070 τῆς
903 1008 1201 1082 οἰκονομίας
1242 1009 1404 1063 αύτοῦ
1433 1013 1740 1082 μυστήριον·
1774 1008 1866 1060 αύ-

261 1099 346 1157 τὸς
395 1093 459 1149 δε
507 1101 610 1148 πᾶν
662 1097 689 1148 ὃ
738 1094 875 1167 λέγει
923 1102 1013 1150 καὶ
1062 1105 1219 1164 ποιεῖ,
1277 1101 1413 1152 κατὰ
1461 1104 1672 1171 γνώμην
1736 1096 1866 1170 ἐμὴν

264 1190 352 1238 καὶ
399 1185 540 1258 λέγει
577 1189 666 1238 και
709 1192 865 1241 ποιεῖ.
916 1190 1112 1240 Λοιπὸν
1167 1188 1254 1241 οὖν
1293 1187 1453 1241 αὐτοῦ
1497 1185 1728 1257 ἀκούετε,
1779 1189 1865 1239 τὸν

260 1278 550 1329 Μωσαῑκὸν
597 1279 750 1344 νόμον
808 1279 897 1327 καὶ
952 1278 1047 1338 τὰς
1106 1279 1434 1352 προφητικὰς
1496 1281 1865 1350 μυσταγωγίας

262 1364 483 1441 ἀφέντες.
543 1362 809 1436 Πλήρωμα
849 1366 950 1438 γὰρ
993 1369 1155 1438 νόμου
1207 1370 1296 1419 καὶ
1342 1374 1618 1440 προφητῶν
1649 1369 1680 1418 ὅ
1699 1373 1867 1438 Χρισ-

260 1457 342 1514 τός
391 1453 533 1522 (4⁸7)⁸
579 1455 670 1504 καὶ
734 1455 910 1505 λοιπὸν
967 1452 1134 1507 ἐκεῖνα
1179 1456 1349 1509 πάντα
1402 1455 1861 1521 συνετελέσθησαν,

256 1544 390 1617 ἄχρι
415 1545 608 1594 τούτου
634 1544 786 1614 μόνον
812 1540 1149 1617 ἐκτεινόμενα.

329 1743 432 1792 Καὶ
487 1768 558 1778 -
613 1734 842 1812 σφόδρα.
890 1744 992 1793 Καὶ
1044 1744 1148 1812 μὴν
1213 1747 1302 1794 καὶ
1357 1745 1603 1818 πρότερον
1649 1740 1734 1795 ἐπὶ
1772 1748 1860 1795 τοῦ

1971 555 2088 625 tiae,
2112 561 2174 614 at
2212 571 2360 613 mea:
2385 554 2554 610 ﬁdas.
2587 558 2770 612 Nemo
2787 556 2948 612 enim
2978 554 3130 613 adeo
3154 553 3454 624 ,dilectum
3487 554 3632 612 irra-

1971 645 2238 702 tionabili
2277 661 2461 703 causa
2490 643 2773 702 destituit.

2043 739 2210 794 Vers.
2247 737 2300 792 5.
2333 736 2533 807 Ipsum
2559 735 2779 793 audite.
2818 735 2964 792 Huic
2993 734 3249 799 obedite,
3283 733 3420 790 huic
3444 734 3631 791 credi-

1971 830 2048 892 te,
2090 827 2137 881 si
2180 827 2326 900 quid
2370 830 2475 882 aut
2503 825 2714 881 dixerit
2745 830 2847 883 aut
2878 825 3096 882 fecerit.
3143 824 3313 890 Quod
3345 824 3394 880 si
3449 825 3626 880 etiam

1972 915 2240 986 cruciﬁgi
2287 914 2558 982 voluerit,
2621 929 2800 970 nemo
2857 913 2942 970 illi
2969 913 3268 971 obsistat:
3310 928 3418 970 vos
3469 913 3630 970 enim

1971 1003 2253 1074 ignoratis
2305 1003 2770 1076 dispensationis
2823 1019 2946 1059 sua:
3021 1001 3392 1074 mysterium.
3483 1005 3632 1060 Nam

1971 1091 2269 1167 quidquid
2307 1092 2434 1164 ipse
2490 1096 2547 1148 et
2582 1091 2723 1149 dicit
2775 1091 3170 1162 etfacit,|mea
3224 1091 3524 1149 voluntate
3576 1097 3634 1148 et

1971 1181 2112 1238 dicit
2145 1186 2201 1238 et
2228 1181 2385 1238 facit.
2429 1180 2639 1254 Ipsum
2668 1181 2869 1254 itaque
2899 1180 3119 1250 audite,
3166 1178 3296 1251 lege
3353 1181 3626 1249 Mosaica,

1972 1271 2452 1343 propheticisque
2515 1285 2820 1326 sacrorum
2890 1268 3318 1326 initiationibus
3368 1269 3632 1336 relictis;

1971 1360 2482 1433 complementum
2523 1358 2819 1432 siquidem
2870 1359 3018 1430 legis
3070 1373 3139 1415 ac
3198 1353 3630 1433 prophetarum

1970 1454 2058 1507 est
2096 1449 2401 1508 Christus:
2447 1453 2504 1505 et
2537 1449 2667 1520 jam
2724 1449 2930 1506 omnia
2987 1448 3086 1506 illa
3120 1449 3422 1523 completa
3470 1452 3631 1518 sunt,

1970 1543 2174 1612 utpote
2213 1555 2348 1612 quae
2392 1553 2584 1612 usque
2628 1537 2708 1596 ad
2744 1538 2906 1595 hunc
2939 1540 3136 1598 solum
3198 1539 3634 1612 protendeban—

1972 1632 2087 1693 tur,

2040 1735 2204 1791 Vers.
2235 1739 2286 1792 6.
2318 1735 2396 1792 Et
2439 1765 2508 1778 —
2538 1735 2918 1792 vehementer.
2960 1736 3136 1809 Atqui
3167 1734 3332 1808 prius
3359 1735 3538 1791 etiam
3569 1734 3634 1790 in

256 1825 532 1902 Ἰορδάνου
582 1831 721 1900 φωνὴ
784 1832 963 1900 γέγονε
1032 1833 1246 1890 τοιαύτη
1284 1874 1299 1900 ,
1356 1836 1446 1884 καὶ
1513 1833 1645 1904 μετὰ
1697 1840 1863 1884 ταῦτα

1991 1823 2224 1880 Γοιάειῑιο
2282 1840 2400 1880 vox
2437 1823 2594 1881 facta
2644 1828 2732 1879 est
2781 1823 3172 1894 bujusmodi;
3235 1828 3292 1881 et
3330 1823 3634 1898 posthaec

256 1917 434 1986 πάλιν,
467 1918 554 1970 ὅτε
595 1921 686 1970 καὶ
741 1915 966 1990 βροντὴν
991 1917 1160 1990 ἔλεγον
1211 1924 1494 1992 γεγονέναι,
1543 1925 1634 1974 καὶ
1685 1918 1859 1985 οὐδεὶς

263 2003 412 2059 οὖδὶν
464 2013 701 2060 τοιοῦτον
751 2007 930 2062 ἔπαθε.
990 2013 1102 2069 Πῶς
1167 2003 1256 2061 οὖν
1298 2009 1442 2080 οὗτοι
1506 2017 1594 2062 νῦν
1679 2013 1860 2064 ἔπεσον

274 2092 354 2146 ἰπὶ
408 2099 685 2168 πρόσωπον
740 2094 907 2148 αὐτῶν
940 2113 955 2164 ;
989 2100 1131 2150 Διότι
1168 2102 1258 2150 καὶ
1288 2097 1420 2170 ὕψος
1469 2095 1529 2158 ἦν
1572 2103 1726 2172 μέγα,
1772 2104 1862 2153 καὶ

283 2180 470 2256 ἐρημία
499 2183 694 2257 βαθεῖα,
721 2187 812 2238 καὶ
861 2185 1074 2258 ἡσυχία
1113 2185 1300 2249 πολλὴ,
1333 2191 1422 2240 καὶ
1465 2189 1862 2261 μεταμορφωσις

280 2275 462 2342 γέγονε
511 2277 675 2347 γρίκής
700 2277 960 2346 γέμουσα,
997 2279 1087 2328 καὶ
1140 2284 1240 2348 φῶς
1270 2274 1546 2350 ἐξέλαμψεν
1579 2275 1860 2352 ἀκήρατον,

276 2365 367 2412 καὶ
435 2359 620 2427 λοιπὸν,
669 2370 762 2424 τῆς
809 2362 1015 2436 νεφέλης
1083 2366 1446 2438 περιταθείσης
1498 2367 1707 2434 ἄνωθεν,
1774 2371 1864 2419 καὶ

264 2448 773 2525 ἕπικαταῤῥαγείσης
822 2460 914 2514 τῆς
975 2461 1166 2526 φωνῆς,
1196 2454 1402 2517 εἰκότως
1440 2457 1862 2531 περιετράπησάν

258 2558 311 2591 τε
337 2545 431 2592 καὶ
461 2538 616 2612 ἔφοϐἠ
627 2543 690 2599 θη
700 2561 812 2596 σαν.

329 2628 489 2684 Ἔστι
521 2626 558 2682 δ
560 2633 583 2682 ε
603 2635 694 2682 καὶ
727 2631 906 2704 ἑτέρως
933 2630 1091 2685 εἰπεῖν
1120 2635 1200 2701 τὸ,
1231 2631 1452 2688 Ἐπεσον
1473 2633 1557 2688 ἐπὶ
1585 2638 1864 2710 πρόσωπον

261 2717 450 2785 αὐτῶν,
481 2718 600 2772 ἀντί
623 2727 714 2773 τοῦ
743 2719 875 2793 (48),
907 2724 1329 2794 Προσεκύνησαν.

335 2809 439 2864 Καὶ
475 2804 547 2849 ς
574 2812 650 2882 μὴ
690 2808 948 2882 φοϐεῖσθε.
980 2810 1196 2870 ’Πλέησε
1224 2814 1319 2872 τήν
1367 2812 1632 2869 ἀσθένειαν
1673 2815 1864 2884 αὐτῶν,

264 2901 351 2950 καὶ
381 2901 593 2970 ταχέως
621 2897 732 2950 λύει
760 2903 848 2951 τὸν
869 2899 1042 2972 φόϐον.

335 2987 654 3061 Ἐποίραντες
705 3017 778 3030 —-
830 2991 1002 3062 μόνον.
1063 2987 1176 3044 Ἵνα
1236 2990 1732 3066 πληροφορηθῶσιν,
1786 2995 1867 3048 ὅτι

265 3081 383 3150 περὶ
449 3076 616 3130 αὐτοῦ
649 3081 854 3150 γέγονεν
900 3079 932 3138 ἡ
993 3084 1130 3152 φωνὴ
1160 3122 1174 3149 ,
1219 3085 1376 3154 μόνος
1430 3082 1613 3137 λοιπὸν
1684 3085 1868 3158 ὁρᾶται

265 3183 460 3220 αυτοις.

335 3260 536 3308 Καὶ-
566 3253 788 3330 ἀναστῇ.
839 3262 998 3310 *Οσον
1049 3259 1152 3330 γὰρ
1196 3260 1412 3333 μείζονα
1463 3259 1694 3334 ἐλέγοντο
1749 3267 1869 3337 περὶ

267 3343 450 3411 αὐτοῦ,
505 3353 755 3400 τοσοῦτον
813 3342 1347 3424 δυσπαραδεκτότερα
1383 3347 1618 3408 ἐδόκουν.
1667 3351 1868 3406 Κελεύει

266 3433 354 3486 οὖν
401 3437 648 3509 κρύπτειν
707 3437 834 3510 παρ’
889 3435 1090 3502 ἑαυτοῖς
1154 3441 1212 3492 τὸ
1261 3441 1436 3514 θαῦμα
1481 3449 1656 3512 τοῦτο,
1726 3439 1868 3496 διότι

266 3523 418 3576 αύτοί
445 3541 500 3575 τε
552 3523 646 3576 ούκ
702 3524 903 3598 ἔμελλον
933 3529 1301 3600 πιστευθῆναι,
1349 3533 1440 3584 καὶ
1499 3532 1549 3584 οἱ
1617 3527 1867 3586 Ἰουδαῖοι

264 3612 458 3686 μᾶλλον
489 3614 551 3664 οἶν
577 3615 940 3688 ἠγριώθησαν.

338 3706 446 3756 Καὶ
492 3734 554 3743 -
607 3712 844 3776 πρῶτον;
879 3709 1007 3782 Περὶ
1045 3715 1141 3769 τῆς
1167 3708 1408 3773 Θεότητος
1469 3709 1629 3764 αὐτοῦ
1676 3713 1868 3786 μαθόν-

267 3810 346 3854 τες
402 3790 787 3866 ἀκριϐέστερον,
817 3792 918 3848 ἀπὸ
957 3814 1013 3849 τε
1042 3804 1103 3855 τῆ
1117 3817 1138 3860 ς
1180 3797 1454 3871 ὁμολογίας
1503 3804 1718 3875 Πέτρου,
1767 3801 1867 3857 ἀπό

266 3899 321 3932 τε
365 3888 465 3942 τῆς
509 3888 976 3957 μεταμορφώσεως,
1003 3890 1095 3938 καὶ
1145 3884 1248 3940 ἀπὸ
1299 3897 1392 3950 τῆς
1444 3891 1632 3944 ἄνωθεν
1675 3911 1865 3964 φωνης,

267 3979 552 4042 ερωτῶσιν,
577 3973 657 4024 ὅτι
686 3969 867 4032 ἐπειδὴ
904 3978 968 4027 σὺ
995 3973 1042 4027 εἰ
1092 3976 1117 4028 ὁ
1148 3980 1402 4050 Χριστὸς,
1431 3977 1579 4033 διατί
1604 3983 1653 4033 οἱ
1697 3983 1866 4056 Γραμ-

264 4066 448 4131 ματείς
498 4059 758 4132 λέγουσιν,
792 4062 871 4114 ὅτι
912 4062 1088 4116 Ἠλίαν
1112 4069 1222 4140 χρὴ
1253 4064 1410 4119 ἐλθεῖν
1443 4072 1542 4144 πρὸ
1576 4077 1668 4122 τοῦ
1707 4078 1870 4144 Χρισ-

264 4155 360 4199 τοῦ
389 4165 405 4215 ;
438 4156 547 4210 πῶς
576 4145 664 4201 οὖν
693 4149 788 4204 ούκ
813 4147 962 4210 ἦλθεν
984 4152 1134 4215 οὗτος
1164 4157 1263 4229 πρὸ
1298 4163 1392 4209 σοῦ
1421 4173 1435 4223 ;
1466 4164 1631 4212 Τοῦτο
1658 4161 1749 4232 μεν
1783 4155 1871 4213 οὖν

263 4236 553 4310 ἠρώτησαν
591 4235 639 4290 οἱ
675 4241 931 4312 μαθηταί.

338 4332 610 4400 Προσὴκει
673 4325 731 4380 δὲ
759 4334 1053 4401 γινώσκειν,
1103 4333 1181 4384 ὄτι
1224 4335 1279 4386 αὶ
1319 4339 1518 4408 Γραφαὶ
1550 4334 1647 4390 δύο
1676 4358 1872 4414 παρου-

267 4421 394 4478 σίας
445 4424 540 4468 τοῦ
583 4424 820 4493 Χριστοῦ
868 4419 1098 4492 λέγουσι,
1147 4427 1241 4481 τήν
1288 4443 1342 4476 τε
1390 4431 1732 4500 γεγενημένην
1784 4433 1873 4482 καὶ

1969 1929 2209 1970 rursum
2237 1913 2487 1986 quando
2533 1914 2756 1969 tonitru
2783 1912 3064 1970 dicebant
3093 1913 3319 1970 factum
3376 1928 3512 1969 esse
3561 1913 3631 1978 ¹⁰,

1970 2006 2024 2058 et
2043 2001 2244 2058 nullus
2259 2002 2596 2075 quidquam
2618 2001 2734 2058 tale
2756 2017 2973 2075 passus
2998 2007 3106 2060 est.
3137 2002 3454 2070 Quomodo
3490 2017 3634 2073 ergo

1969 2105 2130 2148 nunc
2143 2091 2203 2147 hi
2217 2090 2599 2164 prociderunt
2627 2091 2690 2148 in
2716 2091 2932 2149 faciem
2955 2093 3168 2150 suam?
3195 2091 3352 2159 Quia
3377 2091 3648 2169 altitudo.

1972 2194 2195 2251 magna
2222 2184 2365 2247 erat,
2399 2180 2816 2254 profundaque
2855 2181 3115 2238 solitudo
3163 2197 3233 2238 ac
3263 2180 3520 2238 multum
3557 2179 3636 2236 si-

1969 2269 2242 2328 lentium.
2276 2273 2557 2327 Praeterea
2589 2269 3037 2328 transformatio
3062 2270 3224 2328 facta
3249 2275 3338 2328 est
3365 2269 3631 2328 horroris

1971 2359 2170 2432 plena,
2202 2363 2260 2415 et
2294 2357 2397 2416 lux
2426 2358 2784 2416 immortalis
2815 2359 3015 2432 eluxit,
3049 2375 3118 2417 ac
3145 2359 3340 2416 subito
3373 2359 3628 2432 desuper

1971 2449 2386 2521 circumposita
2436 2449 2618 2515 nube,
2673 2464 2941 2521 voceque
2977 2464 3160 2521 super
3205 2464 3310 2506 eos
3357 2449 3630 2522 delapsa,

1971 2537 2181 2593 merito
2211 2535 2467 2610 perculsi
2493 2540 2631 2593 sunt
2661 2541 2716 2596 et
2747 2536 3026 2595 exterriti.

2043 2629 2237 2683 Potest
2257 2641 2500 2699 quoque
2530 2632 2588 2681 et
2617 2625 2790 2683 aliter
2815 2626 2933 2682 dici
2962 2627 3128 2700 quod
3157 2625 3541 2701 prociderunt
3572 2627 3638 2684 in

1973 2714 2191 2774 faciem
2215 2731 2410 2782 suam,
2442 2715 2556 2772 hoc
2573 2721 2661 2771 est
2685 2715 3106 2773 adoraverunt.

2045 2805 2214 2860 Vers.
2245 2803 2300 2859 7.
2330 2803 2406 2860 Et
2460 2833 2529 2844 —
2577 2803 2754 2861 nolite
2794 2804 3018 2862 timere.
3052 2805 3360 2863 Miseratus
3389 2809 3480 2863 est
3531 2806 3639 2864 im-

1973 2892 2354 2950 becillitatem
2383 2908 2612 2959 eorum,
2647 2898 2705 2950 et
2732 2893 2848 2951 cito
2865 2893 3040 2950 solvit
3074 2893 3368 2952 timorem.
3581 2884 3586 2888 ”

2047 2982 2210 3038 Vers.
2253 2983 2306 3037 8.
2355 2983 2620 3039 Elevatis
2669 3013 2739 3022 —
2780 2982 2987 3040 solum.
3049 2984 3120 3041 Ut
3171 2984 3447 3041 certiores
3507 2985 3636 3042 red-

1975 3070 2253 3128 derentur
2289 3069 2458 3144 quod
2485 3070 2561 3128 de
2597 3070 2731 3144 ipso
2762 3070 2918 3129 facta
2949 3077 3103 3129 esset
3147 3088 3285 3140 vox,
3323 3073 3484 3133 solus
3506 3073 3637 3147 jam

1899 3169 1958 3230 α,
1977 3159 2093 3216 illis
2133 3159 2376 3216 videtur.

2047 3268 2206 3323 Vers.
2238 3266 2293 3324 9.
2317 3267 2399 3322 Et
2426 3295 2498 3309 -
2521 3271 2828 3337 resurgat.
2854 3267 3084 3333 Quanto
3114 3267 3273 3324 enim
3308 3269 3535 3340 majora
3561 3269 3636 3326 de

1975 3371 2048 3412 eo
2077 3356 2386 3426 dixissent,
2408 3359 2574 3411 tanto
2590 3353 2888 3411 difﬁcilius
2913 3355 3053 3411 cred
3064 3354 3252 3412 libilia
3269 3356 3634 3430 viderentur.

1973 3443 2150 3502 Jubet
2199 3459 2340 3516 ergo
2372 3443 2665 3501 visionem
2695 3443 2854 3518 hanc
2889 3443 2969 3500 ab
2991 3443 3102 3500 illis
3133 3445 3439 3511 occultari,
3493 3447 3638 3519 quia

1975 3534 2240 3592 futurum
2290 3537 2436 3601 erat,
2469 3538 2535 3589 ut
2582 3547 2779 3606 neque
2809 3533 2927 3607 ipsi
2958 3532 3319 3606 persuadere
3368 3541 3633 3608 possent,

1976 3626 2034 3680 et
2058 3621 2247 3679 Judmi
2272 3621 2465 3694 magis
2487 3627 2978 3695 exasperaentur.

2047 3712 2223 3770 Vers.
2260 3713 2345 3768 10.
2375 3712 2455 3769 Ει
2483 3743 2553 3753 -
2575 3711 2846 3782 primum.
2889 3711 2970 3768 De
3007 3711 3319 3770 divinitate
3347 3714 3479 3785 ejus
3504 3714 3636 3786 jam

1975 3801 2056 3859 ad
2101 3801 2346 3874 plenum
2393 3801 2604 3870 edocti,
2644 3805 2702 3857 et
2747 3817 2785 3858 a
2831 3801 2980 3858 Petri
3027 3802 3427 3872 confessione,
3485 3809 3544 3861 et
3603 3821 3641 3863 a

1975 3890 2513 3957 transformatione,
2556 3893 2613 3947 et
2666 3907 2704 3947 ο.
2744 3890 2965 3947 ccelesti
2997 3907 3164 3958 voce,
3220 3891 3590 3964 interrogant
3623 3909 3638 3950 :

1977 3979 2128 4038 Cum
2157 3987 2222 4038 tu
2251 3981 2330 4038 sis
2379 3980 2667 4046 Christus,
2724 3997 2901 4055 quare
2943 3981 3165 4038 Scriba
3218 3982 3428 4039 dicunt
3479 3983 3642 4056 quod

1979 4069 2170 4126 Eliam
2198 4073 2472 4143 oporteat
2520 4069 2724 4127 venire
2755 4073 2893 4126 ante
2943 4069 3239 4127 Christum
3264 4071 3291 4126 ‘I
3331 4072 3637 4144 quomodo

1981 4174 2106 4216 non
2130 4159 2288 4216 venit
2315 4159 2413 4216 hic
2443 4162 2576 4217 ante
2607 4164 2661 4216 te
2692 4159 2720 4216 ?
2752 4163 2870 4234 Hoc
2895 4159 3099 4232 itaque
3125 4159 3642 4232 interrogaverunt

1981 4247 2288 4320 discipuli.

2055 4337 2211 4394 Scire
2283 4341 2484 4394 autem
2557 4341 2812 4410 oportet,
2873 4337 3039 4411 quod
3112 4336 3427 4412 Scriptura
3485 4337 3642 4395 duos

1983 4429 2194 4486 Christi
2241 4428 2536 4486 adventus
2561 4428 2788 4497 dicunt,
2817 4445 2956 4486 eum
2986 4428 3256 4486 videlicet
3297 4429 3399 4500 qui
3450 4427 3642 4486 factus

264 4511 363 4564 τήν
411 4505 720 4576 μέλλουσαν.
783 4513 908 4582 Περὶ
961 4507 1028 4561 ὧν
1069 4509 1363 4586 ἀμφοτέρων
1417 4519 1507 4568 καὶ
1573 4518 1599 4570 ὁ
1670 4517 1869 4582 Παῦλος

1991 4524 2091 4587 est,
2143 4524 2199 4576 et
2242 4517 2532 4578 futurum.
2568 4521 2649 4576 De
2702 4526 2956 4593 utroque
3006 4518 3209 4576 docuit
3246 4519 3508 4577 Paulus:
3567 4520 3643 4577 de

267 4591 488 4658 ἐδίδαξε
549 4596 730 4668 λέγων’
773 4603 891 4672 περὶ
937 4601 1028 4671 μὲν
1077 4609 1173 4664 τῆς
1223 4608 1431 4677 πρώτης
1459 4621 1472 4634 ·
1535 4606 1786 4681 Ἐπεφάνη
1838 4612 1868 4670 ἡ

273 4685 438 4758 χάρις
477 4693 571 4738 τοῦ
622 4693 756 4739 Θεοῦ
808 4689 839 4746 ἠ
893 4693 1172 4762 σωτήριος
1219 4696 1338 4764 περὶ
1386 4689 1445 4746 δε
1475 4704 1568 4758 τῆς
1606 4693 1868 4773 δευτέραςο

273 4771 702 4847 Προσδεχόμενοι
769 4779 863 4836 τήν
934 4785 1196 4855 μακαρίαν
1259 4779 1449 4836 ἐλπίδα
1519 4789 1610 4840 καὶ
1679 4771 1870 4863 ἔπιφά-

265 4882 407 4916 νειαν
444 4865 556 4936 (49)
596 4871 687 4918 τοὺ
717 4865 943 4939 μεγάλου
971 4875 1105 4923 Θεοῦ
1129 4874 1219 4924 καὶ
1244 4878 1478 4947 Σωτῆρος
1497 4877 1644 4950 ἡμῶν
1691 4878 1871 4940 Ἰησοῦ

262 4959 528 5029 Χριστοῦ.
611 5003 614 5005 .

339 5134 389 5172 ³ο
406 5133 585 5193 Joan.
614 5092 719 5203 xu,
749 5137 840 5196 29.
918 5137 963 5178 ιι
987 5138 1090 5197 Tit.
1117 5153 1178 5210 ιι,
1217 5142 1302 5210 lt,
1379 5143 1429 5183 “
1459 5144 1605 5206 ibid.
1641 5147 1712 5206 13

1982 4609 2274 4684 propriori
2316 4609 2604 4682 quidem:
2665 4609 2987 4679 Apparuit,
3033 4609 3246 4682 inquit,
3299 4609 3494 4682 gratia
3536 4609 3645 4668 Dei

1981 4701 2290 4761 salutaris.
2305 4701 2384 4757 De
2405 4699 2750 4773 posterioris
2770 4715 2940 4756 vero:
2964 4699 3394 4771 Exspectantes
3419 4700 3642 4758 beatam
3661 4731 3664 4735 -

1981 4808 2137 4862 spem
2168 4796 2220 4849 et
2246 4791 2695 4860 apparitionem
2718 4789 2916 4861 magni
2942 4789 3050 4844 Dei
3069 4795 3123 4846 et
3148 4788 3475 4848 Saluatoris
3517 4806 3646 4847 nos-

1981 4882 2065 4938 tri
2089 4881 2227 4938 Iesu
2256 4879 2505 4940 Christi.

1485 5327 1703 5400 Variae
1732 5329 2065 5402 lectiones
2099 5337 2168 5400 et
2206 5336 2416 5404 notae.
2516 5361 2522 5366 θ
2610 5357 2618 5362 ’

261 5588 285 5647 l
342 5514 470 5645 (ιτὲ
511 5515 780 5600 num”
823 5517 925 5593 γὰρ
953 5547 1041 5604 ’³.
1074 5519 1102 5574 δ
1152 5523 1401 5648 Χὲιστόςο
1453 5479 1704 5585 Videtur
1758 5481 1986 5586 hoc

287 5603 400 5648 eeo
473 5589 780 5648 uthvmius
802 5590 1145 5648 confudrsse
1237 5608 1362 5648 om.
1391 5609 1450 5648 ι,
1482 5596 1536 5648 4,
1565 5612 1702 5648 cum
1743 5611 1871 5648 xm

513 5589 1156 5667 ιιῄγὶιιῆιειιιοείιιιρ-ὶοεο⁸
1190 5589 1362 5652 Rom.
1391 5609 1450 5664 ι,
1482 5596 1536 5666 4,
1565 5612 1704 5655 cum
1743 5611 1872 5667 xm,

266 5651 561 5807 :gnledégl
578 5651 820 5790 ;accidit
861 5662 1074 5736 Cyrillo
1093 5651 1259 5724 Alex.
1287 5651 1450 5727 tom:
1465 5651 1876 5731 ιζόἱῖάιῖνᾶε

2055 5527 2170 5598 (48)
2219 5526 2374 5584 Loco
2436 5521 2857 5598 προσεκύνησαν,
2913 5521 3098 5598 habet
3167 5521 3518 5598 εφοϐήθησαν.
3576 5523 3645 5598 β.

2057 5593 2170 5672 (49)
2204 5593 2762 5672 QtergoChrysost.
2796 5599 2940 5672 tgm,
2986 5594 3101 5672 VII,
3134 5593 3208 5667 p.'
3242 5593 3646 5672 576_D.‘omit-

1983 5665 2176 5743 tit'rﬁ';
2222 5665 2404 5743 δόξηξ,
2427 5667 2519 5743 ita
2538 5665 2781 5743 quoque
2810 5665 3188 5741 Euthymius,
3230 5665 3518 5738 neglectis
3545 5681 3646 5724 co.

1983 5742 2217 5802 dicibus
2244 5741 2387 5800 Novi
2423 5740 2806 5799 Testamenti.
