4176 6440
596 306 704 363 48⁸7

1911 305 2274 376 ΕΗΤΕΠΜΠ
2303 311 2638 380 ZIGABENI

3852 337 3951 402 488

605 460 610 466 ι
668 434 732 490 Et
752 431 964 505 prioris
995 434 1239 508 quidem
1260 431 1454 495 factus
1475 438 1562 492 est
1586 435 1851 495 Joannes
1867 456 2204 514 praecursor

2319 444 2337 500 ζ.
2427 451 2532 505 Καὶ
2581 459 2680 539 τῆς
2731 453 2823 525 μεν
2870 457 3082 528 πρώτης
3123 460 3302 529 γέγονε
3358 459 3658 539 πρόδρομος
3707 468 3735 519 6
3785 468 3950 522 Ἰωάν-

593 522 930 594 posterioris
967 538 1109 579 vero
1136 523 1240 581 ﬁet
1257 540 1590 596 prascursor
1630 527 1811 598 Elias,
1843 529 1917 586 de
1956 547 2079 604 quo
2103 532 2208 588 dici

2355 556 2470 600 τηςο
2501 547 2595 600 τῆς
2646 522 2919 615 δευτέρας,
2944 539 3004 597 δε
3053 522 3332 617 γενήσεται
3373 522 3669 626 πρόδρδμος
3702 557 3728 608 6
3759 557 3944 620 Ἦλὶας·

592 612 886 683 propheta
905 612 1236 670 Malachias:
1259 616 1485 672 Mittam
1497 618 1653 674 vobis
1678 619 1878 676 Etiam
1909 621 2239 694 Thesbiten,

590 701 694 771 qui
737 703 1002 758 restituet
1049 718 1153 759 cor
1216 705 1408 774 patris
1457 707 1537 761 ad
1579 708 1796 777 ﬁlium,
1844 709 1960 766 hoc
1999 715 2094 766 est
2133 711 2241 784 qui

588 798 883 848 convertet
911 793 1095 849 corda
1123 793 1493 862 Judteorum,
1521 799 1623 869 qui
1657 804 1797 854 tunc
1828 800 2240 872 superfuerint,

586 879 665 937 ad
689 881 1014 953 apostolos,
1040 887 1106 938 ut
1120 883 1700 942 obediantdoctrinis
1719 903 1950 956 eorum,
1975 892 2241 947 credant-

584 983 702 1040 que
773 969 1022 1028 Christo.
1085 975 1285 1030 Patres
1355 975 1518 1032 enim
1584 977 2013 1050 Apostolorum
2059 982 2238 1037 erant

582 1057 611 1112 J
621 1057 797 1116 udasi.

653 1273 771 1330 Sed
790 1274 1029 1349 Scribae,
1062 1275 1216 1333 duos
1241 1277 1448 1336 Christi
1475 1280 1766 1339 adventus
1789 1283 1846 1339 in
1869 1299 2059 1341 unum
2097 1301 2236 1343 con-

577 1362 915 1432 fundentes,
942 1372 999 1423 et
1027 1369 1407 1440 posteriorem
1432 1369 1491 1426 in
1511 1373 1769 1443 priorem
1791 1375 2230 1447 contrahentes,

578 1452 652 1509 de
684 1456 811 1512 solo
830 1458 1145 1530 posteriori
1167 1461 1468 1517 docebant
1497 1462 1784 1535 populum
1813 1482 1826 1520 :
1855 1469 1910 1521 et
1921 1471 2232 1538 propterea

576 1543 871 1602 Christum
909 1563 1033 1603 non
1063 1550 1468 1622 suscipiebant
1514 1552 1798 1620 dicentes,
1837 1556 2002 1627 quod
2043 1555 2228 1612 Eliam

573 1639 807 1706 oportet
855 1638 1057 1694 venire
1109 1641 1378 1710 primum,
1439 1646 1496 1698 et
1538 1659 1680 1698 mox
1726 1644 2049 1704 Christum.
2115 1644 2224 1701 Sed

570 1738 732 1781 nunc
772 1726 1039 1783 Christus
1081 1728 1156 1785 de
1199 1729 1438 1788 duobus
1481 1738 1684 1804 aperte
1728 1732 1945 1792 docet.‘
1979 1735 2227 1791 A‘dverte

569 1828 727 1886 ergo.

641 1906 802 1961 Vers.
832 1908 893 1962 11
911 1949 924 1964 .
948 1907 1118 1964 Iesus
1141 1915 1337 1968 autem
1355 1942 1423 1952 —
1440 1909 1504 1967 V.
1540 1913 1622 1970 l2.
1649 1914 2054 1986 Cognoverunt
2069 1931 2217 1973 eum.

569 1993 722 2048 Elias
761 1995 1002 2068 quidem
1041 2001 1312 2071 proprior
1333 2001 1454 2057 sive
1483 2001 1791 2060 Thesbites
1819 2006 2092 2062 nondum
2127 2023 2218 2063 ve-

565 2082 652 2138 nit
678 2099 698 2148 ;
751 2085 945 2142 veniet
973 2093 1174 2144 autem
1203 2090 1356 2146 circa
1388 2093 1713 2148 secundum
1754 2111 1956 2151 meum
1999 2097 2220 2152 adven-

567 2177 690 2230 tum
723 2189 736 2230 :
762 2181 818 2232 et
847 2178 1108 2235 restituet
1132 2194 1375 2237 omnem
1402 2182 1497 2254 qui
1527 2183 1578 2239 ei
1619 2184 1957 2254 crediderit,
1994 2185 2109 2241 hoc
2131 2190 2221 2242 est

565 2270 860 2322 convertet
896 2283 999 2324 cor
1049 2267 1235 2341 patris
1283 2270 1361 2327 ad
1405 2273 1606 2338 tilium,
1666 2279 1728 2329 ut
1788 2275 1870 2330 ait
1923 2276 2219 2346 propheta

563 2353 908 2414 Malachias.
936 2357 1074 2414 Dico
1105 2365 1306 2416 autem
1339 2362 1510 2418 vobis
1535 2362 1697 2434 quod
1732 2362 1886 2420 Elias
1915 2365 2218 2420 secundus

564 2444 686 2500 sive
717 2446 981 2518 Baptista
1004 2448 1130 2518 jam
1178 2449 1340 2506 venit
1367 2450 1523 2506 circa
1553 2451 1802 2522 primum
1857 2468 2061 2509 meum
2116 2454 2218 2511 ad-

561 2540 830 2606 ventum,
864 2541 925 2591 ut
962 2536 1166 2594 dicunt
1197 2539 1546 2611 Scripturtze:
1581 2547 1635 2597 et
1666 2556 1788 2597 non
1813 2550 2216 2614 cegnoverunt

563 2622 779 2679 Scriba
823 2625 989 2696 quod
1013 2627 1190 2682 etiam
1221 2627 1316 2682 hic
1346 2633 1505 2684 esset
1530 2630 1683 2685 Etias
1727 2636 2016 2704 tanquam
2065 2650 2213 2707 prae-

561 2725 789 2767 cursor.
824 2713 954 2769 Non
979 2722 1388 2785 cognoverunt
1427 2722 1628 2775 autem
1660 2735 1797 2776 cum
1831 2725 2030 2794 utpote
2054 2724 2212 2782 male

557 2798 950 2871 intelligentes
982 2805 1339 2876 Scripturas.

630 2891 792 2946 Vers.
819 2893 904 2946 l2.
953 2892 1070 2950 Sed
1105 2925 1175 2934 —
1204 2895 1536 2954 voluerunt.
1578 2898 1836 2956 Herodes
1892 2900 2162 2960 videlicet
2194 2919 2209 2970 ;

557 2979 747 3037 multa
772 2982 932 3037 enim
975 2985 1036 3039 in
1083 2983 1412 3054 eum'fecit,
1446 2987 1506 3044 in
1558 3003 1858 3046 carcerem
1897 2991 2067 3047 illum
2121 2993 2210 3048 in-

549 3069 794 3142 jiciens;
827 3072 1039 3131 deinde
1055 3080 1436 3148 amputatum
1461 3085 1642 3152 caput
1672 3079 1884 3138 deferri
1905 3081 2126 3154 jubens
2146 3083 2209 3140 in

553 3159 746 3220 lance.

581 3367 590 3377 -
619 3343 793 3401 Vers.
859 3343 943 3400 12.
972 3346 1061 3402 Ita
1089 3377 1158 3388 —
1183 3346 1258 3404 ab
1288 3349 1388 3405 eis.
1414 3348 1500 3406 Ita
1529 3365 1784 3424 quoque,
1817 3366 1940 3408 non
2001 3351 2207 3425 cogni-

550 3437 645 3488 tus
676 3435 894 3491 scilicet
912 3436 1074 3508 quod
1102 3438 1177 3493 sit
1201 3438 1496 3495 Christus:
1550 3455 1673 3496 non
1699 3443 1973 3510 cognitus
2001 3447 2200 3500 autem

547 3532 790 3596 propter
827 3540 1077 3597 pravam
1125 3534 1388 3584 mentem
1433 3529 1725 3600 ipsorum.
1777 3532 1887 3586 Sed
1931 3547 2200 3603 quonam

546 3613 732 3668 modo
761 3614 880 3677 ﬁet,
924 3620 986 3670 ut
1013 3631 1153 3670 cum
1203 3622 1526 3687 praesentes
1561 3619 1787 3673 Hebrmi
1814 3619 2043 3676 Christo
2079 3637 2199 3677 non

547 3701 924 3772 crediderint,
970 3703 1074 3774 qui
1103 3709 1245 3759 tunc
1271 3709 1456 3772 erunt,
1510 3705 1754 3763 credant
1808 3708 1942 3763 Elim
1969 3709 1996 3762 ?
2051 3709 2198 3775 Quia

543 3795 876 3858 agnoscunt
896 3805 1053 3857 eum,
1097 3793 1410 3866 sciuntque
1438 3793 1626 3864 de_illo
1653 3795 1999 3867 prtedixisse
2025 3799 2198 3856 Mala-

545 3876 764 3932 chiam.
798 3877 985 3934 Simul
1008 3878 1187 3936 etiam
1217 3885 1339 3937 tam
1378 3880 1628 3954 longum
1655 3889 1890 3957 tempus
1919 3887 2086 3960 quod
2130 3888 2194 3945 in

543 3965 745 4022 medio
809 3967 1138 4035 intercidet,
1187 3974 1465 4044 tantaque
1517 3973 1702 4030 virtus
1735 3974 2192 4048 prmdicationis,

542 4054 844 4113 emollierit
865 4056 1142 4115 duritiem
1169 4060 1366 4117 cordis
1399 4076 1629 4118 eorum.

613 4143 781 4204 Vers.
818 4151 902 4205 t3.
957 4149 1220 4206 Tunc—
1251 4151 1352 4208 eis.
1408 4153 1558 4210 Nam
1608 4152 1894 4213 vicesimo
1951 4172 2192 4232 quoque

539 4239 728 4311 capite
779 4239 1136 4312 pradixerat
1186 4240 1272 4297 eis
1310 4242 1377 4309 ιι,
1427 4241 1594 4316 quod
1621 4243 1720 4301 ille
1757 4245 1832 4304 sit
1868 4245 2023 4305 Elias
2091 4247 2191 4322 qui

537 4333 819 4386 venturus
839 4345 970 4387 esse
1008 4330 1241 4387 dicitur.

952 4447 1108 4503 CAP.
1135 4447 1340 4504 XXXV.
1373 4450 1460 4506 De
1497 4449 1772 4509 lunatico.

605 4530 767 4600 Vers.
819 4546 906 4600 14.
948 4546 1024 4601 Et
1056 4577 1125 4586 —
1185 4549 1248 4602 v.
1281 4548 1363 4603 ιδ.
1406 4549 1735 4622 Afﬂigt'tur.
1799 4554 1877 4609 De
1922 4552 2185 4611 lunatico

533 4633 880 4705 praedictum
905 4634 1144 4706 quidem
1162 4643 1252 4692 est
1269 4638 1450 4694 modo
1470 4641 2182 4709 naturalioriinsistendo,

533 4727 743 4793 quarto
783 4722 1008 4794 capite;
1039 4722 1266 4782 dicetur
1316 4735 1514 4785 autem
1565 4734 1622 4786 et
1651 4745 1808 4786 nunc
1869 4731 2184 4803 perfectius

531 4811 700 4882 quod
740 4811 1088 4871 daamonum
1155 4816 1404 4889 quidam
1470 4820 1834 4890 secedentes,
1889 4821 2185 4881 adversus

530 4901 831 4974 quosdam
859 4903 1136 4963 homines
1173 4910 1410 4982 tempus
1441 4914 1668 4966 certum
1708 4909 1866 4968 luna
1900 4911 2182 4972 observa-

528 4991 690 5060 bant,
717 4998 776 5052 et
805 4999 940 5052 tunc
969 4997 1261 5055 insultum
1290 5001 1350 5054 in
1375 4998 1509 5057 illos
1562 5000 1878 5068 faciebant,
1914 5010 1978 5060 ut
2031 5005 2180 5063 dum

524 5080 672 5138 luna
701 5083 843 5140 mali
874 5100 1058 5145 causa
1093 5087 1411 5155 videretur,
1444 5089 1574 5160 ejus
1605 5095 1836 5149 creator
1857 5091 2176 5151 calumnias

527 5178 938 5247 exponeretur.

598 5274 648 5312 ³³
675 5275 921 5334 Malach.
947 5293 1024 5345 ιγ,
1046 5277 1102 5344 li,
1131 5277 1187 5334 5.
1266 5279 1311 5314 ³⁸
1338 5277 1539 5336 Matth.
1557 5294 1639 5347 ιι,
1665 5281 1756 5340 14.
1791 5353 1800 5368 ί

2219 4494 2300 4564 αλ

2353 632 2471 695 περὶ
2525 629 2587 689 ἧς
2638 635 2770 700 γησὶ
2820 632 3107 705 Μαλαχίας
3181 637 3206 688 6
3283 645 3576 714 προφήτης
3657 643 3669 664 ’

2353 715 2478 788 ὑμίρ
2551 717 2562 737 ’
2595 718 2753 771 Ηλίαν
2830 725 2920 773 τὸν
2993 723 3257 784 Θεσϐίτην
3288 768 3303 793 ,
3390 730 3449 792 ὃς
3524 729 3944 794 ἀποκαταστήσει

2350 801 2574 878 καρδίαν
2631 812 2825 884 πατρὸς
2880 815 3011 873 παός
3069 815 3196 879 νίὀν,
3254 822 3542 886 τουτέστιν,
3597 824 3653 883 ὃς
3708 822 3944 899 ἐπιστρέο

2347 892 2436 964 ψει
2487 895 2599 967 (50)
2653 901 2748 959 τὰς
2793 896 3020 972 καρδίας
3048 911 3148 954 τῶν
3189 915 3479 962 τηνικαῦτα
3506 907 3779 964 Ἰουδαίπν
3821 892 3944 986 πρὸς

2347 987 2462 1044 τοὺς
2495 983 2838 1054 ἀποστόλους,
2883 989 3018 1044 ὥστε
3071 995 3360 1053 πεισθῆναι
3413 1006 3524 1060 ταῖς
3573 983 3946 1064 διδασκαλίαις

2345 1071 2537 1141 αὐτῶν,
2567 1080 2658 1128 καί
2703 1087 2987 1132 πιστεῦσαι
3041 1089 3116 1152 τῷ
3168 1090 3400 1158 Χριστῷ.
3454 1094 3681 1165 Πατέρες
3720 1094 3819 1169 γὰρ
3848 1100 3942 1145 τῶν

2345 1159 2644 1216 ἀποστόλων
2674 1168 2723 1218 οἱ
2750 1164 3018 1224 Ἰουδαῖοι.

2415 1268 2551 1322 ’Δλλ’
2591 1273 2640 1324 οἱ
2695 1279 3038 1348 Γραμματείς,
3087 1283 3180 1343 τὰς
3211 1278 3308 1336 δύο
3347 1290 3439 1336 τοῦ
3471 1291 3716 1358 Χριστοῦ
3756 1305 3938 1363 παρου-

2345 1361 2460 1418 σίας
2499 1359 2571 1421 εἰς
2624 1366 2748 1434 μίαν
2808 1370 3141 1438 συγχέοντες,
3183 1377 3274 1425 καὶ
3323 1375 3418 1431 τὴν
3467 1380 3683 1448 πρώτην
3737 1359 3936 1440 είς-τήν

2343 1443 2586 1538 δευτέραν
2628 1454 2956 1526 συνάγοντες,
3007 1463 3125 1530 περὶ
3172 1468 3268 1522 τῆς
3314 1443 3562 1538 δευτέρας
3613 1471 3782 1538 μόνης
3829 1463 3935 1520 ἐδί-

2342 1531 2377 1588 δ
2381 1557 2539 1590 ασκον
2569 1544 2656 1592 τὸν
2686 1540 2832 1599 λαόν.
2873 1551 2972 1597 Καὶ
3001 1542 3037 1598 δ
3041 1550 3093 1598 ιὰ
3136 1557 3289 1604 τοῦτο
3327 1554 3414 1604 τὸν
3447 1558 3687 1627 Χριστὸν
3717 1555 3809 1609 οὐκ
3837 1552 3934 1608 ἰδέ-

2338 1646 2519 1698 χοντο,
2550 1627 2794 1700 λέγοντες,
2825 1631 2902 1684 ὁτι
2934 1638 3023 1686 τὸν
3053 1636 3226 1690 Ἠλίαν
3255 1643 3365 1712 χρή
3394 1640 3554 1694 ἐλθεῖν
3576 1653 3803 1717 πρῶτον,
3835 1640 3934 1697 εἶτα

2338 1719 2424 1768 τὸν
2454 1723 2702 1791 Χριστόν.
2731 1720 2886 1774 Ἀλλὰ
2918 1732 3006 1776 νῦν
3046 1727 3072 1778 6
3103 1732 3333 1800 Χριστὸς
3373 1726 3625 1786 διδάσκει
3679 1739 3796 1808 περὶ
3839 1740 3930 1786 τῶν

2259 1792 2435 1859 Εἶδύο
2467 1815 2660 1879 σαφῶς.
2697 1813 2940 1882 Πρόσχες
2963 1816 3090 1889 γὰρ·

2401 1909 2486 1964 Ὀ
2539 1909 2598 1966 δὲ
2671 1915 2902 1979 Ἰησοῦς
2952 1949 3020 1962 -
3089 1920 3383 1996 ἐπέγνωσαν
3459 1926 3660 1986 αὐτόν.
3738 1929 3927 1990 Ἠλίας

2329 2003 2419 2073 μὶν
2477 2003 2503 2054 6
2554 2011 2803 2078 πρῶτος,
2875 2012 3058 2081 ἤγουν,
3118 2013 3144 2064 6
3206 2013 3515 2083 Θεσϐίτης,
3576 2022 3719 2072 οὔπω
3763 2016 3922 2078 ἦλθεν·

2330 2093 2544 2164 ἔρχεται
2601 2090 2660 2147 δι
2715 2100 2851 2149 κατὰ
2892 2103 2986 2157 τὴν
3043 2097 3284 2177 δευτέραν
3332 2125 3432 2177 μου
3477 2113 3790 2181 παρουσίαν,
3834 2111 3917 2159 καὶ

2331 2178 2760 2242 ἀποκαταστήσει
2805 2189 2974 2240 πάντα
3028 2193 3114 2242 τὸν
3181 2194 3480 2266 πειθόμενον
3538 2197 3700 2270 αὐτῷ,
3755 2198 3915 2250 τουτί-

2332 2287 2464 2334 στιν,
2543 2271 2844 2347 ἐπιστρέψει
2917 2275 3145 2353 καρδίαν
3216 2285 3409 2356 πατρὸς
3472 2290 3604 2361 πρὸς
3670 2287 3793 2353 υἱὸν,
3853 2285 3913 2343 ὡς

2329 2359 2356 2410 6
2409 2367 2669 2433 προφήτης
2721 2364 3005 2437 Μαλαχίας
3059 2374 3190 2440 φησί
3224 2413 3237 2426 .
3303 2376 3453 2444 Λέγω
3512 2359 3581 2427 δε
3646 2370 3774 2446 ὑμῖν,
3832 2372 3904 2422 ὅτι

2331 2447 2510 2513 Ἠλίας
2555 2453 2581 2503 6
2639 2449 2901 2526 δεύτερος,
2956 2455 3140 2528 εἶτουν,
3195 2461 3221 2511 6
3277 2467 3589 2528 Βαπτιστής,
3645 2458 3744 2520 ἤδη
3783 2457 3897 2515 ἧλθι

2326 2540 2460 2591 κατά
2509 2544 2604 2599 τὴν
2659 2548 2868 2617 πρωτην
2917 2564 3019 2618 μου
3085 2551 3280 2608 ταύτην
3353 2555 3636 2626 παρουσίαν
3663 2594 3678 2620 ,
3735 2549 3796 2608 ὡς
3846 2545 3898 2598 αἱ

2326 2631 2528 2701 Γραφαί
2574 2648 2723 2702 φασι.
2781 2636 2881 2685 Καὶ
2945 2634 3040 2687 οὐκ
3106 2635 3401 2711 έπέγνωσαν
3457 2642 3504 2693 οἱ
3566 2641 3899 2716 Γραμματιῖςο

2323 2717 2404 2770 ὅτι
2454 2718 2544 2770 καί
2602 2719 2748 2782 οὗτος
2801 2721 2988 2786 Ἠλίας
3038 2723 3219 2796 ἐστὶν,
3278 2725 3364 2782 οἶα
3409 2726 3702 2805 πρόδρομος
3734 2745 3746 2758 ⁸
3817 2722 3905 2778 οὐκ

2321 2804 2618 2878 ἐπέγνωσαν
2693 2806 2755 2863 δέ
2833 2813 2988 2866 αὐτὸν
3019 2855 3033 2883 ,
3115 2817 3188 2878 ὡς
3273 2804 3456 2883 κακῶς
3526 2804 3754 2880 νοοῦντες
3822 2815 3907 2872 τὰς

2321 2898 2548 2969 Γραφοίς.

2388 2984 2522 3038 Ἀλλ’
2574 3015 2640 3028 -
2687 2987 2973 3049 ἠθέλησαν.
3039 2993 3105 3046 Oi
3172 2999 3289 3071 περὶ
3360 2999 3447 3050 τὸν
3503 2993 3739 3076 Ἡρώδην
3817 2985 3906 3050 δη-

2317 3072 2506 3126 λονότι·
2563 3075 2725 3129 πολλά
2787 3081 2888 3152 γὰρ
2937 3079 3009 3143 είς
3057 3081 3213 3135 αὐτὸν
3279 3072 3574 3154 έποίησανί
3613 3083 3906 3161 ἔμϐαλὸντες

2251 3150 2294 3212 C
2319 3162 2388 3224 εὶς
2414 3162 2664 3236 φυλακὴν,
2707 3150 3196 3244 ἀποκεφαλίσαντες,
3231 3171 3512 3246 ἐνεγκόντες
3541 3150 3645 3236 τὴν¹
3689 3170 3905 3246 κεφαλὴν

2317 3251 2477 3305 αὐτοῦ
2516 3252 2600 3307 ἰπὶ
2629 3259 2866 3320 πίνακος.

2389 3342 2564 3404 Οὕτως
2611 3373 2682 3386 -—
2738 3345 2825 3399 ὑπ’
2875 3346 3064 3406 αὐτῶν.
3097 3350 3250 3405 Οὕτω
3279 3359 3365 3408 καὶ
3415 3354 3589 3424 αὐτὸς,
3624 3350 3902 3426 ἀγνοούμε-

2312 3449 2417 3501 νος,
2469 3433 2551 3484 ὅτι
2594 3434 2620 3486 6
2667 3440 2894 3509 Χριστός
2941 3435 3102 3491 ίστινο
3161 3439 3501 3518 ἀγνοούμενος
3555 3441 3613 3498 δὲ
3671 3437 3765 3494 διὰ
3811 3438 3902 3493 τὴν

2311 3525 2583 3575 κακόνοιαν
2641 3524 2826 3581 αὐτῶν.
2890 3525 3044 3581 Ἀλλά
3096 3539 3221 3597 πῶς,
3266 3541 3365 3584 τῶν
3401 3541 3490 3586 νῦν
3529 3532 3778 3604 Ἐϐραίων
3829 3526 3898 3596 μὴ

2308 3614 2698 3665 πιστευσάντων
2739 3622 2811 3684 τῷ
2859 3623 3093 3690 Χριστῷ,
3125 3621 3173 3671 οἱ
3219 3624 3334 3672 τότε
3375 3628 3446 3691 τῷ
3495 3620 3641 3689 Ἠλίᾳ
3679 3614 3899 3667 πεισθή-

2310 3717 2534 3770 σονται;
2594 3707 2737 3756 Διότι
2795 3706 3141 3779 γνωρίζουσιν
3191 3705 3366 3774 αὐτὸν,
3403 3711 3492 3760 καὶ
3523 3710 3892 3778 γινώσκουσιν)

2307 3790 2333 3841 ὃ
2369 3794 2487 3863 περὶ
2531 3790 2688 3844 αὐτοῦ
2731 3801 2966 3868 προεῖπεν
2996 3795 3022 3845 6
3055 3792 3351 3865 Μαλαχίας
3380 3794 3491 3869 ἅμα
3519 3791 3576 3848 δι
3605 3794 3695 3844 καὶ
3744 3787 3770 3839 6
3812 3801 3893 3836 το·

2308 3885 2494 3943 σοῦτος
2545 3879 2593 3932 ἐν
2649 3889 2721 3953 τῷ
2769 3887 2912 3956 μέσῳ
2963 3887 3169 3959 χρόνος,
3219 3889 3308 3938 καὶ
3363 3887 3394 3945 ἠ
3454 3881 3749 3959 τημικαῦτη
3802 3875 3894 3926 τοῦ

2303 3971 2637 4043 κηρύγματος
2687 3968 2930 4046 δύναμις,
2989 3973 3283 4048 μαλάξουσι
3325 3980 3419 4036 τὴν
3480 3961 3898 4048 σκληροκαρδίαν

2303 4077 2468 4112 αυτων
2475 4103 2488 4116 .

2371 4171 2499 4220 Τότε
2557 4197 2628 4209 -
2678 4167 2874 4232 αὐτοῖς.
2938 4176 3160 4245 Προεῖπε
3201 4172 3304 4249 γὰρ
3362 4170 3537 4236 αὐτοῖς
3587 4172 3676 4226 καὶ
3731 4161 3783 4219 ἕν
3829 4165 3902 4232 τῷ

2300 4254 2520 4328 εἰκόστῷ
2577 4257 2857 4332 κεφαλαίῳ,
2910 4260 2991 4313 ὅτι
3045 4261 3200 4324 αὐτὸς
3247 4261 3385 4316 ἔστιν
3417 4262 3595 4326 Ἠλίας
3636 4260 3662 4314 6
3709 4250 3902 4330 μέλλων

2299 4347 2574 4421 ἔρχεσθαι.

2549 4479 2700 4530 ΚΕΦ.
2746 4473 2870 4532 Al-l'.
2905 4479 3030 4550 Περὶ
3058 4493 3149 4529 του
3184 4473 3646 4552 σεληνιαζομίνου.

2372 4566 2572 4614 Καὶ-
2614 4564 2836 4636 πάσχει.
2878 4569 3002 4640 Περὶ
3047 4572 3139 4618 τοῦ
3193 4565 3548 4641 σεληνιασμοῦ
3599 4563 3904 4640 προείρηται

2294 4653 2384 4722 μὲν
2457 4657 2547 4704 καὶ
2622 4651 2672 4703 ἐν
2731 4661 2804 4723 τῷ
2888 4656 3116 4729 τετάρτῳ
3181 4654 3440 4728 κεφαλαίῳ
3518 4647 3905 4729 φυσιολογικὼ-

2294 4758 2456 4814 τερον*
2516 4741 2813 4816 ῥηθήσεται
2878 4739 2938 4796 δι
2985 4748 3072 4796 καὶ
3127 4750 3214 4795 νῦν
3247 4741 3637 4820 ἀκριϐέστερον,
3679 4742 3758 4794 ὅτι
3806 4739 3906 4835 τ⁹ὧν

2294 4825 2554 4903 δαιμόνων
2583 4833 2715 4884 τινεν
2740 4835 3213 4908 παραχωρούμενοι
3263 4834 3376 4906 (51)
3425 4837 3562 4890 κατά
3613 4848 3766 4887 τινων
3820 4825 3902 4874 ἄν·

2295 4920 2528 4993 θρώπων,
2576 4919 2854 4996 ἐπετήρουν
2879 4925 3060 4997 καιρὸν
3097 4941 3213 4976 τινα
3255 4930 3348 4986 τῆς
3379 4922 3625 4993 σελήνης,
3657 4922 3749 4974 καὶ
3781 4914 3900 4984 τότέ

2289 5012 2494 5075 τούτοις
2518 5007 2813 5078 ἐπεπήδων,
2839 5014 2944 5084 ἶνα,
2971 5015 3036 5074 ὡς
3057 5020 3153 5077 τῆς
3177 5011 3390 5077 σελήνης
3409 5017 3587 5080 αὶτίας
3614 5010 3650 5069 δ
3653 5007 3900 5067 οκούσηςι

2288 5099 2316 5154 6
2349 5104 2677 5180 Δημιρυργὸς
2706 5101 2868 5165 αὐτῆς
2907 5097 3254 5168 ¹διειϐοίλινιῖαιε

1714 5407 1939 5480 Variae
1971 5410 2305 5486 lectiones
2352 5425 2430 5510 et
2453 5423 2656 5510 nota.
2701 5503 2734 5510 η

551 5529 1266 5624 1(30.)“Utieipl'tcutlsuc.
1289 5567 1330 5617 ι,
1362 5535 1478 5610 1Ἷ7μ⁴
1605 5537 1638 5542 ”’
1935 5589 1938 5592 .

592 5627 708 5695 (51)
767 5630 1115 5706 Παρακωρξῖν
1188 5639 1348 5706 ιξὲξίιο
1426 5639 1544 5706 “9n.
1597 5629 1695 5706 est.
1733 5627 2037 5706 “castra;
2067 5631 2183 5706 sed

520 5692 828 5766 erumpere
845 5692 1159 5750 in‘co'ntra.
1203 5692 1502 5768 Chrysost.
1531 5699 1566 5754 t.
1612 5698 1718 5767 γυ,
1745 5715 1804 5772 p.
1835 5699 1940 5758 579
1972 5692 2038 5772 Ε,
2067 5692 2179 5762 ha.

2285 5559 2386 5628 bat
2410 5531 2758 5622 έπιτίθεσθαι.
3213 5551 3368 5634 quis
3382 5542 3663 5622 maluerit

2286 5636 2545 5709 ρούμενοι.
