4176 6428
217 387 336 449 489

1211 397 1581 455 COMMENT.
1625 400 1692 456 IN
1734 401 2174 458 MATTHA'JUM.
2217 433 2282 443 ——
2323 404 2478 460 CAP.
2522 405 2686 463 XVII.

3510 422 3616 477 490

297 529 557 594 Πολλάκις
613 563 684 576 -
713 529 877 609 ὕδωρ,
931 533 1112 601 Ὠστε,
1145 533 1190 587 εἰ
1231 537 1303 607 μὴ
1357 537 1448 586 καὶ
1505 535 1622 586 τότε
1673 533 1704 591 ἡ
1736 537 1826 584 τοῦ

2019 525 2183 582 Vers.
2239 531 2324 582 15.
2374 529 2825 602 Frequmter—
2855 549 3081 606 aquam.
3144 537 3352 611 Itaque
3404 543 3608 603 sinon

218 622 364 668 Θεοῦ
395 615 619 694 δύναμις
657 626 744 675 τὸν
795 620 1022 696 δαίμονα
1069 622 1392 696 ἀνεχαίτιζε,
1443 621 1604 675 πάλαι
1654 620 1714 674 ἃν
1745 621 1834 673 αὖ-

213 708 308 756 τόν
371 703 649 786 διέφθειρε.
717 714 929 788 Μάρκος
988 710 1048 766 δέ
1099 733 1277 786 φησιν,
1339 713 1420 765 ὅτι
1456 715 1516 764 τὸ
1581 711 1632 763 ἕν
1691 710 1832 781 αὐτῷ

215 790 500 869 δαιμόνιον
535 799 721 853 ἄλαλον
767 797 827 860 ἦν
858 807 948 856 καὶ
976 807 1144 876 κωφόν
1183 817 1198 833 ⁸
1237 802 1342 876 οὐχ
1388 803 1458 865 ὡς
1487 805 1639 874 φύσει
1665 806 1835 853 τοιοῦ-

214 904 326 952 τον,
363 885 473 938 ἀλλ’
521 889 590 952 ὡς
625 885 904 964 δεσμῆσαν
946 895 1040 952 τήν
1066 899 1158 945 τοῦ
1199 889 1634 965 δαιμονιζομένου
1662 893 1832 965 φωνήν

215 980 311 1027 καὶ
342 973 526 1034 ἀκοήν.

295 1070 398 1118 Καὶ
456 1098 526 1107 -—
585 1069 922 1144 θεραπεῦσαι.
1009 1070 1120 1124 Οὐκ
1199 1065 1544 1132 ἠδυνήθησαν
1595 1067 1689 1124 διὰ
1737 1073 1831 1127 τὴν

223 1153 480 1208 ἀπιστίαν
534 1164 628 1210 τοῦ
686 1164 1134 1234 προσαγαγόντος.
1184 1161 1373 1236 Εἷγὰρ
1419 1165 1510 1213 καὶ
1558 1164 1833 1234 προσήγα-

216 1263 303 1314 γεν
364 1244 545 1312 αὐτὸν,
608 1245 716 1299 ἀλλ’
793 1247 886 1301 οὐκ
943 1244 1244 1304 ἐπίστευσεν
1307 1252 1419 1323 (52)
1479 1245 1829 1316 ἀδιστοξκτως,

217 1336 295 1386 ὁτι
347 1331 602 1388 δύνανται
653 1339 740 1389 τὸν
821 1332 1050 1411 δαίμονα
1117 1337 1475 1414 φυγαδεῦσαι.
1553 1347 1718 1394 Τοῦτο
1773 1335 1832 1392 δε

219 1427 436 1497 φανερὸν
489 1423 594 1477 ἀπὸ
651 1443 706 1479 τε
758 1435 850 1479 τοῦ
909 1427 1068 1481 εἰπεῖν
1124 1432 1212 1481 τὸν
1269 1433 1519 1505 Χριστόν·
1572 1429 1643 1481 Ὠ
1683 1429 1832 1501 γενεά

215 1514 446 1577 ἄπιστος
478 1531 489 1544 ⁸
544 1511 648 1567 ἀπὸ
679 1535 734 1568 τε
762 1523 854 1570 τοῦ
895 1516 1051 1570 εἰπεῖν
1083 1514 1232 1581 αὖθις
1263 1523 1350 1572 τὸν
1380 1522 1781 1595 προσαγαγόντα
1811 1536 1824 1552 ·

219 1606 278 1656 Ei
334 1623 386 1656 τι
465 1600 716 1674 δύνασαι,
812 1604 1083 1678 βοήθησον
1166 1608 1290 1680 ἡμῖν
1396 1613 1486 1661 καὶ
1559 1607 1662 1661 ἀπὸ
1735 1613 1828 1660 τοῦ

218 1692 484 1766 ἐρωτῆσαι
542 1699 632 1747 τὸν
688 1700 937 1771 Χριστόνζ
997 1697 1058 1752 Εἰ
1106 1694 1333 1751 δύνασαι
1382 1705 1684 1754 πιστεῦσαι.
1736 1700 1827 1751 καὶ

220 1782 320 1835 ἀπὸ
402 1790 496 1836 τοῦ
590 1781 939 1858 ἀποκριθῆναι
1019 1786 1173 1840 αὐτόν
1237 1801 1252 1816 ⁸
1313 1790 1569 1855 Πιστεύω,
1648 1790 1826 1862 Κύριε,

1944 614 2124 671 etiam
2181 619 2322 672 tunc
2397 618 2499 674 Dei
2553 620 2738 678 virtus
2801 622 3142 681 daemonem
3211 629 3603 700 cohibuisset,

1936 702 2300 773 jamdudum
2327 720 2462 762 eum
2490 709 2867 780 perdidisset.
2888 715 3115 770 Marcus
3137 721 3338 774 autem
3363 719 3504 778 dicit
3530 724 3602 794 η,

1941 793 2109 864 quod
2146 793 2536 864 daemonium,
2586 800 2753 871 quod
2794 801 2854 857 in
2885 818 2957 859 eo
3000 807 3150 869 erat,
3181 812 3419 866 mutum
3477 793 3603 871 erat

1943 894 2015 937 ac
2047 883 2299 939 surdum
2345 899 2468 942 non
2529 889 2694 959 quod
2752 896 2970 946 natura
3023 898 3175 950 esset
3222 895 3596 968 hujusmodi,

1944 969 2051 1026 sed
2081 971 2222 1044 quia
2250 972 2608 1032 daemoniaci
2647 993 2856 1036 vocem
2899 979 3189 1052 ligaverat
3218 989 3276 1041 et
3299 987 3596 1047 auditum.

2012 1059 2174 1150 γει-ε.
2209 1063 2294 1118 16.
2339 1064 2418 1120 Et
2448 1094 2518 1104 —
2541 1081 2773 1123 curare.
2823 1067 2953 1125 Non
3006 1077 3329 1143 potuerunt
3356 1083 3600 1150 propter

1940 1146 2241 1207 offerentis
2261 1152 2758 1214 incredulitatem.
2794 1157 2949 1216 Licet
2973 1160 3136 1218 enim
3165 1177 3307 1221 eum
3334 1146 3595 1225 adduxe-

1940 1241 2051 1308 rat,
2077 1255 2196 1296 non
2220 1246 2420 1299 tamen
2435 1243 2839 1303 indubitanter
2859 1248 3158 1318 credebat,
3186 1254 3353 1325 quod
3371 1255 3596 1315 demo-

1940 1340 2079 1384 nem
2113 1327 2323 1400 fugare
2349 1339 2618 1403 possent.
2665 1337 2783 1392 Hoc
2807 1341 3008 1394 autem
3037 1343 3094 1396 et
3127 1355 3198 1396 ex
3242 1357 3314 1399 eo
3339 1346 3593 1403 manife-

1940 1417 2099 1472 stum
2128 1422 2234 1484 est,
2265 1419 2431 1491 quod
2462 1421 2612 1478 dixit
2639 1422 2905 1481 Christus
2938 1441 2952 1482 :
2989 1427 3037 1482 0
3077 1431 3380 1498 generatio
3404 1434 3597 1492 incre-

1937 1502 2079 1559 dula
2107 1521 2121 1572 ;
2153 1511 2211 1563 et
2259 1523 2469 1565 rursus
2503 1509 2582 1568 ab
2611 1526 2682 1568 eo
2739 1513 2906 1586 quod
2933 1514 3085 1572 dixit
3127 1517 3437 1577 adducens
3479 1540 3493 1578 :
3526 1523 3596 1581 Si

1939 1594 2084 1668 quid
2132 1603 2292 1666 potes
2341 1597 2564 1668 adjuva
2610 1615 2714 1657 nos
2761 1617 2882 1668 ;ex
2923 1619 2994 1660 eo
3047 1606 3214 1678 quod
3261 1607 3591 1682 interroga-

1937 1683 2020 1740 vit
2065 1684 2329 1740 Christus
2383 1702 2396 1741 :
2451 1687 2518 1743 Si
2560 1694 2723 1758 potes
2767 1691 3008 1749 credere
3039 1708 3054 1760 ;
3085 1698 3142 1749 et
3165 1695 3378 1753 iterum
3410 1699 3488 1755 ab
3517 1716 3590 1758 eo

1937 1771 2097 1846 quod
2144 1773 2271 1845 ipse
2323 1777 2638 1847 respondit
2687 1795 2701 1834 :
2745 1778 2926 1836 Credo
2976 1782 3248 1850 Domine,
3298 1788 3591 1848 auxiliare

225 1871 409 1944 βοήθει
468 1893 570 1946 μου
616 1880 680 1946 τῇ
751 1873 992 1949 ἀπιστίᾳ.
1047 1882 1226 1930 Ταῦτα
1275 1879 1378 1952 γὰρ
1433 1877 1749 1953 πλατύτερον
1800 1877 1826 1930 ὁ

1943 1861 2338 1919 incredulitati
2360 1879 2511 1920 more.
2536 1867 2686 1921 Nam
2703 1865 2831 1923 haec
2859 1867 3042 1925 latius
3073 1872 3310 1944 scripsit
3338 1877 3588 1934 Marcus.

225 1964 436 2034 Μάρκος
463 1963 643 2037 ἰττόρη
655 1982 738 2016 σεν
752 2007 766 2020 .

305 2051 316 2068 ’
327 2053 626 2124 Αποκριθεὶς
724 2083 794 2093 -
884 2049 1295 2130 διεστραμμένη.
1411 2055 1827 2131 Καθολικώτερον

251 2135 554 2206 ἐπιπλήττει,
612 2138 704 2194 διὰ
773 2145 833 2194 τὸ
886 2143 1100 2206 πολλοὺς
1151 2153 1248 2197 τῶν
1315 2141 1586 2199 Ἰουδαίων
1636 2147 1826 2219 ὁμοιως

252 2225 507 2300 ἀπιστεῖν,
581 2232 740 2284 καίτοι
824 2237 990 2305 μυρία
1052 2241 1268 2286 τοιαῦνα
1343 2235 1708 2307 θεασαμένους,
1767 2234 1826 2288 οὐ

242 2312 282 2368 δ
286 2317 322 2368 ι’
351 2316 515 2369 αὐτοῦ
555 2323 710 2390 μόνον,
757 2319 886 2374 ἀλλὰ
931 2327 1021 2375 καὶ
1071 2319 1166 2376 διὰ
1194 2332 1292 2376 τῶν
1320 2325 1567 2396 μαθητῶν
1599 2326 1829 2398 θαυματ-

230 2409 568 2480 ουργηθέντα.
621 2414 1012 2484 Διεστραμμένη
1069 2409 1149 2479 δέ,
1197 2412 1312 2466 ἀντὶ
1353 2421 1466 2471 τοῦ.
1514 2413 1721 2482 σκολιὰ,
1752 2418 1824 2488 μὴ

223 2503 376 2548 νοοῦσ
388 2515 422 2548 α
446 2499 504 2548 τὸ
535 2496 693 2559 εὖθές.

290 2584 420 2647 Ἐως
469 2617 538 2627 -—
590 2588 731 2661 ὑμῶν
784 2601 797 2655 ;
859 2589 1185 2663 Ἀγανακτεῖ,
1233 2597 1324 2646 καὶ
1380 2593 1528 2655 ζητεῖ
1586 2597 1674 2647 τὸν
1740 2595 1830 2647 θοὶ-

476 2677 594 2748 (53)
673 2674 769 2730 διὰ
845 2680 904 2731 τό
999 2676 1130 2733 εἶναι
1182 2680 1368 2743 αὐτοὺς
1428 2683 1674 2746 ἀνιάτους
1732 2686 1826 2742 τήν

225 2762 491 2819 ἀπιστίαν.

290 2857 467 2928 oggert
513 2886 584 2894 ——
625 2851 748 2912 ὧδε.
804 2854 914 2909 Ἵνα
941 2861 1012 2930 μή
1067 2853 1196 2932 δόξῃ
1246 2864 1336 2914 καὶ
1382 2861 1537 2925 αὐτὸς
1584 2863 1824 2935 ἀσθενής,

225 2939 450 2996 ἐκϐάλλει
498 2947 559 2996 τὸ
612 2941 884 3017 δαιμόνιον
946 2945 1186 3020 Ἀγαγεῖν
1240 2946 1299 3003 δε
1357 2954 1445 3004 τὸν
1501 2948 1828 3025 δαιμονῶντα

224 3033 428 3097 κελεύει,
486 3037 573 3086 ἵνα
629 3039 820 3107 φανερὰ
866 3037 896 3094 ἡ
959 3033 1178 3111 δύναμις
1234 3039 1394 3094 αὐτοῦ
1451 3046 1664 3115 γένηται
1715 3048 1826 3106 τοῖς

225 3121 450 3175 ἀσθενεῖν
479 3129 572 3175 καὶ
607 3123 759 3176 αὐτὸν
790 3123 1060 3198 οἰομένοις.

218 2694 365 2727 νατον
373 2716 387 2739 ,

290 3360 391 3408 Καὶ
449 3386 521 3395 -
550 3357 780 3418 Ἰησοῦς.
836 3355 1096 3421 Ἐπίταξε.
1147 3361 1360 3436 Μάρκος
1410 3358 1471 3416 δε
1507 3367 1598 3416 καὶ
1627 3369 1823 3426 Λουκᾶς

223 3463 394 3514 φασιν,
451 3446 535 3496 ὅτι
610 3443 890 3510 ἐπετίμησε
954 3455 1027 3518 τῷ
1083 3451 1337 3522 πνεύματι
1393 3459 1465 3523 τῷ
1522 3450 1822 3527 ἀκαθάρτῳ.

226 3539 316 3585 Καὶ
356 3532 667 3607 ἀμφοτέροις
709 3537 812 3609 γὰρ
872 3533 1102 3607 ἇπέταξε,
1157 3547 1230 3610 τῷ
1288 3536 1703 3616 δαιμονιζομένῳ
1731 3544 1823 3615 μεν

227 3630 520 3692 σωφρονεῖν,
549 3632 622 3695 τῷ
650 3620 866 3697 δαίμονι
893 3620 953 3678 δὲ
983 3635 1180 3698 φυγεῖν.

287 3716 387 3764 Καὶ
443 3742 517 3752 -
567 3710 772 3773 ἐκείνης.
849 3720 1030 3768 Ταῦτα
1101 3719 1194 3789 μὶν
1269 3726 1431 3792 σαφῆ.
1495 3725 1713 3796 Δαίμονι
1765 3717 1824 3776 δὲ

221 3799 388 3871 ἁλαλῳ
464 3804 556 3852 καὶ
642 3809 799 3875 κωφῷ
875 3807 1160 3877 κατέχεται
1244 3811 1333 3860 κάὶ
1406 3816 1509 3872 πᾶς
1595 3811 1622 3863 ὁ
1697 3815 1825 3884 μήτε

219 3888 371 3960 λέγων
429 3894 563 3961 μήτε
647 3889 847 3944 ἁκούων
918 3895 985 3946 τὰ
1062 3896 1174 3948 θεῖα
1245 3896 1417 3969 λόγια.
1497 3898 1688 3953 Ῥίπτει
1765 3897 1825 3954 δε

216 3983 398 4030 τοῦτον
449 3979 477 4030 ὁ
538 3974 742 4051 δαίμων
803 3983 927 4034 ποτε
983 3985 1076 4056 μεν
1123 3984 1196 4048 εἰς
1243 3988 1303 4039 τὸ
1356 3993 1458 4062 πῦρ
1513 3997 1604 4042 τοῦ
1655 3992 1822 4064 θυμοῦ

215 4073 442 4128 καὶτῆς
496 4065 788 4142 ἐπιθυμίας,
845 4074 968 4125 ποτε
1025 4068 1086 4126 δὲ
1128 4073 1201 4137 εἰς
1256 4078 1315 4128 τὸ
1346 4073 1490 4153 ὕδωρ
1544 4087 1634 4140 τῆς
1661 4079 1824 4144 ζάλης

214 4166 312 4209 τῶν
342 4157 515 4210 ἄλλων
553 4167 752 4219 παθῶν.

281 4340 417 4390 Τότε
449 4366 519 4376 -
569 4337 732 4409 ὑμῶν.
791 4340 1005 4412 Μάρκος
1063 4336 1123 4394 δέ
1169 4361 1350 4414 φησιν,
1407 4345 1487 4398 ὅτι
1531 4347 1824 4402 εισελθὸντοι

211 4426 370 4478 αὐτὸν
417 4426 486 4486 εἰς
526 4423 664 4478 οἶκον
714 4424 1085 4502 ἐπηρώτησαν.
1175 4432 1440 4507 Ἐρωτῶσι
1498 4433 1576 4503 δὲ,
1633 4437 1820 4510 φοϐού-

212 4533 377 4585 μενοι,
432 4517 636 4586 μήποτε
689 4514 957 4569 ἀπώλεσαν
1036 4521 1098 4577 ἤν
1153 4519 1332 4574 ἔλαϐον
1385 4522 1626 4588 ἐξουσίαν
1687 4532 1823 4583 κατὰ

212 4605 519 4676 πνευμάτων
574 4602 900 4677 ἀκαθάρτων.
953 4604 1014 4659 Ὁ
1071 4603 1130 4660 δὲ
1182 4615 1409 4685 Χριατός
1459 4613 1669 4669 ἐνώπιον
1729 4620 1819 4691 μὲν

217 4699 312 4743 τοῦ
354 4693 582 4755 πλήθους
623 4701 684 4766 τῇ
743 4691 966 4767 ἀπιστίᾳ
1004 4696 1094 4749 τού
1125 4707 1550 4773 προσενεγκόντος
1597 4710 1691 4765 τήν
1743 4707 1822 4760 αἰ-

216 4785 332 4832 τίαν
390 4780 688 4853 ἐλογίσατο·
771 4783 882 4836 κατ’
945 4780 1086 4837 ἰδίαν
1155 4784 1214 4840 δε
1262 4793 1354 4849 τήν
1420 4801 1520 4844 τῶν
1573 4797 1819 4868 μαθητῶν

215 4869 467 4922 ἀπιστίαν
525 4870 786 4932 αἰτιᾶται,
853 4877 950 4927 Καὶ
1025 4877 1125 4950 γὰρ
1187 4882 1274 4931 καὶ
1326 4879 1487 4950 οὗτοι,
1569 4888 1671 4958 πρὸ
1725 4896 1822 4950 τῆς

215 4957 603 5036 ἐπιχειρήσεως
678 4959 1078 5033 ἀπιστήσαντες,
1151 4967 1232 5019 ὅτι
1289 4964 1534 5025 δύνανται
1579 4976 1666 5028 τὸν
1721 4978 1821 5030 κοξ-

2007 1953 2167 2008 Vers.
2228 1957 2310 2007 17.
2373 1953 2742 2022 Respondens
2794 1987 2863 1998 —
2913 1958 3184 2018 distorta.
3238 1962 3586 2024 Generalius

1935 2040 2202 2113 increpat
2231 2045 2473 2113 propter
2496 2042 2739 2100 Judaaos
2765 2046 3067 2118 quosdam
3098 2049 3369 2109 similiter
3397 2054 3589 2113 incre-

1936 2129 2134 2196 dulos,
2162 2129 2296 2185 licet
2322 2131 2642 2188 innumera
2701 2132 3056 2206 hujusmodi
3107 2143 3584 2215 conspexissent,

1935 2233 2058 2276 non
2089 2233 2194 2290 per
2221 2219 2424 2291 ipsum
2453 2224 2704 2287 tantum,
2742 2223 2848 2280 sed
2865 2229 2921 2282 et
2947 2241 3055 2299 per
3082 2227 3412 2303 discipulos
3432 2233 3590 2293 facta

1937 2308 2246 2366 miracula.
2301 2309 2553 2368 Distorta
2603 2316 2827 2380 autem,
2880 2314 2944 2372 id
2973 2321 3063 2374 est
3114 2323 3405 2392 tortuosa,
3464 2339 3590 2383 non

1935 2401 2094 2454 recte
2129 2395 2484 2468 intelligens.

2008 2575 2168 2632 Vers.
2196 2576 2280 2632 17.
2317 2577 2623 2650 Quousque
2647 2609 2716 2620 --
2741 2595 2840 2637 vos
2878 2581 2908 2637 7
2941 2583 3307 2657 Indignatur,
3339 2593 3396 2647 et
3433 2606 3592 2650 mor-

1939 2666 2055 2720 tem
2085 2665 2322 2738 quaerit,
2368 2681 2436 2722 eo
2472 2667 2639 2740 quod
2672 2673 2869 2729 essent
2909 2670 3025 2744 ipsi
3077 2674 3425 2736 infidelitate
3479 2679 3590 2739 im-

1937 2753 2342 2811 medicabiles.

2008 2841 2174 2899 Vers.
2214 2844 2306 2901 17.
2333 2844 2558 2916 A/ferte
2577 2876 2648 2888 —
2677 2845 2804 2904 huc.
2836 2851 2919 2906 Ne
2965 2850 3096 2924 ipse
3123 2868 3368 2928 quoque
3392 2856 3587 2932 impo-

1935 2934 2066 2989 tens
2119 2933 2405 2998 videatur,
2470 2935 2631 3008 ejicit
2705 2937 3092 2998 daimonium.
3143 2942 3322 3002 Jubet
3386 2952 3590 3006 autem

1935 3021 2154 3080 adduci
2169 3023 2635 3095 daemoniacum,
2656 3031 2718 3085 ut
2737 3029 3058 3090 manifesta
3075 3032 3184 3090 ﬁat
3197 3051 3307 3092 sua
3329 3039 3593 3108 potentia

1932 3111 2028 3168 his
2048 3112 2151 3184 qui
2177 3113 2358 3170 etiam
2381 3113 2581 3186 ipsum
2624 3113 3011 3188 impotentem
3038 3136 3168 3178 esse
3199 3125 3516 3196 putabant.

1861 3225 1902 3282 ρ
2005 3200 2169 3257 Vers.
2194 3201 2281 3257 18.
2307 3202 2388 3259 Et
2414 3233 2482 3244 —
2504 3205 2670 3260 Iesu:
2719 3209 2837 3263 Hoc
2866 3213 2974 3276 est,
3029 3214 3330 3284 praecepit.
3363 3217 3591 3275 Marcus

1933 3293 2134 3346 autem
2160 3293 2218 3344 et
2237 3291 2425 3346 Lucas
2442 3291 2671 3358 dicunt,
2695 3295 2852 3364 quod
2880 3295 3198 3369 imperavit
3233 3301 3465 3373 spiritui
3483 3305 3591 3360 im-

1933 3378 2162 3434 mundo
2180 3379 2248 3433 ¹⁷.
2266 3379 2571 3449 Siquidem
2591 3381 2825 3454 utrique
2846 3383 3166 3456 imperavit
3186 3408 3199 3442 :
3220 3388 3590 3451 daamoniaco

1932 3468 2176 3541 quidem
2206 3471 2268 3524 ut
2293 3469 2682 3541 resipisceret,
2715 3471 3127 3532 daemonivero
3147 3479 3591 3550 utt’ugeretJlic

1932 3555 2092 3612 enim
2125 3557 2376 3614 verbum
2399 3557 2682 3631 ἐπετίμησε
2725 3560 2886 3619 idem
2927 3563 3222 3636 significat
3245 3569 3411 3641 quod
3430 3587 3593 3641 prae-

1931 3645 2072 3718 θερίι
2097 3645 2210 3719 (θ’)-

2005 3737 2162 3791 Vers.
2197 3739 2278 3792 18.
2317 3735 2397 3792 Et
2427 3766 2490 3778 —
2515 3736 2645 3795 illa.
2681 3741 2814 3796 Haec
2869 3747 3024 3800 certe
3071 3746 3393 3806 manifesta
3431 3753 3588 3808 sunt.

1936 3825 2148 3882 Verum
2179 3841 2216 3881 a
2243 3824 2516 3884 daemone
2547 3843 2787 3901 quoque
2821 3837 2986 3889 muto
3014 3838 3071 3890 et
3101 3835 3286 3894 surdo
3329 3839 3590 3910 posside-

1934 3917 2048 3979 tur,
2092 3915 2360 3988 quisquis
2402 3931 2525 3973 non
2562 3918 2827 3990 loquitur
2888 3936 3084 3996 neque
3133 3925 3301 3984 audit
3352 3928 3592 3986 divinos

1933 4018 2260 4060 sermones.
2312 4004 2482 4061 Hunc
2539 4011 2739 4064 autem
2771 4010 3004 4084 projicit
3047 4011 3464 4078 daemonium:
3508 4019 3592 4076 in-

1932 4093 2169 4148 terdum
2210 4091 2458 4166 quidem
2487 4094 2545 4151 in
2574 4095 2777 4166 ignem
2809 4097 2911 4155 iras
2964 4105 3020 4158 et
3075 4106 3590 4176 concupiscentia,

1931 4180 2233 4238 interdum
2289 4197 2433 4238 vero
2483 4183 2544 4239 in
2602 4201 2826 4259 aquam
2877 4192 3300 4250 commotionis
3335 4194 3590 4253 aliarum

1933 4269 2344 4327 aﬁ‘ectionum.

2003 4357 2167 4414 Vers.
2205 4361 2288 4414 t9.
2317 4359 2470 4416 Tunc
2495 4390 2566 4402 —
2589 4362 2752 4418 Vers.
2779 4368 2868 4421 '20.
2897 4373 3170 4426 vestram.
3197 4371 3425 4428 Marcus
3447 4388 3590 4431 vero

1931 4445 2163 4511 dixit“,
2182 4447 2496 4520 quodcum
2510 4449 2640 4522 ipse
2663 4452 2915 4510 domum
2932 4455 3233 4527 ingressus
3246 4466 3403 4517 esset
3417 4463 3594 4519 inter-

1852 4575 1901 4634 Β
1929 4541 2310 4607 rogaverunt.
2333 4535 2934 4611 InterrOgantautem,
2953 4545 3216 4606 timentes
3231 4565 3299 4606 ne
3313 4548 3594 4624 forteper-

1931 4624 2189 4682 diderint
2201 4641 2378 4697 quam
2395 4632 3026 4698 acceperantvirtutem
3042 4636 3334 4694 adversus
3347 4640 3591 4712 spiritus

1931 4714 2296 4770 immundos.
2313 4714 2532 4772 Verum
2545 4716 2806 4774 Christus
2819 4735 3007 4777 coram
3022 4725 3394 4785 multitudine
3407 4729 3593 4786 incre-

1931 4803 2238 4860 dulitatem
2249 4803 2546 4861 offerentis
2558 4822 2666 4878 pro
2679 4823 2863 4864 causa
2872 4811 3344 4874 redditzseorsim
3359 4835 3496 4876 vero
3509 4819 3594 4876 di-

1931 4891 2291 4965 scipulorum
2304 4900 2598 4968 causatur,
2614 4895 2889 4954 increduli
2901 4905 3086 4957 tatem.
3101 4906 3319 4961 Etenim
3344 4907 3406 4964 hi
3423 4908 3592 4966 etiam

1933 4980 2291 5054 priusquam
2315 4983 2800 5056 aggrederentur,
2825 4985 3196 5062 difﬁdebant,
3221 5011 3283 5052 se
3308 5011 3490 5069 posse
3507 4999 3592 5057 la-

286 5137 658 5206 "Marc.1x,
701 5139 900 5205 17,25.
984 5143 1030 5179 ¹⁶
1060 5144 1234 5203 Marc.
1267 5162 1346 5215 1x,
1386 5149 1449 5206 t9
1479 5167 1647 5226 seqq.
1726 5157 1771 5192 ¹⁷
1805 5159 1974 5216 Marc.
2015 5175 2094 5228 ix,
2125 5160 2192 5217 25
2226 5161 2504 5234 ;Luc.ix,
2557 5167 2648 5222 42.
2725 5166 2774 5203 ιε
2832 5169 3008 5228 Marc.
3055 5187 3125 5241 ix,
3169 5175 3259 5232 28.

1454 5328 1674 5401 Variae
1711 5332 2038 5406 lectiones
2071 5348 2137 5407 et
2165 5349 2372 5409 notae.

297 5516 412 5589 (52)
445 5509 730 5573 ἒπίστευεν.
773 5521 836 5571 Α.

2009 5535 2123 5606 (53)
2155 5538 2261 5591 Καί
2289 5539 2426 5594 ante
2444 5533 2559 5606 διά,
2589 5537 2756 5596 addit
2778 5542 2842 5596 Α.

409 5696 514 5754 Hic
538 5696 682 5754 enim
710 5725 781 5738 —
803 5697 962 5768 quod
979 5704 1280 5774 praecepit.
1307 5705 1412 5763 Mei
1442 5706 1679 5768 codices
1701 5711 1816 5770 hoc
1846 5727 1966 5773 non
2002 5719 2353 5788 agnoscunt.
2382 5717 2592 5775 Nescio
2631 5733 2710 5776 an
2751 5718 2826 5776 de
2874 5736 2986 5777 suo
3030 5723 3334 5782 addiderit
3391 5727 3594 5783 ﬂente-

218 5783 381 5826 ιιιιιε.

585 5856 826 5917 Panos.
872 5855 979 5917 Gn.
1023 5859 1271 5922 CXXIX.

3211 5885 3276 5940 16
