4176 6490
645 417 741 475 491

1953 417 2296 475 EUTHYMII
2347 415 2702 474 ZAGABENI

3917 417 4024 476 492

640 543 946 600 borantem
961 557 1169 597 curare
1195 558 1344 608 cum,
1364 547 1558 599 tamen
1575 544 1723 600 alios
1741 543 1952 599 multos
1966 545 2257 597 curassent

2367 561 2588 612 ημνοντα
2642 543 2976 615 θεραπεύσαι,
3025 545 3204 595 καίτοι
3263 541 3482 606 πολλούς
3524 539 3708 604 ἄλλους
3760 542 4014 614 θεραπεύ-

639 639 694 688 et
719 634 796 688 ita
817 649 952 687 cum
977 639 1354 698 conarentur,
1387 650 1503 689 non
1528 641 1865 706 potuerunt.
1901 633 2122 704 Optime
2148 645 2290 697 ergo

561 780 566 786 ,
637 737 839 777 coram
857 722 1056 776 multis
1074 722 1390 777 multorum
1404 723 1875 778 incredulitatem
1892 719 2288 792 reprehendit,

637 813 880 866 semotis
911 817 1111 866 autem
1133 811 1367 866 arbitris
1385 828 1627 868 suorum
1650 811 2062 867 difﬁdentiam.
2091 812 2286 878 Neque

635 900 793 954 enim
842 916 1030 971 {equm
1083 906 1228 963 erat,
1277 904 1342 955 ut
1388 916 1594 955 coram
1647 900 1848 955 multis
1897 897 2284 954 confunderet

632 1003 984 1044 communes
1018 988 1180 1044 orbis
1197 994 1604 1060 praeceptores.

705 1076 867 1132 Vers.
910 1076 979 1132 20
1032 1079 1213 1132 Amen
1275 1109 1342 1117 --
1393 1077 1689 1133 transibit.
1746 1078 1944 1132 Fidem
1989 1091 2149 1130 nunc
2192 1074 2284 1129 di-

632 1167 727 1230 cit,
751 1180 871 1221 non
903 1164 977 1219 de
1001 1164 1114 1220 hoc
1139 1165 1306 1238 quod
1365 1165 1490 1238 ipse
1521 1166 1596 1222 sit
1636 1169 1806 1231 Deus,
1838 1166 1939 1221 sed
1966 1164 2043 1220 ad
2067 1163 2281 1219 facien-

631 1252 711 1309 da
755 1255 945 1324 signa.
1019 1253 1165 1308 Dicit
1199 1255 1408 1314 enim:
1473 1254 1533 1312 Si
1579 1254 1852 1311 habeatis
1897 1253 2081 1310 ﬁdem
2126 1252 2278 1308 adeo

632 1357 830 1398 acrem
861 1345 919 1397 et.
946 1342 1362 1398 vehementem
1391 1358 1461 1399 ac
1497 1341 1818 1400 ferventem
1845 1342 1994 1398 sicut
2019 1357 2274 1412 granum

632 1432 892 1504 sinapis:
923 1430 1067 1487 illud
1085 1431 1450 1488 etenimtalis
1481 1438 1566 1488 est
1594 1431 1902 1505 qualitatis
1935 1431 2275 1497 ;credentes

630 1521 761 1576 sine
792 1519 903 1575 ulla
918 1520 1308 1592 trepidatione
1329 1520 1495 1592 quod
1523 1520 1733 1576 facturi
1755 1521 1896 1577 estis
1926 1519 2117 1589 signa,
2152 1523 2276 1575 tan-

629 1614 750 1665 tam
804 1608 1099 1664 habebitis
1144 1609 1446 1680 virtutem,
1479 1614 1542 1666 ut
1587 1610 1752 1683 ipsos
1801 1610 1980 1666 etiam
2042 1614 2274 1664 montes

623 1699 1014 1764 transferatis,
1048 1698 1098 1754 si
1134 1699 1454 1756 volueritis.

693 1789 940 1843 Tantam
967 1792 1168 1843 autem
1217 1787 1400 1843 ﬁdem
1454 1788 1718 1861 aliquem
1757 1787 1999 1855 habere,
2039 1787 2274 1844 videtur

2401 649 2600 697 σαντες,
2649 630 2826 683 λοιπον
2880 627 3002 683 οὐδε
3033 633 3164 702 μετὰ
3211 635 3306 689 τήν
3357 631 3695 704 ἐπιχείρησιν
3736 627 4010 689 ἠδυνήθη-

2399 736 2514 772 σαν.
2572 717 2801 792 Ἀριστα
2848 725 3016 771 τοίνυν
3078 718 3290 772 ἐνώπιον
3351 725 3441 794 μὲν
3490 720 3688 774 πολλῶν
3747 725 3840 778 τὴν
3904 727 4008 771 τῶν

2394 807 2589 860 πολλῶν
2660 810 2909 862 ἀπιστίαν
2991 806 3222 883 διέσυρε,
3299 807 3543 862 κατιδίαν
3611 807 3670 864 δε
3754 814 3845 867 τὴν
3902 818 4004 860 τῶν

2395 893 2564 950 ἰδίων.
2622 899 2732 950 Ούκ
2782 896 2841 957 ἦν
2891 903 2991 970 γὰρ
3026 899 3158 960 εἰκὸς
3191 897 3272 952 ἐπὶ
3306 899 3502 952 πολλῶν
3542 899 4002 970 καταισχύνεσθαι

2392 990 2506 1046 τούς
2535 992 2732 1048 κοινούς
2759 984 3122 1048 διδασκάλους
3151 996 3244 1059 τῇς
3279 989 3597 1060 οἰκουμένης.

2461 1074 2630 1147 Ἀμην
2678 1107 2745 1118 -—
2792 1075 3173 1148 μεταϐήσεται.
3227 1081 3414 1130 Πίστιν
3463 1077 3599 1149 λέγει
3650 1083 3738 1128 νῦν
3785 1075 3843 1128 ού
3898 1081 3996 1134 τὴν

2387 1168 2619 1237 περὶτοῦ
2665 1162 2793 1216 εἶναι
2845 1165 3000 1217 αὑτὸν
3031 1168 3181 1234 Θεὸν,
3228 1165 3358 1224 ἠλλὰ
3408 1171 3500 1224 τὴν
3540 1169 3653 1240 περὶ
3705 1172 3796 1216 τοῦ
3827 1172 3995 1216 ποιεῖν

2389 1260 2600 1323 σημεῖα.
2655 1258 2791 1312 Φησὶ
2815 1256 2938 1330 γάρ.
2968 1255 3087 1308 Ἐὰν
3127 1258 3287 1326 ἔχητε
3316 1260 3497 1307 πίστιν
3540 1255 3675 1308 ούτω
3724 1249 3990 1326 δριμεῖαν,

2383 1346 2473 1392 καὶ
2537 1339 2793 1415 σφοδρὰν,
2859 1349 2947 1395 καὶ
3006 1345 3220 1418 θερμήν,
3308 1346 3378 1408 ὡς
3452 1349 3636 1397 κόκκον
3698 1345 3988 1405 συνάπεως·

2381 1433 2629 1494 τοιαύτης
2689 1435 2791 1506 γὰρ
2877 1437 3149 1496 ποιότητος
3219 1433 3389 1494 οὗτος⁶
3457 1436 3789 1493 πιστεύοντες
3854 1431 3995 1485 ἀνεν-

2382 1516 2664 1585 δοιάστως,
2720 1523 2801 1574 ὅτι
2880 1527 3126 1580 ποιήσετε
3195 1530 3408 1595 σημεῖα,
3482 1523 3801 1580 τηλικαύτην
3851 1521 3992 1584 ἕξετε

2383 1605 2626 1680 δύναμιν,
2719 1611 2786 1673 ὡς
2870 1615 2959 1664 καὶ
3064 1611 3197 1664 αὐτὰ
3297 1614 3361 1664 τὰ
3445 1616 3539 1685 ὅρη
3611 1613 3882 1685 μεθιστᾷν,
3944 1611 3992 1664 εἰ

2381 1695 2654 1769 βούλεσθε.

2449 1790 2519 1839 Τὸ
2573 1785 2633 1839 ὸε
2661 1790 2903 1846 τοιαύτην
2955 1794 3128 1842 πίστιν
3176 1791 3317 1861 ἔχειν
3356 1791 3471 1841 τινὰ
3519 1785 3667 1842 δοκεῖ
3706 1791 3797 1862 μεν
3833 1788 3984 1860 εύχε-

619 1875 862 1949 quidem
894 1875 1083 1942 facile,
1137 1879 1228 1932 est
1275 1881 1476 1932 tamen
1518 1876 1697 1934 etiam
1727 1876 2028 1932 excelsum
2071 1875 2257 1932 valde.

2377 1878 2481 1949 ρὶς,
2520 1877 2636 1929 ἔστι
2672 1872 2731 1929 δε
2766 1882 2855 1930 καὶ
2905 1878 3020 1930 λίαν
3071 1876 3290 1949 ὑψηλόν.
3349 1883 3590 1930 Γεννᾶται
3646 1880 3736 1950 μεν
3792 1879 3893 1950 γὰρ
3924 1880 3979 1929 ἐκ

619 1965 887 2021 Nascitur
909 1965 1206 2037 siquidem
1237 1981 1310 2021 ex
1362 1965 1628 2022 libertate
1654 1966 1731 2022 ad
1783 1969 1966 2021 Deum
2003 1982 2268 2022 :rursum

620 2053 752 2110 talis
783 2054 1025 2109 libertas
1067 2059 1153 2110 est
1185 2070 1256 2110 ex
1285 2062 1481 2111 mente
1514 2055 1742 2128 placide
1772 2057 2105 2128 composita
2138 2057 2265 2127 (gg).

619 2146 716 2200 Est
744 2150 941 2202 autem
968 2146 1169 2214 magni
1199 2145 1537 2202 certaminis
1562 2163 1636 2202 ex
1657 2147 2050 2218 placabilitate
2068 2147 2270 2218 acqui-

615 2250 742 2289 rere
757 2234 931 2290 talem
948 2250 1089 2304 erga
1105 2234 1290 2289 Deum
1315 2234 1669 2298 libertatem,
1689 2242 1750 2289 ut
1766 2235 1970 2290 credat
1985 2235 2144 2289 illum
2165 2235 2267 2290 da-

615 2327 814 2379 turum
846 2323 1140 2396 quidquid
1157 2325 1583 2396 postulabitur.
1619 2327 1826 2389 Petita,
1857 2324 2064 2394 inquit,
2085 2330 2139 2380 et
2165 2325 2268 2380 da-

619 2411 775 2467 bitur
796 2413 947 2468 vobis
966 2414 1036 2466 η.

687 2502 850 2566 Quod
865 2501 906 2555 si
929 2500 1129 2572 palam
1145 2515 1261 2554 non
1291 2499 1558 2555 fecerunt
1580 2501 2006 2569 transmigrare
2035 2509 2266 2558 montes

615 2588 892 2659 apostoli,
925 2603 998 2642 ne
1028 2589 1258 2642 mireris
1289 2609 1302 2640 :
1328 2604 1448 2643 non
1476 2587 1638 2643 enim
1660 2588 1775 2643 hoc
1808 2589 1941 2644 ideo
1972 2589 2079 2644 fuit
2101 2590 2263 2662 quod

592 2691 731 2731 ‘non
773 2682 1036 2748 possent,
1061 2675 1167 2730 sed
1224 2676 1368 2748 quia
1427 2675 1768 2742 noluerunt,
1812 2683 2012 2750 utpote
2059 2679 2264 2750 hujus-

615 2765 773 2819 modi
789 2765 1138 2819 necessitate
1158 2770 1261 2819 aut
1277 2765 1520 2822 utilitate
1533 2782 1660 2820 sese
1674 2766 1781 2821 illis
1801 2783 1920 2822 non
1941 2767 2224 2825 offerente
2245 2788 2258 2825 :

610 2859 748 2925 post
775 2853 886 2908 hos
900 2867 1165 2924 namque
1179 2855 1368 2909 sancti
1397 2854 1497 2910 alii
1527 2855 1813 2927 apostolis
1842 2857 2259 2926 longeinferio-

610 2959 702 2997 res
732 2947 974 3011 urgente
994 2943 1344 2999 necessitate
1361 2949 1596 3001 montes
1621 2945 1956 3018 demigrare
1972 2947 2256 3013 fecerunt,

604 3031 776 3102 juxta
810 3031 1174 3088 Dominicam
1199 3033 1574 3090 sententiam.
1594 3036 1783 3090 Potest
1811 3050 2051 3107 quoque
2080 3051 2256 3093 mons

607 3119 720 3175 dici
734 3119 1010 3176 diabolus
1021 3125 1264 3194 propter
1279 3121 1575 3192 opinionis
1588 3138 1712 3178 sua:
1726 3124 2064 3190 elationem,
2083 3141 2256 3198 quem

2376 1964 2676 2039 παρρησίας
2721 1975 2818 2027 τῆς
2873 1971 2998 2041 πρὸς
3044 1972 3196 2020 Θεὸν·
3268 1968 3298 2024 ἠ
3379 1962 3439 2020 δε
3509 1969 3723 2025 τοιαύτη
3781 1965 3979 2041 παρῥη-

2380 2058 2471 2106 σία
2511 2055 2664 2106 πάλιν
2720 2054 2775 2118 έξ
2815 2055 3215 2128 εύαλοεστήσεως·
3281 2053 3522 2126 Μεγάλου
3579 2057 3692 2128 (54)
3744 2052 3804 2108 δὲ
3847 2053 3985 2126 ἀγῶ-

2375 2161 2460 2204 νος
2493 2147 2550 2195 τό
2593 2140 2666 2196 δι’
2721 2143 3105 2218 εὐαρεστήσεως
3166 2146 3473 2203 κτήσασθαι
3524 2143 3825 2220 παρῥησίαν
3856 2148 3983 2216 πρὸς

2376 2234 2462 2283 τὸν
2521 2235 2648 2285 Θεὸν
2719 2235 2986 2297 τοιαύτην,
3053 2234 3186 2285 ὥστε
3247 2236 3508 2286 πιστεύειν
3599 2232 3842 2306 βεϐαίως,
3901 2235 3983 2285 ὅτι

2378 2316 2542 2372 δώσει
2597 2327 2697 2374 πᾶν
2757 2325 2813 2375 τὸ
2867 2321 3185 2396 αἰτούμενον.
3241 2322 3446 2378 Αἰτεῖτε
3510 2325 3635 2398 γὰρ,
3687 2327 3837 2396 φησι,
3891 2327 3980 2374 καὶ

2378 2404 2665 2468 δοθήσεται
2696 2411 2843 2483 ύμῖν.

2447 2498 2508 2550 Εἰ
2552 2496 2611 2551 δὲ
2672 2504 2743 2572 μὴ
2795 2501 3082 2571 μετέθηκαν
3140 2504 3232 2574 ὄρη
3293 2506 3512 2572 φανερῶς
3563 2499 3612 2550 οἱ
3665 2495 3966 2567 ἀπόστολοι,

2372 2592 2444 2659 μὴ
2487 2589 2764 2661 θαυμάσῃς
2819 2606 2833 2618 ·
2889 2588 2948 2642 ού
2976 2592 3079 2664 γὰρ
3119 2591 3182 2650 ὡς
3235 2591 3305 2660 μη
3367 2583 3691 2652 δυνηθέντες,
3745 2583 3852 2637 ἀλλ’
3907 2588 3977 2645 ὡς

2369 2680 2443 2748 μὴ
2499 2675 2856 2748 βουληθέντες,
2898 2677 2988 2732 άτε
3036 2682 3108 2750 μὴ
3164 2680 3346 2750 χρείας
3400 2677 3645 2736 τοιαύτης
3695 2679 3982 2748 γενομένης

2370 2765 2568 2826 αὐτοῖς.
2635 2769 2780 2819 Μετὰ
2817 2769 3034 2829 τούτους
3081 2769 3183 2840 γὰρ
3215 2784 3344 2826 τινες
3390 2763 3554 2837 ἅγιοι,
3599 2766 3795 2817 τούτων
3825 2762 3976 2816 ὶλάτ-

2368 2873 2490 2918 τους
2559 2855 2750 2928 πολλῷ,
2834 2860 3020 2932 χρείας
3087 2853 3430 2920 ἐπιτεθείσης,
3489 2858 3812 2928 μετέστησαν
3874 2857 3968 2926 ὅρη

2367 2945 2504 2997 κατὰ
2546 2949 2639 3004 τὴν
2679 2950 2996 3003 Δεσποτικην
3049 2942 3332 3017 ἀπόφασιν.
3382 2947 3476 3002 Εἶη
3516 2941 3568 2997 δ’
3616 2946 3676 2996 ἄν
3721 2948 3838 3018 ὅρος
3877 2947 3967 2996 καὶ

2367 3034 2394 3086 ὁ
2425 3030 2668 3096 διάϐολος
2715 3030 2812 3088 διὰ
2860 3039 2954 3094 την
3010 3036 3229 3107 ἔπαρσιν
3283 3041 3374 3095 τῆς
3426 3033 3662 3100 οἰήσεως,
3723 3033 3776 3086 ὃν
3820 3031 3968 3104 εύχε-

2366 3132 2466 3195 ρῶς
2493 3125 2542 3176 οἱ
2571 3123 2716 3196 ἅγιοι
2745 3130 3129 3196 μετακινοῦσιν,
3160 3125 3244 3176 ὅτε
3272 3127 3363 3175 καὶ
3394 3121 3694 3196 βούλονται.

605 3209 775 3265 facile
793 3210 980 3267 sancti
1009 3226 1166 3268 asua
1182 3211 1324 3267 sede
1336 3219 1740 3276 commovent,
1755 3215 2005 3285 quando
2025 3215 2255 3272 volunt.
2295 3241 2337 3293 ο

675 3301 835 3354 Vers.
866 3303 954 3356 20.
979 3301 1054 3356 Et
1081 3331 1151 3340 -
1189 3300 1365 3357 vobis.
1399 3303 1524 3356 Non
1558 3301 1776 3367 solum,
1813 3302 2027 3376 inquit,
2086 3319 2286 3361 mon-.

603 3392 690 3442 tes
723 3388 1102 3456 transferetis,
1127 3389 1250 3445 imo
1281 3389 1425 3444 nihil
1454 3390 1635 3446 etiam
1689 3388 1853 3445 aliud
1886 3391 2256 3464 impossibile

600 3479 706 3533 erit
729 3477 920 3533 vobis.

670 3586 828 3640 Vers.
881 3586 968 3638 2t.
1042 3585 1263 3638 Hoc—
1298 3584 1609 3652 jejunium.
1658 3583 1852 3641 Genus
1906 3586 2252 3645 dtemonum

603 3675 880 3726 omnium
913 3687 1032 3726 non
1066 3672 1183 3726 alio
1240 3672 1419 3726 modo
1458 3671 1780 3742 egreditur,
1833 3675 1936 3730 nisi
1991 3694 2091 3748 per
2119 3695 2251 3735 ora-

572 3760 821 3814 ‘tionem
852 3759 1220 3829 etjejunium
1255 3774 1409 3814 :non
1425 3759 1622 3816 solum
1639 3762 1772 3833 ejus
1789 3766 1891 3836 qui
1923 3773 2114 3831 sanat,
2146 3767 2250 3824 sed

599 3848 728 3918 ejus
759 3847 931 3902 etiam
963 3847 1065 3918 qui
1127 3848 1372 3919 patitur.
1422 3849 1618 3906 Oratio
1656 3852 1952 3924 siquidem
1990 3854 2250 3923 daemoni

599 3937 930 3992 admodum
959 3936 1228 3991 terribilis
1259 3941 1363 3993 est.
1392 3937 1554 3994 Hanc
1581 3946 1778 3996 autem
1799 3941 2102 4000 fortiorem
2119 3945 2249 4002 red-

597 4025 700 4090 dit,
735 4030 791 4080 et
822 4023 993 4078 valde
1020 4030 1319 4096 potentem
1350 4025 1860 4099 efficitjejuuium,
1889 4045 2007 4085 non
2041 4031 2246 4090 sinens

569 4113 862 4187 corporis
890 4115 1215 4169 satietatem
1261 4116 1556 4171 remittere
1606 4116 1970 4185 ﬁrmitatem,
2033 4127 2134 4178 aut
2160 4124 2245 4180 fu-

595 4220 725 4258 mos
757 4202 884 4273 (hh)
915 4203 1017 4276 qui
1053 4205 1127 4258 ab
1158 4219 1230 4258 ea
1261 4203 1596 4260 ascendunt
1646 4208 1884 4264 turbare
1913 4211 2242 4279 cerebrum,

592 4299 974 4365 mentemque
989 4291 1355 4347 confundere
1371 4309 1383 4346 :
1401 4293 1598 4365 itaque
1617 4311 1860 4368 corpore
1883 4298 2072 4368 ﬁrmo,
2088 4319 2245 4357 men-

589 4388 762 4456 teque
782 4383 909 4436 sine
922 4381 1306 4436 distractione
1323 4387 1628 4453 operante,
1654 4387 2060 4444 vehementius
2083 4391 2242 4460 igne,

551 4476 558 4480 '
587 4473 871 4543 omnique
903 4486 964 4524 re
997 4468 1315 4524 terribilius
1374 4474 1639 4529 ascendit
1704 4477 1894 4532 oratio
1927 4494 1940 4542 ;
1973 4478 2107 4534 ideo
2139 4481 2243 4534 has

585 4575 822 4630 semper
852 4559 1202 4628 conjunctas
1231 4573 1360 4613 esse
1385 4569 1638 4632 oportet.

660 4649 818 4703 Vers.
846 4647 934 4703 22.
971 4647 1111 4702 Cum
1135 4654 1336 4704 autem.
1394 4659 1769 4707 versarentur
1822 4683 1892 4693 —
1931 4653 2088 4710 Vers.
2148 4661 2236 4714 23.

585 4737 965 4794 vehementer.
1002 4736 1311 4810 Discipulis
1352 4739 1425 4795 de
1457 4741 1545 4795 sui
1577 4740 1872 4796 occisione
1904 4741 2239 4815 frequenter

545 4831 550 4834 ’
583 4827 866 4900 praedicit,
890 4831 955 4884 ut
994 4829 1422 4902 praeexercitati
1487 4830 1833 4885 monitionis
1885 4831 2228 4907 frequentia,

581 4917 751 4973 facile
779 4917 971 4974 ferant
991 4935 1130 4974 cum
1161 4917 1441 4975 acciderit
1461 4933 1476 4984 ;
1496 4923 1571 4982 et,
1591 4922 1654 4974 ut
1678 4935 1792 4975 uno
1810 4921 1992 4979 verbo
2007 4923 2228 4993 dicam,

579 5011 819 5080 propter
839 5023 1080 5066 causam
1097 5024 1285 5082 quam
1315 5006 1614 5064 tricesimo
1643 5010 1807 5065 tertio
1834 5012 2024 5084 capite
2051 5015 2230 5072 tradi-

651 5135 695 5169 "
736 5134 937 5213 Matth,
969 5151 1072 5210 vti,
1099 5136 1154 5190 7.

2441 3305 2543 3355 Καὶ
2572 3332 2640 3342 --
2695 3301 2839 3374 ύμῖν·
2897 3300 2972 3353 Ού
3025 3304 3178 3373 μόνον
3226 3304 3319 3374 ὅρη
3357 3305 3732 3372 μεταστήσετε,
3783 3305 3964 3372 φησὶν,

2367 3389 2496 3443 ἀλλὰ
2531 3394 2622 3443 καὶ
2647 3385 2798 3444 ούδιν
2836 3392 3005 3465 ἕτερον
3031 3386 3287 3443 ἀδύνατον
3317 3391 3465 3444 ἔσται
3494 3391 3636 3462 ύμῖν.

2434 3593 2598 3640 Τοῦτο
2647 3618 2714 3627 -
2746 3589 2980 3658 νηστείᾳ,
3025 3588 3096 3638 Τὸ
3142 3587 3286 3656 γένος
3330 3594 3431 3638 τῶν
3472 3581 3732 3656 δαιμόνων
3760 3584 3968 3636 πὰντων

2360 3674 2454 3727 ούκ
2496 3674 2827 3750 έκπορεύεται
2875 3674 3056 3748 ἑτέρως
3097 3675 3141 3726 εί
3186 3677 3260 3744 μὴ
3315 3672 3365 3724 ἓν
3420 3679 3694 3745 προσευχῇ
3743 3675 3832 3722 καὶ
3877 3691 3969 3730 νη-

2363 3769 2510 3836 στείᾷ
2537 3765 2596 3816 ού
2625 3771 2777 3838 μονον
2801 3771 2893 3816 τοῦ
2925 3764 3306 3836 θεραπεύοντος,
3337 3757 3466 3811 ἀλλὰ
3489 3763 3577 3810 καὶ
3605 3766 3697 3809 τοῦ
3719 3761 3966 3827 πάσχον-

2359 3873 2466 3922 τος,
2497 3859 2586 3906 καὶ
2616 3853 2805 3928 μᾶλλον
2847 3860 2938 3906 τοῦ
2966 3852 3286 3922 πάσχοντος.
3326 3847 3389 3902 Ἡ
3429 3850 3517 3920 μὲν
3545 3849 3645 3920 γὰρ
3672 3853 3955 3921 προσευχή

2361 3940 2568 4018 σφόδρα
2605 3942 2795 4018 φοϐερὰ
2839 3949 2913 4013 τῷ
2953 3937 3164 4013 δαίμονι
3195 3955 3209 3969 ⁸
3255 3940 3449 3997 ταύτην
3498 3933 3558 3988 δε
3585 3937 3828 4011 κρατύνει
3865 3941 3965 3990 καὶ

2359 4029 2585 4106 δυναμοῖ
2632 4032 2746 4084 λίαν
2805 4033 2834 4090 ἡ
2886 4034 3120 4095 νηστεία,
3175 4030 3246 4100 μή
3308 4025 3447 4080 ἐῶσα
3495 4029 3590 4084 τὴν
3647 4023 3965 4096 πλησμονὴν

2354 4123 2526 4195 χαλᾴν
2550 4125 2637 4174 τὸν
2675 4125 2818 4173 τόνον
2857 4127 2949 4172 τού
2985 4124 3242 4192 σώματος,
3295 4113 3434 4189 μηδὶ
3479 4119 3602 4176 τούς
3656 4112 3712 4165 ἐκ
3762 4116 3967 4178 ταύτης

2354 4209 2551 4283 ἀτμούς
2603 4208 2827 4282 ἐνοχλεῖν
2905 4215 2978 4278 τῷ
3035 4206 3312 4278 ἐγκεφάλῳ,
3403 4209 3492 4256 καὶ
3564 4207 3813 4274 συγχέειν
3879 4208 3966 4259 τὸν

2353 4308 2470 4353 νοῦν
2525 4317 2540 4331 ο
2577 4305 2668 4351 καὶ
2719 4297 2917 4364 λοιπὸν,
2991 4303 3084 4348 τοῦ
3157 4300 3394 4368 σώματος
3465 4296 3554 4366 μὲν
3609 4292 3965 4358 εύτονοῡντος.

2355 4398 2446 4442 τοῦ
2498 4396 2587 4442 νοῦ
2616 4385 2674 4441 δὲ
2747 4386 3150 4460 ἀπερισπάστως
3227 4382 3571 4456 ἕνεργοῦντος,
3631 4377 3969 4460 σφοδροτέρα

2355 4482 2518 4553 πυρὸς
2573 4483 2663 4530 καὶ
2711 4477 3034 4550 φοϐερωτέρα
3084 4475 3279 4534 παντὸς
3323 4474 3522 4525 ἄνεισιν
3564 4472 3596 4528 ἡ
3628 4479 3915 4545 προσευχὴ
3954 4494 3966 4506 ·

2272 4583 2322 4641 D
2355 4566 2440 4623 διὸ
2465 4572 2576 4642 χρὴ
2603 4567 2953 4637 συνεζεῦχθαι
2979 4565 3172 4624 ταύτας
3198 4560 3298 4618 ἀεί,

2418 4659 2902 4732 Ἀναστρεφομένων
2960 4683 3030 4693 --
3101 4647 3326 4725 σφόδραο
3407 4657 3642 4721 Συνεχῶς
3718 4651 3965 4725 προλί7⁶⁸

2347 4752 2461 4820 περὶ
2489 4756 2581 4808 τῆς
2607 4744 2916 4820 ἀναιρέσεως
2963 4740 3123 4794 αύτοῡ
3175 4745 3304 4802 τοῖς,
3359 4740 3640 4809 μαθηταῖς,
3688 4738 3800 4807 ἵνα,
3836 4760 3961 4816 προ-

2342 4838 2719 4912 γυμνασθέντες
2761 4839 2825 4906 τῇ
2876 4833 3124 4902 συνεχείᾳ
3175 4836 3266 4888 τῆς
3307 4828 3664 4900 ὑπομνήσεως,
3723 4829 3962 4905 εὐχερῶς

2341 4928 2502 4987 αὐτὴν
2554 4930 2748 5000 φέροιεν
2814 4923 3084 4995 γινομένην
3134 4935 3148 4949 ⁸
3215 4921 3305 4969 καὶ
3352 4915 3522 4977 ἁπλῶς
3595 4915 3789 4987 εἰπεῖν,
3869 4917 3960 4974 διὰ

2337 5023 2431 5077 τὴν
2485 5015 2678 5081 αἰτίαν,
2736 5016 2798 5071 ἣν
2863 5004 3314 5085 παραδεδώκαμεν
3390 5005 3441 5058 ἓν
3490 5013 3563 5076 τῷ
3645 5015 3957 5079 τριακοστῷ

1849 5261 2068 5331 Variae
2092 5265 2420 5356 lectiones
2451 5276 2517 5335 et
2546 5273 2724 5332 notae

645 5405 760 5474 (54)
790 5399 1027 5472 Μεγάλῃ,
1055 5398 1120 5453 Β.

641 5527 752 5597 (gg)
791 5525 888 5579 Em
947 5525 1132 5602 mente
1156 5521 1417 5602 ⁸χίλιαι-ἱεὶς
1469 5527 1818 5602 composita.
1863 5529 2217 5602 Εύαρέστησις

571 5593 808 5674 nonest
835 5609 990 5650 mens
1014 5593 1603 5674 pinguem-inposita,
1646 5599 1750 5674 sed
1803 5601 1921 5656 Deo
1970 5593 2215 5674 placens

571 5667 1187 5746 mentiscompositio.
1210 5667 1346 5746 Mox
1370 5668 1609 5746 _iterum
1659 5667 2002 5746 εὐαρέστησιῦ
2061 5674 2216 5746 male

569 5738 828 5814 reddidit
851 5738 1329 5814 plqbabititatem.
1359 5741 1646 5814 Caeterum
1675 5738 1798 5798 no'n
1832 5744 2062 5814 ignoro,
2095 5745 2215 5797 εύοι-

570 5813 870 5883 ρεστεῐσθαι
901 5811 1041 5868 alibi
1071 5828 1204 5869 esse
1243 5827 1304 5868 re
1327 5812 1525 5884 aliqua
1556 5811 1890 5871 contentum
1931 5830 2071 5880 esse,
2111 5815 2215 5873 ad-

2325 5547 2520 5603 eoque
2547 5545 2618 5587 ea
2650 5524 3106 5603 lge_ta_ri._Eo_dem
3123 5538 3307 5598 sensu
3336 5523 3558 5603 dicitur
3575 5523 3764 5603 etiam
3780 5528 3950 5603 εύαρε.

2327 5594 2539 5665 σττῐσις.
2579 5601 2693 5659 Sed
2719 5600 2818 5656 hic
2843 5598 2919 5656 de
2949 5599 3072 5654 Deo
3101 5594 3302 5652 sermo
3331 5600 3438 5663 est,
3466 5595 3562 5651 cui
3593 5594 3784 5656 homo
3810 5594 3947 5674 pro-

2323 5675 2583 5749 ba_t_ur_et
2601 5674 2824 5749 placet.

2395 5745 2529 5817 (ΙιΙι)
2571 5743 2696 5801 [ιιι
2725 5745 2942 5814 fumos.
2975 5743 3121 5805 Imo,
3153 5751 3428 5812 vapores.
