  <div class='ocr_page' id='page_1' title='image "/cluster/home/n/w/nwhite01/storage/ocr_20150623/129/hvd.32044019208511/270.png"; bbox 0 0 4176 6432; ppageno 0'>
   <div class='ocr_carea' id='block_1_1' title="bbox 219 409 330 471">
    <p class='ocr_par' dir='ltr' id='par_1_1' title="bbox 219 409 330 471">
     <span class='ocr_line' id='line_1_1' title="bbox 219 409 330 471; baseline -0.063 -1"><span class='ocrx_word' id='word_1_1' title='bbox 219 409 330 471; x_wconf 69' lang='grc'><strong>493</strong></span> 
     </span>
    </p>
   </div>
   <div class='ocr_carea' id='block_1_2' title="bbox 221 527 1903 609">
    <p class='ocr_par' dir='ltr' id='par_1_2' title="bbox 221 527 1903 609">
     <span class='ocr_line' id='line_1_2' title="bbox 221 527 1903 609; baseline -0.003 -23"><span class='ocrx_word' id='word_1_2' title='bbox 221 538 388 609; x_wconf 77' lang='grc' dir='ltr'>τρίτῳ</span> <span class='ocrx_word' id='word_1_3' title='bbox 445 533 725 606; x_wconf 81' lang='grc' dir='ltr'>κεφαλαιῳ.</span> <span class='ocrx_word' id='word_1_4' title='bbox 777 532 913 608; x_wconf 84' lang='grc' dir='ltr'>ὀρα</span> <span class='ocrx_word' id='word_1_5' title='bbox 958 541 1107 608; x_wconf 80' lang='grc' dir='ltr'>γοῦν,</span> <span class='ocrx_word' id='word_1_6' title='bbox 1159 541 1292 597; x_wconf 85' lang='grc' dir='ltr'>πῶς,</span> <span class='ocrx_word' id='word_1_7' title='bbox 1341 537 1430 586; x_wconf 82' lang='grc' dir='ltr'><strong>καὶ</strong></span> <span class='ocrx_word' id='word_1_8' title='bbox 1484 538 1575 584; x_wconf 90' lang='grc' dir='ltr'><strong>τοῦ</strong></span> <span class='ocrx_word' id='word_1_9' title='bbox 1633 533 1830 604; x_wconf 75' lang='grc' dir='ltr'>Πέτρου</span> <span class='ocrx_word' id='word_1_10' title='bbox 1857 527 1903 582; x_wconf 88' lang='grc' dir='ltr'><strong>Α</strong></span> 
     </span>
    </p>
   </div>
   <div class='ocr_carea' id='block_1_3' title="bbox 222 622 1830 696">
    <p class='ocr_par' dir='ltr' id='par_1_3' title="bbox 222 622 1830 696">
     <span class='ocr_line' id='line_1_3' title="bbox 222 622 1830 696; baseline -0.003 -19"><span class='ocrx_word' id='word_1_11' title='bbox 222 623 626 696; x_wconf 70' lang='grc' dir='ltr'><strong>ἐπιτιμηθέντας</strong></span> <span class='ocrx_word' id='word_1_12' title='bbox 693 622 813 689; x_wconf 86' lang='grc' dir='ltr'>ἐκεῖ,</span> <span class='ocrx_word' id='word_1_13' title='bbox 895 628 982 677; x_wconf 84' lang='grc' dir='ltr'>καὶ</span> <span class='ocrx_word' id='word_1_14' title='bbox 1049 631 1140 676; x_wconf 91' lang='grc' dir='ltr'><strong>τοῦ</strong></span> <span class='ocrx_word' id='word_1_15' title='bbox 1217 625 1415 695; x_wconf 84' lang='grc' dir='ltr'><strong>Πατρός</strong></span> <span class='ocrx_word' id='word_1_16' title='bbox 1478 625 1610 694; x_wconf 85' lang='grc' dir='ltr'><strong>μετά</strong></span> <span class='ocrx_word' id='word_1_17' title='bbox 1677 629 1830 673; x_wconf 90' lang='grc' dir='ltr'>τοῦτο</span> 
     </span>
    </p>
   </div>
   <div class='ocr_carea' id='block_1_4' title="bbox 221 710 1832 779">
    <p class='ocr_par' dir='ltr' id='par_1_4' title="bbox 221 710 1832 779">
     <span class='ocr_line' id='line_1_4' title="bbox 221 710 1832 779; baseline -0.002 -15"><span class='ocrx_word' id='word_1_18' title='bbox 221 712 566 773; x_wconf 75' lang='grc' dir='ltr'><strong>κελεύσαντος</strong></span> <span class='ocrx_word' id='word_1_19' title='bbox 641 712 801 764; x_wconf 73' lang='grc' dir='ltr'>αὐτοῦ</span> <span class='ocrx_word' id='word_1_20' title='bbox 881 712 1106 779; x_wconf 90' lang='grc' dir='ltr'>ἀκούειν,</span> <span class='ocrx_word' id='word_1_21' title='bbox 1165 717 1254 764; x_wconf 86' lang='grc' dir='ltr'>καὶ</span> <span class='ocrx_word' id='word_1_22' title='bbox 1327 721 1423 774; x_wconf 81' lang='grc' dir='ltr'>τῆς</span> <span class='ocrx_word' id='word_1_23' title='bbox 1497 710 1832 770; x_wconf 82' lang='grc' dir='ltr'>ἀναστάσεως</span> 
     </span>
    </p>
   </div>
   <div class='ocr_carea' id='block_1_5' title="bbox 220 797 1828 878">
    <p class='ocr_par' dir='ltr' id='par_1_5' title="bbox 220 797 1828 878">
     <span class='ocr_line' id='line_1_5' title="bbox 220 797 1828 878; baseline -0.002 -23"><span class='ocrx_word' id='word_1_24' title='bbox 220 805 357 875; x_wconf 86' lang='grc' dir='ltr'><strong>μετά</strong></span> <span class='ocrx_word' id='word_1_25' title='bbox 385 808 526 874; x_wconf 87' lang='grc' dir='ltr'>τρεῖς</span> <span class='ocrx_word' id='word_1_26' title='bbox 555 803 748 878; x_wconf 76' lang='grc' dir='ltr'>ἡμέρας</span> <span class='ocrx_word' id='word_1_27' title='bbox 791 803 1200 875; x_wconf 76' lang='grc' dir='ltr'>ύποσχιθείσης,</span> <span class='ocrx_word' id='word_1_28' title='bbox 1232 797 1347 854; x_wconf 68' lang='grc' dir='ltr'>οὐδ’</span> <span class='ocrx_word' id='word_1_29' title='bbox 1381 801 1542 862; x_wconf 74' lang='grc' dir='ltr'>οὕτως</span> <span class='ocrx_word' id='word_1_30' title='bbox 1588 804 1828 872; x_wconf 78' lang='grc' dir='ltr'>ἤνεγκαν,</span> 
     </span>
    </p>
   </div>
   <div class='ocr_carea' id='block_1_6' title="bbox 225 886 1625 964">
    <p class='ocr_par' dir='ltr' id='par_1_6' title="bbox 225 886 1625 964">
     <span class='ocr_line' id='line_1_6' title="bbox 225 886 1625 964; baseline 0.002 -21"><span class='ocrx_word' id='word_1_31' title='bbox 225 889 334 944; x_wconf 82' lang='grc' dir='ltr'>ἀλλ’</span> <span class='ocrx_word' id='word_1_32' title='bbox 360 890 721 961; x_wconf 78' lang='grc' dir='ltr'><strong>ἐλυπήθησαν,</strong></span> <span class='ocrx_word' id='word_1_33' title='bbox 753 895 843 944; x_wconf 81' lang='grc' dir='ltr'>καὶ</span> <span class='ocrx_word' id='word_1_34' title='bbox 870 886 993 945; x_wconf 66' lang='grc' dir='ltr'>ούδὶ</span> <span class='ocrx_word' id='word_1_35' title='bbox 1021 890 1216 961; x_wconf 83' lang='grc' dir='ltr'>ἁπλῶς,</span> <span class='ocrx_word' id='word_1_36' title='bbox 1250 889 1377 943; x_wconf 85' lang='grc' dir='ltr'><strong>ἀλλά</strong></span> <span class='ocrx_word' id='word_1_37' title='bbox 1399 886 1625 964; x_wconf 83' lang='grc' dir='ltr'>σφόδρα.</span> 
     </span>
    </p>
   </div>
   <div class='ocr_carea' id='block_1_7' title="bbox 295 975 1833 1052">
    <p class='ocr_par' dir='ltr' id='par_1_7' title="bbox 295 975 1833 1052">
     <span class='ocr_line' id='line_1_7' title="bbox 295 975 1833 1052; baseline -0.002 -19"><span class='ocrx_word' id='word_1_38' title='bbox 295 981 470 1033; x_wconf 91' lang='grc' dir='ltr'>Τοῦτο</span> <span class='ocrx_word' id='word_1_39' title='bbox 501 975 552 1032; x_wconf 87' lang='grc' dir='ltr'>δ’</span> <span class='ocrx_word' id='word_1_40' title='bbox 599 978 798 1052; x_wconf 76' lang='grc' dir='ltr'>ἐγένετο</span> <span class='ocrx_word' id='word_1_41' title='bbox 833 979 969 1052; x_wconf 82' lang='grc'>(55),</span> <span class='ocrx_word' id='word_1_42' title='bbox 1012 976 1107 1033; x_wconf 79' lang='grc' dir='ltr'>διὰ</span> <span class='ocrx_word' id='word_1_43' title='bbox 1151 983 1210 1033; x_wconf 83' lang='grc' dir='ltr'>τὸ</span> <span class='ocrx_word' id='word_1_44' title='bbox 1241 978 1444 1052; x_wconf 88' lang='grc' dir='ltr'>ἀγνοεῖν</span> <span class='ocrx_word' id='word_1_45' title='bbox 1497 979 1683 1040; x_wconf 78' lang='grc' dir='ltr'>αὐτοὺς</span> <span class='ocrx_word' id='word_1_46' title='bbox 1732 986 1833 1032; x_wconf 89' lang='grc' dir='ltr'><strong>τῶν</strong></span> 
     </span>
    </p>
   </div>
   <div class='ocr_carea' id='block_1_8' title="bbox 226 1065 1834 1144">
    <p class='ocr_par' dir='ltr' id='par_1_8' title="bbox 226 1065 1834 1144">
     <span class='ocr_line' id='line_1_8' title="bbox 226 1065 1834 1144; baseline 0.001 -23"><span class='ocrx_word' id='word_1_47' title='bbox 226 1069 512 1142; x_wconf 73' lang='grc' dir='ltr'>λεγομένων</span> <span class='ocrx_word' id='word_1_48' title='bbox 585 1073 680 1127; x_wconf 77' lang='grc' dir='ltr'>τὴν</span> <span class='ocrx_word' id='word_1_49' title='bbox 739 1065 984 1142; x_wconf 88' lang='grc' dir='ltr'>δύναμιν,</span> <span class='ocrx_word' id='word_1_50' title='bbox 1042 1072 1112 1131; x_wconf 83' lang='grc' dir='ltr'>ὡς</span> <span class='ocrx_word' id='word_1_51' title='bbox 1166 1070 1381 1144; x_wconf 78' lang='grc' dir='ltr'>Μάρκος</span> <span class='ocrx_word' id='word_1_52' title='bbox 1462 1073 1551 1122; x_wconf 79' lang='grc' dir='ltr'>καὶ</span> <span class='ocrx_word' id='word_1_53' title='bbox 1630 1074 1834 1129; x_wconf 79' lang='grc' dir='ltr'>Λουκᾶς</span> 
     </span>
    </p>
   </div>
   <div class='ocr_carea' id='block_1_9' title="bbox 233 1154 1831 1234">
    <p class='ocr_par' dir='ltr' id='par_1_9' title="bbox 233 1154 1831 1234">
     <span class='ocr_line' id='line_1_9' title="bbox 233 1154 1831 1234; baseline 0.001 -23"><span class='ocrx_word' id='word_1_54' title='bbox 233 1154 388 1212; x_wconf 82' lang='grc' dir='ltr'>εἶπον.</span> <span class='ocrx_word' id='word_1_55' title='bbox 436 1160 630 1230; x_wconf 85' lang='grc' dir='ltr'>Εἶρηκε</span> <span class='ocrx_word' id='word_1_56' title='bbox 682 1159 784 1233; x_wconf 82' lang='grc' dir='ltr'><strong>γὰρ</strong></span> <span class='ocrx_word' id='word_1_57' title='bbox 844 1159 870 1210; x_wconf 98' lang='lat'><strong>6</strong></span> <span class='ocrx_word' id='word_1_58' title='bbox 921 1160 1034 1232; x_wconf 74' lang='grc' dir='ltr'>μεν,</span> <span class='ocrx_word' id='word_1_59' title='bbox 1101 1160 1182 1211; x_wconf 89' lang='grc' dir='ltr'>ὅτι</span> <span class='ocrx_word' id='word_1_60' title='bbox 1239 1158 1487 1231; x_wconf 82' lang='grc' dir='ltr'>Ἠγνόουν</span> <span class='ocrx_word' id='word_1_61' title='bbox 1544 1161 1602 1211; x_wconf 89' lang='grc' dir='ltr'>τὸ</span> <span class='ocrx_word' id='word_1_62' title='bbox 1665 1159 1831 1234; x_wconf 79' lang='grc' dir='ltr'>ῥῆμα,</span> 
     </span>
    </p>
   </div>
   <div class='ocr_carea' id='block_1_10' title="bbox 224 1244 1831 1322">
    <p class='ocr_par' dir='ltr' id='par_1_10' title="bbox 224 1244 1831 1322">
     <span class='ocr_line' id='line_1_10' title="bbox 224 1244 1831 1322; baseline 0 -22"><span class='ocrx_word' id='word_1_63' title='bbox 224 1252 314 1300; x_wconf 80' lang='grc' dir='ltr'>καὶ</span> <span class='ocrx_word' id='word_1_64' title='bbox 371 1244 650 1321; x_wconf 77' lang='grc' dir='ltr'>ἐφοϐοῦντο</span> <span class='ocrx_word' id='word_1_65' title='bbox 719 1247 874 1300; x_wconf 84' lang='grc' dir='ltr'>αύτόν</span> <span class='ocrx_word' id='word_1_66' title='bbox 931 1245 1259 1322; x_wconf 70' lang='grc' dir='ltr'>ἐπερωτῆσαι</span> <span class='ocrx_word' id='word_1_67' title='bbox 1293 1265 1306 1278; x_wconf 92' lang='grc'><strong>·</strong></span> <span class='ocrx_word' id='word_1_68' title='bbox 1358 1249 1385 1301; x_wconf 92' lang='lat'><strong>6</strong></span> <span class='ocrx_word' id='word_1_69' title='bbox 1434 1244 1514 1316; x_wconf 69' lang='grc' dir='ltr'>δί,</span> <span class='ocrx_word' id='word_1_70' title='bbox 1565 1250 1648 1301; x_wconf 82' lang='grc' dir='ltr'><strong>ὅτι</strong></span> <span class='ocrx_word' id='word_1_71' title='bbox 1735 1251 1831 1300; x_wconf 72' lang='grc' dir='ltr'><strong>Καὶ</strong></span> 
     </span>
    </p>
   </div>
   <div class='ocr_carea' id='block_1_11' title="bbox 229 1334 1836 1410">
    <p class='ocr_par' dir='ltr' id='par_1_11' title="bbox 229 1334 1836 1410">
     <span class='ocr_line' id='line_1_11' title="bbox 229 1334 1836 1410; baseline -0.001 -21"><span class='ocrx_word' id='word_1_72' title='bbox 229 1334 290 1395; x_wconf 76' lang='grc' dir='ltr'>ἦν</span> <span class='ocrx_word' id='word_1_73' title='bbox 363 1336 890 1410; x_wconf 73' lang='grc' dir='ltr'><strong>παρακεκαλυμμένον</strong></span> <span class='ocrx_word' id='word_1_74' title='bbox 960 1335 1047 1389; x_wconf 88' lang='grc' dir='ltr'>ἀπ’</span> <span class='ocrx_word' id='word_1_75' title='bbox 1108 1337 1296 1404; x_wconf 69' lang='grc' dir='ltr'>αὐτῶν,</span> <span class='ocrx_word' id='word_1_76' title='bbox 1351 1337 1434 1390; x_wconf 80' lang='grc' dir='ltr'>ἵνα</span> <span class='ocrx_word' id='word_1_77' title='bbox 1487 1341 1558 1410; x_wconf 76' lang='grc' dir='ltr'>μὴ</span> <span class='ocrx_word' id='word_1_78' title='bbox 1616 1339 1836 1389; x_wconf 79' lang='grc' dir='ltr'>αῖσθων-</span> 
     </span>
    </p>
   </div>
   <div class='ocr_carea' id='block_1_12' title="bbox 227 1425 1836 1501">
    <p class='ocr_par' dir='ltr' id='par_1_12' title="bbox 227 1425 1836 1501">
     <span class='ocr_line' id='line_1_12' title="bbox 227 1425 1836 1501; baseline -0.001 -22"><span class='ocrx_word' id='word_1_79' title='bbox 227 1446 312 1480; x_wconf 79' lang='grc' dir='ltr'><strong>ται</strong></span> <span class='ocrx_word' id='word_1_80' title='bbox 361 1425 513 1480; x_wconf 84' lang='grc' dir='ltr'>αύτό.</span> <span class='ocrx_word' id='word_1_81' title='bbox 574 1427 722 1479; x_wconf 83' lang='grc' dir='ltr'>Κατά</span> <span class='ocrx_word' id='word_1_82' title='bbox 763 1427 902 1480; x_wconf 85' lang='grc' dir='ltr'>θείαν</span> <span class='ocrx_word' id='word_1_83' title='bbox 957 1429 1060 1500; x_wconf 81' lang='grc' dir='ltr'><strong>γὰρ</strong></span> <span class='ocrx_word' id='word_1_84' title='bbox 1122 1426 1415 1500; x_wconf 76' lang='grc' dir='ltr'>οἰκονομίαν</span> <span class='ocrx_word' id='word_1_85' title='bbox 1483 1425 1836 1501; x_wconf 78' lang='grc' dir='ltr'>ἀπεκρύπτετο</span> 
     </span>
    </p>
   </div>
   <div class='ocr_carea' id='block_1_13' title="bbox 229 1514 1833 1590">
    <p class='ocr_par' dir='ltr' id='par_1_13' title="bbox 229 1514 1833 1590">
     <span class='ocr_line' id='line_1_13' title="bbox 229 1514 1833 1590; baseline 0.002 -25"><span class='ocrx_word' id='word_1_86' title='bbox 229 1517 258 1573; x_wconf 76' lang='grc' dir='ltr'><strong>ἠ</strong></span> <span class='ocrx_word' id='word_1_87' title='bbox 307 1523 507 1586; x_wconf 89' lang='grc' dir='ltr'>γνῶσις</span> <span class='ocrx_word' id='word_1_88' title='bbox 562 1521 657 1568; x_wconf 88' lang='grc' dir='ltr'><strong>τοῦ</strong></span> <span class='ocrx_word' id='word_1_89' title='bbox 706 1514 939 1590; x_wconf 77' lang='grc' dir='ltr'>ῥήματος</span> <span class='ocrx_word' id='word_1_90' title='bbox 992 1514 1082 1568; x_wconf 84' lang='grc' dir='ltr'>ἀπ’</span> <span class='ocrx_word' id='word_1_91' title='bbox 1140 1516 1328 1583; x_wconf 85' lang='grc' dir='ltr'>αύτῶν,</span> <span class='ocrx_word' id='word_1_92' title='bbox 1374 1518 1439 1578; x_wconf 84' lang='grc' dir='ltr'>ὡς</span> <span class='ocrx_word' id='word_1_93' title='bbox 1495 1514 1679 1570; x_wconf 77' lang='grc' dir='ltr'>ἀτελῶν</span> <span class='ocrx_word' id='word_1_94' title='bbox 1738 1518 1833 1582; x_wconf 76' lang='grc' dir='ltr'>ἔτι,</span> 
     </span>
    </p>
   </div>
   <div class='ocr_carea' id='block_1_14' title="bbox 226 1599 1834 1680">
    <p class='ocr_par' dir='ltr' id='par_1_14' title="bbox 226 1599 1834 1680">
     <span class='ocr_line' id='line_1_14' title="bbox 226 1599 1834 1680; baseline 0.002 -24"><span class='ocrx_word' id='word_1_95' title='bbox 226 1608 316 1657; x_wconf 81' lang='grc' dir='ltr'><strong>καὶ</strong></span> <span class='ocrx_word' id='word_1_96' title='bbox 361 1608 436 1677; x_wconf 79' lang='grc' dir='ltr'>μὴ</span> <span class='ocrx_word' id='word_1_97' title='bbox 492 1599 793 1676; x_wconf 79' lang='grc' dir='ltr'>δυναμένων</span> <span class='ocrx_word' id='word_1_98' title='bbox 846 1602 1117 1677; x_wconf 74' lang='grc' dir='ltr'>ἐφικέσθαι</span> <span class='ocrx_word' id='word_1_99' title='bbox 1156 1613 1249 1658; x_wconf 91' lang='grc' dir='ltr'><strong>τοῦ</strong></span> <span class='ocrx_word' id='word_1_100' title='bbox 1299 1606 1594 1680; x_wconf 75' lang='grc' dir='ltr'>ὑπερφυοῦς</span> <span class='ocrx_word' id='word_1_101' title='bbox 1647 1609 1834 1660; x_wconf 76' lang='grc' dir='ltr'>τούτου</span> 
     </span>
    </p>
   </div>
   <div class='ocr_carea' id='block_1_15' title="bbox 229 1697 554 1770">
    <p class='ocr_par' dir='ltr' id='par_1_15' title="bbox 229 1697 554 1770">
     <span class='ocr_line' id='line_1_15' title="bbox 229 1697 554 1770; baseline 0.003 -25"><span class='ocrx_word' id='word_1_102' title='bbox 229 1697 554 1770; x_wconf 81' lang='grc' dir='ltr'>μυστηρίου.</span> 
     </span>
    </p>
   </div>
   <div class='ocr_carea' id='block_1_16' title="bbox 300 1780 1833 1860">
    <p class='ocr_par' dir='ltr' id='par_1_16' title="bbox 300 1780 1833 1860">
     <span class='ocr_line' id='line_1_16' title="bbox 300 1780 1833 1860; baseline 0.001 -24"><span class='ocrx_word' id='word_1_103' title='bbox 300 1788 402 1836; x_wconf 77' lang='grc' dir='ltr'><strong>Καὶ</strong></span> <span class='ocrx_word' id='word_1_104' title='bbox 461 1781 546 1835; x_wconf 78' lang='grc' dir='ltr'><strong>ἐὰν</strong></span> <span class='ocrx_word' id='word_1_105' title='bbox 595 1782 814 1855; x_wconf 72' lang='grc' dir='ltr'>ἠγνόουν</span> <span class='ocrx_word' id='word_1_106' title='bbox 858 1782 1008 1853; x_wconf 84' lang='grc' dir='ltr'>αύτό,</span> <span class='ocrx_word' id='word_1_107' title='bbox 1061 1791 1173 1846; x_wconf 86' lang='grc' dir='ltr'><strong>πῶς</strong></span> <span class='ocrx_word' id='word_1_108' title='bbox 1217 1782 1550 1843; x_wconf 73' lang='grc' dir='ltr'>ἐλυπήθησαν</span> <span class='ocrx_word' id='word_1_109' title='bbox 1591 1780 1833 1860; x_wconf 82' lang='grc' dir='ltr'>σφόδρα;</span> 
     </span>
    </p>
   </div>
   <div class='ocr_carea' id='block_1_17' title="bbox 231 1871 1836 1948">
    <p class='ocr_par' dir='ltr' id='par_1_17' title="bbox 231 1871 1836 1948">
     <span class='ocr_line' id='line_1_17' title="bbox 231 1871 1836 1948; baseline 0 -22"><span class='ocrx_word' id='word_1_110' title='bbox 231 1872 305 1926; x_wconf 76' lang='grc' dir='ltr'><strong>Οὐ</strong></span> <span class='ocrx_word' id='word_1_111' title='bbox 360 1876 421 1925; x_wconf 87' lang='grc' dir='ltr'>τὸ</span> <span class='ocrx_word' id='word_1_112' title='bbox 487 1877 590 1924; x_wconf 83' lang='grc' dir='ltr'>πᾶν</span> <span class='ocrx_word' id='word_1_113' title='bbox 653 1871 894 1943; x_wconf 79' lang='grc' dir='ltr'>ἠγνόουν,</span> <span class='ocrx_word' id='word_1_114' title='bbox 952 1871 1082 1926; x_wconf 83' lang='grc' dir='ltr'><strong>ἀλλά</strong></span> <span class='ocrx_word' id='word_1_115' title='bbox 1135 1877 1254 1946; x_wconf 80' lang='grc' dir='ltr'>περὶ</span> <span class='ocrx_word' id='word_1_116' title='bbox 1313 1875 1404 1948; x_wconf 71' lang='grc' dir='ltr'>μὶν</span> <span class='ocrx_word' id='word_1_117' title='bbox 1454 1881 1546 1927; x_wconf 79' lang='grc' dir='ltr'><strong>τοῦ</strong></span> <span class='ocrx_word' id='word_1_118' title='bbox 1613 1875 1836 1927; x_wconf 85' lang='grc' dir='ltr'>θανάτου</span> 
     </span>
    </p>
   </div>
   <div class='ocr_carea' id='block_1_18' title="bbox 233 1957 1836 2036">
    <p class='ocr_par' dir='ltr' id='par_1_18' title="bbox 233 1957 1836 2036">
     <span class='ocr_line' id='line_1_18' title="bbox 233 1957 1836 2036; baseline 0.001 -22"><span class='ocrx_word' id='word_1_119' title='bbox 233 1962 394 2014; x_wconf 74' lang='grc' dir='ltr'>αὐτοῦ</span> <span class='ocrx_word' id='word_1_120' title='bbox 446 1959 746 2032; x_wconf 70' lang='grc' dir='ltr'>ἐγίνωσκον,</span> <span class='ocrx_word' id='word_1_121' title='bbox 816 1957 1081 2034; x_wconf 90' lang='grc' dir='ltr'>διαφόρως</span> <span class='ocrx_word' id='word_1_122' title='bbox 1142 1959 1474 2028; x_wconf 80' lang='grc' dir='ltr'>ἀκούσαντες,</span> <span class='ocrx_word' id='word_1_123' title='bbox 1531 1961 1606 2036; x_wconf 84' lang='grc' dir='ltr'>ἐφ’</span> <span class='ocrx_word' id='word_1_124' title='bbox 1658 1963 1698 2034; x_wconf 77' lang='grc' dir='ltr'><strong><em>ᾧ</em></strong></span> <span class='ocrx_word' id='word_1_125' title='bbox 1746 1967 1836 2016; x_wconf 82' lang='grc' dir='ltr'>καὶ</span> 
     </span>
    </p>
   </div>
   <div class='ocr_carea' id='block_1_19' title="bbox 239 2045 1832 2126">
    <p class='ocr_par' dir='ltr' id='par_1_19' title="bbox 239 2045 1832 2126">
     <span class='ocr_line' id='line_1_19' title="bbox 239 2045 1832 2126; baseline 0.003 -24"><span class='ocrx_word' id='word_1_126' title='bbox 239 2050 570 2123; x_wconf 72' lang='grc' dir='ltr'>ἱλυμήθησαν</span> <span class='ocrx_word' id='word_1_127' title='bbox 594 2045 804 2124; x_wconf 86' lang='grc' dir='ltr'>σφόδρα</span> <span class='ocrx_word' id='word_1_128' title='bbox 825 2067 840 2080; x_wconf 81' lang='grc'><strong><em>⁸</em></strong></span> <span class='ocrx_word' id='word_1_129' title='bbox 871 2055 989 2126; x_wconf 84' lang='grc' dir='ltr'>περὶ</span> <span class='ocrx_word' id='word_1_130' title='bbox 1015 2047 1076 2104; x_wconf 72' lang='grc' dir='ltr'><strong>δε</strong></span> <span class='ocrx_word' id='word_1_131' title='bbox 1101 2059 1200 2114; x_wconf 83' lang='grc' dir='ltr'>τῆς</span> <span class='ocrx_word' id='word_1_132' title='bbox 1229 2051 1565 2115; x_wconf 78' lang='grc' dir='ltr'>ἀναστάσεως</span> <span class='ocrx_word' id='word_1_133' title='bbox 1592 2052 1832 2124; x_wconf 78' lang='grc' dir='ltr'>ἠγνόουν.</span> 
     </span>
    </p>
   </div>
   <div class='ocr_carea' id='block_1_20' title="bbox 251 2138 1835 2216">
    <p class='ocr_par' dir='ltr' id='par_1_20' title="bbox 251 2138 1835 2216">
     <span class='ocr_line' id='line_1_20' title="bbox 251 2138 1835 2216; baseline 0.003 -25"><span class='ocrx_word' id='word_1_134' title='bbox 251 2138 502 2200; x_wconf 77' lang='grc' dir='ltr'>Πολλάκις</span> <span class='ocrx_word' id='word_1_135' title='bbox 545 2143 662 2214; x_wconf 82' lang='grc' dir='ltr'>γὰρ,</span> <span class='ocrx_word' id='word_1_136' title='bbox 721 2144 814 2193; x_wconf 82' lang='grc' dir='ltr'>καὶ</span> <span class='ocrx_word' id='word_1_137' title='bbox 863 2144 984 2216; x_wconf 85' lang='grc' dir='ltr'>περὶ</span> <span class='ocrx_word' id='word_1_138' title='bbox 1033 2143 1230 2203; x_wconf 56' lang='grc' dir='ltr'>τατᾷτης</span> <span class='ocrx_word' id='word_1_139' title='bbox 1290 2140 1623 2209; x_wconf 76' lang='grc' dir='ltr'>ἀκούσαντες,</span> <span class='ocrx_word' id='word_1_140' title='bbox 1695 2142 1835 2215; x_wconf 86' lang='grc' dir='ltr'>ὅμως</span> 
     </span>
    </p>
   </div>
   <div class='ocr_carea' id='block_1_21' title="bbox 258 2226 1833 2306">
    <p class='ocr_par' dir='ltr' id='par_1_21' title="bbox 258 2226 1833 2306">
     <span class='ocr_line' id='line_1_21' title="bbox 258 2226 1833 2306; baseline 0.003 -27"><span class='ocrx_word' id='word_1_141' title='bbox 258 2227 356 2280; x_wconf 71' lang='grc' dir='ltr'><strong>οὐκ</strong></span> <span class='ocrx_word' id='word_1_142' title='bbox 391 2226 637 2285; x_wconf 78' lang='grc' dir='ltr'>ἠὸύναντο</span> <span class='ocrx_word' id='word_1_143' title='bbox 667 2235 815 2297; x_wconf 86' lang='grc' dir='ltr'>νοεῖν,</span> <span class='ocrx_word' id='word_1_144' title='bbox 857 2233 910 2281; x_wconf 89' lang='grc' dir='ltr'><strong>τί</strong></span> <span class='ocrx_word' id='word_1_145' title='bbox 940 2227 1080 2282; x_wconf 80' lang='grc' dir='ltr'>ἐστιν</span> <span class='ocrx_word' id='word_1_146' title='bbox 1128 2230 1286 2288; x_wconf 74' lang='grc' dir='ltr'>αὕτη.</span> <span class='ocrx_word' id='word_1_147' title='bbox 1319 2237 1390 2289; x_wconf 60' lang='lat' dir='ltr'><strong>(In.</strong></span> <span class='ocrx_word' id='word_1_148' title='bbox 1411 2235 1456 2283; x_wconf 76' lang='grc' dir='ltr'>τὶ</span> <span class='ocrx_word' id='word_1_149' title='bbox 1491 2233 1593 2306; x_wconf 69' lang='grc' dir='ltr'><strong>γὰρ</strong></span> <span class='ocrx_word' id='word_1_150' title='bbox 1625 2232 1650 2283; x_wconf 92' lang='lat'><strong>6</strong></span> <span class='ocrx_word' id='word_1_151' title='bbox 1679 2233 1833 2305; x_wconf 76' lang='grc' dir='ltr'><strong>Μάρ-</strong></span> 
     </span>
    </p>
   </div>
   <div class='ocr_carea' id='block_1_22' title="bbox 252 2315 1834 2387">
    <p class='ocr_par' dir='ltr' id='par_1_22' title="bbox 252 2315 1834 2387">
     <span class='ocr_line' id='line_1_22' title="bbox 252 2315 1834 2387; baseline 0.003 -18"><span class='ocrx_word' id='word_1_152' title='bbox 252 2336 347 2379; x_wconf 89' lang='grc' dir='ltr'><strong>κος</strong></span> <span class='ocrx_word' id='word_1_153' title='bbox 386 2315 437 2368; x_wconf 81' lang='grc' dir='ltr'><strong>ἐν</strong></span> <span class='ocrx_word' id='word_1_154' title='bbox 480 2316 654 2386; x_wconf 78' lang='grc' dir='ltr'>ἄλλοις,</span> <span class='ocrx_word' id='word_1_155' title='bbox 693 2320 774 2373; x_wconf 69' lang='grc' dir='ltr'>ὅτι</span> <span class='ocrx_word' id='word_1_156' title='bbox 828 2315 964 2378; x_wconf 79' lang='grc' dir='ltr'>ἦσαν</span> <span class='ocrx_word' id='word_1_157' title='bbox 1014 2319 1373 2387; x_wconf 79' lang='grc' dir='ltr'>συζητοῦντες,</span> <span class='ocrx_word' id='word_1_158' title='bbox 1414 2324 1467 2373; x_wconf 89' lang='grc' dir='ltr'><strong>τί</strong></span> <span class='ocrx_word' id='word_1_159' title='bbox 1510 2319 1625 2374; x_wconf 86' lang='grc' dir='ltr'>ἐστι</span> <span class='ocrx_word' id='word_1_160' title='bbox 1667 2324 1726 2373; x_wconf 87' lang='grc' dir='ltr'>τὸ</span> <span class='ocrx_word' id='word_1_161' title='bbox 1779 2319 1834 2373; x_wconf 83' lang='grc' dir='ltr'><strong>ἐκ</strong></span> 
     </span>
    </p>
   </div>
   <div class='ocr_carea' id='block_1_23' title="bbox 243 2406 1836 2487">
    <p class='ocr_par' dir='ltr' id='par_1_23' title="bbox 243 2406 1836 2487">
     <span class='ocr_line' id='line_1_23' title="bbox 243 2406 1836 2487; baseline 0.004 -29"><span class='ocrx_word' id='word_1_162' title='bbox 243 2415 438 2481; x_wconf 79' lang='grc' dir='ltr'>νεκρῶν</span> <span class='ocrx_word' id='word_1_163' title='bbox 530 2406 827 2469; x_wconf 83' lang='grc' dir='ltr'>ἀναστῆναι.</span> <span class='ocrx_word' id='word_1_164' title='bbox 916 2406 1294 2482; x_wconf 79' lang='grc' dir='ltr'>Ὑπελάμϐανον</span> <span class='ocrx_word' id='word_1_165' title='bbox 1367 2411 1492 2487; x_wconf 81' lang='grc' dir='ltr'>γὰρ,</span> <span class='ocrx_word' id='word_1_166' title='bbox 1589 2411 1670 2464; x_wconf 87' lang='grc' dir='ltr'>ὃτι</span> <span class='ocrx_word' id='word_1_167' title='bbox 1747 2416 1836 2464; x_wconf 84' lang='grc' dir='ltr'>καὶ</span> 
     </span>
    </p>
   </div>
   <div class='ocr_carea' id='block_1_24' title="bbox 231 2495 1834 2576">
    <p class='ocr_par' dir='ltr' id='par_1_24' title="bbox 231 2495 1834 2576">
     <span class='ocr_line' id='line_1_24' title="bbox 231 2495 1834 2576; baseline 0.002 -26"><span class='ocrx_word' id='word_1_168' title='bbox 231 2505 388 2550; x_wconf 80' lang='grc' dir='ltr'>τοῦτο</span> <span class='ocrx_word' id='word_1_169' title='bbox 431 2497 698 2572; x_wconf 78' lang='grc' dir='ltr'>παραϐολή</span> <span class='ocrx_word' id='word_1_170' title='bbox 746 2502 826 2560; x_wconf 85' lang='grc' dir='ltr'><strong>τίς</strong></span> <span class='ocrx_word' id='word_1_171' title='bbox 880 2495 1010 2552; x_wconf 80' lang='grc' dir='ltr'>ἐστι.</span> <span class='ocrx_word' id='word_1_172' title='bbox 1071 2503 1171 2554; x_wconf 75' lang='grc' dir='ltr'><strong>Καὶ</strong></span> <span class='ocrx_word' id='word_1_173' title='bbox 1223 2501 1324 2576; x_wconf 83' lang='grc' dir='ltr'><strong>γὰρ</strong></span> <span class='ocrx_word' id='word_1_174' title='bbox 1376 2501 1510 2574; x_wconf 89' lang='grc' dir='ltr'><strong>μετά</strong></span> <span class='ocrx_word' id='word_1_175' title='bbox 1558 2503 1653 2560; x_wconf 80' lang='grc' dir='ltr'>τὴν</span> <span class='ocrx_word' id='word_1_176' title='bbox 1714 2499 1834 2554; x_wconf 81' lang='grc' dir='ltr'>ἀνά-</span> 
     </span>
    </p>
   </div>
   <div class='ocr_carea' id='block_1_25' title="bbox 230 2583 1836 2665">
    <p class='ocr_par' dir='ltr' id='par_1_25' title="bbox 230 2583 1836 2665">
     <span class='ocr_line' id='line_1_25' title="bbox 230 2583 1836 2665; baseline 0.002 -26"><span class='ocrx_word' id='word_1_177' title='bbox 230 2606 420 2640; x_wconf 88' lang='grc' dir='ltr'>στασιν</span> <span class='ocrx_word' id='word_1_178' title='bbox 470 2583 730 2652; x_wconf 76' lang='grc' dir='ltr'>διήνοιξεν</span> <span class='ocrx_word' id='word_1_179' title='bbox 777 2587 948 2641; x_wconf 76' lang='grc' dir='ltr'>αὐτῶν</span> <span class='ocrx_word' id='word_1_180' title='bbox 994 2591 1083 2642; x_wconf 87' lang='grc' dir='ltr'>τὸν</span> <span class='ocrx_word' id='word_1_181' title='bbox 1127 2596 1250 2642; x_wconf 87' lang='grc' dir='ltr'>νοῦν</span> <span class='ocrx_word' id='word_1_182' title='bbox 1300 2595 1394 2642; x_wconf 89' lang='grc' dir='ltr'><strong>τοῦ</strong></span> <span class='ocrx_word' id='word_1_183' title='bbox 1434 2593 1663 2644; x_wconf 72' lang='grc' dir='ltr'>συνιέναι</span> <span class='ocrx_word' id='word_1_184' title='bbox 1717 2609 1836 2665; x_wconf 89' lang='grc' dir='ltr'>περι</span> 
     </span>
    </p>
   </div>
   <div class='ocr_carea' id='block_1_26' title="bbox 225 2696 448 2732">
    <p class='ocr_par' dir='ltr' id='par_1_26' title="bbox 225 2696 448 2732">
     <span class='ocr_line' id='line_1_26' title="bbox 225 2696 448 2732; baseline 0.013 -4"><span class='ocrx_word' id='word_1_185' title='bbox 225 2696 448 2732; x_wconf 86' lang='grc' dir='ltr'>παντων.</span> 
     </span>
    </p>
   </div>
   <div class='ocr_carea' id='block_1_27' title="bbox 294 2853 1611 2933">
    <p class='ocr_par' dir='ltr' id='par_1_27' title="bbox 294 2853 1611 2933">
     <span class='ocr_line' id='line_1_27' title="bbox 294 2853 1611 2933; baseline 0.004 -23"><span class='ocrx_word' id='word_1_186' title='bbox 294 2860 442 2912; x_wconf 72' lang='grc' dir='ltr'>ΚΕΦ.</span> <span class='ocrx_word' id='word_1_187' title='bbox 474 2854 598 2920; x_wconf 70' lang='lat' dir='ltr'><strong>Ac’.</strong></span> <span class='ocrx_word' id='word_1_188' title='bbox 629 2859 754 2932; x_wconf 84' lang='grc' dir='ltr'>Περὶ</span> <span class='ocrx_word' id='word_1_189' title='bbox 781 2863 884 2909; x_wconf 87' lang='grc' dir='ltr'><strong>τῶν</strong></span> <span class='ocrx_word' id='word_1_190' title='bbox 913 2855 1189 2910; x_wconf 87' lang='grc' dir='ltr'>αἰτούντων</span> <span class='ocrx_word' id='word_1_191' title='bbox 1211 2859 1278 2911; x_wconf 81' lang='grc' dir='ltr'>τὰ</span> <span class='ocrx_word' id='word_1_192' title='bbox 1302 2853 1611 2933; x_wconf 81' lang='grc' dir='ltr'>διδραχμα.</span> 
     </span>
    </p>
   </div>
   <div class='ocr_carea' id='block_1_28' title="bbox 297 2944 1837 3025">
    <p class='ocr_par' dir='ltr' id='par_1_28' title="bbox 297 2944 1837 3025">
     <span class='ocr_line' id='line_1_28' title="bbox 297 2944 1837 3025; baseline 0.001 -25"><span class='ocrx_word' id='word_1_193' title='bbox 297 2951 402 3000; x_wconf 72' lang='grc' dir='ltr'><strong>Καὶ</strong></span> <span class='ocrx_word' id='word_1_194' title='bbox 431 2976 502 2987; x_wconf 88' lang='grc'><strong><em>-</em></strong></span> <span class='ocrx_word' id='word_1_195' title='bbox 530 2949 638 3002; x_wconf 90' lang='grc' dir='ltr'>ναί.</span> <span class='ocrx_word' id='word_1_196' title='bbox 693 2947 761 2999; x_wconf 79' lang='grc' dir='ltr'><strong>Οἱ</strong></span> <span class='ocrx_word' id='word_1_197' title='bbox 806 2949 1129 3020; x_wconf 88' lang='grc' dir='ltr'>πρωτότοκοι</span> <span class='ocrx_word' id='word_1_198' title='bbox 1173 2953 1276 3000; x_wconf 87' lang='grc' dir='ltr'><strong>τῶν</strong></span> <span class='ocrx_word' id='word_1_199' title='bbox 1312 2945 1562 3023; x_wconf 81' lang='grc' dir='ltr'>Ἐϐραίων</span> <span class='ocrx_word' id='word_1_200' title='bbox 1602 2944 1636 3001; x_wconf 91' lang='grc' dir='ltr'><strong>δ</strong></span> <span class='ocrx_word' id='word_1_201' title='bbox 1643 2945 1837 3025; x_wconf 87' lang='grc' dir='ltr'>ίδραχ-</span> 
     </span>
    </p>
   </div>
   <div class='ocr_carea' id='block_1_29' title="bbox 230 3033 1836 3113">
    <p class='ocr_par' dir='ltr' id='par_1_29' title="bbox 230 3033 1836 3113">
     <span class='ocr_line' id='line_1_29' title="bbox 230 3033 1836 3113; baseline 0.004 -26"><span class='ocrx_word' id='word_1_202' title='bbox 230 3054 323 3107; x_wconf 82' lang='grc' dir='ltr'><strong>μον</strong></span> <span class='ocrx_word' id='word_1_203' title='bbox 388 3036 605 3096; x_wconf 79' lang='grc' dir='ltr'>ἕκαστος</span> <span class='ocrx_word' id='word_1_204' title='bbox 657 3035 773 3088; x_wconf 87' lang='grc' dir='ltr'>κατ’</span> <span class='ocrx_word' id='word_1_205' title='bbox 849 3033 1078 3089; x_wconf 83' lang='grc' dir='ltr'>ἐνιαυτόν</span> <span class='ocrx_word' id='word_1_206' title='bbox 1154 3035 1353 3090; x_wconf 71' lang='grc' dir='ltr'>ἐτέλουν</span> <span class='ocrx_word' id='word_1_207' title='bbox 1400 3046 1473 3110; x_wconf 84' lang='grc' dir='ltr'>τῷ</span> <span class='ocrx_word' id='word_1_208' title='bbox 1544 3042 1652 3112; x_wconf 82' lang='grc' dir='ltr'><strong>Θεῷ</strong></span> <span class='ocrx_word' id='word_1_209' title='bbox 1711 3040 1836 3113; x_wconf 81' lang='grc' dir='ltr'>πρὸς</span> 
     </span>
    </p>
   </div>
   <div class='ocr_carea' id='block_1_30' title="bbox 234 3123 1836 3202">
    <p class='ocr_par' dir='ltr' id='par_1_30' title="bbox 234 3123 1836 3202">
     <span class='ocr_line' id='line_1_30' title="bbox 234 3123 1836 3202; baseline 0.002 -26"><span class='ocrx_word' id='word_1_210' title='bbox 234 3123 608 3197; x_wconf 67' lang='grc' dir='ltr'>εὐχαριστίαν,</span> <span class='ocrx_word' id='word_1_211' title='bbox 672 3123 784 3176; x_wconf 86' lang='grc' dir='ltr'>ἀνθ’</span> <span class='ocrx_word' id='word_1_212' title='bbox 836 3123 904 3176; x_wconf 84' lang='grc' dir='ltr'>ὧν</span> <span class='ocrx_word' id='word_1_213' title='bbox 980 3123 1323 3202; x_wconf 83' lang='grc' dir='ltr'>ἐξωλὸθρευσε</span> <span class='ocrx_word' id='word_1_214' title='bbox 1369 3125 1530 3181; x_wconf 79' lang='grc' dir='ltr'>πάλαι</span> <span class='ocrx_word' id='word_1_215' title='bbox 1601 3129 1666 3181; x_wconf 87' lang='grc' dir='ltr'><strong>τά</strong></span> <span class='ocrx_word' id='word_1_216' title='bbox 1735 3136 1836 3181; x_wconf 87' lang='grc' dir='ltr'><strong>τῶν</strong></span> 
     </span>
    </p>
   </div>
   <div class='ocr_carea' id='block_1_31' title="bbox 234 3213 1909 3294">
    <p class='ocr_par' dir='ltr' id='par_1_31' title="bbox 234 3213 1909 3294">
     <span class='ocr_line' id='line_1_31' title="bbox 234 3213 1909 3294; baseline 0.004 -28"><span class='ocrx_word' id='word_1_217' title='bbox 234 3213 537 3286; x_wconf 71' lang='grc' dir='ltr'>Αἰγυπτίτιιν</span> <span class='ocrx_word' id='word_1_218' title='bbox 619 3217 946 3289; x_wconf 88' lang='grc' dir='ltr'>πρωτότοκα.</span> <span class='ocrx_word' id='word_1_219' title='bbox 1014 3215 1159 3269; x_wconf 82' lang='grc' dir='ltr'>Ἐπεὶ</span> <span class='ocrx_word' id='word_1_220' title='bbox 1210 3215 1298 3270; x_wconf 78' lang='grc' dir='ltr'>οὖν</span> <span class='ocrx_word' id='word_1_221' title='bbox 1369 3221 1458 3271; x_wconf 83' lang='grc' dir='ltr'>καὶ</span> <span class='ocrx_word' id='word_1_222' title='bbox 1524 3218 1551 3270; x_wconf 89' lang='lat'><strong>6</strong></span> <span class='ocrx_word' id='word_1_223' title='bbox 1611 3220 1839 3294; x_wconf 85' lang='grc' dir='ltr'>Χριστὸς</span> <span class='ocrx_word' id='word_1_224' title='bbox 1869 3217 1909 3273; x_wconf 89' lang='lat' dir='ltr'>C</span> 
     </span>
    </p>
   </div>
   <div class='ocr_carea' id='block_1_32' title="bbox 235 3300 1841 3380">
    <p class='ocr_par' dir='ltr' id='par_1_32' title="bbox 235 3300 1841 3380">
     <span class='ocr_line' id='line_1_32' title="bbox 235 3300 1841 3380; baseline 0.004 -25"><span class='ocrx_word' id='word_1_225' title='bbox 235 3308 568 3378; x_wconf 86' lang='grc' dir='ltr'>πρωτότοκος</span> <span class='ocrx_word' id='word_1_226' title='bbox 624 3300 705 3376; x_wconf 76' lang='grc' dir='ltr'>ἦν,</span> <span class='ocrx_word' id='word_1_227' title='bbox 768 3304 910 3378; x_wconf 82' lang='grc' dir='ltr'>αύτῷ</span> <span class='ocrx_word' id='word_1_228' title='bbox 958 3307 1049 3378; x_wconf 72' lang='grc' dir='ltr'>μὶν</span> <span class='ocrx_word' id='word_1_229' title='bbox 1106 3306 1156 3359; x_wconf 84' lang='grc' dir='ltr'>οἱ</span> <span class='ocrx_word' id='word_1_230' title='bbox 1213 3304 1610 3380; x_wconf 78' lang='grc' dir='ltr'>ἐπισυνάγοντες</span> <span class='ocrx_word' id='word_1_231' title='bbox 1672 3315 1841 3362; x_wconf 86' lang='grc' dir='ltr'>ταῦτα</span> 
     </span>
    </p>
   </div>
   <div class='ocr_carea' id='block_1_33' title="bbox 236 3392 1841 3469">
    <p class='ocr_par' dir='ltr' id='par_1_33' title="bbox 236 3392 1841 3469">
     <span class='ocr_line' id='line_1_33' title="bbox 236 3392 1841 3469; baseline 0.005 -25"><span class='ocrx_word' id='word_1_232' title='bbox 236 3393 538 3464; x_wconf 81' lang='grc' dir='ltr'>προσελθεῖν</span> <span class='ocrx_word' id='word_1_233' title='bbox 615 3392 1016 3464; x_wconf 76' lang='grc' dir='ltr'>ηὐλαϐήθησαν,</span> <span class='ocrx_word' id='word_1_234' title='bbox 1085 3403 1334 3469; x_wconf 86' lang='grc' dir='ltr'>τιμῶντες</span> <span class='ocrx_word' id='word_1_235' title='bbox 1397 3396 1554 3450; x_wconf 78' lang='grc' dir='ltr'>αὐτὸν</span> <span class='ocrx_word' id='word_1_236' title='bbox 1616 3393 1710 3451; x_wconf 87' lang='grc' dir='ltr'><strong>διὰ</strong></span> <span class='ocrx_word' id='word_1_237' title='bbox 1773 3400 1841 3452; x_wconf 82' lang='grc' dir='ltr'>τὰ</span> 
     </span>
    </p>
   </div>
   <div class='ocr_carea' id='block_1_34' title="bbox 240 3480 1838 3562">
    <p class='ocr_par' dir='ltr' id='par_1_34' title="bbox 240 3480 1838 3562">
     <span class='ocr_line' id='line_1_34' title="bbox 240 3480 1838 3562; baseline 0.005 -29"><span class='ocrx_word' id='word_1_238' title='bbox 240 3491 436 3555; x_wconf 81' lang='grc' dir='ltr'>σημεῖα</span> <span class='ocrx_word' id='word_1_239' title='bbox 466 3501 479 3513; x_wconf 88' lang='grc'><strong>·</strong></span> <span class='ocrx_word' id='word_1_240' title='bbox 513 3491 584 3554; x_wconf 81' lang='grc' dir='ltr'>τῷ</span> <span class='ocrx_word' id='word_1_241' title='bbox 619 3487 799 3558; x_wconf 81' lang='grc' dir='ltr'>Πέτρῳ</span> <span class='ocrx_word' id='word_1_242' title='bbox 831 3480 890 3536; x_wconf 66' lang='grc' dir='ltr'>δὶ</span> <span class='ocrx_word' id='word_1_243' title='bbox 917 3483 1117 3553; x_wconf 86' lang='grc' dir='ltr'>λοιπὸν,</span> <span class='ocrx_word' id='word_1_244' title='bbox 1165 3487 1229 3548; x_wconf 85' lang='grc' dir='ltr'><strong>ὡς</strong></span> <span class='ocrx_word' id='word_1_245' title='bbox 1281 3491 1547 3561; x_wconf 73' lang='grc' dir='ltr'>κορυφαίῳ</span> <span class='ocrx_word' id='word_1_246' title='bbox 1593 3496 1693 3540; x_wconf 89' lang='grc' dir='ltr'><strong>τῶν</strong></span> <span class='ocrx_word' id='word_1_247' title='bbox 1741 3508 1838 3562; x_wconf 87' lang='grc' dir='ltr'>μα-</span> 
     </span>
    </p>
   </div>
   <div class='ocr_carea' id='block_1_35' title="bbox 238 3572 1841 3648">
    <p class='ocr_par' dir='ltr' id='par_1_35' title="bbox 238 3572 1841 3648">
     <span class='ocr_line' id='line_1_35' title="bbox 238 3572 1841 3648; baseline 0.006 -26"><span class='ocrx_word' id='word_1_248' title='bbox 238 3572 429 3640; x_wconf 83' lang='grc' dir='ltr'>θητῶν,</span> <span class='ocrx_word' id='word_1_249' title='bbox 502 3577 912 3648; x_wconf 80' lang='grc' dir='ltr'>προσέρχονται,</span> <span class='ocrx_word' id='word_1_250' title='bbox 971 3578 1061 3627; x_wconf 82' lang='grc' dir='ltr'>καὶ</span> <span class='ocrx_word' id='word_1_251' title='bbox 1127 3574 1221 3628; x_wconf 89' lang='grc' dir='ltr'><strong>ούκ</strong></span> <span class='ocrx_word' id='word_1_252' title='bbox 1305 3574 1636 3644; x_wconf 83' lang='grc' dir='ltr'>ἀπαιτοῦσιν,</span> <span class='ocrx_word' id='word_1_253' title='bbox 1711 3575 1841 3631; x_wconf 83' lang='grc' dir='ltr'><strong>ἀλλά</strong></span> 
     </span>
    </p>
   </div>
   <div class='ocr_carea' id='block_1_36' title="bbox 235 3660 1838 3742">
    <p class='ocr_par' dir='ltr' id='par_1_36' title="bbox 235 3660 1838 3742">
     <span class='ocr_line' id='line_1_36' title="bbox 235 3660 1838 3742; baseline 0.006 -29"><span class='ocrx_word' id='word_1_254' title='bbox 235 3664 364 3732; x_wconf 87' lang='grc' dir='ltr'><strong>μετά</strong></span> <span class='ocrx_word' id='word_1_255' title='bbox 423 3665 716 3735; x_wconf 77' lang='grc' dir='ltr'>πραότητος</span> <span class='ocrx_word' id='word_1_256' title='bbox 766 3661 1044 3738; x_wconf 81' lang='grc' dir='ltr'>ἐρωτῶσιν.</span> <span class='ocrx_word' id='word_1_257' title='bbox 1104 3662 1260 3718; x_wconf 84' lang='grc' dir='ltr'>Ἐστι</span> <span class='ocrx_word' id='word_1_258' title='bbox 1314 3660 1374 3719; x_wconf 68' lang='grc' dir='ltr'><strong>δι</strong></span> <span class='ocrx_word' id='word_1_259' title='bbox 1419 3670 1478 3719; x_wconf 85' lang='grc' dir='ltr'><strong>τό</strong></span> <span class='ocrx_word' id='word_1_260' title='bbox 1531 3663 1838 3742; x_wconf 81' lang='grc' dir='ltr'>δίδραχμον</span> 
     </span>
    </p>
   </div>
   <div class='ocr_carea' id='block_1_37' title="bbox 233 3747 677 3827">
    <p class='ocr_par' dir='ltr' id='par_1_37' title="bbox 233 3747 677 3827">
     <span class='ocr_line' id='line_1_37' title="bbox 233 3747 677 3827; baseline 0.005 -23"><span class='ocrx_word' id='word_1_261' title='bbox 233 3747 313 3804; x_wconf 80' lang='grc' dir='ltr'><strong>εἰδ</strong></span> <span class='ocrx_word' id='word_1_262' title='bbox 315 3771 366 3810; x_wconf 82' lang='grc' dir='ltr'><strong>ος</strong></span> <span class='ocrx_word' id='word_1_263' title='bbox 397 3750 677 3827; x_wconf 76' lang='grc' dir='ltr'>ἀργυρίου.</span> 
     </span>
    </p>
   </div>
   <div class='ocr_carea' id='block_1_38' title="bbox 308 3927 1838 4010">
    <p class='ocr_par' dir='ltr' id='par_1_38' title="bbox 308 3927 1838 4010">
     <span class='ocr_line' id='line_1_38' title="bbox 308 3927 1838 4010; baseline 0.005 -29"><span class='ocrx_word' id='word_1_264' title='bbox 308 3933 409 3982; x_wconf 73' lang='grc' dir='ltr'><strong>Καὶ</strong></span> <span class='ocrx_word' id='word_1_265' title='bbox 473 3928 558 3981; x_wconf 84' lang='grc' dir='ltr'>ὅτι</span> <span class='ocrx_word' id='word_1_266' title='bbox 611 3927 843 3986; x_wconf 84' lang='grc' dir='ltr'>εἰσῆλθεν</span> <span class='ocrx_word' id='word_1_267' title='bbox 901 3961 968 3970; x_wconf 92' lang='grc'><strong>-</strong></span> <span class='ocrx_word' id='word_1_268' title='bbox 1012 3928 1333 4006; x_wconf 80' lang='grc' dir='ltr'>ἀλλοτρίων;</span> <span class='ocrx_word' id='word_1_269' title='bbox 1384 3937 1492 4010; x_wconf 86' lang='grc' dir='ltr'><strong>Πρὸ</strong></span> <span class='ocrx_word' id='word_1_270' title='bbox 1542 3941 1634 3988; x_wconf 85' lang='grc' dir='ltr'><strong>τοῦ</strong></span> <span class='ocrx_word' id='word_1_271' title='bbox 1681 3935 1838 3990; x_wconf 80' lang='grc' dir='ltr'>εἰπεῖν</span> 
     </span>
    </p>
   </div>
   <div class='ocr_carea' id='block_1_39' title="bbox 230 4015 1839 4097">
    <p class='ocr_par' dir='ltr' id='par_1_39' title="bbox 230 4015 1839 4097">
     <span class='ocr_line' id='line_1_39' title="bbox 230 4015 1839 4097; baseline 0.007 -28"><span class='ocrx_word' id='word_1_272' title='bbox 230 4019 315 4069; x_wconf 81' lang='grc' dir='ltr'><strong>τόν</strong></span> <span class='ocrx_word' id='word_1_273' title='bbox 368 4022 567 4090; x_wconf 82' lang='grc' dir='ltr'>Πέτρον</span> <span class='ocrx_word' id='word_1_274' title='bbox 615 4021 732 4090; x_wconf 88' lang='grc' dir='ltr'>περὶ</span> <span class='ocrx_word' id='word_1_275' title='bbox 771 4025 862 4071; x_wconf 86' lang='grc' dir='ltr'><strong>τοῦ</strong></span> <span class='ocrx_word' id='word_1_276' title='bbox 902 4015 1239 4095; x_wconf 75' lang='grc' dir='ltr'>διδράχμου,</span> <span class='ocrx_word' id='word_1_277' title='bbox 1295 4022 1572 4097; x_wconf 81' lang='grc' dir='ltr'>προέλαϐεν</span> <span class='ocrx_word' id='word_1_278' title='bbox 1619 4024 1774 4078; x_wconf 88' lang='grc' dir='ltr'>αύτὸν</span> <span class='ocrx_word' id='word_1_279' title='bbox 1813 4027 1839 4079; x_wconf 93' lang='lat'><strong>6</strong></span> 
     </span>
    </p>
   </div>
   <div class='ocr_carea' id='block_1_40' title="bbox 231 4105 1840 4190">
    <p class='ocr_par' dir='ltr' id='par_1_40' title="bbox 231 4105 1840 4190">
     <span class='ocr_line' id='line_1_40' title="bbox 231 4105 1840 4190; baseline 0.005 -30"><span class='ocrx_word' id='word_1_280' title='bbox 231 4110 492 4176; x_wconf 80' lang='grc' dir='ltr'>Χριστὸς,</span> <span class='ocrx_word' id='word_1_281' title='bbox 535 4106 814 4180; x_wconf 79' lang='grc' dir='ltr'>ἐμφαίνων,</span> <span class='ocrx_word' id='word_1_282' title='bbox 846 4109 926 4160; x_wconf 85' lang='grc' dir='ltr'>ὅτι</span> <span class='ocrx_word' id='word_1_283' title='bbox 951 4108 1008 4161; x_wconf 81' lang='grc' dir='ltr'><strong>ού</strong></span> <span class='ocrx_word' id='word_1_284' title='bbox 1042 4105 1210 4162; x_wconf 73' lang='grc' dir='ltr'>δεὶι-ςτι</span> <span class='ocrx_word' id='word_1_285' title='bbox 1246 4111 1369 4187; x_wconf 87' lang='grc' dir='ltr'>παρ’</span> <span class='ocrx_word' id='word_1_286' title='bbox 1417 4111 1590 4190; x_wconf 70' lang='grc' dir='ltr'>ἑτέρου</span> <span class='ocrx_word' id='word_1_287' title='bbox 1635 4117 1840 4189; x_wconf 82' lang='grc' dir='ltr'>μαθεῖν,</span> 
     </span>
    </p>
   </div>
   <div class='ocr_carea' id='block_1_41' title="bbox 231 4194 1840 4270">
    <p class='ocr_par' dir='ltr' id='par_1_41' title="bbox 231 4194 1840 4270">
     <span class='ocr_line' id='line_1_41' title="bbox 231 4194 1840 4270; baseline 0.011 -29"><span class='ocrx_word' id='word_1_288' title='bbox 231 4194 387 4259; x_wconf 76' lang='grc' dir='ltr'>εἰδὼς</span> <span class='ocrx_word' id='word_1_289' title='bbox 431 4195 495 4250; x_wconf 87' lang='grc' dir='ltr'><strong>ού</strong></span> <span class='ocrx_word' id='word_1_290' title='bbox 543 4198 610 4248; x_wconf 83' lang='grc' dir='ltr'>τὰ</span> <span class='ocrx_word' id='word_1_291' title='bbox 645 4195 931 4270; x_wconf 86' lang='grc' dir='ltr'>λαλούμενα</span> <span class='ocrx_word' id='word_1_292' title='bbox 977 4204 1149 4270; x_wconf 58' lang='lat' dir='ltr'><strong>ptio-1,</strong></span> <span class='ocrx_word' id='word_1_293' title='bbox 1213 4198 1340 4253; x_wconf 66' lang='grc' dir='ltr'>ἀλλὰ</span> <span class='ocrx_word' id='word_1_294' title='bbox 1384 4206 1475 4256; x_wconf 77' lang='grc' dir='ltr'><strong>καὶ</strong></span> <span class='ocrx_word' id='word_1_295' title='bbox 1528 4205 1594 4257; x_wconf 89' lang='grc' dir='ltr'><strong>τά</strong></span> <span class='ocrx_word' id='word_1_296' title='bbox 1639 4203 1840 4260; x_wconf 87' lang='grc' dir='ltr'>ἐννοού-</span> 
     </span>
    </p>
   </div>
   <div class='ocr_carea' id='block_1_42' title="bbox 231 4283 1840 4366">
    <p class='ocr_par' dir='ltr' id='par_1_42' title="bbox 231 4283 1840 4366">
     <span class='ocr_line' id='line_1_42' title="bbox 231 4283 1840 4366; baseline 0.007 -28"><span class='ocrx_word' id='word_1_297' title='bbox 231 4306 382 4359; x_wconf 81' lang='grc' dir='ltr'>μενοι.</span> <span class='ocrx_word' id='word_1_298' title='bbox 459 4287 557 4339; x_wconf 86' lang='grc' dir='ltr'>Διά</span> <span class='ocrx_word' id='word_1_299' title='bbox 636 4283 1064 4360; x_wconf 79' lang='grc' dir='ltr'>παραδείγματος</span> <span class='ocrx_word' id='word_1_300' title='bbox 1131 4285 1189 4342; x_wconf 71' lang='grc' dir='ltr'>δὲ</span> <span class='ocrx_word' id='word_1_301' title='bbox 1270 4287 1659 4366; x_wconf 77' lang='grc' dir='ltr'>ἀποδείκνυσιν,</span> <span class='ocrx_word' id='word_1_302' title='bbox 1739 4296 1840 4363; x_wconf 85' lang='grc' dir='ltr'>ὅτι,</span> 
     </span>
    </p>
   </div>
   <div class='ocr_carea' id='block_1_43' title="bbox 231 4375 1844 4456">
    <p class='ocr_par' dir='ltr' id='par_1_43' title="bbox 231 4375 1844 4456">
     <span class='ocr_line' id='line_1_43' title="bbox 231 4375 1844 4456; baseline 0.004 -29"><span class='ocrx_word' id='word_1_303' title='bbox 231 4380 462 4447; x_wconf 80' lang='grc' dir='ltr'>γνήσιος</span> <span class='ocrx_word' id='word_1_304' title='bbox 529 4375 652 4437; x_wconf 83' lang='grc' dir='ltr'>Υἱὸς</span> <span class='ocrx_word' id='word_1_305' title='bbox 711 4375 778 4426; x_wconf 83' lang='grc' dir='ltr'>ὢν</span> <span class='ocrx_word' id='word_1_306' title='bbox 825 4383 918 4429; x_wconf 90' lang='grc' dir='ltr'><strong>τοῦ</strong></span> <span class='ocrx_word' id='word_1_307' title='bbox 975 4383 1130 4446; x_wconf 84' lang='grc' dir='ltr'>Θεοῦ,</span> <span class='ocrx_word' id='word_1_308' title='bbox 1189 4377 1282 4431; x_wconf 86' lang='grc' dir='ltr'><strong>ούκ</strong></span> <span class='ocrx_word' id='word_1_309' title='bbox 1333 4379 1519 4453; x_wconf 84' lang='grc' dir='ltr'>ὀφείλει</span> <span class='ocrx_word' id='word_1_310' title='bbox 1574 4382 1730 4436; x_wconf 83' lang='grc' dir='ltr'>τελεῖν</span> <span class='ocrx_word' id='word_1_311' title='bbox 1773 4385 1844 4456; x_wconf 76' lang='grc' dir='ltr'>τῷ</span> 
     </span>
    </p>
   </div>
   <div class='ocr_carea' id='block_1_44' title="bbox 233 4460 1842 4542">
    <p class='ocr_par' dir='ltr' id='par_1_44' title="bbox 233 4460 1842 4542">
     <span class='ocr_line' id='line_1_44' title="bbox 233 4460 1842 4542; baseline 0.006 -24"><span class='ocrx_word' id='word_1_312' title='bbox 233 4466 502 4538; x_wconf 84' lang='grc' dir='ltr'>Πατρὶτό</span> <span class='ocrx_word' id='word_1_313' title='bbox 553 4460 882 4538; x_wconf 87' lang='grc' dir='ltr'>δίδραχμον.</span> <span class='ocrx_word' id='word_1_314' title='bbox 920 4467 988 4524; x_wconf 79' lang='lat' dir='ltr'><strong>Ol</strong></span> <span class='ocrx_word' id='word_1_315' title='bbox 1023 4486 1128 4542; x_wconf 88' lang='grc' dir='ltr'><strong>γαρ</strong></span> <span class='ocrx_word' id='word_1_316' title='bbox 1164 4466 1402 4541; x_wconf 83' lang='grc' dir='ltr'>βασιλεῖς</span> <span class='ocrx_word' id='word_1_317' title='bbox 1450 4471 1544 4524; x_wconf 83' lang='grc' dir='ltr'><strong>ούκ</strong></span> <span class='ocrx_word' id='word_1_318' title='bbox 1587 4471 1687 4526; x_wconf 88' lang='grc' dir='ltr'>ἀπὸ</span> <span class='ocrx_word' id='word_1_319' title='bbox 1742 4483 1842 4528; x_wconf 90' lang='grc' dir='ltr'><strong>τῶν</strong></span> 
     </span>
    </p>
   </div>
   <div class='ocr_carea' id='block_1_45' title="bbox 227 4551 1920 4632">
    <p class='ocr_par' dir='ltr' id='par_1_45' title="bbox 227 4551 1920 4632">
     <span class='ocr_line' id='line_1_45' title="bbox 227 4551 1920 4632; baseline 0.008 -27"><span class='ocrx_word' id='word_1_320' title='bbox 227 4557 472 4625; x_wconf 76' lang='grc' dir='ltr'>γνησίων</span> <span class='ocrx_word' id='word_1_321' title='bbox 496 4555 642 4621; x_wconf 85' lang='grc' dir='ltr'>υἱῶν,</span> <span class='ocrx_word' id='word_1_322' title='bbox 684 4551 792 4606; x_wconf 82' lang='grc' dir='ltr'>ἀλλ’</span> <span class='ocrx_word' id='word_1_323' title='bbox 825 4552 926 4608; x_wconf 87' lang='grc' dir='ltr'>ἀπὸ</span> <span class='ocrx_word' id='word_1_324' title='bbox 956 4563 1055 4608; x_wconf 84' lang='grc' dir='ltr'><strong>τῶν</strong></span> <span class='ocrx_word' id='word_1_325' title='bbox 1103 4555 1381 4632; x_wconf 84' lang='grc' dir='ltr'>ἀλλοτρίων</span> <span class='ocrx_word' id='word_1_326' title='bbox 1409 4559 1526 4619; x_wconf 77' lang='grc' dir='ltr'>τέλη</span> <span class='ocrx_word' id='word_1_327' title='bbox 1576 4563 1608 4620; x_wconf 79' lang='grc' dir='ltr'><strong>ἣ</strong></span> <span class='ocrx_word' id='word_1_328' title='bbox 1652 4570 1844 4622; x_wconf 84' lang='grc' dir='ltr'>κῆνσον</span> <span class='ocrx_word' id='word_1_329' title='bbox 1875 4570 1920 4625; x_wconf 92' lang='lat' dir='ltr'><strong>D</strong></span> 
     </span>
    </p>
   </div>
   <div class='ocr_carea' id='block_1_46' title="bbox 230 4640 1839 4718">
    <p class='ocr_par' dir='ltr' id='par_1_46' title="bbox 230 4640 1839 4718">
     <span class='ocr_line' id='line_1_46' title="bbox 230 4640 1839 4718; baseline 0.007 -24"><span class='ocrx_word' id='word_1_330' title='bbox 230 4642 588 4715; x_wconf 73' lang='grc' dir='ltr'>λαμϐάνουσι.</span> <span class='ocrx_word' id='word_1_331' title='bbox 624 4644 696 4696; x_wconf 83' lang='grc' dir='ltr'><strong>Τὸ</strong></span> <span class='ocrx_word' id='word_1_332' title='bbox 727 4642 854 4696; x_wconf 72' lang='grc' dir='ltr'>αὐτὸ</span> <span class='ocrx_word' id='word_1_333' title='bbox 880 4640 918 4696; x_wconf 88' lang='grc' dir='ltr'><strong>δ</strong></span> <span class='ocrx_word' id='word_1_334' title='bbox 919 4647 942 4697; x_wconf 81' lang='lat' dir='ltr'><strong>&#39;r</strong></span> <span class='ocrx_word' id='word_1_335' title='bbox 963 4644 1166 4718; x_wconf 80' lang='grc' dir='ltr'>λέγεται</span> <span class='ocrx_word' id='word_1_336' title='bbox 1189 4651 1280 4700; x_wconf 81' lang='grc' dir='ltr'>καὶ</span> <span class='ocrx_word' id='word_1_337' title='bbox 1300 4648 1442 4713; x_wconf 72' lang='grc' dir='ltr'>τέλος</span> <span class='ocrx_word' id='word_1_338' title='bbox 1485 4654 1575 4704; x_wconf 85' lang='grc' dir='ltr'>καὶ</span> <span class='ocrx_word' id='word_1_339' title='bbox 1602 4659 1798 4716; x_wconf 80' lang='grc' dir='ltr'>κῆνσος</span> <span class='ocrx_word' id='word_1_340' title='bbox 1825 4671 1839 4686; x_wconf 74' lang='grc' dir='ltr'><strong>ο</strong></span> 
     </span>
    </p>
   </div>
   <div class='ocr_carea' id='block_1_47' title="bbox 235 4732 1840 4815">
    <p class='ocr_par' dir='ltr' id='par_1_47' title="bbox 235 4732 1840 4815">
     <span class='ocr_line' id='line_1_47' title="bbox 235 4732 1840 4815; baseline 0.008 -32"><span class='ocrx_word' id='word_1_341' title='bbox 235 4732 387 4794; x_wconf 69' lang='grc' dir='ltr'>τέλος</span> <span class='ocrx_word' id='word_1_342' title='bbox 548 4732 672 4786; x_wconf 71' lang='grc' dir='ltr'>καθ’</span> <span class='ocrx_word' id='word_1_343' title='bbox 713 4732 976 4802; x_wconf 78' lang='grc' dir='ltr'>Ἕλληνας,</span> <span class='ocrx_word' id='word_1_344' title='bbox 1018 4743 1212 4799; x_wconf 87' lang='grc' dir='ltr'>κῆνσος</span> <span class='ocrx_word' id='word_1_345' title='bbox 1260 4734 1321 4790; x_wconf 69' lang='grc' dir='ltr'><strong>δε</strong></span> <span class='ocrx_word' id='word_1_346' title='bbox 1361 4741 1498 4793; x_wconf 88' lang='grc' dir='ltr'><strong>κατά</strong></span> <span class='ocrx_word' id='word_1_347' title='bbox 1541 4739 1840 4815; x_wconf 84' lang='grc' dir='ltr'>Ῥωμαίους.</span> 
     </span>
    </p>
   </div>
   <div class='ocr_carea' id='block_1_48' title="bbox 311 4965 1842 5040">
    <p class='ocr_par' dir='ltr' id='par_1_48' title="bbox 311 4965 1842 5040">
     <span class='ocr_line' id='line_1_48' title="bbox 311 4965 1842 5040; baseline 0.008 -23"><span class='ocrx_word' id='word_1_348' title='bbox 311 4969 469 5037; x_wconf 76' lang='grc' dir='ltr'>Λέγει</span> <span class='ocrx_word' id='word_1_349' title='bbox 519 4994 589 5006; x_wconf 89' lang='grc'><strong><em>-</em></strong></span> <span class='ocrx_word' id='word_1_350' title='bbox 648 4965 770 5021; x_wconf 82' lang='grc' dir='ltr'>νὶοί.</span> <span class='ocrx_word' id='word_1_351' title='bbox 823 4967 893 5020; x_wconf 81' lang='grc' dir='ltr'>Τό</span> <span class='ocrx_word' id='word_1_352' title='bbox 942 4965 1046 5040; x_wconf 69' lang='grc' dir='ltr'>ἄρα</span> <span class='ocrx_word' id='word_1_353' title='bbox 1109 4967 1225 5040; x_wconf 81' lang='lat'><strong>(56)</strong></span> <span class='ocrx_word' id='word_1_354' title='bbox 1293 4967 1409 5024; x_wconf 80' lang='grc' dir='ltr'>ἀντὶ</span> <span class='ocrx_word' id='word_1_355' title='bbox 1462 4979 1576 5038; x_wconf 84' lang='grc' dir='ltr'>τοῦ,</span> <span class='ocrx_word' id='word_1_356' title='bbox 1645 4972 1842 5030; x_wconf 80' lang='grc' dir='ltr'>λοιπόν.</span> 
     </span>
    </p>
   </div>
   <div class='ocr_carea' id='block_1_49' title="bbox 237 5050 1404 5130">
    <p class='ocr_par' dir='ltr' id='par_1_49' title="bbox 237 5050 1404 5130">
     <span class='ocr_line' id='line_1_49' title="bbox 237 5050 1404 5130; baseline 0.004 -23"><span class='ocrx_word' id='word_1_357' title='bbox 237 5052 534 5130; x_wconf 79' lang='grc' dir='ltr'>Ἐλεύθεροι</span> <span class='ocrx_word' id='word_1_358' title='bbox 565 5050 626 5108; x_wconf 69' lang='grc' dir='ltr'>δὲ</span> <span class='ocrx_word' id='word_1_359' title='bbox 647 5061 742 5108; x_wconf 86' lang='grc' dir='ltr'><strong>τοῦ</strong></span> <span class='ocrx_word' id='word_1_360' title='bbox 769 5051 954 5108; x_wconf 89' lang='grc' dir='ltr'>δοῦναι</span> <span class='ocrx_word' id='word_1_361' title='bbox 981 5055 1099 5115; x_wconf 76' lang='grc' dir='ltr'>τέλη</span> <span class='ocrx_word' id='word_1_362' title='bbox 1131 5056 1162 5115; x_wconf 75' lang='grc' dir='ltr'><strong>ἦ</strong></span> <span class='ocrx_word' id='word_1_363' title='bbox 1189 5064 1404 5118; x_wconf 71' lang='grc' dir='ltr'>κῆνσον.</span> 
     </span>
    </p>
   </div>
   <div class='ocr_carea' id='block_1_50' title="bbox 312 5261 1785 5335">
    <p class='ocr_par' dir='ltr' id='par_1_50' title="bbox 312 5261 1785 5335">
     <span class='ocr_line' id='line_1_50' title="bbox 312 5261 1785 5335; baseline 0.005 -20"><span class='ocrx_word' id='word_1_364' title='bbox 312 5261 367 5297; x_wconf 76' lang='grc' dir='ltr'><strong>³ο</strong></span> <span class='ocrx_word' id='word_1_365' title='bbox 392 5261 549 5316; x_wconf 72' lang='lat' dir='ltr'><strong>Marc</strong></span> <span class='ocrx_word' id='word_1_366' title='bbox 576 5275 652 5327; x_wconf 75' lang='grc' dir='ltr'>ιχ,</span> <span class='ocrx_word' id='word_1_367' title='bbox 685 5263 790 5328; x_wconf 86' lang='lat'><strong>32;</strong></span> <span class='ocrx_word' id='word_1_368' title='bbox 819 5261 960 5320; x_wconf 84' lang='lat' dir='ltr'><strong>Luc.</strong></span> <span class='ocrx_word' id='word_1_369' title='bbox 988 5279 1062 5330; x_wconf 79' lang='lat' dir='ltr'><strong>rx,</strong></span> <span class='ocrx_word' id='word_1_370' title='bbox 1096 5267 1188 5320; x_wconf 76' lang='grc'>45.</span> <span class='ocrx_word' id='word_1_371' title='bbox 1298 5264 1344 5300; x_wconf 77' lang='grc' dir='ltr'>’ί</span> <span class='ocrx_word' id='word_1_372' title='bbox 1385 5266 1559 5324; x_wconf 82' lang='lat' dir='ltr'><strong>Marc.</strong></span> <span class='ocrx_word' id='word_1_373' title='bbox 1591 5282 1663 5335; x_wconf 81' lang='lat' dir='ltr'><strong>ix,</strong></span> <span class='ocrx_word' id='word_1_374' title='bbox 1700 5271 1785 5324; x_wconf 81' lang='lat' dir='ltr'><strong>to.</strong></span> 
     </span>
    </p>
   </div>
   <div class='ocr_carea' id='block_1_51' title="bbox 1190 399 2686 462">
    <p class='ocr_par' dir='ltr' id='par_1_51' title="bbox 1190 399 2686 462">
     <span class='ocr_line' id='line_1_51' title="bbox 1190 399 2686 462; baseline -0.004 0"><span class='ocrx_word' id='word_1_375' title='bbox 1190 404 1552 462; x_wconf 77' lang='lat' dir='ltr'><strong>COMNENT.</strong></span> <span class='ocrx_word' id='word_1_376' title='bbox 1602 403 1670 458; x_wconf 84' lang='lat' dir='ltr'><strong>IN</strong></span> <span class='ocrx_word' id='word_1_377' title='bbox 1724 399 2166 460; x_wconf 74' lang='grc' dir='ltr'><strong>ΜΑΤΤΗᾸΞΠΜ.</strong></span> <span class='ocrx_word' id='word_1_378' title='bbox 2215 434 2273 444; x_wconf 92' lang='lat'><strong>-—</strong></span> <span class='ocrx_word' id='word_1_379' title='bbox 2319 399 2474 457; x_wconf 89' lang='lat' dir='ltr'><strong>CAP.</strong></span> <span class='ocrx_word' id='word_1_380' title='bbox 2518 399 2686 456; x_wconf 81' lang='lat' dir='ltr'><strong>XVII.</strong></span> 
     </span>
    </p>
   </div>
   <div class='ocr_carea' id='block_1_52' title="bbox 3499 399 3602 458">
    <p class='ocr_par' dir='ltr' id='par_1_52' title="bbox 3499 399 3602 458">
     <span class='ocr_line' id='line_1_52' title="bbox 3499 399 3602 458; baseline 0.019 -3"><span class='ocrx_word' id='word_1_381' title='bbox 3499 399 3602 458; x_wconf 73' lang='grc'><strong>494</strong></span> 
     </span>
    </p>
   </div>
   <div class='ocr_carea' id='block_1_53' title="bbox 1939 523 3604 599">
    <p class='ocr_par' dir='ltr' id='par_1_53' title="bbox 1939 523 3604 599">
     <span class='ocr_line' id='line_1_53' title="bbox 1939 523 3604 599; baseline -0.002 -16"><span class='ocrx_word' id='word_1_382' title='bbox 1939 527 2162 584; x_wconf 88' lang='lat' dir='ltr'><strong>dimus.</strong></span> <span class='ocrx_word' id='word_1_383' title='bbox 2187 528 2330 584; x_wconf 83' lang='lat' dir='ltr'><strong>Vide</strong></span> <span class='ocrx_word' id='word_1_384' title='bbox 2351 541 2493 598; x_wconf 89' lang='lat' dir='ltr'><strong>ergo</strong></span> <span class='ocrx_word' id='word_1_385' title='bbox 2513 524 2825 599; x_wconf 90' lang='lat' dir='ltr'><strong>quomodo</strong></span> <span class='ocrx_word' id='word_1_386' title='bbox 2845 524 2981 582; x_wconf 88' lang='lat' dir='ltr'><strong>licet</strong></span> <span class='ocrx_word' id='word_1_387' title='bbox 3000 523 3083 581; x_wconf 92' lang='lat' dir='ltr'><strong>ibi</strong></span> <span class='ocrx_word' id='word_1_388' title='bbox 3103 525 3306 584; x_wconf 77' lang='lat' dir='ltr'><strong>Petrus</strong></span> <span class='ocrx_word' id='word_1_389' title='bbox 3326 523 3500 582; x_wconf 76' lang='lat' dir='ltr'><strong>fuerit</strong></span> <span class='ocrx_word' id='word_1_390' title='bbox 3519 525 3604 581; x_wconf 86' lang='lat' dir='ltr'><strong>in-</strong></span> 
     </span>
    </p>
   </div>
   <div class='ocr_carea' id='block_1_54' title="bbox 1940 612 3604 690">
    <p class='ocr_par' dir='ltr' id='par_1_54' title="bbox 1940 612 3604 690">
     <span class='ocr_line' id='line_1_54' title="bbox 1940 612 3604 690; baseline -0.002 -17"><span class='ocrx_word' id='word_1_391' title='bbox 1940 621 2236 689; x_wconf 88' lang='lat' dir='ltr'><strong>crepatus,</strong></span> <span class='ocrx_word' id='word_1_392' title='bbox 2255 622 2310 672; x_wconf 89' lang='lat' dir='ltr'><strong>et</strong></span> <span class='ocrx_word' id='word_1_393' title='bbox 2327 613 2718 690; x_wconf 81' lang='lat' dir='ltr'><strong>postmodum</strong></span> <span class='ocrx_word' id='word_1_394' title='bbox 2733 613 2976 686; x_wconf 79' lang='lat' dir='ltr'><strong>jusserit</strong></span> <span class='ocrx_word' id='word_1_395' title='bbox 2996 613 3169 670; x_wconf 89' lang='lat' dir='ltr'><strong>Pater</strong></span> <span class='ocrx_word' id='word_1_396' title='bbox 3189 618 3255 672; x_wconf 93' lang='lat' dir='ltr'><strong>ut</strong></span> <span class='ocrx_word' id='word_1_397' title='bbox 3273 629 3412 670; x_wconf 86' lang='lat' dir='ltr'><strong>eum</strong></span> <span class='ocrx_word' id='word_1_398' title='bbox 3435 612 3604 670; x_wconf 88' lang='lat' dir='ltr'><strong>audi-</strong></span> 
     </span>
    </p>
   </div>
   <div class='ocr_carea' id='block_1_55' title="bbox 1938 701 3604 780">
    <p class='ocr_par' dir='ltr' id='par_1_55' title="bbox 1938 701 3604 780">
     <span class='ocr_line' id='line_1_55' title="bbox 1938 701 3604 780; baseline -0.004 -18"><span class='ocrx_word' id='word_1_399' title='bbox 1938 712 2088 771; x_wconf 92' lang='lat' dir='ltr'><strong>rent,</strong></span> <span class='ocrx_word' id='word_1_400' title='bbox 2129 705 2255 780; x_wconf 90' lang='lat' dir='ltr'><strong>ipse</strong></span> <span class='ocrx_word' id='word_1_401' title='bbox 2294 720 2535 778; x_wconf 87' lang='lat' dir='ltr'><strong>quoque</strong></span> <span class='ocrx_word' id='word_1_402' title='bbox 2588 702 3086 760; x_wconf 80' lang='lat' dir='ltr'><strong>resurrectionem</strong></span> <span class='ocrx_word' id='word_1_403' title='bbox 3138 710 3272 777; x_wconf 90' lang='lat' dir='ltr'><strong>post</strong></span> <span class='ocrx_word' id='word_1_404' title='bbox 3322 707 3437 760; x_wconf 89' lang='lat' dir='ltr'><strong>tres</strong></span> <span class='ocrx_word' id='word_1_405' title='bbox 3474 701 3604 758; x_wconf 84' lang='lat' dir='ltr'><strong>dies</strong></span> 
     </span>
    </p>
   </div>
   <div class='ocr_carea' id='block_1_56' title="bbox 1939 789 3604 868">
    <p class='ocr_par' dir='ltr' id='par_1_56' title="bbox 1939 789 3604 868">
     <span class='ocr_line' id='line_1_56' title="bbox 1939 789 3604 868; baseline -0.003 -18"><span class='ocrx_word' id='word_1_406' title='bbox 1939 794 2294 868; x_wconf 83' lang='lat' dir='ltr'><strong>promiserit,</strong></span> <span class='ocrx_word' id='word_1_407' title='bbox 2336 809 2444 850; x_wconf 92' lang='lat' dir='ltr'><strong>nec</strong></span> <span class='ocrx_word' id='word_1_408' title='bbox 2502 793 2584 849; x_wconf 91' lang='lat' dir='ltr'><strong>sic</strong></span> <span class='ocrx_word' id='word_1_409' title='bbox 2641 796 2845 848; x_wconf 89' lang='lat' dir='ltr'><strong>tamen</strong></span> <span class='ocrx_word' id='word_1_410' title='bbox 2901 792 3052 848; x_wconf 87' lang='lat' dir='ltr'><strong>ferre</strong></span> <span class='ocrx_word' id='word_1_411' title='bbox 3108 795 3450 864; x_wconf 89' lang='lat' dir='ltr'><strong>potuerunt,</strong></span> <span class='ocrx_word' id='word_1_412' title='bbox 3493 789 3604 848; x_wconf 87' lang='lat' dir='ltr'><strong>sed</strong></span> 
     </span>
    </p>
   </div>
   <div class='ocr_carea' id='block_1_57' title="bbox 1942 879 3604 956">
    <p class='ocr_par' dir='ltr' id='par_1_57' title="bbox 1942 879 3604 956">
     <span class='ocr_line' id='line_1_57' title="bbox 1942 879 3604 956; baseline -0.001 -17"><span class='ocrx_word' id='word_1_413' title='bbox 1942 884 2262 941; x_wconf 70' lang='lat' dir='ltr'><strong>contristati</strong></span> <span class='ocrx_word' id='word_1_414' title='bbox 2294 889 2450 948; x_wconf 90' lang='lat' dir='ltr'><strong>sunt,</strong></span> <span class='ocrx_word' id='word_1_415' title='bbox 2484 888 2540 937; x_wconf 91' lang='lat' dir='ltr'><strong>et</strong></span> <span class='ocrx_word' id='word_1_416' title='bbox 2564 897 2687 939; x_wconf 90' lang='lat' dir='ltr'><strong>non</strong></span> <span class='ocrx_word' id='word_1_417' title='bbox 2712 885 3038 956; x_wconf 92' lang='lat' dir='ltr'><strong>utcunque,</strong></span> <span class='ocrx_word' id='word_1_418' title='bbox 3067 879 3174 938; x_wconf 90' lang='lat' dir='ltr'><strong>sed</strong></span> <span class='ocrx_word' id='word_1_419' title='bbox 3197 880 3604 938; x_wconf 85' lang='lat' dir='ltr'><strong>vehementer.</strong></span> 
     </span>
    </p>
   </div>
   <div class='ocr_carea' id='block_1_58' title="bbox 2017 967 3607 1042">
    <p class='ocr_par' dir='ltr' id='par_1_58' title="bbox 2017 967 3607 1042">
     <span class='ocr_line' id='line_1_58' title="bbox 2017 967 3607 1042; baseline -0.003 -14"><span class='ocrx_word' id='word_1_420' title='bbox 2017 973 2134 1028; x_wconf 84' lang='lat' dir='ltr'><strong>Hoc</strong></span> <span class='ocrx_word' id='word_1_421' title='bbox 2174 977 2376 1028; x_wconf 88' lang='lat' dir='ltr'><strong>autem</strong></span> <span class='ocrx_word' id='word_1_422' title='bbox 2411 970 2636 1028; x_wconf 83' lang='lat' dir='ltr'><strong>factum</strong></span> <span class='ocrx_word' id='word_1_423' title='bbox 2666 974 2774 1040; x_wconf 91' lang='lat' dir='ltr'><strong>est,</strong></span> <span class='ocrx_word' id='word_1_424' title='bbox 2817 985 2886 1026; x_wconf 91' lang='lat' dir='ltr'><strong>eo</strong></span> <span class='ocrx_word' id='word_1_425' title='bbox 2915 969 3082 1042; x_wconf 89' lang='lat' dir='ltr'><strong>quod</strong></span> <span class='ocrx_word' id='word_1_426' title='bbox 3110 969 3456 1040; x_wconf 78' lang='lat' dir='ltr'><strong>ignorarent</strong></span> <span class='ocrx_word' id='word_1_427' title='bbox 3493 967 3607 1025; x_wconf 87' lang='lat' dir='ltr'><strong>vir-</strong></span> 
     </span>
    </p>
   </div>
   <div class='ocr_carea' id='block_1_59' title="bbox 1943 1057 3607 1133">
    <p class='ocr_par' dir='ltr' id='par_1_59' title="bbox 1943 1057 3607 1133">
     <span class='ocr_line' id='line_1_59' title="bbox 1943 1057 3607 1133; baseline -0.001 -17"><span class='ocrx_word' id='word_1_428' title='bbox 1943 1063 2130 1117; x_wconf 89' lang='lat' dir='ltr'><strong>tutem</strong></span> <span class='ocrx_word' id='word_1_429' title='bbox 2159 1076 2368 1116; x_wconf 90' lang='lat' dir='ltr'><strong>eorum</strong></span> <span class='ocrx_word' id='word_1_430' title='bbox 2403 1075 2540 1133; x_wconf 66' lang='lat' dir='ltr'><strong>qua:</strong></span> <span class='ocrx_word' id='word_1_431' title='bbox 2567 1058 2940 1122; x_wconf 84' lang='lat' dir='ltr'><strong>dicebantur,</strong></span> <span class='ocrx_word' id='word_1_432' title='bbox 2971 1057 3120 1116; x_wconf 87' lang='lat' dir='ltr'><strong>sicut</strong></span> <span class='ocrx_word' id='word_1_433' title='bbox 3150 1059 3380 1114; x_wconf 85' lang='lat' dir='ltr'><strong>Marcus</strong></span> <span class='ocrx_word' id='word_1_434' title='bbox 3412 1062 3470 1115; x_wconf 92' lang='lat' dir='ltr'><strong>et</strong></span> <span class='ocrx_word' id='word_1_435' title='bbox 3498 1059 3607 1114; x_wconf 88' lang='lat' dir='ltr'><strong>Lu-</strong></span> 
     </span>
    </p>
   </div>
   <div class='ocr_carea' id='block_1_60' title="bbox 1943 1146 3604 1221">
    <p class='ocr_par' dir='ltr' id='par_1_60' title="bbox 1943 1146 3604 1221">
     <span class='ocr_line' id='line_1_60' title="bbox 1943 1146 3604 1221; baseline -0.001 -17"><span class='ocrx_word' id='word_1_436' title='bbox 1943 1165 2045 1204; x_wconf 88' lang='lat' dir='ltr'><strong>cas</strong></span> <span class='ocrx_word' id='word_1_437' title='bbox 2087 1149 2368 1206; x_wconf 83' lang='lat' dir='ltr'><strong>dixerunt</strong></span> <span class='ocrx_word' id='word_1_438' title='bbox 2407 1149 2478 1206; x_wconf 89' lang='grc'><strong>²⁰.</strong></span> <span class='ocrx_word' id='word_1_439' title='bbox 2519 1151 2668 1204; x_wconf 87' lang='lat' dir='ltr'><strong>Nam</strong></span> <span class='ocrx_word' id='word_1_440' title='bbox 2722 1147 2815 1204; x_wconf 89' lang='lat' dir='ltr'><strong>ille</strong></span> <span class='ocrx_word' id='word_1_441' title='bbox 2855 1147 3003 1204; x_wconf 83' lang='lat' dir='ltr'><strong>dixit</strong></span> <span class='ocrx_word' id='word_1_442' title='bbox 3040 1146 3208 1221; x_wconf 91' lang='lat' dir='ltr'><strong>quod</strong></span> <span class='ocrx_word' id='word_1_443' title='bbox 3235 1146 3604 1220; x_wconf 85' lang='lat' dir='ltr'><strong>Ignorabant</strong></span> 
     </span>
    </p>
   </div>
   <div class='ocr_carea' id='block_1_61' title="bbox 1944 1235 3606 1308">
    <p class='ocr_par' dir='ltr' id='par_1_61' title="bbox 1944 1235 3606 1308">
     <span class='ocr_line' id='line_1_61' title="bbox 1944 1235 3606 1308; baseline 0 -14"><span class='ocrx_word' id='word_1_444' title='bbox 1944 1238 2206 1306; x_wconf 83' lang='lat' dir='ltr'><strong>verbum,</strong></span> <span class='ocrx_word' id='word_1_445' title='bbox 2243 1246 2298 1298; x_wconf 87' lang='lat' dir='ltr'><strong>et</strong></span> <span class='ocrx_word' id='word_1_446' title='bbox 2329 1237 2600 1295; x_wconf 80' lang='lat' dir='ltr'><strong>timebant</strong></span> <span class='ocrx_word' id='word_1_447' title='bbox 2631 1253 2762 1294; x_wconf 86' lang='lat' dir='ltr'><strong>eum</strong></span> <span class='ocrx_word' id='word_1_448' title='bbox 2793 1237 3188 1308; x_wconf 83' lang='lat' dir='ltr'><strong>interrogare.</strong></span> <span class='ocrx_word' id='word_1_449' title='bbox 3222 1235 3323 1296; x_wconf 79' lang='lat' dir='ltr'><strong>llic</strong></span> <span class='ocrx_word' id='word_1_450' title='bbox 3353 1241 3555 1294; x_wconf 91' lang='lat' dir='ltr'><strong>autem</strong></span> <span class='ocrx_word' id='word_1_451' title='bbox 3589 1250 3606 1294; x_wconf 88' lang='lat'><strong>:</strong></span> 
     </span>
    </p>
   </div>
   <div class='ocr_carea' id='block_1_62' title="bbox 1942 1325 3606 1398">
    <p class='ocr_par' dir='ltr' id='par_1_62' title="bbox 1942 1325 3606 1398">
     <span class='ocr_line' id='line_1_62' title="bbox 1942 1325 3606 1398; baseline 0.001 -16"><span class='ocrx_word' id='word_1_452' title='bbox 1942 1327 2017 1382; x_wconf 84' lang='lat' dir='ltr'><strong>Et</strong></span> <span class='ocrx_word' id='word_1_453' title='bbox 2055 1333 2188 1383; x_wconf 90' lang='lat' dir='ltr'><strong>erat</strong></span> <span class='ocrx_word' id='word_1_454' title='bbox 2219 1327 2628 1384; x_wconf 84' lang='lat' dir='ltr'><strong>absconditum</strong></span> <span class='ocrx_word' id='word_1_455' title='bbox 2659 1327 2732 1383; x_wconf 82' lang='lat' dir='ltr'><strong>ab</strong></span> <span class='ocrx_word' id='word_1_456' title='bbox 2763 1327 2842 1383; x_wconf 88' lang='lat' dir='ltr'><strong>eis</strong></span> <span class='ocrx_word' id='word_1_457' title='bbox 2873 1330 2931 1382; x_wconf 81' lang='lat' dir='ltr'><strong>ut</strong></span> <span class='ocrx_word' id='word_1_458' title='bbox 2962 1343 3080 1383; x_wconf 89' lang='lat' dir='ltr'><strong>non</strong></span> <span class='ocrx_word' id='word_1_459' title='bbox 3113 1325 3503 1398; x_wconf 74' lang='lat' dir='ltr'><strong>intelligerent</strong></span> <span class='ocrx_word' id='word_1_460' title='bbox 3534 1326 3606 1383; x_wconf 79' lang='lat' dir='ltr'><strong>il-</strong></span> 
     </span>
    </p>
   </div>
   <div class='ocr_carea' id='block_1_63' title="bbox 1947 1413 3608 1487">
    <p class='ocr_par' dir='ltr' id='par_1_63' title="bbox 1947 1413 3608 1487">
     <span class='ocr_line' id='line_1_63' title="bbox 1947 1413 3608 1487; baseline 0.001 -16"><span class='ocrx_word' id='word_1_461' title='bbox 1947 1416 2072 1471; x_wconf 81' lang='lat' dir='ltr'><strong>lud.</strong></span> <span class='ocrx_word' id='word_1_462' title='bbox 2112 1416 2316 1472; x_wconf 87' lang='lat' dir='ltr'><strong>Divina</strong></span> <span class='ocrx_word' id='word_1_463' title='bbox 2356 1419 2555 1472; x_wconf 90' lang='lat' dir='ltr'><strong>autem</strong></span> <span class='ocrx_word' id='word_1_464' title='bbox 2596 1415 3044 1487; x_wconf 83' lang='lat' dir='ltr'><strong>dispensatione</strong></span> <span class='ocrx_word' id='word_1_465' title='bbox 3083 1413 3495 1472; x_wconf 90' lang='lat' dir='ltr'><strong>occultabatur</strong></span> <span class='ocrx_word' id='word_1_466' title='bbox 3529 1413 3608 1472; x_wconf 86' lang='lat' dir='ltr'><strong>ab</strong></span> 
     </span>
    </p>
   </div>
   <div class='ocr_carea' id='block_1_64' title="bbox 1944 1503 3609 1577">
    <p class='ocr_par' dir='ltr' id='par_1_64' title="bbox 1944 1503 3609 1577">
     <span class='ocr_line' id='line_1_64' title="bbox 1944 1503 3609 1577; baseline 0.001 -18"><span class='ocrx_word' id='word_1_467' title='bbox 1944 1503 2060 1559; x_wconf 86' lang='lat' dir='ltr'><strong>illis</strong></span> <span class='ocrx_word' id='word_1_468' title='bbox 2096 1504 2260 1562; x_wconf 77' lang='lat' dir='ltr'><strong>verbi</strong></span> <span class='ocrx_word' id='word_1_469' title='bbox 2287 1505 2547 1576; x_wconf 81' lang='lat' dir='ltr'><strong>cognitio</strong></span> <span class='ocrx_word' id='word_1_470' title='bbox 2576 1509 2866 1577; x_wconf 88' lang='lat' dir='ltr'><strong>tanquam</strong></span> <span class='ocrx_word' id='word_1_471' title='bbox 2898 1503 2976 1561; x_wconf 91' lang='lat' dir='ltr'><strong>ab</strong></span> <span class='ocrx_word' id='word_1_472' title='bbox 3006 1504 3386 1577; x_wconf 82' lang='lat' dir='ltr'><strong>imperfectis,</strong></span> <span class='ocrx_word' id='word_1_473' title='bbox 3418 1507 3476 1561; x_wconf 91' lang='lat' dir='ltr'><strong>et</strong></span> <span class='ocrx_word' id='word_1_474' title='bbox 3503 1503 3609 1576; x_wconf 86' lang='lat' dir='ltr'><strong>qui</strong></span> 
     </span>
    </p>
   </div>
   <div class='ocr_carea' id='block_1_65' title="bbox 1943 1592 3607 1668">
    <p class='ocr_par' dir='ltr' id='par_1_65' title="bbox 1943 1592 3607 1668">
     <span class='ocr_line' id='line_1_65' title="bbox 1943 1592 3607 1668; baseline -0.001 -18"><span class='ocrx_word' id='word_1_475' title='bbox 1943 1593 2204 1652; x_wconf 85' lang='lat' dir='ltr'><strong>necdum</strong></span> <span class='ocrx_word' id='word_1_476' title='bbox 2236 1599 2513 1668; x_wconf 88' lang='lat' dir='ltr'><strong>poterant</strong></span> <span class='ocrx_word' id='word_1_477' title='bbox 2541 1593 2617 1650; x_wconf 91' lang='lat' dir='ltr'><strong>ad</strong></span> <span class='ocrx_word' id='word_1_478' title='bbox 2651 1592 3105 1667; x_wconf 88' lang='lat' dir='ltr'><strong>supernaturale</strong></span> <span class='ocrx_word' id='word_1_479' title='bbox 3136 1593 3266 1665; x_wconf 83' lang='lat' dir='ltr'><strong>ejus</strong></span> <span class='ocrx_word' id='word_1_480' title='bbox 3295 1597 3607 1666; x_wconf 88' lang='lat' dir='ltr'><strong>penetrare</strong></span> 
     </span>
    </p>
   </div>
   <div class='ocr_carea' id='block_1_66' title="bbox 1944 1684 2320 1753">
    <p class='ocr_par' dir='ltr' id='par_1_66' title="bbox 1944 1684 2320 1753">
     <span class='ocr_line' id='line_1_66' title="bbox 1944 1684 2320 1753; baseline 0 -15"><span class='ocrx_word' id='word_1_481' title='bbox 1944 1684 2320 1753; x_wconf 85' lang='lat' dir='ltr'><strong>mysterium.</strong></span> 
     </span>
    </p>
   </div>
   <div class='ocr_carea' id='block_1_67' title="bbox 2016 1767 3607 1844">
    <p class='ocr_par' dir='ltr' id='par_1_67' title="bbox 2016 1767 3607 1844">
     <span class='ocr_line' id='line_1_67' title="bbox 2016 1767 3607 1844; baseline 0.001 -20"><span class='ocrx_word' id='word_1_482' title='bbox 2016 1772 2230 1827; x_wconf 89' lang='lat' dir='ltr'><strong>Verum</strong></span> <span class='ocrx_word' id='word_1_483' title='bbox 2262 1772 2309 1825; x_wconf 88' lang='lat' dir='ltr'><strong>si</strong></span> <span class='ocrx_word' id='word_1_484' title='bbox 2339 1770 2488 1828; x_wconf 90' lang='lat' dir='ltr'><strong>illud</strong></span> <span class='ocrx_word' id='word_1_485' title='bbox 2527 1769 2908 1842; x_wconf 81' lang='lat' dir='ltr'><strong>ignorabant,</strong></span> <span class='ocrx_word' id='word_1_486' title='bbox 2939 1769 3251 1844; x_wconf 90' lang='lat' dir='ltr'><strong>quomodo</strong></span> <span class='ocrx_word' id='word_1_487' title='bbox 3280 1767 3607 1827; x_wconf 89' lang='lat' dir='ltr'><strong>contristati</strong></span> 
     </span>
    </p>
   </div>
   <div class='ocr_carea' id='block_1_68' title="bbox 1873 1857 3608 1932">
    <p class='ocr_par' dir='ltr' id='par_1_68' title="bbox 1873 1857 3608 1932">
     <span class='ocr_line' id='line_1_68' title="bbox 1873 1857 3608 1932; baseline 0.002 -19"><span class='ocrx_word' id='word_1_488' title='bbox 1873 1860 1914 1914; x_wconf 85' lang='grc' dir='ltr'>Β</span> <span class='ocrx_word' id='word_1_489' title='bbox 1944 1863 2082 1916; x_wconf 87' lang='lat' dir='ltr'><strong>sunt</strong></span> <span class='ocrx_word' id='word_1_490' title='bbox 2111 1859 2537 1917; x_wconf 83' lang='lat' dir='ltr'><strong>vehementer?</strong></span> <span class='ocrx_word' id='word_1_491' title='bbox 2561 1861 2690 1916; x_wconf 81' lang='lat' dir='ltr'><strong>Non</strong></span> <span class='ocrx_word' id='word_1_492' title='bbox 2721 1859 2962 1932; x_wconf 86' lang='lat' dir='ltr'><strong>penitus</strong></span> <span class='ocrx_word' id='word_1_493' title='bbox 2989 1857 3368 1930; x_wconf 84' lang='lat' dir='ltr'><strong>ignorabant,</strong></span> <span class='ocrx_word' id='word_1_494' title='bbox 3400 1858 3506 1916; x_wconf 83' lang='lat' dir='ltr'><strong>sed</strong></span> <span class='ocrx_word' id='word_1_495' title='bbox 3530 1859 3608 1916; x_wconf 91' lang='lat' dir='ltr'><strong>de</strong></span> 
     </span>
    </p>
   </div>
   <div class='ocr_carea' id='block_1_69' title="bbox 1943 1947 3608 2022">
    <p class='ocr_par' dir='ltr' id='par_1_69' title="bbox 1943 1947 3608 2022">
     <span class='ocr_line' id='line_1_69' title="bbox 1943 1947 3608 2022; baseline -0.001 -17"><span class='ocrx_word' id='word_1_496' title='bbox 1943 1953 2134 2005; x_wconf 90' lang='lat' dir='ltr'><strong>morte</strong></span> <span class='ocrx_word' id='word_1_497' title='bbox 2163 1948 2289 2021; x_wconf 89' lang='lat' dir='ltr'><strong>ejus</strong></span> <span class='ocrx_word' id='word_1_498' title='bbox 2316 1947 2746 2021; x_wconf 87' lang='lat' dir='ltr'><strong>intelligebant,</strong></span> <span class='ocrx_word' id='word_1_499' title='bbox 2774 1965 2913 2005; x_wconf 89' lang='lat' dir='ltr'><strong>cum</strong></span> <span class='ocrx_word' id='word_1_500' title='bbox 2945 1947 3020 2005; x_wconf 92' lang='lat' dir='ltr'><strong>de</strong></span> <span class='ocrx_word' id='word_1_501' title='bbox 3046 1964 3117 2005; x_wconf 92' lang='lat' dir='ltr'><strong>ea</strong></span> <span class='ocrx_word' id='word_1_502' title='bbox 3148 1948 3367 2022; x_wconf 61' lang='lat' dir='ltr'><strong>saepius</strong></span> <span class='ocrx_word' id='word_1_503' title='bbox 3405 1948 3608 2006; x_wconf 87' lang='lat' dir='ltr'><strong>audis-</strong></span> 
     </span>
    </p>
   </div>
   <div class='ocr_carea' id='block_1_70' title="bbox 1945 2036 3608 2105">
    <p class='ocr_par' dir='ltr' id='par_1_70' title="bbox 1945 2036 3608 2105">
     <span class='ocr_line' id='line_1_70' title="bbox 1945 2036 3608 2105; baseline 0.002 -13"><span class='ocrx_word' id='word_1_504' title='bbox 1945 2041 2098 2105; x_wconf 90' lang='lat' dir='ltr'><strong>sent,</strong></span> <span class='ocrx_word' id='word_1_505' title='bbox 2138 2042 2196 2093; x_wconf 88' lang='lat' dir='ltr'><strong>et</strong></span> <span class='ocrx_word' id='word_1_506' title='bbox 2233 2036 2307 2094; x_wconf 93' lang='lat' dir='ltr'><strong>de</strong></span> <span class='ocrx_word' id='word_1_507' title='bbox 2346 2036 2461 2094; x_wconf 89' lang='lat' dir='ltr'><strong>hac</strong></span> <span class='ocrx_word' id='word_1_508' title='bbox 2499 2036 2835 2094; x_wconf 87' lang='lat' dir='ltr'><strong>contristati</strong></span> <span class='ocrx_word' id='word_1_509' title='bbox 2880 2040 3018 2094; x_wconf 91' lang='lat' dir='ltr'><strong>sunt</strong></span> <span class='ocrx_word' id='word_1_510' title='bbox 3054 2036 3431 2104; x_wconf 85' lang='lat' dir='ltr'><strong>vehementer</strong></span> <span class='ocrx_word' id='word_1_511' title='bbox 3471 2053 3485 2094; x_wconf 90' lang='lat'>:</span> <span class='ocrx_word' id='word_1_512' title='bbox 3532 2037 3608 2095; x_wconf 92' lang='lat' dir='ltr'><strong>de</strong></span> 
     </span>
    </p>
   </div>
   <div class='ocr_carea' id='block_1_71' title="bbox 1941 2125 3608 2202">
    <p class='ocr_par' dir='ltr' id='par_1_71' title="bbox 1941 2125 3608 2202">
     <span class='ocr_line' id='line_1_71' title="bbox 1941 2125 3608 2202; baseline 0.001 -21"><span class='ocrx_word' id='word_1_513' title='bbox 1941 2125 2373 2184; x_wconf 86' lang='lat' dir='ltr'><strong>resurrectione</strong></span> <span class='ocrx_word' id='word_1_514' title='bbox 2387 2142 2528 2183; x_wconf 90' lang='lat' dir='ltr'><strong>vero</strong></span> <span class='ocrx_word' id='word_1_515' title='bbox 2554 2125 2934 2199; x_wconf 85' lang='lat' dir='ltr'><strong>ignorabant,</strong></span> <span class='ocrx_word' id='word_1_516' title='bbox 2960 2125 3034 2183; x_wconf 90' lang='lat' dir='ltr'><strong>de</strong></span> <span class='ocrx_word' id='word_1_517' title='bbox 3055 2142 3178 2202; x_wconf 89' lang='lat' dir='ltr'><strong>qua</strong></span> <span class='ocrx_word' id='word_1_518' title='bbox 3197 2126 3375 2184; x_wconf 90' lang='lat' dir='ltr'><strong>etiam</strong></span> <span class='ocrx_word' id='word_1_519' title='bbox 3390 2125 3608 2201; x_wconf 61' lang='lat' dir='ltr'><strong>saepius</strong></span> 
     </span>
    </p>
   </div>
   <div class='ocr_carea' id='block_1_72' title="bbox 1942 2213 3609 2292">
    <p class='ocr_par' dir='ltr' id='par_1_72' title="bbox 1942 2213 3609 2292">
     <span class='ocr_line' id='line_1_72' title="bbox 1942 2213 3609 2292; baseline 0 -20"><span class='ocrx_word' id='word_1_520' title='bbox 1942 2213 2276 2281; x_wconf 86' lang='lat' dir='ltr'><strong>audierant,</strong></span> <span class='ocrx_word' id='word_1_521' title='bbox 2311 2231 2419 2272; x_wconf 91' lang='lat' dir='ltr'><strong>nec</strong></span> <span class='ocrx_word' id='word_1_522' title='bbox 2449 2219 2652 2272; x_wconf 90' lang='lat' dir='ltr'><strong>tamen</strong></span> <span class='ocrx_word' id='word_1_523' title='bbox 2689 2219 2966 2292; x_wconf 87' lang='lat' dir='ltr'><strong>poterant</strong></span> <span class='ocrx_word' id='word_1_524' title='bbox 3005 2214 3330 2288; x_wconf 89' lang='lat' dir='ltr'><strong>intelligere</strong></span> <span class='ocrx_word' id='word_1_525' title='bbox 3360 2213 3508 2288; x_wconf 90' lang='lat' dir='ltr'><strong>quid</strong></span> <span class='ocrx_word' id='word_1_526' title='bbox 3536 2231 3609 2272; x_wconf 90' lang='lat' dir='ltr'><strong>ea</strong></span> 
     </span>
    </p>
   </div>
   <div class='ocr_carea' id='block_1_73' title="bbox 1943 2303 3611 2378">
    <p class='ocr_par' dir='ltr' id='par_1_73' title="bbox 1943 2303 3611 2378">
     <span class='ocr_line' id='line_1_73' title="bbox 1943 2303 3611 2378; baseline 0.002 -20"><span class='ocrx_word' id='word_1_527' title='bbox 1943 2308 2162 2361; x_wconf 89' lang='lat' dir='ltr'><strong>essent.</strong></span> <span class='ocrx_word' id='word_1_528' title='bbox 2199 2304 2343 2362; x_wconf 90' lang='lat' dir='ltr'><strong>Dicit</strong></span> <span class='ocrx_word' id='word_1_529' title='bbox 2375 2304 2533 2361; x_wconf 90' lang='lat' dir='ltr'><strong>enim</strong></span> <span class='ocrx_word' id='word_1_530' title='bbox 2563 2305 2790 2361; x_wconf 83' lang='lat' dir='ltr'><strong>Marcus</strong></span> <span class='ocrx_word' id='word_1_531' title='bbox 2820 2305 2972 2362; x_wconf 90' lang='lat' dir='ltr'><strong>inter</strong></span> <span class='ocrx_word' id='word_1_532' title='bbox 3005 2303 3138 2372; x_wconf 89' lang='lat' dir='ltr'><strong>alia,</strong></span> <span class='ocrx_word' id='word_1_533' title='bbox 3169 2305 3336 2378; x_wconf 91' lang='lat' dir='ltr'><strong>quod</strong></span> <span class='ocrx_word' id='word_1_534' title='bbox 3365 2303 3611 2378; x_wconf 89' lang='lat' dir='ltr'><strong>conqui-</strong></span> 
     </span>
    </p>
   </div>
   <div class='ocr_carea' id='block_1_74' title="bbox 1941 2392 3606 2468">
    <p class='ocr_par' dir='ltr' id='par_1_74' title="bbox 1941 2392 3606 2468">
     <span class='ocr_line' id='line_1_74' title="bbox 1941 2392 3606 2468; baseline 0 -18"><span class='ocrx_word' id='word_1_535' title='bbox 1941 2392 2156 2450; x_wconf 88' lang='lat' dir='ltr'><strong>rebant</strong></span> <span class='ocrx_word' id='word_1_536' title='bbox 2183 2393 2335 2451; x_wconf 89' lang='lat' dir='ltr'><strong>inter</strong></span> <span class='ocrx_word' id='word_1_537' title='bbox 2366 2410 2428 2451; x_wconf 88' lang='lat' dir='ltr'><strong>se</strong></span> <span class='ocrx_word' id='word_1_538' title='bbox 2459 2393 2609 2468; x_wconf 89' lang='lat' dir='ltr'><strong>quid</strong></span> <span class='ocrx_word' id='word_1_539' title='bbox 2637 2399 2813 2464; x_wconf 90' lang='lat' dir='ltr'><strong>esset,</strong></span> <span class='ocrx_word' id='word_1_540' title='bbox 2854 2410 2889 2451; x_wconf 91' lang='lat' dir='ltr'><strong>a</strong></span> <span class='ocrx_word' id='word_1_541' title='bbox 2919 2393 3170 2451; x_wconf 90' lang='lat' dir='ltr'><strong>mortuis</strong></span> <span class='ocrx_word' id='word_1_542' title='bbox 3200 2409 3507 2465; x_wconf 89' lang='lat' dir='ltr'><strong>resurgere</strong></span> <span class='ocrx_word' id='word_1_543' title='bbox 3537 2395 3606 2450; x_wconf 70' lang='grc' dir='ltr'><strong>εί.</strong></span> 
     </span>
    </p>
   </div>
   <div class='ocr_carea' id='block_1_75' title="bbox 1942 2482 3610 2558">
    <p class='ocr_par' dir='ltr' id='par_1_75' title="bbox 1942 2482 3610 2558">
     <span class='ocr_line' id='line_1_75' title="bbox 1942 2482 3610 2558; baseline 0.001 -20"><span class='ocrx_word' id='word_1_544' title='bbox 1942 2482 2416 2556; x_wconf 90' lang='lat' dir='ltr'><strong>Suspicabantur</strong></span> <span class='ocrx_word' id='word_1_545' title='bbox 2442 2499 2706 2558; x_wconf 83' lang='lat' dir='ltr'><strong>namque</strong></span> <span class='ocrx_word' id='word_1_546' title='bbox 2731 2484 2889 2540; x_wconf 89' lang='lat' dir='ltr'><strong>hanc</strong></span> <span class='ocrx_word' id='word_1_547' title='bbox 2915 2483 3092 2541; x_wconf 91' lang='lat' dir='ltr'><strong>etiam</strong></span> <span class='ocrx_word' id='word_1_548' title='bbox 3121 2483 3456 2557; x_wconf 88' lang='lat' dir='ltr'><strong>quamdam</strong></span> <span class='ocrx_word' id='word_1_549' title='bbox 3481 2499 3610 2540; x_wconf 89' lang='lat' dir='ltr'><strong>esse</strong></span> 
     </span>
    </p>
   </div>
   <div class='ocr_carea' id='block_1_76' title="bbox 1941 2571 3612 2646">
    <p class='ocr_par' dir='ltr' id='par_1_76' title="bbox 1941 2571 3612 2646">
     <span class='ocr_line' id='line_1_76' title="bbox 1941 2571 3612 2646; baseline 0.001 -19"><span class='ocrx_word' id='word_1_550' title='bbox 1941 2571 2318 2644; x_wconf 90' lang='lat' dir='ltr'><strong>parabolam.</strong></span> <span class='ocrx_word' id='word_1_551' title='bbox 2335 2573 2646 2646; x_wconf 87' lang='lat' dir='ltr'><strong>Siquidem</strong></span> <span class='ocrx_word' id='word_1_552' title='bbox 2658 2575 2793 2646; x_wconf 89' lang='lat' dir='ltr'><strong>post</strong></span> <span class='ocrx_word' id='word_1_553' title='bbox 2807 2574 3305 2630; x_wconf 89' lang='lat' dir='ltr'><strong>resurrectionem</strong></span> <span class='ocrx_word' id='word_1_554' title='bbox 3317 2574 3364 2609; x_wconf 77' lang='lat'>“</span> <span class='ocrx_word' id='word_1_555' title='bbox 3379 2572 3612 2646; x_wconf 88' lang='lat' dir='ltr'><strong>aperuit</strong></span> 
     </span>
    </p>
   </div>
   <div class='ocr_carea' id='block_1_77' title="bbox 1945 2661 3611 2736">
    <p class='ocr_par' dir='ltr' id='par_1_77' title="bbox 1945 2661 3611 2736">
     <span class='ocr_line' id='line_1_77' title="bbox 1945 2661 3611 2736; baseline 0 -18"><span class='ocrx_word' id='word_1_556' title='bbox 1945 2664 2210 2719; x_wconf 86' lang='lat' dir='ltr'><strong>mentem</strong></span> <span class='ocrx_word' id='word_1_557' title='bbox 2228 2661 2486 2732; x_wconf 84' lang='lat' dir='ltr'><strong>illorum,</strong></span> <span class='ocrx_word' id='word_1_558' title='bbox 2515 2665 2582 2721; x_wconf 91' lang='lat' dir='ltr'><strong>ut</strong></span> <span class='ocrx_word' id='word_1_559' title='bbox 2606 2661 2998 2736; x_wconf 88' lang='lat' dir='ltr'><strong>intelligerent</strong></span> <span class='ocrx_word' id='word_1_560' title='bbox 3025 2661 3359 2736; x_wconf 88' lang='lat' dir='ltr'><strong>Scripturas</strong></span> <span class='ocrx_word' id='word_1_561' title='bbox 3382 2661 3458 2720; x_wconf 92' lang='lat' dir='ltr'><strong>de</strong></span> <span class='ocrx_word' id='word_1_562' title='bbox 3482 2677 3611 2720; x_wconf 90' lang='lat' dir='ltr'><strong>om-</strong></span> 
     </span>
    </p>
   </div>
   <div class='ocr_carea' id='block_1_78' title="bbox 1943 2749 2144 2806">
    <p class='ocr_par' dir='ltr' id='par_1_78' title="bbox 1943 2749 2144 2806">
     <span class='ocr_line' id='line_1_78' title="bbox 1943 2749 2144 2806; baseline -0.005 0"><span class='ocrx_word' id='word_1_563' title='bbox 1943 2749 2144 2806; x_wconf 86' lang='lat' dir='ltr'><strong>nibus.</strong></span> 
     </span>
    </p>
   </div>
   <div class='ocr_carea' id='block_1_79' title="bbox 2089 2839 3466 2914">
    <p class='ocr_par' dir='ltr' id='par_1_79' title="bbox 2089 2839 3466 2914">
     <span class='ocr_line' id='line_1_79' title="bbox 2089 2839 3466 2914; baseline 0.002 -17"><span class='ocrx_word' id='word_1_564' title='bbox 2089 2841 2241 2897; x_wconf 79' lang='lat' dir='ltr'><strong>CAP.</strong></span> <span class='ocrx_word' id='word_1_565' title='bbox 2285 2839 2510 2900; x_wconf 77' lang='lat' dir='ltr'><strong>XXXVI.</strong></span> <span class='ocrx_word' id='word_1_566' title='bbox 2550 2841 2639 2898; x_wconf 88' lang='lat' dir='ltr'><strong>De</strong></span> <span class='ocrx_word' id='word_1_567' title='bbox 2675 2841 3045 2914; x_wconf 75' lang='lat' dir='ltr'><strong>exigentibus</strong></span> <span class='ocrx_word' id='word_1_568' title='bbox 3082 2840 3466 2900; x_wconf 82' lang='lat' dir='ltr'><strong>didrachma.</strong></span> 
     </span>
    </p>
   </div>
   <div class='ocr_carea' id='block_1_80' title="bbox 2014 2927 3607 2989">
    <p class='ocr_par' dir='ltr' id='par_1_80' title="bbox 2014 2927 3607 2989">
     <span class='ocr_line' id='line_1_80' title="bbox 2014 2927 3607 2989; baseline 0.003 -5"><span class='ocrx_word' id='word_1_569' title='bbox 2014 2927 2183 2988; x_wconf 87' lang='lat' dir='ltr'><strong>Vers.</strong></span> <span class='ocrx_word' id='word_1_570' title='bbox 2223 2929 2314 2988; x_wconf 69' lang='lat'><strong>24.</strong></span> <span class='ocrx_word' id='word_1_571' title='bbox 2352 2930 2589 2987; x_wconf 83' lang='lat' dir='ltr'><strong>Etcum</strong></span> <span class='ocrx_word' id='word_1_572' title='bbox 2620 2931 2935 2989; x_wconf 80' lang='lat' dir='ltr'><strong>venissent.</strong></span> <span class='ocrx_word' id='word_1_573' title='bbox 2966 2963 3033 2971; x_wconf 88' lang='lat'>——</span> <span class='ocrx_word' id='word_1_574' title='bbox 3063 2929 3230 2988; x_wconf 88' lang='lat' dir='ltr'><strong>Vers.</strong></span> <span class='ocrx_word' id='word_1_575' title='bbox 3271 2932 3361 2986; x_wconf 82' lang='lat'><strong>25.</strong></span> <span class='ocrx_word' id='word_1_576' title='bbox 3403 2932 3607 2988; x_wconf 87' lang='lat' dir='ltr'><strong>etiam.</strong></span> 
     </span>
    </p>
   </div>
   <div class='ocr_carea' id='block_1_81' title="bbox 1945 3016 3610 3090">
    <p class='ocr_par' dir='ltr' id='par_1_81' title="bbox 1945 3016 3610 3090">
     <span class='ocr_line' id='line_1_81' title="bbox 1945 3016 3610 3090; baseline 0.001 -16"><span class='ocrx_word' id='word_1_577' title='bbox 1945 3016 2327 3089; x_wconf 90' lang='lat' dir='ltr'><strong>Primogeniti</strong></span> <span class='ocrx_word' id='word_1_578' title='bbox 2357 3034 2569 3076; x_wconf 92' lang='lat' dir='ltr'><strong>omnes</strong></span> <span class='ocrx_word' id='word_1_579' title='bbox 2603 3019 3006 3076; x_wconf 65' lang='lat' dir='ltr'><strong>Htebrmorum</strong></span> <span class='ocrx_word' id='word_1_580' title='bbox 3033 3018 3283 3090; x_wconf 89' lang='lat' dir='ltr'><strong>singulis</strong></span> <span class='ocrx_word' id='word_1_581' title='bbox 3316 3019 3490 3076; x_wconf 91' lang='lat' dir='ltr'><strong>annis</strong></span> <span class='ocrx_word' id='word_1_582' title='bbox 3521 3018 3610 3076; x_wconf 91' lang='lat' dir='ltr'><strong>di-</strong></span> 
     </span>
    </p>
   </div>
   <div class='ocr_carea' id='block_1_82' title="bbox 1945 3106 3608 3179">
    <p class='ocr_par' dir='ltr' id='par_1_82' title="bbox 1945 3106 3608 3179">
     <span class='ocr_line' id='line_1_82' title="bbox 1945 3106 3608 3179; baseline 0.002 -18"><span class='ocrx_word' id='word_1_583' title='bbox 1945 3106 2241 3168; x_wconf 87' lang='lat' dir='ltr'><strong>drachma</strong></span> <span class='ocrx_word' id='word_1_584' title='bbox 2280 3107 2627 3179; x_wconf 85' lang='lat' dir='ltr'><strong>pendebant</strong></span> <span class='ocrx_word' id='word_1_585' title='bbox 2655 3109 2775 3166; x_wconf 92' lang='lat' dir='ltr'><strong>Deo</strong></span> <span class='ocrx_word' id='word_1_586' title='bbox 2805 3109 2866 3164; x_wconf 90' lang='lat' dir='ltr'><strong>in</strong></span> <span class='ocrx_word' id='word_1_587' title='bbox 2907 3109 3235 3179; x_wconf 82' lang='lat' dir='ltr'><strong>gratiarum</strong></span> <span class='ocrx_word' id='word_1_588' title='bbox 3266 3108 3562 3166; x_wconf 83' lang='lat' dir='ltr'><strong>actionem</strong></span> <span class='ocrx_word' id='word_1_589' title='bbox 3595 3122 3608 3163; x_wconf 91' lang='lat'>:</span> 
     </span>
    </p>
   </div>
   <div class='ocr_carea' id='block_1_83' title="bbox 1947 3195 3610 3274">
    <p class='ocr_par' dir='ltr' id='par_1_83' title="bbox 1947 3195 3610 3274">
     <span class='ocr_line' id='line_1_83' title="bbox 1947 3195 3610 3274; baseline -0.001 -22"><span class='ocrx_word' id='word_1_590' title='bbox 1947 3209 2018 3252; x_wconf 90' lang='lat' dir='ltr'><strong>eo</strong></span> <span class='ocrx_word' id='word_1_591' title='bbox 2043 3196 2207 3268; x_wconf 91' lang='lat' dir='ltr'><strong>quod</strong></span> <span class='ocrx_word' id='word_1_592' title='bbox 2231 3195 2374 3253; x_wconf 85' lang='lat' dir='ltr'><strong>olim</strong></span> <span class='ocrx_word' id='word_1_593' title='bbox 2397 3195 2812 3269; x_wconf 70' lang='lat' dir='ltr'><strong>)Egyptiorum</strong></span> <span class='ocrx_word' id='word_1_594' title='bbox 2836 3197 3234 3274; x_wconf 87' lang='lat' dir='ltr'><strong>primogenita</strong></span> <span class='ocrx_word' id='word_1_595' title='bbox 3249 3196 3610 3269; x_wconf 89' lang='lat' dir='ltr'><strong>perdiderat.</strong></span> 
     </span>
    </p>
   </div>
   <div class='ocr_carea' id='block_1_84' title="bbox 1948 3283 3612 3358">
    <p class='ocr_par' dir='ltr' id='par_1_84' title="bbox 1948 3283 3612 3358">
     <span class='ocr_line' id='line_1_84' title="bbox 1948 3283 3612 3358; baseline 0 -18"><span class='ocrx_word' id='word_1_596' title='bbox 1948 3283 2098 3351; x_wconf 84' lang='lat' dir='ltr'><strong>Quia</strong></span> <span class='ocrx_word' id='word_1_597' title='bbox 2136 3299 2276 3356; x_wconf 91' lang='lat' dir='ltr'><strong>ergo</strong></span> <span class='ocrx_word' id='word_1_598' title='bbox 2317 3284 2582 3340; x_wconf 89' lang='lat' dir='ltr'><strong>Christus</strong></span> <span class='ocrx_word' id='word_1_599' title='bbox 2621 3285 2802 3342; x_wconf 88' lang='lat' dir='ltr'><strong>etiam</strong></span> <span class='ocrx_word' id='word_1_600' title='bbox 2849 3285 3286 3358; x_wconf 90' lang='lat' dir='ltr'><strong>primogenitus</strong></span> <span class='ocrx_word' id='word_1_601' title='bbox 3326 3290 3468 3352; x_wconf 88' lang='lat' dir='ltr'><strong>erat,</strong></span> <span class='ocrx_word' id='word_1_602' title='bbox 3506 3284 3612 3357; x_wconf 90' lang='lat' dir='ltr'><strong>qui</strong></span> 
     </span>
    </p>
   </div>
   <div class='ocr_carea' id='block_1_85' title="bbox 1947 3372 3612 3446">
    <p class='ocr_par' dir='ltr' id='par_1_85' title="bbox 1947 3372 3612 3446">
     <span class='ocr_line' id='line_1_85' title="bbox 1947 3372 3612 3446; baseline 0.001 -17"><span class='ocrx_word' id='word_1_603' title='bbox 1947 3373 2076 3429; x_wconf 81' lang='lat' dir='ltr'><strong>haec</strong></span> <span class='ocrx_word' id='word_1_604' title='bbox 2098 3373 2568 3444; x_wconf 90' lang='lat' dir='ltr'><strong>congregabant,</strong></span> <span class='ocrx_word' id='word_1_605' title='bbox 2597 3373 2675 3432; x_wconf 90' lang='lat' dir='ltr'><strong>ad</strong></span> <span class='ocrx_word' id='word_1_606' title='bbox 2699 3374 2903 3446; x_wconf 87' lang='lat' dir='ltr'><strong>ipsum</strong></span> <span class='ocrx_word' id='word_1_607' title='bbox 2929 3372 3176 3446; x_wconf 89' lang='lat' dir='ltr'><strong>quidem</strong></span> <span class='ocrx_word' id='word_1_608' title='bbox 3206 3373 3486 3431; x_wconf 89' lang='lat' dir='ltr'><strong>accedere</strong></span> <span class='ocrx_word' id='word_1_609' title='bbox 3515 3389 3612 3431; x_wconf 87' lang='lat' dir='ltr'><strong>ve-</strong></span> 
     </span>
    </p>
   </div>
   <div class='ocr_carea' id='block_1_86' title="bbox 1947 3461 3612 3537">
    <p class='ocr_par' dir='ltr' id='par_1_86' title="bbox 1947 3461 3612 3537">
     <span class='ocr_line' id='line_1_86' title="bbox 1947 3461 3612 3537; baseline 0 -19"><span class='ocrx_word' id='word_1_610' title='bbox 1947 3461 2253 3528; x_wconf 87' lang='lat' dir='ltr'><strong>rebantur,</strong></span> <span class='ocrx_word' id='word_1_611' title='bbox 2293 3461 2660 3519; x_wconf 88' lang='lat' dir='ltr'><strong>honorantes</strong></span> <span class='ocrx_word' id='word_1_612' title='bbox 2700 3477 2839 3519; x_wconf 89' lang='lat' dir='ltr'><strong>eum</strong></span> <span class='ocrx_word' id='word_1_613' title='bbox 2869 3467 3116 3537; x_wconf 91' lang='lat' dir='ltr'><strong>propter</strong></span> <span class='ocrx_word' id='word_1_614' title='bbox 3145 3461 3436 3520; x_wconf 86' lang='lat' dir='ltr'><strong>miracula</strong></span> <span class='ocrx_word' id='word_1_615' title='bbox 3477 3478 3490 3518; x_wconf 94' lang='lat'>:</span> <span class='ocrx_word' id='word_1_616' title='bbox 3531 3463 3612 3520; x_wconf 90' lang='lat' dir='ltr'><strong>ad</strong></span> 
     </span>
    </p>
   </div>
   <div class='ocr_carea' id='block_1_87' title="bbox 1947 3550 3615 3625">
    <p class='ocr_par' dir='ltr' id='par_1_87' title="bbox 1947 3550 3615 3625">
     <span class='ocr_line' id='line_1_87' title="bbox 1947 3550 3615 3625; baseline -0.001 -15"><span class='ocrx_word' id='word_1_617' title='bbox 1947 3551 2194 3610; x_wconf 89' lang='lat' dir='ltr'><strong>Petrum</strong></span> <span class='ocrx_word' id='word_1_618' title='bbox 2224 3554 2426 3609; x_wconf 88' lang='lat' dir='ltr'><strong>autem</strong></span> <span class='ocrx_word' id='word_1_619' title='bbox 2456 3554 2745 3625; x_wconf 87' lang='lat' dir='ltr'><strong>tanquam</strong></span> <span class='ocrx_word' id='word_1_620' title='bbox 2772 3551 3102 3625; x_wconf 88' lang='lat' dir='ltr'><strong>principem</strong></span> <span class='ocrx_word' id='word_1_621' title='bbox 3129 3552 3258 3624; x_wconf 90' lang='lat' dir='ltr'><strong>jam</strong></span> <span class='ocrx_word' id='word_1_622' title='bbox 3288 3550 3615 3625; x_wconf 89' lang='lat' dir='ltr'><strong>discipulo-</strong></span> 
     </span>
    </p>
   </div>
   <div class='ocr_carea' id='block_1_88' title="bbox 1947 3631 3613 3713">
    <p class='ocr_par' dir='ltr' id='par_1_88' title="bbox 1947 3631 3613 3713">
     <span class='ocr_line' id='line_1_88' title="bbox 1947 3631 3613 3713; baseline 0 -15"><span class='ocrx_word' id='word_1_623' title='bbox 1947 3658 2082 3698; x_wconf 90' lang='lat' dir='ltr'><strong>rum</strong></span> <span class='ocrx_word' id='word_1_624' title='bbox 2102 3641 2396 3700; x_wconf 89' lang='lat' dir='ltr'><strong>accedunt</strong></span> <span class='ocrx_word' id='word_1_625' title='bbox 2418 3665 2431 3697; x_wconf 86' lang='lat'><strong>:</strong></span> <span class='ocrx_word' id='word_1_626' title='bbox 2449 3656 2561 3698; x_wconf 90' lang='lat' dir='ltr'><strong>nec</strong></span> <span class='ocrx_word' id='word_1_627' title='bbox 2579 3631 2840 3713; x_wconf 83' lang='lat' dir='ltr'><strong>exigunt,</strong></span> <span class='ocrx_word' id='word_1_628' title='bbox 2867 3641 2971 3698; x_wconf 90' lang='lat' dir='ltr'><strong>sed</strong></span> <span class='ocrx_word' id='word_1_629' title='bbox 2987 3657 3127 3699; x_wconf 90' lang='lat' dir='ltr'><strong>cum</strong></span> <span class='ocrx_word' id='word_1_630' title='bbox 3149 3640 3613 3699; x_wconf 90' lang='lat' dir='ltr'><strong>mansuetudine</strong></span> 
     </span>
    </p>
   </div>
   <div class='ocr_carea' id='block_1_89' title="bbox 1946 3730 3614 3803">
    <p class='ocr_par' dir='ltr' id='par_1_89' title="bbox 1946 3730 3614 3803">
     <span class='ocr_line' id='line_1_89' title="bbox 1946 3730 3614 3803; baseline -0.001 -16"><span class='ocrx_word' id='word_1_631' title='bbox 1946 3730 2335 3802; x_wconf 88' lang='lat' dir='ltr'><strong>interrogant.</strong></span> <span class='ocrx_word' id='word_1_632' title='bbox 2362 3732 2464 3788; x_wconf 86' lang='lat' dir='ltr'><strong>Est</strong></span> <span class='ocrx_word' id='word_1_633' title='bbox 2493 3734 2691 3788; x_wconf 91' lang='lat' dir='ltr'><strong>autem</strong></span> <span class='ocrx_word' id='word_1_634' title='bbox 2725 3730 3149 3788; x_wconf 88' lang='lat' dir='ltr'><strong>didrachmum</strong></span> <span class='ocrx_word' id='word_1_635' title='bbox 3171 3745 3358 3803; x_wconf 82' lang='lat' dir='ltr'><strong>genus</strong></span> <span class='ocrx_word' id='word_1_636' title='bbox 3382 3730 3614 3787; x_wconf 88' lang='lat' dir='ltr'><strong>numis-</strong></span> 
     </span>
    </p>
   </div>
   <div class='ocr_carea' id='block_1_90' title="bbox 1950 3819 2152 3878">
    <p class='ocr_par' dir='ltr' id='par_1_90' title="bbox 1950 3819 2152 3878">
     <span class='ocr_line' id='line_1_90' title="bbox 1950 3819 2152 3878; baseline -0.02 -2"><span class='ocrx_word' id='word_1_637' title='bbox 1950 3819 2152 3878; x_wconf 90' lang='lat' dir='ltr'><strong>matis.</strong></span> 
     </span>
    </p>
   </div>
   <div class='ocr_carea' id='block_1_91' title="bbox 2018 3909 3618 3983">
    <p class='ocr_par' dir='ltr' id='par_1_91' title="bbox 2018 3909 3618 3983">
     <span class='ocr_line' id='line_1_91' title="bbox 2018 3909 3618 3983; baseline 0.001 -19"><span class='ocrx_word' id='word_1_638' title='bbox 2018 3911 2179 3966; x_wconf 89' lang='lat' dir='ltr'><strong>Vers.</strong></span> <span class='ocrx_word' id='word_1_639' title='bbox 2229 3914 2319 3966; x_wconf 84' lang='lat'><strong>25.</strong></span> <span class='ocrx_word' id='word_1_640' title='bbox 2375 3909 2642 3983; x_wconf 84' lang='lat' dir='ltr'><strong>Cumque</strong></span> <span class='ocrx_word' id='word_1_641' title='bbox 2691 3911 2994 3982; x_wconf 86' lang='lat' dir='ltr'><strong>ingressus</strong></span> <span class='ocrx_word' id='word_1_642' title='bbox 3046 3917 3190 3968; x_wconf 82' lang='lat' dir='ltr'><strong>esset</strong></span> <span class='ocrx_word' id='word_1_643' title='bbox 3241 3941 3308 3952; x_wconf 92' lang='lat'><strong>-—</strong></span> <span class='ocrx_word' id='word_1_644' title='bbox 3354 3909 3618 3968; x_wconf 72' lang='lat' dir='ltr'><strong>alienis?</strong></span> 
     </span>
    </p>
   </div>
   <div class='ocr_carea' id='block_1_92' title="bbox 1948 3996 3615 4074">
    <p class='ocr_par' dir='ltr' id='par_1_92' title="bbox 1948 3996 3615 4074">
     <span class='ocr_line' id='line_1_92' title="bbox 1948 3996 3615 4074; baseline 0.001 -20"><span class='ocrx_word' id='word_1_645' title='bbox 1948 3997 2309 4071; x_wconf 88' lang='lat' dir='ltr'><strong>Priusquam</strong></span> <span class='ocrx_word' id='word_1_646' title='bbox 2339 3996 2682 4073; x_wconf 91' lang='lat' dir='ltr'><strong>loqueretur</strong></span> <span class='ocrx_word' id='word_1_647' title='bbox 2712 3999 2919 4056; x_wconf 91' lang='lat' dir='ltr'><strong>Petrus</strong></span> <span class='ocrx_word' id='word_1_648' title='bbox 2949 3999 3024 4056; x_wconf 89' lang='lat' dir='ltr'><strong>de</strong></span> <span class='ocrx_word' id='word_1_649' title='bbox 3055 3998 3430 4066; x_wconf 88' lang='lat' dir='ltr'><strong>didracbmo,</strong></span> <span class='ocrx_word' id='word_1_650' title='bbox 3469 4015 3615 4074; x_wconf 70' lang='lat' dir='ltr'><strong>pras-</strong></span> 
     </span>
    </p>
   </div>
   <div class='ocr_carea' id='block_1_93' title="bbox 1949 4086 3618 4160">
    <p class='ocr_par' dir='ltr' id='par_1_93' title="bbox 1949 4086 3618 4160">
     <span class='ocr_line' id='line_1_93' title="bbox 1949 4086 3618 4160; baseline 0.001 -17"><span class='ocrx_word' id='word_1_651' title='bbox 1949 4086 2108 4144; x_wconf 91' lang='lat' dir='ltr'><strong>venit</strong></span> <span class='ocrx_word' id='word_1_652' title='bbox 2146 4102 2284 4143; x_wconf 91' lang='lat' dir='ltr'><strong>eum</strong></span> <span class='ocrx_word' id='word_1_653' title='bbox 2316 4088 2509 4154; x_wconf 83' lang='lat' dir='ltr'><strong>Jesus,</strong></span> <span class='ocrx_word' id='word_1_654' title='bbox 2543 4087 2967 4144; x_wconf 89' lang='lat' dir='ltr'><strong>demonstrans</strong></span> <span class='ocrx_word' id='word_1_655' title='bbox 2997 4103 3119 4144; x_wconf 90' lang='lat' dir='ltr'><strong>non</strong></span> <span class='ocrx_word' id='word_1_656' title='bbox 3150 4102 3305 4160; x_wconf 91' lang='lat' dir='ltr'><strong>opus</strong></span> <span class='ocrx_word' id='word_1_657' title='bbox 3334 4102 3466 4144; x_wconf 89' lang='lat' dir='ltr'><strong>esse</strong></span> <span class='ocrx_word' id='word_1_658' title='bbox 3505 4086 3618 4144; x_wconf 89' lang='lat' dir='ltr'><strong>sibi</strong></span> 
     </span>
    </p>
   </div>
   <div class='ocr_carea' id='block_1_94' title="bbox 1950 4175 3617 4250">
    <p class='ocr_par' dir='ltr' id='par_1_94' title="bbox 1950 4175 3617 4250">
     <span class='ocr_line' id='line_1_94' title="bbox 1950 4175 3617 4250; baseline -0.001 -17"><span class='ocrx_word' id='word_1_659' title='bbox 1950 4179 2016 4233; x_wconf 92' lang='lat' dir='ltr'><strong>ut</strong></span> <span class='ocrx_word' id='word_1_660' title='bbox 2052 4175 2131 4231; x_wconf 92' lang='lat' dir='ltr'><strong>ab</strong></span> <span class='ocrx_word' id='word_1_661' title='bbox 2170 4175 2287 4231; x_wconf 89' lang='lat' dir='ltr'><strong>alio</strong></span> <span class='ocrx_word' id='word_1_662' title='bbox 2326 4175 2595 4243; x_wconf 89' lang='lat' dir='ltr'><strong>disceret,</strong></span> <span class='ocrx_word' id='word_1_663' title='bbox 2652 4192 2790 4232; x_wconf 91' lang='lat' dir='ltr'><strong>cum</strong></span> <span class='ocrx_word' id='word_1_664' title='bbox 2839 4177 3013 4233; x_wconf 89' lang='lat' dir='ltr'><strong>sciret</strong></span> <span class='ocrx_word' id='word_1_665' title='bbox 3049 4191 3172 4233; x_wconf 92' lang='lat' dir='ltr'><strong>non</strong></span> <span class='ocrx_word' id='word_1_666' title='bbox 3213 4179 3442 4232; x_wconf 87' lang='lat' dir='ltr'><strong>tantum</strong></span> <span class='ocrx_word' id='word_1_667' title='bbox 3480 4191 3617 4250; x_wconf 66' lang='lat' dir='ltr'><strong>quas</strong></span> 
     </span>
    </p>
   </div>
   <div class='ocr_carea' id='block_1_95' title="bbox 1951 4263 3618 4338">
    <p class='ocr_par' dir='ltr' id='par_1_95' title="bbox 1951 4263 3618 4338">
     <span class='ocr_line' id='line_1_95' title="bbox 1951 4263 3618 4338; baseline 0 -18"><span class='ocrx_word' id='word_1_668' title='bbox 1951 4265 2324 4328; x_wconf 88' lang='lat' dir='ltr'><strong>dicebantur,</strong></span> <span class='ocrx_word' id='word_1_669' title='bbox 2364 4279 2577 4320; x_wconf 89' lang='lat' dir='ltr'><strong>verum</strong></span> <span class='ocrx_word' id='word_1_670' title='bbox 2626 4263 2807 4322; x_wconf 89' lang='lat' dir='ltr'><strong>etiam</strong></span> <span class='ocrx_word' id='word_1_671' title='bbox 2852 4281 2990 4338; x_wconf 75' lang='lat' dir='ltr'><strong>quae</strong></span> <span class='ocrx_word' id='word_1_672' title='bbox 3035 4263 3473 4336; x_wconf 90' lang='lat' dir='ltr'><strong>cogitabantur.</strong></span> <span class='ocrx_word' id='word_1_673' title='bbox 3513 4263 3618 4320; x_wconf 88' lang='lat' dir='ltr'><strong>Per</strong></span> 
     </span>
    </p>
   </div>
   <div class='ocr_carea' id='block_1_96' title="bbox 1952 4351 3615 4426">
    <p class='ocr_par' dir='ltr' id='par_1_96' title="bbox 1952 4351 3615 4426">
     <span class='ocr_line' id='line_1_96' title="bbox 1952 4351 3615 4426; baseline -0.001 -17"><span class='ocrx_word' id='word_1_674' title='bbox 1952 4351 2296 4423; x_wconf 84' lang='lat' dir='ltr'><strong>exemplum</strong></span> <span class='ocrx_word' id='word_1_675' title='bbox 2341 4355 2543 4408; x_wconf 90' lang='lat' dir='ltr'><strong>autem</strong></span> <span class='ocrx_word' id='word_1_676' title='bbox 2586 4353 2848 4410; x_wconf 89' lang='lat' dir='ltr'><strong>ostendit</strong></span> <span class='ocrx_word' id='word_1_677' title='bbox 2896 4353 3083 4426; x_wconf 83' lang='lat' dir='ltr'><strong>quod,</strong></span> <span class='ocrx_word' id='word_1_678' title='bbox 3131 4367 3270 4410; x_wconf 91' lang='lat' dir='ltr'><strong>cum</strong></span> <span class='ocrx_word' id='word_1_679' title='bbox 3318 4351 3615 4410; x_wconf 89' lang='lat' dir='ltr'><strong>naturalis</strong></span> 
     </span>
    </p>
   </div>
   <div class='ocr_carea' id='block_1_97' title="bbox 1953 4439 3616 4515">
    <p class='ocr_par' dir='ltr' id='par_1_97' title="bbox 1953 4439 3616 4515">
     <span class='ocr_line' id='line_1_97' title="bbox 1953 4439 3616 4515; baseline 0 -17"><span class='ocrx_word' id='word_1_680' title='bbox 1953 4442 2027 4498; x_wconf 88' lang='lat' dir='ltr'><strong>sit</strong></span> <span class='ocrx_word' id='word_1_681' title='bbox 2064 4439 2165 4496; x_wconf 92' lang='lat' dir='ltr'><strong>Dei</strong></span> <span class='ocrx_word' id='word_1_682' title='bbox 2209 4440 2406 4508; x_wconf 86' lang='lat' dir='ltr'><strong>Filius,</strong></span> <span class='ocrx_word' id='word_1_683' title='bbox 2459 4455 2582 4496; x_wconf 93' lang='lat' dir='ltr'><strong>non</strong></span> <span class='ocrx_word' id='word_1_684' title='bbox 2631 4441 2812 4498; x_wconf 88' lang='lat' dir='ltr'><strong>debet</strong></span> <span class='ocrx_word' id='word_1_685' title='bbox 2848 4443 3108 4515; x_wconf 90' lang='lat' dir='ltr'><strong>pendere</strong></span> <span class='ocrx_word' id='word_1_686' title='bbox 3147 4441 3299 4500; x_wconf 90' lang='lat' dir='ltr'><strong>Patri</strong></span> <span class='ocrx_word' id='word_1_687' title='bbox 3336 4440 3616 4499; x_wconf 83' lang='lat' dir='ltr'><strong>didrach-</strong></span> 
     </span>
    </p>
   </div>
   <div class='ocr_carea' id='block_1_98' title="bbox 1952 4531 3614 4605">
    <p class='ocr_par' dir='ltr' id='par_1_98' title="bbox 1952 4531 3614 4605">
     <span class='ocr_line' id='line_1_98' title="bbox 1952 4531 3614 4605; baseline 0 -16"><span class='ocrx_word' id='word_1_688' title='bbox 1952 4547 2144 4589; x_wconf 87' lang='lat' dir='ltr'><strong>mum.</strong></span> <span class='ocrx_word' id='word_1_689' title='bbox 2204 4534 2353 4587; x_wconf 88' lang='lat' dir='ltr'><strong>Nam</strong></span> <span class='ocrx_word' id='word_1_690' title='bbox 2403 4546 2575 4602; x_wconf 91' lang='lat' dir='ltr'><strong>reges</strong></span> <span class='ocrx_word' id='word_1_691' title='bbox 2623 4547 2744 4588; x_wconf 90' lang='lat' dir='ltr'><strong>non</strong></span> <span class='ocrx_word' id='word_1_692' title='bbox 2793 4548 2830 4588; x_wconf 91' lang='lat' dir='ltr'><strong>a</strong></span> <span class='ocrx_word' id='word_1_693' title='bbox 2869 4532 3127 4605; x_wconf 91' lang='lat' dir='ltr'><strong>propriis</strong></span> <span class='ocrx_word' id='word_1_694' title='bbox 3171 4531 3331 4602; x_wconf 87' lang='lat' dir='ltr'><strong>ﬁliis,</strong></span> <span class='ocrx_word' id='word_1_695' title='bbox 3375 4531 3481 4589; x_wconf 89' lang='lat' dir='ltr'><strong>sed</strong></span> <span class='ocrx_word' id='word_1_696' title='bbox 3535 4531 3614 4589; x_wconf 91' lang='lat' dir='ltr'><strong>ab</strong></span> 
     </span>
    </p>
   </div>
   <div class='ocr_carea' id='block_1_99' title="bbox 1953 4620 3618 4696">
    <p class='ocr_par' dir='ltr' id='par_1_99' title="bbox 1953 4620 3618 4696">
     <span class='ocr_line' id='line_1_99' title="bbox 1953 4620 3618 4696; baseline -0.001 -17"><span class='ocrx_word' id='word_1_697' title='bbox 1953 4621 2161 4679; x_wconf 88' lang='lat' dir='ltr'><strong>alienis</strong></span> <span class='ocrx_word' id='word_1_698' title='bbox 2201 4620 2491 4677; x_wconf 90' lang='lat' dir='ltr'><strong>tributum</strong></span> <span class='ocrx_word' id='word_1_699' title='bbox 2523 4621 2614 4677; x_wconf 93' lang='lat' dir='ltr'><strong>vel</strong></span> <span class='ocrx_word' id='word_1_700' title='bbox 2644 4637 2895 4678; x_wconf 91' lang='lat' dir='ltr'><strong>censum</strong></span> <span class='ocrx_word' id='word_1_701' title='bbox 2932 4622 3255 4696; x_wconf 90' lang='lat' dir='ltr'><strong>accipiunt.</strong></span> <span class='ocrx_word' id='word_1_702' title='bbox 3301 4622 3468 4681; x_wconf 92' lang='lat' dir='ltr'><strong>Idem</strong></span> <span class='ocrx_word' id='word_1_703' title='bbox 3508 4637 3618 4678; x_wconf 87' lang='lat' dir='ltr'><strong>au-</strong></span> 
     </span>
    </p>
   </div>
   <div class='ocr_carea' id='block_1_100' title="bbox 1953 4709 3619 4784">
    <p class='ocr_par' dir='ltr' id='par_1_100' title="bbox 1953 4709 3619 4784">
     <span class='ocr_line' id='line_1_100' title="bbox 1953 4709 3619 4784; baseline 0.001 -18"><span class='ocrx_word' id='word_1_704' title='bbox 1953 4717 2072 4766; x_wconf 90' lang='lat' dir='ltr'><strong>tem</strong></span> <span class='ocrx_word' id='word_1_705' title='bbox 2112 4709 2453 4780; x_wconf 86' lang='lat' dir='ltr'><strong>signiﬁcant</strong></span> <span class='ocrx_word' id='word_1_706' title='bbox 2490 4709 2632 4772; x_wconf 72' lang='grc' dir='ltr'>τέλος</span> <span class='ocrx_word' id='word_1_707' title='bbox 2670 4710 2860 4784; x_wconf 90' lang='lat' dir='ltr'><strong>(quod</strong></span> <span class='ocrx_word' id='word_1_708' title='bbox 2892 4709 3178 4768; x_wconf 80' lang='lat' dir='ltr'><strong>tributum</strong></span> <span class='ocrx_word' id='word_1_709' title='bbox 3215 4711 3523 4784; x_wconf 90' lang='lat' dir='ltr'><strong>vertimus)</strong></span> <span class='ocrx_word' id='word_1_710' title='bbox 3562 4715 3619 4768; x_wconf 89' lang='lat' dir='ltr'><strong>et</strong></span> 
     </span>
    </p>
   </div>
   <div class='ocr_carea' id='block_1_101' title="bbox 1952 4799 3618 4873">
    <p class='ocr_par' dir='ltr' id='par_1_101' title="bbox 1952 4799 3618 4873">
     <span class='ocr_line' id='line_1_101' title="bbox 1952 4799 3618 4873; baseline 0.003 -22"><span class='ocrx_word' id='word_1_711' title='bbox 1952 4806 2144 4862; x_wconf 81' lang='grc' dir='ltr'>κῆνσος</span> <span class='ocrx_word' id='word_1_712' title='bbox 2184 4815 2392 4856; x_wconf 85' lang='lat' dir='ltr'><strong>census</strong></span> <span class='ocrx_word' id='word_1_713' title='bbox 2435 4816 2447 4854; x_wconf 94' lang='lat'><strong>:</strong></span> <span class='ocrx_word' id='word_1_714' title='bbox 2483 4800 2587 4856; x_wconf 90' lang='lat' dir='ltr'><strong>sed</strong></span> <span class='ocrx_word' id='word_1_715' title='bbox 2622 4799 2767 4856; x_wconf 90' lang='lat' dir='ltr'><strong>illud</strong></span> <span class='ocrx_word' id='word_1_716' title='bbox 2799 4799 2965 4872; x_wconf 90' lang='lat' dir='ltr'><strong>apud</strong></span> <span class='ocrx_word' id='word_1_717' title='bbox 2999 4801 3251 4868; x_wconf 66' lang='lat' dir='ltr'><strong>Grmcos,</strong></span> <span class='ocrx_word' id='word_1_718' title='bbox 3295 4801 3412 4859; x_wconf 89' lang='lat' dir='ltr'><strong>hoc</strong></span> <span class='ocrx_word' id='word_1_719' title='bbox 3451 4800 3618 4873; x_wconf 91' lang='lat' dir='ltr'><strong>apud</strong></span> 
     </span>
    </p>
   </div>
   <div class='ocr_carea' id='block_1_102' title="bbox 1955 4891 2280 4946">
    <p class='ocr_par' dir='ltr' id='par_1_102' title="bbox 1955 4891 2280 4946">
     <span class='ocr_line' id='line_1_102' title="bbox 1955 4891 2280 4946; baseline 0 0"><span class='ocrx_word' id='word_1_720' title='bbox 1955 4891 2280 4946; x_wconf 84' lang='lat' dir='ltr'><strong>Romanos.</strong></span> 
     </span>
    </p>
   </div>
   <div class='ocr_carea' id='block_1_103' title="bbox 2024 4976 3618 5053">
    <p class='ocr_par' dir='ltr' id='par_1_103' title="bbox 2024 4976 3618 5053">
     <span class='ocr_line' id='line_1_103' title="bbox 2024 4976 3618 5053; baseline 0.003 -21"><span class='ocrx_word' id='word_1_721' title='bbox 2024 4978 2191 5033; x_wconf 81' lang='lat' dir='ltr'><strong>Vers.</strong></span> <span class='ocrx_word' id='word_1_722' title='bbox 2227 4980 2318 5033; x_wconf 82' lang='lat'><strong>26.</strong></span> <span class='ocrx_word' id='word_1_723' title='bbox 2360 4976 2515 5035; x_wconf 84' lang='lat' dir='ltr'><strong>Dicit</strong></span> <span class='ocrx_word' id='word_1_724' title='bbox 2553 5009 2622 5020; x_wconf 91' lang='lat'>—</span> <span class='ocrx_word' id='word_1_725' title='bbox 2647 4978 2780 5048; x_wconf 77' lang='lat' dir='ltr'><strong>ﬁlii.</strong></span> <span class='ocrx_word' id='word_1_726' title='bbox 2811 4983 2968 5053; x_wconf 77' lang='grc' dir='ltr'>Ἀρα,</span> <span class='ocrx_word' id='word_1_727' title='bbox 3010 4977 3144 5036; x_wconf 90' lang='lat' dir='ltr'><strong>loco</strong></span> <span class='ocrx_word' id='word_1_728' title='bbox 3180 4978 3516 5052; x_wconf 88' lang='lat' dir='ltr'><strong>reliquum;</strong></span> <span class='ocrx_word' id='word_1_729' title='bbox 3551 4979 3618 5036; x_wconf 89' lang='lat' dir='ltr'><strong>li-</strong></span> 
     </span>
    </p>
   </div>
   <div class='ocr_carea' id='block_1_104' title="bbox 1952 5065 3505 5140">
    <p class='ocr_par' dir='ltr' id='par_1_104' title="bbox 1952 5065 3505 5140">
     <span class='ocr_line' id='line_1_104' title="bbox 1952 5065 3505 5140; baseline 0 -17"><span class='ocrx_word' id='word_1_730' title='bbox 1952 5065 2080 5123; x_wconf 92' lang='lat' dir='ltr'><strong>beri</strong></span> <span class='ocrx_word' id='word_1_731' title='bbox 2119 5069 2344 5137; x_wconf 85' lang='lat' dir='ltr'><strong>autem,</strong></span> <span class='ocrx_word' id='word_1_732' title='bbox 2383 5081 2458 5122; x_wconf 89' lang='lat' dir='ltr'><strong>ne</strong></span> <span class='ocrx_word' id='word_1_733' title='bbox 2488 5067 2758 5140; x_wconf 88' lang='lat' dir='ltr'><strong>pendant</strong></span> <span class='ocrx_word' id='word_1_734' title='bbox 2789 5067 3080 5125; x_wconf 91' lang='lat' dir='ltr'><strong>tributum</strong></span> <span class='ocrx_word' id='word_1_735' title='bbox 3110 5066 3205 5126; x_wconf 92' lang='lat' dir='ltr'><strong>vel</strong></span> <span class='ocrx_word' id='word_1_736' title='bbox 3237 5081 3505 5125; x_wconf 86' lang='lat' dir='ltr'><strong>censum.</strong></span> 
     </span>
    </p>
   </div>
   <div class='ocr_carea' id='block_1_105' title="bbox 1896 5271 2421 5342">
    <p class='ocr_par' dir='ltr' id='par_1_105' title="bbox 1896 5271 2421 5342">
     <span class='ocr_line' id='line_1_105' title="bbox 1896 5271 2421 5342; baseline -0.006 -14"><span class='ocrx_word' id='word_1_737' title='bbox 1896 5271 1946 5307; x_wconf 81' lang='grc'><strong>¹²</strong></span> <span class='ocrx_word' id='word_1_738' title='bbox 1979 5271 2117 5328; x_wconf 86' lang='lat' dir='ltr'><strong>Luc.</strong></span> <span class='ocrx_word' id='word_1_739' title='bbox 2146 5286 2303 5342; x_wconf 74' lang='lat' dir='ltr'><strong>xxxv,</strong></span> <span class='ocrx_word' id='word_1_740' title='bbox 2331 5271 2421 5330; x_wconf 73' lang='grc'>45.</span> 
     </span>
    </p>
   </div>
   <div class='ocr_carea' id='block_1_106' title="bbox 1470 5499 2396 5572">
    <p class='ocr_par' dir='ltr' id='par_1_106' title="bbox 1470 5499 2396 5572">
     <span class='ocr_line' id='line_1_106' title="bbox 1470 5499 2396 5572; baseline 0.003 -4"><span class='ocrx_word' id='word_1_741' title='bbox 1470 5499 1694 5570; x_wconf 65' lang='lat' dir='ltr'><strong>Variae</strong></span> <span class='ocrx_word' id='word_1_742' title='bbox 1725 5499 2054 5572; x_wconf 87' lang='lat' dir='ltr'><strong>lectiones</strong></span> <span class='ocrx_word' id='word_1_743' title='bbox 2096 5509 2164 5568; x_wconf 90' lang='lat' dir='ltr'><strong>et</strong></span> <span class='ocrx_word' id='word_1_744' title='bbox 2193 5509 2396 5571; x_wconf 57' lang='lat' dir='ltr'><strong>notae.</strong></span> 
     </span>
    </p>
   </div>
   <div class='ocr_carea' id='block_1_107' title="bbox 345 5713 820 5786">
    <p class='ocr_par' dir='ltr' id='par_1_107' title="bbox 345 5713 820 5786">
     <span class='ocr_line' id='line_1_107' title="bbox 345 5713 820 5786; baseline -0.004 -16"><span class='ocrx_word' id='word_1_745' title='bbox 345 5713 441 5784; x_wconf 76' lang='grc'><strong>55)</strong></span> <span class='ocrx_word' id='word_1_746' title='bbox 472 5713 722 5786; x_wconf 77' lang='grc' dir='ltr'>Ἐγίνετο,</span> <span class='ocrx_word' id='word_1_747' title='bbox 753 5717 820 5772; x_wconf 78' lang='grc' dir='ltr'>Α.</span> 
     </span>
    </p>
   </div>
   <div class='ocr_carea' id='block_1_108' title="bbox 347 5785 2682 5870">
    <p class='ocr_par' dir='ltr' id='par_1_108' title="bbox 347 5785 2682 5870">
     <span class='ocr_line' id='line_1_108' title="bbox 347 5785 2682 5870; baseline 0.004 -26"><span class='ocrx_word' id='word_1_748' title='bbox 347 5785 440 5860; x_wconf 87' lang='grc'><strong>56)</strong></span> <span class='ocrx_word' id='word_1_749' title='bbox 467 5785 744 5860; x_wconf 88' lang='lat' dir='ltr'><strong>Quinque</strong></span> <span class='ocrx_word' id='word_1_750' title='bbox 767 5789 964 5860; x_wconf 88' lang='lat' dir='ltr'><strong>priora</strong></span> <span class='ocrx_word' id='word_1_751' title='bbox 989 5788 1284 5847; x_wconf 87' lang='lat' dir='ltr'><strong>vocabula</strong></span> <span class='ocrx_word' id='word_1_752' title='bbox 1311 5791 1596 5850; x_wconf 89' lang='lat' dir='ltr'><strong>omiserat</strong></span> <span class='ocrx_word' id='word_1_753' title='bbox 1625 5795 1964 5852; x_wconf 84' lang='lat' dir='ltr'><strong>Hentenius.</strong></span> <span class='ocrx_word' id='word_1_754' title='bbox 2001 5795 2191 5855; x_wconf 88' lang='lat' dir='ltr'><strong>Etiam</strong></span> <span class='ocrx_word' id='word_1_755' title='bbox 2221 5798 2566 5870; x_wconf 82' lang='lat' dir='ltr'><strong>proximum</strong></span> <span class='ocrx_word' id='word_1_756' title='bbox 2600 5794 2682 5853; x_wconf 75' lang='grc' dir='ltr'>δέ.</span> 
     </span>
    </p>
   </div>
  </div>
