  <div class='ocr_page' id='page_1' title='image "/cluster/home/n/w/nwhite01/storage/ocr_20150623/129/hvd.32044019208511/271.png"; bbox 0 0 4176 6428; ppageno 0'>
   <div class='ocr_carea' id='block_1_1' title="bbox 637 419 741 480">
    <p class='ocr_par' dir='ltr' id='par_1_1' title="bbox 637 419 741 480">
     <span class='ocr_line' id='line_1_1' title="bbox 637 419 741 480; baseline 0.019 -2"><span class='ocrx_word' id='word_1_1' title='bbox 637 419 741 480; x_wconf 72' lang='grc'>495</span> 
     </span>
    </p>
   </div>
   <div class='ocr_carea' id='block_1_2' title="bbox 703 525 2361 602">
    <p class='ocr_par' dir='ltr' id='par_1_2' title="bbox 703 525 2361 602">
     <span class='ocr_line' id='line_1_2' title="bbox 703 525 2361 602; baseline -0.013 -1"><span class='ocrx_word' id='word_1_2' title='bbox 703 548 860 600; x_wconf 89' lang='lat' dir='ltr'>Vers.</span> <span class='ocrx_word' id='word_1_3' title='bbox 882 546 970 598; x_wconf 80' lang='lat'>27.</span> <span class='ocrx_word' id='word_1_4' title='bbox 999 541 1210 598; x_wconf 84' lang='lat' dir='ltr'>Verum</span> <span class='ocrx_word' id='word_1_5' title='bbox 1229 570 1294 580; x_wconf 86' lang='lat'>-—</span> <span class='ocrx_word' id='word_1_6' title='bbox 1314 543 1386 595; x_wconf 78' lang='lat' dir='ltr'>te.</span> <span class='ocrx_word' id='word_1_7' title='bbox 1404 534 1821 591; x_wconf 88' lang='lat' dir='ltr'>Demonstrato</span> <span class='ocrx_word' id='word_1_8' title='bbox 1835 529 2093 602; x_wconf 89' lang='lat' dir='ltr'>primum</span> <span class='ocrx_word' id='word_1_9' title='bbox 2118 526 2284 600; x_wconf 91' lang='lat' dir='ltr'>quod</span> <span class='ocrx_word' id='word_1_10' title='bbox 2318 525 2361 578; x_wconf 86' lang='lat' dir='ltr'><strong>A</strong></span> 
     </span>
    </p>
   </div>
   <div class='ocr_carea' id='block_1_3' title="bbox 630 619 2281 709">
    <p class='ocr_par' dir='ltr' id='par_1_3' title="bbox 630 619 2281 709">
     <span class='ocr_line' id='line_1_3' title="bbox 630 619 2281 709; baseline -0.014 -17"><span class='ocrx_word' id='word_1_11' title='bbox 630 637 755 709; x_wconf 88' lang='lat' dir='ltr'>ipse</span> <span class='ocrx_word' id='word_1_12' title='bbox 795 649 916 689; x_wconf 90' lang='lat' dir='ltr'>non</span> <span class='ocrx_word' id='word_1_13' title='bbox 948 631 1165 686; x_wconf 88' lang='lat' dir='ltr'>debeat</span> <span class='ocrx_word' id='word_1_14' title='bbox 1194 625 1456 702; x_wconf 90' lang='lat' dir='ltr'>pendere</span> <span class='ocrx_word' id='word_1_15' title='bbox 1496 626 1738 697; x_wconf 84' lang='lat' dir='ltr'>propter</span> <span class='ocrx_word' id='word_1_16' title='bbox 1768 619 2158 682; x_wconf 81' lang='lat' dir='ltr'>divinitatem,</span> <span class='ocrx_word' id='word_1_17' title='bbox 2201 621 2281 670; x_wconf 83' lang='lat' dir='ltr'>ta-</span> 
     </span>
    </p>
   </div>
   <div class='ocr_carea' id='block_1_4' title="bbox 633 705 2286 794">
    <p class='ocr_par' dir='ltr' id='par_1_4' title="bbox 633 705 2286 794">
     <span class='ocr_line' id='line_1_4' title="bbox 633 705 2286 794; baseline -0.014 -12"><span class='ocrx_word' id='word_1_18' title='bbox 633 705 769 782; x_wconf 84' lang='lat' dir='ltr'>men</span> <span class='ocrx_word' id='word_1_19' title='bbox 799 723 942 780; x_wconf 86' lang='lat' dir='ltr'>dare</span> <span class='ocrx_word' id='word_1_20' title='bbox 967 721 1139 794; x_wconf 86' lang='lat' dir='ltr'>jubet</span> <span class='ocrx_word' id='word_1_21' title='bbox 1173 722 1412 791; x_wconf 83' lang='lat' dir='ltr'>propter</span> <span class='ocrx_word' id='word_1_22' title='bbox 1444 712 1899 772; x_wconf 73' lang='lat' dir='ltr'>humanitatem,</span> <span class='ocrx_word' id='word_1_23' title='bbox 1934 725 2007 764; x_wconf 89' lang='lat' dir='ltr'>ne</span> <span class='ocrx_word' id='word_1_24' title='bbox 2037 705 2286 763; x_wconf 75' lang='lat' dir='ltr'>offendi-</span> 
     </span>
    </p>
   </div>
   <div class='ocr_carea' id='block_1_5' title="bbox 631 797 2283 885">
    <p class='ocr_par' dir='ltr' id='par_1_5' title="bbox 631 797 2283 885">
     <span class='ocr_line' id='line_1_5' title="bbox 631 797 2283 885; baseline -0.013 -14"><span class='ocrx_word' id='word_1_25' title='bbox 631 815 833 871; x_wconf 92' lang='lat' dir='ltr'>culum</span> <span class='ocrx_word' id='word_1_26' title='bbox 862 816 1221 885; x_wconf 90' lang='lat' dir='ltr'>paterentur,</span> <span class='ocrx_word' id='word_1_27' title='bbox 1245 806 1418 880; x_wconf 89' lang='lat' dir='ltr'>quasi</span> <span class='ocrx_word' id='word_1_28' title='bbox 1449 804 1576 875; x_wconf 88' lang='lat' dir='ltr'>ipse</span> <span class='ocrx_word' id='word_1_29' title='bbox 1593 803 1777 856; x_wconf 90' lang='lat' dir='ltr'>Deum</span> <span class='ocrx_word' id='word_1_30' title='bbox 1805 797 2155 870; x_wconf 70' lang='lat' dir='ltr'>despiceret,</span> <span class='ocrx_word' id='word_1_31' title='bbox 2178 811 2283 851; x_wconf 90' lang='lat' dir='ltr'>no-</span> 
     </span>
    </p>
   </div>
   <div class='ocr_carea' id='block_1_6' title="bbox 629 887 2283 973">
    <p class='ocr_par' dir='ltr' id='par_1_6' title="bbox 629 887 2283 973">
     <span class='ocr_line' id='line_1_6' title="bbox 629 887 2283 973; baseline -0.011 -14"><span class='ocrx_word' id='word_1_32' title='bbox 629 903 757 961; x_wconf 83' lang='lat' dir='ltr'>lens</span> <span class='ocrx_word' id='word_1_33' title='bbox 774 910 829 959; x_wconf 91' lang='lat' dir='ltr'>et</span> <span class='ocrx_word' id='word_1_34' title='bbox 843 902 973 973; x_wconf 87' lang='lat' dir='ltr'>ipse</span> <span class='ocrx_word' id='word_1_35' title='bbox 990 902 1106 955; x_wconf 87' lang='lat' dir='ltr'>Deo</span> <span class='ocrx_word' id='word_1_36' title='bbox 1122 896 1380 970; x_wconf 88' lang='lat' dir='ltr'>pendere</span> <span class='ocrx_word' id='word_1_37' title='bbox 1394 891 1838 949; x_wconf 90' lang='lat' dir='ltr'>didrachmum.</span> <span class='ocrx_word' id='word_1_38' title='bbox 1855 894 1896 944; x_wconf 86' lang='lat' dir='ltr'><strong>A</strong></span> <span class='ocrx_word' id='word_1_39' title='bbox 1919 887 2066 944; x_wconf 87' lang='lat' dir='ltr'>mari</span> <span class='ocrx_word' id='word_1_40' title='bbox 2084 891 2283 942; x_wconf 90' lang='lat' dir='ltr'>autem</span> 
     </span>
    </p>
   </div>
   <div class='ocr_carea' id='block_1_7' title="bbox 630 975 2286 1056">
    <p class='ocr_par' dir='ltr' id='par_1_7' title="bbox 630 975 2286 1056">
     <span class='ocr_line' id='line_1_7' title="bbox 630 975 2286 1056; baseline -0.011 -6"><span class='ocrx_word' id='word_1_41' title='bbox 630 993 733 1050; x_wconf 89' lang='lat' dir='ltr'>dat</span> <span class='ocrx_word' id='word_1_42' title='bbox 769 992 1052 1049; x_wconf 84' lang='lat' dir='ltr'>tributum</span> <span class='ocrx_word' id='word_1_43' title='bbox 1084 1005 1097 1043; x_wconf 89' lang='lat'><strong>:</strong></span> <span class='ocrx_word' id='word_1_44' title='bbox 1138 985 1279 1042; x_wconf 90' lang='lat' dir='ltr'>hinc</span> <span class='ocrx_word' id='word_1_45' title='bbox 1312 997 1556 1056; x_wconf 88' lang='lat' dir='ltr'>quoque</span> <span class='ocrx_word' id='word_1_46' title='bbox 1594 979 1915 1037; x_wconf 81' lang='lat' dir='ltr'>ostendens</span> <span class='ocrx_word' id='word_1_47' title='bbox 1953 975 2119 1050; x_wconf 90' lang='lat' dir='ltr'>quod</span> <span class='ocrx_word' id='word_1_48' title='bbox 2161 980 2286 1032; x_wconf 88' lang='lat' dir='ltr'>tan-</span> 
     </span>
    </p>
   </div>
   <div class='ocr_carea' id='block_1_8' title="bbox 629 1066 2284 1156">
    <p class='ocr_par' dir='ltr' id='par_1_8' title="bbox 629 1066 2284 1156">
     <span class='ocr_line' id='line_1_8' title="bbox 629 1066 2284 1156; baseline -0.012 -17"><span class='ocrx_word' id='word_1_49' title='bbox 629 1099 815 1156; x_wconf 90' lang='lat' dir='ltr'>quam</span> <span class='ocrx_word' id='word_1_50' title='bbox 855 1077 1127 1136; x_wconf 90' lang='lat' dir='ltr'>omnium</span> <span class='ocrx_word' id='word_1_51' title='bbox 1170 1073 1457 1131; x_wconf 84' lang='lat' dir='ltr'>Dominus</span> <span class='ocrx_word' id='word_1_52' title='bbox 1509 1068 1778 1143; x_wconf 65' lang='lat' dir='ltr'>praecipit</span> <span class='ocrx_word' id='word_1_53' title='bbox 1814 1072 1869 1124; x_wconf 92' lang='lat' dir='ltr'>et</span> <span class='ocrx_word' id='word_1_54' title='bbox 1908 1066 2080 1130; x_wconf 88' lang='lat' dir='ltr'>mari,</span> <span class='ocrx_word' id='word_1_55' title='bbox 2119 1068 2284 1138; x_wconf 90' lang='lat' dir='ltr'>quod</span> 
     </span>
    </p>
   </div>
   <div class='ocr_carea' id='block_1_9' title="bbox 629 1153 2285 1245">
    <p class='ocr_par' dir='ltr' id='par_1_9' title="bbox 629 1153 2285 1245">
     <span class='ocr_line' id='line_1_9' title="bbox 629 1153 2285 1245; baseline -0.013 -17"><span class='ocrx_word' id='word_1_56' title='bbox 629 1153 802 1245; x_wconf 81' lang='lat' dir='ltr'>quasi</span> <span class='ocrx_word' id='word_1_57' title='bbox 834 1172 1130 1243; x_wconf 69' lang='lat' dir='ltr'>prwcepto</span> <span class='ocrx_word' id='word_1_58' title='bbox 1161 1165 1291 1236; x_wconf 91' lang='lat' dir='ltr'>ejus</span> <span class='ocrx_word' id='word_1_59' title='bbox 1332 1160 1690 1232; x_wconf 83' lang='lat' dir='ltr'>subjectum,</span> <span class='ocrx_word' id='word_1_60' title='bbox 1721 1157 1894 1212; x_wconf 86' lang='lat' dir='ltr'>mittit</span> <span class='ocrx_word' id='word_1_61' title='bbox 1923 1154 2152 1227; x_wconf 87' lang='lat' dir='ltr'>piscem</span> <span class='ocrx_word' id='word_1_62' title='bbox 2182 1153 2285 1225; x_wconf 88' lang='lat' dir='ltr'>qui</span> 
     </span>
    </p>
   </div>
   <div class='ocr_carea' id='block_1_10' title="bbox 631 1241 2280 1320">
    <p class='ocr_par' dir='ltr' id='par_1_10' title="bbox 631 1241 2280 1320">
     <span class='ocr_line' id='line_1_10' title="bbox 631 1241 2280 1320; baseline -0.013 -3"><span class='ocrx_word' id='word_1_63' title='bbox 631 1241 917 1316; x_wconf 74' lang='lat' dir='ltr'>tributum</span> <span class='ocrx_word' id='word_1_64' title='bbox 943 1253 1192 1313; x_wconf 90' lang='lat' dir='ltr'>domino</span> <span class='ocrx_word' id='word_1_65' title='bbox 1217 1251 1445 1308; x_wconf 78' lang='lat' dir='ltr'>deterat</span> <span class='ocrx_word' id='word_1_66' title='bbox 1471 1263 1484 1303; x_wconf 89' lang='lat'><strong>:</strong></span> <span class='ocrx_word' id='word_1_67' title='bbox 1514 1263 1624 1304; x_wconf 91' lang='lat' dir='ltr'>nec</span> <span class='ocrx_word' id='word_1_68' title='bbox 1651 1262 1756 1320; x_wconf 93' lang='lat' dir='ltr'>pro</span> <span class='ocrx_word' id='word_1_69' title='bbox 1781 1245 1908 1316; x_wconf 91' lang='lat' dir='ltr'>ipso</span> <span class='ocrx_word' id='word_1_70' title='bbox 1935 1243 2149 1309; x_wconf 89' lang='lat' dir='ltr'>solum,</span> <span class='ocrx_word' id='word_1_71' title='bbox 2179 1241 2280 1298; x_wconf 89' lang='lat' dir='ltr'>sed</span> 
     </span>
    </p>
   </div>
   <div class='ocr_carea' id='block_1_11' title="bbox 629 1332 2283 1422">
    <p class='ocr_par' dir='ltr' id='par_1_11' title="bbox 629 1332 2283 1422">
     <span class='ocr_line' id='line_1_11' title="bbox 629 1332 2283 1422; baseline -0.013 -15"><span class='ocrx_word' id='word_1_72' title='bbox 629 1354 688 1406; x_wconf 85' lang='lat' dir='ltr'>et</span> <span class='ocrx_word' id='word_1_73' title='bbox 724 1364 832 1422; x_wconf 90' lang='lat' dir='ltr'>pro</span> <span class='ocrx_word' id='word_1_74' title='bbox 873 1346 1067 1420; x_wconf 89' lang='lat' dir='ltr'>primo</span> <span class='ocrx_word' id='word_1_75' title='bbox 1097 1342 1226 1415; x_wconf 89' lang='lat' dir='ltr'>ejus</span> <span class='ocrx_word' id='word_1_76' title='bbox 1254 1337 1583 1412; x_wconf 75' lang='lat' dir='ltr'>discipulo;</span> <span class='ocrx_word' id='word_1_77' title='bbox 1611 1351 1754 1392; x_wconf 89' lang='lat' dir='ltr'>nam</span> <span class='ocrx_word' id='word_1_78' title='bbox 1794 1332 1999 1390; x_wconf 85' lang='lat' dir='ltr'>Petrus</span> <span class='ocrx_word' id='word_1_79' title='bbox 2039 1346 2283 1404; x_wconf 89' lang='lat' dir='ltr'>quoque</span> 
     </span>
    </p>
   </div>
   <div class='ocr_carea' id='block_1_12' title="bbox 631 1436 1250 1508">
    <p class='ocr_par' dir='ltr' id='par_1_12' title="bbox 631 1436 1250 1508">
     <span class='ocr_line' id='line_1_12' title="bbox 631 1436 1250 1508; baseline -0.011 -15"><span class='ocrx_word' id='word_1_80' title='bbox 631 1436 1065 1508; x_wconf 81' lang='lat' dir='ltr'>primogenitus</span> <span class='ocrx_word' id='word_1_81' title='bbox 1105 1436 1250 1488; x_wconf 87' lang='lat' dir='ltr'>erat.</span> 
     </span>
    </p>
   </div>
   <div class='ocr_carea' id='block_1_13' title="bbox 701 1509 2283 1596">
    <p class='ocr_par' dir='ltr' id='par_1_13' title="bbox 701 1509 2283 1596">
     <span class='ocr_line' id='line_1_13' title="bbox 701 1509 2283 1596; baseline -0.011 -14"><span class='ocrx_word' id='word_1_82' title='bbox 701 1525 865 1583; x_wconf 86' lang='lat' dir='ltr'>Prius</span> <span class='ocrx_word' id='word_1_83' title='bbox 905 1521 1201 1596; x_wconf 89' lang='lat' dir='ltr'>siquidem</span> <span class='ocrx_word' id='word_1_84' title='bbox 1234 1519 1411 1577; x_wconf 89' lang='lat' dir='ltr'>etiam</span> <span class='ocrx_word' id='word_1_85' title='bbox 1451 1517 1567 1573; x_wconf 92' lang='lat' dir='ltr'>hoc</span> <span class='ocrx_word' id='word_1_86' title='bbox 1597 1511 1997 1570; x_wconf 91' lang='lat' dir='ltr'>diversimode</span> <span class='ocrx_word' id='word_1_87' title='bbox 2037 1509 2283 1566; x_wconf 89' lang='lat' dir='ltr'>demon-</span> 
     </span>
    </p>
   </div>
   <div class='ocr_carea' id='block_1_14' title="bbox 630 1598 2282 1685">
    <p class='ocr_par' dir='ltr' id='par_1_14' title="bbox 630 1598 2282 1685">
     <span class='ocr_line' id='line_1_14' title="bbox 630 1598 2282 1685; baseline -0.011 -13"><span class='ocrx_word' id='word_1_88' title='bbox 630 1615 832 1672; x_wconf 79' lang='lat' dir='ltr'>stravit</span> <span class='ocrx_word' id='word_1_89' title='bbox 859 1633 872 1670; x_wconf 91' lang='lat'>:</span> <span class='ocrx_word' id='word_1_90' title='bbox 893 1611 1209 1685; x_wconf 89' lang='lat' dir='ltr'>etquando</span> <span class='ocrx_word' id='word_1_91' title='bbox 1229 1609 1340 1682; x_wconf 90' lang='lat' dir='ltr'>ipsi</span> <span class='ocrx_word' id='word_1_92' title='bbox 1365 1608 1579 1665; x_wconf 81' lang='lat' dir='ltr'>furenti</span> <span class='ocrx_word' id='word_1_93' title='bbox 1597 1602 1936 1676; x_wconf 86' lang='lat' dir='ltr'>imperavit,</span> <span class='ocrx_word' id='word_1_94' title='bbox 1961 1605 2016 1656; x_wconf 92' lang='lat' dir='ltr'>et</span> <span class='ocrx_word' id='word_1_95' title='bbox 2035 1598 2282 1672; x_wconf 87' lang='lat' dir='ltr'>quando</span> 
     </span>
    </p>
   </div>
   <div class='ocr_carea' id='block_1_15' title="bbox 629 1688 2284 1779">
    <p class='ocr_par' dir='ltr' id='par_1_15' title="bbox 629 1688 2284 1779">
     <span class='ocr_line' id='line_1_15' title="bbox 629 1688 2284 1779; baseline -0.011 -18"><span class='ocrx_word' id='word_1_96' title='bbox 629 1721 735 1779; x_wconf 87' lang='lat' dir='ltr'>per</span> <span class='ocrx_word' id='word_1_97' title='bbox 772 1703 971 1776; x_wconf 92' lang='lat' dir='ltr'>ipsum</span> <span class='ocrx_word' id='word_1_98' title='bbox 1002 1698 1174 1774; x_wconf 87' lang='lat' dir='ltr'>quasi</span> <span class='ocrx_word' id='word_1_99' title='bbox 1206 1713 1312 1772; x_wconf 89' lang='lat' dir='ltr'>per</span> <span class='ocrx_word' id='word_1_100' title='bbox 1351 1696 1583 1754; x_wconf 86' lang='lat' dir='ltr'>aridam</span> <span class='ocrx_word' id='word_1_101' title='bbox 1616 1694 1799 1766; x_wconf 90' lang='lat' dir='ltr'>pedes</span> <span class='ocrx_word' id='word_1_102' title='bbox 1829 1689 2177 1779; x_wconf 75' lang='lat' dir='ltr'>ambulavit.</span> <span class='ocrx_word' id='word_1_103' title='bbox 2220 1688 2284 1743; x_wconf 87' lang='lat' dir='ltr'>Et</span> 
     </span>
    </p>
   </div>
   <div class='ocr_carea' id='block_1_16' title="bbox 627 1776 2281 1865">
    <p class='ocr_par' dir='ltr' id='par_1_16' title="bbox 627 1776 2281 1865">
     <span class='ocr_line' id='line_1_16' title="bbox 627 1776 2281 1865; baseline -0.012 -14"><span class='ocrx_word' id='word_1_104' title='bbox 627 1776 789 1851; x_wconf 77' lang='lat' dir='ltr'>nunc</span> <span class='ocrx_word' id='word_1_105' title='bbox 826 1804 1069 1865; x_wconf 88' lang='lat' dir='ltr'>quoque</span> <span class='ocrx_word' id='word_1_106' title='bbox 1108 1786 1271 1843; x_wconf 88' lang='lat' dir='ltr'>idem</span> <span class='ocrx_word' id='word_1_107' title='bbox 1310 1800 1550 1842; x_wconf 85' lang='lat' dir='ltr'>rursum</span> <span class='ocrx_word' id='word_1_108' title='bbox 1588 1782 1757 1839; x_wconf 87' lang='lat' dir='ltr'>aliter</span> <span class='ocrx_word' id='word_1_109' title='bbox 1795 1776 2074 1844; x_wconf 88' lang='lat' dir='ltr'>ostendit,</span> <span class='ocrx_word' id='word_1_110' title='bbox 2118 1777 2281 1833; x_wconf 88' lang='lat' dir='ltr'>vario</span> 
     </span>
    </p>
   </div>
   <div class='ocr_carea' id='block_1_17' title="bbox 1955 393 3984 459">
    <p class='ocr_par' dir='ltr' id='par_1_17' title="bbox 1955 393 3984 459">
     <span class='ocr_line' id='line_1_17' title="bbox 1955 393 3984 459; baseline -0.015 1"><span class='ocrx_word' id='word_1_111' title='bbox 1955 398 2299 459; x_wconf 72' lang='lat' dir='ltr'>summu</span> <span class='ocrx_word' id='word_1_112' title='bbox 2341 393 2674 454; x_wconf 78' lang='lat' dir='ltr'>ZlGABENl</span> <span class='ocrx_word' id='word_1_113' title='bbox 3892 393 3984 450; x_wconf 66' lang='grc' dir='ltr'>ωδ</span> 
     </span>
    </p>
   </div>
   <div class='ocr_carea' id='block_1_18' title="bbox 2463 515 3980 592">
    <p class='ocr_par' dir='ltr' id='par_1_18' title="bbox 2463 515 3980 592">
     <span class='ocr_line' id='line_1_18' title="bbox 2463 515 3980 592; baseline -0.003 -17"><span class='ocrx_word' id='word_1_114' title='bbox 2463 522 2574 576; x_wconf 85' lang='grc' dir='ltr'><strong>Ἱνα</strong></span> <span class='ocrx_word' id='word_1_115' title='bbox 2630 553 2698 561; x_wconf 89' lang='grc'><strong><em>-</em></strong></span> <span class='ocrx_word' id='word_1_116' title='bbox 2745 527 2857 572; x_wconf 74' lang='grc' dir='ltr'><strong>σού.</strong></span> <span class='ocrx_word' id='word_1_117' title='bbox 2918 515 3227 581; x_wconf 69' lang='grc' dir='ltr'>Ἀποδείξεις</span> <span class='ocrx_word' id='word_1_118' title='bbox 3288 526 3509 592; x_wconf 80' lang='grc' dir='ltr'><strong>πρῶτον,</strong></span> <span class='ocrx_word' id='word_1_119' title='bbox 3565 519 3645 570; x_wconf 84' lang='grc' dir='ltr'><strong>ὃτι</strong></span> <span class='ocrx_word' id='word_1_120' title='bbox 3699 518 3855 580; x_wconf 67' lang='grc' dir='ltr'><strong>αὐτὸς</strong></span> <span class='ocrx_word' id='word_1_121' title='bbox 3898 519 3980 571; x_wconf 68' lang='grc' dir='ltr'><strong>οὐκ</strong></span> 
     </span>
    </p>
   </div>
   <div class='ocr_carea' id='block_1_19' title="bbox 2395 606 3979 684">
    <p class='ocr_par' dir='ltr' id='par_1_19' title="bbox 2395 606 3979 684">
     <span class='ocr_line' id='line_1_19' title="bbox 2395 606 3979 684; baseline -0.003 -20"><span class='ocrx_word' id='word_1_122' title='bbox 2395 612 2582 684; x_wconf 65' lang='grc' dir='ltr'><strong>ὀφείλει</strong></span> <span class='ocrx_word' id='word_1_123' title='bbox 2640 609 2846 663; x_wconf 81' lang='grc' dir='ltr'><strong>τελέσαι</strong></span> <span class='ocrx_word' id='word_1_124' title='bbox 2923 606 3015 661; x_wconf 78' lang='grc' dir='ltr'>δια</span> <span class='ocrx_word' id='word_1_125' title='bbox 3071 614 3164 666; x_wconf 73' lang='grc' dir='ltr'><strong>τὴν</strong></span> <span class='ocrx_word' id='word_1_126' title='bbox 3244 609 3485 676; x_wconf 81' lang='grc' dir='ltr'><strong>θεότητα,</strong></span> <span class='ocrx_word' id='word_1_127' title='bbox 3565 612 3740 660; x_wconf 60' lang='lat' dir='ltr'>mures</span> <span class='ocrx_word' id='word_1_128' title='bbox 3806 607 3979 662; x_wconf 83' lang='grc' dir='ltr'><strong>κελεύει</strong></span> 
     </span>
    </p>
   </div>
   <div class='ocr_carea' id='block_1_20' title="bbox 2395 695 3981 773">
    <p class='ocr_par' dir='ltr' id='par_1_20' title="bbox 2395 695 3981 773">
     <span class='ocr_line' id='line_1_20' title="bbox 2395 695 3981 773; baseline -0.003 -19"><span class='ocrx_word' id='word_1_129' title='bbox 2395 699 2579 754; x_wconf 72' lang='grc' dir='ltr'><strong>δοῦναι</strong></span> <span class='ocrx_word' id='word_1_130' title='bbox 2629 697 2723 752; x_wconf 82' lang='grc' dir='ltr'>δὶα</span> <span class='ocrx_word' id='word_1_131' title='bbox 2757 705 2851 757; x_wconf 71' lang='grc' dir='ltr'>τήν</span> <span class='ocrx_word' id='word_1_132' title='bbox 2901 697 3296 773; x_wconf 72' lang='grc' dir='ltr'><strong>ἀνθρωπότητα,</strong></span> <span class='ocrx_word' id='word_1_133' title='bbox 3339 699 3422 749; x_wconf 82' lang='grc' dir='ltr'>ἶνα</span> <span class='ocrx_word' id='word_1_134' title='bbox 3469 702 3540 769; x_wconf 78' lang='grc' dir='ltr'><strong>μὴ</strong></span> <span class='ocrx_word' id='word_1_135' title='bbox 3596 695 3981 751; x_wconf 80' lang='grc' dir='ltr'><strong>σκανδαλισθώ-</strong></span> 
     </span>
    </p>
   </div>
   <div class='ocr_carea' id='block_1_21' title="bbox 2397 785 3977 860">
    <p class='ocr_par' dir='ltr' id='par_1_21' title="bbox 2397 785 3977 860">
     <span class='ocr_line' id='line_1_21' title="bbox 2397 785 3977 860; baseline -0.002 -17"><span class='ocrx_word' id='word_1_136' title='bbox 2397 810 2498 858; x_wconf 89' lang='grc' dir='ltr'><strong>σιν,</strong></span> <span class='ocrx_word' id='word_1_137' title='bbox 2543 794 2610 852; x_wconf 75' lang='grc' dir='ltr'><strong>ὡς</strong></span> <span class='ocrx_word' id='word_1_138' title='bbox 2665 788 3009 859; x_wconf 73' lang='grc' dir='ltr'><strong>ἀτιμάζοντος</strong></span> <span class='ocrx_word' id='word_1_139' title='bbox 3068 788 3225 839; x_wconf 65' lang='grc' dir='ltr'><strong>αὐτοῦ</strong></span> <span class='ocrx_word' id='word_1_140' title='bbox 3273 791 3359 838; x_wconf 89' lang='grc' dir='ltr'>τόν</span> <span class='ocrx_word' id='word_1_141' title='bbox 3396 789 3547 855; x_wconf 80' lang='grc' dir='ltr'><strong>Θεὸν,</strong></span> <span class='ocrx_word' id='word_1_142' title='bbox 3588 785 3634 838; x_wconf 81' lang='grc' dir='ltr'>ἐν</span> <span class='ocrx_word' id='word_1_143' title='bbox 3683 796 3756 858; x_wconf 62' lang='grc' dir='ltr'>τῇ</span> <span class='ocrx_word' id='word_1_144' title='bbox 3801 793 3867 860; x_wconf 83' lang='grc' dir='ltr'><strong>μὴ</strong></span> <span class='ocrx_word' id='word_1_145' title='bbox 3903 806 3977 840; x_wconf 85' lang='grc' dir='ltr'>τε·</span> 
     </span>
    </p>
   </div>
   <div class='ocr_carea' id='block_1_22' title="bbox 2393 873 3981 950">
    <p class='ocr_par' dir='ltr' id='par_1_22' title="bbox 2393 873 3981 950">
     <span class='ocr_line' id='line_1_22' title="bbox 2393 873 3981 950; baseline -0.003 -19"><span class='ocrx_word' id='word_1_146' title='bbox 2393 879 2492 932; x_wconf 80' lang='grc' dir='ltr'><strong>λείν</strong></span> <span class='ocrx_word' id='word_1_147' title='bbox 2523 887 2612 931; x_wconf 82' lang='grc' dir='ltr'>καὶ</span> <span class='ocrx_word' id='word_1_148' title='bbox 2652 880 2806 930; x_wconf 65' lang='grc' dir='ltr'><strong>αὐτόν</strong></span> <span class='ocrx_word' id='word_1_149' title='bbox 2839 888 2909 948; x_wconf 68' lang='grc' dir='ltr'><strong>τῷ</strong></span> <span class='ocrx_word' id='word_1_150' title='bbox 2941 885 3053 946; x_wconf 74' lang='grc' dir='ltr'>θεῷ</span> <span class='ocrx_word' id='word_1_151' title='bbox 3083 881 3140 928; x_wconf 87' lang='grc' dir='ltr'>τό</span> <span class='ocrx_word' id='word_1_152' title='bbox 3187 873 3519 950; x_wconf 77' lang='grc' dir='ltr'><strong>δίδραχμον.</strong></span> <span class='ocrx_word' id='word_1_153' title='bbox 3545 875 3636 928; x_wconf 83' lang='grc' dir='ltr'><strong>Ἐκ</strong></span> <span class='ocrx_word' id='word_1_154' title='bbox 3664 886 3759 937; x_wconf 76' lang='grc' dir='ltr'><strong>τῆς</strong></span> <span class='ocrx_word' id='word_1_155' title='bbox 3800 876 3981 929; x_wconf 79' lang='grc' dir='ltr'><strong>θαλάσ-</strong></span> 
     </span>
    </p>
   </div>
   <div class='ocr_carea' id='block_1_23' title="bbox 2395 962 3978 1036">
    <p class='ocr_par' dir='ltr' id='par_1_23' title="bbox 2395 962 3978 1036">
     <span class='ocr_line' id='line_1_23' title="bbox 2395 962 3978 1036; baseline -0.002 -15"><span class='ocrx_word' id='word_1_156' title='bbox 2395 987 2490 1030; x_wconf 77' lang='grc' dir='ltr'>σης</span> <span class='ocrx_word' id='word_1_157' title='bbox 2548 965 2608 1021; x_wconf 79' lang='grc' dir='ltr'><strong>δε</strong></span> <span class='ocrx_word' id='word_1_158' title='bbox 2655 964 2856 1020; x_wconf 85' lang='grc' dir='ltr'><strong>δίδωσι</strong></span> <span class='ocrx_word' id='word_1_159' title='bbox 2912 969 2970 1018; x_wconf 87' lang='grc' dir='ltr'>τό</span> <span class='ocrx_word' id='word_1_160' title='bbox 3027 966 3181 1032; x_wconf 79' lang='grc' dir='ltr'><strong>τέλος,</strong></span> <span class='ocrx_word' id='word_1_161' title='bbox 3242 962 3490 1018; x_wconf 72' lang='grc' dir='ltr'>δεικνύων</span> <span class='ocrx_word' id='word_1_162' title='bbox 3553 964 3841 1036; x_wconf 75' lang='grc' dir='ltr'><strong>κάντεῦθεν,</strong></span> <span class='ocrx_word' id='word_1_163' title='bbox 3891 968 3978 1036; x_wconf 74' lang='grc' dir='ltr'><strong>ὅτι,</strong></span> 
     </span>
    </p>
   </div>
   <div class='ocr_carea' id='block_1_24' title="bbox 2394 1055 3979 1129">
    <p class='ocr_par' dir='ltr' id='par_1_24' title="bbox 2394 1055 3979 1129">
     <span class='ocr_line' id='line_1_24' title="bbox 2394 1055 3979 1129; baseline -0.004 -19"><span class='ocrx_word' id='word_1_164' title='bbox 2394 1062 2524 1120; x_wconf 75' lang='grc' dir='ltr'><strong>Θεὸς</strong></span> <span class='ocrx_word' id='word_1_165' title='bbox 2552 1059 2619 1108; x_wconf 83' lang='grc' dir='ltr'><strong>ὢν</strong></span> <span class='ocrx_word' id='word_1_166' title='bbox 2650 1066 2748 1109; x_wconf 77' lang='grc' dir='ltr'><strong>τῶν</strong></span> <span class='ocrx_word' id='word_1_167' title='bbox 2791 1056 2939 1123; x_wconf 84' lang='grc' dir='ltr'><strong>ὅλων,</strong></span> <span class='ocrx_word' id='word_1_168' title='bbox 2988 1058 3214 1129; x_wconf 78' lang='grc' dir='ltr'><strong>κυριεύει</strong></span> <span class='ocrx_word' id='word_1_169' title='bbox 3261 1060 3351 1107; x_wconf 82' lang='grc' dir='ltr'>καὶ</span> <span class='ocrx_word' id='word_1_170' title='bbox 3391 1063 3484 1116; x_wconf 77' lang='grc' dir='ltr'><strong>τῆς</strong></span> <span class='ocrx_word' id='word_1_171' title='bbox 3526 1055 3818 1121; x_wconf 73' lang='grc' dir='ltr'>θαλάσσης,</span> <span class='ocrx_word' id='word_1_172' title='bbox 3875 1056 3979 1113; x_wconf 74' lang='grc' dir='ltr'><strong>ἣτις</strong></span> 
     </span>
    </p>
   </div>
   <div class='ocr_carea' id='block_1_25' title="bbox 2392 1145 3978 1220">
    <p class='ocr_par' dir='ltr' id='par_1_25' title="bbox 2392 1145 3978 1220">
     <span class='ocr_line' id='line_1_25' title="bbox 2392 1145 3978 1220; baseline -0.004 -20"><span class='ocrx_word' id='word_1_173' title='bbox 2392 1157 2464 1218; x_wconf 82' lang='grc' dir='ltr'><strong>τῷ</strong></span> <span class='ocrx_word' id='word_1_174' title='bbox 2528 1146 2826 1220; x_wconf 78' lang='grc' dir='ltr'><strong>βουλήματι</strong></span> <span class='ocrx_word' id='word_1_175' title='bbox 2899 1145 3060 1196; x_wconf 72' lang='grc' dir='ltr'><strong>αὐτοῦ</strong></span> <span class='ocrx_word' id='word_1_176' title='bbox 3131 1145 3572 1217; x_wconf 78' lang='grc' dir='ltr'><strong>καθυπηρετοῦσα</strong></span> <span class='ocrx_word' id='word_1_177' title='bbox 3648 1149 3839 1217; x_wconf 82' lang='grc' dir='ltr'><strong>πέμπει</strong></span> <span class='ocrx_word' id='word_1_178' title='bbox 3902 1147 3978 1196; x_wconf 89' lang='grc' dir='ltr'><strong>τὸν</strong></span> 
     </span>
    </p>
   </div>
   <div class='ocr_carea' id='block_1_26' title="bbox 2394 1233 3977 1309">
    <p class='ocr_par' dir='ltr' id='par_1_26' title="bbox 2394 1233 3977 1309">
     <span class='ocr_line' id='line_1_26' title="bbox 2394 1233 3977 1309; baseline -0.005 -20"><span class='ocrx_word' id='word_1_179' title='bbox 2394 1236 2573 1309; x_wconf 77' lang='grc' dir='ltr'><strong>ἰχθύν,</strong></span> <span class='ocrx_word' id='word_1_180' title='bbox 2622 1238 2902 1307; x_wconf 76' lang='grc' dir='ltr'>κομίζοντα</span> <span class='ocrx_word' id='word_1_181' title='bbox 2947 1237 3005 1284; x_wconf 89' lang='grc' dir='ltr'>τό</span> <span class='ocrx_word' id='word_1_182' title='bbox 3044 1233 3181 1294; x_wconf 78' lang='grc' dir='ltr'><strong>τέλος</strong></span> <span class='ocrx_word' id='word_1_183' title='bbox 3231 1234 3357 1306; x_wconf 73' lang='grc' dir='ltr'><strong>ὑπερ</strong></span> <span class='ocrx_word' id='word_1_184' title='bbox 3402 1241 3495 1286; x_wconf 76' lang='grc' dir='ltr'><strong>τοῦ</strong></span> <span class='ocrx_word' id='word_1_185' title='bbox 3548 1239 3850 1286; x_wconf 78' lang='grc' dir='ltr'><strong>Δεσπότου·</strong></span> <span class='ocrx_word' id='word_1_186' title='bbox 3899 1234 3977 1283; x_wconf 83' lang='grc' dir='ltr'>καὶ</span> 
     </span>
    </p>
   </div>
   <div class='ocr_carea' id='block_1_27' title="bbox 2392 1321 3976 1400">
    <p class='ocr_par' dir='ltr' id='par_1_27' title="bbox 2392 1321 3976 1400">
     <span class='ocr_line' id='line_1_27' title="bbox 2392 1321 3976 1400; baseline -0.003 -23"><span class='ocrx_word' id='word_1_187' title='bbox 2392 1326 2498 1396; x_wconf 67' lang='grc' dir='ltr'>οὐχ</span> <span class='ocrx_word' id='word_1_188' title='bbox 2547 1326 2672 1400; x_wconf 76' lang='grc' dir='ltr'><strong>ὑπερ</strong></span> <span class='ocrx_word' id='word_1_189' title='bbox 2717 1324 2877 1376; x_wconf 68' lang='grc' dir='ltr'><strong>αὐτοῦ</strong></span> <span class='ocrx_word' id='word_1_190' title='bbox 2921 1327 3093 1395; x_wconf 85' lang='grc' dir='ltr'><strong>μόνον,</strong></span> <span class='ocrx_word' id='word_1_191' title='bbox 3144 1321 3274 1374; x_wconf 78' lang='grc' dir='ltr'><strong>ἀλλὰ</strong></span> <span class='ocrx_word' id='word_1_192' title='bbox 3329 1327 3418 1376; x_wconf 86' lang='grc' dir='ltr'>καὶ</span> <span class='ocrx_word' id='word_1_193' title='bbox 3467 1325 3593 1396; x_wconf 66' lang='grc' dir='ltr'><strong>ὑπὲρ</strong></span> <span class='ocrx_word' id='word_1_194' title='bbox 3641 1330 3739 1376; x_wconf 79' lang='grc' dir='ltr'><strong>τοῦ</strong></span> <span class='ocrx_word' id='word_1_195' title='bbox 3790 1327 3976 1398; x_wconf 84' lang='grc' dir='ltr'><strong>πρώτου</strong></span> 
     </span>
    </p>
   </div>
   <div class='ocr_carea' id='block_1_28' title="bbox 2392 1409 3974 1486">
    <p class='ocr_par' dir='ltr' id='par_1_28' title="bbox 2392 1409 3974 1486">
     <span class='ocr_line' id='line_1_28' title="bbox 2392 1409 3974 1486; baseline -0.001 -21"><span class='ocrx_word' id='word_1_196' title='bbox 2392 1423 2489 1466; x_wconf 83' lang='grc' dir='ltr'>τῶν</span> <span class='ocrx_word' id='word_1_197' title='bbox 2519 1415 2766 1486; x_wconf 75' lang='grc' dir='ltr'>μαθητῶν</span> <span class='ocrx_word' id='word_1_198' title='bbox 2797 1411 2956 1464; x_wconf 66' lang='grc' dir='ltr'><strong>αὐτοῦ</strong></span> <span class='ocrx_word' id='word_1_199' title='bbox 2985 1429 2997 1441; x_wconf 92' lang='grc'><strong>·</strong></span> <span class='ocrx_word' id='word_1_200' title='bbox 3033 1415 3360 1483; x_wconf 83' lang='grc' dir='ltr'><strong>πρωτότοκος</strong></span> <span class='ocrx_word' id='word_1_201' title='bbox 3387 1414 3490 1485; x_wconf 72' lang='grc' dir='ltr'>γὰρ</span> <span class='ocrx_word' id='word_1_202' title='bbox 3517 1418 3606 1464; x_wconf 84' lang='grc' dir='ltr'>καὶ</span> <span class='ocrx_word' id='word_1_203' title='bbox 3637 1415 3666 1464; x_wconf 87' lang='grc' dir='ltr'>ό</span> <span class='ocrx_word' id='word_1_204' title='bbox 3701 1409 3974 1480; x_wconf 74' lang='grc' dir='ltr'><strong>Πέτροςῆν.</strong></span> 
     </span>
    </p>
   </div>
   <div class='ocr_carea' id='block_1_29' title="bbox 2466 1497 3977 1577">
    <p class='ocr_par' dir='ltr' id='par_1_29' title="bbox 2466 1497 3977 1577">
     <span class='ocr_line' id='line_1_29' title="bbox 2466 1497 3977 1577; baseline -0.005 -20"><span class='ocrx_word' id='word_1_205' title='bbox 2466 1508 2566 1557; x_wconf 75' lang='grc' dir='ltr'><strong>Καὶ</strong></span> <span class='ocrx_word' id='word_1_206' title='bbox 2613 1507 2857 1577; x_wconf 84' lang='grc' dir='ltr'><strong>πρότερον</strong></span> <span class='ocrx_word' id='word_1_207' title='bbox 2896 1505 2986 1575; x_wconf 69' lang='grc' dir='ltr'>μὲν</span> <span class='ocrx_word' id='word_1_208' title='bbox 3035 1504 3136 1575; x_wconf 73' lang='grc' dir='ltr'>’γὰρ</span> <span class='ocrx_word' id='word_1_209' title='bbox 3183 1510 3337 1554; x_wconf 78' lang='grc' dir='ltr'><strong>τοῦτο</strong></span> <span class='ocrx_word' id='word_1_210' title='bbox 3390 1498 3651 1576; x_wconf 68' lang='grc' dir='ltr'><strong>διαφόρως</strong></span> <span class='ocrx_word' id='word_1_211' title='bbox 3690 1504 3822 1574; x_wconf 78' lang='grc'>(57),</span> <span class='ocrx_word' id='word_1_212' title='bbox 3865 1497 3977 1553; x_wconf 73' lang='grc' dir='ltr'><strong>ἔδει·</strong></span> 
     </span>
    </p>
   </div>
   <div class='ocr_carea' id='block_1_30' title="bbox 2393 1585 3975 1665">
    <p class='ocr_par' dir='ltr' id='par_1_30' title="bbox 2393 1585 3975 1665">
     <span class='ocr_line' id='line_1_30' title="bbox 2393 1585 3975 1665; baseline -0.003 -20"><span class='ocrx_word' id='word_1_213' title='bbox 2393 1593 2492 1662; x_wconf 83' lang='grc' dir='ltr'><strong>ξεν,</strong></span> <span class='ocrx_word' id='word_1_214' title='bbox 2551 1595 2633 1645; x_wconf 84' lang='grc' dir='ltr'><strong>ὅτε</strong></span> <span class='ocrx_word' id='word_1_215' title='bbox 2688 1591 2997 1664; x_wconf 70' lang='grc' dir='ltr'><strong>ἐπετίμησεν</strong></span> <span class='ocrx_word' id='word_1_216' title='bbox 3049 1589 3180 1663; x_wconf 70' lang='grc' dir='ltr'><strong>αὐτῇ</strong></span> <span class='ocrx_word' id='word_1_217' title='bbox 3241 1595 3546 1665; x_wconf 71' lang='grc' dir='ltr'><strong>μαινομένῃ,</strong></span> <span class='ocrx_word' id='word_1_218' title='bbox 3613 1597 3707 1645; x_wconf 85' lang='grc' dir='ltr'>κοιὶ</span> <span class='ocrx_word' id='word_1_219' title='bbox 3758 1593 3838 1644; x_wconf 86' lang='grc' dir='ltr'><strong>ὅτε</strong></span> <span class='ocrx_word' id='word_1_220' title='bbox 3893 1585 3975 1642; x_wconf 75' lang='grc' dir='ltr'><strong>διὰ</strong></span> 
     </span>
    </p>
   </div>
   <div class='ocr_carea' id='block_1_31' title="bbox 2390 1676 3969 1754">
    <p class='ocr_par' dir='ltr' id='par_1_31' title="bbox 2390 1676 3969 1754">
     <span class='ocr_line' id='line_1_31' title="bbox 2390 1676 3969 1754; baseline -0.006 -18"><span class='ocrx_word' id='word_1_221' title='bbox 2390 1685 2586 1744; x_wconf 79' lang='grc' dir='ltr'><strong>ταύτης</strong></span> <span class='ocrx_word' id='word_1_222' title='bbox 2627 1680 2918 1746; x_wconf 72' lang='grc' dir='ltr'>ἐπέζευσεν,</span> <span class='ocrx_word' id='word_1_223' title='bbox 2973 1683 3044 1742; x_wconf 86' lang='grc' dir='ltr'><strong>ὡς</strong></span> <span class='ocrx_word' id='word_1_224' title='bbox 3073 1676 3165 1733; x_wconf 80' lang='grc' dir='ltr'>δια</span> <span class='ocrx_word' id='word_1_225' title='bbox 3213 1680 3376 1754; x_wconf 76' lang='grc' dir='ltr'><strong>ξηρᾶς</strong></span> <span class='ocrx_word' id='word_1_226' title='bbox 3404 1698 3418 1711; x_wconf 83' lang='grc'><strong>⁸</strong></span> <span class='ocrx_word' id='word_1_227' title='bbox 3456 1687 3547 1734; x_wconf 82' lang='grc' dir='ltr'><strong>καὶ</strong></span> <span class='ocrx_word' id='word_1_228' title='bbox 3593 1690 3685 1734; x_wconf 82' lang='grc' dir='ltr'><strong>νῦν</strong></span> <span class='ocrx_word' id='word_1_229' title='bbox 3734 1677 3792 1734; x_wconf 75' lang='grc' dir='ltr'><strong>δ“ε</strong></span> <span class='ocrx_word' id='word_1_230' title='bbox 3839 1677 3969 1732; x_wconf 82' lang='grc' dir='ltr'><strong>πάλιν</strong></span> 
     </span>
    </p>
   </div>
   <div class='ocr_carea' id='block_1_32' title="bbox 2389 1764 3967 1845">
    <p class='ocr_par' dir='ltr' id='par_1_32' title="bbox 2389 1764 3967 1845">
     <span class='ocr_line' id='line_1_32' title="bbox 2389 1764 3967 1845; baseline -0.002 -23"><span class='ocrx_word' id='word_1_231' title='bbox 2389 1776 2578 1844; x_wconf 83' lang='grc' dir='ltr'><strong>τρόπον</strong></span> <span class='ocrx_word' id='word_1_232' title='bbox 2649 1771 2815 1845; x_wconf 78' lang='grc' dir='ltr'><strong>ἕτερον</strong></span> <span class='ocrx_word' id='word_1_233' title='bbox 2886 1778 3035 1823; x_wconf 75' lang='grc' dir='ltr'><strong>τοῦτο</strong></span> <span class='ocrx_word' id='word_1_234' title='bbox 3109 1765 3367 1836; x_wconf 87' lang='grc' dir='ltr'><strong>δείκνυσι,</strong></span> <span class='ocrx_word' id='word_1_235' title='bbox 3437 1769 3765 1843; x_wconf 74' lang='grc' dir='ltr'>πολλαχόθεν</span> <span class='ocrx_word' id='word_1_236' title='bbox 3821 1764 3967 1826; x_wconf 77' lang='grc' dir='ltr'><strong>δηλῶν</strong></span> 
     </span>
    </p>
   </div>
   <div class='ocr_carea' id='block_1_33' title="bbox 628 1855 2280 1950">
    <p class='ocr_par' dir='ltr' id='par_1_33' title="bbox 628 1855 2280 1950">
     <span class='ocr_line' id='line_1_33' title="bbox 628 1855 2280 1950; baseline -0.012 -10"><span class='ocrx_word' id='word_1_237' title='bbox 628 1883 810 1940; x_wconf 91' lang='lat' dir='ltr'>modo</span> <span class='ocrx_word' id='word_1_238' title='bbox 843 1855 1277 1950; x_wconf 51' lang='lat' dir='ltr'>subj-ectionem</span> <span class='ocrx_word' id='word_1_239' title='bbox 1305 1872 1463 1930; x_wconf 89' lang='lat' dir='ltr'>illius</span> <span class='ocrx_word' id='word_1_240' title='bbox 1495 1871 1865 1943; x_wconf 79' lang='lat' dir='ltr'>signiﬁcans.</span> <span class='ocrx_word' id='word_1_241' title='bbox 1894 1871 1991 1924; x_wconf 86' lang='lat' dir='ltr'>Est</span> <span class='ocrx_word' id='word_1_242' title='bbox 2018 1871 2074 1924; x_wconf 89' lang='lat' dir='ltr'>et</span> <span class='ocrx_word' id='word_1_243' title='bbox 2103 1871 2280 1923; x_wconf 90' lang='lat' dir='ltr'>stater</span> 
     </span>
    </p>
   </div>
   <div class='ocr_carea' id='block_1_34' title="bbox 2389 1855 3960 1950">
    <p class='ocr_par' dir='ltr' id='par_1_34' title="bbox 2390 1855 3960 1950">
     <span class='ocr_line' id='line_1_34' title="bbox 2390 1855 3960 1950; baseline 0.001 -39"><span class='ocrx_word' id='word_1_244' title='bbox 2390 1864 2483 1950; x_wconf 66' lang='grc' dir='ltr'><strong>τὴν</strong></span> <span class='ocrx_word' id='word_1_245' title='bbox 2513 1861 2778 1950; x_wconf 41' lang='lat' dir='ltr'>{morer/fis</span> <span class='ocrx_word' id='word_1_246' title='bbox 2808 1858 2993 1920; x_wconf 84' lang='grc' dir='ltr'><strong>αύτῆς.</strong></span> <span class='ocrx_word' id='word_1_247' title='bbox 3034 1859 3314 1934; x_wconf 77' lang='grc' dir='ltr'><strong>’Δργυρίου</strong></span> <span class='ocrx_word' id='word_1_248' title='bbox 3344 1855 3405 1912; x_wconf 75' lang='grc' dir='ltr'>δε</span> <span class='ocrx_word' id='word_1_249' title='bbox 3433 1855 3572 1923; x_wconf 81' lang='grc' dir='ltr'><strong>εἶδος</strong></span> <span class='ocrx_word' id='word_1_250' title='bbox 3603 1866 3695 1914; x_wconf 82' lang='grc' dir='ltr'>καὶ</span> <span class='ocrx_word' id='word_1_251' title='bbox 3721 1861 3746 1913; x_wconf 90' lang='grc' dir='ltr'>ό</span> <span class='ocrx_word' id='word_1_252' title='bbox 3793 1858 3960 1927; x_wconf 70' lang='grc' dir='ltr'><strong>στατῆρ</strong></span> 
     </span>
    </p>
   </div>
   <div class='ocr_carea' id='block_1_35' title="bbox 627 1958 2284 2036">
    <p class='ocr_par' dir='ltr' id='par_1_35' title="bbox 627 1958 2284 2036">
     <span class='ocr_line' id='line_1_35' title="bbox 627 1958 2284 2036; baseline -0.011 -6"><span class='ocrx_word' id='word_1_253' title='bbox 627 1969 1010 2030; x_wconf 88' lang='lat' dir='ltr'>numismatis</span> <span class='ocrx_word' id='word_1_254' title='bbox 1043 1982 1230 2036; x_wconf 78' lang='lat' dir='ltr'>genus</span> <span class='ocrx_word' id='word_1_255' title='bbox 1251 1964 1374 2020; x_wconf 90' lang='lat' dir='ltr'>duo</span> <span class='ocrx_word' id='word_1_256' title='bbox 1407 1961 1782 2028; x_wconf 88' lang='lat' dir='ltr'>didrachma,</span> <span class='ocrx_word' id='word_1_257' title='bbox 1801 1960 1860 2015; x_wconf 92' lang='lat' dir='ltr'>id</span> <span class='ocrx_word' id='word_1_258' title='bbox 1891 1958 2284 2031; x_wconf 77' lang='lat' dir='ltr'>est,‘quatuor</span> 
     </span>
    </p>
   </div>
   <div class='ocr_carea' id='block_1_36' title="bbox 627 2054 1318 2119">
    <p class='ocr_par' dir='ltr' id='par_1_36' title="bbox 627 2054 1318 2119">
     <span class='ocr_line' id='line_1_36' title="bbox 627 2054 1318 2119; baseline -0.014 -1"><span class='ocrx_word' id='word_1_259' title='bbox 627 2057 950 2119; x_wconf 87' lang='lat' dir='ltr'>drachmas</span> <span class='ocrx_word' id='word_1_260' title='bbox 988 2054 1318 2111; x_wconf 89' lang='lat' dir='ltr'>continens.</span> 
     </span>
    </p>
   </div>
   <div class='ocr_carea' id='block_1_37' title="bbox 699 2133 2281 2218">
    <p class='ocr_par' dir='ltr' id='par_1_37' title="bbox 699 2133 2281 2218">
     <span class='ocr_line' id='line_1_37' title="bbox 699 2133 2281 2218; baseline -0.012 -11"><span class='ocrx_word' id='word_1_261' title='bbox 699 2149 843 2206; x_wconf 83' lang='lat' dir='ltr'>Vide</span> <span class='ocrx_word' id='word_1_262' title='bbox 881 2153 1084 2205; x_wconf 90' lang='lat' dir='ltr'>autem</span> <span class='ocrx_word' id='word_1_263' title='bbox 1113 2141 1425 2218; x_wconf 90' lang='lat' dir='ltr'>quomodo</span> <span class='ocrx_word' id='word_1_264' title='bbox 1463 2154 1626 2197; x_wconf 90' lang='lat' dir='ltr'>nunc</span> <span class='ocrx_word' id='word_1_265' title='bbox 1653 2136 1878 2194; x_wconf 76' lang='lat' dir='ltr'>Iudaeis</span> <span class='ocrx_word' id='word_1_266' title='bbox 1918 2133 2281 2192; x_wconf 82' lang='lat' dir='ltr'>offendiculo</span> 
     </span>
    </p>
   </div>
   <div class='ocr_carea' id='block_1_38' title="bbox 627 2221 2284 2297">
    <p class='ocr_par' dir='ltr' id='par_1_38' title="bbox 627 2221 2284 2297">
     <span class='ocr_line' id='line_1_38' title="bbox 627 2221 2284 2297; baseline -0.013 -1"><span class='ocrx_word' id='word_1_267' title='bbox 627 2255 756 2297; x_wconf 84' lang='lat' dir='ltr'>esse</span> <span class='ocrx_word' id='word_1_268' title='bbox 782 2236 968 2294; x_wconf 92' lang='lat' dir='ltr'>noluit</span> <span class='ocrx_word' id='word_1_269' title='bbox 991 2249 1002 2291; x_wconf 94' lang='lat'><strong>:</strong></span> <span class='ocrx_word' id='word_1_270' title='bbox 1025 2232 1167 2290; x_wconf 90' lang='lat' dir='ltr'>alibi</span> <span class='ocrx_word' id='word_1_271' title='bbox 1184 2247 1324 2288; x_wconf 86' lang='lat' dir='ltr'>vero</span> <span class='ocrx_word' id='word_1_272' title='bbox 1348 2226 1780 2286; x_wconf 68' lang='lat' dir='ltr'>Pharisaeorum</span> <span class='ocrx_word' id='word_1_273' title='bbox 1803 2222 2074 2295; x_wconf 81' lang='lat' dir='ltr'>despexit</span> <span class='ocrx_word' id='word_1_274' title='bbox 2098 2221 2284 2278; x_wconf 79' lang='lat' dir='ltr'>oﬂ‘en-</span> 
     </span>
    </p>
   </div>
   <div class='ocr_carea' id='block_1_39' title="bbox 625 2309 2282 2398">
    <p class='ocr_par' dir='ltr' id='par_1_39' title="bbox 625 2309 2282 2398">
     <span class='ocr_line' id='line_1_39' title="bbox 625 2309 2282 2398; baseline -0.013 -12"><span class='ocrx_word' id='word_1_275' title='bbox 625 2326 916 2393; x_wconf 85' lang='lat' dir='ltr'>diculum,</span> <span class='ocrx_word' id='word_1_276' title='bbox 949 2321 1196 2398; x_wconf 85' lang='lat' dir='ltr'>quando</span> <span class='ocrx_word' id='word_1_277' title='bbox 1227 2320 1301 2376; x_wconf 90' lang='lat' dir='ltr'>de</span> <span class='ocrx_word' id='word_1_278' title='bbox 1331 2318 1479 2375; x_wconf 89' lang='lat' dir='ltr'>cibis</span> <span class='ocrx_word' id='word_1_279' title='bbox 1509 2314 1878 2387; x_wconf 88' lang='lat' dir='ltr'>disputabat.</span> <span class='ocrx_word' id='word_1_280' title='bbox 1917 2311 2097 2367; x_wconf 92' lang='lat' dir='ltr'>Docet</span> <span class='ocrx_word' id='word_1_281' title='bbox 2121 2309 2282 2365; x_wconf 89' lang='lat' dir='ltr'>enim</span> 
     </span>
    </p>
   </div>
   <div class='ocr_carea' id='block_1_40' title="bbox 627 2399 2286 2491">
    <p class='ocr_par' dir='ltr' id='par_1_40' title="bbox 627 2399 2286 2491">
     <span class='ocr_line' id='line_1_40' title="bbox 627 2399 2286 2491; baseline -0.012 -17"><span class='ocrx_word' id='word_1_282' title='bbox 627 2415 792 2491; x_wconf 89' lang='lat' dir='ltr'>quod</span> <span class='ocrx_word' id='word_1_283' title='bbox 807 2411 1136 2488; x_wconf 87' lang='lat' dir='ltr'>aliquando</span> <span class='ocrx_word' id='word_1_284' title='bbox 1156 2404 1587 2466; x_wconf 77' lang='lat' dir='ltr'>oﬁ‘endiculum</span> <span class='ocrx_word' id='word_1_285' title='bbox 1609 2418 1818 2459; x_wconf 88' lang='lat' dir='ltr'>cavere</span> <span class='ocrx_word' id='word_1_286' title='bbox 1839 2405 2091 2472; x_wconf 89' lang='lat' dir='ltr'>oportet,</span> <span class='ocrx_word' id='word_1_287' title='bbox 2110 2399 2286 2455; x_wconf 90' lang='lat' dir='ltr'>inter-</span> 
     </span>
    </p>
   </div>
   <div class='ocr_carea' id='block_1_41' title="bbox 628 2487 2287 2570">
    <p class='ocr_par' dir='ltr' id='par_1_41' title="bbox 628 2487 2287 2570">
     <span class='ocr_line' id='line_1_41' title="bbox 628 2487 2287 2570; baseline -0.012 -6"><span class='ocrx_word' id='word_1_288' title='bbox 628 2487 775 2563; x_wconf 80' lang='lat' dir='ltr'>dum</span> <span class='ocrx_word' id='word_1_289' title='bbox 816 2487 956 2561; x_wconf 85' lang='lat' dir='ltr'>vero</span> <span class='ocrx_word' id='word_1_290' title='bbox 995 2498 1141 2558; x_wconf 89' lang='lat' dir='ltr'>illud</span> <span class='ocrx_word' id='word_1_291' title='bbox 1178 2496 1504 2570; x_wconf 88' lang='lat' dir='ltr'>despicere,</span> <span class='ocrx_word' id='word_1_292' title='bbox 1544 2496 1602 2549; x_wconf 92' lang='lat' dir='ltr'>et</span> <span class='ocrx_word' id='word_1_293' title='bbox 1639 2507 1778 2547; x_wconf 91' lang='lat' dir='ltr'>cum</span> <span class='ocrx_word' id='word_1_294' title='bbox 1811 2488 2038 2561; x_wconf 87' lang='lat' dir='ltr'>judicio</span> <span class='ocrx_word' id='word_1_295' title='bbox 2076 2487 2190 2545; x_wconf 91' lang='lat' dir='ltr'>hoc</span> <span class='ocrx_word' id='word_1_296' title='bbox 2231 2504 2287 2557; x_wconf 65' lang='lat' dir='ltr'>et</span> 
     </span>
    </p>
   </div>
   <div class='ocr_carea' id='block_1_42' title="bbox 629 2593 1018 2654">
    <p class='ocr_par' dir='ltr' id='par_1_42' title="bbox 629 2593 1018 2654">
     <span class='ocr_line' id='line_1_42' title="bbox 629 2593 1018 2654; baseline -0.018 -2"><span class='ocrx_word' id='word_1_297' title='bbox 629 2594 774 2654; x_wconf 90' lang='lat' dir='ltr'>illud</span> <span class='ocrx_word' id='word_1_298' title='bbox 806 2593 1018 2650; x_wconf 82' lang='lat' dir='ltr'>facere.</span> 
     </span>
    </p>
   </div>
   <div class='ocr_carea' id='block_1_43' title="bbox 700 2666 2285 2740">
    <p class='ocr_par' dir='ltr' id='par_1_43' title="bbox 700 2666 2285 2740">
     <span class='ocr_line' id='line_1_43' title="bbox 700 2666 2285 2740; baseline -0.011 -1"><span class='ocrx_word' id='word_1_299' title='bbox 700 2678 1116 2740; x_wconf 88' lang='lat' dir='ltr'>Universaliter</span> <span class='ocrx_word' id='word_1_300' title='bbox 1152 2673 1314 2731; x_wconf 90' lang='lat' dir='ltr'>enim</span> <span class='ocrx_word' id='word_1_301' title='bbox 1352 2671 1413 2727; x_wconf 91' lang='lat' dir='ltr'>in</span> <span class='ocrx_word' id='word_1_302' title='bbox 1459 2667 1553 2726; x_wconf 91' lang='lat' dir='ltr'>his</span> <span class='ocrx_word' id='word_1_303' title='bbox 1605 2683 1740 2740; x_wconf 69' lang='lat' dir='ltr'>quas</span> <span class='ocrx_word' id='word_1_304' title='bbox 1784 2666 1956 2738; x_wconf 88' lang='lat' dir='ltr'>juxta</span> <span class='ocrx_word' id='word_1_305' title='bbox 1995 2668 2096 2722; x_wconf 90' lang='lat' dir='ltr'>Dei</span> <span class='ocrx_word' id='word_1_306' title='bbox 2135 2683 2285 2739; x_wconf 71' lang='lat' dir='ltr'>prte-</span> 
     </span>
    </p>
   </div>
   <div class='ocr_carea' id='block_1_44' title="bbox 629 2755 2286 2845">
    <p class='ocr_par' dir='ltr' id='par_1_44' title="bbox 629 2755 2286 2845">
     <span class='ocr_line' id='line_1_44' title="bbox 629 2755 2286 2845; baseline -0.012 -15"><span class='ocrx_word' id='word_1_307' title='bbox 629 2778 868 2845; x_wconf 89' lang='lat' dir='ltr'>ceptum</span> <span class='ocrx_word' id='word_1_308' title='bbox 908 2767 1189 2824; x_wconf 89' lang='lat' dir='ltr'>dicuntur</span> <span class='ocrx_word' id='word_1_309' title='bbox 1227 2765 1332 2819; x_wconf 88' lang='lat' dir='ltr'>aut</span> <span class='ocrx_word' id='word_1_310' title='bbox 1367 2760 1540 2826; x_wconf 85' lang='lat' dir='ltr'>ﬁunt,</span> <span class='ocrx_word' id='word_1_311' title='bbox 1583 2755 2014 2814; x_wconf 82' lang='lat' dir='ltr'>oﬂ&#39;endiculum</span> <span class='ocrx_word' id='word_1_312' title='bbox 2053 2760 2286 2828; x_wconf 88' lang='lat' dir='ltr'>oportet</span> 
     </span>
    </p>
   </div>
   <div class='ocr_carea' id='block_1_45' title="bbox 629 2845 2284 2930">
    <p class='ocr_par' dir='ltr' id='par_1_45' title="bbox 629 2845 2284 2930">
     <span class='ocr_line' id='line_1_45' title="bbox 629 2845 2284 2930; baseline -0.01 -14"><span class='ocrx_word' id='word_1_313' title='bbox 629 2857 934 2930; x_wconf 88' lang='lat' dir='ltr'>despicere</span> <span class='ocrx_word' id='word_1_314' title='bbox 964 2855 1058 2910; x_wconf 91' lang='lat' dir='ltr'>:in</span> <span class='ocrx_word' id='word_1_315' title='bbox 1080 2853 1173 2910; x_wconf 91' lang='lat' dir='ltr'>his</span> <span class='ocrx_word' id='word_1_316' title='bbox 1205 2856 1407 2909; x_wconf 91' lang='lat' dir='ltr'>autem</span> <span class='ocrx_word' id='word_1_317' title='bbox 1437 2864 1574 2922; x_wconf 71' lang='lat' dir='ltr'>quas</span> <span class='ocrx_word' id='word_1_318' title='bbox 1589 2846 1763 2919; x_wconf 82' lang='lat' dir='ltr'>juxta</span> <span class='ocrx_word' id='word_1_319' title='bbox 1779 2845 2148 2902; x_wconf 88' lang='lat' dir='ltr'>voluntatem</span> <span class='ocrx_word' id='word_1_320' title='bbox 2180 2861 2284 2901; x_wconf 92' lang='lat' dir='ltr'>no-</span> 
     </span>
    </p>
   </div>
   <div class='ocr_carea' id='block_1_46' title="bbox 630 2935 2283 3014">
    <p class='ocr_par' dir='ltr' id='par_1_46' title="bbox 630 2935 2283 3014">
     <span class='ocr_line' id='line_1_46' title="bbox 630 2935 2283 3014; baseline -0.008 -10"><span class='ocrx_word' id='word_1_321' title='bbox 630 2955 833 3014; x_wconf 85' lang='lat' dir='ltr'>stram,</span> <span class='ocrx_word' id='word_1_322' title='bbox 877 2942 1310 3002; x_wconf 79' lang='lat' dir='ltr'>offendiculum</span> <span class='ocrx_word' id='word_1_323' title='bbox 1349 2952 1556 2997; x_wconf 90' lang='lat' dir='ltr'>curare</span> <span class='ocrx_word' id='word_1_324' title='bbox 1586 2935 1881 3001; x_wconf 90' lang='lat' dir='ltr'>convenit,</span> <span class='ocrx_word' id='word_1_325' title='bbox 1925 2939 2100 3007; x_wconf 89' lang='lat' dir='ltr'>prout</span> <span class='ocrx_word' id='word_1_326' title='bbox 2137 2951 2283 3008; x_wconf 67' lang='lat' dir='ltr'>prae-</span> 
     </span>
    </p>
   </div>
   <div class='ocr_carea' id='block_1_47' title="bbox 629 3030 1375 3110">
    <p class='ocr_par' dir='ltr' id='par_1_47' title="bbox 629 3030 1375 3110">
     <span class='ocr_line' id='line_1_47' title="bbox 629 3030 1375 3110; baseline -0.013 -16"><span class='ocrx_word' id='word_1_327' title='bbox 629 3036 784 3110; x_wconf 89' lang='lat' dir='ltr'>cepit</span> <span class='ocrx_word' id='word_1_328' title='bbox 820 3037 1065 3108; x_wconf 79' lang='lat' dir='ltr'>Magnus</span> <span class='ocrx_word' id='word_1_329' title='bbox 1107 3030 1375 3088; x_wconf 88' lang='lat' dir='ltr'>Basilius.</span> 
     </span>
    </p>
   </div>
   <div class='ocr_carea' id='block_1_48' title="bbox 735 3114 2174 3185">
    <p class='ocr_par' dir='ltr' id='par_1_48' title="bbox 735 3114 2174 3185">
     <span class='ocr_line' id='line_1_48' title="bbox 735 3114 2174 3185; baseline -0.009 -3"><span class='ocrx_word' id='word_1_330' title='bbox 735 3127 885 3183; x_wconf 77' lang='lat' dir='ltr'>CAP.</span> <span class='ocrx_word' id='word_1_331' title='bbox 914 3121 1160 3181; x_wconf 84' lang='lat' dir='ltr'>XXXVII.</span> <span class='ocrx_word' id='word_1_332' title='bbox 1201 3120 1277 3178; x_wconf 87' lang='lat' dir='ltr'>De</span> <span class='ocrx_word' id='word_1_333' title='bbox 1313 3116 1645 3176; x_wconf 80' lang='lat' dir='ltr'>dicentibus</span> <span class='ocrx_word' id='word_1_334' title='bbox 1684 3132 1702 3172; x_wconf 92' lang='lat'><strong><em>:</em></strong></span> <span class='ocrx_word' id='word_1_335' title='bbox 1750 3115 1890 3184; x_wconf 81' lang='lat' dir='ltr'>Quis</span> <span class='ocrx_word' id='word_1_336' title='bbox 1930 3114 2174 3185; x_wconf 74' lang='lat' dir='ltr'>major?</span> 
     </span>
    </p>
   </div>
   <div class='ocr_carea' id='block_1_49' title="bbox 697 3223 2358 3296">
    <p class='ocr_par' dir='ltr' id='par_1_49' title="bbox 697 3223 2358 3296">
     <span class='ocr_line' id='line_1_49' title="bbox 697 3223 2358 3296; baseline -0.008 -6"><span class='ocrx_word' id='word_1_337' title='bbox 697 3232 845 3290; x_wconf 84' lang='lat' dir='ltr'>CAP.</span> <span class='ocrx_word' id='word_1_338' title='bbox 891 3230 1080 3296; x_wconf 89' lang='lat' dir='ltr'>XVllI,</span> <span class='ocrx_word' id='word_1_339' title='bbox 1135 3229 1291 3285; x_wconf 83' lang='lat' dir='ltr'>Vers.</span> <span class='ocrx_word' id='word_1_340' title='bbox 1354 3226 1405 3284; x_wconf 90' lang='grc'><strong>1.</strong></span> <span class='ocrx_word' id='word_1_341' title='bbox 1462 3223 1536 3280; x_wconf 83' lang='lat' dir='ltr'>In</span> <span class='ocrx_word' id='word_1_342' title='bbox 1595 3254 1661 3263; x_wconf 97' lang='lat'><strong>—</strong></span> <span class='ocrx_word' id='word_1_343' title='bbox 1701 3224 2024 3279; x_wconf 74' lang='lat' dir='ltr'>caelorum?</span> <span class='ocrx_word' id='word_1_344' title='bbox 2063 3223 2279 3278; x_wconf 82' lang='lat' dir='ltr'>Huma-</span> <span class='ocrx_word' id='word_1_345' title='bbox 2317 3236 2358 3292; x_wconf 71' lang='grc' dir='ltr'><strong>ς</strong></span> 
     </span>
    </p>
   </div>
   <div class='ocr_carea' id='block_1_50' title="bbox 626 3310 2278 3394">
    <p class='ocr_par' dir='ltr' id='par_1_50' title="bbox 626 3310 2278 3394">
     <span class='ocr_line' id='line_1_50' title="bbox 626 3310 2278 3394; baseline -0.009 -14"><span class='ocrx_word' id='word_1_346' title='bbox 626 3338 773 3380; x_wconf 90' lang='lat' dir='ltr'>num</span> <span class='ocrx_word' id='word_1_347' title='bbox 812 3319 1104 3394; x_wconf 88' lang='lat' dir='ltr'>quiddam</span> <span class='ocrx_word' id='word_1_348' title='bbox 1144 3313 1422 3388; x_wconf 89' lang='lat' dir='ltr'>discipuli</span> <span class='ocrx_word' id='word_1_349' title='bbox 1461 3319 1603 3369; x_wconf 89' lang='lat' dir='ltr'>tunc</span> <span class='ocrx_word' id='word_1_350' title='bbox 1640 3310 2037 3386; x_wconf 89' lang='lat' dir='ltr'>patiebantur.</span> <span class='ocrx_word' id='word_1_351' title='bbox 2083 3310 2278 3365; x_wconf 91' lang='lat' dir='ltr'>lntuiti</span> 
     </span>
    </p>
   </div>
   <div class='ocr_carea' id='block_1_51' title="bbox 627 3399 2279 3485">
    <p class='ocr_par' dir='ltr' id='par_1_51' title="bbox 627 3399 2279 3485">
     <span class='ocr_line' id='line_1_51' title="bbox 627 3399 2279 3485; baseline -0.008 -17"><span class='ocrx_word' id='word_1_352' title='bbox 627 3410 919 3485; x_wconf 88' lang='lat' dir='ltr'>siquidem</span> <span class='ocrx_word' id='word_1_353' title='bbox 961 3406 1351 3481; x_wconf 66' lang='lat' dir='ltr'>praepositum</span> <span class='ocrx_word' id='word_1_354' title='bbox 1393 3403 1573 3459; x_wconf 82' lang='lat' dir='ltr'>fuisse</span> <span class='ocrx_word' id='word_1_355' title='bbox 1606 3402 1866 3466; x_wconf 88' lang='lat' dir='ltr'>Petrum,</span> <span class='ocrx_word' id='word_1_356' title='bbox 1909 3415 2051 3455; x_wconf 88' lang='lat' dir='ltr'>nam</span> <span class='ocrx_word' id='word_1_357' title='bbox 2092 3404 2148 3454; x_wconf 93' lang='lat' dir='ltr'>et</span> <span class='ocrx_word' id='word_1_358' title='bbox 2184 3399 2279 3454; x_wconf 81' lang='lat' dir='ltr'>Ja-</span> 
     </span>
    </p>
   </div>
   <div class='ocr_carea' id='block_1_52' title="bbox 627 3486 2279 3571">
    <p class='ocr_par' dir='ltr' id='par_1_52' title="bbox 627 3486 2279 3571">
     <span class='ocr_line' id='line_1_52' title="bbox 627 3486 2279 3571; baseline -0.008 -14"><span class='ocrx_word' id='word_1_359' title='bbox 627 3501 815 3557; x_wconf 89' lang='lat' dir='ltr'>cobus</span> <span class='ocrx_word' id='word_1_360' title='bbox 868 3495 1303 3571; x_wconf 82' lang='lat' dir='ltr'>primogenitus</span> <span class='ocrx_word' id='word_1_361' title='bbox 1347 3497 1472 3548; x_wconf 91' lang='lat' dir='ltr'>erat</span> <span class='ocrx_word' id='word_1_362' title='bbox 1515 3495 1570 3547; x_wconf 92' lang='lat' dir='ltr'>et</span> <span class='ocrx_word' id='word_1_363' title='bbox 1617 3489 1715 3546; x_wconf 89' lang='lat' dir='ltr'>alii</span> <span class='ocrx_word' id='word_1_364' title='bbox 1761 3506 1774 3544; x_wconf 92' lang='lat'><strong>:</strong></span> <span class='ocrx_word' id='word_1_365' title='bbox 1822 3488 1927 3544; x_wconf 88' lang='lat' dir='ltr'>sed</span> <span class='ocrx_word' id='word_1_366' title='bbox 1969 3487 2115 3543; x_wconf 87' lang='lat' dir='ltr'>nihil</span> <span class='ocrx_word' id='word_1_367' title='bbox 2165 3486 2279 3543; x_wconf 88' lang='lat' dir='ltr'>tale</span> 
     </span>
    </p>
   </div>
   <div class='ocr_carea' id='block_1_53' title="bbox 625 3576 2278 3662">
    <p class='ocr_par' dir='ltr' id='par_1_53' title="bbox 625 3576 2278 3662">
     <span class='ocr_line' id='line_1_53' title="bbox 625 3576 2278 3662; baseline -0.01 -15"><span class='ocrx_word' id='word_1_368' title='bbox 625 3605 733 3662; x_wconf 92' lang='lat' dir='ltr'>pro</span> <span class='ocrx_word' id='word_1_369' title='bbox 763 3589 847 3644; x_wconf 89' lang='lat' dir='ltr'>eis</span> <span class='ocrx_word' id='word_1_370' title='bbox 878 3585 1041 3651; x_wconf 85' lang='lat' dir='ltr'>dixit.</span> <span class='ocrx_word' id='word_1_371' title='bbox 1077 3583 1395 3641; x_wconf 87' lang='lat' dir='ltr'>doluerunt</span> <span class='ocrx_word' id='word_1_372' title='bbox 1426 3595 1439 3635; x_wconf 92' lang='lat'>:</span> <span class='ocrx_word' id='word_1_373' title='bbox 1471 3583 1526 3636; x_wconf 93' lang='lat' dir='ltr'>et</span> <span class='ocrx_word' id='word_1_374' title='bbox 1555 3583 1759 3635; x_wconf 88' lang='lat' dir='ltr'>tamen</span> <span class='ocrx_word' id='word_1_375' title='bbox 1790 3576 2072 3632; x_wconf 75' lang='lat' dir='ltr'>affectum</span> <span class='ocrx_word' id='word_1_376' title='bbox 2103 3593 2278 3632; x_wconf 88' lang='lat' dir='ltr'>suum</span> 
     </span>
    </p>
   </div>
   <div class='ocr_carea' id='block_1_54' title="bbox 625 3665 2278 3736">
    <p class='ocr_par' dir='ltr' id='par_1_54' title="bbox 625 3665 2278 3736">
     <span class='ocr_line' id='line_1_54' title="bbox 625 3665 2278 3736; baseline -0.009 -1"><span class='ocrx_word' id='word_1_377' title='bbox 625 3674 894 3735; x_wconf 83' lang='lat' dir='ltr'>conﬁteri</span> <span class='ocrx_word' id='word_1_378' title='bbox 922 3672 1307 3734; x_wconf 89' lang='lat' dir='ltr'>erubuerunt,</span> <span class='ocrx_word' id='word_1_379' title='bbox 1346 3667 1452 3724; x_wconf 88' lang='lat' dir='ltr'>sed</span> <span class='ocrx_word' id='word_1_380' title='bbox 1481 3665 1816 3722; x_wconf 88' lang='lat' dir='ltr'>indistincte</span> <span class='ocrx_word' id='word_1_381' title='bbox 1847 3668 2278 3736; x_wconf 64' lang='lat' dir='ltr'>praeceptorem</span> 
     </span>
    </p>
   </div>
   <div class='ocr_carea' id='block_1_55' title="bbox 626 3754 2096 3832">
    <p class='ocr_par' dir='ltr' id='par_1_55' title="bbox 626 3754 2096 3832">
     <span class='ocr_line' id='line_1_55' title="bbox 626 3754 2096 3832; baseline -0.01 -11"><span class='ocrx_word' id='word_1_382' title='bbox 626 3766 1012 3832; x_wconf 81' lang='lat' dir='ltr'>interrogant,</span> <span class='ocrx_word' id='word_1_383' title='bbox 1043 3758 1324 3832; x_wconf 87' lang='lat' dir='ltr'>quisnam</span> <span class='ocrx_word' id='word_1_384' title='bbox 1355 3754 1656 3810; x_wconf 87' lang='lat' dir='ltr'>maximus</span> <span class='ocrx_word' id='word_1_385' title='bbox 1685 3757 1840 3808; x_wconf 87' lang='lat' dir='ltr'>esset</span> <span class='ocrx_word' id='word_1_386' title='bbox 1866 3767 2096 3808; x_wconf 91' lang='lat' dir='ltr'>eorum.</span> 
     </span>
    </p>
   </div>
   <div class='ocr_carea' id='block_1_56' title="bbox 697 3839 2278 3909">
    <p class='ocr_par' dir='ltr' id='par_1_56' title="bbox 697 3839 2278 3909">
     <span class='ocr_line' id='line_1_56' title="bbox 697 3839 2278 3909; baseline -0.007 0"><span class='ocrx_word' id='word_1_387' title='bbox 697 3855 814 3909; x_wconf 86' lang='lat' dir='ltr'>Nec</span> <span class='ocrx_word' id='word_1_388' title='bbox 852 3849 912 3906; x_wconf 94' lang='lat' dir='ltr'>id</span> <span class='ocrx_word' id='word_1_389' title='bbox 941 3847 1138 3905; x_wconf 85' lang='lat' dir='ltr'>solum</span> <span class='ocrx_word' id='word_1_390' title='bbox 1170 3844 1452 3903; x_wconf 81' lang='lat' dir='ltr'>affectum</span> <span class='ocrx_word' id='word_1_391' title='bbox 1484 3841 1646 3898; x_wconf 90' lang='lat' dir='ltr'>hunc</span> <span class='ocrx_word' id='word_1_392' title='bbox 1675 3839 2056 3906; x_wconf 89' lang='lat' dir='ltr'>excitaverat,</span> <span class='ocrx_word' id='word_1_393' title='bbox 2090 3841 2193 3898; x_wconf 91' lang='lat' dir='ltr'>sed</span> <span class='ocrx_word' id='word_1_394' title='bbox 2222 3847 2278 3898; x_wconf 92' lang='lat' dir='ltr'>et</span> 
     </span>
    </p>
   </div>
   <div class='ocr_carea' id='block_1_57' title="bbox 625 3927 2274 4006">
    <p class='ocr_par' dir='ltr' id='par_1_57' title="bbox 625 3927 2274 4006">
     <span class='ocr_line' id='line_1_57' title="bbox 625 3927 2274 4006; baseline -0.007 -6"><span class='ocrx_word' id='word_1_395' title='bbox 625 3943 743 4002; x_wconf 89' lang='lat' dir='ltr'>alia</span> <span class='ocrx_word' id='word_1_396' title='bbox 769 3938 976 3997; x_wconf 90' lang='lat' dir='ltr'>multa.</span> <span class='ocrx_word' id='word_1_397' title='bbox 1004 3937 1156 3993; x_wconf 88' lang='lat' dir='ltr'>Nam</span> <span class='ocrx_word' id='word_1_398' title='bbox 1183 3939 1240 3992; x_wconf 89' lang='lat' dir='ltr'>et</span> <span class='ocrx_word' id='word_1_399' title='bbox 1269 3932 1430 4006; x_wconf 88' lang='lat' dir='ltr'>prius</span> <span class='ocrx_word' id='word_1_400' title='bbox 1456 3946 1700 4005; x_wconf 89' lang='lat' dir='ltr'>quoque</span> <span class='ocrx_word' id='word_1_401' title='bbox 1723 3927 2084 3988; x_wconf 83' lang='lat' dir='ltr'>beatiﬁcavit</span> <span class='ocrx_word' id='word_1_402' title='bbox 2114 3947 2274 3998; x_wconf 90' lang='lat' dir='ltr'>eum,</span> 
     </span>
    </p>
   </div>
   <div class='ocr_carea' id='block_1_58' title="bbox 625 4019 2274 4104">
    <p class='ocr_par' dir='ltr' id='par_1_58' title="bbox 625 4019 2274 4104">
     <span class='ocr_line' id='line_1_58' title="bbox 625 4019 2274 4104; baseline -0.007 -16"><span class='ocrx_word' id='word_1_403' title='bbox 625 4029 935 4104; x_wconf 89' lang='lat' dir='ltr'>multaque</span> <span class='ocrx_word' id='word_1_404' title='bbox 957 4025 1037 4084; x_wconf 90' lang='lat' dir='ltr'>illi</span> <span class='ocrx_word' id='word_1_405' title='bbox 1059 4022 1332 4100; x_wconf 90' lang='lat' dir='ltr'>promisit</span> <span class='ocrx_word' id='word_1_406' title='bbox 1355 4038 1368 4077; x_wconf 89' lang='lat'><strong>:</strong></span> <span class='ocrx_word' id='word_1_407' title='bbox 1393 4020 1536 4078; x_wconf 89' lang='lat' dir='ltr'>alibi</span> <span class='ocrx_word' id='word_1_408' title='bbox 1561 4021 1740 4078; x_wconf 87' lang='lat' dir='ltr'>etiam</span> <span class='ocrx_word' id='word_1_409' title='bbox 1767 4020 1897 4077; x_wconf 86' lang='lat' dir='ltr'>visa</span> <span class='ocrx_word' id='word_1_410' title='bbox 1921 4019 2080 4076; x_wconf 90' lang='lat' dir='ltr'>illius</span> <span class='ocrx_word' id='word_1_411' title='bbox 2104 4019 2274 4078; x_wconf 85' lang='lat' dir='ltr'>liber-</span> 
     </span>
    </p>
   </div>
   <div class='ocr_carea' id='block_1_59' title="bbox 625 4111 1496 4179">
    <p class='ocr_par' dir='ltr' id='par_1_59' title="bbox 625 4111 1496 4179">
     <span class='ocr_line' id='line_1_59' title="bbox 625 4111 1496 4179; baseline -0.016 0"><span class='ocrx_word' id='word_1_412' title='bbox 625 4124 741 4179; x_wconf 85' lang='lat' dir='ltr'>tate</span> <span class='ocrx_word' id='word_1_413' title='bbox 771 4117 1084 4177; x_wconf 87' lang='lat' dir='ltr'>subtristes</span> <span class='ocrx_word' id='word_1_414' title='bbox 1119 4111 1305 4172; x_wconf 77' lang='lat' dir='ltr'>eti&#39;ecti</span> <span class='ocrx_word' id='word_1_415' title='bbox 1338 4117 1496 4168; x_wconf 89' lang='lat' dir='ltr'>sunt.</span> 
     </span>
    </p>
   </div>
   <div class='ocr_carea' id='block_1_60' title="bbox 693 4199 2275 4274">
    <p class='ocr_par' dir='ltr' id='par_1_60' title="bbox 693 4199 2275 4274">
     <span class='ocr_line' id='line_1_60' title="bbox 693 4199 2275 4274; baseline -0.008 -6"><span class='ocrx_word' id='word_1_416' title='bbox 693 4212 922 4268; x_wconf 83' lang='lat' dir='ltr'>Marcus</span> <span class='ocrx_word' id='word_1_417' title='bbox 951 4220 1092 4264; x_wconf 88' lang='lat' dir='ltr'>vero</span> <span class='ocrx_word' id='word_1_418' title='bbox 1122 4202 1202 4260; x_wconf 88' lang='lat' dir='ltr'>ait</span> <span class='ocrx_word' id='word_1_419' title='bbox 1232 4202 1300 4268; x_wconf 79' lang='grc'>³³,</span> <span class='ocrx_word' id='word_1_420' title='bbox 1324 4199 1490 4274; x_wconf 92' lang='lat' dir='ltr'>quod</span> <span class='ocrx_word' id='word_1_421' title='bbox 1518 4199 1782 4274; x_wconf 89' lang='lat' dir='ltr'>primum</span> <span class='ocrx_word' id='word_1_422' title='bbox 1805 4199 1956 4256; x_wconf 89' lang='lat' dir='ltr'>inter</span> <span class='ocrx_word' id='word_1_423' title='bbox 1982 4215 2043 4256; x_wconf 88' lang='lat' dir='ltr'>se</span> <span class='ocrx_word' id='word_1_424' title='bbox 2071 4199 2275 4274; x_wconf 88' lang='lat' dir='ltr'>dispu-</span> 
     </span>
    </p>
   </div>
   <div class='ocr_carea' id='block_1_61' title="bbox 621 4287 2274 4370">
    <p class='ocr_par' dir='ltr' id='par_1_61' title="bbox 621 4287 2274 4370">
     <span class='ocr_line' id='line_1_61' title="bbox 621 4287 2274 4370; baseline -0.008 -11"><span class='ocrx_word' id='word_1_425' title='bbox 621 4301 914 4364; x_wconf 86' lang='lat' dir='ltr'>taverant,</span> <span class='ocrx_word' id='word_1_426' title='bbox 946 4294 1083 4370; x_wconf 88' lang='lat' dir='ltr'>quis</span> <span class='ocrx_word' id='word_1_427' title='bbox 1123 4289 1426 4350; x_wconf 89' lang='lat' dir='ltr'>maximus</span> <span class='ocrx_word' id='word_1_428' title='bbox 1473 4294 1660 4357; x_wconf 88' lang='lat' dir='ltr'>esset;</span> <span class='ocrx_word' id='word_1_429' title='bbox 1694 4292 1752 4346; x_wconf 87' lang='lat' dir='ltr'>et</span> <span class='ocrx_word' id='word_1_430' title='bbox 1791 4287 1932 4345; x_wconf 89' lang='lat' dir='ltr'>huic</span> <span class='ocrx_word' id='word_1_431' title='bbox 1981 4293 2274 4347; x_wconf 89' lang='lat' dir='ltr'>consonat</span> 
     </span>
    </p>
   </div>
   <div class='ocr_carea' id='block_1_62' title="bbox 619 4386 1126 4448">
    <p class='ocr_par' dir='ltr' id='par_1_62' title="bbox 619 4386 1126 4448">
     <span class='ocr_line' id='line_1_62' title="bbox 619 4386 1126 4448; baseline -0.016 0"><span class='ocrx_word' id='word_1_432' title='bbox 619 4390 805 4448; x_wconf 83' lang='lat' dir='ltr'>etiam</span> <span class='ocrx_word' id='word_1_433' title='bbox 836 4390 1024 4444; x_wconf 85' lang='lat' dir='ltr'>Lucas</span> <span class='ocrx_word' id='word_1_434' title='bbox 1052 4386 1126 4440; x_wconf 76' lang='grc'>³⁸.</span> 
     </span>
    </p>
   </div>
   <div class='ocr_carea' id='block_1_63' title="bbox 692 4467 2274 4548">
    <p class='ocr_par' dir='ltr' id='par_1_63' title="bbox 692 4467 2274 4548">
     <span class='ocr_line' id='line_1_63' title="bbox 692 4467 2274 4548; baseline -0.007 -13"><span class='ocrx_word' id='word_1_435' title='bbox 692 4478 1050 4548; x_wconf 85' lang='lat' dir='ltr'>Priusquam</span> <span class='ocrx_word' id='word_1_436' title='bbox 1080 4471 1241 4531; x_wconf 88' lang='lat' dir='ltr'>enim</span> <span class='ocrx_word' id='word_1_437' title='bbox 1261 4470 1341 4529; x_wconf 88' lang='lat' dir='ltr'>ad</span> <span class='ocrx_word' id='word_1_438' title='bbox 1362 4469 1601 4528; x_wconf 88' lang='lat' dir='ltr'>Petrum</span> <span class='ocrx_word' id='word_1_439' title='bbox 1623 4467 2016 4527; x_wconf 77' lang='lat' dir='ltr'>accessissent</span> <span class='ocrx_word' id='word_1_440' title='bbox 2038 4467 2145 4541; x_wconf 90' lang='lat' dir='ltr'>qui</span> <span class='ocrx_word' id='word_1_441' title='bbox 2173 4467 2274 4524; x_wconf 90' lang='lat' dir='ltr'>di-</span> 
     </span>
    </p>
   </div>
   <div class='ocr_carea' id='block_1_64' title="bbox 619 4555 2273 4635">
    <p class='ocr_par' dir='ltr' id='par_1_64' title="bbox 619 4555 2273 4635">
     <span class='ocr_line' id='line_1_64' title="bbox 619 4555 2273 4635; baseline -0.006 -10"><span class='ocrx_word' id='word_1_442' title='bbox 619 4565 915 4625; x_wconf 86' lang='lat' dir='ltr'>drachma</span> <span class='ocrx_word' id='word_1_443' title='bbox 941 4561 1316 4635; x_wconf 88' lang='lat' dir='ltr'>accipiebant</span> <span class='ocrx_word' id='word_1_444' title='bbox 1344 4558 1710 4632; x_wconf 89' lang='lat' dir='ltr'>(simpliciter</span> <span class='ocrx_word' id='word_1_445' title='bbox 1734 4557 1808 4614; x_wconf 90' lang='lat' dir='ltr'>de</span> <span class='ocrx_word' id='word_1_446' title='bbox 1838 4573 1909 4614; x_wconf 92' lang='lat' dir='ltr'>eo</span> <span class='ocrx_word' id='word_1_447' title='bbox 1939 4555 2273 4615; x_wconf 86' lang='lat' dir='ltr'>ratiocinati</span> 
     </span>
    </p>
   </div>
   <div class='ocr_carea' id='block_1_65' title="bbox 618 4645 2271 4720">
    <p class='ocr_par' dir='ltr' id='par_1_65' title="bbox 618 4645 2271 4720">
     <span class='ocr_line' id='line_1_65' title="bbox 618 4645 2271 4720; baseline -0.005 -6"><span class='ocrx_word' id='word_1_448' title='bbox 618 4656 855 4714; x_wconf 83' lang='lat' dir='ltr'>fuerant</span> <span class='ocrx_word' id='word_1_449' title='bbox 866 4653 928 4710; x_wconf 90' lang='lat' dir='ltr'>in</span> <span class='ocrx_word' id='word_1_450' title='bbox 939 4652 1143 4710; x_wconf 85' lang='lat' dir='ltr'>itinere</span> <span class='ocrx_word' id='word_1_451' title='bbox 1162 4665 1329 4720; x_wconf 90' lang='lat' dir='ltr'>;cum</span> <span class='ocrx_word' id='word_1_452' title='bbox 1342 4655 1543 4706; x_wconf 90' lang='lat' dir='ltr'>autem</span> <span class='ocrx_word' id='word_1_453' title='bbox 1560 4650 1938 4720; x_wconf 90' lang='lat' dir='ltr'>Capernaum</span> <span class='ocrx_word' id='word_1_454' title='bbox 1952 4645 2271 4718; x_wconf 87' lang='lat' dir='ltr'>venissent,</span> 
     </span>
    </p>
   </div>
   <div class='ocr_carea' id='block_1_66' title="bbox 620 4734 2274 4810">
    <p class='ocr_par' dir='ltr' id='par_1_66' title="bbox 620 4734 2274 4810">
     <span class='ocr_line' id='line_1_66' title="bbox 620 4734 2274 4810; baseline -0.007 -7"><span class='ocrx_word' id='word_1_455' title='bbox 620 4745 726 4803; x_wconf 89' lang='lat' dir='ltr'>ubi</span> <span class='ocrx_word' id='word_1_456' title='bbox 754 4743 934 4802; x_wconf 86' lang='lat' dir='ltr'>etiam</span> <span class='ocrx_word' id='word_1_457' title='bbox 966 4743 1207 4800; x_wconf 89' lang='lat' dir='ltr'>Petrum</span> <span class='ocrx_word' id='word_1_458' title='bbox 1238 4738 1534 4806; x_wconf 89' lang='lat' dir='ltr'>adierunt,</span> <span class='ocrx_word' id='word_1_459' title='bbox 1567 4735 1671 4810; x_wconf 87' lang='lat' dir='ltr'>qui</span> <span class='ocrx_word' id='word_1_460' title='bbox 1697 4734 2056 4792; x_wconf 86' lang='lat' dir='ltr'>didrachma</span> <span class='ocrx_word' id='word_1_461' title='bbox 2082 4735 2274 4808; x_wconf 82' lang='lat' dir='ltr'>exige-</span> 
     </span>
    </p>
   </div>
   <div class='ocr_carea' id='block_1_67' title="bbox 618 4823 2275 4908">
    <p class='ocr_par' dir='ltr' id='par_1_67' title="bbox 618 4823 2275 4908">
     <span class='ocr_line' id='line_1_67' title="bbox 618 4823 2275 4908; baseline -0.006 -16"><span class='ocrx_word' id='word_1_462' title='bbox 618 4834 807 4908; x_wconf 88' lang='lat' dir='ltr'>bant),</span> <span class='ocrx_word' id='word_1_463' title='bbox 864 4837 1004 4890; x_wconf 88' lang='lat' dir='ltr'>tunc</span> <span class='ocrx_word' id='word_1_464' title='bbox 1060 4829 1330 4888; x_wconf 85' lang='lat' dir='ltr'>videntes</span> <span class='ocrx_word' id='word_1_465' title='bbox 1394 4842 1596 4884; x_wconf 90' lang='lat' dir='ltr'>rursus</span> <span class='ocrx_word' id='word_1_466' title='bbox 1666 4823 1904 4881; x_wconf 88' lang='lat' dir='ltr'>Petrum</span> <span class='ocrx_word' id='word_1_467' title='bbox 1960 4823 2275 4898; x_wconf 69' lang='lat' dir='ltr'>praahono-</span> 
     </span>
    </p>
   </div>
   <div class='ocr_carea' id='block_1_68' title="bbox 617 4913 2274 4996">
    <p class='ocr_par' dir='ltr' id='par_1_68' title="bbox 617 4913 2274 4996">
     <span class='ocr_line' id='line_1_68' title="bbox 617 4913 2274 4996; baseline -0.007 -12"><span class='ocrx_word' id='word_1_468' title='bbox 617 4924 756 4995; x_wconf 87' lang='lat' dir='ltr'>rari,</span> <span class='ocrx_word' id='word_1_469' title='bbox 789 4922 986 4996; x_wconf 80' lang='lat' dir='ltr'>magis</span> <span class='ocrx_word' id='word_1_470' title='bbox 1008 4919 1214 4980; x_wconf 87' lang='lat' dir='ltr'>irritati</span> <span class='ocrx_word' id='word_1_471' title='bbox 1243 4921 1401 4986; x_wconf 90' lang='lat' dir='ltr'>sunt,</span> <span class='ocrx_word' id='word_1_472' title='bbox 1427 4920 1485 4973; x_wconf 89' lang='lat' dir='ltr'>et</span> <span class='ocrx_word' id='word_1_473' title='bbox 1507 4915 1590 4972; x_wconf 88' lang='lat' dir='ltr'>ita</span> <span class='ocrx_word' id='word_1_474' title='bbox 1614 4913 1860 4972; x_wconf 89' lang='lat' dir='ltr'>demum</span> <span class='ocrx_word' id='word_1_475' title='bbox 1880 4913 2274 4988; x_wconf 79' lang='lat' dir='ltr'>interrogave-</span> 
     </span>
    </p>
   </div>
   <div class='ocr_carea' id='block_1_69' title="bbox 618 5019 778 5073">
    <p class='ocr_par' dir='ltr' id='par_1_69' title="bbox 618 5019 778 5073">
     <span class='ocr_line' id='line_1_69' title="bbox 618 5019 778 5073; baseline 0 -1"><span class='ocrx_word' id='word_1_476' title='bbox 618 5019 778 5073; x_wconf 89' lang='lat' dir='ltr'>runt.</span> 
     </span>
    </p>
   </div>
   <div class='ocr_carea' id='block_1_70' title="bbox 688 5131 1758 5204">
    <p class='ocr_par' dir='ltr' id='par_1_70' title="bbox 688 5131 1758 5204">
     <span class='ocr_line' id='line_1_70' title="bbox 688 5131 1758 5204; baseline -0.015 -2"><span class='ocrx_word' id='word_1_477' title='bbox 688 5145 735 5180; x_wconf 80' lang='grc'>³³</span> <span class='ocrx_word' id='word_1_478' title='bbox 763 5143 937 5201; x_wconf 80' lang='lat' dir='ltr'>Marc.</span> <span class='ocrx_word' id='word_1_479' title='bbox 971 5153 1050 5204; x_wconf 76' lang='lat' dir='ltr'>xx,</span> <span class='ocrx_word' id='word_1_480' title='bbox 1078 5137 1168 5193; x_wconf 73' lang='grc'>34.</span> <span class='ocrx_word' id='word_1_481' title='bbox 1316 5135 1365 5170; x_wconf 70' lang='grc'>³⁸</span> <span class='ocrx_word' id='word_1_482' title='bbox 1396 5134 1533 5190; x_wconf 89' lang='lat' dir='ltr'>Luc.</span> <span class='ocrx_word' id='word_1_483' title='bbox 1561 5145 1643 5199; x_wconf 74' lang='grc' dir='ltr'><strong>ιι,</strong></span> <span class='ocrx_word' id='word_1_484' title='bbox 1669 5131 1758 5188; x_wconf 71' lang='grc'>46.</span> 
     </span>
    </p>
   </div>
   <div class='ocr_carea' id='block_1_71' title="bbox 2392 1945 3241 2020">
    <p class='ocr_par' dir='ltr' id='par_1_71' title="bbox 2392 1945 3241 2020">
     <span class='ocr_line' id='line_1_71' title="bbox 2392 1945 3241 2020; baseline 0.001 -19"><span class='ocrx_word' id='word_1_485' title='bbox 2392 1945 2474 2014; x_wconf 77' lang='grc' dir='ltr'>ἧν,</span> <span class='ocrx_word' id='word_1_486' title='bbox 2509 1945 2605 2001; x_wconf 88' lang='grc' dir='ltr'>δύο</span> <span class='ocrx_word' id='word_1_487' title='bbox 2634 1945 2956 2020; x_wconf 81' lang='grc' dir='ltr'><strong>διδράχμων</strong></span> <span class='ocrx_word' id='word_1_488' title='bbox 2983 1946 3241 2012; x_wconf 76' lang='grc' dir='ltr'><strong>ἀντάξιος.</strong></span> 
     </span>
    </p>
   </div>
   <div class='ocr_carea' id='block_1_72' title="bbox 2463 2137 3971 2216">
    <p class='ocr_par' dir='ltr' id='par_1_72' title="bbox 2463 2137 3971 2216">
     <span class='ocr_line' id='line_1_72' title="bbox 2463 2137 3971 2216; baseline -0.005 -18"><span class='ocrx_word' id='word_1_489' title='bbox 2463 2148 2646 2198; x_wconf 81' lang='grc' dir='ltr'><strong>Σκόπει</strong></span> <span class='ocrx_word' id='word_1_490' title='bbox 2685 2140 2764 2210; x_wconf 73' lang='grc' dir='ltr'>δὲ,</span> <span class='ocrx_word' id='word_1_491' title='bbox 2810 2151 2914 2204; x_wconf 85' lang='grc' dir='ltr'><strong>πῶς</strong></span> <span class='ocrx_word' id='word_1_492' title='bbox 2971 2152 3059 2196; x_wconf 80' lang='grc' dir='ltr'><strong>νῦν</strong></span> <span class='ocrx_word' id='word_1_493' title='bbox 3109 2147 3199 2216; x_wconf 76' lang='grc' dir='ltr'>μεν</span> <span class='ocrx_word' id='word_1_494' title='bbox 3243 2142 3338 2196; x_wconf 80' lang='grc' dir='ltr'>ούκ</span> <span class='ocrx_word' id='word_1_495' title='bbox 3399 2142 3664 2206; x_wconf 74' lang='grc' dir='ltr'><strong>ἠϐουλήθη</strong></span> <span class='ocrx_word' id='word_1_496' title='bbox 3707 2137 3971 2197; x_wconf 78' lang='grc' dir='ltr'><strong>σκανδαλί·</strong></span> 
     </span>
    </p>
   </div>
   <div class='ocr_carea' id='block_1_73' title="bbox 2395 2229 3969 2310">
    <p class='ocr_par' dir='ltr' id='par_1_73' title="bbox 2395 2229 3969 2310">
     <span class='ocr_line' id='line_1_73' title="bbox 2395 2229 3969 2310; baseline -0.003 -24"><span class='ocrx_word' id='word_1_497' title='bbox 2395 2253 2486 2286; x_wconf 90' lang='grc' dir='ltr'>σαι</span> <span class='ocrx_word' id='word_1_498' title='bbox 2541 2237 2659 2294; x_wconf 82' lang='grc' dir='ltr'><strong>τούς</strong></span> <span class='ocrx_word' id='word_1_499' title='bbox 2722 2229 3032 2303; x_wconf 80' lang='grc' dir='ltr'><strong>Ἰουδαίους,</strong></span> <span class='ocrx_word' id='word_1_500' title='bbox 3090 2231 3324 2304; x_wconf 74' lang='grc' dir='ltr'><strong>ἀλλαχοῦ</strong></span> <span class='ocrx_word' id='word_1_501' title='bbox 3379 2229 3439 2286; x_wconf 65' lang='grc' dir='ltr'>δι</span> <span class='ocrx_word' id='word_1_502' title='bbox 3504 2239 3845 2310; x_wconf 67' lang='grc' dir='ltr'><strong>κατεφρόνησε</strong></span> <span class='ocrx_word' id='word_1_503' title='bbox 3885 2233 3969 2279; x_wconf 84' lang='grc' dir='ltr'><strong>τοῦ</strong></span> 
     </span>
    </p>
   </div>
   <div class='ocr_carea' id='block_1_74' title="bbox 2397 2318 3968 2397">
    <p class='ocr_par' dir='ltr' id='par_1_74' title="bbox 2397 2318 3968 2397">
     <span class='ocr_line' id='line_1_74' title="bbox 2397 2318 3968 2397; baseline -0.003 -22"><span class='ocrx_word' id='word_1_504' title='bbox 2397 2319 2692 2375; x_wconf 71' lang='grc' dir='ltr'><strong>σκανδάλου</strong></span> <span class='ocrx_word' id='word_1_505' title='bbox 2746 2330 2848 2374; x_wconf 85' lang='grc' dir='ltr'>τῶν</span> <span class='ocrx_word' id='word_1_506' title='bbox 2903 2327 3220 2397; x_wconf 74' lang='grc' dir='ltr'><strong>Φαρισαίων,</strong></span> <span class='ocrx_word' id='word_1_507' title='bbox 3273 2324 3355 2375; x_wconf 86' lang='grc' dir='ltr'><strong>ὅτε</strong></span> <span class='ocrx_word' id='word_1_508' title='bbox 3397 2326 3515 2396; x_wconf 81' lang='grc' dir='ltr'><strong>περὶ</strong></span> <span class='ocrx_word' id='word_1_509' title='bbox 3558 2332 3652 2376; x_wconf 83' lang='grc' dir='ltr'><strong>τῶν</strong></span> <span class='ocrx_word' id='word_1_510' title='bbox 3693 2318 3968 2395; x_wconf 76' lang='grc' dir='ltr'><strong>βρωμάτων</strong></span> 
     </span>
    </p>
   </div>
   <div class='ocr_carea' id='block_1_75' title="bbox 2395 2405 3963 2486">
    <p class='ocr_par' dir='ltr' id='par_1_75' title="bbox 2395 2405 3963 2486">
     <span class='ocr_line' id='line_1_75' title="bbox 2395 2405 3963 2486; baseline -0.008 -22"><span class='ocrx_word' id='word_1_511' title='bbox 2395 2409 2667 2484; x_wconf 70' lang='grc' dir='ltr'><strong>διελέγετο.</strong></span> <span class='ocrx_word' id='word_1_512' title='bbox 2699 2408 2952 2464; x_wconf 72' lang='grc' dir='ltr'><strong>Διδάσκει</strong></span> <span class='ocrx_word' id='word_1_513' title='bbox 2979 2414 3103 2486; x_wconf 73' lang='grc' dir='ltr'><strong>γὰρ,</strong></span> <span class='ocrx_word' id='word_1_514' title='bbox 3143 2413 3225 2464; x_wconf 84' lang='grc' dir='ltr'><strong>ὅτι</strong></span> <span class='ocrx_word' id='word_1_515' title='bbox 3264 2415 3388 2465; x_wconf 75' lang='grc' dir='ltr'><strong>ποτε</strong></span> <span class='ocrx_word' id='word_1_516' title='bbox 3428 2415 3518 2484; x_wconf 72' lang='grc' dir='ltr'>μεν</span> <span class='ocrx_word' id='word_1_517' title='bbox 3543 2416 3651 2484; x_wconf 73' lang='grc' dir='ltr'>χρὴ</span> <span class='ocrx_word' id='word_1_518' title='bbox 3695 2405 3963 2481; x_wconf 65' lang='grc' dir='ltr'><strong>φροντίζειν</strong></span> 
     </span>
    </p>
   </div>
   <div class='ocr_carea' id='block_1_76' title="bbox 2393 2487 3962 2574">
    <p class='ocr_par' dir='ltr' id='par_1_76' title="bbox 2393 2487 3962 2574">
     <span class='ocr_line' id='line_1_76' title="bbox 2393 2487 3962 2574; baseline -0.006 -20"><span class='ocrx_word' id='word_1_519' title='bbox 2393 2509 2483 2554; x_wconf 76' lang='grc' dir='ltr'><strong>τοῦ</strong></span> <span class='ocrx_word' id='word_1_520' title='bbox 2542 2497 2862 2571; x_wconf 75' lang='grc' dir='ltr'><strong>σκανδάλου,</strong></span> <span class='ocrx_word' id='word_1_521' title='bbox 2913 2504 3036 2554; x_wconf 78' lang='grc' dir='ltr'><strong>ποτε</strong></span> <span class='ocrx_word' id='word_1_522' title='bbox 3089 2497 3148 2554; x_wconf 63' lang='grc' dir='ltr'>δὲ</span> <span class='ocrx_word' id='word_1_523' title='bbox 3219 2506 3545 2574; x_wconf 68' lang='grc' dir='ltr'><strong>καταφρονεῖν</strong></span> <span class='ocrx_word' id='word_1_524' title='bbox 3603 2498 3771 2560; x_wconf 71' lang='grc' dir='ltr'><strong>αὑτοῦ,</strong></span> <span class='ocrx_word' id='word_1_525' title='bbox 3837 2487 3962 2563; x_wconf 72' lang='grc' dir='ltr'><strong>μετὰ</strong></span> 
     </span>
    </p>
   </div>
   <div class='ocr_carea' id='block_1_77' title="bbox 2397 2586 3541 2664">
    <p class='ocr_par' dir='ltr' id='par_1_77' title="bbox 2397 2586 3541 2664">
     <span class='ocr_line' id='line_1_77' title="bbox 2397 2586 3541 2664; baseline 0.002 -22"><span class='ocrx_word' id='word_1_526' title='bbox 2397 2587 2711 2664; x_wconf 84' lang='grc' dir='ltr'><strong>διακρίσεως</strong></span> <span class='ocrx_word' id='word_1_527' title='bbox 2739 2586 2799 2642; x_wconf 64' lang='grc' dir='ltr'>δι</span> <span class='ocrx_word' id='word_1_528' title='bbox 2823 2597 2986 2642; x_wconf 86' lang='grc' dir='ltr'><strong>ποιεῖν</strong></span> <span class='ocrx_word' id='word_1_529' title='bbox 3015 2591 3104 2642; x_wconf 77' lang='grc' dir='ltr'>καὶ</span> <span class='ocrx_word' id='word_1_530' title='bbox 3141 2598 3294 2644; x_wconf 78' lang='grc' dir='ltr'><strong>τοῦτο</strong></span> <span class='ocrx_word' id='word_1_531' title='bbox 3323 2586 3541 2644; x_wconf 78' lang='grc' dir='ltr'><strong>κακεῖνο.</strong></span> 
     </span>
    </p>
   </div>
   <div class='ocr_carea' id='block_1_78' title="bbox 2464 2668 3967 2753">
    <p class='ocr_par' dir='ltr' id='par_1_78' title="bbox 2464 2668 3967 2753">
     <span class='ocr_line' id='line_1_78' title="bbox 2464 2668 3967 2753; baseline -0.003 -20"><span class='ocrx_word' id='word_1_532' title='bbox 2464 2678 2727 2751; x_wconf 80' lang='grc' dir='ltr'><strong>[Καθόλου</strong></span> <span class='ocrx_word' id='word_1_533' title='bbox 2755 2679 2867 2752; x_wconf 83' lang='grc'>(58)</span> <span class='ocrx_word' id='word_1_534' title='bbox 2895 2681 2996 2752; x_wconf 71' lang='grc' dir='ltr'>γὰρ</span> <span class='ocrx_word' id='word_1_535' title='bbox 3047 2677 3129 2731; x_wconf 74' lang='grc' dir='ltr'>ἰπὶ</span> <span class='ocrx_word' id='word_1_536' title='bbox 3174 2683 3265 2753; x_wconf 75' lang='grc' dir='ltr'>μεν</span> <span class='ocrx_word' id='word_1_537' title='bbox 3312 2687 3422 2742; x_wconf 88' lang='grc' dir='ltr'><strong>τοῖς</strong></span> <span class='ocrx_word' id='word_1_538' title='bbox 3463 2678 3572 2733; x_wconf 86' lang='grc' dir='ltr'><strong>κατ’</strong></span> <span class='ocrx_word' id='word_1_539' title='bbox 3603 2673 3795 2732; x_wconf 66' lang='grc' dir='ltr'><strong>ἐντολὴν</strong></span> <span class='ocrx_word' id='word_1_540' title='bbox 3841 2668 3967 2721; x_wconf 71' lang='grc' dir='ltr'>Θεοῦ</span> 
     </span>
    </p>
   </div>
   <div class='ocr_carea' id='block_1_79' title="bbox 2391 2761 3970 2843">
    <p class='ocr_par' dir='ltr' id='par_1_79' title="bbox 2391 2761 3970 2843">
     <span class='ocr_line' id='line_1_79' title="bbox 2391 2761 3970 2843; baseline -0.006 -21"><span class='ocrx_word' id='word_1_541' title='bbox 2391 2767 2684 2841; x_wconf 70' lang='grc' dir='ltr'><strong>λεγομένοις</strong></span> <span class='ocrx_word' id='word_1_542' title='bbox 2740 2769 2769 2827; x_wconf 76' lang='grc' dir='ltr'><strong>ἣ</strong></span> <span class='ocrx_word' id='word_1_543' title='bbox 2847 2773 3218 2843; x_wconf 86' lang='grc' dir='ltr'><strong>πραττομένοις</strong></span> <span class='ocrx_word' id='word_1_544' title='bbox 3290 2773 3402 2843; x_wconf 74' lang='grc' dir='ltr'>χρὴ</span> <span class='ocrx_word' id='word_1_545' title='bbox 3482 2769 3809 2841; x_wconf 71' lang='grc' dir='ltr'><strong>καταφρονεῖν</strong></span> <span class='ocrx_word' id='word_1_546' title='bbox 3885 2761 3970 2807; x_wconf 79' lang='grc' dir='ltr'><strong>τοῦ</strong></span> 
     </span>
    </p>
   </div>
   <div class='ocr_carea' id='block_1_80' title="bbox 2394 2848 3969 2933">
    <p class='ocr_par' dir='ltr' id='par_1_80' title="bbox 2394 2848 3969 2933">
     <span class='ocr_line' id='line_1_80' title="bbox 2394 2848 3969 2933; baseline 0.001 -23"><span class='ocrx_word' id='word_1_547' title='bbox 2394 2853 2690 2910; x_wconf 80' lang='grc' dir='ltr'><strong>σκανδάλου</strong></span> <span class='ocrx_word' id='word_1_548' title='bbox 2747 2854 2831 2909; x_wconf 70' lang='grc' dir='ltr'>ἐπὶ</span> <span class='ocrx_word' id='word_1_549' title='bbox 2884 2852 2944 2912; x_wconf 77' lang='grc' dir='ltr'>δε</span> <span class='ocrx_word' id='word_1_550' title='bbox 2988 2865 3097 2919; x_wconf 87' lang='grc' dir='ltr'><strong>τοῖς</strong></span> <span class='ocrx_word' id='word_1_551' title='bbox 3151 2859 3286 2911; x_wconf 86' lang='grc' dir='ltr'>κατὰ</span> <span class='ocrx_word' id='word_1_552' title='bbox 3346 2863 3648 2933; x_wconf 88' lang='grc' dir='ltr'><strong>προαίρεσιν</strong></span> <span class='ocrx_word' id='word_1_553' title='bbox 3711 2848 3969 2925; x_wconf 65' lang='grc' dir='ltr'><strong>ἡμετέραν)</strong></span> 
     </span>
    </p>
   </div>
   <div class='ocr_carea' id='block_1_81' title="bbox 2389 2937 3972 3022">
    <p class='ocr_par' dir='ltr' id='par_1_81' title="bbox 2389 2937 3972 3022">
     <span class='ocr_line' id='line_1_81' title="bbox 2389 2937 3972 3022; baseline -0.006 -22"><span class='ocrx_word' id='word_1_554' title='bbox 2389 2953 2643 3022; x_wconf 81' lang='grc' dir='ltr'><strong>προσήκει</strong></span> <span class='ocrx_word' id='word_1_555' title='bbox 2725 2948 3018 3020; x_wconf 79' lang='grc' dir='ltr'><strong>θεραπεύειν</strong></span> <span class='ocrx_word' id='word_1_556' title='bbox 3101 2950 3159 3000; x_wconf 83' lang='grc' dir='ltr'>τό</span> <span class='ocrx_word' id='word_1_557' title='bbox 3247 2945 3560 3014; x_wconf 80' lang='grc' dir='ltr'><strong>σκάνδαλον,</strong></span> <span class='ocrx_word' id='word_1_558' title='bbox 3630 2949 3692 3004; x_wconf 87' lang='grc' dir='ltr'><strong>ὡς</strong></span> <span class='ocrx_word' id='word_1_559' title='bbox 3747 2942 3772 2993; x_wconf 86' lang='grc' dir='ltr'><strong><em>ὁ</em></strong></span> <span class='ocrx_word' id='word_1_560' title='bbox 3823 2937 3972 3010; x_wconf 74' lang='grc' dir='ltr'><strong>μέγας</strong></span> 
     </span>
    </p>
   </div>
   <div class='ocr_carea' id='block_1_82' title="bbox 2393 3031 3029 3107">
    <p class='ocr_par' dir='ltr' id='par_1_82' title="bbox 2393 3031 3029 3107">
     <span class='ocr_line' id='line_1_82' title="bbox 2393 3031 3029 3107; baseline 0.003 -18"><span class='ocrx_word' id='word_1_561' title='bbox 2393 3037 2655 3098; x_wconf 84' lang='grc' dir='ltr'><strong>Βασίλειος</strong></span> <span class='ocrx_word' id='word_1_562' title='bbox 2686 3031 2720 3088; x_wconf 89' lang='grc' dir='ltr'>δ</span> <span class='ocrx_word' id='word_1_563' title='bbox 2727 3035 2985 3091; x_wconf 84' lang='grc' dir='ltr'><strong>ιέστειλεν.</strong></span> <span class='ocrx_word' id='word_1_564' title='bbox 3011 3036 3029 3107; x_wconf 94' lang='grc'>]</span> 
     </span>
    </p>
   </div>
   <div class='ocr_carea' id='block_1_83' title="bbox 2463 3125 3739 3200">
    <p class='ocr_par' dir='ltr' id='par_1_83' title="bbox 2463 3125 3739 3200">
     <span class='ocr_line' id='line_1_83' title="bbox 2463 3125 3739 3200; baseline -0.005 -20"><span class='ocrx_word' id='word_1_565' title='bbox 2463 3131 2609 3181; x_wconf 74' lang='grc' dir='ltr'>ΚΕΦ.</span> <span class='ocrx_word' id='word_1_566' title='bbox 2655 3126 2777 3180; x_wconf 88' lang='grc' dir='ltr'>ΛΖ’.</span> <span class='ocrx_word' id='word_1_567' title='bbox 2812 3130 2934 3199; x_wconf 81' lang='grc' dir='ltr'><strong>Περὶ</strong></span> <span class='ocrx_word' id='word_1_568' title='bbox 2965 3135 3063 3178; x_wconf 81' lang='grc' dir='ltr'>των</span> <span class='ocrx_word' id='word_1_569' title='bbox 3091 3125 3356 3198; x_wconf 70' lang='grc' dir='ltr'><strong>λεγόντων,</strong></span> <span class='ocrx_word' id='word_1_570' title='bbox 3398 3130 3492 3188; x_wconf 87' lang='grc' dir='ltr'><strong>Τίς</strong></span> <span class='ocrx_word' id='word_1_571' title='bbox 3517 3128 3739 3200; x_wconf 82' lang='grc' dir='ltr'><strong>μείζων;</strong></span> 
     </span>
    </p>
   </div>
   <div class='ocr_carea' id='block_1_84' title="bbox 2461 3200 3975 3289">
    <p class='ocr_par' dir='ltr' id='par_1_84' title="bbox 2461 3200 3975 3289">
     <span class='ocr_line' id='line_1_84' title="bbox 2461 3200 3975 3289; baseline -0.012 -21"><span class='ocrx_word' id='word_1_572' title='bbox 2461 3215 2541 3268; x_wconf 84' lang='grc' dir='ltr'><strong>Ἐν</strong></span> <span class='ocrx_word' id='word_1_573' title='bbox 2594 3246 2663 3258; x_wconf 93' lang='lat'><strong><em>—</em></strong></span> <span class='ocrx_word' id='word_1_574' title='bbox 2721 3214 2992 3287; x_wconf 74' lang='grc' dir='ltr'><strong>ούρανῶνς</strong></span> <span class='ocrx_word' id='word_1_575' title='bbox 3031 3216 3376 3289; x_wconf 81' lang='grc' dir='ltr'><strong>’Δνθρώπινόν</strong></span> <span class='ocrx_word' id='word_1_576' title='bbox 3437 3236 3488 3269; x_wconf 88' lang='grc' dir='ltr'>τι</span> <span class='ocrx_word' id='word_1_577' title='bbox 3557 3219 3671 3270; x_wconf 86' lang='grc' dir='ltr'><strong>τότε</strong></span> <span class='ocrx_word' id='word_1_578' title='bbox 3732 3200 3975 3262; x_wconf 85' lang='grc' dir='ltr'><strong>πεπόνθα-</strong></span> 
     </span>
    </p>
   </div>
   <div class='ocr_carea' id='block_1_85' title="bbox 2390 3294 3975 3380">
    <p class='ocr_par' dir='ltr' id='par_1_85' title="bbox 2390 3294 3975 3380">
     <span class='ocr_line' id='line_1_85' title="bbox 2390 3294 3975 3380; baseline -0.007 -23"><span class='ocrx_word' id='word_1_579' title='bbox 2390 3323 2473 3357; x_wconf 91' lang='grc' dir='ltr'>σιν</span> <span class='ocrx_word' id='word_1_580' title='bbox 2524 3307 2572 3357; x_wconf 85' lang='grc' dir='ltr'>οἰ</span> <span class='ocrx_word' id='word_1_581' title='bbox 2633 3306 2889 3378; x_wconf 85' lang='grc' dir='ltr'><strong>μαθηταί.</strong></span> <span class='ocrx_word' id='word_1_582' title='bbox 2949 3307 3266 3377; x_wconf 81' lang='grc' dir='ltr'><strong>Θεασάμενοι</strong></span> <span class='ocrx_word' id='word_1_583' title='bbox 3329 3308 3428 3380; x_wconf 75' lang='grc' dir='ltr'>γὰρ</span> <span class='ocrx_word' id='word_1_584' title='bbox 3479 3300 3860 3378; x_wconf 77' lang='grc' dir='ltr'><strong>προτιμηθέντα</strong></span> <span class='ocrx_word' id='word_1_585' title='bbox 3895 3294 3975 3342; x_wconf 74' lang='grc' dir='ltr'>τόν</span> 
     </span>
    </p>
   </div>
   <div class='ocr_carea' id='block_1_86' title="bbox 2389 3379 3980 3470">
    <p class='ocr_par' dir='ltr' id='par_1_86' title="bbox 2389 3379 3980 3470">
     <span class='ocr_line' id='line_1_86' title="bbox 2389 3379 3980 3470; baseline -0.002 -24"><span class='ocrx_word' id='word_1_586' title='bbox 2389 3397 2580 3466; x_wconf 83' lang='grc' dir='ltr'><strong>Πέτρον</strong></span> <span class='ocrx_word' id='word_1_587' title='bbox 2614 3409 2627 3423; x_wconf 87' lang='grc'>⁶</span> <span class='ocrx_word' id='word_1_588' title='bbox 2673 3398 2761 3445; x_wconf 82' lang='grc' dir='ltr'>καὶ</span> <span class='ocrx_word' id='word_1_589' title='bbox 2807 3395 2909 3469; x_wconf 72' lang='grc' dir='ltr'>’γὰρ</span> <span class='ocrx_word' id='word_1_590' title='bbox 2967 3397 3056 3446; x_wconf 86' lang='grc' dir='ltr'>καὶ</span> <span class='ocrx_word' id='word_1_591' title='bbox 3105 3393 3348 3457; x_wconf 80' lang='grc' dir='ltr'><strong>Ἰάκωϐος</strong></span> <span class='ocrx_word' id='word_1_592' title='bbox 3405 3400 3726 3470; x_wconf 80' lang='grc' dir='ltr'><strong>πρωτότοκος</strong></span> <span class='ocrx_word' id='word_1_593' title='bbox 3775 3381 3856 3449; x_wconf 74' lang='grc' dir='ltr'>ἦν,</span> <span class='ocrx_word' id='word_1_594' title='bbox 3895 3379 3980 3429; x_wconf 66' lang='grc' dir='ltr'>καὶ</span> 
     </span>
    </p>
   </div>
   <div class='ocr_carea' id='block_1_87' title="bbox 2387 3464 3983 3558">
    <p class='ocr_par' dir='ltr' id='par_1_87' title="bbox 2387 3464 3983 3558">
     <span class='ocr_line' id='line_1_87' title="bbox 2387 3464 3983 3558; baseline -0.008 -23"><span class='ocrx_word' id='word_1_595' title='bbox 2387 3483 2549 3556; x_wconf 77' lang='grc' dir='ltr'><strong>ἕτεροι</strong></span> <span class='ocrx_word' id='word_1_596' title='bbox 2583 3499 2595 3513; x_wconf 74' lang='grc'><strong><em>⁸</em></strong></span> <span class='ocrx_word' id='word_1_597' title='bbox 2638 3481 2745 3534; x_wconf 79' lang='grc' dir='ltr'><strong>ἀλλ’</strong></span> <span class='ocrx_word' id='word_1_598' title='bbox 2775 3479 2925 3536; x_wconf 64' lang='grc' dir='ltr'><strong>οὐδὲν</strong></span> <span class='ocrx_word' id='word_1_599' title='bbox 2979 3490 3212 3536; x_wconf 80' lang='grc' dir='ltr'><strong>τοιοῦτον</strong></span> <span class='ocrx_word' id='word_1_600' title='bbox 3265 3485 3391 3558; x_wconf 60' lang='lat' dir='ltr'>{an-ip</span> <span class='ocrx_word' id='word_1_601' title='bbox 3443 3464 3644 3536; x_wconf 39' lang='grc' dir='ltr'><strong>’τούτων</strong></span> <span class='ocrx_word' id='word_1_602' title='bbox 3692 3473 3825 3529; x_wconf 74' lang='grc' dir='ltr'><strong>εἶπεν</strong></span> <span class='ocrx_word' id='word_1_603' title='bbox 3859 3489 3870 3501; x_wconf 92' lang='grc'><strong>·</strong></span> <span class='ocrx_word' id='word_1_604' title='bbox 3901 3464 3983 3524; x_wconf 75' lang='grc' dir='ltr'>ἧλ-</span> 
     </span>
    </p>
   </div>
   <div class='ocr_carea' id='block_1_88' title="bbox 2385 3557 3980 3644">
    <p class='ocr_par' dir='ltr' id='par_1_88' title="bbox 2385 3557 3980 3644">
     <span class='ocr_line' id='line_1_88' title="bbox 2385 3557 3980 3644; baseline -0.013 -18"><span class='ocrx_word' id='word_1_605' title='bbox 2385 3592 2580 3644; x_wconf 76' lang='grc' dir='ltr'><strong>γησαν,</strong></span> <span class='ocrx_word' id='word_1_606' title='bbox 2629 3577 2718 3624; x_wconf 84' lang='grc' dir='ltr'>καὶ</span> <span class='ocrx_word' id='word_1_607' title='bbox 2776 3572 3121 3644; x_wconf 84' lang='grc' dir='ltr'><strong>αἰσχύνονται</strong></span> <span class='ocrx_word' id='word_1_608' title='bbox 3173 3575 3263 3644; x_wconf 69' lang='grc' dir='ltr'>μὲν</span> <span class='ocrx_word' id='word_1_609' title='bbox 3315 3571 3637 3644; x_wconf 76' lang='grc' dir='ltr'><strong>ὁμολογῆσαι</strong></span> <span class='ocrx_word' id='word_1_610' title='bbox 3689 3568 3748 3616; x_wconf 91' lang='grc' dir='ltr'>τό</span> <span class='ocrx_word' id='word_1_611' title='bbox 3797 3557 3980 3620; x_wconf 85' lang='grc' dir='ltr'><strong>πάθος,</strong></span> 
     </span>
    </p>
   </div>
   <div class='ocr_carea' id='block_1_89' title="bbox 2387 3644 3982 3735">
    <p class='ocr_par' dir='ltr' id='par_1_89' title="bbox 2387 3644 3982 3735">
     <span class='ocr_line' id='line_1_89' title="bbox 2387 3644 3982 3735; baseline -0.014 -21"><span class='ocrx_word' id='word_1_612' title='bbox 2387 3658 2701 3735; x_wconf 82' lang='grc' dir='ltr'><strong>ἀδιορίστως</strong></span> <span class='ocrx_word' id='word_1_613' title='bbox 2730 3657 2789 3714; x_wconf 69' lang='grc' dir='ltr'>δι</span> <span class='ocrx_word' id='word_1_614' title='bbox 2829 3664 2915 3714; x_wconf 89' lang='grc' dir='ltr'>τόν</span> <span class='ocrx_word' id='word_1_615' title='bbox 2965 3657 3286 3713; x_wconf 85' lang='grc' dir='ltr'><strong>διδάσκαλον</strong></span> <span class='ocrx_word' id='word_1_616' title='bbox 3315 3658 3563 3733; x_wconf 73' lang='grc' dir='ltr'><strong>ἐρωτῶσι,</strong></span> <span class='ocrx_word' id='word_1_617' title='bbox 3607 3657 3682 3710; x_wconf 85' lang='grc' dir='ltr'>τίς</span> <span class='ocrx_word' id='word_1_618' title='bbox 3711 3650 3816 3721; x_wconf 79' lang='grc' dir='ltr'><strong>ἄρα</strong></span> <span class='ocrx_word' id='word_1_619' title='bbox 3863 3644 3982 3714; x_wconf 81' lang='grc' dir='ltr'><strong>μεί-</strong></span> 
     </span>
    </p>
   </div>
   <div class='ocr_carea' id='block_1_90' title="bbox 2389 3749 2797 3813">
    <p class='ocr_par' dir='ltr' id='par_1_90' title="bbox 2389 3749 2797 3813">
     <span class='ocr_line' id='line_1_90' title="bbox 2389 3749 2797 3813; baseline -0.005 -11"><span class='ocrx_word' id='word_1_620' title='bbox 2389 3753 2488 3813; x_wconf 89' lang='grc' dir='ltr'>ζων</span> <span class='ocrx_word' id='word_1_621' title='bbox 2525 3749 2578 3812; x_wconf 80' lang='grc' dir='ltr'>έξ</span> <span class='ocrx_word' id='word_1_622' title='bbox 2603 3750 2771 3802; x_wconf 73' lang='grc' dir='ltr'><strong>αὐτῶν</strong></span> <span class='ocrx_word' id='word_1_623' title='bbox 2784 3790 2797 3805; x_wconf 91' lang='grc'><strong>.</strong></span> 
     </span>
    </p>
   </div>
   <div class='ocr_carea' id='block_1_91' title="bbox 2457 3816 3980 3911">
    <p class='ocr_par' dir='ltr' id='par_1_91' title="bbox 2457 3816 3980 3911">
     <span class='ocr_line' id='line_1_91' title="bbox 2457 3816 3980 3911; baseline -0.011 -19"><span class='ocrx_word' id='word_1_624' title='bbox 2457 3839 2532 3892; x_wconf 83' lang='grc' dir='ltr'><strong>Ού</strong></span> <span class='ocrx_word' id='word_1_625' title='bbox 2563 3847 2716 3892; x_wconf 82' lang='grc' dir='ltr'><strong>τοῦτο</strong></span> <span class='ocrx_word' id='word_1_626' title='bbox 2755 3835 2814 3892; x_wconf 70' lang='grc' dir='ltr'>δὲ</span> <span class='ocrx_word' id='word_1_627' title='bbox 2841 3841 3010 3911; x_wconf 81' lang='grc' dir='ltr'><strong>μόνον,</strong></span> <span class='ocrx_word' id='word_1_628' title='bbox 3044 3833 3169 3886; x_wconf 81' lang='grc' dir='ltr'>αλλὰ</span> <span class='ocrx_word' id='word_1_629' title='bbox 3210 3838 3300 3887; x_wconf 79' lang='grc' dir='ltr'><strong>καὶ</strong></span> <span class='ocrx_word' id='word_1_630' title='bbox 3329 3835 3477 3911; x_wconf 80' lang='grc' dir='ltr'><strong>ἕτερα</strong></span> <span class='ocrx_word' id='word_1_631' title='bbox 3503 3827 3666 3887; x_wconf 80' lang='grc' dir='ltr'><strong>πολλὰ</strong></span> <span class='ocrx_word' id='word_1_632' title='bbox 3703 3825 3762 3877; x_wconf 87' lang='grc' dir='ltr'><strong>τὸ</strong></span> <span class='ocrx_word' id='word_1_633' title='bbox 3813 3816 3980 3875; x_wconf 86' lang='grc' dir='ltr'><strong>πάθος</strong></span> 
     </span>
    </p>
   </div>
   <div class='ocr_carea' id='block_1_92' title="bbox 2386 3907 3983 4001">
    <p class='ocr_par' dir='ltr' id='par_1_92' title="bbox 2386 3907 3983 4001">
     <span class='ocr_line' id='line_1_92' title="bbox 2386 3907 3983 4001; baseline -0.015 -20"><span class='ocrx_word' id='word_1_634' title='bbox 2386 3927 2609 4001; x_wconf 68' lang='grc' dir='ltr'><strong>ἀνῆψαν.</strong></span> <span class='ocrx_word' id='word_1_635' title='bbox 2663 3933 2764 3982; x_wconf 79' lang='grc' dir='ltr'>Καὶ</span> <span class='ocrx_word' id='word_1_636' title='bbox 2823 3930 2924 4001; x_wconf 72' lang='grc' dir='ltr'>γὰρ</span> <span class='ocrx_word' id='word_1_637' title='bbox 2972 3929 3063 3978; x_wconf 85' lang='grc' dir='ltr'>καὶ</span> <span class='ocrx_word' id='word_1_638' title='bbox 3129 3927 3374 3999; x_wconf 83' lang='grc' dir='ltr'><strong>πρότερον</strong></span> <span class='ocrx_word' id='word_1_639' title='bbox 3409 3907 3739 3998; x_wconf 70' lang='grc' dir='ltr'>⁷έρισικοὶρισιῖν</span> <span class='ocrx_word' id='word_1_640' title='bbox 3807 3907 3983 4001; x_wconf 62' lang='grc' dir='ltr'><strong>αὐτὸν,</strong></span> 
     </span>
    </p>
   </div>
   <div class='ocr_carea' id='block_1_93' title="bbox 2384 3988 3986 4090">
    <p class='ocr_par' dir='ltr' id='par_1_93' title="bbox 2384 3988 3986 4090">
     <span class='ocr_line' id='line_1_93' title="bbox 2384 3988 3986 4090; baseline -0.016 -21"><span class='ocrx_word' id='word_1_641' title='bbox 2384 4023 2472 4071; x_wconf 82' lang='grc' dir='ltr'><strong>καὶ</strong></span> <span class='ocrx_word' id='word_1_642' title='bbox 2527 4016 2728 4090; x_wconf 72' lang='grc' dir='ltr'><strong>μεγαλα</strong></span> <span class='ocrx_word' id='word_1_643' title='bbox 2775 3988 2940 4087; x_wconf 55' lang='grc' dir='ltr'><strong>τούτῳ</strong></span> <span class='ocrx_word' id='word_1_644' title='bbox 3004 3988 3368 4087; x_wconf 64' lang='grc' dir='ltr'><strong>ἐπηγγείλατο,</strong></span> <span class='ocrx_word' id='word_1_645' title='bbox 3427 3988 3517 4066; x_wconf 71' lang='grc' dir='ltr'>καὶ</span> <span class='ocrx_word' id='word_1_646' title='bbox 3569 3988 3663 4068; x_wconf 66' lang='grc' dir='ltr'><strong>τὴν</strong></span> <span class='ocrx_word' id='word_1_647' title='bbox 3719 4001 3876 4056; x_wconf 62' lang='grc' dir='ltr'><strong>οῦλην</strong></span> <span class='ocrx_word' id='word_1_648' title='bbox 3928 3988 3986 4045; x_wconf 74' lang='grc' dir='ltr'>δε</span> 
     </span>
    </p>
   </div>
   <div class='ocr_carea' id='block_1_94' title="bbox 2383 4103 3627 4183">
    <p class='ocr_par' dir='ltr' id='par_1_94' title="bbox 2383 4103 3627 4183">
     <span class='ocr_line' id='line_1_94' title="bbox 2383 4103 3627 4183; baseline -0.005 -23"><span class='ocrx_word' id='word_1_649' title='bbox 2383 4107 2684 4183; x_wconf 72' lang='grc' dir='ltr'><strong>παρρησίαν</strong></span> <span class='ocrx_word' id='word_1_650' title='bbox 2718 4105 2880 4157; x_wconf 76' lang='grc' dir='ltr'><strong>αὐτοῦ</strong></span> <span class='ocrx_word' id='word_1_651' title='bbox 2908 4103 3197 4178; x_wconf 83' lang='grc' dir='ltr'><strong>βλέποντες,</strong></span> <span class='ocrx_word' id='word_1_652' title='bbox 3234 4103 3627 4178; x_wconf 80' lang='grc' dir='ltr'><strong>παρεκνίζοντο.</strong></span> 
     </span>
    </p>
   </div>
   <div class='ocr_carea' id='block_1_95' title="bbox 2453 4174 3985 4269">
    <p class='ocr_par' dir='ltr' id='par_1_95' title="bbox 2453 4174 3985 4269">
     <span class='ocr_line' id='line_1_95' title="bbox 2453 4174 3985 4269; baseline -0.015 -20"><span class='ocrx_word' id='word_1_653' title='bbox 2453 4174 2662 4269; x_wconf 56' lang='grc' dir='ltr'><strong>Μάρκος</strong></span> <span class='ocrx_word' id='word_1_654' title='bbox 2702 4191 2762 4248; x_wconf 91' lang='grc' dir='ltr'>δέ</span> <span class='ocrx_word' id='word_1_655' title='bbox 2792 4174 2972 4266; x_wconf 77' lang='grc' dir='ltr'><strong>φησιν,</strong></span> <span class='ocrx_word' id='word_1_656' title='bbox 3013 4195 3092 4246; x_wconf 86' lang='grc' dir='ltr'><strong>ὅτι</strong></span> <span class='ocrx_word' id='word_1_657' title='bbox 3151 4195 3280 4268; x_wconf 86' lang='grc' dir='ltr'><strong>πρὸς</strong></span> <span class='ocrx_word' id='word_1_658' title='bbox 3309 4174 3545 4254; x_wconf 67' lang='grc' dir='ltr'>⁷ἑαυτούς</span> <span class='ocrx_word' id='word_1_659' title='bbox 3591 4184 3708 4264; x_wconf 82' lang='lat'>(59)</span> <span class='ocrx_word' id='word_1_660' title='bbox 3763 4175 3798 4232; x_wconf 88' lang='grc' dir='ltr'>δ</span> <span class='ocrx_word' id='word_1_661' title='bbox 3804 4174 3985 4269; x_wconf 48' lang='lat' dir='ltr'>nlo-Zi-</span> 
     </span>
    </p>
   </div>
   <div class='ocr_carea' id='block_1_96' title="bbox 2383 4266 3980 4357">
    <p class='ocr_par' dir='ltr' id='par_1_96' title="bbox 2383 4266 3980 4357">
     <span class='ocr_line' id='line_1_96' title="bbox 2383 4266 3980 4357; baseline -0.016 -9"><span class='ocrx_word' id='word_1_662' title='bbox 2383 4266 2552 4353; x_wconf 62' lang='grc' dir='ltr'><strong>ζοντο,</strong></span> <span class='ocrx_word' id='word_1_663' title='bbox 2603 4288 2683 4347; x_wconf 81' lang='grc' dir='ltr'><strong>τις</strong></span> <span class='ocrx_word' id='word_1_664' title='bbox 2734 4283 2952 4357; x_wconf 79' lang='grc' dir='ltr'><strong>μείζων.</strong></span> <span class='ocrx_word' id='word_1_665' title='bbox 2988 4283 3166 4356; x_wconf 82' lang='grc' dir='ltr'><strong>Τούτῳ</strong></span> <span class='ocrx_word' id='word_1_666' title='bbox 3190 4266 3259 4336; x_wconf 70' lang='grc' dir='ltr'>δε</span> <span class='ocrx_word' id='word_1_667' title='bbox 3294 4279 3512 4356; x_wconf 78' lang='grc' dir='ltr'><strong>συνᾴδει</strong></span> <span class='ocrx_word' id='word_1_668' title='bbox 3553 4281 3646 4333; x_wconf 81' lang='grc' dir='ltr'><strong>καὶ</strong></span> <span class='ocrx_word' id='word_1_669' title='bbox 3678 4274 3705 4327; x_wconf 88' lang='grc' dir='ltr'>ό</span> <span class='ocrx_word' id='word_1_670' title='bbox 3761 4266 3980 4324; x_wconf 77' lang='grc' dir='ltr'><strong>Λουκᾶςο</strong></span> 
     </span>
    </p>
   </div>
   <div class='ocr_carea' id='block_1_97' title="bbox 2454 4458 3990 4561">
    <p class='ocr_par' dir='ltr' id='par_1_97' title="bbox 2454 4458 3990 4561">
     <span class='ocr_line' id='line_1_97' title="bbox 2454 4458 3990 4561; baseline -0.018 -17"><span class='ocrx_word' id='word_1_671' title='bbox 2454 4487 2562 4561; x_wconf 86' lang='grc' dir='ltr'><strong>Πρὸ</strong></span> <span class='ocrx_word' id='word_1_672' title='bbox 2592 4487 2681 4560; x_wconf 74' lang='grc' dir='ltr'>μεν</span> <span class='ocrx_word' id='word_1_673' title='bbox 2714 4485 2817 4558; x_wconf 70' lang='grc' dir='ltr'><strong>γὰρ</strong></span> <span class='ocrx_word' id='word_1_674' title='bbox 2864 4491 2956 4538; x_wconf 81' lang='grc' dir='ltr'><strong>τοῦ</strong></span> <span class='ocrx_word' id='word_1_675' title='bbox 2985 4481 3219 4556; x_wconf 69' lang='grc' dir='ltr'><strong>ἐντυχεῖν</strong></span> <span class='ocrx_word' id='word_1_676' title='bbox 3266 4491 3340 4554; x_wconf 83' lang='grc' dir='ltr'><strong>τῷ</strong></span> <span class='ocrx_word' id='word_1_677' title='bbox 3389 4487 3572 4558; x_wconf 79' lang='grc' dir='ltr'><strong>Πέτρῳ</strong></span> <span class='ocrx_word' id='word_1_678' title='bbox 3613 4473 3728 4551; x_wconf 82' lang='lat'>(60)</span> <span class='ocrx_word' id='word_1_679' title='bbox 3771 4467 3894 4561; x_wconf 77' lang='grc' dir='ltr'><strong>τούς</strong></span> <span class='ocrx_word' id='word_1_680' title='bbox 3926 4458 3990 4512; x_wconf 76' lang='grc' dir='ltr'><strong>τὰ</strong></span> 
     </span>
    </p>
   </div>
   <div class='ocr_carea' id='block_1_98' title="bbox 2384 4554 3986 4652">
    <p class='ocr_par' dir='ltr' id='par_1_98' title="bbox 2384 4554 3986 4652">
     <span class='ocr_line' id='line_1_98' title="bbox 2384 4554 3986 4652; baseline -0.02 -21"><span class='ocrx_word' id='word_1_681' title='bbox 2384 4554 2673 4652; x_wconf 73' lang='grc' dir='ltr'><strong>δίδραχμα</strong></span> <span class='ocrx_word' id='word_1_682' title='bbox 2723 4554 3117 4647; x_wconf 70' lang='grc' dir='ltr'><strong>λαμϐάνοντας,</strong></span> <span class='ocrx_word' id='word_1_683' title='bbox 3188 4554 3556 4645; x_wconf 72' lang='grc' dir='ltr'><strong>διελογίσαντο</strong></span> <span class='ocrx_word' id='word_1_684' title='bbox 3620 4566 3743 4639; x_wconf 78' lang='grc' dir='ltr'><strong>περὶ</strong></span> <span class='ocrx_word' id='word_1_685' title='bbox 3808 4554 3986 4652; x_wconf 72' lang='grc' dir='ltr'><strong>τούτου</strong></span> 
     </span>
    </p>
   </div>
   <div class='ocr_carea' id='block_1_99' title="bbox 2382 4641 3988 4725">
    <p class='ocr_par' dir='ltr' id='par_1_99' title="bbox 2382 4641 3988 4725">
     <span class='ocr_line' id='line_1_99' title="bbox 2382 4641 3988 4725; baseline -0.019 -5"><span class='ocrx_word' id='word_1_686' title='bbox 2382 4641 2519 4720; x_wconf 62' lang='grc' dir='ltr'><strong>κατα</strong></span> <span class='ocrx_word' id='word_1_687' title='bbox 2693 4641 2819 4716; x_wconf 78' lang='grc' dir='ltr'><strong>ὁδὸν</strong></span> <span class='ocrx_word' id='word_1_688' title='bbox 2860 4662 3034 4725; x_wconf 80' lang='grc' dir='ltr'><strong>ἁπλῶς</strong></span> <span class='ocrx_word' id='word_1_689' title='bbox 3058 4682 3073 4696; x_wconf 79' lang='grc' dir='ltr'>ο</span> <span class='ocrx_word' id='word_1_690' title='bbox 3115 4641 3346 4722; x_wconf 65' lang='grc' dir='ltr'>ἐλθόντες⁷</span> <span class='ocrx_word' id='word_1_691' title='bbox 3387 4658 3446 4715; x_wconf 75' lang='grc' dir='ltr'>δε</span> <span class='ocrx_word' id='word_1_692' title='bbox 3490 4663 3572 4724; x_wconf 73' lang='grc' dir='ltr'>εἰς</span> <span class='ocrx_word' id='word_1_693' title='bbox 3626 4641 3988 4723; x_wconf 79' lang='grc' dir='ltr'><strong>Καπερναούμ,</strong></span> 
     </span>
    </p>
   </div>
   <div class='ocr_carea' id='block_1_100' title="bbox 2383 4730 3991 4829">
    <p class='ocr_par' dir='ltr' id='par_1_100' title="bbox 2383 4730 3991 4829">
     <span class='ocr_line' id='line_1_100' title="bbox 2383 4730 3991 4829; baseline -0.012 -13"><span class='ocrx_word' id='word_1_694' title='bbox 2383 4753 2431 4810; x_wconf 68' lang='grc' dir='ltr'><strong>ἓν</strong></span> <span class='ocrx_word' id='word_1_695' title='bbox 2524 4759 2614 4808; x_wconf 82' lang='grc' dir='ltr'>καί</span> <span class='ocrx_word' id='word_1_696' title='bbox 2655 4761 2727 4826; x_wconf 83' lang='grc' dir='ltr'><strong>τῷ</strong></span> <span class='ocrx_word' id='word_1_697' title='bbox 2759 4757 2934 4826; x_wconf 86' lang='grc' dir='ltr'><strong>Πέτρῳ</strong></span> <span class='ocrx_word' id='word_1_698' title='bbox 2961 4749 3259 4826; x_wconf 83' lang='grc' dir='ltr'><strong>προσῆλθον</strong></span> <span class='ocrx_word' id='word_1_699' title='bbox 3311 4753 3362 4803; x_wconf 71' lang='grc' dir='ltr'>οἵ.</span> <span class='ocrx_word' id='word_1_700' title='bbox 3410 4753 3476 4804; x_wconf 83' lang='grc' dir='ltr'><strong>τὰ</strong></span> <span class='ocrx_word' id='word_1_701' title='bbox 3534 4743 3829 4822; x_wconf 75' lang='grc' dir='ltr'><strong>δίδραχμα</strong></span> <span class='ocrx_word' id='word_1_702' title='bbox 3857 4730 3991 4829; x_wconf 40' lang='lat' dir='ltr'>if!“</span> 
     </span>
    </p>
   </div>
   <div class='ocr_carea' id='block_1_101' title="bbox 2383 4814 3988 4914">
    <p class='ocr_par' dir='ltr' id='par_1_101' title="bbox 2383 4814 3988 4914">
     <span class='ocr_line' id='line_1_101' title="bbox 2383 4814 3988 4914; baseline -0.012 -15"><span class='ocrx_word' id='word_1_703' title='bbox 2383 4845 2640 4911; x_wconf 71' lang='grc' dir='ltr'><strong>ϐαίνοντες,</strong></span> <span class='ocrx_word' id='word_1_704' title='bbox 2671 4846 2764 4896; x_wconf 85' lang='grc' dir='ltr'><strong>καὶ</strong></span> <span class='ocrx_word' id='word_1_705' title='bbox 2805 4814 3012 4904; x_wconf 48' lang='grc' dir='ltr'><strong>ἰδόντες.</strong></span> <span class='ocrx_word' id='word_1_706' title='bbox 3039 4847 3222 4894; x_wconf 85' lang='grc' dir='ltr'><strong>τοῦτον</strong></span> <span class='ocrx_word' id='word_1_707' title='bbox 3265 4841 3342 4893; x_wconf 75' lang='grc' dir='ltr'>ἔτι</span> <span class='ocrx_word' id='word_1_708' title='bbox 3369 4814 3770 4914; x_wconf 81' lang='grc' dir='ltr'><strong>προτιμηθέντα</strong></span> <span class='ocrx_word' id='word_1_709' title='bbox 3805 4814 3988 4898; x_wconf 76' lang='grc' dir='ltr'><strong>μᾶλλον</strong></span> 
     </span>
    </p>
   </div>
   <div class='ocr_carea' id='block_1_102' title="bbox 2383 4927 3598 5009">
    <p class='ocr_par' dir='ltr' id='par_1_102' title="bbox 2383 4927 3598 5009">
     <span class='ocr_line' id='line_1_102' title="bbox 2383 4927 3598 5009; baseline -0.003 -21"><span class='ocrx_word' id='word_1_710' title='bbox 2383 4934 2742 5009; x_wconf 80' lang='grc' dir='ltr'><strong>ἠρεθίσθησαν</strong></span> <span class='ocrx_word' id='word_1_711' title='bbox 2766 4953 2781 4968; x_wconf 81' lang='grc' dir='ltr'>ο</span> <span class='ocrx_word' id='word_1_712' title='bbox 2813 4936 2903 4985; x_wconf 81' lang='grc' dir='ltr'><strong>καὶ</strong></span> <span class='ocrx_word' id='word_1_713' title='bbox 2939 4935 3055 4985; x_wconf 87' lang='grc' dir='ltr'><strong>τότε</strong></span> <span class='ocrx_word' id='word_1_714' title='bbox 3078 4927 3257 4985; x_wconf 85' lang='grc' dir='ltr'><strong>λοιπόν</strong></span> <span class='ocrx_word' id='word_1_715' title='bbox 3288 4929 3598 5004; x_wconf 75' lang='grc' dir='ltr'><strong>ἠρώτησαν.</strong></span> 
     </span>
    </p>
   </div>
   <div class='ocr_carea' id='block_1_103' title="bbox 1841 5270 2756 5356">
    <p class='ocr_par' dir='ltr' id='par_1_103' title="bbox 1841 5270 2756 5356">
     <span class='ocr_line' id='line_1_103' title="bbox 1841 5270 2756 5356; baseline 0.001 -4"><span class='ocrx_word' id='word_1_716' title='bbox 1841 5280 2060 5353; x_wconf 63' lang='lat' dir='ltr'>Varia;</span> <span class='ocrx_word' id='word_1_717' title='bbox 2085 5277 2414 5355; x_wconf 86' lang='lat' dir='ltr'>lectiones</span> <span class='ocrx_word' id='word_1_718' title='bbox 2443 5270 2511 5356; x_wconf 80' lang='lat' dir='ltr'>et</span> <span class='ocrx_word' id='word_1_719' title='bbox 2550 5295 2756 5356; x_wconf 74' lang='lat' dir='ltr'>notae.</span> 
     </span>
    </p>
   </div>
   <div class='ocr_carea' id='block_1_104' title="bbox 689 5425 1636 5504">
    <p class='ocr_par' dir='ltr' id='par_1_104' title="bbox 689 5425 1636 5504">
     <span class='ocr_line' id='line_1_104' title="bbox 689 5425 1636 5504; baseline -0.015 -13"><span class='ocrx_word' id='word_1_720' title='bbox 689 5438 707 5502; x_wconf 82' lang='lat'><strong><em>(</em></strong></span> <span class='ocrx_word' id='word_1_721' title='bbox 715 5437 802 5504; x_wconf 83' lang='lat'>57)</span> <span class='ocrx_word' id='word_1_722' title='bbox 837 5432 957 5504; x_wconf 75' lang='grc' dir='ltr'><strong>’Ὀτι</strong></span> <span class='ocrx_word' id='word_1_723' title='bbox 987 5429 1226 5504; x_wconf 42' lang='grc' dir='ltr'><strong>κυριεύει.</strong></span> <span class='ocrx_word' id='word_1_724' title='bbox 1245 5433 1335 5504; x_wconf 71' lang='grc' dir='ltr'><strong>τῆς</strong></span> <span class='ocrx_word' id='word_1_725' title='bbox 1363 5425 1636 5504; x_wconf 87' lang='grc' dir='ltr'><strong>θαλάσσης</strong></span> 
     </span>
    </p>
   </div>
   <div class='ocr_carea' id='block_1_105' title="bbox 690 5498 1419 5580">
    <p class='ocr_par' dir='ltr' id='par_1_105' title="bbox 690 5498 1419 5580">
     <span class='ocr_line' id='line_1_105' title="bbox 690 5498 1419 5580; baseline -0.016 -16"><span class='ocrx_word' id='word_1_726' title='bbox 690 5498 802 5580; x_wconf 77' lang='lat'>(58)</span> <span class='ocrx_word' id='word_1_727' title='bbox 835 5498 1072 5580; x_wconf 78' lang='lat' dir='ltr'>inclusa</span> <span class='ocrx_word' id='word_1_728' title='bbox 1102 5498 1325 5580; x_wconf 56' lang='lat' dir='ltr'>omittit</span> <span class='ocrx_word' id='word_1_729' title='bbox 1355 5502 1419 5580; x_wconf 61' lang='lat'>.1}.</span> 
     </span>
    </p>
   </div>
   <div class='ocr_carea' id='block_1_106' title="bbox 685 5566 2266 5649">
    <p class='ocr_par' dir='ltr' id='par_1_106' title="bbox 685 5566 2266 5649">
     <span class='ocr_line' id='line_1_106' title="bbox 685 5566 2266 5649; baseline -0.009 -20"><span class='ocrx_word' id='word_1_730' title='bbox 685 5566 798 5649; x_wconf 56' lang='grc' dir='ltr'>(δώ</span> <span class='ocrx_word' id='word_1_731' title='bbox 830 5579 1054 5649; x_wconf 72' lang='lat' dir='ltr'>Marcus</span> <span class='ocrx_word' id='word_1_732' title='bbox 1102 5566 1660 5649; x_wconf 45' lang='lat' dir='ltr'>habetﬁuléxoneai’.</span> <span class='ocrx_word' id='word_1_733' title='bbox 1702 5571 1880 5649; x_wconf 56' lang='lat' dir='ltr'>Hnde</span> <span class='ocrx_word' id='word_1_734' title='bbox 1929 5586 2071 5649; x_wconf 74' lang='lat' dir='ltr'>ergo</span> <span class='ocrx_word' id='word_1_735' title='bbox 2091 5567 2266 5649; x_wconf 37' lang='lat' dir='ltr'>Liuio.</span> 
     </span>
    </p>
   </div>
   <div class='ocr_carea' id='block_1_107' title="bbox 615 5641 2266 5724">
    <p class='ocr_par' dir='ltr' id='par_1_107' title="bbox 615 5641 2266 5724">
     <span class='ocr_line' id='line_1_107' title="bbox 615 5641 2266 5724; baseline -0.003 -20"><span class='ocrx_word' id='word_1_736' title='bbox 615 5641 861 5724; x_wconf 55' lang='lat' dir='ltr'>7cm;</span> <span class='ocrx_word' id='word_1_737' title='bbox 894 5643 1127 5724; x_wconf 76' lang='lat' dir='ltr'>Scilicet</span> <span class='ocrx_word' id='word_1_738' title='bbox 1155 5659 1228 5698; x_wconf 86' lang='lat' dir='ltr'>ex</span> <span class='ocrx_word' id='word_1_739' title='bbox 1272 5641 1574 5724; x_wconf 44' lang='lat' dir='ltr'>Chry&#39;sost.</span> <span class='ocrx_word' id='word_1_740' title='bbox 1608 5647 1646 5700; x_wconf 87' lang='lat' dir='ltr'>t.</span> <span class='ocrx_word' id='word_1_741' title='bbox 1702 5645 1812 5724; x_wconf 67' lang='lat' dir='ltr'>\fll,</span> <span class='ocrx_word' id='word_1_742' title='bbox 1859 5658 1918 5714; x_wconf 90' lang='lat' dir='ltr'>p.</span> <span class='ocrx_word' id='word_1_743' title='bbox 1958 5643 2266 5724; x_wconf 40' lang='lat' dir='ltr'>587_B.‘_Ex</span> 
     </span>
    </p>
   </div>
   <div class='ocr_carea' id='block_1_108' title="bbox 616 5713 2259 5788">
    <p class='ocr_par' dir='ltr' id='par_1_108' title="bbox 616 5713 2259 5788">
     <span class='ocr_line' id='line_1_108' title="bbox 616 5713 2259 5788; baseline -0.005 -11"><span class='ocrx_word' id='word_1_744' title='bbox 616 5713 688 5777; x_wconf 80' lang='lat' dir='ltr'>eo</span> <span class='ocrx_word' id='word_1_745' title='bbox 717 5716 1222 5788; x_wconf 82' lang='lat' dir='ltr'>occupavitcliam</span> <span class='ocrx_word' id='word_1_746' title='bbox 1242 5713 1476 5770; x_wconf 84' lang='lat' dir='ltr'>codices</span> <span class='ocrx_word' id='word_1_747' title='bbox 1502 5715 1820 5788; x_wconf 77' lang='lat' dir='ltr'>nonnullus</span> <span class='ocrx_word' id='word_1_748' title='bbox 1837 5713 1975 5769; x_wconf 76' lang='lat' dir='ltr'>cum</span> <span class='ocrx_word' id='word_1_749' title='bbox 1994 5713 2259 5788; x_wconf 75' lang='lat' dir='ltr'>scholiis.</span> 
     </span>
    </p>
   </div>
   <div class='ocr_carea' id='block_1_109' title="bbox 619 5785 2186 5864">
    <p class='ocr_par' dir='ltr' id='par_1_109' title="bbox 619 5785 2186 5864">
     <span class='ocr_line' id='line_1_109' title="bbox 619 5785 2186 5864; baseline -0.006 -15"><span class='ocrx_word' id='word_1_750' title='bbox 619 5785 970 5864; x_wconf 82' lang='lat' dir='ltr'>Euthymius</span> <span class='ocrx_word' id='word_1_751' title='bbox 1001 5788 1126 5860; x_wconf 91' lang='lat' dir='ltr'>ipse</span> <span class='ocrx_word' id='word_1_752' title='bbox 1157 5787 1462 5858; x_wconf 80' lang='lat' dir='ltr'>vulgatum</span> <span class='ocrx_word' id='word_1_753' title='bbox 1503 5787 1685 5844; x_wconf 88' lang='lat' dir='ltr'>habet</span> <span class='ocrx_word' id='word_1_754' title='bbox 1715 5785 1775 5841; x_wconf 90' lang='lat' dir='ltr'>in</span> <span class='ocrx_word' id='word_1_755' title='bbox 1809 5790 1964 5842; x_wconf 84' lang='lat' dir='ltr'>textu</span> <span class='ocrx_word' id='word_1_756' title='bbox 1993 5785 2186 5844; x_wconf 82' lang='lat' dir='ltr'>Marci.</span> 
     </span>
    </p>
   </div>
   <div class='ocr_carea' id='block_1_110' title="bbox 2377 5625 3773 5710">
    <p class='ocr_par' dir='ltr' id='par_1_110' title="bbox 2377 5625 3773 5710">
     <span class='ocr_line' id='line_1_110' title="bbox 2377 5625 3773 5710; baseline -0.014 -8"><span class='ocrx_word' id='word_1_757' title='bbox 2377 5625 2528 5702; x_wconf 51' lang='lat' dir='ltr'>ait};</span> <span class='ocrx_word' id='word_1_758' title='bbox 2538 5625 2558 5702; x_wconf 58' lang='grc' dir='ltr'>ί</span> <span class='ocrx_word' id='word_1_759' title='bbox 2643 5625 2727 5700; x_wconf 65' lang='grc' dir='ltr'><strong>ἱεὰῖ</strong></span> <span class='ocrx_word' id='word_1_760' title='bbox 2744 5625 2973 5701; x_wconf 53' lang='lat' dir='ltr'>mea</span> <span class='ocrx_word' id='word_1_761' title='bbox 2980 5625 3101 5698; x_wconf 83' lang='lat' dir='ltr'>incl</span> <span class='ocrx_word' id='word_1_762' title='bbox 3109 5625 3221 5697; x_wconf 13' lang='lat' dir='ltr'>u‘sa’</span> <span class='ocrx_word' id='word_1_763' title='bbox 3235 5625 3374 5696; x_wconf 81' lang='lat' dir='ltr'>sunt</span> <span class='ocrx_word' id='word_1_764' title='bbox 3388 5639 3450 5694; x_wconf 91' lang='lat' dir='ltr'>in</span> <span class='ocrx_word' id='word_1_765' title='bbox 3470 5625 3773 5690; x_wconf 65' lang='lat' dir='ltr'>versione:</span> 
     </span>
    </p>
   </div>
   <div class='ocr_carea' id='block_1_111' title="bbox 2375 5711 3463 5784">
    <p class='ocr_par' dir='ltr' id='par_1_111' title="bbox 2375 5711 3463 5784">
     <span class='ocr_line' id='line_1_111' title="bbox 2375 5711 3463 5784; baseline -0.006 -12"><span class='ocrx_word' id='word_1_766' title='bbox 2375 5716 2521 5784; x_wconf 88' lang='lat' dir='ltr'>didi,</span> <span class='ocrx_word' id='word_1_767' title='bbox 2545 5719 2602 5772; x_wconf 90' lang='lat' dir='ltr'>et</span> <span class='ocrx_word' id='word_1_768' title='bbox 2629 5723 2786 5783; x_wconf 84' lang='lat' dir='ltr'>autc,</span> <span class='ocrx_word' id='word_1_769' title='bbox 2817 5721 2979 5778; x_wconf 80' lang='lat' dir='ltr'>tunc,</span> <span class='ocrx_word' id='word_1_770' title='bbox 3013 5711 3260 5778; x_wconf 83' lang='lat' dir='ltr'>exclusi,</span> <span class='ocrx_word' id='word_1_771' title='bbox 3301 5713 3463 5768; x_wconf 79' lang='lat' dir='ltr'>sunt.</span> 
     </span>
    </p>
   </div>
   <div class='ocr_carea' id='block_1_112' title="bbox 2451 5391 3989 5501">
    <p class='ocr_par' dir='ltr' id='par_1_112' title="bbox 2451 5391 3989 5501">
     <span class='ocr_line' id='line_1_112' title="bbox 2451 5391 3989 5501; baseline -0.007 -15"><span class='ocrx_word' id='word_1_772' title='bbox 2451 5428 2568 5501; x_wconf 90' lang='lat'>(60)</span> <span class='ocrx_word' id='word_1_773' title='bbox 2595 5429 2655 5484; x_wconf 85' lang='lat' dir='ltr'>In</span> <span class='ocrx_word' id='word_1_774' title='bbox 2673 5425 2873 5501; x_wconf 85' lang='lat' dir='ltr'>codice</span> <span class='ocrx_word' id='word_1_775' title='bbox 2891 5424 3162 5501; x_wconf 81' lang='lat' dir='ltr'>Hentenii</span> <span class='ocrx_word' id='word_1_776' title='bbox 3187 5423 3458 5501; x_wconf 52' lang='lat' dir='ltr'>videntur</span> <span class='ocrx_word' id='word_1_777' title='bbox 3471 5411 3687 5501; x_wconf 56' lang='lat' dir='ltr'>omni}</span> <span class='ocrx_word' id='word_1_778' title='bbox 3704 5391 3989 5501; x_wconf 57' lang='grc' dir='ltr'>ξεεξιξξξξες</span> 
     </span>
    </p>
   </div>
   <div class='ocr_carea' id='block_1_113' title="bbox 2380 5466 3991 5583">
    <p class='ocr_par' dir='ltr' id='par_1_113' title="bbox 2380 5466 3991 5583">
     <span class='ocr_line' id='line_1_113' title="bbox 2477 5466 3894 5486; baseline -0.009 -1"><span class='ocrx_word' id='word_1_779' title='bbox 2477 5466 2547 5486; x_wconf 79' lang='grc' dir='ltr'><strong>νυ</strong></span> <span class='ocrx_word' id='word_1_780' title='bbox 2595 5466 3162 5485; x_wconf 64' lang='grc' dir='ltr'>...υυωυυηνωνμη</span> <span class='ocrx_word' id='word_1_781' title='bbox 3197 5466 3446 5482; x_wconf 71' lang='lat'>............</span> <span class='ocrx_word' id='word_1_782' title='bbox 3473 5466 3640 5479; x_wconf 38' lang='grc' dir='ltr'>ν--κ</span> <span class='ocrx_word' id='word_1_783' title='bbox 3881 5466 3894 5472; x_wconf 90' lang='grc'>-</span> 
     </span>
     <span class='ocr_line' id='line_1_114' title="bbox 2380 5466 3991 5583; baseline -0.012 -24"><span class='ocrx_word' id='word_1_784' title='bbox 2380 5516 2417 5556; x_wconf 88' lang='lat' dir='ltr'>a</span> <span class='ocrx_word' id='word_1_785' title='bbox 2449 5466 2636 5583; x_wconf 43' lang='grc' dir='ltr'><strong>ὴέτῖοῳ.</strong></span> <span class='ocrx_word' id='word_1_786' title='bbox 2665 5498 2747 5583; x_wconf 75' lang='lat' dir='ltr'>ad</span> <span class='ocrx_word' id='word_1_787' title='bbox 2785 5497 3128 5583; x_wconf 68' lang='lat' dir='ltr'>proximum</span> <span class='ocrx_word' id='word_1_788' title='bbox 3161 5501 3359 5572; x_wconf 85' lang='grc' dir='ltr'><strong>Πέτρῳ.</strong></span> <span class='ocrx_word' id='word_1_789' title='bbox 3411 5466 3991 5583; x_wconf 37' lang='grc' dir='ltr'>Ειοεοσὶιξ⁸</span> 
     </span>
    </p>
   </div>
   <div class='ocr_carea' id='block_1_114' title="bbox 2380 5535 3988 5645">
    <p class='ocr_par' dir='ltr' id='par_1_114' title="bbox 2380 5535 3988 5645">
     <span class='ocr_line' id='line_1_115' title="bbox 2380 5535 3988 5645; baseline -0.014 -1"><span class='ocrx_word' id='word_1_790' title='bbox 2380 5535 3128 5645; x_wconf 44' lang='lat' dir='ltr'>audiebam;</span> <span class='ocrx_word' id='word_1_791' title='bbox 3411 5535 3988 5623; x_wconf 37' lang='lat' dir='ltr'>&quot;sum:un</span> 
     </span>
     <span class='ocr_line' id='line_1_116' title="bbox 2467 5578 3988 5645; baseline 0.003 -21"><span class='ocrx_word' id='word_1_792' title='bbox 2467 5613 2510 5645; x_wconf 14' lang='grc' dir='ltr'><strong>γ,</strong></span> <span class='ocrx_word' id='word_1_793' title='bbox 2683 5634 2692 5640; x_wconf 20' lang='grc' dir='ltr'><strong>ξ</strong></span> <span class='ocrx_word' id='word_1_794' title='bbox 2989 5641 2999 5645; x_wconf 30' lang='grc' dir='ltr'><strong>Δ</strong></span> <span class='ocrx_word' id='word_1_795' title='bbox 3085 5639 3098 5645; x_wconf 75' lang='lat'>_</span> <span class='ocrx_word' id='word_1_796' title='bbox 3128 5583 3324 5642; x_wconf 86' lang='lat' dir='ltr'>quam,</span> <span class='ocrx_word' id='word_1_797' title='bbox 3358 5578 3528 5645; x_wconf 73' lang='lat' dir='ltr'>_O_Oﬂ‘e</span> <span class='ocrx_word' id='word_1_798' title='bbox 3597 5597 3750 5645; x_wconf 45' lang='grc' dir='ltr'>’,Δ-Α</span> <span class='ocrx_word' id='word_1_799' title='bbox 3794 5620 3863 5645; x_wconf 49' lang='grc' dir='ltr'><strong>Α,</strong></span> <span class='ocrx_word' id='word_1_800' title='bbox 3893 5591 3988 5645; x_wconf 58' lang='grc' dir='ltr'>εδ.</span> 
     </span>
    </p>
   </div>
   <div class='ocr_carea' id='block_1_115' title="bbox 3794 5591 3993 5666">
    <p class='ocr_par' dir='ltr' id='par_1_115' title="bbox 3794 5591 3993 5666">
     <span class='ocr_line' id='line_1_117' title="bbox 3794 5591 3993 5666; baseline -0.035 -1"><span class='ocrx_word' id='word_1_801' title='bbox 3794 5591 3871 5666; x_wconf 70' lang='lat' dir='ltr'>e‘a</span> <span class='ocrx_word' id='word_1_802' title='bbox 3893 5591 3993 5659; x_wconf 73' lang='lat' dir='ltr'>ad-</span> 
     </span>
    </p>
   </div>
  </div>
