4176 6432
96 3707 102 3744 ς

95 3759 102 3820 ἶ

93 3823 102 3904 ἕ

91 3909 96 3952 .'

263 388 392 445 497

1247 373 1612 435 COMMENT.
1654 372 1725 430 IN
1764 369 1886 427 MM

2006 366 2194 425 EUM.
2230 397 2298 408 —-
2329 365 2485 421 CAP.
2528 363 2731 421 XVIII.
3555 362 3660 417 498

350 518 461 568 Καὶ
505 507 728 566 δοκοῦσι
757 509 847 580 μεν
875 505 1158 582 ἐρωτῆσαι,
1188 509 1308 580 περὶ
1352 503 1411 556 οὗ
1457 500 1752 574 ἐγίνωσκον·
1785 495 1880 548 οῦκ

2065 491 2356 548 Videntur
2384 494 2585 548 autem
2613 488 2689 545 de
2716 503 2783 544 eo
2812 487 3177 559 interrogare
3202 487 3362 559 quod
3390 488 3520 559 jam
3549 502 3657 544 no-

258 607 393 657 ἔστι
427 598 487 654 δὲ
515 607 688 660 τοῦτο,
725 601 826 650 Καὶ
852 598 975 670 γὰρ,
1009 597 1089 648 ὅτι
1118 596 1208 667 μὲν
1248 592 1330 646 ἐπὶ
1378 600 1474 652 τῆς
1500 597 1600 662 γῆς
1631 589 1656 640 ὁ
1691 590 1880 659 Πέτρος

259 695 659 766 προτετίμηται
687 688 902 756 τούτων,
933 681 1132 759 ᾔδεσαν
1165 682 1216 746 ἐξ
1245 683 1312 732 ὧν
1357 679 1582 734 ἔϐλεπονο
1617 675 1880 731 ἐϐούλοντο

265 780 334 836 δὲ
364 782 576 855 μαθεῖν,
594 777 639 832 εἰ
663 780 753 830 καί
778 774 828 830 ἐν
855 775 1052 850 οὐρανῷ
1076 773 1375 846 προτιμηθή
1387 789 1553 823 σεται.
1584 766 1744 821 Ἀλλὰ
1771 770 1882 820 τότε

269 875 366 946 μὲν
401 870 662 942 ἤλγησαν,
696 869 881 940 τίγειοι
910 861 970 919 δε
998 866 1280 938 γενόμενοι,
1310 867 1409 914 τῶν
1435 861 1697 935 πρωτείων
1728 853 1876 914 ἀλλή-

272 963 388 1024 λοις
424 963 794 1037 παρεχώρουν.

361 1199 463 1249 Καὶ
520 1221 591 1233 -
637 1189 826 1246 αὐτῶν.
863 1188 1074 1261 Μάρκος
1119 1181 1178 1238 δὲ
1221 1201 1398 1256 φησιν,
1451 1182 1532 1234 ὅτι
1581 1183 1680 1232 Καὶ
1733 1176 1884 1248 ἐναγ-

287 1285 634 1358 καλισάμενος
705 1279 848 1344 αὐτὸ,
925 1275 1060 1330 εἶπεν
1117 1274 1310 1334 αὐτοῖς·
1374 1276 1580 1331 Λουκᾶς
1647 1264 1723 1332 δι,
1804 1267 1886 1319 ὅτι

284 1377 542 1433 Ἐστησεν
576 1370 701 1424 αῦτό
744 1367 865 1442 παρ’
910 1366 1095 1436 ἑαυτῷ.
1132 1365 1306 1416 Πάντα
1349 1358 1408 1414 δὲ
1444 1363 1708 1432 γεγόνασι.
1744 1363 1888 1432 Πρῶ-

284 1486 370 1520 τον
427 1465 520 1538 μὲν
573 1463 676 1537 γὰρ
733 1461 948 1518 ἔστησεν
1015 1454 1140 1507 αῦτό
1199 1452 1248 1505 ἐν
1305 1454 1447 1524 μέσῳ
1494 1448 1687 1501 αὐτῶν·
1755 1441 1882 1510 εἶτα,

281 1554 407 1628 παρ’
454 1553 642 1622 ἑαυτῷ,
699 1551 872 1601 ἔπειτα
910 1542 1286 1616 ἐπηυλίσατο
1324 1539 1469 1594 αὐτὸ.
1531 1535 1773 1590 Βούλεται
1827 1530 1886 1586 δὲ

282 1642 375 1698 δια
408 1650 501 1696 τοῦ
537 1641 674 1693 κατὰ
722 1639 779 1690 τὸ
815 1631 1026 1689 παιδίον
1071 1628 1502 1704 παραδείγματος
1547 1621 1884 1678 καταστεῖλαι

277 1737 334 1787 τὸ
364 1739 435 1791 πη
447 1734 536 1792 θος
566 1729 755 1782 αὖε-ῶν.

1991 585 2219 651 verant,
2251 596 2374 638 non
2409 583 2611 637 tamen
2642 580 2728 635 est
2785 576 2883 633 ita.
2935 576 3243 651 Siquidem
3274 592 3344 633 ex
3376 577 3469 634 his
3516 593 3654 649 quas

1990 671 2296 739 videbant,
2322 669 2590 726 sciebant
2613 666 2780 743 quod
2810 665 2871 722 in
2897 670 3055 724 terra
3091 667 3298 723 Petrus
3361 667 3473 722 sibi
3506 681 3653 739 prae-

1991 764 2348 832 poneretur;
2399 757 2685 815 volebant
2734 760 2939 814 antem
3005 757 3172 822 scire,
3243 761 3439 814 utrum
3483 755 3652 812 etiam

1991 851 2051 906 in
2081 849 2230 906 caelo
2281 846 2794 922 praahonorandus
2837 849 3008 904 esset.
3062 845 3176 903 Sed
3211 849 3352 901 tunc
3403 843 3653 918 quidem

1991 937 2066 994 de
2095 938 2189 995 his
2214 937 2502 997 dolebant
2536 951 2785 999 :verum
2829 935 3223 1011 postmodum
3274 949 3415 990 cum
3461 931 3654 989 effecti

1993 1031 2190 1086 essent
2237 1027 2496 1102 perfecti,
2520 1027 2750 1102 primos
2787 1026 3045 1084 honores
3082 1023 3340 1082 invicem
3365 1021 3653 1080 concede-

1997 1117 2176 1177 bant.

2067 1209 2230 1265 Vers.
2285 1211 2338 1263 2.
2380 1209 2455 1263 Et
2505 1236 2576 1248 —
2619 1205 2875 1263 illorum.
2913 1207 3142 1263 Marcus
3185 1207 3388 1260 autem
3431 1201 3532 1259 ait.
3574 1201 3654 1258 Et

1995 1299 2368 1368 amplexatus
2394 1297 2564 1354 illum
2584 1295 2738 1353 dixit
2762 1294 2844 1352 eis
2864 1295 2913 1330 ³⁸
2943 1312 2956 1364 ;
2986 1295 3173 1350 Lucas
3189 1306 3326 1348 vero
3346 1290 3513 1365 quod
3531 1291 3654 1346 Sta-

1997 1388 2109 1443 tuit
2139 1403 2271 1444 eum
2286 1389 2468 1457 juxta
2495 1400 2556 1443 se
2579 1387 2650 1442 ".
2690 1383 2907 1443 Omnia
2930 1386 3130 1440 autem
3161 1381 3318 1438 facta
3347 1383 3503 1436 sunt.
3529 1379 3653 1436 Pri-

1996 1492 2165 1532 mum
2180 1476 2476 1550 siquidem
2491 1473 2700 1532 statuit
2711 1489 2852 1529 eum
2868 1474 2929 1529 in
2942 1471 3141 1530 medio
3154 1470 3391 1527 illorum
3408 1487 3422 1536 ;
3438 1468 3654 1525 deinde

1989 1568 2163 1639 juxta
2194 1582 2275 1633 se,
2318 1565 2712 1638 postmodum
2757 1561 3136 1635 amplexatus
3165 1564 3254 1617 est
3290 1559 3479 1615 illum.
3523 1557 3656 1614 Vult

1993 1661 2194 1712 autem
2226 1671 2326 1728 per
2345 1654 2690 1728 exemplum
2703 1652 2777 1710 de
2797 1667 2986 1726 puero
3011 1649 3223 1706 sedare
3241 1649 3403 1705 hunc
3416 1647 3653 1704 illorum

1992 1746 2270 1801 affectum
2285 1789 2298 1804 .

353 1828 456 1876 Καὶ
489 1851 558 1861 —-
587 1818 840 1890 οὐρανῶν.
877 1813 1040 1886 Ὑμεῖς
1070 1813 1159 1884 μεν
1187 1813 1304 1884 περὶ
1335 1815 1425 1860 τοῦ
1468 1805 1516 1858 ἐν
1543 1812 1605 1878 τῇ
1637 1801 1883 1877 βασιλείᾳ

2065 1835 2221 1890 Vers.
2376 1835 2457 1890 Et
2494 1864 2563 1873 —
2607 1832 2918 1889 cartorum.
2983 1830 3097 1885 Vos
3134 1825 3379 1900 quidem
3419 1825 3493 1882 de
3541 1826 3654 1899 pri-

283 1923 384 1965 τών
427 1911 657 1983 οὐρανῶν
687 1907 941 1981 πρωτείου
971 1899 1310 1954 πυνθάνεσθεο
1362 1895 1462 1968 ἑγὼ
1491 1891 1549 1948 δι
1576 1893 1708 1966 λέγω
1739 1894 1880 1965 ὑμῖν,

288 2004 392 2069 ὃτι,
427 2002 515 2054 ἐὰν
548 2003 613 2071 μὴ
653 2001 912 2069 στραφῆτε
941 1990 1043 2043 ἀπὸ
1075 1996 1170 2050 τῆς
1199 1989 1449 2059 πονηρίας
1483 1983 1564 2036 ἐπὶ
1594 1986 1652 2036 τὸ
1686 1980 1879 2037 ἁπόνη-

302 2112 412 2167 ρον,
456 2095 547 2140 καί
572 2086 778 2160 γένησθε
820 2084 1030 2150 ἄκακοι,
1061 2082 1131 2140 ὡς
1159 2079 1225 2130 τὰ
1253 2071 1466 2140 παιδία,
1516 2069 1640 2125 οῦδὲ
1670 2068 1886 2124 εἰσελεύο

313 2181 472 2233 σεσθε
511 2176 627 2236 ὅλως
655 2176 753 2246 (61)
779 2174 850 2235 εἰς
881 2170 1067 2228 αὐτὴν.

385 2271 458 2321 Τὸ
511 2270 606 2337 γὰρ
675 2259 872 2315 παιδίον
930 2259 1039 2313 ἐστὶ
1109 2261 1198 2330 μέν
1268 2254 1481 2322 ἁπλοῦν,
1560 2249 1884 2324 ἀπερίεργον,

309 2353 623 2419 ἀκενοδοξον,
670 2352 875 2425 ἄτυφον·
925 2347 1249 2407 ἀπήλλακται
1307 2340 1366 2397 δέ
1427 2340 1740 2415 βασκανίας,
1800 2341 1884 2389 καὶ

300 2447 628 2509 ζηλοτυπίας,
672 2447 758 2495 καὶ
788 2439 1182 2514 φιλοπρωτείας,
1227 2438 1318 2487 καὶ
1363 2428 1558 2509 ἴριδος,
1586 2433 1675 2480 καὶ
1717 2426 1886 2486 ἁπλῶς

288 2537 464 2602 εἰπεῖν,
523 2533 778 2608 ἐλευθερὸν
847 2529 960 2582 ἐστι
1011 2529 1197 2586 παντὸς
1248 2525 1611 2597 προαιρετικοῦ
1663 2517 1883 2580 πάθους,

284 2627 372 2680 οὗκ
443 2623 499 2688 ἐξ
566 2623 864 2685 ἀσκήσεως,
921 2615 1030 2670 ἀλλ’
1085 2614 1137 2678 ἐξ
1193 2611 1445 2685 ἀφελείας.
1521 2610 1581 2660 Εἴ
1646 2626 1726 2668 τις
1796 2605 1885 2656 οὖν

283 2716 539 2786 ἀπέχεται
604 2720 705 2764 τῶν
756 2713 1129 2783 προαιρετικών
1192 2703 1394 2770 παθῶν,
1445 2702 1646 2772 γίνεται
1697 2697 1763 2755 ὡς
1819 2695 1885 2745 τὰ

281 2803 493 2868 παιδία,
524 2807 785 2873 κτώμενος
813 2794 888 2851 δι’
914 2794 1210 2855 ἀσκήσεως,
1238 2790 1368 2863 ἃπερ
1396 2788 1586 2861 ἔχουσι
1605 2787 1672 2839 τὰ
1691 2779 1886 2838 παιδία

283 2895 332 2959 ἐξ
359 2893 617 2968 ἀφελείας.

347 2984 532 3044 Ὀστις
587 3010 654 3022 -
702 2978 953 3054 οὐρανῶν.
1010 2971 1195 3032 Ὅστις
1248 2968 1364 3022 λίάν
1417 2968 1709 3036 ταπεινώσῃ
1769 2961 1886 3014 ἑαυ-

284 3078 367 3128 τὸν
396 3074 672 3137 ἑκουσίως,
725 3070 790 3129 ὡς
827 3067 886 3118 τὸ
928 3058 1143 3116 παιδίον
1173 3066 1325 3113 τοῦτο
1361 3056 1473 3110 λίαν
1519 3057 1887 3107 τεταπείνωται

287 3163 570 3224 ἀκουσίως.
621 3161 735 3234 Χρή
784 3158 885 3230 γὰρ
930 3151 1206 3226 μιμεῖσθαι
1248 3150 1307 3202 τὸ
1351 3141 1586 3208 παιδίον,
1625 3143 1651 3195 ὃ
1696 3139 1888 3201 πολλὰς

289 3257 427 3326 ἔχον,
476 3252 549 3312 ὡς
599 3251 824 3323 εἴρηται,
879 3241 1064 3317 ἀρετὰς
1109 3239 1187 3292 ἐπ’
1234 3233 1461 3310 οὐδεμιᾷ
1502 3234 1695 3286 τούτων
1742 3233 1888 3282 επαί-

288 3362 444 3416 ρεται.

353 3435 459 3485 Καὶ
488 3458 560 3470 -
591 3421 828 3496 δέχεται.
865 3424 964 3476 Καὶ
1005 3419 1148 3478 ὅστις
1176 3418 1238 3469 ἄν
1284 3409 1614 3484 ξενοδοχήση
1668 3404 1884 3462 παιδίον

285 3526 512 3573 τοιοῦτον
571 3519 642 3581 ἓν,
698 3513 804 3566 οἷον
861 3509 1022 3578 εἷπον,
1079 3507 1263 3579 ἤγουν,
1311 3503 1401 3557 ἕνα
1447 3502 1566 3555 τινὰ
1596 3502 1883 3571 γενόμενον,

287 3613 346 3670 ὡς
387 3603 610 3660 παιδίον
661 3609 915 3667 τοιοῦτον,
969 3598 1100 3670 λέγω
1149 3591 1218 3654 δὴ
1266 3593 1523 3658 ταπεινὸν,
1568 3591 1656 3641 καὶ
1684 3584 1882 3651 εὐτελῆ,

285 3702 368 3750 καὶ
389 3694 790 3770 ἀπερριμμένον,
820 3692 892 3743 Τὸ
919 3683 998 3753 δε,
1027 3684 1110 3739 ἰπὶ
1139 3691 1214 3755 τῷ
1243 3681 1458 3755 ὀνόματί
1489 3697 1611 3752 μου,
1633 3676 1749 3729 ἀντι
1768 3681 1882 3741 τοῦ,

287 3785 355 3841 δι’
384 3786 496 3860 ἐμὲ,
524 3780 622 3836 διὰ
647 3783 705 3834 τὸ
741 3776 872 3832 εἶναι
905 3779 992 3830 τὸν
1019 3781 1253 3828 τοιοῦτον
1279 3770 1420 3844 ἐμόν,

348 3983 495 4056 Ὅρα
523 3975 603 4049 δὲ,
635 3980 798 4030 πόσον
845 3972 979 4046 φιλεί
1015 3973 1102 4024 τὸν
1139 3974 1395 4022 τοιοῦτον.
1447 3964 1507 4017 Ὀ
1551 3970 1728 4017 τοῦτον
1759 3964 1884 4036 γὰρ,

285 4052 437 4146 φησι,
499 4065 786 4140 δεχόμενος
827 4061 915 4135 ἐμὲ
964 4056 1202 4133 δέχεται·
1245 4057 1460 4130 Μάρκος
1515 4052 1574 4106 ὸε
1622 4053 1887 4126 προσέθη-

282 4139 387 4228 κεν,
418 4160 506 4213 ὁτι
541 4139 644 4211 Καὶ
674 4156 728 4218 ὃς
759 4154 843 4206 ἐὰν
873 4151 960 4225 ἐμὲ
987 4146 1225 4216 δέξηται,
1257 4145 1353 4200 οὐκ
1382 4143 1472 4218 ἒμὲ
1498 4139 1733 4216 δέχεται,
1761 4139 1892 4194 ἀλλὰ

283 4256 372 4306 τόν
400 4244 782 4303 ἀποστείλαντά
811 4259 892 4316 με.

355 4340 513 4400 Ἐστι
565 4332 627 4389 δὲ
679 4334 708 4387 ὀ
756 4337 874 4394 νοῦς
931 4335 1030 4382 τῶν
1082 4325 1208 4380 ὅλων
1266 4325 1436 4400 ῥητῶν
1505 4326 1755 4384 τοιοῦτος,
1813 4318 1894 4370 ὅτι

283 4431 377 4492 ’ος
425 4431 493 4482 οἶν
548 4419 873 4485 ῦποδέξηται
921 4421 1008 4472 τὸν
1080 4417 1347 4488 γενόμενον
1403 4415 1471 4476 ὡς
1524 4406 1758 4477 παιδίον,
1819 4403 1892 4460 δι’

285 4521 484 4574 ἓκείνου
537 4518 628 4588 μέν
681 4510 768 4584 ἐμὲ
813 4503 1156 4580 ὑποδέχεται,
1211 4500 1286 4557 δι’
1339 4501 1464 4575 ἐμοῦ
1519 4497 1580 4555 δε
1631 4502 1719 4552 τὸν
1769 4495 1894 4549 ἀντο-

289 4606 567 4664 στείλαντά
619 4620 683 4676 με
731 4601 940 4672 Πατέρα
984 4614 1106 4669 μου.
1159 4593 1221 4646 Ὀ
1269 4595 1355 4647 αεν
1383 4589 1486 4667 γὰρ
1524 4593 1706 4662 Πατὴρ
1738 4588 1894 4639 οἰκει-

290 4705 440 4753 οῦταὶ
487 4698 584 4754 τὴν
634 4691 702 4752 εἰς
746 4688 835 4762 ἔμε
880 4689 1060 4759 τιμὴν,
1110 4682 1210 4755 ἕγὼ
1260 4677 1320 4736 δι
1367 4685 1463 4740 την
1509 4679 1577 4740 εἰς
1617 4681 1704 4730 τὸν
1755 4679 1896 4747 γενό-

288 4806 438 4862 μενον
469 4788 543 4846 ὡς
570 4775 808 4836 παιδίον.

358 4881 423 4930 Ti
472 4873 562 4928 οὖν
610 4870 1000 4942 μακαριώτερον
1055 4864 1298 4922 τοιαύτης
1353 4855 1656 4930 ὑποδοχῆς,
1707 4852 1780 4908 δι’
1839 4854 1897 4914 ἧς

288 4962 620 5036 ῦποδίχεταί
665 4975 746 5019 τις
795 4959 890 5014 τὴν
933 4955 1195 5027 μακαρίαν
1240 4945 1486 5023 Τριάδάι
1540 4946 1601 5000 Εἰ
1649 4943 1751 5018 γὰρ
1809 4945 1897 4996 τὸν

291 5058 413 5115 Υἰὸν
464 5056 558 5106 καὶ
613 5052 700 5102 τὸν
759 5046 988 5117 Πατέρα,
1043 5044 1248 5104 πάντως
1305 5043 1396 5092 καὶ
1460 5039 1518 5090 τὸ
1577 5042 1787 5108 Πνεῦμα
1839 5035 1896 5087 τὸ

290 5145 444 5218 ἅγιον
483 5139 619 5213 (62)·
672 5135 977 5210 ἁχὼριστος
1022 5133 1124 5218 γαρ
1169 5131 1199 5190 ἡ
1255 5130 1370 5183 θεία
1410 5128 1594 5202 Τριάς.
1641 5124 1800 5179 Οὔπω
1841 5119 1901 5176 δε

289 5213 481 5309 καιρὸς
535 5225 598 5289 ἦν
666 5229 958 5285 τηνικαῦτα
1008 5217 1226 5283 διδάξαι
1281 5221 1372 5271 καὶ
1423 5219 1539 5289 περὶ
1593 5221 1686 5269 τοῦ
1743 5213 1899 5287 ἁγίου

295 5323 616 5394 [ιννῦματος.

368 5499 416 5534 ³⁸
442 5497 621 5554 Marc.
654 5508 736 5560 1x,
763 5494 853 5549 36.
880 5489 930 5528 ³ο
954 5488 1074 5546 Luc
1095 5503 1175 5555 Ix,
1203 5489 1294 5544 47.
1325 5485 1372 5523 ⁸⁷
1401 5483 1578 5543 Marc.
1605 5484 1684 5551 ix,
1713 5483 1807 5540 37.

1990 1927 2154 1980 matu
2188 1922 2249 1978 in
2280 1937 2464 1991 regno
2505 1920 2796 1977 cmlorum
2844 1916 3262 1987 interrogatis;
3295 1930 3404 1987 ego
3452 1919 3653 1970 autem

1991 2013 2125 2068 dico
2155 2011 2326 2067 vobis
2359 2009 2545 2084 quod,
2578 2008 2691 2066 nisi
2723 2006 2992 2066 conversi
3025 2004 3251 2062 fueritis
3279 2020 3316 2062 a
3366 2005 3654 2077 pravitate

1992 2101 2069 2158 ad
2099 2100 2518 2166 sinceritatem,
2548 2103 2605 2156 et
2630 2095 2980 2156 emciamini
3001 2096 3350 2153 innocentes
3377 2097 3442 2150 ut
3467 2093 3652 2166 pueri,

1992 2191 2054 2247 in
2084 2188 2224 2245 illud
2254 2189 2502 2246 omnino
2528 2203 2650 2245 non
2679 2185 3118 2260 ingrediemini.

2065 2281 2222 2344 Puer
2247 2281 2546 2356 siquidem
2572 2282 2661 2334 est
2689 2275 2963 2349 simplex,
2990 2290 3112 2332 non
3137 2273 3431 2339 curiosus,
3458 2286 3656 2344 neque

1997 2391 2168 2434 vante
2194 2372 2399 2448 glorias
2428 2367 2706 2441 cupidus,
2735 2365 2858 2422 sine
2889 2363 3061 2431 fastu,
3093 2362 3243 2419 liber
3270 2368 3356 2418 est
3385 2364 3442 2418 et
3469 2359 3548 2416 ab
3572 2359 3658 2417 in-

1995 2466 2174 2530 vidia,
2219 2459 2622 2523 aemulatione,
2654 2456 2748 2513 sui
2777 2467 3001 2519 amore,
3033 2451 3432 2522 contentione,
3465 2455 3542 2515 et,
3593 2454 3659 2506 ut

1995 2553 2180 2612 semel
2203 2553 2425 2620 dicam,
2457 2547 2690 2605 solutus
2721 2548 2812 2601 est
2839 2542 2918 2601 ab
2947 2541 3112 2599 omni
3139 2539 3478 2598 voluntario
3517 2538 3657 2598 aﬂ‘e-

1993 2649 2110 2712 ctu,
2151 2657 2275 2700 non
2300 2656 2407 2715 per
2435 2636 2797 2706 exercitium,
2825 2632 2931 2690 sed
2956 2647 3064 2706 per
3091 2630 3558 2704 simplicitatem.
3600 2629 3657 2687 Si

1992 2733 2129 2808 quis
2189 2747 2333 2804 ergo
2381 2725 2719 2785 discesserit
2754 2739 2792 2781 a
2827 2719 3184 2780 voluntariis
3223 2716 3656 2788 affectionibus,

1992 2823 2279 2883 efﬁcietur
2307 2820 2460 2877 sicut
2486 2815 2678 2890 pueri,
2708 2812 2945 2871 habens
2975 2825 3084 2884 per
3111 2808 3459 2867 exercitium
3488 2807 3656 2880 quod

1993 2914 2219 2972 habent
2246 2908 2417 2985 pueri
2447 2922 2554 2980 per
2583 2901 3054 2976 simplicitatem.

2065 3005 2230 3059 Vers.
2261 3004 2316 3057 4.
2353 2995 2625 3070 Quisquis
2654 3023 2725 3037 --
2751 2991 3050 3050 caelorum.
3083 2988 3356 3061 Quisquis
3384 2987 3653 3045 volunta-

1993 3093 2078 3150 rie
2120 3091 2387 3164 seipsum
2417 3085 2800 3142 vehementer
2842 3078 3142 3152 deiecerit,
3173 3078 3326 3134 sicut
3353 3091 3501 3150 puer
3549 3076 3659 3134 iste

1920 3196 2120 3265 (bnon
2166 3175 2498 3236 voluntarie
2522 3173 2907 3230 vehementer
2944 3167 3210 3240 dejectus
3238 3169 3370 3222 est:
3427 3169 3662 3238 oportet

1999 3270 2182 3335 enim,
2216 3272 2278 3322 ut
2313 3265 2544 3322 dictum
2588 3264 2700 3329 est,
2726 3257 2946 3316 imitari
2983 3270 3257 3328 puerum,
3289 3253 3390 3326 qui
3437 3253 3659 3310 multas

1997 3359 2224 3416 habens
2247 3355 2512 3421 virtutes,
2538 3349 2619 3411 ob
2641 3347 2874 3405 nullam
2893 3345 3132 3402 illarum
3158 3341 3478 3399 extollitur.

2065 3447 2228 3504 Vers.
2277 3448 2326 3500 5.
2373 3443 2453 3498 Et
2497 3469 2567 3482 —-
2603 3435 2855 3508 suscipit.
2906 3436 2974 3490 Et
3017 3431 3362 3504 quicunque
3404 3429 3660 3501 hospitio

1995 3533 2291 3606 exceperit
2323 3545 2515 3588 unum
2542 3526 2726 3584 talem
2754 3537 3011 3598 puerum
3040 3520 3285 3593 qualem
3310 3517 3474 3584 dixit,
3503 3517 3661 3575 vide-

1991 3627 2130 3684 licet
2157 3637 2349 3680 unum
2397 3619 2654 3691 aliquem
2701 3613 2928 3671 factum
2957 3611 3108 3666 sicut
3143 3607 3276 3666 talis
3305 3621 3474 3680 puer,
3523 3606 3660 3664 dico

1993 3731 2138 3775 sane
2158 3709 2474 3780 humilem,
2499 3707 2682 3764 vilem
2708 3707 2766 3760 et
2793 3701 3114 3773 abiectum.
3142 3696 3313 3765 Quod
3337 3699 3538 3754 autem
3575 3695 3663 3754 di-

1994 3808 2091 3874 cit,
2137 3805 2203 3861 in
2245 3799 2476 3858 nomine
2503 3811 2645 3863 meo,
2688 3793 2807 3850 hoc
2851 3793 2959 3856 est,
3000 3794 3247 3861 propter
3271 3803 3380 3852 me,
3435 3788 3492 3843 et
3517 3787 3664 3858 quia

1995 3897 2130 3955 talis
2155 3899 2247 3952 est
2274 3906 2464 3948 meus.

2066 3985 2214 4042 Vide
2254 3995 2396 4052 ergo
2437 3978 2736 4051 quantum
2773 3969 2952 4028 talem
2989 3970 3168 4024 amet.
3215 3969 3404 4032 Hunc,
3445 3964 3668 4044 inquit,

1997 4073 2350 4146 suscipiens,
2372 4083 2470 4125 me
2495 4061 2765 4135 suscipit.
2790 4061 3020 4115 Marcus
3047 4070 3188 4112 vero
3213 4054 3479 4146 addidit:
3505 4053 3666 4122 Quis-

1999 4165 2131 4238 quis
2162 4142 2361 4218 autem
2391 4171 2477 4212 me
2516 4148 2778 4221 suscipit,
2817 4161 2930 4201 non
2975 4158 3068 4200 me
3107 4142 3350 4213 suscipit
3387 4142 3482 4198 sed
3531 4157 3663 4198 cum

2001 4252 2102 4325 qui
2131 4249 2282 4305 misit
2305 4260 2398 4301 me
2423 4245 2492 4298 ³⁷.

2073 4342 2172 4396 Est
2203 4342 2402 4394 autem
2439 4343 2655 4386 sensus
2682 4323 2946 4382 omnium
2984 4319 3278 4374 dictorum
3311 4316 3446 4372 talis
3474 4331 3488 4370 :
3522 4317 3665 4382 Qui-

2003 4442 2240 4502 cunque
2275 4417 2603 4493 susceperit
2631 4429 2770 4472 eum
2799 4411 2905 4502 qui
2933 4407 3126 4502 factus
3159 4409 3245 4462 est
3274 4404 3452 4461 veluti
3489 4419 3661 4476 puer,

1981 4535 2109 4596 .per
2138 4492 2306 4573 illum
2346 4492 2590 4585 quidem
2621 4519 2719 4561 me
2748 4496 3013 4570 suscipit,
3045 4510 3152 4595 per
3180 4496 3509 4596 meantem
3557 4492 3665 4550 Pa-

1979 4583 2155 4667 ‘trem
2199 4583 2400 4662 meum
2431 4598 2528 4673 qui
2557 4593 2719 4652 misit
2747 4605 2868 4648 me.
2909 4590 3074 4644 Pater
3104 4583 3405 4658 siquidem
3450 4597 3666 4656 appro-

2003 4700 2156 4776 priat
2204 4694 2319 4752 sibi
2351 4706 2511 4758 eum,
2541 4685 2646 4760 qui
2676 4680 2821 4776 mihi
2850 4676 3142 4776 defertur,
3164 4673 3458 4774 honorem
3489 4689 3504 4740 ;
3550 4689 3663 4747 ego

2006 4762 2148 4846 vero
2186 4785 2453 4842 delatum
2483 4775 2561 4834 illi
2589 4771 2693 4848 qui
2721 4769 2914 4828 factus
2939 4769 3027 4823 est
3054 4762 3233 4821 veluti
3258 4778 3423 4835 puer.

2079 4874 2230 4943 Quid
2272 4871 2444 4943 igitur
2487 4865 2592 4924 tali
2623 4858 2998 4934 susceptione
3024 4853 3284 4943 beatius,
3327 4865 3666 4943 peruquam

2009 4936 2258 5033 suscipit
2279 4936 2417 5030 quis
2451 4954 2684 5010 beatam
2705 4944 3043 5003 Trinitatem
3064 4941 3092 4998 ‘I
3121 4941 3267 4996 Nam
3296 4938 3345 4995 si
3372 4936 3586 4994 Filium
3611 4941 3669 4994 et

2007 5025 2257 5116 Patrem,
2288 5025 2494 5117 utique
2523 5046 2581 5098 et
2605 5035 2887 5112 Spiritum
2910 5033 3220 5089 sanctum:
3255 5025 3667 5101 inseparabilis

2010 5139 2305 5214 siquidem
2341 5138 2432 5192 est
2459 5133 2630 5190 beata
2660 5125 2933 5214 Trinitas.
2973 5119 3248 5214 l‘iondum
3279 5121 3481 5176 autem
3525 5121 3664 5174 tem-

2008 5211 2121 5306 pus
2149 5233 2286 5286 tunc
2315 5228 2440 5284 erat
2463 5216 2716 5280 docendi
2740 5217 2816 5274 de
2843 5211 3058 5288 Spiritu
3081 5211 3308 5268 sancto.

1502 5608 1730 5680 Varia
1755 5607 2080 5679 lectiones
2110 5614 2176 5673 et
2213 5609 2415 5670 notae.

369 5766 481 5840 (61)
508 5763 658 5830 Ἕως,
691 5775 802 5834 pro
830 5758 979 5820 ὅλως.
1013 5759 1075 5815 Β.

2073 5748 2185 5824 (62)
2214 5741 2566 5820 Υποδίχεται.
