4176 6440
225 395 343 457 δο1
1191 389 1570 449 COMMENT.
1617 387 1687 442 IN
1729 371 2179 441 MATTHEUM.
2221 412 2286 424 —
2329 383 2490 439 CAP.
2539 383 2738 442 xvm.
3495 381 3604 438 δον

225 529 337 584 τήν
368 523 641 596 ἐξήγησιν,
671 519 810 585 Ἀλξ“
833 522 935 574 ἐκεῖ
957 524 1047 594 μὲν
1076 523 1192 592 περὶ
1222 515 1504 590 ἐμπαθείας
1529 511 1590 574 ἦν
1615 515 1642 565 ὁ
1666 513 1833 584 λόγος,

1954 508 2250 565 sitionem.
2267 510 2374 566 Sed
2392 509 2471 564 ibi
2492 509 2566 565 de
2578 509 2794 566 aﬁectu
2813 512 2936 566 erat
2950 523 3168 572 sermo,
3189 507 3288 563 hic
3309 510 3512 564 autem
3525 507 3602 563 de

228 615 468 669 ἐνταῦθα
521 609 580 666 δὲ
627 618 746 686 περὶ
805 615 1050 672 παντοίας
1101 606 1321 681 βλάϐης.
1351 606 1486 680 Ὅρα
1518 601 1577 656 δὲ
1609 611 1717 671 νῦν,
1764 600 1833 652 ὃτι

1954 598 2358 670 qualicunque
2371 598 2899 654 nocumento.Vide
2917 602 3118 654 autem
3133 612 3292 652 nunc
3309 596 3474 668 quod
3485 595 3604 648 κυλ-

228 703 430 757 κυλλὸν
465 705 551 755 τὸν
578 703 774 775 ἄχειρα
799 701 951 772 λέγει.

1953 686 2059 751 λὸν,
2092 688 2204 742 hoc
2234 693 2319 743 est
2351 688 2645 752 mutilum,
2682 693 2851 743 vocat
2890 703 3028 742 eum
3066 687 3170 758 qui
3203 685 3483 742 manibus
3509 701 3603 741 ca-

1952 780 2057 832 ret.

317 904 425 953 Καὶ
491 929 550 937 -
605 900 791 971 πυρὸς.
825 899 1045 970 Εἴρηται
1090 897 1179 944 καὶ
1221 894 1338 965 περὶ
1367 891 1561 942 τούτων
1615 884 1661 937 ἐν
1709 881 1833 936 ἐκεί-

2024 863 2188 920 Vers.
2222 866 2275 919 9.
2305 866 2383 920 Et
2411 896 2481 905 —
2529 866 2693 935 ignis.
2752 865 2979 920 Dictum
3033 867 3121 919 est
3168 863 3348 919 etiam
3377 863 3453 919 de
3509 863 3601 920 his

1951 954 2013 1010 in
2051 954 2150 1011 illo
2203 955 2415 1028 capite,
2445 959 2502 1010 et
2541 955 2916 1026 superfluum
2941 953 3093 1010 foret
3124 958 3408 1025 repetere.
3452 953 3601 1009 Vere

1950 1058 2091 1114 ergo
2122 1044 2266 1100 nihil
2286 1049 2376 1101 est
2398 1043 2545 1101 adeo
2567 1044 2814 1100 noxium
2835 1043 2986 1099 sicut
3007 1058 3333 1114 pravorum
3359 1058 3600 1099 consor-

1950 1132 2116 1190 tium.
2147 1133 2317 1198 Quod
2349 1133 2397 1188 si
2429 1133 2607 1189 etiam
2658 1136 2720 1188 in
2749 1131 3026 1188 membris
3056 1131 3276 1188 nostris
3329 1135 3601 1202 amputa-

1949 1238 2084 1277 mus
2109 1219 2448 1296 frequenter
2487 1221 2768 1294 quasdam
2799 1237 2874 1278 ex
2923 1221 3037 1276 illis
3093 1220 3334 1294 quando
3365 1223 3423 1276 et
3468 1221 3604 1292 ipsa

1945 1312 2406 1368 immedicabilia
2437 1312 2781 1376 manserint,
2816 1315 2874 1368 et
2923 1314 3130 1367 castora
3172 1313 3599 1382 corrumpunt;

1948 1401 2136 1456 multo
2159 1401 2347 1470 magis
2377 1401 2433 1456 in
2457 1400 2727 1470 cognatis
2756 1404 2812 1456 et
2833 1400 3034 1456 amicis
3051 1414 3122 1454 ac
3149 1399 3432 1454 ministris
3450 1399 3602 1455 face-

1950 1505 2010 1545 re
2048 1490 2162 1546 hoc
2191 1495 2442 1562 oportet,
2501 1489 2600 1545 ubi
2655 1489 2833 1544 nobis
2887 1488 3198 1544 obstaculo
3238 1488 3453 1544 fuerint
3500 1493 3604 1544 aut

1949 1579 2377 1650 impedimento
2416 1579 2494 1634 ad
2525 1582 2746 1634 rectam
2790 1577 3320 1633 conversationem.
3356 1577 3604 1633 Praestat

1949 1669 2110 1725 enim
2141 1669 2266 1724 sine
2296 1667 2408 1723 illis
2447 1667 2680 1723 salvum
2705 1666 2834 1722 ﬁeri
2863 1682 3049 1738 quam
3079 1682 3216 1720 cum
3243 1665 3355 1720 illis
3389 1666 3595 1735 perire.

1951 1758 2273 1830 Postquam
2296 1772 2437 1826 ergo
2465 1773 2681 1828 pravos
2703 1756 2906 1824 fugere
2923 1755 3253 1822 admonuit,
3286 1754 3471 1809 bonos
3497 1754 3600 1809 ho-

1869 1859 1911 1916 Β
1949 1846 2358 1917 norarejubet.
2403 1848 2493 1900 Alt
2520 1846 2718 1900 enim:

2017 1936 2183 1992 Vere.
2218 1940 2298 1989 10.
2346 1935 2542 1990 Videte
2567 1964 2632 1973 —
2661 1933 2809 1989 istis.
2838 1931 2944 1998 Qui
2971 1931 3310 1988 hominibus
3356 1930 3600 2003 quidem

1946 2024 2138 2097 pusilli
2185 2023 2458 2078 videntur
2488 2027 2727 2093 propter
2755 2021 3152 2091 abjeotionem
3185 2025 3237 2076 et
3257 2019 3603 2091 simplicita-

1944 2119 2082 2180 tem,
2113 2129 2251 2167 vere
2283 2118 2483 2168 tamen
2516 2112 2720 2181 magni
2758 2115 2898 2166 sunt
2925 2114 3170 2182 propter
3196 2110 3487 2165 virtutem.
3521 2112 3600 2165 Ne

1942 2217 2124 2256 unum
2149 2201 2393 2274 quidem
2425 2201 2641 2256 horum
2684 2199 2991 2270 despicere
3018 2203 3249 2269 oportet
3283 2215 3296 2252 :
3352 2197 3602 2252 manife-

1941 2295 2098 2345 stum
2119 2295 2209 2345 est
2249 2305 2389 2360 ergo
2441 2289 2605 2362 quod
2635 2303 2826 2360 neque
2878 2289 3034 2343 duos
3092 2286 3352 2350 omnino,
3403 2301 3598 2357 neque

1945 2379 2164 2452 plures.
2201 2379 2422 2434 Deinde
2451 2378 2633 2434 etiam
2663 2376 2908 2434 aliunde
2935 2375 3312 2432 venerandos
3338 2373 3472 2430 illos
3515 2373 3600 2430 fa-

237 1011 311 1062 νῳ
363 996 439 1060 τῷ
496 985 777 1058 κεφαλαίῳ,
831 989 921 1036 καὶ
977 984 1214 1057 περιττὸν
1251 978 1593 1049 παλιλλογείν.
1642 972 1842 1033 Ὀντως

237 1073 333 1130 οὖν
399 1075 517 1147 (66)
578 1070 728 1128 οὐδὲν
768 1073 901 1126 οὕτω
958 1070 1326 1146 βλαϐερὸν,ὡς
1385 1070 1414 1125 ἠ
1462 1075 1560 1118 τῶν
1603 1069 1838 1136 πονηρῶν

242 1170 525 1219 συνουσία.
575 1168 695 1229 Καὶ,
755 1162 798 1214 εὶ
848 1161 931 1214 ἐπὶ
985 1168 1084 1212 τῶν
1127 1161 1384 1232 ἡμετέρων
1442 1155 1602 1228 μελῶν
1650 1151 1840 1205 πολλά-

237 1276 320 1317 κις
377 1253 730 1326 ἁπότέμνομέν
780 1271 894 1303 τινα
944 1253 1157 1313 τούτων,
1205 1249 1324 1300 ὅταν
1373 1245 1507 1297 αὐτοί
1559 1263 1612 1296 τε
1657 1240 1841 1294 ἀνίατα

237 1349 453 1417 μένωσι,
502 1346 591 1394 καὶ
647 1349 750 1403 τςίς
803 1339 973 1400 ἠλλοις
1022 1337 1394 1410 λυμαίνωνται,
1431 1334 1600 1402 πολλῷ
1648 1329 1837 1404 μᾶλλον

238 1434 322 1486 ἐπὶ
381 1440 666 1504 συγγενῶν,
698 1435 786 1482 καὶ
838 1428 1014 1502 φίλων,
1056 1432 1146 1479 xui
1197 1428 1462 1500 ὑπηρετῶν
1519 1429 1672 1475 τοῦτο
1726 1423 1833 1494 χρὴ

236 1530 422 1589 ποιεῖν,
493 1517 966 1586 σκωδαλιζὸντων,
1030 1518 1196 1569 εἶτουν
1271 1509 1657 1588 ἐμποδιζόντων
1714 1512 1838 1582 ἡμῖν

238 1613 310 1674 εἰς
362 1617 458 1670 τὴν
509 1611 668 1685 ὀρθὴν
721 1607 996 1672 πολιτείαν,
1033 1613 1286 1679 Κρεῖσσον
1317 1607 1414 1679 γὰρ
1464 1606 1634 1675 χωρὶς
1670 1598 1838 1651 αὐτῶν

241 1705 482 1761 σωθῆναι
534 1704 564 1758 ἧ
630 1702 722 1751 σὺν
780 1699 950 1757 αὐτοῖς
1009 1694 1317 1752 ἀπολέσθαι.
1379 1694 1697 1765 Παραινέσας
1753 1683 1838 1740 οὖν

237 1796 444 1864 φεύγειν
503 1793 624 1851 τοὺς
663 1790 937 1861 πονηροὺς,
988 1784 1178 1838 κελεύει
1229 1789 1385 1856 τιμᾴν
1431 1785 1549 1843 τοὺς
1593 1779 1836 1850 ἀγαθούς.

235 1887 388 1953 Λέγει
407 1883 535 1954 γὰρ·

303 1970 507 2044 ““Ορᾶτε
557 1999 624 2008 —
654 1969 869 2020 τούτων.
898 1971 1008 2017 Τῶν
1054 1960 1344 2016 δοκούντων
1375 1963 1464 2034 μὲν
1494 1965 1692 2033 μικρῶν
1729 1963 1836 2018 τοῖς

246 2057 545 2132 ὰνθρῶποις
589 2052 657 2108 δι’
701 2051 966 2123 εύτέλειαν,
1018 2057 1174 2104 ὄντων
1223 2047 1283 2104 δε
1320 2049 1551 2123 μεγάλων
1603 2055 1674 2117 τῷ
1727 2050 1833 2115 Θεῷ

254 2145 330 2200 δι’
383 2146 606 2221 ἀρετὴν·
650 2145 691 2198 εἰ
715 2141 765 2197 δ’
817 2143 926 2205 ἑνὸς
970 2145 1164 2195 τούτων
1211 2139 1271 2193 ού
1314 2144 1424 2212 χρή
1474 2137 1828 2210 καταφρονεῖν,

255 2233 552 2311 πρόδηλον,
603 2235 661 2294 ὣς
696 2229 805 2286 ούδέ
849 2229 947 2285 δύο
975 2233 1199 2300 πάντως,
1229 2225 1354 2282 ούδέ
1389 2227 1646 2290 πλειόνων,
1706 2222 1832 2279 Εἶτα

255 2331 350 2378 καὶ
384 2325 618 2400 ἑτέρωθεν
644 2322 812 2384 αὖτοὺς
842 2317 1146 2381 αἰδεσίδους
1174 2325 1330 2374 ποιεῖ.

1943 2469 2040 2524 cit.

304 2579 462 2646 Λέγω
523 2603 592 2614 -
665 2578 756 2624 τοῦ
828 2569 877 2622 ἄν
950 2569 1208 2646 οὐρανοῖς.
1261 2566 1516 2620 Ἐντεῦθεν
1597 2568 1830 2640 φανερὸν,

2015 2560 2174 2615 Vers.
2207 2560 2294 2612 10.
2327 2557 2469 2613 Dico
2505 2587 2573 2597 —
2603 2556 2703 2628 qui
2726 2555 2788 2611 in
2829 2555 2985 2611 caelis
3013 2561 3118 2610 est.
3163 2552 3306 2607 Inde
3355 2550 3600 2606 manife-

230 2671 311 2721 ὅτι
337 2640 592 2738 ἀγγέλους
617 2665 837 2735 ἔχουσιν
892 2663 942 2713 οἱ
991 2640 1192 2712 δίκαιοι
1221 2657 1468 2732 φύλακας·
1500 2659 1631 2729 φησὶ
1658 2656 1760 2729 γάρ
1807 2654 1832 2706 ὁ

1951 2651 2100 2702 stum
2117 2653 2203 2702 est
2221 2647 2418 2718 justos
2440 2645 2661 2702 habere
2674 2643 2918 2714 angelos
2942 2643 3239 2698 custodes.
3266 2640 3410 2696 Dicit
3435 2640 3596 2696 enim

231 2729 445 2821 Auﬁdi;
527 2755 608 2806 ὅτι
642 2729 1021 2824 ΠΠαρεμϐαλεῖ
1089 2729 1304 2821 ἄγγελος
1386 2749 1581 2820 Κυρίου
1661 2743 1832 2816 κύκλῳ

1951 2735 2129 2792 David
2148 2752 2161 2791 :
2183 2735 2390 2792 Castra
2403 2735 2724 2791 metabitur
2737 2735 2981 2803 angelus
3009 2732 3237 2787 Domini
3259 2731 3318 2786 in
3341 2729 3596 2785 circuitu

227 2857 328 2900 τῶν
400 2843 730 2918 φοϐουμένων
811 2839 985 2910 αὐτὸν,
1034 2843 1123 2890 καὶ
1177 2840 1394 2912 ῥύσεται
1451 2836 1658 2895 αύτούς.
1727 2833 1833 2895 Οὗς

1951 2825 2264 2881 timentium
2303 2823 2792 2892 eum,~et'.eripiet
2815 2839 2909 2880 eos
2942 2826 3010 2875 '9.
3063 2823 3221 2887 Quos
3251 2826 3454 2876 autem
3481 2834 3599 2874 ser-

230 2936 288 2991 δὶ
346 2935 722 3008 φυλάττουσιν,
769 2930 979 3001 ἄγγελοι
1034 2930 1292 2985 τοσαύτην
1339 2927 1404 2987 εἰς
1452 2930 1573 2978 Θεὸν
1623 2929 1831 2997 ἔχοντες

1951 2919 2081 2971 vant
2102 2914 2298 2984 angeli
2319 2916 2423 2986 qui
2453 2919 2681 2970 tantam
2706 2912 2866 2984 apud
2902 2915 3084 2967 Deum
3114 2910 3340 2966 habent
3364 2907 3596 2964 liberta-

225 3026 553 3102 παῤῥησίαν,
628 3022 693 3082 ὡς
737 3016 833 3072 διὰ
908 3021 1099 3080 παντὸς
1152 3015 1201 3070 ἓν
1263 3017 1499 3090 οὐρανοῖς
1553 3017 1677 3090 ὁΡᾲν
1745 3019 1829 3069 τὸν

1951 3007 2078 3070 tem,
2110 3011 2172 3059 ut
2210 3019 2450 3076 semper
2490 3001 2734 3058 videant
2785 3004 2970 3057 Deum
3001 2999 3106 3072 qui
3148 3000 3207 3054 in
3265 2998 3428 3053 caelis
3482 3002 3591 3063 est,

226 3087 376 3184 Θεόν,
421 3115 621 3166 τούτων
677 3114 835 3172 ὅντως
884 3108 944 3161 ού
973 3113 1083 3181 χρή
1143 3087 1499 3180 καταφρονεῖν,
1541 3087 1590 3157 εἰν
1633 3109 1823 3176 καὶμὴ

1951 3109 2073 3148 vere
2161 3094 2274 3149 hos
2367 3091 2674 3162 despicere
2747 3105 2869 3146 non
2929 3093 3202 3160 oportet:
3279 3087 3386 3143 etsi
3472 3101 3595 3142 non

225 3204 314 3259 διὰ
341 3209 440 3262 τήν
469 3199 848 3277 ἆρετὴναύτῶν,
877 3178 1090 3269 ἀλλά-γε
1107 3193 1202 3250 διὰ
1225 3178 1324 3249 τοὺ.
1354 3193 1607 3267 ςφυλακας
1635 3194 1822 3246 αὐτῶν.

1951 3186 2181 3256 propter
2257 3180 2498 3237 illorum
2578 3181 2875 3243 virtutem,
2949 3184 3006 3232 at
3071 3178 3283 3233 saltem
3360 3181 3596 3248 propter

221 3300 287 3351 Τὸ
343 3299 634 3370 πρόσωπον
684 3285 745 3342 δε
771 3295 863 3341 τοῦ
894 3290 1100 3361 Πατρός
1124 3305 1247 3359 μου,
1280 3283 1394 3338 ἀντὶ
1440 3290 1553 3354 τοῦ,
1585 3287 1671 3336 τόν
1723 3290 1828 3337 Πα-

1951 3271 2215 3328 :ustodes
2231 3285 2460 3328 eorum.
2479 3267 2716 3324 Faciem
2733 3282 2874 3322 vero
2888 3265 3094 3332 Patris,
3116 3265 3228 3321 hoc
3243 3270 3337 3321 est
3352 3263 3591 3320 Patrem

263 3391 342 3418 ς--
366 3403 468 3418 ...υ
1935 3375 2159 3418 meum.

220 3406 271 3439 τε
307 3405 342 3437 α
407 3403 490 3438 ου.

273 3406 588 3548 ρ[Βλθῡέπουοί
635 3468 749 3542 (67)
806 3464 866 3520 δέ
913 3466 1067 3519 αύτὸν
1093 3465 1199 3538 οὐχ
1228 3467 1296 3528 ὡς
1321 3467 1435 3517 ἔστι
1463 3463 1580 3516 κατ’
1617 3465 1833 3532 οὐσίαν,⁴

1951 3403 2285 3520 "tl-“adem
2311 3449 2512 3502 autem
2538 3444 2709 3500 illum
2735 3458 2855 3498 non
2887 3441 3140 3514 perfecte
3191 3441 3343 3496 sicut
3371 3445 3464 3495 est
3526 3440 3589 3495 in

1934 3537 2208 3603 essentia,
2238 3535 2344 3591 sed
2366 3537 2540 3608 prout
2559 3533 2644 3589 eis
2673 3531 3052 3604 permittitur.
3080 3533 3264 3586 Deum
3278 3528 3460 3593 enim,
3485 3528 3587 3598 ait,

1935 3643 2114 3685 nemo
2143 3625 2291 3682 vidit
2316 3638 2588 3696 unquam
2617 3625 2686 3691 ³ο,
2708 3637 2831 3678 non
2858 3619 3181 3676 materialis
3211 3617 3404 3674 solum
3430 3632 3592 3673 crea~

1937 3723 2087 3782 tura,
2127 3716 2234 3774 sed
2258 3715 2438 3771 etiam
2461 3711 2888 3770 immaterialis.

2005 3806 2229 3864 Deinde
2259 3803 2444 3860 aliam
2459 3817 2703 3875 quoque
2724 3799 2893 3873 ponit
2921 3797 3430 3856 rationabiliorem
3455 3811 3591 3853 cau-

1936 3913 2089 3966 sam,
2121 3911 2225 3952 cur
2251 3908 2356 3950 eos
2379 3892 2684 3964 despicere
2715 3905 2836 3946 non
2864 3893 3158 3960 oporteat.

2004 3987 2162 4040 Vers.
2197 3984 2282 4040 11.
2327 3982 2493 4038 Venit
2523 4011 2594 4021 —
2637 3979 2796 4051 quod
2822 3977 3095 4049 perierat.
3126 3976 3308 4040 Venit,
3369 3974 3584 4048 inquit,

1933 4074 1996 4130 in
2025 4073 2347 4136 mundum,
2386 4070 2513 4126 sive
2548 4069 2894 4124 incarnatus
2945 4070 3049 4128 est,
3101 4069 3164 4120 ut
3202 4064 3456 4120 salvaret
3485 4079 3588 4118 eos

1933 4162 2038 4236 qui
2063 4166 2240 4218 antea
2261 4157 2469 4230 perditi
2485 4160 2676 4212 erant.
2701 4153 2872 4219 Quod
2896 4152 2945 4206 si
2965 4167 3075 4219 ego
3099 4155 3324 4206 tantam
3345 4150 3586 4205 illorum

1932 4251 2120 4308 habui
2142 4263 2368 4312 curam,
2383 4242 2688 4317 quomodo
2704 4257 2811 4296 vos
2828 4238 3164 4309 despicietis
3178 4238 3310 4292 illos
3326 4237 3354 4291 ?
3367 4237 3585 4292 Deinde

1934 4355 2074 4398 vero
2104 4337 2268 4410 ponit
2298 4340 2354 4390 et
2396 4331 2766 4405 parabolam,
2799 4343 2919 4398 qua
2963 4325 3323 4381 demonstrat
3361 4324 3584 4380 amoris

1937 4427 2028 4484 sui
2053 4422 2550 4495 magnitudinem.

223 3564 327 3618 ἀλλ’
358 3567 432 3624 ὡς
464 3560 671 3634 ἐφικτὸν
697 3553 890 3618 αὐτοῖς.
923 3558 1054 3610 Θεὸν
1081 3557 1208 3628 γὰρ,
1231 3558 1408 3627 φησὶν,
1443 3549 1616 3614 οὐδεὶς
1637 3552 1828 3625 ἑώρακε

224 3661 456 3721 πώποτε,
483 3650 546 3703 ού
574 3653 727 3723 μόνον
757 3647 949 3714 ὑλικὸς,
973 3643 1079 3698 ἀλλ’
1110 3641 1227 3698 οὐδ’
1247 3642 1449 3716 ἄῠλος.]

289 3849 518 3904 Ἔπειτα
549 3845 661 3918 (68)
684 3849 775 3897 καὶ
805 3843 980 3917 ἑτέραν
1029 3843 1240 3901 τίθησιν
1279 3841 1624 3915 εύλογωτέραν
1655 3841 1826 3894 αἰτίαν

220 3948 312 3993 τοῦ
339 3943 414 4013 μή
449 3941 789 4011 καταφρονεῖν
819 3933 1008 3987 αὐτῶν.

286 4028 452 4082 Ἦλθε
510 4057 581 4069 -
632 4027 693 4078 τὸ
737 4022 1014 4084 ἀπολωλός.
1082 4020 1272 4075 Ἦλθον
1322 4023 1448 4096 γὰρ,
1516 4025 1695 4093 φησίν,
1754 4023 1828 4084 εἰς

215 4123 303 4173 τόν
350 4122 578 4189 κόσμον,
627 4117 814 4186 ἤγουν,
861 4111 1255 4186 ἓνηνθρώπησα,
1286 4113 1372 4163 ἵνα
1423 4116 1578 4164 σώσω
1639 4111 1826 4173 αὐτοὺς

211 4207 545 4266 ἀπολωλότας
565 4207 708 4274 πρίν.
743 4201 846 4256 Καί
893 4201 938 4254 εί
972 4200 1073 4273 ἐγὼ
1104 4208 1352 4254 τοσοῦτον
1396 4199 1688 4274 ἔφρὸννισα,
1721 4207 1827 4261 πῶς

212 4301 360 4372 ὑμεῖς
414 4296 835 4367 καταφρόνήσετε
887 4293 1122 4357 τούτων;
1157 4293 1445 4344 Μετέπειτα
1476 4286 1535 4343 δὲ
1571 4289 1707 4361 λέγει
1735 4293 1825 4342 καὶ

211 4407 317 4464 παρ
326 4385 548 4450 αϐολὴν,
567 4381 815 4456 ἐμφαίνου
825 4386 918 4434 σαν
937 4383 994 4434 τὸ
1017 4379 1330 4450 ὑπερϐάλλον
1345 4388 1406 4439 τῆ
1419 4401 1441 4443 ς
1458 4379 1828 4453 φιλοστοργίας

211 4480 398 4530 αὑτοῦ.

285 4569 446 4620 ΚΕΦ.
482 4561 610 4618 ΑΠ’.
645 4563 774 4634 Περὶ
803 4567 904 4612 τῶν
935 4559 1114 4612 ἑκατόν
1141 4557 1432 4632 προϐάτων.

2197 4558 2350 4614 CAP.
2393 4551 2682 4610 XXXVIII.
2716 4550 2797 4606 De
2829 4551 3067 4613 pentum
3098 4544 3321 4602 ovibus.

283 4659 351 4709 Τί
381 4684 455 4694 —
477 4654 540 4705 τό
565 4650 890 4723 πλανώμενον
916 4664 931 4715 ;
970 4647 1275 4723 ’Ἄνθρωπον
1301 4651 1390 4721 μὲν
1421 4644 1680 4706 ὑποδηλοῖ
1708 4647 1828 4700 ἑαυ-

2007 4652 2166 4706 Vers.
2204 4647 2286 4704 12.
2323 4645 2476 4713 Quid
2499 4675 2568 4683 —
2623 4655 2754 4714 qua?
2779 4638 3159 4695 aberraverat
3191 4637 3220 4690 ?
3272 4634 3584 4690 Hominem

214 4747 324 4809 τόν,
357 4745 424 4804 ὡς
453 4744 724 4814 γενόμενον
771 4739 1059 4814 ἄνθρωπον·
1107 4739 1288 4789 ἑκατὸν
1338 4733 1396 4789 δι
1448 4736 1686 4811 πρόϐατα
1731 4741 1828 4789 πᾶ-

1951 4739 2203 4811 seipsum
2247 4734 2582 4805 significat:
2645 4733 2881 4786 centum
2937 4741 3073 4781 vero
3125 4740 3285 4793 oves,
3341 4722 3604 4780 omnem"

222 4853 318 4887 σαν
347 4836 449 4890 τήν
503 4830 721 4902 λογικὴν
751 4832 924 4880 κτίσιν
956 4826 1070 4898 (69)
1119 4825 1346 4899 ἀγγέλων
1389 4831 1479 4878 καὶ
1522 4825 1822 4899 ἀνθρώπων·

1951 4828 2277 4885 éationalem
2319 4828 2676 4888 creaturam,
2724 4818 3031 4875 hominem
3063 4814 3378 4882 videlicet;
3439 4829 3582 4869 oves

217 4921 466 4999 πρόϐατα
522 4922 613 4989 μὶν
668 4914 762 4972 διὰ
798 4935 852 4970 τε
883 4920 974 4976 τήν
1030 4919 1225 4969 τούτων
1267 4916 1553 4988 ὑποταγὴν,
1590 4921 1680 4968 καὶ
1734 4919 1828 4974 τὴν

1951 4917 2184 4988 quidem
2204 4919 2441 4986 propter
2460 4913 2732 4986 ipsorum
2754 4906 3206 4978 subjectionem,
3234 4909 3295 4999 et
3315 4903 3482 4976 quod
3507 4902 3586 4959 ab

215 5014 404 5066 ἑαυτοῦ
465 5010 838 5083 ποιμαντικήν⁶
895 5005 1075 5059 ἑκατὸν
1133 5002 1192 5058 δὲ
1241 5001 1334 5058 διὰ
1384 5009 1478 5064 τήν
1533 5005 1829 5064 τελειότητα

1951 5021 2008 5063 ao
2032 5006 2358 5078 pascantur
2389 5021 2403 5072 ;
2435 5005 2672 5058 centum
2705 5013 2847 5056 vero
2894 4999 3136 5069 propter
3164 4993 3587 5067 perfectionem

213 5111 316 5155 τῶν
367 5081 658 5172 ταγμάτων
712 5103 804 5158 τῆς
839 5095 1051 5168 λογικῆς
1105 5095 1295 5156 ταύτης
1340 5099 1582 5157 κτίσεως.
1627 5101 1829 5148 Τοσαῦ-

1951 5093 2216 5153 ardinum
2247 5091 2552 5151 rationalis
2581 5087 2763 5163 hujus
2792 5090 3075 5144 creaturae
3109 5102 3123 5141 :
3148 5086 3228 5140 tot
3265 5081 3425 5139 enim
3452 5084 3589 5136 sunt

282 5281 334 5317 ”
364 5275 521 5334 Psal.
552 5287 798 5342 xxxxm,
834 5275 890 5328 8.
965 5273 1014 5311 ³ο
1036 5272 1206 5329 Joan.
1235 5287 1272 5337 1,
1306 5272 1396 5328 18.

1437 5435 1664 5520 Varia:
1694 5439 2025 5520 lectiOnes
2047 5459 2111 5518 et
2149 5457 2354 5520 nota.

283 5653 400 5728 (se)
436 5651 558 5728 Ἦν,
588 5663 699 5724 pro
733 5647 848 5728 ρῦν,
881 5653 944 5704 Α.
1063 5719 1081 5728 _
1147 5718 1160 5728 _
1226 5722 1236 5728 _
1282 5719 1292 5728 ι

1951 5648 2128 5728 cuius
2157 5650 2294 5728 ante
2326 5646 2610 5728 βλέπουσιν
2640 5645 2980 5728 exhibebat.

290 5717 406 5799 (66)
439 5717 699 5799 Inclusa,
729 5718 1335 5799 in_marg._habetA_.
1399 5790 1413 5799 _
1467 5797 1481 5799 ὴ
1528 5749 1534 5753 -
1672 5791 1716 5799 __

2007 5719 2118 5794 (69)
2160 5717 2344 5790 Φύσιν,
2377 5725 2433 5776 et
2456 5736 2638 5793 supra
2665 5719 2950 5791 scriptum
2977 5718 3082 5783 κτί,
3105 5717 3171 5769 Α.

291 5790 403 5870 (68)
445 5797 591 5862 Qum
614 5793 895 5864 leguntur
921 5790 1001 5848 ab
1045 5793 1221 5846 ῐπιιτα
1243 5791 1318 5848 ad
1350 5790 1538 5857 αὐτῶν,
1571 5805 1642 5848 ea
1672 5791 1821 5848 Hea-
