4176 6452
559 359 668 416 503
1894 335 2242 397 EUTHYMII
2292 331 2628 407 ZIGABENI
3843 335 3956 391 sos

565 484 710 555 quot
763 479 1020 549 oportet.
1074 476 1401 530 Numerum
1444 475 1648 527 autem
1702 465 2112 526 centenarium
2162 462 2219 516 in

2358 477 2405 511 »α
2459 459 2559 531 γάρ
2610 455 2762 522 εἰσιν,
2822 456 2925 508 ὅσα
2950 459 3085 529 χρή.
3117 459 3217 509 Τὸν
3245 458 3345 530 γὰρ
3397 457 3578 509 ἑκατὸν
3611 454 3834 531 ἀριθμὸν
3869 457 3958 510 im’

568 567 926 644 perfectione
948 563 1094 620 solet
1115 578 1359 635 ponere,
1379 566 1443 616 ut
1465 562 1524 616 in
1557 565 1710 616 terra
1737 556 2036 627 frugifera,
2059 557 2224 627 quod

568 675 752 716 unum
768 655 930 711 dedit
950 652 1320 725 centuplum,
1342 651 1492 706 sicut
1513 648 1796 708 vicesimo
1815 651 2031 719 quarto
2069 648 2228 717 capi-

573 755 628 806 te
654 746 992 822 praadictum
1023 748 1133 799 est.

645 837 782 894 Ovis
830 839 1022 891 autem
1070 847 1277 888 errans
1323 831 1472 887 ordo
1521 832 1608 886 est
1659 827 1975 885 hominum
2029 822 2136 896 qui
2193 838 2232 879 a

575 927 678 986 Dei
697 925 838 984 ovili
858 923 1126 994 abjectus
1152 925 1258 987 est,
1289 925 1346 978 et
1369 923 1607 977 secutus
1626 917 1869 975 fallaces
1894 915 2226 972 daemones.

650 1105 877 1162 Montes
925 1115 1069 1159 vero
1097 1097 1430 1157 secundum
1454 1096 1690 1170 aliquos
1724 1094 1944 1153 coelum
1989 1094 2234 1166 propter

579 1191 971 1257 altitudinem,
997 1189 1061 1248 in
1088 1204 1213 1262 quo
1237 1187 1383 1246 alios
1413 1185 1651 1244 ordines
1697 1183 2031 1257 dereliquit.
2060 1182 2235 1238 Juxta

579 1283 731 1343 alios
788 1284 1012 1349 autem,
1074 1282 1251 1344 terra,
1303 1280 1541 1349 propter
1594 1277 1854 1345 agrestes
1905 1272 2232 1337 dmmones,

581 1371 687 1446 qui
716 1371 778 1426 in
802 1386 876 1426 ea
898 1366 1258 1426 commorari
1316 1364 1600 1436 gaudent,
1656 1368 1945 1434 tanquam
1999 1361 2136 1417 farm
2177 1359 2234 1414 in

581 1459 892 1518 montibus
919 1474 937 1525 ;
970 1461 1028 1513 et
1055 1455 1197 1529 quia
1248 1454 1498 1511 fructum
1526 1468 1649 1509 non
1689 1451 1872 1508 defert
1928 1451 2124 1506 lenem
2181 1454 2239 1504 et

586 1565 849 1612 suavem,
903 1546 1007 1620 qui
1035 1560 1282 1601 suavem
1312 1543 1630 1599 Dominum
1663 1547 1926 1597 nostrum
1966 1539 2234 1604 delectet,

587 1638 691 1694 sed
705 1640 1001 1706 agrestem
1019 1638 1078 1690 et
1091 1633 1394 1698 acerbum,
1408 1631 1510 1704 qui
1529 1629 1746 1686 acerbo
1775 1631 2010 1686 Satanas
2032 1626 2236 1683 suavis

587 1726 686 1784 sit.
714 1725 799 1780 Ad
825 1725 930 1780 hos
960 1721 1258 1796 profectus
1271 1724 1378 1786 est,
1411 1725 1471 1776 ut
1490 1725 1718 1792 quaerat
1733 1734 1902 1774 ovem
1921 1723 2234 1774 errantem.

2337 547 2658 606 τελέιότητος
2714 547 2857 597 εῖωθε
2912 547 3128 611 τιθέναι,
3163 547 3394 618 καθάπερ
3429 550 3521 598 καὶ
3567 545 3651 598 ἐπὶ
3701 554 3790 607 τῆς
3829 555 3951 618 γῆς,

2339 645 2430 696 τῆς
2481 637 2916 711 καρποφοροὺσης
2969 633 3016 686 ἐν
3049 635 3160 704 (70)
3201 634 3382 687 ἑκατόν
3414 638 3482 696 ὡς
3536 634 3584 686 ἐν
3615 644 3686 707 τῷ
3735 636 3954 709 εἰκοστῷ

2338 728 2562 801 τετάρτῳ
2592 723 2848 796 κεφαλαίῳ
2878 729 3209 798 προείρηται.

2413 819 2676 887 Πρόκατον
2710 809 2768 866 δε
2798 812 3122 885 πλανώμενον
3164 817 3222 866 τό
3271 815 3446 884 τάγμα
3495 822 3595 866 τῶν
3645 813 3955 891 ἀνθρώπων,

2342 905 2412 965 ὡς
2443 899 2732 976 ἀπορραγὲν
2762 909 2860 964 τῆς
2888 905 3112 974 ποίμνης
3145 908 3235 954 τοῦ
3273 909 3428 968 Θεοῦ,
3460 906 3550 955 καὶ
3591 901 3956 966 ἀκολουθῆσαν

2341 999 2446 1053 τοῖς
2477 990 2787 1049 ἀπατήσασι
2820 987 3091 1063 δαίμοσιν.

2412 1079 2550 1154 Ὀρη
2584 1077 2662 1151 δε,
2695 1082 2830 1132 κατὰ
2881 1083 2971 1154 μέν
3010 1100 3174 1148 τινας,
3237 1081 3264 1133 ό
3317 1080 3533 1154 οὐρανός
3579 1081 3715 1154 (71),
3749 1078 3850 1137 δια
3899 1086 3956 1136 τὸ

2343 1169 2496 1242 ὕψος,
2552 1168 2626 1242 ἐφ’
2657 1169 2717 1222 οὗ
2769 1169 2836 1220 τὰ
2915 1167 3042 1222 ἀλλα
3108 1170 3356 1244 τάγματα
3409 1169 3756 1225 καταλέλοιπα
3819 1175 3958 1226 κατά

2347 1255 2408 1312 δέ
2432 1278 2571 1319 τινας
2604 1259 2655 1328 ,ἠ
2709 1265 2801 1330 γῆ,
2832 1254 2925 1310 διὰ
2962 1261 3020 1311 τὸ
3068 1263 3184 1320 τοὺς
3233 1258 3449 1335 ἀγρίους
3505 1257 3756 1334 δαὶμονας
3813 1261 3958 1335 έμφι-

2345 1348 2598 1421 λοχωρεῑν
2647 1347 2809 1420 αὐτῇ,
2858 1349 3091 1422 καθάπερ
3142 1351 3206 1402 τὰ
3265 1350 3424 1422 θηρία
3471 1357 3580 1413 τοῖς
3641 1355 3813 1426 ὄρεσι,
3870 1355 3957 1404 καὶ

2349 1434 2444 1490 δ’ιά
2498 1439 2556 1488 τὸ
2615 1441 2685 1508 μὴ
2744 1441 2909 1509 φέρειν
2963 1442 3164 1512 καρπόν
3221 1442 3429 1512 ἥμερον,
3490 1439 3832 1512 εὐφραίνοντα
3874 1444 3957 1494 τὸν

2350 1526 2537 1599 ἣμερον
2585 1530 2847 1584 Δεσπότην
2900 1527 3064 1598 ἡμῶν,
3124 1525 3231 1578 ἀλλ’
3278 1529 3478 1601 οἶγριον,
3538 1524 3809 1586 ἡδύνοντοε
3874 1535 3956 1583 τόν

2349 1617 2527 1688 ἄγριον
2587 1622 2834 1668 Σατανᾶν·
2915 1617 2991 1688 ἐφ’
3051 1615 3085 1667 οἶ
3142 1615 3392 1690 ἐπορεύθη
3454 1617 3623 1678 ζητῶν
3695 1622 3753 1671 τὸ
3839 1619 3956 1672 πλα-

2353 1711 2595 1777 νώμενον.
2655 1705 2713 1757 Εἰ
2772 1701 2830 1756 δε
2880 1706 3149 1778 ἄνθρωπος
3194 1705 3253 1756 οὐ
3298 1712 3514 1779 περιορᾷ
3542 1706 3871 1780 πλανώμενον
3898 1713 3950 1761 τό

588 1814 762 1882 Quod
790 1814 836 1870 si
861 1793 1044 1869 homo
1058 1808 1770 1868 errantemirrationalem
1797 1823 1968 1864 ovem
1997 1823 2118 1864 non
2143 1807 2234 1862 de-

2358 1793 2535 1865 ιῖλογον
2583 1793 2861 1869 πρόϐατον,
2913 1800 3087 1847 καίτοι
3134 1793 3297 1846 πολλά
3344 1797 3480 1866 ἔχων
3537 1793 3736 1857 ἀπλανῆ
3793 1798 3944 1868 πολλῷ

590 1904 782 1978 spicit,
797 1906 1152 1960 cumtamen
1165 1899 1386 1958 multas
1400 1899 1624 1957 habeat
1636 1913 1758 1955 non
1772 1902 2059 1959 errantes,
2092 1895 2242 1952 mul-

589 1997 651 2051 to
675 1993 866 2063 magis
888 1995 1040 2048 Deus
1067 1988 1414 2047 rationalem
1429 2003 1553 2046 non
1573 1987 1848 2060 despicit,
1870 1987 2044 2058 cujus
2073 1985 2242 2042 mise-

589 2081 848 2140 ricordia
876 2081 956 2137 ad
987 2080 1312 2136 humanam
1347 2083 1449 2148 est,
1504 2077 1655 2134 sicut
1697 2092 1863 2134 mare
1927 2081 2117 2132 totum
2170 2073 2241 2130 ad

591 2187 774 2228 unam
797 2184 970 2242 aqum
1002 2172 1256 2238 guttam.

661 2262 821 2316 Vers.
855 2261 943 2315 l3.
959 2260 1024 2315 Et
1053 2287 1125 2301 -—
1147 2259 1587 2314 aberraverunt.
1611 2259 1814 2328 Neque
1839 2255 2246 2312 enimtantum

592 2349 926 2422 gaudemus
951 2347 1130 2405 dehis
1143 2363 1276 2420 quas
1308 2363 1508 2403 secure
1522 2345 1919 2418 possidemus,
1947 2346 2246 2416 quantum

592 2439 669 2498 de
697 2454 769 2496 eo
789 2437 954 2509 quod
985 2441 1303 2509 postquam
1336 2435 1630 2507 perditum
1659 2439 1781 2490 erat
1800 2433 2106 2488 inventum
2139 2437 2246 2489 est.

595 2527 823 2584 Etenim
850 2543 988 2582 cum
1016 2525 1111 2580 illa
1125 2539 1360 2594 semper
1377 2522 1722 2583 habeamus,
1757 2537 1878 2577 non
1901 2520 2054 2577 adeo
2077 2520 2251 2578 senti-

596 2632 732 2673 mus
758 2615 1034 2686 gaudium
1052 2614 1216 2686 quod
1241 2612 1316 2668 de
1347 2612 1491 2682 ipsis
1507 2611 1804 2667 habemus
1839 2627 1852 2666 :
1886 2627 2019 2666 cum
2049 2616 2248 2666 autem

594 2704 743 2762 illud
772 2703 1228 2776 perdiderimus,
1257 2717 1328 2757 ac
1368 2701 1742 2757 vehementer
1791 2701 2123 2757 contristati
2179 2699 2252 2756 si-

596 2809 756 2858 mus,
791 2797 1078 2863 tanquam
1126 2791 1353 2846 damno
1401 2787 1646 2846 affecti:
1695 2789 1796 2845 ubi
1821 2790 2245 2855 invenerimus,

600 2879 981 2937 vehementer
1005 2877 1360 2948 gaudemus,
1393 2883 1685 2952 tanquam
1709 2878 1855 2936 illud
1874 2879 2113 2936 lucrati.

672 2970 835 3026 Vers.
875 2969 962 3026 14.
1001 2970 1094 3025 Ita
1120 2998 1188 3011 —
1212 2968 1484 3026 istorum.
1517 2969 1623 3034 Ita,
1655 2968 1803 3026 sicut
1832 2968 2038 3026 docuit
2081 2985 2251 3041 para-

600 3057 762 3118 bola.
790 3061 1018 3116 Patrem
1048 3074 1188 3115 vero
1201 3057 1628 3131 discipulorum
1656 3058 1921 3132 seipsum
1938 3060 2209 3115 nominat
2236 3074 2249 3114 :

2351 1882 2540 1956 μᾶλλον
2589 1883 2614 1934 ὀ
2660 1886 2790 1945 Θεὸς
2820 1885 2879 1934 τὸ
2917 1881 3146 1955 λογικόν,
3180 1883 3382 1946 οὗτινος
3430 1885 3456 1936 ό
3505 1884 3637 1947 ἕλεος
3686 1891 3818 1963 πρὸς
3867 1906 3943 1939 τον

2354 1971 2670 2048 ἀνθρώπινον
2722 1971 2854 2026 ἵλεον
2903 1975 2971 2035 ὡς
3013 1973 3103 2031 ὅλη
3152 1973 3395 2026 θάλασσα
3416 1976 3547 2046 πρὸς
3575 1980 3699 2049 μίαν
3733 1979 3951 2049 σταγόνα

2354 2059 2572 2123 ὕδατος.

2430 2256 2534 2310 Καὶ
2585 2286 2655 2299 -
2711 2255 3139 2330 πεπλανημένοις.
3192 2257 3268 2310 Οὐ
3311 2261 3560 2312 τοσούτον
3605 2262 3707 2335 γὰρ
3763 2266 3953 2335 χαὶρο-

2358 2363 2447 2416 μεν
2501 2343 2574 2416 ἐφ’
2606 2341 2678 2406 οἷς
2729 2343 2972 2418 ἀσφαλῶς
3019 2347 3228 2419 ἔχομεν,
3279 2347 3401 2399 ὅσον
3441 2346 3524 2400 im
3569 2357 3640 2419 τῷ
3686 2353 3819 2422 μετοί
3859 2354 3951 2408 τὴν

2360 2431 2612 2486 ἀπώλειαν
2657 2436 2930 2509 εὑρεθέντι.
2992 2437 3096 2490 Καὶ
3142 2437 3245 2508 γὰρ
3303 2435 3466 2489 έχεῖνα
3518 2440 3609 2508 μὶν
3661 2436 3740 2490 ἀεὶ
3803 2440 3946 2508 ἔχον-

2357 2541 2462 2586 τες,
2493 2522 2552 2575 οὐ
2596 2531 2844 2576 τοσοῦτον
2893 2525 3250 2597 αἰσθανόμεθα
3301 2534 3388 2584 τῆς
3441 2531 3630 2598 χαρᾶςο
3685 2532 3832 2578 τοῦτο
3885 2522 3943 2577 δὲ

2360 2610 2718 2677 ἀπολέσαντες,
2777 2618 2866 2665 καὶ
2926 2610 3133 2688 σφόδρα
3177 2614 3500 2676 λῡπηθέντες,
3552 2617 3617 2676 ὡς
3664 2615 3948 2686 ζημιωθέν-

2358 2721 2457 2768 τες,
2518 2698 2628 2754 εἶτα
2677 2704 2925 2778 εὑρόντες,
2983 2700 3191 2779 σφόδρα
3236 2707 3323 2756 καὶ
3382 2708 3660 2778 χαίρομεν,
3713 2706 3779 2765 ὡς
3844 2723 3951 2779 κερ-

2362 2787 2641 2853 δήσαντες.

2435 2991 2616 3050 Οὕτως
2658 3019 2726 3030 -
2777 2991 2994 3046 τούτων.
3050 2988 3244 3056 Οὓτως,
3300 2993 3371 3053 ὡς
3426 2986 3667 3055 ὶδίδαξεν
3711 2993 3744 3050 ἠ
3797 3009 3958 3065 παρα-

2363 3077 2509 3136 ϐολή.
2585 3083 2790 3154 Πατέρα
2858 3074 2919 3132 δε
2969 3087 3070 3131 τῶν
3143 3081 3386 3152 μαθητῶν
3463 3080 3645 3134 ἑαυτὸν
3722 3079 3962 3154 ὀνομάζει

602 3163 727 3206 non
777 3146 972 3204 solum
1010 3152 1297 3221 tanquam
1337 3147 1606 3221 ipsorum
1647 3152 2095 3222 praeceptorem,
2148 3147 2247 3204 sed

2362 3175 2450 3220 νῦν
2495 3166 2554 3220 οὗ
2592 3146 2747 3241 μόνον
2795 3169 2865 3230 ὡς
2913 3146 3260 3234 διδάσκαλον,
3312 3167 3441 3222 ἀλλὰ
3468 3174 3560 3223 καὶ
3589 3173 3657 3234 ὡς
3699 3146 3961 3242 δημιουρ-

603 3237 785 3295 etiam
811 3240 1095 3311 tanquam
1110 3240 1436 3295 creatorem
1447 3280 1460 3294 .
1476 3238 1636 3296 Scire
1651 3238 1811 3294 enim
1835 3242 2070 3311 oportet
2087 3237 2254 3311 quod

600 3327 902 3386 interdum
925 3330 1155 3385 Patrem
1184 3343 1363 3384 suum
1379 3327 1520 3384 dicit
1545 3327 1777 3385 Patrem
1793 3326 2250 3400 discipulorum,

602 3417 902 3475 interdum
941 3433 1079 3474 vero
1107 3417 1391 3491 seipsum.

675 3507 887 3565 Coram
948 3507 1120 3564 Patre
1172 3513 1365 3564 vestro
1421 3510 1640 3573 autem,
1681 3505 1798 3562 hoc
1835 3509 1945 3571 est,
1975 3505 2038 3562 in
2085 3505 2257 3562 Patre

604 3602 817 3654 vestro.
842 3600 988 3653 Nam
1009 3600 1066 3652 et
1092 3595 1189 3651 hic
1218 3611 1414 3652 sermo
1432 3595 1652 3666 lingua
1672 3595 2004 3666 proprietas
2029 3598 2139 3650 est.
2162 3596 2261 3649 Ve-

603 3703 742 3744 rum
773 3685 1084 3758 quomodo
1117 3685 1355 3753 signum
1395 3699 1519 3740 non
1549 3683 1708 3738 dedit
1738 3699 1862 3756 quo
1893 3683 2138 3755 pusillos
2166 3699 2260 3741 co-

605 3774 828 3845 gnituri
865 3775 1053 3827 simus
1079 3773 1108 3828 ?
1140 3773 1208 3827 Ut
1237 3788 1375 3828 eum
1403 3772 1508 3845 qui
1534 3769 1756 3843 dignus
1787 3778 1876 3828 est
1897 3771 2256 3844 ignorantes,

606 3862 840 3919 nullum
858 3858 1285 3933 despiciemus,
1305 3861 1410 3916 sed
1424 3860 1699 3916 omnium
1712 3876 1918 3918 curam
1929 3861 2259 3919 habeamus

680 4057 850 4115 Vers.
895 4058 977 4113 15.
1011 4057 1079 4114 Si
1113 4086 1183 4100 -
1210 4055 1413 4114 solum.
1463 4056 1616 4125 Quia
1645 4057 1984 4117 vehementi
2037 4075 2258 4118 sermo-

608 4161 685 4202 ne
707 4145 988 4203 disseruit
1017 4146 1302 4203 adversus
1331 4161 1434 4204 eos
1459 4147 1564 4222 qui
1594 4150 1732 4206 sunt
1779 4148 2141 4206 oﬁ‘endiculo
2167 4149 2260 4206 vel

607 4236 940 4305 obstaculo,
971 4241 1028 4293 et
1057 4235 1321 4309 undique
1351 4251 1453 4293 eos
1483 4237 1688 4294 terruit
1717 4255 1735 4294 :
1765 4239 2010 4296 tandem
2053 4240 2131 4296 ad
2157 4255 2260 4296 eos

605 4342 850 4401 quoque
878 4327 1099 4392 transit,
1127 4326 1233 4399 qui
1260 4326 1566 4400 patiuntur
1589 4325 2043 4400 offendiculum,
2073 4333 2130 4385 et
2160 4329 2261 4400 ju-

602 4415 840 4473 betnon
861 4415 1164 4487 aspernari
1185 4431 1288 4471 eos
1303 4416 1408 4490 qui
1430 4420 1568 4473 sunt
1593 4417 1954 4474 oﬂendiculo
1976 4420 2259 4473 .Fratrem

2362 3261 2475 3330 γόν.
2531 3261 2646 3330 Χρὴ
2702 3259 2804 3331 γὰρ
2865 3261 3159 3328 γινώσκειν,
3211 3259 3290 3311 ὃτι
3341 3263 3466 3312 ποτέ
3514 3262 3605 3333 μὶν
3649 3262 3735 3313 τὸν
3781 3259 3961 3312 ἑαυτοῦ

2366 3349 2575 3421 Πατέρα
2619 3345 2756 3419 λέγει
2805 3349 3013 3422 Πατέρα
3067 3355 3167 3401 τῶν
3220 3350 3490 3421 μαθητῶν,
3547 3352 3665 3403 ποτε
3723 3344 3782 3402 δε
3839 3347 3960 3400 ἑαυ-

2362 3454 2450 3488 τον
2458 3478 2470 3490 .

2435 3523 2764 3599 ⁴Εμτι-ροσθεν
2821 3520 2881 3577 δι
2940 3532 3036 3578 τοῦ
3089 3528 3293 3600 Πατρός
3359 3527 3522 3598 ὑμῶν,
3579 3526 3690 3579 ἀντὶ
3746 3532 3857 3594 τοῦ,
3917 3523 3964 3576 έν

2366 3623 2439 3686 τῷ
2492 3618 2660 3688 Πατρὶ
2713 3613 2874 3688 ὑμῶν.
2928 3611 3153 3688 ’ἰδίωμα
3199 3617 3299 3686 γὰρ
3363 3620 3450 3667 καὶ
3510 3615 3659 3675 οὗτος
3711 3615 3738 3665 ὁ
3789 3612 3959 3684 λόγος.

2368 3703 2525 3758 Ἀλλὰ
2570 3712 2677 3766 πῶς
2726 3703 2784 3756 οὐ
2835 3701 3106 3778 παρέδωκε
3151 3707 3442 3774 γνώρισμα,
3506 3699 3580 3754 δι’
3607 3699 3667 3753 οὔ
3708 3703 3826 3761 τοὺς
3852 3719 3960 3752 τοι-

2369 3796 2553 3855 ούτους
2603 3796 2825 3868 μικροὺς
2873 3791 3137 3865 ἐμέλλομεν
3176 3788 3582 3861 έπιγινώσχειν;
3625 3789 3754 3856 Ἵνα,
3809 3781 3960 3860 ἀγνοξ

2367 3889 2540 3945 οῦντες
2569 3885 2656 3934 τὸν
2685 3882 2848 3947 ἄξιον,
2881 3876 3103 3955 μηδενὸς
3145 3888 3544 3954 καταφρονῶμεν
3589 3878 3719 3934 ἀλλὰ
3759 3879 3964 3932 πάντων

2369 3970 2745 4045 ἐπιμελώμεθα.

2438 4060 2554 4116 Ἐάν
2603 4091 2673 4102 -
2725 4065 2904 4134 μόνον.
2967 4056 3177 4119 Ἐπειδή
3236 4055 3466 4133 σφοδρὸν
3519 4062 3773 4112 κατέτεινε
3818 4057 3968 4129 λόγον

2368 4151 2502 4204 κατά
2546 4158 2646 4202 τῶν
2697 4145 3168 4214 σχανδαλιζόντων,
3222 4153 3313 4202 καὶ
3382 4151 3711 4221 πανταχόθεν
3781 4147 3972 4208 αὐτοὺς

2369 4239 2610 4314 έφόϐησε,
2660 4238 2838 4292 λοιπὸν
2885 4237 3184 4312 μεταϐαίνει
3229 4242 3319 4291 καὶ
3383 4237 3467 4291 ἐπὶ
3513 4242 3633 4302 τοὺς
3693 4233 3974 4292 σκανδαλι-

2372 4333 2635 4402 ζομένους,
2694 4332 2783 4380 καὶ
2847 4326 3038 4381 κελεύει
3111 4332 3183 4400 μὴ
3261 4325 3461 4400 ἀμελεῖν
3535 4336 3636 4381 τῶν
3697 4321 3976 4380 σκανδαλι-

2370 4421 2588 4473 σοίντων.
2643 4413 2888 4490 Ἀδελφόν
2947 4413 3006 4469 δι
3046 4415 3180 4488 λέγει
3222 4418 3308 4468 τὸν
3357 4415 3614 4489 ὁμόφυλον
3656 4421 3748 4470 καὶ
3796 4417 3973 4488 ὁμόπι·

603 4509 804 4563 autem
834 4504 996 4570 dicit,
1025 4504 1295 4576 ejusdem
1321 4506 1513 4576 gentis
1540 4522 1610 4562 ac
1638 4505 1779 4562 ﬁdei
1825 4507 2156 4562 hominem.
2193 4506 2247 4562 EI

2369 4527 2510 4562 στον.
2572 4511 2672 4560 Καὶ
2701 4501 2878 4564 ἕπειδὴ
2909 4506 2934 4557 ὁ
2968 4501 3328 4567 σκανδαλίσας
3374 4505 3468 4558 οὐκ
3510 4503 3573 4558 ἂν
3624 4506 3856 4579 εὐχερῶς
3895 4501 3974 4556 ἴλ-

603 4594 747 4666 quia
793 4592 843 4647 is
874 4593 975 4666 qui
1005 4592 1112 4648 fuit
1141 4593 1501 4652 oﬂ‘endiculo
1534 4611 1656 4651 non
1683 4594 1856 4652 facile
1895 4595 2118 4650 veniret
2180 4594 2257 4651 ad

599 4680 1036 4741 confessionem
1058 4686 1160 4740 aut
1177 4685 1596 4756 purgationem,
1630 4682 1842 4739 rubore
1869 4698 1937 4739 ac
1963 4682 2256 4740 confusio-

603 4786 678 4826 ne
704 4771 995 4837 detentus,
1037 4772 1197 4828 ducit
1236 4773 1404 4830 illum
1436 4774 1541 4846 qui
1567 4771 1988 4828 offendiculum
2041 4789 2258 4844 passus

603 4864 694 4916 est
714 4858 962 4916 adeum.
986 4861 1116 4928 Abi,
1141 4861 1352 4935 inquit,
1379 4865 1434 4918 et
1456 4877 1640 4932 argue
1665 4875 1826 4926 eum,
1850 4860 1965 4918 hoc
1987 4867 2094 4928 est,
2123 4878 2257 4933 sug-

603 4962 741 5018 gere
767 4949 930 5022 quod
961 4949 1132 5007 fuerit
1180 4949 1538 5007 offendicula
1569 4969 1583 5006 :
1614 4948 1764 5006 doce
1815 4950 1981 5022 quod
2034 4951 2256 5022 injuste

601 5037 806 5108 egerit,
846 5037 1102 5096 fraterne
1133 5048 1336 5095 tamen
1392 5036 1539 5094 etin
1589 5038 1841 5096 modum
1885 5040 2254 5110 corrigentis,

600 5142 718 5184 non
748 5128 922 5202 quasi
959 5127 1233 5184 inimicus
1277 5130 1382 5184 aut
1409 5125 1768 5200 increpans;
1819 5133 1878 5187 et
1909 5134 1974 5185 ut
2026 5128 2256 5186 facilius

2369 4599 2450 4652 θοι
2519 4601 2644 4673 πρὸς
2701 4593 3001 4667 ἀπολογίαν,
3061 4595 3310 4668 ἰρυθριῶν
3367 4613 3422 4648 τε
3493 4601 3586 4649 καὶ
3655 4596 3976 4667 αἰσχυνόμε-

2365 4705 2450 4747 νος
2497 4688 2582 4738 τὸν
2635 4680 3104 4750 σκανδαλισθέντα,
3158 4686 3296 4755 φέρει
3368 4681 3482 4754 (72)
3560 4688 3696 4759 πρὸς
3771 4683 3970 4736 ἐκεῖνον.

2364 4779 2556 4846 Ὕπαγε
2624 4777 2748 4848 γὰρ,
2807 4778 2959 4847 φησὶ,
3032 4777 3123 4824 καὶ
3192 4770 3392 4843 ἔλεγξον
3454 4771 3636 4846 αὐτὸν,
3694 4775 3972 4835 τουτέστιν,

2366 4864 2668 4935 ὑπόμνησον
2721 4865 2799 4917 ὅτι
2857 4858 3223 4927 ἐσκανδαλισε,
3279 4857 3500 4924 δίδαξον
3568 4867 3654 4918 ὅτι
3727 4858 3970 4921 ἠδίκησε·

2365 4951 2498 5011 πλὴν
2537 4949 2823 5026 ἀδελφικῶς
2869 4971 2924 5005 τε
2961 4956 3052 5004 καὶ
3095 4947 3469 5023 διορθωτιχῶς,
3504 4957 3602 5008 καὶ
3649 4956 3722 5027 μὴ
3769 4949 3972 5022 ἐχθρω-

2368 5037 2475 5104 δῶς
2519 5061 2574 5096 τε
2628 5047 2720 5096 καὶ
2767 5041 3173 5103 ἕπιπληκτικῶς.
3236 5044 3336 5094 Καὶ
3381 5041 3465 5094 ἵνα
3514 5038 3906 5118 εὐπαράδεκτος
3947 5034 3972 5084 ὃ

2365 5129 2584 5204 ἔλεγχος
2630 5136 2852 5206 γένοιτο,
2909 5134 3189 5208 προτρέπει
3244 5129 3438 5202 μεταξὺ
3503 5138 3612 5186 τῶν
3663 5129 3763 5186 δύο
3813 5129 3971 5201 μόνων

1832 5367 2052 5440 Variae
2087 5368 2420 5441 lectiones
2446 5379 2514 5440 et
2534 5377 2741 5440 notae.

688 5594 780 5669 ΖΟ)
805 5592 1164 5669 _Con_stan_ter
1192 5605 1334 5669 ergo
1363 5592 1574 5669 probat
1613 5591 1686 5665 ἐν,
1715 5608 1827 5669 pro
1877 5594 2108 5667 vulgari
2167 5595 2246 5653 ὃν.

688 5595 758 5650 70
812 5594 1164 5650 Constanter
1192 5605 1334 5662 ergo
1363 5606 1462 5666 pro

663 5594 780 5807 $71;
805 5663 865 5716 Ὀ
895 5662 1132 5736 οὐρανός,
1158 5663 1378 5746 absunt
1396 5665 1462 5721 A.

687 5737 780 5807 '12)
831 5735 1290 5807 Interposuerim
1346 5736 1462 5790 αὖτέ

2359 5592 2828 5655 σκανδαλισθέντα.
2861 5594 3205 5662 Hentenius,
3224 5597 3318 5667 ut
3344 5593 3601 5667 videtur,
3630 5586 3966 5667 paraphra-

2357 5673 2510 5726 stam
2541 5668 2688 5739 egit.
2735 5669 2842 5725 Vix
2882 5668 3042 5739 enim
3073 5664 3359 5724 credibile
3396 5671 3505 5735 est,
3544 5663 3717 5725 illum
3755 5663 3962 5718 iterum

687 5735 780 5808 '12)
831 5735 1290 5808 Interposuerim
1346 5736 1500 5790 αὐτόν
1555 5742 1656 5796 aut
1696 5757 1897 5809 τουτον,
1953 5738 1994 5795 i.
2051 5753 2104 5796 e.
2157 5739 2247 5792 τὸν

2358 5735 2667 5813 reperisse,
2695 5743 2784 5796 τὸν
2814 5736 3293 5797 σκανδαλισθῆτα.
