4176 6440
242 398 360 455 505

241 523 492 594 γίνεσθαι
551 528 755 588 τοῦτον,
818 527 1018 596 μήποτε

241 616 462 684 γένηται
489 615 580 666 καὶ
607 608 1021 686 δυσδιόρθωτος.

321 872 444 924 Ἐὰν
480 901 547 912 —-
603 891 719 926 σου.
775 871 892 926 Ἐάν
955 893 1038 926 σοι
1088 876 1278 947 πεισθῇ
1339 873 1711 949 διορθουμενῳ,
1765 878 1857 927 καὶ

251 967 570 1032 μετανοήση,
623 966 716 1013 καὶ
784 971 1024 1036 καταγνῷ
1083 963 1288 1031 ἑαυτοῦ,
1373 960 1666 1040 ἐκέρδησας
1721 968 1856 1037 μέγα

250 1046 452 1124 κέρδος,
508 1050 663 1103 αὐτὸν
711 1054 800 1103 τὸν
860 1048 1078 1126 ἀδελφόν
1136 1072 1254 1122 σου,
1315 1056 1375 1107 τὸ
1421 1052 1569 1126 μὶλος
1623 1055 1682 1106 τὸ
1742 1056 1854 1109 σόν.

253 1144 461 1213 Πρῶτον
490 1141 595 1212 γὰρ
627 1137 843 1212 ἕξημιοῦ
886 1149 1084 1208 τοῦτον,
1141 1138 1236 1196 διὰ
1275 1149 1368 1196 τοῦ
1409 1138 1705 1196 σκανδάλου
1750 1142 1852 1216 ῥη-

245 1228 494 1299 γνύμενον
551 1226 654 1281 ἀπὸ
711 1237 806 1292 τῆς
861 1227 1142 1304 ἀδελφικῆς
1209 1251 1304 1285 σου
1381 1236 1674 1305 συναφείας,
1726 1233 1850 1305 ὅπερ

244 1315 444 1386 μεγάλη
479 1315 546 1377 ξη
552 1321 654 1388 μία
680 1326 786 1380 τοῖς
815 1317 1016 1382 ἀληθῶς
1041 1317 1302 1386 ἀδελφοῖς.

311 1404 433 1457 Ἐὰν
463 1436 535 1446 —
563 1407 731 1480 ῥῆμα.
778 1405 992 1468 Ἐπειδὴ
1045 1415 1199 1482 μόνος
1248 1411 1513 1473 ήτόνησας
1557 1409 1850 1485 ἰατρεῦσαι,

235 1493 510 1567 παράλαϐι
572 1498 703 1566 μετά
760 1504 856 1550 σοῦ
908 1500 980 1551 ἔτι
1023 1503 1095 1571 μή
1153 1498 1388 1565 πολλοὺς,
1453 1503 1537 1553 ἵνα
1578 1504 1650 1572 μή
1696 1499 1850 1553 πάλιν

234 1579 450 1651 ἐκεῖνος,
526 1580 689 1646 δόξας
766 1584 1202 1658 ἕκπομπεύεσθαι,
1254 1588 1600 1664 σκληρότερος
1656 1587 1850 1660 ἀποϐῇ,

232 1668 342 1722 ἀλλ’
370 1673 464 1724 ἕνα
504 1673 534 1731 ἦ
573 1669 674 1726 δύο
726 1672 975 1746 βοηθοὺς,
1011 1677 1110 1744 ἵνα,
1165 1677 1208 1730 εἰ
1249 1676 1482 1752 ὶπιμιίνη
1533 1683 1604 1751 μή
1651 1677 1852 1750 μαλασ-

236 1765 481 1832 σόμενος,
530 1759 635 1814 ὦσι
690 1768 781 1815 καὶ
827 1766 1084 1840 μαρτυρες
1136 1775 1227 1828 τῆς
1270 1787 1324 1821 τε
1355 1775 1450 1828 σῆς
1484 1787 1853 1842 χρηστοτητος

231 1852 324 1901 καὶ
376 1858 481 1912 τῆς
521 1849 719 1904 ἐκείνου
757 1852 1127 1928 σκληροτητος,
1183 1861 1272 1908 καὶ
1321 1858 1404 1909 ἶνα
1436 1861 1571 1910 κατά
1621 1861 1715 1916 τήν
1761 1864 1852 1919 τῆς
1880 1861 1926 1922 Β

234 1937 468 2000 παλαιᾶς
515 1942 846 2012 νομοθεσίας,
899 1940 1159 2014 ἀπόφασιν
1209 1943 1293 1997 ἐπὶ
1353 1949 1630 2018 στόματος,
1689 1946 1850 2016 ἤγουν

243 2022 338 2078 διὰ
363 2034 646 2101 στόματος,
689 2027 788 2083 δύο
829 2034 1103 2105 μαρτύρων
1143 2037 1173 2092 ἣ
1206 2043 1362 2108 τριῶν
1393 2036 1584 2108 σταθῇ,
1610 2038 1852 2088 τουτέστι

260 2114 517 2191 βεϐαιωθῇ
549 2127 649 2173 πᾶν
676 2122 840 2195 ῥῆμα,
877 2124 903 2177 ὃ
931 2121 1094 2188 ἔστιν,
1141 2126 1222 2178 ὅτι
1253 2128 1319 2178 σὺ
1361 2127 1421 2179 τὸ
1453 2128 1544 2179 σὸν
1574 2123 1849 2196 ἐποίησας,

259 2208 354 2256 καὶ
379 2203 526 2259 οῦδιν
567 2207 791 2275 ἐνέλιπες,
843 2220 1023 2287 πρῶτα
1064 2216 1155 2286 μεν
1193 2218 1347 2287 μόνος
1392 2214 1642 2282 ἀπελθὼν,
1675 2217 1852 2269 ἔπειτα

265 2288 330 2345 δὲ
358 2298 453 2346 καὶ
484 2294 660 2360 ἄλλους
686 2300 1118 2376 συμπαραλαϐών.

340 2382 458 2436 Ἐὰν
529 2415 595 2426 -—
644 2388 948 2463 Ἐκκλησία,
1007 2391 1320 2451 Ἐκκλησίαν
1375 2392 1512 2465 λέγει
1565 2401 1659 2446 νῦυ
1729 2397 1852 2458 τοὺς

251 2481 585 2546 προεστῶτας
627 2486 720 2540 τῆς
785 2479 1099 2542 Ἐκκλησίας
1150 2490 1249 2535 τῶν
1301 2491 1522 2535 πιστῶν.
1571 2482 1850 2556 ’Λναγγει-

243 2559 329 2612 λον
378 2562 562 2627 αὐτοῖς
606 2569 674 2619 τὰ
710 2573 830 2642 περὶ
860 2569 1037 2623 αὐτοῦ·
1086 2574 1218 2634 ἴσως
1263 2570 1416 2625 αάτοὶ
1466 2580 1646 2626 τοῦτον
1693 2590 1875 2646 μετα-ι

242 2655 543 2718 πείσουσιν,
579 2652 888 2730 αἰδούμενον
918 2663 1012 2718 τήν
1033 2662 1302 2736 ὑπεροχὴν
1331 2661 1517 2717 αὐτῶν.

315 2739 435 2795 Ἐἀν
482 2774 554 2783 -
607 2744 850 2809 τελώνης.
911 2746 1084 2802 Ἑστω
1139 2769 1224 2804 σοι
1275 2750 1454 2804 λόιπόν
1489 2749 1848 2820 ἀκοινώνητος,

244 2831 312 2891 ὡς
365 2830 593 2894 ἀνίατος.
649 2841 773 2897 Τοῖς
819 2835 1034 2913 ἕρνικοῖς
1099 2835 1177 2895 δε.
1235 2847 1339 2901 τοῖς
1395 2838 1654 2907 ἀπίστοις,
1727 2846 1850 2905 τοὺς

242 2919 456 2982 τελώνας
509 2923 784 2988 συνέζευξε
840 2921 934 2978 διὰ
987 2929 1046 2980 τὸ
1115 2927 1506 3004 φιλοχρήματον
1559 2935 1648 2984 καὶ
1704 2931 1850 2985 πλεο-

241 3013 492 3078 νεκτικὸν,
523 3016 616 3064 καὶ
647 3010 974 3087 ἀσυμπαθὴς,
1005 3021 1095 3070 καὶ
1131 3013 1342 3076 ἄδικον.

309 3285 642 3361 ’Δκούτωμεν
702 3291 752 3343 οἱ
796 3297 902 3353 τοῖς
948 3311 1206 3356 τοιουτοις
1254 3297 1470 3350 πόθεσιν
1526 3293 1844 3370 δεχόμενοι.
1909 3279 1916 3292 λ

238 3371 375 3447 Ὀρα
436 3372 520 3446 δὲ,
568 3382 742 3438 πόσην
807 3378 1046 3442 σπουδήν
1118 3379 1484 3448 ἐπιδείξασθαι
1530 3385 1846 3461 προσέταξεν

243 3463 368 3549 υπξρ
394 3472 491 3517 τοῦ
522 3463 873 3542 διορθοῦσθαι
890 3474 1013 3532 τοὺς
1038 3469 1488 3536 σκανδαλίσαντας
1517 3476 1547 3534 ἠ
1555 3481 1676 3547 μᾶς·
1698 3477 1850 3549 ἡμεῖς

247 3547 305 3604 δε
340 3551 524 3606 λοιπὸν
574 3552 700 3609 οὐδε
727 3561 850 3619 τοὺς
892 3559 978 3632 ὑφ’
1007 3563 1152 3633 ἡμῶν
1185 3559 1663 3626 σκωδαλισθέντας
1694 3547 1850 3640 θερα-

247 3643 420 3695 πεύειν
469 3642 898 3720 καταδεχόμεθα.
979 3654 1044 3703 Τί
1099 3647 1235 3720 οὖν;
1289 3661 1440 3706 τοῦτο
1493 3658 1646 3726 μόνον
1703 3657 1850 3708 ἔσται

248 3731 467 3796 κόλασις
518 3742 594 3806 τῷ
663 3733 898 3809 ἀνιάτῳ;
959 3739 1127 3812 Οὐχὶ,
1203 3739 1311 3794 ἀλλ’
1384 3745 1541 3797 ἄκουε
1613 3748 1704 3799 καὶ
1751 3753 1850 3799 τῶν

243 3821 326 3886 ἕξῆ
337 3844 381 3886 ς.

312 3911 484 3985 ’Δμήν
534 3944 603 3954 -
659 3914 878 3992 οὐρανῷ.
936 3917 1190 3980 sema;
1243 3919 1534 3975 τελευταῖον
1569 3921 1727 3976 εἰπεῖν
1782 3931 1845 3997 τῇ

239 4000 552 4075 Ἐκκλησία,
605 3999 814 4064 δηλαδή
857 4013 970 4069 τοῖς
1013 4017 1307 4082 προεστῶσι
1360 4017 1450 4072 τῆς
1511 4011 1844 4082 Ἐκκλησίας,

232 4087 411 4142 λοιπὸν
464 4093 593 4166 πρὸς
654 4093 842 4157 αὐτοὺς
905 4094 1230 4150 ἀποτείνεται
1323 4098 1503 4170 λέγων·
1575 4098 1717 4154 Ὀσα
1786 4101 1846 4154 ἃν

236 4174 444 4238 δήσητε
504 4177 588 4234 ἐπὶ
650 4191 748 4246 τῆς
803 4192 925 4256 γῆς,
971 4191 1060 4239 καὶ
1112 4189 1178 4240 τὰ
1233 4187 1370 4251 ἑξῆς.
1431 4196 1594 4243 Τοῦτο
1651 4188 1710 4244 δε
1756 4197 1846 4245 καὶ

235 4270 362 4340 πρὸς
382 4271 474 4321 τὸν
505 4274 697 4346 Πέτρον
723 4271 878 4340 εἶπεν,
903 4273 951 4328 ἄν
972 4282 1044 4346 τῷ
1064 4286 1359 4352 τριακοστῷ
1379 4281 1536 4354 τρίτῳ
1563 4279 1841 4354 κεφαλαίῳ,

231 4361 323 4409 καὶ
353 4357 596 4419 ζήτησον
635 4359 739 4415 ἐκεῖ
758 4367 852 4422 τήν
883 4362 1160 4436 ἐξήγησιν,

308 4453 463 4501 Ἔστι
513 4445 573 4503 δὲ
623 4458 711 4503 νῦν
761 4453 792 4512 ἠ
844 4449 1054 4506 διάνοια
1124 4461 1214 4508 τοῦ
1263 4456 1426 4532 ῥητοῦ
1475 4460 1714 4526 τοιαύτη,
1769 4461 1846 4513 ὃτι

1207 399 1573 458 COMMENT.
1613 400 1688 456 IN
1729 397 2173 456 ΜΑἹἼἩιΕυΜ.
2214 429 2280 440 -—
2321 397 2480 456 CAP.
2515 398 2713 455 XVIII.

1099 522 1472 599 δημοσιευθεὶς
1539 526 1852 600 ἰταμώτερος

1969 523 2151 595 recipi
2181 522 2701 596 possitcorreptio,
2725 522 3074 580 exhortatur
3111 528 3174 580 ut
3194 523 3303 579 ﬁat
3325 523 3475 581 inter
3498 524 3622 582 duo

3513 401 3621 459 506

1967 615 2290 678 tantum,ne
2304 611 2450 668 forte
2465 610 2802 684 publicatus
2814 609 3127 682 improbior
3138 610 3240 668 fiat
3251 626 3322 668 ac
3335 611 3624 685 incorrigi-

1964 699 2123 756 bilis.

2040 810 2198 864 Vers.
2228 809 2312 864 l5.
2347 808 2416 865 Si
2441 838 2510 851 -—
2538 812 2725 864 tuum.
2748 807 2804 865 Si
2827 807 2936 864 tibi
2975 807 3268 865 obedierit
3305 809 3619 880 corrigenti

1963 896 2416 970 resipueritque,
2431 911 2501 953 ac
2515 895 2781 969 seipsum
2803 895 3308 962 condemnaverit,
3328 911 3617 967 magnum

1966 984 2147 1042 fecisti
2170 985 2426 1054 lucrum,
2443 986 2647 1058 ipsum
2666 985 3189 1043 videlicetfratrem
3215 989 3405 1056 tuum,
3433 1002 3618 1044 mem-

1963 1074 2139 1131 brum
2168 1078 2358 1132 tuum.
2400 1075 2570 1132 Hunc
2598 1075 2759 1132 enim
2788 1074 3137 1149 perdideras
3159 1079 3404 1150 propter
3431 1075 3614 1133 oﬂ’en-

1962 1162 2242 1229 diculum,
2255 1163 2559 1222 divulsum
2573 1163 2875 1222 afraterna
2886 1164 3018 1236 conj
3030 1164 3300 1221 unctione
3316 1169 3435 1230 tua,
3451 1162 3617 1238 quod

1961 1252 2188 1324 grande
2229 1253 2521 1312 damnum
2551 1258 2640 1311 est
2664 1253 2757 1311 his
2776 1253 2882 1328 qui
2922 1267 3061 1312 vere
3080 1253 3289 1311 fratres
3313 1257 3472 1310 sunt.

2031 1361 2308 1418 Vers.16.
2343 1361 2412 1419 Si
2432 1393 2501 1403 —-
2525 1362 2774 1419 verbum.
2845 1363 2994 1428 Quia
3024 1361 3186 1417 solus
3234 1377 3355 1417 non
3383 1359 3620 1418 valuisti

1960 1464 2190 1514 curare,
2222 1465 2463 1506 assume
2503 1454 2699 1506 tecum
2743 1449 2942 1506 adhuc
2988 1466 3108 1506 non
3149 1450 3387 1518 multos,
3421 1465 3495 1506 ne
3524 1448 3618 1506 ille

1960 1537 2253 1611 publicari
2283 1555 2346 1594 se
2371 1534 2674 1611 reputans,
2700 1539 2910 1595 durioa
2930 1539 3258 1606 efﬁciatur;
3293 1538 3397 1593 sed
3428 1554 3616 1594 unum

1962 1627 2231 1682 autduos
2261 1627 2656 1692 auxiliatores,
2683 1632 2746 1684 ut
2770 1628 2818 1682 si
2835 1627 3244 1700 perduraverit
3271 1642 3389 1681 uon
3420 1626 3621 1682 molle-

1963 1729 2124 1780 cens,
2167 1717 2284 1771 sint
2316 1717 2482 1772 etiam
2510 1721 2681 1772 testes
2710 1722 2828 1774 tua
2863 1715 3344 1772 mansuetudinis
3365 1720 3423 1771 et
3458 1713 3620 1770 duri-

1963 1804 2058 1860 tiei
2087 1804 2266 1870 illius,
2311 1811 2492 1877 utque
2521 1807 2691 1876 juxta
2746 1807 2955 1861 veteris
2985 1804 3132 1874 legis
3165 1803 3522 1860 sententiam
3557 1803 3617 1860 in

1963 1908 2064 1950 ore
2091 1894 2214 1950 sive
2243 1909 2349 1966 per
2378 1911 2446 1950 os
2473 1895 2731 1950 duorum
2757 1894 2992 1950 testium
3010 1892 3104 1949 vel
3126 1894 3320 1960 trium,
3345 1896 3477 1964 stet,
3502 1891 3618 1948 boc

1963 1987 2070 2049 est,
2103 1983 2488 2040 conﬁrmetur
2500 1999 2680 2040 omne
2697 1983 2966 2049 verbum,
2996 1988 3211 2056 putate
3230 1981 3438 2038 fecisse
3453 1981 3616 2054 quod

1958 2070 2022 2128 in
2050 2075 2106 2128 te
2155 2076 2259 2138 est,
2309 2071 2574 2145 nihilque
2633 2073 3080 2145 pratermisisse
3112 2087 3125 2127 :
3153 2071 3409 2146 primum
3451 2069 3614 2128 enim

1959 2160 2123 2218 solus
2151 2160 2346 2218 abiisti
2369 2161 2450 2219 ad
2486 2177 2649 2228 eum,
2680 2161 2897 2220 deinde
2952 2160 3082 2219 aliis
3110 2176 3354 2235 quoque
3385 2175 3617 2218 assum-

1957 2249 2094 2322 ptis.

2029 2358 2191 2414 Vers.
2207 2359 2293 2414 17.
2311 2358 2536 2428 Quodsi
2546 2360 2918 2418 —Ecclesia.
2935 2358 3254 2416 Ecclesium
3268 2372 3428 2414 nunc
3438 2360 3614 2414 vocat

1959 2447 2243 2520 praesides
2264 2447 2534 2505 ﬁdelium
2556 2450 2854 2507 Ecclesia.
2890 2448 3180 2505 Renuntia
3210 2446 3326 2503 illis
3349 2462 3485 2519 qua
3506 2445 3614 2503 cir-

1960 2538 2198 2594 cahunc
2224 2545 2500 2612 aguntur.
2519 2540 2896 2598 Fortassisilli
2927 2537 3332 2596 immutabunt
3359 2553 3498 2594 eum
3516 2552 3613 2593 ve-

1959 2626 2138 2683 ritum
2170 2628 2519 2699 dignitatem
2551 2631 2843 2703 ipsorum.

2031 2735 2195 2792 Vers.
2219 2737 2306 2792 17.
2326 2736 2508 2793 Porro
2526 2737 2578 2793 si
2605 2767 2668 2778 -—
2689 2737 3070 2808 publicanus.
3099 2736 3180 2794 Sit
3203 2735 3307 2792 tibi
3327 2735 3611 2810 deinceps

1969 2822 2691 2892 incommumunicabilis,
2715 2843 2848 2884 cum
2877 2842 2994 2900 quo
3026 2825 3252 2882 nullam
3286 2825 3450 2882 ineas
3479 2825 3610 2881 vita

1960 2913 2320 2978 societatem,
2347 2920 2626 2988 tanquam
2654 2914 3096 2973 immedicabili.
3117 2915 3370 2972 Ethnicis
3411 2919 3612 2970 autem

1957 3001 2298 3058 inﬁdelibus
2328 3005 2637 3076 conjunxit
2658 3005 3034 3080 publicanos,
3074 3010 3318 3078 propter
3341 3003 3612 3077 pecunia

1956 3105 2226 3148 amorem
2245 3095 2302 3148 et
2325 3093 2658 3162 avaritiam,
2679 3092 3332 3168 incompassibilitatem
3363 3096 3421 3150 et
3458 3091 3614 3165 inju-

1956 3179 2197 3237 stitiam.

2026 3285 2349 3344 Audiamus
2362 3303 2504 3359 ergo
2522 3288 2619 3361 qui
2633 3287 2970 3360 hujusmodi
2989 3287 3400 3346 all‘ectionibus
3414 3304 3611 3345 sumus

1956 3374 2221 3432 obnoxii.
2245 3377 2384 3433 Vide
2412 3381 2615 3434 autem
2641 3381 2936 3449 quantum
2969 3375 3241 3433 adhiberi
3275 3375 3518 3447 jusserit
3547 3379 3614 3434 ut

1957 3463 2331 3534 corrigantur
2356 3463 2417 3522 hi
2445 3465 2551 3540 qui
2580 3464 2791 3522 fuerint
2819 3463 3222 3532 offendicula;
3251 3479 3386 3520 cum
3415 3478 3612 3538 neque

1958 3552 2088 3609 illos
2101 3569 2310 3610 curare
2333 3555 2751 3620 sustineamus,
2776 3554 2998 3628 quibus
3019 3553 3400 3626 praestitimus
3425 3551 3612 3612 offen-

1959 3641 2246 3698 diculum.
2279 3643 2435 3712 Quid
2451 3647 2636 3716 ergo?
2667 3645 2794 3700 hac
2807 3643 2934 3700 sola
2955 3643 3219 3700 eritultio
3250 3641 3487 3698 illorum
3506 3641 3610 3715 qui

1960 3731 2467 3792 suntincurabiles
2486 3735 2516 3794 Τ
2542 3736 2956 3809 Nequaquam,
2980 3733 3087 3792 sed
3109 3732 3252 3793 audi
3273 3731 3451 3790 etiam
3476 3747 3612 3808 qua

1959 3827 2314 3897 sequuntur.

2033 3933 2190 3986 Vers.
2208 3931 2293 3986 18.
2308 3931 2490 3988 Amen
2504 3963 2572 3973 -—
2589 3932 2747 3989 cwlo.
2782 3931 2892 3990 Ubi
2911 3930 3155 3989 tandem
3170 3929 3444 3987 Ecclesia
3457 3928 3610 3987 dice-

1956 4033 2018 4074 re
2034 4019 2334 4090 jussisset,
2365 4020 2722 4091 prasidibus
2738 4021 3014 4079 videlicet
3049 4019 3344 4084 Ecclesia,
3361 4033 3521 4074 nunc
3534 4018 3614 4075 ad

1955 4122 2059 4163 eos
2075 4123 2414 4163 sermonem
2432 4109 2704 4177 intendit,
2727 4109 2932 4165 dicens
2956 4126 2967 4163 :
2992 4109 3361 4180 Quaecunque
3396 4109 3614 4178 ligave-

1954 4195 2084 4251 ritis
2108 4197 2172 4252 in
2203 4201 2384 4262 terra,
2418 4199 2528 4254 etc.
2579 4200 2696 4254 Hoc
2726 4201 3014 4256 autem-et
3054 4196 3132 4254 ad
3191 4195 3430 4252 Petrum
3465 4194 3614 4252 dixit

1957 4283 2252 4346 tricesimo
2285 4285 2453 4342 tertio
2488 4285 2700 4358 capite,
2731 4285 2814 4342 ibi
2854 4300 2996 4356 ergo
3053 4299 3256 4357 quare
3286 4281 3611 4340 enarratio-

1957 4387 2117 4430 nem.

2029 4463 2126 4518 Est
2153 4466 2352 4518 autem
2379 4479 2540 4519 nunc
2569 4463 2856 4520 orationis
2889 4477 3101 4519 sensus
3126 4461 3268 4518 iste:
3304 4457 3611 4533 Quidquid

237 4535 336 4590 ⁸οτ
359 4537 424 4590 ἄν
467 4540 618 4612 ὑμεῖς
669 4539 753 4596 ἐπὶ
804 4549 899 4606 τῆς
941 4552 1043 4616 γῆς
1073 4542 1430 4618 ἀποφήνησθε,
1484 4554 1636 4600 τοῦτο
1692 4553 1782 4603 καὶ
1820 4551 1846 4602 ὁ

1969 4566 2060 4606 vos
2088 4551 2147 4606 in
2171 4556 2324 4609 terra
2353 4551 2724 4619 censueritis,
2757 4559 2851 4608 aut
2891 4551 3186 4608 sententia
3213 4547 3606 4614 decreveritis,

243 4630 374 4688 Θεές
403 4626 454 4679 ἐν
497 4636 571 4699 τῷ
601 4629 802 4703 οὐρανῷ
831 4638 1074 4708 κυρώσει,
1109 4635 1204 4686 κοῖν
1247 4653 1301 4688 τε
1346 4634 1568 4700 ἀνιάτως
1606 4639 1846 4711 ἔχοντας,

247 4716 509 4789 ἐκκόψητε
555 4721 773 4783 τούτους
796 4729 891 4785 τῆς
942 4723 1265 4793 Ἐκκλησίας,
1317 4727 1410 4777 κᾶν
1453 4745 1508 4778 τε
1545 4736 1850 4799 μετανοοῦν-

246 4805 340 4870 τάς
382 4807 602 4881 ὕστερον
646 4807 1035 4883 παραδέξησθε.
1089 4820 1268 4866 Ταῦτα
1313 4810 1372 4868 δὲ
1422 4815 1720 4888 ἠπείλησεν,
1766 4815 1851 4871 ἳνα

244 4901 318 4966 μή
362 4904 538 4950 ταῦτα
575 4901 844 4972 γένωνται,
886 4899 996 4953 ἀλλ’
1041 4903 1142 4970 ἶνα,
1177 4901 1490 4977 φοϐούμενός
1527 4925 1603 4967 τις
1631 4911 1722 4960 καὶ
1754 4911 1846 4967 τήν

243 4986 507 5039 ἔκπτωσιν
556 4993 650 5049 τῆς
691 4987 1023 5060 Ἐκκλησίας,
1068 4997 1157 5044 καὶ
1209 4993 1304 5051 τὴν
1342 4991 1515 5066 ψῆφον
1553 5002 1643 5048 τοῦ
1691 5003 1846 5061 Θεοῦ,

242 5069 644 5134 διαλλάττηται.
696 5079 792 5131 Διά
851 5086 1001 5133 τοῦτο
1042 5084 1143 5155 γὰρ
1193 5086 1283 5134 καὶ
1328 5090 1549 5157 πρῶτον,
1595 5088 1684 5137 καὶ
1731 5081 1847 5138 δεύ-

236 5181 405 5238 τερον,
458 5168 551 5218 καὶ
600 5169 775 5239 τρίτον
827 5165 1082 5228 ἕπέστησε
1134 5174 1425 5246 κριτήριον,
1477 5177 1567 5225 καὶ
1604 5176 1721 5226 τότε
1761 5194 1846 5228 πε-

234 5257 452 5311 ποίηκεν
482 5253 640 5307 αὐτὸν
671 5254 982 5325 ἀπόϐλητον,
1035 5259 1137 5326 ἵνα,
1192 5258 1277 5313 ἐὰν
1306 5267 1400 5314 τοῦ
1442 5266 1653 5338 πρώτου
1679 5283 1846 5339 παρα-

231 5343 427 5417 κούσῃ,
498 5351 573 5417 τῷ
646 5341 871 5422 δευτέρῳ
945 5350 1135 5422 πεισθῇ
1199 5365 1213 5381 ο
1255 5348 1339 5403 ἐὰν
1394 5347 1454 5404 δὲ
1509 5357 1599 5406 καὶ
1650 5355 1840 5422 τούτου

232 5437 634 5508 καταφρονήσῃ,
686 5438 805 5489 τότε
844 5435 1022 5490 λοιπὸν
1069 5441 1160 5497 τήν
1209 5437 1469 5506 ἀποϐολήν
1541 5443 1838 5518 ὑποπτήξῃ,

232 5523 429 5596 πικρὰν
479 5519 665 5592 οὖσαν,
733 5525 842 5579 εἶτα
920 5531 1011 5581 καὶ
1082 5531 1178 5588 τήν
1230 5527 1420 5589 ἀνωθεν
1493 5530 1689 5604 ψῆφον,
1753 5552 1840 5605 φο-

236 5609 522 5686 ϐερωτέραν
567 5615 763 5677 ταύτης
826 5617 1215 5690 τυγχάνουσαν,
1275 5623 1365 5671 καὶ
1438 5621 1638 5681 πάντως
1691 5615 1726 5674 δ
1732 5639 1840 5695 ιορ-

237 5701 379 5774 θωθῇ
388 5742 403 5757 .

311 5787 474 5843 Πάλιν
523 5820 594 5835 -
638 5798 732 5846 τοῦ
777 5791 827 5846 ἄν
874 5800 980 5857 τοῖς
1050 5794 1306 5871 οὐρανοῖς.
1388 5795 1599 5854 Βαϐαίί
1669 5800 1840 5858 πόσην

1959 4639 2070 4696 hoc
2091 4639 2482 4698 Deusincalo
2507 4646 2703 4698 ratum
2719 4642 2966 4699 habebit
2997 4659 3010 4698 :
3045 4642 3168 4698 sive
3198 4656 3301 4697 eos
3345 4638 3448 4712 qui
3470 4643 3610 4696 sunt

1959 4731 2321 4788 incurabiles
2332 4733 2405 4788 ab
2421 4731 2679 4788 Ecclesia
2700 4732 3171 4805 amputaveritis,
3196 4731 3316 4787 sive
3344 4732 3609 4802 postmo-

1959 4819 2107 4876 dum
2131 4821 2548 4894 resipiscentes
2577 4821 2935 4893 receperitis.
2970 4822 3107 4877 Hac
3136 4826 3335 4877 autem
3363 4818 3610 4875 commi-

1957 4915 2137 4967 natus
2166 4914 2270 4980 est,
2301 4926 2423 4968 non
2453 4910 2660 4968 uthac
2685 4910 2853 4977 ﬁant,
2877 4910 2979 4967 sed
3006 4915 3067 4966 ut
3085 4909 3342 4984 quisque
3375 4908 3607 4964 territus

1958 4999 2301 5056 etEcclesia
2335 5000 2808 5073 amputationem
2829 5003 2886 5056 et
2904 5000 3003 5056 Dei
3027 4997 3386 5057 sententiam
3422 5002 3610 5054 mutet

1957 5103 2028 5145 ac
2055 5086 2354 5156 liberetur,
2386 5093 2441 5146 et
2471 5103 2604 5144 eam
2653 5088 2892 5144 evadat.
2921 5090 3068 5144 Nam
3100 5091 3156 5143 et
3197 5090 3442 5159 propter
3473 5086 3602 5152 hoc,

1954 5175 2240 5250 primum,
2260 5176 2612 5243 secundum,
2647 5193 2716 5233 ac
2733 5176 2967 5234 tertium
2993 5173 3252 5232 tribunal
3281 5174 3605 5244 constituit,

1953 5265 2294 5339 ettandemj
2307 5265 2713 5323 udicaviteum
2731 5264 3133 5338 abjiciendum
3167 5282 3181 5321 :
3205 5263 3328 5320 utsi
3345 5263 3606 5336 primum

1949 5370 2068 5414 non
2088 5355 2338 5423 audiret,
2369 5355 2638 5413 obediret
2662 5356 2928 5413 secundo
2953 5372 2967 5422 ;
2995 5353 3046 5410 si
3068 5358 3260 5410 autem
3289 5358 3346 5409 et
3365 5353 3483 5411 hoc
3507 5353 3608 5410 de-

1949 5444 2216 5516 spiceret,
2238 5443 2469 5500 timeret
2485 5443 2577 5499 vel
2594 5443 2828 5500 tertium
2852 5461 2866 5510 ;
2885 5442 3052 5516 quod
3073 5443 3121 5498 si
3145 5442 3323 5499 etiam
3339 5442 3450 5498 hoc
3467 5457 3607 5498 con-

1947 5531 2395 5603 temneret,jam
2407 5537 2547 5590 tunc
2563 5532 2960 5606 abjecjtionem
2979 5531 3325 5590 formidaret
3341 5546 3603 5588 amaram

1948 5636 2393 5694 supernamque
2413 5622 2794 5692 sententiam,
2813 5638 2949 5695 qua
2965 5622 3081 5678 hac
3109 5621 3444 5692 abjectione
3478 5635 3603 5675 ma-

1948 5710 2038 5783 gis
2066 5709 2447 5768 formidanda
2471 5714 2560 5768 est
2591 5727 2604 5766 :
2630 5714 2688 5768 et
2725 5709 2810 5767 ita
2829 5711 3077 5768 omnino
3109 5709 3520 5780 corrigeretur.

2018 5799 2289 5859 VersJO.
2319 5801 2583 5858 Rursum
2595 5829 2671 5844 ~-—-
2685 5799 2864 5872 quiin
2877 5801 3034 5856 caelis
3044 5804 3150 5855 est.
3173 5800 3349 5869 Papa
3365 5796 3382 5852 ι
3407 5809 3602 5867 quan-
