4176 6434
617 350 723 408 507

1934 362 2285 419 EUTHYMII
2320 362 2657 423 ZIGABENI

3875 371 3981 426 508

613 483 741 535 tum
772 483 940 553 ponit
958 484 1031 539 de
1048 484 1359 543 dilectione
1371 487 1658 557 studium,
1671 488 1851 545 variis
1864 487 2165 561 Evangelii
2180 487 2232 544 lo

2373 487 2630 561 γροντίδα
2674 498 2897 545 ποιεῖται
2938 500 3027 554 ri:
3082 491 3310 567 ἆγήπῃς,
3361 491 3635 564 πολλαχοῦ
3676 498 3772 545 τοῦ
3809 493 3977 565 Εὐαγ-

614 568 696 623 cis
734 570 807 625 de
830 571 940 627 hac
970 573 1188 629 iterans
1208 593 1568 634 sermonem.
1599 582 1764 633 Nunc
1786 578 2081 650 siquidem
2105 582 2263 649 post-

610 673 792 729 quam
820 676 1041 731 magna
1069 665 1373 721 minitatus
1403 672 1490 722 est
1518 668 1609 723 his
1636 669 1986 740 quiponunt
2014 667 2263 723 offendi-

607 746 830 815 culum,
846 754 903 806 et
928 750 1022 807 his
1044 754 1147 825 qui
1169 770 1291 810 non
1314 756 1692 827 corriguntur
1706 772 1913 813 eorum
1928 756 2127 813 studio
2154 756 2259 829 qui

607 834 1038 897 oﬁ'endiculum
1058 843 1217 913 passi
1239 850 1377 899 sunt
1410 857 1427 906 :
1459 861 1701 901 rursum
1733 862 1952 916 magna
1970 845 2260 918 promittit

607 925 699 981 his
728 928 1120 1001 quidiligunt,
1155 937 1217 987 ut
1240 937 1368 989 tum
1399 934 1600 999 minis,
1622 940 1747 991 tum
1768 934 2086 1008 promissis
2105 935 2181 990 ad
2197 951 2259 990 a-

610 1029 837 1071 morem
867 1025 1191 1091 congreget
1216 1020 1597 1081 Christianos.

677 1210 824 1268 Dicit
844 1228 986 1283 ergo
1013 1231 1026 1270 :
1056 1216 1110 1271 Si
1133 1215 1256 1273 duo
1280 1232 1353 1273 ex
1373 1218 1565 1286 vobis,
1584 1219 1919 1276 videlicetin
1938 1234 2145 1277 amore
2178 1219 2260 1276 vi-

602 1304 823 1365 ventes,
846 1304 1220 1363 concorditer
1240 1307 1511 1378 petierint
1539 1325 1576 1365 a
1608 1312 1724 1365 Deo
1750 1310 1825 1366 de
1852 1310 2255 1384 qualicunque

603 1403 685 1453 re,
717 1391 1109 1450 exaudientur
1137 1395 1333 1467 ;quod
1347 1397 1398 1452 si
1426 1397 1566 1464 duo,
1596 1398 1785 1456 multo
1809 1399 2003 1469 magis
2029 1398 2251 1472 plures.

603 1478 915 1542 Quomodo
944 1498 1089 1553 ergo
1126 1484 1464 1558 frequenter
1485 1486 1666 1560 aliqui
1693 1489 1816 1544 duo
1844 1488 1905 1545 in
1931 1488 2249 1546 dilectione

600 1568 935 1636 existentes,
963 1579 1019 1628 et
1072 1577 1256 1631 Deum
1294 1578 1664 1633 concorditer
1700 1578 1774 1634 de
1805 1578 2001 1651 aliquo
2046 1584 2249 1649 postu-

598 1655 809 1724 iantes,
829 1676 949 1716 non
988 1664 1385 1721 exaudiuntur
1415 1666 1442 1721 ?
1472 1668 1622 1733 Quia
1680 1683 1801 1724 non
1834 1674 1973 1724 sunt
2020 1668 2244 1724 similes

597 1748 909 1819 apostolis.
929 1753 1129 1823 Neque
1150 1754 1310 1809 enim
1338 1754 1875 1827 simpliciterdixit:
1892 1756 1949 1811 Si
1966 1756 2087 1813 duo
2101 1772 2241 1813 con-

2370 578 2540 649 γελίου
2600 582 2685 632 τὸν
2743 587 2860 655 περὶ
2919 585 3114 645 ταύτης
3164 582 3315 655 λόγον
3372 581 3688 636 ἀνακυκλῶν.
3750 588 3851 635 Καὶ
3891 590 3980 634 νῦν

2368 670 2470 741 γὰρ
2521 667 2803 731 ἀπειλήσας
2851 672 3052 743 μεγάλα
3106 681 3211 733 τοῖς
3265 669 3665 737 σκνδαλίζουσι,
3716 676 3809 723 καὶ
3868 680 3983 735 τοῖς

2368 762 2439 829 μὴ
2503 754 2889 832 διορθουμένοις
2963 763 3062 813 ὑπὸ
3141 770 3233 823 τῆς
3304 770 3405 815 τῶν
3491 757 3978 833 σκανδαλιζομένωὶ

2370 844 2633 913 σπουδῆς,
2693 848 3058 922 ἄπαγγελλεται
3112 851 3313 924 μεγάλα
3370 850 3524 903 πάλιν
3570 858 3674 910 τοίς
3731 850 3987 921 ἀγαπῶσ’

2367 943 2519 989 τοῦτο
2574 941 2665 1010 μὶν
2732 936 2827 991 διὰ
2913 948 3008 1003 τῆς
3071 940 3307 1009 ἀπειλῆς,
3369 948 3523 994 τοῦτο
3592 935 3653 993 δε
3716 936 3812 993 διὰ
3885 949 3979 1003 τῆς

2366 1022 2691 1098 ἐπαγγελίας,
2747 1028 2819 1093 εἰς
2892 1028 3102 1103 ἀγάπην
3207 1032 3445 1103 συνάγων
3515 1033 3637 1092 τοὺς
3702 1037 3976 1105 Χριστια-

2364 1117 2498 1177 νούς.

2440 1209 2589 1278 Λέγει
2640 1212 2831 1273 τοίνυν,
2880 1210 2961 1261 ὅτι
3010 1209 3127 1263 Ἐὰν
3174 1206 3274 1263 δύο
3321 1209 3489 1280 ὑμῶν,
3545 1206 3595 1260 ἒν
3866 1205 3969 1268 δη-

2364 1292 2531 1347 λονότι
2594 1293 2878 1368 διάγοντες,
2977 1304 3258 1371 συμφώνως
3341 1298 3607 1356 αἰτήσωσι
3672 1300 3759 1350 τὸν
3834 1302 3971 1351 Θεὸν

2361 1389 2477 1456 περὶ
2531 1383 2857 1448 οίουδητινος
2916 1391 3237 1461 πράγματος,
3300 1388 3814 1445 εἰσακουσθήσονται
3860 1401 3877 1418 ⁸
3924 1389 3969 1442 εἰ

2360 1468 2420 1525 δὲ
2452 1476 2500 1525 οἱ
2536 1472 2654 1540 δύο,
2694 1476 2863 1548 πολλῷ
2905 1477 3094 1549 μᾶλλον
3130 1480 3179 1531 οἱ
3220 1477 3447 1539 πλείους·
3490 1481 3592 1530 Καὶ
3633 1476 3746 1539 πῶς
3773 1474 3968 1530 πολλά-

2354 1581 2433 1623 κις
2489 1560 2585 1616 δύο
2640 1569 2789 1635 τινες,
2837 1566 2887 1618 ἕν
2932 1565 3112 1641 ἀγάπη
3171 1571 3329 1633 ὄντες,
3388 1571 3479 1619 καὶ
3533 1570 3817 1638 συμφώνως
3874 1569 3964 1619 τὸν

2355 1656 2484 1703 Θεὸν
2570 1654 2829 1716 αἰτοῦντες
2914 1661 3033 1730 περί
3112 1676 3265 1725 τινος,
3352 1656 3445 1709 οὐκ
3522 1655 3885 1708 εἰσακούονται
3944 1672 3958 1723 ;

2353 1744 2494 1792 Διότι
2536 1742 2631 1794 οὐκ
2669 1744 2772 1797 εἰσὶ
2810 1748 2943 1797 κατὰ
2986 1749 3108 1808 τοὺς
3147 1744 3484 1805 ἁποστολους.
3527 1744 3603 1797 Οὐ
3645 1747 3748 1818 γὰρ
3783 1744 3957 1806 ἁπλῶς

596 1838 887 1895 senserint
913 1856 928 1906 ;
951 1840 1266 1910 sed,siduo
1288 1859 1360 1900 ea:
1381 1844 1547 1912 vobis,
1568 1849 1683 1901 hoc
1695 1851 1787 1901 est
1812 1845 2035 1902 similes
2051 1846 2232 1914 vobis,

2353 1827 2507 1897 εἶπεν,
2550 1832 2665 1886 Ἐὰν
2715 1830 2812 1887 δύο
2844 1841 3285 1908 συμφωνήσωσιν,
3333 1834 3461 1902 ἀλλ’,
3514 1833 3599 1887 ἐὰν
3657 1830 3757 1887 δύο
3788 1836 3943 1907 ὑμῶν,

592 1926 866 1983 virtutem
893 1929 1172 1987 colentes.

664 2013 765 2071 Vel
780 2016 958 2087 igitur
968 2034 1090 2074 non
1124 2036 1194 2076 ea
1214 2026 1496 2092 prastant
1517 2040 1653 2096 quas
1668 2030 1938 2098 possunt,
1967 2025 2242 2082 velinuti-

590 2103 669 2160 lia
685 2109 911 2176 petunt,
938 2107 1024 2164 vel
1054 2108 1345 2167 adversus
1378 2128 1517 2170 eum
1546 2115 1648 2186 qui
1681 2114 1951 2172 molestia
1992 2114 2240 2173 affectus

590 2197 677 2250 est
706 2195 794 2267 (is)
824 2195 1231 2270 deprecantur.
1264 2201 1358 2257 vel
1384 2218 1493 2274 pro
1512 2203 1761 2273 indigno
1792 2205 2115 2276 postulant,
2145 2205 2239 2262 vel

587 2284 836 2342 omnino
865 2284 1069 2359 aliqua
1093 2289 1244 2347 ratio
1269 2290 1441 2349 adest
1487 2309 1620 2365 quin
1650 2298 1855 2351 causet
1881 2293 2186 2367 repulsam
2220 2316 2233 2349 :

586 2387 709 2443 qua
723 2374 971 2441 sublata,
998 2378 1103 2449 qui
1127 2378 1312 2436 vitam
1338 2380 1566 2454 degunt
1594 2382 1931 2441 secundum
1961 2382 2235 2441 virtutem

586 2463 732 2520 etin
772 2481 977 2522 amore
1006 2466 1236 2535 vivunt,
1295 2485 1365 2525 ac
1403 2474 1777 2531 concorditer
1836 2478 2062 2545 petunt,
2113 2479 2235 2531 sta-

583 2552 688 2608 tim
728 2561 1179 2629 consequuntur
1220 2562 1497 2618 :mentiri
1553 2565 1714 2621 enim
1751 2581 1875 2622 non
1902 2569 2100 2638 potest
2126 2568 2231 2639 qui

581 2642 873 2714 promisit.
896 2646 1067 2717 Atqui
1084 2646 1264 2705 etiam
1286 2666 1438 2708 unus
1468 2652 1663 2710 virtuti
1682 2654 1921 2711 deditus
1947 2656 1993 2712 si
2027 2656 2111 2712 sic
2126 2658 2228 2730 ω)

581 2736 741 2802 petat
759 2732 1124 2791 exaudiatur.
1143 2735 1257 2794 Sed
1271 2756 1391 2797 non
1412 2745 1643 2799 tantum
1659 2749 1948 2816 quantum
1960 2744 2077 2801 duo
2090 2762 2232 2803 con-

579 2818 821 2878 formes.
855 2820 1004 2890 Quia
1028 2840 1168 2883 vero
1186 2827 1332 2886 dixit
1364 2832 1513 2889 :Fiet
1542 2833 1665 2888 illis
1691 2849 1727 2889 a
1752 2835 1935 2891 Patre
1965 2850 2104 2900 meo,
2124 2835 2230 2894 do-

577 2914 1131 2984 cetconsequenter,
1177 2918 1343 2991 quod
1380 2934 1503 2975 non
1556 2918 1717 2977 solus
1754 2923 1921 2977 Pater
1965 2921 2087 2992 dat,
2120 2925 2227 2983 sed

577 2997 751 3069 etiam
773 2996 927 3073 ipse;
958 3000 1094 3061 ideo
1123 3010 1559 3080 consequenter
1586 3006 1729 3065 dicit
1760 3033 1774 3067 :

648 3089 810 3146 Vers.
843 3093 930 3147 20.
970 3092 1084 3149 Ubi
1106 3124 1177 3136 —
1201 3111 1427 3153 eorum.
1460 3099 1525 3152 In
1549 3098 1793 3157 nomine
1822 3116 1979 3173 meo,
2007 3100 2119 3160 hoc
2136 3107 2224 3161 est

2351 1924 2609 1985 τουτέστι,
2633 1923 2749 1975 καθ’
2776 1926 2911 1996 ὑμᾶς
2942 1923 3187 1999 ίνάρετοι.

2420 2010 2487 2062 Ἦ
2534 2016 2707 2063 τοίνυν
2748 2013 2867 2085 (73)
2896 2016 2962 2066 τὰ
3012 2015 3133 2086 παρ’
3179 2014 3347 2066 αὐτῶν
3401 2014 3495 2065 οὐκ
3530 2013 3881 2086 εἰσφέρουσιν,
3919 2016 3947 2071 ᾖ

2350 2097 2649 2175 ἀσύμφορον
2695 2102 2953 2170 αἰτοῦσιν,
2998 2104 3027 2163 ἢ
3075 2106 3209 2156 κατὰ
3248 2110 3341 2155 τοῦ
3386 2102 3729 2164 λελυπηκότος
3778 2122 3950 2177 παρα-

2346 2188 2614 2261 καλοῦσιν,
2667 2195 2700 2251 ἢ
2754 2194 2882 2267 ὑπὲρ
2929 2190 3141 2256 ἀναξίου
3191 2189 3419 2261 δέονται,
3478 2194 3510 2252 ἣ
3565 2194 3768 2254 πάντως
3805 2191 3950 2265 ἑτέρα

2346 2298 2426 2341 τις
2469 2279 2613 2333 αἰτία
2642 2286 2915 2353 πρόσεστι,
2947 2289 3175 2335 ποιοῦσα
3204 2286 3298 2341 τὴν
3330 2281 3650 2355 ἀποτυχίανθ
3697 2283 3767 2343 ὡς
3808 2281 3860 2334 οἵ
3888 2298 3948 2351 γε

2345 2366 2464 2439 βίον
2537 2373 2746 2442 ἔχοντες
2825 2370 3076 2445 ὶνάρετον,
3158 2376 3248 2425 καὶ
3336 2374 3386 2425 ἓν
3470 2371 3644 2443 ἀγάπῃ
3729 2369 3936 2434 ζῶντες,

2342 2462 2431 2510 καὶ
2490 2466 2778 2533 συμφώνως
2834 2461 3111 2526 αἰτοῦντες,
3202 2460 3391 2513 αὐτίκα
3467 2459 3927 2529 ἐπιτυγχάνουσιν.

2337 2546 2605 2621 Ἀψευδὴς
2654 2554 2755 2624 γὰρ
2805 2552 2832 2603 ὀ
2890 2549 3338 2624 ἐπαγγειλάμενος.
3403 2552 3501 2603 Καὶ
3557 2551 3657 2620 μὴν
3716 2549 3807 2598 καὶ
3856 2543 3929 2605 εἷς

2339 2637 2570 2714 ἐνάρετος
2620 2639 2776 2691 αἰτῶν
2831 2640 3179 2707 εἰσακούεταί,
3239 2639 3347 2693 ἀλλ’
3397 2638 3457 2692 οὐ
3502 2643 3770 2703 τοσοῦτον,
3809 2636 3929 2687 ὅσον

2340 2725 2437 2781 δύο
2491 2736 2905 2801 συμφωνοῦντες.
2976 2730 3114 2785 Ἐπεὶ
3176 2727 3236 2784 δὶ
3301 2730 3460 2796 εἶπεν,
3528 2730 3604 2781 ὅτι
3662 2731 3933 2785 Γενὴσεται

2338 2818 2516 2882 αὐτοῖς
2569 2821 2713 2894 παρὰ
2762 2826 2849 2873 τοῦ
2906 2824 3113 2895 Πατρός
3157 2839 3278 2894 μου,
3321 2817 3575 2873 διδάσκει
3608 2818 3807 2883 λοιπὸν,
3852 2816 3933 2868 ὅτι

2336 2908 2395 2961 οὗ
2433 2912 2588 2981 μόνος
2629 2910 2655 2961 ὁ
2705 2912 2887 2983 Πατὴρ
2923 2906 3174 2975 δίδωπιν,
3210 2909 3337 2963 ἀλλὰ
3380 2914 3471 2963 καὶ
3510 2909 3679 2969 αὐτος.
3712 2908 3799 2961 Διὸ
3842 2910 3933 2959 καὶ

2332 2998 2487 3071 λίγιι.

2405 3088 2482 3141 Οὔ
2533 3120 2603 3130 -
2642 3090 2827 3145 αὐτῶν.
2884 3120 2951 3131 -
2999 3088 3099 3155 Οὔ,
3147 3090 3261 3162 (74)
3320 3088 3434 3141 ἀντὶ
3484 3096 3596 3155 τοῦ,
3642 3088 3797 3143 ὅπου.
3842 3085 3934 3147 Εἰς

573 3182 811 3251 propter
848 3196 963 3247 me,
991 3189 1384 3256 proptermea
1412 3193 1730 3261 praecepta,
1758 3194 1816 3246 et
1844 3207 1966 3248 non
1979 3198 2222 3267 propter

2345 3180 2389 3230 τὸ
2445 3177 2564 3252 ίμὸν
2618 3175 2678 3233 δε
2746 3184 2926 3252 ὄνομα,
2985 3176 3100 3231 ἀντὶ
3157 3186 3268 3246 τοῦ,
3335 3175 3410 3231 δι’
3472 3176 3579 3251 ἕμὶ,
3651 3173 3765 3247 διὰ,
3836 3177 3932 3237 τὰς

2345 3267 2666 3281 .....
3422 3267 3490 3281 ..
3626 3264 3688 3281 ο..
3898 3270 3909 3281 .

573 3266 753 3325 aliam
783 3285 1050 3328 causam.
1080 3272 1189 3329 Ubi
1218 3288 1357 3347 ergo
1389 3274 1472 3333 ita
1506 3280 1853 3351 congregati
1878 3264 2113 3349 fuerint,
2137 3282 2218 3339 ibi

2345 3267 2457 3340 ἱμὰς
2501 3268 2727 3336 ἀντολὰς,
2781 3272 2871 3322 καὶ
2915 3272 2987 3342 μὴ
3042 3264 3117 3321 δι’
3173 3267 3344 3344 ἑτέραν
3382 3267 3574 3323 αἰτίαν.
3626 3264 3795 3319 Ὀπου
3824 3270 3932 3317 τοί-

571 3373 706 3414 sum
722 3360 783 3415 in
804 3360 1004 3418 medio
1017 3376 1247 3431 eorum,
1266 3364 1555 3439 colligans
1570 3371 1627 3424 et
1642 3368 1985 3427 custodiens
2009 3388 2131 3439 eos,
2148 3388 2218 3429 ac

569 3447 877 3522 complens
902 3464 1110 3508 eorum
1140 3453 1473 3526 petitiones.
1499 3458 1626 3514 Non
1657 3461 1860 3516 autem
1887 3458 2047 3527 dixit,
2082 3461 2212 3529 Ero,

571 3535 698 3603 sed,
719 3538 865 3595 Sum
892 3540 1185 3612 protinus.

640 3732 795 3786 Deus
832 3746 968 3787 vero
1011 3731 1162 3789 inter
1189 3733 1301 3792 hos
1338 3736 1583 3810 quidem
1614 3754 1746 3797 esse
1774 3740 2009 3812 dicitur.
2064 3744 2218 3805 inter

566 3818 698 3875 illos
727 3835 870 3877 vero
935 3836 1057 3877 non
1106 3836 1254 3891 esse,
1294 3840 1412 3884 non
1467 3830 1758 3902 tanquam
1800 3831 1933 3890 loco
1963 3833 2212 3893 circum-

567 3906 821 3981 scriptus
855 3924 1086 3983 ;neque
1128 3912 1289 3971 enim
1335 3913 1469 3973 loco
1512 3918 1920 3979 circumscribi
1974 3930 2211 3998 potest;

566 3997 669 4052 sed
696 3998 863 4071 quod
896 3998 1080 4057 virtus
1109 4002 1239 4075 ejus
1258 4002 1406 4062 inter
1436 4005 1653 4080 dignos
1677 4008 1927 4069 libenter
1950 3997 2216 4074 commo-

563 4090 741 4145 retur.

634 4176 799 4235 Vers.
827 4179 917 4236 2t.
944 4179 1103 4238 Tunc
1126 4184 1262 4239 -εί
1304 4182 1333 4242 ?
1363 4182 1510 4243 Cum
1551 4185 1625 4244 de
1655 4188 1965 4250 dilectione
2014 4209 2084 4251 ac
2122 4194 2216 4251 in-

559 4266 852 4339 juriarum
875 4268 1175 4328 oblivione
1214 4272 1518 4333 docuisset
1550 4277 1859 4348 Dominus,
1891 4283 2214 4357 interrogat

559 4373 766 4415 rursus
778 4359 1047 4418 discendi
1064 4363 1482 4435 cupidissimus
1496 4367 1724 4435 Petrus,
1746 4370 2032 4443 ignorans
2044 4376 2209 4448 quod

560 4462 798 4522 semper
826 4455 1098 4521 oporteat
1126 4451 1432 4524 ignoscere
1456 4458 1865 4528 peccantibus.

628 4539 787 4594 Vers.
811 4542 900 4594 2t.
930 4538 1083 4595 Num
1110 4556 1287 4614 usque
1334 4547 1536 4614 septies
1560 4546 1588 4603 τ
1612 4552 1690 4605 De
1746 4548 1862 4606 hoc
1917 4554 2205 4624 tanquam
2238 4558 2283 4616 Ι)

2328 3375 2416 3409 νυν
2461 3355 2598 3411 οὓτω
2652 3360 3015 3431 συναχθῶσιν,
3085 3357 3192 3411 ἐκεῖ
3263 3358 3371 3431 εἰμι
3435 3357 3485 3410 ἐν
3537 3361 3679 3430 μέσῳ
3736 3354 3925 3419 αὐτῶν,

2330 3444 2636 3521 συνδεσμῶν
2687 3452 2777 3501 καὶ
2822 3446 3091 3522 φυλάττων
3157 3447 3365 3515 αὐτοὺς,
3424 3452 3515 3501 καὶ
3574 3447 3784 3521 πληρῶν
3833 3448 3930 3506 τὰς

2326 3539 2520 3592 τούτων
2569 3537 2825 3601 αἰτήσεις.
2882 3538 2997 3597 οὐκ
3021 3538 3131 3592 εἷπε
3164 3533 3242 3606 δί,
3289 3540 3369 3591 ὅτι
3407 3536 3657 3609 Ἐσομαι,
3700 3534 3808 3587 ἀλλ’
3847 3537 3928 3588 ὅτι

2326 3626 2449 3701 Εἰμὶ
2476 3626 2685 3683 αὐτίκα.

2397 3720 2619 3789 Λίγεται
2676 3712 2738 3769 δὲ
2772 3718 2800 3770 ό
2834 3716 2954 3780 Θιός
2982 3714 3109 3770 εἶναι
3162 3716 3251 3786 μὶν
3305 3712 3355 3764 ἐν
3396 3713 3624 3775 τούτοις,
3677 3714 3749 3783 μὴ
3784 3711 3922 3763 εἶναι

2325 3802 2378 3859 δ’
2428 3805 2477 3859 ἕν
2532 3806 2756 3875 ἐκείνοις,
2794 3806 2898 3879 οὐχ
2953 3808 3020 3867 ὡς
3078 3807 3425 3877 περίγραπτος
3478 3819 3493 3835 ⁸
3531 3798 3926 3876 ἁπερίγραπτος

2320 3896 2421 3971 γάρ
2455 3896 2590 3968 (75)·
2623 3894 2731 3948 ἀλλ’
2762 3897 2833 3959 ὡς
2864 3902 2959 3958 τῶς
2989 3890 3257 3967 δυνάμεως
3300 3891 3461 3946 αὐτοῦ
3487 3898 3592 3946 τοῖν
3625 3888 3793 3955 ἀξίοις
3823 3887 3918 3964 ίμ-

2324 3984 2746 4060 φιλοχωρούσης.

2390 4186 2519 4235 Τότε
2573 4212 2643 4223 -
2704 4182 2892 4254 wit-qi;
2949 4188 3053 4236 Τοῦ
3113 4184 3308 4256 Κυρίου
3384 4182 3502 4256 περὶ
3560 4177 3765 4251 ἀγάπης
3834 4186 3934 4237 καὶ

2322 4270 2709 4345 ἁμνησικακίας
2762 4267 3097 4338 διδάξαντος,
3149 4269 3315 4344 ἐρωτᾷ
3363 4268 3515 4323 πάλιν
3563 4269 3590 4321 ό
3634 4267 3932 4343 φιλομαθέ-

2324 4380 2510 4423 στατος
2558 4366 2771 4436 Πέτρος,
2805 4360 3017 4435 ἀγνοῶν,
3071 4361 3151 4414 ὅτι
3203 4360 3422 4413 πάντοτε
3472 4362 3582 4433 χρὴ
3618 4370 3931 4436 συγχωρεῖν

2318 4458 2428 4514 τοῖς
2456 4452 2865 4527 ἁμαρτάνουσιν.

558 4640 664 4698 per
677 4625 1154 4685 additamentum
1170 4631 1514 4706 interrogat,
1541 4637 1860 4695 arbitratus
1876 4638 2064 4696 videri
2092 4642 2207 4700 hoc

2345 4636 2500 4703 ρωτᾴ,
2550 4628 2775 4703 νομίζων
2836 4636 3055 4703 φανῆναι
3111 4626 3628 4701 μεγαλοψυχότατος.
3660 4632 3729 4681 Τί
3783 4626 3876 4685 οὖν
3908 4634 3935 4686 ὃ

556 4715 931 4788 magnanimi
944 4734 1014 4775 ac
1042 4721 1455 4793 patientissimi
1468 4727 1675 4785 animi.
1690 4727 1841 4795 Quid
1856 4726 2034 4799 igitur
2050 4729 2207 4788 Chri-

559 4809 687 4862 stus
715 4807 744 4862 ?

626 4898 793 4954 Vers.
842 4902 932 4955 22.
1002 4900 1109 4958 Ait
1172 4934 1243 4947 —
1287 4905 1515 4976 septies.
1550 4907 1896 4978 Septuagies
1966 4911 2202 4985 septies,

554 4985 746 5061 inquit
765 4987 1245 5064 Chrysostomus,
1268 5009 1391 5051 non
1422 4993 1719 5067 signiﬁcat
1737 4996 1834 5054 hic
1857 5014 2202 5073 numerum,

2385 4539 2520 4603 Ἐως
2602 4541 2849 4607 ins-nixu;
2929 4542 3049 4615 Περὶ
3132 4541 3317 4592 τούτου
3401 4539 3538 4591 κατά
3607 4541 3934 4612 προσθήκην

2318 4723 2543 4795 Χριστός
2565 4734 2580 4785 ;

2388 4919 2543 4989 Λέγει
2595 4947 2661 4957 —
2709 4915 2857 4970 ἑπτά.
2935 4917 3005 4970 Τό
3077 4911 3518 4989 ἑϐδομηκοντάκις
3575 4911 3713 4969 ἕπτοξ
3770 4940 3939 4995 φησιν

2316 5006 2341 5058 ὁ
2368 5005 2482 5080 (76)
2529 5008 2905 5082 Χρυσόστομος
2960 5002 3180 5059 ἓνταῦθα
3213 5009 3285 5078 μὴ
3349 5008 3619 5078 σημαίνιιν
3672 4999 3936 5086 ἀριθμὸν,

1752 5176 1977 5249 Varias
2014 5178 2344 5254 lectiones
2384 5193 2450 5254 et
2496 5196 2702 5259 notae.

620 5340 737 5418 (73)
767 5341 877 5399 Pro
901 5341 1055 5415 quia,
1083 5341 1249 5416 quod
1268 5340 1527 5401 habebat
1557 5344 1899 5423 Hentenius,
1950 5351 2196 5423 correxi,

548 5428 756 5503 igitur.

621 5501 842 5574 (7i)Ab
868 5498 927 5555 οὗ
962 5502 1041 5559 ad
1070 5504 1201 5556 ὅπου
1233 5516 1371 5559 cum
1392 5503 1668 5576 proximo
1686 5503 1747 5563 δέ
1774 5509 1996 5570 omittit
2045 5512 2205 5571 Hen-

617 5678 988 5821 813.4142th
1015 5684 1116 5736 est.
1140 5680 1365 5768 Affecit.

664 5750 721 5820 j)
746 5751 794 5807 S
842 5765 945 5809 sic.
982 5752 1147 5812 Forte
1170 5752 1327 5821 legit,
1357 5768 1365 5809 ι

664 5750 721 5820 ii)
746 5750 817 5807 Si
842 5750 945 5809 sic.
982 5752 1147 5812 Forte
1170 5752 1327 5827 legit,
1357 5754 1586 5832 ἂνάρστος
1612 5759 1781 5824 οὕτως
1805 5761 1990 5821 I575"-

715 6415 1353 6434 ﬂ

2312 5356 2507 5415 tonius

2402 5428 2494 5504 ⁷5)
2522 5429 2607 5504 ξίν
2635 5428 2892 5504 PrQldP’
2925 5428 2987 5485 Βο

2402 5429 2472 5484 75
2525 5429 2607 5495 Δί,
2635 5442 2740 5500 pro
2766 5428 2892 5504 γάρ,
2925 5428 2987 5485 Β.

2379 5427 2498 5572 ἶποῖ
2521 5500 2690 5559 Tom.
2721 5500 2833 5569 Vl],
2862 5515 2931 5573 p.
2976 5499 3077 5557 6“
3110 5500 3182 5558 Α.
