  <div class='ocr_page' id='page_1' title='image "/cluster/home/n/w/nwhite01/storage/ocr_20150623/129/hvd.32044019208511/278.png"; bbox 0 0 4176 6434; ppageno 0'>
   <div class='ocr_carea' id='block_1_1' title="bbox 210 401 332 455">
    <p class='ocr_par' dir='ltr' id='par_1_1' title="bbox 210 401 332 455">
     <span class='ocr_line' id='line_1_1' title="bbox 210 401 332 455; baseline 0.016 -2"><span class='ocrx_word' id='word_1_1' title='bbox 210 401 332 455; x_wconf 77' lang='lat'><strong>509</strong></span> 
     </span>
    </p>
   </div>
   <div class='ocr_carea' id='block_1_2' title="bbox 1127 396 2633 458">
    <p class='ocr_par' dir='ltr' id='par_1_2' title="bbox 1127 396 2633 458">
     <span class='ocr_line' id='line_1_2' title="bbox 1127 396 2633 458; baseline 0.001 -3"><span class='ocrx_word' id='word_1_2' title='bbox 1127 400 1495 456; x_wconf 74' lang='lat' dir='ltr'><strong>COMMENT.</strong></span> <span class='ocrx_word' id='word_1_3' title='bbox 1542 399 1608 453; x_wconf 83' lang='lat' dir='ltr'><strong>IN</strong></span> <span class='ocrx_word' id='word_1_4' title='bbox 1646 396 2087 455; x_wconf 64' lang='lat' dir='ltr'><strong>MATTHIEUM.</strong></span> <span class='ocrx_word' id='word_1_5' title='bbox 2131 428 2199 443; x_wconf 76' lang='grc' dir='ltr'><strong>-ι-</strong></span> <span class='ocrx_word' id='word_1_6' title='bbox 2237 401 2394 457; x_wconf 81' lang='lat' dir='ltr'><strong>CAP.</strong></span> <span class='ocrx_word' id='word_1_7' title='bbox 2436 402 2633 458; x_wconf 87' lang='lat' dir='ltr'><strong>XVlll.</strong></span> 
     </span>
    </p>
   </div>
   <div class='ocr_carea' id='block_1_3' title="bbox 3480 397 3609 452">
    <p class='ocr_par' dir='ltr' id='par_1_3' title="bbox 3480 397 3609 452">
     <span class='ocr_line' id='line_1_3' title="bbox 3480 397 3609 452; baseline 0.008 -1"><span class='ocrx_word' id='word_1_8' title='bbox 3480 397 3609 452; x_wconf 74' lang='lat'><strong>510&#39;</strong></span> 
     </span>
    </p>
   </div>
   <div class='ocr_carea' id='block_1_4' title="bbox 211 523 1815 601">
    <p class='ocr_par' dir='ltr' id='par_1_4' title="bbox 211 524 1815 601">
     <span class='ocr_line' id='line_1_4' title="bbox 211 524 1815 601; baseline -0.002 -21"><span class='ocrx_word' id='word_1_9' title='bbox 211 527 355 580; x_wconf 82' lang='grc' dir='ltr'><strong><em>ἀλλά</em></strong></span> <span class='ocrx_word' id='word_1_10' title='bbox 392 530 451 579; x_wconf 84' lang='grc' dir='ltr'><strong><em>τὸ</em></strong></span> <span class='ocrx_word' id='word_1_11' title='bbox 480 528 720 601; x_wconf 77' lang='grc' dir='ltr'><strong>ἄμετρον,</strong></span> <span class='ocrx_word' id='word_1_12' title='bbox 752 532 841 579; x_wconf 82' lang='grc' dir='ltr'><strong><em>καὶ</em></strong></span> <span class='ocrx_word' id='word_1_13' title='bbox 870 524 1115 591; x_wconf 73' lang='grc' dir='ltr'><strong><em>διηνεκες,</em></strong></span> <span class='ocrx_word' id='word_1_14' title='bbox 1166 532 1257 579; x_wconf 80' lang='grc' dir='ltr'><strong><em>καὶ</em></strong></span> <span class='ocrx_word' id='word_1_15' title='bbox 1296 525 1396 582; x_wconf 82' lang='grc' dir='ltr'><strong><em>ἀεί.</em></strong></span> <span class='ocrx_word' id='word_1_16' title='bbox 1431 527 1672 599; x_wconf 74' lang='grc' dir='ltr'><strong><em>Καθάπερ</em></strong></span> <span class='ocrx_word' id='word_1_17' title='bbox 1719 527 1815 596; x_wconf 78' lang='grc' dir='ltr'><strong><em>γὰρ</em></strong></span> 
     </span>
    </p>
   </div>
   <div class='ocr_carea' id='block_1_5' title="bbox 1935 523 3585 601">
    <p class='ocr_par' dir='ltr' id='par_1_5' title="bbox 1936 523 3585 601">
     <span class='ocr_line' id='line_1_5' title="bbox 1936 523 3585 601; baseline -0.001 -21"><span class='ocrx_word' id='word_1_18' title='bbox 1936 525 2044 581; x_wconf 89' lang='lat' dir='ltr'><strong>sed</strong></span> <span class='ocrx_word' id='word_1_19' title='bbox 2072 526 2461 593; x_wconf 89' lang='lat' dir='ltr'><strong>immensum,</strong></span> <span class='ocrx_word' id='word_1_20' title='bbox 2492 530 2845 586; x_wconf 87' lang='lat' dir='ltr'><strong>continuum</strong></span> <span class='ocrx_word' id='word_1_21' title='bbox 2870 534 2928 587; x_wconf 88' lang='lat' dir='ltr'><strong>et</strong></span> <span class='ocrx_word' id='word_1_22' title='bbox 2970 541 3229 601; x_wconf 77' lang='lat' dir='ltr'><strong>semper.</strong></span> <span class='ocrx_word' id='word_1_23' title='bbox 3256 528 3403 582; x_wconf 86' lang='lat' dir='ltr'><strong>Nam</strong></span> <span class='ocrx_word' id='word_1_24' title='bbox 3433 523 3585 580; x_wconf 83' lang='lat' dir='ltr'><strong>sicut</strong></span> 
     </span>
    </p>
   </div>
   <div class='ocr_carea' id='block_1_6' title="bbox 210 615 1823 691">
    <p class='ocr_par' dir='ltr' id='par_1_6' title="bbox 210 615 1823 691">
     <span class='ocr_line' id='line_1_6' title="bbox 210 615 1823 691; baseline -0.004 -20"><span class='ocrx_word' id='word_1_25' title='bbox 210 621 276 671; x_wconf 81' lang='grc' dir='ltr'><strong><em>τὸ</em></strong></span> <span class='ocrx_word' id='word_1_26' title='bbox 328 620 581 691; x_wconf 85' lang='grc' dir='ltr'><strong><em>μυριάκις</em></strong></span> <span class='ocrx_word' id='word_1_27' title='bbox 628 620 687 668; x_wconf 89' lang='grc' dir='ltr'><strong><em>τὸ</em></strong></span> <span class='ocrx_word' id='word_1_28' title='bbox 725 616 968 679; x_wconf 79' lang='grc' dir='ltr'><strong>πολλάκις</strong></span> <span class='ocrx_word' id='word_1_29' title='bbox 1012 615 1167 675; x_wconf 82' lang='grc' dir='ltr'><strong><em>δηλοῖ</em></strong></span> <span class='ocrx_word' id='word_1_30' title='bbox 1211 616 1332 691; x_wconf 88' lang='grc' dir='ltr'><strong><em>παρ’</em></strong></span> <span class='ocrx_word' id='word_1_31' title='bbox 1381 615 1646 682; x_wconf 75' lang='grc' dir='ltr'><strong><em>Ἕλλησιν,</em></strong></span> <span class='ocrx_word' id='word_1_32' title='bbox 1691 618 1823 666; x_wconf 78' lang='grc' dir='ltr'><strong><em>οὕτω</em></strong></span> 
     </span>
    </p>
   </div>
   <div class='ocr_carea' id='block_1_7' title="bbox 211 704 1823 781">
    <p class='ocr_par' dir='ltr' id='par_1_7' title="bbox 211 704 1823 781">
     <span class='ocr_line' id='line_1_7' title="bbox 211 704 1823 781; baseline -0.004 -21"><span class='ocrx_word' id='word_1_33' title='bbox 211 704 287 766; x_wconf 72' lang='grc' dir='ltr'><strong><em>δή</em></strong></span> <span class='ocrx_word' id='word_1_34' title='bbox 349 713 439 759; x_wconf 78' lang='grc' dir='ltr'><strong><em>καὶ</em></strong></span> <span class='ocrx_word' id='word_1_35' title='bbox 476 709 536 758; x_wconf 86' lang='grc' dir='ltr'><strong><em>τὸ</em></strong></span> <span class='ocrx_word' id='word_1_36' title='bbox 580 705 788 766; x_wconf 70' lang='grc' dir='ltr'><strong><em>ἑπτάκις</em></strong></span> <span class='ocrx_word' id='word_1_37' title='bbox 833 708 956 781; x_wconf 87' lang='grc' dir='ltr'><strong><em>παρ’</em></strong></span> <span class='ocrx_word' id='word_1_38' title='bbox 1004 706 1282 779; x_wconf 82' lang='grc' dir='ltr'><strong><em>Ἑϐραίοις,</em></strong></span> <span class='ocrx_word' id='word_1_39' title='bbox 1348 711 1433 758; x_wconf 74' lang='grc' dir='ltr'><strong><em>καὶ</em></strong></span> <span class='ocrx_word' id='word_1_40' title='bbox 1476 704 1646 775; x_wconf 80' lang='grc' dir='ltr'><strong><em>πολλῷ</em></strong></span> <span class='ocrx_word' id='word_1_41' title='bbox 1693 704 1823 776; x_wconf 87' lang='grc' dir='ltr'><strong><em>μᾶλ-</em></strong></span> 
     </span>
    </p>
   </div>
   <div class='ocr_carea' id='block_1_8' title="bbox 210 790 1824 867">
    <p class='ocr_par' dir='ltr' id='par_1_8' title="bbox 210 790 1824 867">
     <span class='ocr_line' id='line_1_8' title="bbox 210 790 1824 867; baseline -0.002 -19"><span class='ocrx_word' id='word_1_42' title='bbox 210 796 301 849; x_wconf 87' lang='grc' dir='ltr'><strong>λον</strong></span> <span class='ocrx_word' id='word_1_43' title='bbox 358 800 421 848; x_wconf 81' lang='grc' dir='ltr'><strong><em>τὺ</em></strong></span> <span class='ocrx_word' id='word_1_44' title='bbox 493 790 969 867; x_wconf 73' lang='grc' dir='ltr'><strong><em>ἑϐδομηκοντάκις·</em></strong></span> <span class='ocrx_word' id='word_1_45' title='bbox 1024 800 1101 849; x_wconf 83' lang='grc' dir='ltr'><strong>ῖτι</strong></span> <span class='ocrx_word' id='word_1_46' title='bbox 1170 794 1229 849; x_wconf 71' lang='grc' dir='ltr'><strong><em>δὲ</em></strong></span> <span class='ocrx_word' id='word_1_47' title='bbox 1282 795 1453 848; x_wconf 88' lang='grc' dir='ltr'><strong><em>πλεῖον</em></strong></span> <span class='ocrx_word' id='word_1_48' title='bbox 1502 797 1561 847; x_wconf 86' lang='grc' dir='ltr'><strong><em>τὸ</em></strong></span> <span class='ocrx_word' id='word_1_49' title='bbox 1610 793 1662 857; x_wconf 74' lang='grc' dir='ltr'><em>ἐξ</em></span> <span class='ocrx_word' id='word_1_50' title='bbox 1724 793 1824 865; x_wconf 80' lang='grc' dir='ltr'><strong><em>ἀμ-</em></strong></span> 
     </span>
    </p>
   </div>
   <div class='ocr_carea' id='block_1_9' title="bbox 213 881 1822 958">
    <p class='ocr_par' dir='ltr' id='par_1_9' title="bbox 213 881 1822 958">
     <span class='ocr_line' id='line_1_9' title="bbox 213 881 1822 958; baseline -0.002 -20"><span class='ocrx_word' id='word_1_51' title='bbox 213 894 333 958; x_wconf 82' lang='grc' dir='ltr'><strong><em>φοῖν</em></strong></span> <span class='ocrx_word' id='word_1_52' title='bbox 432 889 787 957; x_wconf 72' lang='grc' dir='ltr'><strong>συγκείμενον,</strong></span> <span class='ocrx_word' id='word_1_53' title='bbox 865 884 995 957; x_wconf 76' lang='grc' dir='ltr'><strong><em>λέγω</em></strong></span> <span class='ocrx_word' id='word_1_54' title='bbox 1081 883 1149 945; x_wconf 77' lang='grc' dir='ltr'><strong><em>δὴ</em></strong></span> <span class='ocrx_word' id='word_1_55' title='bbox 1242 888 1301 937; x_wconf 90' lang='grc' dir='ltr'><strong><em>τὸ</em></strong></span> <span class='ocrx_word' id='word_1_56' title='bbox 1376 881 1822 957; x_wconf 71' lang='grc' dir='ltr'><strong><em>ἑϐδομηκοντάκις</em></strong></span> 
     </span>
    </p>
   </div>
   <div class='ocr_carea' id='block_1_10' title="bbox 217 992 366 1028">
    <p class='ocr_par' dir='ltr' id='par_1_10' title="bbox 217 992 366 1028">
     <span class='ocr_line' id='line_1_10' title="bbox 217 992 366 1028; baseline 0.013 -3"><span class='ocrx_word' id='word_1_57' title='bbox 217 992 366 1028; x_wconf 85' lang='grc' dir='ltr'><strong><em>επτα.</em></strong></span> 
     </span>
    </p>
   </div>
   <div class='ocr_carea' id='block_1_11' title="bbox 292 1063 1819 1139">
    <p class='ocr_par' dir='ltr' id='par_1_11' title="bbox 292 1063 1819 1139">
     <span class='ocr_line' id='line_1_11' title="bbox 292 1063 1819 1139; baseline 0 -24"><span class='ocrx_word' id='word_1_58' title='bbox 292 1063 431 1116; x_wconf 79' lang='grc' dir='ltr'><strong><em>Ἐπεὶ</em></strong></span> <span class='ocrx_word' id='word_1_59' title='bbox 474 1067 654 1116; x_wconf 78' lang='grc' dir='ltr'><strong><em>τοίνυν</em></strong></span> <span class='ocrx_word' id='word_1_60' title='bbox 700 1066 896 1137; x_wconf 75' lang='grc' dir='ltr'><strong><em>ἄμετρα</em></strong></span> <span class='ocrx_word' id='word_1_61' title='bbox 949 1066 1017 1126; x_wconf 85' lang='grc' dir='ltr'><strong>ιίς</strong></span> <span class='ocrx_word' id='word_1_62' title='bbox 1070 1068 1200 1120; x_wconf 85' lang='grc' dir='ltr'><strong><em>Θεὸν</em></strong></span> <span class='ocrx_word' id='word_1_63' title='bbox 1244 1064 1602 1139; x_wconf 79' lang='grc' dir='ltr'><strong><em>ἁμαρτάνομεν</em></strong></span> <span class='ocrx_word' id='word_1_64' title='bbox 1649 1065 1819 1135; x_wconf 73' lang='grc' dir='ltr'><strong><em>ἡμεῖς,</em></strong></span> 
     </span>
    </p>
   </div>
   <div class='ocr_carea' id='block_1_12' title="bbox 219 1150 1823 1228">
    <p class='ocr_par' dir='ltr' id='par_1_12' title="bbox 219 1150 1823 1228">
     <span class='ocr_line' id='line_1_12' title="bbox 219 1150 1823 1228; baseline -0.001 -24"><span class='ocrx_word' id='word_1_65' title='bbox 219 1153 419 1227; x_wconf 82' lang='grc' dir='ltr'><strong><em>ἄμετρα</em></strong></span> <span class='ocrx_word' id='word_1_66' title='bbox 464 1156 560 1205; x_wconf 84' lang='grc' dir='ltr'><strong><em>καὶ</em></strong></span> <span class='ocrx_word' id='word_1_67' title='bbox 617 1160 911 1228; x_wconf 73' lang='grc' dir='ltr'><strong>συγχωρεῖν</strong></span> <span class='ocrx_word' id='word_1_68' title='bbox 960 1160 1064 1216; x_wconf 87' lang='grc' dir='ltr'><strong><em>τοῖς</em></strong></span> <span class='ocrx_word' id='word_1_69' title='bbox 1120 1154 1193 1215; x_wconf 82' lang='grc' dir='ltr'><strong><em>εἰς</em></strong></span> <span class='ocrx_word' id='word_1_70' title='bbox 1242 1156 1382 1227; x_wconf 75' lang='grc' dir='ltr'><strong><em>ἡμᾶς</em></strong></span> <span class='ocrx_word' id='word_1_71' title='bbox 1434 1150 1823 1227; x_wconf 75' lang='grc' dir='ltr'><strong><em>ἁμαρτάνουσιν</em></strong></span> 
     </span>
    </p>
   </div>
   <div class='ocr_carea' id='block_1_13' title="bbox 221 1240 1820 1317">
    <p class='ocr_par' dir='ltr' id='par_1_13' title="bbox 221 1240 1820 1317">
     <span class='ocr_line' id='line_1_13' title="bbox 221 1240 1820 1317; baseline -0.001 -22"><span class='ocrx_word' id='word_1_72' title='bbox 221 1240 498 1311; x_wconf 71' lang='grc' dir='ltr'><strong><em>ἐκελευσεν,</em></strong></span> <span class='ocrx_word' id='word_1_73' title='bbox 557 1241 687 1295; x_wconf 85' lang='grc' dir='ltr'><strong><em>ἀλλὰ</em></strong></span> <span class='ocrx_word' id='word_1_74' title='bbox 726 1249 838 1305; x_wconf 88' lang='grc' dir='ltr'><strong><em>τοῖς</em></strong></span> <span class='ocrx_word' id='word_1_75' title='bbox 875 1242 951 1296; x_wconf 80' lang='grc' dir='ltr'><strong><em>ἀεὶ</em></strong></span> <span class='ocrx_word' id='word_1_76' title='bbox 997 1251 1359 1317; x_wconf 78' lang='grc' dir='ltr'><strong><em>μετανοοῦσιν.</em></strong></span> <span class='ocrx_word' id='word_1_77' title='bbox 1429 1243 1571 1295; x_wconf 77' lang='grc' dir='ltr'><strong><em>Ἐπεὶ</em></strong></span> <span class='ocrx_word' id='word_1_78' title='bbox 1609 1246 1696 1294; x_wconf 87' lang='grc' dir='ltr'><strong><em>τὸν</em></strong></span> <span class='ocrx_word' id='word_1_79' title='bbox 1749 1245 1820 1313; x_wconf 76' lang='grc' dir='ltr'><strong><em>μὴ</em></strong></span> 
     </span>
    </p>
   </div>
   <div class='ocr_carea' id='block_1_14' title="bbox 216 1331 1823 1407">
    <p class='ocr_par' dir='ltr' id='par_1_14' title="bbox 216 1331 1823 1407">
     <span class='ocr_line' id='line_1_14' title="bbox 216 1331 1823 1407; baseline -0.002 -22"><span class='ocrx_word' id='word_1_80' title='bbox 216 1339 570 1404; x_wconf 83' lang='grc' dir='ltr'><strong><em>μετανοοῦντα</em></strong></span> <span class='ocrx_word' id='word_1_81' title='bbox 639 1334 771 1405; x_wconf 85' lang='grc' dir='ltr'><strong><em>μετὰ</em></strong></span> <span class='ocrx_word' id='word_1_82' title='bbox 839 1338 1019 1407; x_wconf 77' lang='grc' dir='ltr'><strong><em>τρίτην</em></strong></span> <span class='ocrx_word' id='word_1_83' title='bbox 1094 1338 1419 1407; x_wconf 83' lang='grc' dir='ltr'><strong><em>παραίνεσιν,</em></strong></span> <span class='ocrx_word' id='word_1_84' title='bbox 1498 1331 1823 1385; x_wconf 77' lang='grc' dir='ltr'><strong>ἀπωθεῖσθαι</strong></span> 
     </span>
    </p>
   </div>
   <div class='ocr_carea' id='block_1_15' title="bbox 215 1419 1819 1495">
    <p class='ocr_par' dir='ltr' id='par_1_15' title="bbox 215 1419 1819 1495">
     <span class='ocr_line' id='line_1_15' title="bbox 215 1419 1819 1495; baseline -0.001 -22"><span class='ocrx_word' id='word_1_85' title='bbox 215 1420 555 1495; x_wconf 79' lang='grc' dir='ltr'><strong><em>προσέταξεν,</em></strong></span> <span class='ocrx_word' id='word_1_86' title='bbox 614 1423 682 1482; x_wconf 73' lang='grc' dir='ltr'><strong><em>ὣς</em></strong></span> <span class='ocrx_word' id='word_1_87' title='bbox 732 1423 821 1474; x_wconf 84' lang='grc' dir='ltr'><strong><em>τὸν</em></strong></span> <span class='ocrx_word' id='word_1_88' title='bbox 886 1419 1085 1474; x_wconf 78' lang='grc' dir='ltr'><strong><em>ίθνικὸν</em></strong></span> <span class='ocrx_word' id='word_1_89' title='bbox 1151 1427 1242 1474; x_wconf 81' lang='grc' dir='ltr'><strong><em>καὶ</em></strong></span> <span class='ocrx_word' id='word_1_90' title='bbox 1301 1425 1373 1483; x_wconf 84' lang='grc' dir='ltr'><strong><em>ὡς</em></strong></span> <span class='ocrx_word' id='word_1_91' title='bbox 1438 1424 1526 1474; x_wconf 88' lang='grc' dir='ltr'><strong><em>τὸν</em></strong></span> <span class='ocrx_word' id='word_1_92' title='bbox 1580 1420 1819 1479; x_wconf 76' lang='grc' dir='ltr'><strong><em>τελώνην.</em></strong></span> 
     </span>
    </p>
   </div>
   <div class='ocr_carea' id='block_1_16' title="bbox 214 1508 1616 1584">
    <p class='ocr_par' dir='ltr' id='par_1_16' title="bbox 214 1508 1616 1584">
     <span class='ocr_line' id='line_1_16' title="bbox 214 1508 1616 1584; baseline -0.001 -21"><span class='ocrx_word' id='word_1_93' title='bbox 214 1517 330 1571; x_wconf 82' lang='grc' dir='ltr'><strong><em>Πῶς</em></strong></span> <span class='ocrx_word' id='word_1_94' title='bbox 354 1514 460 1584; x_wconf 83' lang='grc' dir='ltr'><strong><em>γὰρ</em></strong></span> <span class='ocrx_word' id='word_1_95' title='bbox 489 1510 557 1562; x_wconf 75' lang='grc' dir='ltr'><strong>ἄν</strong></span> <span class='ocrx_word' id='word_1_96' title='bbox 588 1528 670 1571; x_wconf 91' lang='grc' dir='ltr'><strong>τις</strong></span> <span class='ocrx_word' id='word_1_97' title='bbox 698 1508 888 1583; x_wconf 74' lang='grc' dir='ltr'><strong><em>ἀφήσει</em></strong></span> <span class='ocrx_word' id='word_1_98' title='bbox 910 1518 981 1582; x_wconf 83' lang='grc' dir='ltr'><strong><em>τῷ</em></strong></span> <span class='ocrx_word' id='word_1_99' title='bbox 1006 1515 1078 1584; x_wconf 76' lang='grc' dir='ltr'><strong><em>μὴ</em></strong></span> <span class='ocrx_word' id='word_1_100' title='bbox 1112 1511 1360 1573; x_wconf 78' lang='grc' dir='ltr'><strong><em>ζητοῦντι</em></strong></span> <span class='ocrx_word' id='word_1_101' title='bbox 1386 1512 1569 1583; x_wconf 78' lang='grc' dir='ltr'><strong><em>ἄφεσιν</em></strong></span> <span class='ocrx_word' id='word_1_102' title='bbox 1600 1526 1616 1577; x_wconf 74' lang='grc' dir='ltr'><strong>ς</strong></span> 
     </span>
    </p>
   </div>
   <div class='ocr_carea' id='block_1_17' title="bbox 214 1624 1821 1700">
    <p class='ocr_par' dir='ltr' id='par_1_17' title="bbox 214 1624 1821 1700">
     <span class='ocr_line' id='line_1_17' title="bbox 214 1624 1821 1700; baseline -0.001 -19"><span class='ocrx_word' id='word_1_103' title='bbox 214 1633 360 1682; x_wconf 73' lang='grc' dir='ltr'><strong>ΚΕΦ.</strong></span> <span class='ocrx_word' id='word_1_104' title='bbox 440 1624 576 1681; x_wconf 85' lang='grc' dir='ltr'><strong><em>ΛΘ’.</em></strong></span> <span class='ocrx_word' id='word_1_105' title='bbox 658 1630 784 1700; x_wconf 78' lang='grc' dir='ltr'><strong><em>Περὶ</em></strong></span> <span class='ocrx_word' id='word_1_106' title='bbox 845 1632 937 1679; x_wconf 79' lang='grc' dir='ltr'><strong>τοῦ</strong></span> <span class='ocrx_word' id='word_1_107' title='bbox 1003 1626 1287 1699; x_wconf 78' lang='grc' dir='ltr'><strong><em>ὀφείλοντος</em></strong></span> <span class='ocrx_word' id='word_1_108' title='bbox 1361 1630 1425 1680; x_wconf 81' lang='grc' dir='ltr'><strong><em>τὰ</em></strong></span> <span class='ocrx_word' id='word_1_109' title='bbox 1495 1629 1659 1700; x_wconf 83' lang='grc' dir='ltr'><strong><em>μύρια</em></strong></span> <span class='ocrx_word' id='word_1_110' title='bbox 1732 1627 1821 1679; x_wconf 80' lang='grc' dir='ltr'><strong><em>τά·</em></strong></span> 
     </span>
    </p>
   </div>
   <div class='ocr_carea' id='block_1_18' title="bbox 931 1715 1110 1771">
    <p class='ocr_par' dir='ltr' id='par_1_18' title="bbox 931 1715 1110 1771">
     <span class='ocr_line' id='line_1_18' title="bbox 931 1715 1110 1771; baseline 0.011 -3"><span class='ocrx_word' id='word_1_111' title='bbox 931 1715 1110 1771; x_wconf 87' lang='grc' dir='ltr'><strong><em>λαντα.</em></strong></span> 
     </span>
    </p>
   </div>
   <div class='ocr_carea' id='block_1_19' title="bbox 281 1803 1821 1875">
    <p class='ocr_par' dir='ltr' id='par_1_19' title="bbox 281 1803 1821 1875">
     <span class='ocr_line' id='line_1_19' title="bbox 281 1803 1821 1875; baseline -0.001 -16"><span class='ocrx_word' id='word_1_112' title='bbox 281 1809 379 1859; x_wconf 83' lang='grc' dir='ltr'><strong><em>Διά</em></strong></span> <span class='ocrx_word' id='word_1_113' title='bbox 463 1813 620 1859; x_wconf 83' lang='grc' dir='ltr'><strong><em>τοῦτο</em></strong></span> <span class='ocrx_word' id='word_1_114' title='bbox 667 1836 738 1845; x_wconf 91' lang='grc'><strong><em>-</em></strong></span> <span class='ocrx_word' id='word_1_115' title='bbox 802 1803 981 1859; x_wconf 75' lang='grc' dir='ltr'><strong><em>αὐτοῦ.</em></strong></span> <span class='ocrx_word' id='word_1_116' title='bbox 1052 1808 1147 1858; x_wconf 78' lang='grc' dir='ltr'><strong><em>Διά</em></strong></span> <span class='ocrx_word' id='word_1_117' title='bbox 1225 1813 1397 1871; x_wconf 81' lang='grc' dir='ltr'><strong><em>τοῦτο,</em></strong></span> <span class='ocrx_word' id='word_1_118' title='bbox 1471 1814 1657 1875; x_wconf 73' lang='grc' dir='ltr'><strong><em>ποῖονς</em></strong></span> <span class='ocrx_word' id='word_1_119' title='bbox 1728 1808 1821 1859; x_wconf 86' lang='grc' dir='ltr'><strong><em>Διά</em></strong></span> 
     </span>
    </p>
   </div>
   <div class='ocr_carea' id='block_1_20' title="bbox 207 1894 1821 1971">
    <p class='ocr_par' dir='ltr' id='par_1_20' title="bbox 207 1894 1821 1971">
     <span class='ocr_line' id='line_1_20' title="bbox 207 1894 1821 1971; baseline 0.001 -24"><span class='ocrx_word' id='word_1_120' title='bbox 207 1900 268 1949; x_wconf 86' lang='grc' dir='ltr'><strong><em>τὸ</em></strong></span> <span class='ocrx_word' id='word_1_121' title='bbox 332 1904 539 1970; x_wconf 77' lang='grc' dir='ltr'><strong><em>χρῆναι</em></strong></span> <span class='ocrx_word' id='word_1_122' title='bbox 605 1894 831 1949; x_wconf 87' lang='grc' dir='ltr'><strong><em>πάντοτε</em></strong></span> <span class='ocrx_word' id='word_1_123' title='bbox 884 1903 1181 1971; x_wconf 74' lang='grc' dir='ltr'><strong><em>συγχωρεῖν</em></strong></span> <span class='ocrx_word' id='word_1_124' title='bbox 1238 1903 1309 1967; x_wconf 82' lang='grc' dir='ltr'><strong><em>τῷ</em></strong></span> <span class='ocrx_word' id='word_1_125' title='bbox 1378 1897 1598 1950; x_wconf 87' lang='grc' dir='ltr'><strong><em>πάντοτε</em></strong></span> <span class='ocrx_word' id='word_1_126' title='bbox 1667 1916 1821 1970; x_wconf 86' lang='grc' dir='ltr'><strong><em>μετα-</em></strong></span> 
     </span>
    </p>
   </div>
   <div class='ocr_carea' id='block_1_21' title="bbox 211 1980 1821 2059">
    <p class='ocr_par' dir='ltr' id='par_1_21' title="bbox 211 1980 1821 2059">
     <span class='ocr_line' id='line_1_21' title="bbox 211 1980 1821 2059; baseline 0 -23"><span class='ocrx_word' id='word_1_127' title='bbox 211 1992 445 2043; x_wconf 78' lang='grc' dir='ltr'><strong><em>νοοῦντι.</em></strong></span> <span class='ocrx_word' id='word_1_128' title='bbox 490 1984 763 2038; x_wconf 78' lang='grc' dir='ltr'><strong><em>’Βασιλείαν</em></strong></span> <span class='ocrx_word' id='word_1_129' title='bbox 813 1980 874 2038; x_wconf 68' lang='grc' dir='ltr'><strong>δί</strong></span> <span class='ocrx_word' id='word_1_130' title='bbox 909 1983 1137 2059; x_wconf 71' lang='grc' dir='ltr'><strong><em>οὐρανῶν</em></strong></span> <span class='ocrx_word' id='word_1_131' title='bbox 1188 1984 1368 2039; x_wconf 74' lang='grc' dir='ltr'><strong><em>ἑαυτὸν</em></strong></span> <span class='ocrx_word' id='word_1_132' title='bbox 1423 1985 1558 2058; x_wconf 68' lang='grc' dir='ltr'><strong><em>λέγει</em></strong></span> <span class='ocrx_word' id='word_1_133' title='bbox 1605 1992 1712 2053; x_wconf 79' lang='grc' dir='ltr'><strong><em>νῦν,</em></strong></span> <span class='ocrx_word' id='word_1_134' title='bbox 1756 1993 1821 2046; x_wconf 83' lang='grc' dir='ltr'><strong>ῶς</strong></span> 
     </span>
    </p>
   </div>
   <div class='ocr_carea' id='block_1_22' title="bbox 228 2072 1821 2150">
    <p class='ocr_par' dir='ltr' id='par_1_22' title="bbox 228 2072 1821 2150">
     <span class='ocr_line' id='line_1_22' title="bbox 228 2072 1821 2150; baseline 0.001 -25"><span class='ocrx_word' id='word_1_135' title='bbox 228 2072 459 2145; x_wconf 61' lang='grc' dir='ltr'><strong><em>βασιλέα</em></strong></span> <span class='ocrx_word' id='word_1_136' title='bbox 514 2075 761 2149; x_wconf 72' lang='grc' dir='ltr'><strong><em>οὐράνιον,</em></strong></span> <span class='ocrx_word' id='word_1_137' title='bbox 813 2075 980 2137; x_wconf 85' lang='grc' dir='ltr'><strong><em>καθὼς</em></strong></span> <span class='ocrx_word' id='word_1_138' title='bbox 1034 2074 1283 2139; x_wconf 77' lang='grc' dir='ltr'><strong><em>πολλάκις</em></strong></span> <span class='ocrx_word' id='word_1_139' title='bbox 1349 2075 1642 2150; x_wconf 83' lang='grc' dir='ltr'><strong><em>εἰρήκαμεν.</em></strong></span> <span class='ocrx_word' id='word_1_140' title='bbox 1700 2083 1821 2129; x_wconf 84' lang='grc' dir='ltr'><strong><em>Συν-</em></strong></span> 
     </span>
    </p>
   </div>
   <div class='ocr_carea' id='block_1_23' title="bbox 234 2160 1818 2237">
    <p class='ocr_par' dir='ltr' id='par_1_23' title="bbox 234 2160 1818 2237">
     <span class='ocr_line' id='line_1_23' title="bbox 234 2160 1818 2237; baseline 0.003 -24"><span class='ocrx_word' id='word_1_141' title='bbox 234 2168 366 2236; x_wconf 84' lang='grc' dir='ltr'><strong><em>ἆραι</em></strong></span> <span class='ocrx_word' id='word_1_142' title='bbox 414 2160 473 2215; x_wconf 64' lang='grc' dir='ltr'><strong>δὲ</strong></span> <span class='ocrx_word' id='word_1_143' title='bbox 517 2164 679 2236; x_wconf 81' lang='grc' dir='ltr'><strong><em>λόγον,</em></strong></span> <span class='ocrx_word' id='word_1_144' title='bbox 715 2161 828 2217; x_wconf 85' lang='grc' dir='ltr'><strong><em>ἀντὶ</em></strong></span> <span class='ocrx_word' id='word_1_145' title='bbox 884 2171 995 2236; x_wconf 85' lang='grc' dir='ltr'><strong><em>τοῦ,</em></strong></span> <span class='ocrx_word' id='word_1_146' title='bbox 1046 2174 1264 2225; x_wconf 81' lang='grc' dir='ltr'><strong><em>κινῆσαι</em></strong></span> <span class='ocrx_word' id='word_1_147' title='bbox 1318 2165 1615 2237; x_wconf 83' lang='grc' dir='ltr'><strong><em>λογοθίσιον</em></strong></span> <span class='ocrx_word' id='word_1_148' title='bbox 1662 2170 1818 2237; x_wconf 84' lang='grc' dir='ltr'><strong><em>μέσον</em></strong></span> 
     </span>
    </p>
   </div>
   <div class='ocr_carea' id='block_1_24' title="bbox 236 2247 1819 2329">
    <p class='ocr_par' dir='ltr' id='par_1_24' title="bbox 236 2247 1819 2329">
     <span class='ocr_line' id='line_1_24' title="bbox 236 2247 1819 2329; baseline 0.003 -27"><span class='ocrx_word' id='word_1_149' title='bbox 236 2259 345 2302; x_wconf 81' lang='grc' dir='ltr'><strong>τῶν</strong></span> <span class='ocrx_word' id='word_1_150' title='bbox 378 2247 577 2303; x_wconf 73' lang='grc' dir='ltr'><strong><em>δοῦλων</em></strong></span> <span class='ocrx_word' id='word_1_151' title='bbox 604 2252 763 2320; x_wconf 79' lang='grc' dir='ltr'><strong><em>αὐτοῦ,</em></strong></span> <span class='ocrx_word' id='word_1_152' title='bbox 816 2252 999 2318; x_wconf 82' lang='grc' dir='ltr'><strong><em>οἵτινές</em></strong></span> <span class='ocrx_word' id='word_1_153' title='bbox 1048 2253 1177 2308; x_wconf 82' lang='grc' dir='ltr'><strong><em>εἰσιν</em></strong></span> <span class='ocrx_word' id='word_1_154' title='bbox 1209 2255 1257 2307; x_wconf 82' lang='grc' dir='ltr'><strong><em>οἱ</em></strong></span> <span class='ocrx_word' id='word_1_155' title='bbox 1313 2256 1598 2329; x_wconf 76' lang='grc' dir='ltr'><strong><em>ἄνθρωποι.</em></strong></span> <span class='ocrx_word' id='word_1_156' title='bbox 1652 2253 1819 2307; x_wconf 83' lang='grc' dir='ltr'><strong><em>Πλάτ-</em></strong></span> 
     </span>
    </p>
   </div>
   <div class='ocr_carea' id='block_1_25' title="bbox 240 2337 1818 2419">
    <p class='ocr_par' dir='ltr' id='par_1_25' title="bbox 240 2337 1818 2419">
     <span class='ocr_line' id='line_1_25' title="bbox 240 2337 1818 2419; baseline 0.001 -24"><span class='ocrx_word' id='word_1_157' title='bbox 240 2360 319 2395; x_wconf 79' lang='grc' dir='ltr'><strong>τει</strong></span> <span class='ocrx_word' id='word_1_158' title='bbox 352 2337 413 2394; x_wconf 75' lang='grc' dir='ltr'><strong><em>δὲ</em></strong></span> <span class='ocrx_word' id='word_1_159' title='bbox 453 2344 545 2399; x_wconf 71' lang='grc' dir='ltr'><strong><em>τὴν</em></strong></span> <span class='ocrx_word' id='word_1_160' title='bbox 579 2342 857 2417; x_wconf 57' lang='grc' dir='ltr'><strong><em>παραϐολὴν</em></strong></span> <span class='ocrx_word' id='word_1_161' title='bbox 905 2345 1121 2411; x_wconf 82' lang='grc' dir='ltr'><strong><em>ταύτην,</em></strong></span> <span class='ocrx_word' id='word_1_162' title='bbox 1157 2340 1326 2408; x_wconf 83' lang='grc' dir='ltr'><strong><em>δεῖξαι</em></strong></span> <span class='ocrx_word' id='word_1_163' title='bbox 1356 2342 1689 2419; x_wconf 83' lang='grc' dir='ltr'><strong><em>βουλόμενος,</em></strong></span> <span class='ocrx_word' id='word_1_164' title='bbox 1740 2347 1818 2397; x_wconf 84' lang='grc' dir='ltr'><strong><em>ὅτι</em></strong></span> 
     </span>
    </p>
   </div>
   <div class='ocr_carea' id='block_1_26' title="bbox 228 2432 1821 2513">
    <p class='ocr_par' dir='ltr' id='par_1_26' title="bbox 228 2432 1821 2513">
     <span class='ocr_line' id='line_1_26' title="bbox 228 2432 1821 2513; baseline 0.005 -32"><span class='ocrx_word' id='word_1_165' title='bbox 228 2432 256 2482; x_wconf 83' lang='grc' dir='ltr'><strong><em>ὁ</em></strong></span> <span class='ocrx_word' id='word_1_166' title='bbox 286 2434 365 2503; x_wconf 72' lang='grc' dir='ltr'><strong><em>μὴ</em></strong></span> <span class='ocrx_word' id='word_1_167' title='bbox 419 2440 701 2506; x_wconf 72' lang='grc' dir='ltr'><strong>συγχωρῶν</strong></span> <span class='ocrx_word' id='word_1_168' title='bbox 744 2440 816 2505; x_wconf 84' lang='grc' dir='ltr'><strong><em>τῷ</em></strong></span> <span class='ocrx_word' id='word_1_169' title='bbox 847 2433 916 2496; x_wconf 82' lang='grc' dir='ltr'><strong><em>εἰς</em></strong></span> <span class='ocrx_word' id='word_1_170' title='bbox 947 2433 1103 2487; x_wconf 75' lang='grc' dir='ltr'><strong><em>αὐτὸν</em></strong></span> <span class='ocrx_word' id='word_1_171' title='bbox 1149 2434 1499 2509; x_wconf 77' lang='grc' dir='ltr'><strong><em>ἁμαρτάνοντι</em></strong></span> <span class='ocrx_word' id='word_1_172' title='bbox 1547 2434 1821 2513; x_wconf 84' lang='grc' dir='ltr'><strong><em>ἀποστερεῖ</em></strong></span> 
     </span>
    </p>
   </div>
   <div class='ocr_carea' id='block_1_27' title="bbox 218 2519 1067 2596">
    <p class='ocr_par' dir='ltr' id='par_1_27' title="bbox 218 2519 1067 2596">
     <span class='ocr_line' id='line_1_27' title="bbox 218 2519 1067 2596; baseline 0.002 -23"><span class='ocrx_word' id='word_1_173' title='bbox 218 2519 401 2573; x_wconf 74' lang='grc' dir='ltr'><strong><em>ἑαυτὸν</em></strong></span> <span class='ocrx_word' id='word_1_174' title='bbox 426 2527 518 2572; x_wconf 81' lang='grc' dir='ltr'><strong><em>τοῦ</em></strong></span> <span class='ocrx_word' id='word_1_175' title='bbox 546 2523 691 2596; x_wconf 87' lang='grc' dir='ltr'><strong>παρά</strong></span> <span class='ocrx_word' id='word_1_176' title='bbox 717 2529 851 2577; x_wconf 84' lang='grc' dir='ltr'><strong><em>Θεοῦ</em></strong></span> <span class='ocrx_word' id='word_1_177' title='bbox 880 2522 1067 2587; x_wconf 77' lang='grc' dir='ltr'><strong><em>ἕλίους.</em></strong></span> 
     </span>
    </p>
   </div>
   <div class='ocr_carea' id='block_1_28' title="bbox 282 2609 1815 2683">
    <p class='ocr_par' dir='ltr' id='par_1_28' title="bbox 282 2609 1815 2683">
     <span class='ocr_line' id='line_1_28' title="bbox 282 2609 1815 2683; baseline 0.006 -19"><span class='ocrx_word' id='word_1_178' title='bbox 282 2609 606 2683; x_wconf 79' lang='grc' dir='ltr'><strong><em>Ἀρξαμένου</em></strong></span> <span class='ocrx_word' id='word_1_179' title='bbox 670 2641 739 2653; x_wconf 90' lang='grc'><strong><em>-</em></strong></span> <span class='ocrx_word' id='word_1_180' title='bbox 808 2612 1089 2670; x_wconf 89' lang='grc' dir='ltr'><strong><em>ταλάντων.</em></strong></span> <span class='ocrx_word' id='word_1_181' title='bbox 1147 2612 1231 2675; x_wconf 82' lang='grc' dir='ltr'><strong>Εἷς</strong></span> <span class='ocrx_word' id='word_1_182' title='bbox 1299 2611 1480 2678; x_wconf 85' lang='grc' dir='ltr'><strong><em>δοῦλος</em></strong></span> <span class='ocrx_word' id='word_1_183' title='bbox 1552 2613 1815 2676; x_wconf 88' lang='grc' dir='ltr'><strong><em>δηλονότι.</em></strong></span> 
     </span>
    </p>
   </div>
   <div class='ocr_carea' id='block_1_29' title="bbox 205 2697 1817 2782">
    <p class='ocr_par' dir='ltr' id='par_1_29' title="bbox 205 2697 1817 2782">
     <span class='ocr_line' id='line_1_29' title="bbox 205 2697 1817 2782; baseline 0.005 -30"><span class='ocrx_word' id='word_1_184' title='bbox 205 2697 371 2775; x_wconf 86' lang='grc' dir='ltr'><strong><em>Ὀπερ</em></strong></span> <span class='ocrx_word' id='word_1_185' title='bbox 420 2697 482 2753; x_wconf 80' lang='grc' dir='ltr'><strong><em>δέ</em></strong></span> <span class='ocrx_word' id='word_1_186' title='bbox 514 2699 628 2755; x_wconf 81' lang='grc' dir='ltr'><strong><em>ἐστι</em></strong></span> <span class='ocrx_word' id='word_1_187' title='bbox 650 2701 777 2775; x_wconf 87' lang='grc' dir='ltr'><strong><em>παρ’</em></strong></span> <span class='ocrx_word' id='word_1_188' title='bbox 810 2703 932 2777; x_wconf 59' lang='lat' dir='ltr'><strong>ripis</strong></span> <span class='ocrx_word' id='word_1_189' title='bbox 984 2704 1014 2763; x_wconf 76' lang='grc' dir='ltr'>ἡ</span> <span class='ocrx_word' id='word_1_190' title='bbox 1065 2703 1215 2780; x_wconf 87' lang='grc' dir='ltr'><strong><em>λίτρα</em></strong></span> <span class='ocrx_word' id='word_1_191' title='bbox 1256 2712 1349 2758; x_wconf 85' lang='grc' dir='ltr'><strong><em>τοῦ</em></strong></span> <span class='ocrx_word' id='word_1_192' title='bbox 1393 2714 1625 2782; x_wconf 84' lang='grc' dir='ltr'><strong><em>χρυσοῦ,</em></strong></span> <span class='ocrx_word' id='word_1_193' title='bbox 1668 2714 1817 2760; x_wconf 82' lang='grc' dir='ltr'><strong><em>τοῦτο</em></strong></span> 
     </span>
    </p>
   </div>
   <div class='ocr_carea' id='block_1_30' title="bbox 211 2791 1817 2873">
    <p class='ocr_par' dir='ltr' id='par_1_30' title="bbox 211 2791 1817 2873">
     <span class='ocr_line' id='line_1_30' title="bbox 211 2791 1817 2873; baseline 0.004 -32"><span class='ocrx_word' id='word_1_194' title='bbox 211 2791 353 2866; x_wconf 80' lang='grc' dir='ltr'><strong><em>παρὰ</em></strong></span> <span class='ocrx_word' id='word_1_195' title='bbox 405 2798 517 2854; x_wconf 89' lang='grc' dir='ltr'><strong><em>τοῖς</em></strong></span> <span class='ocrx_word' id='word_1_196' title='bbox 570 2791 827 2868; x_wconf 80' lang='grc' dir='ltr'><strong><em>Ἑϐραίοις</em></strong></span> <span class='ocrx_word' id='word_1_197' title='bbox 873 2795 932 2846; x_wconf 90' lang='grc' dir='ltr'><strong><em>τὸ</em></strong></span> <span class='ocrx_word' id='word_1_198' title='bbox 982 2794 1248 2851; x_wconf 84' lang='grc' dir='ltr'><strong><em>τάλαντον.</em></strong></span> <span class='ocrx_word' id='word_1_199' title='bbox 1307 2798 1545 2869; x_wconf 88' lang='grc' dir='ltr'><strong><em>Σταθμός</em></strong></span> <span class='ocrx_word' id='word_1_200' title='bbox 1598 2799 1700 2873; x_wconf 82' lang='grc' dir='ltr'><strong><em>γὰρ</em></strong></span> <span class='ocrx_word' id='word_1_201' title='bbox 1756 2793 1817 2857; x_wconf 80' lang='grc' dir='ltr'><strong><em>ἦν</em></strong></span> 
     </span>
    </p>
   </div>
   <div class='ocr_carea' id='block_1_31' title="bbox 210 2881 1815 2961">
    <p class='ocr_par' dir='ltr' id='par_1_31' title="bbox 210 2881 1815 2961">
     <span class='ocr_line' id='line_1_31' title="bbox 210 2881 1815 2961; baseline 0.005 -30"><span class='ocrx_word' id='word_1_202' title='bbox 210 2885 548 2953; x_wconf 73' lang='grc' dir='ltr'><strong><em>νομισμάτων</em></strong></span> <span class='ocrx_word' id='word_1_203' title='bbox 600 2881 1033 2956; x_wconf 81' lang='grc' dir='ltr'><strong><em>πολυτιμότατος,</em></strong></span> <span class='ocrx_word' id='word_1_204' title='bbox 1084 2889 1171 2938; x_wconf 80' lang='grc' dir='ltr'><strong><em>καὶ</em></strong></span> <span class='ocrx_word' id='word_1_205' title='bbox 1204 2894 1303 2938; x_wconf 86' lang='grc' dir='ltr'><strong>τῶν</strong></span> <span class='ocrx_word' id='word_1_206' title='bbox 1351 2885 1515 2938; x_wconf 80' lang='grc' dir='ltr'><strong><em>ἄλλων</em></strong></span> <span class='ocrx_word' id='word_1_207' title='bbox 1575 2889 1815 2961; x_wconf 82' lang='grc' dir='ltr'><strong><em>σταθμῶν</em></strong></span> 
     </span>
    </p>
   </div>
   <div class='ocr_carea' id='block_1_32' title="bbox 213 2969 591 3043">
    <p class='ocr_par' dir='ltr' id='par_1_32' title="bbox 213 2969 591 3043">
     <span class='ocr_line' id='line_1_32' title="bbox 213 2969 591 3043; baseline 0.013 -22"><span class='ocrx_word' id='word_1_208' title='bbox 213 2969 591 3043; x_wconf 76' lang='grc' dir='ltr'><strong><em>ὑπερκείμενος.</em></strong></span> 
     </span>
    </p>
   </div>
   <div class='ocr_carea' id='block_1_33' title="bbox 281 3058 1817 3135">
    <p class='ocr_par' dir='ltr' id='par_1_33' title="bbox 281 3058 1817 3135">
     <span class='ocr_line' id='line_1_33' title="bbox 281 3058 1817 3135; baseline 0.003 -22"><span class='ocrx_word' id='word_1_209' title='bbox 281 3065 367 3117; x_wconf 76' lang='grc' dir='ltr'><strong>Μὴ</strong></span> <span class='ocrx_word' id='word_1_210' title='bbox 427 3062 640 3133; x_wconf 77' lang='grc' dir='ltr'><strong><em>ἔχοντος</em></strong></span> <span class='ocrx_word' id='word_1_211' title='bbox 700 3058 760 3115; x_wconf 64' lang='grc' dir='ltr'><strong><em>δὲ</em></strong></span> <span class='ocrx_word' id='word_1_212' title='bbox 815 3093 885 3103; x_wconf 91' lang='grc'><strong>-</strong></span> <span class='ocrx_word' id='word_1_213' title='bbox 938 3068 1027 3117; x_wconf 81' lang='grc' dir='ltr'><strong><em>καὶ</em></strong></span> <span class='ocrx_word' id='word_1_214' title='bbox 1107 3061 1454 3135; x_wconf 83' lang='grc' dir='ltr'><strong><em>ἀποδοθῆναι,</em></strong></span> <span class='ocrx_word' id='word_1_215' title='bbox 1524 3060 1817 3126; x_wconf 84' lang='grc' dir='ltr'><strong><em>Ἀποδοθῆ-</em></strong></span> 
     </span>
    </p>
   </div>
   <div class='ocr_carea' id='block_1_34' title="bbox 210 3150 1815 3227">
    <p class='ocr_par' dir='ltr' id='par_1_34' title="bbox 210 3150 1815 3227">
     <span class='ocr_line' id='line_1_34' title="bbox 210 3150 1815 3227; baseline 0.005 -27"><span class='ocrx_word' id='word_1_216' title='bbox 210 3169 293 3200; x_wconf 87' lang='grc' dir='ltr'><strong>ναι</strong></span> <span class='ocrx_word' id='word_1_217' title='bbox 340 3152 399 3202; x_wconf 87' lang='grc' dir='ltr'><strong><em>τὸ</em></strong></span> <span class='ocrx_word' id='word_1_218' title='bbox 446 3154 607 3226; x_wconf 79' lang='grc' dir='ltr'><strong><em>χρέος</em></strong></span> <span class='ocrx_word' id='word_1_219' title='bbox 661 3153 892 3215; x_wconf 89' lang='grc' dir='ltr'><strong><em>πάντως.</em></strong></span> <span class='ocrx_word' id='word_1_220' title='bbox 957 3151 1068 3207; x_wconf 67' lang='grc' dir='ltr'><strong><em>Οὐκ</em></strong></span> <span class='ocrx_word' id='word_1_221' title='bbox 1121 3150 1175 3217; x_wconf 72' lang='grc' dir='ltr'><strong>ἕξ</strong></span> <span class='ocrx_word' id='word_1_222' title='bbox 1236 3154 1499 3227; x_wconf 78' lang='grc' dir='ltr'><strong><em>ὠμότητος</em></strong></span> <span class='ocrx_word' id='word_1_223' title='bbox 1552 3152 1612 3209; x_wconf 63' lang='grc' dir='ltr'><strong><em>δι</em></strong></span> <span class='ocrx_word' id='word_1_224' title='bbox 1666 3163 1815 3208; x_wconf 82' lang='grc' dir='ltr'><strong><em>τοῦτο</em></strong></span> 
     </span>
    </p>
   </div>
   <div class='ocr_carea' id='block_1_35' title="bbox 1932 614 3585 689">
    <p class='ocr_par' dir='ltr' id='par_1_35' title="bbox 1932 614 3585 689">
     <span class='ocr_line' id='line_1_35' title="bbox 1932 614 3585 689; baseline -0.01 -6"><span class='ocrx_word' id='word_1_225' title='bbox 1932 617 2201 689; x_wconf 75' lang='grc' dir='ltr'><strong><em>μυριάκις.</em></strong></span> <span class='ocrx_word' id='word_1_226' title='bbox 2234 616 2348 673; x_wconf 89' lang='lat' dir='ltr'><strong>hoc</strong></span> <span class='ocrx_word' id='word_1_227' title='bbox 2378 621 2483 686; x_wconf 89' lang='lat' dir='ltr'><strong>est,</strong></span> <span class='ocrx_word' id='word_1_228' title='bbox 2508 618 2686 675; x_wconf 81' lang='lat' dir='ltr'><strong>decies</strong></span> <span class='ocrx_word' id='word_1_229' title='bbox 2712 619 2935 687; x_wconf 78' lang='lat' dir='ltr'><strong>millies,</strong></span> <span class='ocrx_word' id='word_1_230' title='bbox 2985 614 3285 688; x_wconf 87' lang='lat' dir='ltr'><strong>signiﬁcat</strong></span> <span class='ocrx_word' id='word_1_231' title='bbox 3306 616 3585 684; x_wconf 79' lang='lat' dir='ltr'><strong>frequen-</strong></span> 
     </span>
    </p>
   </div>
   <div class='ocr_carea' id='block_1_36' title="bbox 1934 703 3579 779">
    <p class='ocr_par' dir='ltr' id='par_1_36' title="bbox 1934 703 3579 779">
     <span class='ocr_line' id='line_1_36' title="bbox 1934 703 3579 779; baseline -0.001 -20"><span class='ocrx_word' id='word_1_232' title='bbox 1934 709 2038 771; x_wconf 80' lang='lat' dir='ltr'><strong>ter,</strong></span> <span class='ocrx_word' id='word_1_233' title='bbox 2071 705 2236 777; x_wconf 88' lang='lat' dir='ltr'><strong>apud</strong></span> <span class='ocrx_word' id='word_1_234' title='bbox 2248 708 2499 772; x_wconf 63' lang='lat' dir='ltr'><strong>Grascos,</strong></span> <span class='ocrx_word' id='word_1_235' title='bbox 2526 708 2605 765; x_wconf 87' lang='lat' dir='ltr'><strong>ita</strong></span> <span class='ocrx_word' id='word_1_236' title='bbox 2628 724 2773 765; x_wconf 92' lang='lat' dir='ltr'><strong>sane</strong></span> <span class='ocrx_word' id='word_1_237' title='bbox 2790 711 3063 779; x_wconf 83' lang='lat' dir='ltr'><strong>etsepties</strong></span> <span class='ocrx_word' id='word_1_238' title='bbox 3080 705 3244 779; x_wconf 88' lang='lat' dir='ltr'><strong>apud</strong></span> <span class='ocrx_word' id='word_1_239' title='bbox 3261 703 3541 760; x_wconf 67' lang='lat' dir='ltr'><strong>Hebraeos</strong></span> <span class='ocrx_word' id='word_1_240' title='bbox 3560 718 3579 771; x_wconf 85' lang='lat'><strong>;</strong></span> 
     </span>
    </p>
   </div>
   <div class='ocr_carea' id='block_1_37' title="bbox 1935 790 3583 869">
    <p class='ocr_par' dir='ltr' id='par_1_37' title="bbox 1935 790 3583 869">
     <span class='ocr_line' id='line_1_37' title="bbox 1935 790 3583 869; baseline -0.002 -21"><span class='ocrx_word' id='word_1_241' title='bbox 1935 796 1993 848; x_wconf 90' lang='lat' dir='ltr'><strong>et</strong></span> <span class='ocrx_word' id='word_1_242' title='bbox 2021 793 2209 851; x_wconf 92' lang='lat' dir='ltr'><strong>multo</strong></span> <span class='ocrx_word' id='word_1_243' title='bbox 2260 795 2453 867; x_wconf 89' lang='lat' dir='ltr'><strong>magis</strong></span> <span class='ocrx_word' id='word_1_244' title='bbox 2480 797 2849 869; x_wconf 82' lang='lat' dir='ltr'><strong>septuagies;</strong></span> <span class='ocrx_word' id='word_1_245' title='bbox 2893 813 2963 854; x_wconf 90' lang='lat' dir='ltr'><strong>ac</strong></span> <span class='ocrx_word' id='word_1_246' title='bbox 3013 796 3261 867; x_wconf 80' lang='lat' dir='ltr'><strong>insuper</strong></span> <span class='ocrx_word' id='word_1_247' title='bbox 3305 790 3473 865; x_wconf 90' lang='lat' dir='ltr'><strong>quod</strong></span> <span class='ocrx_word' id='word_1_248' title='bbox 3508 804 3583 846; x_wconf 89' lang='lat' dir='ltr'><strong>ex</strong></span> 
     </span>
    </p>
   </div>
   <div class='ocr_carea' id='block_1_38' title="bbox 1934 885 3331 959">
    <p class='ocr_par' dir='ltr' id='par_1_38' title="bbox 1934 885 3331 959">
     <span class='ocr_line' id='line_1_38' title="bbox 1934 885 3331 959; baseline -0.001 -20"><span class='ocrx_word' id='word_1_249' title='bbox 1934 887 2188 956; x_wconf 88' lang='lat' dir='ltr'><strong>utroque</strong></span> <span class='ocrx_word' id='word_1_250' title='bbox 2212 886 2615 953; x_wconf 87' lang='lat' dir='ltr'><strong>compositum</strong></span> <span class='ocrx_word' id='word_1_251' title='bbox 2642 893 2729 944; x_wconf 88' lang='lat' dir='ltr'><strong>est</strong></span> <span class='ocrx_word' id='word_1_252' title='bbox 2746 888 3070 959; x_wconf 74' lang='lat' dir='ltr'><strong>septuagies</strong></span> <span class='ocrx_word' id='word_1_253' title='bbox 3098 885 3331 955; x_wconf 80' lang='lat' dir='ltr'><strong>septies.</strong></span> 
     </span>
    </p>
   </div>
   <div class='ocr_carea' id='block_1_39' title="bbox 2002 1078 3583 1157">
    <p class='ocr_par' dir='ltr' id='par_1_39' title="bbox 2002 1078 3583 1157">
     <span class='ocr_line' id='line_1_39' title="bbox 2002 1078 3583 1157; baseline -0.003 -19"><span class='ocrx_word' id='word_1_254' title='bbox 2002 1081 2151 1150; x_wconf 89' lang='lat' dir='ltr'><strong>Quia</strong></span> <span class='ocrx_word' id='word_1_255' title='bbox 2179 1097 2322 1154; x_wconf 90' lang='lat' dir='ltr'><strong>ergo</strong></span> <span class='ocrx_word' id='word_1_256' title='bbox 2341 1083 2619 1141; x_wconf 87' lang='lat' dir='ltr'><strong>inﬁnities</strong></span> <span class='ocrx_word' id='word_1_257' title='bbox 2665 1085 2729 1142; x_wconf 91' lang='lat' dir='ltr'><strong>in</strong></span> <span class='ocrx_word' id='word_1_258' title='bbox 2751 1087 2940 1141; x_wconf 90' lang='lat' dir='ltr'><strong>Deum</strong></span> <span class='ocrx_word' id='word_1_259' title='bbox 2962 1096 3304 1157; x_wconf 83' lang='lat' dir='ltr'><strong>peccamus,</strong></span> <span class='ocrx_word' id='word_1_260' title='bbox 3336 1078 3583 1136; x_wconf 90' lang='lat' dir='ltr'><strong>inﬁnitis</strong></span> 
     </span>
    </p>
   </div>
   <div class='ocr_carea' id='block_1_40' title="bbox 1930 1168 3581 1246">
    <p class='ocr_par' dir='ltr' id='par_1_40' title="bbox 1930 1168 3581 1246">
     <span class='ocr_line' id='line_1_40' title="bbox 1930 1168 3581 1246; baseline 0 -21"><span class='ocrx_word' id='word_1_261' title='bbox 1930 1169 2163 1227; x_wconf 87' lang='lat' dir='ltr'><strong>vicibus</strong></span> <span class='ocrx_word' id='word_1_262' title='bbox 2178 1171 2357 1243; x_wconf 83' lang='lat' dir='ltr'><strong>jussit</strong></span> <span class='ocrx_word' id='word_1_263' title='bbox 2385 1171 2693 1242; x_wconf 80' lang='lat' dir='ltr'><strong>ignoscere</strong></span> <span class='ocrx_word' id='word_1_264' title='bbox 2715 1174 2809 1230; x_wconf 87' lang='lat' dir='ltr'><strong>his</strong></span> <span class='ocrx_word' id='word_1_265' title='bbox 2839 1173 2944 1246; x_wconf 88' lang='lat' dir='ltr'><strong>qui</strong></span> <span class='ocrx_word' id='word_1_266' title='bbox 2964 1172 3023 1228; x_wconf 92' lang='lat' dir='ltr'><strong>in</strong></span> <span class='ocrx_word' id='word_1_267' title='bbox 3061 1186 3175 1228; x_wconf 89' lang='lat' dir='ltr'><strong>nos</strong></span> <span class='ocrx_word' id='word_1_268' title='bbox 3205 1168 3581 1241; x_wconf 89' lang='lat' dir='ltr'><strong>delinquunt,</strong></span> 
     </span>
    </p>
   </div>
   <div class='ocr_carea' id='block_1_41' title="bbox 1934 1256 3585 1335">
    <p class='ocr_par' dir='ltr' id='par_1_41' title="bbox 1934 1256 3585 1335">
     <span class='ocr_line' id='line_1_41' title="bbox 1934 1256 3585 1335; baseline -0.001 -21"><span class='ocrx_word' id='word_1_269' title='bbox 1934 1259 1984 1314; x_wconf 91' lang='lat' dir='ltr'><strong>si</strong></span> <span class='ocrx_word' id='word_1_270' title='bbox 2009 1275 2241 1331; x_wconf 84' lang='lat' dir='ltr'><strong>semper</strong></span> <span class='ocrx_word' id='word_1_271' title='bbox 2267 1262 2657 1335; x_wconf 88' lang='lat' dir='ltr'><strong>resipiscant:</strong></span> <span class='ocrx_word' id='word_1_272' title='bbox 2688 1278 2826 1320; x_wconf 88' lang='lat' dir='ltr'><strong>eum</strong></span> <span class='ocrx_word' id='word_1_273' title='bbox 2857 1275 3121 1335; x_wconf 87' lang='lat' dir='ltr'><strong>namque</strong></span> <span class='ocrx_word' id='word_1_274' title='bbox 3141 1260 3246 1333; x_wconf 87' lang='lat' dir='ltr'><strong>qui</strong></span> <span class='ocrx_word' id='word_1_275' title='bbox 3270 1272 3394 1315; x_wconf 88' lang='lat' dir='ltr'><strong>non</strong></span> <span class='ocrx_word' id='word_1_276' title='bbox 3444 1256 3585 1314; x_wconf 87' lang='lat' dir='ltr'><strong>resi-</strong></span> 
     </span>
    </p>
   </div>
   <div class='ocr_carea' id='block_1_42' title="bbox 1932 1347 3583 1423">
    <p class='ocr_par' dir='ltr' id='par_1_42' title="bbox 1932 1347 3583 1423">
     <span class='ocr_line' id='line_1_42' title="bbox 1932 1347 3583 1423; baseline -0.001 -20"><span class='ocrx_word' id='word_1_277' title='bbox 1932 1348 2128 1421; x_wconf 90' lang='lat' dir='ltr'><strong>piscit,</strong></span> <span class='ocrx_word' id='word_1_278' title='bbox 2172 1354 2306 1421; x_wconf 90' lang='lat' dir='ltr'><strong>post</strong></span> <span class='ocrx_word' id='word_1_279' title='bbox 2338 1353 2569 1409; x_wconf 84' lang='lat' dir='ltr'><strong>tertiam</strong></span> <span class='ocrx_word' id='word_1_280' title='bbox 2594 1352 2985 1410; x_wconf 88' lang='lat' dir='ltr'><strong>monitionem</strong></span> <span class='ocrx_word' id='word_1_281' title='bbox 3028 1348 3233 1423; x_wconf 83' lang='lat' dir='ltr'><strong>repelli</strong></span> <span class='ocrx_word' id='word_1_282' title='bbox 3257 1347 3434 1421; x_wconf 89' lang='lat' dir='ltr'><strong>jussit</strong></span> <span class='ocrx_word' id='word_1_283' title='bbox 3453 1350 3583 1403; x_wconf 88' lang='lat' dir='ltr'><strong>tan-</strong></span> 
     </span>
    </p>
   </div>
   <div class='ocr_carea' id='block_1_43' title="bbox 1932 1434 3580 1513">
    <p class='ocr_par' dir='ltr' id='par_1_43' title="bbox 1932 1434 3580 1513">
     <span class='ocr_line' id='line_1_43' title="bbox 1932 1434 3580 1513; baseline -0.002 -20"><span class='ocrx_word' id='word_1_284' title='bbox 1932 1452 2119 1509; x_wconf 88' lang='lat' dir='ltr'><strong>quam</strong></span> <span class='ocrx_word' id='word_1_285' title='bbox 2151 1437 2451 1495; x_wconf 86' lang='lat' dir='ltr'><strong>ethnicum</strong></span> <span class='ocrx_word' id='word_1_286' title='bbox 2484 1444 2540 1496; x_wconf 90' lang='lat' dir='ltr'><strong>et</strong></span> <span class='ocrx_word' id='word_1_287' title='bbox 2586 1440 2978 1513; x_wconf 83' lang='lat' dir='ltr'><strong>publicanum</strong></span> <span class='ocrx_word' id='word_1_288' title='bbox 3010 1455 3026 1506; x_wconf 89' lang='lat'><strong>;</strong></span> <span class='ocrx_word' id='word_1_289' title='bbox 3060 1435 3371 1511; x_wconf 89' lang='lat' dir='ltr'><strong>quomodo</strong></span> <span class='ocrx_word' id='word_1_290' title='bbox 3418 1434 3580 1492; x_wconf 90' lang='lat' dir='ltr'><strong>enim</strong></span> 
     </span>
    </p>
   </div>
   <div class='ocr_carea' id='block_1_44' title="bbox 1932 1524 3437 1601">
    <p class='ocr_par' dir='ltr' id='par_1_44' title="bbox 1932 1524 3437 1601">
     <span class='ocr_line' id='line_1_44' title="bbox 1932 1524 3437 1601; baseline -0.001 -19"><span class='ocrx_word' id='word_1_291' title='bbox 1932 1526 2186 1583; x_wconf 81' lang='lat' dir='ltr'><strong>remittet</strong></span> <span class='ocrx_word' id='word_1_292' title='bbox 2207 1528 2341 1599; x_wconf 86' lang='lat' dir='ltr'><strong>quis</strong></span> <span class='ocrx_word' id='word_1_293' title='bbox 2365 1528 2419 1584; x_wconf 89' lang='lat' dir='ltr'><strong>ei</strong></span> <span class='ocrx_word' id='word_1_294' title='bbox 2444 1528 2549 1601; x_wconf 89' lang='lat' dir='ltr'><strong>qui</strong></span> <span class='ocrx_word' id='word_1_295' title='bbox 2574 1530 2987 1586; x_wconf 82' lang='lat' dir='ltr'><strong>remissionem</strong></span> <span class='ocrx_word' id='word_1_296' title='bbox 3013 1541 3137 1584; x_wconf 91' lang='lat' dir='ltr'><strong>non</strong></span> <span class='ocrx_word' id='word_1_297' title='bbox 3166 1524 3380 1599; x_wconf 68' lang='lat' dir='ltr'><strong>quaerit</strong></span> <span class='ocrx_word' id='word_1_298' title='bbox 3408 1524 3437 1580; x_wconf 78' lang='lat' dir='ltr'><strong>‘l</strong></span> 
     </span>
    </p>
   </div>
   <div class='ocr_carea' id='block_1_45' title="bbox 2004 1639 3583 1717">
    <p class='ocr_par' dir='ltr' id='par_1_45' title="bbox 2004 1639 3583 1717">
     <span class='ocr_line' id='line_1_45' title="bbox 2004 1639 3583 1717; baseline -0.003 -18"><span class='ocrx_word' id='word_1_299' title='bbox 2004 1644 2154 1699; x_wconf 84' lang='lat' dir='ltr'><strong>CAP.</strong></span> <span class='ocrx_word' id='word_1_300' title='bbox 2181 1644 2421 1701; x_wconf 80' lang='lat' dir='ltr'><strong>XXXIX.</strong></span> <span class='ocrx_word' id='word_1_301' title='bbox 2445 1646 2533 1701; x_wconf 87' lang='lat' dir='ltr'><strong>De</strong></span> <span class='ocrx_word' id='word_1_302' title='bbox 2561 1660 2646 1712; x_wconf 90' lang='lat' dir='ltr'><strong>eo,</strong></span> <span class='ocrx_word' id='word_1_303' title='bbox 2674 1645 2778 1717; x_wconf 86' lang='lat' dir='ltr'><strong>qui</strong></span> <span class='ocrx_word' id='word_1_304' title='bbox 2806 1644 3051 1703; x_wconf 80' lang='lat' dir='ltr'><strong>debebat</strong></span> <span class='ocrx_word' id='word_1_305' title='bbox 3076 1643 3267 1699; x_wconf 78' lang='lat' dir='ltr'><strong>decem</strong></span> <span class='ocrx_word' id='word_1_306' title='bbox 3287 1639 3475 1697; x_wconf 85' lang='lat' dir='ltr'><strong>millia</strong></span> <span class='ocrx_word' id='word_1_307' title='bbox 3492 1645 3583 1696; x_wconf 84' lang='lat' dir='ltr'><strong>ta-</strong></span> 
     </span>
    </p>
   </div>
   <div class='ocr_carea' id='block_1_46' title="bbox 2594 1734 2901 1792">
    <p class='ocr_par' dir='ltr' id='par_1_46' title="bbox 2594 1734 2901 1792">
     <span class='ocr_line' id='line_1_46' title="bbox 2594 1734 2901 1792; baseline 0.003 -4"><span class='ocrx_word' id='word_1_308' title='bbox 2594 1734 2901 1792; x_wconf 83' lang='lat' dir='ltr'><strong>lentarum.</strong></span> 
     </span>
    </p>
   </div>
   <div class='ocr_carea' id='block_1_47' title="bbox 2002 1818 3577 1895">
    <p class='ocr_par' dir='ltr' id='par_1_47' title="bbox 2002 1818 3577 1895">
     <span class='ocr_line' id='line_1_47' title="bbox 2002 1818 3577 1895; baseline 0 -18"><span class='ocrx_word' id='word_1_309' title='bbox 2002 1823 2165 1877; x_wconf 85' lang='lat' dir='ltr'><strong>Vers.</strong></span> <span class='ocrx_word' id='word_1_310' title='bbox 2192 1822 2281 1878; x_wconf 86' lang='lat'><strong>23.</strong></span> <span class='ocrx_word' id='word_1_311' title='bbox 2310 1823 2634 1893; x_wconf 77' lang='lat' dir='ltr'><strong>Propterea</strong></span> <span class='ocrx_word' id='word_1_312' title='bbox 2687 1856 2755 1865; x_wconf 93' lang='lat'><strong>——</strong></span> <span class='ocrx_word' id='word_1_313' title='bbox 2798 1823 2937 1881; x_wconf 82' lang='lat' dir='ltr'><strong>suis.</strong></span> <span class='ocrx_word' id='word_1_314' title='bbox 2969 1823 3308 1895; x_wconf 83' lang='lat' dir='ltr'><strong>Propterea,</strong></span> <span class='ocrx_word' id='word_1_315' title='bbox 3342 1818 3577 1893; x_wconf 78' lang='lat' dir='ltr'><strong>quare?</strong></span> 
     </span>
    </p>
   </div>
   <div class='ocr_carea' id='block_1_48' title="bbox 1931 1910 3581 1985">
    <p class='ocr_par' dir='ltr' id='par_1_48' title="bbox 1931 1910 3581 1985">
     <span class='ocr_line' id='line_1_48' title="bbox 1931 1910 3581 1985; baseline 0.001 -19"><span class='ocrx_word' id='word_1_316' title='bbox 1931 1910 2080 1978; x_wconf 86' lang='lat' dir='ltr'><strong>Quia</strong></span> <span class='ocrx_word' id='word_1_317' title='bbox 2108 1916 2338 1984; x_wconf 88' lang='lat' dir='ltr'><strong>oportet</strong></span> <span class='ocrx_word' id='word_1_318' title='bbox 2377 1911 2431 1968; x_wconf 91' lang='lat' dir='ltr'><strong>ei</strong></span> <span class='ocrx_word' id='word_1_319' title='bbox 2499 1929 2728 1985; x_wconf 87' lang='lat' dir='ltr'><strong>semper</strong></span> <span class='ocrx_word' id='word_1_320' title='bbox 2757 1915 3065 1983; x_wconf 82' lang='lat' dir='ltr'><strong>ignoscere</strong></span> <span class='ocrx_word' id='word_1_321' title='bbox 3089 1911 3192 1985; x_wconf 91' lang='lat' dir='ltr'><strong>qui</strong></span> <span class='ocrx_word' id='word_1_322' title='bbox 3216 1926 3455 1982; x_wconf 86' lang='lat' dir='ltr'><strong>semper</strong></span> <span class='ocrx_word' id='word_1_323' title='bbox 3491 1926 3581 1967; x_wconf 90' lang='lat' dir='ltr'><strong>re-</strong></span> 
     </span>
    </p>
   </div>
   <div class='ocr_carea' id='block_1_49' title="bbox 1929 2000 3582 2073">
    <p class='ocr_par' dir='ltr' id='par_1_49' title="bbox 1929 2000 3582 2073">
     <span class='ocr_line' id='line_1_49' title="bbox 1929 2000 3582 2073; baseline 0.001 -18"><span class='ocrx_word' id='word_1_324' title='bbox 1929 2000 2166 2071; x_wconf 89' lang='lat' dir='ltr'><strong>sipiscit.</strong></span> <span class='ocrx_word' id='word_1_325' title='bbox 2197 2000 2469 2072; x_wconf 86' lang='lat' dir='ltr'><strong>Regnum</strong></span> <span class='ocrx_word' id='word_1_326' title='bbox 2486 2006 2685 2058; x_wconf 89' lang='lat' dir='ltr'><strong>autem</strong></span> <span class='ocrx_word' id='word_1_327' title='bbox 2704 2002 2992 2058; x_wconf 63' lang='lat' dir='ltr'><strong>caelorum</strong></span> <span class='ocrx_word' id='word_1_328' title='bbox 3018 2001 3278 2073; x_wconf 88' lang='lat' dir='ltr'><strong>seipsum</strong></span> <span class='ocrx_word' id='word_1_329' title='bbox 3305 2015 3462 2055; x_wconf 90' lang='lat' dir='ltr'><strong>nunc</strong></span> <span class='ocrx_word' id='word_1_330' title='bbox 3476 2015 3582 2073; x_wconf 91' lang='lat' dir='ltr'><strong>ap-</strong></span> 
     </span>
    </p>
   </div>
   <div class='ocr_carea' id='block_1_50' title="bbox 1927 2087 3582 2164">
    <p class='ocr_par' dir='ltr' id='par_1_50' title="bbox 1927 2087 3582 2164">
     <span class='ocr_line' id='line_1_50' title="bbox 1927 2087 3582 2164; baseline 0 -19"><span class='ocrx_word' id='word_1_331' title='bbox 1927 2088 2107 2161; x_wconf 88' lang='lat' dir='ltr'><strong>pellat</strong></span> <span class='ocrx_word' id='word_1_332' title='bbox 2135 2094 2425 2163; x_wconf 88' lang='lat' dir='ltr'><strong>tanquam</strong></span> <span class='ocrx_word' id='word_1_333' title='bbox 2450 2106 2650 2162; x_wconf 90' lang='lat' dir='ltr'><strong>regem</strong></span> <span class='ocrx_word' id='word_1_334' title='bbox 2708 2090 3025 2158; x_wconf 70' lang='lat' dir='ltr'><strong>ccelestem,</strong></span> <span class='ocrx_word' id='word_1_335' title='bbox 3058 2094 3234 2164; x_wconf 89' lang='lat' dir='ltr'><strong>prout</strong></span> <span class='ocrx_word' id='word_1_336' title='bbox 3279 2105 3438 2163; x_wconf 66' lang='lat' dir='ltr'><strong>saepe</strong></span> <span class='ocrx_word' id='word_1_337' title='bbox 3494 2087 3582 2146; x_wconf 89' lang='lat' dir='ltr'><strong>di-</strong></span> 
     </span>
    </p>
   </div>
   <div class='ocr_carea' id='block_1_51' title="bbox 1924 2179 3581 2247">
    <p class='ocr_par' dir='ltr' id='par_1_51' title="bbox 1924 2179 3581 2247">
     <span class='ocr_line' id='line_1_51' title="bbox 1924 2179 3581 2247; baseline -0.001 -11"><span class='ocrx_word' id='word_1_338' title='bbox 1924 2179 2147 2236; x_wconf 83' lang='lat' dir='ltr'><strong>ximus.</strong></span> <span class='ocrx_word' id='word_1_339' title='bbox 2186 2179 2461 2237; x_wconf 85' lang='lat' dir='ltr'><strong>Conferre</strong></span> <span class='ocrx_word' id='word_1_340' title='bbox 2478 2197 2618 2237; x_wconf 87' lang='lat' dir='ltr'><strong>vero</strong></span> <span class='ocrx_word' id='word_1_341' title='bbox 2656 2181 2971 2247; x_wconf 91' lang='lat' dir='ltr'><strong>rationem,</strong></span> <span class='ocrx_word' id='word_1_342' title='bbox 2998 2180 3115 2238; x_wconf 87' lang='lat' dir='ltr'><strong>hoc</strong></span> <span class='ocrx_word' id='word_1_343' title='bbox 3144 2184 3482 2237; x_wconf 88' lang='lat' dir='ltr'><strong>estsumere</strong></span> <span class='ocrx_word' id='word_1_344' title='bbox 3509 2194 3581 2237; x_wconf 87' lang='lat' dir='ltr'><strong>ac</strong></span> 
     </span>
    </p>
   </div>
   <div class='ocr_carea' id='block_1_52' title="bbox 1926 2267 3581 2343">
    <p class='ocr_par' dir='ltr' id='par_1_52' title="bbox 1926 2267 3581 2343">
     <span class='ocr_line' id='line_1_52' title="bbox 1926 2267 3581 2343; baseline 0.001 -19"><span class='ocrx_word' id='word_1_345' title='bbox 1926 2267 2261 2325; x_wconf 86' lang='lat' dir='ltr'><strong>subducere</strong></span> <span class='ocrx_word' id='word_1_346' title='bbox 2283 2273 2635 2343; x_wconf 86' lang='lat' dir='ltr'><strong>computum</strong></span> <span class='ocrx_word' id='word_1_347' title='bbox 2669 2271 2820 2328; x_wconf 89' lang='lat' dir='ltr'><strong>inter</strong></span> <span class='ocrx_word' id='word_1_348' title='bbox 2858 2286 3065 2327; x_wconf 86' lang='lat' dir='ltr'><strong>servos</strong></span> <span class='ocrx_word' id='word_1_349' title='bbox 3099 2285 3259 2335; x_wconf 90' lang='lat' dir='ltr'><strong>suos,</strong></span> <span class='ocrx_word' id='word_1_350' title='bbox 3302 2268 3405 2342; x_wconf 90' lang='lat' dir='ltr'><strong>qui</strong></span> <span class='ocrx_word' id='word_1_351' title='bbox 3438 2271 3581 2326; x_wconf 89' lang='lat' dir='ltr'><strong>sunt</strong></span> 
     </span>
    </p>
   </div>
   <div class='ocr_carea' id='block_1_53' title="bbox 1924 2356 3579 2433">
    <p class='ocr_par' dir='ltr' id='par_1_53' title="bbox 1924 2356 3579 2433">
     <span class='ocr_line' id='line_1_53' title="bbox 1924 2356 3579 2433; baseline 0 -19"><span class='ocrx_word' id='word_1_352' title='bbox 1924 2358 2220 2416; x_wconf 90' lang='lat' dir='ltr'><strong>homines.</strong></span> <span class='ocrx_word' id='word_1_353' title='bbox 2248 2358 2438 2430; x_wconf 87' lang='lat' dir='ltr'><strong>Fingit</strong></span> <span class='ocrx_word' id='word_1_354' title='bbox 2476 2364 2677 2417; x_wconf 90' lang='lat' dir='ltr'><strong>autem</strong></span> <span class='ocrx_word' id='word_1_355' title='bbox 2742 2361 2894 2417; x_wconf 89' lang='lat' dir='ltr'><strong>hanc</strong></span> <span class='ocrx_word' id='word_1_356' title='bbox 2944 2360 3317 2433; x_wconf 86' lang='lat' dir='ltr'><strong>parabolam,</strong></span> <span class='ocrx_word' id='word_1_357' title='bbox 3370 2356 3579 2415; x_wconf 88' lang='lat' dir='ltr'><strong>volens</strong></span> 
     </span>
    </p>
   </div>
   <div class='ocr_carea' id='block_1_54' title="bbox 1923 2447 3581 2523">
    <p class='ocr_par' dir='ltr' id='par_1_54' title="bbox 1923 2447 3581 2523">
     <span class='ocr_line' id='line_1_54' title="bbox 1923 2447 3581 2523; baseline 0 -18"><span class='ocrx_word' id='word_1_358' title='bbox 1923 2449 2258 2519; x_wconf 89' lang='lat' dir='ltr'><strong>ostendere,</strong></span> <span class='ocrx_word' id='word_1_359' title='bbox 2288 2450 2453 2523; x_wconf 92' lang='lat' dir='ltr'><strong>quod</strong></span> <span class='ocrx_word' id='word_1_360' title='bbox 2477 2447 2529 2505; x_wconf 90' lang='lat' dir='ltr'><strong>is</strong></span> <span class='ocrx_word' id='word_1_361' title='bbox 2555 2450 2659 2523; x_wconf 88' lang='lat' dir='ltr'><strong>qui</strong></span> <span class='ocrx_word' id='word_1_362' title='bbox 2686 2465 2809 2507; x_wconf 91' lang='lat' dir='ltr'><strong>non</strong></span> <span class='ocrx_word' id='word_1_363' title='bbox 2838 2450 3089 2521; x_wconf 86' lang='lat' dir='ltr'><strong>ignoscit</strong></span> <span class='ocrx_word' id='word_1_364' title='bbox 3116 2448 3178 2506; x_wconf 90' lang='lat' dir='ltr'><strong>in</strong></span> <span class='ocrx_word' id='word_1_365' title='bbox 3244 2464 3307 2505; x_wconf 91' lang='lat' dir='ltr'><strong>se</strong></span> <span class='ocrx_word' id='word_1_366' title='bbox 3328 2463 3581 2522; x_wconf 89' lang='lat' dir='ltr'><strong>peccan-</strong></span> 
     </span>
    </p>
   </div>
   <div class='ocr_carea' id='block_1_55' title="bbox 1925 2538 3075 2611">
    <p class='ocr_par' dir='ltr' id='par_1_55' title="bbox 1925 2538 3075 2611">
     <span class='ocr_line' id='line_1_55' title="bbox 1925 2538 3075 2611; baseline 0.002 -18"><span class='ocrx_word' id='word_1_367' title='bbox 1925 2538 1984 2607; x_wconf 92' lang='lat' dir='ltr'><strong>ti,</strong></span> <span class='ocrx_word' id='word_1_368' title='bbox 2016 2540 2211 2611; x_wconf 82' lang='lat' dir='ltr'><strong>privat</strong></span> <span class='ocrx_word' id='word_1_369' title='bbox 2231 2539 2493 2611; x_wconf 88' lang='lat' dir='ltr'><strong>seipsum</strong></span> <span class='ocrx_word' id='word_1_370' title='bbox 2524 2539 2626 2595; x_wconf 86' lang='lat' dir='ltr'><strong>Dei</strong></span> <span class='ocrx_word' id='word_1_371' title='bbox 2648 2538 3075 2597; x_wconf 86' lang='lat' dir='ltr'><strong>misericordia.</strong></span> 
     </span>
    </p>
   </div>
   <div class='ocr_carea' id='block_1_56' title="bbox 1995 2627 3578 2701">
    <p class='ocr_par' dir='ltr' id='par_1_56' title="bbox 1995 2627 3578 2701">
     <span class='ocr_line' id='line_1_56' title="bbox 1995 2627 3578 2701; baseline 0 -18"><span class='ocrx_word' id='word_1_372' title='bbox 1995 2629 2155 2684; x_wconf 89' lang='lat' dir='ltr'><strong>Vers.</strong></span> <span class='ocrx_word' id='word_1_373' title='bbox 2184 2628 2272 2684; x_wconf 73' lang='grc'><strong>24.</strong></span> <span class='ocrx_word' id='word_1_374' title='bbox 2302 2630 2564 2701; x_wconf 85' lang='lat' dir='ltr'><strong>Cumque</strong></span> <span class='ocrx_word' id='word_1_375' title='bbox 2591 2629 2849 2700; x_wconf 63' lang='lat' dir='ltr'><strong>cepisset</strong></span> <span class='ocrx_word' id='word_1_376' title='bbox 2879 2661 2947 2669; x_wconf 98' lang='lat'>—</span> <span class='ocrx_word' id='word_1_377' title='bbox 2976 2629 3360 2685; x_wconf 80' lang='lat' dir='ltr'><strong>talentorum.</strong></span> <span class='ocrx_word' id='word_1_378' title='bbox 3414 2627 3578 2683; x_wconf 88' lang='lat' dir='ltr'><strong>Unus</strong></span> 
     </span>
    </p>
   </div>
   <div class='ocr_carea' id='block_1_57' title="bbox 1924 2715 3579 2791">
    <p class='ocr_par' dir='ltr' id='par_1_57' title="bbox 1924 2715 3579 2791">
     <span class='ocr_line' id='line_1_57' title="bbox 1924 2715 3579 2791; baseline 0.001 -19"><span class='ocrx_word' id='word_1_379' title='bbox 1924 2715 2193 2774; x_wconf 87' lang='lat' dir='ltr'><strong>videlicet</strong></span> <span class='ocrx_word' id='word_1_380' title='bbox 2234 2733 2460 2773; x_wconf 90' lang='lat' dir='ltr'><strong>servus.</strong></span> <span class='ocrx_word' id='word_1_381' title='bbox 2501 2718 2682 2789; x_wconf 88' lang='lat' dir='ltr'><strong>Quod</strong></span> <span class='ocrx_word' id='word_1_382' title='bbox 2730 2722 2937 2776; x_wconf 57' lang='lat' dir='ltr'><strong>autem</strong></span> <span class='ocrx_word' id='word_1_383' title='bbox 2988 2723 3076 2775; x_wconf 90' lang='lat' dir='ltr'><strong>est</strong></span> <span class='ocrx_word' id='word_1_384' title='bbox 3130 2716 3293 2791; x_wconf 91' lang='lat' dir='ltr'><strong>apud</strong></span> <span class='ocrx_word' id='word_1_385' title='bbox 3346 2718 3579 2773; x_wconf 60' lang='lat' dir='ltr'><strong>Graecos</strong></span> 
     </span>
    </p>
   </div>
   <div class='ocr_carea' id='block_1_58' title="bbox 1922 2805 3573 2882">
    <p class='ocr_par' dir='ltr' id='par_1_58' title="bbox 1922 2805 3573 2882">
     <span class='ocr_line' id='line_1_58' title="bbox 1922 2805 3573 2882; baseline 0.002 -24"><span class='ocrx_word' id='word_1_386' title='bbox 1922 2805 2095 2881; x_wconf 88' lang='grc' dir='ltr'><strong><em>λίτρα,</em></strong></span> <span class='ocrx_word' id='word_1_387' title='bbox 2126 2806 2241 2864; x_wconf 86' lang='lat' dir='ltr'><strong>hoc</strong></span> <span class='ocrx_word' id='word_1_388' title='bbox 2274 2811 2360 2864; x_wconf 90' lang='lat' dir='ltr'><strong>est</strong></span> <span class='ocrx_word' id='word_1_389' title='bbox 2390 2806 2541 2865; x_wconf 84' lang='lat' dir='ltr'><strong>libra</strong></span> <span class='ocrx_word' id='word_1_390' title='bbox 2570 2808 2729 2875; x_wconf 87' lang='lat' dir='ltr'><strong>auri,</strong></span> <span class='ocrx_word' id='word_1_391' title='bbox 2756 2807 2819 2865; x_wconf 91' lang='lat' dir='ltr'><strong>id</strong></span> <span class='ocrx_word' id='word_1_392' title='bbox 2848 2807 3014 2882; x_wconf 86' lang='lat' dir='ltr'><strong>apud</strong></span> <span class='ocrx_word' id='word_1_393' title='bbox 3044 2807 3323 2864; x_wconf 59' lang='lat' dir='ltr'><strong>Hebraeos</strong></span> <span class='ocrx_word' id='word_1_394' title='bbox 3354 2808 3441 2863; x_wconf 89' lang='lat' dir='ltr'><strong>est</strong></span> <span class='ocrx_word' id='word_1_395' title='bbox 3487 2812 3573 2861; x_wconf 76' lang='lat' dir='ltr'><strong>za-</strong></span> 
     </span>
    </p>
   </div>
   <div class='ocr_carea' id='block_1_59' title="bbox 1924 2894 3574 2970">
    <p class='ocr_par' dir='ltr' id='par_1_59' title="bbox 1924 2894 3574 2970">
     <span class='ocr_line' id='line_1_59' title="bbox 1924 2894 3574 2970; baseline 0.001 -21"><span class='ocrx_word' id='word_1_396' title='bbox 1924 2895 2161 2952; x_wconf 83' lang='lat' dir='ltr'><strong>lentum.</strong></span> <span class='ocrx_word' id='word_1_397' title='bbox 2194 2894 2331 2953; x_wconf 88' lang='lat' dir='ltr'><strong>Erat</strong></span> <span class='ocrx_word' id='word_1_398' title='bbox 2356 2898 2506 2953; x_wconf 89' lang='lat' dir='ltr'><strong>enim</strong></span> <span class='ocrx_word' id='word_1_399' title='bbox 2545 2899 2982 2955; x_wconf 89' lang='lat' dir='ltr'><strong>numismatum</strong></span> <span class='ocrx_word' id='word_1_400' title='bbox 3032 2896 3269 2970; x_wconf 90' lang='lat' dir='ltr'><strong>pondus</strong></span> <span class='ocrx_word' id='word_1_401' title='bbox 3327 2894 3574 2953; x_wconf 82' lang='lat' dir='ltr'><strong>maximi</strong></span> 
     </span>
    </p>
   </div>
   <div class='ocr_carea' id='block_1_60' title="bbox 1920 2985 3226 3061">
    <p class='ocr_par' dir='ltr' id='par_1_60' title="bbox 1920 2985 3226 3061">
     <span class='ocr_line' id='line_1_60' title="bbox 1920 2985 3226 3061; baseline 0.001 -20"><span class='ocrx_word' id='word_1_402' title='bbox 1920 2985 2116 3057; x_wconf 90' lang='lat' dir='ltr'><strong>pretii,</strong></span> <span class='ocrx_word' id='word_1_403' title='bbox 2147 2989 2358 3043; x_wconf 67' lang='lat' dir='ltr'><strong>caetera</strong></span> <span class='ocrx_word' id='word_1_404' title='bbox 2396 2987 2598 3044; x_wconf 90' lang='lat' dir='ltr'><strong>omnia</strong></span> <span class='ocrx_word' id='word_1_405' title='bbox 2626 2988 2915 3045; x_wconf 84' lang='lat' dir='ltr'><strong>excedens</strong></span> <span class='ocrx_word' id='word_1_406' title='bbox 2940 2986 3226 3061; x_wconf 87' lang='lat' dir='ltr'><strong>pondera.</strong></span> 
     </span>
    </p>
   </div>
   <div class='ocr_carea' id='block_1_61' title="bbox 1981 3074 3578 3149">
    <p class='ocr_par' dir='ltr' id='par_1_61' title="bbox 1981 3074 3578 3149">
     <span class='ocr_line' id='line_1_61' title="bbox 1981 3074 3578 3149; baseline 0 -18"><span class='ocrx_word' id='word_1_407' title='bbox 1981 3075 2141 3131; x_wconf 82' lang='lat' dir='ltr'><strong>Vers.</strong></span> <span class='ocrx_word' id='word_1_408' title='bbox 2173 3078 2265 3131; x_wconf 83' lang='lat'><strong>25.</strong></span> <span class='ocrx_word' id='word_1_409' title='bbox 2295 3075 2373 3131; x_wconf 85' lang='lat' dir='ltr'><strong>Et</strong></span> <span class='ocrx_word' id='word_1_410' title='bbox 2400 3092 2527 3133; x_wconf 88' lang='lat' dir='ltr'><strong>cum</strong></span> <span class='ocrx_word' id='word_1_411' title='bbox 2570 3093 2677 3132; x_wconf 82' lang='lat' dir='ltr'><strong>non</strong></span> <span class='ocrx_word' id='word_1_412' title='bbox 2702 3084 2882 3147; x_wconf 78' lang='lat' dir='ltr'><strong>posset</strong></span> <span class='ocrx_word' id='word_1_413' title='bbox 2935 3108 3002 3118; x_wconf 92' lang='lat'><strong><em>—</em></strong></span> <span class='ocrx_word' id='word_1_414' title='bbox 3048 3076 3301 3149; x_wconf 83' lang='lat' dir='ltr'><strong>ﬁerique</strong></span> <span class='ocrx_word' id='word_1_415' title='bbox 3344 3074 3578 3131; x_wconf 79' lang='lat' dir='ltr'><strong>solutio-</strong></span> 
     </span>
    </p>
   </div>
   <div class='ocr_carea' id='block_1_62' title="bbox 1922 3165 3575 3223">
    <p class='ocr_par' dir='ltr' id='par_1_62' title="bbox 1922 3165 3575 3223">
     <span class='ocr_line' id='line_1_62' title="bbox 1922 3165 3575 3223; baseline 0 -2"><span class='ocrx_word' id='word_1_416' title='bbox 1922 3181 2072 3223; x_wconf 82' lang='lat' dir='ltr'><strong>nem.</strong></span> <span class='ocrx_word' id='word_1_417' title='bbox 2100 3168 2169 3221; x_wconf 90' lang='lat' dir='ltr'><strong>Ut</strong></span> <span class='ocrx_word' id='word_1_418' title='bbox 2188 3165 2435 3222; x_wconf 90' lang='lat' dir='ltr'><strong>omnino</strong></span> <span class='ocrx_word' id='word_1_419' title='bbox 2458 3165 2786 3223; x_wconf 89' lang='lat' dir='ltr'><strong>solveretur</strong></span> <span class='ocrx_word' id='word_1_420' title='bbox 2833 3165 3124 3222; x_wconf 90' lang='lat' dir='ltr'><strong>debitum.</strong></span> <span class='ocrx_word' id='word_1_421' title='bbox 3180 3167 3314 3222; x_wconf 91' lang='lat' dir='ltr'><strong>Non</strong></span> <span class='ocrx_word' id='word_1_422' title='bbox 3372 3168 3575 3221; x_wconf 87' lang='lat' dir='ltr'><strong>tamen</strong></span> 
     </span>
    </p>
   </div>
   <div class='ocr_carea' id='block_1_63' title="bbox 213 3237 1815 3327">
    <p class='ocr_par' dir='ltr' id='par_1_63' title="bbox 213 3237 1815 3317">
     <span class='ocr_line' id='line_1_63' title="bbox 213 3237 1815 3317; baseline 0.005 -27"><span class='ocrx_word' id='word_1_423' title='bbox 213 3237 492 3309; x_wconf 74' lang='grc' dir='ltr'><strong><em>ἐκέλευσεν,</em></strong></span> <span class='ocrx_word' id='word_1_424' title='bbox 543 3238 650 3293; x_wconf 78' lang='grc' dir='ltr'><strong><em>ἀλλ’</em></strong></span> <span class='ocrx_word' id='word_1_425' title='bbox 696 3240 751 3295; x_wconf 72' lang='grc' dir='ltr'><strong><em>ἑκ</em></strong></span> <span class='ocrx_word' id='word_1_426' title='bbox 811 3246 1160 3317; x_wconf 82' lang='grc' dir='ltr'><strong><em>συμπαθείας,</em></strong></span> <span class='ocrx_word' id='word_1_427' title='bbox 1214 3243 1299 3297; x_wconf 81' lang='grc' dir='ltr'><strong><em>ἵνα</em></strong></span> <span class='ocrx_word' id='word_1_428' title='bbox 1336 3243 1577 3317; x_wconf 81' lang='grc' dir='ltr'><strong><em>φοϐηθεὶς</em></strong></span> <span class='ocrx_word' id='word_1_429' title='bbox 1630 3244 1815 3308; x_wconf 73' lang='grc' dir='ltr'><strong><em>ἐκεῖνος</em></strong></span> 
     </span>
    </p>
   </div>
   <div class='ocr_carea' id='block_1_64' title="bbox 1935 3237 3575 3327">
    <p class='ocr_par' dir='ltr' id='par_1_64' title="bbox 1935 3250 3575 3327">
     <span class='ocr_line' id='line_1_64' title="bbox 1935 3250 3575 3327; baseline -0.001 -18"><span class='ocrx_word' id='word_1_430' title='bbox 1935 3258 2037 3310; x_wconf 76' lang='lat' dir='ltr'><strong>hoc</strong></span> <span class='ocrx_word' id='word_1_431' title='bbox 2066 3269 2139 3309; x_wconf 91' lang='lat' dir='ltr'><strong>ex</strong></span> <span class='ocrx_word' id='word_1_432' title='bbox 2169 3253 2507 3311; x_wconf 84' lang='lat' dir='ltr'><strong>crudelitate</strong></span> <span class='ocrx_word' id='word_1_433' title='bbox 2538 3256 2734 3327; x_wconf 87' lang='lat' dir='ltr'><strong>jussit,</strong></span> <span class='ocrx_word' id='word_1_434' title='bbox 2786 3255 2891 3311; x_wconf 90' lang='lat' dir='ltr'><strong>sed</strong></span> <span class='ocrx_word' id='word_1_435' title='bbox 2930 3272 3004 3311; x_wconf 88' lang='lat' dir='ltr'><strong>ex</strong></span> <span class='ocrx_word' id='word_1_436' title='bbox 3032 3250 3475 3326; x_wconf 88' lang='lat' dir='ltr'><strong>compassione,</strong></span> <span class='ocrx_word' id='word_1_437' title='bbox 3508 3256 3575 3308; x_wconf 91' lang='lat' dir='ltr'><strong>ut</strong></span> 
     </span>
    </p>
   </div>
   <div class='ocr_carea' id='block_1_65' title="bbox 208 3330 1815 3409">
    <p class='ocr_par' dir='ltr' id='par_1_65' title="bbox 208 3330 1815 3409">
     <span class='ocr_line' id='line_1_65' title="bbox 208 3330 1815 3409; baseline 0.004 -28"><span class='ocrx_word' id='word_1_438' title='bbox 208 3333 299 3387; x_wconf 72' lang='grc' dir='ltr'><strong><em>τήν</em></strong></span> <span class='ocrx_word' id='word_1_439' title='bbox 343 3332 594 3391; x_wconf 82' lang='grc' dir='ltr'><strong><em>τοιαύτην</em></strong></span> <span class='ocrx_word' id='word_1_440' title='bbox 633 3330 895 3406; x_wconf 83' lang='grc' dir='ltr'><strong><em>ἀπόφασιν</em></strong></span> <span class='ocrx_word' id='word_1_441' title='bbox 937 3331 1226 3407; x_wconf 66' lang='grc' dir='ltr'><strong>[ἱκετεύσῃ⁹</strong></span> <span class='ocrx_word' id='word_1_442' title='bbox 1274 3334 1383 3407; x_wconf 86' lang='grc'><strong>(77)</strong></span> <span class='ocrx_word' id='word_1_443' title='bbox 1415 3339 1505 3387; x_wconf 84' lang='grc' dir='ltr'><strong><em>καὶ</em></strong></span> <span class='ocrx_word' id='word_1_444' title='bbox 1546 3337 1689 3409; x_wconf 76' lang='grc' dir='ltr'><strong><em>τύχῃ</em></strong></span> <span class='ocrx_word' id='word_1_445' title='bbox 1723 3344 1815 3399; x_wconf 80' lang='grc' dir='ltr'><strong><em>τῆς</em></strong></span> 
     </span>
    </p>
   </div>
   <div class='ocr_carea' id='block_1_66' title="bbox 213 3415 1813 3496">
    <p class='ocr_par' dir='ltr' id='par_1_66' title="bbox 213 3415 1813 3496">
     <span class='ocr_line' id='line_1_66' title="bbox 213 3415 1813 3496; baseline 0.006 -27"><span class='ocrx_word' id='word_1_446' title='bbox 213 3415 456 3489; x_wconf 81' lang='grc' dir='ltr'><strong><em>ἀφέσεως.</em></strong></span> <span class='ocrx_word' id='word_1_447' title='bbox 534 3420 595 3474; x_wconf 86' lang='grc' dir='ltr'>Εἰ</span> <span class='ocrx_word' id='word_1_448' title='bbox 682 3423 786 3496; x_wconf 84' lang='grc' dir='ltr'><strong><em>γὰρ</em></strong></span> <span class='ocrx_word' id='word_1_449' title='bbox 862 3425 934 3495; x_wconf 75' lang='grc' dir='ltr'><strong>μὴ</strong></span> <span class='ocrx_word' id='word_1_450' title='bbox 1004 3419 1099 3476; x_wconf 80' lang='grc' dir='ltr'><strong><em>διὰ</em></strong></span> <span class='ocrx_word' id='word_1_451' title='bbox 1173 3429 1328 3476; x_wconf 84' lang='grc' dir='ltr'><strong><em>τοῦτο</em></strong></span> <span class='ocrx_word' id='word_1_452' title='bbox 1405 3426 1649 3484; x_wconf 77' lang='grc' dir='ltr'><strong><em>τοιαύτην</em></strong></span> <span class='ocrx_word' id='word_1_453' title='bbox 1730 3424 1813 3489; x_wconf 76' lang='grc' dir='ltr'><strong>ἄξ-</strong></span> 
     </span>
    </p>
   </div>
   <div class='ocr_carea' id='block_1_67' title="bbox 209 3508 1815 3587">
    <p class='ocr_par' dir='ltr' id='par_1_67' title="bbox 209 3508 1815 3587">
     <span class='ocr_line' id='line_1_67' title="bbox 209 3508 1815 3587; baseline 0.006 -29"><span class='ocrx_word' id='word_1_454' title='bbox 209 3508 418 3579; x_wconf 80' lang='grc' dir='ltr'><strong><em>ἠνεγκεν</em></strong></span> <span class='ocrx_word' id='word_1_455' title='bbox 474 3508 806 3583; x_wconf 78' lang='grc' dir='ltr'><strong><em>ἀπόφασιν,]</em></strong></span> <span class='ocrx_word' id='word_1_456' title='bbox 859 3510 955 3564; x_wconf 79' lang='grc' dir='ltr'><strong>οὐκ</strong></span> <span class='ocrx_word' id='word_1_457' title='bbox 1018 3510 1080 3564; x_wconf 79' lang='grc' dir='ltr'><strong><em>ἄν</em></strong></span> <span class='ocrx_word' id='word_1_458' title='bbox 1144 3513 1465 3566; x_wconf 79' lang='grc' dir='ltr'><strong><em>ίκετεύσαντι</em></strong></span> <span class='ocrx_word' id='word_1_459' title='bbox 1525 3516 1587 3566; x_wconf 90' lang='grc' dir='ltr'><strong><em>τὸ</em></strong></span> <span class='ocrx_word' id='word_1_460' title='bbox 1658 3517 1815 3587; x_wconf 85' lang='grc' dir='ltr'><strong><em>χρίος</em></strong></span> 
     </span>
    </p>
   </div>
   <div class='ocr_carea' id='block_1_68' title="bbox 209 3596 393 3670">
    <p class='ocr_par' dir='ltr' id='par_1_68' title="bbox 209 3596 393 3670">
     <span class='ocr_line' id='line_1_68' title="bbox 209 3596 393 3670; baseline -0.022 -15"><span class='ocrx_word' id='word_1_461' title='bbox 209 3596 393 3670; x_wconf 67' lang='grc' dir='ltr'><strong><em>ἀφῆκε.</em></strong></span> 
     </span>
    </p>
   </div>
   <div class='ocr_carea' id='block_1_69' title="bbox 280 3686 1809 3768">
    <p class='ocr_par' dir='ltr' id='par_1_69' title="bbox 280 3686 1809 3768">
     <span class='ocr_line' id='line_1_69' title="bbox 280 3686 1809 3768; baseline 0.006 -27"><span class='ocrx_word' id='word_1_462' title='bbox 280 3694 383 3742; x_wconf 72' lang='grc' dir='ltr'><strong>Καὶ</strong></span> <span class='ocrx_word' id='word_1_463' title='bbox 431 3686 583 3743; x_wconf 88' lang='grc' dir='ltr'><strong><em>διατί</em></strong></span> <span class='ocrx_word' id='word_1_464' title='bbox 626 3694 699 3763; x_wconf 82' lang='grc' dir='ltr'><strong><em>μὴ</em></strong></span> <span class='ocrx_word' id='word_1_465' title='bbox 748 3694 851 3764; x_wconf 89' lang='grc' dir='ltr'><strong><em>πρὸ</em></strong></span> <span class='ocrx_word' id='word_1_466' title='bbox 899 3698 989 3754; x_wconf 75' lang='grc' dir='ltr'><strong><em>τῆς</em></strong></span> <span class='ocrx_word' id='word_1_467' title='bbox 1027 3691 1337 3766; x_wconf 74' lang='grc' dir='ltr'><strong><em>ἀποφάσεως</em></strong></span> <span class='ocrx_word' id='word_1_468' title='bbox 1390 3692 1594 3768; x_wconf 65' lang='grc' dir='ltr'><strong><em>ἀφῆκες</em></strong></span> <span class='ocrx_word' id='word_1_469' title='bbox 1646 3700 1809 3767; x_wconf 86' lang='grc' dir='ltr'><strong><em>Διότι,</em></strong></span> 
     </span>
    </p>
   </div>
   <div class='ocr_carea' id='block_1_70' title="bbox 206 3778 1811 3859">
    <p class='ocr_par' dir='ltr' id='par_1_70' title="bbox 206 3778 1811 3859">
     <span class='ocr_line' id='line_1_70' title="bbox 206 3778 1811 3859; baseline 0.007 -29"><span class='ocrx_word' id='word_1_470' title='bbox 206 3778 407 3852; x_wconf 73' lang='grc' dir='ltr'><strong><em>ῥᾳδίως</em></strong></span> <span class='ocrx_word' id='word_1_471' title='bbox 454 3778 591 3832; x_wconf 79' lang='grc' dir='ltr'><strong><em>οὕτω</em></strong></span> <span class='ocrx_word' id='word_1_472' title='bbox 636 3783 1021 3854; x_wconf 77' lang='grc' dir='ltr'><strong><em>συγχωρηθεὶς,</em></strong></span> <span class='ocrx_word' id='word_1_473' title='bbox 1072 3780 1166 3836; x_wconf 76' lang='grc' dir='ltr'><strong>οὐκ</strong></span> <span class='ocrx_word' id='word_1_474' title='bbox 1203 3782 1400 3856; x_wconf 79' lang='grc' dir='ltr'><strong><em>ἔμελλεν</em></strong></span> <span class='ocrx_word' id='word_1_475' title='bbox 1450 3785 1811 3859; x_wconf 78' lang='grc' dir='ltr'><strong><em>ἐπιγίνώσκειν</em></strong></span> 
     </span>
    </p>
   </div>
   <div class='ocr_carea' id='block_1_71' title="bbox 209 3870 1811 3951">
    <p class='ocr_par' dir='ltr' id='par_1_71' title="bbox 209 3870 1811 3951">
     <span class='ocr_line' id='line_1_71' title="bbox 209 3870 1811 3951; baseline 0.007 -32"><span class='ocrx_word' id='word_1_476' title='bbox 209 3870 261 3920; x_wconf 86' lang='grc' dir='ltr'><strong><em>τὸ</em></strong></span> <span class='ocrx_word' id='word_1_477' title='bbox 301 3877 399 3931; x_wconf 73' lang='grc' dir='ltr'><strong>τῆς</strong></span> <span class='ocrx_word' id='word_1_478' title='bbox 440 3871 669 3943; x_wconf 85' lang='grc' dir='ltr'><strong><em>χάριτος</em></strong></span> <span class='ocrx_word' id='word_1_479' title='bbox 701 3872 929 3943; x_wconf 73' lang='grc' dir='ltr'><strong><em>μέγεθος.</em></strong></span> <span class='ocrx_word' id='word_1_480' title='bbox 984 3874 1083 3926; x_wconf 88' lang='grc' dir='ltr'><strong><em>Διά</em></strong></span> <span class='ocrx_word' id='word_1_481' title='bbox 1130 3880 1284 3926; x_wconf 83' lang='grc' dir='ltr'><strong><em>τοῦτο</em></strong></span> <span class='ocrx_word' id='word_1_482' title='bbox 1330 3874 1419 3927; x_wconf 78' lang='grc' dir='ltr'><strong><em>οὖν</em></strong></span> <span class='ocrx_word' id='word_1_483' title='bbox 1465 3876 1535 3938; x_wconf 84' lang='grc' dir='ltr'><strong><em>εἰς</em></strong></span> <span class='ocrx_word' id='word_1_484' title='bbox 1581 3876 1811 3951; x_wconf 86' lang='grc' dir='ltr'><strong><em>ἀνάγκην</em></strong></span> 
     </span>
    </p>
   </div>
   <div class='ocr_carea' id='block_1_72' title="bbox 207 3957 1813 4038">
    <p class='ocr_par' dir='ltr' id='par_1_72' title="bbox 207 3957 1813 4038">
     <span class='ocr_line' id='line_1_72' title="bbox 207 3957 1813 4038; baseline 0.009 -30"><span class='ocrx_word' id='word_1_485' title='bbox 207 3958 433 4030; x_wconf 73' lang='grc' dir='ltr'><strong><em>μεγάλην</em></strong></span> <span class='ocrx_word' id='word_1_486' title='bbox 464 3957 622 4011; x_wconf 77' lang='grc' dir='ltr'><strong><em>αὐτὸν</em></strong></span> <span class='ocrx_word' id='word_1_487' title='bbox 653 3962 995 4020; x_wconf 74' lang='grc' dir='ltr'><strong><em>κατέστησεν.</em></strong></span> <span class='ocrx_word' id='word_1_488' title='bbox 1045 3961 1129 4016; x_wconf 88' lang='grc' dir='ltr'><strong>ῖνα</strong></span> <span class='ocrx_word' id='word_1_489' title='bbox 1179 3960 1609 4038; x_wconf 79' lang='grc' dir='ltr'><strong><em>διαμνημονεύειν</em></strong></span> <span class='ocrx_word' id='word_1_490' title='bbox 1658 3966 1813 4022; x_wconf 81' lang='grc' dir='ltr'><strong><em>ὔστε-</em></strong></span> 
     </span>
    </p>
   </div>
   <div class='ocr_carea' id='block_1_73' title="bbox 206 4046 1811 4129">
    <p class='ocr_par' dir='ltr' id='par_1_73' title="bbox 206 4046 1811 4129">
     <span class='ocr_line' id='line_1_73' title="bbox 206 4046 1811 4129; baseline 0.008 -32"><span class='ocrx_word' id='word_1_491' title='bbox 206 4066 289 4119; x_wconf 88' lang='grc' dir='ltr'><strong>ρον</strong></span> <span class='ocrx_word' id='word_1_492' title='bbox 346 4050 491 4119; x_wconf 80' lang='grc' dir='ltr'><strong><em>ἔχοι,</em></strong></span> <span class='ocrx_word' id='word_1_493' title='bbox 550 4052 700 4109; x_wconf 87' lang='grc' dir='ltr'><strong><em>ποίας</em></strong></span> <span class='ocrx_word' id='word_1_494' title='bbox 751 4046 935 4123; x_wconf 87' lang='grc' dir='ltr'><strong><em>ἀφείθη</em></strong></span> <span class='ocrx_word' id='word_1_495' title='bbox 993 4047 1309 4121; x_wconf 84' lang='grc' dir='ltr'><strong><em>καταδίκης,</em></strong></span> <span class='ocrx_word' id='word_1_496' title='bbox 1377 4060 1467 4107; x_wconf 81' lang='grc' dir='ltr'><strong><em>καὶ</em></strong></span> <span class='ocrx_word' id='word_1_497' title='bbox 1526 4059 1811 4129; x_wconf 83' lang='grc' dir='ltr'><strong><em>συμπαθὴς</em></strong></span> 
     </span>
    </p>
   </div>
   <div class='ocr_carea' id='block_1_74' title="bbox 205 4136 1812 4219">
    <p class='ocr_par' dir='ltr' id='par_1_74' title="bbox 205 4136 1812 4219">
     <span class='ocr_line' id='line_1_74' title="bbox 205 4136 1812 4219; baseline 0.007 -33"><span class='ocrx_word' id='word_1_498' title='bbox 205 4139 417 4207; x_wconf 78' lang='grc' dir='ltr'><strong><em>γένηται</em></strong></span> <span class='ocrx_word' id='word_1_499' title='bbox 470 4139 560 4189; x_wconf 82' lang='grc' dir='ltr'><strong><em>καὶ</em></strong></span> <span class='ocrx_word' id='word_1_500' title='bbox 592 4136 747 4200; x_wconf 77' lang='grc' dir='ltr'><strong><em>αὐτὸς</em></strong></span> <span class='ocrx_word' id='word_1_501' title='bbox 796 4142 915 4217; x_wconf 76' lang='grc' dir='ltr'><strong><em>περὶ</em></strong></span> <span class='ocrx_word' id='word_1_502' title='bbox 965 4142 1052 4193; x_wconf 86' lang='grc' dir='ltr'><strong><em>τὸν</em></strong></span> <span class='ocrx_word' id='word_1_503' title='bbox 1103 4139 1284 4196; x_wconf 74' lang='grc' dir='ltr'><strong><em>ἑαυτοῦ</em></strong></span> <span class='ocrx_word' id='word_1_504' title='bbox 1331 4147 1635 4219; x_wconf 80' lang='grc' dir='ltr'><strong><em>χρεώστην,</em></strong></span> <span class='ocrx_word' id='word_1_505' title='bbox 1691 4165 1812 4199; x_wconf 89' lang='grc' dir='ltr'><strong><em>παι-</em></strong></span> 
     </span>
    </p>
   </div>
   <div class='ocr_carea' id='block_1_75' title="bbox 207 4220 1219 4306">
    <p class='ocr_par' dir='ltr' id='par_1_75' title="bbox 207 4220 1219 4306">
     <span class='ocr_line' id='line_1_75' title="bbox 207 4220 1219 4306; baseline 0.007 -29"><span class='ocrx_word' id='word_1_506' title='bbox 207 4220 406 4287; x_wconf 81' lang='grc' dir='ltr'><strong><em>δευθεὶς</em></strong></span> <span class='ocrx_word' id='word_1_507' title='bbox 440 4227 493 4278; x_wconf 66' lang='grc' dir='ltr'><strong><em>ἓν</em></strong></span> <span class='ocrx_word' id='word_1_508' title='bbox 524 4231 635 4288; x_wconf 87' lang='grc' dir='ltr'><strong><em>ταῖς</em></strong></span> <span class='ocrx_word' id='word_1_509' title='bbox 659 4227 873 4290; x_wconf 87' lang='grc' dir='ltr'><strong><em>οἰκείαις</em></strong></span> <span class='ocrx_word' id='word_1_510' title='bbox 905 4237 1219 4306; x_wconf 77' lang='grc' dir='ltr'><strong><em>συμφοραῖς.</em></strong></span> 
     </span>
    </p>
   </div>
   <div class='ocr_carea' id='block_1_76' title="bbox 272 4314 1810 4397">
    <p class='ocr_par' dir='ltr' id='par_1_76' title="bbox 272 4314 1810 4397">
     <span class='ocr_line' id='line_1_76' title="bbox 272 4314 1810 4397; baseline 0.006 -30"><span class='ocrx_word' id='word_1_511' title='bbox 272 4320 455 4368; x_wconf 83' lang='grc' dir='ltr'><strong><em>Πεσὼν</em></strong></span> <span class='ocrx_word' id='word_1_512' title='bbox 524 4346 591 4356; x_wconf 91' lang='grc'><strong><em>-</em></strong></span> <span class='ocrx_word' id='word_1_513' title='bbox 648 4315 809 4390; x_wconf 74' lang='grc' dir='ltr'><strong><em>αὐτῷ.</em></strong></span> <span class='ocrx_word' id='word_1_514' title='bbox 861 4314 1003 4394; x_wconf 88' lang='grc' dir='ltr'><strong><em>Ὅρα</em></strong></span> <span class='ocrx_word' id='word_1_515' title='bbox 1053 4321 1166 4393; x_wconf 82' lang='grc'><strong>(78)</strong></span> <span class='ocrx_word' id='word_1_516' title='bbox 1224 4321 1609 4395; x_wconf 87' lang='grc' dir='ltr'><strong><em>φιλανθρωπίας</em></strong></span> <span class='ocrx_word' id='word_1_517' title='bbox 1661 4322 1810 4397; x_wconf 74' lang='grc' dir='ltr'><strong><em>ὑπερ-</em></strong></span> 
     </span>
    </p>
   </div>
   <div class='ocr_carea' id='block_1_77' title="bbox 205 4402 1805 4485">
    <p class='ocr_par' dir='ltr' id='par_1_77' title="bbox 205 4402 1805 4485">
     <span class='ocr_line' id='line_1_77' title="bbox 205 4402 1805 4485; baseline 0.004 -29"><span class='ocrx_word' id='word_1_518' title='bbox 205 4402 396 4463; x_wconf 63' lang='lat' dir='ltr'><strong>Saliis!</strong></span> <span class='ocrx_word' id='word_1_519' title='bbox 466 4402 531 4459; x_wconf 76' lang='grc' dir='ltr'>Ὀ</span> <span class='ocrx_word' id='word_1_520' title='bbox 581 4408 671 4474; x_wconf 69' lang='grc' dir='ltr'><strong><em>μὶν</em></strong></span> <span class='ocrx_word' id='word_1_521' title='bbox 734 4409 835 4482; x_wconf 81' lang='grc' dir='ltr'><strong><em>γὰρ</em></strong></span> <span class='ocrx_word' id='word_1_522' title='bbox 904 4410 1228 4485; x_wconf 88' lang='grc' dir='ltr'><strong><em>προθεσμίαν</em></strong></span> <span class='ocrx_word' id='word_1_523' title='bbox 1311 4410 1536 4473; x_wconf 77' lang='grc' dir='ltr'><strong><em>ἐζήτησε</em></strong></span> <span class='ocrx_word' id='word_1_524' title='bbox 1610 4415 1763 4484; x_wconf 86' lang='grc' dir='ltr'><strong><em>μόνον</em></strong></span> <span class='ocrx_word' id='word_1_525' title='bbox 1792 4427 1805 4442; x_wconf 73' lang='grc' dir='ltr'><strong>ο</strong></span> 
     </span>
    </p>
   </div>
   <div class='ocr_carea' id='block_1_78' title="bbox 202 4490 1807 4573">
    <p class='ocr_par' dir='ltr' id='par_1_78' title="bbox 202 4490 1807 4573">
     <span class='ocr_line' id='line_1_78' title="bbox 202 4490 1807 4573; baseline 0.004 -27"><span class='ocrx_word' id='word_1_526' title='bbox 202 4494 228 4545; x_wconf 85' lang='grc' dir='ltr'><strong><em>ὁ</em></strong></span> <span class='ocrx_word' id='word_1_527' title='bbox 279 4490 338 4547; x_wconf 85' lang='grc' dir='ltr'><strong>δέ</strong></span> <span class='ocrx_word' id='word_1_528' title='bbox 390 4496 450 4547; x_wconf 89' lang='grc' dir='ltr'><strong><em>τὸ</em></strong></span> <span class='ocrx_word' id='word_1_529' title='bbox 515 4498 677 4567; x_wconf 77' lang='grc' dir='ltr'><strong><em>χρέος</em></strong></span> <span class='ocrx_word' id='word_1_530' title='bbox 750 4493 943 4570; x_wconf 78' lang='grc' dir='ltr'><strong><em>ἀφῆκεν</em></strong></span> <span class='ocrx_word' id='word_1_531' title='bbox 1020 4497 1184 4571; x_wconf 78' lang='grc' dir='ltr'><strong><em>αὐτῷ,</em></strong></span> <span class='ocrx_word' id='word_1_532' title='bbox 1268 4500 1446 4573; x_wconf 78' lang='grc' dir='ltr'><strong><em>μεῖζον</em></strong></span> <span class='ocrx_word' id='word_1_533' title='bbox 1508 4500 1568 4553; x_wconf 83' lang='grc' dir='ltr'><strong><em>οὗ</em></strong></span> <span class='ocrx_word' id='word_1_534' title='bbox 1622 4504 1807 4567; x_wconf 71' lang='grc' dir='ltr'><strong><em>ᾔτησε,</em></strong></span> 
     </span>
    </p>
   </div>
   <div class='ocr_carea' id='block_1_79' title="bbox 206 4579 475 4646">
    <p class='ocr_par' dir='ltr' id='par_1_79' title="bbox 206 4579 475 4646">
     <span class='ocr_line' id='line_1_79' title="bbox 206 4579 475 4646; baseline 0.007 -12"><span class='ocrx_word' id='word_1_535' title='bbox 206 4579 237 4634; x_wconf 88' lang='grc' dir='ltr'><strong>δ</strong></span> <span class='ocrx_word' id='word_1_536' title='bbox 241 4579 299 4636; x_wconf 86' lang='grc' dir='ltr'><strong>εδ</strong></span> <span class='ocrx_word' id='word_1_537' title='bbox 302 4587 475 4646; x_wconf 85' lang='grc' dir='ltr'><strong><em>ωκὼς.</em></strong></span> 
     </span>
    </p>
   </div>
   <div class='ocr_carea' id='block_1_80' title="bbox 267 4670 1810 4755">
    <p class='ocr_par' dir='ltr' id='par_1_80' title="bbox 267 4670 1810 4755">
     <span class='ocr_line' id='line_1_80' title="bbox 267 4670 1810 4755; baseline 0.005 -29"><span class='ocrx_word' id='word_1_538' title='bbox 267 4674 310 4745; x_wconf 67' lang='grc' dir='ltr'><strong>ει-</strong></span> <span class='ocrx_word' id='word_1_539' title='bbox 363 4670 480 4727; x_wconf 85' lang='grc' dir='ltr'><strong><em>Ἰδε</em></strong></span> <span class='ocrx_word' id='word_1_540' title='bbox 531 4676 624 4733; x_wconf 76' lang='grc' dir='ltr'><strong>τὴν</strong></span> <span class='ocrx_word' id='word_1_541' title='bbox 670 4681 762 4737; x_wconf 78' lang='grc' dir='ltr'><strong><em>τῆς</em></strong></span> <span class='ocrx_word' id='word_1_542' title='bbox 824 4682 1100 4749; x_wconf 87' lang='grc' dir='ltr'><strong><em>μετανοίας</em></strong></span> <span class='ocrx_word' id='word_1_543' title='bbox 1158 4677 1339 4753; x_wconf 82' lang='grc' dir='ltr'><strong><em>ἰσχὺν,</em></strong></span> <span class='ocrx_word' id='word_1_544' title='bbox 1398 4685 1489 4734; x_wconf 86' lang='grc' dir='ltr'><strong><em>καὶ</em></strong></span> <span class='ocrx_word' id='word_1_545' title='bbox 1548 4684 1642 4740; x_wconf 84' lang='grc' dir='ltr'><strong><em>τὴν</em></strong></span> <span class='ocrx_word' id='word_1_546' title='bbox 1699 4680 1810 4755; x_wconf 87' lang='grc' dir='ltr'><strong><em>φιλ-</em></strong></span> 
     </span>
    </p>
   </div>
   <div class='ocr_carea' id='block_1_81' title="bbox 204 4764 1809 4844">
    <p class='ocr_par' dir='ltr' id='par_1_81' title="bbox 204 4764 1809 4844">
     <span class='ocr_line' id='line_1_81' title="bbox 204 4764 1809 4844; baseline 0.006 -29"><span class='ocrx_word' id='word_1_547' title='bbox 204 4764 498 4837; x_wconf 86' lang='grc' dir='ltr'><strong><em>ανθρωπίαν</em></strong></span> <span class='ocrx_word' id='word_1_548' title='bbox 578 4770 673 4817; x_wconf 86' lang='grc' dir='ltr'><strong><em>τοῦ</em></strong></span> <span class='ocrx_word' id='word_1_549' title='bbox 760 4768 976 4839; x_wconf 81' lang='grc' dir='ltr'><strong><em>Κυρίου.</em></strong></span> <span class='ocrx_word' id='word_1_550' title='bbox 1064 4765 1125 4821; x_wconf 81' lang='grc' dir='ltr'><strong>Ἠ</strong></span> <span class='ocrx_word' id='word_1_551' title='bbox 1204 4772 1295 4842; x_wconf 69' lang='grc' dir='ltr'><strong><em>μὲν</em></strong></span> <span class='ocrx_word' id='word_1_552' title='bbox 1378 4773 1480 4844; x_wconf 86' lang='grc' dir='ltr'><strong><em>γὰρ</em></strong></span> <span class='ocrx_word' id='word_1_553' title='bbox 1563 4773 1809 4843; x_wconf 85' lang='grc' dir='ltr'><strong><em>μετάνοια</em></strong></span> 
     </span>
    </p>
   </div>
   <div class='ocr_carea' id='block_1_82' title="bbox 205 4849 1805 4935">
    <p class='ocr_par' dir='ltr' id='par_1_82' title="bbox 205 4849 1805 4935">
     <span class='ocr_line' id='line_1_82' title="bbox 205 4849 1805 4935; baseline 0.006 -30"><span class='ocrx_word' id='word_1_554' title='bbox 205 4851 417 4913; x_wconf 69' lang='grc' dir='ltr'><strong><em>ἓποίησε</em></strong></span> <span class='ocrx_word' id='word_1_555' title='bbox 450 4854 539 4907; x_wconf 84' lang='grc' dir='ltr'><strong><em>τὸν</em></strong></span> <span class='ocrx_word' id='word_1_556' title='bbox 604 4849 788 4908; x_wconf 82' lang='grc' dir='ltr'><strong><em>δοῦλον</em></strong></span> <span class='ocrx_word' id='word_1_557' title='bbox 844 4863 1019 4910; x_wconf 86' lang='grc' dir='ltr'><strong><em>πεσεῖν</em></strong></span> <span class='ocrx_word' id='word_1_558' title='bbox 1078 4854 1179 4911; x_wconf 87' lang='grc' dir='ltr'><strong><em>ἀπὸ</em></strong></span> <span class='ocrx_word' id='word_1_559' title='bbox 1230 4866 1322 4920; x_wconf 86' lang='grc' dir='ltr'><strong>τῆς</strong></span> <span class='ocrx_word' id='word_1_560' title='bbox 1375 4863 1595 4921; x_wconf 86' lang='grc' dir='ltr'><strong><em>κακίας·</em></strong></span> <span class='ocrx_word' id='word_1_561' title='bbox 1638 4862 1664 4913; x_wconf 89' lang='grc' dir='ltr'><strong><em>ὁ</em></strong></span> <span class='ocrx_word' id='word_1_562' title='bbox 1706 4862 1805 4935; x_wconf 86' lang='grc' dir='ltr'><strong><em>γὰρ</em></strong></span> 
     </span>
    </p>
   </div>
   <div class='ocr_carea' id='block_1_83' title="bbox 205 4941 1803 5026">
    <p class='ocr_par' dir='ltr' id='par_1_83' title="bbox 205 4941 1803 5026">
     <span class='ocr_line' id='line_1_83' title="bbox 205 4941 1803 5026; baseline 0.006 -30"><span class='ocrx_word' id='word_1_563' title='bbox 205 4945 471 5010; x_wconf 77' lang='grc' dir='ltr'><strong><em>ἱστάμενος</em></strong></span> <span class='ocrx_word' id='word_1_564' title='bbox 526 4941 757 5018; x_wconf 83' lang='grc' dir='ltr'><strong><em>βεϐαίως</em></strong></span> <span class='ocrx_word' id='word_1_565' title='bbox 819 4946 871 4999; x_wconf 67' lang='grc' dir='ltr'><strong><em>ἓν</em></strong></span> <span class='ocrx_word' id='word_1_566' title='bbox 927 4954 990 5019; x_wconf 72' lang='grc' dir='ltr'><strong><em>τῇ</em></strong></span> <span class='ocrx_word' id='word_1_567' title='bbox 1044 4952 1205 5022; x_wconf 78' lang='grc' dir='ltr'><strong><em>κακίᾳ</em></strong></span> <span class='ocrx_word' id='word_1_568' title='bbox 1259 4948 1319 5002; x_wconf 77' lang='grc' dir='ltr'><strong><em>οὐ</em></strong></span> <span class='ocrx_word' id='word_1_569' title='bbox 1385 4955 1803 5026; x_wconf 84' lang='grc' dir='ltr'><strong><em>συγχωρητίος·</em></strong></span> 
     </span>
    </p>
   </div>
   <div class='ocr_carea' id='block_1_84' title="bbox 201 5031 1807 5118">
    <p class='ocr_par' dir='ltr' id='par_1_84' title="bbox 201 5031 1807 5118">
     <span class='ocr_line' id='line_1_84' title="bbox 201 5031 1807 5118; baseline 0.004 -30"><span class='ocrx_word' id='word_1_570' title='bbox 201 5035 231 5093; x_wconf 75' lang='grc' dir='ltr'><strong>ἠ</strong></span> <span class='ocrx_word' id='word_1_571' title='bbox 290 5031 351 5088; x_wconf 82' lang='grc' dir='ltr'><strong><em>δ“ε</em></strong></span> <span class='ocrx_word' id='word_1_572' title='bbox 410 5032 773 5108; x_wconf 80' lang='grc' dir='ltr'><strong><em>φιλανθρωπία</em></strong></span> <span class='ocrx_word' id='word_1_573' title='bbox 820 5042 914 5089; x_wconf 84' lang='grc' dir='ltr'><strong>τοῦ</strong></span> <span class='ocrx_word' id='word_1_574' title='bbox 969 5043 1103 5091; x_wconf 85' lang='grc' dir='ltr'><strong><em>Θεοῦ</em></strong></span> <span class='ocrx_word' id='word_1_575' title='bbox 1158 5046 1498 5118; x_wconf 87' lang='grc' dir='ltr'><strong><em>συνεχώρησε</em></strong></span> <span class='ocrx_word' id='word_1_576' title='bbox 1549 5042 1807 5105; x_wconf 84' lang='grc' dir='ltr'><strong><em>παντελῶς</em></strong></span> 
     </span>
    </p>
   </div>
   <div class='ocr_carea' id='block_1_85' title="bbox 199 5120 1803 5204">
    <p class='ocr_par' dir='ltr' id='par_1_85' title="bbox 199 5120 1803 5204">
     <span class='ocr_line' id='line_1_85' title="bbox 199 5120 1803 5204; baseline 0.006 -27"><span class='ocrx_word' id='word_1_577' title='bbox 199 5127 257 5177; x_wconf 83' lang='grc' dir='ltr'><strong><em>τὸ</em></strong></span> <span class='ocrx_word' id='word_1_578' title='bbox 289 5120 497 5178; x_wconf 84' lang='grc' dir='ltr'><strong><em>δάνειον</em></strong></span> <span class='ocrx_word' id='word_1_579' title='bbox 531 5140 544 5154; x_wconf 88' lang='grc'><strong>·</strong></span> <span class='ocrx_word' id='word_1_580' title='bbox 576 5128 811 5197; x_wconf 78' lang='grc' dir='ltr'><strong><em>καίτοιγε</em></strong></span> <span class='ocrx_word' id='word_1_581' title='bbox 834 5125 861 5177; x_wconf 86' lang='grc' dir='ltr'>ὁ</span> <span class='ocrx_word' id='word_1_582' title='bbox 890 5121 1076 5189; x_wconf 81' lang='grc' dir='ltr'><strong><em>δοῦλος</em></strong></span> <span class='ocrx_word' id='word_1_583' title='bbox 1105 5125 1163 5180; x_wconf 75' lang='grc' dir='ltr'><strong><em>οὐ</em></strong></span> <span class='ocrx_word' id='word_1_584' title='bbox 1197 5133 1545 5204; x_wconf 85' lang='grc' dir='ltr'><strong><em>συγχώρησιν</em></strong></span> <span class='ocrx_word' id='word_1_585' title='bbox 1583 5130 1803 5193; x_wconf 84' lang='grc' dir='ltr'><strong><em>παντελῆ</em></strong></span> 
     </span>
    </p>
   </div>
   <div class='ocr_carea' id='block_1_86' title="bbox 200 5212 1807 5290">
    <p class='ocr_par' dir='ltr' id='par_1_86' title="bbox 200 5212 1807 5290">
     <span class='ocr_line' id='line_1_86' title="bbox 200 5212 1807 5290; baseline 0.006 -24"><span class='ocrx_word' id='word_1_586' title='bbox 200 5212 392 5283; x_wconf 63' lang='grc' dir='ltr'><strong><em>ἐζήτει,</em></strong></span> <span class='ocrx_word' id='word_1_587' title='bbox 473 5212 609 5269; x_wconf 82' lang='grc' dir='ltr'><strong><em>ἀλλὰ</em></strong></span> <span class='ocrx_word' id='word_1_588' title='bbox 683 5217 1029 5290; x_wconf 86' lang='grc' dir='ltr'><strong><em>προθεσμίαν.</em></strong></span> <span class='ocrx_word' id='word_1_589' title='bbox 1122 5220 1364 5274; x_wconf 84' lang='grc' dir='ltr'><strong><em>Μάνθανε</em></strong></span> <span class='ocrx_word' id='word_1_590' title='bbox 1446 5226 1637 5281; x_wconf 86' lang='grc' dir='ltr'><strong><em>τοίνυν,</em></strong></span> <span class='ocrx_word' id='word_1_591' title='bbox 1726 5222 1807 5276; x_wconf 87' lang='grc' dir='ltr'><strong><em>ὅτι</em></strong></span> 
     </span>
    </p>
   </div>
   <div class='ocr_carea' id='block_1_87' title="bbox 202 5300 1807 5386">
    <p class='ocr_par' dir='ltr' id='par_1_87' title="bbox 202 5300 1807 5386">
     <span class='ocr_line' id='line_1_87' title="bbox 202 5300 1807 5386; baseline 0.009 -30"><span class='ocrx_word' id='word_1_592' title='bbox 202 5302 228 5356; x_wconf 83' lang='grc' dir='ltr'>ὁ</span> <span class='ocrx_word' id='word_1_593' title='bbox 280 5306 415 5368; x_wconf 84' lang='grc' dir='ltr'><strong><em>Θεὸς</em></strong></span> <span class='ocrx_word' id='word_1_594' title='bbox 463 5308 557 5361; x_wconf 79' lang='grc' dir='ltr'><strong><em>καὶ</em></strong></span> <span class='ocrx_word' id='word_1_595' title='bbox 597 5303 811 5359; x_wconf 90' lang='grc' dir='ltr'><strong><em>πλείονα</em></strong></span> <span class='ocrx_word' id='word_1_596' title='bbox 862 5300 1108 5380; x_wconf 80' lang='grc' dir='ltr'><strong><em>διδωσιν,</em></strong></span> <span class='ocrx_word' id='word_1_597' title='bbox 1169 5306 1237 5362; x_wconf 85' lang='grc' dir='ltr'><strong><em>ὧν</em></strong></span> <span class='ocrx_word' id='word_1_598' title='bbox 1285 5308 1593 5386; x_wconf 79' lang='grc' dir='ltr'><strong><em>αἰτούμεθα.</em></strong></span> <span class='ocrx_word' id='word_1_599' title='bbox 1664 5312 1807 5369; x_wconf 79' lang='grc' dir='ltr'><strong><em>Ἐπεὶ</em></strong></span> 
     </span>
    </p>
   </div>
   <div class='ocr_carea' id='block_1_88' title="bbox 1924 3341 3574 3417">
    <p class='ocr_par' dir='ltr' id='par_1_88' title="bbox 1924 3341 3574 3417">
     <span class='ocr_line' id='line_1_88' title="bbox 1924 3341 3574 3417; baseline -0.001 -18"><span class='ocrx_word' id='word_1_600' title='bbox 1924 3342 2026 3399; x_wconf 91' lang='lat' dir='ltr'><strong>tali</strong></span> <span class='ocrx_word' id='word_1_601' title='bbox 2050 3344 2595 3413; x_wconf 68' lang='lat' dir='ltr'><strong>sententialterritus</strong></span> <span class='ocrx_word' id='word_1_602' title='bbox 2612 3344 3047 3417; x_wconf 88' lang='lat' dir='ltr'><strong>deprecaretur,</strong></span> <span class='ocrx_word' id='word_1_603' title='bbox 3068 3360 3136 3399; x_wconf 91' lang='lat' dir='ltr'><strong>ac</strong></span> <span class='ocrx_word' id='word_1_604' title='bbox 3159 3341 3574 3398; x_wconf 89' lang='lat' dir='ltr'><strong>remissionem</strong></span> 
     </span>
    </p>
   </div>
   <div class='ocr_carea' id='block_1_89' title="bbox 1922 3429 3575 3505">
    <p class='ocr_par' dir='ltr' id='par_1_89' title="bbox 1922 3429 3575 3505">
     <span class='ocr_line' id='line_1_89' title="bbox 1922 3429 3575 3505; baseline -0.001 -18"><span class='ocrx_word' id='word_1_605' title='bbox 1922 3436 2399 3505; x_wconf 90' lang='lat' dir='ltr'><strong>consequeretur.</strong></span> <span class='ocrx_word' id='word_1_606' title='bbox 2427 3432 2545 3489; x_wconf 85' lang='lat' dir='ltr'><strong>Nisi</strong></span> <span class='ocrx_word' id='word_1_607' title='bbox 2566 3432 2727 3489; x_wconf 90' lang='lat' dir='ltr'><strong>enim</strong></span> <span class='ocrx_word' id='word_1_608' title='bbox 2765 3448 2836 3489; x_wconf 91' lang='lat' dir='ltr'><strong>eo</strong></span> <span class='ocrx_word' id='word_1_609' title='bbox 2865 3432 2985 3489; x_wconf 87' lang='lat' dir='ltr'><strong>ﬁne</strong></span> <span class='ocrx_word' id='word_1_610' title='bbox 3017 3432 3191 3489; x_wconf 87' lang='lat' dir='ltr'><strong>talem</strong></span> <span class='ocrx_word' id='word_1_611' title='bbox 3231 3429 3575 3504; x_wconf 86' lang='lat' dir='ltr'><strong>protulisset</strong></span> 
     </span>
    </p>
   </div>
   <div class='ocr_carea' id='block_1_90' title="bbox 1920 3517 3577 3597">
    <p class='ocr_par' dir='ltr' id='par_1_90' title="bbox 1920 3517 3577 3597">
     <span class='ocr_line' id='line_1_90' title="bbox 1920 3517 3577 3597; baseline -0.001 -20"><span class='ocrx_word' id='word_1_612' title='bbox 1920 3520 2292 3588; x_wconf 87' lang='lat' dir='ltr'><strong>sententiam,</strong></span> <span class='ocrx_word' id='word_1_613' title='bbox 2323 3537 2713 3597; x_wconf 85' lang='lat' dir='ltr'><strong>nequaquam</strong></span> <span class='ocrx_word' id='word_1_614' title='bbox 2737 3522 3076 3595; x_wconf 85' lang='lat' dir='ltr'><strong>deprecanti</strong></span> <span class='ocrx_word' id='word_1_615' title='bbox 3115 3519 3444 3579; x_wconf 90' lang='lat' dir='ltr'><strong>remisisset</strong></span> <span class='ocrx_word' id='word_1_616' title='bbox 3471 3517 3577 3576; x_wconf 86' lang='lat' dir='ltr'><strong>de-</strong></span> 
     </span>
    </p>
   </div>
   <div class='ocr_carea' id='block_1_91' title="bbox 1917 3610 2133 3668">
    <p class='ocr_par' dir='ltr' id='par_1_91' title="bbox 1917 3610 2133 3668">
     <span class='ocr_line' id='line_1_91' title="bbox 1917 3610 2133 3668; baseline 0.005 -1"><span class='ocrx_word' id='word_1_617' title='bbox 1917 3610 2133 3668; x_wconf 90' lang='lat' dir='ltr'><strong>bitum.</strong></span> 
     </span>
    </p>
   </div>
   <div class='ocr_carea' id='block_1_92' title="bbox 1991 3698 3576 3775">
    <p class='ocr_par' dir='ltr' id='par_1_92' title="bbox 1991 3698 3576 3775">
     <span class='ocr_line' id='line_1_92' title="bbox 1991 3698 3576 3775; baseline -0.001 -17"><span class='ocrx_word' id='word_1_618' title='bbox 1991 3703 2140 3759; x_wconf 85' lang='lat' dir='ltr'><strong>Nam</strong></span> <span class='ocrx_word' id='word_1_619' title='bbox 2170 3699 2219 3757; x_wconf 90' lang='lat' dir='ltr'><strong>si</strong></span> <span class='ocrx_word' id='word_1_620' title='bbox 2246 3701 2419 3759; x_wconf 85' lang='lat' dir='ltr'><strong>valde</strong></span> <span class='ocrx_word' id='word_1_621' title='bbox 2444 3702 2613 3759; x_wconf 78' lang='lat' dir='ltr'><strong>facile</strong></span> <span class='ocrx_word' id='word_1_622' title='bbox 2640 3701 3057 3760; x_wconf 89' lang='lat' dir='ltr'><strong>remissionem</strong></span> <span class='ocrx_word' id='word_1_623' title='bbox 3078 3700 3459 3775; x_wconf 86' lang='lat' dir='ltr'><strong>percepisset,</strong></span> <span class='ocrx_word' id='word_1_624' title='bbox 3486 3698 3576 3757; x_wconf 82' lang='lat' dir='ltr'><strong>fu-</strong></span> 
     </span>
    </p>
   </div>
   <div class='ocr_carea' id='block_1_93' title="bbox 1920 3791 3575 3866">
    <p class='ocr_par' dir='ltr' id='par_1_93' title="bbox 1920 3791 3575 3866">
     <span class='ocr_line' id='line_1_93' title="bbox 1920 3791 3575 3866; baseline 0 -19"><span class='ocrx_word' id='word_1_625' title='bbox 1920 3794 2122 3848; x_wconf 88' lang='lat' dir='ltr'><strong>turum</strong></span> <span class='ocrx_word' id='word_1_626' title='bbox 2145 3795 2359 3849; x_wconf 88' lang='lat' dir='ltr'><strong>eratut</strong></span> <span class='ocrx_word' id='word_1_627' title='bbox 2414 3792 2618 3865; x_wconf 71' lang='lat' dir='ltr'><strong>gratiae</strong></span> <span class='ocrx_word' id='word_1_628' title='bbox 2685 3791 3160 3866; x_wconf 88' lang='lat' dir='ltr'><strong>magnitudinem</strong></span> <span class='ocrx_word' id='word_1_629' title='bbox 3189 3805 3314 3850; x_wconf 89' lang='lat' dir='ltr'><strong>non</strong></span> <span class='ocrx_word' id='word_1_630' title='bbox 3357 3805 3575 3863; x_wconf 85' lang='lat' dir='ltr'><strong>cogno-</strong></span> 
     </span>
    </p>
   </div>
   <div class='ocr_carea' id='block_1_94' title="bbox 1919 3882 3575 3956">
    <p class='ocr_par' dir='ltr' id='par_1_94' title="bbox 1919 3882 3575 3956">
     <span class='ocr_line' id='line_1_94' title="bbox 1919 3882 3575 3956; baseline 0.001 -19"><span class='ocrx_word' id='word_1_631' title='bbox 1919 3884 2143 3938; x_wconf 87' lang='lat' dir='ltr'><strong>sceret:</strong></span> <span class='ocrx_word' id='word_1_632' title='bbox 2176 3886 2419 3955; x_wconf 89' lang='lat' dir='ltr'><strong>propter</strong></span> <span class='ocrx_word' id='word_1_633' title='bbox 2437 3882 2553 3940; x_wconf 91' lang='lat' dir='ltr'><strong>hoc</strong></span> <span class='ocrx_word' id='word_1_634' title='bbox 2582 3898 2724 3956; x_wconf 85' lang='lat' dir='ltr'><strong>ergo</strong></span> <span class='ocrx_word' id='word_1_635' title='bbox 2763 3883 2826 3940; x_wconf 93' lang='lat' dir='ltr'><strong>in</strong></span> <span class='ocrx_word' id='word_1_636' title='bbox 2845 3898 3133 3954; x_wconf 89' lang='lat' dir='ltr'><strong>magnam</strong></span> <span class='ocrx_word' id='word_1_637' title='bbox 3158 3882 3575 3940; x_wconf 87' lang='lat' dir='ltr'><strong>necessitatem</strong></span> 
     </span>
    </p>
   </div>
   <div class='ocr_carea' id='block_1_95' title="bbox 1920 3970 3571 4045">
    <p class='ocr_par' dir='ltr' id='par_1_95' title="bbox 1920 3970 3571 4045">
     <span class='ocr_line' id='line_1_95' title="bbox 1920 3970 3571 4045; baseline 0.002 -19"><span class='ocrx_word' id='word_1_638' title='bbox 1920 3986 2059 4027; x_wconf 91' lang='lat' dir='ltr'><strong>eum</strong></span> <span class='ocrx_word' id='word_1_639' title='bbox 2087 3970 2335 4043; x_wconf 87' lang='lat' dir='ltr'><strong>redegit,</strong></span> <span class='ocrx_word' id='word_1_640' title='bbox 2360 3977 2426 4029; x_wconf 91' lang='lat' dir='ltr'><strong>ut</strong></span> <span class='ocrx_word' id='word_1_641' title='bbox 2464 3972 2544 4029; x_wconf 91' lang='lat' dir='ltr'><strong>ad</strong></span> <span class='ocrx_word' id='word_1_642' title='bbox 2568 3973 2929 4030; x_wconf 88' lang='lat' dir='ltr'><strong>memoriam</strong></span> <span class='ocrx_word' id='word_1_643' title='bbox 2974 3972 3036 4028; x_wconf 94' lang='lat' dir='ltr'><strong>in</strong></span> <span class='ocrx_word' id='word_1_644' title='bbox 3059 3977 3368 4045; x_wconf 89' lang='lat' dir='ltr'><strong>posterum</strong></span> <span class='ocrx_word' id='word_1_645' title='bbox 3402 3986 3571 4029; x_wconf 86' lang='lat' dir='ltr'><strong>revo-</strong></span> 
     </span>
    </p>
   </div>
   <div class='ocr_carea' id='block_1_96' title="bbox 1919 4062 3571 4134">
    <p class='ocr_par' dir='ltr' id='par_1_96' title="bbox 1919 4062 3571 4134">
     <span class='ocr_line' id='line_1_96' title="bbox 1919 4062 3571 4134; baseline 0.005 -20"><span class='ocrx_word' id='word_1_646' title='bbox 1919 4073 2053 4115; x_wconf 88' lang='lat' dir='ltr'><strong>care</strong></span> <span class='ocrx_word' id='word_1_647' title='bbox 2077 4064 2298 4132; x_wconf 89' lang='lat' dir='ltr'><strong>posset,</strong></span> <span class='ocrx_word' id='word_1_648' title='bbox 2332 4075 2453 4134; x_wconf 90' lang='lat' dir='ltr'><strong>qua</strong></span> <span class='ocrx_word' id='word_1_649' title='bbox 2498 4062 2997 4119; x_wconf 89' lang='lat' dir='ltr'><strong>condemnatione</strong></span> <span class='ocrx_word' id='word_1_650' title='bbox 3029 4062 3337 4118; x_wconf 90' lang='lat' dir='ltr'><strong>absolutus</strong></span> <span class='ocrx_word' id='word_1_651' title='bbox 3366 4062 3523 4118; x_wconf 87' lang='lat' dir='ltr'><strong>esset</strong></span> <span class='ocrx_word' id='word_1_652' title='bbox 3552 4077 3571 4123; x_wconf 88' lang='lat'><strong>:</strong></span> 
     </span>
    </p>
   </div>
   <div class='ocr_carea' id='block_1_97' title="bbox 1919 4147 3568 4222">
    <p class='ocr_par' dir='ltr' id='par_1_97' title="bbox 1919 4147 3568 4222">
     <span class='ocr_line' id='line_1_97' title="bbox 1919 4147 3568 4222; baseline 0 -17"><span class='ocrx_word' id='word_1_653' title='bbox 1919 4153 1976 4205; x_wconf 88' lang='lat' dir='ltr'><strong>et</strong></span> <span class='ocrx_word' id='word_1_654' title='bbox 1996 4148 2414 4221; x_wconf 89' lang='lat' dir='ltr'><strong>compassivus</strong></span> <span class='ocrx_word' id='word_1_655' title='bbox 2442 4150 2620 4207; x_wconf 89' lang='lat' dir='ltr'><strong>etiam</strong></span> <span class='ocrx_word' id='word_1_656' title='bbox 2650 4150 2779 4222; x_wconf 90' lang='lat' dir='ltr'><strong>ipse</strong></span> <span class='ocrx_word' id='word_1_657' title='bbox 2806 4166 2950 4221; x_wconf 87' lang='lat' dir='ltr'><strong>erga</strong></span> <span class='ocrx_word' id='word_1_658' title='bbox 2989 4166 3167 4207; x_wconf 88' lang='lat' dir='ltr'><strong>suum</strong></span> <span class='ocrx_word' id='word_1_659' title='bbox 3193 4150 3357 4206; x_wconf 88' lang='lat' dir='ltr'><strong>ﬁeret</strong></span> <span class='ocrx_word' id='word_1_660' title='bbox 3394 4147 3568 4205; x_wconf 88' lang='lat' dir='ltr'><strong>debi-</strong></span> 
     </span>
    </p>
   </div>
   <div class='ocr_carea' id='block_1_98' title="bbox 1916 4236 3173 4309">
    <p class='ocr_par' dir='ltr' id='par_1_98' title="bbox 1916 4236 3173 4309">
     <span class='ocr_line' id='line_1_98' title="bbox 1916 4236 3173 4309; baseline -0.001 -15"><span class='ocrx_word' id='word_1_661' title='bbox 1916 4242 2125 4303; x_wconf 90' lang='lat' dir='ltr'><strong>torem,</strong></span> <span class='ocrx_word' id='word_1_662' title='bbox 2154 4236 2404 4309; x_wconf 87' lang='lat' dir='ltr'><strong>propriis</strong></span> <span class='ocrx_word' id='word_1_663' title='bbox 2433 4239 2678 4295; x_wconf 86' lang='lat' dir='ltr'><strong>edoctus</strong></span> <span class='ocrx_word' id='word_1_664' title='bbox 2708 4238 3173 4296; x_wconf 86' lang='lat' dir='ltr'><strong>calamitatibus.</strong></span> 
     </span>
    </p>
   </div>
   <div class='ocr_carea' id='block_1_99' title="bbox 1988 4324 3567 4397">
    <p class='ocr_par' dir='ltr' id='par_1_99' title="bbox 1988 4324 3567 4397">
     <span class='ocr_line' id='line_1_99' title="bbox 1988 4324 3567 4397; baseline 0.001 -16"><span class='ocrx_word' id='word_1_665' title='bbox 1988 4327 2147 4382; x_wconf 83' lang='lat' dir='ltr'><strong>Vers.</strong></span> <span class='ocrx_word' id='word_1_666' title='bbox 2176 4326 2266 4381; x_wconf 86' lang='lat'><strong>26.</strong></span> <span class='ocrx_word' id='word_1_667' title='bbox 2325 4327 2659 4383; x_wconf 80' lang='lat' dir='ltr'><strong>Prostratus</strong></span> <span class='ocrx_word' id='word_1_668' title='bbox 2710 4358 2781 4370; x_wconf 89' lang='lat'><strong><em>—</em></strong></span> <span class='ocrx_word' id='word_1_669' title='bbox 2810 4330 2967 4383; x_wconf 87' lang='lat' dir='ltr'><strong>Vers.</strong></span> <span class='ocrx_word' id='word_1_670' title='bbox 3033 4326 3122 4383; x_wconf 81' lang='lat'><strong>27.</strong></span> <span class='ocrx_word' id='word_1_671' title='bbox 3152 4326 3260 4384; x_wconf 82' lang='lat' dir='ltr'><strong>illi.</strong></span> <span class='ocrx_word' id='word_1_672' title='bbox 3308 4324 3396 4397; x_wconf 75' lang='grc' dir='ltr'><strong>-Η-</strong></span> <span class='ocrx_word' id='word_1_673' title='bbox 3421 4325 3567 4382; x_wconf 86' lang='lat' dir='ltr'><strong>Ecce</strong></span> 
     </span>
    </p>
   </div>
   <div class='ocr_carea' id='block_1_100' title="bbox 1915 4412 3569 4488">
    <p class='ocr_par' dir='ltr' id='par_1_100' title="bbox 1915 4412 3569 4488">
     <span class='ocr_line' id='line_1_100' title="bbox 1915 4412 3569 4488; baseline -0.001 -17"><span class='ocrx_word' id='word_1_674' title='bbox 1915 4413 2301 4471; x_wconf 88' lang='lat' dir='ltr'><strong>humanitatis</strong></span> <span class='ocrx_word' id='word_1_675' title='bbox 2322 4414 2837 4488; x_wconf 82' lang='lat' dir='ltr'><strong>magnitudineml</strong></span> <span class='ocrx_word' id='word_1_676' title='bbox 2872 4415 2975 4471; x_wconf 85' lang='lat' dir='ltr'><strong>Hic</strong></span> <span class='ocrx_word' id='word_1_677' title='bbox 3016 4415 3168 4471; x_wconf 87' lang='lat' dir='ltr'><strong>enim</strong></span> <span class='ocrx_word' id='word_1_678' title='bbox 3222 4412 3569 4471; x_wconf 88' lang='lat' dir='ltr'><strong>dilationem</strong></span> 
     </span>
    </p>
   </div>
   <div class='ocr_carea' id='block_1_101' title="bbox 1918 4503 3572 4578">
    <p class='ocr_par' dir='ltr' id='par_1_101' title="bbox 1918 4503 3572 4578">
     <span class='ocr_line' id='line_1_101' title="bbox 1918 4503 3572 4578; baseline -0.001 -16"><span class='ocrx_word' id='word_1_679' title='bbox 1918 4508 2147 4562; x_wconf 86' lang='lat' dir='ltr'><strong>tantum</strong></span> <span class='ocrx_word' id='word_1_680' title='bbox 2175 4504 2484 4578; x_wconf 59' lang='lat' dir='ltr'><strong>quaerebat</strong></span> <span class='ocrx_word' id='word_1_681' title='bbox 2506 4520 2521 4571; x_wconf 90' lang='lat'><strong>;</strong></span> <span class='ocrx_word' id='word_1_682' title='bbox 2547 4503 2643 4561; x_wconf 89' lang='lat' dir='ltr'><strong>ille</strong></span> <span class='ocrx_word' id='word_1_683' title='bbox 2676 4520 2813 4562; x_wconf 89' lang='lat' dir='ltr'><strong>vero</strong></span> <span class='ocrx_word' id='word_1_684' title='bbox 2873 4505 3145 4563; x_wconf 92' lang='lat' dir='ltr'><strong>debitum</strong></span> <span class='ocrx_word' id='word_1_685' title='bbox 3170 4504 3223 4561; x_wconf 90' lang='lat' dir='ltr'><strong>ei</strong></span> <span class='ocrx_word' id='word_1_686' title='bbox 3275 4503 3454 4561; x_wconf 89' lang='lat' dir='ltr'><strong>etiam</strong></span> <span class='ocrx_word' id='word_1_687' title='bbox 3483 4518 3572 4561; x_wconf 83' lang='lat' dir='ltr'><strong>re-</strong></span> 
     </span>
    </p>
   </div>
   <div class='ocr_carea' id='block_1_102' title="bbox 1839 4593 3159 4668">
    <p class='ocr_par' dir='ltr' id='par_1_102' title="bbox 1839 4593 3159 4668">
     <span class='ocr_line' id='line_1_102' title="bbox 1839 4593 3159 4668; baseline -0.002 -15"><span class='ocrx_word' id='word_1_688' title='bbox 1839 4598 1883 4653; x_wconf 94' lang='lat' dir='ltr'><strong>D</strong></span> <span class='ocrx_word' id='word_1_689' title='bbox 1919 4594 2100 4661; x_wconf 89' lang='lat' dir='ltr'><strong>misit,</strong></span> <span class='ocrx_word' id='word_1_690' title='bbox 2131 4594 2387 4668; x_wconf 88' lang='lat' dir='ltr'><strong>plusque</strong></span> <span class='ocrx_word' id='word_1_691' title='bbox 2404 4593 2587 4660; x_wconf 88' lang='lat' dir='ltr'><strong>dedit,</strong></span> <span class='ocrx_word' id='word_1_692' title='bbox 2616 4610 2795 4667; x_wconf 89' lang='lat' dir='ltr'><strong>quam</strong></span> <span class='ocrx_word' id='word_1_693' title='bbox 2827 4600 3159 4665; x_wconf 79' lang='lat' dir='ltr'><strong>rogaverat.</strong></span> 
     </span>
    </p>
   </div>
   <div class='ocr_carea' id='block_1_103' title="bbox 1987 4682 3569 4755">
    <p class='ocr_par' dir='ltr' id='par_1_103' title="bbox 1987 4682 3569 4755">
     <span class='ocr_line' id='line_1_103' title="bbox 1987 4682 3569 4755; baseline 0 -16"><span class='ocrx_word' id='word_1_694' title='bbox 1987 4682 2129 4739; x_wconf 86' lang='lat' dir='ltr'><strong>Vide</strong></span> <span class='ocrx_word' id='word_1_695' title='bbox 2153 4682 2514 4755; x_wconf 61' lang='lat' dir='ltr'><strong>paenitentiae</strong></span> <span class='ocrx_word' id='word_1_696' title='bbox 2539 4684 2690 4739; x_wconf 89' lang='lat' dir='ltr'><strong>vires</strong></span> <span class='ocrx_word' id='word_1_697' title='bbox 2720 4700 2791 4741; x_wconf 90' lang='lat' dir='ltr'><strong>ac</strong></span> <span class='ocrx_word' id='word_1_698' title='bbox 2844 4684 3077 4741; x_wconf 89' lang='lat' dir='ltr'><strong>Domini</strong></span> <span class='ocrx_word' id='word_1_699' title='bbox 3126 4684 3569 4742; x_wconf 88' lang='lat' dir='ltr'><strong>humanitatem.</strong></span> 
     </span>
    </p>
   </div>
   <div class='ocr_carea' id='block_1_104' title="bbox 1918 4771 3566 4847">
    <p class='ocr_par' dir='ltr' id='par_1_104' title="bbox 1918 4771 3566 4847">
     <span class='ocr_line' id='line_1_104' title="bbox 1918 4771 3566 4847; baseline 0.002 -19"><span class='ocrx_word' id='word_1_700' title='bbox 1918 4773 2271 4830; x_wconf 73' lang='lat' dir='ltr'><strong>Pmnitentia</strong></span> <span class='ocrx_word' id='word_1_701' title='bbox 2292 4773 2587 4847; x_wconf 89' lang='lat' dir='ltr'><strong>siquidem</strong></span> <span class='ocrx_word' id='word_1_702' title='bbox 2609 4771 2738 4829; x_wconf 79' lang='lat' dir='ltr'><strong>fecit</strong></span> <span class='ocrx_word' id='word_1_703' title='bbox 2764 4788 3004 4831; x_wconf 89' lang='lat' dir='ltr'><strong>servum</strong></span> <span class='ocrx_word' id='word_1_704' title='bbox 3021 4790 3057 4831; x_wconf 89' lang='lat' dir='ltr'><strong>a</strong></span> <span class='ocrx_word' id='word_1_705' title='bbox 3079 4774 3308 4832; x_wconf 88' lang='lat' dir='ltr'><strong>malitia</strong></span> <span class='ocrx_word' id='word_1_706' title='bbox 3318 4773 3566 4832; x_wconf 86' lang='lat' dir='ltr'><strong>cadere:</strong></span> 
     </span>
    </p>
   </div>
   <div class='ocr_carea' id='block_1_105' title="bbox 1917 4862 3574 4937">
    <p class='ocr_par' dir='ltr' id='par_1_105' title="bbox 1917 4862 3574 4937">
     <span class='ocr_line' id='line_1_105' title="bbox 1917 4862 3574 4937; baseline 0.002 -19"><span class='ocrx_word' id='word_1_707' title='bbox 1917 4867 2082 4919; x_wconf 89' lang='lat' dir='ltr'><strong>stans</strong></span> <span class='ocrx_word' id='word_1_708' title='bbox 2100 4863 2260 4920; x_wconf 90' lang='lat' dir='ltr'><strong>enim</strong></span> <span class='ocrx_word' id='word_1_709' title='bbox 2270 4862 2480 4920; x_wconf 89' lang='lat' dir='ltr'><strong>ﬁrmus</strong></span> <span class='ocrx_word' id='word_1_710' title='bbox 2493 4862 2555 4919; x_wconf 89' lang='lat' dir='ltr'><strong>in</strong></span> <span class='ocrx_word' id='word_1_711' title='bbox 2566 4863 2877 4936; x_wconf 85' lang='lat' dir='ltr'><strong>pravitate,</strong></span> <span class='ocrx_word' id='word_1_712' title='bbox 2896 4879 3018 4921; x_wconf 88' lang='lat' dir='ltr'><strong>non</strong></span> <span class='ocrx_word' id='word_1_713' title='bbox 3032 4868 3265 4937; x_wconf 89' lang='lat' dir='ltr'><strong>poterat</strong></span> <span class='ocrx_word' id='word_1_714' title='bbox 3274 4863 3574 4921; x_wconf 89' lang='lat' dir='ltr'><strong>remissio-</strong></span> 
     </span>
    </p>
   </div>
   <div class='ocr_carea' id='block_1_106' title="bbox 1914 4952 3573 5025">
    <p class='ocr_par' dir='ltr' id='par_1_106' title="bbox 1914 4952 3573 5025">
     <span class='ocr_line' id='line_1_106' title="bbox 1914 4952 3573 5025; baseline 0.001 -17"><span class='ocrx_word' id='word_1_715' title='bbox 1914 4968 2055 5009; x_wconf 90' lang='lat' dir='ltr'><strong>nem</strong></span> <span class='ocrx_word' id='word_1_716' title='bbox 2099 4952 2385 5023; x_wconf 91' lang='lat' dir='ltr'><strong>accipere.</strong></span> <span class='ocrx_word' id='word_1_717' title='bbox 2425 4952 2529 5009; x_wconf 90' lang='lat' dir='ltr'><strong>Dei</strong></span> <span class='ocrx_word' id='word_1_718' title='bbox 2557 4968 2701 5010; x_wconf 91' lang='lat' dir='ltr'><strong>vero</strong></span> <span class='ocrx_word' id='word_1_719' title='bbox 2716 4953 3062 5011; x_wconf 88' lang='lat' dir='ltr'><strong>humanitas</strong></span> <span class='ocrx_word' id='word_1_720' title='bbox 3083 4953 3203 5012; x_wconf 87' lang='lat' dir='ltr'><strong>sive</strong></span> <span class='ocrx_word' id='word_1_721' title='bbox 3231 4954 3573 5025; x_wconf 87' lang='lat' dir='ltr'><strong>benignitas</strong></span> 
     </span>
    </p>
   </div>
   <div class='ocr_carea' id='block_1_107' title="bbox 1915 5041 3570 5119">
    <p class='ocr_par' dir='ltr' id='par_1_107' title="bbox 1915 5041 3570 5119">
     <span class='ocr_line' id='line_1_107' title="bbox 1915 5041 3570 5119; baseline -0.001 -18"><span class='ocrx_word' id='word_1_722' title='bbox 1915 5043 2163 5101; x_wconf 89' lang='lat' dir='ltr'><strong>omnino</strong></span> <span class='ocrx_word' id='word_1_723' title='bbox 2180 5042 2429 5115; x_wconf 85' lang='lat' dir='ltr'><strong>ignovit,</strong></span> <span class='ocrx_word' id='word_1_724' title='bbox 2458 5046 2516 5100; x_wconf 88' lang='lat' dir='ltr'><strong>et</strong></span> <span class='ocrx_word' id='word_1_725' title='bbox 2536 5041 2894 5101; x_wconf 76' lang='lat' dir='ltr'><strong>aasalienum</strong></span> <span class='ocrx_word' id='word_1_726' title='bbox 2905 5042 3148 5102; x_wconf 90' lang='lat' dir='ltr'><strong>remisit.</strong></span> <span class='ocrx_word' id='word_1_727' title='bbox 3173 5045 3570 5119; x_wconf 84' lang='lat' dir='ltr'><strong>Atquiservus</strong></span> 
     </span>
    </p>
   </div>
   <div class='ocr_carea' id='block_1_108' title="bbox 1912 5132 3573 5207">
    <p class='ocr_par' dir='ltr' id='par_1_108' title="bbox 1912 5132 3573 5207">
     <span class='ocr_line' id='line_1_108' title="bbox 1912 5132 3573 5207; baseline 0.001 -16"><span class='ocrx_word' id='word_1_728' title='bbox 1912 5148 2037 5191; x_wconf 91' lang='lat' dir='ltr'><strong>non</strong></span> <span class='ocrx_word' id='word_1_729' title='bbox 2047 5133 2464 5191; x_wconf 89' lang='lat' dir='ltr'><strong>omnimodam</strong></span> <span class='ocrx_word' id='word_1_730' title='bbox 2476 5132 3031 5202; x_wconf 87' lang='lat' dir='ltr'><strong>remissionem,sed</strong></span> <span class='ocrx_word' id='word_1_731' title='bbox 3055 5134 3573 5207; x_wconf 87' lang='lat' dir='ltr'><strong>longanimitatem</strong></span> 
     </span>
    </p>
   </div>
   <div class='ocr_carea' id='block_1_109' title="bbox 1914 5222 3573 5299">
    <p class='ocr_par' dir='ltr' id='par_1_109' title="bbox 1914 5222 3573 5299">
     <span class='ocr_line' id='line_1_109' title="bbox 1914 5222 3573 5299; baseline 0.001 -16"><span class='ocrx_word' id='word_1_732' title='bbox 1914 5239 1985 5283; x_wconf 89' lang='lat' dir='ltr'><strong>ac</strong></span> <span class='ocrx_word' id='word_1_733' title='bbox 2000 5222 2454 5297; x_wconf 89' lang='lat' dir='ltr'><strong>protelationem</strong></span> <span class='ocrx_word' id='word_1_734' title='bbox 2465 5223 2796 5299; x_wconf 64' lang='lat' dir='ltr'><strong>quaerebat.</strong></span> <span class='ocrx_word' id='word_1_735' title='bbox 2826 5223 2991 5280; x_wconf 90' lang='lat' dir='ltr'><strong>Disce</strong></span> <span class='ocrx_word' id='word_1_736' title='bbox 3003 5238 3170 5298; x_wconf 91' lang='lat' dir='ltr'><strong>ergo,</strong></span> <span class='ocrx_word' id='word_1_737' title='bbox 3192 5223 3381 5282; x_wconf 88' lang='lat' dir='ltr'><strong>Deum</strong></span> <span class='ocrx_word' id='word_1_738' title='bbox 3400 5223 3573 5299; x_wconf 89' lang='lat' dir='ltr'><strong>plura</strong></span> 
     </span>
    </p>
   </div>
   <div class='ocr_carea' id='block_1_110' title="bbox 1915 5313 3572 5389">
    <p class='ocr_par' dir='ltr' id='par_1_110' title="bbox 1915 5313 3572 5389">
     <span class='ocr_line' id='line_1_110' title="bbox 1915 5313 3572 5389; baseline 0.002 -18"><span class='ocrx_word' id='word_1_739' title='bbox 1915 5314 2183 5372; x_wconf 80' lang='lat' dir='ltr'><strong>conferre</strong></span> <span class='ocrx_word' id='word_1_740' title='bbox 2228 5329 2417 5388; x_wconf 89' lang='lat' dir='ltr'><strong>quam</strong></span> <span class='ocrx_word' id='word_1_741' title='bbox 2460 5329 2572 5372; x_wconf 88' lang='lat' dir='ltr'><strong>nos</strong></span> <span class='ocrx_word' id='word_1_742' title='bbox 2626 5313 3051 5389; x_wconf 88' lang='lat' dir='ltr'><strong>postulemus:</strong></span> <span class='ocrx_word' id='word_1_743' title='bbox 3102 5317 3271 5373; x_wconf 89' lang='lat' dir='ltr'><strong>tanta</strong></span> <span class='ocrx_word' id='word_1_744' title='bbox 3316 5319 3411 5373; x_wconf 89' lang='lat' dir='ltr'><strong>est</strong></span> <span class='ocrx_word' id='word_1_745' title='bbox 3469 5316 3572 5374; x_wconf 89' lang='lat' dir='ltr'><strong>Dei</strong></span> 
     </span>
    </p>
   </div>
   <div class='ocr_carea' id='block_1_111' title="bbox 1429 5515 2374 5590">
    <p class='ocr_par' dir='ltr' id='par_1_111' title="bbox 1429 5515 2374 5590">
     <span class='ocr_line' id='line_1_111' title="bbox 1429 5515 2374 5590; baseline 0.005 -5"><span class='ocrx_word' id='word_1_746' title='bbox 1429 5515 1658 5586; x_wconf 62' lang='lat' dir='ltr'><strong>Varias</strong></span> <span class='ocrx_word' id='word_1_747' title='bbox 1695 5517 2024 5588; x_wconf 89' lang='lat' dir='ltr'><strong>lectiones</strong></span> <span class='ocrx_word' id='word_1_748' title='bbox 2064 5529 2130 5589; x_wconf 90' lang='lat' dir='ltr'><strong>et</strong></span> <span class='ocrx_word' id='word_1_749' title='bbox 2170 5528 2374 5590; x_wconf 63' lang='lat' dir='ltr'><strong>nota.</strong></span> 
     </span>
    </p>
   </div>
   <div class='ocr_carea' id='block_1_112' title="bbox 295 5714 1127 5773">
    <p class='ocr_par' dir='ltr' id='par_1_112' title="bbox 295 5714 1127 5773">
     <span class='ocr_line' id='line_1_112' title="bbox 295 5714 1127 5773; baseline -0.001 0"><span class='ocrx_word' id='word_1_750' title='bbox 295 5716 387 5773; x_wconf 74' lang='lat'><strong>77)</strong></span> <span class='ocrx_word' id='word_1_751' title='bbox 425 5714 668 5773; x_wconf 88' lang='lat' dir='ltr'><strong>Inclusa</strong></span> <span class='ocrx_word' id='word_1_752' title='bbox 688 5714 1035 5772; x_wconf 87' lang='lat' dir='ltr'><strong>exciderant</strong></span> <span class='ocrx_word' id='word_1_753' title='bbox 1060 5717 1127 5773; x_wconf 80' lang='grc' dir='ltr'><strong><em>Α.</em></strong></span> 
     </span>
    </p>
   </div>
   <div class='ocr_carea' id='block_1_113' title="bbox 330 5716 1805 5861">
    <p class='ocr_par' dir='ltr' id='par_1_113' title="bbox 330 5716 1805 5861">
     <span class='ocr_line' id='line_1_113' title="bbox 330 5716 1127 5773; baseline -0.001 0"><span class='ocrx_word' id='word_1_754' title='bbox 330 5722 363 5773; x_wconf 91' lang='lat'><strong>7</strong></span> <span class='ocrx_word' id='word_1_755' title='bbox 425 5716 668 5773; x_wconf 88' lang='lat' dir='ltr'><strong>Inclusa</strong></span> <span class='ocrx_word' id='word_1_756' title='bbox 688 5716 1035 5772; x_wconf 88' lang='lat' dir='ltr'><strong>exciderant</strong></span> <span class='ocrx_word' id='word_1_757' title='bbox 1060 5717 1127 5773; x_wconf 80' lang='grc' dir='ltr'><strong><em>Α.</em></strong></span> 
     </span>
     <span class='ocr_line' id='line_1_114' title="bbox 330 5716 1805 5861; baseline 0.003 -16"><span class='ocrx_word' id='word_1_758' title='bbox 330 5716 387 5861; x_wconf 57' lang='lat'><strong>8;</strong></span> <span class='ocrx_word' id='word_1_759' title='bbox 418 5790 540 5847; x_wconf 82' lang='lat' dir='ltr'><strong>Hoc</strong></span> <span class='ocrx_word' id='word_1_760' title='bbox 560 5786 793 5846; x_wconf 88' lang='lat' dir='ltr'><strong>scholio</strong></span> <span class='ocrx_word' id='word_1_761' title='bbox 814 5786 1056 5845; x_wconf 87' lang='lat' dir='ltr'><strong>carebat</strong></span> <span class='ocrx_word' id='word_1_762' title='bbox 1078 5786 1484 5861; x_wconf 83' lang='lat' dir='ltr'><strong>interpretatio</strong></span> <span class='ocrx_word' id='word_1_763' title='bbox 1512 5791 1805 5850; x_wconf 83' lang='lat' dir='ltr'><strong>Hentenii.</strong></span> 
     </span>
    </p>
   </div>
   <div class='ocr_carea' id='block_1_114' title="bbox 1917 5721 3565 5798">
    <p class='ocr_par' dir='ltr' id='par_1_114' title="bbox 1917 5721 3565 5798">
     <span class='ocr_line' id='line_1_115' title="bbox 1917 5721 3565 5798; baseline -0.001 -18"><span class='ocrx_word' id='word_1_764' title='bbox 1917 5721 2052 5798; x_wconf 63' lang='lat' dir='ltr'><strong>Ejus</strong></span> <span class='ocrx_word' id='word_1_765' title='bbox 2074 5725 2278 5798; x_wconf 78' lang='lat' dir='ltr'><strong>autem</strong></span> <span class='ocrx_word' id='word_1_766' title='bbox 2300 5722 2435 5798; x_wconf 85' lang='lat' dir='ltr'><strong>loco</strong></span> <span class='ocrx_word' id='word_1_767' title='bbox 2452 5723 2634 5798; x_wconf 79' lang='lat' dir='ltr'><strong>habet</strong></span> <span class='ocrx_word' id='word_1_768' title='bbox 2652 5724 2891 5798; x_wconf 89' lang='lat' dir='ltr'><strong>longius</strong></span> <span class='ocrx_word' id='word_1_769' title='bbox 2905 5722 3325 5797; x_wconf 79' lang='lat' dir='ltr'><strong>TheOphylacti</strong></span> <span class='ocrx_word' id='word_1_770' title='bbox 3355 5738 3417 5795; x_wconf 91' lang='lat' dir='ltr'><strong>p.</strong></span> <span class='ocrx_word' id='word_1_771' title='bbox 3435 5721 3565 5798; x_wconf 67' lang='grc' dir='ltr'><strong><em>ιω,</em></strong></span> 
     </span>
    </p>
   </div>
   <div class='ocr_carea' id='block_1_115' title="bbox 1918 5793 3561 5868">
    <p class='ocr_par' dir='ltr' id='par_1_115' title="bbox 1918 5793 3561 5868">
     <span class='ocr_line' id='line_1_116' title="bbox 1918 5793 3561 5868; baseline -0.004 -15"><span class='ocrx_word' id='word_1_772' title='bbox 1918 5793 1982 5866; x_wconf 76' lang='grc' dir='ltr'><strong>Β,</strong></span> <span class='ocrx_word' id='word_1_773' title='bbox 2011 5794 2179 5868; x_wconf 90' lang='lat' dir='ltr'><strong>quod</strong></span> <span class='ocrx_word' id='word_1_774' title='bbox 2214 5794 2313 5852; x_wconf 87' lang='lat' dir='ltr'><strong>hic</strong></span> <span class='ocrx_word' id='word_1_775' title='bbox 2339 5795 2586 5867; x_wconf 89' lang='lat' dir='ltr'><strong>subjeci.</strong></span> <span class='ocrx_word' id='word_1_776' title='bbox 2610 5797 2676 5852; x_wconf 82' lang='lat' dir='ltr'><strong>In</strong></span> <span class='ocrx_word' id='word_1_777' title='bbox 2704 5793 2916 5852; x_wconf 70' lang='lat' dir='ltr'><strong>neutro</strong></span> <span class='ocrx_word' id='word_1_778' title='bbox 2938 5793 3210 5852; x_wconf 74' lang='lat' dir='ltr'><strong>meorum</strong></span> <span class='ocrx_word' id='word_1_779' title='bbox 3262 5793 3561 5863; x_wconf 81' lang='lat' dir='ltr'><strong>reperitur.</strong></span> 
     </span>
    </p>
   </div>
  </div>
