4176 6448
643 347 744 405 5|!

1958 367 2304 424 EUTHYMII
2341 369 2670 428 ZIGABENI

3893 390 3986 445 512

642 471 979 582 benignitas
1008 479 1633 582 ethumanitas,etiam
1655 505 1793 546 cum
1814 491 2020 550 durior
2035 494 2263 552 videtur

2398 502 2630 558 τοσαύτη
2721 501 2862 556 ἐστὶν
2917 506 2947 563 ἠ
3009 506 3367 582 φιλανθρωπία
3445 511 3625 579 αὐτοῦ,
3707 515 3837 566 ὥστε
3907 520 3984 567 καὶ

645 570 782 634 puta
805 564 1076 634 jubendo
1101 573 1456 632 venumdari
1477 591 1639 645 eum,
1672 583 1728 636 et
1748 583 1952 640 omnia
1977 600 2113 658 quae
2136 585 2291 643 illius

639 657 828 709 erant.
867 657 1068 730 Neque
1099 661 1260 720 enim
1291 663 1406 721 hoc
1446 682 1519 723 ex
1553 671 1870 741 asperitate
1892 657 2148 743 dicebat,
2181 677 2288 734 sed

639 744 970 837 ntus-ervum
995 751 1237 811 terreret
1263 760 1319 810 et
1347 758 1751 830 persuaderet,
1783 777 2046 837 eumque
2063 767 2134 822 ad
2183 767 2290 823 hu-

639 829 855 890 militer
881 835 1308 926 deprecandum
1327 845 1669 917 adduceret,
1695 829 1835 908 etad
1848 829 2288 926 respiciendum

637 923 945 992 quomodo
973 925 1338 991 invitaretur.

714 1009 870 1071 Vers.
900 1016 1018 1107 28.7
1044 1017 1315 1090 Egressus
1337 1055 1406 1068 —
1473 1028 1663 1087 debes.
1691 1034 1818 1090 Non
1859 1038 1994 1106 post
2038 1035 2289 1107 longum

639 1101 896 1172 tempus,
919 1106 1026 1163 sed
1053 1111 1253 1172 statim
1283 1114 1770 1179 :beneticentiam
1824 1101 2048 1182 faciens
2086 1101 2289 1184 trami-

640 1191 894 1290 ηιξκιε-δᾶ
933 1194 989 1251 id
1009 1200 1177 1270 quod
1206 1217 1405 1278 neque
1433 1210 1552 1266 Deo
1573 1217 1812 1282 gratum
1830 1219 1938 1280 est,
1965 1231 2161 1290 neque
2182 1219 2289 1277 ho-

637 1275 923 1340 minibus.

709 1368 862 1425 Vers.
891 1373 979 1430 29.
1025 1377 1355 1474 Proslratus
1382 1416 1454 1430 —
1473 1389 1635 1448 Vers.
1667 1394 1757 1450 30.
1788 1395 2058 1455 debitum.
2084 1401 2284 1474 Neque

633 1453 1365 1561 formamsupplicationis
1386 1479 1604 1537 veritus
1627 1487 1734 1550 est,
1753 1500 1874 1558 qua
1895 1492 1953 1544 et
2000 1453 2154 1561 ips—e—
2171 1453 2282 1548 ini:

630 1546 1011 1612 sericordiam
1034 1563 1335 1648 percepit;
1365 1582 1560 1642 neque
1594 1546 1868 1632 sermone
1902 1546 2170 1648 plac‘atus
2196 1589 2282 1640 est

629 1648 736 1706 per
763 1653 943 1738 quem
969 1650 1024 1702 et
1061 1647 1187 1721 ipse
1226 1662 1498 1714 servatus
1551 1669 1677 1718 erat
1718 1680 1732 1731 ;
1765 1647 1960 1739 neque
2013 1686 2049 1726 a
2102 1670 2277 1728 simili

627 1728 880 1827 proprias
904 1738 1174 1827 meminit
1198 1743 1576 1817 calamitatis,
1613 1728 1726 1808 sed
1743 1728 2072 1827 permansit
2107 1763 2276 1819 omni

624 1809 750 1925 {ora
777 1819 1088 1925 crudelior.
1113 1831 1291 1925 Atqui
1321 1849 1444 1894 non
1469 1809 1574 1910 pro
1603 1809 2278 1925 (equalibusw—eratvs—up:

625 1899 903 2006 i‘lica‘ﬁot
931 1910 1057 2006 ipse
1095 1899 1256 1980 enim
1297 1938 1399 1996 pro
1439 1899 1695 1996 talentis:
1873 1899 2275 2006 {)LoEZAQFEs

623 1992 922 2094 rogabat;
948 2006 1006 2058 et
1031 2004 1160 2078 ipse
1203 1992 1315 2082 pro
1355 2013 1563 2073 decem
1595 1992 1887 2094 millibus,
1911 1992 2273 2087 hicwa—uwte—m

625 2093 736 2152 pro
761 2091 1038 2165 centum;
1073 2099 1130 2154 et
1159 2096 1287 2170 ipse
1306 2101 1644 2176 dominum,
1670 2109 1768 2168 hic
1790 2091 1994 2172 autem
2035 2131 2272 2176 conser-

623 2182 768 2271 vum
783 2187 797 2240 ;
811 2179 865 2273 et
877 2177 1160 2273 dominus
1174 2190 1401 2250 tantum
1413 2193 1683 2256 debitum
1697 2199 1806 2273 ipsi
1821 2203 2164 2264 universum
2187 2224 2273 2266 re-

621 2267 877 2365 miserat,
897 2267 1023 2344 ipse
1039 2289 1174 2332 vero
1185 2293 1382 2354 neque
1399 2267 1744 2346 dilationem
1761 2307 2052 2352 conservo
2083 2295 2270 2365 dedit,

689 2352 970 2458 Vers..3l.
1017 2352 1372 2428 Videntesl—
1394 2392 1520 2447 qua
1545 2379 1789 2448 ﬁebant.
1816 2352 2272 2458 lncompassibi:

615 2438 748 2499 litas
778 2447 937 2506 enim
969 2467 1088 2511 non
1115 2473 1148 2514 a
1176 2459 1296 2518 Deo
1327 2438 1520 2523 solum
1545 2438 1825 2527 'habetur
1849 2438 2270 2540 adiitsedvn—e-

615 2545 732 2626 que
757 2545 1090 2599 mansuetis
1118 2546 1490 2622 hominibus,
1519 2564 1691 2626 grata
1713 2564 1831 2618 est.

689 2624 851 2684 Vers.
882 2633 948 2686 32
981 2635 1147 2692 Tunc
1185 2669 1241 2681 —
1289 2643 1428 2715 Vens
1453 2624 1544 2702 33:
1574 2647 1845 2707 misertus
1870 2656 2049 2712 sum?
2070 2657 2113 2713 Ο
2159 2657 2268 2716 im-

616 2727 889 2814 mensam
911 2729 1437 2790 mansuetudinem
1471 2733 1483 2788 !
1517 2736 1599 2792 Ex
1623 2753 1798 2812 aequo
1827 2740 2110 2818 disceptet
2131 2762 2266 2805 cum

615 2815 687 2856 eo
714 2805 1015 2906 omni
1067 2830 1341 2876 sermone
1387 2822 1673 2895 indignus
1695 2805 1802 2886 ἐει
1833 2845 1846 2886 :
1895 2837 1954 2888 et
1983 2805 2268 2906 patienter

2401 585 2558 641 ἐκεῖνο
2601 594 2659 642 τό
2709 588 2897 645 δοκοῦν
2938 594 3183 670 σκληρόν,
3244 602 3301 652 τό
3355 602 3648 675 προστάξαι
3702 602 3984 662 πωληθῆναι

2402 676 2577 742 αὐτόν,
2637 679 2730 731 οῦκ
2781 680 2882 734 ἀπό
2938 682 3294 760 σκληρότητος
3351 686 3506 754 εἶπεν,
3573 689 3681 742 ἀλλ’
3722 692 3804 744 ἱνα
3844 712 3983 745 κατα-

2400 773 2606 842 ποήση
2647 773 2733 822 τόν
2774 767 2979 838 δοῦλον,
3027 780 3116 828 καὶ
3168 782 3324 852 πείσῃ
3379 779 3535 833 αὑτὸν
3598 782 3730 856 πρὸς
3789 783 3982 837 ἱκετείαν

2400 861 2490 909 καὶ
2513 857 2845 932 παράκλησιν
2873 860 3183 935 ἀποϐλέψαι.

2471 944 2713 1009 Ἐξελθών
2761 981 2830 992 -
2875 951 3109 1025 ὀφείλεις.
3171 951 3328 1019 Εἶδες
3395 957 3509 1029 (79)
3564 963 3824 1013 Δεσπότου
3876 959 3981 1034 φιλ-

2398 1036 2714 1110 ανθρωπίαν,
2778 1041 2876 1114 6pa
2944 1047 3034 1096 καὶ
3115 1041 3305 1099 δούλου
3377 1046 3529 1100 πάλιν
3606 1046 3978 1126 ἀπανθρωπίαν.

2399 1124 2645 1188 Ἐξελθὼν
2709 1132 2812 1204 γὰρ
2870 1130 3042 1198 εὐθὺς,
3093 1130 3256 1198 ἔδειξε
3316 1140 3412 1195 τὴν
3476 1137 3674 1193 οἰκείαν
3732 1124 3978 1207 ἀπήνειαν,

2396 1212 2520 1268 οὐδὲ
2547 1225 2735 1290 καιροῦ
2766 1239 2904 1284 τινος
2938 1222 3297 1296 παρελθόντος.

2469 1311 2646 1359 Πεσὼν
2676 1339 2743 1350 -
2774 1307 3114 1384 ὀφειλόμενον.
3157 1318 3291 1368 Οῦτε
3331 1318 3418 1369 οτὸ
3461 1325 3664 1389 σχῆμα
3703 1327 3792 1381 τῆς
3831 1322 3976 1378 ianq-

2390 1399 2514 1470 ρίας
2550 1392 2776 1469 ᾐδέσθη,
2820 1396 2895 1452 δι’
2931 1397 2992 1454 οὗ
3029 1406 3120 1455 καὶ
3145 1403 3302 1466 αὐτὸς
3327 1403 3520 1470 ἐσώθη,
3573 1410 3697 1462 οὔτε
3721 1417 3812 1471 τῆς
3857 1405 3976 1469 ἰδίεις

2395 1482 2689 1557 ἀνεμνήσθη
2748 1495 3018 1564 συμφορᾶς
3062 1489 3163 1544 ἀπὸ
3227 1500 3322 1554 τῆς
3372 1495 3556 1566 ὁμοίας
3600 1513 3614 1527 ·
3678 1495 3784 1548 ἀλλ’
3832 1499 3974 1569 ἔμεινε

2395 1575 2577 1649 θηρίου
2632 1579 2819 1638 παντὸς
2888 1579 3161 1656 ὠμότερος.
3225 1586 3488 1655 Καὶτοιγε,
3554 1585 3666 1657 οὐχ
3717 1588 3838 1659 ὑπερ
3885 1593 3970 1638 τῶν

2391 1665 2517 1714 ἴσων
2571 1660 2632 1722 ἦν
2689 1667 2718 1724 ἠ
2774 1665 3030 1742 ἱκετηρίαο
3088 1671 3113 1722 ό
3167 1673 3256 1742 μεν
3309 1674 3411 1746 γὰρ
3462 1674 3591 1748 ὑπερ
3642 1675 3966 1739 ταλάντων,ό

2389 1747 2448 1805 δι
2500 1754 2626 1826 ὑπερ
2677 1751 2940 1831 δηναρίων
2995 1760 3292 1833 παρεκάλει.
3349 1765 3448 1815 Καὶ
3502 1763 3528 1814 6
3577 1766 3674 1836 μὲν
3723 1765 3842 1837 ὑπὶρ
3884 1783 3962 1835 μυ-

2384 1845 2528 1916 ρίων,
2576 1843 2602 1894 ό
2655 1840 2714 1897 δὲ
2753 1845 2878 1921 ὑπερ
2926 1846 3124 1905 ἐκατὸν.
3166 1854 3266 1903 Καὶ
3308 1851 3334 1904 ὀ
3376 1853 3466 1922 μεν
3509 1854 3598 1904 τὸν
3657 1850 3956 1916 Δεσπότηι,ὀ

2389 1927 2447 1986 δι
2494 1930 2580 1985 τόν
2637 1929 2945 2006 ὁμόδουλον.
3012 1942 3112 1990 Καὶ
3159 1940 3184 1990 ό
3243 1942 3333 2011 μὲν
3392 1935 3657 2004 δεσπότης
3705 1944 3836 1995 ἅπαν
3889 1939 3958 1992 αὗ-

2384 2027 2457 2092 τῷ
2494 2024 2552 2074 τὸ
2602 2021 2715 2094 (80)
2766 2033 3015 2078 τοσοῦτον
3066 2031 3222 2101 χρέος
3276 2029 3491 2101 ἀφῆκεν·
3543 2030 3702 2094 αὐτὸς
3752 2027 3808 2084 δι
3857 2025 3962 2082 οὐδὲ

2382 2111 2706 2186 προθεσμίαν
2737 2116 2900 2186 μόνην
2929 2123 3002 2186 τῷ
3034 2111 3302 2190 συνδούλῳ
3343 2112 3593 2174 δέδωκεν.

2455 2195 2672 2262 Ὶδοντες
2724 2232 2794 2242 -
2853 2204 2920 2256 τὰ
2966 2208 3235 2277 γενόμετα.
3293 2210 3364 2259 Τὸ
3422 2205 3730 2282 ἀσυμπαθὶς
3771 2209 3864 2283 γὰρ
3908 2204 3960 2259 οὐ

2381 2291 2533 2362 μόνον
2587 2297 2661 2360 τῷ
2725 2297 2840 2363 Θεῷ
2894 2297 3142 2364 μισητὸν,
3203 2292 3310 2346 ἀλλ’
3370 2293 3496 2350 οὐδε
3549 2305 3651 2360 τοῖς
3703 2296 3958 2349 ἐπιεικέσιν

2381 2375 2672 2452 ἀνθρώποις
2701 2377 2934 2456 ἀρεστόν.

2450 2473 2576 2521 Τότε
2628 2500 2697 2510 —
2749 2468 2968 2529 ἠλέησαο
3035 2469 3107 2524 Ὠ
3151 2480 3243 2536 τῆς
3301 2473 3490 2537 πολλῆς
3566 2475 3865 2546 ἡμερότητος
3930 2473 3944 2526 l

2380 2558 2787 2630 Δικαιολογεῖται
2842 2563 2972 2633 πρὸς
3015 2563 3102 2615 τὸν
3149 2559 3354 2626 ἀνάξιον
3407 2562 3556 2635 λόγου
3606 2563 3805 2627 παντὸς,
3860 2561 3943 2610 καί

2376 2651 2723 2722 μακροθύμως
2779 2648 2984 2722 ἐλέγχει
3038 2653 3126 2703 τὸν
3187 2651 3645 2726 αὐτοκατάκριτονο
3706 2652 3790 2703 καὶ
3844 2642 3942 2700 δεί-

2376 2755 2576 2808 κνυσιν,
2637 2739 2716 2790 ὅτι
2769 2737 2922 2798 αὐτὸς
2979 2738 3145 2812 ἐαυτῷ
3204 2741 3294 2793 καί
3350 2745 3444 2800 τὴν
3505 2744 3745 2816 προτέραν
3800 2737 3949 2812 χάριν

2375 2825 2636 2900 ἀνέτρεψε,
2709 2831 2798 2880 καὶ
2850 2831 2944 2886 τὴν
3017 2832 3150 2901 μετὰ
3217 2837 3368 2885 τοῦτο
3430 2831 3641 2885 κόλασιν
3691 2827 3950 2904 προύξένη-

612 2903 695 2996 ιο.
713 2890 915 2996 leniter
942 2914 1080 2996 eum
1111 2907 1426 2982 convincit,
1457 2890 1561 2986 qui
1603 2931 1711 2989 per
1735 2934 1798 2975 se
1827 2890 2264 2983 condemnatus
2300 2937 2341 2996 C
2378 2934 2436 2968 σε
2466 2890 2602 2988 (δύο

612 2983 736 3081 est,-
751 2987 1127 3081 ostenditque
1149 2997 1316 3067 quod
1345 2983 1621 3073 ipse—sibi
1640 3004 1763 3079 ipsi
1784 3009 2041 3081 priorem
2081 3013 2261 3072 etiam

611 3070 864 3138 gratiam
892 3077 1203 3151 subvertit,
1223 3091 1280 3145 et
1303 3070 1469 3149 exieo
1499 3070 2077 3159 ultionemadduxit.

677 3160 746 3219 Et
774 3176 912 3224 cum
943 3182 1064 3226 non
1091 3183 1288 3246 posset
1317 3179 1570 3250 solvere,
1599 3201 1720 3244 non
1748 3202 1888 3246 eum
1941 3190 2258 3251 scelestum

603 3252 952 3324 nominavit,
981 3263 1081 3320 sed
1129 3265 1258 3338 ejus
1290 3272 1492 3342 potius
1543 3275 1820 3335 misertus
1849 3285 1972 3338 est:
2013 3283 2260 3356 quando

603 3353 745 3444 vero
771 3358 916 3417 erga
945 3366 1297 3416 conservum
1330 3376 1451 3418 non
1471 3369 1562 3422 est
1590 3371 1788 3425 motus
1817 3353 2259 3444 compassionis

602 3429 838 3532 attactu,
869 3440 1008 3497 tunc
1046 3447 1431 3530 etscelestum
1453 3456 1829 3528 appelavitet
1858 3429 2109 3532 punivit.

667 3521 999 3618 .Audiamus
1013 3547 1122 3588 nos
1137 3538 1240 3607 qui
1255 3521 1372 3594 non
1389 3521 1790 3616 compatimur
1806 3521 2254 3618 ethorreamus,

599 3609 860 3709 sciamus
884 3620 1050 3690 quod
1066 3622 1178 3694 ipsi
1199 3627 1474 3700 nosipsos
1487 3632 1736 3690 omnino
1749 3635 2252 3709 condemnemus,

603 3699 702 3754 Dei
726 3702 1192 3768 misericordiam
1211 3699 1399 3787 quam
1421 3734 1563 3789 erga
1585 3736 1696 3778 nos
1719 3724 1990 3784 exhibuit
2015 3728 2254 3787 subver-

605 3793 809 3854 tentes,
836 3799 1250 3874 teternumque
1274 3805 1632 3877 supplicium
1659 3813 2038 3872 attrahentes.

673 3877 833 3933 Vers.
867 3880 953 3937 34.
975 3884 1052 3941 Et
1081 3888 1195 3946 sibi
1208 3921 1276 3933 —
1295 3899 1475 3952 totum
1502 3897 1772 3956 debitum.
1804 3904 1920 3958 Hoc
1944 3910 2051 3972 est,
2070 3909 2252 3966 conti-

600 3980 716 4029 nue
740 3972 797 4024 et
834 3985 1084 4064 semper
1115 3995 1128 4044 ;
1153 3984 1357 4051 postea
1385 3985 1546 4044 enim
1578 4004 1893 4064 nunquam
1921 3994 2122 4054 solvet.
2167 4000 2251 4058 Tu

2447 3010 2547 3058 Καὶ
2588 3007 2672 3060 ὅτε
2713 3008 2802 3080 μεν
2855 3005 2950 3060 οὐκ
3006 3003 3146 3080 εἶχεν
3200 3004 3493 3063 ἀποδοῦναι
3539 3013 3596 3063 τὸ
3644 3011 3816 3083 χρέος,
3865 3006 3951 3059 οὐκ

2372 3097 2635 3168 ὠνόμασεν
2686 3095 2843 3148 αὐτὸν
2886 3100 3130 3170 πονηρὸν,
3183 3095 3312 3151 ἀλλὰ
3355 3104 3446 3153 καὶ
3494 3098 3680 3174 μᾶλλον
3725 3095 3948 3162 ἠλέησεν,

2371 3184 2454 3238 ὅτε
2501 3180 2560 3237 δι
2606 3189 2724 3260 περὶ
2769 3187 2855 3238 τὸν
2907 3182 3189 3240 σύνδουλόν
3232 3193 3433 3264 γέγονεν
3469 3189 3800 3263 ἀσυμπαθὴς,
3842 3202 3949 3238 τοτε

2369 3278 2459 3326 καὶ
2483 3278 2705 3348 πονηρόν
2734 3273 2990 3348 ὠνόμασε,
3021 3280 3109 3329 καὶ
3138 3275 3402 3334 ἐκόλασεν.

2439 3469 2768 3543 ’Δκούσωμεν
2837 3470 2888 3525 οἰ
2961 3471 3286 3546 ἀσυμπαθεῖς
3357 3478 3448 3528 καὶ
3518 3474 3789 3549 φρίξωμεν,
3866 3491 3951 3526 και

2365 3567 2580 3632 γνῶμεν,
2640 3559 2720 3613 ὃτι
2767 3559 2917 3614 αὐτοὶ
2983 3565 3188 3626 πάντως
3257 3562 3467 3624 ἐαυτόὺς
3517 3559 3948 3635 καταδικάζομεν,

2364 3650 2452 3699 τόν
2479 3647 2552 3710 εἰς
2579 3650 2720 3722 ἡμᾶς
2744 3655 3178 3724 προγεγενημένον
3207 3650 3338 3704 ἐλεόν
3366 3659 3459 3704 τοῦ
3491 3656 3624 3705 Θεοῦ
3652 3648 3953 3723 ἁνατρέπον·

2362 3754 2458 3808 τες,
2491 3741 2582 3790 καὶ
2603 3739 2696 3796 τήν
2721 3736 2933 3793 αἰωνίαν
2960 3739 3171 3793 κόλασιν
3201 3737 3574 3811 ἐπισπώμενοι.

2436 3913 2536 3962 Καὶ
2579 3939 2648 3949 -
2699 3915 2800 3962 πᾶν
2839 3912 2896 3963 τό
2943 3907 3260 3983 ὀφειλόμενον
3316 3907 3476 3981 αὐτῷ.
3532 3911 3802 3980 Τουτέστι,
3861 3903 3950 3960 όι-

2362 4006 2571 4061 ηνεκῶς·
2613 3993 2864 4052 οὐδέποτε
2895 3999 2996 4074 γὰρ
3030 3997 3208 4053 λοιπὸν
3254 3993 3544 4056 ἀποδώσει.
3594 4000 3660 4050 Σὺ
3699 3993 3758 4051 δὲ
3796 3995 3955 4052 τᾶλλα

595 4069 737 4113 vero
765 4057 991 4163 reliqua
1013 4069 1313 4137 parabolae
1360 4089 1437 4132 ne
1488 4057 1745 4137 curiose-
1764 4086 2060 4153 scruteris,
2115 4104 2251 4163 quas

2373 4089 2448 4141 κεν
2523 4057 2618 4150 τῆς
2678 4057 2982 4161 παραϐολῆς
3040 4091 3112 4162 μὴ
3170 4087 3538 4163 περιεργάζου,
3596 4089 3756 4163 χάριν
3803 4089 3954 4141 πιθα-

595 4149 1111 4252 ρθΙτευαεὶὺὶΙὶιαιίε
1140 4161 1326 4252 gratia
1354 4170 1492 4223 sunt
1533 4181 1957 4248 coassumpta;
1992 4149 2100 4235 sed
2133 4149 2248 4237 boc

2373 4180 2572 4238 ρότητος
2631 4149 3158 4252 συμπαραληφθέντα·
3213 4185 3367 4232 τοῦτο
3406 4175 3466 4232 δι
3529 4182 3681 4252 μόνον
3721 4175 3778 4232 ἐκ
3837 4179 3957 4231 ταύ-

597 4234 882 4343 :olumex
912 4257 984 4300 ea
1021 4249 1334 4310 manifeste
1387 4257 1640 4330 accipito
1673 4275 1686 4317 :
1721 4234 1966 4334 peccata
2012 4282 2149 4343 quas
2186 4269 2248 4324 in

597 4323 784 4424 Deum
809 4334 1240 4424 committimus
1269 4323 1744 4406 inﬁnitis-modis
1777 4351 1947 4424 plura
1978 4323 2248 4423 esse,

592 4429 726 4517 quae
749 4417 1107 4517 delinquunt
1128 4427 1189 4517 in
1215 4445 1328 4487 nos
1350 4431 1561 4492 fratres
1592 4417 1798 4496 nostri:
1818 4444 1966 4500 Nam
1991 4417 2247 4517 quisque

597 4509 870 4562 nostrum
914 4513 1033 4568 Deo
1071 4515 1305 4576 debitor
1331 4524 1439 4589 [est
1465 4525 1670 4583 decem
1720 4529 1972 4587 millium
2002 4509 2246 4590 talen-to-

598 4606 754 4660 rum,
781 4595 892 4689 hoc
922 4607 1028 4689 est,
1063 4605 1230 4663 multi
1261 4625 1330 4665 ac
1378 4615 1584 4686 magni
1640 4633 1777 4674 reus
1811 4618 2033 4689 debiti;
2075 4621 2244 4680 debe-

596 4695 734 4744 mus
749 4683 911 4782 enim.
921 4687 1002 4746 illi
1014 4692 1230 4751 multas
1246 4683 1577 4777 gravesque
1592 4721 1822 4777 poenas,
1849 4683 2092 4782 propter
2121 4728 2246 4770 ma-

595 4783 717 4868 gna
756 4775 1073 4874 gravisque
1095 4793 1356 4854 peccata.
1393 4775 1654 4866 Quisque
1679 4775 1878 4853 autem
1898 4775 2108 4856 eorum
2145 4802 2244 4874 qui

595 4857 649 4914 in
675 4874 786 4916 nos
811 4861 1206 4939 deliquerunt,
1259 4876 1436 4934 n0blS
1464 4857 1698 4938 debitor
1732 4889 1819 4940 est
1851 4892 2090 4945 centum
2136 4857 2242 4948 de;

593 4949 921 5022 nariorum,
955 4955 1223 5021 videlicet
1251 4968 1418 5038 parvi
1446 4968 1692 5042 vilisque
1721 4972 1925 5043 debiti,
1960 4977 2010 5034 si
2037 4981 2239 5038 confe-

592 5041 757 5098 ratur
793 5043 869 5100 ad
903 5045 1112 5108 decem
1142 5053 1326 5113 millia
1355 5041 1736 5118 talentorum.
1772 5041 1918 5122 Cum
1948 5081 2089 5138 ergo
2119 5069 2240 5128 Deo

592 5131 758 5186 tanta
787 5131 1136 5210 debeamus,
1160 5141 1277 5198 nisi
1306 5157 1451 5213 erga
1474 5151 1708 5204 nostros
1739 5131 2046 5210 debitores
2066 5155 2240 5216 mise-

590 5217 842 5280 ricordia
871 5225 963 5282 usi
993 5226 1294 5296 fuerimus,
1318 5231 1735 5295 subvertemus
1751 5239 1931 5300 etiam
1949 5258 2083 5315 quae
2107 5243 2237 5318 jam

2357 4285 2454 4330 της
2507 4268 2641 4340 μάθε
2693 4285 2885 4342 σαγως,
2941 4267 3022 4320 ὃτι
3059 4270 3127 4322 τὰ
3155 4267 3223 4330 εἰς
3262 4270 3390 4322 Θεὸν
3429 4267 3787 4345 ἁμαρτήματα
3812 4269 3955 4342 ἡμῶν

2356 4355 2716 4430 μυριοπλάσιά
2777 4356 2882 4410 εἰσι
2932 4364 3032 4409 τῶν
3091 4356 3162 4418 εἰς
3217 4357 3359 4430 ἡμᾶς
3418 4356 3808 4433 ἁμαρτημάτων
3858 4365 3955 4410 τῶν

2358 4441 2617 4519 ἀδελφῶν.
2695 4451 2796 4500 Καὶ
2874 4445 3094 4509 ἐκαστος
3169 4447 3259 4518 μὶν
3349 4447 3496 4519 ἡμῶν
3581 4447 3955 4521 χρεωφειλέτης

2356 4531 2465 4587 ἐστὶ
2518 4541 2589 4606 τῷ
2647 4541 2762 4606 Θεῷ
2817 4539 3014 4608 μυρίων
3075 4532 3354 4604 ταλάντων,
3411 4540 3680 4589 τουτέστιν
3738 4537 3955 4590 ὑπεύθυ-

2352 4642 2438 4686 νος
2502 4623 2690 4678 πολλοῦ
2745 4627 2834 4676 καὶ
2902 4622 3126 4698 μεγάλου
3165 4626 3385 4697 χρέους
3446 4633 3819 4700 χρεωστοῦμεν
3857 4627 3953 4698 γὰρ

2353 4713 2491 4785 αὐτῷ
2555 4712 2744 4776 πολλὰς
2801 4717 2890 4766 καὶ
2945 4711 3169 4786 μεγάλας
3251 4714 3511 4784 τιμωρίας
3596 4713 3681 4768 ἐπὶ
3760 4714 3955 4776 πολλοῖς

2351 4805 2442 4855 καὶ
2488 4800 2732 4875 μεγάλοις
2779 4802 3170 4877 ἁμαρτήμασιν·
3233 4800 3450 4863 ἕκαστος
3511 4797 3574 4856 δε
3629 4813 3733 4857 τῶν
3797 4804 3954 4877 ἁμαρ.

2352 4894 2604 4948 τανόντων
2671 4891 2743 4955 εἰς
2812 4893 2951 4964 ἡμᾶς
3007 4888 3386 4967 χρεωφειλέτης
3450 4887 3596 4945 ἐστὶν
3655 4900 3780 4967 ῆμῖν
3847 4893 3953 4946 saa-

2351 4983 2438 5034 τόν
2501 4976 2781 5057 δηναρίων,
2850 4983 3011 5052 ἤγουν
3068 4978 3245 5052 ὀλίγου
3313 4983 3403 5031 καὶ
3478 4980 3716 5045 εὐτελοῦς
3774 4987 3957 5058 χρέους

2351 5074 2480 5146 πρὸς
2535 5073 2815 5147 σύγκρισιν
2861 5077 2962 5122 τῶν
3019 5073 3218 5143 μυρίων
3274 5065 3556 5125 ταλάντων.
3623 5077 3724 5126 Καὶ
3777 5072 3856 5124 ὃτι
3910 5072 3957 5123 οἱ

2349 5159 2637 5220 τηλικαῦτα
2698 5167 2771 5230 τῷ
2847 5165 2960 5230 Θεῷ
3047 5164 3454 5233 χρεωστοῦντες,
3545 5157 3632 5215 ἐὰν
3730 5169 3956 5234 φανῶμεν

2347 5251 2478 5322 πρὸς
2550 5251 2671 5311 τοὺς
2727 5249 2893 5322 μικρὰ
2955 5253 3351 5322 χρεωστοῦντας
3412 5247 3542 5320 ἡμῖν
3616 5248 3952 5329 ἀνελεήμονεςι

1802 5472 2019 5546 Variae
2047 5474 2379 5550 lectiones
2414 5486 2480 5548 et
2545 5486 2751 5550 nota.

586 5649 1068 5778 tu(‘19)tlentenii
1106 5652 1512 5730 interpretatio
1569 5663 1663 5723 hic
1717 5683 1959 5741 prorsus
2011 5671 2241 5731 dissen-

2446 5675 2536 5742 80)
2560 5679 2650 5742 T6,
2683 5673 2898 5734 omittit
2931 5676 2998 5732 Α.

2446 5677 2514 5732 80
2560 5679 2650 5742 Τό,
2683 5675 2898 5734 omittit
2931 5676 2998 5732 Α.

2417 5675 2536 5819 ἷθίξ
2561 5747 2650 5806 Ita
2677 5747 2920 5814 correxi,
2950 5747 3087 5805 loco
3122 5744 3426 5821 προξένησε.
