4176 6436
600 347 705 410 619

672 479 834 534 Vers.
856 482 938 533 11.
959 476 1070 534 Ille
1087 478 1348 549 —hujus
1360 478 1518 535 dicti.
1534 480 1660 535 Non
1677 491 1888 534 omnes
1920 474 2248 547 suscipiunt
2276 457 2323 528 Α

596 565 757 623 hunc
783 581 1121 623 sermonem
1145 567 1220 624 de
1250 583 1372 624 non
1394 567 1802 625 contrahendo
1822 565 2204 623 matrimonio
2228 579 2244 630 ;

597 671 717 713 non
749 673 956 712 omnes
978 655 1190 713 ferunt.
1221 659 1436 728 Magna
1468 658 1621 714 enim
1661 673 1753 712 res
1779 661 1865 713 est
1910 654 2244 718 caelibatus,

596 759 706 801 nec
745 745 817 801 ab
847 745 1126 802 omnibus
1161 746 1293 802 ferri
1319 753 1524 820 potest.

664 836 822 890 Vers.
854 835 936 890 11.
976 834 1090 891 Sed
1113 834 1327 906 quibus
1347 836 1556 893 datum
1585 843 1694 892 est.
1741 834 1859 891 Soli
1883 832 1967 889 illi
2025 847 2250 890 sermo-

593 918 734 979 nem
772 923 931 979 hunc
962 924 1294 996 suscipiunt
1322 929 1376 980 et
1409 924 1618 990 ferunt,
1660 922 1881 996 quibus
1923 921 2132 978 datum
2160 928 2250 977 est

592 1010 708 1067 hoc
723 1013 954 1067 donum
980 1027 1017 1068 a
1039 1011 1189 1078 Deo;
1217 1012 1428 1069 datum
1451 1019 1541 1068 est
1565 1018 1766 1069 autem
1795 1012 1887 1066 bis
1909 1011 2004 1082 qui
2024 1010 2250 1082 petive-

592 1104 748 1154 runt.
784 1102 971 1156 Petite
999 1099 1183 1165 enim,
1215 1100 1318 1170 ait,
1342 1108 1394 1157 et
1421 1101 1656 1158 dabitur
1685 1101 1846 1158 vobis
1882 1101 1965 1170 3‘;
2001 1098 2247 1172 petenti-

591 1187 728 1253 bus,
762 1189 1027 1262 inquam,
1089 1205 1209 1246 non
1263 1190 1631 1264 simpliciter,
1691 1190 1797 1246 sed
1849 1189 2137 1246 ferventer
2192 1195 2248 1244 et

592 1283 1039 1348 perseveranter
1071 1294 1083 1333 :
1117 1283 1190 1344 et,
1222 1283 1285 1335 ut
1324 1279 1506 1336 semel
1533 1280 1744 1350 dicam,
1792 1279 1942 1335 sicut
1993 1282 2245 1350 oportet.

593 1365 1001 1436 Signiticatum
1023 1373 1274 1438 estergo
1299 1367 1694 1439 virginitatem
1721 1367 1822 1424 Dei
1843 1367 2072 1424 donum
2096 1382 2244 1439 esse,

591 1454 799 1511 datum
824 1456 920 1513 his
949 1456 1051 1529 qui
1085 1462 1312 1530 petunt,
1340 1464 1402 1513 ut
1432 1462 1683 1530 oportet.

662 1545 823 1602 Vers.
867 1550 945 1600 12.
978 1545 1123 1602 Sunt
1147 1546 1530 1604 —-ccelorum.
1570 1547 1721 1614 Quia
1749 1547 1824 1602 de
1850 1543 2126 1602 caelibatu
2155 1545 2245 1600 in-

590 1632 732 1690 cidit
768 1649 986 1702 sermo,
1020 1635 1190 1691 docet
1213 1651 1373 1691 nunc
1401 1635 1475 1692 de
1506 1635 1769 1708 innuptis
1801 1652 1815 1702 ;
1847 1640 1903 1691 et
1953 1635 2064 1692 tria
2092 1650 2244 1691 enu-

588 1727 776 1780 merat
789 1739 1008 1794 genera
1018 1724 1451 1792 cunuchorum,
1465 1741 1726 1798 quorum
1739 1725 1999 1798 primum
2015 1724 2244 1780 nullam
2277 1744 2320 1800 Β

587 1813 838 1869 sustinet
857 1812 1235 1880 calumniam,
1270 1815 1602 1870 secundum
1624 1819 1826 1871 autem
1852 1814 2241 1886 vituperatur,

586 1901 821 1958 tertium
851 1917 990 1958 vero
1022 1902 1322 1960 laudabile
1362 1909 1485 1960 est:
1549 1919 1756 1961 eorum
1823 1903 2098 1960 videlicet
2143 1903 2242 1976 qui

1915 341 2264 407 EUTHYMII
2316 338 2641 407 ZIGABENI

3863 358 3979 416 520

2425 475 2484 528 Ὀ
2533 507 2599 518 -
2647 479 2735 530 τὸν
2789 475 2938 550 λόγον
2994 484 3196 532 τοῦτον.
3256 485 3334 531 Ου
3388 479 3571 541 πάντες
3621 477 3973 556 παραδέχον-

2356 583 2441 617 ται
2497 569 2584 618 τόν
2637 566 2786 638 λόγον
2839 573 3041 635 τοῦτον,
3089 571 3176 620 τόν
3231 573 3349 642 περὶ
3403 577 3495 621 τοῦ
3553 574 3625 642 μὴ
3677 579 3849 644 γῆμαι
3910 574 3973 626 ού

2355 656 2539 718 πάντες
2591 655 2948 727 βαστάζουσι.
3006 662 3156 730 Μέγα
3183 661 3286 731 γὰρ
3318 660 3346 717 η
3382 657 3606 730 ἀγαμία,
3655 665 3747 714 καὶ
3776 661 3977 734 ὀλίγοις

2357 750 2604 817 φορητόν.

2425 834 2562 886 Ἀλλ’
2631 835 2704 896 οἷς
2758 831 2991 889 δίδοται.
3043 834 3258 889 Ἐκεῖνοι
3309 840 3457 908 μόνοι
3505 841 3590 890 τόν
3643 838 3795 911 λόγον
3847 849 3968 894 τοῦ·

2355 941 2442 975 τον
2470 920 2867 999 παραδέχονται
2899 929 2992 977 καὶ
3024 922 3412 998 βαστάζουσιν,
3454 927 3534 989 οἶς
3563 923 3779 982 δέδοται
3809 938 3964 985 τοῦτο

2355 1032 2412 1066 το
2444 1009 2611 1087 δωρον
2654 1017 2797 1087 παρὰ
2840 1022 2973 1068 Θεοῦ
3018 1028 3034 1045 ⁸
3069 1011 3284 1068 δέδοται
3313 1011 3374 1068 δέ
3420 1015 3729 1076 αἰτήσασιν,
3761 1019 3964 1074 Αἰτεῖτε

2353 1106 2476 1177 γὰρ,
2521 1109 2670 1176 φησὶ,
2717 1109 2807 1156 καὶ
2864 1100 3150 1163 δοθήσεται
3207 1105 3328 1176 ύμῖν
3384 1121 3399 1134 ·
3449 1105 3707 1164 αἰτήσασι
3759 1104 3820 1160 δὲ
3850 1109 3960 1182 ούχ

2355 1190 2542 1257 ἁπλῶς,
2598 1190 2726 1245 ἀλλὰ
2776 1194 2973 1267 θερμῶς
3026 1197 3117 1245 καὶ
3179 1193 3449 1265 ἐπιμόνως,
3509 1199 3600 1247 καὶ
3668 1195 3840 1259 ἁπλῶς
3888 1198 3935 1251 εἰ

2354 1299 2486 1347 πειν,
2537 1284 2604 1343 ὡς
2656 1287 2784 1356 χρὴ.
2843 1286 3141 1355 Σημείωσαι
3189 1280 3269 1348 δὴ,
3330 1285 3411 1335 ὃτι
3464 1291 3600 1337 Θεοῦ
3684 1282 3854 1358 δῶρον
3921 1290 3952 1347 ἡ

2354 1373 2624 1446 παρθενία,
2654 1367 2908 1444 διδομένη
2939 1379 3049 1433 τοῖς
3081 1371 3339 1439 αἰτοῦσιν,
3370 1375 3437 1435 ὡς
3461 1379 3594 1447 χρή.

2422 1596 2544 1650 Εἰσὶ
2603 1627 2674 1638 ——
2746 1597 2993 1671 ούρανῶν.
3085 1593 3296 1656 Ἐπειδὴ
3405 1602 3523 1671 περὶ
3599 1596 3833 1673 ἀγαμίας
3885 1598 3957 1654 ἐν·

2352 1689 2499 1739 έπεσε
2527 1685 2678 1758 λόγος
2711 1688 2840 1756 (91),
2887 1683 3139 1740 διδάσκει
3182 1686 3359 1740 λοιπόν
3406 1693 3521 1761 περί
3564 1697 3664 1740 τῶν
3716 1689 3953 1763 ἀγάμων,

2351 1780 2442 1828 καὶ
2493 1773 2866 1848 ἀπαριθμείται
2942 1781 3064 1849 τρία
3127 1772 3242 1834 εἲδη
3275 1784 3373 1828 τῶν
3432 1776 3719 1850 εὐνούχων,
3780 1801 3844 1832 ων
3895 1785 3949 1834 τό

2352 1873 2554 1937 πρῶτον
2603 1868 2693 1938 μὲν
2750 1861 3070 1923 ἀδιάϐλητόν
3137 1864 3250 1918 ἐστι
3317 1869 3375 1917 τὸ
3437 1862 3677 1941 δεύτερον
3728 1865 3786 1922 δὲ
3831 1865 3943 1921 δια-

588 1989 824 2045 seinsos
853 1996 1288 2045 castraverunt.
1322 1998 1380 2045 ut
1417 2008 1670 2045 regnum
1715 1993 2004 2045 caelorum
2037 1950 2243 2045 conse-
2350 1953 2654 2045 δ’ὅλημένον
2709 1971 2720 1983 ’
2754 1957 2812 2007 τὸ
2880 1950 2939 2006 δὲ
2990 1958 3160 2025 τρίτον
3206 1953 3486 2045 inqua”?
3539 1957 3717 2018 om";
3779 1958 3948 2011 ‘gyoﬁ'

655 1993 824 2062 ipsos
853 1996 1288 2062 castraverunt,
1322 1998 1380 2048 ut
1417 2008 1670 2063 regnum
1715 1993 2004 2050 caelorum
2037 2007 2243 2049 conse-

581 2084 923 2152 querentur,
953 2095 1076 2138 non
1100 2081 1398 2138 novacula
1425 2082 1616 2140 ferrea
1645 2089 1990 2140 exsecantes
2018 2084 2242 2153 genita-

584 2167 679 2238 lia,
711 2169 818 2225 sed
851 2171 1213 2228 continentia
1236 2171 1535 2229 insaniam
1564 2172 2065 2245 concupiscentiae
2116 2187 2242 2227 am-

583 2263 881 2330 putantes,
926 2265 983 2316 et
1033 2276 1238 2318 amore
1295 2261 1669 2332 virginitatis,
1725 2262 1916 2318 coitus
1982 2276 2241 2317 amorem

583 2363 983 2405 emarcescere
1010 2350 1292 2406 sinentes.
1317 2351 1584 2416 Quorum
1618 2349 1780 2405 enim
1807 2354 2086 2405 naturam
2119 2364 2243 2405 ma-

581 2451 696 2493 nus
715 2437 985 2496 humana
1001 2439 1465 2506 transformavit,
1492 2439 1836 2511 ferrumque
1861 2438 2238 2510 depravavit,

580 2541 704 2583 non
743 2534 974 2583 tantum
1004 2529 1084 2584 ob
1129 2533 1422 2585 servatam
1454 2527 1853 2597 virginitatem
1892 2526 2237 2587 laudantur,

578 2621 876 2688 quantum
897 2614 959 2671 hi
984 2615 1088 2688 qui
1116 2614 1295 2672 veluti
1320 2615 1582 2671 libidinis
1624 2616 1902 2682 accusati,
1953 2617 2239 2674 ultionem

575 2709 971 2776 susceperunt
997 2704 1182 2775 (mm),
1213 2719 1350 2776 qua:
1380 2703 1442 2760 id
1491 2703 1669 2762 etiam
1716 2704 1937 2776 vincat,
1987 2706 2149 2780 quod
2204 2721 2292 2782 agt

577 2790 729 2847 ferro
765 2796 849 2846 est
872 2790 1182 2847 auxilium.

643 2878 1024 2949 +Gregorius
1051 2880 1382 2952 Theologus
1409 2883 1508 2939 :Hi
1540 2882 1783 2956 quidem
1818 2888 2036 2941 natura
2063 2882 2235 2940 incli-

574 2974 796 3025 nantur
819 2969 896 3024 ad
923 2968 1177 3026 bonum.
1210 2971 1352 3028 Cum
1389 2978 1590 3029 autem
1629 2971 1762 3029 dico
1785 2979 2082 3038 naturam,
2113 2987 2233 3028 non

575 3056 793 3128 abjicio
823 3058 1212 3126 voluntatem,
1240 3060 1346 3118 sed
1385 3067 1705 3134 utrumque
1737 3077 1898 3134 pono
1934 3081 1947 3116 :
1989 3068 2046 3118 et
2072 3059 2236 3117 incli-

573 3148 878 3203 nationem
900 3146 1056 3203 adid
1079 3148 1247 3221 quod
1271 3149 1595 3207 honestum
1607 3156 1722 3220 est,
1745 3156 1951 3224 etquae
1971 3149 2052 3206 ad
2075 3165 2232 3222 opus

570 3234 804 3293 bonum
821 3236 982 3294 ducit
998 3242 1298 3296 naturam.
1313 3239 1683 3306 Quibusdam
1698 3256 1841 3297 vero
1863 3257 1898 3297 a
1915 3243 2236 3313 praecepto-

571 3325 737 3383 ribus
763 3331 1155 3400 amputantur
1190 3327 1556 3397 affectiones,
1585 3330 1836 3404 quidam
1888 3335 2093 3386 autem
2135 3344 2235 3400 per

569 3416 796 3489 seipsos
825 3416 952 3473 illas
982 3423 1326 3490 amputant,
1359 3425 1423 3476 ut
1443 3421 1546 3492 qui
1573 3424 1970 3493 praeceptores
1987 3434 2108 3475 non
2138 3434 2234 3475 as-

569 3506 774 3572 secuti,
801 3507 1031 3579 seipsos
1046 3507 1265 3564 docent
1286 3524 1418 3580 qua:
1443 3509 1804 3566 conveniunt
1832 3525 1844 3564 :
1880 3519 1937 3565 et
1963 3508 2231 3564 radicem

567 3595 844 3653 vitiorum
864 3595 1217 3660 excidentes,
1240 3601 1299 3653 et
1313 3595 1590 3654 membra
1609 3597 1921 3670 pravitatis
1962 3596 2234 3654 extermi-

566 3698 799 3741 nantes.

640 3688 799 3741 .ntes.

640 3773 798 3826 Vers.
844 3775 926 3826 12.
970 3771 1082 3837 Qui
1129 3802 1199 3813 —-
1250 3773 1472 3842 capiat.
1528 3773 1793 3830 Tandem
1833 3773 1933 3830 ubi
1996 3773 2281 3846 caelibes“

2349 2063 2516 2115 χισαν
2546 2044 2782 2113 ἑαυτούς,
2823 2045 2906 2095 ἶνα
2947 2047 3159 2115 τύχωσι
3188 2051 3281 2105 τῆς
3331 2042 3603 2116 βασιλείας
3640 2055 3739 2099 τῶν
3799 2048 3951 2124 ούρα-

2349 2142 2466 2202 νῶν,
2517 2133 2576 2186 ού
2603 2133 2740 2205 ξυρῷ
2773 2129 2999 2208 σιδήρου
3031 2135 3097 2184 τὰ
3134 2129 3426 2205 παιδογόνα
3453 2139 3613 2208 μόρια
3638 2133 3950 2208 ἐκτεμόντες,

2349 2221 2478 2274 ἀλλὰ
2539 2222 2676 2295 ξυρῷ
2732 2225 3068 2296 σωφροσύνης
3118 2226 3204 2273 τόν
3259 2219 3466 2296 οἶστρον
3523 2233 3619 2286 τῆς
3675 2223 3953 2300 ἐπιθυμίας

2349 2309 2725 2383 ἀποκόψαντες,
2799 2317 2888 2364 καὶ
2943 2315 3092 2386 ἔρωτι
3143 2313 3418 2387 παρθενίας
3488 2318 3574 2366 τὸν
3641 2317 3807 2386 Epona
3857 2325 3955 2377 τῆς

2355 2407 2640 2463 συνουσίας
2710 2403 3190 2475 καταμαράναντες.
3258 2401 3354 2454 Ὧν
3432 2405 3531 2476 γὰρ

2352 2489 2647 2567 ἀνθρωπίνη
2723 2491 3008 2565 μετέπλασε
3063 2495 3208 2566 χεὶρ,
3289 2495 3376 2543 καὶ
3447 2487 3664 2563 σίδηρος
3705 2493 3943 2564 παρεχά-

2348 2581 2497 2655 ραεεν
2525 2621 2540 2646 ,
2645 2581 2703 2633 ού
2777 2589 3023 2634 τοσοῦτον
3150 2576 3425 2633 ἁπόδεκτοι
3525 2579 3938 2651 παρθενεύοντες,

2348 2672 2471 2724 ὅσον
2550 2677 2926 2746 κατηγορητοὶ,
3031 2669 3377 2742 λαγνεύοντες,
3475 2669 3541 2730 ὡς

2345 2759 2536 2822 λασίας
2585 2763 2883 2823 νικησάσης
2937 2765 3027 2813 καὶ
3101 2765 3194 2818 τὴν
3244 2759 3345 2812 ἀπὸ
3387 2765 3478 2812 τοῦ
3534 2753 3758 2832 σιδήρου
3816 2757 3947 2833 βοη-

2351 2852 2510 2906 θειαν.

2421 2943 2544 3014 [Τοῦ
2593 2941 2707 3012 (92)
2776 2939 3032 3012 Θεολόγου
3067 2957 3079 2970 °
3105 2940 3172 2991 Οἰ
3223 2941 3312 3011 μεν
3367 2936 3422 2990 ἐκ
3488 2939 3690 3011 φύσεως
3734 2940 3944 2992 νεύουσι

2343 3034 2475 3106 πρὸς
2500 3035 2560 3084 τὸ
2594 3030 2789 3103 ἀγαθόν
2839 3046 2854 3060 ⁸
2903 3033 3104 3102 φύσεως
3155 3024 3214 3080 δε
3242 3028 3362 3081 ὃταν
3393 3031 3538 3094 εἴπω,
3583 3027 3677 3081 ούκ
3703 3027 3944 3103 ἀτιμάζω

2327 3124 2438 3180 ,τήν
2479 3125 2804 3196 προαίρεσιν,
2859 3119 2966 3171 ἀλλ’
3019 3117 3282 3192 ἀμφότερα
3331 3119 3536 3191 τίθημι,
3585 3123 3678 3177 τήν
3726 3138 3786 3190 γε
3819 3122 3945 3192 πρὸς

2341 3215 2402 3264 τό
2448 3211 2601 3263 καλὸν
2651 3206 3072 3274 ἐπιτηδειότητα,
3126 3213 3216 3260 καὶ
3270 3212 3364 3266 τὴν
3428 3208 3493 3269 εἰς
3526 3210 3672 3280 ἔργον
3710 3209 3946 3279 ἄγουσαν

2343 3303 2402 3354 τό
2448 3299 2504 3353 ἐκ
2547 3303 2747 3373 φύσεως
2817 3294 3112 3357 ἐπιτήδειον
3147 3315 3159 3327 ·
3206 3299 3256 3349 οἱ
3314 3293 3372 3350 δὴ
3448 3299 3548 3349 ύπὸ
3604 3293 3943 3351 διδασκάλων

2343 3388 2670 3463 ἐκτέμνονται
2724 3409 2791 3442 τα
2841 3390 2978 3446 πάθη
3024 3404 3037 3418 ⁸
3080 3389 3128 3440 οἰ
3186 3383 3245 3439 δε
3287 3383 3358 3439 δι’
3414 3387 3607 3439 ἑαυτῶν
3639 3385 3942 3458 ἐκτέμνουσι

2341 3487 2528 3547 ταῦτα,
2587 3475 2925 3532 διδασκάλων
3004 3480 3095 3550 μεν
3169 3477 3263 3529 ούκ
3320 3475 3674 3548 ἐπιτυχόντες,
3728 3475 3941 3537 ἑαυτούς

2343 3566 2402 3624 δε
2429 3566 2743 3633 διδάξαντες
2782 3572 2847 3622 τὰ
2875 3573 3226 3642 προσήκοντα,
3286 3569 3373 3618 καὶ
3422 3570 3516 3623 τήν
3563 3584 3616 3616 τε
3664 3565 3820 3638 ῥίζαν
3850 3570 3944 3625 τῆς

3613 2407 3706 2460 τὴν
3789 2407 3949 2474 φύσιν

3650 2676 3710 2726 τῆ
3725 2687 3745 2729 ς
3826 2667 3945 2723 ἁκο-

2339 3664 2526 3722 κακίας
2573 3661 2886 3732 ἐκτεμόντες,
2963 3661 3052 3710 καὶ
3119 3656 3184 3707 τὰ
3235 3657 3428 3726 ὄργανα
3510 3659 3607 3713 τῆς
3683 3657 3938 3724 πονηρίας

2339 3747 2705 3825 ἐξορίσαντες.]

2406 3837 2464 3891 Ὀ
2515 3869 2586 3882 —
2631 3843 2891 3914 χωρείτω.
2938 3831 3254 3896 Τελευταῑον,
3313 3825 3591 3891 ὑποδείξας
3633 3830 3754 3888 τοὺς
3801 3825 3932 3899 ἀγά-

569 3857 753 3978 laude
781 3858 999 3927 dignos
1019 3859 1503 3928 demonstrasset,
1523 3863 1865 3920 etitatalem
1885 3863 2226 3922 cmlibatum

595 3946 875 3978 nanAnnnnl
914 3963 980 3978 nn
1003 3963 1072 3978 an
1096 3948 1277 3978 ...Λίδη
1299 3948 1548 3978 Ιηιιιάιιιι..
1570 3952 1870 3978 -..A:n-_-_
1897 3953 1967 3978 ...ι
1993 3954 2198 3978 _:_..:...:

2422 3857 2464 3891 U
2515 3869 2586 3882 —
2631 3857 2891 3914 χωρειτω.
2938 3857 3254 3896 ἰιΑινταιυν,
3313 3857 3591 3891 υπουειςυις
3634 3857 3754 3888 tuus
3801 3857 3932 3899 cqu-

2344 3947 2466 3978 ιιουι
2516 3931 2637 3978 τοὺς
2721 3926 3132 3978 ἰπαινουιιένουε.
3185 3925 3275 3974 καὶ
3353 3918 3486 3972 ούτω
3539 3923 3632 3978 τήν
3686 3919 3934 3975 τοιαύτην

569 3945 896 4014 laudasset,
912 3963 981 4004 ac
1001 3963 1073 4004 eo
1096 3948 1278 4006 modo
1299 3948 1548 4008 latenter
1568 3952 1872 4010 auditores
1894 3953 1973 4011 ad
1993 3954 2224 4025 virgini-

570 4039 749 4091 tatem
768 4042 1179 4108 provocasset;
1199 4037 1392 4095 sciens
1409 4040 1470 4096 id
1489 4057 1781 4113 magnum
1798 4059 1945 4110 esse,
1961 4049 2016 4100 et
2029 4060 2064 4100 a
2081 4059 2225 4115 pau-

567 4123 652 4180 cis
673 4123 870 4196 deligi,
888 4126 1168 4201 relinquit
1187 4143 1314 4185 rem
1337 4129 1398 4186 in
1425 4129 1745 4189 hominum
1768 4133 2086 4190 voluntate.
2115 4135 2226 4199 Qui

567 4220 782 4287 potest,
812 4217 1024 4291 inquit,
1051 4233 1263 4292 capere
1291 4219 1424 4286 hoc,
1477 4227 1583 4279 aut
1632 4224 1933 4294 pervenire
1981 4223 2060 4280 ad
2088 4224 2223 4292 hoc,

566 4305 780 4378 capiat.
2257 4319 2302 4374 D

2335 3947 2466 4000 μους
2516 3931 2637 3992 τούς
2721 3926 3132 3999 ἐπαινουμένους,
3185 3925 3275 3974 καὶ

2336 4015 2566 4091 ἀγαμίαν
2619 4017 2912 4086 ἐπαινέσας,
2994 4018 3083 4067 καὶ
3128 4011 3408 4071 λεληθότως
3459 4011 3548 4081 μὶν
3597 4010 3717 4069 τοὺς
3768 4004 3938 4079 ἁκροα

2336 4110 2429 4170 τὰς
2481 4108 2555 4169 εἰς
2601 4111 2659 4161 τὸ
2713 4107 3035 4182 παρθενεύειν
3077 4103 3236 4163 οὕτως
3289 4100 3684 4170 ἐκκαλεσάμενος
3723 4113 3735 4125 ·
3780 4091 3941 4158 εἰδὼς

2339 4193 2398 4250 δε
2449 4202 2586 4270 μέγα
2647 4203 2800 4250 τοῦτο
2852 4200 2942 4248 καὶ
2993 4193 3189 4265 ὀλίγοις
3268 4193 3488 4263 αἱρετὸν,
3558 4185 3945 4259 καταλιμπάνει

2336 4289 2395 4339 τὸ
2451 4293 2671 4362 πρᾶγμα
2722 4294 2782 4350 τῇ
2850 4287 3151 4362 προαιρέσει
3206 4289 3306 4335 τῶν
3338 4278 3638 4354 ἀνθρώπων.
3687 4274 3746 4328 Ὀ
3778 4271 3952 4327 δυνά-

2337 4393 2485 4448 μενος
2518 4382 2644 4453 γὰρ,
2694 4379 2846 4450 φησὶ,
2894 4380 3088 4447 χωρεῖν
3129 4377 3304 4436 τοῦτο,
3354 4367 3408 4442 [ἣ
3463 4373 3655 4442 χωρεῖν
3705 4363 3819 4436 (93)
3878 4363 3953 4426 εἰς

2335 4465 2538 4540 τοῦτο,]
2566 4471 2826 4543 χωρείτω.

2395 4563 2522 4612 Τότε
2569 4542 2660 4598 -ν
2693 4556 2888 4617 αὐτοῖς.
2962 4555 3124 4628 Βρέφη
3190 4543 3324 4600 εἶπεν
3391 4547 3416 4597 ὁ
3501 4549 3730 4611 Λουκᾶς,
3789 4542 3952 4595 ἅτινα

2333 4649 2775 4726 προσηνέχθησαν
2850 4646 2938 4717 μεν
3000 4624 3073 4692 *ἐκ
3120 4641 3348 4696 πίστεως
3396 4643 3495 4686 τῶν
3543 4637 3746 4706 γονέων
3791 4632 3840 4682 οἰ
3884 4624 3952 4684 δε

2331 4721 2566 4816 μαθηταὶ
2625 4735 2876 4808 ἐπετίμων
2927 4736 3035 4791 τοῖς
3074 4728 3479 4816 προσφέρουσιν,
3521 4725 3586 4782 ὡς
3612 4814 3619 4816 _
3644 4723 3669 4772 ό
3724 4721 3952 4816 Μάρκος

2329 4807 2540 4905 ἐγραψε,
2592 4807 2857 4880 τουτέστιν
2915 4818 3161 4874 ἐκώλυον.
3227 4813 3377 4874 Εἰκὸς
3432 4807 3490 4864 δε
3539 4814 3629 4862 καὶ
3680 4815 3785 4868 τοῖς
3816 4826 3951 4860 παι-

2839 4907 3091 4965 Ἐκὼλυον
3160 4900 3218 4957 δε
3309 4899 3576 4961 κάκείνους
3654 4901 3946 4968 καὶταῦτα,

635 4554 798 4612 Vers.
833 4560 922 4614 13.
964 4558 1383 4616 Tunc—illos.
1406 4559 1670 4621 Infantes
1700 4561 1850 4618 dixit
1876 4561 2084 4628 Lucas,
2117 4561 2223 4635 qui

563 4643 972 4701 offerebantur
997 4646 1057 4702 in
1078 4645 1191 4703 ﬁde
1212 4654 1527 4720 parentum
1555 4652 1624 4704 ³⁸.
1659 4649 1935 4722 Discipuli
1960 4666 2098 4707 vero
2120 4666 2222 4708 eos

561 4733 956 4806 increpabant
977 4736 1082 4808 qui
1104 4736 1446 4808 offerebant,
1465 4739 1618 4795 sicut
1637 4739 1870 4810 scripsit
1899 4739 2128 4796 Marcus
2149 4742 2216 4809 ³⁷,

563 4822 678 4878 hoc
707 4828 793 4878 est
817 4823 1236 4895 prohibebant.
1270 4827 1594 4884 Verisimile
1625 4832 1717 4884 est
1746 4831 1946 4885 autem
1978 4830 2138 4902 quod
2164 4841 2222 4895 et

562 4926 779 4983 pueros
805 4912 1214 4987 increpabant.
1243 4917 1399 4973 Nam
1420 4916 1608 4973 ethos
1633 4919 1689 4973 et
1713 4914 1866 4988 illos,
1896 4923 2220 4993 pracepto-

2344 4924 2414 4974 τὶν
2493 4917 2752 4990 ἐπιτιμᾷν.

563 5014 691 5057 rem
724 5001 1104 5071 honorando,
1136 5003 1554 5077 prohibebant.

2344 5017 2581 5084 τιμῶντες
2607 5009 2696 5060 τὸν
2719 4998 3068 5058 διδάσκαλον.

632 5179 679 5216 ⁸⁵
719 5179 919 5240 Matth.
943 5197 1039 5249 vn,
1066 5187 1122 5240 7.
1201 5182 1250 5219 ³⁸
1277 5180 1420 5240 Luc.
1451 5181 1616 5250 xvlu,
1654 5181 1738 5240 t5.
1816 5179 1861 5221 δ’
1895 5184 2071 5244 Marc.
2101 5201 2158 5254 x,
2189 5191 2276 5246 13.

1769 5335 1996 5408 Variae
2039 5337 2370 5410 lectiones
2422 5346 2490 5410 et
2520 5346 2722 5407 notae.

543 5498 554 5504 ”
634 5497 751 5576 (91)
780 5501 1096 5576 Ὲνὲπεσεν
1119 5497 1275 5576 λόγος
1296 5501 1354 5556 Β.
1497 5573 1514 5576 _

2344 5508 2462 5566 hac
2485 5506 2548 5564 in
2567 5503 2846 5576 margine,
2879 5498 2950 5561 Β.

543 5498 554 5504 ”
632 5497 751 5645 ,91)
780 5504 1040 5556 Ἐνὲπεσεν
1070 5501 1096 5552 ὁ
1119 5497 1275 5583 λόγος
1296 5501 1354 5556 Β.
2330 5507 2462 5566 hac
2485 5506 2548 5564 in
2567 5503 2841 5576 margine
2879 5498 2950 5561 Β.

541 5579 557 5594 ⁶
656 5579 722 5630 92
771 5573 1018 5642 Gregor.
1050 5574 1328 5633 Namanz.
1366 5587 1428 5646 p.
1460 5573 1580 5644 192,
1616 5577 1736 5634 193.
1795 5577 1983 5638 Habet
2021 5583 2222 5638 autem
2404 5579 2518 5653 (93)
2541 5576 2773 5636 Inclusa
2798 5574 3021 5633 absunt
3050 5575 3115 5628 A.

631 5699 790 5772 (mm)
825 5700 1214 5781 Qwﬂtumff
1242 5707 1643 5781 susceperunt.
1679 5706 1983 5772 Quantum
2007 5708 2083 5766 ob
2135 5705 2436 5765 libidinem
2473 5702 3006 5779 reprehenduntur,
3037 5697 3162 5755 vim
3227 5689 3369 5750 ferri
3421 5687 3738 5764 (auxilium
3781 5682 3955 5758 ferri)

559 5777 884 5845 superante
916 5773 1096 5831 etiam
1125 5773 1611 5848 intemperantia.
