4176 6436
196 401 295 457 521

1263 387 1634 448 COMMENT.
1677 385 1749 442 IN
1787 384 2236 443 MATTHAEUM.
2278 417 2345 428 —
2384 385 2542 442 CAP.
2584 387 2732 444 XIX.

3462 388 3570 444 522

267 525 326 577 Ὀ
387 519 448 576 δὲ
509 523 713 581 Ἰησοῦς
759 551 829 561 -
866 519 1114 593 όύρανῶν.
1161 516 1222 568 ’0
1272 515 1332 568 δε
1387 517 1598 590 Μάρκος
1643 511 1801 573 εἶπεν,

1984 509 2147 566 Vers.
2179 515 2259 566 14.
2277 513 2448 567 Jesus
2467 517 2651 567 autem
2673 512 3060 568 —caelorum.
3081 512 3311 567 Marcus
3331 511 3480 568 dixit
3500 513 3570 579 ³³,

203 618 280 667 ὃτι
321 617 412 664 καὶ
460 613 802 682 ἠγανάκτησε
847 610 981 660 κατὰ
1026 615 1125 659 τῶν
1167 605 1489 658 κωλυόντων·
1527 609 1803 678 προσίεται

206 701 262 756 δε
307 704 374 754 τὰ
417 697 631 764 παιδία,
665 696 912 752 δεικνύων
943 696 1053 770 μέν,
1087 697 1168 748 ὅτι
1209 697 1331 756 τούς
1377 693 1604 756 ἀκάκους
1635 714 1802 767 προσ-

208 798 354 845 ίεται·
412 786 688 843 διδάσκων
753 784 811 840 δε
865 792 975 846 καὶ,
1033 787 1114 837 ὅτι
1166 789 1422 860 προσήκει
1491 791 1803 836 καταπατεῖν

207 886 290 935 τόν
337 880 439 932 ἀπὸ
497 885 592 940 τᾶς
641 879 912 948 ὑπεροχῆς
971 882 1150 947 τῦφον,
1202 878 1292 925 καὶ
1348 874 1663 947 προσίεσθαι
1714 877 1804 925 καὶ

209 976 317 1031 τοὺς
361 969 866 1042 εὐκαταφρονήτους.
926 963 1037 1017 Οὐκ
1105 960 1212 1016 εἶπε
1292 959 1371 1028 δε,
1457 963 1537 1014 ὅτι
1609 964 1804 1014 τούτων

216 1060 345 1113 ἐστὶν
389 1060 421 1117 ἠ
485 1055 735 1129 βασιλεία
781 1063 880 1106 τῶν
923 1053 1172 1126 οὐρανῶν,
1223 1051 1332 1104 ἀλλ’
1377 1053 1458 1104 ὃτι
1500 1059 1599 1104 τῶν
1639 1053 1806 1104 τοιού-

215 1169 324 1217 των,
380 1155 486 1200 τῶν
533 1147 863 1218 μιμουμένων
933 1146 1029 1201 τήν
1093 1140 1365 1200 ἁπλότητα
1420 1143 1632 1206 τούτων,
1689 1144 1808 1216 περὶ

215 1239 272 1291 ὧν
329 1241 536 1310 εἶρηται
582 1233 898 1308 πλατύτερον
975 1230 1028 1283 ἐν
1101 1238 1173 1301 τῷ
1246 1237 1540 1303 τριακοστῷ
1601 1225 1809 1302 ἑϐδόμῳ

210 1326 391 1400 κεφαλα
401 1330 480 1396 ίῳ.

277 1419 372 1470 Καὶ
415 1445 487 1454 —
539 1411 750 1465 ἐκεῖθεν.
805 1411 1018 1484 Μάρκος
1073 1405 1133 1462 δε
1189 1406 1343 1476 εἶπεν,
1393 1408 1472 1461 ὁτι
1509 1409 1601 1461 καί
1647 1407 1804 1479 ἔναγ-

213 1505 545 1576 καλισάμενος
621 1499 776 1565 αὐτὰ,
845 1500 1008 1560 τιθεὶς
1078 1499 1168 1558 τὰς
1250 1504 1434 1570 χεῖρας
1499 1495 1578 1550 ἐπ’
1651 1497 1804 1562 αύτὰ,

214 1595 396 1666 εύλόγει
443 1592 600 1645 αύτά.
635 1596 804 1643 Τοῦτο
852 1584 912 1640 δὲ
961 1586 1141 1653 ἐποίει,
1196 1585 1405 1662 πληρῶν
1453 1591 1547 1646 την
1599 1590 1808 1644 αἴτησιν

214 1693 299 1737 τῶν
381 1689 550 1734 ταῦτα
625 1681 1086 1751 προσαγαγόντων.
1155 1677 1609 1750 Προσηνίχθησαν
1680 1677 1805 1747 γὰρ,

219 1777 383 1845 φησὶν,
446 1771 590 1839 αὐτῷ
637 1763 858 1833 παιδία,
913 1767 994 1817 ἵνα
1035 1768 1128 1827 τὰς
1180 1773 1365 1838 χεῖρας
1431 1763 1582 1836 ἐπιθῇ
1631 1763 1810 1824 αὐτοῖς

1911 598 2073 670 quod
2122 601 2300 656 etiam
2361 600 2788 670 indignabatur
2844 599 3319 672 prohibentibus.
3371 599 3572 673 Recipi

1917 694 2116 743 autem
2140 704 2380 760 pueros,
2405 689 2752 758 signiﬁcans
2775 705 2836 744 se
2855 689 3118 761 recipere
3150 687 3471 760 simplices,
3501 704 3573 745 ac

1912 776 2132 832 docens
2160 784 2432 849 oportere
2463 777 2684 833 fastum
2713 778 2816 850 qui
2848 794 2886 834 a
2916 777 3278 833 sublimitate
3306 777 3576 849 procedit

1913 865 2285 930 conculcare,
2337 873 2394 921 et
2450 867 2752 938 suscipere
2797 865 3208 939 despicabiles.
3250 868 3379 921 Non
3425 865 3577 922 dixit

1913 958 2114 1010 autem
2147 971 2164 1008 :
2200 955 2420 1009 [lorum
2451 959 2538 1010 est
2566 969 2810 1023 regnum
2843 954 3152 1020 cmlorum,
3188 953 3294 1009 sed
3345 953 3571 1018 talium,

1914 1042 2281 1098 imitantium
2300 1043 2570 1100 videlicet
2594 1043 2811 1098 horum
2835 1043 3270 1115 simplicitatem
3306 1057 3322 1108 ;
3349 1042 3423 1098 de
3444 1043 3572 1115 qui-

1914 1130 2030 1187 bus
2054 1131 2228 1188 latius
2249 1131 2477 1188 dictum
2497 1135 2588 1188 est
2611 1131 2913 1188 tricesimo
2937 1132 3193 1204 septimo
3214 1129 3432 1202 capite.

1991 1327 2134 1383 Vers
2170 1329 2252 1383 t5.
2287 1328 2364 1383 Et
2394 1358 2462 1369 —
2491 1327 2650 1384 inde.
2682 1328 2914 1384 Marcus
2945 1327 3093 1385 dixit
3123 1331 3169 1364 ³⁹
3201 1328 3368 1402 quod
3396 1328 3577 1384 etiam

1917 1415 2316 1486 complexatus
2359 1421 2446 1473 est
2475 1415 2626 1484 illos,
2658 1432 2728 1472 ac
2759 1417 3052 1489 impositis
3084 1419 3361 1474 manibus
3400 1432 3581 1488 super

1917 1521 2021 1560 eos
2061 1505 2449 1562 benedicebat
2491 1505 2623 1561 illis.
2657 1507 2777 1562 Hoc
2808 1512 3010 1562 autem
3040 1505 3298 1563 faciebat
3340 1506 3580 1563 illorum

1917 1592 2256 1664 adimplens
2287 1593 2632 1665 petitionem
2661 1594 2766 1665 qui
2795 1609 2900 1649 eos
2928 1593 3305 1650 adduxerant
3330 1613 3342 1652 :
3380 1594 3583 1650 Oblati

1916 1688 2052 1736 sunt
2084 1682 2264 1751 enim,
2298 1681 2509 1752 inquit,
2541 1681 2592 1736 ei
2618 1683 2882 1750 parvuli,
2922 1689 2986 1736 ut
3022 1697 3228 1737 manus
3256 1681 3580 1750 imponeret

1917 1771 1994 1824 eis
2032 1776 2082 1824 et
2137 1776 2354 1825 oraret.
2404 1769 2592 1825 Simul
2641 1770 2814 1826 etiam
2854 1770 3112 1825 ostendit
3157 1771 3371 1825 iterum
3419 1768 3581 1840 quod

216 1865 289 1913 καὶ
337 1858 714 1933 προσεύξηται.
773 1853 919 1928 Ἀμα
975 1851 1034 1906 δε
1084 1853 1238 1906 πάλιν
1303 1849 1514 1919 ἔδειξεν,
1574 1855 1653 1904 ὃτι
1719 1857 1808 1904 καὶ

1938 1858 2295 1930 implectitur
2310 1858 2543 1930 sibique
2560 1857 2915 1914 familiarem
2935 1857 3112 1914 efﬁcit
3130 1874 3292 1923 eum,
3316 1858 3421 1930 qui
3439 1857 3581 1914 dolo

220 1947 622 2020 ἰναγκαλίζεται,
693 1949 785 1997 καὶ
862 1943 1142 1995 οἰκειοῦται
1194 1945 1282 1995 τόν
1362 1940 1638 2015 ἁπόνηρον,
1719 1945 1808 1992 καὶ

225 2040 421 2094 τιθησιν
499 2035 571 2087 ἐπ’
635 2033 788 2086 αὐτόν
850 2036 940 2092 τὰς
1013 2039 1220 2105 χεῖρας,
1283 2034 1401 2088 ἤτοι
1483 2035 1577 2088 τὴν
1650 2049 1806 2102 φρου·

234 2129 439 2198 ρητικὴν
503 2122 676 2175 ἑαυτοῦ
744 2117 990 2193 δύναμιν,
1053 2125 1144 2172 καὶ
1206 2119 1407 2192 εύλογεί
1454 2125 1544 2172 καὶ
1599 2121 1808 2190 ἁγιάζει

239 2213 388 2264 αὐτόν
397 2256 409 2266 .

311 2342 458 2390 ΚΕΦ.
509 2334 643 2391 ΜΔ’.
691 2339 798 2408 Περὶ
837 2341 931 2387 τοῦ
990 2333 1412 2407 ἐπερωτήσαντος
1465 2337 1552 2386 τόν
1600 2335 1806 2391 Ἰησοῦν

873 2423 1146 2478 πλουσίου.

288 2516 389 2565 Καὶ
435 2543 505 2552 -
556 2512 782 2569 αἰώνιον.
823 2511 1095 2587 Ἀρχοντα
1124 2519 1302 2564 τοῦτον
1330 2510 1463 2565 εἶπεν
1511 2513 1538 2564 6
1583 2517 1806 2576 Λουκᾶς,

212 2597 442 2666 δηλαδή,
488 2608 590 2652 τῶν
621 2599 915 2654 Ἰουδαίων.
949 2600 1059 2652 Οὐκ
1109 2597 1170 2659 ἦν
1202 2597 1262 2653 δε
1313 2599 1535 2662 ὕπουλος
1575 2601 1602 2652 6
1651 2605 1810 2653 νεανί-

209 2709 326 2750 σκος
372 2689 547 2754 οὗτος,
601 2692 665 2750 ὥς
714 2694 846 2762 φασί
901 2708 1048 2750 τινες.
1095 2688 1171 2740 Οὐ
1218 2691 1319 2761 γὰρ
1375 2689 1437 2741 ἂν
1513 2691 1538 2742 6
1607 2690 1813 2752 Ἰησοῦς

209 2777 469 2849 ἐμῶέψας
518 2778 684 2848 αὐτῷ,
739 2779 1012 2849 ἠγάπησεν
1054 2777 1232 2846 αὐτόν,
1265 2780 1333 2839 ὡς
1371 2781 1543 2852 εἴρηκε
1577 2782 1808 2852 Μάρκος.

209 2867 358 2920 Ἀλλὰ
410 2866 576 2918 τᾶλλα
623 2871 715 2939 μὲν
775 2865 928 2928 καλός
960 2864 1042 2930 ἦν,
1101 2871 1191 2919 καὶ
1245 2867 1381 2927 ζωῆς
1434 2869 1672 2936 ἐπεθύμει
1720 2875 1815 2928 τῆς

208 2955 432 3007 αἰωνίου·
486 2963 586 3018 τῆς
635 2952 696 3008 δὲ
747 2954 1092 3029 φιλαργυρίας
1135 2963 1164 3014 η
1213 2957 1416 3007 ἄκανθα
1458 2960 1552 3014 τὴν
1591 2955 1813 3028 λιπαρὰν

209 3045 431 3116 ἄρουραν
471 3053 570 3104 τῆς
599 3044 786 3116 ψυχῆς
822 3043 984 3096 αὐτοῦ
1015 3041 1384 3116 διελυμήνατο.

279 3134 341 3185 Ὀ
372 3165 425 3174 -
482 3137 633 3195 Θεός.
676 3131 868 3193 Οὐδεὶς
911 3135 1027 3186 οὔτε
1077 3133 1278 3198 ύλικός,
1311 3136 1429 3187 οὔτε
1470 3133 1643 3202 οἶύλος,
1693 3133 1816 3207 ἀγα-

214 3223 295 3284 θός
334 3221 450 3274 ἐστι
502 3227 718 3297 κυρίως,
765 3222 808 3274 εἰ
851 3227 922 3290 μὴ
956 3227 1105 3295 μόνος
1148 3224 1174 3274 ό
1209 3227 1355 3285 Θεός.
1400 3229 1541 3276 Διότι
1581 3232 1653 3294 τῷ
1703 3232 1816 3294 Θεῴ

208 3315 312 3382 μὲν,
361 3314 496 3363 κατὰ
557 3315 714 3384 φύσιν
756 3313 786 3369 ἡ
850 3310 1131 3382 ἁγαθότης,
1187 3316 1278 3364 καὶ
1329 3309 1421 3365 διὰ
1467 3320 1620 3365 τοῦτο
1675 3311 1817 3386 ἀτρε-

210 3403 463 3459 πτοτάτηο
508 3408 617 3462 τοῖς
659 3401 833 3462 ἄλλοις
875 3398 934 3453 δὲ
985 3407 1168 3470 πᾶσιν,
1219 3403 1422 3476 ὁρατοῖς
1471 3421 1524 3454 τε
1551 3407 1641 3454 καὶ
1668 3400 1820 3476 ἀορά-

209 3509 335 3555 τοις,
388 3492 530 3542 κατὰ
573 3495 902 3564 προαίρεσιν,
939 3495 1029 3542 καὶ
1075 3487 1168 3544 διὰ
1212 3500 1363 3543 τοῦτο
1413 3496 1626 3564 τρεπτή.
1684 3492 1821 3543 Ἐπεὶ

207 3585 379 3631 τοίνυν
448 3578 603 3640 οὗτος
659 3579 928 3650 ἄνθρωπον
981 3577 1149 3639 ἁπλῶς
1215 3583 1304 3632 τόν
1355 3583 1586 3654 Χριστόν
1637 3579 1820 3632 ὑπέλα-

211 3667 291 3720 ϐεν
323 3665 478 3732 εἶναι,
513 3672 602 3719 καὶ
660 3665 854 3738 ἀγαθόν
906 3667 1062 3720 αὐτὸν
1110 3667 1364 3734 ἐκάλεσεν,
1412 3668 1517 3740 ούχ
1548 3671 1615 3730 ὡς
1669 3671 1817 3731 Θεόν,

213 3756 316 3808 ἀλλ’
397 3760 464 3817 ὡς
537 3758 850 3828 ἄνθρωπον,
910 3759 1022 3825 (94)
1091 3758 1176 3809 ἕνα
1246 3766 1345 3808 τῶν
1397 3758 1525 3830 παρ’
1581 3757 1823 3832 Εϐραίοις

213 3843 584 3914 διδασκάλων,
640 3849 766 3919 πρὸς
836 3849 930 3903 τὴν
1001 3847 1248 3903 τοιαύτην
1318 3845 1576 3917 ὑπόληψιν
1663 3846 1822 3899 αὑτοῦ

208 3934 397 3986 λοιπόν
448 3939 539 3984 καὶ
597 3933 771 3998 αὐτὸς,
840 3936 904 3994 ὡς
961 3935 1253 4007 ἄνθρωπος,
1309 3934 1448 4006 αύτῷ
1503 3931 1822 4006 διαλέγεται,

207 4023 395 4096 λέγων’
479 4028 629 4076 Διατί
701 4041 764 4094 με
835 4022 996 4094 λέγεις
1079 4021 1293 4094 ἀγαθόν,
1374 4025 1642 4098 ἄνθρωπον
1705 4029 1826 4076 ὅντα

205 4116 347 4165 κατά
378 4118 476 4170 τήν
509 4115 606 4169 σήν
654 4110 956 4182 ύπόληψιν;
1001 4114 1070 4173 ὡς
1121 4115 1210 4182 μὲν
1265 4115 1366 4185 γὰρ
1415 4113 1706 4185 ἄνθρωπος,
1734 4116 1827 4165 οὔκ

206 4203 318 4273 εἰμι
373 4200 592 4271 ἁγαθός·
641 4203 716 4261 ’ὡς
756 4196 815 4252 δὲ
855 4204 999 4264 Θεὸς,
1053 4205 1143 4252 καί
1197 4201 1355 4272 μάλα.
1389 4205 1553 4262 Μόνος
1598 4205 1699 4275 γὰρ
1739 4222 1829 4252 κυ-

206 4296 338 4361 ρίως
397 4288 596 4360 ἀγαθός
639 4290 663 4340 6
716 4295 864 4351 Θεὸς.
902 4297 1067 4342 Τοῦτο
1125 4286 1183 4341 δὲ
1236 4290 1408 4358 εἰπὼν,
1460 4298 1518 4342 οῦ
1568 4295 1683 4351 τοὺς
1748 4290 1832 4342 ἁν-

213 4381 466 4450 θρώπους
520 4376 842 4452 ἀπεστέρησε
893 4386 985 4438 τῆς
1033 4377 1378 4449 ἀγαθότητος,
1425 4378 1552 4431 ἀλλά
1579 4385 1696 4455 περὶ
1739 4388 1834 4440 τῆς

212 4475 418 4537 κυρίως
474 4466 803 4537 ἀγαθότητος
857 4463 1116 4530 ἐδίδαξεν
1169 4469 1279 4538 οἶμα
1330 4465 1390 4520 δὲ
1438 4474 1526 4520 καὶ
1563 4474 1656 4526 την
1686 4469 1835 4520 κολα-

214 4561 366 4607 κείαν
419 4555 694 4620 ἀπώσατο,
733 4562 823 4608 καὶ
870 4554 1171 4618 ἕπαίδευσε,

220 4653 329 4705 τοῖς
360 4646 616 4708 ἐπαίνοις.

303 4821 490 4896 [Φύσει
524 4824 638 4896 (9⁸5)
689 4826 780 4898 μὲν
829 4823 1045 4896 ἀγαθὸς,
1078 4829 1232 4898 μόνος
1271 4827 1297 4877 ό
1346 4829 1492 4889 Θεόςο
1548 4831 1727 4901 γνώμη
1781 4824 1841 4880 δὲ

231 4909 456 4984 ἀγαθός,
489 4919 647 4986 μόνος
683 4914 710 4964 ό
740 4915 1092 4986 θεομίμητος.]

303 5094 365 5143 Εἰ
395 5122 465 5133 -
497 5097 688 5159 ποίας,
723 5092 865 5164 Ούχ,
899 5096 966 5154 ὡς
1003 5094 1280 5168 πειράζων,
1327 5091 1452 5162 εἶπε,
1508 5099 1682 5157 ποίας·
1733 5095 1838 5148 ἀλλ’

219 5177 458 5252 ἐνόμισε,
519 5184 664 5257 παρὰ
724 5184 818 5243 τὰς
864 5185 1082 5255 νομικὰς
1129 5182 1306 5259 ἐτέρας
1354 5181 1482 5237 εἶναι
1524 5205 1688 5250 τινας,
1748 5187 1842 5248 τὰς

217 5268 552 5341 εἰσαγούσας
579 5269 646 5330 εἰς
682 5274 777 5329 τὴν
812 5273 1059 5328 τοιαύτην
1095 5271 1258 5332 ζωήν,

1917 1961 1987 2002 ac
2019 1946 2252 2002 malitia
2278 1951 2435 2002 caret
2465 1964 2482 2016 ;
2520 1951 2578 2002 et
2610 1946 2777 2018 ponit
2815 1961 2994 2018 super
3031 1961 3170 2002 eum
3203 1961 3420 2002 manus
3459 1947 3583 2003 sive

1916 2034 2312 2091 excubantem
2342 2050 2518 2090 suam
2547 2036 2847 2100 virtutem,
2879 2050 2951 2092 ac
2980 2033 3294 2102 benedicit,
3327 2049 3588 2108 eumque

1915 2122 2263 2180 sanctiﬁcat.

2095 2250 2247 2307 CAP.
2278 2249 2410 2306 XLI.
2439 2249 2525 2305 De
2551 2249 2728 2306 divite
2749 2248 3162 2321 interrogante
3187 2249 3402 2307 Iesum.

1991 2463 2150 2517 Vers.
2188 2465 2270 2516 16.
2303 2462 2382 2516 Et
2413 2492 2481 2500 —
2521 2467 2803 2518 aeternam
2831 2461 3214 2534 ‘IPrincipem
3243 2461 3392 2519 dixit
3419 2462 3583 2518 hunc

1919 2551 2105 2605 Lucas
2137 2552 2206 2616 ιο,
2234 2550 2504 2605 videlicet
2529 2549 2901 2606 Judaeorum.
2933 2553 3059 2606 Non
3090 2555 3216 2606 erat
3244 2555 3447 2606 autem
3487 2551 3585 2607 hic

1922 2639 2266 2694 adolescens
2307 2639 2558 2694 dolosus
2593 2642 2698 2696 aut
2734 2638 2932 2706 ﬁctus,
2977 2643 3042 2694 ut
3080 2639 3247 2695 aiunt
3276 2639 3529 2712 quidam
3563 2657 3578 2707 ;

1921 2742 2116 2800 neque
2154 2728 2312 2782 enim
2356 2728 2602 2783 intuitus
2647 2725 2815 2782 illum
2853 2729 3023 2782 Jesus
3067 2726 3374 2784 dilexisset
3416 2743 3578 2794 eum,

1922 2815 2080 2888 quod
2107 2816 2256 2872 dixit
2286 2819 2514 2872 Marcus
2544 2819 2611 2882 ",
2642 2816 2748 2872 sed
2777 2817 2839 2872 in
2870 2817 3090 2872 caeteris
3116 2817 3363 2889 quidem
3394 2817 3584 2873 bonus

1923 2911 2069 2973 erat,
2101 2905 2353 2978 vitaeque
2383 2905 2640 2978 cupidus
2670 2909 2902 2961 aeternae
2931 2923 2944 2964 :
2981 2905 3088 2962 sed
3118 2906 3381 2962 avaritiae
3413 2907 3588 2979 spina

1921 2995 2144 3067 pingue
2176 2995 2396 3049 animm
2426 3010 2634 3050 arvum
2664 2994 3024 3067 perdiderat.

1994 3102 2154 3156 Vers.
2195 3107 2276 3156 t7.
2308 3103 2434 3170 Ipse
2464 3131 2531 3142 —
2561 3101 2735 3157 Deus.
2768 3101 2974 3156 Nullus
3006 3116 3203 3174 neque
3237 3117 3588 3174 corporeus,

1851 3210 1892 3268 (ς
1926 3207 2121 3263 neque
2171 3192 2558 3261 incorporeus
2598 3190 2835 3262 proprie
2871 3189 3071 3244 bonus
3109 3195 3216 3256 est,
3263 3191 3379 3245 nisi
3429 3191 3591 3247 solus

1929 3284 2105 3349 Deus,
2149 3282 2287 3350 quia
2325 3283 2439 3334 Deo
2481 3282 2817 3334 secundum
2856 3283 3137 3334 naturam
3183 3281 3457 3335 convenit
3486 3279 3592 3335 bo-

1927 3369 2101 3432 nitas,
2151 3369 2403 3438 ideoque
2443 3366 2657 3422 mutari
2700 3382 2821 3422 non
2853 3371 3087 3438 potest:
3123 3368 3348 3422 caeteris
3389 3372 3593 3425 autem

1928 3457 2210 3514 omnibus
2249 3454 2582 3510 visibilibus
2613 3460 2670 3510 et
2700 3454 3097 3510 invisibilibus
3129 3455 3459 3510 secundum
3490 3471 3594 3512 vo-

1931 3547 2246 3614 luntatem,
2295 3551 2353 3601 et
2391 3544 2525 3600 ideo
2577 3543 2884 3600 mutabilis
2923 3547 3032 3599 est.
3095 3545 3244 3609 Quia
3297 3559 3440 3615 ergo
3496 3545 3595 3601 hic

1931 3637 2227 3693 Christum
2288 3635 2595 3691 hominem
2659 3639 2892 3690 tantum
2959 3649 3084 3691 esse
3155 3633 3593 3706 suspicabatur,

1930 3727 2282 3797 bonumque
2304 3723 2560 3780 vocabat
2585 3739 2745 3793 eum,
2772 3739 2895 3779 non
2925 3728 3214 3796 tanquam
3243 3725 3452 3790 Deum,
3491 3725 3599 3781 sed

1933 3821 2224 3887 tanquam
2250 3813 2579 3880 hominem,
2608 3819 2663 3869 et
2686 3828 2878 3869 unum
2904 3814 3254 3886 quempiam
3277 3818 3602 3887 praecepto-

1932 3921 2066 3959 rum
2112 3904 2274 3974 apud
2316 3903 2636 3959 Hebrzros:
2681 3902 2761 3959 ad
2802 3903 3153 3974 hujusmodi
3193 3903 3601 3976 suspicionem

1933 3993 2062 4064 ejus
2097 4009 2255 4048 nunc
2283 3993 2465 4048 etiam
2494 3993 2620 4062 ipse
2646 3991 2820 4064 quasi
2848 3991 3033 4048 homo
3061 4009 3200 4048 cum
3235 4008 3306 4048 eo
3340 3993 3599 4062 disserit,

1935 4082 2141 4138 dicens
2183 4097 2194 4135 :
2253 4082 2403 4145 Quid
2443 4097 2539 4135 me
2591 4081 2738 4135 dicis
2777 4080 3030 4145 bonum,
3068 4082 3172 4152 qui
3225 4081 3410 4136 homo
3467 4095 3605 4136 sum

1931 4171 2104 4241 juxta
2127 4174 2292 4224 tuam
2312 4169 2713 4239 suspicionem
2732 4168 2760 4222 ?
2783 4167 2931 4223 Nam
2950 4173 3240 4239 tanquam
3278 4170 3460 4223 homo
3479 4183 3604 4223 non

1939 4275 2072 4313 sum
2107 4259 2321 4323 bonus,
2357 4261 2646 4327 tanquam
2681 4260 2831 4311 Deus
2862 4263 3080 4318 autem,
3117 4255 3294 4310 etiam
3343 4257 3604 4309 maxime

1941 4349 2138 4402 bonus
2162 4362 2327 4410 sum;
2357 4344 2522 4399 solus
2548 4359 2810 4415 namque
2840 4345 2992 4398 Deus
3018 4343 3255 4414 proprie
3282 4343 3477 4397 bonus
3492 4347 3601 4397 est.

1946 4437 2065 4491 Hoc
2105 4440 2303 4489 autem
2354 4433 2499 4487 dixit
2544 4448 2666 4486 non
2707 4432 2982 4486 homines
3024 4432 3267 4502 privans
3315 4430 3602 4512 bonitate,

1228 4562 1300 4630 μὴ
1358 4520 1815 4630 συγκατατίθεσθα

1947 4525 2053 4582 sed
2074 4525 2148 4579 de
2174 4539 2244 4578 ea
2259 4539 2394 4595 qua!
2419 4523 2650 4593 proprie
2673 4521 2909 4576 bonitas
2931 4524 3022 4576 est
3042 4520 3244 4576 docuit
3267 4536 3280 4586 ;
3307 4520 3608 4592 simulque

2007 4615 2016 4630 ι
2068 4613 2080 4630 ι
2388 4610 2596 4630 ..-μηνί
2671 4615 2716 4630 ,ι
3065 4625 3173 4630 ___
3215 4624 3283 4630 μ
3326 4608 3607 4630 Luam-”

1948 4612 2350 4673 adulationem
2388 4610 2618 4683 repulit,
2663 4615 2720 4666 et
2757 4611 3028 4666 instruxit
3065 4625 3175 4665 nos
3214 4624 3289 4666 ne
3325 4608 3610 4664 laudibus

1950 4704 2370 4761 assentiamur.

2019 4813 2106 4882 -Η-
2149 4813 2365 4866 Natura
2411 4806 2655 4879 quidem
2701 4806 2897 4862 bonus
2947 4806 3109 4862 solus
3158 4806 3332 4872 Deus,
3389 4805 3610 4861 mentis

1948 4916 2092 4957 vero
2138 4897 2611 4954 conformatione
2665 4896 2886 4966 bonus,
2941 4895 3105 4952 solus
3157 4895 3209 4951 is
3263 4895 3368 4968 qui
3426 4897 3613 4950 Deum

1950 4989 2236 5045 imitatur.

2021 5099 2183 5153 Vers.
2228 5095 2312 5150 17.
2358 5094 2527 5162 Quod
2562 5095 2613 5150 si
2649 5125 2718 5134 —
2755 5093 2914 5147 Vers.
2955 5093 3048 5150 18.
3089 5106 3221 5164 qua:
3259 5092 3289 5148 7
3326 5093 3452 5147 Non
3493 5093 3617 5146 ten-

1951 5187 2134 5244 tando
2163 5185 2330 5252 dixit,
2365 5200 2492 5256 quae
2522 5185 2550 5240 ‘3
2575 5182 2674 5238 sed
2719 5181 2962 5254 putabat
2997 5185 3212 5254 praeter
3239 5179 3456 5250 legalia
3486 5193 3616 5236 esse

1952 5278 2089 5346 alia,
2121 5291 2258 5350 qua:
2287 5274 2367 5331 ad
2397 5273 2578 5331 talem
2609 5273 2954 5329 inducerent
2979 5270 3188 5328 vitam.

303 5396 352 5430 ³⁸
377 5395 556 5460 Marc,
588 5397 670 5452 14.
702 5396 749 5430 3’
779 5395 925 5452 ibid.
949 5397 1039 5452 16.
1068 5397 1115 5432 ⁸ο
1141 5396 1276 5453 Luc.
1303 5414 1464 5465 xvm,
1499 5400 1584 5456 18.
1620 5402 1662 5438 ὀι
1690 5405 1842 5461 Marc
1871 5423 1930 5476 x,
1958 5409 2053 5464 '21.

1465 5525 1689 5594 Variae
1717 5528 2046 5599 lectiones
2071 5536 2138 5596 et
2169 5535 2370 5593 notae.

311 5663 428 5737 (94)
459 5669 564 5719 Καί
589 5665 940 5722 addendum
969 5666 1170 5723 credo.

543 5763 784 5822 ΡΑτηοι..
827 5763 933 5821 Gn.
971 5764 1212 5821 CXXIX.

2029 5671 2142 5745 (95)
2184 5670 2319 5725 Haec
2354 5667 2418 5724 in
2457 5682 2647 5738 marg.
2697 5667 2760 5723 Β.
2803 5666 3124 5723 Hentenius
3166 5679 3289 5721 non
3328 5661 3621 5732 agnoscit.

3200 5763 3269 5816 l7
