4176 6416
609 359 714 422 819
1923 351 2274 417 ΕυΤΗΥΜΙῙ
2326 348 2650 416 ΖΙῧΑΒΕΝῙ
3873 364 3984 422 590

681 491 843 547 Vers.
865 494 885 545 1
904 494 948 545 1.
968 487 1080 546 Ille
1096 489 1358 560 —ltujus
1370 489 1528 545 dicti.
1543 491 1670 546 Non
1687 501 1898 544 omnes
1930 483 2257 556 suscipiunt

2435 484 2494 537 '0
2543 516 2609 527 —
2657 487 2745 538 τὸν
2799 483 2948 557 λόγον
3004 492 3206 540 τοῦδιον.
3265 492 3343 538 Ου
3397 487 3581 548 πάντες
3631 483 3981 562 παραδέχον-

605 577 767 634 hunc
793 593 1130 634 sermonem
1155 577 1229 634 de
1260 593 1381 634 non
1403 577 1812 635 contrahendo
1832 574 2254 639 matrimonio;

2366 592 2451 626 ται
2508 578 2594 627 τὸν
2647 574 2796 646 λόγον
2850 581 3051 643 τοῦτον,
3099 579 3186 627 τὸν
3240 580 3359 648 περὶ
3413 583 3506 628 τοῦ
3563 581 3635 648 μὴ
3687 585 3859 650 γῆμαι
3920 580 3980 632 ού

606 683 727 724 non
759 683 966 724 omnes
988 667 1200 725 ferunt.
1232 669 1446 738 Magna
1478 668 1631 724 enim
1671 682 1762 723 res
1789 671 1875 723 est
1920 663 2254 728 caelibatus,

2365 664 2549 726 πάντες
2601 663 2957 736 βαστάζουσι.
3017 669 3166 737 Μέγα
3193 668 3295 738 γὰρ
3327 667 3356 723 η
3393 663 3616 738 ἀγαμία,
3666 672 3757 720 καὶ
3787 667 3985 741 ὀλίγοις

605 770 716 812 nec
755 756 827 812 ab
857 756 1136 813 omnibus
1170 756 1302 812 ferri
1330 763 1534 830 potest.

2367 758 2614 826 φορητόν.

674 847 832 902 Vers.
865 847 946 901 11.
986 845 1100 902 Sed
1123 845 1337 918 quibus
1357 846 1566 903 datum
1596 853 1705 903 est.
1751 843 1869 901 Soli
1893 842 1977 899 illi
2035 856 2257 898 sermo-

2436 842 2573 895 Ἀλλ’
2641 843 2714 904 οἷς
2769 839 3001 896 δέδοται.
3053 842 3268 897 Ἐκεῖνοι
3319 847 3468 915 μόνοι
3515 849 3601 897 τόν
3653 845 3806 918 λόγον
3859 855 3978 900 τοῦ-

603 929 743 990 nem
782 935 942 991 hunc
972 935 1304 1007 suscipiunt
1333 940 1387 990 et
1419 935 1629 1001 ferunt,
1670 931 1892 1006 quibus
1933 931 2143 988 datum
2171 937 2257 986 est

2366 950 2452 984 τον
2481 928 2878 1006 παραδέχονται
2910 937 3002 985 καὶ
3035 930 3423 1004 βαστάζουσιν,
3465 935 3544 996 οἷς
3574 930 3791 988 δέδοται
3820 944 3975 991 τοῦτο

601 1021 719 1079 hoc
734 1025 965 1079 donum
991 1039 1027 1079 a
1049 1022 1200 1090 Deo;
1229 1023 1439 1080 datum
1461 1030 1552 1079 est
1577 1029 1777 1079 autem
1806 1022 1898 1077 his
1919 1020 2014 1092 qui
2034 1019 2257 1092 petive-

2365 1041 2422 1075 το
2455 1018 2622 1096 δωρον
2665 1025 2808 1095 παρά
2851 1029 2984 1076 Θεοῦ
3029 1035 3045 1052 ⁸
3080 1018 3294 1076 δέδοται
3324 1018 3385 1075 δέ
3431 1022 3740 1082 αἰτήσασιν.
3772 1025 3974 1080 Αἰτεῖτε

602 1116 758 1166 runt.
795 1113 981 1168 Petite
1010 1111 1194 1176 enim,
1226 1111 1330 1180 ait,
1353 1118 1406 1168 et
1432 1111 1667 1169 dabitur
1696 1110 1856 1168 vobis
1893 1111 1976 1180 3‘;
2011 1108 2257 1181 petenti-

2364 1115 2486 1186 γὰρ,
2532 1117 2681 1184 φησὶ,
2728 1117 2818 1164 καὶ
2875 1108 3160 1170 δοθήσεται
3218 1112 3339 1183 ύμῖν
3395 1128 3410 1141 ·
3461 1112 3717 1171 αἰτήσασι
3770 1111 3830 1167 δε
3861 1116 3971 1188 οὐχ

603 1199 738 1265 bus,
773 1201 1038 1274 inquam,
1101 1217 1220 1257 non
1275 1201 1642 1276 simpliciter,
1703 1200 1809 1257 sed
1860 1199 2148 1255 ferventer
2203 1205 2257 1254 et

2366 1199 2554 1266 ἁπλῶς,
2609 1199 2737 1253 ἀλλὰ
2787 1202 2984 1275 θερμῶς
3038 1205 3128 1252 καὶ
3190 1200 3460 1272 ἐπιμόνως,
3520 1206 3610 1253 καὶ
3678 1201 3852 1265 ἁπλῶς
3900 1204 3945 1256 εἰ

603 1295 1051 1361 perseveranter
1082 1306 1094 1344 :
1128 1294 1202 1356 et,
1233 1295 1297 1346 ut
1335 1290 1518 1347 semel
1544 1291 1755 1361 dicam,
1803 1289 1954 1345 sicut
2004 1291 2257 1360 oportet.

2365 1307 2498 1354 πειν,
2549 1293 2616 1352 ὡς
2668 1296 2796 1365 χρὴ.
2854 1294 3152 1362 Σημείωσαι
3201 1287 3280 1355 δὴ,
3341 1292 3422 1342 ὅτι
3475 1299 3611 1344 Θεοῦ
3694 1288 3865 1365 δῶρον
3933 1295 3963 1352 ἡ

605 1377 1012 1449 Significatum
1035 1384 1286 1450 estergo
1311 1378 1706 1449 virginitatem
1733 1377 1834 1434 Dei
1855 1377 2084 1434 donum
2107 1391 2256 1448 esse,

2365 1381 2635 1455 παρθενία,
2666 1375 2920 1452 διδομένη
2951 1386 3061 1440 τοῖς
3093 1379 3350 1446 αἰτοῦσιν,
3382 1382 3449 1442 ὡς
3473 1386 3606 1454 χρή.

603 1467 811 1524 datum
836 1468 931 1524 his
961 1467 1063 1541 qui
1096 1473 1324 1540 petunt,
1352 1475 1413 1524 ut
1443 1472 1694 1540 oportet.

673 1557 834 1614 Vers.
880 1562 957 1612 l2.
990 1556 1135 1612 Sunt
1158 1557 1543 1614 -εωιονιιηι
1581 1557 1732 1624 Quia
1761 1557 1835 1613 de
1862 1553 2138 1612 caelibatu
2167 1554 2256 1610 in-

673 1644 742 1679 -Ιίι
779 1661 976 1679 ειη-πη
1031 1646 1199 1679 Annae
1225 1662 1384 1679 nnnn
1413 1645 1486 1679 An
1519 1645 1779 1679 inn-"‘6:-
1812 1662 1825 1676 ο
1859 1650 1912 1679 ιιι
1965 1645 2069 1679 θεοῖο
2104 1659 2256 1679 ιπηι-

2435 1605 2555 1659 Εἰσὶ
2615 1635 2686 1647 —
2757 1605 3005 1679 ούρανῶν.
3096 1601 3308 1664 Ἐπειδὴ
3417 1609 3534 1678 περί
3611 1602 3844 1679 ἀγαμίας
3897 1603 3968 1659 ἐν·

2364 1699 2511 1748 έπεσε
2539 1694 2690 1767 λόγος
2722 1695 2852 1764 (91),
2899 1691 3151 1748 διδάσκει
3194 1693 3372 1747 λοιπόν
3418 1700 3534 1768 περὶ
3576 1704 3676 1747 τῶν
3728 1695 3965 1769 ἀγάμων,

2364 1790 2454 1837 καί
2505 1783 2878 1858 ἁπαριθμείται
2955 1789 3076 1857 τρία
3140 1780 3254 1842 είδη
3288 1792 3386 1836 τῶν
3445 1784 3731 1856 εύνούχων,
3791 1807 3857 1837 ων
3908 1791 3962 1838 τό

2364 1882 2566 1946 πρῶτον
2615 1878 2705 1946 μεν
2762 1870 3082 1931 ἀδιάϐλητον
3150 1871 3262 1926 ἐστι
3330 1876 3388 1925 τό
3451 1869 3689 1947 δεύτερον
3739 1871 3795 1927 δέ
3844 1871 3958 1927 δια-

601 1644 743 1702 cidit
779 1661 997 1713 sermo,
1031 1646 1201 1702 docet
1224 1662 1385 1702 nunc
1413 1645 1487 1702 de
1518 1645 1781 1718 innuptis
1812 1662 1826 1711 ;
1859 1650 1915 1701 et
1965 1645 2076 1701 tria
2104 1659 2256 1700 enu-

600 1739 787 1792 merat
801 1735 1464 1806 generaeunuchorum,
1477 1751 1737 1808 quorum
1751 1735 2011 1808 primum
2027 1733 2256 1790 nullam
2289 1754 2333 1809 Β

599 1825 850 1881 sustinet
869 1823 1248 1891 calumniam,
1282 1825 1614 1881 secundum
1637 1828 1838 1881 autem
1865 1825 2254 1896 vituperatur,

597 1913 832 1970 tertium
864 1929 1004 1970 vero
1034 1913 1336 1970 laudabile
1375 1919 1497 1970 est:
1561 1929 1768 1970 eorum
1836 1913 2111 1970 videlicet
2156 1912 2256 1986 qui

599 2001 836 2074 seipsos
865 2007 1301 2073 castraverunt,
1335 2008 1394 2058 ut
1430 2018 1683 2073 regnum
1727 2003 2016 2059 calorum
2049 2016 2255 2058 conse-

593 2096 935 2165 querentur,
965 2107 1088 2149 non
1113 2091 1412 2149 novacula
1437 2092 1629 2150 ferrea
1657 2098 2002 2150 exsecantes
2031 2093 2256 2162 genita-

597 2179 692 2250 lia,
724 2180 832 2236 sed
863 2181 1226 2238 continentia
1249 2182 1548 2239 insaniam
1577 2181 2078 2255 concupiscentiae
2129 2196 2255 2237 am-

596 2274 894 2342 putantes,
939 2276 996 2327 et
1047 2287 1252 2328 amore
1308 2271 1682 2343 virginitatis,
1737 2272 1929 2328 coitus
1995 2285 2254 2327 amorem

596 2373 996 2416 emarcescere
1023 2360 1305 2417 sinentes.
1330 2362 1597 2427 Quorum
1631 2360 1793 2416 enim
1819 2364 2100 2416 naturam
2132 2373 2256 2415 ma-

595 2463 710 2505 nus
729 2449 998 2506 humana
1013 2449 1478 2517 transformavit,
1505 2450 1850 2522 ferrumque
1875 2447 2252 2520 depravavit,

594 2553 716 2595 non
757 2545 987 2595 tantum
1017 2540 1097 2595 ob
1142 2544 1436 2596 servatam
1469 2538 1866 2608 virginitatem
1906 2536 2251 2596 laudantur.

591 2633 889 2700 quantum
910 2626 972 2683 hi
997 2627 1101 2700 qui
1129 2626 1308 2684 veluti
1333 2627 1596 2683 libidinis
1638 2626 1916 2692 accusati,
1968 2626 2253 2683 ultionem

589 2721 984 2788 susceperunt
1011 2716 1195 2787 (mm),
1227 2731 1363 2788 quas
1394 2714 1456 2771 id
1505 2715 1683 2772 etiam
1730 2714 1952 2785 vincat,
2001 2715 2164 2788 quod
2218 2730 2306 2790 agt

591 2803 742 2861 ferro
778 2809 862 2859 est
885 2802 1196 2858 auxilium.

657 2891 1038 2962 +Gregorius
1066 2891 1396 2964 Theologus
1424 2893 1523 2949 :lli
1555 2893 1798 2966 quidem
1833 2898 2050 2950 natura
2078 2891 2250 2948 incli-

588 2987 810 3083 nantur
833 2980 1192 3083 ad-bonum.
1225 2983 1368 3083 Cum
1404 2988 1605 3039 autem
1643 2982 1777 3039 dico
1800 2989 2100 3080 naturam,
2127 2997 2248 3083 non
2279 3026 2320 3083 Ο

589 3069 808 3141 abjicio
837 3069 1227 3137 voluntatem,
1255 3071 1361 3128 sed
1400 3078 1719 3144 utrumque
1752 3087 1912 3144 pono
1948 3090 1962 3125 :
2002 3077 2061 3127 et
2087 3069 2250 3126 incli-

2363 1962 2666 2036 ϐεϐλημένον
2721 1980 2733 1992 ’
2767 1966 2825 2015 τὸ
2893 1959 2952 2014 δε
3003 1966 3173 2033 τρίτον
3219 1961 3500 2026 ἐπαινετόν,
3551 1964 3729 2024 οἵτινες
3790 1963 3962 2016 εύνούο

2361 2072 2529 2125 χισαν
2559 2053 2795 2121 ἑαυτούς,
2836 2054 2919 2104 ἶνα
2960 2055 3172 2122 τύχωσι
3201 2059 3294 2113 τῆς
3345 2049 3616 2124 βασιλείας
3652 2061 3751 2105 τῶν
3810 2054 3965 2129 ούραο

2361 2151 2480 2212 νῶν,
2530 2142 2588 2195 ού
2615 2142 2752 2214 ξυρῷ
2785 2137 3012 2216 σιδήρου
3043 2143 3110 2193 τὰ
3147 2137 3440 2212 παιδογόνα
3467 2146 3626 2216 μόρια
3651 2139 3963 2213 ἐκτεμόντες,

2362 2230 2491 2284 ἀλλὰ
2551 2231 2689 2303 ξυρῷ
2745 2233 3081 2304 σωφροσύνης
3132 2234 3218 2281 τόν
3272 2227 3480 2304 οἶστρον
3537 2239 3632 2292 τῆς
3688 2229 3966 2305 ἐπιθυμίας

2363 2319 2738 2391 ἀποκόψαντες,
2813 2325 2902 2372 καὶ
2957 2323 3105 2394 ἔρωτι
3156 2321 3432 2395 παρθενίας
3501 2325 3587 2372 τόν
3655 2323 3820 2392 ζοωτα
3871 2331 3968 2382 τῆς

2368 2415 2653 2472 συνουσίας
2724 2412 3204 2484 καταμαράναντες.
3273 2409 3368 2461 Ὧν
3445 2412 3545 2482 γὰρ
3628 2413 3720 2466 τὴν
3804 2413 3962 2480 φύσιν

2365 2499 2660 2576 ἀνθρωπίνη
2737 2499 3022 2573 μετέπλασε
3077 2503 3222 2574 χεὶρ,
3302 2503 3388 2550 καὶ
3461 2493 3679 2568 σίδηρος
3721 2497 3958 2571 παρεχά-

2361 2589 2512 2664 ραξεν
2540 2631 2554 2655 ,
2659 2589 2717 2642 ού
2792 2597 3037 2642 τοσοῦτον
3164 2582 3438 2639 ἁπόδεκτοι
3539 2585 3954 2657 παρθενεύοντες,

2363 2681 2485 2732 ὅσον
2565 2684 2940 2754 κατηγορητοὶ,
3045 2677 3387 2750 λαγνεύοντες,
3486 2676 3553 2736 ὡς
3663 2682 3759 2735 τῆς
3841 2673 3961 2728 ἁκο-

2359 2768 2550 2831 λασίας
2599 2772 2897 2831 νικησάσης
2951 2773 3041 2820 καὶ
3115 2772 3208 2826 τὴν
3259 2765 3490 2818 ἀπὸτοῦ
3547 2760 3772 2838 σιδήρου
3830 2763 3962 2838 βοή-

2365 2861 2524 2914 θειαν.

2435 2952 2558 3023 [Τοῦ
2607 2949 2721 3021 (92)
2790 2948 3047 3020 Θεολόγου
3081 2948 3186 2998 ’οἰ
3238 2949 3328 3018 μεν
3381 2943 3436 2997 ἐκ
3503 2945 3704 3017 φύσεως
3748 2946 3960 2998 νεύουσι

2357 3043 2490 3115 πρὸς
2515 3043 2574 3093 τό
2608 3039 2803 3112 ἀγαθόν
2854 3054 2868 3068 ⁶
2917 3042 3119 3110 φύσεως
3169 3031 3229 3088 δε
3257 3035 3377 3088 ὃταν
3407 3037 3552 3099 εἴπω,
3597 3033 3690 3087 ούκ
3717 3032 3960 3108 ἁτιμάζω

2358 3133 2453 3190 τὴν
2494 3134 2819 3205 προαίρεσιν,
2873 3127 2981 3179 ἀλλ’
3034 3125 3297 3199 ἀμφότερα
3346 3125 3551 3197 τίθημι,
3599 3129 3692 3182 τήν
3741 3143 3801 3196 γε
3834 3127 3961 3196 πρὸς

2357 3223 2417 3273 τὸ
2463 3219 2616 3272 καλὸν
2665 3215 3087 3282 ἐπιτηδειότητα,
3141 3220 3231 3267 καὶ
3285 3219 3378 3272 τὴν
3442 3214 3507 3275 εἰς
3540 3216 3688 3286 ἔργον
3725 3215 3961 3285 ἄγουσαν

2358 3312 2417 3362 τὸ
2463 3308 2520 3362 ἐκ
2562 3312 2762 3382 φύσεως
2833 3302 3126 3365 ἐπιτήδειον
3162 3323 3174 3335 ⁸
3221 3306 3271 3356 οἰ
3329 3300 3388 3356 δε
3463 3305 3564 3355 ύπὸ
3619 3299 3960 3356 διδασκάλων

2359 3397 2685 3472 ἐκτέμνονται
2739 3417 2806 3450 τα
2856 3398 2993 3454 πάθη
3039 3412 3052 3425 '
3095 3397 3144 3447 οἰ
3202 3390 3261 3446 δε
3302 3389 3374 3446 δι’
3430 3392 3623 3445 ἐαυτῶν
3655 3391 3958 3464 ἐκτέμνουσι

2356 3497 2543 3556 ταῦτα,
2603 3484 2940 3542 διδασκάλων
3019 3488 3110 3558 μεν
3185 3484 3278 3536 ούκ
3335 3481 3690 3554 ἐπιτυχόντες,
3743 3481 3957 3544 έαυτούς

2358 3575 2417 3633 δε
2445 3575 2758 3643 διδάξαντες
2797 3580 2862 3630 τὰ
2889 3581 3242 3650 προσήκοντα,
3301 3577 3388 3624 καὶ
3438 3576 3532 3629 τήν
3577 3589 3632 3622 τε
3679 3571 3836 3644 ῥίζαν
3866 3575 3958 3631 τῆς

2354 3673 2542 3730 κακίας
2589 3671 2901 3741 ἐκτεμόντες,
2978 3669 3068 3718 καὶ
3135 3665 3200 3715 τὰ
3251 3665 3444 3734 ὄργανα
3526 3666 3623 3720 τῆς
3699 3663 3953 3731 πονηρίας

2354 3756 2721 3834 ἐξορίσαντες.]

2421 3832 2480 3900 Ὀ
2530 3877 2602 3891 -
2647 3852 2906 3922 χωρείτω.
2955 3841 3271 3905 Τελευταίον,
3329 3832 3608 3899 ὑποδείξας
3650 3838 3772 3895 τοὺς
3818 3833 3948 3906 ἀγοί-

2350 3956 2482 4010 μους
2532 3940 2653 4000 τούς
2736 3935 3150 4007 ἐπαινουμένους,
3202 3934 3292 3982 καὶ
3369 3927 3502 3980 οὕτω
3555 3930 3648 3984 τὴν
3703 3927 3951 3981 τοιαύτην

2352 4025 2582 4100 ἀγαμίαν
2635 4025 2928 4094 ἐπαινέσας,
3009 4026 3100 4074 καὶ
3144 4019 3424 4078 λεληθότως
3475 4017 3564 4088 μεν
3614 4017 3734 4076 τοὺς
3785 4012 3957 4100 ἁκροα

2351 4098 2466 4179 τὰς
2497 4117 2570 4178 εἰς
2617 4121 2674 4170 τὸ
2728 4116 3050 4190 παρθενεύειν
3093 4111 3252 4170 οὕτως
3305 4107 3701 4176 ἐκκαλεσάμενος
3739 4120 3752 4132 ·
3797 4098 3960 4164 εἰδὼς

2355 4202 2414 4259 δε
2465 4211 2602 4280 μέγα
2663 4213 2816 4260 τοῦτο
2869 4209 2958 4257 καὶ
3009 4201 3206 4273 ὀλίγοις
3284 4200 3504 4270 αἱρετόν,
3575 4192 3965 4280 καταλιμπάνει

2352 4299 2411 4349 τό
2466 4277 2686 4371 πρᾶγμα
2738 4303 2798 4359 τῆ
2867 4295 3166 4370 προαιρέσει
3223 4297 3322 4342 τῶν
3354 4285 3655 4362 ἀνθρώπων.
3795 4277 3971 4334 δυνά-

2353 4370 2514 4457 μενος
2534 4391 2660 4462 γὰρ,
2711 4388 2862 4460 φησὶ,
2911 4388 3104 4456 χωρεῖν
3145 4385 3320 4444 τοῦτο,
3370 4375 3424 4450 [ἡ
3479 4379 3672 4449 χωρεῖν
3722 4370 3838 4443 (93)
3899 4371 3971 4433 εἰς

588 3160 894 3215 nationem
915 3157 991 3214 ad
1011 3158 1070 3214 id
1094 3159 1262 3232 quod
1286 3159 1610 3218 honestum
1622 3166 1736 3231 est,
1759 3167 1965 3233 etquaa
1985 3159 2067 3216 ad
2090 3174 2247 3231 opus

585 3246 820 3305 bonum
836 3247 997 3306 ducit
1013 3252 1313 3306 naturam.
1328 3249 1698 3317 Quibusdam
1712 3266 1856 3307 vero
1877 3266 1913 3306 a
1929 3252 2251 3322 praecepto-

585 3337 752 3394 ribus
779 3343 1170 3410 amputantur
1205 3338 1571 3408 aﬁ'ectiones,
1600 3340 1852 3414 quidam
1903 3345 2108 3396 autem
2150 3353 2250 3408 per

584 3427 812 3501 seipsos
840 3427 966 3484 illas
997 3433 1340 3501 amputant,
1374 3435 1437 3486 ut
1457 3431 1562 3502 qui
1588 3433 1984 3502 praeceptores
2002 3443 2123 3484 non
2153 3443 2249 3484 as-

585 3517 789 3583 secuti,
816 3518 1046 3590 seipsos
1061 3518 1280 3575 docent
1301 3535 1432 3592 qua;
1458 3519 1819 3576 conveniunt
1847 3535 1859 3574 :
1895 3529 1952 3575 et
1979 3517 2246 3574 radicem

583 3606 859 3664 vitiorum
879 3607 1232 3672 excidentes,
1256 3613 1314 3664 et
1328 3606 1605 3665 membra
1624 3607 1937 3680 pravitatis
1977 3606 2249 3662 extermi-

581 3699 814 3752 nantes.

655 3785 814 3838 Vers.
859 3788 941 3838 t2.
986 3782 1098 3848 Qui
1145 3813 1215 3825 —-
1265 3785 1487 3854 capiat.
1544 3784 1808 3841 Tandem
1849 3783 1950 3840 ubi
2012 3783 2296 3852 caelibes,

583 3869 768 3926 laude
797 3869 1015 3940 dignos
1035 3871 1520 3939 demonstrasset,
1540 3873 1880 3931 etitatalem
1901 3873 2242 3931 caelibatum

584 3958 912 4026 laudasset,
928 3975 997 4016 ac
1017 3975 1089 4016 eo
1113 3959 1294 4018 modo
1315 3959 1564 4019 latenter
1584 3963 1887 4020 auditores
1910 3963 1989 4021 ad
2009 3964 2239 4035 virgini-

584 4052 765 4104 tatem
784 4053 1196 4120 provocasset;
1216 4049 1408 4106 sciens
1425 4051 1486 4106 id
1506 4067 1797 4123 magnum
1813 4069 1961 4120 esse,
1977 4059 2031 4110 et
2045 4070 2080 4110 a
2097 4069 2241 4125 pau-

583 4137 668 4193 cis
688 4135 886 4208 deligi,
904 4138 1184 4212 relinquit
1202 4155 1330 4196 rem
1353 4139 1414 4196 in
1441 4139 1762 4199 hominum
1783 4143 2103 4200 voluntate.
2131 4144 2242 4209 Qui

581 4233 798 4300 potest,
829 4227 1042 4302 inquit,
1067 4244 1279 4304 capere
1307 4230 1441 4296 hoc,
1494 4237 1600 4289 aut
1649 4235 1948 4304 pervenire
1997 4233 2075 4290 ad
2104 4234 2239 4301 hoc,

582 4317 796 4390 capiat.
2273 4329 2319 4383 D

2351 4474 2554 4550 τοῦτο,]
2582 4481 2843 4552 χωρείτω.

652 4567 815 4624 Vers.
850 4572 938 4625 t3.
980 4569 1399 4627 Tunc—illos.
1423 4571 1686 4632 Infantes
1717 4571 1867 4628 dixit
1893 4571 2102 4638 Lucas,
2134 4571 2240 4644 qui

2412 4549 2543 4621 Τότε
2585 4549 2904 4626 -ναύτοῐᾳ
2978 4563 3140 4636 Βρίφη
3207 4551 3341 4608 εἶπεν
3407 4555 3433 4604 ό
3519 4556 3746 4618 Λουκᾶς,
3806 4549 3969 4603 ἅτινα

579 4656 989 4713 offerebantur
1013 4657 1074 4713 in
1095 4656 1208 4714 ﬁde
1229 4665 1544 4731 parentum
1571 4631 1641 4715 ³έ.
1675 4659 1951 4733 Discipuli
1977 4631 2114 4716 vero
2137 4631 2240 4717 eos

2358 4658 2791 4735 προσηνέχθησαν
2866 4655 2955 4725 μεν
3016 4631 3090 4700 ⁷ἐκ
3137 4649 3364 4704 πίστεως
3413 4650 3512 4694 τῶν
3560 4644 3762 4712 γονέων·
3807 4640 3866 4690 οἱ
3909 4631 3970 4690 δὲ

578 4746 972 4819 increpabant
994 4747 1098 4820 qui
1120 4747 1463 4819 offerebant,
1481 4750 1635 4806 sicut
1654 4732 1887 4821 scripsit
1915 4749 2144 4806 Marcus
2166 4751 2234 4818 ³⁷,

2358 4732 2582 4808 μαθηταὶ
2642 4744 2892 4816 ἐπετίμων
2944 4745 3052 4799 τοῖς
3090 4737 3496 4825 προσφέρουσιν,
3538 4732 3602 4789 ὡς
3661 4732 3686 4779 ό
3741 4732 3968 4800 Μάρκος

579 4835 695 4891 hoc
723 4815 809 4891 est
833 4815 1253 4908 prohibebant.
1287 4815 1611 4896 Verisimile
1642 4842 1734 4894 est
1763 4815 1962 4896 autem
1995 4840 2155 4911 quod
2181 4815 2239 4905 et

2358 4837 2557 4913 ἔγραψε,
2609 4815 2874 4890 τουτέστιν
2932 4826 3178 4882 ἐκώλυον.
3244 4821 3394 4882 Εἰκὸς
3449 4815 3508 4871 δε
3556 4821 3647 4869 καὶ
3697 4822 3803 4875 τοῖς
3839 4835 3967 4868 παι-

579 4938 795 4996 pueros
820 4907 1231 4999 increpabant.
1261 4928 1416 4983 Nam
1437 4927 1625 4983 ethos
1651 4929 1706 4983 et
1730 4924 1883 4999 illos,
1914 4907 2236 5002 prmcepto-

2358 4907 2430 4982 τ’ὶν
2487 4907 2768 4999 ἐπιτιμᾷν.
2856 4917 3108 4973 Ἐκώλυον
3177 4909 3235 4966 δε
3325 4907 3594 4968 κάκείνους
3671 4908 3962 4974 καὶταῦτα,

579 5027 707 5070 rem
741 5013 1121 5082 honorando,
1152 5013 1571 5088 prohibebant.

2358 5025 2598 5092 τιμῶντες
2624 5018 2712 5068 τὸν
2735 5007 3084 5066 διδάσκαλον.

648 5191 696 5229 ⁸³
735 5192 936 5253 Matth.
959 5210 1056 5261 νυ,
1083 5197 1140 5250 7.
1219 5192 1267 5229 ³·
1293 5189 1437 5250 Luc.
1468 5192 1633 5260 xvtu,
1671 5191 1755 5250 15.
1833 5189 1878 5231 δ’
1912 5195 2088 5254 Marc.
2119 5210 2175 5264 x,
2206 5200 2294 5256 13.

1787 5345 2013 5417 Variae
2057 5347 2387 5419 lectiones
2440 5355 2740 5420 etnotae.

559 5511 570 5518 '
651 5511 1057 5586 (91)Ὲνέπεσεν
1088 5509 1293 5586 όλό-γος
1315 5513 1372 5567 Β.
1516 5584 1529 5586 _
1643 5494 1654 5502 ’

2358 5517 2480 5576 haac
2503 5515 2566 5574 in
2585 5513 2866 5586 margine
2896 5509 2940 5568 Β
2953 5555 2968 5570 .

559 5511 570 5518 ’
675 5517 737 5571 91
797 5517 1057 5568 Ἐνέπισεν
1088 5512 1114 5564 ό
1136 5511 1293 5586 λόγος
1315 5513 1372 5567 Β.
2348 5517 2480 5576 hac
2503 5515 2566 5574 in
2585 5513 2859 5586 margine
2896 5511 2968 5570 Β.

558 5593 574 5606 ⁸
650 5511 768 5657 in;
788 5585 1036 5654 Gregor.
1068 5583 1345 5644 Nazianz.
1384 5599 1445 5658 p.
1476 5584 1597 5655 192,
1633 5587 1754 5645 193.
1813 5587 2000 5647 Habet
2039 5592 2240 5648 autem
2421 5589 2537 5662 (93)
2559 5585 2791 5644 Inclusa
2815 5583 3040 5642 absunt
3068 5584 3134 5637 Α.

649 5713 808 5785 (mm)
842 5713 1232 5796 Quaﬂtumfj
1259 5718 1661 5796 δαίσομενρςηι.
1696 5717 2000 5782 Quantum
2026 5717 2102 5775 ob
2153 5715 2455 5775 libidinem
2493 5711 3024 5787 reprehenduntur,
3055 5707 3180 5764 vim
3246 5698 3387 5759 ferri
3439 5694 3758 5771 (auxilium
3802 5687 3962 5760 ferri)

577 5790 902 5858 superante
933 5789 1113 5844 etiam
1143 5789 1628 5860 intemperantia.
