4176 6424
196 407 296 462 521

1269 393 1641 453 COMMENT.
1684 391 1756 448 IN
1794 389 2242 449 MATTH/EUM.
2285 423 2352 434 —
2391 392 2548 448 CAP.
2590 393 2739 450 XIX.

3469 395 3577 450 522

266 530 326 583 Ὀ
389 525 450 582 δε
512 528 718 586 Ἰησοῦς
764 557 835 567 -
872 524 1120 598 όύρανῶν.
1167 522 1229 574 Ὀ
1279 521 1338 574 δε
1394 523 1604 596 Μάρκος
1649 516 1808 579 εἶπεν,

1991 516 2153 572 Vers.
2187 521 2266 572 14.
2284 519 2455 574 Jesus
2473 524 2658 574 autem
2679 519 3068 574 —caelorum.
3089 518 3318 574 Marcus
3339 517 3486 574 dixit
3506 520 3576 585 ³⁸,

201 623 279 672 ὅτι
322 623 414 670 καὶ
465 619 807 688 ἠγανάκτησε
853 616 987 666 κατὰ
1033 621 1132 665 τῶν
1173 611 1494 664 κωλυόντων·
1534 615 1809 684 προσίεται

203 706 261 762 δε
308 710 376 760 τὰ
420 703 636 771 παιδία,
670 702 918 757 δεικνύων
948 702 1060 775 μέν,
1093 703 1174 754 ὃτι
1215 703 1337 762 τούς
1383 699 1610 762 ἀκάκους
1641 719 1808 773 προσ-

206 803 354 850 ίεται·
414 792 692 848 διδάσκων
758 790 816 845 δὲ
871 798 980 852 καὶ,
1039 792 1120 844 ὃτι
1172 795 1428 866 προσήκει
1497 796 1809 842 καταπατεῖν

205 892 288 940 τὸν
337 887 442 938 ἀπὸ
501 891 595 946 τᾶς
645 885 918 954 ὑπεροχῆς
977 888 1156 953 τῦφον,
1209 884 1299 931 καὶ
1354 880 1670 953 προσίεσθαι
1720 883 1811 931 καὶ

206 982 316 1037 τοὺς
362 975 871 1047 εὐκαταφρονήτους.
931 969 1043 1022 Ούκ
1110 966 1218 1022 εἶπε
1298 965 1377 1034 δε,
1463 970 1544 1020 ὅτι
1615 970 1810 1020 τούτων

213 1065 345 1119 ἐστὶν
391 1066 424 1123 ἡ
488 1061 739 1135 βασιλεία
786 1068 886 1112 τῶν
929 1059 1178 1132 ούρανῶν,
1229 1057 1338 1110 ἀλλ’
1383 1059 1464 1110 ὃτι
1506 1065 1605 1110 τῶν
1645 1059 1812 1110 τοιού⁴

211 1175 323 1222 των,
382 1161 488 1206 τῶν
537 1153 868 1224 μιμουμένων
939 1152 1034 1206 τὴν
1099 1146 1370 1206 ἁπλότητα
1426 1149 1639 1213 τούτων,
1695 1150 1814 1222 περὶ

212 1245 270 1296 ὧν
329 1247 539 1315 εἴρηται
585 1239 904 1314 πλατύτερον
982 1236 1033 1289 ἄν
1107 1243 1178 1306 τῷ
1253 1243 1546 1309 τριακοστῷ
1607 1231 1815 1308 ἕϐδόμῳ

207 1332 391 1406 κεφαλα
401 1336 420 1382 ί
423 1353 482 1402 ῳ.

277 1425 371 1475 Καὶ
417 1450 488 1460 -
542 1417 754 1471 ἐκεῖθεν.
810 1417 1023 1489 Μάρκος
1079 1411 1139 1468 δε
1195 1412 1349 1481 εἶπεν,
1399 1414 1478 1467 ὁτι
1516 1415 1607 1467 καί
1653 1413 1810 1485 ἔναγ-

211 1511 547 1582 καλισάμενος
623 1505 781 1571 αὐτὰ,
851 1505 1013 1566 τιθεὶς
1084 1505 1174 1564 τὰς
1256 1510 1440 1575 χεῖρας
1504 1502 1585 1556 ἐπ’
1657 1502 1810 1567 αύτὰ,

213 1601 396 1672 εὐλόγει
444 1597 602 1651 αὐτά.
639 1602 808 1649 Τοῦτο
857 1589 917 1646 δε
967 1592 1147 1658 ἐποίει,
1202 1591 1411 1668 πληρῶν
1459 1597 1553 1651 τὴν
1605 1595 1814 1649 αἴτησιν

211 1699 296 1742 τῶν
380 1695 552 1740 ταῦτα
627 1686 1091 1757 προσαγαγόντων.
1161 1683 1615 1756 Προσηνίχθησαν
1686 1683 1812 1752 ⁹γὰρ,

217 1783 382 1850 φησιν,
446 1776 592 1845 αὐτῷ
641 1768 862 1838 παιδία,
918 1772 1000 1823 ἵνα
1041 1773 1134 1833 τὰς
1186 1779 1371 1843 χεῖρας
1437 1769 1588 1842 ἐπιθῇ
1637 1769 1816 1830 αύτοίς

1918 604 2079 676 quod
2129 607 2308 662 etiam
2367 605 2795 676 indignabatur
2851 607 3325 678 prohibentibus.
3378 606 3578 680 Recipi

1923 700 2123 749 autem
2147 710 2387 766 pueros,
2412 695 2759 764 signiﬁcans
2781 711 2843 751 se
2863 696 3125 768 recipere
3156 695 3478 767 simplices,
3508 711 3580 752 ac

1919 782 2139 838 docens
2167 790 2438 855 oportere
2470 783 2690 839 fastum
2720 785 2824 857 qui
2855 801 2892 840 a
2923 784 3284 840 sublimitate
3313 784 3582 856 procedit

1920 871 2292 937 conculcare,
2343 879 2400 927 et
2457 874 2758 944 suscipere
2804 872 3215 945 despicabiles.
3257 875 3385 928 Non
3431 872 3584 929 dixit

1919 964 2121 1016 autem
2153 977 2170 1014 :
2207 961 2426 1015 Horum
2457 966 2544 1016 est
2572 975 2816 1029 regnum
2849 960 3158 1025 caelorum,
3195 959 3301 1015 sed
3352 960 3578 1024 talium,

1921 1048 2287 1104 imitantium
2307 1049 2576 1106 videlicet
2600 1049 2818 1105 horum
2841 1049 3277 1122 simplicitatem
3313 1064 3328 1114 ;
3355 1048 3430 1105 de
3451 1050 3580 1122 qui-

1920 1136 2036 1193 bus
2060 1137 2235 1194 latius
2256 1137 2484 1194 dictum
2504 1142 2594 1194 est
2618 1138 2920 1195 tricesimo
2943 1138 3200 1211 septimo
3221 1135 3438 1209 capite.

1997 1333 2140 1389 Vers
2177 1335 2259 1389 15.
2292 1334 2370 1389 Et
2401 1364 2469 1375 —
2498 1334 2656 1390 inde.
2687 1334 2920 1390 Marcus
2951 1334 3100 1391 dixit
3130 1337 3176 1370 ³⁸
3208 1334 3374 1408 quod
3403 1335 3584 1391 etiam

1923 1421 2323 1492 complexatus
2365 1428 2452 1479 est
2481 1422 2632 1489 illos,
2664 1439 2735 1479 ac
2765 1423 3058 1496 impositis
3091 1425 3368 1480 manibus
3407 1439 3588 1495 super

1923 1526 2027 1566 eos
2068 1511 2455 1568 benedicebat
2498 1511 2629 1568 illis.
2663 1514 2783 1568 Hoc
2815 1518 3016 1569 autem
3046 1512 3304 1570 faciebat
3347 1513 3587 1569 illorum

1924 1598 2262 1670 adimplens
2294 1600 2638 1671 petitionem
2667 1600 2773 1671 qui
2801 1615 2907 1655 eos
2935 1599 3312 1656 adduxerant
3337 1620 3349 1658 :
3386 1601 3589 1657 Oblati

1923 1693 2058 1742 sunt
2090 1688 2270 1756 enim,
2304 1688 2515 1758 inquit,
2548 1688 2598 1742 ei
2625 1689 2888 1756 parvuli,
2928 1695 2992 1743 ut
3028 1703 3234 1743 manus
3263 1688 3587 1757 imponeret

1923 1777 2000 1830 ei:
2039 1782 2088 1830 et
2143 1782 2360 1831 oraret.
2411 1775 2597 1831 Simul
2648 1776 2820 1832 etiam
2861 1777 3119 1832 ostendit
3165 1777 3378 1832 iterum
3426 1775 3588 1847 quod

215 1871 286 1918 καὶ
335 1864 718 1939 προσεύξηται.
778 1859 925 1933 ’Λμα
980 1856 1039 1912 δε
1090 1858 1244 1912 πάλιν
1309 1855 1520 1924 ἕδιιξεν,
1580 1861 1660 1910 ὅτι
1725 1863 1814 1909 καὶ

1943 1864 2301 1936 implectitur
2316 1864 2549 1936 sibique
2567 1864 2921 1920 familiarem
2942 1863 3119 1920 efﬁcit
3137 1880 3298 1930 eum,
3322 1865 3427 1936 qui
3445 1863 3588 1920 dolo

219 1953 623 2025 ἐναγκαλίζεται,
696 1954 790 2002 καὶ
867 1948 1147 2000 οἰκειοῦται
1199 1951 1288 2000 τόν
1368 1945 1645 2020 ἂπόνηρον,
1725 1951 1814 1998 καὶ

224 2046 421 2099 τιθησιν
499 2041 572 2092 ἐπ’
636 2039 792 2091 αὐτόν
855 2041 946 2098 τὰς
1018 2045 1226 2110 χεῖρας,
1289 2039 1407 2094 ἦτοι
1489 2040 1584 2094 τὴν
1656 2055 1812 2108 φροψ

233 2134 439 2204 ρητικην
503 2129 677 2181 ἑαυτοῦ
747 2123 996 2199 δύναμιν,
1059 2130 1150 2178 καὶ
1212 2125 1413 2198 εύλογεί
1460 2130 1550 2178 καὶ
1605 2126 1814 2197 ἁγιάζει

239 2218 409 2272 αὐτόν.

311 2348 458 2396 ΚΕΦ.
511 2339 644 2397 MA'.
691 2346 803 2414 Πιρὶ
843 2347 936 2392 τοῦ
995 2339 1419 2413 ὶπερωτήσαντος
1471 2342 1558 2392 τόν
1605 2341 1812 2397 Ἰησοῦν

878 2429 1151 2484 πλουσίου.

289 2523 392 2571 Καὶ
438 2549 507 2558 --
559 2518 786 2575 αἰώνιον.
827 2517 1101 2593 Ἀρχοντα
1130 2525 1308 2570 τοῦτον
1335 2515 1468 2570 εἶπεν
1517 2518 1543 2569 6
1591 2523 1811 2582 Λουκᾶς,

216 2603 445 2671 δηλαδή,
491 2614 592 2658 τῶν
623 2604 920 2660 Ἰουδαίων.
955 2605 1065 2658 Οὐκ
1115 2603 1176 2664 ἦν
1208 2603 1267 2659 δε
1319 2605 1540 2668 ὕπουλος
1581 2607 1608 2658 6
1657 2611 1816 2659 νεανί-

214 2715 328 2756 σκος
376 2695 550 2759 οὗτος,
604 2699 669 2756 ὦς
718 2700 850 2768 φασί
907 2713 1054 2756 τινες.
1101 2694 1176 2746 Ού
1224 2697 1325 2767 γὰρ
1381 2694 1443 2747 ἂν
1518 2697 1544 2747 6
1612 2696 1818 2757 Ἰησοῦς

214 2783 472 2855 ἐμϐλέψας
521 2783 688 2855 αὐτῷ,
743 2785 1018 2855 ἠγάπησεν
1059 2783 1238 2852 αὐτόν,
1270 2786 1338 2845 ὡς
1377 2787 1548 2858 εἴρηκε
1583 2787 1814 2858 Μάρκος.

214 2873 362 2926 Ἀλλὰ
414 2872 579 2924 τᾶλλα
627 2877 719 2946 μὲν
780 2871 934 2934 καλός
967 2869 1048 2935 ἦν,
1106 2877 1196 2924 καὶ
1251 2873 1387 2933 ζωῆς
1439 2875 1678 2942 ἐπεθύμει
1725 2881 1821 2934 τῆς

214 2960 436 3013 αἰωνίου·
490 2970 590 3024 τῆς
639 2958 700 3014 δὲ
752 2960 1098 3035 φι)αργυρίας
1140 2968 1170 3020 η
1219 2963 1422 3013 ἄκανθα
1464 2966 1558 3020 την
1597 2961 1819 3034 λιπαρὰν

217 3051 436 3122 ἄρουραν
475 3059 574 3112 τῆς
603 3050 791 3123 ψυχῆς
827 3050 989 3102 αὐτοῦ
1021 3046 1389 3122 διελυμήνατο.

285 3140 347 3191 ’0
377 3171 430 3180 —
487 3144 637 3201 Θεὸς.
680 3136 873 3200 Ούὸεὶς
917 3142 1032 3192 οὔτε
1083 3139 1284 3204 ύλικός,
1317 3142 1434 3192 οὔτε
1476 3139 1648 3209 ἄυλος,
1698 3139 1821 3213 ἁγα-

220 3229 301 3290 θός
339 3227 454 3281 ἐστι
507 3233 724 3303 κυρίως,
770 3228 813 3280 εἰ
857 3233 928 3295 μὴ
961 3233 1110 3301 μόνος
1153 3230 1179 3280 ό
1214 3233 1360 3290 Θεός.
1406 3236 1546 3282 Διότι
1587 3238 1658 3300 τῷ
1709 3238 1822 3300 Θεῷ

214 3321 318 3389 μὲν,
366 3320 501 3370 κατὰ
561 3321 719 3389 φύσιν
761 3319 791 3375 ἡ
855 3316 1136 3388 ἁγαθότης,
1193 3322 1283 3370 καὶ
1334 3315 1426 3371 διὰ
1473 3326 1625 3371 τούτο
1680 3317 1822 3392 ἀτρε-

217 3409 468 3465 πτοτάτη·
512 3414 621 3468 τοῖς
663 3406 838 3468 ἄλλοις
880 3404 939 3460 δε
991 3413 1173 3476 πᾶσιν,
1225 3409 1428 3482 ὁρατοῖς
1476 3427 1529 3460 τι
1557 3413 1646 3460 καὶ
1673 3407 1825 3482 ἀορά-

216 3515 341 3561 τοις,
392 3498 534 3548 κατὰ
579 3501 908 3570 προαίρεσιν,
945 3501 1034 3548 καὶ
1081 3493 1173 3550 διὰ
1218 3505 1368 3548 τοῦτο
1418 3503 1632 3569 τρεπτὴ.
1689 3498 1826 3549 Ἐπεὶ

214 3591 384 3637 τοίνυν
454 3585 608 3646 οὗτος
665 3586 934 3656 ἄνθρωπον
987 3583 1155 3646 ἁπλῶς
1221 3589 1310 3637 τόν
1361 3590 1591 3660 Χριστὸν
1642 3586 1826 3638 ὑπελα-

218 3673 297 3725 ϐιν
329 3671 483 3738 εἶναι,
518 3679 608 3726 καὶ
665 3672 860 3744 ἀγαθόν
911 3674 1067 3726 αύτόν
1115 3673 1370 3740 ἐκάλεσεν,
1417 3675 1522 3746 οὐχ
1553 3677 1620 3736 ὡς
1675 3677 1823 3738 Θεὸν,

403 3766 470 3824 ὡς
542 3765 855 3835 ἄνθρωπον,
915 3766 1027 3832 (94)
1096 3765 1181 3816 ἕνα
1251 3772 1350 3815 τῶν
1402 3764 1530 3837 παρ’
1586 3762 1828 3838 Εϐραίοις

219 3849 588 3920 διδασκάλων,
646 3855 772 3926 πρός
841 3856 936 3910 τὴν
1006 3853 1252 3910 τοιαύτην
1324 3852 1582 3924 ἇπόληψιν
1667 3853 1827 3905 αὑτοῦ

215 3940 403 3993 λοιπόν
454 3944 544 3991 καὶ
603 3939 777 4004 αύτός,
845 3943 909 4000 ὡς
967 3941 1258 4013 ἄνθρωπος,
1314 3941 1454 4012 αύτῷ
1509 3937 1826 4014 διαλέγεται,

214 4029 401 4101 λέγων·
485 4034 634 4082 Διατί
706 4047 769 4100 με
841 4028 1002 4100 λέγεις
1083 4027 1298 4101 ἀγαθὸν,
1379 4031 1648 4105 ἄνθρωπον
1710 4035 1831 4082 ὄντα

212 4122 353 4170 κατὰ
384 4123 482 4176 τήν
515 4122 612 4176 σὴν
660 4116 962 4188 ύπόληετὺιν;
1006 4120 1074 4180 ὡς
1126 4121 1216 4189 μεν
1270 4121 1371 4192 γὰρ
1421 4120 1712 4192 ἄνθρωπος,
1739 4122 1832 4171 οὔκ

212 4209 323 4278 εἰμι
379 4206 598 4278 ἀγαθός’
646 4209 722 4267 ὣς
762 4203 820 4259 δὲ
861 4210 1004 4270 Θεὸς,
1058 4212 1148 4258 καί
1203 4207 1360 4278 μάλα.
1395 4212 1558 4268 Μόνος
1604 4211 1704 4281 γὰρ
1745 4228 1834 4259 κυ-

211 4302 344 4367 ρίως
403 4295 601 4366 ἀγαθὸς
644 4296 669 4346 6
722 4301 868 4357 Θεὸς.
907 4303 1072 4348 Τοῦτο
1130 4293 1188 4348 δὲ
1241 4297 1413 4365 εἰπὼν,
1465 4304 1523 4348 οῦ
1574 4301 1688 4357 τούς
1753 4296 1837 4348 ἁν-

218 4387 473 4455 Θρὼπους
526 4383 847 4458 ἀπεστέρησε
899 4393 989 4445 τῆς
1039 4384 1383 4455 ἁγαοότητος,
1430 4385 1556 4437 ἀλλὰ
1585 4392 1701 4462 περὶ
1744 4395 1840 4446 τῆς

217 4480 425 4543 κυρίως
481 4472 808 4542 ἀγαθότητος
862 4470 1121 4536 ἐδίδαξεν·
1174 4476 1284 4545 οἶμα
1335 4472 1394 4526 δὲ
1443 4481 1531 4527 καὶ
1568 4481 1661 4532 τὴν
1691 4475 1840 4527 κολα-

1923 1967 1994 2008 ac
2025 1952 2259 2008 malitia
2284 1957 2442 2008 caret
2472 1970 2489 2022 ;
2526 1957 2584 2008 et
2616 1952 2784 2024 ponit
2821 1967 3000 2025 super
3037 1968 3176 2008 eum
3209 1968 3426 2009 manus
3465 1953 3589 2009 sive

1922 2040 2318 2097 excubantem
2349 2056 2524 2096 suam
2554 2042 2853 2106 virtutem,
2885 2057 2958 2098 ac
2986 2040 3300 2108 benedicit,
3333 2055 3594 2114 eumque.

1922 2128 2269 2186 sanctificat.

2101 2256 2253 2313 CAP.
2285 2255 2416 2311 XLI.
2445 2256 2531 2311 De
2557 2255 2734 2312 divite
2755 2254 3168 2328 interrogante
3193 2256 3408 2314 Iesum.

1997 2468 2156 2523 Vers.
2195 2471 2276 2523 16.
2310 2468 2388 2522 Et
2419 2498 2487 2506 —
2526 2473 2809 2524 aeternam
2838 2466 3221 2540 ?Principem
3249 2467 3398 2526 dixit
3426 2469 3589 2525 hunc

1926 2557 2110 2611 Lucas
2143 2558 2212 2622 ⁸ο,
2240 2556 2510 2611 videlicet
2535 2556 2907 2612 Judmorum.
2940 2559 3065 2612 Non
3096 2563 3222 2613 erat
3251 2562 3453 2613 autem
3493 2557 3591 2614 hic

1928 2645 2272 2700 adolescens
2313 2645 2564 2700 dolosus
2599 2649 2704 2701 aut
2739 2644 2938 2712 ﬁctus,
2982 2649 3048 2701 ut
3085 2645 3253 2701 aiunt
3283 2646 3536 2718 quidam
3569 2663 3584 2714 ;

1927 2749 2122 2806 neque
2161 2734 2319 2788 enim
2361 2734 2608 2789 intuitus
2653 2731 2822 2789 illum
2859 2736 3029 2789 Jesus
3073 2733 3380 2790 dilexisset
3422 2750 3584 2800 eum,

1927 2821 2086 2894 quod
2113 2822 2262 2878 dixit
2293 2825 2520 2878 Marcus
2550 2825 2617 2888 ⁸⁸,
2648 2823 2753 2878 sed
2783 2824 2844 2878 in
2877 2823 3097 2879 caeteris
3122 2824 3369 2896 quidem
3400 2823 3590 2880 bonus

1929 2917 2074 2979 erat,
2107 2911 2360 2984 vitaeque
2389 2911 2646 2984 cupidus
2676 2915 2908 2967 aeterna
2937 2929 2950 2970 :
2987 2911 3094 2968 sed
3124 2912 3387 2970 avaritias
3419 2914 3594 2986 spina

1927 3001 2150 3073 pingue
2182 3001 2402 3056 animm
2432 3016 2640 3056 arvum
2671 3001 3030 3073 perdiderat.

2000 3108 2160 3163 Vers.
2201 3114 2282 3162 t7.
2314 3109 2440 3177 [pse
2470 3137 2537 3148 —
2568 3107 2741 3163 Deus.
2774 3107 2980 3162 Nullus
3012 3123 3209 3181 neque
3243 3124 3593 3182 corporeus,

1857 3216 1898 3274 ρ
1931 3213 2126 3269 neque
2177 3198 2564 3267 incorporeus
2603 3197 2840 3269 proprie
2878 3195 3077 3251 bonus
3115 3201 3222 3263 est,
3269 3197 3384 3252 nisi
3435 3198 3597 3254 solus

1935 3291 2111 3354 Deus,
2155 3288 2293 3357 quia
2331 3289 2445 3340 Deo
2487 3288 2824 3341 secundum
2862 3290 3143 3340 naturam
3189 3288 3463 3342 convenit
3492 3287 3598 3342 bo-

1932 3376 2107 3438 nitas,
2157 3375 2409 3445 ideoque
2448 3373 2663 3428 mutari
2706 3389 2827 3428 non
2859 3378 3093 3445 potest:
3129 3375 3355 3429 caeteris
3395 3380 3599 3432 autem

1933 3463 2216 3520 omnibus
2256 3461 2588 3516 visibilibus
2619 3466 2676 3517 et
2705 3461 3103 3517 invisibilibus
3135 3462 3465 3517 secundum
3497 3478 3600 3519 vo-

1937 3553 2252 3620 luntatem,
2301 3558 2359 3608 et
2396 3551 2531 3606 ideo
2584 3549 2890 3606 mutabilis
2929 3553 3038 3606 est.
3100 3551 3250 3616 Quia
3303 3567 3446 3622 ergo
3503 3551 3600 3608 hic

1936 3643 2233 3699 Christum
2294 3641 2601 3697 hominem
2666 3646 2898 3697 tantum
2964 3655 3090 3698 esse
3161 3640 3598 3713 suspicabatur,

1936 3733 2288 3804 bonumque
2309 3730 2566 3787 vocabat
2590 3746 2750 3798 eum,
2778 3746 2900 3786 non
2930 3735 3220 3803 tanquam
3249 3731 3458 3796 Deum,
3497 3733 3604 3788 sed

1938 3828 2229 3894 tanquam
2256 3819 2584 3885 hominem,
2614 3826 2668 3876 et
2692 3835 2884 3875 unum
2909 3820 3259 3893 quempiam
3283 3825 3608 3894 praecepto-

1937 3927 2072 3966 rum
2117 3910 2280 3981 apud
2323 3909 2641 3965 Hebraeos:
2687 3909 2766 3965 ad
2809 3909 3159 3980 hujusmodi
3199 3910 3607 3982 suspicionem

1938 4000 2068 4071 ejus
2101 4015 2260 4054 nunc
2289 4000 2470 4054 etiam
2499 3999 2626 4070 ipse
2651 3999 2825 4070 quasi
2854 3998 3038 4054 homo
3067 4015 3206 4054 cum
3241 4015 3311 4055 eo
3345 3999 3604 4068 disserit,

1940 4089 2146 4144 dicens
2188 4103 2200 4141 :
2258 4089 2408 4152 Quid
2449 4103 2544 4141 me
2597 4088 2744 4142 dicis
2783 4086 3035 4151 bonum,
3073 4089 3178 4158 qui
3231 4087 3415 4143 homo
3473 4103 3610 4142 sum

1936 4178 2108 4248 juxta
2133 4181 2297 4230 tuam
2317 4175 2719 4246 suspicionem
2738 4175 2765 4228 ?
2788 4174 2936 4229 Nam
2955 4179 3246 4245 tanquam
3284 4177 3466 4230 homo
3485 4190 3609 4229 non

1945 4282 2077 4320 sum
2111 4266 2326 4329 bonus,
2362 4269 2651 4334 tanquam
2687 4266 2836 4317 Deus
2867 4269 3086 4324 autem,
3123 4262 3300 4316 etiam
3348 4264 3610 4316 maxime

1946 4355 2142 4409 bonus
2166 4368 2332 4416 sum;
2363 4351 2528 4405 solus
2554 4366 2816 4422 namque
2845 4351 2996 4405 Deus
3023 4350 3260 4421 proprie
3286 4349 3483 4404 bonus
3498 4353 3607 4404 est.

1952 4443 2070 4498 Hoc
2110 4447 2308 4496 autem
2359 4439 2504 4494 dixit
2550 4455 2671 4494 non
2712 4439 2987 4493 homines
3029 4438 3272 4509 privans
3321 4437 3609 4519 bonitate,

218 4568 372 4613 κείαν
426 4561 699 4625 ἀπώσατο,
739 4569 829 4614 καὶ
876 4561 1176 4625 ἐπαίδευσε,
1233 4569 1305 4637 μὴ
1363 4567 1820 4637 συγκατατίθεσθαι

1951 4531 2057 4588 sed
2079 4531 2153 4586 de
2179 4545 2250 4584 ea
2264 4545 2400 4601 quin
2424 4529 2656 4600 proprie
2678 4528 2914 4584 bonitas
2937 4531 3027 4582 est
3047 4527 3286 4593 docuit;
3312 4527 3614 4598 simulque

2011 4621 2021 4637 ε
2072 4619 2085 4637 ι
2392 4617 2601 4637 μμ...
2676 4623 2721 4637 -.
2762 4617 3030 4637 ι-,.,,,,,;.
3070 4631 3178 4637 _-_
3220 4631 3289 4637 μ
3332 4616 3613 4637 .--μημ-

224 4658 337 4711 τοῖς
367 4651 622 4713 ἐπαίνοις.

308 4827 496 4902 [Φύσει
530 4829 643 4902 (9⁸5)
695 4832 786 4904 μὶν
835 4829 1051 4902 ἁγαθός,
1083 4835 1237 4905 μόνος
1276 4833 1302 4884 6
1351 4836 1498 4896 Θεόςο
1553 4837 1732 4908 γνώμη
1787 4831 1846 4887 δὲ

235 4915 463 4989 ἀγαθός,
496 4924 652 4992 μόνος
689 4920 715 4971 6
745 4921 1098 4993 θεομίμητος.]

307 5100 370 5149 Εἰ
402 5127 472 5139 -
505 5102 695 5166 ποίαςς
729 5098 870 5171 Ούχ,
904 5102 971 5160 ὡς
1009 5101 1286 5174 πειράζων,
1333 5098 1457 5169 εἷπε,
1513 5107 1687 5164 ποίας·
1738 5101 1843 5154 ἀλλ’

223 5183 466 5258 ἐνόμισε,
527 5190 670 5262 παρὰ
730 5190 824 5249 τὰς
870 5192 1088 5261 νομικὰς
1135 5188 1310 5266 ἐτέρας
1359 5188 1487 5244 εἶναι
1529 5211 1693 5257 τινας,
1753 5194 1846 5255 τὰς

220 5273 559 5346 εἰσαγούσας
585 5275 652 5337 εἰς
687 5281 783 5336 τὴν
818 5280 1064 5336 τοιαύτην
1099 5278 1264 5339 ζωήν,

1953 4619 2355 4679 adulationem
2392 4617 2624 4690 repulit,
2668 4623 2726 4674 et
2762 4617 3033 4672 instruxit
3070 4631 3180 4672 nos
3219 4631 3294 4672 ne
3331 4616 3615 4672 laudibus

1955 4711 2375 4768 assentiamur.

2024 4820 2112 4890 -Η-
2154 4819 2370 4873 Natura
2417 4813 2660 4886 quidem
2706 4813 2902 4869 bonus
2952 4813 3114 4870 solus
3163 4813 3338 4880 Deus,
3395 4813 3616 4869 mentis

1952 4923 2096 4964 vero
2143 4903 2616 4962 conformatione
2670 4903 2891 4973 bonus,
2946 4902 3110 4959 solus
3162 4902 3214 4958 is
3269 4903 3374 4975 qui
3431 4905 3618 4958 Deum

1955 4996 2241 5052 imitatur.

2026 5107 2188 5159 Vers.
2233 5103 2318 5157 17.
2363 5101 2532 5169 Quod
2567 5102 2618 5157 si
2655 5132 2722 5140 —
2761 5101 2919 5154 Vers.
2960 5101 3054 5157 18.
3095 5114 3227 5171 qum
3265 5099 3295 5156 ?
3331 5101 3458 5155 Non
3499 5101 3622 5154 ten-

1955 5194 2138 5251 tando
2168 5191 2336 5260 dixit,
2370 5207 2498 5262 quae
2527 5192 2555 5247 ?
2581 5189 2679 5246 sed
2724 5189 2968 5261 putabat
3003 5192 3218 5261 praeter
3245 5187 3462 5258 legalia
3491 5201 3622 5243 esse

1956 5285 2094 5353 alia,
2125 5299 2262 5357 quae
2292 5281 2372 5339 ad
2403 5281 2583 5338 talem
2615 5280 2960 5337 inducerent
2985 5277 3195 5335 vitam.

305 5402 355 5436 ³⁸
384 5401 563 5467 Marc,
594 5403 675 5458 14.
708 5403 754 5438 ³⁸
784 5401 930 5458 ibid.
955 5403 1044 5459 16.
1073 5403 1120 5439 ⁸ο
1147 5403 1282 5461 Luc.
1308 5421 1468 5473 xvm,
1504 5407 1589 5463 18.
1625 5409 1667 5445 δι
1695 5412 1847 5468 Marc
1877 5429 1934 5484 x,
1963 5416 2057 5470 21.

1470 5532 1694 5602 Variae
1721 5535 2050 5606 lectiones
2076 5543 2143 5603 et
2173 5543 2376 5601 notae.

314 5669 437 5743 (94)
468 5675 572 5726 Καί
596 5671 946 5728 addendum
975 5673 1174 5730 credo.

551 5769 790 5828 PATROL.
832 5770 938 5828 Gn.
977 5771 1217 5828 CXXIX.

2033 5679 2147 5752 (95)
2189 5678 2324 5733 Haec
2359 5674 2423 5732 in
2462 5689 2652 5745 marg.
2702 5675 2764 5730 Β.
2809 5673 3130 5731 Hentenius
3171 5687 3295 5728 non
3334 5669 3626 5739 agnoscit.

3205 5771 3275 5824 17
