4176 6438
628 379 736 435 523

628 593 1056 664 Principaliora
1103 600 1398 666 praecepta
1447 592 1663 662 legalia
1703 588 2136 663 dispensatorie
2176 585 2288 657 ipsi

627 682 868 755 profert,
909 681 1087 737 simul
1151 698 1221 737 ea
1270 681 1598 748 honorans,
1661 685 1828 745 etut,
1873 679 2003 751 ipso
2043 690 2289 746 respon—

625 773 804 827 dente
835 790 846 820 :
878 773 1012 827 Haec
1038 773 1243 826 omnia
1277 787 1450 842 opere
1482 770 1780 841 complevi
1809 786 1823 834 ;
1853 783 1992 823 nam
2026 765 2087 820 id
2111 764 2290 833 signi-

625 860 764 917 ﬁcat
789 860 1086 916 Custodivi
1111 866 1167 915 et
1189 861 1261 916 ab
1285 859 1554 930 infantia
1578 875 1592 924 ;
1619 859 1843 914 sciebat
1864 857 2024 913 enim
2045 860 2103 911 et
2121 854 2288 926 quod

625 965 804 1022 opere
827 949 1263 1021 complevisset,
1291 955 1344 1003 et
1370 948 1534 1020 quod
1560 948 1641 1003 ita
1671 961 2066 1018 responsurus
2095 947 2283 1007 esset;

627 1039 995 1094 auditoribus
1026 1038 1506 1094 manifestaretur
1547 1035 1921 1093 conversatio
1969 1033 2124 1090 illius
2170 1031 2284 1086 vir-

626 1127 733 1182 tuti
773 1133 1179 1183 consentanea
1212 1143 1224 1182 :
1267 1126 1484 1182 deinde
1522 1126 1762 1182 tandem
1803 1124 2036 1197 prolato
2074 1122 2125 1178 ei
2168 1136 2288 1176 uno

625 1215 970 1286 evangelica
1000 1219 1316 1287 praecepto,
1354 1214 1489 1270 dico
1523 1230 1669 1269 sane
1714 1212 2056 1268 divitiarum
2097 1210 2288 1280 abjec-

623 1303 808 1369 tione,
835 1302 1068 1359 facilius
1093 1303 1472 1358 convinceret
1499 1317 1641 1357 eum
1669 1317 1799 1357 esse
1825 1314 2098 1363 avarum,
2120 1302 2177 1353 et
2206 1298 2286 1353 ita

622 1392 786 1448 bona
815 1392 1128 1448 occasione
1153 1391 1588 1448 demonstraret
1624 1390 1938 1446 manifeste
1969 1387 2283 1443 avaritiam

624 1497 1006 1552 corrumpere
1048 1496 1290 1536 omnem
1331 1480 1630 1543 virtutem,
1664 1484 1722 1534 et
1754 1481 1835 1534 ita
1874 1477 2284 1533 demonstrato

621 1570 880 1626 dramno
909 1571 1157 1626 devitari
1189 1573 1394 1642 posset
1420 1568 1520 1640 huj
1534 1567 1770 1624 usmodi
1798 1566 2067 1623 affectus.

691 1824 882 1888 Quare
931 1826 1132 1878 autem
1171 1836 1295 1877 non
1326 1818 1570 1892 protulit
1601 1818 1687 1874 illi
1718 1819 1981 1890 primum
2011 1822 2068 1873 et
2098 1813 2284 1872 maxi-
2318 1841 2361 1897 Β

618 1928 788 1969 mum
838 1918 1224 1984 prteceptum,
1273 1915 1440 1985 puta,
1487 1910 1700 1980 Diliges
1751 1912 2051 1966 Dominum
2090 1908 2283 1964 Deum

619 2007 787 2057 tuum
802 1999 830 2055 ‘t‘
846 2003 890 2066 Ο
901 2001 995 2057 uia
1007 2001 1124 2058 alia
1143 2002 1323 2073 hujus
1339 2002 1502 2059 bona
1519 2017 1699 2074 opera
1711 2003 1945 2057 occulta
1958 2003 2125 2055 erant
2141 2012 2152 2051 :
2171 1998 2284 2068 pie-

618 2094 708 2146 tas
736 2106 878 2147 vero
906 2091 1089 2163 hujus
1114 2091 1194 2148 ad
1225 2094 1410 2149 Deum
1439 2093 1724 2149 omnibus
1750 2096 1894 2147 nota
1921 2093 2066 2146 erat.

688 2306 994 2362 Dubitabit
1019 2312 1220 2363 autem
1245 2307 1480 2379 aliquis,
1515 2311 1713 2362 utrum
1741 2302 2047 2376 proposita
2065 2298 2280 2369 legalia

612 2402 915 2471 praecepta
958 2397 1271 2452 concilient
1312 2398 1492 2452 vitam
1539 2402 1825 2451 aeternam
1854 2394 1882 2448 Ἰ
1927 2391 2030 2446 Cui
2081 2390 2277 2445 dicere

611 2501 960 2558 possumus,
993 2484 1157 2558 quod
1199 2483 1516 2540 conciliant
1554 2483 1822 2556 quidem,
1856 2486 1915 2536 at
1944 2495 2063 2535 non
2097 2478 2273 2534 talem

611 2575 851 2647 qualem
894 2573 1261 2642 evangelica.
1305 2576 1453 2628 Nam
1494 2573 1613 2627 vita
1653 2579 1875 2625 (eterna
1925 2567 2275 2640 accipienda

611 2668 698 2717 est
729 2661 927 2716 fruitio
957 2678 1094 2733 qua:
1127 2665 1216 2716 est
1249 2661 1310 2716 in
1347 2659 1530 2723 caelis,
1562 2675 1696 2732 qua:
1730 2657 1895 2714 varia
1923 2664 2011 2713 est
2041 2661 2096 2712 et
2125 2655 2275 2711 mul-

612 2749 838 2819 tiplex;
883 2749 1082 2804 multae
1123 2747 1275 2803 enim
1308 2747 1474 2820 apud
1515 2748 1708 2803 solum
1739 2747 1922 2802 Deum
1965 2744 2273 2801 fruitiones

612 2843 775 2893 sunt.

678 2927 938 2982 Rursum
977 2925 1277 2983 dubitabit
1315 2924 1549 2999 aliquis,
1597 2932 1797 2983 utrum
1854 2941 1987 2982 vere
2039 2923 2278 2982 dicebat

610 3015 962 3072 adolescens
981 3016 1009 3070 Ἰ
1037 3016 1342 3089 Siquidem
1370 3033 1507 3072 cum
1532 3015 1750 3072 multas
1772 3015 2016 3071 haberet
2042 3032 2277 3088 posses-

615 3103 835 3170 siones,
879 3105 1186 3177 quomodo
1226 3105 1509 3175 diligebat
1547 3104 1886 3178 proximum
1928 3104 2076 3161 sicut
2126 3105 2278 3177 seip-

610 3209 748 3250 sum
777 3195 805 3250 ?
839 3196 1038 3249 Utrum
1081 3194 1238 3249 enim
1273 3193 1577 3250 dividebat
1609 3195 1718 3249 has
1747 3210 1965 3266 parum
1998 3198 2101 3250 aut
2130 3191 2277 3249 nihil
2307 3189 2347 3246 Ο
2385 3215 2445 3268 ἂν

605 3283 962 3340 habentibus
988 3283 1016 3338 ‘I
1063 3283 1215 3350 Quid
1249 3300 1387 3355 ergo
1427 3283 1750 3340 dicendum
1781 3291 1868 3338 est
1893 3283 1920 3338 Τ
1959 3283 2129 3350 Quod
2160 3283 2274 3339 hoc

605 3389 843 3446 quoque
873 3381 1240 3446 przeceptum
1271 3373 1693 3447 compleverat,
1737 3381 2036 3446 quatenus
2075 3374 2271 3445 ipsum

605 3464 889 3536 compleri
937 3470 1074 3519 tunc
1108 3464 1468 3535 permissum
1502 3469 1645 3520 erat.
1685 3462 1970 3532 Diligebat
2011 3479 2270 3535 namque

603 3553 946 3624 proximum
1004 3553 1155 3606 sicut
1211 3553 1501 3623 seipsum,
1557 3552 1661 3605 sed
1710 3551 1881 3622 quasi
1938 3550 2167 3606 nullum
2216 3547 2270 3605 ei

603 3641 910 3695 inferendo
947 3646 1388 3703 nocumentum,
1421 3655 1540 3693 non
1572 3640 1744 3710 quasi
1776 3638 2102 3694 dividendo
2134 3656 2270 3694 suas

605 3744 741 3782 cum
767 3744 837 3781 eo
859 3727 1289 3798 possessiones.
1324 3730 1470 3782 Nam
1495 3726 1548 3780 id
1575 3726 1876 3782 excelsum
1902 3734 1986 3783 est
2012 3733 2067 3784 et
2090 3744 2272 3800 supra

604 3815 922 3870 Iudaicam
947 3815 1008 3869 in
1038 3815 1288 3870 humum
1319 3815 1778 3887 depressionem.

674 3959 718 4028 σι-
757 3959 894 4023 Quae
959 3974 1030 4014 eo
1079 3963 1342 4029 tempore
1382 3960 1632 4015 maxime
1696 3964 1864 4016 erant
1911 3963 2265 4020 necessaria.

606 4049 861 4104 Caeterea
889 4047 1135 4119 quidem
1157 4048 1217 4104 in
1240 4064 1360 4104 una
1384 4050 1567 4104 Exodi
1595 4054 1760 4122 parte
1782 4056 1999 4109 statuta
2020 4059 2159 4109 sunt.
2197 4055 2266 4113 ⁴².

603 4136 754 4193 Illud
810 4142 1056 4194 autem:
1118 4137 1328 4212 Diliges
1381 4142 1723 4208 proximum
1787 4148 1954 4199 tuum
2010 4143 2157 4200 sicut
2215 4151 2268 4202 te

602 4227 814 4297 ipsum,
847 4227 908 4283 in
939 4228 1058 4285 alia
1092 4244 1105 4294 ;
1160 4232 1216 4284 et
1260 4229 1576 4285 manifeste
1610 4230 1690 4286 ita
1719 4230 1976 4288 habetur
2019 4233 2079 4288 in
2113 4235 2268 4290 Levi-

603 4316 717 4373 tico
747 4319 818 4371 ⁴³.
845 4317 1184 4390 Assumpsit
1211 4321 1413 4374 autem
1445 4323 1500 4375 et
1528 4319 1644 4375 hoc
1686 4326 1968 4394 tanquam
2002 4324 2266 4379 maxime

601 4411 1029 4464 necessarium.

675 4497 838 4550 Vers.
882 4496 970 4551 20.
1014 4497 1170 4563 Quid
1205 4497 1394 4553 adhuc
1433 4498 1582 4554 mihi
1620 4500 1777 4555 deest
1809 4502 1838 4555 ?
1871 4500 2024 4568 Quid
2065 4501 2264 4559 adhuc

2442 4511 2506 4560 Τί
2565 4510 2640 4559 ἔτι
2699 4507 2948 4580 {iunpo};
2995 4511 3058 4559 Ti
3122 4506 3412 4578 λείπομαι;

601 4585 819 4640 habere
854 4602 949 4640 me
988 4593 1216 4657 oportet
1245 4604 1361 4659 quo
1402 4604 1574 4644 careo
1604 4590 1632 4645 ?
1662 4589 1782 4644 Hoc
1825 4596 2024 4644 autem
2061 4591 2263 4648 dicens

603 4673 1028 4732 manifestabat
1057 4676 1218 4749 quod
1253 4678 1539 4749 majorem
1581 4678 1962 4734 desiderabat
1986 4681 2252 4740 vitutem.

600 4764 738 4820 Ideo
781 4781 1042 4838 quoque,
1088 4771 1149 4823 ut
1191 4769 1272 4823 ait
1315 4770 1559 4834 Marcus,
1602 4768 1852 4823 intuitus
1891 4768 2066 4828 illum
2097 4773 2261 4828 Jesus

599 4853 809 4913 dilexit
845 4872 968 4912 eum
997 4861 1048 4914 et
1086 4856 1237 4914 dixit
1281 4857 1374 4914 ei:
1415 4858 1610 4914 Unum
1653 4857 1754 4914 tibi
1791 4858 1937 4916 deest
1977 4862 2045 4918 “.
2081 4863 2264 4920 Lucas

673 5037 720 5071 "
747 5036 917 5096 Exod
939 5052 1039 5103 xx,
1074 5037 1162 5094 12.
1193 5037 1236 5072 ⁸³
1266 5037 1446 5094 Levit.
1475 5049 1602 5102 nx,
1634 5038 1722 5094 18.
1752 5039 1800 5075 “
1833 5042 2004 5098 Marc.
2038 5058 2096 5106 ι,
2126 5046 2218 5100 2t.

1977 365 2325 428 EUTHYMI!
2362 361 2687 426 ZIGABENI

700 503 866 560 Vers.
904 507 987 559 l8.
1019 503 1185 560 Iesus
1208 509 1400 560 autem
1427 535 1497 544 ——
1520 502 1683 559 Vers.
1711 505 1801 559 20.
1835 499 2096 570 infantia
2122 511 2278 553 mea.
2319 494 2364 549 A

3901 366 3999 428 52L

2466 496 2526 548 Ὀ
2569 494 2629 550 δὲ
2685 499 2898 560 Ἰησοῦς
2941 529 3007 538 -
3057 501 3296 560 νεότητός
3352 517 3474 570 μου.
3547 501 3655 560 Τὰς
3722 497 3997 571 κεφαλαιω-

2400 583 2435 639 δ
2438 592 2644 661 εστέρας

2398 675 2756 746 οἰκονομικῶς,
2810 677 2918 748 οἶμα
2981 680 3070 747 μὲν
3145 684 3307 748 τιμῶν
3365 677 3529 738 αὐτὰς
3593 676 3704 748 οἶμα
3762 673 3823 728 δε
3892 682 3993 742 καὶ,

2734 587 2872 657 αὐτῷ
2956 592 3210 660 προτείνει
3297 596 3396 638 τῶν
3469 597 3692 658 νομικῶν
3791 587 3994 640 ἐντολῶν

2397 767 2481 816 ἵνα
2528 767 2758 826 εἰπόντος
2808 766 2988 830 αὐτοῦ,
3043 768 3122 817 ὅτι
3193 767 3527 839 Κατωρθωσα
3578 770 3775 827 ταύτας
3827 766 3992 840 [τοῦτο

2394 855 2493 924 γὰρ
2549 851 2703 911 δηλοῖ
2767 859 2844 920 τὸ,
2897 854 3280 926 Ἐφυλαξάμην,
3333 860 3422 906 καὶ
3493 857 3573 906 ὃτι
3626 853 3681 906 ἐκ
3736 860 3988 916 νεότητος·

2395 940 2642 1012 ἐγίνωσκε
2704 945 2825 1016 γὰρ,
2883 949 2972 995 καὶ
3029 945 3108 995 ὅτι
3182 943 3316 995 οὕτω
3387 945 3697 1018 κατώρθωκε
3775 944 3987 1018 ταύτας]

2394 1035 2484 1082 καὶ
2537 1032 2616 1083 ὅτι
2673 1033 2832 1093 οὕτως
2884 1030 3318 1107 ἀποκριθήσεται,
3389 1035 3656 1107 γνωρισθῇ
3735 1033 3856 1104 (96)

2394 1128 2505 1182 τοῖς
2562 1119 2905 1195 ἀκροωμένοις
2966 1123 2995 1180 ἠ
3058 1121 3326 1196 φιλάρετος
3370 1121 3534 1174 αὐτοῦ
3581 1121 3834 1176 πολιτεία·
3889 1131 3993 1176 εἶτα

2394 1209 2591 1277 λοιπὸν,
2677 1215 2801 1283 μίαν
2881 1211 3022 1282 αὐτῷ
3118 1216 3388 1284 προτείνας
3481 1220 3581 1264 τῶν
3656 1212 3991 1284 εὐαγγελικῶν

2396 1295 2624 1363 ἐντολῶν,
2707 1306 2838 1372 φημὶ
2913 1299 3004 1366 δὴ,
3077 1305 3172 1358 τήν
3232 1301 3523 1358 ἀπόκτησιν
3574 1309 3667 1353 τοῦ
3747 1301 3986 1368 πλούτου,

2392 1387 2515 1459 ῥᾷον
2569 1389 2686 1458 (97)
2737 1388 2912 1462 ἐλέγξῃ
3003 1390 3341 1462 φιλάργυρον,
3400 1395 3490 1442 καὶ
3562 1392 3720 1451 οὕτως
3785 1392 3991 1466 031909-

2393 1495 2498 1546 μως
2539 1482 2628 1528 καὶ
2680 1477 2900 1548 ἐναργῶς
2968 1475 3219 1551 ὑποδείξῃ
3278 1483 3372 1537 τήν
3429 1479 3772 1553 φιλαργυρίαν
3834 1484 3990 1540 πείσας

2393 1564 2767 1638 λυμαινομένην
2816 1571 2904 1627 τὰς
2961 1567 3162 1640 ἀρετὰς,
3218 1574 3309 1620 καὶ
3357 1567 3558 1637 λοιπὸν,
3607 1575 3858 1642 φανείσης
3904 1581 3988 1632 τῆς

2393 1653 2616 1707 ἐντεῦθεν
2674 1657 2889 1728 ζημίας,
2946 1661 3162 1728 φευκτὸν
3208 1662 3420 1729 γένηται
3473 1660 3585 1729 (98)
3638 1663 3698 1712 τὸ
3764 1669 3983 1714 τοιοῦτον

2393 1746 2578 1806 πάθος.

2471 1863 2568 1913 Καὶ
2615 1858 2761 1914 διατί
2816 1865 2886 1936 μή
2949 1867 3230 1938 προέτεινεν
3281 1862 3421 1934 αὐτῴ
3479 1869 3569 1918 καὶ
3636 1870 3733 1925 τὴν
3789 1873 3967 1940 πρώτην

2394 1953 2482 2001 καὶ
2555 1951 2782 2022 μεγάλην
2863 1951 3088 2021 ἐντολὴν,
3144 1954 3202 2004 τὸ
3257 1953 3581 2025 ’Δγαπήσεις
3667 1958 3856 2031 Κύριον
3901 1958 3973 2007 τὸν

2393 2043 2513 2091 Θεὸν
2573 2059 2666 2092 σου
2705 2045 2885 2107 ;Διότι
2944 2043 3010 2094 τὰ
3065 2043 3157 2115 μεν
3212 2041 3340 2093 ἄλλα
3394 2045 3580 2096 τούτου
3611 2047 3981 2118 κατορθώματα

2391 2134 2716 2202 κεκρυμμένα
2763 2127 2914 2187 ἦσαν·
2972 2129 3002 2188 ἡ
3065 2127 3328 2183 θεοσέϐεια
3382 2128 3441 2185 δε
3491 2132 3651 2186 αὐτοῦ
3709 2142 3816 2195 τοῖς
3859 2139 3982 2187 πᾶσι

2389 2222 2643 2291 ’γνώριμος
2661 2220 2958 2290 ἐτύγχανεν.

2464 2306 2770 2381 ’Λπορήσειε
2816 2304 2866 2360 δ’
2917 2306 2978 2359 ἃν
3028 2327 3131 2372 τις,
3182 2308 3226 2360 εἰ
3278 2311 3333 2360 αἱ
3385 2313 3729 2384 προταθεῖσαι
3779 2315 3982 2382 νομικαὶ

2388 2394 2583 2448 ἐντολαὶ
2640 2396 2939 2468 προεξένουν
2998 2398 3132 2457 ζωὴν
3208 2398 3412 2450 αἰώνιον
3473 2415 3486 2465 ;
3571 2403 3702 2473 Πρὸς
3767 2401 3818 2450 ὃν
3905 2401 3980 2450 εἶ-

2385 2503 2537 2556 ποιμι
2603 2487 2684 2551 ἄν,
2755 2487 2835 2538 ὅτε
2898 2487 3195 2560 προεξένουν
3270 2491 3379 2559 μεν,
3434 2487 3538 2537 ἀλλ’
3592 2486 3649 2537 οὐ
3711 2487 3969 2550 τοιαύτην,

2385 2577 2496 2626 οἷαν
2565 2575 2619 2628 αί
2694 2575 3044 2648 εὖαγγελικαί.
3103 2579 3252 2634 Ζωην
3325 2580 3420 2651 γὰρ
3477 2575 3677 2628 αἰώνιον
3748 2577 3839 2632 τὴν
3920 2571 3968 2625 ἐν

2384 2663 2621 2736 οὐρανοῖς
2674 2663 2966 2718 ἀπόλαυσιν
3035 2666 3374 2732 ὑποληπτέον,
3428 2667 3541 2728 ἣτις
3597 2663 3801 2720 ποικίλη
3885 2667 3977 2716 καὶ

2383 2750 2666 2815 πολυειδὴς
2711 2753 2842 2809 ἐστί.
2916 2754 3108 2808 natm
3183 2758 3280 2830 γὰρ
3339 2760 3494 2828 μοναὶ
3554 2754 3666 2826 (99)
3712 2756 3853 2828 ποιροὶ
3905 2761 3976 2824 τῷ

2385 2850 2519 2912 Θεῷ.

2456 2947 2805 3023 Ἐπαπορήσει
2861 2945 2921 3004 δι
2976 2970 3075 3016 τις,
3153 2950 3198 3003 εἰ
3271 2949 3470 3012 ἀληθῶς
3516 2950 3679 3022 ἔλεγεν
3744 2951 3769 3002 ὁ
3825 2954 3980 3003 νεανί-

2389 3057 2551 3110 nec;
2603 3038 2779 3110 Ἐχων
2825 3042 2926 3114 γὰρ
2975 3046 3219 3112 κτήματα
3270 3040 3454 3112 πολλὰ,
3509 3042 3680 3103 καθὼς
3745 3036 3978 3100 δηλωθὴ-

2389 3146 2554 3195 σεται,
2606 3137 2711 3190 πῶς
2758 3129 2940 3201 ἠγάπα
2986 3131 3072 3183 τόν
3097 3129 3342 3198 πλησίον,
3370 3133 3437 3192 ὡς
3491 3130 3710 3196 ἐαυτόν;
3765 3128 3834 3183 Ἦ
3883 3132 3976 3205 γὰρ

2503 3217 2777 3292 ἐμερίσατο
2821 3227 2984 3272 ταῦτα
3051 3222 3180 3293 πρὸς
3255 3223 3376 3284 τοὺς
3433 3219 3605 3293 ὀλίγα,
3664 3219 3692 3279 ἣ
3756 3215 3981 3280 οὗδόλως

2384 3308 2598 3378 ἔχοντας
2632 3325 2646 3376 ;
2685 3313 2750 3360 Τί
2796 3304 2884 3360 οὖν
2937 3311 3076 3361 ἐστιν
3123 3310 3326 3376 rimis;
3364 3308 3482 3362 Ὀτι
3533 3310 3846 3385 κατώρθωσε
3892 3313 3981 3361 καὶ

2381 3399 2576 3455 ταύτην
2641 3400 2728 3454 τὴν
2800 3395 3024 3464 ἐντολὴν,
3077 3401 3144 3461 ὡς
3206 3397 3446 3474 ἐνεχώρει
3515 3404 3628 3452 τότε
3701 3401 3982 3473 κατορθοῦν

2383 3485 2562 3544 αὐτήν.
2629 3488 2841 3558 Ἢγάπα
2898 3491 2986 3559 μὲν
3061 3491 3162 3561 γὰρ
3228 3492 3314 3540 τὸν
3369 3488 3611 3554 πλησίον,
3675 3490 3745 3549 ὡς
3803 3489 3985 3542 ἐαυτὸν

2382 3573 2489 3625 ἀλλ’
2560 3577 2694 3628 ὥστε
2769 3573 2934 3648 μηδεν
2985 3575 3235 3650 βλαϐερὸν
3313 3578 3453 3645 αὐτῷ
3511 3574 3865 3640 ἐνδείξασθαι,
3928 3581 3987 3631 οὗ

2379 3669 2482 3736 μὴν
2514 3664 2646 3718 ὣστε
2677 3668 2764 3718 καί
2793 3667 3216 3742 συμμερίσασθαι
3248 3665 3385 3733 αὐτῷ
3432 3667 3518 3714 τὸν
3563 3659 3696 3714 ἴδιον
3732 3664 3982 3724 πλοῦτον.

2378 3760 2542 3807 Τοῦτο
2594 3757 2692 3826 γὰο
2749 3755 2971 3827 ὑψηλὸν,
3010 3760 3096 3806 καὶ
3135 3761 3224 3813 τῆς
3271 3748 3566 3814 Ἰουδαὶκῆς
3608 3752 3981 3824 χαμαιζηλίας

2381 3841 2646 3917 ἀνώτερον.

2453 3951 2568 4024 [Ὠν
2619 3953 2694 4024 (1)
2755 3951 2868 4024 εἶχε
2912 3957 3096 4029 χρείαν
3153 3952 3344 4026 μᾶλλον
3403 3952 3429 4004 ὁ
3489 3955 3605 4005 τότε
3655 3956 3865 4026 καιρός.
3923 3956 3988 4010 Ai

2377 4045 2466 4114 μεν
2517 4040 2603 4093 οὖν
2656 4041 2806 4094 οἷλλᾱι
2862 4043 2979 4094 καθ’
3033 4045 3080 4095 ἓν
3130 4047 3280 4119 μέρος
3326 4041 3374 4094 ἐν
3437 4049 3499 4108 τῇ
3565 4036 3727 4112 ἐξόδῳ
3781 4063 3988 4118 νενομο-

2381 4132 2639 4188 θέτηνται·
2717 4135 2774 4182 τὸ
2864 4127 2942 4200 δὲ,
3025 4131 3346 4204 Ἀγαπήσεις
3425 4135 3511 4183 τὸν
3583 4130 3812 4189 πλησίον
3893 4155 3988 4189 σου

2377 4222 2442 4281 ὡς
2508 4224 2740 4286 σεαυτὸν,
2802 4220 2920 4272 καθ’
2977 4223 3164 4295 ἕτερον,
3235 4227 3323 4275 καὶ
3399 4230 3623 4294 φανερῶς
3700 4222 3868 4285 οὓτως
3943 4225 3990 4278 ἐν

2375 4318 2446 4381 τῷ
2523 4317 2803 4382 Λευιτικῷ.
2884 4309 3146 4385 Παρέλαϐι
3369 4316 3457 4363 καὶ
3547 4317 3701 4364 τοῦτο
3753 4322 3869 4382 νυν,
3925 4318 3992 4378 ὡς

2373 4395 2842 4474 χρειωδέστατον.]

3471 4513 3638 4560 Τοῦτο
3699 4505 3760 4563 δὲ
3818 4512 3991 4582 ιίπὼν,

2373 4595 2618 4669 ἐνέφηνεν,
2673 4598 2752 4648 ὅτι
2801 4597 3033 4669 μείζονος
3077 4596 3273 4667 ἐφίεται
3331 4595 3545 4670 ἀρετῆς.
3609 4603 3708 4652 Διὸ
3761 4607 3876 4670 καὶ,
3928 4607 3995 4665 ὧς

2373 4707 2501 4760 φησι
2575 4688 2808 4759 Μάρκος,
2878 4685 2935 4738 Ὀ
3006 4685 3212 4746 Ἰησοῦς
3289 4685 3546 4757 ἐμϐλέψας

2372 4795 2537 4833 πησεν
2610 4775 2790 4839 αὐτόν,
2865 4780 2955 4828 καὶ
3023 4771 3159 4828 εἶπεν
3230 4773 3393 4844 αὐτῷ·
3444 4773 3530 4829 Ἓν
3595 4793 3692 4832 σοι.
3764 4783 3990 4858 ὑστερεῖ,

2379 4871 2583 4927 Λουκᾶς
2638 4861 2698 4918 δε
2747 4871 2900 4933 εἶπεν,
2947 4864 3028 4916 ὃτι
3072 4863 3166 4918 ’Ἑν
3227 4883 3312 4916 σοι.
3358 4863 3540 4918 λείπει.
3592 4864 3875 4946 Ἐνέϐλεψε
3903 4876 3992 4947 μεν

3624 4689 3780 4763 αὐτῷ
3866 4694 3995 4766 ἠγά-

1827 5244 2055 5314 Variaa
2085 5246 2417 5318 lectiones
2437 5258 2505 5318 et
2536 5259 2742 5318 notae.

690 5468 781 5522 96)
811 5464 1047 5520 lnclusa
1071 5463 1292 5520 absunt
1319 5464 1388 5521 Α.

690 5468 759 5522 96
811 5467 1047 5520 Inclusa
1071 5467 1292 5520 absunt
1319 5467 1388 5521 A.

666 5467 781 5607 (97)
810 5533 1100 5612 Impedita
1126 5541 1214 5612 est
1241 5536 1622 5612 constructio,
1653 5540 1820 5612 quod
1850 5541 2041 5599 multa
2067 5541 2254 5599 incul-

590 5611 926 5694 catansunt.‘
950 5609 1216 5694 Γνωρισθῇ
1250 5607 1473 5694 pendet
1498 5625 1569 5665 ex
1595 5607 1886 5683 superiori
1913 5615 2015 5670 ἵνα.

691 5680 782 5738 98)
806 5680 932 5728 Ἀπὸ
959 5685 1132 5731 κοινοῦ
1162 5682 1220 5732 τὸ
1249 5680 1356 5738 ἵνα.

691 5680 758 5734 98
805 5677 932 5728 Ἀπὸ
959 5677 1132 5731 κοινοῦ
1162 5677 1220 5732 το
1249 5677 1356 5738 ἵνα.
1671 5677 1690 5683 ’

665 5677 782 5821 (99)
807 5747 1061 5822 Respicit
1084 5752 1253 5810 Joan.
1283 5769 1377 5820 xv,
1410 5753 1462 5807 2.
1492 5753 1828 5811 Mansiones
1853 5754 2019 5812 haud
2047 5755 2251 5824 dubie,

2366 5487 2489 5530 non
2521 5469 2854 5541 fruitiones,
2896 5470 3087 5528 voluit
3117 5470 3378 5527 scribere
3409 5472 3764 5538 Hentenius.

2440 5543 2518 5617 (t)
2547 5541 2682 5617 Haec
2705 5543 2990 5617 leguntnr
3020 5543 3080 5599 in
3103 5542 3377 5617 margine
3399 5541 3697 5617 codicisB
3725 5553 3992 5614 referun-

2365 5609 2574 5697 turq'ue
2605 5615 2683 5697 ad
2722 5609 3088 5697 vocabulum
3123 5609 3658 5688 κεφαλαιωδιστέρας,

2365 5686 2666 5758 principio
2686 5686 2898 5744 scholii
2917 5686 3159 5758 legitur.

2437 5758 2519 5830 (2)
2549 5757 2630 5825 Δέ,
2661 5758 3014 5816 addendum
3047 5757 3305 5816 videtur.
