4176 6432
219 381 329 440 525

1191 381 1565 441 COMMENT.
1606 381 1674 437 IN
1717 377 2168 436 MATTHEUM.
2207 409 2274 420 -—-
2307 380 2470 438 CAP.
2512 381 2658 438 XIX.

3491 392 3602 452 536

221 513 326 585 γὰρ
352 507 496 580 αὐτῷ
524 510 733 581 ἥμερον·
760 509 1006 580 ἠγάπησε
1034 506 1094 562 δε
1120 509 1295 581 αὐτόν,
1332 513 1401 572 ὡς
1431 505 1639 584 σφόδρα
1664 525 1826 563 σωτη-

1944 507 2141 560 autem
2165 503 2314 562 dixit
2339 522 2355 562 :
2389 506 2578 564 Uuum
2598 505 2707 563 tibi
2721 507 2911 576 deﬁcit
2932 507 3002 566 4⁸.
3029 509 3282 567 intuitus
3296 511 3597 585 siquidem

224 606 342 676 ρίας
387 598 712 673 ὀρεγόμενον,
753 599 798 651 εἰ
826 604 915 652 καὶ
952 607 1014 671 τῇ
1044 596 1320 672 τυραννίδι
1359 608 1453 661 τῆς
1492 599 1832 672 φιλαργυρίας

228 684 536 746 ἐπεπέδητο.
557 693 620 741 Τί
643 685 703 741 δέ
727 686 841 740 ἐστι
867 691 925 741 τὸ
946 688 1118 741 λεῖπον
1148 705 1162 755 ;
1189 692 1259 742 Τὸ
1291 688 1647 748 ἀκολουθῆσαι
1669 687 1827 758 αὐτῷ.

231 785 332 832 Καὶ
351 779 527 832 οἶκουε.

297 955 434 1027 Ἔφη
502 984 572 993 -
627 949 898 1003 ἀκολούθει
970 968 1080 1021 μοι.
1139 949 1280 1004 Ἐπεὶ
1358 953 1422 1004 τὰ
1500 952 1828 1024 ὑπάρχοντα,

233 1049 515 1107 τουτέστιν,
579 1043 607 1093 ό
662 1040 896 1108 πλοῦτος,
969 1036 1218 1111 ἐμπόδιον
1285 1037 1418 1099 ἦσαν
1460 1049 1552 1093 τοῦ
1609 1039 1830 1094 ἀκολου-

239 1138 411 1201 θῆσαι,
443 1131 638 1185 κελεύει
680 1137 848 1182 ταῦτα
897 1127 1162 1196 πωλῆσαι,
1212 1135 1303 1184 καί⁸
1345 1128 1532 1183 δοῦναι
1572 1138 1829 1202 πτωχοῖς.

234 1229 388 1282 Φησὶν
433 1219 544 1287 οὖν,
598 1220 660 1272 Εἰ
712 1218 870 1280 θέλεις
903 1217 1088 1279 τέλειος
1143 1215 1291 1273 εἶναι.
1359 1225 1458 1274 Καὶ
1499 1223 1600 1293 γὰρ
1639 1221 1832 1281 ἀτελεῖς

233 1317 275 1368 οἱ
301 1317 394 1375 τὰς
449 1309 669 1384 νομικὰς
736 1310 1105 1380 κατορθοῦντες
1151 1308 1376 1375 ἐντολὰς,
1443 1309 1549 1364 imi
1603 1316 1693 1363 καὶ
1741 1311 1832 1363 αὗ·-

229 1425 304 1457 ται
384 1402 601 1464 ἀτελεῖς,
678 1396 774 1450 διὰ
841 1402 932 1456 τὴν
1014 1396 1280 1451 ἀσθένειαν
1365 1408 1464 1451 τῶν
1535 1397 1825 1454 Ἰουδαίων.

227 1494 384 1556 Ἐξεις
461 1488 524 1544 δε
606 1490 893 1562 θησαυρόν,
985 1484 1113 1556 εἶπε,
1193 1490 1655 1562 παραμυθούμενος
1734 1494 1830 1549 τὴν

230 1583 650 1656 φιλοχρηματίαν
753 1576 938 1642 αὐτοῦ,
1034 1581 1125 1629 καὶ
1214 1577 1668 1650 ἐπαγγελλόμενος,
1749 1582 1829 1633 ὅτι

233 1673 539 1745 θησαυρῖσει
604 1666 786 1722 πάλιν.
853 1671 951 1719 Καὶ
1010 1665 1070 1718 οὐ
1139 1673 1291 1719 τοῦτο
1331 1671 1503 1738 μόνον,
1564 1667 1690 1721 ἀλλὰ
1738 1675 1828 1722 καὶ

230 1768 469 1829 κρεῖττον·
546 1757 594 1811 ἐν
641 1757 844 1831 οὐρανῷ
895 1757 1018 1828 γάρ.
1077 1759 1360 1830 Θησαυρὸν
1417 1753 1477 1810 δε
1523 1755 1572 1809 ἕν
1628 1758 1828 1831 οὐρανῷ

1937 598 2026 649 est
2056 593 2221 650 illum
2276 601 2660 654 mansuetum
2695 613 2710 664 ;
2759 597 2961 654 dilexit
3007 603 3211 657 autem
3255 605 3598 678 cumquasi

1938 681 2318 740 vehementer
2356 684 2606 742 salutem
2637 690 3041 758 appetentem,
3083 704 3436 763 quanquam
3462 708 3598 751 ava-

1939 771 2085 828 ritia;
2101 773 2416 844 tyrannide
2432 775 2933 848 prmpediebatur.
2951 777 3104 844 Quid
3120 782 3418 852 estjautem
3429 783 3599 856 quod

1939 860 2136 918 deﬁcit
2170 862 2198 918 ?
2226 865 2294 920 Ut
2317 869 2603 936 sequatur
2626 880 2787 921 eum.
2811 865 2966 923 Audi
2995 882 3159 938 ergo.

2008 951 2169 1005 Vers.
2194 955 2284 1006 2t.
2315 953 2512 1008 Ait—
2541 969 2772 1026 sequere
2815 970 2925 1012 me.
2979 957 3131 1022 Quia
3183 973 3257 1016 ea
3307 976 3443 1032 quas
3491 961 3598 1019 ha-

1937 1037 2138 1103 bebat,
2169 1040 2231 1096 id
2281 1045 2388 1106 est,
2457 1042 2674 1099 divitia;
2718 1044 3150 1116 impedimento
3177 1052 3343 1104 erant
3383 1065 3459 1106 ne
3512 1066 3600 1108 se-

1937 1132 2234 1200 queretur,
2279 1130 2446 1201 jubet
2499 1131 2625 1189 haec
2672 1133 2864 1199 vendi,
2911 1133 3164 1208 darique
3209 1138 3598 1211 pauperibus.

1939 1218 2087 1275 Dicit
2114 1233 2258 1290 ergo
2292 1236 2304 1275 :
2333 1221 2395 1278 Si
2432 1221 2515 1278 vis
2556 1223 2860 1292 perfectus
2884 1239 3038 1291 esse;
3079 1226 3404 1299 imperfecti
3441 1229 3599 1286 enim

1937 1311 2097 1376 sunt,
2123 1308 2230 1381 qui
2258 1309 2388 1367 sola
2414 1309 2632 1382 legalia
2655 1313 2960 1386 complent
3004 1320 3319 1389 praecepta,
3371 1317 3518 1390 quia
3541 1322 3601 1375 et

1937 1395 2067 1466 ipsa
2091 1397 2442 1469 imperfecta
2469 1405 2638 1458 erant
2661 1407 2904 1474 propter
2925 1403 3268 1461 Judmorum
3295 1406 3599 1464 imbecilli-

1937 1489 2135 1542 tatem.
2160 1487 2416 1545 Habebis
2439 1495 2636 1546 autem
2669 1490 3037 1562 thesaurum,
3095 1493 3242 1551 dixit
3270 1495 3598 1553 consolans

1936 1575 2067 1646 ejus
2093 1576 2428 1649 avaritiam,
2487 1594 2556 1634 ac
2610 1580 2964 1650 promittens
3012 1583 3178 1654 quod
3214 1582 3428 1640 iterum
3482 1586 3601 1641 the-

1938 1678 2185 1721 saurum
2202 1666 2550 1724 reconderet
2580 1686 2593 1728 :
2626 1683 2738 1724 nec
2765 1667 2828 1723 id
2860 1673 3114 1736 tantum,
3141 1671 3246 1727 sed
3273 1676 3327 1729 et
3357 1672 3592 1740 melius,

1937 1751 2081 1824 quia
2101 1753 2163 1808 in
2195 1754 2366 1813 cmlo.
2399 1757 2579 1813 Vocat
2608 1761 2798 1813 autem
2842 1757 3191 1816 thesaurum
3223 1759 3284 1816 in
3309 1759 3464 1818 caelo
3492 1761 3599 1819 bo-

230 1850 357 1921 λέγει
421 1853 516 1907 τήν
607 1845 950 1918 ἀποκειμένην
1015 1843 1121 1898 ἐκεῖ
1190 1853 1301 1905 τοῖς
1372 1844 1536 1909 ἀξίοις
1605 1847 1826 1920 ἀμοιϐὴν

1944 1856 2154 1898 norum
2185 1843 2636 1902 retributionem
2670 1859 2935 1917 operum,
2963 1862 3102 1919 quas
3133 1848 3217 1906 ibi
3262 1849 3361 1905 his
3379 1850 3484 1923 qui
3511 1849 3599 1906 di-

235 1948 328 1991 τῶν
381 1938 820 2014 κατορθωμάτων.
897 1937 967 1986 Τὸ
1031 1931 1092 1987 δε
1147 1942 1324 2010 Δεῦρο,
1392 1935 1662 1990 ἀκολούθει
1717 1957 1826 2010 μοι,

246 2026 354 2080 iuri.
396 2035 510 2090 τοῦ,
563 2022 756 2086 Βαδιζε
810 2024 926 2076 κατ’
977 2026 1129 2095 ἴχνος
1192 2033 1283 2085 τῆς
1349 2025 1479 2098 ῖμῆς
1547 2026 1826 2096 πολιτείας,

256 2115 514 2168 incolo-30st
563 2122 671 2176 ταῖς
696 2115 842 2186 ἐμαῖς
899 2112 1139 2175 ἐντολαῖς.
1189 2121 1352 2168 Τοῦτο
1385 2117 1488 2190 γάρ
1533 2135 1617 2168 σοι
1644 2115 1826 2188 λείπει,

259 2206 326 2256 τὰ
349 2207 537 2274 νομικὰ
567 2208 958 2274 κατορθώσαντι.

329 2381 584 2441 Ἀκούσας
628 2411 689 2419 -
739 2383 982 2453 κτήματα
1021 2379 1184 2433 πολλά
1219 2398 1229 2410 ·
1258 2380 1419 2434 Ὀσον
1490 2380 1603 2454 εἶχε
1643 2382 1824 2450 πολλὰ,

244 2478 488 2524 τοσοῦτον
536 2471 704 2532 αῦτοῖς
743 2466 1081 2524 ἐδεδούλωτο.
1134 2471 1239 2525 Καὶ
1299 2473 1401 2546 γὰρ
1459 2473 1489 2530 ὴ
1549 2475 1826 2547 προσθήκη

233 2566 320 2612 τοῦ
372 2559 599 2612 πλούτου
687 2561 998 2633 προσθήκην
1082 2568 1219 2613 ποιεῖ
1285 2568 1381 2623 τῆς
1469 2561 1826 2636 φιλαργυρίας.

226 2649 433 2722 Γέγονεν
493 2644 581 2701 οὖν
637 2649 785 2702 αἰτία
828 2657 927 2712 τῆς
979 2649 1146 2712 λύπης
1201 2653 1292 2702 καὶ
1347 2657 1442 2712 τῆς
1492 2649 1748 2714 ἀπειθείας
1795 2656 1826 2712 ἡ

225 2739 688 2811 πολυκτημοσύνη.

289 2827 349 2881 Ὀ
408 2825 470 2881 δε
526 2859 594 2868 -
650 2828 901 2900 οὐρανῶν.
977 2826 1035 2880 Εἰ
1089 2824 1148 2880 δε
1211 2827 1458 2890 πλούσιος
1535 2826 1827 2903 δυσκόλως,

226 2919 529 2980 πλεονέκτης
561 2913 681 2970 οὐδ’
735 2917 858 2977 ὅλως
888 2936 902 2948 ο
935 2917 980 2969 εἰ
1005 2919 1107 2992 γὰρ
1152 2919 1178 2970 ὁ
1207 2921 1280 2990 μὴ
1333 2914 1366 2970 δ
1372 2915 1520 2982 ιδούς
1556 2923 1622 2972 τὰ
1646 2921 1830 2974 ἑαυτοῦ

228 3012 611 3083 κατακρίνεται,
693 3005 864 3077 πολλῷ
953 3005 1162 3078 μᾶλλον,
1248 3008 1275 3059 ό
1353 3011 1443 3061 καὶ
1517 3011 1582 3062 τὰ
1649 3010 1830 3084 ἑτέρων

231 3097 496 3174 ἁρπάζων.

1939 1931 2040 2001 gni
2070 1930 2301 1999 fuerint,
2341 1933 2609 2006 reposita
2639 1939 2798 1991 sunt.
2817 1936 2990 2002 Quod
3020 1942 3221 1996 autem
3247 1937 3414 1996 addit
3446 1955 3459 1996 :
3498 1940 3598 1997 Ve-

1939 2019 2022 2084 m‘,
2053 2035 2280 2092 sequere
2307 2038 2419 2088 me,
2453 2024 2830 2081 tantumdem
2852 2031 2940 2081 est
2958 2041 3030 2083 ac
3054 2027 3272 2099 sijdicat
3303 2027 3600 2086 :Gradere

1933 2107 2107 2180 juxta
2152 2111 2406 2182 vestigia
2432 2127 2584 2169 meai
2637 2114 3130 2185 conversationis,
3168 2132 3417 2188 sequere
3459 2131 3601 2175 mea

1937 2203 2256 2271 prmcepta,
2284 2199 2401 2258 hoc
2428 2201 2591 2260 enim
2644 2203 2750 2260 tibi
2775 2203 2989 2272 deﬁcit,
3023 2205 3129 2278 qui
3160 2205 3379 2276 legalis
3409 2205 3600 2263 adim-

1939 2287 2136 2360 plesti.

2010 2377 2179 2434 Vers.
2222 2381 2314 2434 22.
2361 2380 2580 2436 Audito
2629 2411 2699 2424 -—
2741 2385 2962 2440 multas
3025 2383 3423 2453 possessiones.
3469 2385 3599 2449 Quo

1939 2465 2113 2539 plura
2161 2466 2441 2535 habebat,
2487 2484 2559 2527 eo
2587 2472 2780 2543 magis
2827 2488 3034 2529 servus
3085 2488 3296 2530 eorum
3353 2472 3596 2530 effectus

1939 2561 2106 2626 erat;
2133 2556 2361 2614 additio
2383 2559 2680 2632 siquidem
2711 2561 3056 2619 divitiarum
3110 2563 3479 2620 additionem
3513 2562 3602 2620 fac

1939 2646 2016 2704 cit
2039 2647 2317 2704 avaritiae.
2341 2648 2657 2720 Opulentia
2688 2651 2887 2724 itaque
2912 2667 3096 2708 causa
3125 2651 3236 2708 fuit
3260 2651 3506 2708 tristitie
3537 2655 3595 2709 et

1942 2735 2373 2794 incredulitatis
2386 2779 2400 2794 .

2012 2827 2178 2883 Vers.
2212 2827 2300 2883 23.
2333 2828 2494 2885 At—
2516 2829 2990 2896 ccelorum.Quod
3007 2829 3050 2886 si
3073 2829 3238 2886 dives
3262 2829 3596 2898 difficulter,

1941 2930 2161 2972 avarus
2193 2915 2355 2972 nullo
2381 2917 2578 2972 modo.
2615 2917 2673 2974 Si
2699 2917 2862 2975 enim
2888 2917 3324 2976 condemnatur
3347 2918 3452 2992 qui
3477 2933 3601 2976 non

1943 3009 2048 3068 dat
2071 3021 2202 3078 quae
2221 3021 2338 3062 sua
2375 3009 2534 3072 sunt,
2557 3004 2746 3063 multo
2776 3007 3035 3079 amplius
3059 3008 3165 3080 qui
3184 3008 3341 3081 rapit
3364 3008 3589 3070 aliena.

295 3186 458 3240 ΠαἋιν
505 3216 578 3228 --
622 3183 886 3240 εἰσελθεῖν.
941 3183 1111 3238 Εἰπὼν
1155 3188 1215 3238 τό
1274 3185 1492 3261 πρᾶγμα
1547 3184 1826 3256 δύσκολον,

2011 3187 2169 3240 Vers.
2201 3187 2290 3240 24.
2343 3187 2662 3242 Rursus—
2707 3186 2947 3240 intrare.
3003 3188 3152 3241 Cum
3195 3201 3321 3242 rem
3352 3186 3603 3244 dixisset

229 3278 396 3330 ἔπειτα
437 3275 578 3348 λᾶγει
645 3281 800 3327 τοῦτο
854 3277 943 3327 κὰὶ
1014 3271 1292 3342 ἀδύνατον,
1351 3281 1441 3330 καὶ
1494 3277 1599 3349 οὐχ
1655 3278 1828 3342 ἁπλῶς

228 3361 505 3432 ἀδύνατον,
571 3363 701 3418 ἀλλὰ
747 3369 836 3418 καὶ
908 3372 1000 3418 τοῦ
1073 3361 1333 3419 ἀδυνάτου
1405 3363 1818 3442 ἀδυνατώτερον.

228 3451 515 3510 ’Δδύνατον
697 3455 800 3530 γὰρ
830 3457 918 3512 τὴν
971 3453 1222 3526 κάμηλον,
1272 3458 1330 3508 τό
1365 3459 1516 3524 ζῶον,
1571 3453 1666 3510 διὰ
1703 3477 1829 3532 τρυ-

225 3551 463 3619 πήματος
511 3542 724 3616 βελόνης
775 3539 992 3597 διελθεῖν
1045 3544 1146 3616 (3),
1194 3541 1584 3622 ἀδυνατώτερον
1621 3542 1680 3599 δε
1704 3549 1826 3599 τού-

223 3655 311 3688 του
343 3634 534 3688 ἐκεῖνο.
578 3632 702 3686 Κατ’
753 3631 992 3686 ἕπίτασιν
1043 3628 1102 3686 δὲ
1131 3633 1158 3684 ὁ
1214 3633 1382 3706 λόγος,
1436 3635 1504 3697 εἰς
1533 3635 1688 3703 φόϐον
1729 3643 1826 3689 τῶν

223 3726 573 3798 φιλαργύρωνο

287 3817 438 3876 Τινὲς
469 3809 531 3866 δὲ
557 3811 789 3885 κάμηλόν
829 3831 960 3885 φασι
1005 3818 1242 3885 σχοινίον
1284 3818 1591 3888 παχύτατον
1619 3816 1822 3871 πλοίου.

220 3913 401 3960 Ταῦτα
427 3901 492 3957 δε
549 3903 702 3974 λέγων
755 3903 782 3954 ὁ
811 3905 1060 3977 Χριστός,
1109 3903 1168 3955 οὐ
1229 3900 1265 3956 δ
1271 3903 1500 3958 ιαϐιίλλει
1526 3908 1613 3958 τὸν
1660 3905 1826 3959 πλοῦ-

220 4016 326 4066 τον,
381 3993 519 4046 ἀλλὰ
545 3996 604 4044 τό
657 3988 977 4044 δουλοῦσθαι
1027 4000 1100 4063 τῷ
1142 3993 1368 4066 πλούτῳ.
1426 3995 1712 4048 Κάλλιστον
1766 3994 1826 4050 δὲ

221 4090 281 4138 τό
335 4078 704 4159 παράδειγμα.
760 4082 1005 4155 Καθάπερ
1047 4084 1148 4157 γὰρ
1206 4086 1265 4135 τὸ
1308 4087 1559 4157 τρύπημα
1604 4093 1700 4147 τῆς
1734 4084 1826 4160 ῥα-

221 4172 370 4247 fido;
401 4173 463 4226 οὗ
519 4179 682 4245 χωρεί
733 4175 828 4230 τὴν
879 4171 1134 4244 κάμηλον,
1185 4168 1278 4225 διά
1320 4191 1375 4226 τε
1411 4177 1504 4233 τὴν
1534 4175 1666 4246 ἄγαν
1710 4175 1823 4228 iuu-

215 4275 310 4318 τοῦ
379 4282 674 4331 arcuatum,
751 4266 841 4314 καὶ
915 4257 1010 4314 διὰ
1054 4265 1142 4314 τὸν
1199 4263 1330 4334 ἄγαν
1388 4262 1585 4326 ἐκείνης
1648 4268 1820 4337 ὄγκονο

217 4356 358 4408 οὕτω
388 4358 479 4406 καὶ
511 4354 540 4410 ἡ
595 4348 742 4418 ὁδὸς,
781 4352 813 4409 ἠ
847 4348 1127 4423 ἀπάγουσα
1175 4352 1244 4414 εἰς
1272 4357 1366 4412 τὴν
1416 4357 1574 4421 ζωὴν,
1625 4354 1684 4406 οὐ
1715 4375 1824 4427 χω·

223 4451 308 4518 ρεῐ
356 4445 439 4494 τόν
488 4440 757 4507 πλούσιον,
801 4436 892 4492 διά
934 4459 988 4493 τε
1016 4445 1111 4499 τὴν
1149 4440 1339 4503 εαυτῆς
1387 4446 1686 4509 στενότητα,
1735 4448 1825 4496 καὶ

1938 3272 2266 3336 difﬁcilem,
2284 3273 2442 3329 hanc
2464 3272 2773 3343 subjunxit
2801 3272 3247 3344 impossibilem
3280 3292 3293 3329 :
3323 3289 3430 3330 nec
3455 3275 3601 3330 sim-

1936 3361 2636 3434 pliciterimpossibilem.
2670 3361 2774 3416 sed
2796 3365 2852 3416 et
2876 3359 3238 3432 impossibili
3269 3361 3464 3431 magis
3490 3361 3601 3419 im-

1935 3450 2310 3525 possibilem.
2336 3448 2706 3523 Impossibile
2733 3449 3036 3522 siquidem
3060 3455 3151 3506 est
3175 3450 3476 3507 camelum
3504 3451 3598 3508 νὶ-

1935 3557 2080 3599 vum
2109 3541 2361 3598 transire
2381 3555 2487 3614 per
2506 3540 2778 3597 foramen
2799 3555 2946 3596 acus
2971 3561 2984 3594 :
3009 3540 3126 3596 hoc
3149 3542 3351 3596 autem
3373 3540 3600 3613 impos.

1936 3631 2157 3688 sibilius
2184 3635 2272 3688 est
2299 3631 2468 3688 illud.
2495 3631 2696 3687 Fertur
2713 3633 2906 3687 autem
2934 3628 3032 3686 hic
3059 3645 3256 3687 sermo
3281 3646 3385 3702 per
3414 3645 3600 3701 exag-

1934 3724 2302 3793 gerationem
2327 3720 2408 3778 ad
2439 3736 2762 3777 avarorum
2796 3722 3105 3776 terrorem.

2006 3811 2263 3878 Quidam
2299 3814 2498 3869 autem
2549 3810 2845 3868 camelum
2893 3813 3114 3867 vocant
3167 3808 3374 3866 funem
3423 3809 3599 3867 navis

1933 3903 2305 3959 crassiorem.
2337 3903 2556 3958 Verum
2607 3902 2727 3957 haec
2748 3900 2952 3957 dicens
2980 3899 3246 3956 Christus
3298 3915 3418 3956 non
3452 3900 3602 3957 vitu~

1933 3997 2103 4064 perat
2131 3992 2381 4058 divitias,
2415 3992 2521 4048 sed
2569 3993 2784 4047 servire
2832 3990 3072 4047 divitiis.
3103 3993 3200 4046 Est
3225 3995 3426 4047 autem
3453 3989 3602 4063 opti—

1933 4098 2103 4138 mum
2128 4082 2494 4154 exemplum.
2534 4085 2682 4138 Nam
2710 4081 2862 4136 sicut
2889 4079 3162 4136 foramen
3189 4095 3333 4137 acus
3363 4096 3487 4136 non
3513 4084 3602 4136 est

1933 4187 2118 4244 capax
2159 4171 2358 4228 cameli
2398 4175 2644 4243 propter
2672 4169 2908 4226 nimiam
2976 4169 3066 4224 sui
3121 4169 3488 4237 angustiam,
3541 4175 3602 4224 et

1931 4265 2175 4334 propter
2225 4258 2515 4330 grandem
2563 4259 2721 4314 illius
2764 4257 2987 4314 molem
3034 4273 3104 4315 ac
3137 4262 3482 4313 tumorem:
3516 4255 3601 4314 ita

1931 4365 2176 4423 quoque
2206 4349 2305 4404 via
2339 4365 2475 4421 quas
2501 4347 2662 4404 ducit
2691 4347 2769 4405 ad
2810 4347 2996 4403 vitam
3025 4361 3148 4402 non
3174 4345 3330 4418 capit
3358 4343 3599 4401 divitem

1933 4444 2172 4512 propter
2191 4438 2283 4494 sui
2307 4437 2671 4508 angustiam,
2697 4440 2755 4493 et
2779 4439 3026 4509 propter
3067 4433 3242 4506 hujus
3275 4439 3596 4492 tumorem.

222 4527 323 4584 διὰ
349 4535 434 4584 τόν
477 4533 661 4584 τούτου
709 4533 882 4601 ὄγκον.
943 4534 1206 4606 Προσὴκει
1236 4527 1323 4583 οὖν
1354 4535 1506 4604 ὄγκον
1535 4530 1824 4585 ἀποθέσθαι

1944 4531 2174 4603 Oportet
2222 4541 2366 4600 ergo
2424 4543 2672 4586 omnem
2735 4525 3020 4598 repellere
3076 4529 3376 4614 tumorem
3427 4523 3598 4596 juxta

219 4623 411 4693 πάντα,
463 4623 600 4673 κατὰ
661 4623 748 4673 τὸν
804 4619 1142 4687 Ἀπόστολον,
1213 4625 1301 4673 καὶ
1357 4620 1700 4681 λεπτυνθῆναι
1751 4619 1822 4674 δι’

223 4711 469 4764 ἑκουσίου
509 4714 707 4771 πενίας.

293 4803 643 4862 ’Δκούσαντες
691 4796 752 4853 δε
801 4829 871 4842 ——
903 4801 1178 4867 σωθῆναι;
1235 4798 1662 4865 Ἐξεπλὴσσοντο,
1709 4799 1824 4854 ἀντὶ

225 4900 334 4959 τοῦ,
365 4890 762 4963 Ἐθορυϐοῦντο.
792 4889 926 4948 Πλὴν
951 4889 1056 4962 οὐχ
1086 4891 1211 4965 ὑπὲρ
1245 4889 1457 4942 ἑαυτῶνο
1491 4894 1698 4952 πένητες
1722 4893 1824 4965 γὰρ

224 4978 374 5040 ἦσαν·
412 4980 521 5034 ἀλλ’
546 4981 672 5056 ὑπὲρ
693 4989 794 5032 τῶν
808 4979 1095 5036 πλουσίων.
1127 4978 1384 5053 Ἤρξαντο
1415 4982 1516 5055 γὰρ
1542 4979 1825 5052 σπλάγχνα

220 5068 565 5125 διδασκάλων
615 5069 904 5137 ἀναλαϐεῖν,
939 5074 1029 5123 καὶ
1084 5069 1386 5143 ὑπεραλγεῖν
1435 5079 1527 5130 τῆς
1573 5069 1826 5131 ἀπωλείας

217 5170 321 5214 τῶν
351 5163 653 5235 ἀνθρώπων,
684 5160 928 5234 λὴοντες,
949 5163 1040 5222 Τίς
1065 5160 1168 5234 ἄρα
1187 5168 1288 5212 τῶν
1311 5158 1573 5214 πλουσίων
1600 5156 1822 5213 δύναται

217 5253 459 5310 σωθῆναι
490 5266 509 5318 ;

284 5430 507 5502 διειριιο.
539 5443 701 5499 xviii,
741 5431 831 5485 22.
904 5428 956 5464 ⁴⁶
971 5425 1145 5484 Hebr.
1183 5442 1282 5492 xu,
1316 5432 1371 5485 t.

1934 4618 2288 4691 Apostolum
2321 4618 2394 4682 ⁴⁶,
2420 4621 2478 4674 et
2522 4616 2818 4675 attenuari
2863 4628 2970 4686 per
3022 4613 3422 4671 voluntariam
3452 4627 3598 4686 pauo

1934 4713 2228 4782 pertatem
2241 4748 2255 4763 .

2005 4801 2162 4857 Vere.
2213 4801 2303 4855 25.
2334 4799 2478 4855 Cum
2507 4804 2701 4855 autem
2749 4795 3040 4852 audissent
3087 4823 3154 4836 —-
3179 4794 3376 4852 salvus
3417 4791 3600 4864 ﬁeri?

1934 4888 2197 4946 Exterriti
2223 4893 2378 4955 sunt,
2406 4888 2466 4944 id
2493 4891 2581 4944 est
2617 4886 2838 4943 turbati
2875 4890 3032 4952 sunt,
3085 4901 3208 4942 non
3238 4890 3443 4943 tamen
3487 4897 3598 4957 pro

1935 4979 2161 5052 seipsis,
2195 4995 2332 5035 cum
2381 4991 2674 5051 pauperes
2707 4979 2924 5042 essent,
2968 4975 3075 5032 sed
3125 4991 3229 5047 pro
3286 4974 3594 5031 divitibus.

1934 5067 2253 5141 Coeperunt
2277 5067 2440 5124 enim
2466 5070 2900 5140 praeceptorum
2939 5079 3240 5122 assumere
3253 5063 3508 5131 viscera,
3524 5075 3598 5120 ac

1934 5158 2134 5215 dolere
2153 5157 2484 5231 plurimum
2509 5171 2620 5230 pro
2651 5154 2982 5229 perditione
3000 5152 3318 5211 hominum
3333 5153 3597 5210 dicentes

1937 5246 2076 5314 Quis
2099 5263 2234 5320 ergo
2259 5247 2510 5304 divitum
2535 5251 2715 5318 potest
2743 5245 2942 5303 salvus
2974 5244 3106 5314 ﬁeri
3130 5243 3159 5300 ?

1401 5579 1630 5649 Variae
1661 5578 1992 5646 lectiones
2023 5585 2089 5646 et
2118 5587 2322 5646 nota.

305 5727 388 5797 (3)
429 5728 705 5783 Εἰσελθεζν.
737 5734 799 5781 Α.
