4176 6440
602 376 710 432 527

675 501 840 556 Vers.
883 498 972 554 26.
1023 495 1288 553 Intuitus
1333 526 1402 536 —
1437 492 1774 566 possibilia.
1823 491 2090 548 Primum
2138 489 2256 545 miti
2283 492 2330 544 Α

605 592 849 662 aspectu
897 586 1236 642 exterritam
1314 599 1524 641 eorum
1599 589 1860 639 mentem
1914 579 2254 635 consolatus

601 685 710 735 est.
747 676 967 733 Deinde
997 675 1141 731 dixit
1169 693 1182 730 :
1213 674 1387 747 Apud
1416 673 1695 729 homines
1712 671 1946 734 divites,
1979 671 2090 725 hoc
2111 674 2256 739 puta

603 767 833 824 salvum
866 765 1014 832 ﬁeri,
1071 762 1436 835 impossibile
1479 767 1567 818 est
1607 760 1875 817 :fortiter
1916 759 2075 814 enim
2107 770 2257 812 ava-

599 855 740 912 ritiae
795 854 1041 910 vinculis
1090 852 1314 922 alligati
1352 855 1510 917 sunt,
1565 850 1824 922 factique
1879 848 2254 919 impotentes,

600 950 668 1001 ut
696 961 731 1000 a
760 943 972 1014 seipsis
1001 941 1141 998 solis
1168 938 1515 1011 hujusmodi
1549 936 1865 1010 tyrannide
1898 937 2243 991 liberentur.

599 1034 758 1088 Deus
773 1038 973 1088 autem
986 1046 1108 1086 non
1121 1029 1316 1085 solum
1338 1027 1564 1084 salvere
1583 1027 1697 1082 hos
1717 1031 1931 1100 potest,
1952 1023 2056 1078 sed
2075 1024 2252 1078 etiam

599 1136 780 1178 omne
802 1119 965 1175 aliud
994 1123 1208 1192 potest.
1240 1116 1503 1172 Salvabit
1519 1130 1660 1186 ergo
1681 1115 1812 1180 hos,
1845 1114 1894 1170 si
1922 1112 2089 1185 quod
2117 1127 2258 1184 pos-

600 1214 740 1264 sunt
765 1207 1031 1264 studium
1071 1205 1444 1268 adhibentes,
1463 1209 1473 1268 ἦ
1489 1219 1560 1260 ac
1589 1203 1824 1259 divitias
1849 1203 1910 1258 in
1957 1216 2255 1274 pauperes

597 1301 970 1365 evacuantes,
996 1295 1316 1366 ignemque
1335 1291 1672 1364 cupiditatis
1718 1291 2085 1347 divitiarium
2122 1305 2256 1345 exs-

598 1387 954 1457 tinguentes,
986 1383 1149 1441 hunc
1187 1381 1597 1439 invocaverint
1622 1380 2035 1438 auxiliatorem
2064 1394 2136 1435 ac
2191 1378 2259 1434 li-

597 1474 844 1532 bertatis
866 1478 1241 1529 assertorem.

669 1652 874 1708 Docuit
900 1665 1042 1721 ergo
1071 1648 1271 1705 omnis
1294 1647 1394 1704 hic
1419 1663 1639 1719 sermo,
1671 1647 1833 1720 quod
1865 1662 2116 1703 avarum
2157 1648 2259 1702 im-

596 1741 879 1816 possibile
906 1747 992 1797 est
1012 1739 1244 1796 salvum
1267 1753 1415 1803 esse,
1449 1738 1558 1794 nisi
1574 1737 1740 1811 quod
1762 1741 1820 1793 in
1849 1753 1912 1793 se
1934 1744 2024 1793 est
2049 1738 2258 1793 afferat

597 1832 882 1900 studium,
908 1837 970 1886 ut
1000 1829 1236 1885 dictum
1265 1834 1373 1893 est,
1403 1834 1457 1883 et
1474 1827 1660 1883 Deum
1686 1827 2261 1898 habeatadjutorem

598 1923 673 1978 ad
705 1921 1109 1977 liberationem
1128 1917 1289 1972 illius
1313 1916 1663 1973 miserrimae
1711 1915 2062 1972 affectionis.
2088 1917 2265 1977 Aiunt

598 2013 800 2065 autem
832 2007 1114 2079 quidam,
1145 2005 1310 2078 quod
1328 2004 1380 2062 si
1411 2005 1532 2062 Deo
1553 2006 1755 2061 omnia
1777 2011 1911 2060 sunt
1931 2004 2262 2077 possibilia,

597 2097 804 2168 utique
859 2095 1129 2152 etfacere
1159 2093 1386 2150 malum
1419 2095 1537 2149 Deo
1563 2092 1849 2164 possibile
1880 2099 1990 2148 est.
2037 2094 2261 2158 Quibus

597 2202 708 2243 nos
731 2184 1003 2250 dicimus,
1023 2182 1196 2254 quod
1219 2183 1416 2239 facere
1439 2181 1663 2238 malum
1683 2197 1805 2237 non
1837 2187 1926 2237 est
1966 2182 2261 2252 potentiae,

600 2275 700 2332 sed
729 2273 1118 2346 impotentia.
1144 2272 1280 2328 Ideo
1300 2271 1480 2327 etiam
1505 2270 1694 2327 David
1731 2274 1978 2342 peccata
2002 2269 2262 2342 appella.

596 2365 681 2421 vit
714 2364 1141 2420 imbecillitates
1189 2363 1307 2418 sive
1337 2360 1708 2416 inﬁrmitates
1736 2359 1943 2415 dicens
1966 2376 1978 2413 :
2000 2359 2262 2431 Mutipli-

598 2460 750 2511 cata?
772 2458 906 2509 sunt
931 2452 1307 2520 inﬁrmitates
1322 2465 1525 2506 eorum
1557 2450 1627 2503 ‘7.
1661 2448 1958 2504 EtPaulus
1987 2447 2083 2507 ait.
2119 2449 2263 2504 Cum

599 2559 704 2600 nos
717 2557 966 2600 essemus
989 2540 1210 2608 inﬁrmi
1231 2542 1300 2602 ",
1343 2538 1467 2594 sive
1489 2542 1847 2610 peccatores.
1897 2535 2187 2594 Praeterea
2206 2543 2263 2594 et

601 2632 718 2688 alio
737 2630 940 2697 modo,
952 2629 1120 2699 juxta
1143 2625 1489 2696 Gregorium
1523 2623 2261 2698 Theologumlprincipium

602 2719 746 2775 mali
776 2724 864 2773 est
920 2716 1218 2785 negligere
1267 2714 1495 2770 bonum
1532 2730 1544 2767 :
1587 2714 1890 2786 quomodo
1920 2719 2119 2770 autem
2159 2715 2262 2771 bo-

605 2824 752 2864 num
775 2805 1049 2875 negligat,
1093 2804 1189 2875 qui
1221 2808 1308 2859 est
1336 2803 1472 2874 ipsa
1495 2802 1730 2858 bonitas
1755 2804 1783 2858 ?

676 2897 839 2951 Vers.
863 2898 953 2949 27.
991 2895 1155 2949 Tunc
1185 2923 1252 2934 —
1283 2891 1445 2948 nobis
1471 2890 1501 2946 ?
1551 2893 1692 2956 Quas
1717 2892 1935 2959 omnia,
1968 2893 2138 2949 beate
2165 2894 2260 2949 Pe-

607 2990 690 3041 tre
717 2985 745 3040 ?
775 2987 862 3038 An
892 2982 1271 3049 arundinem,
1298 2985 1440 3048 rete,
1479 2981 1699 3046 navim,
1732 2986 2037 3054 artemque
2068 2983 2262 3054 pisca-

609 3073 822 3129 toriam
849 3072 876 3128 ?
907 3071 1138 3144 Utique,
1179 3070 1388 3144 inquit,
1415 3086 1552 3143 qua:
1573 3075 1632 3126 et
1660 3076 1890 3144 quanta
1914 3071 2216 3128 habebam
2244 3089 2257 3139 ;

610 3177 746 3218 mea
798 3160 1090 3234 siquidem
1141 3159 1418 3216 voluntas
1472 3159 1701 3228 integra
1752 3159 1876 3216 fuit.
1930 3159 2077 3216 Cum
2122 3177 2261 3233 ergo
2293 3193 2335 3249 Ο

614 3252 862 3309 dixisset
883 3250 1153 3308 Salvator
1178 3249 1532 3306 adolescenti
1563 3265 1576 3304 :
1603 3249 1664 3304 Si
1690 3251 1772 3306 vis
1800 3251 2092 3322 perfectus
2123 3267 2259 3317 esse,

614 3342 732 3409 abi,
763 3343 944 3398 vende
971 3357 1099 3412 quas
1125 3340 1317 3405 habes,
1345 3347 1394 3395 et
1423 3339 1498 3395 da
1525 3340 1900 3409 pauperibus,
1926 3339 2266 3412 habebisque

616 3431 962 3487 thesaurum
990 3432 1045 3484 in
1074 3429 1233 3493 caelo,
1262 3427 1461 3483 timuit
1491 3427 1694 3482 Petrus
1720 3428 1833 3484 sibi
1865 3444 1936 3484 ac
1979 3429 2268 3485 condisci-

613 3518 975 3592 pulis,quasi
997 3517 1108 3589 ipsi
1136 3517 1338 3571 minus
1355 3514 1660 3584 fecissent,
1685 3516 1826 3587 quia
1842 3532 1966 3571 non
1987 3517 2267 3572 vendide-

614 3614 749 3664 rant
768 3623 905 3678 quas
925 3604 1247 3668 habebant,
1281 3619 1389 3658 nec
1403 3602 1693 3658 dederant
1718 3604 2111 3674 pauperibus;
2136 3605 2271 3660 ideo

617 3698 798 3751 etiam
822 3694 904 3748 ait
932 3709 944 3747 :
968 3695 1111 3747 Ecce
1135 3707 1247 3747 nos
1276 3706 1399 3746 non
1422 3689 1828 3759 vendidimus,
1860 3707 1970 3748 nec
1999 3695 2268 3765 pauperi-

619 3783 729 3837 bus
760 3780 1058 3845 dedimus,
1089 3780 1197 3834 sed
1249 3777 1598 3849 simpliciter
1632 3779 1834 3835 omnia
1857 3795 1994 3852 quas
2020 3781 2272 3838 habeba-

617 3887 740 3925 mus
769 3867 1141 3940 reliquimus,
1174 3871 1230 3923 et
1259 3866 1443 3922 secuti
1474 3883 1681 3923 sumus
1710 3873 1764 3924 te
1792 3870 1978 3942 ;quid
2003 3886 2139 3940 ergo
2163 3871 2275 3928 erit

618 3958 797 4015 nobis
827 3955 1228 4012 retributionis
1252 3955 1282 4012 ‘I

691 4047 852 4102 Vers.
881 4045 969 4101 28.
1002 4046 1170 4101 Jesus
1191 4049 1387 4101 autem
1419 4075 1486 4086 —
1514 4045 1727 4103 Israel.
1755 4050 2274 4121 Regenerationem

617 4135 929 4194 dicitnunc
958 4151 995 4190 a
1019 4134 1265 4190 mortuis
1283 4135 1984 4210 resurrectionem,quasi
2006 4139 2274 4198 iteratam

615 4225 1103 4282 viviﬁcationem.
1135 4222 1291 4288 Quid
1316 4238 1456 4294 ergo
1483 4223 1512 4278 ?
1532 4223 1825 4281 sedebunt
1854 4233 1994 4283 tunc
2020 4226 2278 4302 apostoli

616 4321 673 4373 et
695 4314 1056 4388 judicabunt
1080 4314 1108 4369 ?
1145 4316 1558 4384 Nequaquam.
1612 4314 1785 4371 Solus
1824 4317 1984 4372 enim
2015 4319 2277 4376 Christus

613 4404 861 4467 sedebit,
891 4408 946 4458 et
969 4403 1133 4458 solus
1165 4401 1296 4472 ipse
1321 4400 1639 4470 iudicabit.
1668 4404 1781 4460 Sed
1810 4421 1913 4476 per
1953 4406 2275 4464 duodecim

615 4492 786 4548 sedes
820 4489 1007 4546 innuit
1037 4489 1381 4545 fruitionem
1406 4490 1528 4546 sive
1544 4493 1814 4564 requiem
1844 4510 1912 4549 ac
1939 4495 2274 4566 praecellen-

613 4579 764 4637 tiam
792 4577 1111 4634 duodecim
1134 4577 1587 4650 discipulorum,
1619 4583 1855 4654 etregni
1885 4584 1976 4638 sui
2007 4599 2276 4642 commu-

612 4667 998 4724 nicationem.
1029 4666 1370 4723 Judicantes
1409 4673 1609 4725 autem
1639 4669 1797 4732 dicit,
1837 4669 1951 4726 hoc
1986 4677 2093 4736 est,
2127 4673 2275 4730 Con-

612 4757 990 4814 demnantes.
1033 4755 1125 4810 Ait
1153 4771 1290 4826 ergo
1325 4771 1338 4810 :
1367 4757 1668 4814 Fruemini
1696 4762 1839 4814 tunc
1868 4758 1995 4816 sive
2020 4761 2273 4833 requies-

613 4844 774 4911 cetis,
818 4847 875 4900 et
904 4843 1237 4916 przecelletis
1267 4861 1335 4901 ac
1362 4844 1801 4918 conregnabitis
1847 4847 2017 4921 mihi,
2057 4853 2271 4910 conde-

611 4936 886 4992 mnantes
925 4932 1216 4990 Israelitas
1248 4951 1260 4988 :
1294 4949 1416 4990 non
1449 4933 1616 5006 quod
1645 4933 1762 5006 ipsi
1785 4935 2112 5008 judicaturi
2132 4940 2268 5009 sint,

610 5021 716 5078 sed
750 5021 902 5078 sicut
931 5022 1210 5080 vicesimo
1241 5024 1411 5079 tertio
1459 5021 1652 5094 capite
1709 5023 1945 5082 dicebat
1981 5027 2269 5087 Ninivitas

607 5126 680 5169 ac
703 5111 974 5182 reginam
1028 5111 1226 5168 Austri
1279 5109 1788 5169 condemnaturos
1827 5116 2270 5183 generationem

605 5199 786 5264 illam,
821 5201 1097 5258 itaethoc
1110 5215 1273 5257 nunc
1302 5197 1812 5258 condemnaturos
1833 5202 1914 5258 ait
1946 5203 2269 5265 duodecim

606 5289 788 5346 tribus
833 5290 1032 5346 Israel.
1092 5288 1230 5344 ldeo
1271 5287 1431 5343 enim
1478 5303 1599 5343 non
1624 5287 1767 5346 dicit
1805 5295 2010 5361 gentes
2035 5298 2137 5352 aut
2179 5313 2269 5354 or-

602 5377 765 5445 bem,
821 5379 926 5435 sed
977 5377 1139 5434 solos
1182 5374 1482 5432 Israelitas
1513 5391 1654 5433 suos
1692 5378 2075 5449 contribules,
2126 5402 2268 5443 suos

603 5473 907 5541 cognatos.
961 5466 1465 5523 Condemnabunt
1521 5468 1678 5524 enim
1727 5486 1826 5527 eos
1913 5489 2035 5530 non
2093 5466 2267 5550 quasi

677 5649 726 5683 ιτ
747 5645 900 5702 Psal.
956 5661 1048 5716 xv,
1119 5685 1134 5700 .
1212 5647 1266 5683 ιε
1296 5647 1465 5704 Rom.
1498 5663 1557 5714 v,
1586 5653 1638 5705 6.

1923 361 2273 423 EUTHYMll
2315 361 2645 422 ZIGABENI

3850 372 3946 429 528

2438 490 2731 564 Ἐμϐλίψας
2791 525 2859 534 --
2939 491 3160 550 δυνατοί.
3257 503 3464 566 Πρῶτον
3533 497 3706 570 imi”:
3802 498 3944 572 βλέμ-

2365 599 2492 651 ματι
2549 587 2864 655 φρίττουσαν
2907 584 3076 637 αὐτῶν
3131 589 3227 642 την
3276 581 3512 638 διάνοιαν
3570 593 3942 662 παρηγόρησεν.

2366 666 2478 720 εἶτα
2534 667 2690 736 εἶπεν,
2750 674 2830 724 ὅτι
2897 677 3038 746 παρὰ
3104 672 3393 746 ἀνθρώποις
3459 674 3729 736 πλουσίοις
3784 685 3941 744 τοῦτο,

2367 753 2576 816 δηλαδὴ
2623 765 2680 810 τὸ
2743 763 2995 827 σωθῆναι,
3067 758 3322 814 ἀδύνατόν
3399 761 3531 818 ἔστι.
3582 761 3944 837 Δεδεσμημενοι

2362 849 2464 918 γὰρ
2520 846 2760 920 ἰσχυρῶς
2796 857 2909 910 ταῖς
2969 857 3168 924 σειραῖς
3205 858 3302 912 τῆς
3352 850 3714 925 φιλαργυρίας,
3770 850 3943 906 ἀδυνα-

2363 941 2545 987 τοῦσιν
2587 936 2678 1008 ἀφ’
2727 936 2916 990 ἑαυτῶν
2971 944 3138 1010 μόνων
3193 938 3593 1012 ἕλευθερωθῆναι
3642 949 3735 1002 τῆς
3781 943 3946 994 τοιαύ-

2362 1042 2456 1084 της
2496 1022 2824 1098 τυραννίδος.
2863 1026 2922 1078 Ὀ
2980 1023 3038 1080 δι
3067 1031 3193 1088 Θεὸς
3241 1028 3300 1081 ού
3331 1033 3483 1101 μόνον
3537 1038 3709 1082 σῶσαι
3748 1034 3945 1092 τούτους

2367 1109 2610 1181 δύναται,
2681 1113 2808 1166 ἄλλὰ
2863 1120 2951 1168 καὶ
2996 1122 3098 1168 πᾶν
3163 1118 3330 1191 ἕτερον
3385 1114 3626 1171 δύναται.
3693 1125 3838 1172 Σωσει
3891 1115 3944 1172 δι

2366 1204 2597 1267 τούτους,
2641 1201 2725 1255 ἐὰν
2772 1207 2866 1262 τὴν
2907 1205 3032 1278 παρ’
3105 1205 3296 1258 ἑαυτῶν
3341 1203 3582 1266 σπουδὴν
3639 1208 3942 1283 εἰσφέροντες,

2366 1296 2456 1343 καὶ
2517 1299 2777 1353 κενοῦντες
2818 1296 2903 1345 τόν
2967 1293 3187 1347 πλοῦτον
3258 1296 3331 1356 εἰς
3376 1300 3622 1360 πένητας,
3684 1305 3770 1351 καὶ
3815 1297 3944 1351 σϐεν-

2367 1383 2567 1442 νύοντες
2618 1384 2678 1434 τό
2732 1390 2835 1455 πῦρ
2884 1391 2971 1444 τῆς
3019 1382 3294 1456 ίπιθυμίας
3343 1395 3440 1438 τῶν
3497 1390 3806 1460 χρημάτων,
3842 1387 3944 1440 ἐπι-

2368 1469 2688 1523 καλέσωνται
2751 1476 2841 1523 καὶ
2896 1479 3078 1526 τοῦτον
3144 1473 3416 1548 ὶπίκουρον
3485 1481 3577 1529 καὶ⁵
3638 1476 3944 1551 συλλήπτορα

2369 1567 2465 1620 τῆς
2494 1559 2802 1633 ἐλευθερίας.

2447 1645 2690 1711 Ἐδίδαξε
2749 1655 2918 1702 τοίνυν
2993 1652 3020 1702 ὁ
3070 1654 3282 1724 σύμπας
3335 1652 3506 1725 λόγος,
3579 1657 3662 1708 ὃτι
3713 1652 3940 1708 ἀδύνατον

2375 1739 2609 1796 σωθῆναι
2647 1738 2982 1812 φιλάργυρον,
3039 1739 3123 1792 ἰὰν
3162 1746 3234 1814 μὴ
3272 1747 3365 1800 τὴν
3409 1743 3535 1818 παρ’
3583 1745 3766 1798 ἑαυτοῦ
3795 1763 3933 1798 σπον-

2375 1823 2475 1884 δὴν
2524 1827 2790 1901 εἰσφέρων,
2848 1832 2917 1891 ὡς
2964 1833 3184 1904 εἴρηται,
3238 1836 3401 1903 σχοίη
3451 1838 3663 1887 καὶτὸν
3692 1838 3802 1889 Θεὸν
3825 1831 3929 1906 βοη-

2377 1917 2462 1968 θὸν
2546 1925 2643 1978 τῆς
2723 1915 3028 1989 ἀπαλλαγῆς
3104 1927 3194 1971 τού
3270 1924 3508 1974 τοιούτου
3595 1924 3931 1996 χαλεπωτάτου

2372 2007 2592 2067 πάθους.
2648 2011 2782 2058 Φασὶ
2835 2003 2895 2059 δέ
2949 2026 3103 2074 τινες,
3152 2010 3231 2060 ὅτι
3289 2011 3374 2062 ἐὰν
3430 2012 3607 2065 πάντα
3653 2009 3839 2066 δυνατὰ
3878 2016 3940 2078 τῷ

2373 2098 2502 2164 Θεῷ,
2551 2090 2773 2146 δυνατὸν
2826 2097 2928 2169 ἄρα
2965 2103 3037 2166 τῷ
3086 2101 3193 2166 Θεῷ
3241 2104 3330 2150 καὶ
3369 2102 3426 2151 τό
3465 2105 3646 2156 κακόν.
3697 2104 3823 2174 Πρός
3865 2099 3943 2158 οὖς

2372 2182 2602 2254 λέγομεν,
2665 2184 2746 2235 ὃτι
2809 2187 2866 2235 τὸ
2931 2188 3089 2236 κακὸν
3155 2186 3248 2238 οὐκ
3325 2190 3436 2240 ἔστι
3501 2176 3776 2263 δυνάμεως,
3845 2185 3942 2239 ἀλλ’

2374 2267 2688 2344 ἀδυναμίας.
2723 2275 2809 2324 Διό
2857 2278 2946 2326 καὶ
2998 2275 3024 2325 ὀ
3077 2271 3245 2327 Δαυῖδ
3272 2277 3364 2337 τὰς
3400 2276 3657 2352 ἁμαρτίας
3701 2277 3942 2335 ἀσθενείας

2373 2359 2657 2432 ὠνόμασεν,
2761 2361 2934 2428 εἰπὼν,
3042 2361 3471 2422 Ἐπληθύνθησαν
3553 2366 3607 2418 αί
3699 2365 3940 2417 ἀσθένειαι

2371 2448 2561 2501 αὐτῶν.
2625 2454 2725 2501 Καὶ
2801 2451 2826 2500 ὁ
2902 2450 3104 2513 Παῦλος
3165 2449 3226 2505 δέ
3295 2473 3468 2526 φησιν,
3545 2454 3729 2505 Ὄντων
3799 2452 3934 2521 ἡμῶν

2373 2535 2620 2604 ἀσθενῶν,
2672 2542 2854 2609 ἤγουν,
2915 2539 3250 2613 ἁμαρτωλῶν.
3308 2547 3404 2596 Καὶ
3454 2541 3630 2617 ἕτίρως
3678 2536 3751 2604 δι,
3805 2538 3931 2588 κατὰ

2370 2630 2457 2678 τὸν
2516 2626 2790 2698 Θεολόγονυ
2821 2634 3126 2702 Γρηγόριον,
3186 2629 3330 2704 ἁρχὴ
3374 2638 3464 2684 τοῦ
3510 2637 3686 2695 κακοῦ,
3726 2630 3782 2680 τὸ
3823 2625 3936 2699 ἁμε-

2369 2714 2529 2774 λῆσαι
2580 2723 2672 2768 τού
2721 2716 2940 2787 ἀγαθοῦ.
2992 2725 3102 2779 Πῶς
3151 2716 3201 2771 δ’
3242 2722 3302 2772 οἰν
3352 2719 3583 2794 ἀμελήση
3630 2726 3718 2772 τοῦ
3755 2716 3940 2788 ἀγαθοῦ

2371 2806 2400 2863 ἠ
2435 2805 2826 2877 αύτοαγαθότης
2849 2823 2862 2871 ;

2761 2380 2782 2413 ε
2789 2361 2913 2412 ἰπὼν
2921 2404 2934 2428 ,

2440 2900 2567 2946 Τότε
2595 2926 2664 2935 -
2694 2897 2846 2966 ἡμῖνς
2898 2902 3027 2948 Ποῖα
3061 2899 3248 2961 πάντα,
3301 2895 3340 2949 ὧ
3384 2903 3606 2975 μακάριε
3653 2903 3833 2973 Πίτρε;
3863 2898 3944 2948 τὸν

2371 2983 2620 3056 κάλαμον,
2653 2988 2712 3036 τό
2761 2981 2992 3050 δίκτυον,
3027 2989 3085 3037 τὸ
3126 2986 3325 3050 πλοῖον,
3356 2993 3450 3046 τὴν
3480 2989 3798 3053 ἁλιευτικὴν;
3829 2993 3945 3052 Ναι,

2373 3076 2551 3145 φησὶν,
2583 3073 2617 3124 ἃ
2655 3069 2819 3145 εἶχον,
2865 3079 2953 3126 καὶ
2984 3076 3084 3126 ὅσα
3114 3074 3276 3147 εἶχον.
3307 3084 3361 3130 Ἦ
3405 3082 3705 3152 προαίρεσίς
3733 3095 3828 3150 μου
3857 3077 3948 3148 γὰρ

2374 3161 2593 3222 ἐντελής.
2634 3162 2879 3225 Εἰπόντος
2912 3160 2999 3215 οὖν
3038 3171 3130 3216 τοῦ
3158 3172 3387 3240 Σωτῆρος
3416 3172 3541 3241 πρὸς
3565 3172 3649 3220 τόν
3677 3169 3949 3232 νεανίσκον,

2376 3251 2437 3306 Εἰ
2490 3251 2644 3312 θίλεις
2699 3252 2888 3313 τέλειος
2967 3250 3114 3325 εἶναι,
3175 3255 3366 3328 ὕπαγε,
3434 3257 3672 3316 πώλησόν
3730 3275 3822 3310 σου
3891 3255 3955 3305 τὰ

2376 3342 2704 3416 ὑπάρχοντα,
2777 3346 2866 3394 καὶ
2923 3339 3018 3404 δὸς
3085 3353 3342 3417 πτωχοῖς,
3421 3353 3511 3401 καὶ
3581 3347 3702 3410 ἕξεις
3759 3348 3956 3403 θησαυ-

2375 3433 2465 3501 ρὸν
2523 3428 2571 3480 iv
2619 3430 2840 3503 ούρανῷ·
2904 3429 3188 3486 ἐδηλίασεν
3245 3437 3270 3488 ὁ
3335 3440 3528 3510 Πέτρος
3577 3441 3694 3510 περὶ
3742 3454 3795 3488 τε
3853 3434 3962 3488 ἐαυ-

2377 3526 2470 3570 τοῦ
2521 3523 2610 3570 καὶ
2662 3525 2782 3594 περὶ
2837 3529 2938 3572 τῶν
2991 3524 3258 3594 μαθητῶν,
3312 3525 3383 3586 ὥς
3436 3525 3820 3596 ἠλαττωμένων,
3875 3519 3966 3576 διὰ

2378 3610 2437 3658 τὸ
2483 3612 2556 3679 μὴ
2604 3607 2846 3667 πωλῆσαι
2892 3612 2959 3663 τὰ
3001 3612 3326 3686 ὑπάρχοντα,
3368 3618 3457 3665 καὶ
3489 3609 3670 3664 δοῦναι
3710 3619 3963 3682 πτωχοῖς.

2382 3699 2469 3748 Διό
2516 3701 2606 3749 καί
2663 3715 2841 3770 φησιν·
2907 3696 3047 3754 Ἰδού
3099 3703 3242 3771 ἡμεῖς
3295 3699 3389 3751 ούκ
3441 3698 3789 3770 ἕπωλησαμεν,
3849 3703 3965 3752 οὔτε

2381 3789 2485 3858 μὴν
2515 3782 2780 3859 ἐδώκαμεν
2811 3795 3060 3861 πτωχοῖς,
3107 3786 3213 3840 ἀλλ’
3253 3786 3518 3862 ἀφήκαμεν
3560 3786 3729 3848 ἁπλῶς
3775 3788 3964 3855 πάντα,

2383 3874 2486 3927 ὃσα
2539 3878 2770 3948 εἴχομεν,
2823 3883 2914 3930 καὶ
2955 3877 3380 3951 ἠκολουθήσαμέν
3431 3894 3532 3932 σοι·
3578 3881 3630 3930 τί
3679 3877 3784 3950 οἶρα
3823 3880 3972 3930 ἔσται

2385 3965 2510 4037 ἡμῖν
2540 3964 2607 4025 εἰς
2636 3964 2859 4038 ἀμοιϐήν
2883 3983 2898 4035 ;

2453 4053 2513 4106 Ὀ
2576 4050 2636 4107 δε
2690 4054 2891 4116 Ἰησοῦς
2947 4086 3014 4097 -
3091 4057 3321 4131 Ἰσραήλ.
3387 4057 3790 4130 Παλιγγενεσίαν
3845 4058 3978 4131 λεγει

2384 4150 2472 4194 νῦν
2548 4146 2643 4201 τὴν
2723 4141 2778 4194 ἔκ
2846 4152 3031 4218 νεκρῶν
3108 4145 3414 4213 ἀνάστασιν,
3499 4150 3565 4210 ὡς
3641 4149 3976 4214 παλινζωῖαν.

2384 4235 2449 4284 Τί
2501 4227 2638 4299 οὖνς
2703 4229 3046 4286 καθεδοῦνται
3101 4239 3193 4288 καὶ
3259 4237 3307 4289 οἱ
3367 4235 3647 4290 ἂποστόλοι
3704 4244 3838 4308 τότε,
3895 4243 3982 4292 καὶ

2386 4327 2684 4393 κρινοῦσινς
2731 4317 3016 4394 Οὐδαμῶς.
3075 4328 3242 4387 Μόνος
3283 4328 3384 4397 γὰρ
3417 4328 3443 4378 ὀ
3490 4331 3728 4400 Χριστὸς
3755 4331 3980 4395 καθίσει,

2386 4413 2476 4460 καὶ
2521 4413 2677 4482 μόνος
2711 4410 2867 4472 αὐτὸς
2919 4419 3100 4483 κρινεῖ.
3150 4413 3306 4465 Ἀλλὰ
3351 4411 3446 4467 διὰ
3482 4420 3575 4488 μὶν
3623 4425 3725 4470 τῶν
3780 4415 3987 4490 δώδεκᾳ

2388 4498 2576 4572 θρόνων
2613 4497 2956 4573 παρεδήλωσε
2999 4505 3093 4559 τὴν
3131 4505 3246 4554 τότε
3297 4500 3618 4571 ἀνάπαυσιν,
3672 4513 3762 4561 καὶ
3809 4513 3988 4585 προτί-

2383 4605 2546 4658 μησιν
2595 4595 2695 4639 τῶν
2744 4584 2956 4641 δώδεκα
2995 4591 3264 4662 μαθητῶν,
3313 4595 3404 4643 καὶ
3454 4598 3552 4652 τὴν
3596 4584 3868 4650 κοινωνίαν
3902 4603 3989 4655 τῆς

2385 4673 2658 4748 βασιλείας
2708 4675 2889 4732 αὐτοῦ.
2941 4682 3205 4751 Κρίνοντες
3237 4675 3297 4732 δέ
3346 4699 3534 4751 φησιν,
3572 4683 3691 4739 ἀντὶ
3729 4695 3844 4754 τοῦ,
3893 4693 3988 4740 Κα-

2381 4769 2727 4840 τακρίνοντες.
2785 4764 2938 4820 Εἶπεν
2993 4763 3103 4832 οὖν,
3164 4768 3246 4820 ὅτι
3315 4768 3792 4834 Ἀναπαυθησεσθε
3857 4779 3987 4843 τότε,

2380 4858 2470 4906 καὶ
2555 4857 3036 4928 προτιμηθήσεσθε,
3131 4861 3223 4910 καὶ
3337 4857 3796 4931 συμϐασιλεύσετί
3881 4883 3986 4938 μοι,

2379 4948 2771 5017 κατακρίνοντες
2819 4949 2937 5006 τούς
2985 4945 3333 5020 Ἰσραηλίτας,
3367 4947 3475 5020 οὐχ
3533 4955 3606 5015 ὡς
3653 4955 3808 5009 αὐτοὶ
3847 4951 3990 5009 δικά-

2381 5033 2574 5099 ζοντες,
2629 5032 2736 5086 ἀλλ’
2795 5036 2970 5107 ὧσπερ
3018 5033 3068 5086 ἐν
3121 5044 3195 5107 τῷ
3243 5036 3466 5108 εἰκοστῷ
3522 5048 3688 5117 τρίτῳ
3737 5044 3990 5119 κεφαλαίῳ

2379 5127 2501 5185 τοὺς
2541 5125 2812 5186 Νινευίτας
2847 5126 3006 5196 ἔφησε
3033 5129 3123 5178 καὶ
3158 5129 3255 5184 τὴν
3295 5123 3633 5199 βασίλισσαν
3685 5143 3780 5188 τοῦ
3827 5139 3991 5189 Νότου

2379 5217 2708 5286 κατακρίνειν
2755 5217 2850 5271 τὴν
2879 5214 3054 5285 γενεὰν
3085 5212 3302 5283 ἐκείνην,
3345 5215 3483 5269 οὕτω
3523 5225 3617 5275 καὶ
3655 5232 3747 5276 νῦν
3789 5227 3994 5282 τούτους

2378 5304 2472 5392 τας
2519 5297 2732 5354 δώδεκα
2773 5301 2932 5392 «pulit;
2969 5309 3060 5355 τοῦ
3110 5303 3346 5377 Ἰσραήλ.
3393 5309 3492 5360 Διὰ
3534 5319 3692 5366 τοῦτο
3741 5315 3845 5392 γὰρ
3903 5313 3994 5366 ούκ

2379 5388 2487 5443 εἶπε
2517 5392 2582 5442 τὰ
2627 5393 2767 5456 ἔθνη,
2811 5387 2936 5444 ούδί
2970 5395 3064 5450 τὴν
3107 5392 3434 5466 οἰκουμένην,
3477 5395 3612 5452 ἀλλὰ
3650 5387 3839 5475 μόνους
3879 5405 3995 5462 τοὺς

2380 5478 2729 5553 Ἰσραηλίτας,
2792 5485 2909 5542 τοὺς
2964 5481 3273 5554 ὁμοφύλους,
3336 5487 3459 5546 τοὺς
3529 5502 3827 5564 συγγενεῖς,
3888 5499 3996 5547 Κα..
