4176 6428
254 412 371 469 529

1211 405 1587 464 COMMENT.
1636 401 1708 459 IN
1747 398 2197 456 MATTHI’EUM-
2235 432 2308 446 —
2344 403 2510 463 CAP.
2556 406 2710 465 XIX.

3532 409 3639 465 530

257 557 572 614 τακρινουσι
622 540 725 613 γὰρ
779 539 987 602 αύτούς,
1048 535 1153 608 ούχ
1207 537 1276 594 ὡς
1316 530 1644 598 δικάζοντες,
1687 532 1756 590 ὡς
1806 526 1863 580 εἰ·

1980 525 2337 596 judicantes,
2379 531 2485 588 sed
2509 532 2650 604 quia
2672 533 2723 588 is
2751 533 2855 607 qui
2870 533 3189 606 judicabit,
3209 549 3245 590 a
3273 532 3392 590 fide
3414 533 3632 591 horum

256 635 517 705 ρήκαμεν,
581 626 688 680 ἀλλ’
746 631 811 688 ὡς
859 634 949 680 τοῦ
1003 623 1309 685 δικάζοντος
1368 621 1470 674 ἀπὸ
1531 628 1628 680 τῆς
1680 619 1874 670 τούτων

257 723 488 778 πίστεως
559 713 1010 778 καταδικάζοντος
1078 713 1289 776 αύτούς,
1358 711 1440 763 ὁτι
1511 717 1623 770 τοίς
1696 707 1874 767 αύτοίς

260 808 611 883 ἐνετράφησαν
668 805 816 859 οὗτοί
885 823 942 858 τε
1000 806 1229 856 κάκείνοι
1287 805 1464 874 νόμοις
1541 803 1631 851 καὶ
1693 798 1869 863 ἤθεσι,

263 902 357 951 καὶ
413 897 549 970 ὅμως
613 895 760 949 οὗτοι
832 897 924 968 μὶν
994 892 1331 959 ἐπίστευσαν,
1388 889 1570 942 ἐκεῖνοι
1629 884 1689 941 δι
1749 887 1872 944 ἠπίο

272 1006 492 1046 στησαν.

337 1080 399 1130 Τί
438 1072 496 1129 δὲ
522 1093 537 1142 ;
568 1079 660 1128 καὶ
704 1075 731 1126 ὁ
758 1069 962 1136 Ἰούδας
1010 1074 1186 1147 θρόνον
1239 1069 1357 1135 ἔξει,
1390 1072 1479 1120 καὶ
1528 1071 1865 1140 κατακρινεῐς

269 1166 427 1238 Ούχί.
487 1169 644 1223 Κοινή
701 1166 792 1237 μεν
821 1164 922 1237 γὰρ
963 1163 993 1220 ἠ
1028 1159 1310 1232 ἐπαγγελία
1345 1159 1472 1232 πρὸς
1510 1160 1628 1216 τοὺς
1657 1151 1869 1208 δώδεκα

263 1257 505 1329 μαθητὰς
567 1257 656 1305 ἶνα
705 1248 836 1325 μηδ’
904 1249 952 1303 ἐν
1011 1251 1172 1322 ταύτῃ
1227 1256 1327 1300 τῶν
1383 1245 1548 1299 ἄλλων
1603 1245 1630 1296 ὁ
1663 1240 1868 1303 Ἰούδας

263 1344 589 1401 ἐλαττωθείη.
625 1340 914 1398 ψαυλὸτητι
944 1335 1003 1392 δὲ
1048 1337 1238 1410 ψυχῆς
1274 1336 1426 1396 αὐτὸς
1457 1335 1636 1388 ἐαυτὸν
1674 1335 1867 1394 ταύτης

264 1434 632 1508 ἀπεστέρησεν.
686 1429 842 1484 Ἐστι
891 1430 994 1502 γάρ
1045 1432 1201 1500 νόμος
1250 1433 1346 1478 τοῦ
1395 1431 1528 1478 Θεοῦ
1576 1425 1721 1498 παρὰ
1777 1423 1865 1476 Ἰε-

262 1528 442 1596 ρεμίου
533 1524 662 1596 πρὸς
737 1514 1030 1578 Ἰουδαίους
1113 1515 1442 1588 ἐκφωνηθεὶς,
1525 1517 1614 1566 καὶ
1683 1511 1862 1583 λέγων’

263 1613 377 1666 Ἐὰν
479 1608 772 1684 ἐπιστρέψῃ
910 1611 961 1659 τὸ
1073 1607 1216 1667 ἔθνος
1307 1603 1466 1656 ἐκεῖνο
1564 1601 1666 1654 διπό
1765 1608 1864 1652 τῶν

263 1709 455 1754 κακιῶν
538 1699 730 1768 αὐτῶν,
815 1701 1113 1768 μετανοήσω
1183 1692 1328 1766 κάγὼ
1411 1691 1511 1744 ἀπὸ
1592 1699 1690 1743 τῶν
1773 1709 1865 1742 κα-

263 1799 383 1855 κῶν,
452 1790 522 1841 ὧν
583 1787 902 1858 ἐλογισάμην
971 1792 1195 1842 ποιῆσαι
1266 1781 1461 1842 αὐτοῖς.
1541 1776 1686 1844 Εἶτα,
1764 1783 1863 1832 Καὶ

268 1878 350 1932 ἐὰν
425 1884 693 1935 ποιήσωσι
752 1879 812 1927 τὸ
879 1876 1101 1946 πονηρὸν
1168 1870 1377 1925 ἐνώπιόν
1451 1889 1574 1942 μου,
1639 1875 1732 1920 τοῦ
1787 1871 1859 1939 μή
1899 1878 1939 1933 Β

273 1966 476 2020 ἀκούειν
552 1975 640 2026 τῆς
712 1970 883 2037 φωνῆς
955 1981 1077 2035 μου,
1159 1964 1463 2033 μετανοήσω
1535 1957 1681 2028 κάγὼ
1745 1961 1864 2028 περὶ

279 2065 378 2107 τῶν
455 2054 674 2125 ἀγαθῶν,
724 2053 790 2104 ὧν
845 2051 1074 2109 ἐλάλησα
1126 2057 1218 2102 τοῦ
1273 2057 1497 2106 ποιῆσαι
1549 2045 1746 2106 αὐτοῖς.
1795 2049 1860 2097 Τί

291 2144 377 2196 οὖν
423 2162 577 2215 φησιν
621 2143 751 2202 οὗτος
785 2143 811 2193 ὁ
861 2145 1055 2213 νόμος;
1092 2140 1172 2191 ὅτι
1219 2137 1338 2193 Ἐὰν
1377 2135 1645 2194 ἀπειλήσω
1684 2141 1860 2186 κακῶ-

294 2235 387 2284 σαί
435 2250 514 2294 σε,
564 2235 651 2282 καὶ
688 2227 978 2305 διορθωθῇς,
1024 2228 1197 2290 λύσεις
1240 2246 1340 2299 μου
1388 2230 1482 2284 τὴν
1524 2223 1718 2296 ψῆφον·
1771 2226 1862 2274 καὶ

289 2321 377 2374 ἐὰν
430 2322 736 2392 ύπόσχωμαί
778 2339 861 2372 σοι
916 2315 1109 2390 ἀγαθά,
1162 2321 1251 2369 καὶ
1302 2315 1634 2390 ρᾳθυμήσης,
1686 2311 1862 2374 λύσεις

277 2431 379 2470 μου
419 2413 513 2467 τήν
549 2407 862 2480 ἐπαγγελίαν.
917 2410 984 2460 Σύ
1036 2410 1138 2479 γὰρ
1188 2409 1374 2470 αἴτιος,
1417 2402 1619 2466 ἀνάξιος
1667 2403 1860 2463 ταύτης

265 2504 546 2571 γενόμενος.
608 2499 889 2551 Μετάνοιαν
941 2498 1040 2572 γὰρ
1097 2494 1181 2548 ἐπὶ
1231 2501 1321 2547 τοῦ
1372 2498 1500 2547 Θεοῦ
1551 2496 1646 2551 την
1719 2489 1860 2543 ἐναλ-

260 2591 425 2660 λαγὴν
462 2594 556 2640 τοῦ
597 2594 797 2640 σκοποῦ
849 2593 1079 2658 νοοῦμεν,
1135 2586 1199 2646 ἧς
1249 2582 1411 2636 αἱτιοι
1452 2583 1653 2642 πάντως
1691 2582 1857 2653 ἡμεῖς.

257 2682 372 2751 Χρό
416 2673 478 2730 δε
519 2683 815 2748 γινώσκειν,
871 2679 952 2728 ὅτι
987 2682 1093 2735 τοῖς
1142 2670 1354 2727 δώδεκα
1404 2672 1665 2743 μαθηταῖς
1705 2689 1861 2723 συνα-

256 2769 436 2842 ριθμεῖ
497 2771 590 2819 καὶ
660 2769 778 2826 τούς
848 2766 1060 2840 ὕστερον
1124 2762 1565 2835 ἀντεισαχθέντας
1637 2760 1705 2821 εἰς
1773 2763 1860 2812 τὸν

257 2860 420 2929 χορὸν
451 2865 553 2908 τῶν
594 2851 808 2908 δώδεκα
850 2855 1114 2926 μαθητῶν,
1149 2856 1220 2916 ὡς
1245 2856 1338 2911 τὴν
1368 2852 1530 2910 αὐτὴν
1561 2856 1650 2904 καὶ
1679 2856 1859 2904 πίστιν

259 2951 347 2998 καί
371 2943 646 2998 διακονίαν
673 2940 1028 3006 ἀναδέξασθαι
1057 2941 1353 3016 μέλλοντας.

333 3039 433 3088 Καὶ
513 3065 585 3075 -
640 3033 1042 3108 κληρονομήσει.
1114 3032 1257 3106 Ὑμῖν
1331 3034 1420 3102 μεν
1484 3037 1593 3093 τοῖς
1648 3026 1862 3084 δώδεκα

258 3128 554 3195 γενήσεται,
609 3124 783 3184 καθὼς
831 3125 1031 3197 εῖρηκα,
1082 3127 1173 3173 καὶ
1211 3129 1318 3182 τοῖς
1370 3120 1546 3182 ἄλλοις
1593 3116 1652 3173 δέ
1703 3125 1856 3185 πᾶσι,

258 3220 366 3276 τοῖς
403 3215 767 3278 πιστεύουσιν,
809 3214 956 3264 ἔσται
985 3208 1114 3264 τάδε
1141 3215 1232 3263 καὶ
1277 3206 1424 3264 τάδε.
1458 3211 1726 3272 Menenio;
1897 3228 1936 3282 ο

259 3303 344 3354 οὖν
419 3303 581 3367 εἶπεν,
659 3303 817 3354 ἕνεκεν
892 3307 983 3354 τοῦ
1039 3300 1284 3373 ὀνόματός
1359 3319 1481 3373 μου,
1560 3299 1674 3351 ἀντὶ
1743 3305 1855 3364 τοῦ,

260 3389 336 3444 δι’
424 3390 533 3464 ἐμέ.
615 3392 829 3464 Μάρκος
903 3386 962 3442 δι
1055 3392 1396 3464 προσέθηκεν,
1471 3389 1552 3442 ὃτι
1615 3393 1704 3440 καὶ
1766 3395 1858 3440 τοῦ

259 3480 598 3552 Εύαγγελίου,
650 3483 912 3546 τουτέστι,
963 3484 1053 3532 καὶ
1101 3475 1195 3532 διὰ
1235 3482 1293 3532 τὸ
1331 3483 1600 3551 κήρυγμα.
1649 3484 1859 3538 Λουκᾶς

259 3566 318 3621 δὲ
398 3589 578 3641 φησιν,
658 3568 738 3621 ὃτι
806 3571 965 3621 ἕνεκεν
1038 3576 1126 3629 τῆς
1205 3567 1474 3642 βασιλείας
1542 3586 1634 3620 του
1699 3574 1856 3630 Θεοῦ,

257 3660 440 3730 ἤγουν,
491 3654 585 3710 διὰ
630 3662 725 3716 τὴν
775 3656 1045 3730 βασιλείαν
1094 3665 1186 3711 τοῦ
1237 3664 1384 3722 Θεοῦ,
1427 3657 1512 3710 ἱνα
1553 3659 1696 3730 τύχη
1729 3659 1856 3709 ταύο

255 3767 372 3808 της.
417 3746 619 3820 Ὠσπερ
666 3743 744 3811 δὲ,
777 3747 896 3800 ὃταν
944 3746 1128 3818 ἔλεγεν,
1159 3747 1217 3799 Ὀ
1249 3745 1501 3807 ἀπολέσας
1531 3751 1626 3805 τὴν
1669 3745 1855 3818 ψυχὴν

256 3837 420 3890 αὐτοῦ
463 3839 623 3890 ἕνεκεν
676 3836 818 3905 ἐμοῦ,
867 3837 1078 3911 εὑρήσει
1124 3838 1309 3906 αὐτὴν,
1353 3838 1412 3890 ού
1463 3846 1616 3891 τοῦτο
1669 3836 1857 3909 ΰεγεν,

254 3926 338 3979 ἱνα
406 3925 693 4000 ἀναιρῶμεν
747 3927 978 3992 ἑαυτούς,
1051 3927 1160 3979 ἀλλ’
1237 3926 1322 3980 ἱνα
1372 3933 1462 3980 καὶ
1535 3927 1696 3990 αύτῆς
1767 3935 1856 3989 τῆς

252 4017 441 4088 ψυχῆς
517 4018 662 4088 ἡμῶν
739 4025 1068 4092 προτιμῶμεν
1125 4023 1220 4076 τὴν
1292 4017 1364 4080 εἰς
1429 4017 1584 4070 αύτὸν
1652 4022 1852 4071 πίστιν·

252 4107 392 4159 οὕτω
436 4110 529 4157 καὶ
578 4113 666 4156 νῦν
723 4105 899 4178 λέγων,
947 4105 1044 4169 ’⁷ος
1098 4105 1261 4180 ἀφῆκε
1304 4115 1549 4180 γυναῖκα,
1603 4107 1700 4180 οὐχ
1775 4109 1858 4160 ἶνα

255 4193 564 4267 διασπώμεν
617 4195 788 4258 ἁπλῶς
837 4200 953 4257 τοὺς
1007 4199 1230 4269 γάμους,
1298 4201 1452 4250 τοῦτό
1509 4216 1689 4270 φησιν,
1753 4195 1858 4249 ἀλλ’

254 4287 340 4337 ἶνα
392 4289 482 4337 καὶ
524 4283 682 4345 αὐτῆς
727 4293 818 4346 τῆς
864 4285 1098 4358 συζύγου
1154 4295 1485 4360 προ-τιμῶμεν
1533 4291 1623 4339 καὶ
1680 4285 1852 4356 αύτὸν,

256 4379 351 4425 καὶ
401 4377 457 4426 τὸ
512 4373 846 4446 Εύαγγέλιον,
903 4379 993 4428 καὶ
1049 4379 1144 4433 τὴν
1201 4373 1472 4448 βασιλείαν
1542 4383 1635 4428 τοῦ
1697 4382 1852 4430 Θεοῦ.

263 4467 424 4515 Τοῦτο
491 4459 552 4516 δε
620 4467 710 4516 καὶ
765 4462 848 4517 ἐπὶ
910 4466 1086 4527 πάσης
1160 4464 1318 4527 ἄλλης
1385 4469 1687 4537 συγγενείας
1765 4469 1855 4518 καὶ

257 4551 594 4615 οἰκειότητος.

325 4645 537 4717 Μάρκος
589 4638 649 4695 δι
697 4647 788 4696 καὶ
833 4647 1041 4705 Λουκᾶς
1084 4650 1426 4720 φανερώτερον
1483 4649 1602 4720 περὶ
1661 4646 1854 4696 τούτων

257 4730 537 4804 ἐκθέμενοι,
639 4735 734 4791 τὴν
831 4731 1337 4786 ἑκατονταπλασίονα
1449 4731 1672 4806 ἀμοιϐὴν
1782 4741 1855 4804 τῷ

256 4830 425 4896 καιρῷ
466 4823 634 4894 τούτῳ
678 4821 1145 4897 ἀποκεκληρῶσθαί
1200 4842 1378 4896 φασιν,
1421 4826 1604 4894 ἤγουν,
1645 4831 1716 4893 τῷ
1767 4829 1855 4874 νῦν

258 4913 426 4963 αἰῶνιο
478 4915 573 4969 τὴν
613 4907 672 4964 δὲ
722 4910 927 4963 αἰώνιον
990 4911 1149 4977 ζωὴν,
1201 4921 1275 4983 τῷ
1327 4910 1610 4986 ἐρχομένῳ,
1667 4915 1853 4976 εῖτουν,

1884 4579 1930 4634 D

255 5009 327 5071 τῷ
415 4999 668 5073 μελλοντι.
755 4999 1292 5054 Ἐκατόνταπλασίονα
1375 4999 1454 5068 δὲ,
1545 5000 1659 5054 ἀντὶ
1740 5008 1855 5069 τοῦ,

255 5088 696 5143 πολλαπλασίονα.
745 5089 897 5142 Οὕτω
937 5093 1040 5165 γὰρ
1089 5091 1165 5164 (ὁ)
1203 5088 1337 5145 εἶπεν
1377 5093 1402 5144 ὁ
1437 5098 1667 5154 Λουκᾶς.
1703 5090 1859 5146 Ἀλλὰ

256 5187 364 5241 πῶς
415 5181 477 5232 ἄν
532 5199 611 5242 τις
662 5177 810 5233 λάϐοι
852 5185 945 5239 τὴν
991 5180 1413 5235 πολλαπλασίονα
1452 5184 1648 5241 ταύτην
1706 5180 1854 5256 ἀμοι-

258 5266 355 5326 ϐὴν
401 5266 451 5319 ἐν
479 5277 550 5340 τῷ
583 5276 670 5320 νῦν
722 5269 904 5334 «iam;
956 5275 1102 5339 1103;;
1157 5269 1246 5332 Ὠς
1274 5269 1454 5323 ἔλαϐον
1493 5271 1542 5324 οἰ
1573 5270 1855 5325 ἀπόστολοι

329 5449 371 5485 ⁸⁸
400 5448 614 5504 Jerem.
645 5463 804 5514 xvm,
845 5447 898 5516 8,
932 5451 1016 5505 10.
1094 5450 1144 5486 ⁸ο
1181 5451 1355 5506 Marc.
1396 5466 1455 5515 x,
1485 5449 1573 5506 29.

1651 5450 1694 5486 ⁵¹
1739 5446 1878 5505 Luc.
1901 5463 2063 5518 xvm,
2089 5448 2184 5503 29.

1983 617 2057 672 sit
2098 617 2606 678 condemnaturus
2657 622 2812 678 illos.
2849 623 3152 696 Siquidem
3219 638 3358 678 cum
3405 622 3632 679 eisdem

1981 705 2251 762 moribus
2282 722 2353 765 ac
2391 707 2624 779 legibus
2676 715 2732 767 et
2785 710 2847 767 bi
2894 716 2951 767 et
2985 710 3068 766 illi
3116 710 3237 767 sint
3282 712 3536 782 enutriti,
3569 711 3632 768 bi

1981 799 2182 853 tamen
2211 796 2607 870 crediderunt,
2637 798 2720 855 illi
2744 814 2886 858 vero
2914 798 3156 856 credere
3181 797 3520 856 noluerunt.

2050 1043 2200 1110 Quid
2241 1059 2384 1118 ergo
2435 1045 2464 1100 ?
2497 1046 2756 1104 Judasne
2785 1047 2966 1105 etiam
3023 1048 3230 1105 sedem
3275 1046 3520 1105 habebit
3573 1053 3630 1105 et

1977 1133 2406 1191 condemnabit
2426 1133 2456 1189 7
2478 1139 2893 1210 Nequaquam.
2913 1136 3259 1195 Communis
3288 1136 3446 1194 enim
3474 1137 3630 1195 facta

1977 1227 2065 1279 est
2119 1223 2438 1294 promissio
2491 1224 2574 1281 ad
2621 1224 2944 1283 duodecim
2996 1225 3345 1299 discipulos,
3404 1241 3480 1282 ne
3523 1241 3630 1297 per

1975 1311 2134 1368 hanc
2161 1312 2345 1369 Judas
2387 1313 2450 1369 in
2507 1313 2628 1372 ullo
2665 1315 2893 1371 caeteris
2949 1314 3207 1373 deterior
3259 1313 3578 1372 haberetur
3611 1332 3626 1382 ;

1974 1400 2102 1472 ipse
2123 1416 2264 1456 vero
2295 1401 2513 1458 animas
2561 1403 2852 1476 pravitate
2889 1404 3157 1476 seipsum
3184 1402 3298 1460 hac
3338 1403 3617 1476 privavit.

1977 1490 2074 1544 Est
2106 1490 2265 1546 enim
2322 1490 2423 1547 Dei
2473 1489 2566 1548 lex
2603 1507 2640 1548 a
2693 1491 2953 1550 Ieremia
3001 1493 3384 1565 promulgata
3418 1491 3499 1549 ad
3527 1493 3628 1548 Ju-

1974 1577 2160 1646 daaos,
2186 1594 2320 1650 quas
2347 1578 2488 1635 dicit
2519 1595 2532 1634 :
2566 1579 2634 1636 Si
2663 1595 2943 1638 conversa
2991 1583 3178 1652 fuerit
3212 1595 3355 1652 gens
3399 1579 3501 1638 illa
3548 1580 3626 1638 ab

1971 1665 2385 1738 iniquitatibus
2415 1669 2555 1736 suis,
2586 1669 2882 1739 panitebit
2933 1676 2989 1728 et
3033 1684 3127 1726 me
3175 1669 3469 1725 malorum
3503 1684 3626 1740 quae

1973 1758 2356 1826 cogitaveram
2380 1757 2580 1828 facere
2603 1758 2748 1814 illis.
2781 1757 3005 1815 Deinde
3033 1758 3150 1814 ait:
3187 1759 3259 1814 Et
3288 1759 3341 1813 si
3365 1758 3624 1827 fecerint

1971 1845 2192 1900 malum
2215 1860 2408 1901 coram
2440 1861 2551 1913 me,
2576 1852 2641 1902 ut
2658 1861 2775 1902 non
2796 1847 3042 1902 audiant
3067 1861 3262 1903 vocem
3292 1861 3490 1912 meam,
3508 1861 3620 1915 pa:-

1969 1931 2162 1988 nitebit
2186 1939 2240 1988 et
2269 1949 2358 1990 me
2379 1933 2624 1990 debonis
2645 1949 2776 2007 qua:
2795 1935 3170 1992 decreveram
3180 1935 3380 2004 facere
3396 1935 3517 1992 illis
3547 1935 3618 1988 ‘9.

1970 2021 2121 2087 Quid
2160 2039 2302 2090 ergo
2343 2023 2426 2079 ait
2498 2023 2617 2080 ista
2665 2022 2817 2080 lex?
2863 2023 2924 2080 Si
2980 2024 3384 2081 comminatus
3452 2023 3622 2081 fuero

1969 2117 2033 2165 ut
2076 2109 2294 2167 faciam
2358 2111 2463 2168 tibi
2514 2111 2766 2179 malum,
2813 2118 2872 2170 et
2905 2118 2970 2169 tu
3033 2112 3374 2184 corrigam,
3424 2111 3618 2169 solves

1966 2213 2168 2255 meam
2195 2201 2589 2258 sententiam:
2623 2205 2680 2258 et
2716 2200 2764 2258 si
2793 2201 3128 2274 promisero
3189 2201 3295 2257 tibi
3342 2201 3529 2267 bona,
3563 2205 3622 2258 et

1967 2287 2261 2358 ignaviter
2325 2289 2534 2362 egeris,
2587 2289 2783 2348 solves
2836 2305 3036 2347 meam
3107 2289 3618 2362 promissionem:

1967 2384 2070 2434 tua
2093 2377 2253 2434 enim
2311 2394 2498 2437 causa
2546 2379 2740 2437 factus
2787 2395 2851 2436 es
2881 2395 2953 2436 ea
2978 2379 3286 2449 indignus.
3329 2380 3620 2436 Paeniten-

1967 2466 2112 2522 tiam
2140 2483 2282 2538 ergo
2311 2467 2375 2524 in
2404 2469 2525 2526 Deo
2573 2467 2963 2540 intelligimus
3009 2467 3299 2541 propositi
3342 2467 3618 2525 mutatio-

1965 2571 2126 2623 nem,
2177 2556 2351 2628 cujus
2407 2573 2519 2614 nos
2583 2556 2835 2615 omnino
2909 2573 3093 2614 causa
3150 2573 3381 2614 sumus.
3462 2555 3620 2612 Scire

1966 2649 2166 2701 autem
2211 2650 2462 2718 oportet,
2501 2645 2668 2719 quod
2728 2645 3042 2718 discipulis
3071 2649 3469 2702 connumerat
3515 2659 3619 2700 eos

1965 2733 2070 2806 qui
2093 2736 2480 2806 postmodum
2499 2735 2563 2791 in
2577 2734 2830 2792 chorum
2845 2734 3158 2792 duodecim
3182 2732 3620 2806 discipulorum

1966 2822 2406 2892 subingressuri
2459 2828 2598 2882 sunt
2644 2828 2848 2897 utpote
2903 2823 3182 2882 eamdem
3210 2822 3397 2880 ﬁdem
3435 2821 3621 2878 idem-

1967 2927 2085 2984 que
2107 2912 2505 2970 ministerium
2531 2914 2891 2987 suscepturi.

2036 3001 2199 3058 Vers-
2240 3003 2328 3058 29.
2358 3002 2433 3058 Et
2458 3033 2526 3044 —
2557 3001 2898 3061 haroditate
2947 3003 3220 3073 accipiet.
3278 2999 3457 3058 Vobis
3487 2999 3616 3074 qui-

1965 3089 2104 3150 dem
2134 3089 2457 3148 duodecim
2513 3094 2861 3162 contingent
2880 3107 3016 3165 quae
3047 3091 3191 3155 dixi,
3225 3089 3453 3146 casteria
3478 3104 3616 3146 vero

1967 3177 2348 3235 credentibus
2403 3185 2577 3238 erunt
2637 3181 2768 3237 hinc
2837 3181 2971 3236 ista.
3053 3178 3359 3236 Mattheus
3414 3177 3618 3251 itaque

1967 3265 2117 3323 dixit
2147 3284 2160 3322 :
2197 3267 2440 3324 Prorter
2474 3284 2679 3326 nomen
2721 3284 2934 3335 meum,
2959 3267 3022 3323 id
3069 3273 3176 3334 est,
3224 3270 3468 3339 propter
3497 3282 3615 3322 me.

1966 3358 2191 3413 Marcus
2212 3362 2410 3414 autem
2439 3357 2670 3414 addidit
2697 3375 2711 3413 :
2741 3358 2819 3413 Et
2863 3362 3112 3426 propter
3155 3354 3518 3427 evangelium
3542 3355 3612 3410 ⁵ο.

1964 3444 2080 3500 hoc
2101 3455 2193 3502 est
2231 3449 2476 3518 propter
2526 3445 3040 3517 praedicationem.
3073 3443 3268 3500 Lucas
3316 3458 3455 3498 vero
3484 3442 3568 3498 ait
3597 3459 3610 3498 :

1966 3532 2220 3606 Propter
2242 3550 2490 3606 regnum
2513 3533 2616 3590 Dei
2643 3535 2713 3600 ⁵³,
2749 3537 2816 3589 ut
2842 3531 3062 3588 scilicet
3089 3530 3238 3588 illud
3284 3545 3612 3602 consequa-

1966 3639 2084 3688 tur.
2134 3623 2652 3694 Quemadmodum
2696 3626 2897 3681 autem
2924 3619 3172 3696 quando
3196 3618 3435 3676 dicebat
3462 3641 3474 3675 :
3505 3619 3616 3685 Qui

1961 3717 2277 3794 perdiderit
2307 3715 2563 3772 animam
2597 3727 2764 3770 suam
2788 3726 2915 3770 mea
2957 3725 3164 3782 causa,
3186 3709 3442 3767 inveniet
3465 3723 3612 3776 eam,

1963 3826 2088 3868 non
2115 3809 2229 3866 hoc
2259 3805 2514 3863 dicebat.
2560 3807 2624 3860 ut
2650 3802 2930 3874 nosipsos
2960 3800 3391 3880 interimamus,
3421 3798 3528 3855 sed
3553 3802 3618 3856 ut

1963 3898 2074 3972 ipsi
2117 3899 2297 3955 etiam
2335 3895 2547 3952 animas
2597 3896 2838 3956 nostrae,
2887 3890 3066 3947 ﬁdem
3121 3905 3257 3962 quae
3307 3888 3369 3944 in
3415 3888 3616 3961 ipsum

1963 3994 2053 4045 est
2083 3999 2526 4060 praeponamus,
2557 3981 2641 4039 ita
2670 3986 2728 4038 et
2763 3997 2924 4036 nunc
2943 3979 3143 4036 dicens
3169 3999 3184 4034 :
3220 3978 3334 4046 Qui
3361 3977 3614 4049 relique-

1964 4085 2045 4135 rit
2083 4090 2350 4138 uxorem,
2411 4087 2535 4129 non
2586 4071 2699 4128 hoc
2745 4068 2909 4136 dixit,
2969 4073 3034 4125 ut
3086 4069 3330 4140 nuptias
3384 4067 3616 4138 penitus

1965 4165 2210 4229 dividat,
2245 4162 2354 4219 sed
2398 4165 2465 4217 ut
2485 4159 2601 4232 ipsi
2629 4173 2868 4232 quoque
2899 4155 3142 4226 coniugi
3189 4169 3616 4226 praeponamus

1964 4259 2024 4311 et
2068 4254 2273 4324 ipsum
2314 4254 2371 4306 et
2429 4246 2826 4317 Evangelium
2875 4249 2932 4300 et
2989 4258 3242 4316 regnum
3288 4241 3412 4297 Dei.
3496 4241 3615 4297 Hoc

1963 4348 2165 4400 autem
2191 4339 2326 4397 etin
2353 4336 2521 4394 omni
2571 4334 2686 4391 alia
2724 4332 3076 4404 cognatione
3103 4333 3160 4386 et
3212 4328 3614 4386 familiaritate

1963 4431 2286 4490 dicendum
2311 4431 2419 4484 est.

2035 4648 2267 4703 Marcus
2313 4647 2602 4716 praaterea
2649 4641 2707 4694 et
2752 4636 2941 4692 Lucas
2993 4633 3372 4691 manifestius
3403 4632 3479 4689 de
3518 4631 3614 4688 his

1965 4736 2293 4796 recitantes,
2337 4727 2680 4801 centuplam
2701 4723 3154 4781 retributionem
3191 4723 3306 4779 hoc
3350 4729 3614 4794 tempore

1964 4822 2212 4897 rependi
2257 4821 2486 4886 dicunt,
2549 4815 2611 4872 in
2653 4815 2769 4872 hoc
2815 4812 3091 4869 videlicet
3157 4812 3396 4876 saeculo,
3428 4810 3616 4868 vitam

1966 4921 2164 4971 autem
2213 4915 2499 4966 aeternam
2562 4909 2815 4962 venturo
2889 4902 3009 4958 sive
3079 4901 3280 4959 futuro
3358 4902 3426 4966 ⁵³,
3499 4901 3617 4957 Cen

1965 5001 2133 5074 tupla
2162 5014 2321 5063 vero,
2352 4997 2466 5052 hoc
2514 4999 2620 5062 est,
2660 4991 2824 5050 varie
2879 4989 3290 5062 multiplicata,
3331 4993 3436 5046 aut
3465 4987 3616 5046 mul-

1965 5097 2027 5150 to
2061 5089 2253 5162 plura,
2304 5087 2455 5142 sicut
2491 5083 2642 5141 dixit
2679 5085 2886 5140 Lucas.
2939 5080 3053 5138 Sed
3084 5079 3395 5152 quomodo
3451 5077 3616 5135 varie

1967 5178 2421 5252 multiplicatam
2484 5173 2727 5245 accipiet
2777 5170 2914 5245 quis
2963 5169 3116 5226 hanc
3163 5167 3617 5225 retributionem

1965 5270 2028 5326 in
2054 5266 2331 5342 praesenti
2358 5264 2577 5322 saeculo
2600 5265 2628 5320 ?
2653 5259 2964 5330 Quomodo
2995 5262 3024 5315 ?
3051 5258 3212 5316 Sicut
3259 5259 3618 5330 acceperunt

2268 5446 2316 5481 ⁵³
2342 5446 2519 5502 Marc.
2550 5458 2604 5499 ι.
2638 5446 2726 5500 30.
2759 5440 2901 5499 Luc.
2939 5454 3100 5504 xvm,
3133 5441 3220 5494 30.

1498 5627 1724 5697 Varia:
1761 5626 2090 5697 lectiones
2113 5633 2178 5692 et
2207 5630 2412 5690 notae.

327 5715 408 5787 (ι)
431 5713 524 5770 Ἀν
548 5713 714 5772 addit
738 5715 798 5772 Β.
