4198 6472
559 424 661 482 531
1881 409 2226 471 EUTHYMII

2337 408 2616 464 [GABENI

3830 411 3938 467 532

565 551 815 624 apostoli
843 553 900 606 et
936 554 1228 620 martyres
1254 547 1566 619 caaterique
1613 558 1826 602 omnes
1866 541 2032 613 justi.
2075 538 2217 593 Vide

2337 540 2415 587 tati
2462 538 2510 587 oi
2553 539 2813 610 μάρτυρες
2855 543 2944 590 καὶ
2985 540 3035 589 οἱ
3079 534 3280 590 δίκαιοι
3333 538 3578 599 ἅπαντες.
3622 537 3761 611 Ὀρα
3805 540 3934 611 γὰρ,

565 640 724 697 enim
763 638 928 710 quod
952 637 1224 693 omnium
1275 635 1542 692 ﬁdelium
1597 634 1816 690 domos
1870 630 1979 686 sibi
2031 627 2217 685 habe-

562 729 712 786 hant
759 731 1021 800 apertas.
1102 729 1328 782 Fratres
1374 725 1551 781 etiam
1591 730 1647 780 et
1697 737 1930 780 sorores
1974 732 2217 791 parave-

563 822 699 874 runt
741 832 949 873 omnes
1002 822 1241 872 sanctos
1285 820 1340 871 et
1371 818 1612 870 sanctas
1644 829 1659 880 ;
1695 816 1895 885 patres
1921 823 2062 864 vero
2089 822 2218 862 om-

566 923 672 962 nes
701 907 866 978 ipsos
895 905 1179 975 colentes,
1210 905 1604 977 ipsorumque
1656 916 1864 957 curam
1906 898 2216 961 habentes,

566 1013 635 1053 ac
665 1011 804 1067 erga
847 995 1011 1066 ipsos
1064 993 1504 1065 compassionis
1547 990 1766 1048 affectu
1809 993 1998 1044 tactos
2029 1003 2042 1053 ;
2075 999 2218 1040 nam

566 1085 696 1142 haec
737 1087 874 1139 sunt
919 1083 1159 1155 propria
1196 1082 1382 1153 patris
1420 1104 1431 1148 ;
1466 1084 1686 1136 matres
1734 1093 1974 1152 quoque
2005 1089 2217 1130 omnes

568 1173 698 1246 pari
723 1172 904 1228 modo
953 1188 1014 1227 se
1060 1171 1352 1228 habentes
1386 1187 1400 1237 ;
1433 1185 1651 1226 uxores
1696 1183 1835 1224 vero
1878 1180 2088 1222 omnes
2115 1162 2221 1218 mi-

569 1261 915 1324 nistrantes,
961 1260 1402 1316 subservientes
1461 1275 1531 1314 ac
1579 1260 1854 1314 curantes
1911 1270 2031 1319 eos,
2090 1252 2219 1307 haec

569 1349 867 1422 siquidem
909 1350 1108 1405 uxoris
1139 1355 1274 1405 sunt
1323 1363 1508 1420 opera
1534 1365 1548 1413 ;
1580 1347 1733 1402 ﬁlios
1763 1348 2065 1417 prazterea,
2095 1357 2221 1396 om-

568 1455 678 1495 nes
710 1437 1026 1511 dicipulos.
1111 1437 1203 1493 Ad
1250 1436 1377 1492 haec
1450 1451 1656 1491 omnes
1723 1432 1990 1490 fidelium
2044 1445 2221 1500 agros

571 1528 635 1584 in
691 1543 800 1583 sua
851 1531 1137 1600 potestate
1188 1525 1492 1581 habebant
1535 1541 1547 1579 :
1605 1523 1892 1596 quodque
1946 1520 2220 1576 omnium

573 1622 661 1675 est
713 1617 974 1673 maxime
1035 1613 1408 1682 admirabile,
1484 1614 1689 1669 omnia
1741 1611 1872 1668 hmo
1922 1610 2224 1666 habebant

572 1723 705 1766 cum
765 1707 1292 1780 persecutionibus,
1362 1709 1540 1778 prout
1595 1702 1826 1760 addidit
1882 1705 2110 1759 Marcus
2149 1702 2218 1766 ⁵³,

570 1793 686 1854 hoc
738 1799 829 1852 est
880 1813 914 1851 a
970 1794 1110 1851 ﬁdei
1184 1793 1436 1850 inimicis
1501 1792 1977 1867 persecutionem
2047 1789 2220 1846 susti-

2326 624 2407 676 ὃτι
2457 627 2633 687 πάσας
2681 629 2770 686 τὰς
2842 629 3043 679 πάντων
3117 634 3216 678 τῶν
3284 636 3483 679 πιστῶν
3545 626 3716 689 οἰκίας
3771 629 3938 699 ἔσχον

2328 711 2747 787 ἀναπεπταμένας
2835 715 3032 783 αὐτοῖς,
3132 721 3222 768 καὶ
3325 714 3576 788 ἀδελφούς
3668 719 3758 789 μεν
3845 721 3942 769 καὶ

2328 801 2552 878 ἀδελφὰς
2604 804 2890 863 έκτόσαντο
2940 808 3138 868 πάντας
3196 811 3318 868 τοὺς
3375 807 3558 878 ἁγίους
3607 813 3699 860 καὶ
3759 809 3944 870 πάσας

2327 895 2419 956 τὰς
2462 894 2635 965 ἁγίας,
2680 898 2906 968 πατέρας
2964 890 3024 948 δι
3072 897 3264 956 πάντας
3311 900 3428 956 τοὺς
3482 895 3790 968 στέργοντας
3841 902 3938 950 καὶ

2329 984 2697 1058 φροντίζοντας
2724 989 2813 1037 καὶ
2856 984 3377 1057 σπλαγχνιζομένους
3407 984 3480 1038 ἒπ⁹
3519 985 3712 1046 αύτοῖςο
3761 994 3938 1039 ταῦτα

2327 1075 2430 1145 γὰρ
2498 1069 2618 1126 ῖδια
2683 1079 2900 1146 πατρὸς·
2966 1077 3192 1146 μητέρας
3246 1071 3325 1139 δὲ,
3378 1077 3550 1135 πάσας
3597 1077 3691 1138 τὰς
3741 1077 3936 1148 ὁμοίως

2329 1160 2581 1233 ἐχούσας·
2639 1170 2889 1233 γυναῖκας
2939 1159 2999 1215 δι
3048 1166 3223 1225 πάσας
3275 1165 3365 1224 τὰς
3421 1159 3766 1226 διακονούσας
3837 1170 3937 1218 καὶ

2328 1252 2687 1323 ὑπηρετούσας
2756 1257 2844 1304 καὶ
2917 1250 3284 1324 ὶπιμελομένας
3343 1253 3532 1305 αὐτῶν·
3600 1261 3768 1306 ταῦτα
3829 1257 3940 1328 γὰρ

2330 1344 2457 1413 ἔργα
2523 1345 2787 1412 γυναικός·
2855 1345 3007 1394 τέκνα
3073 1338 3132 1394 δι
3208 1343 3405 1403 πάντας
3475 1346 3595 1405 τοὺς
3665 1345 3938 1415 μαθητάς,

2330 1429 2486 1483 Ἀλλὰ
2533 1436 2622 1483 καὶ
2668 1432 2863 1492 πάντας
2909 1435 3030 1492 τούς
3074 1429 3266 1503 ἀγροὺς
3314 1440 3412 1484 τῶν
3455 1440 3655 1485 πιστῶν
3687 1430 3832 1505 εἶχον
3863 1436 3940 1499 εἰς

2331 1519 2594 1582 ἐξουσίαν,
2641 1524 2740 1573 Καὶ
2788 1524 2846 1572 τὸ
2878 1517 3323 1593 παραδοξότατον,
3380 1523 3548 1574 πάντα
3576 1530 3744 1574 ταῦτα
3773 1527 3939 1597 ἔσχον

2331 1612 2462 1682 μετὰ
2514 1607 2784 1681 διωγμῶν,
2843 1613 2911 1672 ὡς
2965 1611 2990 1661 6
3043 1613 3255 1684 Μάρκος
3311 1613 3648 1684 προσέθηκεν·
3704 1614 3729 1665 ὃ
3798 1613 3934 1682 ἐστι,

2334 1695 2641 1771 διωκόμενοι
2712 1702 2857 1773 παρὰ
2926 1707 3026 1752 τῶν
3104 1698 3308 1772 ἐχθρῶν
3377 1709 3468 1760 τῆς
3534 1706 3775 1763 πίστεως.
3840 1705 3931 1762 Eia

2333 1785 2382 1840 δ’
2435 1790 2496 1840 οἷν
2539 1787 2937 1841 πολλαπλασίων
2983 1788 3194 1861 ἀμοιϐὴ,
3243 1794 3332 1841 καὶ
3381 1791 3410 1848 ἡ
3449 1792 3615 1865 χάρις
3654 1799 3754 1844 τῶν
3787 1793 3930 1865 ἰαμά-

571 1893 798 1943 nentes.
873 1886 1066 1940 Potest
1134 1883 1314 1940 etiam
1390 1897 1519 1939 esse
1597 1880 2030 1955 multiplicatio,
2092 1895 2219 1950 gra-

2337 1897 2448 1947 των,
2519 1883 2550 1937 ἦ
2632 1886 2725 1932 τοῦ
2798 1878 3108 1953 προϐλέπειν
3185 1882 3244 1932 τὸ
3321 1879 3520 1952 μέλλον,
3586 1884 3618 1939 ἦ
3699 1885 3923 1935 τοιούτου

572 1976 656 2032 tia
693 1974 1040 2040 sanitatum,
1111 1977 1218 2030 aut
1269 1971 1600 2047 prophetia,
1670 1977 1773 2028 aut
1825 1969 1991 2027 aliud
2055 1969 2225 2042 quip-
2330 1972 2488 2030 τινος.

571 2065 738 2138 piam
765 2062 980 2118 simile.

645 2155 805 2209 νοτε.
860 2152 954 2210 30.
993 2151 1261 2207 Muiti—
1288 2151 1490 2222 primi.
1545 2150 1704 2208 Multi
1751 2151 1854 2223 qui
1893 2150 1988 2206 hic
2017 2147 2226 2204 viden-

2407 2147 2593 2201 Πολλοὶ
2679 2178 2748 2188 -
2820 2155 3038 2221 πρῶτοι.
3124 2146 3308 2201 Πολλοὶ
3388 2157 3584 2222 πρῶτοι
3662 2146 3935 2212 δοκοῦντες

574 2244 672 2298 tur
720 2239 918 2312 primi,
979 2243 1150 2295 erunt
1220 2239 1302 2294 ibi
1368 2239 1672 2312 postremi.
1731 2238 1853 2294 Hoc
1911 2239 2112 2292 autem
2173 2239 2231 2290 et

577 2328 924 2403 simpliciter
961 2328 1036 2385 de
1067 2328 1353 2386 omnibus
1410 2327 1635 2384 dictum
1679 2331 1786 2392 est,
1819 2329 1883 2382 ut
1913 2339 2230 2397 nunquam

574 2419 637 2476 hi
675 2419 780 2491 qui
804 2421 1239 2492 prasponuntur
1282 2416 1344 2472 in
1383 2417 1528 2482 vita,
1573 2415 1932 2472 extollantur
1983 2432 1996 2482 ;
2036 2429 2230 2487 neque

576 2507 681 2581 qui
732 2506 830 2563 hic
885 2506 1314 2579 despiciuntur,
1378 2506 1654 2561 animum
1695 2503 2230 2575 despondeant;et

575 2596 871 2669 prmoipue
891 2595 969 2652 ad
1020 2595 1344 2650 Pharisaaos
1397 2593 1600 2666 eisque
1627 2592 1846 2649 similes
1893 2608 2086 2649 sermo
2143 2607 2230 2648 re-

577 2683 778 2751 fertur,
834 2683 940 2756 qui
1004 2682 1304 2755 primatus
1358 2682 1495 2738 totis
1541 2680 1929 2738 vindicabant
1983 2681 2227 2738 viribus.

581 2775 731 2838 Quia
759 2787 902 2828 vero
928 2786 1050 2828 non
1085 2786 1296 2827 omnes
1339 2787 1410 2828 eo
1449 2774 1717 2844 tempore
1755 2770 2096 2838 credebant,
2128 2771 2232 2827 sed

581 2861 681 2919 alii
719 2860 954 2933 quidem
994 2860 1178 2933 prius,
1237 2859 1332 2917 alii
1382 2876 1525 2918 vero
1574 2865 1802 2934 postea,
1849 2862 2018 2935 ponit
2061 2877 2235 2935 para-

579 2949 784 3006 bolam
810 2965 945 3022 quae
974 2949 1328 3022 posteriores
1371 2950 1714 3008 consoletur
1738 2951 2076 3024 animmque
2104 2951 2236 3022 inji-

583 3039 702 3095 ciat
725 3037 1112 3105 alacritatem,
1144 3055 1330 3112 quam
1366 3043 1551 3099 totam
1607 3040 1829 3114 pariter
1875 3056 2116 3097 necesse
2149 3044 2229 3096 esl

2345 3061 2449 3108 σιν,
2496 3041 2602 3094 ἀλλ’
2630 3044 2679 3094 οἱ
2721 3046 2810 3115 μὲν
2851 3050 3074 3116 πρῶτον,
3109 3044 3158 3094 οἱ
3203 3039 3261 3095 δὴ
3288 3041 3523 3118 ὓστερον,
3564 3045 3745 3101 τιθησι
3773 3062 3942 3119 παρα-

584 3128 848 3201 primum
875 3129 1165 3201 accipere,
1222 3130 1346 3203 (nn)
1375 3130 1459 3188 ita
1496 3135 1852 3204 exposcente
1901 3131 2030 3202 ejus
2059 3145 2229 3187 enar-

2344 3132 2496 3191 ϐολήν
2545 3133 3013 3205 παραμυθουμένην
3069 3135 3190 3193 τοὺς
3246 3133 3609 3206 ὑστεροῦντας,
3669 3139 3757 3186 καὶ
3809 3153 3940 3208 προς

583 3217 832 3284 ratione,
857 3222 912 3275 et
950 3217 1189 3275 demum
1247 3234 1319 3276 ea
1368 3236 1506 3294 quas
1554 3219 1914 3276 videbantur
1972 3219 2229 3275 similiter

2345 3225 2534 3295 θυμίαν
2585 3222 2761 3284 ανᾶτοίς
2828 3219 3204 3294 ἕμϐάλλουσαν,
3259 3223 3322 3281 ἦν
3377 3224 3506 3295 ὁμοῦ
3553 3228 3726 3275 πᾶσαν
3786 3222 3939 3297 ἀναγ-

582 3306 698 3380 (οο)
727 3305 802 3363 de
851 3323 923 3366 ea
971 3308 1205 3366 dicere:
1239 3325 1597 3383 quanquam
1652 3310 1813 3365 enim
1865 3308 2237 3382 longiuscule

588 3397 687 3462 sit,
718 3404 859 3471 apta
883 3402 1085 3456 tamen
1111 3402 1198 3456 est
1226 3402 1292 3455 ut
1309 3398 1480 3456 facile
1506 3398 1639 3473 capi
1667 3399 1879 3472 possit,

2338 2237 2386 2291 iv
2437 2246 2508 2309 τῷ
2555 2242 2773 2311 παρόντι
2814 2235 2934 2310 βίῳ,
2995 2239 3202 2290 ἔσονται
3246 2240 3470 2310 ἔσχατοι
3515 2242 3651 2293 κατὰ
3692 2243 3780 2293 τὸν
3819 2245 3934 2310 μέλ-

2337 2328 2508 2393 λοντα,
2562 2332 2651 2380 καὶ
2699 2326 3014 2391 τούναντίον,
3084 2329 3308 2398 ἔσχατοι
3366 2324 3634 2390 δοκοῦντες
3685 2328 3923 2394 ἕνταῦθα,

2339 2418 2544 2469 ἔσονται
2599 2425 2792 2492 πρῶτοι
2861 2416 2987 2472 ἐκεῖ.
3053 2422 3217 2468 Τοῦτο
3290 2414 3350 2470 δὲ
3414 2421 3614 2490 εἴρηται
3676 2420 3767 2490 μεν
3834 2423 3923 2470 καὶ

2337 2511 2454 2581 περὶ
2502 2508 2700 2559 πάντων
2750 2505 2936 2569 ἁπλῶς,
2991 2507 3074 2558 ἵνα
3123 2511 3256 2578 μήτε
3305 2508 3352 2558 el
3399 2509 3530 2557 κατὰ
3564 2509 3648 2557 τὸν
3693 2509 3921 2580 παρόντα

2341 2595 2458 2669 βίον
2531 2602 2913 2668 προτιμώμενοι
2985 2593 3318 2667 ἐπαίρωνται,
3381 2600 3509 2666 μήτε
3584 2595 3632 2647 οἱ
3705 2592 3923 2646 ἐνταῦθα

2339 2687 2809 2757 καταφρονούμενοι
2873 2683 3136 2757 ἀθυμῶσισ
3208 2683 3441 2756 μάλιστα
3507 2681 3566 2738 δε
3618 2687 3744 2758 πρὸς
3807 2687 3928 2746 τοὺς

2341 2779 2679 2849 Φαρισαίους,
2733 2779 2824 2826 καὶ
2875 2778 2996 2836 τοὺς
3050 2776 3338 2840 τοιούτους,
3395 2775 3420 2826 6
3474 2775 3625 2846 λόγος
3693 2773 3936 2827 ἀποτέτα-

2343 2883 2448 2928 ται,
2541 2864 2620 2934 (5)
2670 2871 2769 2915 τῶν
2840 2868 3100 2938 πρωτείων
3163 2863 3398 2936 ἰσχυρῶς
3461 2865 3934 2936 ἀντιποιουμένους.

2342 2954 2486 3006 Ἐπεὶ
2531 2949 2590 3006 δὲ
2633 2953 2691 3005 ού
2737 2955 2923 3015 πάντες
2969 2953 3103 3004 κατὰ
3131 2956 3218 3004 τὸν
3261 2953 3414 3006 αὐτὸν
3443 2953 3633 3028 χρόνον
3662 2957 3936 3007 πιστεύου-

2343 3313 2488 3364 καίον
2564 3311 2805 3364 ἐκθέσθαι
2879 3319 3104 3383 πρῶτον,
3181 3311 3343 3373 οὕτως
3420 3310 3748 3374 ἀπαιτούσης
3849 3323 3945 3375 τῆς

2344 3402 2638 3474 ἐξηγήσεως
2683 3400 2864 3462 αὐτῆς·
2915 3398 3022 3453 εἶτα
3049 3400 3226 3454 λοιπὸν
3270 3402 3399 3474 ὁμοῦ
3451 3406 3541 3454 καὶ
3588 3405 3653 3456 τὰ
3683 3399 3946 3457 δοκοῦντα

2343 3493 2459 3565 περὶ
2506 3494 2702 3552 ταύτης
2754 3492 2933 3547 εἰπεῖν.
2989 3489 3050 3544 El
3099 3492 3202 3564 γὰρ
3261 3495 3351 3544 καὶ
3402 3492 3579 3564 μακρά
3634 3497 3712 3554 τίς
3775 3490 3943 3561 ἔστιν,

2345 3579 2452 3632 ἀλλ’
2483 3579 2600 3637 εύλη
2608 3599 2728 3640 πτος
2758 3583 2999 3651 πέφυκεν.

718 3667 872 3724 CAP.
901 3665 1055 3721 XLII.
1084 3666 1161 3721 De
1189 3664 1440 3720 mercede
1467 3664 1764 3720 conductis
1804 3665 2109 3735 operariis.

661 3756 804 3825 Cap.
832 3756 937 3809 XX.
970 3755 1131 3807 Vers.
1168 3756 1212 3807 1.
1236 3751 1436 3808 Simile
1462 3783 1528 3793 —
1560 3753 1715 3807 Vers.
1765 3750 1830 3808 in
1856 3752 2024 3809 rebus
2051 3756 2187 3811 meis
2214 3755 2243 3811 ?

593 3843 772 3915 Hujus
801 3840 998 3897 omnis
1030 3839 1330 3912 parabolae
1356 3839 1547 3896 solum
1569 3841 1924 3913 exponenda
1945 3847 2082 3899 sunt
2111 3861 2242 3918 qua:

590 3933 929 4003 opportuna
956 3929 1254 3996 videntur,
1287 3929 1467 3985 veluti
1495 3933 1700 3986 monet
1731 3931 2191 4006 Chrysostomus
2220 3953 2239 4007 ;

593 4024 805 4076 caetera
833 4034 970 4074 vero
997 4033 1119 4074 non
1164 4022 1302 4074 sunt
1348 4019 1580 4076 curiose
1607 4022 1950 4089 scrutanda,
1984 4022 2134 4080 sicut
2160 4025 2244 4080 vi-

595 4105 814 4164 cesimo
843 4110 1059 4181 quarto
1089 4107 1278 4180 capite
1307 4106 1711 4179 praediximus.
1745 4112 1809 4164 In
1835 4110 1946 4167 hac
1971 4110 2130 4167 enim
2158 4127 2241 4168 re-

595 4199 774 4268 gnum
816 4195 1091 4253 caelorum
1131 4196 1474 4267 intelligitur
1503 4197 1632 4270 ipse
1678 4199 1957 4256 Christus.
1991 4201 2140 4258 sicut
2183 4203 2242 4257 in

593 4285 894 4362 parabolis
940 4284 1278 4360 frequenter
1308 4286 1585 4342 diximus.
1631 4287 1816 4346 Vinea
1847 4293 2045 4345 autem
2116 4292 2244 4363 ejus

595 4375 942 4448 evangelica
971 4376 1163 4448 ipsius
1221 4380 1515 4447 praecepta
1564 4382 1727 4436 sunt.
1787 4378 2050 4450 Operarii
2100 4395 2229 4436 verc

2347 4382 2434 4434 λαὶ
2505 4381 2689 4434 αύτοῦ·
2755 4381 2968 4453 ἐργάται
3041 4377 3100 4434 δὴ
3180 4387 3275 4433 τοῦ
3335 4383 3574 4432 τοιούτου
3653 4377 3966 4453 ἀμπελῶνος

590 4465 932 4539 hujusmodi
982 4465 1192 4530 vineae,
1266 4464 1542 4521 homines
1617 4471 1961 4538 operatores
2031 4467 2229 4524 talium

2349 4474 2399 4524 οἱ
2456 4470 2671 4547 ἐργάται
2721 4478 2821 4523 τῶν
2869 4471 3116 4522 τοιούτων
3174 4468 3384 4521 ἐντολῶν
3438 4470 3730 4542 ἄνθρωπον
3777 4482 3969 4552 καιρὸς

589 4558 1051 4627 praeceptorum.
1090 4553 1350 4623 Tempus
1408 4555 1792 4626 operationis,
1824 4571 2087 4628 praasens
2127 4557 2229 4613 vita

2353 4558 2411 4614 δὴ
2440 4569 2535 4623 τῆς
2591 4559 2856 4634 ἐργασίας,
2901 4561 3134 4631 ὁπαρὼν
3190 4557 3326 4630 βίος·
3377 4561 3515 4632 πρωΐ
3560 4554 3620 4609 δὲ
3669 4564 3768 4615 καὶ
3812 4573 3967 4639 τρίτη

589 4641 928 4698 Diluculum
958 4655 1118 4711 vero,
1148 4641 1296 4698 hora
1317 4643 1506 4709 tertia,
1551 4648 1736 4708 sexta,
1768 4659 1950 4711 nona,
1974 4652 2030 4700 et
2053 4647 2239 4703 unde-

589 4732 755 4798 cima,
811 4730 990 4788 varia:
1045 4731 1360 4788 hominum
1409 4737 1615 4789 mtates
1666 4732 1888 4804 quibus
1940 4734 2020 4790 ad
2062 4735 2229 4794 ﬁdem

2350 4749 2446 4792 τῶν
2505 4738 2776 4812 ἁνθρώρων
2830 4737 3050 4803 ἡλικίαι,
3106 4735 3222 4788 καθ’
3273 4734 3330 4796 ἃς
3370 4743 3436 4807 ’τῇ
3501 4741 3688 4791 πίστει
3741 4752 3971 4819 προσέρ-

585 4821 849 4911 veniunt,
909 4823 965 4876 et
1009 4820 1188 4893 probi
1226 4819 1364 4878 facti
1424 4825 1542 4878 Deo
1593 4803 1852 4892 placent.
1901 4823 2229 4884 Diluculum

2346 4848 2552 4901 χονται,
2734 4824 3095 4898 εὐδοκιμοῦσι.
3132 4829 3274 4901 Πρωί
3320 4803 3561 4899 μὶν-γὰρ,
3594 4829 3746 4898 ἦτοι,
3783 4803 3970 4911 πρώτη

585 4909 901 4983 siquidem,
929 4909 1052 4968 sive
1077 4910 1276 4984 prima
1303 4911 1475 4977 hora,
1504 4913 1649 4966 aetas
1674 4913 1767 4966 est
1794 4925 2003 4970 eorum
2032 4916 2131 4987 qui
2156 4917 2229 4973 ah

2346 4921 2476 4992 ὥρα,
2529 4919 2560 4976 ἠ
2612 4917 2793 4977 ἡλικία
2835 4925 2937 4970 τῶν
2990 4917 3232 4975 νηπιόθεν
3277 4913 3564 4973 κληθέντων
3615 4917 3698 4982 εἰς
3742 4909 3845 4989 τάξ
3880 4929 3973 5004 ῥη.

657 5043 704 5080 ⁵³
735 5042 916 5101 Marc.
946 5060 1006 5114 x,
1025 5044 1116 5101 30.

2507 3675 2658 3724 ΚΕΦ.
2698 3675 2816 3726 ΜΒ.
2855 3672 2978 3742 Περὶ
3008 3676 3105 3721 τῶν
3142 3668 3497 3739 μισθουμένων
3527 3666 3771 3739 ἓργατῶν.

2414 3758 2601 3831 Ὁμοία
2643 3789 2711 3797 -
2760 3757 2808 3808 ἐν
2862 3753 2973 3817 τοῖς
3019 3753 3192 3826 ίμοῖς;
3242 3756 3348 3816 Τῆς
3389 3754 3508 3816 ὃλης
3547 3757 3736 3815 ταύτης
3767 3773 3942 3830 παρα-

2347 3846 2502 3908 ϐολῆς
2547 3849 2611 3899 τὰ
2652 3851 2833 3920 καίρια
2877 3852 3026 3919 μόνον
3071 3842 3422 3919 ἑρμηνευτίον,
3455 3845 3524 3906 ὡς
3553 3845 3578 3895 ὁ
3626 3848 3946 3917 Χρυσόστο-

2346 3955 2438 4009 μος
2479 3936 2557 4008 (6)
2603 3933 2884 4009 ἐπιτρέπει,
2930 3934 3093 3986 τᾶλλα
3125 3929 3175 3986 δ’
3209 3933 3268 3986 ού
3299 3938 3715 4008 περιεργαστέον,
3751 3935 3818 3996 ὡς
3858 3942 3954 3990 καὶ

2348 4025 2395 4078 ἐν
2469 4034 2541 4095 τῷ
2607 4025 2820 4094 εἰκοστῷ
2894 4025 3119 4098 τετάρτῳ
3190 4023 3449 4096 κεφαλαίῳ
3514 4019 3953 4099 προδιελάϐομεν.

2347 4113 2557 4168 Νοεῖται
2634 4116 2735 4188 γὰρ
2778 4116 2827 4166 ἓν
2877 4116 3042 4186 ταύτῃ
3101 4112 3352 4186 βασιλεία
3419 4115 3508 4184 μιν
3559 4120 3658 4163 τῶν
3717 4112 3959 4188 οὐρανῶν

2349 4204 2503 4266 αύτός
2555 4205 2582 4255 6
2631 4207 2876 4276 Χριστὸς,
2933 4204 3106 4264 καθὼς
3157 4203 3424 4275 πολλαχοῦ
3475 4210 3573 4254 τῶν
3639 4204 3962 4276 παραϐολῶν

2349 4293 2644 4366 εἰρήκαμενο
2695 4290 2930 4364 ἀμπελῶν
2976 4287 3036 4344 δὴ
3080 4291 3258 4362 αὐτοῦ,
3318 4293 3372 4343 αἱ
3427 4289 3762 4362 εύαγγελικαὶ
3825 4294 3964 4350 ἕντο-

2349 4659 2459 4725 ῶρα
2504 4655 2594 4701 καὶ
2636 4652 2756 4707 ἕκτη
2796 4653 2886 4701 καὶ
2935 4647 3085 4704 ένάτη
3149 4651 3239 4698 καὶ
3288 4643 3560 4714 ίνδεκάτη,
3601 4650 3665 4700 αἱ
3714 4647 3971 4730 διάφοροι

1808 5188 2028 5260 Variae
2065 5193 2397 5266 lectiones
2424 5204 2490 5263 et
2520 5204 2701 5263 notas

650 5325 726 5397 (5)
755 5322 1150 5397 Scribendum
1177 5317 1435 5397 videtur,
1467 5321 1587 5397 gn);
1604 5328 1736 5397 τῶν,

744 5397 882 5473 -Ηοο
909 5395 1048 5473 1039
1067 5407 1177 5473 ριζο
1229 5389 1439 5447 κελεύει.
1473 5389 1897 5473 Explicathaac
1924 5397 2232 5473 Chrysost.

576 5471 620 5524 t.
659 5463 787 5534 'V'II,
831 5483 894 5538 p.
945 5463 1085 5519 638i
1128 5463 1347 5519 Locum
1407 5467 1608 5520 autem
1665 5465 2015 5539 Euthymius
2045 5463 2241 5543 'potis-

2345 5331 2572 5408 simum
2617 5328 2852 5408 respicit
2879 5325 3090 5408 _ibid.:
3139 5325 3216 5380 Οὐ
3264 5330 3374 5402 χρὴ
3414 5327 3584 5381 πάντα
3639 5336 3713 5388 τὰ
3764 5338 3816 5393 ἰν
3855 5352 3974 5408 ταῖς

2349 5401 2667 5476 παραϐολαῖς
2695 5399 2752 5457 κ.
2789 5419 2843 5457 τ,
2879 5399 2932 5457 λ.

2348 5651 2583 5706 Poterat
2613 5649 2795 5705 etiam
2825 5649 3019 5708 dicere
3051 5651 3259 5708 θέσθαι.

2412 5722 2526 5792 (oo)
2549 5721 2855 5778 Similiter.
2882 5721 3093 5789 Simul,
3125 5737 3248 5779 uno
3268 5720 3422 5791 loco,
3449 5735 3573 5778 non
3597 5737 3714 5796 per
3739 5741 3969 5806 partes.

645 5645 780 5722 (nn)
806 5640 1101 5722 Accipere.
1148 5643 1392 5722 Ponere,
1422 5648 2026 5722 _recense_re._Ne_scjo
2083 5649 2230 5722 quid

595 5713 780 5787 egerit
805 5713 1127 5770 Hentenius
1167 5715 1301 5772 loco
1355 5713 1619 5770 ἐκθέσθαι.
1669 5718 1837 5774 Forte
1885 5713 2227 5792 ἐκδέχεᾱθαι.
