4198 6464
248 395 354 453 533
1248 389 1617 446 COMMENT.
1661 390 1730 446 IN
1769 390 2212 450 MATTHEUM.
2257 424 2322 434 —
2361 393 2517 450 CAP.
2559 395 2685 452 XX.
3525 401 3633 458 534

254 524 433 581 θείσας
480 515 708 577 ἐντολάςο
760 519 914 589 τρίτη
959 511 1018 570 δε
1063 523 1196 588 ῶρα.
1229 516 1260 572 η
1293 516 1475 573 ἡλικία
1502 523 1602 566 τῶν
1633 513 1859 587 ἐφήϐων·
1901 535 1912 572 Α

1976 516 2225 574 infantia
2250 520 2440 576 vocati
2468 526 2604 577 sunt
2643 521 2720 578 ad
2758 520 2917 578 dicta
2954 527 3268 595 praecepta.
3301 524 3492 580 Tertia
3521 540 3627 583 au-

251 612 371 668 ἒχτη
407 605 488 672 δὲ,
527 608 557 664 η
602 613 704 657 τῶν
758 600 985 679 ἀνδρῶν·
1048 603 1200 662 ἐνάτη
1251 600 1329 666 δε,
1379 606 1409 662 ἠ
1456 613 1556 657 τῶν
1593 608 1863 676 γερόντων

1977 611 2098 662 tem
2127 607 2298 672 hora,
2324 614 2468 664 tetas
2509 609 2904 681 epheborum.
2947 613 3123 667 Sexta
3148 627 3309 678 vero,
3341 613 3623 670 virorum.

253 697 501 755 ἑνδεκάτη
580 691 661 765 δι,
733 696 765 753 ἦ
846 702 947 745 τῶν
1031 692 1449 768 βαθυγερόντων,
1525 696 1708 759 εἰτουν,
1768 702 1868 746 τῶν

1980 698 2164 763 Nona,
2198 713 2446 766 senum;
2471 705 2527 756 et
2551 699 2890 765 undecima,
2918 699 3377 772 decrepitorum,
3409 702 3624 772 quibus

254 789 480 860 ἐχόντων
563 783 750 857 βραχὺ
845 782 1087 854 λείψανον
1170 786 1367 854 χρόνου
1466 783 1609 843 ζωῆς
1694 781 1870 835 ύπολε-

1466 783 1609 843 ζωῆς
1694 781 1870 835 ύπολε-
1978 784 2158 842 breve
2182 792 2273 844 est
2295 787 2593 860 reliquum
2619 789 2750 845 vitae
2776 793 3032 860 tempus.

253 880 518 951 λειμμένον
527 917 538 930 .

324 966 562 1030 Ἐξῆλθεν
613 960 702 1016 οὖν
746 963 774 1014 ό
814 964 1041 1036 Χριστὸς
1089 960 1162 1023 εἰς
1192 965 1287 1019 τὴν
1335 960 1657 1033 οἰκουμένην,
1713 968 1866 1014 τοῦτο

2047 965 2195 1021 Exiit
2211 981 2354 1035 ergo
2379 965 2642 1022 Christus
2663 965 2722 1022 in
2744 965 3062 1028 mundum,
3083 971 3208 1021 tum
3234 981 3339 1037 per
3355 966 3627 1038 seipsum

261 1062 362 1132 μὶν,
411 1053 487 1109 δι’
539 1054 752 1120 ἑαυτοῦ,
804 1058 959 1104 τοῦτο
1013 1046 1095 1116 δε,
1147 1047 1242 1104 διὰ
1277 1057 1379 1102 τῶν
1410 1047 1734 1115 ἀποστόλων,
1777 1055 1867 1104 καὶ

1973 1059 2103 1111 tum
2141 1070 2248 1127 per
2289 1055 2614 1128 apostolos,
2656 1069 2879 1127 eosque
2918 1060 3312 1127 praeceptores
3353 1056 3456 1127 qui
3493 1056 3626 1112 illos

263 1145 348 1204 διὰ
373 1154 473 1200 τῶν
503 1143 618 1217 μετ’
659 1141 852 1202 αὐτούς
895 1136 1259 1204 διδασκάλων,
1292 1139 1672 1212 μισθώσασθαι
1714 1136 1869 1212 ἐργά-

1975 1145 2159 1201 secuti
2198 1149 2356 1214 sunt,
2398 1148 2462 1200 ut
2502 1143 2778 1200 mercede
2820 1143 3178 1200 conduceret
3216 1144 3516 1216 cperarios
3563 1145 3627 1202 in

257 1257 340 1298 τας
391 1235 467 1296 εἰς
535 1236 626 1286 τὸν
705 1229 985 1303 ἀμπελῶνα
1049 1228 1226 1294 αὐτοῦ,
1289 1230 1376 1280 τὸν
1441 1234 1868 1302 καρποφοροῦντα

1973 1232 2213 1290 vineam
2239 1247 2434 1297 suam,
2467 1248 2604 1304 qum
2633 1232 2838 1290 botros
2858 1232 3173 1289 fructiﬁcat
3192 1231 3500 1303 virtutum,
3529 1232 3625 1290 ιω.

259 1325 483 1400 βότρυας
560 1320 777 1395 ἀρετῶν,
849 1318 1213 1393 εύφραίνοντας
1290 1320 1376 1370 τὸν
1462 1312 1861 1382 οἰκοδεσπότην,

1974 1319 2266 1377 tiﬁcantes
2277 1320 2792 1394 patremfamilias,
2809 1322 2915 1396 qui
2934 1321 3222 1378 Dominus
3237 1331 3326 1378 est
3337 1322 3625 1380 universi.

257 1419 330 1466 τὸν
371 1420 466 1472 τῆς
517 1405 830 1482 οἰκουμένης
873 1412 1160 1464 Δεσπότην.
1217 1405 1442 1466 Εἰκότως
1496 1401 1556 1459 δε
1603 1401 1733 1470 εἷπε,
1782 1424 1866 1477 μι-

1973 1409 2172 1466 Merito
2198 1414 2399 1466 autem
2412 1409 2580 1474 dixit,
2614 1417 2680 1466 ut
2700 1410 3360 1468 mercedeconduceret:
3394 1426 3626 1468 merces

258 1503 582 1568 σθώσασθαι,
625 1499 835 1560 Μισθὸς
883 1499 987 1571 ’γὰρ
1038 1495 1311 1548 ἀπόκειται
1349 1501 1454 1556 τοῖς
1487 1493 1727 1566 ἐργάταις
1762 1501 1864 1546 τῶν

1972 1499 2134 1555 enim
2165 1499 2427 1572 reposita
2455 1505 2545 1555 est
2575 1504 3015 1572 praceptorum
3045 1500 3332 1571 operariis
3350 1505 3491 1572 puta
3528 1516 3626 1556 cu-

256 1593 475 1658 ίντολῶν,
527 1593 559 1648 ἠ
607 1588 838 1643 ἕκάστου
893 1590 1155 1659 σωτηρία.
1225 1587 1432 1642 Ταύτην
1491 1587 1594 1657 γὰρ
1653 1591 1863 1655 νοοῦμεν

1969 1588 2191 1662 jusque
2222 1588 2384 1646 salus
2415 1605 2428 1645 ε
2469 1588 2628 1645 hanc
2667 1590 2824 1645 enim
2864 1588 3248 1660 intelligimus
3278 1605 3411 1644 esse
3441 1589 3627 1647 dena-

256 1681 514 1758 δηνάρισν.
570 1678 796 1732 Πλάττει
837 1671 897 1728 δε
927 1679 1048 1737 τοὺς
1092 1679 1330 1748 πρώτους
1359 1675 1389 1732 ἠ
1432 1671 1700 1748 παραϐολή
1740 1691 1864 1744 γογ-

1971 1678 2146 1734 rium.
2180 1677 2412 1747 Effingit
2438 1683 2639 1735 autem
2666 1678 2956 1750 parabole
2982 1679 3208 1750 primos
3238 1693 3625 1734 murmuran-

253 1776 520 1845 γύζοντας,
565 1774 657 1822 καὶ
687 1765 1210 1837 ἐπιστομιζομενους,
1243 1763 1348 1835 οὐχ
1392 1764 1472 1816 ὅτι
1523 1761 1572 1814 ἐν
1601 1770 1662 1834 τῇ
1698 1761 1860 1834 βασι-

1971 1772 2076 1833 tes,
2109 1767 2579 1839 impositumque
2631 1767 2742 1823 illis
2785 1767 3084 1823 silentium
3132 1783 3146 1823 :
3192 1781 3313 1822 non
3363 1766 3528 1838 quod
3561 1767 3624 1824 in

378 1869 476 1913 τῶν
524 1859 757 1932 οὐρανῶν
806 1857 958 1907 ἔσται
997 1854 1200 1926 φθόνος·
1243 1851 1287 1906 εἰ
1327 1853 1428 1927 γὰρ
1476 1849 1696 1904 ἄνταΰθα
1723 1854 1909 1926 ὄντεςε

1968 1872 2155 1926 regno
2186 1856 2473 1913 omlorum
2490 1857 2688 1912 futura
2706 1856 2781 1911 sit
2801 1855 3054 1926 invidia;
3075 1870 3216 1910 nam
3236 1855 3283 1910 si
3298 1855 3398 1911 hic
3421 1856 3622 1914 adhuc

259 1953 301 2003 οἱ
345 1947 549 2002 δίκαιοι
613 1949 701 2007 τὰς
754 1944 952 1998 ἑαυτῶν
1002 1941 1191 2014 ψυχὰς
1247 1942 1375 2016 ὑπὲρ
1429 1948 1530 1993 τῶν
1578 1939 1860 2014 ἀνθρώπων

1968 1946 2229 2002 viventes
2254 1945 2399 2016 justi
2429 1962 2569 2002 suas
2589 1944 2827 2001 animas
2849 1960 2958 2017 pro
2987 1943 3335 2000 hominibus
3366 1951 3617 2016 ponunt,

263 2040 482 2102 τιθέασι,
526 2035 693 2106 πολλῷ
738 2032 934 2107 μᾶλλον
986 2029 1092 2085 ἕκιί
1135 2033 1349 2091 τούτους
1393 2027 1663 2102 βλέποντες
1695 2028 1861 2090 σωζο-

1967 2034 2156 2091 multo
2182 2034 2374 2106 magis
2399 2033 2504 2102 ibi,
2524 2033 2792 2090 videntes
2809 2049 2914 2090 eos
2934 2033 3134 2090 salvos
3158 2049 3312 2098 esse,
3335 2033 3618 2103 gaudent.

276 2130 451 2199 μένους
511 2131 809 2198 χαίρουσιν.
889 2120 999 2174 ἀλλ’
1051 2122 1079 2172 6
1144 2127 1384 2181 τοιοῦτος
1454 2117 1858 2191 ίσχημάτισται

1965 2124 2080 2180 Sed
2133 2126 2248 2180 tale
2294 2123 2620 2195 ﬁguratum
2669 2128 2757 2180 est
2802 2139 3096 2189 murmur,
3151 2123 3621 2197 impositumque

277 2217 598 2288 γογγυσμὸς,
640 2215 774 2271 καὶὴ
815 2209 1175 2283 ἕπιστόμισις,
1211 2209 1272 2274 εἰ,
1319 2211 1542 2282 ἔμφασιν
1581 2211 1733 2281 μόνον
1762 2215 1860 2269 τῆς

1966 2213 2285 2279 silentium,
2318 2213 2398 2269 ad
2436 2212 2626 2269 solam
2656 2213 3230 2269 demonstrationem
3273 2213 3489 2268 divina:
3517 2213 3621 2268 be-

277 2312 368 2358 τοῡ
427 2311 563 2357 Θεοῦ
596 2307 704 2378 περὶ
744 2306 855 2365 τοὺς
899 2303 1132 2373 ἔσχατον
1186 2302 1640 2373 προσερχομένους
1679 2296 1856 2369 φιλαν-

1964 2302 2269 2372 nignitatis
2331 2317 2475 2372 erga
2533 2318 2639 2358 eos
2705 2302 2808 2375 qui
2868 2302 3152 2374 postremi
3221 2301 3484 2366 veniunt,
3553 2305 3619 2358 ut

273 2397 517 2469 θρωπίας,
567 2393 645 2444 ἵνα
688 2391 967 2467 θαρρῶσιν,
1013 2392 1080 2451 ὡς
1117 2385 1277 2442 ὀὖδῆ
1328 2383 1722 2460 ἕμποδιζούσης
1759 2394 1858 2449 τῆς

1963 2393 2270 2449 conﬁdant
2299 2392 2466 2464 quod
2484 2392 2628 2448 nihil
2644 2391 2757 2447 illis
2778 2391 2972 2446 oberit
2987 2395 3328 2463 postremos
3359 2390 3615 2460 venisse,

263 2486 599 2557 ὑστερήσεως,
638 2484 720 2534 ἑὰν
751 2482 827 2544 εἰς
855 2483 914 2533 τὸ
941 2478 1059 2543 ἑξῆς
1083 2478 1425 2554 ἕργαζωνται.

1214 2481 1425 2542 ζωνται.
1964 2481 2015 2537 si
2044 2481 2330 2552 deinceps
2368 2481 2598 2554 operati
2627 2479 2866 2537 fuerint.

317 2577 416 2627 Καὶ
481 2574 628 2644 ἡμεῖς
697 2573 828 2644 γὰρ,
904 2571 1026 2621 ὅταν
1104 2571 1222 2621 τινὰ
1291 2566 1481 2628 πολλῆς
1551 2565 1854 2638 ἀξιώσωμεν

2035 2574 2100 2627 Et
2125 2587 2236 2627 nos
2269 2571 2564 2644 siquidem
2596 2569 2700 2625 ubi
2723 2569 2988 2641 aliquem
3013 2569 3203 2625 multo
3233 2569 3463 2638 dignati
3491 2569 3613 2626 fue-

243 2671 416 2734 τιμῆς,
459 2658 575 2714 εἶτα
631 2659 974 2734 βουληθῶμεν
1041 2657 1266 2730 ἐμφῆναι
1310 2661 1399 2715 την
1450 2658 1642 2717 ταύτης
1696 2655 1855 2729 ὑπερσι

1960 2662 2148 2717 rimus
2167 2661 2413 2726 honore,
2432 2659 2893 2727 etpostmodum
2911 2657 3278 2714 voluerimus
3296 2659 3615 2729 hujusmo-

244 2752 410 2818 ϐολήν,
447 2751 702 2823 εἰώθαμεν
739 2749 927 2822 λέγειν,
973 2750 1056 2800 ὅτι
1109 2748 1135 2799 ὁ
1165 2742 1312 2800 δεῖνα
1339 2749 1594 2818 ἑγόγγυσε
1625 2741 1720 2798 διὰ
1756 2749 1851 2804 τὴν

1959 2751 2019 2807 di
2072 2749 2551 2820 magnitudinem
2608 2749 3040 2813 demonstrare,
3104 2748 3370 2804 solemus
3418 2748 3614 2805 dicere

242 2843 498 2899 τοσαύτην
562 2846 744 2913 τιμήν.
817 2844 982 2892 Τοῦτο
1049 2833 1110 2890 δι
1176 2835 1408 2910 λέγομεν,
1486 2834 1582 2888 οὐκ
1664 2833 1851 2889 ἔκεῖνον

1959 2841 2123 2915 quod
2149 2841 2398 2913 quidam
2439 2841 2521 2896 ob
2548 2843 2779 2895 tantum
2816 2839 3100 2895 honorem
3131 2838 3611 2894 murmurabant.

247 2928 622 3001 διαϐάλλοντες,
706 2927 838 2980 ἀλλὰ
927 2933 1106 2980 τοῦτον
1201 2922 1542 2999 διεγείροντες
1620 2924 1692 2988 είς
1773 2923 1854 2978 εύ-

1959 2933 2080 2986 Ηοο
2128 2936 2330 2986 autem
2377 2929 2633 2985 dicimus
2686 2943 2808 2983 non
2861 2927 3029 2983 illum
3083 2927 3609 3000 reprehendentes,

247 3024 550 3095 χαριστίαν.

1959 3018 2065 3075 sed
2095 3019 2256 3075 hunc
2287 3018 2366 3074 ad
2405 3017 2732 3087 gratiarum
2761 3016 3058 3073 actionem
3089 3017 3432 3073 excitantes.

316 3114 458 3164 Διατί
511 3105 574 3162 δε
615 3108 724 3181 οὐχ
776 3111 908 3180 ὅμοῦ
958 3106 1152 3166 πάντας
1181 3103 1418 3158 ἐκάλεσεν
1461 3103 1536 3167 είς
1571 3107 1659 3156 τὸν
1691 3102 1849 3177 ἀμπεο

2031 3109 2224 3174 Quare
2275 3111 2475 3163 autem
2539 3121 2662 3162 non
2725 3121 2938 3161 omnes
3005 3105 3189 3161 simul
3248 3105 3484 3162 vocavit
3532 3105 3613 3163 ad

247 3199 413 3270 λῶνας
452 3196 754 3289 Διότιλούχ
797 3197 930 3269 ὁμοῦ
970 3197 1164 3289 ¹πάντας
1211 3193 1374 3289 εὗρεν.
1421 3190 1708 3289 Ἀδύνατον
1744 3195 1847 3289 γὰρ
1879 3234 1905 3289 ί

1956 3196 2194 3252 vineam
2209 3198 2236 3252 ?
2253 3197 2296 3261 Ο
2306 3196 2403 3251 uia
2415 3209 2536 3250 non
2549 3193 2730 3248 simul
2745 3208 2956 3250 omnes
2968 3193 3193 3249 invenit
3206 3212 3220 3261 ;
3235 3194 3610 3266 impossibile

241 3290 373 3340 κατὰ
429 3291 520 3342 τὸν
566 3286 724 3340 αὐτὸν
769 3286 1058 3360 χρόνον,ὡς
1110 3287 1514 3359 προειρήκαμεν,
1565 3287 1656 3336 καὶ
1712 3285 1848 3335 κατὰ
1885 3281 1899 3289 “

1957 3286 2117 3342 enim
2156 3289 2281 3340 erat
2335 3283 2546 3339 eodem
2601 3287 2888 3354 tempore,
2941 3286 3008 3337 ut
3062 3281 3472 3352 prmdiximus,
3515 3299 3610 3339 ea-

243 3381 334 3436 την
383 3377 548 3435 αὐτὴν
595 3375 803 3436 ἠλικίαν
852 3376 1046 3436 πάντας
1071 3372 1396 3448 προσελθεῖν.
1445 3375 1573 3426 Τότε
1623 3368 1684 3425 δε
1713 3371 1848 3445 εὑρί-

1955 3374 2214 3446 demque
2231 3377 2401 3428 citate
2419 3386 2631 3427 omnes
2654 3371 2960 3426 accedere.
2991 3373 3153 3426 Tunc
3178 3375 3380 3426 autem
3393 3386 3608 3427 unum-

243 3486 355 3520 σκει
422 3469 666 3532 ἕκαστον,
738 3464 860 3518 ὅταν
914 3463 1066 3526 οὗτος
1116 3463 1417 3517 ὑπακοῦσαι
1472 3460 1653 3534 μίλλη.
1713 3464 1845 3534 φησι

1953 3477 2257 3536 quemque
2322 3460 2566 3525 invenit,
2630 3475 2769 3515 cum
2827 3459 2922 3515 ille
2981 3459 3268 3515 obediens
3332 3458 3607 3514 efﬁcitur.

239 3559 337 3631 γὰρ
393 3576 419 3609 ο
481 3555 702 3620 Παῦλος,
751 3554 870 3607 Ὀτε
925 3550 986 3624 δη
1045 3549 1329 3611 εὐδόκησεν
1377 3553 1403 3604 ό
1461 3549 1722 3624 ἀφορίσας
1782 3569 1845 3622 με

1952 3553 2045 3609 Ait
2089 3552 2248 3607 enim
2288 3550 2504 3606 Paulus
2538 3565 2550 3604 :
2593 3549 2703 3606 Ubi
2733 3564 2867 3605 vero
2899 3549 3269 3619 beneplacuit
3298 3549 3369 3614 ei,
3411 3553 3477 3603 ut
3516 3564 3607 3605 me

239 3649 292 3699 ᾶκ
352 3645 557 3707 κοιλίας
630 3647 829 3719 μητρός
894 3658 1024 3716 μουο
1095 3647 1212 3696 τότε
1277 3638 1338 3695 δι
1393 3637 1697 3706 εὐδόκησεν,
1762 3641 1846 3693 ὅτε

1952 3647 2260 3714 separaret
2281 3642 2357 3698 ab
2387 3647 2554 3696 utero
2576 3640 2787 3696 matris
2817 3654 2962 3696 meae
2983 3640 3052 3696 ⁵⁸.
3088 3642 3252 3695 Nunc
3279 3643 3479 3694 autem
3504 3637 3605 3694 be-

239 3736 384 3796 οὗτος
443 3733 642 3807 ἔμελλεν
698 3734 1000 3790 ὑπακούειν.
1055 3730 1115 3784 Ἡ
1173 3733 1263 3804 μεν
1305 3727 1393 3784 οὖν
1449 3729 1719 3804 παραϐολή
1762 3727 1846 3784 δι-

1952 3731 2278 3806 neplacuit,
2307 3730 2556 3804 quando
2575 3731 2672 3786 hic
2693 3728 2970 3786 obedivit.
2997 3733 3174 3786 Docet
3193 3729 3395 3802 itaque
3425 3744 3603 3801 para-

238 3822 450 3894 δάσκει,
499 3828 624 3885 τοὺς
689 3823 737 3876 ἂν
787 3821 1001 3895 ἓσχοίτῳ
1064 3826 1207 3894 γήρᾳ
1259 3824 1716 3895 προσερχομένους
1767 3825 1840 3893 μὴ

1952 3823 2113 3893 bola,
2153 3837 2228 3878 ne
2267 3837 2372 3878 eos
2402 3821 2503 3894 qui
2544 3824 2812 3877 extrema
2842 3827 3143 3876 senectute
3182 3819 3476 3876 accedunt
3513 3835 3607 3876 re-

236 3913 640 3987 ἀπογινώσκειν,
711 3911 841 3965 ἀλλὰ
909 3915 1204 3984 γινώσκειν.
1283 3911 1364 3962 ὅτι
1452 3907 1675 3962 δυνατὸν
1752 3914 1842 3963 καὶ

1952 3912 2299 3985 probemus,
2332 3909 2438 3965 sed
2481 3910 2744 3966 sciamus
2788 3910 2954 3982 quod
3003 3909 3290 3983 possibile
3335 3910 3411 3965 sit
3439 3909 3604 3965 brevi

233 4004 282 4058 ἓν
332 4003 578 4078 βραχείᾳ
626 3997 832 4075 σπουδῇ
883 4003 1134 4060 σωθῆναι.
1185 4005 1350 4052 Τοῦτο
1397 4002 1500 4071 γηρ
1567 4001 1593 4052 6
1649 4003 1844 4062 ταύτης

1950 4002 2128 4058 etiam
2175 3999 2375 4056 studio
2414 4015 2485 4055 ac
2527 3999 2835 4069 diligentia
2878 4000 3115 4056 salvari.
3163 4000 3263 4055 llic
3307 3999 3603 4072 siquidem

234 4098 460 4156 σκοπός.
527 4096 639 4167 Χρὴ
694 4088 754 4144 δὲ
787 4091 926 4164 ἡμᾶς
970 4093 1056 4142 τόν
1089 4091 1284 4142 σκοπὸν
1313 4092 1467 4162 μόνον
1513 4089 1676 4152 αὐτῆς
1727 4087 1842 4163 δρε-

1951 4105 2170 4162 scopus
2212 4089 2342 4159 ejus
2384 4092 2494 4144 est.
2541 4088 2782 4160 Oportet
2811 4093 3013 4144 autem
3060 4104 3195 4154 nos,
3245 4089 3374 4144 solo
3415 4088 3602 4160 ipsiu

229 4183 517 4257 ψαμὲνους,
598 4180 758 4234 τᾶλλα
835 4184 907 4253 μη
972 4178 1441 4253 πολυπραγμονεῖν.
1503 4178 1678 4232 Τάλλα
1736 4181 1838 4253 γὰρ

1950 4194 2134 4251 scopo
2172 4176 2392 4249 adepto
2440 4176 2590 4246 (pp),
2639 4181 2854 4232 caetera
2898 4191 3022 4232 non
3070 4176 3540 4247 magnipendere
3584 4191 3598 4230 :

229 4275 408 4326 πάντα
437 4269 534 4324 διὰ
557 4274 643 4323 τὸν
692 4274 886 4324 σκοπόν
919 4270 1286 4334 συνετίθησαν,
1343 4264 1425 4320 ἶνα
1455 4269 1665 4330 πιθανὸς
1692 4271 1839 4340 γενη-

1948 4268 2178 4338 reliqua
2205 4266 2366 4322 enim
2392 4264 2598 4320 omnia
2637 4269 2880 4336 propter
2911 4263 3090 4320 ﬁnale
3120 4263 3412 4318 intentum
3439 4278 3599 4319 com-

230 4382 346 4414 ται.
405 4366 492 4414 καὶ
541 4360 634 4413 οὐκ
674 4355 947 4413 ἀκίνδυνον
994 4360 1053 4411 τὸ
1101 4362 1192 4411 καὶ
1236 4363 1355 4430 περὶ
1396 4359 1591 4410 τούτων
1640 4358 1836 4426 ζητεῖν,

1947 4356 2142 4429 posita
2175 4358 2334 4420 sunt,
2369 4359 2432 4408 ut
2459 4351 2690 4408 facilius
2717 4352 3079 4423 excipiatur;
3112 4366 3307 4421 neque
3338 4350 3599 4421 periculo

239 4454 314 4512 ὡς
357 4452 384 4501 6
420 4455 786 4524 Χρυσόστομος
828 4448 875 4501 ἐν
917 4456 990 4519 τῷ
1041 4448 1118 4518 (7)
1171 4449 1297 4520 Περὶ
1342 4445 1648 4520 παραϐολῶν
1686 4465 1840 4517 κεφα-

1947 4451 2142 4511 vacat,
2157 4443 2334 4500 etiam
2347 4442 2448 4498 illa
2465 4441 2734 4511 scrutari,
2752 4441 2934 4498 veluti
2947 4440 3128 4498 tradit
3141 4440 3523 4512 Chrysostom
3531 4457 3597 4496 us

232 4539 364 4612 λαίῳ
402 4537 794 4615 παραδέδωκεν.
1055 4550 1060 4554 ”
1871 4597 1890 4615 1

1055 4550 1060 4554 ‘
1871 4597 1913 4615 η
1948 4537 2137 4607 capite
2170 4533 2244 4589 de
2274 4531 2601 4604 parabolis.

307 4597 518 4702 [ίὶῐοοῖτο
564 4629 640 4701 (8)
692 4626 744 4682 δ’
775 4630 836 4681 ἄν
877 4627 1037 4701 βὰρός
1077 4632 1166 4680 καί
1195 4629 1403 4681 καύσων
1431 4635 1528 4688 τῆς
1555 4627 1749 4701 ἡμέρας
1779 4631 1837 4680 τὸ
1871 4597 1916 4652 D

2017 4597 2339 4695 :l-Intelligi
2387 4625 2582 4694 potest
2625 4621 2864 4694 pondus
2905 4625 2963 4677 et
3005 4625 3186 4678 metus
3234 4620 3371 4686 diei,
3403 4621 3600 4692 gravi-

232 4717 407 4793 βάρο;
464 4725 566 4771 τῶν
629 4725 934 4792 πειρασμῶν
976 4722 1067 4771 καὶ
1121 4720 1181 4770 τὸ
1231 4724 1336 4791 πῦρ
1384 4725 1484 4768 τῶν
1536 4714 1836 4770 ἂτιθάσσων

1947 4719 2040 4770 tas
2069 4713 2482 4776 tentationum,
2511 4717 2568 4767 et
2590 4712 2746 4782 ignis
2767 4711 3195 4768 indomitarum
3224 4712 3600 4784 voluptatum

234 4805 439 4866 ἡδονῶν
496 4811 583 4859 καὶ
636 4805 829 4880 ἀγρίων
876 4808 1076 4874 παθῶν,
1133 4806 1264 4880 ἁπερ
1304 4803 1624 4873 ὶϐάστασαν,
1674 4809 1836 4859 εῖτουν

1947 4820 2019 4862 ac
2071 4803 2354 4859 ferocium
2405 4801 2788 4858 aﬁ‘ectionum
2835 4817 2989 4874 quas
3035 4806 3424 4875 portaverunt
3475 4802 3599 4859 sive

232 4899 537 4970 ὑπέμειναν,
567 4900 638 4970 μὴ
671 4893 900 4957 ἐνδόντες
928 4894 1155 4969 αύτοῖς,]

1949 4893 2384 4962 sustinuerunt,
2414 4908 2489 4949 ne
2518 4892 2597 4950 ab
2625 4893 2710 4949 eis
2736 4892 3134 4951 vincerentur.

313 5077 362 5111 ⁵⁸
396 5073 585 5132 Galat.
623 5079 668 5141 ί,
703 5079 788 5131 15.

1465 5177 1693 5249 Variae
1723 5177 2052 5248 lectiones
2083 5187 2150 5248 et
2187 5187 2371 5248 nota

307 5378 390 5452 (7)
419 5377 706 5452 multoties
720 5375 912 5452 dehis
928 5377 1199 5452 principit
1223 5377 1701 5452 Chrysostomus:
1719 5375 1836 5435 Sed
1941 5377 2069 5452 487.

225 5447 610 5523 Eu'thymius,
637 5453 704 5506 ut
721 5447 966 5516 videtur,
997 5449 1055 5504 in
1077 5447 1275 5506 mente
1303 5447 1535 5518 habuit,
1560 5451 1605 5504 t.
1635 5448 1749 5518 Vll,
1769 5463 1830 5521 p.
2015 5449 2099 5521 (8)
2131 5448 2367 5506 Inclusa
2394 5447 2587 5506 codex
2615 5452 2866 5524 uterque
2893 5449 3078 5508 habet
3104 5447 3168 5506 in
3196 5448 3486 5522 margine.

312 5609 438 5682 (ῬΡ)
456 5611 643 5679 8⁷601⁷0
655 5609 881 5682 adepto.
904 5607 1111 5682 Splum
1129 5609 1258 5680 ejus
1280 5623 1533 5682 scopum
1554 5620 1838 5682 consecu-
1948 5626 1970 5662 ο

1948 5609 2140 5682 σκοπὸν
2185 5602 2501 5682 δρέπεσθαι,
2540 5609 2605 5682 In
2661 5612 2924 5664 mentem
2979 5607 3278 5682 veniebat,
3328 5605 3437 5682 etsi
3473 5619 3599 5662 non

227 5676 351 5754 tos".
377 5676 549 5754 Forte
567 5676 750 5738 etiam
764 5676 891 5752 'pro
922 5676 1274 5754 δρεψαμένους
1303 5676 1461 5754 aliud
1487 5679 1712 5754 invenit
1737 5693 1838 5734 vo-

1947 5679 2091 5754 satis
2121 5676 2427 5754 probatur,
2471 5676 2843 5754 δραξαμένους,
2884 5680 3045 5753 quod
3088 5685 3288 5754 tamen
3319 5679 3597 5751 frequen-

229 5753 546 5811 cabulum.
573 5755 734 5811 Certe
758 5749 1040 5826 equidem
1063 5749 1187 5810 non
1205 5751 1454 5810 memini
1478 5749 1622 5807 alibi
1642 5749 1837 5822 legere
1943 5751 2062 5807 tius
2092 5749 2417 5821 genitivum
2461 5749 2654 5824 quam
2677 5749 3081 5809 accusativum
3108 5751 3312 5808 habet.
