4198 6492
570 383 677 438 535
1892 367 2244 427 EUTHYMII
2277 364 2614 424 ZIGABENI
3868 373 3983 430 535

644 509 804 562 Vers.
839 507 925 560 15.
953 504 1019 559 Si
1055 528 1132 544 -—-
1177 517 1328 558 sum.
1379 501 1566 568 Quod,
1607 517 1714 572 pro
1763 499 1886 565 sed,
1913 497 2009 553 hic
2040 494 2231 549 sumi-

2410 491 2472 546 Εἰ
2507 523 2574 532 -
2632 492 2775 564 ἐίμι;
2825 495 2896 545 Τὸ
2943 494 3042 558 ὅτι,
3098 491 3212 545 ἀντὶ
3263 501 3377 557 τοῦ,
3437 494 3515 566 (9)
3569 495 3724 551 ἀλλά.
3813 504 3983 570 Λέγει

573 605 683 652 tur.
717 595 809 650 Ait
828 593 987 650 enim
1014 609 1026 646 :
1060 592 1115 647 Si
1137 591 1345 646 oculus
1377 597 1516 646 tuus
1539 589 1777 645 invidus
1800 593 1906 651 est,
1931 585 2093 658 atqui
2117 599 2228 655 ego

2363 583 2459 652 νὰρ,
2514 583 2595 633 ὃτι
2627 581 2742 634 Ἐὰν
2787 583 2813 633 ὁ
2863 581 3120 654 ὀφθαλμός
3171 602 3265 634 σου
3313 582 3580 655 βάσκανός
3624 588 3805 658 ἐστιν,
3871 588 3980 641 ἀλλ’

570 685 766 742 bonus
797 699 951 750 sum,
985 697 1232 737 servans
1262 686 1319 736 et
1361 685 1414 735 te
1455 685 1513 734 et
1549 679 1737 734 illum.
1769 679 1852 732 Tu
1881 691 2020 730 vero
2052 689 2127 728 ne
2157 688 2230 728 ex

2363 666 2425 721 ηὖν
2479 668 2578 742 ἐγὼ
2618 669 2814 742 ἀγαθός
2849 670 2975 742 εἰμι,
3034 672 3213 733 σώζων
3253 676 3342 743 μεν
3392 678 3481 725 καὶ
3532 674 3609 740 σέ,
3655 677 3865 737 σώζων
3918 675 3981 731 δὶ

570 774 687 830 hoc
714 771 970 828 turberis
997 771 1172 842 quasi
1197 768 1459 840 aequalia
1476 769 1694 823 dentur
1711 766 1924 821 bravia
1950 763 2042 818 his
2067 761 2231 834 quia

2363 765 2427 812 ιαὶ
2469 767 2671 815 τοῦτον.
2725 763 2793 812 Σὺ
2848 756 2908 813 δὲ
2960 764 3033 833 μὴ
3083 759 3376 836 θορυϐηθῇς
3419 761 3666 830 ἐντεῦθεν,
3717 768 3798 828 ὡς
3839 769 3973 820 ἰσων

573 862 772 934 prima
804 863 978 915 aetate
1024 872 1214 929 usque
1254 856 1331 912 ad
1368 856 1549 912 ﬁnem
1589 853 1934 925 evangelica
1962 866 2230 907 servave-

2363 846 2600 921 Ξραϐείων
2647 852 3016 922 παρεχομένων
3069 854 3160 902 καὶ
3208 857 3318 911 τοῖς
3366 849 3422 903 ἐκ
3473 858 3683 926 πρώτης
3747 854 3978 919 ἡλικίας

572 953 712 1006 runt
753 950 1078 1020 praecepta,
1121 949 1178 1000 et
1213 945 1308 1000 his
1347 944 1451 1016 qui
1489 945 1550 999 in
1592 948 1898 1015 postrema
1933 945 2104 996 nitate
2140 954 2234 994 ac-

2363 943 2475 1012 ῐχρι
2521 937 2692 999 τελους
2745 937 3116 1011 ἐργασαμένοις
3168 937 3259 1000 τᾶς
3315 939 3657 1012 εὐαγγελικὰς
3730 943 3970 1018 ἐντολαὶ,

573 1039 954 1111 quieverunt.
1015 1034 1219 1091 Solum
1266 1035 1426 1090 enim
1477 1033 1679 1089 docuit
1728 1030 2023 1103 parabole.
2067 1028 2235 1101 quod

2363 1031 2430 1079 ιαὶ
2459 1023 2568 1087 τοῖς
2597 1025 2646 1078 ἐν
2677 1024 2892 1098 ἐσχάτῳ
2919 1032 3064 1101 γήρᾳ
3102 1027 3545 1104 εὐαρεστήσασιν.
3586 1030 3647 1084 Η²
3676 1033 3970 1108 παραϐολὴ

575 1125 882 1198 aequaliter
926 1123 1074 1179 salvi
1125 1123 1296 1186 fiunt,
1346 1138 1468 1178 non
1507 1121 1673 1194 quod
1712 1120 1890 1176 etiam
1933 1117 2236 1192 aequaliter

2363 1117 2442 1188 γὰρ
2491 1120 2644 1188 μόνον
2692 1111 2953 1182 ἐδίδαξεν,
2985 1117 3064 1169 ὃτι
3099 1115 3286 1179 ἐπίσης
3321 1119 3601 1186 σώζονται,
3643 1120 3708 1174 οὐ
3741 1127 3855 1194 μὴν
3887 1126 3974 1178 ὅτι

576 1213 1008 1285 gloriﬁcantur,
1037 1211 1203 1267 salus
1233 1211 1530 1284 siquidem
1554 1215 1646 1266 est
1668 1225 1789 1265 non
1811 1208 2022 1281 perire,
2048 1206 2238 1276 gloria

2363 1208 2434 1256 ιαὶ
2501 1202 2684 1264 ἐπίσης
2742 1201 3076 1267 δοξάζονται.
3139 1212 3380 1281 Σωτηρία
3577 1211 3712 1284 γὰρ,
3771 1215 3834 1264 τὸ
3894 1217 3970 1286 μὴ

576 1319 717 1361 vero
748 1301 1036 1372 consequi
1060 1300 1267 1356 bravia
1291 1316 1428 1372 qua:
1453 1300 1621 1356 varia
1645 1303 1782 1354 sunt
1796 1299 1966 1370 juxta
1993 1312 2236 1369 propor-

2363 1291 2650 1344 ἱπολέσθαι·
2708 1289 2840 1355 δόξα
2871 1289 2950 1358 δί,
2995 1297 3055 1346 τὸ
3101 1302 3284 1366 τυχεῖν
3325 1294 3603 1370 βραϐείων,
3661 1299 3701 1352 οἶ
3731 1296 3972 1376 διάφοροί

580 1392 808 1448 tionem
837 1391 979 1445 data
1003 1389 1098 1444 his
1128 1389 1231 1460 qui
1267 1392 1594 1444 servantur.

2363 1380 2450 1433 εἱσι
2480 1383 2616 1433 κατὰ
2642 1380 2920 1452 ἀναλογίαν
2948 1378 3206 1454 διδόμενα
3231 1392 3342 1446 τοῖς
3373 1386 3716 1458 σωζομένοις.

650 1482 808 1534 Vers.
857 1480 944 1534 16.
995 1478 1088 1534 Sic
1133 1509 1203 1517 —
1254 1477 1572 1533 novissimi.
1625 1480 1751 1532 Non
1798 1477 1912 1531 hoc
1961 1491 2030 1531 ex
2070 1491 2240 1547 para-

2419 1471 2600 1531 Οὖτως
2649 1499 2719 1512 -
2757 1472 2998 1542 ἔσχατοι.
3049 1471 3160 1524 Οὐχ
3216 1473 3271 1524 ἐκ
3315 1482 3407 1535 τῆς
3443 1475 3759 1548 παραϐολῆς
3815 1488 3967 1533 τοῦτο

581 1569 724 1624 bola
776 1566 1106 1632 conclusit;
1150 1583 1292 1621 nam
1346 1567 1735 1636 impertinens
1787 1571 1892 1620 est.
1945 1565 2028 1620 lbi
2082 1566 2240 1619 enim

2363 1563 2701 1632 τυνεπέρανεν·
2747 1557 2994 1612 ἀνοίκειον
3031 1561 3155 1634 γὰρ·
3212 1557 3352 1614 διότι
3394 1561 3496 1615 ἐκεῖ
3535 1567 3630 1636 μὶν
3693 1569 3810 1620 ἶσοι
3856 1571 3965 1642 (10)

587 1656 800 1729 primis
825 1656 1090 1728 aequales
1119 1661 1257 1710 sunt
1281 1656 1586 1726 postremi,
1612 1654 1710 1709 hic
1735 1660 1934 1709 autem
1960 1654 2243 1725 postremi

2363 1655 2458 1708 rei;
2505 1654 2734 1722 πρώτοις
2791 1651 2840 1700 οἱ
2894 1651 3140 1720 ἔσχατοι·
3200 1649 3422 1703 ἐνταῦθα
3486 1648 3547 1706 δε
3616 1657 3674 1708 οὶ
3742 1659 3961 1730 ἔσχατοι

577 1746 859 1803 dicuntur
890 1746 1084 1817 primi.
1132 1745 1246 1800 Sed
1295 1745 1442 1800 alius
1490 1749 1582 1800 est
1623 1744 1720 1800 hic
1769 1760 1986 1809 sermo,
2019 1743 2242 1801 docens

2363 1745 2566 1808 πρῶτοι.
2622 1736 2728 1788 ἀλλ’
2780 1739 2946 1811 ἔτερος
2996 1733 3146 1800 οὗτος
3211 1740 3237 1791 ό
3282 1739 3453 1811 λόγος,
3511 1738 3822 1812 διδάσκων,
3881 1749 3954 1799 ὅτι

579 1835 745 1908 quod
800 1834 950 1890 sicut
996 1833 1142 1888 illud
1195 1832 1433 1897 accidit,
1465 1839 1530 1889 ut
1578 1833 1682 1904 qui
1737 1848 1774 1889 a
1822 1833 2017 1904 prima
2073 1839 2239 1888 aetate

2363 1825 2522 1900 ὥσπερ
2580 1824 2738 1878 ἐκεῖνο
2791 1831 3011 1897 γίνεται,
3065 1831 3125 1880 τὸ
3179 1836 3286 1888 τοῖς
3342 1827 3397 1881 ἐκ
3458 1836 3687 1903 πρώτης
3761 1834 3950 1895 ἡλικίας

579 1923 810 1996 operati
851 1929 1009 1986 sunt,
1064 1921 1362 1993 aequalem
1421 1921 1720 1992 accipiant
1774 1921 2111 1977 mercedem
2151 1921 2240 1976 his

2363 1913 2720 1987 ἱργασαμένοις
2795 1911 2905 1967 ἶσον
2963 1918 3154 1988 μισθὸν
3223 1915 3394 1970 λαϐεῖν
3449 1923 3568 1981 τοὺς
3637 1921 3690 1974 ἐν
3749 1924 3952 1996 ἐσχάτῳ

580 2012 682 2084 qui
710 2011 770 2066 in
799 2016 1106 2081 postrema
1131 2013 1574 2082 acquieverunt,
1601 2011 1682 2066 ita
1708 2027 1852 2066 sane
1877 2016 1932 2066 et
1960 2011 2075 2066 hoc
2105 2025 2244 2065 con-

2363 2009 2491 2078 γὴρᾳ
2538 2003 3007 2078 εὐαρεστησαντας,
3059 2006 3222 2068 οὕτως
3269 2008 3374 2082 ἄρα
3414 2016 3504 2061 καὶ
3540 2019 3705 2065 τοῦτο
3743 2019 3956 2085 γίνεται,

584 2099 773 2168 tingit,
801 2104 863 2153 ut
883 2098 1194 2154 novissimi
1209 2104 1541 2171 appareant
1558 2100 1756 2171 primi,
1777 2105 1832 2154 et
1852 2100 2027 2172 primi
2050 2099 2245 2154 novis-

2363 2097 2410 2144 τό
2458 2096 2580 2154 τοὺς
2630 2092 2892 2164 ἐσχάτους
2933 2101 3172 2167 πρώτους
3216 2104 3459 2168 φανῆναι,
3511 2104 3606 2153 καὶ
3653 2106 3777 2164 τοὺς
3826 2108 3963 2161 πρώ-

592 2187 749 2244 simi.
782 2187 1039 2244 Possunt
1071 2191 1272 2242 autem
1318 2187 1381 2243 hi
1423 2204 1552 2243 esse
1583 2187 1893 2243 Christiani
1923 2194 1980 2242 et
2008 2187 2240 2252 Judaei;

591 2282 695 2332 aut
737 2275 1008 2332 ﬁdelium
1063 2275 1317 2348 quidam
1377 2277 1439 2332 in
1494 2276 1804 2348 principiis
1855 2277 2244 2345 negligentes,

590 2366 986 2439 postmodum
1027 2383 1170 2422 vero
1219 2366 1372 2422 serio
1415 2383 1664 2439 operam
1715 2366 1962 2430 dantes;
1996 2366 2247 2437 quidam

591 2459 794 2511 autem
838 2455 900 2511 in
944 2454 1252 2527 principiis
1293 2454 1625 2524 diligentes,
1679 2454 2069 2526 postmodum
2109 2471 2248 2510 vero

592 2543 998 2614 negligentes;
1050 2559 1245 2615 neque
1290 2544 1452 2598 enim
1499 2545 1559 2598 in
1608 2542 1726 2597 ﬁde
1776 2542 1990 2608 solum,
2039 2544 2143 2600 sed
2188 2553 2245 2600 In

617 2633 742 2689 vita
773 2648 1018 2704 quoque
1053 2632 1204 2687 ﬁunt
1250 2631 1602 2701 hujusmodi
1641 2633 1943 2687 transitus.

663 2721 829 2775 Vers.
864 2725 947 2775 t6.
975 2719 1156 2775 Multi
1187 2751 1255 2760 —
1285 2721 1470 2776 electi.
1502 2720 1658 2776 Multi
1688 2721 1931 2792 quidem
1959 2721 2034 2778 ad
2066 2722 2248 2779 ﬁdem

593 2807 790 2864 vocati
826 2813 983 2872 sunt,
1016 2807 1195 2879 pauci
1222 2824 1360 2864 vero
1391 2809 1798 2881 acquiescunt.

668 2898 832 2951 Vers.
869 2897 955 2951 17.
1005 2897 1086 2951 Et
1129 2928 1196 2936 -—
1244 2898 1402 2952 Vers.
1455 2900 1541 2953 19.
1593 2900 2004 2968 cruriﬁgatur.
2037 2906 2251 2956 Ascen-

597 2985 748 3041 dens
764 2984 890 3055 jam
915 2985 992 3040 ad
1019 2986 1366 3042 Passionem
1393 3002 1631 3043 rursum
1659 2989 1923 3060 praedicit
1943 2990 2252 3062 discipulis

2352 2201 2470 2242 τους
2526 2181 2808 2253 ἐσχάτους.
2874 2179 2980 2236 Εἶεν
3037 2179 3088 2235 δ’
3155 2183 3214 2235 ἂν
3267 2193 3315 2237 οἰ
3369 2205 3425 2238 τε
3476 2194 3816 2262 Χριστιανοὶ,
3875 2195 3964 2242 καὶ

2355 2273 2404 2322 οἱ
2453 2267 2726 2338 Ἰουδαῖοι,
2777 2277 3002 2324 καὶτῶν
3049 2281 3248 2325 πιστῶν
3297 2275 3347 2326 οἰ
3380 2274 3435 2338 ἐξ
3471 2275 3650 2350 ἀρχῆς
3691 2281 3786 2350 μὲν
3838 2277 3962 2351 ἆμε-

2355 2359 2625 2428 λὴσαντες,
2671 2359 2885 2434 ὓστερον
2935 2359 2993 2413 δί
3041 2359 3459 2429 σπουδάσαντες,
3506 2370 3593 2417 καὶ
3620 2368 3672 2418 οἱ
3725 2365 3776 2417 ἐν
3810 2366 3957 2440 ἀρχῇ

2356 2452 2445 2522 μὶν
2501 2446 2910 2520 σπουδάσαντες,
2967 2449 3180 2525 ὓστερον
3219 2449 3277 2505 δὲ
3324 2451 3683 2525 ἀμελήσαντες.
3728 2460 3806 2505 Ou
3845 2457 3948 2527 γὰρ

2357 2537 2441 2590 ἐπὶ
2485 2543 2710 2600 πίστεως
2756 2544 2930 2611 μόνον,
2981 2538 3109 2593 ἀλλὰ
3159 2546 3249 2594 καὶ
3296 2543 3377 2594 ἐπὶ
3426 2538 3546 2615 βίον
3599 2543 3656 2594 αἱ
3706 2548 3948 2594 τοιαῦται

2359 2627 2409 2698 (1
2427 2628 2472 2698 1)
2503 2626 2784 2700 μεταϐολαί
2798 2672 2811 2685 ,

2432 2716 2616 2769 Πολλοὶ
2683 2748 2753 2758 --
2817 2717 3070 2776 ἐκλεκτοί,
3147 2719 3332 2774 Πολλοὶ
3388 2720 3496 2794 μέν,
3548 2722 3599 2774 οἱ
3650 2719 3962 2793 καλούμενοι

2362 2805 2432 2867 εἰς
2459 2810 2552 2864 τὴν
2583 2810 2784 2858 πίστιν·
2819 2806 2986 2879 ὀλίγοι
3017 2804 3097 2877 δὲ,
3123 2810 3172 2861 οἱ
3201 2809 3610 2882 εὐαρεστοῡντες.

2435 2898 2532 2946 Καὶ
2588 2925 2656 2934 -
2714 2905 3038 2967 σταυρῶσαι.
3093 2895 3464 2972 Ἀνερχόδενος
3520 2900 3604 2953 ἐπὶ
3669 2903 3727 2952 τό
3794 2900 3965 2960 ῐΙοὶθος

2363 2979 2494 3048 ἤδη,
2572 2982 2726 3035 πάλιν
2801 2985 3036 3058 προλέγει
3097 2994 3201 3048 τοῖς
3257 2990 3524 3059 μαθηταῖς
3589 2991 3654 3041 τὰ
3723 2988 3971 3061 μέλλοντα

599 3089 734 3146 qua:
765 3073 1031 3130 futurum
1061 3079 1153 3130 est
1182 3079 1246 3130 ut
1276 3076 1385 3147 ipsi
1415 3077 1782 3146 contingant,
1815 3083 1875 3133 ut
1904 3079 2113 3135 crebro
2144 3081 2254 3135 illis

2365 3071 2503 3141 αὖτῴ
2559 3071 2884 3144 συμϐαίνειν,
2935 3073 2984 3126 ἐν
3037 3083 3110 3146 τῷ
3159 3085 3363 3139 πυκνῶς
3400 3086 3568 3131 ταῦτα
3613 3077 3882 3152 προλέγειν
3913 3080 3969 3128 τὸ

598 3162 982 3236 praedicendo
1012 3163 1240 3220 auferat
1265 3165 1674 3222 vehementem
1701 3183 1906 3223 eorum
1939 3169 2254 3224 tristitiam.

2366 3159 2494 3212 πολὺ
2546 3168 2643 3223 τῆς
2688 3160 2857 3224 λύπης
2907 3162 3075 3216 αὐτῶν
3129 3165 3550 3239 ὑποτεμνόμενος.
3607 3163 3871 3220 Κατιδίαν
3918 3162 3975 3218 δὴ

602 3253 864 3310 Seorsim
896 3257 1095 3309 autem
1127 3253 1202 3308 de
1245 3253 1340 3309 his
1370 3254 1609 3310 disserit
1641 3255 1774 3321 illis,
1809 3255 2106 3327 siquidem
2136 3272 2254 3312 non

2367 3249 2540 3310 αὐτοῖς
2587 3255 2706 3324 περί
2755 3253 2946 3303 τούτων
2999 3253 3112 3324 (12)
3164 3250 3480 3328 διαλέγεται,
3537 3253 3682 3310 διότι
3723 3255 3821 3308 οὐκ
3869 3251 3978 3307 ἔδει

599 3341 820 3398 multos
851 3341 981 3398 haec
1001 3342 1150 3398 scire
1179 3343 1497 3414 oportebat
1524 3359 1598 3399 ne
1618 3343 2080 3401 offenderentur.
2109 3349 2254 3402 Nam

2367 3345 2536 3391 ταῦτα
2579 3341 2761 3410 μαθεῖν
2803 3344 2924 3402 τοὺς
2967 3340 3202 3409 πολλοὺς,
3257 3342 3342 3396 ἱνα
3369 3351 3442 3418 μὴ
3487 3341 3972 3399 πανδαλισθώσιν.

600 3431 649 3487 si
671 3431 801 3487 hmo
827 3431 1136 3488 audientes
1169 3431 1445 3505 discipuli
1473 3432 1888 3499 turbabantur,
1917 3434 2104 3491 multo
2136 3452 2254 3494 ma-

2368 3427 2430 3480 Εἰ
2452 3430 2555 3501 γὰρ
2581 3430 2630 3481 οἱ
2653 3430 2889 3501 μαθηταὶ
2913 3437 3080 3483 ταῦτα
3109 3429 3380 3495 ἀκούοντες
3409 3432 3772 3508 ἐθορυϐοῦντο,
3804 3431 3974 3502 πολλῷ

601 3519 691 3590 gis
724 3519 935 3576 turba.

2367 3515 2558 3589 μᾶλλον
2588 3518 2638 3570 οἰ
2663 3516 2838 3589 ὄχλοι.

673 3610 788 3665 Cur
817 3623 960 3678 ergo
987 3623 1112 3664 non
1158 3607 1384 3664 dictum
1430 3614 1518 3664 est
1559 3608 1634 3664 de
1681 3609 1774 3664 his
1820 3615 1877 3665 et
1901 3610 1979 3666 ad
2009 3611 2260 3667 turbas?

603 3696 836 3751 Dictum
874 3699 959 3748 est
983 3693 1252 3765 quidem,
1280 3695 1385 3749 sed
1434 3710 1557 3750 non
1603 3695 1915 3751 manifeste
1946 3714 1959 3752 :
1988 3698 2085 3754 Sic
2123 3701 2254 3765 erit,

601 3781 816 3852 inquit,
849 3780 1033 3836 Filius
1062 3781 1316 3836 hominis
1340 3781 1403 3837 in
1435 3783 1612 3838 corde
1637 3789 1813 3840 terrae
1843 3785 2032 3840 tribus
2060 3787 2260 3843 diebus

604 3874 662 3926 et
693 3869 883 3924 tribus
913 3869 1180 3924 noctibus
1221 3870 1269 3904 ⁸⁵
1295 3886 1310 3936 ;
1343 3875 1400 3925 et
1436 3870 1576 3926 alibi
1622 3871 1841 3929 similia
1871 3873 1983 3930 illis
2008 3876 2261 3932 obscure

605 3956 862 4023 dicebat,
899 3956 1051 4012 sicut
1087 3956 1150 4012 in
1198 3959 1584 4030 sequentibus
1625 3961 2016 4020 inveniemus.
2047 3967 2261 4021 Verum

606 4063 748 4103 cum
770 4047 902 4103 haec
931 4062 1054 4103 non
1078 4047 1493 4118 intelligerent,
1520 4067 1706 4123 quare
1737 4053 1983 4109 omnino
2013 4072 2082 4111 ea
2108 4056 2263 4112 dice-

605 4135 713 4193 bat
751 4135 908 4192 illis?
960 4137 1030 4192 Ut
1079 4152 1220 4193 cum
1268 4139 1658 4210 postmodum
1705 4157 1775 4198 ea
1814 4149 2261 4214 cognoscerent,

609 4225 831 4282 scirent
858 4226 1027 4298 quod
1072 4242 1209 4300 quas
1259 4243 1552 4299 passurus
1603 4237 1728 4286 erat
1753 4239 2262 4303 praecognoverat,

608 4319 668 4372 et
691 4315 1022 4374 voluntarie
1053 4315 1133 4372 ad
1161 4316 1506 4388 passionem
1537 4326 1798 4376 venerat.

2373 4325 2606 4386 νώσκων,
2639 4320 2676 4372 ἆ
2701 4322 2883 4372 παθεῖν
2908 4319 3126 4392 ἔμελλεν,
3157 4320 3284 4374 ἑκὼν
3315 4318 3463 4379 ἦλθεν
3495 4323 3565 4385 εἰς
3597 4327 3656 4376 τό
3685 4327 3888 4378 παθεῖν.

680 4404 796 4462 Sed
825 4419 1020 4477 neque
1048 4404 1361 4477 discipulis
1412 4406 1702 4480 principio
1733 4411 2162 4481 particulariter
2190 4411 2254 4467 de

2443 4406 2598 4461 ’Δλλὰ
2647 4413 2738 4460 καὶ
2782 4415 2893 4469 τοῖς
2937 4410 3200 4480 μαθηταῖς
3251 4409 3345 4462 οὐκ
3394 4410 3446 4473 ἐξ
3501 4410 3684 4488 ἀρχῆς
3742 4412 3983 4485 λεπτομε-

607 4493 702 4550 his
730 4493 966 4548 locutus
999 4498 1108 4558 est,
1141 4493 1248 4550 sed
1294 4495 1556 4566 primum
1595 4497 1839 4569 quidem
1866 4499 2140 4568 obscure,
2167 4499 2254 4555 de-

2373 4505 2477 4573 ρῶς
2541 4494 2649 4550 εἶπε
2698 4502 2816 4571 περὶ
2872 4500 3086 4568 τούτων,
3141 4496 3271 4550 ἀλλὰ
3325 4508 3531 4571 πρῶτον
3581 4506 3674 4575 μὲν
3738 4499 3981 4576 ἀμυδρό-

608 4581 750 4638 inde
770 4579 1162 4638 manifestius.
1186 4584 1352 4639 Nunc
1379 4599 1516 4641 vero
1536 4601 1676 4641 cum
1701 4587 1945 4642 tandem
1971 4587 2254 4643 Passionis

2373 4606 2535 4662 τερον,
2596 4583 2707 4640 εἶτα
2759 4594 3121 4662 φανερώτερον.
3158 4593 3266 4640 Νῦν
3319 4583 3396 4654 δὲ,
3453 4591 3541 4644 ὅτε
3578 4592 3762 4646 λοιπὸν
3807 4591 3978 4662 ἐνεγυ-

612 4668 898 4742 opinione
941 4670 1239 4727 exercitati
1269 4677 1426 4741 sunt,
1477 4673 1657 4730 etiam
1689 4673 1806 4730 alia
1853 4675 2254 4746 particulariu:

2372 4678 2684 4749 μνάσθησαν
2747 4684 2811 4750 τῇ
2867 4672 3169 4751 προσδοκίᾳ
3220 4683 3314 4728 τοῦ
3378 4680 3614 4748 Ποίθους,
3683 4681 3976 4753 λεπτομερέ-

616 4756 803 4826 addit,
841 4757 1007 4830 quod
1037 4759 1276 4819 tradent
1318 4777 1460 4819 eum
1507 4761 1783 4833 gentibus
1816 4762 1941 4819 sive
1978 4763 2254 4822 militibus

2376 4785 2555 4840 στερον
2614 4770 2704 4819 καὶ
2753 4769 2820 4820 τὰ
2872 4764 3003 4820 ἄλλα
3044 4767 3419 4841 προστίθησιν,
3477 4769 3566 4822 ὅτι
3603 4775 3696 4824 καὶ
3734 4765 3976 4846 παραδὼ-

2439 3609 2502 3662 Τί
2557 3601 2648 3660 οὖν
2707 3606 2802 3659 οὐκ
2857 3605 3046 3680 ἐλέχθη
3101 3615 3216 3683 περὶ
3271 3612 3459 3662 τούτων
3515 3612 3605 3661 καὶ
3662 3612 3795 3681 πρός
3850 3612 3975 3669 τοὺς

2368 3693 2590 3757 πολλούς
2614 3714 2630 3766 ;
2679 3695 2900 3768 Ἐλέχθη
2941 3700 3050 3770 μὶν,
3084 3697 3185 3748 ἀλλ’
3230 3696 3334 3768 οὐχ
3383 3697 3516 3749 οὓτω
3567 3704 3762 3767 σαφῶς,
3813 3700 3970 3748 Οὕτω

2367 3785 2493 3857 γὰρ.
2552 3787 2735 3856 φησὶν,
2793 3788 2942 3838 ἔσται
2994 3784 3082 3837 καὶ
3145 3786 3170 3837 ὁ
3247 3788 3368 3847 Υἱός
3417 3793 3510 3837 τοῦ
3580 3782 3858 3859 ἀνθρώπου
3917 3790 3968 3840 ἐν

2369 3881 2432 3946 τῇ
2490 3870 2689 3947 καρδίᾳ
2758 3883 2850 3936 τῆς
2917 3884 3018 3947 γῆς
3088 3881 3221 3947 τρεῖς
3275 3876 3467 3948 ἡμέρας
3538 3879 3631 3928 καὶ
3686 3883 3824 3950 τρεῖς
3883 3879 3972 3928 νύ-

2370 3981 2517 4023 κτας.
2575 3967 2675 4015 Καὶ
2731 3962 2966 4035 ἀλλαχοῦ
3020 3961 3080 4017 δὴ
3131 3972 3349 4018 τοιαῦτα
3396 3970 3525 4036 πρός
3583 3965 3780 4028 αὐτοὺς
3839 3963 3974 4019 εἶπεν

2373 4049 2608 4124 ἀσαφῶς,
2642 4055 2712 4114 ὡς
2757 4057 3022 4127 προίόντις
3068 4055 3371 4129 εὑρήσομεν.
3418 4055 3527 4108 Καὶ
3577 4053 3685 4108 ἐπεὶ
3743 4055 3803 4108 οὐ
3857 4075 3978 4108 συν-

2376 4144 2520 4193 ίεσαν
2573 4140 2728 4210 αὐτὰ,
2777 4138 2924 4194 διατί
2971 4141 3099 4204 ὅλως
3145 4151 3314 4196 ταῦτα
3358 4147 3488 4217 πρὸς
3536 4143 3728 4206 αὐτοὺς
3775 4144 3979 4217 ante;

2370 4228 2482 4282 Ἱνα
2527 4233 2656 4302 μετὰ
2696 4237 2864 4284 ταῦτα
2917 4233 3167 4303 μαθόντες
3216 4231 3347 4285 αὑτὰ
3391 4241 3608 4304 γνῶσιν,
3661 4236 3740 4287 ὅτι
3802 4253 3984 4310 προγι-

689 4936 738 4972 ⁵⁵
767 4936 970 4996 Matth.
998 4954 1101 5006 xu,
1133 4941 1224 4996 40.

1862 5067 2087 5136 Variae
2125 5069 2448 5138 lectiones
2478 5078 2543 5138 et
2562 5079 2765 5138 notae.

688 5259 769 5338 (ἓ)
795 5261 958 5338 Hanc
989 5258 1542 5338 interpretationem
1589 5261 1820 5338 peperit
1845 5262 2018 5338 lectio
2048 5264 2110 5338 ςί,
2144 5263 2276 5322 loco
2383 5265 2556 5338 modo
2580 5269 2718 5338 post
2751 5265 2894 5338 ἐμοῖς
2921 5265 3192 5322 deleatur
3219 5265 3627 5338 interrogandi
3657 5273 3821 5325 nota.

618 5334 674 5390 ἤ.
701 5330 865 5414 Ἐεωι⁸
895 5332 1120 5419 invexit
1149 5330 1467 5415 'Cbrysost.
1517 5333 1558 5387 t.
1591 5330 1720 5396 ‘VII,
1766 5348 1824 5402 p.
1877 5335 2000 5400 637,
2045 5335 2151 5392 638
2177 5338 2283 5419 qui
2457 5330 2885 5463 (ίοζίισοιίῐιι
2923 5353 3082 5410 sape
3110 5337 3346 5394 variant
3386 5330 3568 5396 co'dd.
3617 5357 3762 5396 mss.
3792 5339 3853 5394 in
3879 5335 3984 5392 hoc

620 5407 822 5458 tamen
851 5402 1011 5459 istud
1032 5421 1077 5454 ει
1099 5431 1172 5443 -
1193 5421 1274 5454 οτι
1304 5401 1648 5463 prudenter.
1678 5409 1741 5458 ut
1761 5404 1928 5463 solet,
1961 5422 2080 5462 non
2112 5413 2282 5463 attm-
2382 5423 2536 5463 voca
2584 5407 2704 5463 ulo.

620 5407 822 5474 tamen
851 5402 1011 5474 istud
1032 5401 1077 5454 εἰ
1099 5431 1172 5443 -
1193 5401 1648 5474 «inprudenter,
1678 5409 1741 5458 ut
1761 5401 1928 5469 solet,
1961 5422 2080 5462 non
2112 5401 2282 5463 attin-
2382 5401 2704 5464 vocabulo.

623 5474 724 5543 git.
753 5473 814 5528 Εἰ
840 5479 895 5529 et
919 5473 949 5532 ἣ
1003 5476 1093 5528 est
1133 5472 1322 5528 mera'
1348 5472 1620 5529 confusio
1649 5475 1965 5532 vocalium.
1997 5480 2075 5533 Ex
2106 5477 2282 5534 inter-
2453 5480 2537 5549 (11
2597 5481 2679 5533 Ac
2710 5478 2760 5532 si
2789 5478 3099 5551 μεταϐάσεις
3122 5478 3329 5548 legerit
3359 5479 3706 5537 Hentenius.

623 5548 786 5623 prete
816 5543 1022 5623 Latino
1049 5542 1197 5623 nihil
1226 5542 1417 5623 colligi
1453 5549 1674 5623 potest.
1711 5549 1865 5623 Nam
1885 5551 1959 5623 _is
1988 5554 2146 5623 recte
2177 5566 2280 5623 po-
2379 5620 2390 5623 _
2450 5479 2566 5623 (t2;
2594 5553 2811 5616 Τούτου,
2844 5552 2909 5606 Α.
2949 5553 3075 5610 Mox
3108 5550 3267 5606 idem
3297 5551 3514 5607 omittit
3542 5557 3668 5614 τοὺς
3696 5569 3706 5607 ε

620 5542 786 5618 prete
816 5543 1022 5600 Latino
1053 5542 1197 5598 nihil
1226 5542 1417 5671 colligi
1459 5549 1674 5618 potest.
1718 5549 1865 5603 Nam
1909 5551 1959 5604 is
1988 5554 2146 5606 recte
2177 5566 2254 5621 po

624 5613 1075 5671 teratredderez‘i
1099 5630 1207 5671 per
1227 5629 1325 5671 an.
1393 5617 1896 5671 aaterum.etiamsi
1914 5621 2254 5671 nrobetnrri

2379 5620 2400 5671 )
2450 5542 2564 5638 ξιξ)
2594 5542 2811 5616 Τούτου’,
2844 5552 2909 5606 Α.
2949 5553 3075 5610 Mox
3108 5542 3267 5606 idém
3297 5551 3514 5607 omittit
3542 5557 3668 5614 τοὺς
3696 5552 3831 5608 ante
3860 5543 3980 5600 πολ-

2399 5641 2518 5671 .ους.

624 5613 1032 5686 ieratreddere
1046 5614 1075 5672 ἢ
1099 5630 1207 5686 per
1227 5629 1325 5671 an.
1353 5613 1896 5683 Caeterum,etiamsi
1914 5613 2276 5686 probeturri.

625 5620 1075 5672 teratredderei‘v
1099 5630 1207 5686 per
1227 5629 1325 5671 an.
1353 5620 1896 5683 Caeterum,etiamsi
1956 5620 2276 5676 robeturri.
2379 5620 2518 5683 λούς.

625 5691 830 5743 tamen
857 5683 1024 5742 nulla
1051 5690 1142 5742 est
1168 5687 1488 5746 necessitas
1515 5692 1594 5742 ὅτι
1622 5637 1959 5762 explicandi
1988 5707 2096 5764 per
2125 5690 2272 5746 ἀλλὰ.
