4198 6440
257 407 372 462 537
1239 400 1607 458 COMMENT.
1647 401 1716 456 IN
1755 399 2207 457 MATTHEUM.
2258 432 2325 442 —
2363 400 2519 458 CAP.
2559 403 2682 454 ΧΧ.
3537 404 3644 459 538

263 549 454 584 σουσιν
514 528 674 580 αὐτὸν
728 535 838 588 τοῖς
899 529 1117 594 ἔθνεσιν,
1173 527 1351 598 ἤγουν,
1411 533 1516 586 τοῖς
1564 525 1617 577 ἐκ
1681 525 1921 599 Ῥώμης.

1996 527 2297 590 Romanis,
2344 526 2661 599 pra'sidem
2715 531 2926 598 agente
2981 526 3365 598 Jerosolymis
3433 529 3637 596 Pilato,

268 636 627 691 στρατιωταις
716 623 812 669 τοῦ
891 618 1291 688 ἡγεμονεύοντος
1382 613 1430 667 ἐν
1507 614 1884 688 Ἱεροσολύμοις

1991 615 2278 688 quodque
2307 615 2368 671 hi
2406 614 2655 672 illudent
2683 630 2822 672 eum
2860 620 2917 672 et
2938 614 3328 687 ﬂagellabunt
3355 633 3424 674 ac
3449 619 3641 674 cruci-

262 709 521 773 Πιλάτου,
576 710 667 757 καὶ
717 706 801 759 ὅτι
849 703 1196 777 ἐμπαίξουσιν
1243 703 1389 757 οὗτοι
1433 704 1597 776 αύτῷ,
1645 709 1735 757 καὶ
1779 724 1883 777 μα·
1991 703 2195 774 ﬁgent.

265 803 632 870 πιγώσουσιν
656 797 749 847 καὶ
783 799 1206 869 σταυρώσουσιν.

342 890 448 940 Καὶ
511 915 583 926 -
644 881 1026 941 ἀναστήσεται.
1105 882 1277 937 Εἰπὼν
1335 884 1402 935 τὰ
1453 881 1734 948 λυποῦντα,
1802 881 1884 934 λί-

2064 882 2228 939 Vers.
2289 886 2372 940 19.
2432 885 2500 938 Et
2539 913 2608 925 —
2635 889 2909 955 resurget.
2980 883 3089 940 Ubi
3139 883 3322 940 tristia
3371 883 3637 954 dixisset,

271 996 352 1048 γει
401 979 495 1028 καὶ
548 976 608 1027 τό
655 974 1150 1046 παραμυθούμενον,
1194 973 1277 1024 ἱνα
1321 973 1442 1024 ὅταν
1476 967 1666 1025 ἴδωσιν
1695 971 1880 1044 ἕκεῖνα,

1993 971 2163 1029 addit
2199 972 2378 1028 etiam
2416 973 2580 1045 quod
2620 973 3092 1030 consolationem
3131 972 3360 1039 afferat,
3396 979 3460 1030 ut
3502 990 3640 1032 cum

275 1061 699 1140 προσδοκήσωσι
755 1067 850 1114 καὶ
903 1067 1082 1114 τοῦτο.
1134 1066 1344 1122 Λουκᾶς
1392 1057 1453 1113 δέ
1503 1079 1680 1132 φησιν,
1727 1061 1884 1114 εἰπεῖν

1991 1061 2092 1118 illa
2143 1061 2416 1128 viderint,
2466 1062 2648 1119 etiam
2694 1063 2810 1120 hoc
2853 1066 3212 1134 exspectent.
3268 1061 3457 1119 Lucas
3501 1079 3643 1121 vero

275 1157 400 1229 πρός
452 1152 647 1213 αύτούς
710 1154 802 1203 τόν
867 1152 1120 1224 Χριστόν,
1192 1149 1275 1202 ὅτι
1345 1154 1447 1203 Καὶ
1516 1152 1884 1209 τελεσθήσεται

1993 1149 2290 1207 Christum
2332 1167 2575 1224 quoque
2618 1152 2704 1208 eis
2754 1151 2978 1208 dixisse
3018 1151 3142 1206 ait:
3173 1151 3249 1206 Et
3287 1167 3646 1210 consumma-

272 1244 444 1295 πάντα
521 1243 591 1293 τὰ
687 1241 1028 1313 γεγραμμένα
1107 1235 1204 1292 διὰ
1274 1246 1376 1290 τῶν
1448 1247 1726 1312 προφητῶν
1810 1246 1882 1310 τῷ

1993 1239 2220 1295 buntur
2265 1241 2466 1296 omnia
2513 1257 2640 1312 quae
2681 1241 2842 1297 dicta
2887 1246 3026 1296 sunt
3063 1254 3170 1310 per
3198 1240 3520 1310 prophetas
3575 1242 3645 1298 de

269 1336 374 1401 Υίῷ
429 1337 522 1383 τοῦ
576 1327 876 1403 ἀνθρώπου,
948 1331 1063 1394 καὶ,
1123 1328 1201 1380 ὅτι
1267 1326 1415 1380 αὐτοὶ
1468 1323 1618 1380 ούδὶν
1685 1330 1881 1380 τούτων

1991 1326 2137 1382 Filio
2156 1327 2426 1394 hominis,
2446 1333 2501 1382 et
2521 1327 2683 1399 quod
2699 1329 2814 1394 ipsi
2827 1326 2974 1382 nihil
2990 1327 3196 1382 horum
3209 1326 3645 1385 intellexerunt-

271 1429 525 1479 συνῆκαν.
578 1419 648 1471 Οἱ
867 1419 968 1490 γὰρ
1025 1425 1290 1491 προφῆται
1367 1415 1684 1488 λεπτομερῶς
1765 1420 1881 1488 περὶ

2063 1417 2366 1487 Propheta:
2381 1415 2677 1487 siquidem
2692 1415 3122 1487 particulariter
3133 1415 3205 1470 de
3219 1416 3496 1472 omnibus
3509 1431 3644 1488 qum

267 1510 476 1562 πάντων
521 1507 687 1560 αὐτοῦ
738 1514 840 1557 τῶν
896 1506 1222 1577 παθημάτων
1269 1511 1534 1578 προεῖπον,
1573 1508 1664 1558 καὶ
1712 1504 1756 1557 εἰ
1807 1509 1877 1576 μὴ

1988 1521 2271 1578 passurus
2310 1510 2435 1560 erat
2473 1504 2892 1576 praedixerunt,
2921 1510 2976 1560 et
3005 1504 3114 1560 nisi
3144 1506 3204 1560 in
3235 1505 3483 1575 longum
3514 1521 3646 1578 pro-

269 1598 428 1651 πολὺν
487 1595 697 1669 ἔμελλον
744 1593 1026 1647 ἀποτείνειν
1080 1593 1252 1665 λόγον,
1307 1595 1484 1654 πάσας
1537 1595 1599 1646 οἶν
1668 1595 1882 1666 παρεθέ-

1993 1593 2318 1649 trahendus
2357 1598 2511 1648 esset
2548 1608 2764 1658 sermo,
2807 1609 3016 1649 omnes
3043 1593 3116 1647 de
3155 1593 3247 1648 his
3269 1592 3542 1649 aﬂ‘errem
3582 1595 3644 1650 in

269 1707 374 1760 μην
431 1689 529 1747 τὰς
579 1688 702 1759 περὶ
755 1686 955 1736 τούτων
1008 1687 1342 1757 προφητείας.
1401 1684 1468 1735 Οἱ
1525 1681 1583 1736 6's
1647 1685 1881 1755 μαθηταὶ

1992 1682 2261 1740 medium
2320 1682 2680 1755 prophetias.
2753 1682 3034 1754 Discipuli
3092 1698 3233 1738 vero
3289 1690 3428 1737 tunc
3497 1682 3643 1738 nihil

271 1773 426 1829 οὐδὲν
476 1777 699 1838 τούτων,
755 1780 857 1824 τῶν
914 1776 1283 1846 γεγραμμένων
1341 1767 1581 1830 δηλονότι
1635 1768 1728 1824 διὰ
1782 1780 1882 1823 τῶν

1991 1773 2204 1828 horum
2235 1771 2665 1833 intellexerunt,
2706 1789 2844 1844 qum
2879 1771 3147 1826 videlicet
3183 1787 3287 1843 per
3318 1771 3643 1844 prophetas

269 1872 576 1940 προφητῶν,
635 1869 869 1920 συνῆκαν
917 1864 1050 1915 τότε.
1102 1860 1260 1913 Ἀ).λά
1313 1864 1404 1912 καὶ
1458 1857 1538 1926 ἦν,
1597 1863 1663 1922 ὡς
1706 1861 1872 1932 (13)ὁ
1913 1879 1927 1934 l

1993 1861 2211 1931 scripta
2236 1866 2422 1925 erant,
2457 1859 2559 1916 sed
2603 1861 2768 1926 Erat,
2801 1860 2951 1915 sicut
2980 1859 3138 1914 idem
3167 1859 3398 1930 scripsit
3436 1862 3643 1931 Lucas,

276 1955 436 2013 αύτός
503 1956 595 2024 ἔφη
669 1955 893 2020 Λουκᾶς,
964 1953 1024 2002 τό
1087 1950 1234 2024 ῥῆμα
1311 1957 1464 2002 τοῦτο
1537 1953 1882 2022 κεκρυμμένον

1991 1950 2232 2008 verbum
2256 1950 2785 2005 hocabsconditum
2801 1950 2870 2004 ab
2895 1949 2990 2013 eis,
3010 1949 3131 2004 sive
3150 1948 3511 2018 ignoratum,
3527 1947 3643 2005 hoc

285 2041 372 2094 iur’
435 2041 623 2108 αὐτῶν,
673 2044 857 2111 ἤγουν,
912 2036 1268 2111 ἀγνοούμενον,
1323 2037 1456 2110 λέγω
1513 2035 1606 2107 δὴ,
1669 2042 1728 2090 τό
1781 2038 1884 2091 Καὶ

1990 2041 2260 2112 inquam,
2298 2039 2490 2096 Tertio
2514 2039 2608 2096 die
2629 2047 2881 2110 resurget
2907 2057 2922 2106 ;
2955 2054 3062 2094 nec
3083 2037 3493 2108 intelligebant
3510 2055 3646 2112 quas

294 2137 360 2202 τῇ
428 2134 576 2200 τρίτη
630 2130 788 2202 ἡμίρᾳ
859 2126 1232 2195 ἀναστήσεται,
1291 2131 1381 2180 καὶ
1436 2127 1532 2180 ούκ
1603 2125 1883 2199 ἕφίνωσκον

1991 2127 2344 2184 dicebantur
2379 2127 2456 2183 de
2513 2127 2636 2194 illo,
2683 2127 2853 2184 sicuti
2903 2127 3085 2184 etiam
3133 2126 3396 2184 diximus
3424 2128 3486 2184 in
3527 2127 3645 2185 ﬁne

299 2220 372 2270 τὰ
418 2217 666 2289 λεγόμενα
709 2223 817 2289 περὶ
869 2215 1052 2285 αύτοῠ,
1111 2218 1283 2278 καθὼς
1351 2215 1626 2290 εἰρήκαμεν
1683 2221 1775 2268 καὶ
1835 2215 1884 2268 ἓν

1111 2218 1283 2278 καθὼς
1351 2215 1626 2290 εἰρήκαμεν
1683 2221 1775 2268 καὶ
1835 2215 1884 2268 ἓν
1992 2217 2270 2274 tricesimi
2299 2219 2487 2291 quinti
2516 2217 2752 2291 capitis.

301 2314 379 2377 τῷ
412 2304 546 2359 τέλει
574 2312 662 2357 τοῦ
686 2313 983 2376 ῃοιακοστοῠ
1013 2309 1252 2378 πέμπτου
1281 2303 1582 2377 κεφαλαίου.

367 2395 693 2466 Προστίθησι
742 2389 799 2447 δε
850 2398 941 2446 καὶ
999 2395 1169 2466 ἑτίραν
1235 2393 1406 2446 αἰτίαν
1471 2402 1567 2456 τῆς
1639 2395 1887 2455 τοιαύτης

2065 2394 2243 2451 Addit
2265 2411 2508 2469 quoque
2535 2400 2591 2452 et
2619 2395 2789 2451 aliam
2819 2394 3000 2465 hujus
3025 2394 3375 2463 ignorantia:
3398 2409 3645 2451 causam

280 2482 502 2554 ἀγνοίας
545 2484 572 2534 ὁ
619 2487 994 2557 Χρυσόστομος
1042 2483 1179 2555 (ib),
1226 2484 1308 2535 ὅτι
1349 2487 1468 2555 περὶ
1497 2481 1652 2535 ἄλλου
1682 2485 1771 2555 μεν
1801 2483 1886 2554 ὑφ’

1993 2484 2472 2556 Chrysostomus,
2510 2483 2654 2556 quia
2694 2483 2770 2538 de
2808 2484 2927 2539 alio
2972 2482 3219 2555 quidem
3269 2482 3374 2555 qui
3416 2482 3494 2539 ab
3532 2483 3645 2539 alio

271 2572 450 2646 ἐτέρου
491 2570 808 2633 ἀναστάντος
853 2576 945 2624 καὶ
997 2572 1254 2640 ἤκουσαν,
1293 2576 1384 2624 καὶ
1425 2567 1585 2624 εἶδον·
1647 2576 1766 2646 περὶ
1808 2590 1889 2624 νε-

1994 2571 2284 2629 excitatus
2313 2578 2490 2638 esset,
2524 2580 2580 2628 et
2616 2571 2930 2628 audierant
2953 2579 3011 2627 et
3035 2571 3308 2627 viderant
3339 2591 3354 2640 ;
3385 2571 3461 2627 dc
3490 2587 3646 2628 mor-

267 2668 402 2734 κροῦ
460 2657 524 2714 δε
581 2659 981 2723 ἆιναστὴσάντος
1043 2660 1222 2713 ἑαυτὸν
1280 2663 1397 2713 οὔτε
1460 2663 1716 2726 ἤκουσαν,
1773 2663 1888 2714 οὔτε

1995 2667 2099 2718 tuo
2140 2677 2282 2718 vero
2306 2661 2412 2734 qui
2444 2662 2711 2734 seipsum
2737 2659 3068 2726 excitasset,
3106 2676 3301 2733 neque
3329 2660 3648 2716 audierant

268 2747 432 2805 εἶδον.
487 2748 651 2803 Ἀλλὰ
703 2754 795 2803 καὶ
854 2754 975 2824 περὶ
1040 2756 1132 2802 τοῦ
1181 2749 1378 2822 μέλλειν
1432 2747 1758 2823 ἀναιρεῖσθαι
1801 2752 1887 2802 τὸν

1996 2765 2191 2823 neque
2221 2749 2506 2807 viderant.
2548 2751 2835 2806 Praeterea
2872 2754 2928 2806 et
2965 2749 3040 2805 de
3075 2765 3147 2805 eo
3180 2749 3347 2822 quod
3375 2749 3645 2806 occiden-

265 2842 531 2912 Χριστόν,
601 2840 688 2892 ὅτε
757 2841 848 2910 μὶν
909 2837 1192 2891 ἀπέϐλεπον
1249 2837 1319 2901 εἰς
1373 2839 1468 2900 τὰς
1527 2836 1889 2910 ἁνθρωποπρε-

1996 2839 2111 2894 dus
2149 2845 2306 2895 esset
2351 2839 2632 2905 Christus,
2666 2839 2766 2895 ubi
2807 2838 2886 2895 ad
2923 2839 3225 2894 humanas
3253 2838 3649 2910 respiciebant

267 2936 379 2990 πεῑς
454 2927 622 2980 αὐτοῦ
681 2929 956 3002 ἐνεργείας,
1025 2925 1294 2980 ίπίστευον
1376 2934 1548 2992 τοῦτο,
1625 2932 1715 2979 καὶ
1779 2925 1886 2979 ἄλυ-

1995 2929 2396 3000 operationes,
2459 2928 2784 2984 credebant
2838 2928 2953 2984 hoc
3001 2933 3057 2984 et
3094 2927 3645 2994 contristabantur;

268 3025 481 3070 ποῡντο’
545 3019 632 3070 ὅτε
682 3013 742 3069 δὲ
780 3019 871 3076 τὰς
924 3018 1220 3092 θεοπρεπείς
1270 3015 1432 3068 αὐτοῦ
1478 3015 1691 3090 πράξεις
1739 3015 1888 3086 ἐλάμο

1995 3017 2098 3073 ubi
2119 3034 2260 3074 vero
2287 3017 2524 3074 divinas
2546 3019 2604 3073 in
2636 3023 2894 3074 mentem
2920 3018 3332 3083 assumebant,
3360 3015 3649 3073 increduli

272 3105 425 3159 ϐανον
480 3106 558 3168 εἰς
608 3113 753 3172 νοῦν,
793 3105 1071 3170 ἠπίστουν,
1118 3110 1208 3158 καὶ
1250 3105 1347 3157 ούκ
1387 3104 1666 3177 ἐγίνωσκον
1703 3107 1772 3158 τὰ
1809 3103 1888 3158 λε-

1995 3107 2452 3178 permanebant,
2475 3122 2584 3162 nec
2610 3105 3016 3178 intelligebant
3039 3121 3174 3177 quas
3198 3105 3556 3162 dicebantur
3574 3105 3649 3162 de

270 3201 471 3268 γόμενα
519 3199 643 3270 περὶ
688 3194 867 3258 αὐτοῦ,
915 3198 1205 3260 τουτέστιν,
1257 3193 1315 3246 ού
1363 3191 1719 3266 παρεδέχοντο
1767 3197 1887 3256 τούς
1921 3241 1928 3284 γ

1993 3193 2128 3259 hoc,
2161 3194 2220 3250 id
2255 3199 2337 3250 est
2370 3209 2491 3250 non
2527 3193 2936 3266 suscipiebant
2977 3194 3120 3249 tales
3159 3195 3233 3249 de
3263 3194 3377 3252 hac
3415 3209 3478 3249 re
3519 3210 3647 3250 ser-

269 3289 553 3346 τοιούτους
593 3288 717 3358 περὶ
745 3282 906 3336 αὐτοῦ
1078 3282 1282 3354 λόγους,
1311 3280 1610 3355 παραϐολὴν
1635 3301 1753 3334 τινα
1795 3287 1886 3334 καὶ
1925 3280 1927 3282 ’

1993 3298 2225 3347 mones,
2268 3284 2641 3353 suspicantes
2678 3287 2734 3338 et
2765 3282 2876 3338 hos
2917 3281 3184 3353 aliquam
3223 3297 3355 3338 esse
3396 3281 3649 3352 parabo-

269 3377 496 3436 τούτους
531 3376 860 3445 νομίζοντες.
1991 3371 2137 3429 lam.

531 3467 688 3519 ΚΕΦ.
728 3459 854 3516 MI".
887 3465 1015 3535 Περὶ
1040 3467 1141 3512 τῶν
1171 3461 1296 3512 υἱῶν
1334 3455 1634 3514 Ζεϐεδαίου.

1593 3481 1634 3514 ν.
2313 3459 2470 3518 CAP.
2507 3459 2658 3515 XLIII
2685 3460 2772 3516 De
2797 3460 2943 3528 ﬁliis
2971 3457 3251 3516 Zebedasi.

343 3557 479 3606 Τότε
533 3569 652 3606 σου.
685 3549 769 3603 Ἐν
821 3558 895 3621 τῷ
941 3556 1352 3623 τεσσαρακοστῷ
1403 3553 1591 3624 πρώτῳ
1631 3547 1886 3622 κεφαλαίῳ

2064 3548 2225 3607 Vers.
2252 3553 2342 3606 20.
2375 3551 2537 3606 Tunc
2565 3580 2637 3591 -—
2670 3551 2834 3605 Vers.
2880 3549 2969 3604 2t.
3009 3555 3128 3604 tuo.
3195 3548 3341 3603 Cum
3385 3545 3649 3620 quadra-

272 3648 368 3694 τοῦ
417 3647 658 3714 Σωτῆρος
699 3639 931 3700 εἰπόντος
976 3642 1104 3711 πρός
1143 3641 1260 3699 τούς
1299 3639 1556 3710 μαθητὰς,
1608 3639 1688 3691 ὅτι
1729 3637 1886 3691 Ὅταν

1997 3639 2224 3708 gesimo
2265 3638 2456 3710 primo
2486 3638 2678 3709 capite
2709 3636 2952 3694 dixisset
2991 3635 3260 3694 Salvator
3295 3634 3642 3706 discipulis:

272 3732 476 3802 καθίσῃ
539 3729 567 3781 ὀ
623 3729 749 3790 Υἱός
820 3735 913 3780 τοῦ
985 3725 1258 3802 ἀνθρώπου
1315 3725 1399 3780 ἐπὶ
1477 3729 1658 3800 θρόνου
1733 3723 1888 3789 δόξης

1999 3727 2145 3784 Cum
2171 3728 2386 3784 sederit
2409 3727 2619 3794 Filius,
2649 3726 2907 3783 hominis
2928 3727 2992 3783 in
3018 3725 3153 3783 sede
3181 3723 3377 3796 glorias
3406 3740 3546 3790 sum,
3569 3740 3648 3780 se-

273 3820 460 3885 αύτοῦ,
540 3818 828 3871 καθίσεσθε
896 3821 987 3868 καὶ
1045 3817 1188 3888 ὑμεῖς
1244 3813 1328 3868 ἐπὶ
1386 3811 1598 3868 δώδεκα
1674 3817 1883 3891 θρόνων·

1995 3817 2206 3874 debitis
2225 3823 2278 3873 et
2311 3833 2400 3873 vos
2421 3832 2592 3885 super
2619 3816 2928 3873 duodecim
2955 3816 3113 3873 sedes
3136 3817 3204 3882 ⁵⁸,
3229 3814 3649 3886 audissentque

273 3909 603 3969 ἀκούσαντες
670 3908 721 3959 οἱ
786 3907 894 3958 υἱοί
961 3911 1054 3958 τοῦ
1128 3900 1430 3973 Ζεϐεδαίου,
1487 3903 1727 3966 Ἰάκωϐος
1799 3910 1888 3957 καὶ

1998 3905 2099 3962 ﬁlii
2141 3905 2409 3962 Zebedaei
2449 3905 2709 3962 Jacobus
2761 3909 2817 3961 et
2869 3906 3150 3969 Joannes,
3195 3903 3462 3960 arbitrati
3513 3907 3651 3959 sunt

270 3998 543 4061 Ἰωάννης,
601 3991 1006 4070 προσεδόκησαν
1071 3995 1249 4067 θρόνον
1327 3989 1484 4057 δόξης
1536 3992 1720 4064 λέγειν,
1799 3997 1887 4045 τόν

1995 3995 2200 4051 sedem
2221 3995 2423 4064 glorise
2444 3995 2561 4050 dici
2585 3995 2866 4051 thronum
2887 3994 3202 4066 regni,quo
3227 3991 3649 4064 Hierosolymis

270 4091 458 4164 θρόνον
503 4092 597 4146 τῆς
652 4083 702 4138 ἓν
760 4082 1139 4156 Ἰεροσολύμοις
1200 4080 1488 4155 βασιλείας·
1567 4088 1657 4134 καί⁹
1708 4081 1886 4134 λοιπόν

1995 4089 2350 4154 regnaturus
2381 4090 2535 4138 esset
2567 4100 2580 4149 ;
2613 4099 2871 4154 cumque
2902 4083 3080 4153 paulo
3125 4087 3262 4138 ante
3292 4097 3534 4136 rursum
3571 4080 3651 4136 di-

268 4179 396 4251 οῐρτι
464 4173 623 4229 πάλιν
699 4173 948 4242 εἰπόντος,
1017 4173 1096 4225 ὅτι
1170 4167 1312 4225 Ἰδού
1391 4170 1728 4244 ἀναϐαίνομεν
1814 4170 1886 4232 εἰς

1994 4174 2180 4230 xisset
2208 4188 2223 4228 :
2249 4171 2394 4227 Esse
2417 4171 2776 4227 ascendimus
2805 4169 3283 4239 Hierosolymam,
3315 4174 3372 4223 et
3395 4183 3531 4238 quas
3558 4182 3652 4222 se-

264 4264 633 4342 Ἱεροσόλυμα,
690 4267 781 4316 καὶ
829 4264 896 4315 τὰ
951 4260 1087 4325 ἑξῆς
1129 4260 1231 4314 ὅσα
1417 4259 1711 4335 ἐρρήθησαν
1768 4261 1886 4330 περὶ

1993 4266 2278 4332 quuntur,
2308 4274 2429 4314 non
2459 4274 2532 4313 ea
2559 4258 2634 4313 de
2665 4257 3087 4312 afﬂictionibus
3123 4255 3552 4320 intellexerunt,
3586 4259 3651 4310 ut

272 4364 377 4408 τῶν
444 4353 798 4426 παθημάτων,
858 4350 918 4404 ού
973 4347 1349 4424 παρεδέξαντο,
1416 4351 1589 4411 καθὼς
1651 4347 1885 4420 ἀνωτέρω

1995 4347 2271 4420 superius
2295 4345 2784 4416 signiﬁcavimus,
2803 4345 2909 4399 scd
2933 4341 3255 4416 sperabant
3275 4341 3495 4396 instare
3512 4341 3647 4411 jam

284 4439 674 4516 δεδηλώκαμεν·
730 4439 960 4499 ἤλπισαν
1006 4435 1066 4492 δὲ
1110 4438 1420 4500 πλησιάζειν
1449 4435 1558 4497 ἤδη
1602 4441 1696 4496 τὴν
1729 4434 1886 4508 βασι-

1993 4451 2246 4504 regnum
2287 4433 2436 4504 ejus.
2463 4433 2766 4504 Siquidem
2808 4431 3123 4502 prophetas
3162 4444 3404 4500 quoque
3441 4427 3645 4484 audie-

276 4531 418 4586 λείαν
466 4531 654 4586 αὐτοῦ.
717 4533 817 4584 Καὶ
870 4531 970 4604 γὰρ
1023 4531 1112 4581 καὶ
1160 4536 1262 4580 τῶν
1331 4535 1609 4602 προφητῶν
1674 4529 1883 4591 ἤκουον,
1923 4587 1934 4604 Ι

1993 4526 2141 4583 bant
2152 4523 2524 4595 appellantes
2537 4522 2828 4578 Christum
2842 4536 3042 4589 regem
3056 4518 3233 4575 Israel
3247 4564 3260 4577 .
3283 4517 3493 4575 Statim
3506 4533 3645 4588 ergo

276 4621 511 4696 βασιλέα
564 4626 659 4674 τοῦ
704 4587 950 4692 ἸσραὴλΙ
995 4621 1084 4671 τόν
1153 4587 1384 4692 Χριστόν
1442 4587 1886 4686 ’κατεπαγγελλόνί-
1921 4587 1934 4642 Ι

1994 4613 2458 4688 prmeminentiaa
2489 4627 2693 4668 amore
2720 4609 2877 4681 capti
2910 4614 3050 4665 sunt
3077 4626 3092 4675 ;
3125 4624 3269 4664 nam
3296 4625 3356 4664 se
3389 4623 3510 4679 pres
3538 4623 3648 4664 cte-

273 4732 376 4765 των
419 4710 559 4784 (16).
602 4708 807 4764 Αὐτίκα
849 4715 939 4760 οῦν
981 4706 1214 4760 ἑάλωσαν
1253 4708 1406 4780 ἔρωτι
1434 4699 1737 4778 προεδρίας.
1787 4707 1887 4756 Καὶ

1996 4703 2132 4761 teris
2168 4702 2448 4758 honorari
2474 4699 2758 4764 sciebant,
2783 4698 2890 4754 sed
2919 4701 3152 4755 Petrum
3184 4697 3490 4754 timebant.
3514 4696 3646 4753 Ideo

274 4803 358 4854 ὅτε
551 4801 961 4872 προτετίμηνται
998 4803 1099 4848 τῶν
1153 4793 1336 4863 ἄλλων,
1397 4793 1695 4865 ἐγίνωσκον·
1751 4792 1886 4863 ύφω-

1993 4792 2258 4864 primum
2294 4788 2636 4862 quidem,ut
2658 4786 2740 4842 ait
2763 4789 3011 4854 Marcus,
3046 4786 3156 4857 ipsi
3183 4786 3371 4842 solum
3399 4784 3471 4840 ad
3516 4800 3645 4841 eum

270 4898 442 4966 ρῶντο
494 4886 609 4960 (17)
655 4883 714 4940 δε
740 4889 830 4938 τὸν
876 4889 1096 4960 Πέτρον
1135 4879 1222 4936 διό
1267 4887 1358 4935 καὶ
1385 4890 1570 4955 πρῶτα
1613 4883 1723 4952 μὲν,
1757 4883 1826 4941 ὡς
1861 4881 1886 4932 ό

1994 4879 2279 4936 accedunt
2316 4878 2563 4932 dicentes
2603 4891 2614 4928 :
2647 4875 2922 4946 Magister
2964 4876 3232 4931 volumus
3260 4881 3322 4930 ut
3352 4873 3647 4946 quidquid

270 4962 490 5054 incipite;
539 4980 720 5050 φησὶν,
782 4973 933 5027 αὐτοὶ
1004 4976 1154 5046 μόνοι
1208 4973 1656 5046 προσπορεύονται
1719 4968 1884 5038 αύτῷ,

1990 4967 2334 5037 petierimus
2353 4965 2543 5033 facias
2574 4965 2760 5020 nobis.
2792 4963 2904 5019 Ille
2931 4969 3128 5020 autem
3159 4963 3314 5020 dixit
3341 4965 3422 5020 eis
3450 4980 3463 5018 :
3495 4962 3647 5031 Quid

271 5051 460 5140 ἤγουν,
537 5069 949 5140 προσέρχονται,
1020 5061 1271 5134 λέγοντες·
1363 5056 1675 5123 Διδάσκαλε,
1749 5055 1886 5109 θελο-

1994 5071 2080 5112 me
2103 5053 2650 5124 vultzsfacerevobis
2667 5052 2696 5108 ?
2717 5056 2798 5109 At
2814 5053 2910 5108 illi
2947 5053 3233 5113 dixerunt
3249 5054 3328 5112 ei:
3362 5055 3455 5111 Da
3479 5051 3645 5110 nobis

343 5221 397 5256 ³⁸
430 5221 574 5276 Luc.
606 5233 764 5284 xvm,
797 5217 890 5283 3t,
923 5215 1013 5273 34.
1091 5216 1136 5252 ³⁷
1167 5213 1309 5270 Ibid.
1388 5213 1437 5248 ⁵⁸
1469 5209 1666 5269 Matth.
1700 5227 1813 5280 xxx,
1847 5209 1934 5264 28.
2009 5181 2014 5187 ’

1533 5407 1762 5476 Variae
1794 5404 2125 5473 lectiones
2155 5413 2220 5471 et
2247 5413 2446 5472 notae.

369 5587 459 5658 13)
485 5584 786 5658 Ὠςῗαύτὸῇ
813 5591 899 5658 Β.Δ
926 5657 932 5658 γ
981 5657 1008 5658 η
2201 5570 2680 5658 ξξ-ατοὲγγελλόντων,
2711 5581 2773 5631 Α.

369 5587 434 5643 13
485 5587 576 5648 Ὠς
605 5587 786 5651 αὐτὸς,
813 5591 871 5638 Β.

342 5587 465 5802 Eia:
489 5659 552 5712 Τ.
580 5657 703 5745 VII,
733 5673 795 5728 p.
838 5655 943 5712 644·
973 5657 1036 5710 Ε.
1356 5713 1358 5715 .

377 5733 441 5786 15
498 5727 812 5798 Τοιούτους,
847 5726 1018 5784 abest
1040 5727 1106 5781 A.

2058 5587 2106 5642 (1
2117 5587 2175 5642 ο)
2203 5587 2583 5643 καταγγελλοντ

925 5657 943 5711 i,
973 5657 1036 5710 Ε,
1356 5713 1358 5715 ρ
2063 5643 2174 5713 (l7)
2200 5641 2503 5714 Ἐφοϐούντο
2525 5646 2583 5699 Β.

927 5732 1018 5782 est
1040 5727 1106 5781 A.

377 5726 465 5798 15)
498 5726 812 5798 Τοιούτους,
847 5726 1018 5784 abest
1040 5727 1106 5781 A.
