4198 6446
576 372 684 428 539
1883 365 2232 424 EUTYHMII

2344 365 2601 422 GABENI
3839 375 3939 433 540

581 501 648 552 ut
670 511 824 552 unus
850 511 888 554 a
915 497 1143 553 dextris
1170 496 1288 551 tuis
1311 502 1369 550 et
1396 496 1553 552 alter
1582 512 1618 550 α
1643 494 1896 551 sinistris
1925 493 2042 548 tuis
2084 492 2237 548 sede-

2345 512 2454 565 μεν,
2507 495 2608 560 ἱνα,
2653 497 2680 548 ὅ
2743 494 2826 548 έαν
2896 497 3214 570 αἰτόσωμεν,
3282 503 3514 572 ποιήσῃς
3578 502 3723 572 ἡμῖν·
3777 500 3838 554 Ὀ
3883 497 3938 554 δέ

581 602 744 644 amus
762 587 821 641 in
839 585 1025 657 gloria
1045 592 1152 642 tua
1172 587 1240 640 ⁵⁸.
1269 587 1474 640 Verum
1498 599 1616 640 non
1647 588 2076 653 cognoscentes
2100 581 2237 636 ideo

2347 581 2480 636 εἶπεν
2535 584 2726 646 αὐτοῖς’
2787 591 2850 639 Τί
2916 587 3078 640 θέλετε
3129 593 3351 646 ποιῆσαί
3399 607 3462 660 με
3523 592 3690 662 ὑμῖν;
3750 592 3816 643 Οἱ
3883 587 3938 645 δι

582 692 643 732 se
683 691 896 748 passos
938 690 1066 730 esse
1105 674 1428 746 repulsam,
1463 673 1628 746 quod
1669 672 1918 742 indigna
1950 674 2234 744 peterent,

2347 671 2486 725 εἶπον
2544 674 2703 744 αὐτῷ·
2773 680 2864 736 Δός
2933 679 3080 746 ἡμῖν,
3151 679 3234 730 ἶνα
3302 675 3375 739 εἷς
3444 677 3498 730 ἐκ
3572 675 3757 742 δεξιῶν
3825 701 3933 737 σου.

580 765 658 821 ad
688 763 1183 836 supplicationem
1217 767 1536 818 assumunt
1572 767 1628 818 et
1671 767 1946 818 matrem.
1984 764 2236 816 Interro-

2344 766 2434 813 καὶ
2491 759 2558 822 εἰς
2636 763 2689 826 ἐξ
2746 766 3014 837 εὐωνύμων
3073 786 3167 820 σου
3228 769 3524 840 καθίσωμεν
3573 767 3621 820 ἐν
3690 777 3754 841 τῇ
3813 767 3933 842 δόξῃ

581 859 684 926 gat
698 858 898 910 autem
919 853 1181 909 Christus
1204 854 1467 925 primum
1493 851 1738 923 quidem
1763 851 1916 919 illos,
1943 849 2160 905 deinde
2182 853 2237 904 et

2347 869 2462 906 σου.
2522 857 2607 911 Μὴ
2667 859 2912 924 τυχόντες
2970 851 3029 909 δε
3085 855 3432 929 ἀποκρίσεως,
3502 853 3597 910 διὰ
3652 862 3713 910 τὸ
3783 859 3933 912 αἰτεῖν

581 949 830 1000 matrem
853 943 1088 998 illorum
1110 946 1398 1014 tanquam
1423 941 1608 997 homo
1628 957 1640 996 :
1657 940 1833 996 simul
1851 941 2032 996 etiam
2053 942 2116 996 ut
2139 954 2237 994 eo-

579 1049 715 1090 rum
726 1032 1034 1106 responsio
1055 1031 1222 1087 ﬁeret
1239 1030 1692 1104 quodammodo
1709 1029 1959 1087 affectus
1979 1029 2070 1085 sui
2099 1043 2238 1085 con-

576 1122 781 1182 fessio.

2347 941 2552 1007 ἀνάξια,
2617 943 3089 1017 παραλαμϐάνουσι
3157 951 3248 1000 καὶ
3317 950 3410 1005 τήν
3477 946 3672 1001 ἑαυτῶν
3741 954 3936 1023 μητέρα

2344 1036 2472 1107 πρὸς
2512 1035 2793 1108 ἱκετηρίαν.
2853 1035 3052 1107 Ἑρωτᾷ
3107 1031 3167 1089 δε
3219 1039 3252 1088 ό⁹
3294 1039 3524 1110 Χριστὸς
3589 1045 3795 1111 πρῶτον
3849 1041 3935 1110 μεν

2345 1122 2585 1190 ἐκείνους,
2625 1119 2738 1176 εἶτα
2782 1127 2876 1182 τὴν
2906 1128 3107 1198 μητέρα
3136 1124 3304 1177 αὐτῶν
3334 1123 3798 1199 ἀνθροιηεοπρεπῶς,
3831 1127 3938 1200 ἅμα

2347 1207 2406 1264 δε
2449 1216 2560 1278 καὶ,
2610 1211 2694 1264 ἱνα
2739 1214 2771 1271 ἡ
2805 1211 3084 1285 ἀπόκρισις
3131 1214 3298 1267 αὐτῶν
3343 1213 3717 1288 έξομολόγησις
3749 1220 3935 1290 τρόπον

2343 1303 2460 1354 τινὰ
2485 1305 2698 1374 γένηται
2725 1309 2818 1355 τοῦ
2845 1304 3069 1366 πάθους.

2415 1388 2741 1463 ’Λποκρίθεὶς
2786 1422 2855 1432 —
2903 1392 3150 1447 αἰτεῖσθε.
3201 1395 3336 1467 Πρὸς
3379 1392 3562 1454 αὐτοὺς
3607 1391 3936 1468 ἀποκρίνεται

2341 1478 2540 1544 λοιπόν,
2573 1482 2643 1541 ὡς
2685 1479 2853 1533 αὐτῶν
2882 1485 2977 1539 τὴν
3024 1485 3226 1556 μητέρα
3267 1480 3689 1556 προϐαλλομένων
3728 1483 3808 1547 εἰς
3848 1489 3934 1545 τήν

2342 1569 2469 1640 ὑπερ
2512 1567 2680 1621 αὐτῶν
2721 1573 2954 1637 αἴτησιν,
2994 1575 3084 1624 καί
3129 1590 3307 1644 φησιν,
3355 1570 3468 1624 Οὐκ
3513 1568 3713 1640 οἴδατε,
3772 1580 3823 1628 τί
3863 1575 3934 1628 αἰ-

649 1396 812 1450 Vers.
871 1393 960 1447 22.
1013 1388 1372 1460 Respondeas
1412 1387 1723 1457 —petitis.
1792 1386 2076 1458 Deinceps
2119 1385 2234 1441 illis

576 1481 922 1555 respondet,
962 1484 1024 1535 ut
1065 1478 1170 1550 qui
1216 1481 1465 1533 matrem
1506 1493 1676 1532 suam
1715 1475 2138 1540 submiserant,
2173 1478 2236 1532 ut

578 1590 688 1648 pro
725 1573 871 1644 ipsis
916 1567 1262 1642 postularet,
1305 1571 1360 1622 et
1398 1567 1478 1622 ait
1511 1585 1525 1622 :
1554 1566 1804 1622 Nescitis
1844 1565 1982 1636 quid
2019 1565 2229 1634 petitis.

580 1663 790 1721 Sedere
836 1660 995 1716 enim
1042 1673 1077 1714 a
1123 1656 1348 1712 dextris
1395 1663 1498 1711 aut
1541 1671 1578 1712 a
1627 1655 1879 1711 sinistris
1932 1655 1993 1710 in
2046 1669 2233 1723 regno

2344 1659 2531 1712 τείσθε.
2563 1662 2633 1711 Τὸ
2657 1661 2759 1732 γὰρ
2786 1661 3005 1712 καθίσαι
3029 1663 3146 1713 τινα
3175 1660 3230 1713 έκ
3261 1659 3464 1729 δεξιῶν,
3497 1667 3526 1722 ἧ
3560 1662 3612 1726 έξ
3645 1663 3927 1738 εὐωνύμων,

577 1769 732 1818 meo,
762 1764 1052 1820 magnum
1084 1758 1190 1811 est,
1223 1750 1277 1802 et
1299 1761 1480 1817 supra
1512 1745 1861 1817 dignitatem
1884 1759 2007 1801 non
2033 1743 2234 1800 homi-

2344 1745 2391 1798 ἰν
2415 1753 2477 1819 τῇ
2519 1746 2764 1821 βασιλείᾳ
2793 1768 2913 1821 μου,
2941 1753 3077 1822 μέγα
3099 1756 3188 1803 καὶ
3219 1751 3343 1826 ὑπερ
3368 1756 3462 1810 τὴν
3487 1751 3663 1819 ἀξίαν,
3697 1754 3760 1807 οῦ
3789 1759 3924 1828 μόνον

574 1859 724 1900 num
752 1844 1010 1904 tantum,
1049 1851 1259 1893 verum
1290 1836 1469 1892 etiam
1497 1850 1897 1907 supernarum
1923 1833 2228 1890 virtutum.

2344 1844 2440 1888 τῶν
2485 1835 2785 1909 ἀνθρώπων,
2829 1837 2957 1890 ἀλλὰ
3000 1845 3090 1892 καὶ
3128 1849 3228 1892 τῶν
3270 1842 3376 1893 οἰνω
3418 1837 3711 1915 δυνάμεων.
3742 1844 3795 1898 Ἦ
3827 1846 3915 1916 γὰρ

575 1931 882 2004 Siquidem
911 1943 1164 1997 regnum
1201 1942 1400 1983 meum
1431 1940 1555 1982 non
1595 1929 1682 1981 est
1720 1941 1793 1980 ex
1833 1925 1950 1981 hoc
1981 1924 2226 1988 mundo,

2344 1923 2590 1998 βασιλεία
2644 1928 2676 1985 ἡ
2739 1926 2836 1998 έμὴ
2895 1927 2990 1980 οῦκ
3041 1930 3181 1981 ἔστιν
3228 1927 3281 1982 έκ
3328 1937 3420 1984 τοῦ
3473 1936 3675 2005 κόσμου
3736 1935 3917 1996 τούτου,

577 2027 755 2096 prout
791 2037 900 2078 vos
928 2019 1169 2092 putatis.
1210 2020 1360 2085 Quia
1386 2033 1525 2075 vero
1563 2015 1967 2090 opinabantur
1996 2020 2233 2087 tempus

2344 2015 2512 2078 καθὼς
2549 2016 2698 2088 ὑμεῖς
2737 2018 2925 2072 οἴεσθε.
2961 2017 3100 2072 Ἐπεὶ
3145 2015 3205 2071 δε
3228 2017 3656 2094 προσεδόκησαν,
3681 2022 3746 2075 οῦ
3785 2027 3924 2096 μόνον

576 2112 722 2168 illud
749 2126 871 2169 non
895 2108 1062 2180 regni
1087 2107 1282 2164 solum
1305 2123 1456 2174 esse,
1484 2107 1586 2163 sed
1609 2107 1788 2163 etiam
1813 2104 2040 2178 requiei
2069 2123 2086 2176 ;
2118 2104 2236 2161 hoc

2345 2103 2618 2178 βασιλείας
2669 2102 2799 2160 εἶναι
2851 2109 2938 2160 τὸν
2985 2111 3165 2183 καιρόν
3221 2107 3431 2176 ἐκεῖνον,
3491 2109 3620 2164 ἄλλὰ
3673 2116 3764 2165 καὶ
3814 2110 3927 2164 ἆνα-

577 2217 839 2275 quoque,
872 2199 1037 2272 quod
1072 2199 1132 2253 in
1163 2213 1225 2253 se
1246 2202 1352 2259 est,
1381 2196 1640 2267 corrigit,
1674 2197 2096 2251 demonstrans
2120 2193 2236 2249 hoc

2344 2196 2598 2267 παύσεως,
2658 2200 2749 2249 καὶ
2789 2203 2939 2250 τοῦτο
2987 2192 3296 2271 διορθοῦται
3347 2201 3406 2252 τὸ
3456 2204 3632 2276 μέρος,
3687 2199 3932 2275 ἐμφαίνων

576 2291 776 2364 potius
807 2305 943 2346 esse
965 2293 1201 2362 tempus
1226 2286 1562 2343 aﬂlictionis
1591 2289 1648 2341 et
1671 2283 1870 2340 caedis.
1904 2282 1996 2339 Ait
2025 2283 2185 2339 enim
2218 2297 2233 2338 :

2347 2283 2563 2355 θλίψεως
2599 2283 2788 2358 μᾶλλον
2827 2283 2957 2338 εἶναι
2999 2289 3087 2339 τὸν
3118 2289 3299 2360 καιρόν
3345 2295 3528 2342 τοῦτον
3575 2293 3666 2344 καὶ
3698 2299 3922 2364 σφαγῆς.

2345 2377 2484 2433 Φησὶ
2509 2375 2635 2448 γάρ·

2415 2465 2646 2517 Δύνασθε
2728 2493 2796 2505 -
2866 2463 3226 2538 βαπτισθῆναι
3281 2483 3296 2534 ;
3372 2472 3619 2542 Ποτήριον
3693 2469 3749 2519 τό
3835 2474 3925 2519 τοῦ

2347 2555 2570 2606 θανάτου
2613 2552 2768 2626 λέγει,
2824 2559 2914 2607 καὶ
2962 2553 3268 2629 βάπτισμα,
3317 2559 3374 2608 τό
3423 2551 3496 2608 δι’
3551 2557 3782 2628 αἵματος.
3819 2557 3922 2612 Τὴν

2347 2647 2555 2715 σφαγὴν
2599 2645 2702 2718 γὰρ
2757 2642 2996 2718 ὀνομάζει
3041 2649 3131 2698 καὶ
3181 2651 3427 2719 ποτήριον
3479 2650 3570 2698 καὶ
3619 2643 3916 2718 βάπτισμα.

2346 2736 2600 2807 Ποτήριον
2653 2735 2764 2805 μὶν,
2831 2735 2901 2796 ὡς
2958 2731 3128 2797 ἡδέως
3179 2731 3606 2811 προσδεχθείσαν
3660 2736 3783 2808 ὑπερ
3833 2741 3930 2786 τῶν

2346 2820 2647 2895 ἀνθρώπων·
2704 2821 2988 2898 βάπτισμα
3035 2820 3114 2894 δε,
3177 2826 3246 2888 ὡς
3288 2827 3578 2901 καθάρσιον
3626 2824 3808 2879 αὐτῶν.
3851 2821 3934 2876 Ei-

2344 2916 2454 2966 πὼν
2498 2908 2578 2978 δδ,
2622 2913 2704 2965 ὅτι
2750 2911 2817 2965 Ὀ
2869 2911 2969 2985 ὶγὼ
3018 2919 3170 2983 πίνω,
3218 2918 3307 2966 καὶ
3339 2921 3406 2968 '0
3445 2914 3544 2988 ίγὼ
3589 2914 3933 2990 βαπτίζομαι,

2345 2998 2733 3075 παρεδήλωσεν,
2789 3004 2855 3065 ὡς
2899 3004 2925 3056 ό
2976 3007 3048 3076 μὴ
3093 3011 3346 3057 κοινωνῶν
3390 3012 3483 3058 τοῦ
3529 3007 3725 3066 πάθους
3758 3004 3936 3072 αὐτοῦ,

2345 3087 2471 3145 οὐδε
2496 3099 2592 3154 τῆς
2621 3091 2890 3165 βασιλείας
2928 3093 3088 3147 αὐτοῦ
3117 3099 3440 3154 κοινωνήσει.

648 2468 813 2526 Vers.
863 2471 955 2524 22.
1008 2469 1248 2524 Potestis
1281 2497 1350 2506 —
1395 2463 1728 2532 baptizari?
1758 2460 2041 2517 Poculum
2094 2459 2237 2516 dicit

576 2560 808 2625 mortis,
839 2562 897 2614 et
919 2557 1292 2629 baptismum
1322 2554 1422 2626 qui
1452 2553 1516 2608 tit
1547 2568 1652 2624 per
1681 2551 2058 2620 sanguinem.
2087 2553 2236 2607 Nam

576 2654 636 2706 et
664 2647 950 2720 poculum
971 2650 1028 2701 et
1056 2643 1426 2714 baptismum
1451 2647 1625 2698 vocat
1646 2640 1872 2696 easdem
1902 2657 1916 2696 :
1945 2640 2233 2712 poculum

576 2739 844 2812 quidem,
876 2739 1073 2806 utpote
1099 2734 1235 2788 lato
1256 2732 1459 2788 animo
1484 2747 1594 2804 pro
1624 2729 1969 2787 hominibus
1991 2745 2234 2802 suscep-

578 2832 700 2885 tam
734 2844 748 2894 ;
777 2824 1146 2897 baptismum
1176 2839 1333 2889 vero,
1366 2828 1654 2895 tanquam
1686 2819 2097 2893 puriﬁcatione
2137 2820 2234 2892 ip-

578 2933 802 2976 sorum.
829 2913 1070 2970 Addens
1092 2917 1310 2978 autem,
1339 2912 1508 2980 Quod
1530 2928 1628 2982 ego
1661 2911 1951 2967 bibiturus
1974 2925 2128 2973 sum,
2155 2913 2230 2975 et,

580 3009 706 3075 Quo
729 3020 836 3077 ego
867 3003 1156 3071 baptizor,
1197 3001 1552 3068 subindicat,
1583 3001 1747 3074 quod
1779 2999 1882 3072 qui
1913 2997 2237 3054 afﬂictioni-

575 3097 694 3154 bus
717 3096 846 3167 ejus
865 3110 989 3151 non
1008 3093 1433 3158 communicat,
1479 3107 1676 3165 neque
1720 3106 1908 3164 regno
1933 3105 2043 3145 suo
2068 3103 2235 3144 com-

578 3184 923 3245 municabit.
2272 3195 2313 3252 ρ

648 3280 811 3335 Vers.
841 3278 930 3333 22.
977 3276 1192 3333 Dicunt
1229 3277 1282 3330 si
1313 3292 1330 3329 :
1358 3276 1696 3330 Possumus.
1739 3270 1956 3328 Omnia
1994 3269 2236 3342 promit-

576 3373 707 3426 tunt
736 3368 1078 3442 petitionem
1111 3365 1394 3436 consequi
1420 3363 1743 3434 cupientes.
1774 3360 2236 3432 Chrysostomus

2417 3275 2676 3344 Λέγουσιν
2738 3273 2902 3326 αῦτῶ’
2973 3277 3263 3348 Δυνάμεθα.
3351 3277 3528 3330 Πάντα
3597 3273 3940 3347 ᾶπαγγέλλον-

2344 3381 2452 3427 ται,
2482 3363 2758 3426 ποθοῦντες
2787 3370 2970 3436 τυχεῖν
2998 3363 3092 3427 τῆς
3136 3364 3412 3427 αἰτήσεως.
3442 3364 3502 3418 Ὀ
3541 3360 3602 3418 δι
3640 3367 3941 3438 Χρυσόστοο

576 3465 776 3515 autem
815 3456 953 3513 dicit
994 3456 1159 3529 quod
1196 3469 1394 3526 neque
1437 3451 1656 3525 poculo
1703 3456 1760 3507 et
1796 3449 2102 3522 baptismo
2152 3449 2232 3504 in-

576 3547 844 3616 tellectis,
874 3564 910 3603 a
935 3545 1063 3601 sola
1089 3544 1276 3600 animi
1299 3541 1769 3614 promptitudine
1795 3539 2045 3611 gratiam
2069 3553 2236 3610 quae-

576 3639 808 3695 rebant.
843 3635 996 3701 Quid
1027 3649 1170 3703 ergo
1200 3632 1484 3687 Christus.

644 3730 810 3783 Vers.
849 3728 939 3782 23.
983 3725 1060 3779 Et
1099 3753 1168 3764 —
1196 3719 1660 3793 paptizabimini.
1712 3715 2110 3790 PrOphetabat
2147 3716 2232 3772 eis

576 3817 737 3891 quod
783 3814 897 3885 ipsi
946 3827 1190 3885 quoque
1230 3809 1536 3866 occidendi
1581 3813 1795 3872 essent,
1839 3823 1908 3864 ac
1965 3802 2234 3880 martyrii

575 3911 766 3964 morte
804 3900 1163 3958 honorandi.
1205 3903 1268 3955 Et
1299 3899 1372 3954 de
1409 3897 1630 3954 Iacobo
1653 3897 1890 3969 quidem
1917 3903 2231 3965 noverunt,

577 4009 810 4057 omnes,
842 3989 1008 4066 quod
1038 3990 1116 4047 ab
1143 3988 1372 4045 Herode
1403 3987 1691 4044 tetrarcha
1718 3987 1790 4044 sit
1820 3987 2231 4062 interemptus.

577 4086 655 4140 De
693 4085 918 4139 Joanne
960 4095 1102 4136 vero
1149 4078 1400 4152 quaestio
1436 4081 1522 4134 est
1569 4076 1727 4149 apud
1769 4077 2008 4135 multos.
2059 4081 2237 4138 Aiunt

579 4173 739 4229 enim
765 4172 928 4245 quod
957 4170 1100 4243 quia
1149 4166 1456 4224 infallibile
1489 4171 1580 4222 est
1613 4166 1822 4223 Christi
1865 4169 2233 4237 vaticinium,

578 4266 634 4320 et
648 4262 741 4318 ille
767 4261 1039 4318 nondum
1061 4256 1327 4328 martyrii
1361 4260 1612 4313 mortem
1639 4258 1932 4325 sustinuit,
1963 4259 2234 4316 nondum

577 4357 848 4409 mortuus
892 4355 998 4416 est,
1040 4348 1142 4404 sed
1190 4347 1388 4403 adhuc
1431 4346 1591 4416 vivit,
1634 4353 1689 4402 et
1731 4364 1870 4404 cum
1917 4349 2133 4418 Enoch,
2180 4353 2237 4406 et

579 4442 702 4498 Elia
727 4441 879 4496 circa
907 4438 1105 4494 saeculi
1132 4437 1711 4492 consummationem
1733 4437 2098 4493 occidendus
2128 4442 2231 4492 est.

2343 3455 2437 3524 μός
2465 3452 2581 3523 (18)
2621 3471 2800 3526 φησιν,
2832 3455 2912 3507 ὅτι
2943 3449 3066 3507 οὐδε
3095 3457 3155 3507 τό
3181 3460 3430 3528 ποτήριον
3457 3458 3548 3508 καὶ
3572 3457 3630 3507 τό
3661 3452 3946 3526 βάπτισμα

2342 3545 2638 3608 νοήσαντες,
2692 3542 2793 3596 ἀπὸ
2843 3551 2931 3606 τῆς
2977 3545 3274 3619 προθυμίας
3325 3549 3487 3616 μόνης
3538 3545 3827 3598 κατέθεντο.
3881 3546 3944 3595 Τί

2344 3626 2432 3683 οὖν
2461 3632 2488 3684 ὀ
2517 3637 2749 3705 Χριστός
2771 3649 2785 3699 ;

2417 3724 2517 3773 Καὶ
2602 3751 2673 3761 -
2752 3719 3201 3794 βαπτισθήσεσθε.
3273 3723 3654 3794 Προεφήτευσεν
3734 3717 3939 3788 αὐτοῖς,

2345 3810 2424 3860 ὅτι
2461 3811 2552 3860 καὶ
2594 3807 2743 3862 αὐτοὶ
2785 3814 3164 3884 σφαγήσονται,
3209 3813 3297 3861 καὶ
3341 3812 3664 3883 μαρτυρικοῦ
3713 3807 3940 3861 θανάτου

2344 3897 2850 3960 καταξιωθήσονται.
2918 3904 3018 3954 Καὶ
3088 3903 3207 3974 περὶ
3276 3902 3366 3972 μεν
3435 3893 3690 3952 Ἰακώδου
3757 3899 3948 3960 πάντες

2346 3985 2577 4053 οἴδασιν,
2627 3989 2708 4041 ὃτι
2755 3988 2978 4064 ἀνῃρέθη
3030 3992 3173 4064 παρά
3218 3987 3453 4065 Ἠρώϐου
3492 3995 3584 4041 τοῦ
3616 3990 3945 4062 τετράρχου·

2344 4083 2462 4153 περὶ
2515 4075 2574 4131 δε
2625 4085 2717 4132 τοῦ
2775 4079 3011 4133 Ἰωάννου
3074 4083 3297 4144 ζήτησίς
3354 4078 3466 4132 έστι
3517 4079 3664 4150 παρὰ
3718 4078 3948 4140 πολ)οἶς.

2346 4172 2481 4222 Φασὶ
2524 4169 2648 4242 γὰρ,
2682 4170 2749 4231 ὡς
2799 4167 2906 4222 έπεὶ
2951 4166 3194 4241 ἀψευδὴς
3224 4171 3255 4228 ἠ
3289 4175 3382 4223 τοῦ
3427 4175 3665 4244 Χριστοῦ
3718 4169 3956 4245 πρόῤῥη-

2348 4276 2450 4323 σις,
2523 4262 2612 4310 καί
2666 4260 2808 4310 οῦπω
2864 4263 3186 4334 μαρτυρικόν
3237 4258 3389 4320 οὗτος
3444 4259 3646 4317 ὑπέστη
3711 4260 3956 4327 θάνατον,

2345 4348 2488 4400 οὔπω
2533 4349 2790 4412 τέθνηκεν,
2846 4345 2956 4399 ἀλλ’
2998 4350 3074 4400 ἔτι
3124 4348 3212 4421 ζῇ,
3254 4352 3344 4400 καὶ
3393 4346 3560 4418 μέλλει
3613 4352 3749 4421 μετὰ
3787 4349 3962 4423 Ἑνὼχ

2343 4442 2433 4489 καὶ
2503 4437 2680 4490 Ἠλιοῦ
2731 4445 2994 4508 σφαγῆναι
3044 4439 3179 4489 κατὰ
3224 4440 3311 4488 τὸν
3352 4445 3443 4497 τῆς
3493 4437 3797 4500 συντελείας
3846 4460 3963 4492 και·

580 4531 1042 4603 Chrysostomus
1077 4531 1275 4582 autem
1319 4527 1622 4582 manifeste
1652 4527 1843 4590 docet,
1881 4526 2045 4598 quod
2077 4542 2235 4582 mor-

2344 4531 2454 4602 ρόν.
2486 4527 2544 4580 ⁸0
2594 4523 2654 4580 δι
2701 4531 3082 4600 Χρυσόστομος
3128 4522 3379 4578 διδάσκει
3415 4536 3675 4598 φανερῶς,
3711 4532 3796 4583 ὅτι
3839 4529 3967 4585 ἁπέ-

578 4623 716 4675 tuus
769 4621 855 4672 est
885 4621 941 4672 et
969 4615 1379 4686 interemptus.
1425 4616 1576 4672 Nam
1617 4614 2060 4686 interpretando
2103 4617 2234 4686 ejus

2347 4618 2483 4685 θανε,
2514 4621 2604 4668 καὶ
2652 4617 2728 4668 ὃτι
2773 4614 2996 4689 έσφάγηο
3028 4618 3086 4668 τό
3129 4618 3230 4688 γὰρ
3264 4613 3376 4667 κατ’
3429 4615 3592 4668 αὑτὸν
3639 4619 3964 4693 Εὐαγγέλιον

580 4705 988 4776 Evangelium,
1019 4705 1098 4761 ait
1120 4705 1193 4761 de
1215 4705 1314 4761 illo
1343 4705 1610 4762 secunda
1636 4703 1884 4758 homilia
1917 4719 1930 4758 :
1974 4705 2237 4774 Evange‘

2344 4705 2654 4780 ἑρμηνεύων,
2704 4704 2753 4758 έν
2807 4708 2896 4778 μὶν
2947 4713 3020 4776 τῷ
3066 4704 3182 4774 (19)
3239 4701 3463 4776 δευτέρῳ
3505 4703 3652 4780 λόγῳ
3705 4715 3832 4786 περὶ
3877 4711 3965 4764 αὖε

578 4796 657 4852 lio
718 4799 908 4850 totum
974 4794 1422 4867 comprehendit
1490 4793 1714 4856 orbem,
1787 4805 2036 4864 corpore
2093 4803 2234 4851 vero

2344 4803 2434 4847 τοῦ
2492 4814 2670 4868 φησιν,
2721 4797 2803 4848 ὅτι
2851 4802 2935 4866 Τῷ
2991 4797 3080 4868 μὲν
3139 4792 3433 4866 Εὖαγγελίῳ
3481 4798 3582 4854 τὴν
3644 4799 3962 4874 οἰκουμένην

580 4883 843 4941 mediam
869 4883 1124 4942 obtinuit
1149 4885 1372 4949 Asiam,
1397 4883 1527 4938 dico
1557 4895 1703 4936 sane
1734 4881 2036 4953 Ephesum
2066 4899 2079 4950 ;
2111 4886 2236 4940 ani-

2344 4882 2615 4938 κατέλαεεν
2685 4885 2915 4938 ἅπασανο
2974 4891 3046 4956 τῷ
3101 4880 3160 4937 δε
3222 4889 3426 4955 σώματι
3479 4888 3657 4956 μέσην
3725 4895 3964 4965 κατέσχε

577 4990 682 5032 ma
700 4978 902 5031 autem
927 4973 1006 5032 ad
1031 4974 1201 5030 illum
1225 4989 1286 5029 se
1298 4971 1469 5028 cessit
1494 4970 1693 5026 locum
1720 4971 1823 5043 qui
1851 4972 2073 5028 sanctis
2097 4988 2236 5031 con-

2344 4980 2436 5034 τὴν
2475 4975 2676 5040 Ἀσίαν,
2725 4979 2858 5048 φημὶ
2889 4971 2984 5046 δὴ,
3023 4979 3113 5033 τὴν
3151 4973 3388 5047 Ἔφεσον·
3420 4980 3483 5046 τῇ
3536 4971 3601 5030 δε
3624 4977 3790 5054 ψυχῇ
3833 4986 3968 5057 πρὸς

579 5077 766 5135 gruus
793 5068 902 5120 est.
943 5064 1008 5119 In
1038 5063 1233 5136 prima
1269 5074 1412 5115 vero
1442 5057 1601 5125 dicit,
1629 5059 1794 5131 quod
1815 5061 1993 5117 etiam
2025 5063 2234 5121 Christi

2344 5068 2425 5119 τόν
2473 5069 2629 5120 τόπον
2677 5059 2961 5142 ἀνέδραμεν
3005 5063 3213 5131 έκεῖνον,
3263 5065 3351 5116 τόν
3398 5067 3504 5123 τοῖς
3563 5065 3747 5139 ἁγίοις
3792 5069 3969 5146 ἁρμό-

578 5152 726 5211 bibit
767 5153 1074 5227 poculum.
1115 5155 1174 5208 et
1213 5147 1509 5221 baptismo
1551 5148 1681 5220 ejus
1731 5148 2063 5222 baptizatus
2095 5156 2230 5208 est:

2344 5156 2518 5219 ζοντα.
2558 5156 2640 5210 Ἐν
2697 5153 2758 5210 δι
2803 5163 2875 5228 τῷ
2922 5159 3112 5231 πρώτῳ
3157 5153 3310 5226 λέγει,
3361 5152 3438 5205 ὅτι
3488 5158 3588 5208 καὶ
3633 5159 3697 5210 τό
3730 5159 3850 5233 (20)
3881 5180 3972 5215 πο-

651 5333 700 5370 "
727 5333 903 5392 Marc.
937 5345 1000 5396 ι,
1030 5328 1121 5397 35,
1160 5326 1251 5381 36.

1795 5460 2019 5530 Varias
2046 5459 2377 5529 lectiones
2408 5470 2476 5527 et
2514 5468 2721 5526 notae.

687 5657 750 5708 18
801 5653 970 5706 Tom.
1006 5651 1118 5714 VII,
1145 5667 1205 5725 p.
1235 5651 1360 5710 646.

654 5653 771 5796 ξωζ
797 5723 963 5778 Tom.
993 5720 1136 5791 Vill,
1168 5739 1228 5796 p.
1260 5724 1315 5779 7.

2425 5655 2534 5727 (20)
2588 5655 2753 5712 Tom.
2810 5654 2953 5724 Vlll,
3011 5670 3072 5728 p.
3126 5657 3179 5709 2.
3233 5651 3496 5726 Apparet
3531 5668 3706 5728 ergo,
3753 5662 3980 5737 Euthy.

683 5720 768 5794 19)
797 5723 963 5778 Tom.
993 5720 1228 5797 Vlll,'p.
1260 5724 1315 5779 7.
