4198 6450
238 420 344 475 541

1262 425 1632 482 COMMENT.
1687 423 1753 480 lN
1793 421 2236 486 MATTHAEUM.
2278 465 2342 474 -—
2383 433 2540 493 CAP.
2595 439 2715 494 XV.

3527 440 3634 499 542

241 550 432 620 τὴριον
483 552 577 596 τοῦ
638 553 878 620 Χριστοῦ
932 551 1059 611 Eri-is,
1119 555 1209 600 καὶ
1260 553 1318 602 τὸ
1375 550 1656 623 βάπτισμα
1705 551 1847 602 αὐτοι

1982 553 2272 644 voluntate
2301 561 2450 614 enim
2483 562 2652 618 ethic
2682 563 3061 638 interemptus
3103 577 3206 636 est,
3252 571 3446 644 plagis
3476 587 3634 626 mar-

244 634 592 687 ἐϐαπτίσατο.
649 641 726 706 Τῇ
789 641 1094 710 προαιρέσει
1150 641 1251 713 γὰρ
1303 638 1503 712 ἐσφάγη
1550 646 1639 692 καὶ
1697 639 1866 707 οὗτος,

243 727 340 784 τὰς
392 725 725 796 μαρτυρικὰς
777 723 989 796 πληγὰς
1050 727 1306 790 ὑποστὰς,
1360 734 1448 781 καὶ
1503 734 1667 802 μυρία
1725 726 1870 780 δεινὰ

243 815 427 865 παθὼν
477 809 572 864 διὰ
617 816 706 864 τόν
755 819 1007 887 Χριστόν.
1070 814 1323 879 Ἀθλητὴς
1370 820 1469 892 γὰρ
1519 823 1608 869 καὶ
1647 819 1864 891 μάρτυς,

251 903 309 955 οὐ
372 905 531 974 μόνον
595 901 624 953 6
704 899 895 973 βιαίως
967 901 1238 956 ἀποθανὼν
1315 903 1407 958 διὰ
1468 909 1554 958 τὸν
1613 909 1863 980 Χριστὸν,

255 990 379 1043 ἀλλὰ
419 995 513 1042 καὶ
578 991 605 1042 6
665 993 1028 1063 μαστιγωθεὶς
1082 999 1172 1047 καὶ
1219 998 1598 1057 κακοπαθήσας
1646 993 1721 1048 δι’
1778 994 1866 1046 αὐ-

257 1084 358 1134 τὸν.
451 1080 781 1154 Εὑρίσκομεν
845 1083 948 1153 γὰρ
1025 1087 1116 1135 καὶ
1180 1087 1313 1156 μετὰ
1396 1094 1576 1138 τοῦτον
1649 1084 1864 1145 πολλοὺς

256 1168 586 1230 ἀθλήσαντας
639 1172 753 1240 μὲν,
831 1173 926 1245 τὴν
986 1167 1047 1224 δὲ
1115 1171 1302 1246 ψυχὴν
1367 1175 1418 1226 ἐν
1470 1175 1642 1248 εἰρήνῃ
1701 1193 1864 1245 παρα·

257 1261 486 1331 θεμένους
525 1265 664 1329 Θεῷ,
704 1262 796 1310 καὶ
841 1255 936 1310 διὰ
982 1267 1141 1312 τοῦτο
1185 1267 1340 1333 φήσει
1381 1282 1462 1325 ⁴ιιις
1510 1262 1623 1335 (2i)
1675 1263 1864 1324 αὐτοὺς

251 1347 597 1406 ἐκϐεϐλῆσθαι
643 1354 738 1399 τοῦ
766 1357 1097 1422 μαρτυρικοῠ
1139 1347 1458 1424 ἀξιώματος.
1515 1351 1636 1404 ⁴Ὀτι
1681 1349 1740 1405 δὲ
1786 1356 1864 1404 τί·

253 1439 450 1506 θνηκεν,
485 1436 648 1498 αὐτὸς
689 1437 846 1498 οὗτός
887 1456 1068 1509 φησιν,
1120 1438 1172 1490 ἐν
1205 1448 1278 1510 τῷ
1323 1441 1628 1513 Ede-7727(9)
1657 1444 1746 1513 μεν
1785 1440 1864 1493 λέ·

247 1547 367 1599 γων,
410 1528 492 1578 ὅτι
545 1525 660 1577 Οὐκ
714 1526 852 1577 εἶπεν
911 1526 1053 1598 αὐτῷ
1103 1529 1128 1578 6
1190 1529 1411 1595 Ἰησοῦς,
1459 1531 1540 1582 ὃτι
1591 1529 1684 1582 οὐκ
1733 1528 1859 1582 ἀπο-

251 1617 481 1673 θνήσκει·
539 1613 587 1666 ἐν
640 1609 701 1666 δὲ
747 1623 812 1687 τῇ
867 1612 1034 1687 βίϐλῳ
1078 1624 1172 1679 τῆς
1223 1617 1639 1690 Ἀποκαλύψιως,
1698 1639 1858 1694 προσ-

246 1710 362 1776 ώπῳ
428 1711 520 1756 τοῦ
576 1710 839 1778 Σωτῆρος,
898 1706 980 1757 ὅτι
1039 1706 1141 1759 Καὶ
1192 1703 1349 1758 δώσω
1396 1715 1501 1768 τοῖς
1550 1705 1678 1762 δυσὶ
1716 1712 1855 1782 μάρ-

243 1799 360 1847 τυσί
447 1813 574 1865 μου,
668 1796 760 1845 καὶ
854 1797 1315 1866 προφητεύσουσιν
1413 1797 1606 1870 ἡμέρας
1695 1802 1854 1860 τόσας

245 1884 421 1955 Ἐνώχ
453 1888 550 1935 καὶ
581 1881 781 1944 Ἠλίας.

312 1975 388 2025 Τό
455 1968 517 2024 δὲ
566 1972 787 2024 καθίσαι
841 2001 915 2013 —-
973 1992 1097 2044 μου.
1158 1973 1502 2047 Προλαϐόντες
1553 1975 1848 2049 εἰρήκαμεν,

257 2061 338 2110 ὃτι
387 2062 449 2111 τὸ
506 2061 722 2112 καθίσαι
775 2058 830 2112 ἑκ
886 2056 1090 2128 δεξιῶν,
1144 2066 1176 2121 ἦ
1236 2061 1290 2126 έξ
1343 2063 1614 2138 εὐωνύμων
1668 2065 1848 2131 αὑτοῦ,

265 2148 396 2218 ὑπερ
474 2152 570 2206 τὴν
626 2147 761 2210 ἀξίαν
813 2147 975 2215 ἔστὶν,
1032 2150 1092 2204 οὐ
1157 2155 1310 2224 μόνον
1361 2161 1460 2205 τῶν
1546 2152 1848 2227 ἀνθρώπων,

267 2234 405 2287 ἀλλὰ
453 2240 551 2288 καὶ
597 2245 692 2288 τῶν
738 2237 826 2289 ἂνω
868 2235 1160 2312 δυνάμεων·
1198 2239 1377 2295 λοιπὸν
1428 2238 1517 2295 οὖν
1554 2241 1728 2306 οὐδεὶς
1757 2264 1849 2297 κα·

267 2321 523 2378 θεδεῖται.
577 2329 671 2378 Καὶ
721 2335 816 2389 πῶς
870 2327 1092 2382 ἐνταῦθά
1148 2350 1326 2403 φησιν,
1393 2333 1473 2384 ὃτι
1526 2332 1636 2385 Οὐκ
1707 2336 1845 2387 ἔστιν

254 2413 382 2486 ἐμὸν
440 2410 638 2480 δοῦναι,
708 2413 810 2467 ἀλλ’
871 2415 1070 2470 ἐκείνων
1146 2418 1306 2486 ἐστὶν,
1380 2417 1457 2482 οἷς
1528 2423 1844 2496 ἡτοίμασται

244 2504 340 2555 ὑπὸ
395 2510 492 2555 τοῦ
554 2509 750 2577 Πατρός
796 2522 937 2578 μου;
988 2511 1226 2561 Δείκνυσι
1271 2512 1395 2583 γὰρ,
1446 2511 1525 2562 ὃτι
1564 2507 1842 2564 καθεδοῦν-

231 2597 320 2643 ταί
370 2611 528 2654 τινες.
585 2597 814 2666 Λέσγομιν
870 2591 978 2661 οὖν;
1031 2598 1100 2658 ὡς
1152 2595 1260 2650 ἐπεὶ
1315 2595 1596 2672 προεδρίαν
1641 2599 1688 2652 ἐν
1738 2608 1844 2662 τοῖς

226 2684 495 2756 μαθηταῖς
554 2683 795 2755 ᾐτοῦντο,
855 2684 1032 2737 λοιπὸν
1098 2687 1124 2738 ό
1180 2691 1411 2760 Χριστὸς
1465 2685 1724 2765 καθέδραν
1787 2693 1842 2744 ἐκ

229 2768 413 2835 δεξιῶν
472 2777 567 2825 καὶ
626 2773 682 2836 ἐξ
741 2773 1014 2848 εὐωνύμων
1070 2774 1206 2848 λέγει
1257 2781 1352 2836 τὴν
1409 2783 1619 2854 πρώτην
1693 2780 1842 2844 τάξιν

228 2860 274 2913 ἐν
329 2858 540 2930 αὐτοῖς,
587 2863 655 2924 ἧς
705 2861 1090 2926 ἀξιωθήσονται
1147 2870 1341 2941 Πέτρος
1380 2887 1470 2921 και
1520 2868 1741 2935 Παῦλος,
1793 2873 1842 2924 οἱ

229 2959 511 3026 κορυφαῖοι
567 2959 672 3004 τῶν
725 2954 993 3024 μαθητῶν,
1037 2955 1106 3016 ὡς
1155 2954 1326 3008 πλεῖον
1357 2964 1456 3009 τῶν
1495 2957 1659 3011 ἄλλων
1711 2962 1842 3013 πάν-

231 3060 326 3093 των
358 3039 775 3114 ἀγωνισάμενοι.

302 3135 408 3185 Καὶ
461 3139 574 3192 πῶς
631 3132 657 3182 6
713 3127 1109 3205 παντοδύναμος
1181 3131 1431 3188 ἀδυνατεῖ
1487 3133 1670 3190 δοῦναι
1721 3142 1844 3192 ταύ-

1979 642 2113 712 tyrii
2145 648 2451 719 susceptis,
2479 655 2536 706 et
2565 666 2778 722 passus
2821 653 3136 715 innumera
3178 642 3419 732 propter
3447 660 3633 715 Chris-

1979 733 2105 820 tum
2137 734 2419 803 pericula.
2453 741 2601 794 Nam
2635 740 2853 798 athleta
2880 759 2950 799 ac
2995 753 3221 820 martyr
3264 748 3476 804 dicitur
3505 764 3630 805 non

1977 819 2172 877 solum
2203 824 2305 895 qui
2333 827 2580 882 violente
2611 835 2882 886 mortuus
2910 838 2994 890 est
3039 819 3279 909 propter
3310 839 3626 903 Christum,

1975 924 2179 966 verum
2211 913 2387 969 etiam
2408 917 2510 988 qui
2535 916 2867 987 ﬂagellatus
2888 929 2992 989 est,
3019 924 3253 998 aliaque
3274 928 3460 984 multa
3492 943 3630 999 pas-

1975 1014 2077 1053 sus
2101 1006 2343 1072 propter
2367 1019 2525 1060 eum.
2558 1007 2897 1065 Invenimus
2916 1011 3213 1084 siquidem
3236 1020 3292 1070 et
3322 1015 3626 1088 posthunc

1974 1088 2283 1161 plerosque
2308 1098 2563 1150 certasse
2588 1095 2856 1168 quidem,
2884 1115 3094 1158 verum
3112 1104 3377 1160 animam
3395 1105 3456 1160 in
3478 1119 3626 1177 pace

1974 1177 2094 1232 Deo
2124 1182 2585 1239 commendasse
2620 1201 2769 1253 ;nec
2826 1195 3066 1267 propter
3114 1192 3229 1249 hoc
3281 1193 3439 1249 dicet
3467 1194 3629 1266 quis-

1971 1267 2125 1339 piam
2147 1285 2247 1325 eos
2265 1285 2302 1326 ο.
2326 1278 2592 1350 martyrii
2614 1283 2902 1338 excidisse
2923 1282 3208 1352 dignitate
3227 1283 3397 1348 Quod
3424 1287 3622 1340 autem

1973 1362 2243 1414 mortuus
2274 1362 2364 1431 sit,
2399 1363 2528 1435 ipse
2585 1369 2744 1427 idem
2798 1372 2873 1428 ait
2903 1373 2962 1427 in
3007 1371 3325 1443 Evangelio
3378 1372 3625 1444 quidem

1971 1444 2170 1501 dicens
2204 1465 2216 1502 :
2250 1450 2386 1507 Non
2413 1453 2566 1511 dixit
2591 1458 2644 1513 ei
2669 1459 2857 1516 Iesus.
2909 1462 3042 1516 Non
3072 1461 3322 1517 moritur
3352 1461 3421 1515 ⁸ο.
3458 1463 3520 1516 in
3562 1461 3627 1517 li-

1969 1533 2080 1590 bro
2113 1543 2312 1595 autem
2356 1543 2749 1618 Apocalypsis
2781 1551 2890 1604 sub
2944 1566 3202 1622 persona
3254 1550 3576 1606 Salvatoris
3607 1565 3621 1606 ε

1967 1625 2047 1680 Et
2084 1628 2236 1684 dabo
2266 1629 2486 1688 duobus
2517 1637 2758 1693 testibus
2789 1641 2943 1707 meis,
2997 1646 3048 1694 et
3077 1641 3508 1710 prophetabunt
3540 1646 3619 1695 tot

1967 1716 2375 1776 diebusamicti
2386 1725 2572 1780 saccis
2587 1727 2630 1762 ⁶¹
2643 1726 2763 1782 .Hic
2784 1731 2986 1783 autem
3003 1733 3143 1784 sunt
3160 1729 3357 1784 Enoch
3373 1732 3432 1784 et
3444 1727 3618 1784 Elias.

1968 1807 2104 1880 (22),
2200 1811 2626 1886 περιϐεϐλημένοι
2721 1819 2970 1878 σάκκους.
3083 1819 3242 1873 Οὗτοι
3333 1817 3393 1874 δε
3488 1819 3619 1873 εἰσιν

2033 1989 2191 2044 Vers.
2223 1991 2311 2045 23.
2334 1991 2547 2050 Sedere
2560 2000 2757 2052 autem
2786 2025 2856 2038 -—
2876 2012 3021 2053 meo.
3044 1998 3109 2054 In
3134 1997 3616 2070 praecedentibus

1959 2074 2243 2144 diximus,
2270 2079 2431 2152 quod
2469 2081 2672 2138 sedere
2703 2099 2740 2140 a
2762 2085 3019 2142 dexteris
3041 2087 3172 2158 ejus
3205 2091 3309 2144 aut
3339 2087 3616 2154 sinistris,

1958 2167 2190 2225 excedit
2241 2168 2585 2242 dignitatem
2617 2189 2736 2229 non
2765 2174 3081 2232 hominum
3139 2175 3357 2247 solum,
3411 2192 3616 2234 verum

1942 2256 2132 2313 'etiam
2162 2275 2556 2332 supernarum
2585 2263 2871 2320 virtutum
2903 2281 2916 2332 ;
2951 2265 3141 2321 nullus
3187 2267 3386 2340 itaque
3445 2270 3619 2324 sede-

1951 2344 2058 2402 bit.
2100 2350 2168 2405 Et
2193 2350 2500 2422 quomodo
2524 2350 2619 2408 hic
2649 2353 2970 2411 dicitsz
3000 2362 3084 2412 est
3119 2371 3304 2414 meum
3329 2357 3490 2423 dare,
3516 2358 3619 2415 sed

1952 2435 2026 2492 iis
2052 2440 2329 2510 contingit
2356 2439 2567 2511 quibus
2585 2449 2851 2513 paratum
2873 2451 2957 2501 est
3009 2461 3046 2503 a
3077 2447 3254 2502 Patre
3283 2461 3403 2503 meo
3422 2447 3451 2502 ?
3515 2449 3619 2504 Os-

1950 2526 2139 2582 tendit
2161 2528 2319 2584 enim
2337 2530 2640 2601 quosdam
2659 2547 2948 2590 cessuros.
2976 2533 3235 2590 Dicimus
3273 2551 3416 2605 ergo
3448 2537 3616 2608 quod

1951 2631 2090 2672 cum
2144 2619 2658 2690 prmeminentiam
2708 2622 2860 2678 inter
2913 2623 3242 2696 discipulos
3329 2630 3612 2697 peterent,

1949 2721 2113 2762 nunc
2162 2706 2427 2764 Christus
2476 2710 2825 2768 cathedram
2873 2731 2908 2768 a
2957 2713 3182 2770 dextris
3243 2719 3300 2771 et
3363 2715 3614 2771 sinistris

1951 2795 2094 2852 dicit
2148 2796 2404 2869 primam
2451 2799 2600 2856 inter
2639 2801 2810 2873 ipsos
2859 2804 3086 2870 sedem,
3139 2819 3263 2877 quo
3311 2806 3513 2861 Petrus
3560 2809 3618 2862 et

1951 2885 2165 2942 Paulus
2195 2887 2552 2959 dignihabiti
2579 2895 2722 2947 sunt
2747 2892 3043 2966 principes
3073 2894 3523 2967 discipulorum,
3550 2898 3617 2952 ut

1951 2975 2056 3048 qui
2078 2975 2215 3047 plus
2245 2977 2468 3035 caeteris
2503 2978 2941 3040 laboraverunt.

2025 3153 2091 3208 Et
2118 3153 2430 3224 quomodo
2455 3155 2552 3225 qui
2581 3156 2961 3229 omnipotens
3011 3167 3117 3225 est,
3152 3161 3230 3217 ad
3259 3163 3418 3219 hanc
3469 3166 3617 3222 dan-

235 3224 359 3287 τὴνς
415 3220 533 3273 Οὐκ
575 3223 741 3286 ἔστιν,
786 3222 908 3293 ὅπερ
959 3220 1113 3292 εἶπεν,
1163 3220 1471 3297 ἀδυναμίας,
1517 3225 1642 3279 ἀλλά
1672 3225 1843 3281 δικαι-

1962 3239 2097 3295 dam
2122 3220 2388 3295 redditur
2416 3220 2769 3313 impotens
2814 3247 2982 3311 Quod
3008 3220 3175 3314 dixit,
3233 3251 3363 3307 Non
3383 3259 3463 3308 est
3481 3220 3615 3310 non

237 3313 454 3371 οσύνης.
505 3309 651 3363 Ἐπεὶ
718 3312 822 3383 γὰρ
887 3315 1226 3386 χαρίσασθαι
1297 3314 1476 3378 αὐτοῖς
1552 3320 1646 3374 τὴν
1717 3337 1842 3392 προ-

237 3397 418 3472 εδρίαν
478 3399 718 3472 ᾐτοῦντο,
770 3405 951 3472 φησὶν,
1008 3403 1085 3455 ὅτι
1137 3403 1248 3456 Οὔκ
1294 3406 1434 3456 ἔστιν
1482 3403 1601 3476 ἐμόν
1640 3407 1698 3456 τὸ
1750 3408 1844 3463 τὴν

237 3495 449 3563 πρώτην
500 3489 648 3552 τάξιν
691 3492 1051 3564 χαρίσασθαι·
1097 3499 1249 3546 τοῦτο
1291 3495 1393 3566 γὰρ
1441 3501 1528 3544 νῦν
1557 3497 1616 3546 τὸ
1663 3489 1846 3546 δοῦναι

237 3583 508 3650 σημαίνει,
582 3575 791 3642 δίκαιος
846 3582 949 3654 ’γὰρ
1005 3584 1133 3654 είμι,
1201 3586 1290 3634 καὶ
1345 3581 1842 3656 ἀπροσωπόληπτοςο

234 3667 343 3720 ἀλλ’
406 3667 612 3720 ἐκείνων
665 3667 807 3721 ἔστὶν
861 3669 1018 3736 αὕτη,
1077 3671 1155 3731 οἷς
1221 3673 1544 3744 ἡτοίμασται
1597 3673 1698 3724 ὑπὸ
1752 3677 1844 3724 τοῦ

231 3761 438 3832 Πατρός
483 3776 608 3830 μου.
648 3757 996 3830 Ἠτοίμασται
1041 3756 1100 3813 δὲ
1140 3767 1254 3823 τοῖς
1301 3757 1687 3834 δικαιόυμένοις
1717 3764 1842 3813 ταύ-

231 3865 321 3907 της
373 3853 586 3918 τυχεῖν.
637 3847 716 3902 Οὐ
771 3850 873 3921 γὰρ
928 3853 1082 3922 μόνον
1155 3853 1215 3902 τὸ
1285 3857 1541 3903 κοινωνεῖν
1608 3870 1698 3923 μοι
1750 3860 1846 3915 τῆς

231 3945 441 4009 σφαγῆς
482 3935 716 4009 προξενεῖ
744 3941 838 3995 τήν
881 3943 1093 4013 πρώτην
1133 3939 1300 4005 τάξιν,
1349 3938 1477 3992 ἀλλὰ
1521 3943 1580 3992 τὸ
1618 3948 1846 4016 πρωτεῦα

230 4044 325 4078 σαι
376 4028 588 4079 πάντων
639 4030 731 4078 καὶ
790 4025 838 4079 ἐν
906 4034 1025 4089 ταῖς
1076 4027 1284 4090 λοιπαῖς
1353 4027 1579 4101 ἀρεταῖς.
1650 4031 1845 4083 Ἐντεῦ-

230 4115 313 4166 θεν
357 4111 422 4167 δι
465 4114 698 4187 μάλιστα
734 4117 1023 4190 παρέθηξεν
1075 4118 1286 4180 αὐτούς.
1340 4118 1461 4172 ’Υπό
1500 4126 1592 4171 τοῦ
1640 4123 1846 4193 Πατρός

229 4221 332 4272 μου
391 4199 452 4255 δὲ
511 4200 666 4269 εἶπεν,
725 4207 838 4278 ἅμα
878 4209 969 4279 μεν
1014 4209 1100 4260 τὸν
1140 4212 1345 4282 Πατέρα
1391 4215 1572 4280 τιμῶν,
1625 4209 1736 4279 άμα
1785 4205 1844 4260 δὲ

226 4297 320 4343 καὶ
369 4292 552 4345 ἑαυτὸν
602 4300 978 4366 συνεμφαίνων,
1026 4297 1099 4358 ὡς
1151 4295 1341 4348 ταύτὸν
1379 4303 1452 4366 τῷ
1486 4299 1654 4370 Πατρὶ
1685 4292 1843 4348 δυνά-

231 4398 404 4450 μενον.
437 4382 570 4454 Ἐγὼ
599 4385 723 4458 γὰρ,
757 4389 910 4455 φησὶ,
941 4389 1031 4438 καὶ
1057 4387 1083 4437 6
1116 4389 1298 4460 Πατὴρ
1326 4384 1374 4437 ἓν
1407 4383 1576 4456 ἔσμεν.

314 4482 412 4531 Καὶ
462 4510 532 4522 —
575 4476 834 4554 ἀδελφῶν.
886 4485 950 4534 Οἱ
1001 4479 1100 4535 δύο
1145 4486 1236 4555 μὲν
1275 4491 1375 4534 τῶν
1419 4479 1548 4535 δέκα
1595 4484 1841 4554 μαθητῶν

1954 3327 2316 3399 ἱωροῑθοιὶω
2338 3334 2447 3392 est,
2479 3330 2585 3384 sed
2643 3331 2901 3400 justitiaa.
2937 3337 3084 3390 Nam
3114 3337 3258 3407 quia
3282 3340 3463 3410 gratis
3501 3342 3614 3398 sibi

1953 3415 2276 3486 primatum
2311 3415 2595 3486 petebant
2623 3433 2638 3471 :
2663 3421 2790 3473 Non
2820 3427 2933 3488 est,
2966 3422 3174 3492 inquit,
3219 3439 3424 3482 meum
3468 3428 3613 3486 dare

1954 3502 2137 3573 gratis
2166 3502 2490 3574 primatum
2522 3504 2646 3560 sive
2673 3505 2930 3575 primam
2964 3509 3189 3580 sedem,
3221 3512 3282 3568 id
3310 3514 3610 3586 siquidem

1952 3591 2244 3662 signiﬁcat
2262 3591 2403 3648 dare
2429 3608 2442 3659 ;
2467 3592 2664 3664 justus
2682 3593 3042 3664 enimisum,
3067 3613 3189 3654 non
3217 3615 3613 3671 personarum

1952 3685 2249 3753 acceptor.
2283 3680 2397 3738 Sed
2421 3681 2556 3748 hoc,
2585 3682 2685 3747 ait,
2713 3686 2800 3737 est
2823 3682 3058 3741 illorum
3080 3687 3302 3759 quibus
3338 3697 3612 3764 paratum

1952 3774 2043 3826 est
2070 3785 2106 3826 a
2131 3770 2300 3825 Patre
2330 3785 2486 3827 meo.
2519 3773 2796 3827 Paratum
2826 3776 2915 3828 est
2946 3779 3147 3832 autem
3177 3779 3269 3834 his
3313 3782 3417 3854 qui
3447 3782 3611 3854 digni

1952 3862 2091 3915 sunt
2121 3863 2182 3915 ut
2196 3859 2310 3914 hoc
2323 3863 2782 3932 consequantur.
2800 3862 2926 3916 Non
2947 3864 3102 3919 enim
3120 3867 3248 3924 sola
3272 3869 3422 3926 nihil
3451 3873 3609 3929 caede

1951 3947 2398 4004 communicare
2444 3949 2702 4020 primam
2751 3948 3027 4006 conciliat
3053 3954 3281 4021 sedem,
3318 3959 3427 4015 sed
3496 3961 3611 4032 pri-

1951 4051 2084 4092 mas
2125 4035 2398 4092 omnium
2441 4037 2588 4092 ferre
2641 4036 2822 4093 etiam
2877 4037 2940 4093 in
2989 4043 3219 4098 caeteris
3267 4047 3606 4106 virtutibus.

1951 4125 2093 4180 Inde
2131 4129 2332 4180 autem
2385 4127 2638 4181 maxime
2678 4125 2942 4182 traduxit
2969 4127 3122 4184 illos.
3172 4131 3219 4186 Α
3271 4134 3456 4192 Patre
3481 4153 3607 4194 meo

1951 4217 2152 4269 autem
2181 4212 2346 4275 dixit,
2402 4217 2527 4269 tum
2583 4217 2646 4269 ut
2688 4214 2923 4270 Patrem
2975 4215 3313 4285 honoraret,
3365 4226 3495 4278 tum
3544 4229 3609 4282 ut

1952 4301 2216 4373 seipsum
2245 4300 2679 4358 demonstraret
2714 4307 3005 4374 tanquam
3043 4304 3204 4361 idem
3253 4323 3386 4366 cum
3431 4311 3604 4369 Patre

1947 4393 2268 4464 potentem,
2294 4390 2438 4459 Ego,
2469 4389 2675 4462 inquit,
2707 4396 2760 4447 et
2786 4391 2962 4447 Pater
2989 4407 3174 4449 unum
3201 4409 3392 4452 sumus
3425 4399 3495 4453 ⁸³.

2019 4478 2186 4534 Vers.
2209 4481 2296 4534 24.
2330 4479 2408 4534 Et
2432 4506 2502 4521 —
2520 4479 2842 4547 fratribus.
2861 4482 2987 4536 Duo
3013 4483 3262 4555 quidem
3288 4501 3474 4558 supra
3511 4488 3607 4544 de-

226 4570 660 4642 κατεπήρθησαν·
711 4573 761 4622 οἱ
815 4567 946 4624 δέκα
976 4567 1054 4636 δὲ,
1087 4579 1196 4632 τοῖς
1242 4568 1371 4624 δυσὶ
1401 4573 1664 4644 μαθηταῖς
1694 4569 1839 4642 ἑφθά·

1962 4586 2081 4628 :em
2102 4567 2429 4640 discipulos
2460 4566 2599 4623 elati
2629 4567 2862 4626 fuerant
2896 4591 2909 4623 :
2935 4569 3144 4628 decem
3172 4589 3315 4631 vero
3347 4575 3422 4633 de
3451 4577 3606 4636 duo-

223 4674 412 4722 νησαν,
457 4666 558 4709 τῶν
609 4665 874 4736 πρωτείων
924 4659 1224 4734 ἐφιεμένοις.
1279 4667 1431 4713 Οὕτω
1479 4661 1666 4722 πάντες
1703 4656 1838 4718 ἦσαν

225 4741 438 4808 ἀτελεῖς.
500 4752 658 4818 μήπω
707 4755 800 4801 τοῦ
862 4750 1000 4802 θείου
1057 4752 1353 4822 Πνεύματος
1407 4747 1840 4821 ἐπιφοιτήσαντος

226 4833 430 4898 αὐτοῖς.
464 4835 602 4888 Ἀλλ’
631 4838 847 4910 ὕστερον
882 4837 1072 4902 αὐτοὺς
1117 4839 1409 4912 κατάμαθε,
1441 4843 1530 4892 καὶ
1561 4837 1676 4909 ὄψει
1709 4855 1838 4890 παν-

223 4926 312 4986 τός
361 4927 564 4987 πάθους
605 4925 1054 5001 ἀπηλλαγμένους,
1113 4932 1204 4980 καὶ
1260 4927 1514 4988 ἀλλήλους
1570 4925 1839 4980 ἐπαινοῦν-

221 5031 342 5085 τας,
401 5020 495 5069 καὶ
557 5014 792 5080 ἀλλήλοις
861 5025 965 5070 τῶν
1025 5021 1292 5093 πρωτείων
1365 5022 1831 5090 παραχωροῦντας.

298 5142 350 5178 ⁸ο
367 5142 544 5199 Joan.
564 5157 681 5212 XXI,
703 5144 796 5199 23.
876 5145 920 5180 ⁶¹
949 5146 1134 5216 Apoc.
1163 5158 1240 5210 x1,
1261 5143 1317 5200 3.
1395 5143 1443 5178 ⁸³
1466 5142 1638 5196 Joan.
1669 5155 1724 5204 x,
1758 5141 1845 5196 30.

1946 4661 2058 4716 bus
2079 4656 2449 4725 invidebant,
2471 4671 2542 4712 eo
2572 4657 2734 4727 quod
2760 4657 2994 4728 primas
3028 4660 3203 4718 sedes
3221 4663 3600 4726 desiderave-

1947 4751 2083 4806 rant
2104 4764 2119 4814 ;
2143 4751 2200 4803 et
2221 4745 2303 4802 ita
2321 4760 2538 4801 omnes
2563 4743 2887 4815 imperfecti
2911 4754 3102 4806 erant.
3131 4753 3410 4810 Nondum
3438 4757 3603 4816 enim

1948 4835 2194 4908 Spiritus
2225 4837 2468 4890 sanctus
2492 4833 2900 4892 descenderat.
2933 4838 3048 4893 Sed
3072 4843 3465 4911 postmodum
3515 4847 3602 4920 ip-

1947 4941 2046 4982 sos
2076 4921 2330 4995 perfecte
2379 4921 2743 4992 cognoscito,
2794 4927 2854 4980 et
2905 4925 3138 4983 videbis
3176 4932 3345 4988 omni
3383 4933 3602 4994 affectu

1939 5012 2178 5077 liberos,
2216 5025 2288 5066 ac
2311 5008 2559 5066 invicem
2583 5010 2949 5079 extollentes,
2983 5020 3042 5073 et
3070 5022 3283 5075 mutuo
3307 5022 3603 5092 primatu‘3

1453 5298 1678 5369 Varia;
1706 5298 2032 5366 lectiones
2062 5300 2347 5362 etnotae.

216 5443 418 5522 inium
465 5459 577 5518 pro
604 5444 802 5522 prima
842 5443 1096 5522 humilia
1118 5442 1452 5522 habuisse,
1481 5441 1648 5522 quad
1685 5455 1832 5522 non-

211 5513 370 5570 nulli
391 5511 504 5588 prb
524 5511 877 5588 praafatione
902 5515 1150 5572 habent.
1177 5511 1564 5571 Consentiuht
1582 5511 1830 5570 Savilius

212 5587 829 5665 etiiontefalconigs.
923 5658 934 5665 _
1028 5657 1059 5665 Α
1098 5657 1153 5665 __
1244 5661 1252 5665 _
1341 5656 1351 5665 ν
1788 5653 1798 5664 ,

291 5658 421 5730 (2i),
445 5658 616 5714 Forte
663 5656 856 5729 οὐδεις,
889 5657 1063 5716 sicuti
1098 5656 1430 5717 Hentenius
1469 5667 1714 5727 quoque
1743 5656 1828 5712 vi-

209 5728 392 5785 detur
407 5729 645 5802 legisse.

2009 5436 2124 5516 (22)
2153 5437 2324 5494 Τόσας
2347 5431 2788 5516 εοτῇρξιὶςεοιιοᾶ
2817 5454 3099 5500 numeros
3123 5447 3340 5508 referre
3381 5453 3597 5514 noluit.

1939 5505 2224 5605 gestarum
2257 5518 2402 5605 £133“
2414 5505 3081 5605 jgigllig—quu‘omodo
3135 5505 3596 5605 hinc;prbbe—Iit,

1934 5582 2240 5671 {cannemj
2254 5575 2697 5671 evapnge‘iistram‘
2710 5575 3016 5671 mqrtuum
3061 5603 3217 5671 esse;
3242 5575 3596 5671 'vi’déﬂih‘;

1934 5652 2058 5716 dixi
2081 5651 2143 5706 in
2172 5647 2428 5724 editione
2457 5647 2532 5705 N.
2568 5649 2716 5708 Test.
2745 5653 2820 5709 ad
2847 5656 3017 5714 Joan.
3039 5647 3278 5728 xx1,623.
