4198 6450
607 381 714 436 543

1923 373 2266 433 EUTHYMII
2318 372 2652 430 ZIGABENI

3875 379 3982 436 544

613 505 1024 560 concedentes.
1053 507 1213 561 Tunc
1242 505 1443 574 itaque
1469 504 1762 577 indignati
1794 509 1950 568 sunt,
1983 504 2104 557 sive
2133 515 2262 571 gra-

2371 504 2500 552 Τότε
2532 497 2586 552 δ’
2615 496 2702 552 οὖν
2733 500 2848 572 (23)
2880 502 3277 572 ἠγανάκτησαν,
3314 503 3475 573 ἤγουν
3507 501 3642 573 (24),
3685 499 3982 576 ἐδυσφόρη-

611 593 761 650 viter
793 593 1072 649 tulerunt.
1108 593 1414 666 Siquidem
1444 594 1691 666 quando
1717 593 2058 666 frequenter
2106 587 2260 645 Chri-

612 689 736 738 stus
769 682 900 738 illos
929 699 1047 754 prie
1079 685 1298 739 caeteris
1321 683 1742 749 honoraverat,
1772 699 1894 739 non
1931 695 2087 751 aegre
2117 678 2261 735 tule-

610 777 764 838 rant,
797 771 1001 844 ipsum
1028 771 1252 828 scilicet
1285 771 1448 828 veriti
1479 788 1492 838 ;
1525 773 1774 844 quando
1815 776 2014 828 autem
2068 785 2175 842 per
2200 783 2263 824 se

610 860 934 933 primatum
980 860 1290 932 petierunt,
1346 861 1638 932 indignati
1700 868 1856 927 sunt,
1905 865 1964 917 et
2002 859 2263 916 maxime

612 949 848 1020 cognito
877 949 1041 1022 quod
1067 950 1330 1007 exauditi
1359 966 1480 1006 non
1508 955 1704 1007 essent
1737 969 1751 1018 ;
1785 967 1856 1007 ex
1881 949 2264 1023 praeceptoris

611 1039 771 1094 enim
801 1039 1190 1110 responsione
1220 1039 1632 1096 intellexerunt
1660 1040 1807 1112 quid
1835 1039 2152 1111 petiissent.

685 1129 846 1182 Vers.
873 1127 960 1182 25.
990 1127 1158 1184 Iesus
1182 1133 1376 1184 autem
1407 1158 1475 1168 —
1496 1128 1674 1185 dixit.
1713 1128 1863 1194 Quia
1883 1127 2005 1182 duo
2035 1126 2113 1182 ab
2133 1126 2262 1182 aliis

615 1213 789 1270 divisi
832 1215 902 1272 ad
935 1231 1073 1271 eum
1132 1222 1528 1281 accesserant,
1561 1220 1620 1272 et
1647 1220 1911 1272 astantes
1963 1215 2261 1286 colloque-

613 1302 854 1369 bantur,
911 1303 1167 1361 advocat
1220 1309 1277 1360 et
1327 1304 1512 1361 alios:
1575 1321 1646 1361 ac
1711 1305 1965 1376 primum
2015 1303 2262 1375 quidem

615 1393 880 1449 turbatos
896 1393 1114 1465 placat,
1146 1409 1252 1465 per
1266 1393 1767 1450 coadunationem
1791 1409 1920 1466 quas
1945 1393 2098 1450 inter
2116 1409 2177 1448 se
2208 1400 2261 1449 et

613 1480 752 1539 illos
779 1486 923 1538 erat.
958 1481 1176 1538 Deinde
1205 1483 1321 1538 ait:

692 1675 852 1731 Vers.
880 1677 972 1732 25.
1015 1675 1192 1731 Scitis
1219 1707 1288 1716 —
1318 1675 1480 1732 Vcrs.
1531 1679 1618 1732 26.
1654 1678 1810 1733 inter
1841 1692 1958 1733 vos.
2020 1675 2266 1746 Cognito

615 1763 774 1836 quod
803 1763 916 1819 hoc
955 1764 1071 1819 ﬁne
1101 1763 1222 1819 duo
1257 1763 1339 1819 illi
1364 1765 1653 1836 petierant
1686 1766 2030 1836 primatum,
2067 1770 2128 1818 ut
2158 1779 2267 1819 caa-

2375 608 2469 641 σαν
2518 588 2601 641 ὁτε
2648 592 2738 661 μὶν
2784 593 2885 663 γὰρ
2929 595 3183 662 προετίμα
3232 593 3445 652 τούτους
3493 590 3740 654 πολλάκις
3789 593 3815 644 ό
3847 601 3984 668 Χρι-

2374 681 2512 741 στός,
2546 678 2639 730 οὐκ
2670 675 3061 752 ἐδυσφόρησαν,
3090 676 3392 752 αἰδούμενοι
3423 687 3620 735 τοῦτον.
3655 681 3739 734 ὅτε
3770 677 3831 734 δε
3867 682 3980 753 ('25)

2371 768 2567 820 οἴκοθεν
2619 767 2884 840 ᾐτήσαντο
2936 773 3030 826 τὴν
3081 764 3380 844 προεδρίαν,
3434 769 3833 841 ἠγανάκτησαν,
3895 773 3983 822 καὶ

2371 856 2604 928 μάλιστα
2649 859 2869 927 γνόντες,
2925 858 3007 909 ὅτι
3065 857 3159 909 ούκ
3217 858 3670 916 είσηκούσθησαν.
3737 857 3827 913 Ἐκ
3889 867 3986 920 τῆς

2372 943 2691 1018 ἀποκρίσεως
2768 947 2871 1018 γὰρ
2929 952 3022 999 τοῦ
3099 942 3432 1000 διδασκάλου
3507 955 3738 1006 συνῆκαν
3798 953 3897 1001 καὶ
3958 950 3982 1000 ὅ

2372 1035 2472 1106 ᾐτή
2484 1053 2661 1086 σαντο.

2440 1122 2500 1174 Ὀ
2557 1118 2616 1175 δε
2681 1122 2886 1185 Ἰησοῦς
2936 1154 2992 1164 -
3044 1122 3199 1176 εἶπεν.
3253 1124 3392 1177 Ἐπεὶ
3443 1129 3612 1197 μόνοι,
3658 1132 3756 1176 τῶν
3811 1124 3981 1177 ἀλλων

2374 1209 2762 1285 ἀπορραγέντες,
2813 1213 2862 1262 οἰ
2917 1208 3016 1264 δύο
3063 1217 3427 1286 ⁸τροστέγγισαν
3471 1213 3634 1283 αύτῷ,
3695 1218 3788 1266 καὶ
3840 1233 3982 1290 παρ-

2373 1307 2585 1360 εστῶτες
2649 1299 2893 1372 ὡμίλουν,
2971 1301 3345 1376 προσκαλεῖται
3418 1307 3509 1354 καῖ
3581 1305 3702 1363 τούς
3774 1301 3980 1372 ἄλλους,

2372 1393 2462 1440 καὶ
2505 1398 2687 1462 πρῶτα
2733 1391 2842 1461 μεν,
2905 1395 3324 1464 ταρασσομένους
3366 1391 3555 1454 αὐτοὺς
3600 1395 3978 1467 καταπραῧνει,

2375 1473 2471 1529 διὰ
2525 1485 2617 1530 τοῦ
2673 1483 2803 1552 πρὸς
2861 1480 3042 1533 ἑαυτὸν
3109 1485 3200 1532 καὶ
3274 1482 3487 1542 τούτους
3552 1479 3973 1534 ἐπισπάσασθαι·

2375 1563 2486 1619 εἶτά
2511 1586 2663 1639 φησί’

2448 1670 2644 1726 Οἴδατε
2685 1707 2754 1716 -—
2784 1673 2832 1727 έν
2875 1677 3016 1748 ὑμῖν.
3052 1680 3205 1736 Γνοὺς
3249 1679 3368 1736 τοὺς
3397 1672 3497 1728 δύο
3545 1673 3641 1729 διὰ
3692 1685 3850 1731 τοῦτο
3884 1682 3968 1735 τὴν

2375 1759 2657 1836 προεδρίαν
2726 1764 3020 1833 αἰτοῦντας,
3082 1766 3167 1818 ἶνα
3222 1767 3538 1837 κατάρχωσι
3601 1775 3702 1818 τῶν
3783 1768 3956 1833 ἄλλων,

614 1856 876 1908 terorum
896 1851 1188 1907 haberent
1218 1853 1637 1925 principatum,
1665 1853 1780 1909 hoc
1807 1854 2098 1909 intentum
2142 1869 2263 1909 car-

2379 1847 2623 1924 διασύρει
2649 1856 2735 1904 τόν
2765 1861 2997 1906 τοιοῦτον
3030 1857 3244 1923 σκοπὸν,
3275 1857 3344 1916 ὡς
3374 1855 3595 1910 ἐθνικόν.
3629 1858 3697 1908 Οἱ
3725 1855 3958 1931 ἄρχοντες

615 1940 702 2012 pit
724 1941 886 2012 quasi
919 1958 953 1996 a
991 1941 1270 2010 gentibus
1321 1947 1644 2013 sumptum.
1687 1942 2009 2014 Principes,
2049 1943 2263 2015 inquit,

611 2029 900 2099 gentium,
936 2035 992 2085 et
1015 2028 1122 2100 qui
1165 2031 1365 2099 magni
1389 2036 1526 2086 sunt
1569 2030 1722 2086 inter
1755 2030 1910 2095 illas,
1947 2031 2263 2086 dominan-

612 2125 725 2184 tur,
755 2124 810 2172 et
835 2123 1184 2188 potestatem
1215 2125 1490 2175 exercent
1525 2121 1588 2175 in
1622 2119 1772 2176 alios
1801 2139 1816 2187 ;
1848 2136 1969 2176 non
2028 2119 2112 2176 ita
2162 2136 2267 2176 au-

614 2210 733 2263 tem
757 2207 865 2263 erit
883 2207 1033 2264 inter
1056 2224 1164 2264 vos
1187 2208 1287 2280 qui
1309 2208 1426 2265 mei
1455 2209 1614 2265 estis.
1644 2208 1865 2265 Deinde
1890 2209 2057 2265 docet
2087 2210 2264 2266 etiam

611 2311 728 2368 quo
761 2301 933 2368 pacto
966 2303 1242 2370 oporteat
1279 2313 1492 2369 parare
1537 2298 1884 2370 primatum.
1945 2297 2100 2354 Audi
2123 2313 2264 2369 ergo

611 2385 758 2458 quid
787 2385 967 2442 dicat.

682 2474 845 2531 Vers.
893 2475 981 2531 26.
1036 2476 1157 2533 Sed
1191 2509 1259 2518 —
1289 2492 1438 2532 vers.
1493 2478 1581 2531 27.
1621 2492 1847 2533 servus.
1891 2476 2049 2533 Sicut
2087 2492 2263 2550 supe-

607 2563 734 2621 rius
763 2563 1006 2620 eosdem
1037 2564 1184 2620 dixit
1210 2564 1512 2636 principes
1529 2569 1585 2621 et
1611 2579 1886 2634 magnos,
1918 2565 1996 2621 ita
2021 2572 2078 2622 et
2105 2582 2265 2623 nunc

608 2652 890 2709 eumdem
930 2658 1105 2710 vocat
1159 2668 1451 2721 magnum
1489 2657 1547 2708 et
1588 2653 1869 2724 primum.
1897 2655 2030 2711 Hinc
2063 2661 2264 2712 autem

610 2740 817 2797 omnia
835 2739 909 2795 ad
944 2741 1380 2811 subjectiouem
1401 2741 1566 2808 dixit,
1597 2747 1807 2815 utque:
1826 2743 2076 2814 singulis
2104 2745 2263 2801 utilis

609 2833 716 2885 est.
752 2828 899 2883 Dicit
926 2845 1068 2899 ergo
1101 2849 1114 2888 :
1144 2828 1496 2885 Potestatem
1529 2830 1591 2886 in
1621 2830 1771 2887 alios
1796 2847 2067 2889 exercere
2120 2849 2263 2905 gen-

608 2918 760 2974 tium
792 2925 920 2984 est;
953 2933 1064 2987 ego
1106 2933 1242 2974 vero
1292 2918 1484 2989 legem
1541 2919 1707 2977 vobis
1763 2927 1960 2978 statuo
2012 2923 2266 2994 parandi

609 3004 998 3078 principatus,
1041 3023 1076 3062 a
1110 3007 1493 3065 ministrando
1513 3009 1664 3078 aliis,
1691 3010 1895 3083 eisque
1928 3012 2260 3069 serviendo.

611 3095 722 3160 Qui
753 3094 912 3151 enim
938 3095 1054 3152 hoc
1075 3096 1243 3163 facit,
1271 3097 1436 3154 illum
1462 3115 1572 3173 ego
1591 3115 1881 3171 magnum
1909 3117 1980 3157 ac
2000 3101 2264 3174 primum

2375 1943 2497 2013 γὰρ,
2548 1946 2700 2012 φησι,
2734 1950 2832 1994 τῶν
2872 1941 3048 2008 έθνῶν,
3081 1946 3171 1994 καὶ
3208 1943 3258 1994 οἰ
3287 1942 3502 2014 μεγάλοι
3543 1943 3707 1996 αὐτῶν
3751 1963 3964 1998 κατακυ-

2373 2031 2610 2101 ριεύουσι
2687 2034 2777 2081 καὶ
2846 2030 3321 2092 κατεξουσιάζουσι
3401 2039 3502 2084 τῶν
3572 2031 3759 2088 ἄλλων.
3831 2032 3968 2106 [Ούχ

2375 2118 2509 2170 οὕτω
2557 2119 2670 2190 ('26)
2712 2115 2770 2172 ci":
2809 2122 2956 2172 ἔσται
2994 2118 3044 2171 έν
3088 2119 3230 2192 ύμῖν,
3279 2127 3387 2182 τοῖς
3431 2119 3594 2192 ἐμοῖς.
3647 2118 3778 2176 Εἶτα
3817 2117 3971 2174 διδά-

2377 2225 2490 2260 σκει
2513 2212 2728 2268 καὶπῶς
2756 2213 2867 2280 χρὴ
2893 2209 3121 2261 κτᾶσθαι
3150 2211 3210 2260 τό
3235 2218 3503 2282 πρωτεῖον,
3541 2215 3634 2263 καὶ
3665 2209 3838 2266 ἄκουε.

2444 2455 2578 2508 Ἀλλ’
2626 2488 2695 2497 -
2747 2454 2947 2519 δοῦλος.
3005 2456 3206 2531 Ὠσπερ
3257 2456 3503 2532 ἀνωτέρω,
3558 2457 3818 2528 ἄρχοντας
3871 2463 3961 2510 καῖ

2373 2545 2626 2616 μεγάλους
2676 2549 2796 2608 τούς
2845 2545 3035 2607 αύτούς
3080 2545 3270 2618 ἔλεγεν·
3323 2545 3453 2598 οὕτω
3508 2548 3597 2597 καὶ
3645 2551 3733 2596 νῦν
3795 2548 3956 2616 μέγαν

2373 2640 2464 2688 καὶ
2521 2642 2742 2706 πρῶτον,
2799 2639 2887 2687 τὸν
2963 2634 3140 2690 αὐτόν.
3199 2635 3288 2698 Εἰς
3367 2632 3580 2692 έπηκοον
3645 2629 3704 2686 δε
3758 2634 3960 2686 πάντων

2375 2731 2541 2778 ταῦτα
2591 2743 2770 2796 φησιν,
2827 2727 2897 2786 ὡς
2951 2723 3255 2796 κοινωφελῆ.
3313 2729 3467 2795 Λέγει
3517 2727 3711 2788 τοίνυν,
3771 2721 3851 2775 ὃτι
3893 2725 3965 2776 Τὸ

2373 2817 2464 2887 μὶν
2523 2813 2942 2876 κατεξουσιάζειν
2993 2821 3093 2864 τῶν
3142 2812 3330 2886 ἄλλων]
3388 2811 3586 2866 έθνικόν
3651 2815 3809 2864 ἑστινο
3869 2810 3967 2884 ἐγὼ

2375 2900 2435 2956 δε
2494 2904 2752 2975 νομοθετῶ
2805 2903 2946 2973 ύμῖν,
3005 2904 3234 2956 κτᾶσθαι
3284 2903 3397 2974 (27)
3446 2907 3505 2955 τό
3559 2909 3826 2977 πρωτεῖον,
3869 2900 3968 2955 ἀπὸ

2373 3000 2465 3045 τοῦ
2519 2988 2776 3044 διακονεῖν
2825 2998 2931 3052 τοῖς
2973 2990 3166 3058 ἄλλοις,
3206 2996 3293 3043 καὶ
3332 2987 3598 3045 δουλεύειν
3634 2992 3833 3053 αὐτοῖς.
3873 2996 3968 3046 Τὸν

2371 3085 2474 3156 γὰρ
2520 3089 2673 3134 τούτο
2723 3088 2994 3148 ποιοῦντα,
3042 3088 3224 3134 τοῦτον
3271 3079 3372 3152 έγὼ
3426 3085 3589 3154 μέγαν
3636 3086 3726 3134 καὶ
3771 3090 3970 3157 πρῶτον

610 3183 870 3250 declaro,
905 3190 962 3242 et
985 3185 1082 3242 hic
1103 3185 1267 3260 apud
1285 3204 1382 3244 me
1402 3167 1725 3260 primatum
1757 3167 2023 3247 habebit.
2045 3190 2263 3247 Deinde

2375 3171 2690 3245 ὰναγορεύω,
2747 3174 2838 3222 καὶ
2884 3169 3031 3232 οὗτος
3073 3168 3195 3244 παρ’
3249 3167 3364 3242 έμοῖ
3419 3173 3478 3222 τὸ
3546 3176 3795 3246 πρωτεῖον
3852 3171 3968 3233 ἕξει.

608 3274 874 3346 seipsum
890 3290 1132 3349 quoque
1148 3277 1314 3349 ponit
1328 3277 1388 3334 in
1418 3278 1779 3352 exemplum,
1802 3281 1906 3353 qui
1927 3296 2046 3336 non
2068 3279 2265 3337 solum

608 3362 892 3421 omnibus
919 3365 1229 3432 ministret,
1263 3367 1365 3424 sed
1415 3368 1595 3426 etiam
1652 3385 1757 3440 pro
1804 3369 2091 3426 omnibus
2140 3385 2266 3426 mo-

608 3452 814 3509 riatur.

681 3541 844 3598 Vers.
863 3543 952 3597 28.
971 3544 1133 3601 Sicut
1155 3575 1225 3585 —
1255 3547 1477 3602 multis.
1517 3546 1619 3610 Sit,
1651 3547 1857 3619 inquit,
1891 3547 1990 3604 hic
2010 3547 2263 3604 aliorum

609 3631 881 3689 minister
918 3638 974 3687 et
993 3649 1216 3695 servus,
1247 3634 1772 3705 quemadmodum
1825 3651 1936 3705 ego
1979 3651 2101 3692 non
2137 3635 2268 3692 veni

609 3719 672 3775 in
692 3719 988 3774 mundum
1009 3725 1069 3774 ut
1089 3720 1268 3792 aliqui
1286 3720 1432 3776 mihi
1456 3722 1879 3778 ministrarent.
1905 3724 2267 3796 Quanquam

609 3805 765 3862 enim
789 3821 996 3863 socrus
1024 3807 1175 3863 Petri
1203 3814 1261 3863 et
1289 3808 1514 3866 Martha
1546 3825 1715 3866 soror
1748 3812 1970 3879 Lazari,
2015 3811 2268 3884 aliasque

613 3893 894 3951 mulieres
937 3895 1352 3952 ministrabant
1380 3897 1454 3964 ei,
1509 3914 1631 3954 non
1679 3906 1877 3956 tamen
1915 3901 2086 3973 quasi
2144 3902 2266 3973 ipse

611 3983 830 4039 harum
864 3983 1191 4042 ministeria
1218 4002 1453 4058 cupere.
1489 3991 1612 4043 Non
1650 4005 1792 4059 ergo
1820 3989 1950 4046 veni
2002 3996 2063 4047 ut
2093 3991 2263 4047 mini-

613 4076 827 4128 stretur
851 4072 997 4128 mihi
1053 4073 1132 4129 ab
1171 4075 1487 4147 aliquibus,
1515 4076 1620 4132 sed
1650 4078 1847 4150 potius
1888 4087 1950 4136 ut
1978 4080 2103 4152 ipse
2133 4079 2265 4136 aliis

613 4161 963 4226 ministrem.
985 4180 1204 4221 curans
1235 4181 1306 4221 ac
1330 4182 1554 4223 sanans
1581 4168 1980 4239 quorumdam
2007 4170 2256 4235 animas,

610 4253 1017 4325 quorumdam
1030 4269 1298 4326 corpora,
1317 4256 1728 4328 quorumdam
1743 4264 1800 4314 et
1815 4258 2050 4315 animas
2066 4264 2123 4315 et
2139 4275 2264 4314 cor-

610 4357 781 4414 pora,
808 4343 1095 4416 quodque
1120 4345 1446 4402 ministerio
1463 4362 1534 4402 ac
1565 4347 1804 4404 servitio
1838 4349 2037 4420 majus
2058 4353 2168 4412 est,
2200 4351 2264 4402 ut

610 4433 847 4490 tradam
878 4434 1148 4490 animam
1175 4449 1373 4491 meam
1397 4435 1860 4509 redemptionem
1895 4452 2006 4509 pro
2035 4437 2260 4501 multis,

613 4521 718 4592 qui
756 4522 907 4578 servi
932 4521 1070 4578 tacti
1099 4529 1268 4580 erant
1295 4522 1534 4583 diaboli.

685 4714 899 4772 Multis
919 4722 1120 4774 autem
1141 4718 1461 4777 dicitnunc
1488 4736 1598 4793 pro
1636 4719 1940 4777 omnibus.
1972 4723 2264 4794 Frequen-

614 4807 703 4860 ter
741 4804 904 4862 enim
936 4805 1234 4879 Scriptura
1252 4811 1472 4865 multos
1489 4809 1628 4865 dicit
1657 4825 1768 4881 pro
1809 4809 2118 4868 omnibus.
2157 4813 2265 4869 Ita-

613 4908 732 4965 que
761 4909 872 4965 pro
895 4895 1179 4953 omnibus
1208 4897 1451 4954 tradidit
1489 4897 1750 4953 animam
1790 4914 1988 4971 suam,
2031 4915 2267 4957 omnes-

612 4998 731 5056 que
757 4984 1025 5056 redemit,
1052 5001 1408 5059 quanquam
1425 4985 1596 5042 multi
1625 5002 1738 5044 sua
1759 4995 1973 5060 sponte
1997 4991 2057 5046 in
2091 4991 2266 5047 servi-

613 5077 738 5130 tute
767 5081 1203 5133 remanserunt.

2373 3259 2591 3313 Ἔπειτα
2644 3264 2733 3311 καὶ
2787 3255 3128 3333 παράδειγμα
3179 3260 3388 3318 τίθησιν
3443 3258 3646 3325 ἑαυτὸν,
3703 3259 3763 3313 ού
3823 3264 3973 3332 μόνον

2376 3345 2720 3402 διακονοῦντα
2806 3353 2990 3416 πᾶσιν,
3068 3346 3196 3400 ἀλλὰ
3277 3352 3367 3402 καὶ
3445 3349 3975 3422 ύπεραποθνήσκοντα

2373 3440 2595 3491 πάντων.

2444 3543 2643 3618 Ὀσπερ
2707 3574 2778 3585 —
2849 3542 3067 3598 πολλῶν.
3143 3542 3335 3611 Ἔστω,
3395 3547 3574 3614 φησιν,
3661 3539 3810 3603 οὗτος
3879 3552 3977 3598 τῶν

2376 3632 2540 3685 ἄλλων
2591 3629 2829 3694 διάκονος
2875 3638 2966 3686 καὶ
3019 3629 3217 3696 δοῦλος,
3270 3633 3324 3682 ὃν
3371 3634 3560 3702 τρόπον
3614 3628 3712 3699 έγὼ
3748 3630 3844 3681 ούκ
3887 3630 3975 3690 ἧλ-

2379 3725 2468 3776 θον
2514 3722 2586 3784 εἰς
2622 3726 2710 3775 τὸν
2755 3728 2971 3795 κόσμον,
3019 3723 3100 3772 ῖνα
3147 3715 3512 3775 διακονήσωσί
3563 3721 3655 3789 μοί
3693 3735 3851 3779 τινες.
3907 3721 3971 3772 Εἰ

2374 3814 2476 3885 γὰρ
2514 3817 2605 3865 καὶ
2654 3813 2684 3870 ἠ
2725 3813 2943 3886 πενθερὰ
2978 3816 3067 3861 τοῦ
3099 3810 3314 3882 Πέτρου,
3364 3810 3456 3860 καὶ
3483 3806 3692 3880 Μάρθα,
3733 3806 3764 3864 ἠ
3816 3803 3970 3860 ἁδελ-

2376 3906 2443 3974 ?!)
2523 3908 2615 3953 τοῦ
2688 3902 2956 3974 Λαζάρου,
3031 3902 3121 3950 καὶ
3185 3894 3336 3949 ἄλλαι
3395 3902 3634 3968 γυναῖκες
3691 3890 3972 3953 διηκόνουν

2375 3991 2534 4062 αύτῷ,
2581 3989 2686 4042 ἀλλ’
2728 3989 2834 4061 ούχ
2882 3991 2952 4051 ὡς
2998 3988 3259 4063 χρῄζοντι
3305 3995 3396 4047 τῆς
3443 3988 3633 4038 τούτων
3677 3981 3972 4050 διακονίας.

2375 4079 2486 4133 Ούκ
2514 4076 2668 4138 ἦλθον
2693 4075 2800 4149 οὖν,
2831 4082 3014 4150 φησιν,
3045 4077 3131 4130 ῖνα
3159 4073 3194 4130 δ
3198 4077 3455 4134 ιακονηθῶ
3484 4074 3594 4147 (28)
3625 4077 3772 4148 παρὰ
3801 4095 3974 4144 τινων,

2374 4167 2480 4221 ἀλλ’
2529 4170 2612 4221 ἶνα
2648 4167 2836 4232 μᾶλλον
2882 4167 3038 4229 αὐτὸς
3088 4163 3123 4219 δ
3129 4171 3390 4224 ιακονὴσω
3418 4171 3528 4227 τοῖς
3565 4163 3761 4230 ἅλλοίς,
3796 4164 3976 4240 ἐπιμε-

2371 4257 2580 4331 λόμενος
2630 4262 2721 4310 καὶ
2769 4258 3080 4331 θεραπεύων,
3131 4263 3232 4308 τῶν
3405 4255 3500 4314 τὰς
3544 4251 3751 4325 ψυχὰς,
3787 4263 3889 4308 τῶν
3921 4253 3979 4310 δε

2372 4351 2436 4400 τὰ
2483 4352 2720 4420 σώματα,
2762 4353 2864 4398 τῶν
2905 4341 2965 4398 δι
3007 4350 3099 4398 καὶ
3140 4345 3232 4405 τὰς
3265 4342 3454 4414 ψυχὰς
3485 4347 3576 4394 καὶ
3621 4346 3693 4395 τὰ
3735 4351 3980 4419 σώματα,

2371 4441 2462 4489 καὶ
2532 4440 2591 4490 τὸ
2657 4439 2834 4509 μεῖζον
2897 4442 2992 4496 τῆς
3056 4431 3329 4493 διακονίας
3401 4436 3491 4483 καὶ
3569 4426 3833 4502 δουλείας,
3902 4437 3982 4488 ἶνα

2292 4536 2339 4593 D
2374 4522 2532 4580 δώσω
2561 4530 2654 4584 τὴν
2696 4524 2884 4596 ψυχήν
2934 4541 3034 4595 μου
3085 4521 3266 4594 λύτρον
3312 4517 3424 4572 ἀντὶ
3452 4518 3676 4586 πολλῶν,
3722 4519 3981 4578 δεδουλω-

2373 4618 2532 4688 μένων
2559 4622 2631 4685 τῷ
2659 4610 2693 4666 δ
2699 4611 2906 4685 ιαϐόλῳ.

2446 4721 2675 4783 Πολλούς
2718 4717 2778 4773 δι
2827 4726 2916 4771 νῦν
2963 4720 3079 4778 τοὺς
3124 4717 3324 4776 πάντας
3361 4713 3520 4786 λέγει.
3574 4714 3843 4783 Πολλάκις
3881 4723 3978 4794 γὰρ

2373 4814 2404 4870 ἡ
2461 4815 2635 4885 Γραφὴ
2691 4808 2911 4870 πολλοὺς
2959 4811 3081 4869 τοὺς
3143 4806 3338 4865 πάντας
3395 4807 3575 4875 φησὶν.
3658 4806 3812 4882 ’Υπὲρ
3861 4811 3981 4863 πάν-

2372 4920 2473 4954 των
2523 4902 2625 4974 γὰρ
2675 4896 2836 4953 ἔδωκε
2885 4901 2980 4955 τὴν
3030 4895 3217 4967 ψυχὴν
3265 4891 3428 4945 αύτόῠ
3477 4895 3567 4944 καὶ
3620 4898 3826 4961 πάντας
3870 4898 3981 4951 ἐλυ-

2374 4996 2635 5064 τρώσατο,
2685 4988 2729 5042 εἰ
2770 4992 2860 5040 καὶ
2908 4984 3086 5040 πολλοὶ
3138 4981 3365 5044 θέλοντες
3413 4979 3668 5054 ἐνέμειναν
3721 4995 3786 5060 τῇ
3849 4984 3980 5041 δον..

2375 5079 2504 5135 λεία.

1860 5265 2086 5334 Varia:
2104 5265 2434 5336 lectiones
2464 5274 2768 5335 etnotae.

710 5506 800 5571 24)
833 5513 1035 5571 Είτουν,
1063 5507 1108 5557 Α
1119 5544 1132 5556 .

711 5571 802 5644 '25)
827 5581 943 5638 Kui,
981 5591 1090 5644 pro
1123 5571 1183 5628 δέ
1201 5576 1268 5630 Α.
1300 5576 1486 5644 Forte,
1530 5577 1612 5630 ὅτε
1638 5573 1698 5630 δε
1726 5582 1841 5634 καὶ.

709 5436 800 5506 23)
829 5433 979 5502 Γούν,
1012 5448 1123 5506 pro
1152 5428 1316 5498 δὀῦν,
1347 5441 1418 5486 A.

710 5506 778 5561 24
833 5513 1035 5571 Είτουν,
1063 5507 1132 5557 Α.

685 5435 802 5647 ζίὶῦ)
827 5581 943 5638 Καὶ,
981 5591 1090 5647 pro
1123 5571 1183 5628 δέ
1201 5576 1268 5630 Α.
1300 5576 1418 5632 Ἐοιη

684 5646 799 5718 (⁷26)
826 5648 968 5712 Quae
983 5646 1094 5704 hic
1120 5647 1482 5718 inclusimus,
1515 5664 1586 5707 ea
1622 5665 1696 5705 ex
1726 5649 1860 5706 cod.
1910 5650 1979 5705 Α.
2033 5648 2268 5707 excide-

2375 5439 2513 5493 runt
2551 5432 2778 5500 omnia,
2810 5431 2987 5504 culpa
3021 5429 3252 5497 scribae,
3289 5428 3390 5502 qui
3428 5426 3555 5484 istis
3593 5431 3841 5490 omissis
3877 5446 3981 5490 no-

2376 5523 2521 5564 vum
2549 5504 2757 5562 folium
2788 5502 3030 5576 incepit.

2449 5577 2561 5648 (27)
2604 5579 2770 5642 Κατὰ,
2810 5574 2942 5648 prd
2958 5574 3211 5648 κτᾶσθαι,

2450 5583 2535 5640 (27
2604 5579 2770 5642 Κατὰ,
2810 5591 2921 5648 pro
2958 5577 3211 5638 κτᾶσθαι,
3239 5577 3306 5627 Α.

2450 5577 2566 5722 (28)
2598 5648 2835 5706 Omisso
2867 5648 2945 5699 ἶνκ
2983 5645 3201 5716 legitur
3229 5639 3630 5715 διακονηθῆναι,
3663 5649 3728 5703 Α,
