4198 6450
214 377 331 438 545

1215 375 1589 436 COMMENT.
1636 367 1706 431 IN
1747 365 2194 432 MATTHIEUM.
2234 407 2304 420 —
2341 377 2501 434 CAP.
2542 377 2665 432 XX.

3515 373 3621 439 546

297 508 419 559 Τίνι
459 499 522 555 δε
572 505 671 560 τὴν
699 500 893 572 ψυχὴν
924 499 1086 552 αύτοῦ
1118 497 1318 566 ἔδωκες
1351 507 1435 571 Τῷ
1468 505 1654 576 Πατρί.
1689 500 1856 572 Ἐφώ-

2035 500 2303 565 Quodam
2325 501 2504 556 etiam
2531 501 2712 557 modo
2735 501 3000 558 animam
3033 519 3206 560 suam
3240 505 3479 562 tradidit
3510 507 3622 564 Pa-

223 613 354 654 νησε
400 595 502 665 γὰρ
554 588 929 648 ἀποθνήσκων·
977 590 1170 661 Πάτερ,
1217 589 1288 650 εἰς
1326 591 1514 664 χεῖράς
1555 609 1649 642 σου
1689 609 1854 663 παρα-

226 687 420 756 τίθημι
445 685 506 735 τὸ
533 679 739 751 πνεῦμά
769 698 872 751 μου
905 677 1044 749 ('29).
1082 682 1183 730 Καὶ
1205 682 1329 749 μὴν,
1363 678 1468 749 οὐχ
1499 679 1597 730 ὑπό
1630 685 1720 730 τοῦ
1749 684 1853 729 Πα-

229 778 370 848 τρός,
412 769 520 822 ἀλλ’
552 771 656 821 ύπό
685 773 780 820 τοῦ
831 763 1084 819 διαϐόλου
1115 768 1492 838 κατειχόμεθα.
1547 771 1642 820 Καὶ
1689 785 1854 838 προσ-

235 866 403 917 εκτέον
451 867 513 932 τῇ
555 857 706 910 λύσει
751 864 850 918 τῆς
879 853 1121 928 ἀπορίας.
1175 861 1283 907 Πᾶν
1325 855 1507 928 λύτρον
1565 855 1692 907 αύτό
1741 857 1851 926 μεν,

239 954 337 1005 ὑπὸ
414 951 512 1006 τήν
581 945 829 1009 ἐξουσίαν
903 948 1084 996 πίπτει

242 1045 355 1102 τούς
402 1038 790 1108 κατεχομένους
843 1030 902 1085 δε
945 1032 1227 1107 λυτροῦται
1279 1041 1372 1094 τῆς
1419 1031 1611 1084 ἐκείνου
1650 1036 1851 1106 χειρός·

244 1135 301 1183 τό
351 1125 409 1182 δὶ
465 1128 613 1201 παρὰ
665 1129 760 1176 τοῦ
806 1129 1040 1198 Χριστοῦ
1097 1118 1248 1174 δοθὲν
1298 1121 1502 1195 λύτρον,
1553 1124 1622 1183 ὡς
1667 1124 1856 1181 παντὸς

244 1220 428 1294 λύτρου
538 1211 892 1288 διαφερόντως
992 1212 1432 1284 ύπερφυέστερον,
1527 1209 1854 1282 ἐλυτρὼσατο

243 1312 329 1382 μὲν
395 1309 517 1366 τούς
564 1305 971 1373 κατεχομένους·
1025 1299 1153 1351 αὐτὸ
1213 1295 1272 1352 δε
1315 1300 1415 1351 ύπό
1466 1303 1559 1358 τὴν
1617 1298 1854 1362 ἐξουσίαν

245 1405 332 1450 τοῦ
384 1398 700 1464 κατέχοντος
765 1389 953 1450 αύτούς
1023 1387 1118 1440 οὐκ
1182 1390 1349 1457 ἔπεσε,
1415 1393 1487 1460 μὴ
1547 1383 1856 1448 δυνηθέντος

243 1484 410 1538 λαϐεῖν
440 1483 590 1536 αύτό.
643 1476 848 1534 Δέδωκε
892 1474 953 1530 δε
989 1485 1064 1548 τῷ
1110 1483 1277 1552 Πατρὶ
1306 1479 1518 1536 ταύτην,
1560 1479 1624 1537 ὡς
1670 1475 1856 1548 ψυχὴν

244 1583 330 1629 τοῦ
354 1575 481 1628 Υἰοῦ
524 1569 707 1624 αὐτοῦ.
742 1570 832 1620 Διό
861 1571 970 1637 καὶ,
1002 1568 1074 1626 ὡς
1104 1562 1212 1624 ἤδη
1243 1573 1335 1617 τοῦ
1363 1564 1550 1638 λύτρου
1597 1562 1852 1633 δοθέντος,

249 1665 288 1718 εἰ
339 1668 432 1716 καὶ
497 1665 570 1734 μή
629 1665 784 1712 τοῦτο
832 1654 1006 1708 λαϐεῖν
1061 1658 1287 1726 ἴσχυσεν
1341 1656 1366 1706 6
1423 1658 1684 1727 τύραννος,
1741 1654 1852 1706 ἐλυ-

248 1755 525 1827 τρώθησαν
573 1748 623 1801 οἰ
664 1749 1030 1817 κατεχόμενοι.
1081 1749 1176 1796 Βαὶ
1218 1751 1324 1804 πῶς
1353 1739 1515 1796 ἔδωκε
1545 1747 1638 1802 την
1667 1742 1852 1814 ψυχὴν

251 1842 408 1894 αύτοῡ
463 1840 650 1911 λύτρον
714 1834 831 1886 ἀντὶ
899 1832 1134 1900 πολλῶν;
1186 1831 1275 1894 Ὠς
1335 1831 1583 1894 ἑκουσίως
1641 1829 1855 1893 ἐπιδούς

257 1931 435 1983 ἑαυτὸν
483 1927 556 1988 εἰς
611 1927 826 1979 θάνατον
871 1923 998 1996 ὑπὲρ
1046 1929 1136 1982 τῆς
1175 1919 1458 1994 ἐλευθερίας
1514 1930 1613 1972 τῶν
1663 1920 1855 1994 ἀνθρὼ-

264 2039 391 2070 πων.
478 2015 766 2068 Ἀποθανὼν
848 2013 951 2085 γὰρ
1041 2010 1272 2063 καθεῖλεν
1377 2010 1679 2084 εύαφόρμως
1769 2013 1854 2061 τόν

274 2109 544 2178 τύραννον,
610 2104 674 2162 ὣς
752 2099 992 2153 ἀνελόντα
1063 2103 1152 2151 τόν
1233 2096 1616 2172 ἀναμάρτητον.
1699 2097 1858 2171 Ἀμα-

279 2199 430 2268 ρτίας
484 2192 586 2264 γὰρ
638 2189 763 2242 ἐστιν
802 2189 1060 2262 ἐπιτίμιον
1121 2189 1148 2240 6
1211 2189 1444 2248 θάνατος·
1511 2191 1667 2260 μόνος
1719 2183 1778 2240 δε
1829 2188 1856 2240 6

280 2282 519 2354 Χριστὸς
542 2279 772 2351 ἁμαρτίαν
792 2277 885 2330 ούκ
915 2276 1158 2336 ἐποίησε,

1153 951 1246 996 τοῦ
1320 948 1632 1015 κατέχοντός
1688 959 1850 1004 τινας·

326 2551 439 2620 Χρὴ
481 2542 543 2598 δὲ
570 2550 863 2618 γινώσκειν,
910 2545 990 2597 ὅτι
1019 2543 1124 2615 οὐχ
1155 2545 1184 2602 ἠ
1221 2542 1376 2615 ψυχὴ
1414 2547 1566 2616 μόνον
1596 2553 1688 2598 τοῦ
1721 2553 1858 2620 Χρι-

251 2644 378 2690 στοῦ
424 2635 664 2687 καλεῖται
697 2633 882 2708 λύτρον
913 2635 1080 2705 ἡμῶν,
1123 2631 1254 2684 ἀλλὰ
1289 2635 1466 2685 καὶτὸ
1505 2629 1636 2706 αἷμα
1675 2634 1856 2704 αὐτοῦ,

246 2731 334 2778 καί
384 2724 593 2791 λοιπὸν,
652 2722 688 2774 οἳ
731 2730 820 2773 νῦν
862 2727 980 2796 περὶ
1022 2729 1118 2783 τῆς
1165 2721 1348 2793 ψυχῆς
1387 2721 1548 2774 αὐτοῦ
1605 2725 1852 2797 εἴρηνται,

249 2822 416 2867 ταῦτα
453 2819 547 2866 καὶ
590 2817 708 2886 περὶ
745 2819 836 2863 τοῦ
866 2812 1085 2883 αἳματος
1115 2811 1276 2862 αύτού
1315 2810 1570 2882 λέγονται.

558 2904 711 2958 ΚΕΦ.
752 2900 880 2954 ΜΔ’.
916 2904 1039 2974 Περὶ
1064 2909 1163 2951 τῶν
1195 2897 1291 2952 δύο
1320 2899 1542 2972 τυφλῶν.

324 2997 424 3047 Καὶ
489 3022 558 3033 —
608 2986 802 3046 Δαυίδ.
877 2992 953 3042 Τὰ
1010 2988 1358 3062 παραπλήσια
1416 2993 1709 3064 γέγραπται
1769 2995 1860 3044 καὶ

253 3089 370 3155 περὶ
447 3090 550 3134 τῶν
628 3079 677 3132 ἐν
749 3086 822 3149 τῷ
893 3074 1320 3150 ἑπτακαιδεκάτῳ
1397 3077 1657 3151 κεφαλαίῳ
1761 3076 1860 3133 δύο

1966 589 2032 642 tri
2065 590 2204 660 (qq).
2225 590 2762 645 Exclamavitenim
2782 591 3040 646 moriens
3065 609 3081 645 :
3098 593 3294 662 Pater,
3318 594 3382 648 in
3406 611 3619 652 manus

1965 681 2096 732 tuas
2150 678 2482 734 commendo
2526 679 2791 746 spiritum
2816 696 3004 736 meum
3054 682 3120 734 ⁸⁸.
3164 683 3339 754 Atqui
3404 700 3522 739 non
3583 701 3620 740 a

1967 769 2152 829 Patre,
2183 766 2288 822 sed
2319 783 2356 822 a
2411 767 2655 822 diabolo
2708 768 3144 825 detinebamur.
3176 771 3614 828 Advertendum

1965 860 2163 910 autem
2197 855 2275 911 ad
2301 855 2658 911 difﬁcultatis
2687 857 3062 923 solutionem,
3111 875 3354 917 omnem
3401 861 3620 918 redem-

1966 943 2245 1015 ptionem,
2289 945 2411 999 sive
2468 947 2721 1017 pretium
2765 944 3129 1002 liberationis
3159 948 3219 1003 in
3267 950 3396 1006 aliis
3447 951 3620 1007 sitam

1966 1046 2114 1097 esse,
2149 1038 2252 1087 aut
2277 1033 2478 1088 venire
2499 1034 2558 1088 in
2590 1038 2939 1104 potestatem
2966 1036 3096 1108 ejus
3120 1038 3221 1109 qui
3243 1038 3479 1110 aliquos
3511 1046 3622 1095 ret-

1965 1127 2081 1193 net,
2116 1137 2335 1193 eosque
2365 1123 2464 1195 qui
2494 1123 2830 1179 detinentur
2863 1141 2969 1196 per
2995 1125 3146 1181 illius
3175 1139 3431 1184 'manum
3481 1129 3622 1186 libe-

1964 1211 2106 1267 rari.
2139 1211 2393 1267 Pretium
2420 1228 2558 1267 vero
2584 1213 2747 1284 quod
2787 1229 2824 1269 a
2865 1213 3093 1270 Christo
3123 1215 3329 1272 datum
3374 1224 3478 1283 est,
3536 1224 3622 1274 ut-

1965 1307 2102 1374 pote
2125 1299 2417 1356 diﬁ‘erenti
2453 1301 2636 1357 modo
2661 1306 2716 1356 et
2737 1303 2903 1358 omni
2925 1303 3040 1359 alio
3068 1306 3258 1376 pretio
3271 1313 3625 1378 supernatu-

1964 1389 2164 1454 ralius,
2188 1388 2462 1445 liberavit
2491 1405 2634 1446 sane
2665 1405 2767 1446 eos
2803 1392 2905 1462 qui
2937 1393 3358 1450 detinebantur
3385 1413 3399 1449 :
3427 1396 3621 1469 ipsum

1968 1493 2106 1534 vero
2137 1494 2256 1534 non
2281 1479 2440 1534 venit
2469 1479 2529 1534 in
2562 1485 2908 1550 potestatem
2939 1482 3068 1553 ejus
3089 1483 3187 1555 qui
3230 1483 3362 1540 illos
3410 1487 3625 1544 retine-

1967 1566 2088 1637 bat,
2116 1583 2254 1622 cum
2281 1567 2428 1623 illud
2468 1583 2583 1622 non
2616 1574 2820 1639 posset
2857 1571 3145 1643 accipere.
3201 1573 3358 1629 Patri
3417 1584 3619 1634 autem

1964 1656 2120 1712 hanc
2149 1656 2412 1723 tradidit,
2466 1661 2757 1729 tanquam
2807 1660 3064 1715 animam
3107 1659 3232 1716 Filii
3289 1663 3422 1729 sui;
3485 1665 3621 1721 ideo

1962 1746 2138 1801 etiam
2170 1746 2337 1818 quasi
2367 1745 2508 1801 dato
2523 1746 2652 1816 jam
2675 1748 2882 1818 pretio,
2908 1764 3256 1821 quanquam
3283 1767 3399 1808 non
3413 1758 3625 1824 potue-

1896 1851 1932 1903 Β
1963 1836 2034 1890 rit
2057 1835 2201 1890 illud
2225 1840 2545 1907 tryrannus
2571 1836 3104 1906 accipere,liberati
3131 1841 3377 1912 suntqui
3399 1841 3623 1897 detine-

1965 1925 2200 1979 bantur.
2226 1925 2288 1978 Et
2306 1923 2615 1996 quomodo
2644 1924 2882 1980 tradidit
2902 1927 3167 1983 animam
3183 1945 3354 1984 suam
3380 1929 3612 1986 redem-

1967 2013 2233 2084 ptionem
2263 2029 2372 2085 pro
2407 2011 2601 2068 multis
2631 2009 2660 2065 7
2691 2013 2841 2078 Quia
2881 2014 3208 2072 voluntarie
3263 2016 3526 2090 seipsum
3562 2019 3624 2074 in

1965 2106 2216 2156 mortem
2248 2100 2462 2158 obtulit
2491 2117 2600 2174 pro
2633 2103 2902 2160 libertate
2955 2104 3270 2161 hominum
3303 2121 3318 2172 ;
3362 2107 3622 2164 moriens

1965 2190 2144 2255 enim,
2180 2194 2320 2262 apta
2339 2193 2657 2250 occasione
2678 2198 2999 2266 tyrannum
3027 2193 3305 2266 perdidit,
3337 2199 3623 2268 tanquam

1965 2278 2339 2335 occidentem
2378 2279 2543 2336 illum
2577 2283 2680 2354 qui
2714 2287 2960 2354 peccato
2985 2282 3244 2338 carebat.
3306 2283 3530 2340 Peccati
3552 2285 3625 2340 si-

1965 2367 2212 2441 quidem
2247 2368 2434 2425 multa
2461 2375 2549 2426 est
2601 2387 2811 2437 mors;
2872 2370 3037 2426 solus
3101 2376 3301 2427 autem
3363 2373 3624 2429 Christus

1966 2464 2280 2531 peccatum
2317 2476 2439 2517 non
2471 2462 2626 2519 fecit.

2040 2547 2196 2604 Scire
2213 2553 2413 2604 autem
2432 2554 2684 2621 oportet.
2732 2551 2896 2623 quod
2913 2567 3032 2605 non
3051 2550 3175 2606 sola
3189 2551 3402 2607 Christi
3420 2552 3626 2608 anima

1964 2641 2209 2693 vocatur
2232 2635 2562 2711 redemptio
2587 2645 2807 2705 nostra,
2838 2655 3043 2695 verum
3069 2641 3248 2696 etiam
3275 2642 3521 2711 sanguis
3540 2643 3629 2715 ip-

1967 2727 2112 2782 sius.
2154 2728 2358 2799 ltaque
2388 2743 2524 2800 quin
2547 2744 2701 2784 nunc
2730 2729 2804 2783 de
2837 2729 3041 2784 anima
3071 2730 3204 2799 ejus
3254 2730 3414 2786 dicta
3468 2737 3623 2798 sunt,

1966 2816 2040 2871 de
2069 2817 2359 2885 sanguine
2384 2833 2626 2889 quoque
2666 2817 2797 2888 ejus
2823 2817 3119 2873 dicuntur.

2305 2906 2460 2962 CAP.
2504 2907 2686 2964 XLIV.
2716 2909 2801 2963 De
2841 2907 3068 2962 duobus
3094 2911 3277 2965 cacis.

2041 2997 2195 3050 Vers.
2222 2996 2312 3051 29.
2347 2996 2422 3050 Et
2466 3026 2536 3038 —
2567 2998 2723 3052 Vers.
2756 2997 2844 3052 30.
2881 2996 3091 3052 David.
3127 2998 3360 3054 Similia
3389 3014 3628 3071 quoque

1969 3085 2186 3156 scripta
2203 3091 2342 3141 sunt
2360 3084 2596 3141 decimo
2619 3087 2874 3157 septimo
2895 3087 3123 3158 capite;
3154 3087 3237 3143 ibi
3263 3103 3403 3157 ergo
3430 3104 3630 3160 quaere

253 3171 478 3244 τυφλῶν,
537 3174 630 3222 καὶ
669 3169 902 3230 ζήτησον
953 3166 1004 3220 ἐν
1047 3165 1220 3239 ἐκείνῳ
1262 3171 1356 3225 τὴν
1406 3167 1659 3239 ἐξήγησιν
1709 3167 1858 3241 ἀκρι-

1982 3173 2409 3230 enarrationem
2439 3173 2665 3244 integre
2703 3174 3128 3245 conscriptam.

257 3260 357 3323 ϐὡς
397 3259 886 3333 ἀναγεγραμμένην.

323 3351 382 3402 Ὀ
447 3348 510 3402 δὲ
566 3347 724 3420 ὄχλος
778 3377 847 3387 -
905 3351 1274 3405 σιωπήσωσιν,
1344 3345 1714 3418 Ἐπεστόμισεν
1769 3347 1858 3399 αύ-

255 3444 392 3505 τούς,
438 3437 514 3500 εἱς
561 3441 720 3510 τιμὴν
777 3442 867 3488 τοῦ
907 3433 1106 3502 Ἰησοῦ,
1166 3437 1235 3496 ὡς
1292 3433 1630 3506 ἐνοχλοῦντας
1683 3435 1860 3490 αὐτὸν.

326 3621 394 3672 Οἱ
449 3648 522 3659 -
570 3613 764 3670 Δαυίδ.
818 3614 955 3688 Ὀρα
1000 3619 1297 3690 καρτερίαν.
1349 3617 1571 3676 Τούτους
1622 3619 1864 3688 μιμησώο

254 3711 389 3780 μεθα
457 3710 550 3758 καὶ
607 3708 772 3778 ἡμεῖς,
839 3707 888 3756 οὶ
951 3707 1313 3777 πεπηρωμένοι
1389 3706 1506 3764 τοὺς
1572 3703 1864 3776 ὀφθαλμούς

260 3806 350 3858 τῆς
373 3795 586 3867 ψυχῆς,
617 3798 706 3846 καὶ
735 3791 1000 3866 κράξωμεν
1031 3795 1163 3866 πρὸς
1197 3791 1356 3844 αὐτὸν
1389 3791 1441 3854 ἐξ
1469 3791 1595 3854 ὅλης
1623 3789 1864 3864 καρδίας,

260 3888 354 3938 κᾶν
404 3886 509 3936 ὑπὸ
557 3892 707 3934 τίνων
747 3877 1171 3953 ἐμποδισθὼμεν,
1225 3878 1552 3952 ἐπιτείνωμεν
1598 3884 1692 3938 τὴν
1746 3876 1865 3938 din-

263 3995 365 4041 σιν,
418 3977 513 4026 καὶ
540 3975 612 4044 μὴ
662 3969 987 4043 ἀποστώμεν,
1023 3974 1114 4022 καὶ
1140 3971 1346 4030 πάντως
1387 3968 1659 4042 κάμψομεν
1689 3969 1864 4036 αὐτόν,

258 4067 326 4126 ὡς
354 4067 450 4115 καὶ
489 4061 654 4117 οὗτοι.

336 4157 442 4206 Καὶ
498 4181 564 4192 -
611 4151 756 4222 ἡμῶν
804 4151 854 4202 οἱ
898 4147 1176 4221 ὀφθαλμοί.
1236 4147 1545 4220 Ἐφὼνησεν,
1585 4147 1698 4219 (30)
1754 4145 1870 4200 ἀντὶ

264 4250 378 4310 τοῦ,
431 4239 688 4293 ἐκάλεσεν.
742 4243 842 4292 Καὶ
885 4243 1022 4300 τίνος
1069 4240 1227 4291 ἕνεκεν
1273 4235 1440 4312 ἐρωτᾷ
1468 4239 1730 4310 τούτομς;
1759 4235 1872 4290 Ἵνα

269 4337 337 4403 μή
389 4333 580 4403 νομίσῃ
630 4348 730 4393 τις,
783 4329 864 4380 ὅτι
925 4327 1056 4380 ἄλλα
1110 4325 1440 4400 βουλομένοις
1489 4325 1682 4392 mea»,
1743 4325 1872 4380 ἄλλα

278 4415 487 4475 δίδωσι.
526 4422 626 4472 Καὶ
669 4425 773 4477 πῶς
803 4416 898 4469 ούκ
937 4415 1207 4489 ἀπῄτησεν
1251 4415 1448 4477 αύτούς
1474 4420 1698 4484 πίστιν;
1731 4419 1872 4468 Διότι

277 4512 495 4570 πίστεως
536 4503 804 4570 ἀπόδειξις
851 4502 911 4565 ἦν
959 4508 988 4566 ἠ
1031 4509 1261 4580 κραυγὴ,
1303 4510 1392 4558 καὶ
1433 4508 1492 4558 τὸ
1531 4509 1602 4578 μὴ
1641 4503 1872 4564 ἀποστῆ-

275 4619 356 4652 ναι
388 4599 872 4670 έπιστομισθέντας.

343 4687 761 4759 Σπλαγχνισθιὶς
830 4716 901 4727 -
980 4684 1148 4758 αύτῷ.
1223 4684 1302 4739 Ού
1359 4688 1658 4760 καρτερικοὶ
1721 4687 1876 4757 μόνον

279 4773 431 4846 ἦσαν,
463 4775 591 4828 ἀλλά
630 4780 719 4828 καὶ
760 4774 1087 4848 εὐγνώμονες.
1127 4773 1519 4833 Ἠκολούθησαν
1560 4777 1663 4849 γὰρ
1711 4773 1874 4845 αύτῷ,

275 4871 368 4925 τὴν
398 4866 694 4939 εὐεργεσίαν
725 4862 1074 4938 ἀμειϐόμενοι.

345 4959 483 5010 Φασὶ
537 4951 597 5008 δέ
639 4973 791 5022 τινες,
843 4953 930 5008 ἕνα
973 4961 1075 5008 τῶν
1121 4949 1220 5007 δύο
1265 4955 1460 5006 τούτων
1512 4951 1735 5026 τυφλῶν,
1787 4955 1876 5006 τόν

351 5137 398 5171 ⁵³
427 5136 560 5193 Luc.
596 5149 756 5204 mn,
780 5134 873 5203 46,

2045 3350 2208 3406 Vers.
2237 3355 2324 3408 31.
2360 3351 2557 3406 Turba
2597 3356 2786 3406 autem
2811 3381 2883 3391 -
2929 3354 3208 3406 tacerent.
3270 3351 3632 3422 Imponebat

1971 3440 2084 3497 illis
2125 3438 2424 3495 silentium
2454 3439 2514 3493 in
2542 3437 2834 3494 honorem
2860 3440 3217 3510 Jesu,quem
3250 3438 3330 3494 illi
3350 3440 3626 3516 molestia

1977 3527 2344 3584 amciebant.

2044 3617 2210 3672 Vers.
2238 3621 2324 3673 31.
2357 3616 2462 3672 Illi
2500 3648 2568 3656 —
2621 3616 2838 3674 David.
2901 3615 3048 3673 Vide
3099 3617 3628 3690 perseverantiam.

1976 3707 2092 3763 Hos
2116 3707 2418 3762 imitemur
2439 3711 2499 3762 et
2525 3721 2660 3771 nos,
2703 3705 2810 3779 qui
2841 3705 3060 3762 animae
3109 3706 3298 3763 oculis
3357 3707 3633 3763 excmcati

1975 3811 2208 3863 sumus,
2242 3801 2298 3851 et
2327 3794 2659 3851 clamemus
2706 3795 2780 3850 ad
2811 3810 2950 3850 eum
2976 3811 3048 3852 ex
3074 3799 3198 3852 toto
3238 3795 3438 3852 corde.
3468 3795 3635 3861 Quod

1977 3885 2027 3941 si
2078 3885 2157 3941 ab
2209 3883 2508 3958 aliquibus
2567 3884 2838 3957 impediti
2894 3884 3206 3951 fuerimus,
3258 3885 3635 3942 intentiorem

1975 3973 2304 4029 reddamus
2334 3973 2836 4045 deprecationem,
2869 3989 2980 4030 nec
3007 3973 3463 4038 desistamus,et
3496 3989 3635 4029 eum

1977 4062 2226 4118 omnino
2249 4060 2565 4117 ﬂectamus
2597 4061 2751 4116 sicut
2778 4066 2836 4116 et
2853 4061 2970 4116 isti.

2050 4149 2214 4206 Vers.
2252 4153 2343 4204 32.
2372 4149 2451 4204 Et
2480 4179 2549 4188 —
2578 4148 2740 4204 Vers.
2784 4149 2872 4204 33.
2901 4151 3064 4206 oculi
3087 4150 3296 4205 nostri.
3329 4152 3521 4215 Quare
3553 4149 3637 4204 in-

1979 4235 2302 4308 terrogavit.
2325 4236 2456 4292 illos
2471 4235 2499 4291 ?
2524 4239 2605 4292 Ne
2632 4237 3181 4309 putaretquispiam
3198 4237 3366 4306 quod
3394 4237 3513 4293 alia
3533 4253 3636 4292 vo-

1979 4326 2240 4384 lentibus
2265 4325 2556 4396 accipere,
2609 4326 2737 4397 ipse
2775 4325 2942 4382 daret
2972 4325 3108 4381 alia.
3141 4327 3206 4380 Et
3233 4340 3340 4380 cur
3395 4340 3517 4381 non
3547 4341 3634 4382 re-

1981 4415 2221 4489 quisivit
2241 4413 2320 4470 ab
2349 4413 2434 4470 eis
2454 4413 2637 4470 ﬁdem
2662 4415 2690 4470 ?
2719 4414 2869 4480 Quia
2888 4413 3029 4469 ﬁdei
3051 4412 3484 4470 demonstratio
3510 4417 3638 4470 erat

1982 4505 2228 4570 clamor,
2259 4507 2317 4560 et
2346 4502 2788 4576 perseverantia
2815 4501 2875 4558 in
2906 4517 3000 4568 eo,
3041 4517 3179 4558 cum
3203 4499 3305 4558 alii
3333 4500 3636 4558 silentium

1908 4573 1954 4626 Ῑ)
1983 4593 2068 4652 eis
2093 4573 2398 4666 imponere
2419 4594 2797 4650 conarentur.

2057 4684 2220 4741 Vers.
2252 4681 2641 4739 34.Misertu:
2690 4711 2760 4722 —
2811 4695 2961 4736 eum.
3022 4683 3151 4737 Non
3197 4679 3394 4738 solum
3436 4696 3641 4754 perse-

1984 4776 2261 4832 verantes
2283 4775 2468 4839 erant,
2496 4770 2600 4829 sed
2627 4774 2686 4828 et
2714 4769 2864 4842 grati
2897 4768 3301 4842 sequebantur
3355 4786 3513 4836 eum,
3543 4785 3641 4828 re-

1985 4861 2309 4936 pendentes
2349 4860 2723 4918 beneﬁcium.

2055 4951 2236 5008 Aiunt
2257 4954 2458 5009 autem
2483 4949 2726 5023 quidam
2739 4963 2932 5006 unum
2942 4947 3156 5006 horum
3177 4963 3474 5007 caecorum
3495 4948 3638 5006 insi-

1505 5255 1726 5326 Variae
1756 5255 2086 5326 lectiones
2119 5264 2186 5324 et
2215 5262 2416 5324 notae.

351 5457 461 5530 (29)
487 5455 1008 5530 accuratius‘hunc
1032 5453 1243 5530 locum
1256 5453 1496 5530 eahibet
1519 5454 1580 5511 in
1602 5457 1878 5530 contegtu

285 5525 731 5595 Ev'an'geliorum
754 5532 812 5585 et
826 5527 887 5584 in
911 5525 1154 5583 scholiis
1170 5525 1249 5584 ad
1269 5526 1451 5584 Matth
1469 5541 1648 5595 xxvn,
1668 5527 1754 5584 50.
1777 5526 1879 5582 Hic

356 5598 476 5674 (qq)
507 5600 760 5668 Quodam
787 5599 979 5657 Patri.
1013 5598 1117 5656 Cui
1161 5601 1355 5656 autem
1395 5598 1663 5654 animam
1709 5612 1883 5654 suam

1989 5456 2222 5510 tantum
2251 5451 2437 5508 obiter
2473 5451 2698 5509 laudat.

2060 5524 2173 5597 (30)
2201 5523 2474 5597 Quinque
2507 5524 2710 5596 priora
2733 5522 3028 5582 vocabula
3067 5522 3270 5580 omisit
3297 5521 3638 5580 Hentenius.

353 5753 474 5826 (qq)
502 5753 764 5823 Quodam
791 5783 860 5794 —
889 5749 1081 5808 Patri.
1113 5748 1220 5808 Cui
1250 5752 1453 5807 autem
1489 5747 1767 5806 animam
1789 5765 1964 5808 suam
1991 5747 2234 5807 tradidit
2261 5747 2290 5804 ?
2329 5748 2506 5807 Patri.
