  <div class='ocr_page' id='page_1' title='image "/cluster/home/n/w/nwhite01/storage/ocr_20150623/129/hvd.32044019208511/299.png"; bbox 0 0 4198 6500; ppageno 0'>
   <div class='ocr_carea' id='block_1_1' title="bbox 563 304 670 372">
    <p class='ocr_par' dir='ltr' id='par_1_1' title="bbox 563 304 670 372">
     <span class='ocr_line' id='line_1_1' title="bbox 563 304 670 372; baseline -0.056 0"><span class='ocrx_word' id='word_1_1' title='bbox 563 304 670 372; x_wconf 71' lang='grc'><strong>547</strong></span> 
     </span>
    </p>
   </div>
   <div class='ocr_carea' id='block_1_2' title="bbox 1887 289 2613 362">
    <p class='ocr_par' dir='ltr' id='par_1_2' title="bbox 1887 289 2613 362">
     <span class='ocr_line' id='line_1_2' title="bbox 1887 289 2613 362; baseline -0.012 0"><span class='ocrx_word' id='word_1_2' title='bbox 1887 289 2246 362; x_wconf 79' lang='lat' dir='ltr'><strong>EUTHYMII</strong></span> <span class='ocrx_word' id='word_1_3' title='bbox 2284 293 2613 356; x_wconf 80' lang='lat' dir='ltr'><strong>ZIGABENI</strong></span> 
     </span>
    </p>
   </div>
   <div class='ocr_carea' id='block_1_3' title="bbox 3889 308 4003 368">
    <p class='ocr_par' dir='ltr' id='par_1_3' title="bbox 3889 308 4003 368">
     <span class='ocr_line' id='line_1_3' title="bbox 3889 308 4003 368; baseline 0 0"><span class='ocrx_word' id='word_1_4' title='bbox 3889 308 4003 368; x_wconf 74' lang='grc'><strong>548</strong></span> 
     </span>
    </p>
   </div>
   <div class='ocr_carea' id='block_1_4' title="bbox 566 421 2215 508">
    <p class='ocr_par' dir='ltr' id='par_1_4' title="bbox 566 424 2215 508">
     <span class='ocr_line' id='line_1_4' title="bbox 566 424 2215 508; baseline -0.008 -16"><span class='ocrx_word' id='word_1_5' title='bbox 566 436 837 508; x_wconf 88' lang='lat' dir='ltr'><strong>gniorem</strong></span> <span class='ocrx_word' id='word_1_6' title='bbox 864 435 1066 500; x_wconf 81' lang='lat' dir='ltr'><strong>fnisse,</strong></span> <span class='ocrx_word' id='word_1_7' title='bbox 1095 434 1170 489; x_wconf 89' lang='lat' dir='ltr'><strong>de</strong></span> <span class='ocrx_word' id='word_1_8' title='bbox 1202 447 1326 506; x_wconf 88' lang='lat' dir='ltr'><strong>quo</strong></span> <span class='ocrx_word' id='word_1_9' title='bbox 1355 448 1392 489; x_wconf 92' lang='lat' dir='ltr'><strong>a</strong></span> <span class='ocrx_word' id='word_1_10' title='bbox 1415 434 1605 488; x_wconf 81' lang='lat' dir='ltr'><strong>Marco</strong></span> <span class='ocrx_word' id='word_1_11' title='bbox 1634 430 1790 487; x_wconf 79' lang='lat' dir='ltr'><strong>facto</strong></span> <span class='ocrx_word' id='word_1_12' title='bbox 1851 431 1940 483; x_wconf 88' lang='lat' dir='ltr'><strong>est</strong></span> <span class='ocrx_word' id='word_1_13' title='bbox 1995 424 2215 481; x_wconf 82' lang='lat' dir='ltr'><strong>mentio</strong></span> 
     </span>
    </p>
   </div>
   <div class='ocr_carea' id='block_1_5' title="bbox 2322 421 4000 508">
    <p class='ocr_par' dir='ltr' id='par_1_5' title="bbox 2330 421 4000 504">
     <span class='ocr_line' id='line_1_5' title="bbox 2330 421 4000 504; baseline 0.008 -31"><span class='ocrx_word' id='word_1_14' title='bbox 2330 421 2720 498; x_wconf 72' lang='grc' dir='ltr'><strong>ἐπισημότερον,</strong></span> <span class='ocrx_word' id='word_1_15' title='bbox 2779 427 3195 498; x_wconf 69' lang='grc' dir='ltr'><strong>μνημονευθῆναι</strong></span> <span class='ocrx_word' id='word_1_16' title='bbox 3243 427 3387 499; x_wconf 86' lang='grc' dir='ltr'>παρὰ</span> <span class='ocrx_word' id='word_1_17' title='bbox 3455 429 3680 500; x_wconf 80' lang='grc' dir='ltr'>Μάρκῳ</span> <span class='ocrx_word' id='word_1_18' title='bbox 3751 434 3887 504; x_wconf 64' lang='grc' dir='ltr'>μὲν,</span> <span class='ocrx_word' id='word_1_19' title='bbox 3951 435 4000 488; x_wconf 83' lang='grc' dir='ltr'>ἐν</span> 
     </span>
    </p>
   </div>
   <div class='ocr_carea' id='block_1_6' title="bbox 566 515 2216 596">
    <p class='ocr_par' dir='ltr' id='par_1_6' title="bbox 566 515 2216 596">
     <span class='ocr_line' id='line_1_6' title="bbox 566 515 2216 596; baseline -0.008 -14"><span class='ocrx_word' id='word_1_20' title='bbox 566 524 858 582; x_wconf 86' lang='lat' dir='ltr'><strong>tricesimo</strong></span> <span class='ocrx_word' id='word_1_21' title='bbox 877 523 1072 596; x_wconf 91' lang='lat' dir='ltr'><strong>primo</strong></span> <span class='ocrx_word' id='word_1_22' title='bbox 1089 520 1490 591; x_wconf 87' lang='lat' dir='ltr'><strong>Evangeliisui</strong></span> <span class='ocrx_word' id='word_1_23' title='bbox 1519 519 1726 592; x_wconf 80' lang='lat' dir='ltr'><strong>capite,</strong></span> <span class='ocrx_word' id='word_1_24' title='bbox 1750 517 1854 591; x_wconf 88' lang='lat' dir='ltr'><strong>qui</strong></span> <span class='ocrx_word' id='word_1_25' title='bbox 1868 515 2216 571; x_wconf 66' lang='lat' dir='ltr'><strong>Bartimeus</strong></span> 
     </span>
    </p>
   </div>
   <div class='ocr_carea' id='block_1_7' title="bbox 565 601 2219 678">
    <p class='ocr_par' dir='ltr' id='par_1_7' title="bbox 565 601 2219 678">
     <span class='ocr_line' id='line_1_7' title="bbox 565 601 2219 678; baseline -0.008 -9"><span class='ocrx_word' id='word_1_26' title='bbox 565 613 875 669; x_wconf 77' lang='lat' dir='ltr'><strong>dicebatur</strong></span> <span class='ocrx_word' id='word_1_27' title='bbox 919 613 1005 677; x_wconf 62' lang='lat'><strong>5‘;</strong></span> <span class='ocrx_word' id='word_1_28' title='bbox 1059 613 1215 666; x_wconf 88' lang='lat' dir='ltr'><strong>Luca</strong></span> <span class='ocrx_word' id='word_1_29' title='bbox 1253 625 1386 665; x_wconf 90' lang='lat' dir='ltr'><strong>vero</strong></span> <span class='ocrx_word' id='word_1_30' title='bbox 1433 607 1806 678; x_wconf 69' lang='lat' dir='ltr'><strong>sexagesimo</strong></span> <span class='ocrx_word' id='word_1_31' title='bbox 1861 608 2074 677; x_wconf 89' lang='lat' dir='ltr'><strong>quarto</strong></span> <span class='ocrx_word' id='word_1_32' title='bbox 2127 601 2219 656; x_wconf 91' lang='lat' dir='ltr'><strong>sui</strong></span> 
     </span>
    </p>
   </div>
   <div class='ocr_carea' id='block_1_8' title="bbox 565 691 2217 773">
    <p class='ocr_par' dir='ltr' id='par_1_8' title="bbox 565 691 2217 773">
     <span class='ocr_line' id='line_1_8' title="bbox 565 691 2217 773; baseline -0.008 -15"><span class='ocrx_word' id='word_1_33' title='bbox 565 701 861 773; x_wconf 81' lang='lat' dir='ltr'><strong>Evangelii</strong></span> <span class='ocrx_word' id='word_1_34' title='bbox 887 700 1079 772; x_wconf 88' lang='lat' dir='ltr'><strong>capite</strong></span> <span class='ocrx_word' id='word_1_35' title='bbox 1102 701 1149 735; x_wconf 82' lang='grc'><strong>⁸⁸</strong></span> <span class='ocrx_word' id='word_1_36' title='bbox 1184 715 1197 765; x_wconf 88' lang='grc'><strong>;</strong></span> <span class='ocrx_word' id='word_1_37' title='bbox 1225 698 1472 754; x_wconf 87' lang='lat' dir='ltr'><strong>alterum</strong></span> <span class='ocrx_word' id='word_1_38' title='bbox 1500 704 1721 764; x_wconf 85' lang='lat' dir='ltr'><strong>autem,</strong></span> <span class='ocrx_word' id='word_1_39' title='bbox 1748 695 1826 752; x_wconf 88' lang='lat' dir='ltr'><strong>ab</strong></span> <span class='ocrx_word' id='word_1_40' title='bbox 1856 693 1951 749; x_wconf 90' lang='lat' dir='ltr'><strong>his</strong></span> <span class='ocrx_word' id='word_1_41' title='bbox 1982 691 2217 747; x_wconf 91' lang='lat' dir='ltr'><strong>silentio</strong></span> 
     </span>
    </p>
   </div>
   <div class='ocr_carea' id='block_1_9' title="bbox 563 781 2218 864">
    <p class='ocr_par' dir='ltr' id='par_1_9' title="bbox 563 781 2218 864">
     <span class='ocr_line' id='line_1_9' title="bbox 563 781 2218 864; baseline -0.007 -17"><span class='ocrx_word' id='word_1_42' title='bbox 563 791 923 864; x_wconf 69' lang='lat' dir='ltr'><strong>praeteritum</strong></span> <span class='ocrx_word' id='word_1_43' title='bbox 951 794 1243 861; x_wconf 85' lang='lat' dir='ltr'><strong>tanquam</strong></span> <span class='ocrx_word' id='word_1_44' title='bbox 1270 787 1424 843; x_wconf 89' lang='lat' dir='ltr'><strong>illius</strong></span> <span class='ocrx_word' id='word_1_45' title='bbox 1443 785 1800 850; x_wconf 88' lang='lat' dir='ltr'><strong>ministrum,</strong></span> <span class='ocrx_word' id='word_1_46' title='bbox 1820 781 2218 856; x_wconf 71' lang='lat' dir='ltr'><strong>quemadmo~</strong></span> 
     </span>
    </p>
   </div>
   <div class='ocr_carea' id='block_1_10' title="bbox 562 870 2216 937">
    <p class='ocr_par' dir='ltr' id='par_1_10' title="bbox 562 870 2216 937">
     <span class='ocr_line' id='line_1_10' title="bbox 562 870 2216 937; baseline -0.007 -1"><span class='ocrx_word' id='word_1_47' title='bbox 562 882 709 937; x_wconf 91' lang='lat' dir='ltr'><strong>dum</strong></span> <span class='ocrx_word' id='word_1_48' title='bbox 740 894 887 935; x_wconf 84' lang='lat' dir='ltr'><strong>sane</strong></span> <span class='ocrx_word' id='word_1_49' title='bbox 927 883 984 933; x_wconf 92' lang='lat' dir='ltr'><strong>et</strong></span> <span class='ocrx_word' id='word_1_50' title='bbox 1021 877 1096 932; x_wconf 89' lang='lat' dir='ltr'><strong>de</strong></span> <span class='ocrx_word' id='word_1_51' title='bbox 1152 876 1392 932; x_wconf 91' lang='lat' dir='ltr'><strong>duobus</strong></span> <span class='ocrx_word' id='word_1_52' title='bbox 1429 873 1808 930; x_wconf 68' lang='lat' dir='ltr'><strong>daamoniacis</strong></span> <span class='ocrx_word' id='word_1_53' title='bbox 1855 870 2216 927; x_wconf 89' lang='lat' dir='ltr'><strong>duodecimo</strong></span> 
     </span>
    </p>
   </div>
   <div class='ocr_carea' id='block_1_11' title="bbox 562 963 2217 1040">
    <p class='ocr_par' dir='ltr' id='par_1_11' title="bbox 562 963 2217 1040">
     <span class='ocr_line' id='line_1_11' title="bbox 562 963 2217 1040; baseline -0.008 -14"><span class='ocrx_word' id='word_1_54' title='bbox 562 969 756 1040; x_wconf 84' lang='lat' dir='ltr'><strong>capite</strong></span> <span class='ocrx_word' id='word_1_55' title='bbox 774 967 1124 1039; x_wconf 70' lang='lat' dir='ltr'><strong>praedictum</strong></span> <span class='ocrx_word' id='word_1_56' title='bbox 1147 971 1234 1020; x_wconf 90' lang='lat' dir='ltr'><strong>est</strong></span> <span class='ocrx_word' id='word_1_57' title='bbox 1264 982 1277 1017; x_wconf 90' lang='lat'><strong>:</strong></span> <span class='ocrx_word' id='word_1_58' title='bbox 1302 964 1479 1035; x_wconf 85' lang='lat' dir='ltr'><strong>idque</strong></span> <span class='ocrx_word' id='word_1_59' title='bbox 1518 963 1858 1033; x_wconf 84' lang='lat' dir='ltr'><strong>conjectura</strong></span> <span class='ocrx_word' id='word_1_60' title='bbox 1889 975 2217 1030; x_wconf 87' lang='lat' dir='ltr'><strong>assequun-</strong></span> 
     </span>
    </p>
   </div>
   <div class='ocr_carea' id='block_1_12' title="bbox 564 1051 2216 1129">
    <p class='ocr_par' dir='ltr' id='par_1_12' title="bbox 564 1051 2216 1129">
     <span class='ocr_line' id='line_1_12' title="bbox 564 1051 2216 1129; baseline -0.005 -15"><span class='ocrx_word' id='word_1_61' title='bbox 564 1064 676 1123; x_wconf 86' lang='lat' dir='ltr'><strong>tur,</strong></span> <span class='ocrx_word' id='word_1_62' title='bbox 706 1074 776 1113; x_wconf 89' lang='lat' dir='ltr'><strong>eo</strong></span> <span class='ocrx_word' id='word_1_63' title='bbox 808 1057 966 1129; x_wconf 90' lang='lat' dir='ltr'><strong>quod</strong></span> <span class='ocrx_word' id='word_1_64' title='bbox 1008 1057 1220 1111; x_wconf 87' lang='lat' dir='ltr'><strong>eadem</strong></span> <span class='ocrx_word' id='word_1_65' title='bbox 1251 1059 1310 1110; x_wconf 92' lang='lat' dir='ltr'><strong>et</strong></span> <span class='ocrx_word' id='word_1_66' title='bbox 1357 1054 1611 1109; x_wconf 79' lang='lat' dir='ltr'><strong>dixerint</strong></span> <span class='ocrx_word' id='word_1_67' title='bbox 1639 1057 1696 1108; x_wconf 91' lang='lat' dir='ltr'><strong>et</strong></span> <span class='ocrx_word' id='word_1_68' title='bbox 1751 1051 2105 1117; x_wconf 87' lang='lat' dir='ltr'><strong>audiverint,</strong></span> <span class='ocrx_word' id='word_1_69' title='bbox 2145 1065 2216 1106; x_wconf 87' lang='lat' dir='ltr'><strong>ac</strong></span> 
     </span>
    </p>
   </div>
   <div class='ocr_carea' id='block_1_13' title="bbox 562 1139 2217 1214">
    <p class='ocr_par' dir='ltr' id='par_1_13' title="bbox 562 1139 2217 1214">
     <span class='ocr_line' id='line_1_13' title="bbox 562 1139 2217 1214; baseline -0.005 -12"><span class='ocrx_word' id='word_1_70' title='bbox 562 1146 835 1202; x_wconf 79' lang='lat' dir='ltr'><strong>similiter</strong></span> <span class='ocrx_word' id='word_1_71' title='bbox 873 1146 1055 1201; x_wconf 90' lang='lat' dir='ltr'><strong>secuti</strong></span> <span class='ocrx_word' id='word_1_72' title='bbox 1083 1145 1315 1199; x_wconf 81' lang='lat' dir='ltr'><strong>fuerint.</strong></span> <span class='ocrx_word' id='word_1_73' title='bbox 1350 1145 1469 1214; x_wconf 86' lang='lat' dir='ltr'><strong>Ego</strong></span> <span class='ocrx_word' id='word_1_74' title='bbox 1495 1158 1632 1197; x_wconf 89' lang='lat' dir='ltr'><strong>vero</strong></span> <span class='ocrx_word' id='word_1_75' title='bbox 1659 1157 1722 1197; x_wconf 87' lang='lat' dir='ltr'><strong>re</strong></span> <span class='ocrx_word' id='word_1_76' title='bbox 1768 1139 2048 1196; x_wconf 82' lang='lat' dir='ltr'><strong>attentius</strong></span> <span class='ocrx_word' id='word_1_77' title='bbox 2078 1153 2217 1194; x_wconf 91' lang='lat' dir='ltr'><strong>con-</strong></span> 
     </span>
    </p>
   </div>
   <div class='ocr_carea' id='block_1_14' title="bbox 563 1227 2215 1305">
    <p class='ocr_par' dir='ltr' id='par_1_14' title="bbox 563 1227 2215 1305">
     <span class='ocr_line' id='line_1_14' title="bbox 563 1227 2215 1305; baseline -0.005 -14"><span class='ocrx_word' id='word_1_78' title='bbox 563 1236 839 1305; x_wconf 88' lang='lat' dir='ltr'><strong>siderata,</strong></span> <span class='ocrx_word' id='word_1_79' title='bbox 875 1235 1125 1290; x_wconf 86' lang='lat' dir='ltr'><strong>alterum</strong></span> <span class='ocrx_word' id='word_1_80' title='bbox 1157 1234 1234 1289; x_wconf 90' lang='lat' dir='ltr'><strong>ab</strong></span> <span class='ocrx_word' id='word_1_81' title='bbox 1264 1232 1359 1288; x_wconf 88' lang='lat' dir='ltr'><strong>his</strong></span> <span class='ocrx_word' id='word_1_82' title='bbox 1391 1231 1630 1288; x_wconf 88' lang='lat' dir='ltr'><strong>duobus</strong></span> <span class='ocrx_word' id='word_1_83' title='bbox 1661 1230 1940 1287; x_wconf 89' lang='lat' dir='ltr'><strong>essedico</strong></span> <span class='ocrx_word' id='word_1_84' title='bbox 1962 1245 2112 1294; x_wconf 85' lang='lat' dir='ltr'><strong>eum,</strong></span> <span class='ocrx_word' id='word_1_85' title='bbox 2139 1227 2215 1283; x_wconf 87' lang='lat' dir='ltr'><strong>de</strong></span> 
     </span>
    </p>
   </div>
   <div class='ocr_carea' id='block_1_15' title="bbox 561 1317 2213 1396">
    <p class='ocr_par' dir='ltr' id='par_1_15' title="bbox 561 1317 2213 1396">
     <span class='ocr_line' id='line_1_15' title="bbox 561 1317 2213 1396; baseline -0.005 -16"><span class='ocrx_word' id='word_1_86' title='bbox 561 1339 686 1396; x_wconf 91' lang='lat' dir='ltr'><strong>quo</strong></span> <span class='ocrx_word' id='word_1_87' title='bbox 724 1323 906 1380; x_wconf 86' lang='lat' dir='ltr'><strong>habet</strong></span> <span class='ocrx_word' id='word_1_88' title='bbox 943 1323 1176 1378; x_wconf 82' lang='lat' dir='ltr'><strong>Marcus</strong></span> <span class='ocrx_word' id='word_1_89' title='bbox 1210 1339 1224 1388; x_wconf 90' lang='lat'><strong>;</strong></span> <span class='ocrx_word' id='word_1_90' title='bbox 1267 1335 1631 1393; x_wconf 88' lang='lat' dir='ltr'><strong>rursumque</strong></span> <span class='ocrx_word' id='word_1_91' title='bbox 1673 1319 1926 1375; x_wconf 86' lang='lat' dir='ltr'><strong>alterum</strong></span> <span class='ocrx_word' id='word_1_92' title='bbox 1983 1317 2062 1374; x_wconf 90' lang='lat' dir='ltr'><strong>ab</strong></span> <span class='ocrx_word' id='word_1_93' title='bbox 2119 1333 2213 1385; x_wconf 93' lang='lat' dir='ltr'><strong>eo,</strong></span> 
     </span>
    </p>
   </div>
   <div class='ocr_carea' id='block_1_16' title="bbox 563 1405 2215 1484">
    <p class='ocr_par' dir='ltr' id='par_1_16' title="bbox 563 1405 2215 1484">
     <span class='ocr_line' id='line_1_16' title="bbox 563 1405 2215 1484; baseline -0.005 -16"><span class='ocrx_word' id='word_1_94' title='bbox 563 1413 637 1468; x_wconf 90' lang='lat' dir='ltr'><strong>de</strong></span> <span class='ocrx_word' id='word_1_95' title='bbox 663 1429 784 1484; x_wconf 90' lang='lat' dir='ltr'><strong>quo</strong></span> <span class='ocrx_word' id='word_1_96' title='bbox 807 1415 1051 1482; x_wconf 85' lang='lat' dir='ltr'><strong>Marcus,</strong></span> <span class='ocrx_word' id='word_1_97' title='bbox 1086 1410 1250 1466; x_wconf 91' lang='lat' dir='ltr'><strong>illum</strong></span> <span class='ocrx_word' id='word_1_98' title='bbox 1282 1410 1356 1465; x_wconf 94' lang='lat' dir='ltr'><strong>de</strong></span> <span class='ocrx_word' id='word_1_99' title='bbox 1381 1425 1504 1482; x_wconf 89' lang='lat' dir='ltr'><strong>quo</strong></span> <span class='ocrx_word' id='word_1_100' title='bbox 1541 1408 1798 1479; x_wconf 88' lang='lat' dir='ltr'><strong>loquitur</strong></span> <span class='ocrx_word' id='word_1_101' title='bbox 1827 1410 2031 1463; x_wconf 88' lang='lat' dir='ltr'><strong>Lucas.</strong></span> <span class='ocrx_word' id='word_1_102' title='bbox 2067 1409 2118 1460; x_wconf 92' lang='lat' dir='ltr'><strong>ls</strong></span> <span class='ocrx_word' id='word_1_103' title='bbox 2143 1405 2215 1460; x_wconf 89' lang='lat' dir='ltr'><strong>si-</strong></span> 
     </span>
    </p>
   </div>
   <div class='ocr_carea' id='block_1_17' title="bbox 561 1495 2214 1574">
    <p class='ocr_par' dir='ltr' id='par_1_17' title="bbox 561 1495 2214 1574">
     <span class='ocr_line' id='line_1_17' title="bbox 561 1495 2214 1574; baseline -0.004 -17"><span class='ocrx_word' id='word_1_104' title='bbox 561 1502 809 1574; x_wconf 90' lang='lat' dir='ltr'><strong>quidem</strong></span> <span class='ocrx_word' id='word_1_105' title='bbox 838 1501 913 1558; x_wconf 90' lang='lat' dir='ltr'><strong>de</strong></span> <span class='ocrx_word' id='word_1_106' title='bbox 941 1515 1064 1573; x_wconf 89' lang='lat' dir='ltr'><strong>quo</strong></span> <span class='ocrx_word' id='word_1_107' title='bbox 1093 1503 1340 1566; x_wconf 80' lang='lat' dir='ltr'><strong>Marcus,</strong></span> <span class='ocrx_word' id='word_1_108' title='bbox 1371 1503 1589 1554; x_wconf 88' lang='lat' dir='ltr'><strong>vestem</strong></span> <span class='ocrx_word' id='word_1_109' title='bbox 1617 1513 1739 1570; x_wconf 67' lang='lat' dir='ltr'><strong>pra:</strong></span> <span class='ocrx_word' id='word_1_110' title='bbox 1762 1496 1949 1552; x_wconf 91' lang='lat' dir='ltr'><strong>nimia</strong></span> <span class='ocrx_word' id='word_1_111' title='bbox 1977 1495 2214 1552; x_wconf 86' lang='lat' dir='ltr'><strong>festina-</strong></span> 
     </span>
    </p>
   </div>
   <div class='ocr_carea' id='block_1_18' title="bbox 562 1586 2210 1662">
    <p class='ocr_par' dir='ltr' id='par_1_18' title="bbox 562 1586 2210 1662">
     <span class='ocr_line' id='line_1_18' title="bbox 562 1586 2210 1662; baseline -0.005 -14"><span class='ocrx_word' id='word_1_112' title='bbox 562 1591 714 1648; x_wconf 84' lang='lat' dir='ltr'><strong>tione</strong></span> <span class='ocrx_word' id='word_1_113' title='bbox 744 1591 1011 1662; x_wconf 90' lang='lat' dir='ltr'><strong>projecit,</strong></span> <span class='ocrx_word' id='word_1_114' title='bbox 1047 1595 1103 1645; x_wconf 90' lang='lat' dir='ltr'><strong>et</strong></span> <span class='ocrx_word' id='word_1_115' title='bbox 1122 1590 1246 1644; x_wconf 89' lang='lat' dir='ltr'><strong>sine</strong></span> <span class='ocrx_word' id='word_1_116' title='bbox 1287 1594 1564 1644; x_wconf 90' lang='lat' dir='ltr'><strong>contactu</strong></span> <span class='ocrx_word' id='word_1_117' title='bbox 1619 1586 1936 1644; x_wconf 85' lang='lat' dir='ltr'><strong>sanitatem</strong></span> <span class='ocrx_word' id='word_1_118' title='bbox 1964 1587 2210 1656; x_wconf 83' lang='lat' dir='ltr'><strong>accepit.</strong></span> 
     </span>
    </p>
   </div>
   <div class='ocr_carea' id='block_1_19' title="bbox 561 1672 2214 1750">
    <p class='ocr_par' dir='ltr' id='par_1_19' title="bbox 561 1672 2214 1750">
     <span class='ocr_line' id='line_1_19' title="bbox 561 1672 2214 1750; baseline -0.005 -15"><span class='ocrx_word' id='word_1_119' title='bbox 561 1681 612 1734; x_wconf 85' lang='lat' dir='ltr'><strong>ls</strong></span> <span class='ocrx_word' id='word_1_120' title='bbox 666 1686 867 1735; x_wconf 89' lang='lat' dir='ltr'><strong>autem</strong></span> <span class='ocrx_word' id='word_1_121' title='bbox 905 1678 1011 1750; x_wconf 91' lang='lat' dir='ltr'><strong>qui</strong></span> <span class='ocrx_word' id='word_1_122' title='bbox 1079 1678 1240 1750; x_wconf 90' lang='lat' dir='ltr'><strong>apud</strong></span> <span class='ocrx_word' id='word_1_123' title='bbox 1297 1678 1509 1734; x_wconf 86' lang='lat' dir='ltr'><strong>Lucam</strong></span> <span class='ocrx_word' id='word_1_124' title='bbox 1575 1681 1681 1741; x_wconf 89' lang='lat' dir='ltr'><strong>est,</strong></span> <span class='ocrx_word' id='word_1_125' title='bbox 1739 1675 1961 1731; x_wconf 87' lang='lat' dir='ltr'><strong>Christo</strong></span> <span class='ocrx_word' id='word_1_126' title='bbox 2018 1672 2214 1745; x_wconf 87' lang='lat' dir='ltr'><strong>potius</strong></span> 
     </span>
    </p>
   </div>
   <div class='ocr_carea' id='block_1_20' title="bbox 555 1763 2281 1839">
    <p class='ocr_par' dir='ltr' id='par_1_20' title="bbox 555 1763 2281 1839">
     <span class='ocr_line' id='line_1_20' title="bbox 555 1763 2281 1839; baseline -0.003 -15"><span class='ocrx_word' id='word_1_127' title='bbox 555 1768 922 1839; x_wconf 81' lang='lat' dir='ltr'><strong>ingrediente</strong></span> <span class='ocrx_word' id='word_1_128' title='bbox 973 1766 1226 1833; x_wconf 84' lang='lat' dir='ltr'><strong>Jericho.</strong></span> <span class='ocrx_word' id='word_1_129' title='bbox 1293 1771 1350 1822; x_wconf 92' lang='lat' dir='ltr'><strong>et</strong></span> <span class='ocrx_word' id='word_1_130' title='bbox 1405 1781 1528 1822; x_wconf 90' lang='lat' dir='ltr'><strong>non</strong></span> <span class='ocrx_word' id='word_1_131' title='bbox 1583 1765 1939 1836; x_wconf 90' lang='lat' dir='ltr'><strong>egrediente,</strong></span> <span class='ocrx_word' id='word_1_132' title='bbox 1996 1763 2213 1818; x_wconf 88' lang='lat' dir='ltr'><strong>sanita-</strong></span> <span class='ocrx_word' id='word_1_133' title='bbox 2242 1777 2281 1829; x_wconf 77' lang='grc' dir='ltr'><strong>Β</strong></span> 
     </span>
    </p>
   </div>
   <div class='ocr_carea' id='block_1_21' title="bbox 559 1852 2212 1928">
    <p class='ocr_par' dir='ltr' id='par_1_21' title="bbox 559 1852 2212 1928">
     <span class='ocr_line' id='line_1_21' title="bbox 559 1852 2212 1928; baseline -0.005 -14"><span class='ocrx_word' id='word_1_134' title='bbox 559 1863 679 1914; x_wconf 90' lang='lat' dir='ltr'><strong>tem</strong></span> <span class='ocrx_word' id='word_1_135' title='bbox 705 1864 797 1914; x_wconf 92' lang='lat' dir='ltr'><strong>est</strong></span> <span class='ocrx_word' id='word_1_136' title='bbox 842 1862 1217 1913; x_wconf 89' lang='lat' dir='ltr'><strong>consecutus.</strong></span> <span class='ocrx_word' id='word_1_137' title='bbox 1266 1854 1618 1928; x_wconf 85' lang='lat' dir='ltr'><strong>Hujusmodi</strong></span> <span class='ocrx_word' id='word_1_138' title='bbox 1659 1853 1838 1910; x_wconf 90' lang='lat' dir='ltr'><strong>etiam</strong></span> <span class='ocrx_word' id='word_1_139' title='bbox 1863 1852 2212 1925; x_wconf 90' lang='lat' dir='ltr'><strong>opinionem</strong></span> 
     </span>
    </p>
   </div>
   <div class='ocr_carea' id='block_1_22' title="bbox 559 1942 2212 2017">
    <p class='ocr_par' dir='ltr' id='par_1_22' title="bbox 559 1942 2212 2017">
     <span class='ocr_line' id='line_1_22' title="bbox 559 1942 2212 2017; baseline -0.004 -15"><span class='ocrx_word' id='word_1_140' title='bbox 559 1948 705 2002; x_wconf 88' lang='lat' dir='ltr'><strong>mihi</strong></span> <span class='ocrx_word' id='word_1_141' title='bbox 758 1946 1073 2002; x_wconf 88' lang='lat' dir='ltr'><strong>conﬁrmat</strong></span> <span class='ocrx_word' id='word_1_142' title='bbox 1103 1946 1584 2017; x_wconf 89' lang='lat' dir='ltr'><strong>Chrysostomus,</strong></span> <span class='ocrx_word' id='word_1_143' title='bbox 1621 1944 1723 2016; x_wconf 88' lang='lat' dir='ltr'><strong>qui</strong></span> <span class='ocrx_word' id='word_1_144' title='bbox 1747 1943 1822 1999; x_wconf 91' lang='lat' dir='ltr'><strong>de</strong></span> <span class='ocrx_word' id='word_1_145' title='bbox 1860 1942 1974 1998; x_wconf 90' lang='lat' dir='ltr'><strong>illis</strong></span> <span class='ocrx_word' id='word_1_146' title='bbox 2015 1944 2212 2013; x_wconf 89' lang='lat' dir='ltr'><strong>utpote</strong></span> 
     </span>
    </p>
   </div>
   <div class='ocr_carea' id='block_1_23' title="bbox 559 2033 1475 2105">
    <p class='ocr_par' dir='ltr' id='par_1_23' title="bbox 559 2033 1475 2105">
     <span class='ocr_line' id='line_1_23' title="bbox 559 2033 1475 2105; baseline -0.002 -13"><span class='ocrx_word' id='word_1_147' title='bbox 559 2034 690 2092; x_wconf 89' lang='lat' dir='ltr'><strong>aliis</strong></span> <span class='ocrx_word' id='word_1_148' title='bbox 721 2033 868 2090; x_wconf 89' lang='lat' dir='ltr'><strong>nihil</strong></span> <span class='ocrx_word' id='word_1_149' title='bbox 891 2035 1138 2090; x_wconf 90' lang='lat' dir='ltr'><strong>omnino</strong></span> <span class='ocrx_word' id='word_1_150' title='bbox 1163 2033 1475 2105; x_wconf 88' lang='lat' dir='ltr'><strong>signiﬁcat.</strong></span> 
     </span>
    </p>
   </div>
   <div class='ocr_carea' id='block_1_24' title="bbox 898 2175 1866 2246">
    <p class='ocr_par' dir='ltr' id='par_1_24' title="bbox 898 2175 1866 2246">
     <span class='ocr_line' id='line_1_24' title="bbox 898 2175 1866 2246; baseline -0.003 -12"><span class='ocrx_word' id='word_1_151' title='bbox 898 2176 1052 2234; x_wconf 85' lang='lat' dir='ltr'><strong>CAP.</strong></span> <span class='ocrx_word' id='word_1_152' title='bbox 1089 2177 1238 2233; x_wconf 86' lang='lat' dir='ltr'><strong>XLV.</strong></span> <span class='ocrx_word' id='word_1_153' title='bbox 1280 2177 1364 2232; x_wconf 84' lang='lat' dir='ltr'><strong>De</strong></span> <span class='ocrx_word' id='word_1_154' title='bbox 1392 2175 1564 2232; x_wconf 81' lang='lat' dir='ltr'><strong>asina</strong></span> <span class='ocrx_word' id='word_1_155' title='bbox 1593 2181 1647 2233; x_wconf 78' lang='lat' dir='ltr'><strong>et</strong></span> <span class='ocrx_word' id='word_1_156' title='bbox 1669 2176 1866 2246; x_wconf 78' lang='lat' dir='ltr'><strong>pullo.</strong></span> 
     </span>
    </p>
   </div>
   <div class='ocr_carea' id='block_1_25' title="bbox 632 2317 2212 2394">
    <p class='ocr_par' dir='ltr' id='par_1_25' title="bbox 632 2317 2212 2394">
     <span class='ocr_line' id='line_1_25' title="bbox 632 2317 2212 2394; baseline -0.004 -14"><span class='ocrx_word' id='word_1_157' title='bbox 632 2325 773 2394; x_wconf 86' lang='lat' dir='ltr'><strong>Cap.</strong></span> <span class='ocrx_word' id='word_1_158' title='bbox 806 2323 948 2377; x_wconf 85' lang='lat' dir='ltr'><strong>XXI.</strong></span> <span class='ocrx_word' id='word_1_159' title='bbox 989 2322 1146 2377; x_wconf 87' lang='lat' dir='ltr'><strong>Vers.</strong></span> <span class='ocrx_word' id='word_1_160' title='bbox 1185 2323 1236 2376; x_wconf 82' lang='grc'><strong>1.</strong></span> <span class='ocrx_word' id='word_1_161' title='bbox 1277 2323 1515 2378; x_wconf 80' lang='lat' dir='ltr'><strong>Etcum</strong></span> <span class='ocrx_word' id='word_1_162' title='bbox 1555 2350 1624 2362; x_wconf 91' lang='lat'><strong><em>—</em></strong></span> <span class='ocrx_word' id='word_1_163' title='bbox 1653 2320 1818 2376; x_wconf 89' lang='lat' dir='ltr'><strong>Vers.</strong></span> <span class='ocrx_word' id='word_1_164' title='bbox 1847 2324 1899 2376; x_wconf 88' lang='lat'><strong>3.</strong></span> <span class='ocrx_word' id='word_1_165' title='bbox 1939 2334 2049 2375; x_wconf 83' lang='lat' dir='ltr'><strong>eos.</strong></span> <span class='ocrx_word' id='word_1_166' title='bbox 2075 2317 2212 2374; x_wconf 86' lang='lat' dir='ltr'><strong>Jam</strong></span> 
     </span>
    </p>
   </div>
   <div class='ocr_carea' id='block_1_26' title="bbox 559 2409 2213 2483">
    <p class='ocr_par' dir='ltr' id='par_1_26' title="bbox 559 2409 2213 2483">
     <span class='ocr_line' id='line_1_26' title="bbox 559 2409 2213 2483; baseline -0.004 -15"><span class='ocrx_word' id='word_1_167' title='bbox 559 2417 749 2468; x_wconf 92' lang='lat' dir='ltr'><strong>morte</strong></span> <span class='ocrx_word' id='word_1_168' title='bbox 767 2427 876 2466; x_wconf 90' lang='lat' dir='ltr'><strong>sua</strong></span> <span class='ocrx_word' id='word_1_169' title='bbox 894 2412 1349 2483; x_wconf 83' lang='lat' dir='ltr'><strong>appmpinquan</strong></span> <span class='ocrx_word' id='word_1_170' title='bbox 1359 2417 1434 2477; x_wconf 90' lang='lat' dir='ltr'><strong>te,</strong></span> <span class='ocrx_word' id='word_1_171' title='bbox 1451 2411 1660 2479; x_wconf 85' lang='lat' dir='ltr'><strong>majori</strong></span> <span class='ocrx_word' id='word_1_172' title='bbox 1675 2409 2016 2465; x_wconf 80' lang='lat' dir='ltr'><strong>auctoritate</strong></span> <span class='ocrx_word' id='word_1_173' title='bbox 2032 2421 2213 2478; x_wconf 89' lang='lat' dir='ltr'><strong>nego-</strong></span> 
     </span>
    </p>
   </div>
   <div class='ocr_carea' id='block_1_27' title="bbox 559 2498 2209 2572">
    <p class='ocr_par' dir='ltr' id='par_1_27' title="bbox 559 2498 2209 2572">
     <span class='ocr_line' id='line_1_27' title="bbox 559 2498 2209 2572; baseline -0.004 -14"><span class='ocrx_word' id='word_1_174' title='bbox 559 2502 640 2558; x_wconf 87' lang='lat' dir='ltr'><strong>tia</strong></span> <span class='ocrx_word' id='word_1_175' title='bbox 651 2499 884 2569; x_wconf 88' lang='lat' dir='ltr'><strong>attingit</strong></span> <span class='ocrx_word' id='word_1_176' title='bbox 905 2520 920 2568; x_wconf 84' lang='lat'><strong>;</strong></span> <span class='ocrx_word' id='word_1_177' title='bbox 940 2505 996 2556; x_wconf 90' lang='lat' dir='ltr'><strong>et</strong></span> <span class='ocrx_word' id='word_1_178' title='bbox 1011 2501 1156 2572; x_wconf 88' lang='lat' dir='ltr'><strong>quia</strong></span> <span class='ocrx_word' id='word_1_179' title='bbox 1168 2501 1242 2555; x_wconf 87' lang='lat' dir='ltr'><strong>de</strong></span> <span class='ocrx_word' id='word_1_180' title='bbox 1255 2502 1420 2556; x_wconf 67' lang='lat' dir='ltr'><strong>asina</strong></span> <span class='ocrx_word' id='word_1_181' title='bbox 1446 2509 1494 2552; x_wconf 70' lang='grc' dir='ltr'><strong>εει</strong></span> <span class='ocrx_word' id='word_1_182' title='bbox 1513 2515 1580 2555; x_wconf 65' lang='lat' dir='ltr'><strong>lle</strong></span> <span class='ocrx_word' id='word_1_183' title='bbox 1598 2499 1758 2570; x_wconf 92' lang='lat' dir='ltr'><strong>pullo</strong></span> <span class='ocrx_word' id='word_1_184' title='bbox 1794 2498 2209 2570; x_wconf 86' lang='lat' dir='ltr'><strong>prophetatum</strong></span> 
     </span>
    </p>
   </div>
   <div class='ocr_carea' id='block_1_28' title="bbox 559 2585 2214 2660">
    <p class='ocr_par' dir='ltr' id='par_1_28' title="bbox 559 2585 2214 2660">
     <span class='ocr_line' id='line_1_28' title="bbox 559 2585 2214 2660; baseline -0.003 -15"><span class='ocrx_word' id='word_1_185' title='bbox 559 2595 705 2656; x_wconf 90' lang='lat' dir='ltr'><strong>erat,</strong></span> <span class='ocrx_word' id='word_1_186' title='bbox 738 2604 896 2645; x_wconf 89' lang='lat' dir='ltr'><strong>nunc</strong></span> <span class='ocrx_word' id='word_1_187' title='bbox 951 2595 1241 2660; x_wconf 85' lang='lat' dir='ltr'><strong>tanquam</strong></span> <span class='ocrx_word' id='word_1_188' title='bbox 1271 2590 1531 2644; x_wconf 89' lang='lat' dir='ltr'><strong>omnium</strong></span> <span class='ocrx_word' id='word_1_189' title='bbox 1574 2587 1860 2642; x_wconf 90' lang='lat' dir='ltr'><strong>Dominus</strong></span> <span class='ocrx_word' id='word_1_190' title='bbox 1903 2586 2072 2659; x_wconf 84' lang='lat' dir='ltr'><strong>jubet</strong></span> <span class='ocrx_word' id='word_1_191' title='bbox 2119 2585 2214 2640; x_wconf 89' lang='lat' dir='ltr'><strong>his</strong></span> 
     </span>
    </p>
   </div>
   <div class='ocr_carea' id='block_1_29' title="bbox 558 2677 2216 2750">
    <p class='ocr_par' dir='ltr' id='par_1_29' title="bbox 558 2677 2216 2750">
     <span class='ocr_line' id='line_1_29' title="bbox 558 2677 2216 2750; baseline -0.001 -18"><span class='ocrx_word' id='word_1_192' title='bbox 558 2693 709 2750; x_wconf 90' lang='lat' dir='ltr'><strong>quos</strong></span> <span class='ocrx_word' id='word_1_193' title='bbox 739 2677 1052 2733; x_wconf 87' lang='lat' dir='ltr'><strong>emittebat</strong></span> <span class='ocrx_word' id='word_1_194' title='bbox 1090 2681 1153 2734; x_wconf 90' lang='lat' dir='ltr'><strong>ut</strong></span> <span class='ocrx_word' id='word_1_195' title='bbox 1179 2678 1384 2734; x_wconf 91' lang='lat' dir='ltr'><strong>dicant</strong></span> <span class='ocrx_word' id='word_1_196' title='bbox 1413 2694 1427 2733; x_wconf 90' lang='lat'><strong>:</strong></span> <span class='ocrx_word' id='word_1_197' title='bbox 1459 2677 1702 2733; x_wconf 77' lang='lat' dir='ltr'><strong>Domino</strong></span> <span class='ocrx_word' id='word_1_198' title='bbox 1747 2677 1836 2732; x_wconf 80' lang='lat' dir='ltr'><strong>his</strong></span> <span class='ocrx_word' id='word_1_199' title='bbox 1861 2691 2002 2744; x_wconf 73' lang='lat' dir='ltr'><strong>opus</strong></span> <span class='ocrx_word' id='word_1_200' title='bbox 2025 2681 2124 2739; x_wconf 79' lang='lat' dir='ltr'><strong>est,</strong></span> <span class='ocrx_word' id='word_1_201' title='bbox 2157 2678 2216 2730; x_wconf 91' lang='lat' dir='ltr'><strong>et</strong></span> 
     </span>
    </p>
   </div>
   <div class='ocr_carea' id='block_1_30' title="bbox 559 2765 2210 2840">
    <p class='ocr_par' dir='ltr' id='par_1_30' title="bbox 559 2765 2210 2840">
     <span class='ocr_line' id='line_1_30' title="bbox 559 2765 2210 2840; baseline -0.002 -18"><span class='ocrx_word' id='word_1_202' title='bbox 559 2772 697 2840; x_wconf 91' lang='lat' dir='ltr'><strong>post</strong></span> <span class='ocrx_word' id='word_1_203' title='bbox 720 2767 988 2822; x_wconf 86' lang='lat' dir='ltr'><strong>habitum</strong></span> <span class='ocrx_word' id='word_1_204' title='bbox 1006 2784 1179 2822; x_wconf 89' lang='lat' dir='ltr'><strong>usum</strong></span> <span class='ocrx_word' id='word_1_205' title='bbox 1197 2768 1296 2822; x_wconf 85' lang='lat' dir='ltr'><strong>red</strong></span> <span class='ocrx_word' id='word_1_206' title='bbox 1311 2767 1400 2822; x_wconf 93' lang='lat' dir='ltr'><strong>uci</strong></span> <span class='ocrx_word' id='word_1_207' title='bbox 1427 2766 1533 2821; x_wconf 90' lang='lat' dir='ltr'><strong>hos</strong></span> <span class='ocrx_word' id='word_1_208' title='bbox 1559 2765 1634 2821; x_wconf 91' lang='lat' dir='ltr'><strong>ad</strong></span> <span class='ocrx_word' id='word_1_209' title='bbox 1649 2766 1961 2820; x_wconf 91' lang='lat' dir='ltr'><strong>dominum</strong></span> <span class='ocrx_word' id='word_1_210' title='bbox 1979 2779 2210 2819; x_wconf 91' lang='lat' dir='ltr'><strong>eorum.</strong></span> 
     </span>
    </p>
   </div>
   <div class='ocr_carea' id='block_1_31' title="bbox 559 2855 2212 2928">
    <p class='ocr_par' dir='ltr' id='par_1_31' title="bbox 559 2855 2212 2928">
     <span class='ocr_line' id='line_1_31' title="bbox 559 2855 2212 2928; baseline -0.004 -16"><span class='ocrx_word' id='word_1_211' title='bbox 559 2857 670 2912; x_wconf 92' lang='lat' dir='ltr'><strong>Sed</strong></span> <span class='ocrx_word' id='word_1_212' title='bbox 702 2856 999 2912; x_wconf 64' lang='lat' dir='ltr'><strong>Matthzeus</strong></span> <span class='ocrx_word' id='word_1_213' title='bbox 1022 2857 1254 2912; x_wconf 88' lang='lat' dir='ltr'><strong>asinam</strong></span> <span class='ocrx_word' id='word_1_214' title='bbox 1280 2855 1419 2911; x_wconf 90' lang='lat' dir='ltr'><strong>dicit</strong></span> <span class='ocrx_word' id='word_1_215' title='bbox 1439 2855 1740 2928; x_wconf 86' lang='lat' dir='ltr'><strong>etpullum</strong></span> <span class='ocrx_word' id='word_1_216' title='bbox 1774 2872 1788 2919; x_wconf 86' lang='lat'><strong>;</strong></span> <span class='ocrx_word' id='word_1_217' title='bbox 1819 2855 2051 2908; x_wconf 89' lang='lat' dir='ltr'><strong>Marcus</strong></span> <span class='ocrx_word' id='word_1_218' title='bbox 2078 2867 2212 2907; x_wconf 92' lang='lat' dir='ltr'><strong>vero</strong></span> 
     </span>
    </p>
   </div>
   <div class='ocr_carea' id='block_1_32' title="bbox 557 2941 2213 3018">
    <p class='ocr_par' dir='ltr' id='par_1_32' title="bbox 557 2941 2213 3018">
     <span class='ocr_line' id='line_1_32' title="bbox 557 2941 2213 3018; baseline -0.002 -17"><span class='ocrx_word' id='word_1_219' title='bbox 557 2945 785 3018; x_wconf 87' lang='lat' dir='ltr'><strong>pullum</strong></span> <span class='ocrx_word' id='word_1_220' title='bbox 828 2945 1022 3001; x_wconf 88' lang='lat' dir='ltr'><strong>solum</strong></span> <span class='ocrx_word' id='word_1_221' title='bbox 1055 2947 1122 2997; x_wconf 71' lang='grc'><strong>⁸⁸.</strong></span> <span class='ocrx_word' id='word_1_222' title='bbox 1156 2945 1486 3010; x_wconf 77' lang='lat' dir='ltr'><strong>Invenietis,</strong></span> <span class='ocrx_word' id='word_1_223' title='bbox 1519 2943 1729 3016; x_wconf 89' lang='lat' dir='ltr'><strong>inquit,</strong></span> <span class='ocrx_word' id='word_1_224' title='bbox 1759 2941 2213 3012; x_wconf 77' lang='lat' dir='ltr'><strong>pullumalliga-</strong></span> 
     </span>
    </p>
   </div>
   <div class='ocr_carea' id='block_1_33' title="bbox 560 3030 2212 3106">
    <p class='ocr_par' dir='ltr' id='par_1_33' title="bbox 560 3030 2212 3106">
     <span class='ocr_line' id='line_1_33' title="bbox 560 3030 2212 3106; baseline -0.004 -15"><span class='ocrx_word' id='word_1_225' title='bbox 560 3041 702 3099; x_wconf 82' lang='lat' dir='ltr'><strong>tum,</strong></span> <span class='ocrx_word' id='word_1_226' title='bbox 736 3050 916 3104; x_wconf 80' lang='lat' dir='ltr'><strong>super</strong></span> <span class='ocrx_word' id='word_1_227' title='bbox 944 3050 1113 3106; x_wconf 77' lang='lat' dir='ltr'><strong>quem</strong></span> <span class='ocrx_word' id='word_1_228' title='bbox 1144 3033 1346 3091; x_wconf 79' lang='lat' dir='ltr'><strong>nullus</strong></span> <span class='ocrx_word' id='word_1_229' title='bbox 1375 3033 1678 3090; x_wconf 75' lang='lat' dir='ltr'><strong>hominum</strong></span> <span class='ocrx_word' id='word_1_230' title='bbox 1725 3033 1894 3090; x_wconf 77' lang='lat' dir='ltr'><strong>sedit.</strong></span> <span class='ocrx_word' id='word_1_231' title='bbox 1937 3030 2212 3088; x_wconf 84' lang='lat' dir='ltr'><strong>Similiter</strong></span> 
     </span>
    </p>
   </div>
   <div class='ocr_carea' id='block_1_34' title="bbox 2326 513 3993 596">
    <p class='ocr_par' dir='ltr' id='par_1_34' title="bbox 2326 513 3993 596">
     <span class='ocr_line' id='line_1_34' title="bbox 2326 513 3993 596; baseline 0.008 -33"><span class='ocrx_word' id='word_1_232' title='bbox 2326 520 2395 581; x_wconf 83' lang='grc' dir='ltr'>τῷ</span> <span class='ocrx_word' id='word_1_233' title='bbox 2425 522 2719 585; x_wconf 80' lang='grc' dir='ltr'><strong>τριακοστῷ</strong></span> <span class='ocrx_word' id='word_1_234' title='bbox 2749 519 2936 588; x_wconf 80' lang='grc' dir='ltr'><strong>πρώτῳ</strong></span> <span class='ocrx_word' id='word_1_235' title='bbox 2967 513 3225 586; x_wconf 73' lang='grc' dir='ltr'><strong>κεφαλαίῳ</strong></span> <span class='ocrx_word' id='word_1_236' title='bbox 3271 522 3363 566; x_wconf 74' lang='grc' dir='ltr'>τοῦ</span> <span class='ocrx_word' id='word_1_237' title='bbox 3394 515 3747 588; x_wconf 68' lang='grc' dir='ltr'>[εὐαγγελίου</span> <span class='ocrx_word' id='word_1_238' title='bbox 3797 521 3993 596; x_wconf 71' lang='grc' dir='ltr'>αὐτοῦ,</span> 
     </span>
    </p>
   </div>
   <div class='ocr_carea' id='block_1_35' title="bbox 2328 602 3996 685">
    <p class='ocr_par' dir='ltr' id='par_1_35' title="bbox 2328 602 3996 685">
     <span class='ocr_line' id='line_1_35' title="bbox 2328 602 3996 685; baseline 0.008 -34"><span class='ocrx_word' id='word_1_239' title='bbox 2328 606 2640 674; x_wconf 85' lang='grc' dir='ltr'>Βαρτιμαῑον</span> <span class='ocrx_word' id='word_1_240' title='bbox 2715 602 3042 675; x_wconf 86' lang='grc' dir='ltr'>καλούμενον·</span> <span class='ocrx_word' id='word_1_241' title='bbox 3127 605 3268 677; x_wconf 81' lang='grc' dir='ltr'>παρὰ</span> <span class='ocrx_word' id='word_1_242' title='bbox 3335 609 3518 657; x_wconf 64' lang='lat' dir='ltr'><strong>Aoum”!</strong></span> <span class='ocrx_word' id='word_1_243' title='bbox 3600 603 3699 675; x_wconf 65' lang='grc' dir='ltr'>δὲ,</span> <span class='ocrx_word' id='word_1_244' title='bbox 3775 609 3832 662; x_wconf 71' lang='grc' dir='ltr'>ἐν</span> <span class='ocrx_word' id='word_1_245' title='bbox 3921 623 3996 685; x_wconf 76' lang='grc' dir='ltr'><strong><em>τῷ</em></strong></span> 
     </span>
    </p>
   </div>
   <div class='ocr_carea' id='block_1_36' title="bbox 2328 689 3992 774">
    <p class='ocr_par' dir='ltr' id='par_1_36' title="bbox 2328 689 3992 774">
     <span class='ocr_line' id='line_1_36' title="bbox 2328 689 3992 774; baseline 0.007 -35"><span class='ocrx_word' id='word_1_246' title='bbox 2328 689 2590 760; x_wconf 79' lang='grc' dir='ltr'><strong>ἑξηκοστῷ</strong></span> <span class='ocrx_word' id='word_1_247' title='bbox 2658 694 2886 766; x_wconf 85' lang='grc' dir='ltr'>τετάρτῳ</span> <span class='ocrx_word' id='word_1_248' title='bbox 2937 691 3198 764; x_wconf 76' lang='grc' dir='ltr'>κεφαλαίῳ</span> <span class='ocrx_word' id='word_1_249' title='bbox 3248 701 3339 746; x_wconf 85' lang='grc' dir='ltr'>τοῦ</span> <span class='ocrx_word' id='word_1_250' title='bbox 3391 693 3508 746; x_wconf 88' lang='grc' dir='ltr'>κατ’</span> <span class='ocrx_word' id='word_1_251' title='bbox 3556 694 3748 748; x_wconf 76' lang='grc' dir='ltr'>αὐτὸν</span> <span class='ocrx_word' id='word_1_252' title='bbox 3811 700 3992 774; x_wconf 68' lang='grc' dir='ltr'>Εὐαγ-</span> 
     </span>
    </p>
   </div>
   <div class='ocr_carea' id='block_1_37' title="bbox 2325 777 3991 860">
    <p class='ocr_par' dir='ltr' id='par_1_37' title="bbox 2325 777 3991 860">
     <span class='ocr_line' id='line_1_37' title="bbox 2325 777 3991 860; baseline 0.009 -31"><span class='ocrx_word' id='word_1_253' title='bbox 2325 779 2518 849; x_wconf 73' lang='grc' dir='ltr'>γελίου·</span> <span class='ocrx_word' id='word_1_254' title='bbox 2552 783 2637 832; x_wconf 88' lang='grc' dir='ltr'>τὸν</span> <span class='ocrx_word' id='word_1_255' title='bbox 2669 780 2818 832; x_wconf 73' lang='grc' dir='ltr'>ἀλλον</span> <span class='ocrx_word' id='word_1_256' title='bbox 2853 777 2910 833; x_wconf 75' lang='grc' dir='ltr'><strong>δε</strong></span> <span class='ocrx_word' id='word_1_257' title='bbox 2950 784 3430 854; x_wconf 82' lang='grc' dir='ltr'>παρασιωπηθῆναι</span> <span class='ocrx_word' id='word_1_258' title='bbox 3458 787 3689 847; x_wconf 80' lang='grc' dir='ltr'><strong>τούτοις</strong></span> <span class='ocrx_word' id='word_1_259' title='bbox 3723 790 3883 860; x_wconf 77' lang='lat'><strong>(3|),</strong></span> <span class='ocrx_word' id='word_1_260' title='bbox 3921 793 3991 854; x_wconf 82' lang='grc' dir='ltr'>ὡς</span> 
     </span>
    </p>
   </div>
   <div class='ocr_carea' id='block_1_38' title="bbox 2326 868 3990 945">
    <p class='ocr_par' dir='ltr' id='par_1_38' title="bbox 2326 868 3990 945">
     <span class='ocr_line' id='line_1_38' title="bbox 2326 868 3990 945; baseline 0.01 -27"><span class='ocrx_word' id='word_1_261' title='bbox 2326 869 2582 942; x_wconf 76' lang='grc' dir='ltr'><strong>ὑπηρέτην</strong></span> <span class='ocrx_word' id='word_1_262' title='bbox 2636 868 2847 922; x_wconf 75' lang='grc' dir='ltr'>ἐκείνου·</span> <span class='ocrx_word' id='word_1_263' title='bbox 2919 873 3057 923; x_wconf 85' lang='grc' dir='ltr'>καθὰ</span> <span class='ocrx_word' id='word_1_264' title='bbox 3111 868 3177 930; x_wconf 74' lang='grc' dir='ltr'>δὴ</span> <span class='ocrx_word' id='word_1_265' title='bbox 3225 875 3313 924; x_wconf 79' lang='grc' dir='ltr'>καὶ</span> <span class='ocrx_word' id='word_1_266' title='bbox 3363 878 3481 945; x_wconf 79' lang='grc' dir='ltr'>περὶ</span> <span class='ocrx_word' id='word_1_267' title='bbox 3528 883 3649 925; x_wconf 84' lang='grc' dir='ltr'><strong>τῶν</strong></span> <span class='ocrx_word' id='word_1_268' title='bbox 3703 872 3818 932; x_wconf 85' lang='grc' dir='ltr'><strong>δύο</strong></span> <span class='ocrx_word' id='word_1_269' title='bbox 3866 876 3990 934; x_wconf 83' lang='grc' dir='ltr'>δαι-</span> 
     </span>
    </p>
   </div>
   <div class='ocr_carea' id='block_1_39' title="bbox 2325 956 3984 1043">
    <p class='ocr_par' dir='ltr' id='par_1_39' title="bbox 2325 956 3984 1043">
     <span class='ocr_line' id='line_1_39' title="bbox 2325 956 3984 1043; baseline 0.01 -35"><span class='ocrx_word' id='word_1_270' title='bbox 2325 962 2670 1030; x_wconf 78' lang='grc' dir='ltr'>μονιζομένων</span> <span class='ocrx_word' id='word_1_271' title='bbox 2717 959 2765 1012; x_wconf 79' lang='grc' dir='ltr'>ἐν</span> <span class='ocrx_word' id='word_1_272' title='bbox 2828 968 2900 1031; x_wconf 83' lang='grc' dir='ltr'>τῷ</span> <span class='ocrx_word' id='word_1_273' title='bbox 2955 956 3242 1032; x_wconf 73' lang='grc' dir='ltr'><strong>δωδεκάτῳ</strong></span> <span class='ocrx_word' id='word_1_274' title='bbox 3289 966 3551 1034; x_wconf 75' lang='grc' dir='ltr'><strong>κεφαλαίῳ</strong></span> <span class='ocrx_word' id='word_1_275' title='bbox 3614 973 3984 1043; x_wconf 85' lang='grc' dir='ltr'>προείρηται.</span> 
     </span>
    </p>
   </div>
   <div class='ocr_carea' id='block_1_40' title="bbox 2328 1049 3986 1121">
    <p class='ocr_par' dir='ltr' id='par_1_40' title="bbox 2328 1049 3986 1121">
     <span class='ocr_line' id='line_1_40' title="bbox 2328 1049 3986 1121; baseline 0.009 -22"><span class='ocrx_word' id='word_1_276' title='bbox 2328 1052 2428 1099; x_wconf 78' lang='grc' dir='ltr'><strong>Καὶ</strong></span> <span class='ocrx_word' id='word_1_277' title='bbox 2473 1057 2873 1121; x_wconf 76' lang='grc' dir='ltr'>τεκμηριούνται</span> <span class='ocrx_word' id='word_1_278' title='bbox 2922 1053 3010 1102; x_wconf 88' lang='grc' dir='ltr'>τὸν</span> <span class='ocrx_word' id='word_1_279' title='bbox 3054 1049 3226 1121; x_wconf 75' lang='grc' dir='ltr'>λόγον,</span> <span class='ocrx_word' id='word_1_280' title='bbox 3268 1049 3370 1102; x_wconf 81' lang='grc' dir='ltr'><strong>ἀπὸ</strong></span> <span class='ocrx_word' id='word_1_281' title='bbox 3418 1058 3512 1104; x_wconf 81' lang='grc' dir='ltr'>τοῦ</span> <span class='ocrx_word' id='word_1_282' title='bbox 3568 1056 3648 1106; x_wconf 81' lang='grc' dir='ltr'><strong>τὰ</strong></span> <span class='ocrx_word' id='word_1_283' title='bbox 3696 1057 3852 1111; x_wconf 76' lang='grc' dir='ltr'>αὐτὰ</span> <span class='ocrx_word' id='word_1_284' title='bbox 3891 1065 3986 1114; x_wconf 80' lang='grc' dir='ltr'>καὶ</span> 
     </span>
    </p>
   </div>
   <div class='ocr_carea' id='block_1_41' title="bbox 2326 1136 3984 1220">
    <p class='ocr_par' dir='ltr' id='par_1_41' title="bbox 2326 1136 3984 1220">
     <span class='ocr_line' id='line_1_41' title="bbox 2326 1136 3984 1220; baseline 0.008 -32"><span class='ocrx_word' id='word_1_285' title='bbox 2326 1136 2501 1204; x_wconf 87' lang='grc' dir='ltr'>εἰπεῖν,</span> <span class='ocrx_word' id='word_1_286' title='bbox 2568 1143 2657 1189; x_wconf 76' lang='grc' dir='ltr'>καὶ</span> <span class='ocrx_word' id='word_1_287' title='bbox 2714 1136 2960 1206; x_wconf 78' lang='grc' dir='ltr'>ἀκούσαι,</span> <span class='ocrx_word' id='word_1_288' title='bbox 3019 1142 3104 1191; x_wconf 72' lang='grc' dir='ltr'>καὶ</span> <span class='ocrx_word' id='word_1_289' title='bbox 3158 1141 3351 1211; x_wconf 86' lang='grc' dir='ltr'>ὁμοίως</span> <span class='ocrx_word' id='word_1_290' title='bbox 3397 1138 3811 1203; x_wconf 79' lang='grc' dir='ltr'>ἀκολουθῆσαι·</span> <span class='ocrx_word' id='word_1_291' title='bbox 3876 1149 3984 1220; x_wconf 73' lang='grc' dir='ltr'><strong>ἐγὼ</strong></span> 
     </span>
    </p>
   </div>
   <div class='ocr_carea' id='block_1_42' title="bbox 2326 1221 3979 1305">
    <p class='ocr_par' dir='ltr' id='par_1_42' title="bbox 2326 1221 3979 1305">
     <span class='ocr_line' id='line_1_42' title="bbox 2326 1221 3979 1305; baseline 0.008 -28"><span class='ocrx_word' id='word_1_292' title='bbox 2326 1221 2384 1278; x_wconf 75' lang='grc' dir='ltr'><strong>δε</strong></span> <span class='ocrx_word' id='word_1_293' title='bbox 2426 1227 2830 1298; x_wconf 72' lang='grc' dir='ltr'><strong>στοχαζόμενος,</strong></span> <span class='ocrx_word' id='word_1_294' title='bbox 2882 1229 3049 1302; x_wconf 85' lang='grc' dir='ltr'>ἓτερον</span> <span class='ocrx_word' id='word_1_295' title='bbox 3098 1226 3227 1282; x_wconf 83' lang='grc' dir='ltr'>εἶναι</span> <span class='ocrx_word' id='word_1_296' title='bbox 3272 1228 3420 1301; x_wconf 70' lang='grc' dir='ltr'>λέγω,</span> <span class='ocrx_word' id='word_1_297' title='bbox 3473 1235 3638 1305; x_wconf 74' lang='grc' dir='ltr'>παρὰ</span> <span class='ocrx_word' id='word_1_298' title='bbox 3687 1239 3822 1297; x_wconf 82' lang='grc' dir='ltr'>τοὺς</span> <span class='ocrx_word' id='word_1_299' title='bbox 3881 1233 3979 1290; x_wconf 81' lang='grc' dir='ltr'><strong>δύο</strong></span> 
     </span>
    </p>
   </div>
   <div class='ocr_carea' id='block_1_43' title="bbox 2325 1315 3978 1398">
    <p class='ocr_par' dir='ltr' id='par_1_43' title="bbox 2325 1315 3978 1398">
     <span class='ocr_line' id='line_1_43' title="bbox 2325 1315 3978 1398; baseline 0.01 -35"><span class='ocrx_word' id='word_1_300' title='bbox 2325 1315 2556 1380; x_wconf 83' lang='grc' dir='ltr'><strong>τούτους,</strong></span> <span class='ocrx_word' id='word_1_301' title='bbox 2617 1319 2703 1366; x_wconf 87' lang='grc' dir='ltr'>τὸν</span> <span class='ocrx_word' id='word_1_302' title='bbox 2757 1324 2848 1368; x_wconf 82' lang='grc' dir='ltr'><strong>τού</strong></span> <span class='ocrx_word' id='word_1_303' title='bbox 2906 1319 3146 1391; x_wconf 84' lang='grc' dir='ltr'>Μάρκου,</span> <span class='ocrx_word' id='word_1_304' title='bbox 3195 1322 3283 1370; x_wconf 83' lang='grc' dir='ltr'>καὶ</span> <span class='ocrx_word' id='word_1_305' title='bbox 3331 1319 3500 1394; x_wconf 77' lang='grc' dir='ltr'>ἕτερον</span> <span class='ocrx_word' id='word_1_306' title='bbox 3565 1321 3765 1392; x_wconf 83' lang='grc' dir='ltr'>πάλιν,</span> <span class='ocrx_word' id='word_1_307' title='bbox 3829 1328 3978 1398; x_wconf 85' lang='grc' dir='ltr'>παρὰ</span> 
     </span>
    </p>
   </div>
   <div class='ocr_carea' id='block_1_44' title="bbox 2327 1405 3976 1486">
    <p class='ocr_par' dir='ltr' id='par_1_44' title="bbox 2327 1405 3976 1486">
     <span class='ocr_line' id='line_1_44' title="bbox 2327 1405 3976 1486; baseline 0.008 -34"><span class='ocrx_word' id='word_1_308' title='bbox 2327 1405 2408 1452; x_wconf 83' lang='grc' dir='ltr'>τὸν</span> <span class='ocrx_word' id='word_1_309' title='bbox 2461 1412 2549 1454; x_wconf 77' lang='grc' dir='ltr'><strong>τού</strong></span> <span class='ocrx_word' id='word_1_310' title='bbox 2599 1407 2836 1478; x_wconf 81' lang='grc' dir='ltr'>Μάρκου,</span> <span class='ocrx_word' id='word_1_311' title='bbox 2880 1410 2964 1458; x_wconf 88' lang='grc' dir='ltr'><strong>τόν</strong></span> <span class='ocrx_word' id='word_1_312' title='bbox 3014 1414 3105 1458; x_wconf 84' lang='grc' dir='ltr'>τοῦ</span> <span class='ocrx_word' id='word_1_313' title='bbox 3151 1414 3349 1461; x_wconf 79' lang='grc' dir='ltr'><strong>Λουκᾶ.</strong></span> <span class='ocrx_word' id='word_1_314' title='bbox 3398 1414 3499 1462; x_wconf 77' lang='grc' dir='ltr'><strong>Καὶ</strong></span> <span class='ocrx_word' id='word_1_315' title='bbox 3529 1413 3648 1485; x_wconf 73' lang='grc' dir='ltr'>γὰρ</span> <span class='ocrx_word' id='word_1_316' title='bbox 3683 1415 3714 1464; x_wconf 80' lang='grc' dir='ltr'><strong><em>ὁ</em></strong></span> <span class='ocrx_word' id='word_1_317' title='bbox 3753 1417 3853 1486; x_wconf 65' lang='grc' dir='ltr'>μὲν</span> <span class='ocrx_word' id='word_1_318' title='bbox 3883 1422 3976 1468; x_wconf 78' lang='grc' dir='ltr'>τοῦ</span> 
     </span>
    </p>
   </div>
   <div class='ocr_carea' id='block_1_45' title="bbox 2324 1493 3968 1574">
    <p class='ocr_par' dir='ltr' id='par_1_45' title="bbox 2324 1493 3968 1574">
     <span class='ocr_line' id='line_1_45' title="bbox 2324 1493 3968 1574; baseline 0.01 -32"><span class='ocrx_word' id='word_1_319' title='bbox 2324 1493 2539 1564; x_wconf 81' lang='grc' dir='ltr'>Μάρκου</span> <span class='ocrx_word' id='word_1_320' title='bbox 2589 1498 2672 1545; x_wconf 79' lang='grc' dir='ltr'>καὶ</span> <span class='ocrx_word' id='word_1_321' title='bbox 2722 1498 2779 1545; x_wconf 91' lang='grc' dir='ltr'><strong>τό</strong></span> <span class='ocrx_word' id='word_1_322' title='bbox 2829 1497 3032 1566; x_wconf 79' lang='grc' dir='ltr'>ἱμάτιον</span> <span class='ocrx_word' id='word_1_323' title='bbox 3077 1495 3280 1570; x_wconf 64' lang='grc' dir='ltr'>ἦόῥιψεν</span> <span class='ocrx_word' id='word_1_324' title='bbox 3320 1499 3420 1549; x_wconf 77' lang='grc' dir='ltr'>ὑπὸ</span> <span class='ocrx_word' id='word_1_325' title='bbox 3459 1506 3565 1562; x_wconf 76' lang='grc' dir='ltr'>τῆς</span> <span class='ocrx_word' id='word_1_326' title='bbox 3609 1502 3759 1574; x_wconf 67' lang='grc' dir='ltr'>ἄγαν</span> <span class='ocrx_word' id='word_1_327' title='bbox 3805 1523 3968 1557; x_wconf 77' lang='grc' dir='ltr'>σπουο</span> 
     </span>
    </p>
   </div>
   <div class='ocr_carea' id='block_1_46' title="bbox 2325 1576 3967 1655">
    <p class='ocr_par' dir='ltr' id='par_1_46' title="bbox 2325 1576 3967 1655">
     <span class='ocr_line' id='line_1_46' title="bbox 2325 1576 3967 1655; baseline 0.01 -24"><span class='ocrx_word' id='word_1_328' title='bbox 2325 1576 2445 1646; x_wconf 84' lang='grc' dir='ltr'>δῆς,</span> <span class='ocrx_word' id='word_1_329' title='bbox 2490 1586 2578 1633; x_wconf 82' lang='grc' dir='ltr'>καὶ</span> <span class='ocrx_word' id='word_1_330' title='bbox 2629 1588 2801 1655; x_wconf 79' lang='grc' dir='ltr'>χωρὶς</span> <span class='ocrx_word' id='word_1_331' title='bbox 2852 1582 3050 1655; x_wconf 74' lang='grc' dir='ltr'>ἐπαφῆς</span> <span class='ocrx_word' id='word_1_332' title='bbox 3093 1590 3185 1642; x_wconf 80' lang='grc' dir='ltr'><strong>τήν</strong></span> <span class='ocrx_word' id='word_1_333' title='bbox 3231 1588 3372 1638; x_wconf 86' lang='grc' dir='ltr'>’ίασιν</span> <span class='ocrx_word' id='word_1_334' title='bbox 3417 1587 3631 1641; x_wconf 75' lang='grc' dir='ltr'>ἔλαϐεν·</span> <span class='ocrx_word' id='word_1_335' title='bbox 3684 1593 3713 1643; x_wconf 83' lang='grc' dir='ltr'><strong>ὁ</strong></span> <span class='ocrx_word' id='word_1_336' title='bbox 3768 1589 3832 1646; x_wconf 70' lang='grc' dir='ltr'>δὲ</span> <span class='ocrx_word' id='word_1_337' title='bbox 3875 1601 3967 1646; x_wconf 81' lang='grc' dir='ltr'>τοῦ</span> 
     </span>
    </p>
   </div>
   <div class='ocr_carea' id='block_1_47' title="bbox 2325 1669 3950 1755">
    <p class='ocr_par' dir='ltr' id='par_1_47' title="bbox 2325 1669 3950 1755">
     <span class='ocr_line' id='line_1_47' title="bbox 2325 1669 3950 1755; baseline 0.009 -35"><span class='ocrx_word' id='word_1_338' title='bbox 2325 1675 2524 1738; x_wconf 59' lang='grc' dir='ltr'>Λουκοζ</span> <span class='ocrx_word' id='word_1_339' title='bbox 2574 1669 2857 1744; x_wconf 73' lang='grc' dir='ltr'>ἐρχομενου</span> <span class='ocrx_word' id='word_1_340' title='bbox 2896 1672 3088 1744; x_wconf 80' lang='grc' dir='ltr'>μᾶλλον</span> <span class='ocrx_word' id='word_1_341' title='bbox 3136 1674 3202 1734; x_wconf 84' lang='grc' dir='ltr'>εἰς</span> <span class='ocrx_word' id='word_1_342' title='bbox 3255 1673 3462 1747; x_wconf 88' lang='grc' dir='ltr'>Ίεριχὼ</span> <span class='ocrx_word' id='word_1_343' title='bbox 3519 1686 3627 1731; x_wconf 80' lang='grc' dir='ltr'>τοῦ</span> <span class='ocrx_word' id='word_1_344' title='bbox 3693 1688 3950 1755; x_wconf 77' lang='grc' dir='ltr'><strong>Χριστοῦ,</strong></span> 
     </span>
    </p>
   </div>
   <div class='ocr_carea' id='block_1_48' title="bbox 2321 1755 3949 1840">
    <p class='ocr_par' dir='ltr' id='par_1_48' title="bbox 2321 1755 3949 1840">
     <span class='ocr_line' id='line_1_48' title="bbox 2321 1755 3949 1840; baseline 0.007 -31"><span class='ocrx_word' id='word_1_345' title='bbox 2321 1763 2410 1810; x_wconf 83' lang='grc' dir='ltr'>καὶ</span> <span class='ocrx_word' id='word_1_346' title='bbox 2467 1755 2560 1810; x_wconf 77' lang='grc' dir='ltr'>οὐκ</span> <span class='ocrx_word' id='word_1_347' title='bbox 2618 1759 3040 1833; x_wconf 75' lang='grc' dir='ltr'><strong>ἐκπορευομένου,</strong></span> <span class='ocrx_word' id='word_1_348' title='bbox 3101 1771 3192 1824; x_wconf 82' lang='grc' dir='ltr'>τῆς</span> <span class='ocrx_word' id='word_1_349' title='bbox 3246 1762 3432 1826; x_wconf 82' lang='grc' dir='ltr'>ἰάσεως</span> <span class='ocrx_word' id='word_1_350' title='bbox 3482 1768 3688 1840; x_wconf 81' lang='grc' dir='ltr'>ἔτυχε.</span> <span class='ocrx_word' id='word_1_351' title='bbox 3753 1769 3949 1823; x_wconf 68' lang='lat' dir='ltr'><strong>Marci</strong></span> 
     </span>
    </p>
   </div>
   <div class='ocr_carea' id='block_1_49' title="bbox 2323 1843 3942 1932">
    <p class='ocr_par' dir='ltr' id='par_1_49' title="bbox 2323 1843 3942 1932">
     <span class='ocr_line' id='line_1_49' title="bbox 2323 1843 3942 1932; baseline 0.007 -34"><span class='ocrx_word' id='word_1_352' title='bbox 2323 1843 2382 1898; x_wconf 72' lang='grc' dir='ltr'><strong>δε</strong></span> <span class='ocrx_word' id='word_1_353' title='bbox 2429 1867 2519 1920; x_wconf 90' lang='grc' dir='ltr'><strong>μοι</strong></span> <span class='ocrx_word' id='word_1_354' title='bbox 2559 1849 2790 1920; x_wconf 76' lang='grc' dir='ltr'>μάλιστα</span> <span class='ocrx_word' id='word_1_355' title='bbox 2836 1855 2929 1908; x_wconf 75' lang='grc' dir='ltr'>τὴν</span> <span class='ocrx_word' id='word_1_356' title='bbox 2978 1853 3221 1909; x_wconf 80' lang='grc' dir='ltr'>τοιαύτην</span> <span class='ocrx_word' id='word_1_357' title='bbox 3271 1852 3542 1925; x_wconf 72' lang='grc' dir='ltr'><strong>ὑπόληψιν</strong></span> <span class='ocrx_word' id='word_1_358' title='bbox 3588 1858 3618 1910; x_wconf 84' lang='grc' dir='ltr'><strong><em>ὁ</em></strong></span> <span class='ocrx_word' id='word_1_359' title='bbox 3666 1858 3780 1930; x_wconf 76' lang='grc'><strong>(32)</strong></span> <span class='ocrx_word' id='word_1_360' title='bbox 3809 1866 3942 1932; x_wconf 74' lang='grc' dir='ltr'>Χρυ-</span> 
     </span>
    </p>
   </div>
   <div class='ocr_carea' id='block_1_50' title="bbox 2324 1935 3952 2021">
    <p class='ocr_par' dir='ltr' id='par_1_50' title="bbox 2324 1935 3952 2021">
     <span class='ocr_line' id='line_1_50' title="bbox 2324 1935 3952 2021; baseline 0.007 -33"><span class='ocrx_word' id='word_1_361' title='bbox 2324 1940 2601 2009; x_wconf 85' lang='grc' dir='ltr'>σόστομος,</span> <span class='ocrx_word' id='word_1_362' title='bbox 2670 1935 2819 1990; x_wconf 70' lang='grc' dir='ltr'>οὐδὲν</span> <span class='ocrx_word' id='word_1_363' title='bbox 2881 1958 2931 1990; x_wconf 88' lang='grc' dir='ltr'><strong>τι</strong></span> <span class='ocrx_word' id='word_1_364' title='bbox 3006 1945 3125 2014; x_wconf 82' lang='grc' dir='ltr'>περὶ</span> <span class='ocrx_word' id='word_1_365' title='bbox 3186 1939 3385 1994; x_wconf 72' lang='grc' dir='ltr'>ἕκείνων</span> <span class='ocrx_word' id='word_1_366' title='bbox 3449 1941 3952 2021; x_wconf 73' lang='grc' dir='ltr'>ἐπισημηνάμενος,</span> 
     </span>
    </p>
   </div>
   <div class='ocr_carea' id='block_1_51' title="bbox 2322 2025 2804 2097">
    <p class='ocr_par' dir='ltr' id='par_1_51' title="bbox 2322 2025 2804 2097">
     <span class='ocr_line' id='line_1_51' title="bbox 2322 2025 2804 2097; baseline 0.015 -23"><span class='ocrx_word' id='word_1_367' title='bbox 2322 2026 2388 2088; x_wconf 78' lang='grc' dir='ltr'>ὡς</span> <span class='ocrx_word' id='word_1_368' title='bbox 2416 2025 2598 2097; x_wconf 75' lang='grc' dir='ltr'>ἐτέρων</span> <span class='ocrx_word' id='word_1_369' title='bbox 2631 2029 2804 2082; x_wconf 83' lang='grc' dir='ltr'>ὄντων.</span> 
     </span>
    </p>
   </div>
   <div class='ocr_carea' id='block_1_52' title="bbox 2525 2169 3746 2244">
    <p class='ocr_par' dir='ltr' id='par_1_52' title="bbox 2525 2169 3746 2244">
     <span class='ocr_line' id='line_1_52' title="bbox 2525 2169 3746 2244; baseline 0.007 -23"><span class='ocrx_word' id='word_1_370' title='bbox 2525 2173 2668 2223; x_wconf 71' lang='grc' dir='ltr'><strong>ΚΕΦ.</strong></span> <span class='ocrx_word' id='word_1_371' title='bbox 2707 2169 2832 2224; x_wconf 74' lang='lat' dir='ltr'><strong>ME&#39;.</strong></span> <span class='ocrx_word' id='word_1_372' title='bbox 2867 2173 2992 2244; x_wconf 81' lang='grc' dir='ltr'>Περὶ</span> <span class='ocrx_word' id='word_1_373' title='bbox 3021 2176 3118 2233; x_wconf 81' lang='grc' dir='ltr'>τῆς</span> <span class='ocrx_word' id='word_1_374' title='bbox 3146 2174 3261 2224; x_wconf 78' lang='grc' dir='ltr'>ὄνου</span> <span class='ocrx_word' id='word_1_375' title='bbox 3291 2177 3381 2226; x_wconf 82' lang='grc' dir='ltr'>καὶ</span> <span class='ocrx_word' id='word_1_376' title='bbox 3411 2181 3504 2227; x_wconf 85' lang='grc' dir='ltr'>τοῦ</span> <span class='ocrx_word' id='word_1_377' title='bbox 3535 2176 3746 2232; x_wconf 84' lang='grc' dir='ltr'>πώλου.</span> 
     </span>
    </p>
   </div>
   <div class='ocr_carea' id='block_1_53' title="bbox 2395 2327 3948 2396">
    <p class='ocr_par' dir='ltr' id='par_1_53' title="bbox 2395 2327 3948 2396">
     <span class='ocr_line' id='line_1_53' title="bbox 2395 2327 3948 2396; baseline 0.006 -17"><span class='ocrx_word' id='word_1_378' title='bbox 2395 2333 2494 2380; x_wconf 81' lang='grc' dir='ltr'><strong>Καὶ</strong></span> <span class='ocrx_word' id='word_1_379' title='bbox 2546 2330 2628 2380; x_wconf 85' lang='grc' dir='ltr'><strong>ὅτε</strong></span> <span class='ocrx_word' id='word_1_380' title='bbox 2676 2360 2744 2371; x_wconf 91' lang='lat'><strong>-—</strong></span> <span class='ocrx_word' id='word_1_381' title='bbox 2815 2330 3033 2393; x_wconf 84' lang='grc' dir='ltr'>αύτούς.</span> <span class='ocrx_word' id='word_1_382' title='bbox 3103 2327 3244 2390; x_wconf 80' lang='grc' dir='ltr'>Ἤδη</span> <span class='ocrx_word' id='word_1_383' title='bbox 3299 2341 3396 2396; x_wconf 81' lang='grc' dir='ltr'>τῆς</span> <span class='ocrx_word' id='word_1_384' title='bbox 3457 2334 3707 2396; x_wconf 77' lang='grc' dir='ltr'>τελευτῆς</span> <span class='ocrx_word' id='word_1_385' title='bbox 3777 2337 3948 2389; x_wconf 75' lang='grc' dir='ltr'>αὐτοῦ</span> 
     </span>
    </p>
   </div>
   <div class='ocr_carea' id='block_1_54' title="bbox 2321 2418 3936 2496">
    <p class='ocr_par' dir='ltr' id='par_1_54' title="bbox 2321 2418 3936 2496">
     <span class='ocr_line' id='line_1_54' title="bbox 2321 2418 3936 2496; baseline 0.004 -28"><span class='ocrx_word' id='word_1_386' title='bbox 2321 2418 2803 2490; x_wconf 76' lang='grc' dir='ltr'>προσεγγιζούσης,</span> <span class='ocrx_word' id='word_1_387' title='bbox 2902 2419 3426 2496; x_wconf 76' lang='grc' dir='ltr'>ἕξουσιειστικὼτερον</span> <span class='ocrx_word' id='word_1_388' title='bbox 3513 2423 3736 2474; x_wconf 72' lang='grc' dir='ltr'>ἅπτεται</span> <span class='ocrx_word' id='word_1_389' title='bbox 3835 2432 3936 2474; x_wconf 84' lang='grc' dir='ltr'><strong>τῶν</strong></span> 
     </span>
    </p>
   </div>
   <div class='ocr_carea' id='block_1_55' title="bbox 2320 2506 3932 2582">
    <p class='ocr_par' dir='ltr' id='par_1_55' title="bbox 2320 2506 3932 2582">
     <span class='ocr_line' id='line_1_55' title="bbox 2320 2506 3932 2582; baseline 0.002 -26"><span class='ocrx_word' id='word_1_390' title='bbox 2320 2508 2662 2577; x_wconf 75' lang='grc' dir='ltr'>πραγμάτων,</span> <span class='ocrx_word' id='word_1_391' title='bbox 2709 2512 2800 2560; x_wconf 83' lang='grc' dir='ltr'><strong>καὶ</strong></span> <span class='ocrx_word' id='word_1_392' title='bbox 2841 2506 2949 2560; x_wconf 69' lang='grc' dir='ltr'>ἐπεὶ</span> <span class='ocrx_word' id='word_1_393' title='bbox 2995 2515 3342 2582; x_wconf 71' lang='grc' dir='ltr'>προεφάτευσε</span> <span class='ocrx_word' id='word_1_394' title='bbox 3379 2512 3440 2561; x_wconf 81' lang='grc' dir='ltr'>τὰ</span> <span class='ocrx_word' id='word_1_395' title='bbox 3482 2512 3618 2561; x_wconf 80' lang='grc' dir='ltr'>κατὰ</span> <span class='ocrx_word' id='word_1_396' title='bbox 3668 2514 3768 2568; x_wconf 74' lang='grc' dir='ltr'><strong>τήν</strong></span> <span class='ocrx_word' id='word_1_397' title='bbox 3815 2513 3932 2562; x_wconf 81' lang='grc' dir='ltr'>ὄνον</span> 
     </span>
    </p>
   </div>
   <div class='ocr_carea' id='block_1_56' title="bbox 2318 2595 3931 2674">
    <p class='ocr_par' dir='ltr' id='par_1_56' title="bbox 2318 2595 3931 2674">
     <span class='ocr_line' id='line_1_56' title="bbox 2318 2595 3931 2674; baseline 0.003 -29"><span class='ocrx_word' id='word_1_398' title='bbox 2318 2599 2408 2645; x_wconf 80' lang='grc' dir='ltr'>καὶ</span> <span class='ocrx_word' id='word_1_399' title='bbox 2455 2598 2538 2646; x_wconf 83' lang='grc' dir='ltr'>τὸν</span> <span class='ocrx_word' id='word_1_400' title='bbox 2583 2595 2770 2662; x_wconf 85' lang='grc' dir='ltr'>πῶλον,</span> <span class='ocrx_word' id='word_1_401' title='bbox 2821 2595 3018 2663; x_wconf 84' lang='grc' dir='ltr'>λοιπὸν,</span> <span class='ocrx_word' id='word_1_402' title='bbox 3074 2601 3144 2658; x_wconf 82' lang='grc' dir='ltr'>ὡς</span> <span class='ocrx_word' id='word_1_403' title='bbox 3200 2601 3380 2674; x_wconf 74' lang='grc' dir='ltr'>Κύριος</span> <span class='ocrx_word' id='word_1_404' title='bbox 3434 2600 3662 2666; x_wconf 77' lang='grc' dir='ltr'>πάντων,</span> <span class='ocrx_word' id='word_1_405' title='bbox 3731 2597 3931 2651; x_wconf 88' lang='grc' dir='ltr'>κελεύει</span> 
     </span>
    </p>
   </div>
   <div class='ocr_carea' id='block_1_57' title="bbox 2318 2681 3929 2762">
    <p class='ocr_par' dir='ltr' id='par_1_57' title="bbox 2318 2681 3929 2762">
     <span class='ocr_line' id='line_1_57' title="bbox 2318 2681 3929 2762; baseline 0.004 -28"><span class='ocrx_word' id='word_1_406' title='bbox 2318 2690 2424 2743; x_wconf 85' lang='grc' dir='ltr'>τοῖς</span> <span class='ocrx_word' id='word_1_407' title='bbox 2486 2681 2945 2756; x_wconf 75' lang='grc' dir='ltr'>ἀποστελλομένοις</span> <span class='ocrx_word' id='word_1_408' title='bbox 2991 2687 3168 2751; x_wconf 84' lang='grc' dir='ltr'>εἰπεῖν,</span> <span class='ocrx_word' id='word_1_409' title='bbox 3233 2689 3314 2740; x_wconf 87' lang='grc' dir='ltr'>ὄτι</span> <span class='ocrx_word' id='word_1_410' title='bbox 3357 2687 3416 2741; x_wconf 83' lang='grc'><strong>’0</strong></span> <span class='ocrx_word' id='word_1_411' title='bbox 3473 2689 3671 2762; x_wconf 74' lang='grc' dir='ltr'>Κύριος</span> <span class='ocrx_word' id='word_1_412' title='bbox 3736 2691 3929 2761; x_wconf 84' lang='grc' dir='ltr'>χρείαν</span> 
     </span>
    </p>
   </div>
   <div class='ocr_carea' id='block_1_58' title="bbox 2321 2773 3937 2850">
    <p class='ocr_par' dir='ltr' id='par_1_58' title="bbox 2321 2773 3937 2850">
     <span class='ocr_line' id='line_1_58' title="bbox 2321 2773 3937 2850; baseline 0.005 -28"><span class='ocrx_word' id='word_1_413' title='bbox 2321 2773 2487 2822; x_wconf 62' lang='grc' dir='ltr'>αὐτῶν</span> <span class='ocrx_word' id='word_1_414' title='bbox 2551 2775 2681 2842; x_wconf 82' lang='grc' dir='ltr'>ἔχει,</span> <span class='ocrx_word' id='word_1_415' title='bbox 2737 2778 2826 2826; x_wconf 80' lang='grc' dir='ltr'>καὶ</span> <span class='ocrx_word' id='word_1_416' title='bbox 2877 2778 3005 2846; x_wconf 85' lang='grc' dir='ltr'><strong>μετά</strong></span> <span class='ocrx_word' id='word_1_417' title='bbox 3063 2780 3154 2834; x_wconf 77' lang='grc' dir='ltr'><strong>τὴν</strong></span> <span class='ocrx_word' id='word_1_418' title='bbox 3212 2782 3400 2848; x_wconf 78' lang='grc' dir='ltr'>χρείαν</span> <span class='ocrx_word' id='word_1_419' title='bbox 3459 2776 3789 2850; x_wconf 79' lang='grc' dir='ltr'>ἀντιστρέφει</span> <span class='ocrx_word' id='word_1_420' title='bbox 3845 2777 3937 2829; x_wconf 78' lang='grc' dir='ltr'><strong>αὖ·</strong></span> 
     </span>
    </p>
   </div>
   <div class='ocr_carea' id='block_1_59' title="bbox 2318 2864 3936 2936">
    <p class='ocr_par' dir='ltr' id='par_1_59' title="bbox 2318 2864 3936 2936">
     <span class='ocr_line' id='line_1_59' title="bbox 2318 2864 3936 2936; baseline 0.004 -25"><span class='ocrx_word' id='word_1_421' title='bbox 2318 2865 2437 2922; x_wconf 84' lang='grc' dir='ltr'>τούς</span> <span class='ocrx_word' id='word_1_422' title='bbox 2488 2865 2612 2934; x_wconf 81' lang='grc' dir='ltr'>πρὸς</span> <span class='ocrx_word' id='word_1_423' title='bbox 2659 2865 2782 2923; x_wconf 86' lang='grc' dir='ltr'>τούς</span> <span class='ocrx_word' id='word_1_424' title='bbox 2825 2869 3039 2936; x_wconf 78' lang='grc' dir='ltr'>κυρίους</span> <span class='ocrx_word' id='word_1_425' title='bbox 3088 2864 3275 2918; x_wconf 69' lang='grc' dir='ltr'>αὐτῶν.</span> <span class='ocrx_word' id='word_1_426' title='bbox 3321 2865 3476 2919; x_wconf 81' lang='grc' dir='ltr'>Ἀλλὰ</span> <span class='ocrx_word' id='word_1_427' title='bbox 3527 2867 3805 2926; x_wconf 82' lang='grc' dir='ltr'>Ματθαίος</span> <span class='ocrx_word' id='word_1_428' title='bbox 3844 2867 3936 2936; x_wconf 71' lang='grc' dir='ltr'>μὶν</span> 
     </span>
    </p>
   </div>
   <div class='ocr_carea' id='block_1_60' title="bbox 2319 2950 3936 3027">
    <p class='ocr_par' dir='ltr' id='par_1_60' title="bbox 2319 2950 3936 3027">
     <span class='ocr_line' id='line_1_60' title="bbox 2319 2950 3936 3027; baseline 0.006 -28"><span class='ocrx_word' id='word_1_429' title='bbox 2319 2952 2429 3000; x_wconf 78' lang='grc' dir='ltr'>ὄνον</span> <span class='ocrx_word' id='word_1_430' title='bbox 2505 2955 2594 3001; x_wconf 81' lang='grc' dir='ltr'>καὶ</span> <span class='ocrx_word' id='word_1_431' title='bbox 2658 2950 2826 3002; x_wconf 85' lang='grc' dir='ltr'>πῶλον</span> <span class='ocrx_word' id='word_1_432' title='bbox 2897 2951 3051 3023; x_wconf 72' lang='grc' dir='ltr'>λέγει·</span> <span class='ocrx_word' id='word_1_433' title='bbox 3107 2956 3317 3025; x_wconf 85' lang='grc' dir='ltr'>Μάρκος</span> <span class='ocrx_word' id='word_1_434' title='bbox 3375 2951 3435 3008; x_wconf 67' lang='grc' dir='ltr'>δὲ</span> <span class='ocrx_word' id='word_1_435' title='bbox 3507 2955 3682 3008; x_wconf 83' lang='grc' dir='ltr'>πῶλον</span> <span class='ocrx_word' id='word_1_436' title='bbox 3759 2959 3936 3027; x_wconf 86' lang='grc' dir='ltr'>μόνον.</span> 
     </span>
    </p>
   </div>
   <div class='ocr_carea' id='block_1_61' title="bbox 2323 3037 3939 3118">
    <p class='ocr_par' dir='ltr' id='par_1_61' title="bbox 2323 3037 3939 3118">
     <span class='ocr_line' id='line_1_61' title="bbox 2323 3037 3939 3118; baseline 0.004 -29"><span class='ocrx_word' id='word_1_437' title='bbox 2323 3037 2581 3112; x_wconf 80' lang='grc' dir='ltr'>Εύρησετε</span> <span class='ocrx_word' id='word_1_438' title='bbox 2653 3041 2779 3112; x_wconf 74' lang='grc' dir='ltr'>γὰρ,</span> <span class='ocrx_word' id='word_1_439' title='bbox 2857 3046 3009 3113; x_wconf 74' lang='grc' dir='ltr'>φησι,</span> <span class='ocrx_word' id='word_1_440' title='bbox 3096 3041 3264 3094; x_wconf 85' lang='grc' dir='ltr'>πῶλον</span> <span class='ocrx_word' id='word_1_441' title='bbox 3340 3039 3636 3118; x_wconf 78' lang='grc' dir='ltr'>δεδεμένον,</span> <span class='ocrx_word' id='word_1_442' title='bbox 3730 3042 3805 3117; x_wconf 73' lang='grc' dir='ltr'><strong>ἐφ’</strong></span> <span class='ocrx_word' id='word_1_443' title='bbox 3885 3045 3939 3095; x_wconf 87' lang='grc' dir='ltr'>ὃν</span> 
     </span>
    </p>
   </div>
   <div class='ocr_carea' id='block_1_62' title="bbox 558 3119 2215 3206">
    <p class='ocr_par' dir='ltr' id='par_1_62' title="bbox 558 3119 2210 3194">
     <span class='ocr_line' id='line_1_62' title="bbox 558 3119 2210 3194; baseline -0.001 -16"><span class='ocrx_word' id='word_1_444' title='bbox 558 3131 760 3180; x_wconf 86' lang='lat' dir='ltr'><strong>autem</strong></span> <span class='ocrx_word' id='word_1_445' title='bbox 785 3124 986 3180; x_wconf 87' lang='lat' dir='ltr'><strong>scribit</strong></span> <span class='ocrx_word' id='word_1_446' title='bbox 999 3129 1054 3180; x_wconf 93' lang='lat' dir='ltr'><strong>et</strong></span> <span class='ocrx_word' id='word_1_447' title='bbox 1069 3127 1253 3180; x_wconf 84' lang='lat' dir='ltr'><strong>Lucas</strong></span> <span class='ocrx_word' id='word_1_448' title='bbox 1270 3125 1338 3178; x_wconf 73' lang='grc'><strong>⁸⁷.</strong></span> <span class='ocrx_word' id='word_1_449' title='bbox 1353 3125 1610 3179; x_wconf 82' lang='lat' dir='ltr'><strong>Joannes</strong></span> <span class='ocrx_word' id='word_1_450' title='bbox 1625 3138 1760 3178; x_wconf 86' lang='lat' dir='ltr'><strong>vero</strong></span> <span class='ocrx_word' id='word_1_451' title='bbox 1775 3121 2003 3194; x_wconf 92' lang='lat' dir='ltr'><strong>pullum</strong></span> <span class='ocrx_word' id='word_1_452' title='bbox 2027 3119 2210 3176; x_wconf 66' lang='lat' dir='ltr'><strong>asina:</strong></span> 
     </span>
    </p>
   </div>
   <div class='ocr_carea' id='block_1_63' title="bbox 2322 3119 3940 3206">
    <p class='ocr_par' dir='ltr' id='par_1_63' title="bbox 2322 3123 3940 3206">
     <span class='ocr_line' id='line_1_63' title="bbox 2322 3123 3940 3206; baseline 0.004 -28"><span class='ocrx_word' id='word_1_453' title='bbox 2322 3123 2497 3187; x_wconf 74' lang='grc' dir='ltr'>οὐδεὶς</span> <span class='ocrx_word' id='word_1_454' title='bbox 2548 3126 2828 3202; x_wconf 78' lang='grc' dir='ltr'>ἀνθρώπων</span> <span class='ocrx_word' id='word_1_455' title='bbox 2889 3129 3147 3187; x_wconf 71' lang='grc' dir='ltr'>ἐκάθισεν.</span> <span class='ocrx_word' id='word_1_456' title='bbox 3201 3131 3424 3204; x_wconf 84' lang='grc' dir='ltr'>Ὁμοίως</span> <span class='ocrx_word' id='word_1_457' title='bbox 3480 3130 3539 3186; x_wconf 69' lang='grc' dir='ltr'>δὲ</span> <span class='ocrx_word' id='word_1_458' title='bbox 3594 3134 3790 3206; x_wconf 72' lang='grc' dir='ltr'>γράφει</span> <span class='ocrx_word' id='word_1_459' title='bbox 3851 3135 3940 3184; x_wconf 82' lang='grc' dir='ltr'>καὶ</span> 
     </span>
    </p>
   </div>
   <div class='ocr_carea' id='block_1_64' title="bbox 556 3211 2206 3286">
    <p class='ocr_par' dir='ltr' id='par_1_64' title="bbox 556 3211 2206 3286">
     <span class='ocr_line' id='line_1_64' title="bbox 556 3211 2206 3286; baseline -0.003 -17"><span class='ocrx_word' id='word_1_460' title='bbox 556 3214 718 3270; x_wconf 90' lang='lat' dir='ltr'><strong>hunc</strong></span> <span class='ocrx_word' id='word_1_461' title='bbox 762 3213 1087 3286; x_wconf 87' lang='lat' dir='ltr'><strong>appellavit</strong></span> <span class='ocrx_word' id='word_1_462' title='bbox 1134 3215 1202 3280; x_wconf 78' lang='grc'><strong>⁸⁸,</strong></span> <span class='ocrx_word' id='word_1_463' title='bbox 1261 3219 1551 3285; x_wconf 90' lang='lat' dir='ltr'><strong>tanquam</strong></span> <span class='ocrx_word' id='word_1_464' title='bbox 1611 3212 1890 3268; x_wconf 88' lang='lat' dir='ltr'><strong>tenellum</strong></span> <span class='ocrx_word' id='word_1_465' title='bbox 1945 3211 2206 3267; x_wconf 90' lang='lat' dir='ltr'><strong>asinum.</strong></span> 
     </span>
    </p>
   </div>
   <div class='ocr_carea' id='block_1_65' title="bbox 557 3299 2211 3375">
    <p class='ocr_par' dir='ltr' id='par_1_65' title="bbox 557 3299 2211 3375">
     <span class='ocr_line' id='line_1_65' title="bbox 557 3299 2211 3375; baseline -0.003 -16"><span class='ocrx_word' id='word_1_466' title='bbox 557 3303 710 3370; x_wconf 89' lang='lat' dir='ltr'><strong>Quid</strong></span> <span class='ocrx_word' id='word_1_467' title='bbox 737 3319 880 3374; x_wconf 89' lang='lat' dir='ltr'><strong>ergo</strong></span> <span class='ocrx_word' id='word_1_468' title='bbox 909 3303 1180 3359; x_wconf 90' lang='lat' dir='ltr'><strong>dicemus</strong></span> <span class='ocrx_word' id='word_1_469' title='bbox 1202 3306 1230 3358; x_wconf 80' lang='lat'><strong><em>?</em></strong></span> <span class='ocrx_word' id='word_1_470' title='bbox 1247 3302 1418 3369; x_wconf 87' lang='lat' dir='ltr'><strong>Quod</strong></span> <span class='ocrx_word' id='word_1_471' title='bbox 1448 3307 1694 3375; x_wconf 89' lang='lat' dir='ltr'><strong>utroque</strong></span> <span class='ocrx_word' id='word_1_472' title='bbox 1719 3318 1873 3375; x_wconf 91' lang='lat' dir='ltr'><strong>opus</strong></span> <span class='ocrx_word' id='word_1_473' title='bbox 1892 3305 2016 3357; x_wconf 89' lang='lat' dir='ltr'><strong>erat</strong></span> <span class='ocrx_word' id='word_1_474' title='bbox 2039 3299 2211 3359; x_wconf 86' lang='lat' dir='ltr'><strong>Chri-</strong></span> 
     </span>
    </p>
   </div>
   <div class='ocr_carea' id='block_1_66' title="bbox 557 3390 2210 3466">
    <p class='ocr_par' dir='ltr' id='par_1_66' title="bbox 557 3390 2210 3466">
     <span class='ocr_line' id='line_1_66' title="bbox 557 3390 2210 3466; baseline -0.002 -18"><span class='ocrx_word' id='word_1_475' title='bbox 557 3397 649 3449; x_wconf 86' lang='lat' dir='ltr'><strong>sto</strong></span> <span class='ocrx_word' id='word_1_476' title='bbox 683 3411 696 3452; x_wconf 90' lang='lat'>:</span> <span class='ocrx_word' id='word_1_477' title='bbox 727 3393 832 3449; x_wconf 90' lang='lat' dir='ltr'><strong>sed</strong></span> <span class='ocrx_word' id='word_1_478' title='bbox 872 3392 1035 3465; x_wconf 93' lang='lat' dir='ltr'><strong>pullo</strong></span> <span class='ocrx_word' id='word_1_479' title='bbox 1068 3399 1129 3449; x_wconf 91' lang='lat' dir='ltr'><strong>ut</strong></span> <span class='ocrx_word' id='word_1_480' title='bbox 1158 3409 1340 3466; x_wconf 89' lang='lat' dir='ltr'><strong>super</strong></span> <span class='ocrx_word' id='word_1_481' title='bbox 1380 3409 1518 3449; x_wconf 90' lang='lat' dir='ltr'><strong>eum</strong></span> <span class='ocrx_word' id='word_1_482' title='bbox 1545 3392 1872 3456; x_wconf 78' lang='lat' dir='ltr'><strong>veheretur,</strong></span> <span class='ocrx_word' id='word_1_483' title='bbox 1906 3390 2078 3447; x_wconf 88' lang='lat' dir='ltr'><strong>asina</strong></span> <span class='ocrx_word' id='word_1_484' title='bbox 2108 3405 2210 3445; x_wconf 92' lang='lat' dir='ltr'><strong>au-</strong></span> 
     </span>
    </p>
   </div>
   <div class='ocr_carea' id='block_1_67' title="bbox 557 3479 2212 3554">
    <p class='ocr_par' dir='ltr' id='par_1_67' title="bbox 557 3479 2212 3554">
     <span class='ocr_line' id='line_1_67' title="bbox 557 3479 2212 3554; baseline -0.003 -16"><span class='ocrx_word' id='word_1_485' title='bbox 557 3485 675 3538; x_wconf 88' lang='lat' dir='ltr'><strong>tem</strong></span> <span class='ocrx_word' id='word_1_486' title='bbox 707 3486 771 3537; x_wconf 91' lang='lat' dir='ltr'><strong>ut</strong></span> <span class='ocrx_word' id='word_1_487' title='bbox 801 3481 1026 3554; x_wconf 92' lang='lat' dir='ltr'><strong>pullum</strong></span> <span class='ocrx_word' id='word_1_488' title='bbox 1063 3487 1449 3554; x_wconf 88' lang='lat' dir='ltr'><strong>sequeretur:</strong></span> <span class='ocrx_word' id='word_1_489' title='bbox 1490 3481 1769 3554; x_wconf 74' lang='lat' dir='ltr'><strong>eXplebat</strong></span> <span class='ocrx_word' id='word_1_490' title='bbox 1789 3479 1948 3536; x_wconf 91' lang='lat' dir='ltr'><strong>enim</strong></span> <span class='ocrx_word' id='word_1_491' title='bbox 1994 3482 2212 3550; x_wconf 88' lang='lat' dir='ltr'><strong>myste-</strong></span> 
     </span>
    </p>
   </div>
   <div class='ocr_carea' id='block_1_68' title="bbox 552 3567 2210 3643">
    <p class='ocr_par' dir='ltr' id='par_1_68' title="bbox 552 3567 2210 3643">
     <span class='ocr_line' id='line_1_68' title="bbox 552 3567 2210 3643; baseline -0.005 -13"><span class='ocrx_word' id='word_1_492' title='bbox 552 3573 712 3630; x_wconf 87' lang='lat' dir='ltr'><strong>rium</strong></span> <span class='ocrx_word' id='word_1_493' title='bbox 742 3571 908 3643; x_wconf 89' lang='lat' dir='ltr'><strong>quod</strong></span> <span class='ocrx_word' id='word_1_494' title='bbox 934 3571 1133 3627; x_wconf 84' lang='lat' dir='ltr'><strong>futura</strong></span> <span class='ocrx_word' id='word_1_495' title='bbox 1163 3571 1608 3642; x_wconf 67' lang='lat' dir='ltr'><strong>prmﬁgurabat.</strong></span> <span class='ocrx_word' id='word_1_496' title='bbox 1640 3572 1705 3624; x_wconf 84' lang='lat' dir='ltr'><strong>Et</strong></span> <span class='ocrx_word' id='word_1_497' title='bbox 1741 3573 1864 3624; x_wconf 85' lang='lat' dir='ltr'><strong>erat</strong></span> <span class='ocrx_word' id='word_1_498' title='bbox 1912 3568 2114 3638; x_wconf 91' lang='lat' dir='ltr'><strong>pullus</strong></span> <span class='ocrx_word' id='word_1_499' title='bbox 2149 3567 2210 3622; x_wconf 92' lang='lat' dir='ltr'><strong>in</strong></span> 
     </span>
    </p>
   </div>
   <div class='ocr_carea' id='block_1_69' title="bbox 552 3655 2211 3730">
    <p class='ocr_par' dir='ltr' id='par_1_69' title="bbox 552 3655 2211 3730">
     <span class='ocr_line' id='line_1_69' title="bbox 552 3655 2211 3730; baseline -0.003 -13"><span class='ocrx_word' id='word_1_500' title='bbox 552 3661 813 3730; x_wconf 88' lang='lat' dir='ltr'><strong>ﬁguram</strong></span> <span class='ocrx_word' id='word_1_501' title='bbox 845 3660 984 3714; x_wconf 87' lang='lat' dir='ltr'><strong>novi</strong></span> <span class='ocrx_word' id='word_1_502' title='bbox 1004 3675 1035 3713; x_wconf 93' lang='lat' dir='ltr'><strong>e</strong></span> <span class='ocrx_word' id='word_1_503' title='bbox 1060 3660 1336 3728; x_wconf 87' lang='lat' dir='ltr'><strong>gentibus</strong></span> <span class='ocrx_word' id='word_1_504' title='bbox 1367 3658 1586 3730; x_wconf 91' lang='lat' dir='ltr'><strong>populi,</strong></span> <span class='ocrx_word' id='word_1_505' title='bbox 1615 3656 1845 3713; x_wconf 88' lang='lat' dir='ltr'><strong>venturi</strong></span> <span class='ocrx_word' id='word_1_506' title='bbox 1897 3656 1972 3712; x_wconf 89' lang='lat' dir='ltr'><strong>ad</strong></span> <span class='ocrx_word' id='word_1_507' title='bbox 2026 3655 2211 3712; x_wconf 87' lang='lat' dir='ltr'><strong>ﬁdem</strong></span> 
     </span>
    </p>
   </div>
   <div class='ocr_carea' id='block_1_70' title="bbox 553 3745 2207 3822">
    <p class='ocr_par' dir='ltr' id='par_1_70' title="bbox 553 3745 2207 3822">
     <span class='ocr_line' id='line_1_70' title="bbox 553 3745 2207 3822; baseline 0 -19"><span class='ocrx_word' id='word_1_508' title='bbox 553 3764 690 3822; x_wconf 76' lang='lat' dir='ltr'><strong>quae</strong></span> <span class='ocrx_word' id='word_1_509' title='bbox 717 3753 808 3804; x_wconf 89' lang='lat' dir='ltr'><strong>est</strong></span> <span class='ocrx_word' id='word_1_510' title='bbox 836 3748 897 3802; x_wconf 92' lang='lat' dir='ltr'><strong>in</strong></span> <span class='ocrx_word' id='word_1_511' title='bbox 925 3747 1242 3812; x_wconf 85' lang='lat' dir='ltr'><strong>Christum.</strong></span> <span class='ocrx_word' id='word_1_512' title='bbox 1298 3747 1403 3819; x_wconf 90' lang='lat' dir='ltr'><strong>qui</strong></span> <span class='ocrx_word' id='word_1_513' title='bbox 1430 3747 1508 3802; x_wconf 90' lang='lat' dir='ltr'><strong>ad</strong></span> <span class='ocrx_word' id='word_1_514' title='bbox 1551 3745 1766 3802; x_wconf 58' lang='lat' dir='ltr'><strong>divina;</strong></span> <span class='ocrx_word' id='word_1_515' title='bbox 1822 3745 1972 3816; x_wconf 88' lang='lat' dir='ltr'><strong>legis</strong></span> <span class='ocrx_word' id='word_1_516' title='bbox 1998 3746 2207 3817; x_wconf 88' lang='lat' dir='ltr'><strong>jngum</strong></span> 
     </span>
    </p>
   </div>
   <div class='ocr_carea' id='block_1_71' title="bbox 553 3835 2207 3908">
    <p class='ocr_par' dir='ltr' id='par_1_71' title="bbox 553 3835 2207 3908">
     <span class='ocr_line' id='line_1_71' title="bbox 553 3835 2207 3908; baseline -0.001 -15"><span class='ocrx_word' id='word_1_517' title='bbox 553 3837 972 3894; x_wconf 78' lang='lat' dir='ltr'><strong>inexercitatus</strong></span> <span class='ocrx_word' id='word_1_518' title='bbox 1024 3841 1171 3902; x_wconf 89' lang='lat' dir='ltr'><strong>erat,</strong></span> <span class='ocrx_word' id='word_1_519' title='bbox 1205 3852 1386 3908; x_wconf 88' lang='lat' dir='ltr'><strong>super</strong></span> <span class='ocrx_word' id='word_1_520' title='bbox 1434 3851 1616 3908; x_wconf 88' lang='lat' dir='ltr'><strong>quem</strong></span> <span class='ocrx_word' id='word_1_521' title='bbox 1655 3835 1854 3891; x_wconf 90' lang='lat' dir='ltr'><strong>nullus</strong></span> <span class='ocrx_word' id='word_1_522' title='bbox 1895 3836 2207 3893; x_wconf 92' lang='lat' dir='ltr'><strong>hominum</strong></span> 
     </span>
    </p>
   </div>
   <div class='ocr_carea' id='block_1_72' title="bbox 555 3924 2208 3998">
    <p class='ocr_par' dir='ltr' id='par_1_72' title="bbox 555 3924 2208 3998">
     <span class='ocr_line' id='line_1_72' title="bbox 555 3924 2208 3998; baseline 0.001 -16"><span class='ocrx_word' id='word_1_523' title='bbox 555 3926 812 3991; x_wconf 85' lang='lat' dir='ltr'><strong>sederat,</strong></span> <span class='ocrx_word' id='word_1_524' title='bbox 856 3925 1148 3997; x_wconf 86' lang='lat' dir='ltr'><strong>propheta</strong></span> <span class='ocrx_word' id='word_1_525' title='bbox 1200 3924 1469 3981; x_wconf 80' lang='lat' dir='ltr'><strong>videlicet</strong></span> <span class='ocrx_word' id='word_1_526' title='bbox 1514 3924 1602 3981; x_wconf 89' lang='lat' dir='ltr'><strong>vel</strong></span> <span class='ocrx_word' id='word_1_527' title='bbox 1643 3924 1968 3998; x_wconf 87' lang='lat' dir='ltr'><strong>apostolus.</strong></span> <span class='ocrx_word' id='word_1_528' title='bbox 2026 3925 2208 3983; x_wconf 83' lang='lat' dir='ltr'><strong>Asina</strong></span> 
     </span>
    </p>
   </div>
   <div class='ocr_carea' id='block_1_73' title="bbox 552 4013 2208 4087">
    <p class='ocr_par' dir='ltr' id='par_1_73' title="bbox 552 4013 2208 4087">
     <span class='ocr_line' id='line_1_73' title="bbox 552 4013 2208 4087; baseline 0 -16"><span class='ocrx_word' id='word_1_529' title='bbox 552 4030 694 4071; x_wconf 86' lang='lat' dir='ltr'><strong>vero</strong></span> <span class='ocrx_word' id='word_1_530' title='bbox 721 4015 786 4070; x_wconf 90' lang='lat' dir='ltr'><strong>in</strong></span> <span class='ocrx_word' id='word_1_531' title='bbox 819 4019 1030 4086; x_wconf 85' lang='lat' dir='ltr'><strong>typum</strong></span> <span class='ocrx_word' id='word_1_532' title='bbox 1049 4014 1261 4070; x_wconf 83' lang='lat' dir='ltr'><strong>veteris</strong></span> <span class='ocrx_word' id='word_1_533' title='bbox 1286 4029 1318 4070; x_wconf 90' lang='lat' dir='ltr'><strong>e</strong></span> <span class='ocrx_word' id='word_1_534' title='bbox 1347 4013 1565 4070; x_wconf 69' lang='lat' dir='ltr'><strong>Iudaeis</strong></span> <span class='ocrx_word' id='word_1_535' title='bbox 1595 4013 1799 4087; x_wconf 87' lang='lat' dir='ltr'><strong>populi</strong></span> <span class='ocrx_word' id='word_1_536' title='bbox 1818 4015 1930 4070; x_wconf 90' lang='lat' dir='ltr'><strong>sub</strong></span> <span class='ocrx_word' id='word_1_537' title='bbox 1953 4015 2102 4087; x_wconf 73' lang='lat' dir='ltr'><strong>jugo</strong></span> <span class='ocrx_word' id='word_1_538' title='bbox 2125 4014 2208 4071; x_wconf 89' lang='lat' dir='ltr'><strong>le-</strong></span> 
     </span>
    </p>
   </div>
   <div class='ocr_carea' id='block_1_74' title="bbox 553 4102 2207 4176">
    <p class='ocr_par' dir='ltr' id='par_1_74' title="bbox 553 4102 2207 4176">
     <span class='ocr_line' id='line_1_74' title="bbox 553 4102 2207 4176; baseline 0 -17"><span class='ocrx_word' id='word_1_539' title='bbox 553 4104 643 4175; x_wconf 89' lang='lat' dir='ltr'><strong>gis</strong></span> <span class='ocrx_word' id='word_1_540' title='bbox 663 4103 954 4176; x_wconf 89' lang='lat' dir='ltr'><strong>degentis.</strong></span> <span class='ocrx_word' id='word_1_541' title='bbox 977 4107 1040 4160; x_wconf 89' lang='lat' dir='ltr'><strong>Et</strong></span> <span class='ocrx_word' id='word_1_542' title='bbox 1067 4102 1271 4176; x_wconf 91' lang='lat' dir='ltr'><strong>pullus</strong></span> <span class='ocrx_word' id='word_1_543' title='bbox 1291 4104 1540 4176; x_wconf 88' lang='lat' dir='ltr'><strong>quidem</strong></span> <span class='ocrx_word' id='word_1_544' title='bbox 1561 4102 1857 4161; x_wconf 89' lang='lat' dir='ltr'><strong>Christum</strong></span> <span class='ocrx_word' id='word_1_545' title='bbox 1882 4105 2041 4161; x_wconf 85' lang='lat' dir='ltr'><strong>vehit</strong></span> <span class='ocrx_word' id='word_1_546' title='bbox 2067 4105 2207 4160; x_wconf 90' lang='lat' dir='ltr'><strong>insi-</strong></span> 
     </span>
    </p>
   </div>
   <div class='ocr_carea' id='block_1_75' title="bbox 551 4194 2205 4268">
    <p class='ocr_par' dir='ltr' id='par_1_75' title="bbox 551 4194 2205 4268">
     <span class='ocr_line' id='line_1_75' title="bbox 551 4194 2205 4268; baseline 0 -18"><span class='ocrx_word' id='word_1_547' title='bbox 551 4194 813 4262; x_wconf 89' lang='lat' dir='ltr'><strong>dentem,</strong></span> <span class='ocrx_word' id='word_1_548' title='bbox 841 4195 1012 4250; x_wconf 89' lang='lat' dir='ltr'><strong>asina</strong></span> <span class='ocrx_word' id='word_1_549' title='bbox 1051 4209 1194 4250; x_wconf 85' lang='lat' dir='ltr'><strong>vero</strong></span> <span class='ocrx_word' id='word_1_550' title='bbox 1223 4194 1510 4267; x_wconf 86' lang='lat' dir='ltr'><strong>sequitur,</strong></span> <span class='ocrx_word' id='word_1_551' title='bbox 1542 4195 1791 4252; x_wconf 91' lang='lat' dir='ltr'><strong>docente</strong></span> <span class='ocrx_word' id='word_1_552' title='bbox 1821 4196 2016 4268; x_wconf 87' lang='lat' dir='ltr'><strong>reipsa</strong></span> <span class='ocrx_word' id='word_1_553' title='bbox 2039 4194 2205 4266; x_wconf 89' lang='lat' dir='ltr'><strong>quod</strong></span> 
     </span>
    </p>
   </div>
   <div class='ocr_carea' id='block_1_76' title="bbox 551 4282 2203 4357">
    <p class='ocr_par' dir='ltr' id='par_1_76' title="bbox 551 4282 2203 4357">
     <span class='ocr_line' id='line_1_76' title="bbox 551 4282 2203 4357; baseline -0.001 -17"><span class='ocrx_word' id='word_1_554' title='bbox 551 4288 872 4357; x_wconf 90' lang='lat' dir='ltr'><strong>postquam</strong></span> <span class='ocrx_word' id='word_1_555' title='bbox 927 4283 1191 4339; x_wconf 89' lang='lat' dir='ltr'><strong>Christus</strong></span> <span class='ocrx_word' id='word_1_556' title='bbox 1233 4282 1513 4354; x_wconf 85' lang='lat' dir='ltr'><strong>gentibus</strong></span> <span class='ocrx_word' id='word_1_557' title='bbox 1557 4283 1856 4350; x_wconf 85' lang='lat' dir='ltr'><strong>insederit,</strong></span> <span class='ocrx_word' id='word_1_558' title='bbox 1900 4289 1957 4340; x_wconf 88' lang='lat' dir='ltr'><strong>et</strong></span> <span class='ocrx_word' id='word_1_559' title='bbox 2001 4285 2059 4339; x_wconf 93' lang='lat' dir='ltr'><strong>in</strong></span> <span class='ocrx_word' id='word_1_560' title='bbox 2118 4284 2203 4339; x_wconf 92' lang='lat' dir='ltr'><strong>eis</strong></span> 
     </span>
    </p>
   </div>
   <div class='ocr_carea' id='block_1_77' title="bbox 551 4373 2206 4448">
    <p class='ocr_par' dir='ltr' id='par_1_77' title="bbox 551 4373 2206 4448">
     <span class='ocr_line' id='line_1_77' title="bbox 551 4373 2206 4448; baseline 0 -19"><span class='ocrx_word' id='word_1_561' title='bbox 551 4377 840 4448; x_wconf 87' lang='lat' dir='ltr'><strong>tanquam</strong></span> <span class='ocrx_word' id='word_1_562' title='bbox 867 4373 929 4429; x_wconf 92' lang='lat' dir='ltr'><strong>in</strong></span> <span class='ocrx_word' id='word_1_563' title='bbox 964 4388 1026 4430; x_wconf 91' lang='lat' dir='ltr'><strong>se</strong></span> <span class='ocrx_word' id='word_1_564' title='bbox 1056 4373 1438 4430; x_wconf 87' lang='lat' dir='ltr'><strong>credentibus</strong></span> <span class='ocrx_word' id='word_1_565' title='bbox 1470 4375 1845 4447; x_wconf 87' lang='lat' dir='ltr'><strong>requieverit,</strong></span> <span class='ocrx_word' id='word_1_566' title='bbox 1881 4378 2206 4446; x_wconf 89' lang='lat' dir='ltr'><strong>sequentur</strong></span> 
     </span>
    </p>
   </div>
   <div class='ocr_carea' id='block_1_78' title="bbox 2326 3216 3941 3280">
    <p class='ocr_par' dir='ltr' id='par_1_78' title="bbox 2326 3216 3941 3280">
     <span class='ocr_line' id='line_1_78' title="bbox 2326 3216 3941 3280; baseline 0.002 -13"><span class='ocrx_word' id='word_1_567' title='bbox 2326 3222 2546 3276; x_wconf 79' lang='grc' dir='ltr'>Λουκᾶς.</span> <span class='ocrx_word' id='word_1_568' title='bbox 2600 3222 2698 3268; x_wconf 83' lang='grc' dir='ltr'><strong>Καὶ</strong></span> <span class='ocrx_word' id='word_1_569' title='bbox 2749 3219 2774 3269; x_wconf 86' lang='grc' dir='ltr'><strong><em>ὁ</em></strong></span> <span class='ocrx_word' id='word_1_570' title='bbox 2826 3217 3062 3280; x_wconf 81' lang='grc' dir='ltr'>Ἰωάννης</span> <span class='ocrx_word' id='word_1_571' title='bbox 3113 3216 3172 3273; x_wconf 82' lang='grc' dir='ltr'><strong>δε</strong></span> <span class='ocrx_word' id='word_1_572' title='bbox 3215 3224 3302 3273; x_wconf 88' lang='grc' dir='ltr'>τὸν</span> <span class='ocrx_word' id='word_1_573' title='bbox 3357 3221 3524 3275; x_wconf 86' lang='grc' dir='ltr'>πῶλον</span> <span class='ocrx_word' id='word_1_574' title='bbox 3580 3229 3768 3274; x_wconf 80' lang='grc' dir='ltr'>τοῦτον</span> <span class='ocrx_word' id='word_1_575' title='bbox 3819 3219 3941 3271; x_wconf 84' lang='grc' dir='ltr'>ὀνά-</span> 
     </span>
    </p>
   </div>
   <div class='ocr_carea' id='block_1_79' title="bbox 2323 3305 3941 3380">
    <p class='ocr_par' dir='ltr' id='par_1_79' title="bbox 2323 3305 3941 3380">
     <span class='ocr_line' id='line_1_79' title="bbox 2323 3305 3941 3380; baseline 0.002 -24"><span class='ocrx_word' id='word_1_576' title='bbox 2323 3324 2432 3379; x_wconf 89' lang='grc' dir='ltr'>ριον</span> <span class='ocrx_word' id='word_1_577' title='bbox 2490 3305 2776 3378; x_wconf 82' lang='grc' dir='ltr'>ὠνόμασεν,</span> <span class='ocrx_word' id='word_1_578' title='bbox 2831 3309 2896 3368; x_wconf 81' lang='grc' dir='ltr'>ὡς</span> <span class='ocrx_word' id='word_1_579' title='bbox 2965 3312 3074 3361; x_wconf 78' lang='grc' dir='ltr'>ὄνον</span> <span class='ocrx_word' id='word_1_580' title='bbox 3125 3312 3255 3380; x_wconf 71' lang='grc' dir='ltr'>νέον,</span> <span class='ocrx_word' id='word_1_581' title='bbox 3310 3311 3420 3364; x_wconf 77' lang='grc' dir='ltr'>ἐπεὶ</span> <span class='ocrx_word' id='word_1_582' title='bbox 3478 3315 3568 3364; x_wconf 86' lang='grc' dir='ltr'>καὶ</span> <span class='ocrx_word' id='word_1_583' title='bbox 3625 3310 3822 3377; x_wconf 87' lang='grc' dir='ltr'>πῶλος,</span> <span class='ocrx_word' id='word_1_584' title='bbox 3883 3309 3941 3361; x_wconf 88' lang='grc' dir='ltr'>τὸ</span> 
     </span>
    </p>
   </div>
   <div class='ocr_carea' id='block_1_80' title="bbox 2325 3395 3944 3474">
    <p class='ocr_par' dir='ltr' id='par_1_80' title="bbox 2325 3395 3944 3474">
     <span class='ocr_line' id='line_1_80' title="bbox 2325 3395 3944 3474; baseline 0.004 -29"><span class='ocrx_word' id='word_1_585' title='bbox 2325 3403 2418 3456; x_wconf 86' lang='grc' dir='ltr'>τῆς</span> <span class='ocrx_word' id='word_1_586' title='bbox 2471 3398 2586 3446; x_wconf 79' lang='grc' dir='ltr'>ὄνου</span> <span class='ocrx_word' id='word_1_587' title='bbox 2647 3396 2926 3471; x_wconf 86' lang='grc' dir='ltr'>πωλάριον.</span> <span class='ocrx_word' id='word_1_588' title='bbox 2984 3403 3047 3450; x_wconf 84' lang='grc' dir='ltr'><strong>Τί</strong></span> <span class='ocrx_word' id='word_1_589' title='bbox 3095 3395 3182 3451; x_wconf 81' lang='grc' dir='ltr'>οὖν</span> <span class='ocrx_word' id='word_1_590' title='bbox 3227 3400 3477 3474; x_wconf 76' lang='grc' dir='ltr'>ίροὺμεν;</span> <span class='ocrx_word' id='word_1_591' title='bbox 3521 3398 3648 3452; x_wconf 83' lang='grc' dir='ltr'>Ὀτι</span> <span class='ocrx_word' id='word_1_592' title='bbox 3701 3403 3794 3451; x_wconf 84' lang='grc' dir='ltr'>καὶ</span> <span class='ocrx_word' id='word_1_593' title='bbox 3845 3397 3944 3470; x_wconf 82' lang='grc' dir='ltr'><strong>ἁμ-</strong></span> 
     </span>
    </p>
   </div>
   <div class='ocr_carea' id='block_1_81' title="bbox 2327 3487 3946 3563">
    <p class='ocr_par' dir='ltr' id='par_1_81' title="bbox 2327 3487 3946 3563">
     <span class='ocr_line' id='line_1_81' title="bbox 2327 3487 3946 3563; baseline 0.002 -27"><span class='ocrx_word' id='word_1_594' title='bbox 2327 3489 2546 3556; x_wconf 75' lang='grc' dir='ltr'>φοτέρων</span> <span class='ocrx_word' id='word_1_595' title='bbox 2594 3488 2684 3557; x_wconf 76' lang='grc' dir='ltr'>μὲν</span> <span class='ocrx_word' id='word_1_596' title='bbox 2727 3488 2856 3558; x_wconf 76' lang='grc' dir='ltr'>ἔσχε</span> <span class='ocrx_word' id='word_1_597' title='bbox 2886 3491 3072 3558; x_wconf 83' lang='grc' dir='ltr'>χρείαν</span> <span class='ocrx_word' id='word_1_598' title='bbox 3109 3491 3134 3540; x_wconf 88' lang='grc' dir='ltr'><strong><em>ὁ</em></strong></span> <span class='ocrx_word' id='word_1_599' title='bbox 3168 3494 3420 3563; x_wconf 82' lang='grc' dir='ltr'>Χριστὸς,</span> <span class='ocrx_word' id='word_1_600' title='bbox 3456 3489 3586 3541; x_wconf 81' lang='grc' dir='ltr'>ἀλλὰ</span> <span class='ocrx_word' id='word_1_601' title='bbox 3627 3496 3724 3540; x_wconf 79' lang='grc' dir='ltr'><strong>τοῦ</strong></span> <span class='ocrx_word' id='word_1_602' title='bbox 3766 3487 3946 3540; x_wconf 82' lang='grc' dir='ltr'>πώλου</span> 
     </span>
    </p>
   </div>
   <div class='ocr_carea' id='block_1_82' title="bbox 2325 3571 3942 3647">
    <p class='ocr_par' dir='ltr' id='par_1_82' title="bbox 2325 3571 3942 3647">
     <span class='ocr_line' id='line_1_82' title="bbox 2325 3571 3942 3647; baseline 0.001 -23"><span class='ocrx_word' id='word_1_603' title='bbox 2325 3575 2414 3646; x_wconf 67' lang='grc' dir='ltr'>μὶν</span> <span class='ocrx_word' id='word_1_604' title='bbox 2464 3573 2534 3635; x_wconf 81' lang='grc' dir='ltr'>εἰς</span> <span class='ocrx_word' id='word_1_605' title='bbox 2591 3577 2648 3625; x_wconf 85' lang='grc' dir='ltr'><strong>τὸ</strong></span> <span class='ocrx_word' id='word_1_606' title='bbox 2700 3573 3039 3647; x_wconf 79' lang='grc' dir='ltr'>ίποχηθῆναι</span> <span class='ocrx_word' id='word_1_607' title='bbox 3093 3576 3250 3646; x_wconf 73' lang='grc' dir='ltr'><strong>αὐτῷ’</strong></span> <span class='ocrx_word' id='word_1_608' title='bbox 3304 3585 3399 3638; x_wconf 78' lang='grc' dir='ltr'>τῆς</span> <span class='ocrx_word' id='word_1_609' title='bbox 3451 3582 3568 3629; x_wconf 82' lang='grc' dir='ltr'>ὄνου</span> <span class='ocrx_word' id='word_1_610' title='bbox 3621 3571 3701 3640; x_wconf 71' lang='grc' dir='ltr'>δὲ,</span> <span class='ocrx_word' id='word_1_611' title='bbox 3755 3575 3828 3636; x_wconf 85' lang='grc' dir='ltr'>εἰς</span> <span class='ocrx_word' id='word_1_612' title='bbox 3882 3577 3942 3626; x_wconf 90' lang='grc' dir='ltr'>τὸ</span> 
     </span>
    </p>
   </div>
   <div class='ocr_carea' id='block_1_83' title="bbox 2327 3661 3944 3739">
    <p class='ocr_par' dir='ltr' id='par_1_83' title="bbox 2327 3661 3944 3739">
     <span class='ocr_line' id='line_1_83' title="bbox 2327 3661 3944 3739; baseline -0.001 -25"><span class='ocrx_word' id='word_1_613' title='bbox 2327 3661 2622 3716; x_wconf 78' lang='grc' dir='ltr'>ἀκολουθεῖν</span> <span class='ocrx_word' id='word_1_614' title='bbox 2673 3672 2744 3734; x_wconf 77' lang='grc' dir='ltr'><strong>τῷ</strong></span> <span class='ocrx_word' id='word_1_615' title='bbox 2790 3664 2967 3738; x_wconf 81' lang='grc' dir='ltr'>πώλῳ.</span> <span class='ocrx_word' id='word_1_616' title='bbox 3026 3669 3324 3736; x_wconf 81' lang='grc' dir='ltr'>Μυστὴριον</span> <span class='ocrx_word' id='word_1_617' title='bbox 3373 3668 3474 3739; x_wconf 74' lang='grc' dir='ltr'>γὰρ</span> <span class='ocrx_word' id='word_1_618' title='bbox 3531 3661 3694 3714; x_wconf 69' lang='grc' dir='ltr'>ἐτέλει</span> <span class='ocrx_word' id='word_1_619' title='bbox 3743 3680 3944 3735; x_wconf 83' lang='grc' dir='ltr'>προτυ-</span> 
     </span>
    </p>
   </div>
   <div class='ocr_carea' id='block_1_84' title="bbox 2324 3749 3938 3826">
    <p class='ocr_par' dir='ltr' id='par_1_84' title="bbox 2324 3749 3938 3826">
     <span class='ocr_line' id='line_1_84' title="bbox 2324 3749 3938 3826; baseline -0.001 -22"><span class='ocrx_word' id='word_1_620' title='bbox 2324 3760 2452 3804; x_wconf 86' lang='grc' dir='ltr'>ποῡν</span> <span class='ocrx_word' id='word_1_621' title='bbox 2501 3753 2566 3804; x_wconf 81' lang='grc' dir='ltr'>τὰ</span> <span class='ocrx_word' id='word_1_622' title='bbox 2620 3751 2885 3824; x_wconf 77' lang='grc' dir='ltr'>μέλλοντα,</span> <span class='ocrx_word' id='word_1_623' title='bbox 2940 3757 3037 3806; x_wconf 77' lang='grc' dir='ltr'><strong>Καὶ</strong></span> <span class='ocrx_word' id='word_1_624' title='bbox 3087 3749 3148 3810; x_wconf 77' lang='grc' dir='ltr'>ἦν</span> <span class='ocrx_word' id='word_1_625' title='bbox 3205 3753 3232 3804; x_wconf 81' lang='grc' dir='ltr'><strong><em>ὁ</em></strong></span> <span class='ocrx_word' id='word_1_626' title='bbox 3273 3752 3442 3816; x_wconf 82' lang='grc' dir='ltr'>πῶλος</span> <span class='ocrx_word' id='word_1_627' title='bbox 3493 3753 3588 3826; x_wconf 61' lang='grc' dir='ltr'>μὲν</span> <span class='ocrx_word' id='word_1_628' title='bbox 3646 3750 3722 3812; x_wconf 72' lang='grc' dir='ltr'>εἷς</span> <span class='ocrx_word' id='word_1_629' title='bbox 3773 3753 3938 3804; x_wconf 87' lang='grc' dir='ltr'>τύπον</span> 
     </span>
    </p>
   </div>
   <div class='ocr_carea' id='block_1_85' title="bbox 2322 3840 3938 3918">
    <p class='ocr_par' dir='ltr' id='par_1_85' title="bbox 2322 3840 3938 3918">
     <span class='ocr_line' id='line_1_85' title="bbox 2322 3840 3938 3918; baseline -0.001 -24"><span class='ocrx_word' id='word_1_630' title='bbox 2322 3848 2411 3894; x_wconf 80' lang='grc' dir='ltr'>τοῦ</span> <span class='ocrx_word' id='word_1_631' title='bbox 2452 3840 2504 3904; x_wconf 77' lang='grc' dir='ltr'><em>ἐξ</em></span> <span class='ocrx_word' id='word_1_632' title='bbox 2555 3841 2712 3894; x_wconf 76' lang='grc' dir='ltr'>ἐθνῶν</span> <span class='ocrx_word' id='word_1_633' title='bbox 2766 3847 2878 3895; x_wconf 87' lang='grc' dir='ltr'>νέου</span> <span class='ocrx_word' id='word_1_634' title='bbox 2931 3843 3076 3914; x_wconf 80' lang='grc' dir='ltr'>λαοῦ,</span> <span class='ocrx_word' id='word_1_635' title='bbox 3128 3850 3220 3895; x_wconf 84' lang='grc' dir='ltr'>τοῦ</span> <span class='ocrx_word' id='word_1_636' title='bbox 3273 3845 3374 3918; x_wconf 89' lang='grc' dir='ltr'>πρὸ</span> <span class='ocrx_word' id='word_1_637' title='bbox 3425 3852 3519 3906; x_wconf 83' lang='grc' dir='ltr'>τῆς</span> <span class='ocrx_word' id='word_1_638' title='bbox 3573 3841 3646 3904; x_wconf 82' lang='grc' dir='ltr'><strong>εἰς</strong></span> <span class='ocrx_word' id='word_1_639' title='bbox 3698 3842 3938 3917; x_wconf 85' lang='grc' dir='ltr'>Χριστὸν</span> 
     </span>
    </p>
   </div>
   <div class='ocr_carea' id='block_1_86' title="bbox 2321 3929 3936 4006">
    <p class='ocr_par' dir='ltr' id='par_1_86' title="bbox 2321 3929 3936 4006">
     <span class='ocr_line' id='line_1_86' title="bbox 2321 3929 3936 4006; baseline -0.001 -22"><span class='ocrx_word' id='word_1_640' title='bbox 2321 3936 2549 3990; x_wconf 88' lang='grc' dir='ltr'>πίστεως</span> <span class='ocrx_word' id='word_1_641' title='bbox 2596 3929 2934 4004; x_wconf 69' lang='grc' dir='ltr'>ἀγυμνάστου</span> <span class='ocrx_word' id='word_1_642' title='bbox 2975 3936 3106 4006; x_wconf 87' lang='grc' dir='ltr'>πρὸς</span> <span class='ocrx_word' id='word_1_643' title='bbox 3144 3936 3230 3986; x_wconf 89' lang='grc' dir='ltr'>τὸν</span> <span class='ocrx_word' id='word_1_644' title='bbox 3272 3933 3429 4006; x_wconf 72' lang='grc' dir='ltr'>ζυγὸν</span> <span class='ocrx_word' id='word_1_645' title='bbox 3468 3939 3559 3986; x_wconf 84' lang='grc' dir='ltr'><strong>τοῦ</strong></span> <span class='ocrx_word' id='word_1_646' title='bbox 3598 3934 3742 3986; x_wconf 87' lang='grc' dir='ltr'>θείου</span> <span class='ocrx_word' id='word_1_647' title='bbox 3773 3935 3936 4004; x_wconf 86' lang='grc' dir='ltr'>νόμου</span> 
     </span>
    </p>
   </div>
   <div class='ocr_carea' id='block_1_87' title="bbox 2320 4017 3940 4098">
    <p class='ocr_par' dir='ltr' id='par_1_87' title="bbox 2320 4017 3940 4098">
     <span class='ocr_line' id='line_1_87' title="bbox 2320 4017 3940 4098; baseline 0.006 -29"><span class='ocrx_word' id='word_1_648' title='bbox 2320 4022 2693 4092; x_wconf 75' lang='grc' dir='ltr'>τυγχάνοντος,</span> <span class='ocrx_word' id='word_1_649' title='bbox 2744 4020 2818 4093; x_wconf 73' lang='grc' dir='ltr'><strong>ἐφ’</strong></span> <span class='ocrx_word' id='word_1_650' title='bbox 2876 4024 2929 4074; x_wconf 88' lang='grc' dir='ltr'>ὃν</span> <span class='ocrx_word' id='word_1_651' title='bbox 2989 4019 3163 4084; x_wconf 76' lang='grc' dir='ltr'>οὐδεὶς</span> <span class='ocrx_word' id='word_1_652' title='bbox 3211 4024 3489 4098; x_wconf 79' lang='grc' dir='ltr'>ἀνθρώπων</span> <span class='ocrx_word' id='word_1_653' title='bbox 3546 4022 3786 4089; x_wconf 76' lang='grc' dir='ltr'>ἐκάθισε,</span> <span class='ocrx_word' id='word_1_654' title='bbox 3843 4017 3940 4079; x_wconf 81' lang='grc' dir='ltr'>δη-</span> 
     </span>
    </p>
   </div>
   <div class='ocr_carea' id='block_1_88' title="bbox 2321 4105 3938 4184">
    <p class='ocr_par' dir='ltr' id='par_1_88' title="bbox 2321 4105 3938 4184">
     <span class='ocr_line' id='line_1_88' title="bbox 2321 4105 3938 4184; baseline 0 -23"><span class='ocrx_word' id='word_1_655' title='bbox 2321 4105 2480 4174; x_wconf 81' lang='grc' dir='ltr'>λαδὴ,</span> <span class='ocrx_word' id='word_1_656' title='bbox 2524 4115 2797 4184; x_wconf 78' lang='grc' dir='ltr'>προφήτης</span> <span class='ocrx_word' id='word_1_657' title='bbox 2832 4110 2862 4169; x_wconf 73' lang='grc' dir='ltr'>ἦ</span> <span class='ocrx_word' id='word_1_658' title='bbox 2920 4109 3228 4175; x_wconf 65' lang='grc' dir='ltr'>ἀπόστολος</span> <span class='ocrx_word' id='word_1_659' title='bbox 3280 4115 3310 4172; x_wconf 78' lang='grc' dir='ltr'><strong>ἠ</strong></span> <span class='ocrx_word' id='word_1_660' title='bbox 3359 4117 3470 4174; x_wconf 81' lang='grc' dir='ltr'>ὄνος</span> <span class='ocrx_word' id='word_1_661' title='bbox 3517 4109 3600 4184; x_wconf 69' lang='grc' dir='ltr'>δὲ,</span> <span class='ocrx_word' id='word_1_662' title='bbox 3658 4112 3728 4173; x_wconf 84' lang='grc' dir='ltr'><strong>είς</strong></span> <span class='ocrx_word' id='word_1_663' title='bbox 3777 4115 3938 4164; x_wconf 88' lang='grc' dir='ltr'>τύπον</span> 
     </span>
    </p>
   </div>
   <div class='ocr_carea' id='block_1_89' title="bbox 2321 4197 3938 4272">
    <p class='ocr_par' dir='ltr' id='par_1_89' title="bbox 2321 4197 3938 4272">
     <span class='ocr_line' id='line_1_89' title="bbox 2321 4197 3938 4272; baseline 0.001 -22"><span class='ocrx_word' id='word_1_664' title='bbox 2321 4207 2412 4250; x_wconf 83' lang='grc' dir='ltr'><strong>τού</strong></span> <span class='ocrx_word' id='word_1_665' title='bbox 2452 4197 2504 4262; x_wconf 73' lang='grc' dir='ltr'><strong>ἐξ</strong></span> <span class='ocrx_word' id='word_1_666' title='bbox 2553 4197 2820 4251; x_wconf 82' lang='grc' dir='ltr'>Ἰουδαίων</span> <span class='ocrx_word' id='word_1_667' title='bbox 2861 4200 3087 4252; x_wconf 80' lang='grc' dir='ltr'>παλαιοῦ</span> <span class='ocrx_word' id='word_1_668' title='bbox 3136 4202 3282 4269; x_wconf 84' lang='grc' dir='ltr'>λαοῦ,</span> <span class='ocrx_word' id='word_1_669' title='bbox 3341 4211 3433 4256; x_wconf 82' lang='grc' dir='ltr'><strong>τοῦ</strong></span> <span class='ocrx_word' id='word_1_670' title='bbox 3475 4205 3577 4256; x_wconf 78' lang='grc' dir='ltr'>ὑπὸ</span> <span class='ocrx_word' id='word_1_671' title='bbox 3635 4206 3724 4254; x_wconf 89' lang='grc' dir='ltr'><strong>τόν</strong></span> <span class='ocrx_word' id='word_1_672' title='bbox 3778 4202 3938 4272; x_wconf 74' lang='grc' dir='ltr'>ζυγόν</span> 
     </span>
    </p>
   </div>
   <div class='ocr_carea' id='block_1_90' title="bbox 2320 4289 3938 4366">
    <p class='ocr_par' dir='ltr' id='par_1_90' title="bbox 2320 4289 3938 4366">
     <span class='ocr_line' id='line_1_90' title="bbox 2320 4289 3938 4366; baseline -0.001 -26"><span class='ocrx_word' id='word_1_673' title='bbox 2320 4295 2411 4340; x_wconf 80' lang='grc' dir='ltr'>τοῦ</span> <span class='ocrx_word' id='word_1_674' title='bbox 2467 4292 2625 4360; x_wconf 88' lang='grc' dir='ltr'>νόμου</span> <span class='ocrx_word' id='word_1_675' title='bbox 2683 4289 2966 4350; x_wconf 85' lang='grc' dir='ltr'>τελοῦντος.</span> <span class='ocrx_word' id='word_1_676' title='bbox 3035 4295 3133 4343; x_wconf 79' lang='grc' dir='ltr'>Καὶ</span> <span class='ocrx_word' id='word_1_677' title='bbox 3190 4294 3215 4343; x_wconf 85' lang='grc' dir='ltr'><strong>ό</strong></span> <span class='ocrx_word' id='word_1_678' title='bbox 3272 4291 3439 4354; x_wconf 86' lang='grc' dir='ltr'>πῶλος</span> <span class='ocrx_word' id='word_1_679' title='bbox 3499 4296 3592 4366; x_wconf 74' lang='grc' dir='ltr'>μὶν</span> <span class='ocrx_word' id='word_1_680' title='bbox 3659 4296 3798 4366; x_wconf 72' lang='grc' dir='ltr'>φέρει</span> <span class='ocrx_word' id='word_1_681' title='bbox 3853 4292 3938 4342; x_wconf 88' lang='grc' dir='ltr'>τὸν</span> 
     </span>
    </p>
   </div>
   <div class='ocr_carea' id='block_1_91' title="bbox 2321 4375 3937 4456">
    <p class='ocr_par' dir='ltr' id='par_1_91' title="bbox 2321 4375 3937 4456">
     <span class='ocr_line' id='line_1_91' title="bbox 2321 4375 3937 4456; baseline -0.001 -25"><span class='ocrx_word' id='word_1_682' title='bbox 2321 4380 2552 4451; x_wconf 83' lang='grc' dir='ltr'>Χριστόν</span> <span class='ocrx_word' id='word_1_683' title='bbox 2609 4381 2822 4450; x_wconf 75' lang='grc' dir='ltr'>ἔποχονο</span> <span class='ocrx_word' id='word_1_684' title='bbox 2881 4380 3056 4432; x_wconf 75' lang='grc' dir='ltr'>ἕπεται</span> <span class='ocrx_word' id='word_1_685' title='bbox 3108 4375 3168 4432; x_wconf 67' lang='grc' dir='ltr'><strong>δε</strong></span> <span class='ocrx_word' id='word_1_686' title='bbox 3225 4382 3256 4439; x_wconf 77' lang='grc' dir='ltr'>ἡ</span> <span class='ocrx_word' id='word_1_687' title='bbox 3307 4385 3434 4442; x_wconf 77' lang='grc' dir='ltr'>ὄνοςο</span> <span class='ocrx_word' id='word_1_688' title='bbox 3484 4390 3578 4436; x_wconf 80' lang='grc' dir='ltr'>τοῦ</span> <span class='ocrx_word' id='word_1_689' title='bbox 3628 4383 3937 4456; x_wconf 71' lang='grc' dir='ltr'>πράγματος</span> 
     </span>
    </p>
   </div>
   <div class='ocr_carea' id='block_1_92' title="bbox 549 4452 2215 4546">
    <p class='ocr_par' dir='ltr' id='par_1_92' title="bbox 549 4462 2208 4534">
     <span class='ocr_line' id='line_1_92' title="bbox 549 4462 2208 4534; baseline -0.001 -15"><span class='ocrx_word' id='word_1_690' title='bbox 549 4467 607 4519; x_wconf 85' lang='lat' dir='ltr'><strong>et</strong></span> <span class='ocrx_word' id='word_1_691' title='bbox 644 4464 851 4520; x_wconf 67' lang='lat' dir='ltr'><strong>Judaei.</strong></span> <span class='ocrx_word' id='word_1_692' title='bbox 905 4463 1055 4519; x_wconf 90' lang='lat' dir='ltr'><strong>Dicit</strong></span> <span class='ocrx_word' id='word_1_693' title='bbox 1077 4464 1236 4520; x_wconf 90' lang='lat' dir='ltr'><strong>enim</strong></span> <span class='ocrx_word' id='word_1_694' title='bbox 1263 4469 1319 4520; x_wconf 90' lang='lat' dir='ltr'><strong>et</strong></span> <span class='ocrx_word' id='word_1_695' title='bbox 1347 4462 1606 4520; x_wconf 87' lang='lat' dir='ltr'><strong>Paulus:</strong></span> <span class='ocrx_word' id='word_1_696' title='bbox 1639 4463 1893 4522; x_wconf 60' lang='lat' dir='ltr'><strong>Caecitas</strong></span> <span class='ocrx_word' id='word_1_697' title='bbox 1933 4479 2010 4520; x_wconf 72' lang='lat' dir='ltr'><strong>ea:</strong></span> <span class='ocrx_word' id='word_1_698' title='bbox 2037 4467 2208 4534; x_wconf 76' lang='lat' dir='ltr'><strong>parte</strong></span> 
     </span>
    </p>
   </div>
   <div class='ocr_carea' id='block_1_93' title="bbox 2322 4452 3938 4546">
    <p class='ocr_par' dir='ltr' id='par_1_93' title="bbox 2322 4461 3938 4546">
     <span class='ocr_line' id='line_1_93' title="bbox 2322 4461 3938 4546; baseline 0.001 -28"><span class='ocrx_word' id='word_1_699' title='bbox 2322 4463 2690 4532; x_wconf 77' lang='grc' dir='ltr'>διδάσκοντος,</span> <span class='ocrx_word' id='word_1_700' title='bbox 2734 4469 2814 4519; x_wconf 85' lang='grc' dir='ltr'>ὅτι</span> <span class='ocrx_word' id='word_1_701' title='bbox 2844 4471 2974 4540; x_wconf 89' lang='grc' dir='ltr'>μετὰ</span> <span class='ocrx_word' id='word_1_702' title='bbox 3003 4471 3061 4520; x_wconf 87' lang='grc' dir='ltr'>τὸ</span> <span class='ocrx_word' id='word_1_703' title='bbox 3107 4471 3325 4521; x_wconf 87' lang='grc' dir='ltr'>καθίσαι</span> <span class='ocrx_word' id='word_1_704' title='bbox 3355 4473 3440 4522; x_wconf 84' lang='grc' dir='ltr'>τὸν</span> <span class='ocrx_word' id='word_1_705' title='bbox 3490 4474 3733 4546; x_wconf 82' lang='grc' dir='ltr'>Χριστὸν</span> <span class='ocrx_word' id='word_1_706' title='bbox 3764 4469 3848 4522; x_wconf 77' lang='grc' dir='ltr'><strong>ἐπὶ</strong></span> <span class='ocrx_word' id='word_1_707' title='bbox 3877 4461 3938 4520; x_wconf 78' lang='grc' dir='ltr'><em>τᾶ</em></span> 
     </span>
    </p>
   </div>
   <div class='ocr_carea' id='block_1_94' title="bbox 545 4553 2208 4624">
    <p class='ocr_par' dir='ltr' id='par_1_94' title="bbox 545 4553 2208 4624">
     <span class='ocr_line' id='line_1_94' title="bbox 545 4553 2208 4624; baseline 0.001 -18"><span class='ocrx_word' id='word_1_708' title='bbox 545 4553 712 4621; x_wconf 79' lang='lat' dir='ltr'><strong>facta</strong></span> <span class='ocrx_word' id='word_1_709' title='bbox 731 4553 892 4608; x_wconf 77' lang='lat' dir='ltr'><strong>estin</strong></span> <span class='ocrx_word' id='word_1_710' title='bbox 905 4553 1095 4608; x_wconf 81' lang='lat' dir='ltr'><strong>Israel</strong></span> <span class='ocrx_word' id='word_1_711' title='bbox 1115 4554 1301 4609; x_wconf 88' lang='lat' dir='ltr'><strong>donec</strong></span> <span class='ocrx_word' id='word_1_712' title='bbox 1319 4554 1632 4623; x_wconf 77' lang='lat' dir='ltr'><strong>plenitudo</strong></span> <span class='ocrx_word' id='word_1_713' title='bbox 1650 4553 1918 4624; x_wconf 81' lang='lat' dir='ltr'><strong>gentium</strong></span> <span class='ocrx_word' id='word_1_714' title='bbox 1946 4553 2208 4608; x_wconf 76' lang='lat' dir='ltr'><strong>intrave-</strong></span> 
     </span>
    </p>
   </div>
   <div class='ocr_carea' id='block_1_95' title="bbox 549 4640 2206 4713">
    <p class='ocr_par' dir='ltr' id='par_1_95' title="bbox 549 4640 2206 4713">
     <span class='ocr_line' id='line_1_95' title="bbox 549 4640 2206 4713; baseline 0.002 -17"><span class='ocrx_word' id='word_1_715' title='bbox 549 4640 632 4696; x_wconf 75' lang='lat' dir='ltr'><strong>rit</strong></span> <span class='ocrx_word' id='word_1_716' title='bbox 661 4656 676 4706; x_wconf 92' lang='lat'><strong>;</strong></span> <span class='ocrx_word' id='word_1_717' title='bbox 709 4643 763 4697; x_wconf 82' lang='lat' dir='ltr'><strong>et</strong></span> <span class='ocrx_word' id='word_1_718' title='bbox 805 4646 948 4696; x_wconf 83' lang='lat' dir='ltr'><strong>tunc</strong></span> <span class='ocrx_word' id='word_1_719' title='bbox 975 4642 1162 4698; x_wconf 79' lang='lat' dir='ltr'><strong>omnis</strong></span> <span class='ocrx_word' id='word_1_720' title='bbox 1186 4643 1374 4700; x_wconf 77' lang='lat' dir='ltr'><strong>Israel</strong></span> <span class='ocrx_word' id='word_1_721' title='bbox 1403 4645 1604 4699; x_wconf 67' lang='lat' dir='ltr'><strong>salvus</strong></span> <span class='ocrx_word' id='word_1_722' title='bbox 1630 4645 1738 4698; x_wconf 75' lang='lat' dir='ltr'><strong>erit</strong></span> <span class='ocrx_word' id='word_1_723' title='bbox 1790 4643 1860 4698; x_wconf 80' lang='lat'><strong>&quot;.</strong></span> <span class='ocrx_word' id='word_1_724' title='bbox 1893 4643 2206 4713; x_wconf 89' lang='lat' dir='ltr'><strong>Propterea</strong></span> 
     </span>
    </p>
   </div>
   <div class='ocr_carea' id='block_1_96' title="bbox 548 4727 2206 4804">
    <p class='ocr_par' dir='ltr' id='par_1_96' title="bbox 548 4727 2206 4804">
     <span class='ocr_line' id='line_1_96' title="bbox 548 4727 2206 4804; baseline 0.002 -20"><span class='ocrx_word' id='word_1_725' title='bbox 548 4743 694 4798; x_wconf 87' lang='lat' dir='ltr'><strong>ergo</strong></span> <span class='ocrx_word' id='word_1_726' title='bbox 723 4727 1030 4785; x_wconf 73' lang='lat' dir='ltr'><strong>Matthasus</strong></span> <span class='ocrx_word' id='word_1_727' title='bbox 1055 4736 1266 4788; x_wconf 85' lang='lat' dir='ltr'><strong>exacta</strong></span> <span class='ocrx_word' id='word_1_728' title='bbox 1296 4731 1602 4804; x_wconf 88' lang='lat' dir='ltr'><strong>diligentia</strong></span> <span class='ocrx_word' id='word_1_729' title='bbox 1630 4730 1939 4801; x_wconf 85' lang='lat' dir='ltr'><strong>utriusque</strong></span> <span class='ocrx_word' id='word_1_730' title='bbox 1949 4729 2206 4800; x_wconf 86' lang='lat' dir='ltr'><strong>jumenti</strong></span> 
     </span>
    </p>
   </div>
   <div class='ocr_carea' id='block_1_97' title="bbox 549 4817 2202 4892">
    <p class='ocr_par' dir='ltr' id='par_1_97' title="bbox 549 4817 2202 4892">
     <span class='ocr_line' id='line_1_97' title="bbox 549 4817 2202 4892; baseline 0.004 -21"><span class='ocrx_word' id='word_1_731' title='bbox 549 4817 822 4872; x_wconf 90' lang='lat' dir='ltr'><strong>meminit</strong></span> <span class='ocrx_word' id='word_1_732' title='bbox 849 4832 868 4882; x_wconf 87' lang='lat'><strong><em>;</em></strong></span> <span class='ocrx_word' id='word_1_733' title='bbox 899 4821 1093 4875; x_wconf 81' lang='lat' dir='ltr'><strong>caeteri</strong></span> <span class='ocrx_word' id='word_1_734' title='bbox 1123 4824 1324 4877; x_wconf 89' lang='lat' dir='ltr'><strong>autem</strong></span> <span class='ocrx_word' id='word_1_735' title='bbox 1366 4819 1667 4876; x_wconf 82' lang='lat' dir='ltr'><strong>brevitatis</strong></span> <span class='ocrx_word' id='word_1_736' title='bbox 1731 4833 1917 4874; x_wconf 89' lang='lat' dir='ltr'><strong>causa</strong></span> <span class='ocrx_word' id='word_1_737' title='bbox 1970 4817 2202 4892; x_wconf 90' lang='lat' dir='ltr'><strong>pullum</strong></span> 
     </span>
    </p>
   </div>
   <div class='ocr_carea' id='block_1_98' title="bbox 547 4905 2204 4982">
    <p class='ocr_par' dir='ltr' id='par_1_98' title="bbox 547 4905 2204 4982">
     <span class='ocr_line' id='line_1_98' title="bbox 547 4905 2204 4982; baseline 0.002 -20"><span class='ocrx_word' id='word_1_738' title='bbox 547 4905 795 4979; x_wconf 87' lang='lat' dir='ltr'><strong>quidem</strong></span> <span class='ocrx_word' id='word_1_739' title='bbox 835 4907 1216 4981; x_wconf 85' lang='lat' dir='ltr'><strong>scripserunt,</strong></span> <span class='ocrx_word' id='word_1_740' title='bbox 1246 4924 1320 4966; x_wconf 89' lang='lat' dir='ltr'><strong>eo</strong></span> <span class='ocrx_word' id='word_1_741' title='bbox 1357 4908 1526 4982; x_wconf 88' lang='lat' dir='ltr'><strong>quod</strong></span> <span class='ocrx_word' id='word_1_742' title='bbox 1576 4922 1758 4980; x_wconf 83' lang='lat' dir='ltr'><strong>super</strong></span> <span class='ocrx_word' id='word_1_743' title='bbox 1783 4906 1950 4964; x_wconf 89' lang='lat' dir='ltr'><strong>illum</strong></span> <span class='ocrx_word' id='word_1_744' title='bbox 1999 4912 2204 4966; x_wconf 88' lang='lat' dir='ltr'><strong>vectus</strong></span> 
     </span>
    </p>
   </div>
   <div class='ocr_carea' id='block_1_99' title="bbox 618 5087 1091 5146">
    <p class='ocr_par' dir='ltr' id='par_1_99' title="bbox 618 5087 1091 5146">
     <span class='ocr_line' id='line_1_99' title="bbox 618 5087 1091 5146; baseline 0.008 -4"><span class='ocrx_word' id='word_1_745' title='bbox 618 5087 667 5122; x_wconf 78' lang='grc'><strong>⁸⁸</strong></span> <span class='ocrx_word' id='word_1_746' title='bbox 699 5087 880 5144; x_wconf 88' lang='lat' dir='ltr'><strong>Marc.</strong></span> <span class='ocrx_word' id='word_1_747' title='bbox 909 5104 963 5145; x_wconf 74' lang='grc' dir='ltr'>ι.</span> <span class='ocrx_word' id='word_1_748' title='bbox 993 5091 1091 5146; x_wconf 80' lang='grc'><strong>46.</strong></span> 
     </span>
    </p>
   </div>
   <div class='ocr_carea' id='block_1_100' title="bbox 2681 4555 3937 4620">
    <p class='ocr_par' dir='ltr' id='par_1_100' title="bbox 2681 4555 3937 4620">
     <span class='ocr_line' id='line_1_100' title="bbox 2681 4555 3937 4620; baseline 0.001 -13"><span class='ocrx_word' id='word_1_749' title='bbox 2681 4556 3158 4610; x_wconf 78' lang='grc' dir='ltr'>ἐπαναπαύσασθαι</span> <span class='ocrx_word' id='word_1_750' title='bbox 3213 4558 3393 4620; x_wconf 75' lang='grc' dir='ltr'>αὐτοῖς</span> <span class='ocrx_word' id='word_1_751' title='bbox 3453 4564 3812 4614; x_wconf 86' lang='grc' dir='ltr'>πιστεύσασιν</span> <span class='ocrx_word' id='word_1_752' title='bbox 3867 4555 3937 4617; x_wconf 81' lang='grc' dir='ltr'><strong>εἰς</strong></span> 
     </span>
    </p>
   </div>
   <div class='ocr_carea' id='block_1_101' title="bbox 2319 4643 3934 4718">
    <p class='ocr_par' dir='ltr' id='par_1_101' title="bbox 2319 4643 3934 4718">
     <span class='ocr_line' id='line_1_101' title="bbox 2319 4643 3934 4718; baseline 0.004 -21"><span class='ocrx_word' id='word_1_753' title='bbox 2319 4644 2498 4712; x_wconf 74' lang='grc' dir='ltr'>αὐτόν,</span> <span class='ocrx_word' id='word_1_754' title='bbox 2546 4643 2968 4704; x_wconf 77' lang='grc' dir='ltr'>ἀκολουθήσουσι</span> <span class='ocrx_word' id='word_1_755' title='bbox 3016 4649 3218 4707; x_wconf 87' lang='grc' dir='ltr'>τούτοις</span> <span class='ocrx_word' id='word_1_756' title='bbox 3260 4652 3346 4699; x_wconf 82' lang='grc' dir='ltr'>καὶ</span> <span class='ocrx_word' id='word_1_757' title='bbox 3381 4649 3430 4700; x_wconf 82' lang='grc' dir='ltr'>οἱ</span> <span class='ocrx_word' id='word_1_758' title='bbox 3461 4646 3747 4704; x_wconf 86' lang='grc' dir='ltr'>Ἰουδαῖοι.</span> <span class='ocrx_word' id='word_1_759' title='bbox 3784 4650 3934 4718; x_wconf 67' lang='grc' dir='ltr'>Λέγει</span> 
     </span>
    </p>
   </div>
   <div class='ocr_carea' id='block_1_102' title="bbox 2317 4734 3934 4815">
    <p class='ocr_par' dir='ltr' id='par_1_102' title="bbox 2317 4734 3934 4815">
     <span class='ocr_line' id='line_1_102' title="bbox 2317 4734 3934 4815; baseline 0 -29"><span class='ocrx_word' id='word_1_760' title='bbox 2317 4735 2417 4809; x_wconf 80' lang='grc' dir='ltr'>γὰρ</span> <span class='ocrx_word' id='word_1_761' title='bbox 2464 4738 2553 4786; x_wconf 81' lang='grc' dir='ltr'>καὶ</span> <span class='ocrx_word' id='word_1_762' title='bbox 2603 4734 2824 4806; x_wconf 82' lang='grc' dir='ltr'>Παῦλος,</span> <span class='ocrx_word' id='word_1_763' title='bbox 2876 4737 2958 4788; x_wconf 81' lang='grc' dir='ltr'>ὅτι</span> <span class='ocrx_word' id='word_1_764' title='bbox 3011 4741 3259 4812; x_wconf 85' lang='grc' dir='ltr'>Πὼρωσις</span> <span class='ocrx_word' id='word_1_765' title='bbox 3302 4744 3374 4808; x_wconf 82' lang='grc' dir='ltr'><strong><em>τῷ</em></strong></span> <span class='ocrx_word' id='word_1_766' title='bbox 3424 4737 3652 4815; x_wconf 81' lang='grc' dir='ltr'>Ἰσραὴλ</span> <span class='ocrx_word' id='word_1_767' title='bbox 3711 4736 3811 4791; x_wconf 84' lang='grc' dir='ltr'><strong>ἀπὸ</strong></span> <span class='ocrx_word' id='word_1_768' title='bbox 3849 4738 3934 4808; x_wconf 79' lang='grc' dir='ltr'>μί-</span> 
     </span>
    </p>
   </div>
   <div class='ocr_carea' id='block_1_103' title="bbox 2316 4824 3933 4902">
    <p class='ocr_par' dir='ltr' id='par_1_103' title="bbox 2316 4824 3933 4902">
     <span class='ocr_line' id='line_1_103' title="bbox 2316 4824 3933 4902; baseline -0.001 -27"><span class='ocrx_word' id='word_1_769' title='bbox 2316 4842 2434 4897; x_wconf 89' lang='grc' dir='ltr'>ρόυς</span> <span class='ocrx_word' id='word_1_770' title='bbox 2510 4826 2733 4898; x_wconf 74' lang='grc' dir='ltr'>γέγονεν,</span> <span class='ocrx_word' id='word_1_771' title='bbox 2800 4826 2962 4900; x_wconf 80' lang='grc' dir='ltr'>ἄχρις</span> <span class='ocrx_word' id='word_1_772' title='bbox 3029 4825 3089 4877; x_wconf 81' lang='grc' dir='ltr'>οὗ</span> <span class='ocrx_word' id='word_1_773' title='bbox 3154 4827 3212 4879; x_wconf 81' lang='grc' dir='ltr'>τό</span> <span class='ocrx_word' id='word_1_774' title='bbox 3287 4830 3552 4902; x_wconf 79' lang='grc' dir='ltr'>πλήρωμα</span> <span class='ocrx_word' id='word_1_775' title='bbox 3623 4836 3724 4882; x_wconf 85' lang='grc' dir='ltr'><strong>τῶν</strong></span> <span class='ocrx_word' id='word_1_776' title='bbox 3783 4824 3933 4879; x_wconf 75' lang='grc' dir='ltr'>ἐθνῶν</span> 
     </span>
    </p>
   </div>
   <div class='ocr_carea' id='block_1_104' title="bbox 2320 4911 3933 4991">
    <p class='ocr_par' dir='ltr' id='par_1_104' title="bbox 2320 4911 3933 4991">
     <span class='ocr_line' id='line_1_104' title="bbox 2320 4911 3933 4991; baseline -0.001 -27"><span class='ocrx_word' id='word_1_777' title='bbox 2320 4911 2548 4986; x_wconf 78' lang='grc' dir='ltr'>ιισίλθη,</span> <span class='ocrx_word' id='word_1_778' title='bbox 2591 4917 2684 4966; x_wconf 82' lang='grc' dir='ltr'>καὶ</span> <span class='ocrx_word' id='word_1_779' title='bbox 2739 4918 2856 4967; x_wconf 86' lang='grc' dir='ltr'>τότε</span> <span class='ocrx_word' id='word_1_780' title='bbox 2891 4914 3012 4986; x_wconf 90' lang='lat'><strong>(33)</strong></span> <span class='ocrx_word' id='word_1_781' title='bbox 3057 4920 3161 4978; x_wconf 84' lang='grc' dir='ltr'>πᾶς</span> <span class='ocrx_word' id='word_1_782' title='bbox 3203 4914 3421 4991; x_wconf 77' lang='grc' dir='ltr'>Ἰσραὴλ</span> <span class='ocrx_word' id='word_1_783' title='bbox 3469 4918 3786 4977; x_wconf 69' lang='grc' dir='ltr'>πθήσεται.</span> <span class='ocrx_word' id='word_1_784' title='bbox 3842 4913 3933 4968; x_wconf 83' lang='grc' dir='ltr'><strong>Διά</strong></span> 
     </span>
    </p>
   </div>
   <div class='ocr_carea' id='block_1_105' title="bbox 2319 4557 2614 4623">
    <p class='ocr_par' dir='ltr' id='par_1_105' title="bbox 2319 4557 2614 4623">
     <span class='ocr_line' id='line_1_105' title="bbox 2319 4557 2614 4623; baseline 0.003 -16"><span class='ocrx_word' id='word_1_785' title='bbox 2319 4557 2463 4623; x_wconf 74' lang='grc' dir='ltr'>ἔθνη,</span> <span class='ocrx_word' id='word_1_786' title='bbox 2525 4561 2614 4608; x_wconf 87' lang='grc' dir='ltr'>καὶ</span> 
     </span>
    </p>
   </div>
   <div class='ocr_carea' id='block_1_106' title="bbox 1175 5087 2215 5161">
    <p class='ocr_par' dir='ltr' id='par_1_106' title="bbox 1175 5087 2198 5155">
     <span class='ocr_line' id='line_1_106' title="bbox 1175 5087 2198 5155; baseline 0.001 -12"><span class='ocrx_word' id='word_1_787' title='bbox 1175 5089 1224 5124; x_wconf 77' lang='grc'><strong>⁸⁸</strong></span> <span class='ocrx_word' id='word_1_788' title='bbox 1257 5089 1374 5144; x_wconf 91' lang='lat' dir='ltr'><strong>Luc</strong></span> <span class='ocrx_word' id='word_1_789' title='bbox 1396 5101 1566 5153; x_wconf 83' lang='lat' dir='ltr'><strong>xvm,</strong></span> <span class='ocrx_word' id='word_1_790' title='bbox 1596 5087 1687 5144; x_wconf 77' lang='lat'><strong>35.</strong></span> <span class='ocrx_word' id='word_1_791' title='bbox 1765 5090 1813 5124; x_wconf 82' lang='lat'><strong>“</strong></span> <span class='ocrx_word' id='word_1_792' title='bbox 1843 5088 2020 5145; x_wconf 89' lang='lat' dir='ltr'><strong>Marc.</strong></span> <span class='ocrx_word' id='word_1_793' title='bbox 2049 5104 2112 5155; x_wconf 82' lang='grc' dir='ltr'><strong>ιι,</strong></span> <span class='ocrx_word' id='word_1_794' title='bbox 2141 5090 2198 5144; x_wconf 89' lang='lat'><strong>2.</strong></span> 
     </span>
    </p>
   </div>
   <div class='ocr_carea' id='block_1_107' title="bbox 2322 5087 3928 5161">
    <p class='ocr_par' dir='ltr' id='par_1_107' title="bbox 2363 5091 3928 5161">
     <span class='ocr_line' id='line_1_107' title="bbox 2363 5091 3928 5161; baseline -0.001 -15"><span class='ocrx_word' id='word_1_795' title='bbox 2363 5091 2501 5148; x_wconf 91' lang='lat' dir='ltr'><strong>Luc.</strong></span> <span class='ocrx_word' id='word_1_796' title='bbox 2529 5105 2657 5160; x_wconf 74' lang='lat' dir='ltr'><strong>nx,</strong></span> <span class='ocrx_word' id='word_1_797' title='bbox 2689 5096 2778 5150; x_wconf 81' lang='lat'><strong>30.</strong></span> <span class='ocrx_word' id='word_1_798' title='bbox 2856 5093 2904 5128; x_wconf 81' lang='grc'><strong>⁸⁸</strong></span> <span class='ocrx_word' id='word_1_799' title='bbox 2930 5093 3104 5151; x_wconf 81' lang='lat' dir='ltr'><strong>Joan.</strong></span> <span class='ocrx_word' id='word_1_800' title='bbox 3132 5108 3230 5161; x_wconf 75' lang='lat' dir='ltr'><strong>xu,</strong></span> <span class='ocrx_word' id='word_1_801' title='bbox 3261 5094 3350 5150; x_wconf 74' lang='grc'><strong>14.</strong></span> <span class='ocrx_word' id='word_1_802' title='bbox 3428 5095 3478 5131; x_wconf 77' lang='grc'><strong>⁸⁸</strong></span> <span class='ocrx_word' id='word_1_803' title='bbox 3508 5096 3685 5155; x_wconf 80' lang='lat' dir='ltr'><strong>Rom.</strong></span> <span class='ocrx_word' id='word_1_804' title='bbox 3715 5109 3795 5160; x_wconf 73' lang='grc' dir='ltr'>χι,</span> <span class='ocrx_word' id='word_1_805' title='bbox 3841 5094 3928 5146; x_wconf 85' lang='lat'><strong>25.</strong></span> 
     </span>
    </p>
   </div>
   <div class='ocr_carea' id='block_1_108' title="bbox 1769 5265 2693 5338">
    <p class='ocr_par' dir='ltr' id='par_1_108' title="bbox 1769 5265 2693 5338">
     <span class='ocr_line' id='line_1_108' title="bbox 1769 5265 2693 5338; baseline 0.003 -5"><span class='ocrx_word' id='word_1_806' title='bbox 1769 5265 1995 5333; x_wconf 69' lang='lat' dir='ltr'><strong>Variae</strong></span> <span class='ocrx_word' id='word_1_807' title='bbox 2026 5265 2354 5337; x_wconf 90' lang='lat' dir='ltr'><strong>lectiones</strong></span> <span class='ocrx_word' id='word_1_808' title='bbox 2387 5279 2453 5336; x_wconf 90' lang='lat' dir='ltr'><strong>et</strong></span> <span class='ocrx_word' id='word_1_809' title='bbox 2484 5281 2693 5338; x_wconf 67' lang='lat' dir='ltr'><strong>notae.</strong></span> 
     </span>
    </p>
   </div>
   <div class='ocr_carea' id='block_1_109' title="bbox 521 5461 2192 5604">
    <p class='ocr_par' dir='ltr' id='par_1_109' title="bbox 521 5461 2192 5604">
     <span class='ocr_line' id='line_1_109' title="bbox 521 5461 1446 5534; baseline -0.01 -17"><span class='ocrx_word' id='word_1_810' title='bbox 521 5514 526 5517; x_wconf 91' lang='lat'>_</span> <span class='ocrx_word' id='word_1_811' title='bbox 627 5462 743 5534; x_wconf 83' lang='grc'><strong>(31)</strong></span> <span class='ocrx_word' id='word_1_812' title='bbox 776 5461 1064 5522; x_wconf 80' lang='grc' dir='ltr'>ΤούτουςΒ.</span> <span class='ocrx_word' id='word_1_813' title='bbox 1182 5507 1187 5514; x_wconf 90' lang='grc'><strong>,</strong></span> <span class='ocrx_word' id='word_1_814' title='bbox 1437 5488 1446 5494; x_wconf 88' lang='lat'><strong><em>-</em></strong></span> 
     </span>
     <span class='ocr_line' id='line_1_110' title="bbox 619 5531 2192 5604; baseline 0 -14"><span class='ocrx_word' id='word_1_815' title='bbox 619 5534 732 5604; x_wconf 78' lang='lat'><strong>(32)</strong></span> <span class='ocrx_word' id='word_1_816' title='bbox 762 5533 986 5588; x_wconf 88' lang='lat' dir='ltr'><strong>Scilicet</strong></span> <span class='ocrx_word' id='word_1_817' title='bbox 1021 5531 1480 5604; x_wconf 79' lang='lat' dir='ltr'><strong>Chrysostomus</strong></span> <span class='ocrx_word' id='word_1_818' title='bbox 1505 5532 1578 5588; x_wconf 90' lang='lat' dir='ltr'><strong>de</strong></span> <span class='ocrx_word' id='word_1_819' title='bbox 1607 5533 1872 5590; x_wconf 89' lang='lat' dir='ltr'><strong>Marcoet</strong></span> <span class='ocrx_word' id='word_1_820' title='bbox 1904 5535 2062 5590; x_wconf 90' lang='lat' dir='ltr'><strong>Luca</strong></span> <span class='ocrx_word' id='word_1_821' title='bbox 2081 5534 2192 5590; x_wconf 89' lang='lat' dir='ltr'><strong>hoc</strong></span> 
     </span>
    </p>
   </div>
   <div class='ocr_carea' id='block_1_110' title="bbox 547 5599 2202 5677">
    <p class='ocr_par' dir='ltr' id='par_1_110' title="bbox 547 5599 2202 5677">
     <span class='ocr_line' id='line_1_111' title="bbox 547 5599 2202 5677; baseline -0.001 -16"><span class='ocrx_word' id='word_1_822' title='bbox 547 5599 679 5661; x_wconf 87' lang='lat' dir='ltr'><strong>toco</strong></span> <span class='ocrx_word' id='word_1_823' title='bbox 709 5599 855 5659; x_wconf 85' lang='lat' dir='ltr'><strong>nihil</strong></span> <span class='ocrx_word' id='word_1_824' title='bbox 875 5607 1096 5669; x_wconf 90' lang='lat' dir='ltr'><strong>monet,</strong></span> <span class='ocrx_word' id='word_1_825' title='bbox 1118 5599 1456 5658; x_wconf 64' lang='lat' dir='ltr'><strong>Matthaeum</strong></span> <span class='ocrx_word' id='word_1_826' title='bbox 1476 5607 1706 5661; x_wconf 90' lang='lat' dir='ltr'><strong>tantum</strong></span> <span class='ocrx_word' id='word_1_827' title='bbox 1736 5606 1988 5662; x_wconf 89' lang='lat' dir='ltr'><strong>breviter</strong></span> <span class='ocrx_word' id='word_1_828' title='bbox 2017 5606 2202 5677; x_wconf 83' lang='lat' dir='ltr'><strong>expli-</strong></span> 
     </span>
    </p>
   </div>
   <div class='ocr_carea' id='block_1_111' title="bbox 2306 5465 2701 5532">
    <p class='ocr_par' dir='ltr' id='par_1_111' title="bbox 2306 5465 2701 5532">
     <span class='ocr_line' id='line_1_112' title="bbox 2306 5465 2701 5532; baseline -0.005 -10"><span class='ocrx_word' id='word_1_829' title='bbox 2306 5475 2476 5531; x_wconf 80' lang='lat' dir='ltr'><strong>cans,</strong></span> <span class='ocrx_word' id='word_1_830' title='bbox 2505 5469 2548 5523; x_wconf 86' lang='grc' dir='ltr'>ι.</span> <span class='ocrx_word' id='word_1_831' title='bbox 2586 5465 2701 5532; x_wconf 79' lang='lat' dir='ltr'><strong>VII,</strong></span> 
     </span>
    </p>
   </div>
   <div class='ocr_carea' id='block_1_112' title="bbox 2369 5466 3920 5620">
    <p class='ocr_par' dir='ltr' id='par_1_112' title="bbox 2369 5466 3920 5620">
     <span class='ocr_line' id='line_1_113' title="bbox 2369 5466 3120 5537; baseline 0.004 -15"><span class='ocrx_word' id='word_1_832' title='bbox 2369 5475 2476 5531; x_wconf 80' lang='lat' dir='ltr'><strong>ms,</strong></span> <span class='ocrx_word' id='word_1_833' title='bbox 2505 5469 2548 5523; x_wconf 87' lang='grc' dir='ltr'>ι.</span> <span class='ocrx_word' id='word_1_834' title='bbox 2586 5466 2701 5532; x_wconf 79' lang='lat' dir='ltr'><strong>VII,</strong></span> <span class='ocrx_word' id='word_1_835' title='bbox 2735 5483 2790 5537; x_wconf 91' lang='lat' dir='ltr'><strong>p.</strong></span> <span class='ocrx_word' id='word_1_836' title='bbox 2839 5466 2967 5534; x_wconf 79' lang='lat'><strong>653,</strong></span> <span class='ocrx_word' id='word_1_837' title='bbox 2995 5469 3120 5525; x_wconf 78' lang='grc'><strong>654.</strong></span> 
     </span>
     <span class='ocr_line' id='line_1_114' title="bbox 2369 5534 3920 5620; baseline -0.003 -28"><span class='ocrx_word' id='word_1_838' title='bbox 2369 5535 2766 5620; x_wconf 56' lang='grc' dir='ltr'><strong>(33λϐοᾴίοοξ</strong></span> <span class='ocrx_word' id='word_1_839' title='bbox 2793 5538 3230 5620; x_wconf 71' lang='lat' dir='ltr'><strong>Chrysostomi,</strong></span> <span class='ocrx_word' id='word_1_840' title='bbox 3257 5543 3302 5594; x_wconf 89' lang='lat' dir='ltr'><strong>t.</strong></span> <span class='ocrx_word' id='word_1_841' title='bbox 3332 5537 3445 5610; x_wconf 79' lang='lat' dir='ltr'><strong>VH,</strong></span> <span class='ocrx_word' id='word_1_842' title='bbox 3497 5554 3559 5612; x_wconf 92' lang='lat' dir='ltr'><strong>p.</strong></span> <span class='ocrx_word' id='word_1_843' title='bbox 3596 5540 3700 5596; x_wconf 81' lang='lat'><strong>656</strong></span> <span class='ocrx_word' id='word_1_844' title='bbox 3727 5539 3788 5602; x_wconf 89' lang='lat' dir='ltr'><strong>C,</strong></span> <span class='ocrx_word' id='word_1_845' title='bbox 3817 5534 3920 5591; x_wconf 87' lang='lat' dir='ltr'><strong>ﬂu-</strong></span> 
     </span>
    </p>
   </div>
   <div class='ocr_carea' id='block_1_113' title="bbox 2309 5612 3310 5700">
    <p class='ocr_par' dir='ltr' id='par_1_113' title="bbox 2309 5612 3310 5700">
     <span class='ocr_line' id='line_1_115' title="bbox 2309 5612 3310 5700; baseline 0.004 -38"><span class='ocrx_word' id='word_1_846' title='bbox 2309 5612 2517 5664; x_wconf 90' lang='lat' dir='ltr'><strong>ctuant</strong></span> <span class='ocrx_word' id='word_1_847' title='bbox 2540 5612 2720 5666; x_wconf 87' lang='lat' dir='ltr'><strong>etiam</strong></span> <span class='ocrx_word' id='word_1_848' title='bbox 2754 5612 2906 5667; x_wconf 90' lang='lat' dir='ltr'><strong>inter</strong></span> <span class='ocrx_word' id='word_1_849' title='bbox 2929 5613 3066 5665; x_wconf 76' lang='grc' dir='ltr'>οὕτω</span> <span class='ocrx_word' id='word_1_850' title='bbox 3096 5616 3153 5700; x_wconf 71' lang='lat' dir='ltr'><strong>et</strong></span> <span class='ocrx_word' id='word_1_851' title='bbox 3176 5615 3310 5666; x_wconf 79' lang='grc' dir='ltr'>τότε.</span> 
     </span>
    </p>
   </div>
  </div>
