4198 6446
251 379 370 444 849

1391 375 1759 443 COMMENT.
1802 384 1871 442 1N
1911 379 2356 449 MATTHAEUM.
2404 423 2472 432 —
2509 393 2664 449 CAP.
2705 381 2854 449 XXI.

3538 395 3646 454 550

249 520 420 567 τοῦτο
448 514 622 564 τοίνυν
662 513 938 572 Ματθαῖος
985 513 1097 584 μὲν,
1145 507 1219 563 δι’
1263 509 1550 586 ἀκρίϐειαν,
1600 517 1689 565 καὶ
1720 511 1875 584 ἀμφο-

1997 513 2069 569 sit
2094 513 2364 572 Salvator
2393 531 2408 583 ;
2442 516 2673 574 asinam
2693 534 2836 574 vero
2859 518 3093 575 silentio
3119 520 3544 591 praterierunt.
3577 526 3644 579 ut

255 609 424 678 τέρων
477 600 834 674 ἐμνημόνευσε
872 611 974 652 τῶν
1029 601 1348 672 υποζυγίωνο
1397 605 1445 654 οἱ
1495 599 1544 654 δ’
1581 601 1743 672 ἄλλοι,
1794 600 1888 654 διὰ

259 695 577 764 συντομίαν,
632 693 718 742 τόν
787 689 956 742 πῶλον
1020 692 1110 762 μεν
1179 688 1499 765 ἀνέγραψαν,
1553 694 1620 752 ὡς
1693 690 1886 761 ἑποχη-

261 784 443 841 θέντος
503 779 647 849 αύτῷ
698 786 794 830 τοῦ
844 786 1100 851 Σωτῆρος·
1142 783 1236 836 τὴν
1277 783 1387 831 ὄνον
1447 776 1506 832 δὲ
1553 785 1886 854 παρεσιὼπη-

267 889 391 935 σαν,
427 872 497 930 ὡς
547 868 802 940 ἑπομένην
849 871 1022 939 μόνον.
1055 865 1342 938 Ἐπωχήθη
1375 872 1464 941 μιν
1494 865 1581 920 οὖν
1620 877 1690 938 τῷ
1733 868 1885 939 πώλῳ

267 960 524 1032 Χριστὸς,
575 957 689 1029 ἅμα
736 958 851 1028 μὲν,
897 959 963 1016 ὡς
993 959 1217 1030 εἴρηται,
1269 965 1540 1029 προτυπῶν
1579 960 1636 1008 τὸ
1684 955 1882 1028 μέλλον,

271 1049 383 1121 ἅμα
421 1044 482 1100 δὲ
538 1049 651 1113 καὶ,
695 1041 882 1102 ἐπειδὴ
935 1043 1250 1112 συνέϐαινεν,
1301 1043 1700 1117 ἀσθενεστέρους
1741 1050 1886 1106 ὄντας

271 1139 414 1198 τινὰς
459 1135 765 1206 ὑποζυγίων
816 1130 1051 1197 δεῖσθαι,
1111 1135 1398 1186 κάνταῦθα.
1457 1138 1654 1208 Μίτρον
1713 1135 1883 1197 ἔθηκε,

270 1224 498 1289 δεικνὺς,
557 1226 638 1276 ὅτι
696 1223 757 1275 ού
809 1227 920 1296 χρὴ
978 1226 1068 1274 τόν
1126 1222 1289 1275 αὐτοῦ
1359 1225 1600 1295 μαθητὴν
1655 1225 1796 1295 ίππῳ
1851 1227 1880 1282 ἦ

265 1320 466 1388 ἤμιονω
490 1314 821 1386 κεχρῆσθαι,
852 1311 961 1363 αλλ’
988 1311 1131 1382 ὀνῳ,
1167 1316 1257 1364 καὶ
1297 1321 1561 1364 παντακού
1592 1317 1756 1385 μόνης
1790 1321 1884 1374 τῆς

263 1410 455 1480 χρείας
479 1404 745 1476 γίνεσθαι.

333 1501 502 1547 Τοῦτο
574 1523 642 1533 -
719 1492 832 1542 υἱόν
909 1489 1232 1560 ὑποζυγίου.
1307 1496 1492 1556 Τοῦτο,
1569 1499 1754 1558 ποῖονς
1813 1495 1882 1544 Τὸ

266 1581 574 1636 ἀποστεῖλαι
613 1584 734 1639 τοὺς
771 1580 1010 1651 μαθητὰς
1055 1578 1126 1639 εἰς
1173 1581 1231 1630 1'6
1265 1577 1479 1650 ἀγαγεῖν
1519 1584 1612 1638 τὴν
1643 1584 1754 1632 ὄνον
1799 1585 1880 1632 καὶ

265 1676 349 1724 τόν
377 1671 568 1724 πῶλον.
609 1673 893 1743 Προφήτην
941 1664 1000 1719 δε
1036 1675 1121 1718 νῦν
1161 1667 1297 1739 λέγει
1343 1672 1431 1720 τὸν
1461 1674 1755 1741 Ζαχαρίαν.
1790 1677 1882 1722 Πε-

266 1761 542 1837 πλήρωται
571 1762 661 1832 μὲν
689 1765 778 1810 οῦν
819 1758 850 1814 ἠ
883 1759 1098 1814 τοιαύτη
1131 1761 1440 1830 προφητεία.
1472 1762 1651 1829 Γέγονε
1679 1755 1739 1811 δι
1761 1762 1879 1812 ταύ-

267 1871 364 1911 της
421 1852 451 1908 ἡ
512 1849 782 1919 πλήρωσις
847 1849 1142 1919 προφητεία
1192 1846 1347 1898 πάλιν
1405 1845 1580 1920 ἐτέρου
1635 1848 1877 1919 πρᾶγμα·
1913 1863 1958 1920 Β

271 1958 384 2006 τος,
417 1943 554 2011 φημὶ
581 1933 674 2003 δὴ,
703 1943 801 1996 τῆς
843 1939 1071 1996 πίστεως
1116 1943 1215 1986 τῶν
1259 1933 1432 2000 ἐθνῶν,
1466 1937 1534 1995 ὡς
1582 1935 1875 2010 εἰρήκαμενδ

287 2030 544 2098 Θυγάτηρ
596 2022 653 2078 δι
679 2029 829 2087 Σιὼν,
880 2023 1011 2082 αύτή
1063 2024 1094 2082 ἠ
1145 2027 1292 2094 Σιὼν,
1333 2026 1399 2084 ὡς
1433 2026 1549 2084 Υἱὸς
1584 2023 1875 2099 ἀνθρώπου,

297 2115 460 2175 αὐτὸς
521 2115 548 2164 6
622 2115 886 2185 ἄνθρωπος.
956 2108 1178 2184 ’ἰδίωμα
1237 2114 1338 2185 γὰρ
1411 2117 1501 2164 καὶ
1567 2120 1718 2165 τοῦτο
1783 2122 1878 2174 τῆς

301 2197 570 2275 Εϐραῖδος
618 2197 884 2254 διαλέκτου.
944 2205 1046 2254 Καὶ
1095 2204 1220 2252 Σιὼν
1270 2202 1381 2272 μιν,
1431 2202 1462 2259 ἦ
1516 2200 1874 2276 Ἰερουσαλήμ·

296 2289 558 2363 βασιλεὺς
583 2285 641 2342 δί
665 2297 750 2350 τῆς
771 2294 910 2355 Σιὼν,
943 2291 968 2342 6
1014 2293 1266 2362 Χριστόςο
1307 2297 1461 2342 τοῦτο
1491 2292 1601 2362 μὲν,
1634 2294 1698 2352 ὡς
1730 2296 1872 2353 Θεὸς

287 2388 442 2432 τοῦτο
484 2375 562 2444 δὲ,
608 2383 689 2430 καὶ
737 2381 798 2439 ὡς
847 2379 904 2430 ἐκ
958 2377 1245 2451 βασιλικῆς
1281 2379 1436 2454 ῥιζης
1477 2378 1876 2444 ἀναϐλαστῆσας

274 2477 368 2529 τῆς
425 2474 518 2520 τοῦ
579 2465 760 2520 Δαυίδ·
818 2470 895 2520 ἔτι
951 2464 1012 2522 δι
1067 2473 1175 2534 καὶ,
1248 2471 1312 2529 ὡς
1369 2469 1638 2544 εὐεργέτης
1693 2471 1872 2533 αὐτῆς.

265 2557 526 2632 Ἔρχεται
597 2553 657 2610 δὲ
710 2560 843 2632 πρὸς
891 2557 1053 2616 αὐτὴν
1112 2557 1304 2632 πραΰς,
1364 2563 1496 2630 μήτε
1554 2556 1878 2634 δορυφόρους

253 2650 418 2719 ἔχων,
450 2651 588 2719 μήτε
614 2646 953 2721 ξιφηφόρους,
984 2651 1116 2718 μήτε
1135 2643 1497 2721 ῥαϐδούχους,
1528 2647 1656 2700 ἀλλὰ
1684 2649 1875 2707 πολλὴν

251 2742 346 2795 τὴν
420 2738 733 2810 ἡμερότητα
801 2741 892 2788 καὶ
949 2733 1223 2789 ἐπιείκειαν
1273 2731 1672 2800 ἐνδεικνύμενος.
1733 2737 1877 2791 Ἐπι-

253 2825 494 2887 ϐεϐηκὼς
543 2821 604 2877 δὲ
651 2824 737 2877 ἐπὶ
770 2828 880 2877 ὄνον
921 2829 1010 2877 καὶ
1058 2825 1246 2890 πῶλον,
1299 2825 1393 2877 οὐκ
1444 2823 1560 2899 ἰδίᾳ
1597 2832 1688 2879 καὶ
1737 2823 1871 2899 ἰδίᾳ,

255 2912 375 2968 οὐδ’
421 2919 492 2977 ὡς
538 2913 589 2966 ἐν
623 2910 899 2988 συνωρίδα
953 2913 1062 2966 ἀλλ’
1093 2918 1206 2967 ὄνον
1235 2920 1324 2967 καὶ
1358 2916 1550 2984 πῶλον,
1581 2919 1666 2968 τὸν
1704 2917 1874 2968 πῶλον

255 3009 469 3063 νόησον.
504 3002 662 3056 Ὀνον
691 3023 801 3076 μεν,
832 3010 895 3076 τῇ
929 3006 1099 3075 φύσιν
1135 3003 1303 3056 πῶλον
1337 3001 1415 3069 δὲ,
1463 3012 1525 3078 τῇ
1572 3004 1770 3078 ἡλικίᾳ.
1806 3010 1871 3059 Σὺ
1907 3005 1947 3062 C

260 3091 309 3147 δ’
357 3093 629 3167 ἐρώτησον
675 3095 764 3144 τόν
817 3089 1092 3158 Ἰουδαῖον,
1137 3100 1282 3155 ποῖος
1322 3092 1574 3166 βασιλεὺς
1611 3091 1759 3152 ἦλθεν
1800 3095 1872 3158 εἰς

255 3182 617 3255 Ἰερουσαλὴμ
660 3185 757 3254 ὄνῳ
785 3186 877 3234 ναὶ
906 3181 1058 3253 πώλῳ
1106 3181 1458 3254 ἐποχούμενος
1485 3199 1499 3250 ;
1533 3180 1739 3236 Ούδένα
1765 3187 1867 3258 γὰρ

254 3274 424 3346 ἕτερον
452 3272 612 3325 εἰπεῖν
643 3272 704 3324 ἄν
735 3273 857 3342 ἔχοι
880 3272 1028 3344 παρὰ
1053 3274 1139 3324 τὸν
1171 3275 1419 3344 Χριστόν.

323 3415 457 3490 [Καὶ
510 3415 626 3488 (34)
668 3414 832 3474 ἄλλως
880 3410 938 3467 δὲ
984 3415 1217 3490 θυγάτηρ
1263 3422 1354 3476 τῆς
1411 3419 1558 3482 Σιὼν,
1609 3413 1866 3487 Ἰερουσα-

249 3505 378 3579 λὴμ,
426 3502 523 3558 διὰ
575 3508 634 3557 τό
682 3507 876 3563 ταύτην
921 3505 1234 3557 ὑποκεῖσθαι
1288 3513 1358 3575 τῷ
1408 3508 1514 3578 ὄρει
1559 3513 1634 3576 τῷ
1680 3504 1864 3558 καλούς

250 3601 388 3670 μένῳ
467 3601 614 3648 Σιων·
676 3593 874 3666 λέγεται
936 3591 994 3646 δὲ
1049 3599 1140 3647 καὶ
1214 3596 1244 3654 ἡ
1313 3592 1653 3669 Ἰερουσαλὴμ
1712 3600 1858 3661 Σιὼν,

250 3684 355 3738 ἀπὸ
401 3692 498 3737 τοῦ
545 3683 864 3757 ἐπικειμένου
909 3687 1056 3757 ὅρους
1110 3682 1489 3757 μεταλαχούσα
1543 3691 1640 3747 τῆς
1688 3688 1862 3738 τοιαύ-

250 3797 313 3835 τη
323 3797 347 3838 ς
380 3777 477 3832 κλή
489 3772 666 3846 σεως.]

322 3866 670 3940 Πορευθέντες
729 3893 798 3903 -—
847 3862 1035 3918 πῶλον.
1123 3864 1338 3938 Μάρκος
1405 3859 1464 3916 δε
1536 3862 1861 3937 λεπτομερῶς

252 3953 594 4028 ἀπαγγέλλει,
645 3957 696 4005 τί
732 3955 1002 4010 ἐποίησαν.
1058 3957 1213 4025 Λέγει
1265 3956 1385 4028 γὰρ,
1443 3954 1522 4006 ὅτι
1577 3949 1859 4018 Ἀπῆλθον,

248 4051 341 4100 καὶ
407 4045 557 4119 εὗρον
627 4045 714 4096 τὸν
786 4044 952 4095 πῶλον
1035 4039 1306 4115 δεδεμένον
1363 4045 1496 4116 πρὸς
1557 4048 1645 4102 τὴν
1701 4045 1859 4118 θύραν

1995 618 2126 673 quae
2158 609 2388 660 tantum
2439 607 2817 678 sequebatur.
2868 610 3076 664 Vectus
3113 613 3204 664 est
3230 608 3427 681 itaque
3460 627 3642 682 super

1994 691 2226 762 pullum
2251 694 2536 760 Christus,
2557 697 2730 752 simul
2771 698 3179 768 praetigurans,
3199 699 3501 755 utdiclum
3527 705 3637 765 est,

1993 781 2158 852 quod
2185 782 2450 839 futurum
2467 791 2628 851 erat;
2654 785 2832 841 simul
2860 788 3059 851 etiam,
3083 787 3230 859 quia
3255 788 3643 857 contingebat

1993 870 2290 938 quosdam
2341 873 2756 930 imbecilliores
2789 875 3053 944 indigere
3095 876 3398 946 jumentis,
3459 878 3638 934 etiam

1995 957 2056 1013 in
2107 959 2221 1015 hoc
2274 962 2524 1018 modum
2564 963 2776 1034 posuit,
2827 964 3148 1020 ostendens
3194 980 3315 1021 non
3370 972 3639 1036 oportere

1993 1047 2356 1121 discipulum
2387 1067 2564 1106 suum
2587 1068 2738 1124 equo
2773 1059 2877 1109 aut
2915 1053 3078 1110 mulo
3108 1054 3208 1120 uti,
3239 1053 3345 1110 sed
3373 1055 3564 1123 asino,
3583 1060 3642 1113 et

1993 1136 2218 1210 ubique
2249 1139 2380 1197 sola
2403 1139 2464 1196 id
2494 1139 2621 1196 ﬁeri
2651 1141 3004 1198 necessitate
3033 1141 3165 1214 (rr).

2063 1352 2222 1407 Vers.
2256 1355 2291 1408 4
2335 1353 2460 1408 Hoc
2497 1383 2565 1395 -
2592 1352 2756 1412 Vers.
2808 1354 2844 1409 5
2869 1355 3054 1424 ﬁlium
3085 1355 3437 1428 subjugalis.
3496 1357 3637 1425 Hoc,

1992 1439 2138 1512 quid
2163 1441 2190 1497 ?
2221 1441 2546 1514 Discipulos
2577 1443 2795 1498 missos
2824 1459 2952 1500 esse
2983 1449 3047 1502 ut
3076 1445 3309 1502 asinam
3333 1451 3387 1502 et
3408 1447 3640 1519 pullum

1992 1527 2376 1585 adducerent.
2421 1531 2773 1603 Prophetam
2827 1539 3025 1588 autem
3071 1533 3212 1590 dicit
3237 1551 3398 1591 nunc
3427 1535 3642 1593 Zacha-

1991 1616 2162 1672 riam.
2196 1619 2489 1691 Completa
2515 1626 2600 1676 est
2645 1621 2846 1692 itaque
2887 1619 3224 1694 hujusmodi
3282 1625 3635 1695 prophetia:

1991 1706 2120 1776 ejus
2148 1723 2290 1763 vero
2316 1709 2631 1780 completio
2683 1726 2890 1765 rursus
2918 1710 3074 1767 facta
3126 1718 3214 1768 est
3267 1711 3506 1769 alterius
3552 1712 3640 1769 rei

1989 1795 2322 1867 prOphetia,
2374 1804 2515 1868 puta
2544 1798 2683 1853 ﬁdei
2731 1800 3018 1870 gentium,
3053 1804 3117 1856 ut
3153 1799 3441 1856 diximus.
3489 1801 3640 1858 Filia

1989 1888 2189 1940 autem
2229 1883 2372 1942 Sion
2427 1889 2512 1942 est
2563 1888 2691 1959 ipsa
2733 1887 2895 1956 Sion,
2956 1888 3106 1945 sicut
3162 1889 3336 1946 Filius
3372 1889 3638 1947 hominis

1988 1969 2116 2044 ipse
2141 1973 2344 2030 homo.
2365 1977 2514 2032 Nam
2540 1982 2597 2031 et
2624 1976 2739 2032 hoc
2769 1976 2986 2034 idioma
3011 1983 3098 2034 est
3128 1977 3431 2036 Hebraicaa
3459 1980 3640 2052 phra-

1989 2062 2093 2118 sis.
2136 2065 2200 2120 Et
2247 2065 2387 2121 Sion
2442 2065 2688 2138 quidem
2745 2071 2832 2124 est
2875 2067 3204 2125 Jerusalem
3239 2084 3385 2126 :rex
3437 2074 3640 2126 autem

1989 2149 2149 2217 Sion,
2202 2151 2328 2226 ipse
2354 2154 2638 2222 Christus,
2669 2156 2764 2212 vel
2816 2163 3096 2230 tanquam
3149 2159 3324 2226 Deus,
3375 2158 3466 2215 vel
3518 2163 3641 2215 tan-

1987 2255 2171 2314 quam
2201 2257 2233 2298 e
2265 2244 2426 2314 regia
2459 2245 2642 2301 David
2669 2245 2867 2302 radice
2897 2247 3244 2319 progenitus
3291 2267 3304 2307 :
3337 2247 3429 2303 vel
3455 2249 3638 2305 etiam

1987 2336 2278 2403 tanquam
2301 2331 2351 2388 is
2381 2333 2481 2405 qui
2507 2333 2567 2389 in
2592 2349 2727 2390 eam
2755 2335 3014 2407 plurima
3045 2335 3288 2393 contulit
3320 2335 3633 2394 beneﬁcia.

1987 2418 2155 2476 Venit
2180 2435 2319 2492 ergo
2349 2422 2426 2478 ad
2453 2439 2587 2479 eam
2620 2429 2968 2481 mansuetus
2999 2439 3227 2498 :neque
3241 2424 3638 2484 satellitesha-

1986 2506 2154 2564 bens.
2210 2525 2405 2584 neque
2436 2513 2538 2584 qui
2561 2511 2855 2580 lanceam,
2892 2512 3183 2584 gladium,
3214 2521 3318 2571 aut
3346 2515 3506 2571 faces
3536 2515 3634 2589 (ss)

1984 2595 2193 2663 ferant,
2229 2599 2333 2655 sed
2379 2600 2623 2658 multam
2653 2619 2777 2674 prae
2809 2619 2870 2659 se
2899 2601 3092 2660 ferens
3117 2603 3636 2661 mansuetudinem

1986 2703 2053 2742 ac
2083 2685 2541 2746 humanitatem.
2575 2689 2802 2747 Sedens
2845 2707 2987 2748 vero
3046 2709 3220 2765 super
3294 2693 3532 2749 asinum
3579 2699 3636 2750 et

1985 2775 2232 2850 pullum,
2265 2793 2387 2835 non
2415 2778 2670 2846 divisim,
2706 2780 2890 2837 modo
2917 2798 3096 2854 super
3120 2781 3301 2849 hunc,
3337 2783 3516 2838 modo
3539 2800 3636 2840 su-

1984 2882 2086 2938 per
2113 2866 2286 2923 illum
2320 2884 2332 2922 :
2366 2884 2561 2941 neque
2601 2875 2890 2942 tanquam
2951 2887 3131 2944 super
3185 2871 3391 2943 bigam
3432 2872 3510 2928 ab
3541 2871 3634 2928 his

1984 2959 2256 3025 tractam,
2287 2957 2390 3012 sed
2417 2960 2651 3015 asinum
2675 2959 2994 3031 etpullum,
3012 2959 3485 3033 intelligeipsum
3501 2961 3634 3034 pul-

1979 3043 2127 3111 lum,
2159 3046 2401 3102 asinum
2431 3047 2679 3119 quidem
2740 3053 2973 3113 natura,
3003 3049 3237 3123 pullum
3269 3066 3410 3106 vero
3442 3055 3630 3107 aetate.

1980 3135 2064 3189 Tu
2088 3149 2230 3204 ergo
2268 3135 2569 3208 interroga
2591 3135 2885 3204 Judaeum,
2928 3139 3062 3211 quis
3089 3154 3190 3194 rex
3220 3139 3444 3195 venerit
3465 3142 3630 3196 Jeru-

1980 3223 2165 3280 salem
2195 3225 2362 3280 asino
2383 3231 2438 3281 et
2487 3225 2652 3296 pullo
2675 3231 2878 3282 vectus
2908 3227 2935 3281 ‘I
2961 3226 3198 3282 Nullum
3253 3227 3414 3284 enim
3445 3228 3629 3284 alium

1979 3312 2168 3368 dicere
2198 3314 2408 3384 poterit
2442 3318 2655 3384 praeter
2687 3314 3006 3370 Christum.

2045 3401 2292 3471 +Aliter
2343 3417 2585 3474 quoque
2637 3402 2754 3458 ﬁlia
2818 3404 2956 3459 Sion
3009 3407 3096 3460 est
3146 3401 3495 3471 Jerusalem,
3555 3421 3626 3462 eo

1973 3490 2138 3564 quod
2169 3490 2439 3562 subjecta
2464 3491 2537 3547 sit
2569 3492 2757 3548 monti
2796 3491 2901 3565 qui
2946 3497 3198 3550 vocatur
3224 3494 3380 3550 Sion.
3410 3493 3628 3551 Dicitur

1971 3597 2214 3654 quoque
2236 3580 2362 3654 ipsa
2390 3581 2712 3638 Jerusalem
2737 3581 2892 3649 Sion,
2926 3588 3170 3656 propter
3196 3589 3452 3639 montem
3485 3584 3626 3641 Sion

1971 3671 2076 3743 qui
2101 3687 2278 3743 supra
2306 3670 2566 3744 ponitur,
2618 3677 2682 3730 ut
2711 3671 2784 3729 sit
2826 3673 3232 3746 metaphorica
3280 3672 3621 3746 appellatio.

2042 3887 2207 3943 Vers.
2273 3887 2330 3942 6.
2381 3887 2609 3944 Euntes
2654 3917 2725 3929 —
2761 3885 2927 3944 Vers.
2978 3890 3030 3944 7.
3103 3888 3344 3960 pullum.
3395 3890 3624 3946 Marcus

1971 3980 2172 4032 autem
2199 3976 2619 4048 particularius
2667 3977 2873 4034 recitat
2903 3978 2965 4033 id
3012 3978 3180 4051 quod
3217 3977 3502 4034 fecerunt.
3532 3977 3626 4034 Ait

1970 4066 2131 4122 enim
2164 4080 2178 4120 :
2208 4065 2500 4122 Abierant
2551 4073 2605 4123 et
2636 4067 2991 4124 invenerunt
3019 4069 3256 4138 pullum
3301 4067 3623 4137 alligatum

249 4137 346 4199 ἔξω
426 4134 515 4187 ἐπὶ
597 4140 687 4186 τοῦ
759 4128 998 4205 ἀμφόδου
1075 4136 1165 4184 καὶ
1235 4131 1448 4184 λύουσιν
1523 4131 1695 4190 αὐτόν,
1761 4136 1859 4184 Καὶ

1988 4157 2148 4212 iuxta
2162 4157 2423 4225 januam
2452 4154 2594 4223 foris
2624 4157 2687 4210 ιή
2720 4155 2892 4221 bivio,
2937 4128 3286 4225 solimntque
3320 4128 3516 4211 illum.
3544 4156 3622 4210 Et

249 4244 384 4286 τινες
433 4231 538 4276 τῶν
595 4221 697 4275 ἐκεῖ
751 4221 1044 4280 ἑστηκότων
1103 4221 1270 4292 ἔλεγον
1343 4221 1539 4288 αὐτοῖς,
1607 4225 1670 4274 Τί
1735 4241 1856 4273 ποι-

250 4323 354 4368 εῑτε
410 4313 617 4374 λύοντες
680 4315 767 4364 τόν
818 4310 1018 4381 πῶλον;
1080 4313 1146 4363 Οἱ
1194 4307 1253 4363 δὲ
1300 4307 1440 4364 εἶπον
1497 4310 1694 4377 αὐτοῖς,
1759 4331 1858 4363 κα-

257 4407 356 4465 θὼς
443 4401 721 4456 ἐνετείλατο
795 4402 822 4453 6
902 4401 1123 4461 Ἰησοῦς
1195 4404 1284 4453 καὶ
1367 4399 1568 4473 ἀφῆκαν
1643 4399 1851 4462 αύτούς.

258 4499 431 4545 Ταῦτα
487 4495 577 4564 μὲν
625 4487 714 4543 οὖν
771 4491 798 4542 6
859 4493 1089 4564 Μάρκος,
1152 4491 1308 4564 θύραν
1366 4488 1544 4561 λέγων,
1605 4494 1697 4548 τὴν
1763 4497 1854 4541 τοῦ

254 4587 399 4636 onou
437 4591 539 4635 τῶν
590 4581 704 4651 (35)
745 4585 934 4656 κυρίων
974 4587 1065 4634 τού
1101 4579 1296 4632 πώλου·
1342 4575 1578 4652 ἄμφοδον
1619 4574 1679 4632 δὲ
1713 4577 1854 4631 ἐστιν

254 4675 282 4731 ἡ
317 4668 526 4732 δίοδος.

321 4767 513 4815 Σκόπει
562 4757 621 4814 δε
663 4761 837 4812 πάντα
881 4761 1014 4812 κατὰ
1074 4761 1431 4832 προτύπωσιν.
1490 4765 1688 4832 Ὥσπερ
1752 4760 1854 4833 γὰρ

253 4853 281 4910 ἡ
335 4857 450 4914 ὄνος
503 4855 592 4904 καὶ
642 4852 668 4903 ό
715 4849 885 4912 πῶλος
927 4845 1167 4903 ἐδίδοντο
1206 4852 1447 4920 σχοίνοις
1485 4847 1600 4916 ἔξω,
1641 4846 1727 4901 ἐπὶ
1764 4855 1855 4901 τοῦ

251 4938 559 5049 etp-notia);
575 4940 747 5049 Gitoni
765 4943 855 5049 κσὲὶ
907 4940 934 4992 6
969 4937 1190 5002 παλαιός
1228 4937 1368 5006 λαός,
1408 4939 1435 4990 6
1473 4936 1526 5000 ἐξ
1561 4932 1852 5004 Ἰουδαίων,

348 5017 373 5052 ο
403 5015 580 5070 Marc.
606 5028 686 5072 x1,
711 5012 769 5076 4,
808 5015 860 5068 6.

1969 4245 2210 4316 quidam
2241 4259 2437 4300 eorum
2464 4245 2565 4314 qui
2596 4244 2679 4299 ibi
2730 4244 2950 4299 stabant
3001 4244 3282 4300 dixerunt
3312 4247 3390 4299 eis
3423 4259 3436 4298 :
3467 4243 3623 4310 Quid

1963 4334 2173 4405 facitis
2194 4335 2470 4389 solventes
2487 4334 2716 4402 pullum
2737 4333 2764 4387 ?
2786 4334 2852 4387 At
2872 4332 2965 4391 illi
2987 4333 3265 4388 dixerunt
3294 4332 3449 4388 sicut
3477 4347 3618 4402 prav-

1967 4429 2196 4496 ceperat
2220 4425 2406 4487 Jesus,
2438 4429 2492 4478 et
2519 4421 2869 4479 dimiserunt
2899 4437 3010 4479 eos.
3049 4421 3175 4476 Hinc
3195 4436 3340 4477 sane
3381 4422 3616 4479 Marcus

1960 4514 2210 4586 januam
2231 4513 2433 4569 dicens
2459 4512 2678 4568 domus
2706 4512 3092 4568 dominorum
3119 4511 3266 4584 pulli
3295 4513 3366 4569 το.

2035 4747 2354 4807 Considera
2367 4763 2437 4806 au
2447 4752 2561 4804 tem
2575 4747 2739 4820 quod
2753 4745 2958 4803 omnia
2979 4746 3058 4803 ad
3071 4729 3618 4820 prmﬁgurationem
3661 4765 3663 4767 ί

1964 4839 2206 4898 faciant.
2231 4840 2381 4895 sicut
2404 4837 2562 4894 enim
2586 4837 2763 4894 asina
2791 4841 2848 4894 et
2870 4836 3072 4910 pullus
3096 4836 3374 4894 funiculis
3395 4837 3620 4909 alligati

1965 4933 2135 4989 erant
2158 4927 2301 4986 foris
2339 4927 2400 4984 in
2447 4927 2631 4994 bivio,
2687 4927 2768 4986 ita
2794 4942 3040 5002 quoque
3069 4929 3354 5002 antiquus
3388 4928 3616 5004 Judaao-

1414 5173 1421 5180 ‘
1471 5158 1694 5228 Variae
1718 5153 2051 5228 lectiones
2077 5161 2143 5225 et
2177 5163 2380 5222 notae.

321 5337 436 5410 (34)
462 5335 698 5393 Inclusa
726 5333 789 5392 in
819 5349 1010 5407 marg.
1044 5332 1288 5390 exhibet
1309 5331 1370 5387 B.

322 5517 432 5589 (rr)
450 5517 543 5596 ﬁt
575 5515 785 5596 ubique
811 5514 1179 5596 necessitate...
1209 5513 1277 5568 Et
1305 5507 1719 5592 ubiqueﬂsolis
1748 5525 1854 5590 ne-

249 5584 518 5654 cessariis
534 5584 877 5654 conantum
903 5601 1050 5651 esse,
1077 5584 1217 5642 solis
1243 5584 1594 5640 necessariis
1617 5584 1852 5654 acquie-

249 5645 431 5730 Scere,
464 5645 593 5718 sola
618 5656 956 5717 necessaria
979 5645 1208 5714 curare.

2033 5328 2148 5402 (35)
2177 5333 2282 5382 Τοῦ
2310 5328 2515 5403 κυρίου.
2555 5326 2622 5380 Α.

2031 5505 2130 5577 (ss)
2165 5507 2273 5562 Aut
2293 5506 2485 5588 faces.
2521 5504 2692 5588 Forte
2717 5518 2888 5588 [ergo
2937 5504 2994 5559 in
3043 5519 3154 5560 suo
3183 5501 3390 5560 codice
3436 5501 3610 5560 inter-

1957 5571 2096 5650 pres
2111 5571 2332 5650 reperit
2360 5576 2538 5634 etiam
2562 5571 2889 5650 δᾳδούχους.
