4198 6430
621 343 720 406 551
1937 333 2291 400 EUTHYMII
2327 340 2660 400 ZIGABENI
3878 351 3982 409 552

624 491 760 532 rum
812 473 1092 547 populus,
1149 488 1464 544 novusque
1516 472 1804 544 gentium,
1858 469 2110 542 peccatis
2149 468 2272 524 alli-

2320 471 2348 523 λ
2381 471 2515 521 καὶὸ
2563 473 2692 536 νέος,
2738 472 2764 524 6
2803 471 2856 535 ἕξ
2902 471 3077 538 ἐθνῶν,
3111 467 3351 524 δέδενται
3388 480 3507 533 ταῖς
3543 473 3846 548 ἁμαρτίαις,
3891 479 3978 542 ἔξω

624 569 843 635 gantur
889 569 1048 620 extra
1102 562 1419 618 Ecclesiam
1459 561 1518 616 in
1566 561 1688 615 vita
1722 578 1734 627 ;
1768 575 1908 614 nam
1949 560 2105 614 hanc
2167 574 2274 630 per

2382 566 2474 619 τῆς
2525 558 2859 628 Ἐκκλησίας,
2913 560 2995 614 έπὶ
3048 569 3139 614 τοῦ
3191 560 3334 634 βίου.
3366 569 3560 614 Τοῦτον
3592 564 3708 636 (36)
3738 569 3840 640 γὰρ
3886 570 3975 640 ἄμ-

622 655 852 712 bivium
883 653 1288 722 intelligimus.
1352 654 1413 707 Et
1451 650 1962 722 quemadmodum
2017 649 2270 720 apostoli

2383 643 2540 718 φοδον
2589 657 2820 719 νοοῦμεν.
2879 654 2979 703 Καὶ
3027 653 3200 725 ὥσπερ
3252 650 3419 703 ἐκεῖνα
3473 654 3540 704 τὰ
3581 653 3693 713 ζῶα
3737 654 3974 720 λύσαντες

625 742 822 799 soluta
863 742 966 800 illa
1016 741 1293 798 animalia
1356 740 1663 796 adducunt
1705 738 1783 794 ad
1839 737 2157 800 Christum,
2193 737 2272 793 ita

2381 737 2432 787 οἱ
2486 734 2766 790 ἀπόστολοι
2819 741 3153 813 προσάγουσι
3201 748 3274 810 τῷ
3321 747 3556 814 Χριστῶ·
3591 741 3726 795 οὕτω
3767 741 3835 804 δὴ
3892 753 3974 800 καὶ

623 847 766 889 sane
795 837 851 887 et
880 833 1046 887 istos.
1087 831 1174 886 Ad
1200 830 1329 886 haec
1385 829 1558 885 sicuti
1613 832 1986 883 tentaverunt
2019 825 2268 897 quidam

2381 828 2613 888 τούτους·
2675 831 2765 879 καὶ
2835 829 3010 902 ὥσπερ
3081 827 3157 880 ἐπ’
3217 827 3416 881 ἐκείνων
3484 828 3834 905 ἐπεχείρησαν
3890 840 3973 906 μέν

620 921 942 994 prohibere
972 921 1100 984 hos,
1153 925 1297 992 puta
1334 917 1562 973 domini
1617 917 1897 987 ipsorum,
1955 915 2107 969 sicut
2135 913 2274 970 dicit

2381 932 2512 975 τινες
2565 914 2819 982 κωλύσαι,
2879 918 3061 987 ἤγουν,
3129 919 3177 969 οἱ
3238 921 3411 992 κύριοι
3479 919 3666 986 αὐτῶν,
3737 925 3807 984 ὡς
3872 923 3972 978 εἷπε

623 1013 816 1066 Lucas
833 1011 903 1076 τί,
935 1007 1133 1063 audito
1156 1013 1355 1062 autem
1369 1005 1534 1078 quod
1551 1005 1801 1059 Domino
1818 1003 1911 1058 his
1926 1019 2080 1074 opus
2096 1005 2270 1072 esset,

2381 1010 2607 1064 Λουκᾶς·
2665 1002 2980 1068 ἀκούσαντες
3024 1003 3103 1071 δὲ,
3149 1008 3230 1058 ὅτι
3277 1008 3303 1058 6
3345 1011 3537 1082 Κύριος
3583 1009 3752 1063 αὐτῶν
3795 1019 3970 1087 χρείαν

623 1102 1066 1164 concesserunt,
1114 1097 1196 1152 ita
1247 1110 1389 1150 sane
1420 1099 1476 1150 et
1505 1095 1564 1149 in
1616 1093 1733 1158 his,
1769 1097 1998 1148 tentant
2026 1090 2271 1164 quidem

2383 1093 2513 1162 ἔχει,
2572 1100 2980 1167 παρεχώρησαν·
3031 1096 3166 1148 οὕτω
3220 1092 3288 1155 δὴ
3339 1102 3429 1150 καὶ
3478 1096 3565 1150 ἐπὶ
3617 1102 3811 1152 τούτων
3867 1100 3969 1154 ἐπι-

622 1188 727 1262 qui
779 1187 1157 1244 dominantur
1195 1184 1282 1241 eis
1312 1183 1638 1246 daemones,
1672 1181 1986 1253 prohibere
2019 1197 2034 1246 ;
2068 1181 2272 1236 audito

2379 1189 2627 1254 χειροῦσι
2660 1186 2748 1254 μὲν
2784 1185 2833 1235 οἱ
2879 1187 3200 1257 κυριεύοντες
3237 1186 3408 1238 αὐτῶν
3449 1183 3692 1260 δαίμονες
3721 1188 3965 1242 κωλύσαι·

620 1292 759 1334 vero
787 1275 947 1350 quod
987 1277 1106 1331 Deo
1132 1274 1223 1330 his
1252 1289 1406 1346 opus
1435 1277 1538 1337 est,
1580 1271 1948 1344 permittunt.

2379 1269 2692 1334 ἀκούσαντες
2743 1269 2822 1341 δε,
2877 1275 2957 1326 ὅτι
3004 1276 3030 1326 ὀ
3061 1278 3191 1337 Θεὸς
3218 1275 3388 1328 αὐτῶν
3418 1282 3604 1351 χρείαν
3645 1280 3781 1350 ἔχει,
3812 1298 3968 1354 παρα-

2376 1368 2638 1434 χωροῦσι.

692 1455 853 1510 Vers.
903 1458 955 1508 7.
1015 1453 1091 1508 Et
1137 1483 1206 1493 —
1273 1451 1615 1508 vestimenta
1659 1463 1788 1504 sua.
1841 1450 2162 1504 Posuerunt
2214 1451 2270 1503 et

2449 1454 2550 1502 Καὶ
2580 1481 2646 1491 -
2696 1453 2760 1503 τὰ
2811 1453 2996 1524 ἱμάτια
3049 1452 3234 1508 αὐτῶν.
3279 1454 3563 1514 Ἐπέθηκαν
3612 1460 3707 1508 καὶ
3764 1455 3845 1509 ini.
3882 1465 3965 1516 τῆς

621 1559 801 1614 super
832 1541 1062 1598 asinam
1089 1545 1146 1597 et
1192 1557 1372 1614 super
1413 1540 1664 1613 pullum,
1697 1538 2038 1610 ignorantes
2087 1551 2268 1609 super

2375 1542 2514 1607 ὄνου,
2568 1545 2658 1592 καὶ
2711 1540 2797 1593 ἐπὶ
2845 1549 2936 1593 τοῦ
2984 1542 3178 1604 πώλου,
3212 1547 3285 1616 μὴ
3317 1549 3678 1614 γινώσκοντες,
3717 1545 3804 1598 ἐπὶ
3846 1551 3964 1606 τίνος

619 1647 798 1704 quem
831 1629 1068 1687 illorum
1093 1630 1228 1685 vehi
1254 1629 1444 1686 vellet.

2372 1627 2540 1680 αὐτῶν
2569 1631 2837 1700 ὀχηθῆναι
2863 1628 3125 1702 βούλεται.

689 1721 855 1778 Vers.
882 1721 937 1774 7.
970 1721 1046 1774 Et
1099 1751 1165 1759 —
1189 1735 1367 1788 super
1395 1733 1483 1775 ea.
1520 1719 1706 1789 Super
1753 1733 1844 1782 ea,
1900 1720 2041 1788 puta
2094 1715 2265 1770 vesti-

2448 1723 2548 1770 Καὶ
2604 1749 2672 1758 -
2743 1716 2912 1771 έπάνω
2991 1720 3180 1774 αὑτων.
3246 1721 3446 1774 Ἐπάνω
3513 1722 3706 1792 αὐτῶν,
3775 1718 3955 1782 δηλαδὴ

617 1813 822 1866 menta
845 1808 1337 1882 quaapulloerant
1366 1807 1757 1878 superposita.
1789 1806 2041 1860 Possunt
2063 1809 2260 1860 autem

2295 1819 2339 1872 Β
2373 1815 2471 1858 τῶν
2519 1806 2755 1875 ἱματίων,
2804 1817 2904 1860 τῶν
2947 1807 3274 1862 ἐπιτιθέντων
3327 1818 3400 1880 τῷ
3446 1809 3624 1882 πώλῳ.
3670 1810 3782 1865 Εἶεν
3825 1808 3948 1862 δ’άν

618 1897 1045 1970 discipulorum
1078 1896 1433 1952 vestimenta
1463 1894 1838 1950 reconditiori
1882 1892 2267 1963 intelligentia

2375 1897 2561 1966 ἱμάτια
2622 1905 2722 1948 τῶν
2778 1895 3078 1950 ἀποστόλων
3144 1897 3480 1969 ἁναγωγικῶς
3544 1902 3599 1952 αἱ
3657 1899 3850 1973 ἀρεταὶ,
3893 1901 3949 1950 τὰ

617 1986 735 2042 dici
757 1987 1022 2052 virtutes,
1072 2001 1207 2056 quae
1261 1984 1654 2056 intelligibilia
1679 1989 1816 2038 sunt
1841 1982 2059 2038 animae
2091 1982 2264 2036 vesti-

2372 1987 2534 2043 νοητὰ
2579 1983 2884 2058 περιϐόλαια
2933 1995 3029 2047 τῆς
3073 1985 3261 2058 ψυχῆς
3303 1988 3385 2049 αἶς
3423 1988 3818 2064 περιστέλλουσι
3849 1991 3956 2048 τοὺς

619 2081 842 2140 menta,
875 2074 1004 2130 illos
1043 2074 1402 2130 adornantia
1439 2074 1541 2146 qui
1589 2071 1818 2127 Christo
1849 2071 2256 2127 adducuntur.

2374 2078 2794 2148 προσαγομένους
2831 2082 2902 2144 τῷ
2953 2082 3197 2147 Χριστῷ.
3252 2081 3459 2138 Λουκᾶς
3511 2074 3571 2131 δε
3620 2083 3836 2152 εἴρηκεν,
3886 2078 3957 2128 ότι

617 2163 806 2220 Lucas
836 2167 1030 2219 autem
1063 2163 1210 2220 dixit
1235 2164 1306 2229 τ’,
1338 2161 1506 2234 quod
1535 2153 1817 2234 discipuli
1853 2160 2266 2232 imposuerunt

2375 2163 2424 2214 οἱ
2481 2164 2713 2233 μαθηταὶ
2784 2161 3097 2216 έπεϐίϐασαν
3164 2167 3251 2216 τὸν
3315 2164 3519 2223 Ἰησοῦν
3581 2165 3665 2220 ἐπὶ
3724 2170 3806 2219 τὸν
3858 2172 3957 2218 πῶ-

614 2253 820 2309 Jesum
851 2269 1032 2324 super
1058 2252 1291 2324 pullum
1325 2268 1339 2319 ;
1363 2249 1632 2322 discipuli
1668 2250 1827 2304 enim
1854 2248 2104 2304 verbum
2128 2263 2268 2317 gen-

2373 2249 2478 2305 λον.
2531 2253 2598 2304 Oi
2625 2253 2860 2324 μαθηταὶ
2905 2255 3005 2326 γὰρ
3059 2251 3428 2315 έπιϐιϐάζουσι
3470 2258 3556 2307 τὸν
3608 2255 3755 2328 λόγον
3792 2253 3872 2308 ἐπὶ
3898 2255 3957 2305 τὰ

615 2342 773 2399 tibus
807 2343 1188 2415 superimpon
1199 2347 1323 2397 unt.

855 2343 1188 2415 iperimpon
1199 2347 1323 2397 unt.
2374 2341 2513 2398 ἔθνη.

686 2432 852 2488 Vers.
920 2434 969 2486 8.
1034 2431 1411 2486 Plurima—
1449 2443 1577 2484 sua.
1643 2426 2040 2483 Ostenderunt
2111 2425 2265 2498 quod

2441 2428 2501 2481 '0
2561 2427 2621 2482 δε
2676 2431 2917 2492 πλεῖστος
2985 2461 3057 2472 -
3113 2432 3307 2489 αὐτῶν.
3383 2430 3635 2501 Ἕδειξαν,
3694 2433 3769 2483 ὅτι
3829 2432 3947 2502 ὑπὲρ

615 2518 750 2590 plus
780 2535 963 2591 quam
997 2519 1355 2590 prophetam
1387 2533 1521 2572 eum
1552 2515 1896 2580 habebant;
1924 2515 2056 2570 ideo
2089 2515 2266 2570 etiam

2374 2523 2644 2592 προφήτην
2698 2520 2852 2572 αὐτὸν
2906 2518 3072 2592 εἶχον.
3126 2524 3214 2574 Διὸ
3272 2527 3360 2574 καὶ
3418 2519 3814 2594 ὑπερϐαλλόντως
3858 2517 3944 2568 αὖ·

614 2608 921 2663 excellenti
951 2608 1134 2662 modo
1173 2607 1365 2678 ipsum
1391 2607 1857 2661 honoraverunt.
1891 2607 2036 2660 Nam
2068 2610 2124 2659 et
2145 2621 2266 2660 mo-

2372 2610 2456 2660 τὸν
2507 2606 2784 2680 ἐτίμησαν.
2859 2612 2966 2681 Πρό
3023 2608 3198 2680 ὀλίγον
3252 2613 3350 2684 γὰρ
3399 2611 3482 2661 τὸν
3540 2608 3774 2681 Λάζαρον
3831 2604 3943 2656 ἁνα-

615 2697 750 2752 dico
764 2702 898 2751 ante
913 2703 1177 2766 tempore
1192 2712 1327 2750 cum
1348 2697 1632 2749 Lazarum
1653 2693 2081 2760 resuscitasset,
2103 2709 2266 2763 mag-

2375 2701 2600 2762 στήσας,
2653 2699 2718 2758 ὡς
2777 2699 2803 2750 6
2870 2697 3113 2759 Ἰωάννης
3168 2704 3320 2770 φησὶ,
3376 2697 3502 2751 πολὺ
3556 2697 3702 2758 σέϐας
3749 2698 3944 2756 τούτοις

615 2799 761 2840 nam
786 2784 949 2855 apud
972 2800 1076 2838 eos
1108 2784 1492 2839 reverentiam
1519 2782 1853 2856 acquisivit.
1903 2783 2264 2852 Abjiciamus

2373 2783 2597 2844 ἐνέϐαλε.
2659 2785 2910 2858 Ῥίψωμεν
2985 2787 3073 2839 οὖν
3125 2793 3215 2840 καὶ
3286 2789 3435 2860 ἡμεῖς
3481 2790 3566 2840 τὸν
3621 2791 3810 2859 κόσμον
3863 2790 3949 2836 τοῦ

615 2887 755 2942 ergo
785 2877 843 2927 et
888 2886 998 2926 nos
1045 2872 1310 2944 corporis
1352 2876 1628 2928 ornatum
1665 2877 1906 2944 propter
1944 2872 2260 2940 Christum,

2375 2880 2616 2947 σώματος
2672 2872 2767 2928 διὰ
2822 2880 3072 2950 Χριστὸν,
3131 2882 3221 2929 καὶ
3277 2881 3622 2949 κοσμήσωμεν
3687 2879 3776 2934 τὴν
3836 2870 3952 2926 ὁδὸν

615 2965 674 3016 et
710 2976 993 3016 ornemus
1014 2961 1174 3017 viam
1207 2961 1356 3032 ejus,
1387 2961 1734 3032 abjicientes
1765 2977 1911 3033 opes
1949 2977 2019 3016 ac
2046 2960 2264 3016 affecti-

2370 2963 2552 3034 αὐτοῦ,
2623 2964 2906 3039 ῥίπτοντες,
2974 2965 3009 3016 οἶ
3077 2964 3508 3040 περιϐεϐλήμεθα,
3575 2971 3828 3039 χρήματα
3872 2967 3957 3014 καὶ

616 3063 760 3104 ones
790 3048 1012 3122 quibus
1042 3049 1352 3106 induimur
1373 3056 1475 3106 aut
1504 3050 1971 3106 circumdamur.
2372 3055 2538 3112 πάθη.

682 3138 848 3193 Vers.
889 3141 941 3195 8.
974 3138 1185 3195 Alii—
1217 3139 1280 3196 in
1337 3141 1455 3197 via.
1505 3143 1732 3196 Marcus
1788 3157 1926 3196 vero
1977 3136 2262 3200 στοιϐάδας
2296 3164 2337 3223 C

2302 3164 2337 3223 ε
2443 3141 2620 3195 Ἀλλοι
2648 3174 2716 3183 —
2756 3141 2804 3195 ἐν
2850 3150 2910 3215 τῇ
2963 3138 3095 3213 ὁδῷ.
3139 3144 3352 3216 Μάρκος
3399 3141 3457 3197 6“:
3505 3145 3640 3215 (37),
3684 3138 3960 3202 στοιϐάδας

613 3225 758 3283 dixit
805 3229 879 3283 ⁷³.
925 3229 1020 3284 Est
1061 3233 1262 3285 autem
1291 3229 1502 3292 στοιϐὰς
1562 3246 1869 3286 ramorum
1932 3233 2258 3301 congeries.

2373 3230 2499 3288 εἶπε.
2555 3231 2764 3294 amca;
2831 3229 2911 3301 δί,
2971 3233 3002 3291 ἠ
3065 3237 3254 3308 σωρεία
3311 3243 3408 3286 τῶν
3465 3231 3690 3291 κλάδων.
3751 3233 3960 3286 Ἐλαιῶν

613 3313 917 3371 Olivarum
950 3331 1166 3388 nempe
1204 3317 1354 3373 rami
1389 3323 1576 3373 erant.
1626 3320 1771 3373 Nam
1824 3324 1962 3372 tunc
1995 3323 2261 3375 montem

2373 3316 2432 3372 δε
2485 3316 2620 3378 ἦσαν
2673 3323 2721 3372 οἱ
2767 3317 2973 3376 κλάδοι.
3027 3325 3097 3374 T6
3135 3326 3237 3396 γὰρ
3280 3326 3393 3396 ὅρος
3433 3332 3532 3376 τῶν
3565 3321 3777 3376 Ἐϐαιῶν
3817 3341 3961 3380 τηνι-

612 3402 915 3460 Olivarum
947 3405 1346 3477 praeteribant.

1257 3412 1346 3461 .nt.
2369 3417 2537 3462 καῦτα
2571 3409 2915 3485 παρήμειϐον.

680 3494 843 3549 Vers.
898 3496 949 3548 9.
1015 3494 1229 3550 Turba
1297 3501 1493 3551 autem
1574 3525 1635 3536 —
1690 3495 1898 3551 David.
1979 3496 2262 3553 Hosanna

2442 3499 2508 3551 Οἱ
2553 3495 2612 3552 δί
2663 3497 2815 3570 ὃχλόι
2862 3530 2930 3539 -
2969 3497 3155 3555 Δαυίδ.
3188 3503 3256 3554 T6
3304 3500 3545 3567 Ὡσαννὰ,
3578 3500 3848 3574 Ἐϐραῐκόν
3876 3502 3964 3572 μὶν

612 3580 965 3638 Hebraicum
992 3587 1099 3646 est,
1151 3587 1207 3638 et
1257 3582 1552 3651 signiﬁcat
1607 3583 1905 3638 interdum
1962 3584 2260 3656 hymnum

2370 3586 2503 3653 έστι,
2543 3593 2786 3660 σημαίνει
2840 3585 2918 3654 δε,
2974 3593 3096 3641 ποτὶ
3144 3593 3252 3662 μὲν,
3286 3591 3460 3662 ὕμνον,
3510 3592 3630 3641 ποτε
3670 3585 3749 3652 δὲ,
3794 3597 3965 3639 σῶσον

611 3669 734 3725 sive
764 3670 1004 3724 laudem
1039 3688 1052 3726 :
1095 3669 1465 3742 quandoque
1508 3685 1670 3734 vero,
1699 3673 1893 3727 Serva.
1927 3675 2092 3728 Nunc
2121 3690 2262 3745 ergo

1885 3714 1893 3726 .
1927 3675 2092 3728 Nunc
2121 3690 2262 3745 ergo
2372 3672 2462 3734 δή.
2496 3683 2604 3730 Νυν
2638 3677 2726 3728 οὖν
2753 3696 2930 3748 φησιν,
2959 3677 3113 3750 ὕμνος
3141 3686 3210 3747 τῷ
3237 3679 3331 3746 υἱῷ
3363 3673 3543 3728 Δαυῖδ.

609 3757 955 3812 tantundem
977 3762 1065 3813 est
1108 3774 1181 3813 ac
1232 3759 1280 3813 si
1323 3757 1526 3814 dicat:
1563 3761 1831 3830 Hymnus
1896 3761 2018 3818 lilio
2050 3764 2260 3820 David.

681 3848 841 3900 Vers.
900 3845 952 3901 9.
1018 3847 1352 3902 Benedictus
1389 3878 1458 3887 —
1503 3848 1749 3904 Domini.
1791 3881 1857 3890 —
1916 3852 1982 3905 In
2025 3854 2260 3910 nomine

2443 3854 2798 3928 Εὐλογημένος
2855 3886 2925 3896 -
2984 3859 3194 3929 Κυρίου.
3245 3857 3316 3908 T6
3365 3853 3414 3906 έν
3467 3853 3678 3926 ὀνόματι
3745 3859 3965 3929 Κυρίου,

609 3932 864 4000 Domini,
897 3933 1012 3989 hoc
1042 3940 1148 4000 est,
1180 3951 1215 3990 a
1247 3935 1515 3990 Domino.
1549 3936 1900 3994 Benedictus
1952 3943 2056 4012 qui
2101 3943 2262 3999 venit

2370 3942 2482 3996 ἀντὶ
2537 3951 2650 4008 τοῦ,
2709 3947 2852 4016 παρὰ
2912 3949 3126 4018 κυρίου.
3194 3943 3544 4016 Εὐλογημένος
3598 3944 3624 3994 6
3688 3941 3968 4018 έρχόμενος

609 4035 648 4077 a
677 4023 817 4088 Deo,
864 4021 1207 4107 benedictus
1257 4024 1361 4096 qui
1401 4024 1628 4080 missus
1660 4032 1746 4082 est
1775 4043 1811 4083 a
1859 4028 1997 4085 Deo.
2031 4034 2259 4087 Marcus

2369 4031 2470 4085 ἀπὸ
2523 4037 2671 4096 Θεοῦ,
2723 4031 3060 4104 εὐλογημένος
3109 4035 3133 4084 ὁ
3172 4035 3420 4105 πεμφθεὶς
3451 4033 3506 4086 ἐκ
3557 4040 3716 4088 Θεοῦ.
3757 4039 3973 4107 Μάρκος

609 4114 812 4166 autem
834 4110 1063 4167 addidit
1088 4101 1102 4167 Ξ
1141 4113 1518 4170 Benedictum
1566 4115 1723 4186 quod
1750 4119 1897 4174 venit
1926 4135 2165 4192 regnum
2198 4121 2258 4175 in

2370 4119 2429 4175 δὲ
2479 4123 2791 4194 προσέθηκε,
2846 4101 2958 4175 Kuh
3012 4101 3326 4194 εὐλογημένη
3386 4125 3416 4180 ἡ
3487 4121 3746 4197 ἐρχομένη
3808 4101 3974 4199 βάσι-

607 4200 1299 4258 uomineDominiPatris
1314 4203 1505 4258 nostri
1528 4204 1714 4260 David
1724 4207 1793 4260 τι.
1819 4207 2258 4265 Existimabam

2366 4211 2477 4264 λεία
2528 4210 2576 4263 έν
2631 4211 2846 4284 ὀνόματι
2905 4215 3122 4284 Κυρίου,
3189 4219 3280 4262 τοῦ
3333 4215 3529 4286 πατρὸς
3582 4214 3732 4285 ἡμῶν
3787 4212 3973 4270 Δαυίδ.

608 4289 790 4356 enim,
823 4290 989 4362 quod
1018 4291 1341 4362 erigeretur
1365 4292 1633 4362 abjectus
1664 4295 1912 4351 thronus
1942 4297 2108 4365 regni
2149 4300 2256 4353 Da-

2365 4297 2639 4351 ’Υπέλαϐον
2713 4303 2812 4374 γὰρ
2884 4301 2998 4370 (38)
3067 4301 3148 4351 ὃτι
3226 4298 3507 4373 ἀνωρθώθη
3573 4303 3600 4353 6
3664 4303 3980 4364 καταϐεϐλη-

608 4377 738 4467 vid:
765 4379 927 4435 unde
957 4381 1292 4449 gaudentes
1319 4379 1600 4437 dicebant
1627 4398 1641 4438 ε
1673 4384 2056 4441 Benedictum
2084 4385 2252 4458 quod

2316 4444 2334 4467 ἱ
2364 4391 2512 4459 μένος
2552 4390 2725 4462 θρόνος
2776 4395 2870 4450 τῆς
2920 4386 3194 4460 βασιλείας
3239 4398 3330 4440 τοῦ
3389 4387 3580 4444 Δαυῑδ.
3621 4391 3780 4447 Ὀθεν
3840 4401 3974 4467 χαί-

603 4466 756 4523 redit
787 4443 1039 4537 regnum
1052 4468 1228 4539 primi
1248 4469 1434 4540 patris
1477 4472 1662 4528 nostri
1675 4473 1882 4528 David.
1915 4473 2083 4538 Quod
2098 4443 2254 4530 6enit

2313 4443 2539 4550 )ροντές
2582 4443 2774 4548 larra-to,
2825 4443 2938 4529 ﬁliai
3019 4443 3332 4548 nilo-reprim
3406 4478 3523 4548 (39)
3596 4484 3626 4540 ἡ
3661 4443 3676 4444 7
3704 4443 3971 4559 *ἐρχομένη

604 4555 668 4610 in
698 4557 936 4611 nomine
959 4556 1197 4611 Domini
1225 4561 1446 4624 autem,
1473 4559 1588 4616 hoc
1625 4567 1711 4616 est
1735 4576 1771 4616 a
1809 4561 1952 4628 Deo,
1991 4561 2252 4618 Joannes

2363 4566 2515 4619 πάλιν
2611 4565 2856 4638 βασιλεία
2932 4573 3024 4618 τοῦ
3115 4567 3438 4639 προπάτορος
3535 4571 3688 4643 ἡμῶν
3740 4555 3975 4629 ΠᾸαυῖδ·

605 4659 750 4699 vero
780 4643 920 4701 dicit
947 4662 961 4698 :
991 4644 1334 4703 Benedictus
1352 4649 1456 4719 qui
1479 4651 1630 4706 venit
1656 4650 1720 4704 in
1754 4649 1980 4705 nomine
2024 4651 2254 4708 Domini

2363 4654 2654 4728 Ἐρχομένη
2714 4651 2772 4707 δί
2829 4653 2876 4706 ἄν
2931 4655 3140 4726 ὀνόματι
3216 4659 3433 4728 Κυρίου,
3516 4665 3820 4732 τουτέστιν,
3882 4664 3980 4718 ἀπὸ

607 4733 924 4790 rexlsrael
949 4733 1018 4768 ⁷⁵·
1044 4735 1367 4792 Verisimile
1387 4739 1547 4793 enim
1570 4742 1657 4793 est
1680 4742 1818 4793 tunc
1847 4738 2053 4795 omnia
2075 4739 2253 4797 fuisse

2364 4743 2604 4798 Θεοῦ.’0
2656 4741 2716 4797 δε
2769 4743 3004 4804 Ἰωάννης
3064 4747 3244 4815 φησὶν*
3340 4743 3713 4820 Εὐλογημένος
3797 4756 3825 4807 ὁ
3913 4761 3989 4820 έρ-

607 4820 762 4877 dicta
791 4838 825 4877 a
847 4822 1034 4878 turbis
1060 4839 1193 4896 quae
1225 4827 1644 4897 praecedebant
1680 4831 1891 4898 etquis
1935 4829 2253 4901 sequeban-

2359 4837 2585 4907 χόμενος
2662 4831 2710 4884 ἐν
2788 4832 3002 4906 ὀνόματι
3071 4811 3291 4906 ’Κυρίου
3374 4811 3636 4906 βασιλεὺς
3699 4811 3817 4896 ⁷τοῦ
3885 4811 3985 4898 ’Ῑέτι

607 4912 698 4967 tur
754 4927 1032 4986 ,quaaque
1086 4929 1346 4984 egressas
1381 4921 1546 4972 erant
1596 4913 1658 4970 in
1709 4929 2029 4974 occursum
2085 4919 2240 4991 ejus.

2360 4920 2518 4996 ραήλ.
2552 4923 2733 4975 Πάντα
2775 4925 2877 4994 γὰρ
2911 4921 3050 4982 εἰκὸς
3101 4923 3202 4974 ὑπό
3233 4931 3334 4974 τῶν
3386 4924 3566 4995 ὄχλων
3610 4935 3730 4986 τότε
3761 4935 3986 5009 ῥηθῆναι

680 5091 727 5128 τί
757 5091 895 5148 Luc.
926 5109 1046 5158 xxx,
1091 5096 1178 5158 33,
1209 5092 1299 5149 34.
1377 5091 1598 5163 τιέιιιο,
1630 5109 1745 5160 Xlx,
1775 5094 1864 5151 35.
1941 5098 1990 5132 ⁷³
2022 5097 2193 5154 Marc.
2226 5115 2306 5164 xx,
2337 5134 2338 5143 η

1731 5136 1745 5160 ,
1775 5094 1864 5151 35.
1941 5098 1990 5132 ⁷³
2022 5097 2193 5154 Marc.
2226 5115 2306 5164 xx,
2337 5100 2397 5157 8.
2483 5100 2690 5156 "ibid.
2730 5104 2814 5157 t0.
2890 5102 2939 5135 ⁷⁵
2964 5099 3134 5157 Joan.
3171 5101 3272 5166 xu,
3307 5104 3387 5156 l3.

1807 5299 2034 5369 Variae
2091 5301 2420 5371 lectiones
2453 5313 2524 5374 et
2562 5313 2765 5371 notae.

702 5498 770 5552 36
822 5491 1012 5557 Τοῦτο,
1043 5492 1108 5550 Β.

702 5495 796 5638 37ζ
822 5560 1103 5630 Στιϐάδας,
1129 5563 1197 5630 Α,
1227 5566 1285 5622 et
1312 5579 1456 5623 mox
1483 5566 1687 5629 στιϐάς.

1394 5579 1456 5623 Jx
1483 5566 1638 5621 στιϐά
2437 5499 2552 5638 ξ38)
2583 5503 2664 5582 Δέν
2697 5515 2807 5573 Ι)Γο
2835 5473 2957 5576 άάρ,
2990 5507 3052 5585 4.

1640 5589 1687 5629 ς’
2460 5569 2554 5638 ³9)
2582 5571 2685 5629 Ηιο
2721 5571 2875 5625 πάλιν
2896 5573 3052 5631 add“

702 5499 770 5552 36
822 5499 1012 5557 Τοῦτο,
1043 5499 1108 5550 Β.

701 5499 796 5638 37ὶ
822 5560 1103 5630 Στιϐάδας,
1129 5563 1197 5630 Α,
1227 5566 1285 5622 et
1312 5579 1456 5623 mox
1483 5566 1687 5629 στιϐάς.

2437 5499 2552 5644 ξ38)
2583 5503 2664 5567 Δί,
2697 5515 2807 5573 pro
2835 5502 2957 5576 γάρ,
2990 5507 3053 5558 Α.

2460 5569 2554 5644 39)
2582 5571 2685 5629 Hic
2721 5571 2875 5625 πάλιν
2896 5573 3066 5631 addit
3094 5576 3160 5640 Α,
3201 5587 3335 5628 mox
3362 5578 3574 5637 autem
3600 5587 3845 5646 omittit.
