4198 6438
200 405 298 464 533

1156 405 1524 465 COMMENT.
1566 401 1637 460 lN
1675 397 2123 458 ΜΛΤΤΗιΕυΜ.
2162 433 2233 446 -
2270 404 2428 463 CAP.
2468 408 2621 464 XXI.

3444 423 3552 480 554

197 540 292 584 τῶν
367 549 424 583 τε
486 536 841 604 προαγόντων,
905 538 995 586 καὶ
1045 541 1146 586 τῶν
1215 531 1663 616 ἀκολουθούντων,
1702 531 1786 578 καὶ

1903 521 2249 596 lntelligitur
2273 528 2452 586 etiam
2478 549 2492 587 :
2516 533 2589 588 In
2619 536 2861 593 nomine
2877 537 3136 607 Domini,
3160 539 3222 598 in
3240 543 3554 616 majestate

196 629 287 672 τῶν
343 618 642 683 ἐξελθόντων
690 623 763 683 εἰς
810 624 1100 682 ὑπάντησιν
1148 623 1328 676 αὐτοῦ.
1378 627 1589 675 Νοεῖται
1637 614 1697 670 δε
1735 618 1792 667 τὸ

199 709 276 763 Ἐν
325 711 544 782 ὀνόματι
589 714 804 785 κυρίου,
837 716 928 764 καὶ
975 710 1089 765 ἀντὶ
1117 719 1227 776 τοῦ,
1273 712 1354 765 Ἐν
1408 706 1536 782 δόξῃ
1570 710 1790 780 Κυρίου,

199 797 242 850 iv
269 799 409 861 τάξει
438 797 722 870 βασιλέως.

261 887 489 940 Ὡσαννὰ
562 919 630 930 -
688 888 953 960 ὑψίστοις.
1009 889 1195 964 Ὓμνος
1269 889 1320 943 ἐν
1370 888 1637 961 ὑψίστοις,
1696 887 1791 959 ὑμ-

202 980 404 1030 νούντων
487 981 580 1030 καί
644 986 745 1030 τῶν
821 977 1058 1050 ὑψίστων
1132 975 1419 1051 δυνάμεων,
1480 981 1614 1047 ἦτοι,
1692 983 1790 1028 τῶν

207 1065 412 1138 ἀγγελῶν
465 1069 556 1118 τὸν
608 1070 758 1136 Θεὸν,
794 1070 881 1119 τόν
927 1067 1202 1141 πέμψαντα
1242 1070 1367 1140 ἡμῖν
1399 1065 1623 1140 βασιλέα
1653 1064 1788 1137 (40),

207 1160 284 1207 καὶ
323 1154 700 1229 ἀνορθώσαντα
744 1160 832 1214 τὴν
883 1154 1156 1230 βασιλείαν
1200 1152 1388 1210 Δαυῖδ.
1441 1156 1504 1212 Ὀ
1552 1151 1613 1208 δε
1655 1157 1790 1206 Λου-

209 1249 311 1310 σᾶς,
358 1242 478 1297 ἀντὶ
529 1252 643 1314 τοῦ,
702 1243 929 1297 Ὡσαννὰ
983 1245 1032 1298 ἐν
1077 1253 1189 1308 τοῖς
1234 1245 1504 1317 ὑψίστοις,
1551 1241 1683 1305 Δόξα
1737 1239 1788 1293 ἐν

206 1332 429 1404 ὑψίστοις
484 1330 640 1388 εἶπεν.
695 1333 861 1396 Οὗτος
891 1331 951 1388 δι
991 1335 1112 1408 (41)
1157 1337 1353 1408 ἱστορεῖ
1393 1337 1484 1386 καὶ
1530 1336 1650 1406 περὶ
1687 1338 1787 1382 τῶν

209 1424 450 1493 μαθητῶν,
543 1424 622 1475 ὅτι
691 1422 884 1494 ἕλεγον,
966 1422 1324 1497 Εὐλογημένος
1429 1424 1455 1474 6
1508 1420 1786 1496 ἐρχόμενος

214 1509 433 1583 βασιλεὺς
499 1511 548 1564 ἐν
630 1510 844 1584 ὀνόματι
930 1514 1148 1586 Κυρίου,
1223 1513 1399 1588 εἰρήνη
1467 1511 1515 1564 ἐν
1586 1509 1786 1585 οὐρανῷ

215 1606 292 1653 καὶ
348 1598 472 1664 δόξα
527 1599 578 1653 ἐν
630 1601 891 1674 ὑφιστοιςσ
961 1602 1170 1676 εἰρήνην
1233 1607 1322 1660 τὴν
1381 1603 1556 1675 χαρὰν
1603 1599 1787 1672 ὀνομά-

223 1710 321 1753 σας.
363 1695 540 1743 Σκόπει
596 1686 679 1760 δε,
722 1699 834 1753 πῶς
882 1689 930 1743 ἐν
970 1694 1188 1763 τοιούτῳ
1237 1696 1426 1767 κρότῳ,
1465 1695 1550 1743 καὶ
1597 1691 1787 1742 τοσαύ-

225 1799 320 1840 ταις
381 1787 645 1854 κραυγαῖς,
704 1781 732 1832 6
791 1779 978 1847 πῶλος,
1033 1785 1209 1834 καίτοι
1263 1779 1523 1842 παντελῶς
1576 1775 1788 1852 ἀδάμα-

1901 610 2157 683 Domini,
2180 613 2242 672 in
2269 617 2478 676 ordine
2500 621 2686 693 regio.

1972 861 2138 919 Vers.
2174 867 2226 920 9.
2265 869 2550 926 Hosanna
2581 902 2650 913 -—
2679 875 2946 932 excelsis.
2976 877 3137 935 Laus
3184 879 3248 937 in
3285 883 3554 941 excelsis.

1902 951 2358 1012 Laudentetiam
2382 959 2486 1032 qui
2515 965 2656 1018 sunt
2682 963 2833 1020 inter
2854 966 3120 1024 excelsas
3152 969 3402 1028 virtutes
3432 973 3556 1031 sive

1897 1041 2171 1110 angelos.
2196 1044 2378 1102 Deum
2404 1047 2508 1120 qui
2530 1049 2708 1106 nobis
2735 1053 2894 1111 misit
2921 1070 3147 1126 regem,
3175 1074 3246 1114 ac
3266 1058 3558 1119 instaura-

1895 1129 1980 1184 vit
2007 1145 2264 1200 regnum
2290 1134 2496 1192 David.
2524 1139 2710 1195 Lucas
2739 1156 2876 1198 vero
2903 1141 3032 1200 loco
3058 1146 3349 1206 Hosanna
3377 1151 3442 1206 in
3461 1166 3560 1208 ea:-

1897 1217 2080 1285 celsis,
2108 1219 2264 1288 dicit,
2301 1224 2507 1283 Gloria
2539 1228 2600 1283 in
2627 1231 2871 1287 excelsis
2907 1233 2977 1288 7'.
3020 1233 3123 1290 Hic
3160 1241 3366 1294 autem
3401 1247 3458 1294 et
3483 1239 3560 1296 de

1895 1306 2467 1401 discipulisscribit,
2509 1317 2670 1388 quod
2713 1318 2993 1379 dicebant
3028 1339 3041 1378 :
3077 1323 3418 1384 Benedictus
3455 1330 3562 1401 qui

1895 1397 2053 1452 venit
2080 1413 2191 1456 rex
2210 1399 2271 1454 in
2299 1403 2532 1461 nomine
2557 1407 2810 1474 Domini,
2845 1426 2969 1480 pas:
2991 1412 3056 1468 in
3098 1415 3238 1470 calo
3280 1422 3334 1472 et
3363 1397 3560 1487 gloria

1896 1485 1958 1540 in
1987 1488 2250 1543 excelsis.
2285 1489 2612 1550 Considera
2636 1510 2774 1552 vero
2798 1501 3106 1570 quomodo
3129 1501 3191 1558 in
3220 1502 3321 1560 tali
3344 1485 3562 1576 plausu

1895 1577 2183 1648 tantoque
2207 1575 2466 1636 clamore
2491 1581 2713 1654 pullus,
2735 1600 3088 1659 quanquam
3115 1575 3366 1648 omnino
3384 1593 3561 1650 indo-

1897 1663 2097 1730 mitus,
2135 1669 2616 1726 mansuetissime
2654 1677 2856 1730 tamen
2899 1675 3238 1745 incedebat,
3284 1681 3560 1752 praeﬁgu-

1897 1767 2040 1808 rans
2081 1753 2252 1825 plane
2291 1757 2540 1827 gentiun
2573 1759 3002 1821 obedientiam.
3044 1771 3101 1822 et
3136 1767 3556 1828 omnimodam

232 1887 336 1931 στος
381 1874 459 1935 ῶν,
506 1871 643 1942 ὅμως
701 1868 966 1932 οὗτοίκτως
1003 1869 1226 1943 ἐφέρετο,
1267 1878 1544 1944 προτυπῶν
1585 1871 1786 1929 πάντως

1903 1856 2105 1898 eorum
2130 1843 2211 1900 ad
2239 1843 2617 1918 disciplinam
2640 1850 3142 1912 immutationem.

237 1961 286 2008 τό
331 1959 608 2018 καταπειθες
661 1965 764 2010 τῶν
818 1957 972 2011 ἐθνῶν
1032 1964 1122 2012 καὶ
1195 1963 1290 2018 τήν
1361 1957 1555 2032 ἀθρόαν
1622 1957 1791 2010 αὐτῶν

252 2044 489 2114 μιταϐολὴν
515 2047 580 2108 εἰς
605 2045 839 2110 εὐταξίαν
849 2089 864 2103 .

316 2139 404 2184 Καὶ
481 2135 771 2198 εἰσελθόντος
875 2165 944 2177 -
1037 2137 1224 2205 οὗτος;
1317 2135 1583 2206 Ἐσιίσθη,
1678 2135 1790 2190 ἀντὶ

261 2227 358 2286 τοῦ,
401 2220 662 2294 ἕταροὶχθη,
704 2224 1050 2300 θορυϐηθεῖσα
1096 2225 1179 2279 ini
1225 2234 1298 2278 τῶ
1344 2231 1513 2300 κρότῳ
1541 2229 1631 2278 καὶ
1672 2231 1789 2287 ταῖς

261 2308 508 2381 εὐφημίαις.

316 2403 372 2452 Oi
414 2397 466 2453 δὲ
507 2401 642 2474 illo:
686 2434 751 2445 —
794 2405 1090 2467 Γαλιλαίας.
1144 2405 1203 2459 Εἰ
1231 2411 1321 2459 καὶ
1359 2406 1485 2481 ὑπὲρ
1515 2410 1784 2480 προφήτην

243 2487 373 2539 αὖτόν
417 2487 562 2562 εξςόν,
616 2494 752 2564 ὅμως
791 2499 1059 2566 προφήτην
1099 2495 1253 2548 αὐτόν
1301 2495 1585 2568 ὠνόμαζον,
1633 2491 1786 2547 οὐδὲν

233 2576 505 2652 ὑψηλότερον
584 2580 768 2634 ἐννοεῖν
840 2580 1138 2656 δυνάμενοι,
1217 2580 1311 2637 διὰ
1374 2586 1440 2636 τὰ
1523 2583 1786 2657 ἀνθρωπο-

224 2676 370 2739 πρεπῆ
417 2672 617 2724 τούτου.
680 2677 890 2735 Λουκᾶς
939 2669 999 2726 δε
1046 2693 1223 2746 φησιν,
1267 2675 1348 2726 ὅτι
1379 2679 1480 2727 Καὶ
1509 2692 1641 2735 τινες
1686 2681 1785 2724 τῶν

223 2761 481 2830 Φαρισαίων
565 2758 671 2812 ἀπὸ
747 2768 841 2813 τοῦ
921 2761 1084 2834 ὄχλου
1170 2759 1310 2815 εἶπον
1402 2766 1528 2836 πρὸς
1609 2761 1784 2826 αὐτόν,

217 2841 493 2916 Διδάσκαλε,
581 2847 900 2922 ἐπιτίμησον
974 2858 1082 2913 τοῖς
1156 2853 1421 2924 μαθηταῖς
1491 2870 1606 2904 σου.
1689 2854 1787 2903 Καὶ

220 2932 481 3010 ἀποκριθεὶς
561 2935 704 2991 εἶπεν
779 2938 976 3002 αὐτοῖς·
1061 2943 1211 3011 Λέγω
1275 2942 1417 3013 ὑμῖν,
1477 2943 1562 2993 εὰν
1645 2936 1788 2993 οὗτοι

218 3031 549 3095 σιωπήσωσιν,
638 3030 690 3079 όί
771 3027 904 3080 λὶθοι
992 3028 1350 3103 κεκράξονται.
1441 3031 1789 3089 Φθονὴσαντες

212 3116 296 3185 γὰρ
342 3113 519 3187 ῖλεγον,
575 3118 662 3168 ὃτι
698 3115 945 3169 Κώλυσον
988 3122 1110 3178 τοὺς
1160 3120 1393 3190 μαθητὰς
1433 3136 1527 3170 σου
1570 3125 1790 3170 τοιαῦτα

1969 2108 2132 2165 Vers.
2161 2113 2242 2166 to.
2278 2111 2539 2185 Cumque
2553 2115 2827 2175 intrasset
2852 2149 2922 2161 —
2947 2119 3046 2178 hic
3062 2122 3092 2179 ‘I
3117 2124 3430 2185 Commota
3443 2132 3553 2196 est,

1895 2195 1958 2253 id
1984 2202 2092 2263 est,
2131 2199 2370 2288 turbata
2407 2206 2518 2270 est,
2558 2205 2808 2264 excitato
2829 2209 3086 2268 tumultu
3109 2218 3353 2286 propter
3376 2215 3555 2288 plau-

1896 2301 2032 2342 sum
2058 2289 2114 2342 et
2142 2286 2398 2345 favores.

1964 2374 2131 2430 Vers.
2163 2377 2246 2431 11.
2274 2378 2484 2436 Turbae
2500 2395 2640 2437 vero
2660 2413 2724 2424 —
2748 2384 3036 2443 Galilaz.
3060 2389 3129 2444 Et
3147 2388 3198 2444 si
3217 2388 3348 2462 plus
3365 2407 3554 2465 quam

1894 2463 2244 2534 prophetam
2269 2481 2406 2523 eum
2431 2467 2748 2538 habebant,
2780 2474 3138 2546 prophetam
3167 2463 3552 2538 tamen—eum

1894 2550 2186 2617 dicebant,
2226 2555 2370 2626 quia
2415 2556 2560 2613 nihil
2599 2559 2894 2617 excelsius
2937 2565 3250 2638 concipere
3275 2575 3552 2640 poterant

1896 2645 2132 2711 propter
2161 2641 2428 2700 humana
2469 2646 2599 2717 ejus
2641 2664 2842 2720 opera.
2893 2653 3080 2709 Lucas
3111 2661 3312 2713 autem
3357 2659 3546 2716 dicit:

1895 2729 1975 2784 Et
1995 2730 2233 2801 quidam
2253 2732 2685 2793 Pharisaeorum
2702 2738 2775 2795 de
2791 2741 2962 2798 turba
2985 2743 3263 2802 dixerunt
3286 2747 3365 2803 ad
3382 2764 3506 2805 eum
3529 2765 3544 2804 :

1895 2819 2192 2892 Magister,
2225 2823 2466 2892 increpa
2487 2825 2804 2898 discipulos
2823 2832 3064 2888 tuos.Et
3085 2836 3434 2905 respondens
3461 2839 3550 2896 ait

1896 2908 2019 2965 illis
2048 2927 2059 2965 :
2095 2911 2231 2967 Dico
2260 2913 2415 2968 vobis
2443 2916 2612 2986 quod,
2649 2919 2702 2972 si
2720 2917 2782 2972 hi
2811 2923 3117 2988 tacuerint,
3165 2925 3395 2996 lapides
3436 2929 3552 2984 cla-

1896 2999 2143 3055 mabunt
2161 3001 2231 3052 ⁷⁷.
2253 3001 2481 3058 Invidia
2493 3005 2653 3060 enim
2671 3007 2816 3062 moti
2836 3007 3118 3068 dicebant
3135 3029 3149 3068 :
3166 3014 3421 3072 Prohibe
3432 3016 3552 3073 dis-

1897 3087 2128 3160 cipulos
2159 3095 2308 3154 tuos,
2334 3105 2410 3146 ne
2433 3091 2787 3163 hujusmodi
2812 3096 3127 3167 plausibus
3153 3117 3224 3158 ac
3245 3101 3552 3162 favoribus

209 3211 380 3274 κροτεῖν
434 3210 522 3257 καὶ
582 3204 834 3278 εὐφημεῖν
885 3225 962 3271 σε,
1013 3207 1182 3260 Εἰπὼν
1236 3203 1314 3271 δε,
1369 3208 1450 3258 ὃτι
1485 3205 1605 3260 Ἐὰν
1643 3207 1786 3258 οὗτοι

1903 3181 2360 3249 prosequantur.
2378 3179 2585 3236 Dicens
2597 3185 2822 3247 autem,
2837 3184 2904 3240 Si
2920 3185 2987 3242 hi
2997 3189 3312 3261 tacuerint,
3326 3193 3552 3262 lapides

211 3297 548 3358 σιωπήσωσιν,
623 3295 672 3345 οἱ
727 3293 860 3347 λίθοι
933 3295 1289 3370 κεκράξονται,
1369 3293 1594 3367 ἐνέφηνεν
1649 3295 1784 3367 (42),

206 3379 271 3431 ὅτι
308 3378 560 3436 ἀδύνατον
614 3385 950 3442 σιωπηθῆναι
985 3389 1076 3442 τήν
1115 3381 1272 3447 δόξαν
1317 3384 1495 3437 αὐτοῦ.
1541 3388 1786 3456 Λίγοιντο

207 3463 245 3519 δ’
283 3471 336 3521 οἶν
381 3471 514 3525 λίθοι
569 3477 670 3524 καὶ
704 3474 754 3524 οἱ
801 3476 1169 3534 πιστεύσαντες
1211 3473 1264 3536 ἐξ
1313 3472 1487 3535 ἐθνῶν,
1538 3475 1604 3533 ὡς
1648 3475 1784 3535 ὄντες

205 3564 419 3635 πρότερον
467 3565 852 3636 πεπωρωμένοι
908 3561 1022 3633 (i3)
1071 3565 1158 3614 τόν
1203 3570 1342 3626 νοῦν,
1397 3567 1487 3613 καὶ
1538 3561 1785 3620 ἁνοίσθη-

202 3665 266 3698 τοι
351 3651 678 3722 θεογνωσίας
769 3649 1038 3713 ἀληθινῆς,
1145 3658 1321 3712 οῖτινες
1407 3651 1784 3708 σιωπησάντων

201 3744 281 3787 τῶν
324 3736 638 3793 ἀποστόλων
697 3746 760 3811 τῇ
820 3739 1054 3812 τελευτῇ,
1105 3739 1284 3793 λοιπόν
1337 3739 1485 3792 αὖτοὶ
1531 3739 1786 3811 κράξουσι

199 3831 511 3900 κηρύττοντες
526 3874 540 3886 .

257 3922 347 3970 Καὶ
407 3949 477 3960 -ο
524 3920 867 3992 περιστεράς.
920 3921 998 3970 Τὰ
1042 3918 1389 3993 παραπλήσια
1427 3925 1518 3973 καὶ
1555 3920 1582 3972 6
1614 3920 1788 3972 Ἰωάν-

197 4023 272 4066 νης
313 4013 490 4078 φησὶν,
543 4005 668 4059 ἀλλ’
711 4005 895 4067 ἐκεῖνος
938 4010 1029 4080 μεν
1089 4006 1201 4060 κατ’
1251 4005 1421 4080 ἀρχὰς
1475 4016 1564 4061 τοῦ
1620 4007 1788 4079 Εὐαγ-

196 4093 363 4162 γελίου,
418 4099 708 4158 Ματθαῖος
752 4092 813 4149 δε
865 4101 957 4148 καὶ
1015 4099 1064 4149 οἱ
1115 4095 1288 4149 λοιποὶ
1340 4101 1474 4169 πρὸς
1509 4105 1582 4168 τῷ
1634 4098 1784 4154 τελει.

195 4182 330 4241 Δῆλον
375 4183 487 4255 οὖν,
534 4189 629 4239 ὃτι
683 4181 770 4246 δὶς
815 4193 986 4237 ταῦτα
1012 4190 1284 4245 πεποίηκεν
1331 4188 1357 4238 6
1401 4191 1648 4260 Χριστὸς,
1695 4191 1786 4239 καὶ

195 4275 309 4324 κατὰ
364 4271 666 4348 διαφόρους
735 4277 970 4349 καιρούς.
1042 4280 1142 4327 Καὶ
1199 4280 1316 4328 τότε
1385 4279 1476 4348 μεν
1549 4275 1786 4348 λέγουσιν

195 4357 419 4416 Ἰουδαῖοι
481 4365 606 4437 (44)
684 4365 817 4435 πρὸς
880 4361 1054 4433 αὐτὸν,
1121 4368 1184 4416 Τί
1248 4372 1461 4437 σημεῖον
1538 4361 1785 4425 δεικνύεις

199 4447 341 4517 ἠμῐν;
382 4456 509 4529 ἄρτι
553 4450 623 4506 δε
675 4459 898 4522 σιγῶσιν
944 4453 1078 4524 (45).
1122 4451 1260 4526 Ὀρα
1289 4453 1348 4506 δε
1389 4459 1484 4513 τὴν
1517 4459 1783 4528 καταφρό-

1145 3658 1321 3712 οῖτινες

1896 3267 2244 3330 clamabunt,
2290 3267 2562 3333 ostendit,
2613 3271 2777 3341 quod
2825 3272 3194 3346 impossibile
3241 3278 3318 3335 sit
3372 3296 3549 3339 suam

1899 3354 2076 3410 taceri
2115 3354 2389 3425 gloriam.
2442 3359 2693 3413 Possunt
2730 3375 2974 3434 quoque
3017 3363 3250 3437 lapides
3273 3367 3413 3434 dici,
3449 3371 3552 3444 qui

1895 3459 1969 3499 ex
2024 3443 2298 3513 gentibus
2341 3444 2738 3512 crediderunt,
2799 3454 3089 3522 tanquam
3131 3455 3295 3526 prius
3351 3443 3550 3516 mente

1895 3531 2114 3587 idurati
2137 3547 2208 3587 ac
2232 3533 2610 3590 insensibiles
2629 3535 2708 3591 ad
2727 3535 2994 3596 divinam
3023 3543 3123 3597 Dei
3144 3544 3550 3614 cognitionem

1894 3620 2016 3692 qui,
2050 3626 2373 3694 postquam
2403 3623 2658 3695 apostoli
2684 3631 2876 3683 morte
2907 3632 3241 3698 tacuerunt,
3265 3633 3396 3706 jam
3434 3634 3552 3694 cla-

1896 3715 2065 3766 mant
2088 3709 2493 3782 praedicantes.

1967 3924 2137 3980 Vers.
2161 3925 2249 3980 t2.
2281 3925 2362 3982 Et
2391 3957 2461 3967 —
2489 3926 2821 3994 cobumbas,
2869 3930 3096 3989 Similia
3139 3950 3382 4009 quoque
3411 3937 3554 3996 dicit

1896 4014 2154 4070 Joannes
2189 4031 2202 4069 :
2237 4013 2343 4070 sed
2371 4014 2466 4071 ille
2493 4013 2743 4087 quidem
2773 4017 2931 4076 circa
2959 4021 3320 4095 principium
3360 4028 3555 4084 Evan-

1897 4101 2054 4171 gelii,
2081 4103 2384 4158 Mattheus
2415 4108 2615 4159 autem
2643 4108 2701 4160 et
2726 4106 2921 4162 cmteri
2950 4109 3107 4165 circa
3137 4110 3340 4168 tinem.
3372 4115 3554 4172 Mani-

1895 4190 2112 4247 festum
2137 4207 2280 4262 ergo
2309 4192 2473 4264 quod
2510 4191 2601 4248 bis
2637 4193 2767 4249 haec
2795 4193 2995 4252 fecerit
3032 4197 3314 4266 Christus,
3345 4202 3552 4259 variis-

1895 4295 2013 4352 que
2041 4279 2433 4351 temporibus,
2466 4281 2532 4334 Et
2562 4285 2700 4335 tunc
2726 4281 2971 4351 quidem
3002 4282 3208 4340 dicunt
3239 4286 3291 4341 ei
3311 4285 3504 4344 Judmi
3530 4306 3546 4347 :

1897 4367 2061 4434 Quod
2075 4368 2313 4438 signum
2330 4366 2594 4422 ostendis
2612 4367 3020 4425 nobisimodo
3036 4376 3235 4427 autem
3248 4377 3463 4431 tacent.
3483 4379 3553 4434 Et

1899 4456 2037 4512 vide
2062 4455 2453 4526 abjectionem
2479 4469 2707 4522 eorum,
2739 4455 2800 4510 in
2828 4457 3048 4529 templo
3080 4458 3378 4530 siquidem
3411 4479 3550 4520 cau-

194 4555 322 4593 νησιν
370 4542 568 4596 αὐτῶν.
612 4541 698 4592 Ἐν
748 4548 820 4610 τῷ
871 4548 975 4610 ναῷ
1029 4543 1131 4613 γὰρ
1190 4540 1525 4601 ἐκαπήλευον.
1590 4549 1691 4597 Καὶ
1737 4545 1785 4595 οἱ

1903 4544 2311 4617 ponebantur:
2340 4549 2396 4598 et
2415 4543 2476 4599 hi
2497 4543 2739 4614 quidem
2759 4544 3548 4624 vendebantindigentibus,

195 4629 268 4694 μὶν
321 4628 552 4684 ἐπώλουν
615 4630 689 4680 τὰ
742 4632 871 4700 πρὸς
921 4631 1108 4681 θυσίαν
1152 4629 1426 4690 ἐπιτήδεια
1476 4640 1586 4695 τοῖς
1639 4638 1785 4707 χρῄ-

193 4712 344 4789 ζουσι,
399 4719 666 4795 πρόϐατα
711 4716 862 4788 λέγω,
909 4723 998 4771 καί
1043 4717 1172 4792 βόας
1215 4724 1307 4773 καὶ
1349 4724 1674 4796 περιστεράς,
1724 4724 1787 4783 ὡς

193 4803 214 4852 ὁ
268 4805 505 4870 Ἰωάννης
567 4803 832 4874 ἐδήλωσε,
914 4812 1005 4860 καὶ
1080 4811 1124 4861 εἰ
1180 4828 1234 4861 τι
1296 4817 1544 4864 τοιοῦτονο
1614 4812 1664 4863 οἰ
1729 4807 1788 4864 δὲ

190 4890 451 4970 ἠγόραζον.
536 4895 898 4952 Κολλυϐισταὶ
987 4893 1047 4950 δε
1124 4897 1256 4950 εἰσιν
1333 4900 1383 4951 oi
1456 4901 1785 4974 τραπεζίται.

189 4985 552 5050 Καταλλοίκτας
645 4982 706 5038 δε
772 4988 990 5049 τούτους
1051 4985 1398 5060 ὀνομάζουσιν
1471 4991 1522 5042 οί
1585 4991 1785 5048 πολλοί.

244 5163 291 5200 ⁷⁸
315 5165 456 5223 Luc.
490 5181 614 5232 xix,
646 5163 738 5221 38.
814 5164 859 5201 ⁷⁷
899 5163 1045 5222 ibid.
1083 5165 1176 5224 39.
1250 5167 1300 5204 ⁷³
1323 5167 1498 5226 Joan.
1527 5183 1590 5234 ιι,
1615 5170 1708 5226 18.

1897 4651 2033 4709 quas
2068 4635 2143 4690 ad
2185 4632 2543 4690 sacriﬁcium
2583 4637 2726 4706 apta
2763 4641 2953 4696 erant,
2999 4651 3141 4693 oves
3178 4637 3333 4705 dico.
3371 4641 3552 4700 boves

1897 4740 1968 4782 ac
1987 4722 2320 4794 columbas,
2340 4723 2494 4779 sicut
2509 4725 2770 4779 Joannes
2800 4723 3218 4793 manifestavit,
3247 4733 3304 4784 et
3327 4729 3376 4784 si
3408 4733 3553 4804 quid

1899 4821 1988 4870 est
2015 4813 2204 4870 simile
2233 4815 2303 4868 ⁷⁸.
2335 4813 2442 4868 Alii
2465 4827 2604 4868 vero
2633 4811 2934 4868 emebant.
2968 4813 3318 4871 Κολλυϐισταὶ
3348 4825 3553 4880 autem

1899 4918 2006 4975 pro
2039 4901 2264 4975 quibus
2296 4901 2582 4959 vertimus
2617 4900 3072 4972 nummularios,
3102 4913 3240 4964 sunt
3266 4911 3557 4970 mensarii

1902 4992 2028 5050 sive
2045 4991 2356 5064 trapezita),
2378 4995 2435 5048 et
2449 5006 2606 5064 quos
2622 4990 2794 5049 multi
2811 4991 3171 5059 καταλλάχτας
3184 5003 3420 5074 vocant,
3438 5001 3557 5062 hoc

1461 5301 1685 5381 Variae
1707 5301 2037 5374 lectiones
2068 5315 2135 5374 et
2156 5314 2360 5376 notae.

245 5437 354 5510 (40)
395 5439 706 5510 Βασιλείαν,
739 5445 804 5497 Α.

247 5507 358 5582 (41)
389 5512 609 5587 Malim
639 5507 731 5587 ᾆῂ,
751 5508 992 5587 loco‘Jc'.
1023 5514 1173 5572 Nam
1194 5511 1264 5570 de
1295 5513 1448 5571 Luca
1467 5530 1665 5575 sermo
1681 5519 1794 5587 est,

183 5575 270 5664 de;
283 5575 423 5664 quo
444 5583 600 5664 jam_
620 5575 848 5664 diserat
873 5579 953 5640 δέ.

251 5651 360 5725 (is)
399 5651 485 5723 ei,
516 5651 698 5712 addit
724 5657 789 5713 Α.

468 5753 722 5808 Parnm.
761 5751 867 5808 Gn.
899 5751 1145 5810 CXXIX.

2000 5448 2094 5521 43)
2119 5452 2510 5521 Πεπηρωμένοι,
2548 5451 2616 5506 Α.

2000 5448 2069 5504 43
2119 5452 2510 5571 Πεπηρωμένοι,
2548 5451 2616 5506 Α.

1974 5448 2094 5664 (ΗΞ
2111 5522 2238 5608 Τότε
2295 5523 2506 5592 ἄγουσιν
2526 5526 2577 5575 oi
2597 5519 2877 5611 ’loudaiov,
2903 5525 2975 5582 Δ.

2001 5589 2069 5648 45
2117 5595 2334 5660 Γνωσιν,
2363 5607 2476 5664 pro
2515 5613 2758 5664 σιγωσιν,
2785 5599 2851 5653 Α.

2001 5589 2091 5664 45)
2117 5589 2336 5660 Γνῶσιν,
2363 5607 2476 5664 pro
2515 5602 2758 5667 σιγῶσιν,
2785 5599 2851 5653 Α.

3217 5770 3285 5827 18
