  <div class='ocr_page' id='page_1' title='image "/cluster/home/n/w/nwhite01/storage/ocr_20150623/129/hvd.32044019208511/303.png"; bbox 0 0 4198 6458; ppageno 0'>
   <div class='ocr_carea' id='block_1_1' title="bbox 665 378 774 441">
    <p class='ocr_par' dir='ltr' id='par_1_1' title="bbox 665 378 774 441">
     <span class='ocr_line' id='line_1_1' title="bbox 665 378 774 441; baseline 0 0"><span class='ocrx_word' id='word_1_1' title='bbox 665 378 774 441; x_wconf 71' lang='lat'><strong>555</strong></span> 
     </span>
    </p>
   </div>
   <div class='ocr_carea' id='block_1_2' title="bbox 1969 371 2694 435">
    <p class='ocr_par' dir='ltr' id='par_1_2' title="bbox 1969 371 2694 435">
     <span class='ocr_line' id='line_1_2' title="bbox 1969 371 2694 435; baseline -0.006 1"><span class='ocrx_word' id='word_1_2' title='bbox 1969 373 2326 435; x_wconf 76' lang='lat' dir='ltr'><strong>EUTHYMII</strong></span> <span class='ocrx_word' id='word_1_3' title='bbox 2366 371 2694 432; x_wconf 79' lang='lat' dir='ltr'><strong>ZIGABENI</strong></span> 
     </span>
    </p>
   </div>
   <div class='ocr_carea' id='block_1_3' title="bbox 3925 377 4015 440">
    <p class='ocr_par' dir='ltr' id='par_1_3' title="bbox 3925 377 4015 440">
     <span class='ocr_line' id='line_1_3' title="bbox 3925 377 4015 440; baseline 0 0"><span class='ocrx_word' id='word_1_4' title='bbox 3925 377 4015 440; x_wconf 83' lang='lat'><strong>556</strong></span> 
     </span>
    </p>
   </div>
   <div class='ocr_carea' id='block_1_4' title="bbox 661 499 2282 579">
    <p class='ocr_par' dir='ltr' id='par_1_4' title="bbox 661 501 2282 578">
     <span class='ocr_line' id='line_1_4' title="bbox 661 501 2282 578; baseline -0.007 -11"><span class='ocrx_word' id='word_1_5' title='bbox 661 514 772 574; x_wconf 85' lang='lat' dir='ltr'><strong>est,</strong></span> <span class='ocrx_word' id='word_1_6' title='bbox 798 514 868 565; x_wconf 88' lang='lat' dir='ltr'><strong>ut</strong></span> <span class='ocrx_word' id='word_1_7' title='bbox 883 509 1097 578; x_wconf 87' lang='lat' dir='ltr'><strong>vulgus</strong></span> <span class='ocrx_word' id='word_1_8' title='bbox 1116 507 1278 578; x_wconf 81' lang='lat' dir='ltr'><strong>dicit,</strong></span> <span class='ocrx_word' id='word_1_9' title='bbox 1300 507 1726 564; x_wconf 86' lang='lat' dir='ltr'><strong>cambiatores.</strong></span> <span class='ocrx_word' id='word_1_10' title='bbox 1747 510 1894 564; x_wconf 82' lang='lat' dir='ltr'><strong>Nam</strong></span> <span class='ocrx_word' id='word_1_11' title='bbox 1910 504 2156 564; x_wconf 73' lang='grc' dir='ltr'>κόλλυϐος</span> <span class='ocrx_word' id='word_1_12' title='bbox 2175 501 2282 557; x_wconf 87' lang='lat' dir='ltr'><strong>obc</strong></span> 
     </span>
    </p>
   </div>
   <div class='ocr_carea' id='block_1_5' title="bbox 2393 499 4014 579">
    <p class='ocr_par' dir='ltr' id='par_1_5' title="bbox 2393 499 4014 579">
     <span class='ocr_line' id='line_1_5' title="bbox 2393 499 4014 579; baseline 0.002 -24"><span class='ocrx_word' id='word_1_13' title='bbox 2393 499 2692 564; x_wconf 67' lang='lat' dir='ltr'><strong>.Kd).).u60;</strong></span> <span class='ocrx_word' id='word_1_14' title='bbox 2742 506 2867 576; x_wconf 75' lang='grc' dir='ltr'>γὰρ,</span> <span class='ocrx_word' id='word_1_15' title='bbox 2927 506 2953 556; x_wconf 88' lang='grc' dir='ltr'><strong><em>ὁ</em></strong></span> <span class='ocrx_word' id='word_1_16' title='bbox 3009 503 3206 568; x_wconf 78' lang='grc' dir='ltr'>ὀϐολὸς,</span> <span class='ocrx_word' id='word_1_17' title='bbox 3259 509 3348 560; x_wconf 82' lang='grc' dir='ltr'>καὶ</span> <span class='ocrx_word' id='word_1_18' title='bbox 3397 505 3690 566; x_wconf 74' lang='grc' dir='ltr'>κολλυϐίζω</span> <span class='ocrx_word' id='word_1_19' title='bbox 3733 506 3931 579; x_wconf 70' lang='grc' dir='ltr'>λέγεται</span> <span class='ocrx_word' id='word_1_20' title='bbox 3963 511 4014 561; x_wconf 80' lang='grc' dir='ltr'>τὸ</span> 
     </span>
    </p>
   </div>
   <div class='ocr_carea' id='block_1_6' title="bbox 656 595 2321 665">
    <p class='ocr_par' dir='ltr' id='par_1_6' title="bbox 656 595 2321 665">
     <span class='ocr_line' id='line_1_6' title="bbox 656 595 2321 665; baseline -0.011 0"><span class='ocrx_word' id='word_1_21' title='bbox 656 600 768 665; x_wconf 73' lang='lat' dir='ltr'><strong>IIIS.</strong></span> <span class='ocrx_word' id='word_1_22' title='bbox 819 605 874 654; x_wconf 68' lang='lat' dir='ltr'><strong>el»</strong></span> <span class='ocrx_word' id='word_1_23' title='bbox 913 597 1200 658; x_wconf 67' lang='grc' dir='ltr'>κολλυϐἰζω</span> <span class='ocrx_word' id='word_1_24' title='bbox 1251 603 1558 654; x_wconf 85' lang='lat' dir='ltr'><strong>commuto</strong></span> <span class='ocrx_word' id='word_1_25' title='bbox 1599 598 1832 654; x_wconf 88' lang='lat' dir='ltr'><strong>dicitur.</strong></span> <span class='ocrx_word' id='word_1_26' title='bbox 1884 598 2190 663; x_wconf 82' lang='lat' dir='ltr'><strong>Ingressus</strong></span> <span class='ocrx_word' id='word_1_27' title='bbox 2233 595 2321 646; x_wconf 88' lang='lat' dir='ltr'><strong>est</strong></span> 
     </span>
    </p>
   </div>
   <div class='ocr_carea' id='block_1_7' title="bbox 660 686 2316 759">
    <p class='ocr_par' dir='ltr' id='par_1_7' title="bbox 660 686 2316 759">
     <span class='ocr_line' id='line_1_7' title="bbox 660 686 2316 759; baseline -0.006 -13"><span class='ocrx_word' id='word_1_28' title='bbox 660 707 801 758; x_wconf 86' lang='lat' dir='ltr'><strong>ergo</strong></span> <span class='ocrx_word' id='word_1_29' title='bbox 824 690 1090 745; x_wconf 80' lang='lat' dir='ltr'><strong>Christus</strong></span> <span class='ocrx_word' id='word_1_30' title='bbox 1122 687 1409 759; x_wconf 84' lang='lat' dir='ltr'><strong>templum</strong></span> <span class='ocrx_word' id='word_1_31' title='bbox 1439 704 1577 742; x_wconf 90' lang='lat' dir='ltr'><strong>cum</strong></span> <span class='ocrx_word' id='word_1_32' title='bbox 1615 703 1837 756; x_wconf 89' lang='lat' dir='ltr'><strong>magna</strong></span> <span class='ocrx_word' id='word_1_33' title='bbox 1866 686 2158 746; x_wconf 81' lang='lat' dir='ltr'><strong>libertate,</strong></span> <span class='ocrx_word' id='word_1_34' title='bbox 2194 687 2316 737; x_wconf 91' lang='lat' dir='ltr'><strong>tan-</strong></span> 
     </span>
    </p>
   </div>
   <div class='ocr_carea' id='block_1_8' title="bbox 655 771 2314 851">
    <p class='ocr_par' dir='ltr' id='par_1_8' title="bbox 655 771 2314 851">
     <span class='ocr_line' id='line_1_8' title="bbox 655 771 2314 851; baseline -0.004 -18"><span class='ocrx_word' id='word_1_35' title='bbox 655 797 839 851; x_wconf 83' lang='lat' dir='ltr'><strong>quam</strong></span> <span class='ocrx_word' id='word_1_36' title='bbox 877 777 1310 850; x_wconf 82' lang='lat' dir='ltr'><strong>paterfamilias</strong></span> <span class='ocrx_word' id='word_1_37' title='bbox 1341 777 1592 831; x_wconf 91' lang='lat' dir='ltr'><strong>domum</strong></span> <span class='ocrx_word' id='word_1_38' title='bbox 1621 793 1813 841; x_wconf 91' lang='lat' dir='ltr'><strong>suam,</strong></span> <span class='ocrx_word' id='word_1_39' title='bbox 1845 782 1899 830; x_wconf 91' lang='lat' dir='ltr'><strong>et</strong></span> <span class='ocrx_word' id='word_1_40' title='bbox 1931 791 2030 828; x_wconf 90' lang='lat' dir='ltr'><strong>eos</strong></span> <span class='ocrx_word' id='word_1_41' title='bbox 2057 774 2159 845; x_wconf 89' lang='lat' dir='ltr'><strong>qui</strong></span> <span class='ocrx_word' id='word_1_42' title='bbox 2187 771 2314 842; x_wconf 89' lang='lat' dir='ltr'><strong>jam</strong></span> 
     </span>
    </p>
   </div>
   <div class='ocr_carea' id='block_1_9' title="bbox 653 861 2310 937">
    <p class='ocr_par' dir='ltr' id='par_1_9' title="bbox 653 861 2310 937">
     <span class='ocr_line' id='line_1_9' title="bbox 653 861 2310 937; baseline -0.006 -14"><span class='ocrx_word' id='word_1_43' title='bbox 653 868 791 923; x_wconf 81' lang='lat' dir='ltr'>dicti</span> <span class='ocrx_word' id='word_1_44' title='bbox 833 875 970 922; x_wconf 92' lang='lat' dir='ltr'><strong>sunt</strong></span> <span class='ocrx_word' id='word_1_45' title='bbox 1009 867 1201 936; x_wconf 73' lang='lat' dir='ltr'><strong>ejecit,</strong></span> <span class='ocrx_word' id='word_1_46' title='bbox 1244 883 1313 921; x_wconf 88' lang='lat' dir='ltr'><strong>ac</strong></span> <span class='ocrx_word' id='word_1_47' title='bbox 1353 866 1682 937; x_wconf 75' lang='lat' dir='ltr'><strong>potentiam</strong></span> <span class='ocrx_word' id='word_1_48' title='bbox 1721 881 1907 926; x_wconf 86' lang='lat' dir='ltr'><strong>quam</strong></span> <span class='ocrx_word' id='word_1_49' title='bbox 1945 869 2008 918; x_wconf 88' lang='lat' dir='ltr'><strong>ut</strong></span> <span class='ocrx_word' id='word_1_50' title='bbox 2050 863 2203 915; x_wconf 67' lang='lat' dir='ltr'><strong>Deus</strong></span> <span class='ocrx_word' id='word_1_51' title='bbox 2237 861 2310 914; x_wconf 90' lang='lat' dir='ltr'><strong>ad</strong></span> 
     </span>
    </p>
   </div>
   <div class='ocr_carea' id='block_1_10' title="bbox 650 950 2313 1026">
    <p class='ocr_par' dir='ltr' id='par_1_10' title="bbox 650 950 2313 1026">
     <span class='ocr_line' id='line_1_10' title="bbox 650 950 2313 1026; baseline -0.005 -13"><span class='ocrx_word' id='word_1_52' title='bbox 650 974 863 1014; x_wconf 91' lang='lat' dir='ltr'><strong>omnes</strong></span> <span class='ocrx_word' id='word_1_53' title='bbox 887 957 1165 1019; x_wconf 86' lang='lat' dir='ltr'><strong>habebat,</strong></span> <span class='ocrx_word' id='word_1_54' title='bbox 1197 955 1600 1021; x_wconf 82' lang='lat' dir='ltr'><strong>manifestans,</strong></span> <span class='ocrx_word' id='word_1_55' title='bbox 1630 960 1685 1010; x_wconf 91' lang='lat' dir='ltr'><strong>et</strong></span> <span class='ocrx_word' id='word_1_56' title='bbox 1716 960 1950 1026; x_wconf 85' lang='lat' dir='ltr'><strong>prepter</strong></span> <span class='ocrx_word' id='word_1_57' title='bbox 1970 950 2313 1006; x_wconf 91' lang='lat' dir='ltr'><strong>immunita-</strong></span> 
     </span>
    </p>
   </div>
   <div class='ocr_carea' id='block_1_11' title="bbox 652 1043 2311 1118">
    <p class='ocr_par' dir='ltr' id='par_1_11' title="bbox 652 1043 2311 1118">
     <span class='ocr_line' id='line_1_11' title="bbox 652 1043 2311 1118; baseline -0.006 -16"><span class='ocrx_word' id='word_1_58' title='bbox 652 1050 768 1102; x_wconf 90' lang='lat' dir='ltr'><strong>tem</strong></span> <span class='ocrx_word' id='word_1_59' title='bbox 795 1063 832 1102; x_wconf 90' lang='lat' dir='ltr'><strong>a</strong></span> <span class='ocrx_word' id='word_1_60' title='bbox 852 1050 1096 1118; x_wconf 91' lang='lat' dir='ltr'><strong>peccato</strong></span> <span class='ocrx_word' id='word_1_61' title='bbox 1117 1044 1446 1112; x_wconf 89' lang='lat' dir='ltr'><strong>conﬁdens,</strong></span> <span class='ocrx_word' id='word_1_62' title='bbox 1467 1044 1607 1099; x_wconf 90' lang='lat' dir='ltr'><strong>hinc</strong></span> <span class='ocrx_word' id='word_1_63' title='bbox 1629 1043 1876 1115; x_wconf 89' lang='lat' dir='ltr'><strong>quidem</strong></span> <span class='ocrx_word' id='word_1_64' title='bbox 1903 1045 2148 1097; x_wconf 88' lang='lat' dir='ltr'><strong>ornatus</strong></span> <span class='ocrx_word' id='word_1_65' title='bbox 2167 1044 2311 1094; x_wconf 91' lang='lat' dir='ltr'><strong>tem-</strong></span> 
     </span>
    </p>
   </div>
   <div class='ocr_carea' id='block_1_12' title="bbox 648 1130 2308 1206">
    <p class='ocr_par' dir='ltr' id='par_1_12' title="bbox 648 1130 2308 1206">
     <span class='ocr_line' id='line_1_12' title="bbox 648 1130 2308 1206; baseline -0.004 -18"><span class='ocrx_word' id='word_1_66' title='bbox 648 1134 733 1206; x_wconf 91' lang='lat' dir='ltr'><strong>pli</strong></span> <span class='ocrx_word' id='word_1_67' title='bbox 762 1135 850 1189; x_wconf 89' lang='lat' dir='ltr'><strong>sui</strong></span> <span class='ocrx_word' id='word_1_68' title='bbox 879 1148 1086 1188; x_wconf 88' lang='lat' dir='ltr'><strong>curam</strong></span> <span class='ocrx_word' id='word_1_69' title='bbox 1111 1133 1305 1198; x_wconf 85' lang='lat' dir='ltr'><strong>habet,</strong></span> <span class='ocrx_word' id='word_1_70' title='bbox 1334 1132 1472 1188; x_wconf 91' lang='lat' dir='ltr'><strong>hinc</strong></span> <span class='ocrx_word' id='word_1_71' title='bbox 1494 1136 1692 1188; x_wconf 91' lang='lat' dir='ltr'><strong>autem</strong></span> <span class='ocrx_word' id='word_1_72' title='bbox 1722 1130 2148 1186; x_wconf 88' lang='lat' dir='ltr'><strong>sacriﬁciorum</strong></span> <span class='ocrx_word' id='word_1_73' title='bbox 2177 1143 2308 1198; x_wconf 65' lang='lat' dir='ltr'><strong>quas</strong></span> 
     </span>
    </p>
   </div>
   <div class='ocr_carea' id='block_1_13' title="bbox 646 1217 2304 1297">
    <p class='ocr_par' dir='ltr' id='par_1_13' title="bbox 646 1217 2304 1297">
     <span class='ocr_line' id='line_1_13' title="bbox 646 1217 2304 1297; baseline -0.006 -17"><span class='ocrx_word' id='word_1_74' title='bbox 646 1239 756 1297; x_wconf 90' lang='lat' dir='ltr'><strong>per</strong></span> <span class='ocrx_word' id='word_1_75' title='bbox 780 1223 1138 1292; x_wconf 89' lang='lat' dir='ltr'><strong>sanguinem</strong></span> <span class='ocrx_word' id='word_1_76' title='bbox 1167 1221 1317 1277; x_wconf 86' lang='lat' dir='ltr'><strong>ﬁunt</strong></span> <span class='ocrx_word' id='word_1_77' title='bbox 1344 1222 1724 1292; x_wconf 82' lang='lat' dir='ltr'><strong>rejectionem</strong></span> <span class='ocrx_word' id='word_1_78' title='bbox 1752 1219 2116 1276; x_wconf 85' lang='lat' dir='ltr'><strong>manifestat.</strong></span> <span class='ocrx_word' id='word_1_79' title='bbox 2149 1217 2304 1271; x_wconf 67' lang='lat' dir='ltr'><strong>Prte-</strong></span> 
     </span>
    </p>
   </div>
   <div class='ocr_carea' id='block_1_14' title="bbox 646 1298 2230 1382">
    <p class='ocr_par' dir='ltr' id='par_1_14' title="bbox 646 1298 2230 1382">
     <span class='ocr_line' id='line_1_14' title="bbox 646 1298 2230 1382; baseline -0.006 -14"><span class='ocrx_word' id='word_1_80' title='bbox 646 1316 808 1368; x_wconf 88' lang='lat' dir='ltr'><strong>terea</strong></span> <span class='ocrx_word' id='word_1_81' title='bbox 838 1311 1076 1368; x_wconf 87' lang='lat' dir='ltr'><strong>instruit</strong></span> <span class='ocrx_word' id='word_1_82' title='bbox 1102 1298 1214 1366; x_wconf 87' lang='lat' dir='ltr'><strong>nos</strong></span> <span class='ocrx_word' id='word_1_83' title='bbox 1241 1314 1303 1366; x_wconf 90' lang='lat' dir='ltr'><strong>ut</strong></span> <span class='ocrx_word' id='word_1_84' title='bbox 1331 1326 1442 1382; x_wconf 92' lang='lat' dir='ltr'><strong>pro</strong></span> <span class='ocrx_word' id='word_1_85' title='bbox 1471 1309 1727 1366; x_wconf 84' lang='lat' dir='ltr'><strong>Ecclesia</strong></span> <span class='ocrx_word' id='word_1_86' title='bbox 1747 1309 1928 1364; x_wconf 82' lang='lat' dir='ltr'><strong>libere</strong></span> <span class='ocrx_word' id='word_1_87' title='bbox 1957 1323 2230 1377; x_wconf 85' lang='lat' dir='ltr'><strong>agamus.</strong></span> 
     </span>
    </p>
   </div>
   <div class='ocr_carea' id='block_1_15' title="bbox 715 1397 2304 1471">
    <p class='ocr_par' dir='ltr' id='par_1_15' title="bbox 715 1397 2304 1471">
     <span class='ocr_line' id='line_1_15' title="bbox 715 1397 2304 1471; baseline -0.003 -14"><span class='ocrx_word' id='word_1_88' title='bbox 715 1403 877 1458; x_wconf 89' lang='lat' dir='ltr'><strong>Vers.</strong></span> <span class='ocrx_word' id='word_1_89' title='bbox 926 1404 1008 1456; x_wconf 86' lang='grc'><strong>13.</strong></span> <span class='ocrx_word' id='word_1_90' title='bbox 1051 1401 1126 1456; x_wconf 83' lang='lat' dir='ltr'><strong>Et</strong></span> <span class='ocrx_word' id='word_1_91' title='bbox 1158 1402 1563 1457; x_wconf 74' lang='lat' dir='ltr'><strong>——vocabitur.</strong></span> <span class='ocrx_word' id='word_1_92' title='bbox 1610 1399 1908 1471; x_wconf 89' lang='lat' dir='ltr'><strong>Scriptum</strong></span> <span class='ocrx_word' id='word_1_93' title='bbox 1947 1403 2034 1453; x_wconf 91' lang='lat' dir='ltr'><strong>est</strong></span> <span class='ocrx_word' id='word_1_94' title='bbox 2062 1397 2121 1452; x_wconf 91' lang='lat' dir='ltr'><strong>in</strong></span> <span class='ocrx_word' id='word_1_95' title='bbox 2173 1412 2304 1467; x_wconf 90' lang='lat' dir='ltr'><strong>pro-</strong></span> 
     </span>
    </p>
   </div>
   <div class='ocr_carea' id='block_1_16' title="bbox 643 1491 1027 1563">
    <p class='ocr_par' dir='ltr' id='par_1_16' title="bbox 643 1491 1027 1563">
     <span class='ocr_line' id='line_1_16' title="bbox 643 1491 1027 1563; baseline -0.008 -17"><span class='ocrx_word' id='word_1_96' title='bbox 643 1491 824 1563; x_wconf 88' lang='lat' dir='ltr'><strong>pheta</strong></span> <span class='ocrx_word' id='word_1_97' title='bbox 854 1492 1027 1547; x_wconf 90' lang='lat' dir='ltr'><strong>Isaia.</strong></span> 
     </span>
    </p>
   </div>
   <div class='ocr_carea' id='block_1_17' title="bbox 714 1575 2302 1636">
    <p class='ocr_par' dir='ltr' id='par_1_17' title="bbox 714 1575 2302 1636">
     <span class='ocr_line' id='line_1_17' title="bbox 714 1575 2302 1636; baseline -0.003 -2"><span class='ocrx_word' id='word_1_98' title='bbox 714 1583 870 1636; x_wconf 87' lang='lat' dir='ltr'><strong>Vers.</strong></span> <span class='ocrx_word' id='word_1_99' title='bbox 919 1581 1000 1636; x_wconf 85' lang='grc'><strong>13.</strong></span> <span class='ocrx_word' id='word_1_100' title='bbox 1054 1581 1163 1636; x_wconf 88' lang='lat' dir='ltr'><strong>Vos</strong></span> <span class='ocrx_word' id='word_1_101' title='bbox 1193 1610 1260 1622; x_wconf 96' lang='lat'>—</span> <span class='ocrx_word' id='word_1_102' title='bbox 1293 1581 1605 1635; x_wconf 78' lang='lat' dir='ltr'><strong>latronum.</strong></span> <span class='ocrx_word' id='word_1_103' title='bbox 1649 1578 1930 1633; x_wconf 91' lang='lat' dir='ltr'><strong>Latrones</strong></span> <span class='ocrx_word' id='word_1_104' title='bbox 1970 1575 2302 1632; x_wconf 90' lang='lat' dir='ltr'><strong>nominavit</strong></span> 
     </span>
    </p>
   </div>
   <div class='ocr_carea' id='block_1_18' title="bbox 640 1666 2299 1744">
    <p class='ocr_par' dir='ltr' id='par_1_18' title="bbox 640 1666 2299 1744">
     <span class='ocr_line' id='line_1_18' title="bbox 640 1666 2299 1744; baseline -0.003 -19"><span class='ocrx_word' id='word_1_105' title='bbox 640 1687 742 1726; x_wconf 92' lang='lat' dir='ltr'><strong>eos</strong></span> <span class='ocrx_word' id='word_1_106' title='bbox 783 1671 884 1744; x_wconf 87' lang='lat' dir='ltr'><strong>qui</strong></span> <span class='ocrx_word' id='word_1_107' title='bbox 928 1671 984 1725; x_wconf 89' lang='lat' dir='ltr'><strong>in</strong></span> <span class='ocrx_word' id='word_1_108' title='bbox 1027 1669 1126 1725; x_wconf 92' lang='lat' dir='ltr'><strong>illo</strong></span> <span class='ocrx_word' id='word_1_109' title='bbox 1167 1669 1684 1740; x_wconf 86' lang='lat' dir='ltr'><strong>cauponabantur,</strong></span> <span class='ocrx_word' id='word_1_110' title='bbox 1729 1666 1890 1739; x_wconf 84' lang='lat' dir='ltr'><strong>quod</strong></span> <span class='ocrx_word' id='word_1_111' title='bbox 1933 1666 2009 1721; x_wconf 88' lang='lat' dir='ltr'><strong>ad</strong></span> <span class='ocrx_word' id='word_1_112' title='bbox 2053 1666 2299 1720; x_wconf 86' lang='lat' dir='ltr'><strong>modum</strong></span> 
     </span>
    </p>
   </div>
   <div class='ocr_carea' id='block_1_19' title="bbox 636 1755 2298 1828">
    <p class='ocr_par' dir='ltr' id='par_1_19' title="bbox 636 1755 2298 1828">
     <span class='ocr_line' id='line_1_19' title="bbox 636 1755 2298 1828; baseline -0.002 -15"><span class='ocrx_word' id='word_1_113' title='bbox 636 1760 936 1815; x_wconf 87' lang='lat' dir='ltr'><strong>latronum</strong></span> <span class='ocrx_word' id='word_1_114' title='bbox 960 1759 1140 1815; x_wconf 88' lang='lat' dir='ltr'><strong>lucris</strong></span> <span class='ocrx_word' id='word_1_115' title='bbox 1172 1759 1465 1814; x_wconf 91' lang='lat' dir='ltr'><strong>inhiarent</strong></span> <span class='ocrx_word' id='word_1_116' title='bbox 1496 1775 1506 1811; x_wconf 92' lang='lat'>:</span> <span class='ocrx_word' id='word_1_117' title='bbox 1538 1758 1796 1812; x_wconf 82' lang='lat' dir='ltr'><strong>latrones</strong></span> <span class='ocrx_word' id='word_1_118' title='bbox 1829 1755 2125 1828; x_wconf 82' lang='lat' dir='ltr'><strong>siquidem</strong></span> <span class='ocrx_word' id='word_1_119' title='bbox 2153 1755 2298 1810; x_wconf 88' lang='lat' dir='ltr'><strong>lucri</strong></span> 
     </span>
    </p>
   </div>
   <div class='ocr_carea' id='block_1_20' title="bbox 2430 590 4011 671">
    <p class='ocr_par' dir='ltr' id='par_1_20' title="bbox 2430 590 4011 671">
     <span class='ocr_line' id='line_1_20' title="bbox 2430 590 4011 671; baseline 0.006 -31"><span class='ocrx_word' id='word_1_120' title='bbox 2430 590 2796 647; x_wconf 75' lang='grc' dir='ltr'>καταλλάσσω.</span> <span class='ocrx_word' id='word_1_121' title='bbox 2847 594 3096 652; x_wconf 76' lang='grc' dir='ltr'><strong>Εἰσῆλθεν</strong></span> <span class='ocrx_word' id='word_1_122' title='bbox 3153 592 3240 646; x_wconf 80' lang='grc' dir='ltr'><strong>οὖν</strong></span> <span class='ocrx_word' id='word_1_123' title='bbox 3303 598 3328 648; x_wconf 84' lang='grc' dir='ltr'><strong>ό</strong></span> <span class='ocrx_word' id='word_1_124' title='bbox 3383 600 3616 668; x_wconf 78' lang='grc' dir='ltr'>Χριστός</span> <span class='ocrx_word' id='word_1_125' title='bbox 3661 596 3731 659; x_wconf 80' lang='grc' dir='ltr'><strong>εἰς</strong></span> <span class='ocrx_word' id='word_1_126' title='bbox 3775 600 3834 650; x_wconf 85' lang='grc' dir='ltr'>τὸ</span> <span class='ocrx_word' id='word_1_127' title='bbox 3895 600 4011 671; x_wconf 76' lang='grc' dir='ltr'>ἱερὸν</span> 
     </span>
    </p>
   </div>
   <div class='ocr_carea' id='block_1_21' title="bbox 2427 681 4010 755">
    <p class='ocr_par' dir='ltr' id='par_1_21' title="bbox 2427 681 4010 755">
     <span class='ocr_line' id='line_1_21' title="bbox 2427 681 4010 755; baseline 0.006 -25"><span class='ocrx_word' id='word_1_128' title='bbox 2427 683 2558 751; x_wconf 80' lang='grc' dir='ltr'>μετὰ</span> <span class='ocrx_word' id='word_1_129' title='bbox 2614 681 2931 755; x_wconf 71' lang='grc' dir='ltr'>παρρησίας,</span> <span class='ocrx_word' id='word_1_130' title='bbox 2978 687 3044 745; x_wconf 77' lang='grc' dir='ltr'>ὡς</span> <span class='ocrx_word' id='word_1_131' title='bbox 3094 682 3494 746; x_wconf 77' lang='grc' dir='ltr'>οἰκοδεσπότης.</span> <span class='ocrx_word' id='word_1_132' title='bbox 3551 684 3782 749; x_wconf 76' lang='grc' dir='ltr'>Ἐξέϐαλε</span> <span class='ocrx_word' id='word_1_133' title='bbox 3835 683 3892 740; x_wconf 71' lang='grc' dir='ltr'>δε</span> <span class='ocrx_word' id='word_1_134' title='bbox 3935 693 4010 740; x_wconf 77' lang='lat' dir='ltr'><strong>xui</strong></span> 
     </span>
    </p>
   </div>
   <div class='ocr_carea' id='block_1_22' title="bbox 2424 771 4006 847">
    <p class='ocr_par' dir='ltr' id='par_1_22' title="bbox 2424 771 4006 847">
     <span class='ocr_line' id='line_1_22' title="bbox 2424 771 4006 847; baseline 0.006 -28"><span class='ocrx_word' id='word_1_135' title='bbox 2424 774 2539 829; x_wconf 73' lang='grc' dir='ltr'>τοὺς</span> <span class='ocrx_word' id='word_1_136' title='bbox 2583 771 2851 842; x_wconf 74' lang='grc' dir='ltr'><strong>ῥηθέντας,</strong></span> <span class='ocrx_word' id='word_1_137' title='bbox 2909 778 2996 824; x_wconf 82' lang='grc' dir='ltr'><strong>καὶ</strong></span> <span class='ocrx_word' id='word_1_138' title='bbox 3041 777 3102 824; x_wconf 70' lang='grc' dir='ltr'>τὰ</span> <span class='ocrx_word' id='word_1_139' title='bbox 3147 773 3392 847; x_wconf 69' lang='grc' dir='ltr'>ρηθέντα,</span> <span class='ocrx_word' id='word_1_140' title='bbox 3439 781 3531 831; x_wconf 73' lang='grc' dir='ltr'>τήν</span> <span class='ocrx_word' id='word_1_141' title='bbox 3575 794 3629 836; x_wconf 76' lang='grc' dir='ltr'><strong>τε</strong></span> <span class='ocrx_word' id='word_1_142' title='bbox 3659 779 3794 828; x_wconf 77' lang='grc' dir='ltr'>κατὰ</span> <span class='ocrx_word' id='word_1_143' title='bbox 3824 779 4006 829; x_wconf 74' lang='grc' dir='ltr'>πάντων</span> 
     </span>
    </p>
   </div>
   <div class='ocr_carea' id='block_1_23' title="bbox 2424 856 4002 939">
    <p class='ocr_par' dir='ltr' id='par_1_23' title="bbox 2424 856 4002 939">
     <span class='ocr_line' id='line_1_23' title="bbox 2424 856 4002 939; baseline 0.005 -30"><span class='ocrx_word' id='word_1_144' title='bbox 2424 856 2681 923; x_wconf 79' lang='grc' dir='ltr'><strong>ἐξουσίαν,</strong></span> <span class='ocrx_word' id='word_1_145' title='bbox 2741 865 2802 918; x_wconf 73' lang='grc' dir='ltr'>ἣν</span> <span class='ocrx_word' id='word_1_146' title='bbox 2855 864 2924 923; x_wconf 75' lang='grc' dir='ltr'>ὡς</span> <span class='ocrx_word' id='word_1_147' title='bbox 2995 867 3124 923; x_wconf 78' lang='grc' dir='ltr'>Θεὸς</span> <span class='ocrx_word' id='word_1_148' title='bbox 3181 862 3314 934; x_wconf 77' lang='grc' dir='ltr'>εἶχε,</span> <span class='ocrx_word' id='word_1_149' title='bbox 3376 873 3752 938; x_wconf 71' lang='grc' dir='ltr'>παραγυμνῶν,</span> <span class='ocrx_word' id='word_1_150' title='bbox 3817 873 3902 918; x_wconf 81' lang='lat' dir='ltr'><strong>xui</strong></span> <span class='ocrx_word' id='word_1_151' title='bbox 3951 875 4002 939; x_wconf 74' lang='grc' dir='ltr'>τῇ</span> 
     </span>
    </p>
   </div>
   <div class='ocr_carea' id='block_1_24' title="bbox 2423 945 4005 1026">
    <p class='ocr_par' dir='ltr' id='par_1_24' title="bbox 2423 945 4005 1026">
     <span class='ocr_line' id='line_1_24' title="bbox 2423 945 4005 1026; baseline 0.006 -28"><span class='ocrx_word' id='word_1_152' title='bbox 2423 945 2794 1021; x_wconf 74' lang='grc' dir='ltr'>ἀναμαρτησίᾴ</span> <span class='ocrx_word' id='word_1_153' title='bbox 2873 951 3222 1026; x_wconf 66' lang='grc' dir='ltr'>τεθαρρηκώς</span> <span class='ocrx_word' id='word_1_154' title='bbox 3280 957 3370 1006; x_wconf 78' lang='lat' dir='ltr'><strong>xui</strong></span> <span class='ocrx_word' id='word_1_155' title='bbox 3431 961 3585 1006; x_wconf 71' lang='grc' dir='ltr'>τοῦτο</span> <span class='ocrx_word' id='word_1_156' title='bbox 3624 957 3739 1025; x_wconf 62' lang='grc' dir='ltr'>μὲν,</span> <span class='ocrx_word' id='word_1_157' title='bbox 3799 963 3883 1015; x_wconf 76' lang='grc' dir='ltr'>τῆς</span> <span class='ocrx_word' id='word_1_158' title='bbox 3938 955 4005 1008; x_wconf 70' lang='grc' dir='ltr'><strong>εὖ·</strong></span> 
     </span>
    </p>
   </div>
   <div class='ocr_carea' id='block_1_25' title="bbox 2420 1040 4002 1115">
    <p class='ocr_par' dir='ltr' id='par_1_25' title="bbox 2420 1040 4002 1115">
     <span class='ocr_line' id='line_1_25' title="bbox 2420 1040 4002 1115; baseline 0.006 -28"><span class='ocrx_word' id='word_1_159' title='bbox 2420 1042 2644 1108; x_wconf 60' lang='grc' dir='ltr'>κοσμίοις</span> <span class='ocrx_word' id='word_1_160' title='bbox 2714 1047 2805 1091; x_wconf 86' lang='grc' dir='ltr'>τοῦ</span> <span class='ocrx_word' id='word_1_161' title='bbox 2873 1040 3060 1092; x_wconf 80' lang='grc' dir='ltr'><strong>οἰκείου</strong></span> <span class='ocrx_word' id='word_1_162' title='bbox 3125 1049 3250 1095; x_wconf 78' lang='grc' dir='ltr'>ναοῦ</span> <span class='ocrx_word' id='word_1_163' title='bbox 3329 1046 3628 1115; x_wconf 79' lang='grc' dir='ltr'>φροννίζων’</span> <span class='ocrx_word' id='word_1_164' title='bbox 3704 1051 3856 1096; x_wconf 84' lang='grc' dir='ltr'>τοῦτο</span> <span class='ocrx_word' id='word_1_165' title='bbox 3932 1041 4002 1112; x_wconf 67' lang='grc' dir='ltr'><strong>δέ,</strong></span> 
     </span>
    </p>
   </div>
   <div class='ocr_carea' id='block_1_26' title="bbox 2417 1122 4141 1204">
    <p class='ocr_par' dir='ltr' id='par_1_26' title="bbox 2417 1122 4141 1204">
     <span class='ocr_line' id='line_1_26' title="bbox 2417 1122 4141 1204; baseline 0.005 -27"><span class='ocrx_word' id='word_1_166' title='bbox 2417 1122 2694 1197; x_wconf 83' lang='grc' dir='ltr'>προδηλῶν</span> <span class='ocrx_word' id='word_1_167' title='bbox 2766 1133 2859 1186; x_wconf 75' lang='grc' dir='ltr'>τὴν</span> <span class='ocrx_word' id='word_1_168' title='bbox 2925 1128 3139 1188; x_wconf 73' lang='grc' dir='ltr'>ἐκϐολὴν</span> <span class='ocrx_word' id='word_1_169' title='bbox 3214 1142 3313 1184; x_wconf 72' lang='grc' dir='ltr'>των</span> <span class='ocrx_word' id='word_1_170' title='bbox 3380 1128 3449 1185; x_wconf 74' lang='grc' dir='ltr'><strong>δι’</strong></span> <span class='ocrx_word' id='word_1_171' title='bbox 3521 1133 3744 1204; x_wconf 77' lang='grc' dir='ltr'>αἳματος</span> <span class='ocrx_word' id='word_1_172' title='bbox 3801 1135 3998 1185; x_wconf 77' lang='grc' dir='ltr'>Θυσιῶν·</span> <span class='ocrx_word' id='word_1_173' title='bbox 4140 1122 4141 1202; x_wconf 53' lang='grc' dir='ltr'>ξ</span> 
     </span>
    </p>
   </div>
   <div class='ocr_carea' id='block_1_27' title="bbox 2416 1213 3998 1294">
    <p class='ocr_par' dir='ltr' id='par_1_27' title="bbox 2416 1213 3998 1294">
     <span class='ocr_line' id='line_1_27' title="bbox 2416 1213 3998 1294; baseline 0.004 -28"><span class='ocrx_word' id='word_1_174' title='bbox 2416 1223 2568 1267; x_wconf 80' lang='grc' dir='ltr'>τοῦτο</span> <span class='ocrx_word' id='word_1_175' title='bbox 2617 1213 2674 1268; x_wconf 75' lang='grc' dir='ltr'><strong>δὲ</strong></span> <span class='ocrx_word' id='word_1_176' title='bbox 2722 1221 2811 1268; x_wconf 81' lang='grc' dir='ltr'><strong>καὶ</strong></span> <span class='ocrx_word' id='word_1_177' title='bbox 2861 1215 3123 1270; x_wconf 70' lang='grc' dir='ltr'>παιδεύων</span> <span class='ocrx_word' id='word_1_178' title='bbox 3167 1221 3322 1291; x_wconf 75' lang='grc' dir='ltr'>ἡμᾶς,</span> <span class='ocrx_word' id='word_1_179' title='bbox 3369 1221 3496 1294; x_wconf 60' lang='grc' dir='ltr'>ὑπὲρ</span> <span class='ocrx_word' id='word_1_180' title='bbox 3545 1228 3640 1283; x_wconf 79' lang='grc' dir='ltr'>τῆς</span> <span class='ocrx_word' id='word_1_181' title='bbox 3702 1219 3998 1282; x_wconf 72' lang='grc' dir='ltr'>Ἐκκλησίας</span> 
     </span>
    </p>
   </div>
   <div class='ocr_carea' id='block_1_28' title="bbox 2415 1304 2901 1378">
    <p class='ocr_par' dir='ltr' id='par_1_28' title="bbox 2415 1304 2901 1378">
     <span class='ocr_line' id='line_1_28' title="bbox 2415 1304 2901 1378; baseline 0.014 -24"><span class='ocrx_word' id='word_1_182' title='bbox 2415 1304 2877 1378; x_wconf 76' lang='grc' dir='ltr'>παρρησιάζεσθαι</span> <span class='ocrx_word' id='word_1_183' title='bbox 2889 1349 2901 1361; x_wconf 91' lang='grc'><strong>.</strong></span> 
     </span>
    </p>
   </div>
   <div class='ocr_carea' id='block_1_29' title="bbox 2487 1395 3992 1475">
    <p class='ocr_par' dir='ltr' id='par_1_29' title="bbox 2487 1395 3992 1475">
     <span class='ocr_line' id='line_1_29' title="bbox 2487 1395 3992 1475; baseline 0.004 -29"><span class='ocrx_word' id='word_1_184' title='bbox 2487 1399 2586 1446; x_wconf 80' lang='grc' dir='ltr'><strong>Καὶ</strong></span> <span class='ocrx_word' id='word_1_185' title='bbox 2643 1425 2710 1435; x_wconf 89' lang='grc'><strong><em>-</em></strong></span> <span class='ocrx_word' id='word_1_186' title='bbox 2776 1395 3118 1454; x_wconf 81' lang='grc' dir='ltr'>κληθήσεται.</span> <span class='ocrx_word' id='word_1_187' title='bbox 3179 1401 3474 1471; x_wconf 71' lang='grc' dir='ltr'>Γέγραπταί</span> <span class='ocrx_word' id='word_1_188' title='bbox 3529 1397 3576 1450; x_wconf 74' lang='grc' dir='ltr'>ἓν</span> <span class='ocrx_word' id='word_1_189' title='bbox 3632 1408 3705 1470; x_wconf 82' lang='grc' dir='ltr'>τῷ</span> <span class='ocrx_word' id='word_1_190' title='bbox 3776 1406 3992 1475; x_wconf 72' lang='grc' dir='ltr'>προφήτῃ</span> 
     </span>
    </p>
   </div>
   <div class='ocr_carea' id='block_1_30' title="bbox 2412 1481 2622 1554">
    <p class='ocr_par' dir='ltr' id='par_1_30' title="bbox 2412 1481 2622 1554">
     <span class='ocr_line' id='line_1_30' title="bbox 2412 1481 2622 1554; baseline 0.014 -20"><span class='ocrx_word' id='word_1_191' title='bbox 2412 1481 2469 1534; x_wconf 77' lang='grc' dir='ltr'>Ἠ</span> <span class='ocrx_word' id='word_1_192' title='bbox 2479 1485 2622 1554; x_wconf 64' lang='lat' dir='ltr'><strong>auia.</strong></span> 
     </span>
    </p>
   </div>
   <div class='ocr_carea' id='block_1_31' title="bbox 2482 1573 3990 1648">
    <p class='ocr_par' dir='ltr' id='par_1_31' title="bbox 2482 1573 3990 1648">
     <span class='ocr_line' id='line_1_31' title="bbox 2482 1573 3990 1648; baseline 0.004 -24"><span class='ocrx_word' id='word_1_193' title='bbox 2482 1574 2652 1644; x_wconf 75' lang='grc' dir='ltr'>Ὑμεῖς</span> <span class='ocrx_word' id='word_1_194' title='bbox 2735 1604 2803 1612; x_wconf 95' lang='lat'><strong>—</strong></span> <span class='ocrx_word' id='word_1_195' title='bbox 2881 1573 3106 1644; x_wconf 69' lang='grc' dir='ltr'>λῃστῶν.</span> <span class='ocrx_word' id='word_1_196' title='bbox 3178 1577 3395 1647; x_wconf 58' lang='lat' dir='ltr'><strong>Ana-ru;</strong></span> <span class='ocrx_word' id='word_1_197' title='bbox 3466 1575 3702 1648; x_wconf 78' lang='grc' dir='ltr'>ὠνόμασε</span> <span class='ocrx_word' id='word_1_198' title='bbox 3780 1583 3890 1640; x_wconf 83' lang='grc' dir='ltr'>τοὺς</span> <span class='ocrx_word' id='word_1_199' title='bbox 3949 1578 3990 1630; x_wconf 76' lang='grc' dir='ltr'>ἐν</span> 
     </span>
    </p>
   </div>
   <div class='ocr_carea' id='block_1_32' title="bbox 2411 1660 3986 1740">
    <p class='ocr_par' dir='ltr' id='par_1_32' title="bbox 2411 1660 3986 1740">
     <span class='ocr_line' id='line_1_32' title="bbox 2411 1660 3986 1740; baseline 0.005 -28"><span class='ocrx_word' id='word_1_200' title='bbox 2411 1661 2550 1730; x_wconf 70' lang='grc' dir='ltr'>αὐτῷ</span> <span class='ocrx_word' id='word_1_201' title='bbox 2607 1661 3010 1725; x_wconf 63' lang='grc' dir='ltr'><strong>καπηλεύοντες,</strong></span> <span class='ocrx_word' id='word_1_202' title='bbox 3079 1660 3171 1715; x_wconf 80' lang='grc' dir='ltr'>διὰ</span> <span class='ocrx_word' id='word_1_203' title='bbox 3245 1668 3302 1716; x_wconf 83' lang='grc' dir='ltr'>τὸ</span> <span class='ocrx_word' id='word_1_204' title='bbox 3371 1666 3564 1734; x_wconf 77' lang='grc' dir='ltr'><strong>ὁμοίως</strong></span> <span class='ocrx_word' id='word_1_205' title='bbox 3630 1674 3745 1730; x_wconf 88' lang='grc' dir='ltr'><strong>τοίς</strong></span> <span class='ocrx_word' id='word_1_206' title='bbox 3799 1668 3986 1740; x_wconf 70' lang='grc' dir='ltr'>λῃσταῖς</span> 
     </span>
    </p>
   </div>
   <div class='ocr_carea' id='block_1_33' title="bbox 2410 1747 3978 1826">
    <p class='ocr_par' dir='ltr' id='par_1_33' title="bbox 2410 1747 3978 1826">
     <span class='ocr_line' id='line_1_33' title="bbox 2410 1747 3978 1826; baseline 0.004 -26"><span class='ocrx_word' id='word_1_207' title='bbox 2410 1747 2754 1824; x_wconf 76' lang='grc' dir='ltr'>φιλοκερδεῖν.</span> <span class='ocrx_word' id='word_1_208' title='bbox 2821 1755 2886 1804; x_wconf 77' lang='grc' dir='ltr'><strong>Οἱ</strong></span> <span class='ocrx_word' id='word_1_209' title='bbox 2939 1751 3131 1824; x_wconf 69' lang='grc' dir='ltr'>λῃσταὶ</span> <span class='ocrx_word' id='word_1_210' title='bbox 3185 1755 3286 1826; x_wconf 71' lang='grc' dir='ltr'>γὰρ</span> <span class='ocrx_word' id='word_1_211' title='bbox 3342 1750 3686 1826; x_wconf 70' lang='grc' dir='ltr'>φιλοκερδεῖς.</span> <span class='ocrx_word' id='word_1_212' title='bbox 3749 1756 3808 1810; x_wconf 80' lang='grc'><strong>’11</strong></span> <span class='ocrx_word' id='word_1_213' title='bbox 3861 1754 3978 1808; x_wconf 77' lang='grc' dir='ltr'>διότι</span> 
     </span>
    </p>
   </div>
   <div class='ocr_carea' id='block_1_34' title="bbox 639 1837 2282 1921">
    <p class='ocr_par' dir='ltr' id='par_1_34' title="bbox 639 1844 2282 1918">
     <span class='ocr_line' id='line_1_34' title="bbox 639 1844 2282 1918; baseline -0.005 -15"><span class='ocrx_word' id='word_1_214' title='bbox 639 1849 922 1904; x_wconf 88' lang='lat' dir='ltr'><strong>aviditate</strong></span> <span class='ocrx_word' id='word_1_215' title='bbox 963 1854 1259 1904; x_wconf 85' lang='lat' dir='ltr'><strong>tenentur.</strong></span> <span class='ocrx_word' id='word_1_216' title='bbox 1303 1853 1415 1902; x_wconf 84' lang='lat' dir='ltr'><strong>Aut</strong></span> <span class='ocrx_word' id='word_1_217' title='bbox 1455 1847 1598 1918; x_wconf 90' lang='lat' dir='ltr'><strong>quia</strong></span> <span class='ocrx_word' id='word_1_218' title='bbox 1637 1861 1706 1900; x_wconf 89' lang='lat' dir='ltr'><strong>ea</strong></span> <span class='ocrx_word' id='word_1_219' title='bbox 1727 1861 1862 1916; x_wconf 65' lang='lat' dir='ltr'><strong>qum</strong></span> <span class='ocrx_word' id='word_1_220' title='bbox 1881 1844 2282 1897; x_wconf 73' lang='lat' dir='ltr'><strong>vendebantur</strong></span> 
     </span>
    </p>
   </div>
   <div class='ocr_carea' id='block_1_35' title="bbox 2393 1837 3964 1921">
    <p class='ocr_par' dir='ltr' id='par_1_35' title="bbox 2409 1838 3964 1914">
     <span class='ocr_line' id='line_1_35' title="bbox 2409 1838 3964 1914; baseline 0.005 -25"><span class='ocrx_word' id='word_1_221' title='bbox 2409 1841 2473 1890; x_wconf 79' lang='grc' dir='ltr'>τὰ</span> <span class='ocrx_word' id='word_1_222' title='bbox 2544 1838 2846 1910; x_wconf 71' lang='grc' dir='ltr'><strong>πωλούμενα</strong></span> <span class='ocrx_word' id='word_1_223' title='bbox 2915 1840 2968 1902; x_wconf 71' lang='grc' dir='ltr'><strong>ἐξ</strong></span> <span class='ocrx_word' id='word_1_224' title='bbox 3029 1839 3265 1914; x_wconf 70' lang='grc' dir='ltr'>ἁρπαγῆς</span> <span class='ocrx_word' id='word_1_225' title='bbox 3332 1847 3421 1894; x_wconf 79' lang='lat' dir='ltr'><strong>xui</strong></span> <span class='ocrx_word' id='word_1_226' title='bbox 3482 1842 3772 1909; x_wconf 72' lang='grc' dir='ltr'><strong>πλεονεξίας</strong></span> <span class='ocrx_word' id='word_1_227' title='bbox 3837 1841 3964 1901; x_wconf 79' lang='grc' dir='ltr'>ἦσαν.</span> 
     </span>
    </p>
   </div>
   <div class='ocr_carea' id='block_1_36' title="bbox 637 1932 2296 2009">
    <p class='ocr_par' dir='ltr' id='par_1_36' title="bbox 637 1932 2296 2009">
     <span class='ocr_line' id='line_1_36' title="bbox 637 1932 2296 2009; baseline -0.004 -16"><span class='ocrx_word' id='word_1_228' title='bbox 637 1954 708 1993; x_wconf 90' lang='lat' dir='ltr'><strong>ex</strong></span> <span class='ocrx_word' id='word_1_229' title='bbox 729 1938 946 2009; x_wconf 88' lang='lat' dir='ltr'><strong>rapina</strong></span> <span class='ocrx_word' id='word_1_230' title='bbox 974 1939 1067 1993; x_wconf 86' lang='lat' dir='ltr'><strong>vel</strong></span> <span class='ocrx_word' id='word_1_231' title='bbox 1085 1938 1334 1993; x_wconf 88' lang='lat' dir='ltr'><strong>avaritia</strong></span> <span class='ocrx_word' id='word_1_232' title='bbox 1359 1941 1546 1992; x_wconf 88' lang='lat' dir='ltr'><strong>erant.</strong></span> <span class='ocrx_word' id='word_1_233' title='bbox 1573 1937 1634 1990; x_wconf 92' lang='lat' dir='ltr'><strong>ln</strong></span> <span class='ocrx_word' id='word_1_234' title='bbox 1655 1935 1911 1990; x_wconf 84' lang='lat' dir='ltr'><strong>Jeremia</strong></span> <span class='ocrx_word' id='word_1_235' title='bbox 1932 1937 2127 1987; x_wconf 90' lang='lat' dir='ltr'><strong>autem</strong></span> <span class='ocrx_word' id='word_1_236' title='bbox 2159 1932 2296 1986; x_wconf 92' lang='lat' dir='ltr'><strong>scri-</strong></span> 
     </span>
    </p>
   </div>
   <div class='ocr_carea' id='block_1_37' title="bbox 634 2022 2295 2097">
    <p class='ocr_par' dir='ltr' id='par_1_37' title="bbox 634 2022 2295 2097">
     <span class='ocr_line' id='line_1_37' title="bbox 634 2022 2295 2097; baseline -0.002 -18"><span class='ocrx_word' id='word_1_237' title='bbox 634 2030 810 2097; x_wconf 90' lang='lat' dir='ltr'><strong>ptum</strong></span> <span class='ocrx_word' id='word_1_238' title='bbox 869 2031 958 2082; x_wconf 91' lang='lat' dir='ltr'><strong>est</strong></span> <span class='ocrx_word' id='word_1_239' title='bbox 989 2043 1001 2080; x_wconf 87' lang='lat'><strong>:</strong></span> <span class='ocrx_word' id='word_1_240' title='bbox 1035 2028 1194 2086; x_wconf 90' lang='lat' dir='ltr'><strong>Num</strong></span> <span class='ocrx_word' id='word_1_241' title='bbox 1246 2028 1527 2096; x_wconf 80' lang='lat' dir='ltr'><strong>spelunca</strong></span> <span class='ocrx_word' id='word_1_242' title='bbox 1586 2026 1882 2080; x_wconf 85' lang='lat' dir='ltr'><strong>latronum</strong></span> <span class='ocrx_word' id='word_1_243' title='bbox 1931 2022 2132 2076; x_wconf 81' lang='lat' dir='ltr'><strong>domus</strong></span> <span class='ocrx_word' id='word_1_244' title='bbox 2176 2037 2295 2077; x_wconf 89' lang='lat' dir='ltr'><strong>mea</strong></span> 
     </span>
    </p>
   </div>
   <div class='ocr_carea' id='block_1_38' title="bbox 634 2115 850 2172">
    <p class='ocr_par' dir='ltr' id='par_1_38' title="bbox 634 2115 850 2172">
     <span class='ocr_line' id='line_1_38' title="bbox 634 2115 850 2172; baseline 0 0"><span class='ocrx_word' id='word_1_245' title='bbox 634 2120 714 2172; x_wconf 82' lang='lat' dir='ltr'><strong>est</strong></span> <span class='ocrx_word' id='word_1_246' title='bbox 743 2115 798 2150; x_wconf 63' lang='grc' dir='ltr'><strong>ἰε’</strong></span> <span class='ocrx_word' id='word_1_247' title='bbox 821 2116 850 2172; x_wconf 84' lang='lat'>?</span> 
     </span>
    </p>
   </div>
   <div class='ocr_carea' id='block_1_39' title="bbox 946 2237 1978 2296">
    <p class='ocr_par' dir='ltr' id='par_1_39' title="bbox 946 2237 1978 2296">
     <span class='ocr_line' id='line_1_39' title="bbox 946 2237 1978 2296; baseline -0.004 0"><span class='ocrx_word' id='word_1_248' title='bbox 946 2241 1098 2296; x_wconf 85' lang='lat' dir='ltr'><strong>CAP.</strong></span> <span class='ocrx_word' id='word_1_249' title='bbox 1139 2240 1314 2296; x_wconf 85' lang='lat' dir='ltr'><strong>XLVI.</strong></span> <span class='ocrx_word' id='word_1_250' title='bbox 1343 2241 1431 2296; x_wconf 87' lang='lat' dir='ltr'><strong>De</strong></span> <span class='ocrx_word' id='word_1_251' title='bbox 1459 2241 1621 2296; x_wconf 67' lang='lat' dir='ltr'><strong>caecis</strong></span> <span class='ocrx_word' id='word_1_252' title='bbox 1650 2245 1704 2295; x_wconf 83' lang='lat' dir='ltr'><strong>et</strong></span> <span class='ocrx_word' id='word_1_253' title='bbox 1732 2237 1978 2294; x_wconf 76' lang='lat' dir='ltr'><strong>claudis.</strong></span> 
     </span>
    </p>
   </div>
   <div class='ocr_carea' id='block_1_40' title="bbox 701 2325 2291 2397">
    <p class='ocr_par' dir='ltr' id='par_1_40' title="bbox 701 2325 2291 2397">
     <span class='ocr_line' id='line_1_40' title="bbox 701 2325 2291 2397; baseline -0.005 -10"><span class='ocrx_word' id='word_1_254' title='bbox 701 2333 863 2387; x_wconf 83' lang='lat' dir='ltr'><strong>Vers.</strong></span> <span class='ocrx_word' id='word_1_255' title='bbox 928 2331 1012 2387; x_wconf 78' lang='grc'><strong>14.</strong></span> <span class='ocrx_word' id='word_1_256' title='bbox 1062 2332 1241 2388; x_wconf 81' lang='lat' dir='ltr'><strong>Et—</strong></span> <span class='ocrx_word' id='word_1_257' title='bbox 1289 2345 1383 2387; x_wconf 87' lang='lat' dir='ltr'><strong>eos</strong></span> <span class='ocrx_word' id='word_1_258' title='bbox 1441 2329 1701 2386; x_wconf 87' lang='lat' dir='ltr'><strong>Claudus</strong></span> <span class='ocrx_word' id='word_1_259' title='bbox 1746 2333 1837 2384; x_wconf 86' lang='lat' dir='ltr'><strong>est</strong></span> <span class='ocrx_word' id='word_1_260' title='bbox 1872 2325 2115 2397; x_wconf 85' lang='lat' dir='ltr'><strong>quiduis</strong></span> <span class='ocrx_word' id='word_1_261' title='bbox 2168 2339 2291 2382; x_wconf 90' lang='lat' dir='ltr'><strong>non</strong></span> 
     </span>
    </p>
   </div>
   <div class='ocr_carea' id='block_1_41' title="bbox 628 2413 2290 2485">
    <p class='ocr_par' dir='ltr' id='par_1_41' title="bbox 628 2413 2290 2485">
     <span class='ocr_line' id='line_1_41' title="bbox 628 2413 2290 2485; baseline -0.005 -8"><span class='ocrx_word' id='word_1_262' title='bbox 628 2424 789 2477; x_wconf 83' lang='lat' dir='ltr'><strong>recta</strong></span> <span class='ocrx_word' id='word_1_263' title='bbox 821 2419 902 2478; x_wconf 91' lang='lat' dir='ltr'><strong>ad</strong></span> <span class='ocrx_word' id='word_1_264' title='bbox 935 2419 1212 2476; x_wconf 87' lang='lat' dir='ltr'><strong>virtutem</strong></span> <span class='ocrx_word' id='word_1_265' title='bbox 1243 2419 1480 2475; x_wconf 90' lang='lat' dir='ltr'><strong>incedit.</strong></span> <span class='ocrx_word' id='word_1_266' title='bbox 1514 2421 1581 2475; x_wconf 85' lang='lat' dir='ltr'><strong>Et</strong></span> <span class='ocrx_word' id='word_1_267' title='bbox 1617 2433 1812 2474; x_wconf 54' lang='lat' dir='ltr'><strong>caicus</strong></span> <span class='ocrx_word' id='word_1_268' title='bbox 1840 2420 1930 2472; x_wconf 90' lang='lat' dir='ltr'><strong>est</strong></span> <span class='ocrx_word' id='word_1_269' title='bbox 1957 2414 2156 2470; x_wconf 90' lang='lat' dir='ltr'><strong>omnis</strong></span> <span class='ocrx_word' id='word_1_270' title='bbox 2185 2413 2290 2485; x_wconf 87' lang='lat' dir='ltr'><strong>qui</strong></span> 
     </span>
    </p>
   </div>
   <div class='ocr_carea' id='block_1_42' title="bbox 628 2506 2095 2582">
    <p class='ocr_par' dir='ltr' id='par_1_42' title="bbox 628 2506 2095 2582">
     <span class='ocr_line' id='line_1_42' title="bbox 628 2506 2095 2582; baseline -0.005 -17"><span class='ocrx_word' id='word_1_271' title='bbox 628 2510 795 2582; x_wconf 87' lang='lat' dir='ltr'><strong>quod</strong></span> <span class='ocrx_word' id='word_1_272' title='bbox 823 2510 1056 2566; x_wconf 88' lang='lat' dir='ltr'><strong>bonum</strong></span> <span class='ocrx_word' id='word_1_273' title='bbox 1084 2513 1176 2565; x_wconf 89' lang='lat' dir='ltr'><strong>est</strong></span> <span class='ocrx_word' id='word_1_274' title='bbox 1203 2525 1271 2564; x_wconf 89' lang='lat' dir='ltr'><strong>ac</strong></span> <span class='ocrx_word' id='word_1_275' title='bbox 1307 2509 1628 2564; x_wconf 89' lang='lat' dir='ltr'><strong>honestum</strong></span> <span class='ocrx_word' id='word_1_276' title='bbox 1669 2522 1788 2564; x_wconf 89' lang='lat' dir='ltr'><strong>non</strong></span> <span class='ocrx_word' id='word_1_277' title='bbox 1821 2506 2095 2561; x_wconf 88' lang='lat' dir='ltr'><strong>intuetur.</strong></span> 
     </span>
    </p>
   </div>
   <div class='ocr_carea' id='block_1_43' title="bbox 697 2593 2288 2666">
    <p class='ocr_par' dir='ltr' id='par_1_43' title="bbox 697 2593 2288 2666">
     <span class='ocr_line' id='line_1_43' title="bbox 697 2593 2288 2666; baseline -0.003 -12"><span class='ocrx_word' id='word_1_278' title='bbox 697 2600 858 2654; x_wconf 86' lang='lat' dir='ltr'><strong>Vers.</strong></span> <span class='ocrx_word' id='word_1_279' title='bbox 903 2601 988 2654; x_wconf 79' lang='grc'><strong>15.</strong></span> <span class='ocrx_word' id='word_1_280' title='bbox 1044 2599 1297 2655; x_wconf 77' lang='lat' dir='ltr'><strong>Videntes</strong></span> <span class='ocrx_word' id='word_1_281' title='bbox 1335 2629 1404 2638; x_wconf 91' lang='lat'><strong>-—</strong></span> <span class='ocrx_word' id='word_1_282' title='bbox 1441 2597 1734 2666; x_wconf 78' lang='lat' dir='ltr'><strong>indignati</strong></span> <span class='ocrx_word' id='word_1_283' title='bbox 1771 2600 1910 2651; x_wconf 78' lang='lat' dir='ltr'><strong>sunt</strong></span> <span class='ocrx_word' id='word_1_284' title='bbox 1976 2593 2288 2664; x_wconf 86' lang='lat' dir='ltr'><strong>Dispensa-</strong></span> 
     </span>
    </p>
   </div>
   <div class='ocr_carea' id='block_1_44' title="bbox 625 2682 2287 2758">
    <p class='ocr_par' dir='ltr' id='par_1_44' title="bbox 625 2682 2287 2758">
     <span class='ocr_line' id='line_1_44' title="bbox 625 2682 2287 2758; baseline -0.004 -14"><span class='ocrx_word' id='word_1_285' title='bbox 625 2689 772 2744; x_wconf 87' lang='lat' dir='ltr'><strong>torie</strong></span> <span class='ocrx_word' id='word_1_286' title='bbox 810 2688 1111 2745; x_wconf 83' lang='lat' dir='ltr'><strong>ordinavit</strong></span> <span class='ocrx_word' id='word_1_287' title='bbox 1151 2689 1325 2751; x_wconf 83' lang='lat' dir='ltr'><strong>Deus,</strong></span> <span class='ocrx_word' id='word_1_288' title='bbox 1383 2691 1447 2742; x_wconf 92' lang='lat' dir='ltr'><strong>ut</strong></span> <span class='ocrx_word' id='word_1_289' title='bbox 1484 2686 1650 2758; x_wconf 89' lang='lat' dir='ltr'><strong>pueri</strong></span> <span class='ocrx_word' id='word_1_290' title='bbox 1690 2699 1933 2756; x_wconf 88' lang='lat' dir='ltr'><strong>quoque</strong></span> <span class='ocrx_word' id='word_1_291' title='bbox 1975 2682 2287 2738; x_wconf 87' lang='lat' dir='ltr'><strong>laudarent</strong></span> 
     </span>
    </p>
   </div>
   <div class='ocr_carea' id='block_1_45' title="bbox 625 2771 2284 2850">
    <p class='ocr_par' dir='ltr' id='par_1_45' title="bbox 625 2771 2284 2850">
     <span class='ocr_line' id='line_1_45' title="bbox 625 2771 2284 2850; baseline -0.004 -18"><span class='ocrx_word' id='word_1_292' title='bbox 625 2792 804 2836; x_wconf 89' lang='lat' dir='ltr'><strong>eum:</strong></span> <span class='ocrx_word' id='word_1_293' title='bbox 839 2793 961 2850; x_wconf 91' lang='lat' dir='ltr'><strong>quo</strong></span> <span class='ocrx_word' id='word_1_294' title='bbox 1002 2777 1080 2832; x_wconf 86' lang='lat' dir='ltr'><strong>ab</strong></span> <span class='ocrx_word' id='word_1_295' title='bbox 1119 2777 1285 2832; x_wconf 89' lang='lat' dir='ltr'><strong>omni</strong></span> <span class='ocrx_word' id='word_1_296' title='bbox 1325 2775 1790 2832; x_wconf 87' lang='lat' dir='ltr'><strong>contradictione</strong></span> <span class='ocrx_word' id='word_1_297' title='bbox 1830 2771 2284 2828; x_wconf 82' lang='lat' dir='ltr'><strong>excluderentur</strong></span> 
     </span>
    </p>
   </div>
   <div class='ocr_carea' id='block_1_46' title="bbox 2407 1926 3966 2003">
    <p class='ocr_par' dir='ltr' id='par_1_46' title="bbox 2407 1926 3966 2003">
     <span class='ocr_line' id='line_1_46' title="bbox 2407 1926 3966 2003; baseline 0.001 -23"><span class='ocrx_word' id='word_1_298' title='bbox 2407 1927 2487 1980; x_wconf 87' lang='grc' dir='ltr'>Ἐν</span> <span class='ocrx_word' id='word_1_299' title='bbox 2545 1937 2616 1997; x_wconf 81' lang='grc' dir='ltr'>τῷ</span> <span class='ocrx_word' id='word_1_300' title='bbox 2674 1928 2892 2001; x_wconf 76' lang='grc' dir='ltr'>Ἱερεμίᾳ</span> <span class='ocrx_word' id='word_1_301' title='bbox 2959 1926 3017 1980; x_wconf 67' lang='grc' dir='ltr'><strong>δὲ</strong></span> <span class='ocrx_word' id='word_1_302' title='bbox 3073 1935 3383 2003; x_wconf 69' lang='grc' dir='ltr'>γέγραπται,</span> <span class='ocrx_word' id='word_1_303' title='bbox 3441 1936 3526 1990; x_wconf 78' lang='grc' dir='ltr'><strong>Μὴ</strong></span> <span class='ocrx_word' id='word_1_304' title='bbox 3601 1935 3842 1996; x_wconf 64' lang='grc' dir='ltr'>σπήλαιον</span> <span class='ocrx_word' id='word_1_305' title='bbox 3887 1932 3966 2000; x_wconf 76' lang='grc' dir='ltr'><strong>λῃ-</strong></span> 
     </span>
    </p>
   </div>
   <div class='ocr_carea' id='block_1_47' title="bbox 2408 2014 3053 2089">
    <p class='ocr_par' dir='ltr' id='par_1_47' title="bbox 2408 2014 3053 2089">
     <span class='ocr_line' id='line_1_47' title="bbox 2408 2014 3053 2089; baseline 0.003 -23"><span class='ocrx_word' id='word_1_306' title='bbox 2408 2025 2539 2067; x_wconf 85' lang='grc' dir='ltr'>στῶν</span> <span class='ocrx_word' id='word_1_307' title='bbox 2567 2017 2591 2068; x_wconf 86' lang='grc' dir='ltr'><strong><em>ὁ</em></strong></span> <span class='ocrx_word' id='word_1_308' title='bbox 2619 2014 2754 2076; x_wconf 82' lang='grc' dir='ltr'>οἶκός</span> <span class='ocrx_word' id='word_1_309' title='bbox 2789 2020 2888 2089; x_wconf 68' lang='grc' dir='ltr'>μου</span> <span class='ocrx_word' id='word_1_310' title='bbox 2915 2017 3053 2083; x_wconf 85' lang='grc' dir='ltr'>ἐστι;</span> 
     </span>
    </p>
   </div>
   <div class='ocr_carea' id='block_1_48' title="bbox 2619 2265 3779 2344">
    <p class='ocr_par' dir='ltr' id='par_1_48' title="bbox 2619 2265 3779 2344">
     <span class='ocr_line' id='line_1_48' title="bbox 2619 2265 3779 2344; baseline 0.006 -24"><span class='ocrx_word' id='word_1_311' title='bbox 2619 2274 2761 2322; x_wconf 73' lang='grc' dir='ltr'><strong>ΚΕΦ.</strong></span> <span class='ocrx_word' id='word_1_312' title='bbox 2798 2267 2919 2332; x_wconf 67' lang='lat' dir='ltr'><strong>Mc&quot;.</strong></span> <span class='ocrx_word' id='word_1_313' title='bbox 2951 2274 3074 2340; x_wconf 83' lang='grc' dir='ltr'>Περὶ</span> <span class='ocrx_word' id='word_1_314' title='bbox 3099 2265 3198 2320; x_wconf 76' lang='grc' dir='ltr'>τῶν</span> <span class='ocrx_word' id='word_1_315' title='bbox 3224 2269 3427 2342; x_wconf 89' lang='grc' dir='ltr'>τυφλῶν</span> <span class='ocrx_word' id='word_1_316' title='bbox 3457 2276 3547 2324; x_wconf 76' lang='grc' dir='ltr'><strong>καὶ</strong></span> <span class='ocrx_word' id='word_1_317' title='bbox 3578 2272 3779 2344; x_wconf 87' lang='grc' dir='ltr'>χωλῶν.</span> 
     </span>
    </p>
   </div>
   <div class='ocr_carea' id='block_1_49' title="bbox 2475 2357 3976 2434">
    <p class='ocr_par' dir='ltr' id='par_1_49' title="bbox 2475 2357 3976 2434">
     <span class='ocr_line' id='line_1_49' title="bbox 2475 2357 3976 2434; baseline 0 -25"><span class='ocrx_word' id='word_1_318' title='bbox 2475 2361 2574 2410; x_wconf 81' lang='grc' dir='ltr'><strong>Καὶ</strong></span> <span class='ocrx_word' id='word_1_319' title='bbox 2627 2388 2685 2398; x_wconf 86' lang='lat'><strong>——</strong></span> <span class='ocrx_word' id='word_1_320' title='bbox 2743 2357 2950 2420; x_wconf 74' lang='grc' dir='ltr'>αὐτοὺς.</span> <span class='ocrx_word' id='word_1_321' title='bbox 3008 2357 3184 2421; x_wconf 87' lang='grc' dir='ltr'>Χωλός</span> <span class='ocrx_word' id='word_1_322' title='bbox 3237 2357 3347 2412; x_wconf 78' lang='grc' dir='ltr'>ἐστι</span> <span class='ocrx_word' id='word_1_323' title='bbox 3389 2365 3478 2412; x_wconf 83' lang='lat' dir='ltr'><strong>xui.</strong></span> <span class='ocrx_word' id='word_1_324' title='bbox 3507 2368 3602 2424; x_wconf 82' lang='grc' dir='ltr'>πᾶς</span> <span class='ocrx_word' id='word_1_325' title='bbox 3633 2365 3658 2413; x_wconf 85' lang='grc' dir='ltr'><strong><em>ὁ</em></strong></span> <span class='ocrx_word' id='word_1_326' title='bbox 3691 2368 3758 2434; x_wconf 81' lang='grc' dir='ltr'><em>μὴ</em></span> <span class='ocrx_word' id='word_1_327' title='bbox 3795 2360 3976 2433; x_wconf 80' lang='grc' dir='ltr'><strong>βαίνων</strong></span> 
     </span>
    </p>
   </div>
   <div class='ocr_carea' id='block_1_50' title="bbox 2401 2444 3970 2522">
    <p class='ocr_par' dir='ltr' id='par_1_50' title="bbox 2401 2444 3970 2522">
     <span class='ocr_line' id='line_1_50' title="bbox 2401 2444 3970 2522; baseline -0.002 -20"><span class='ocrx_word' id='word_1_328' title='bbox 2401 2444 2529 2518; x_wconf 77' lang='grc' dir='ltr'><strong>ὀρθὰ</strong></span> <span class='ocrx_word' id='word_1_329' title='bbox 2581 2451 2706 2520; x_wconf 84' lang='grc' dir='ltr'>πρὸς</span> <span class='ocrx_word' id='word_1_330' title='bbox 2755 2446 2958 2522; x_wconf 78' lang='grc' dir='ltr'>ἀρετὴν·</span> <span class='ocrx_word' id='word_1_331' title='bbox 3007 2447 3194 2520; x_wconf 86' lang='grc' dir='ltr'>τυφλός</span> <span class='ocrx_word' id='word_1_332' title='bbox 3242 2448 3355 2520; x_wconf 74' lang='grc'><strong>(46)</strong></span> <span class='ocrx_word' id='word_1_333' title='bbox 3401 2449 3512 2502; x_wconf 74' lang='grc' dir='ltr'>ἔστι</span> <span class='ocrx_word' id='word_1_334' title='bbox 3559 2455 3647 2500; x_wconf 80' lang='grc' dir='ltr'><strong>καὶ</strong></span> <span class='ocrx_word' id='word_1_335' title='bbox 3692 2455 3786 2510; x_wconf 79' lang='grc' dir='ltr'>πᾶς</span> <span class='ocrx_word' id='word_1_336' title='bbox 3828 2451 3851 2499; x_wconf 85' lang='grc' dir='ltr'><strong>ό</strong></span> <span class='ocrx_word' id='word_1_337' title='bbox 3899 2452 3970 2518; x_wconf 79' lang='grc' dir='ltr'><strong>μὴ</strong></span> 
     </span>
    </p>
   </div>
   <div class='ocr_carea' id='block_1_51' title="bbox 2397 2551 2813 2590">
    <p class='ocr_par' dir='ltr' id='par_1_51' title="bbox 2397 2551 2813 2590">
     <span class='ocr_line' id='line_1_51' title="bbox 2397 2551 2813 2590; baseline 0.012 -5"><span class='ocrx_word' id='word_1_338' title='bbox 2397 2554 2523 2586; x_wconf 82' lang='grc' dir='ltr'>νοων</span> <span class='ocrx_word' id='word_1_339' title='bbox 2552 2554 2608 2587; x_wconf 88' lang='grc' dir='ltr'><strong>το</strong></span> <span class='ocrx_word' id='word_1_340' title='bbox 2639 2551 2792 2587; x_wconf 68' lang='grc' dir='ltr'>καλον</span> <span class='ocrx_word' id='word_1_341' title='bbox 2801 2578 2813 2590; x_wconf 79' lang='lat'><strong>.</strong></span> 
     </span>
    </p>
   </div>
   <div class='ocr_carea' id='block_1_52' title="bbox 2467 2620 3964 2698">
    <p class='ocr_par' dir='ltr' id='par_1_52' title="bbox 2467 2620 3964 2698">
     <span class='ocr_line' id='line_1_52' title="bbox 2467 2620 3964 2698; baseline 0.001 -23"><span class='ocrx_word' id='word_1_342' title='bbox 2467 2620 2679 2684; x_wconf 78' lang='grc' dir='ltr'><strong>Ἰδόντες</strong></span> <span class='ocrx_word' id='word_1_343' title='bbox 2753 2655 2819 2665; x_wconf 92' lang='grc'><strong><em>-</em></strong></span> <span class='ocrx_word' id='word_1_344' title='bbox 2887 2625 3280 2696; x_wconf 69' lang='grc' dir='ltr'>ἠγανάκτησαν.</span> <span class='ocrx_word' id='word_1_345' title='bbox 3343 2625 3680 2698; x_wconf 80' lang='grc' dir='ltr'>’ῼκονόμησεν</span> <span class='ocrx_word' id='word_1_346' title='bbox 3731 2625 3756 2676; x_wconf 81' lang='grc' dir='ltr'><strong><em>ὁ</em></strong></span> <span class='ocrx_word' id='word_1_347' title='bbox 3821 2626 3964 2690; x_wconf 87' lang='grc' dir='ltr'>Θεὸς,</span> 
     </span>
    </p>
   </div>
   <div class='ocr_carea' id='block_1_53' title="bbox 2393 2709 3971 2786">
    <p class='ocr_par' dir='ltr' id='par_1_53' title="bbox 2393 2709 3971 2786">
     <span class='ocr_line' id='line_1_53' title="bbox 2393 2709 3971 2786; baseline 0.001 -24"><span class='ocrx_word' id='word_1_348' title='bbox 2393 2718 2482 2764; x_wconf 80' lang='grc' dir='ltr'><strong>καὶ</strong></span> <span class='ocrx_word' id='word_1_349' title='bbox 2520 2717 2640 2773; x_wconf 78' lang='grc' dir='ltr'>τοὺς</span> <span class='ocrx_word' id='word_1_350' title='bbox 2690 2709 2888 2775; x_wconf 79' lang='grc' dir='ltr'>παῖδας</span> <span class='ocrx_word' id='word_1_351' title='bbox 2935 2715 3166 2786; x_wconf 78' lang='grc' dir='ltr'><strong>ὑμνῆσαι</strong></span> <span class='ocrx_word' id='word_1_352' title='bbox 3217 2715 3392 2781; x_wconf 70' lang='grc' dir='ltr'>αὑτὸν,</span> <span class='ocrx_word' id='word_1_353' title='bbox 3444 2717 3526 2766; x_wconf 88' lang='grc' dir='ltr'><strong>ἱνα</strong></span> <span class='ocrx_word' id='word_1_354' title='bbox 3570 2717 3740 2776; x_wconf 78' lang='grc' dir='ltr'>πάσης</span> <span class='ocrx_word' id='word_1_355' title='bbox 3783 2711 3971 2764; x_wconf 74' lang='grc' dir='ltr'>ἀντιλο-</span> 
     </span>
    </p>
   </div>
   <div class='ocr_carea' id='block_1_54' title="bbox 2390 2800 3974 2877">
    <p class='ocr_par' dir='ltr' id='par_1_54' title="bbox 2390 2800 3974 2877">
     <span class='ocr_line' id='line_1_54' title="bbox 2390 2800 3974 2877; baseline 0 -25"><span class='ocrx_word' id='word_1_356' title='bbox 2390 2806 2512 2872; x_wconf 75' lang='grc' dir='ltr'>γίας</span> <span class='ocrx_word' id='word_1_357' title='bbox 2565 2800 2974 2855; x_wconf 80' lang='grc' dir='ltr'><strong>ἀποκλεισθῶσιν</strong></span> <span class='ocrx_word' id='word_1_358' title='bbox 3022 2801 3296 2870; x_wconf 75' lang='grc' dir='ltr'>Ἰουδαῖοι,</span> <span class='ocrx_word' id='word_1_359' title='bbox 3353 2802 3626 2877; x_wconf 78' lang='grc' dir='ltr'>βλέποντες</span> <span class='ocrx_word' id='word_1_360' title='bbox 3679 2805 3744 2855; x_wconf 80' lang='grc' dir='ltr'>τὰ</span> <span class='ocrx_word' id='word_1_361' title='bbox 3798 2805 3974 2876; x_wconf 73' lang='grc' dir='ltr'>ἔκγονα</span> 
     </span>
    </p>
   </div>
   <div class='ocr_carea' id='block_1_55' title="bbox 621 2861 2279 2936">
    <p class='ocr_par' dir='ltr' id='par_1_55' title="bbox 621 2861 2279 2936">
     <span class='ocr_line' id='line_1_55' title="bbox 621 2861 2279 2936; baseline -0.002 -18"><span class='ocrx_word' id='word_1_362' title='bbox 621 2865 832 2932; x_wconf 68' lang='lat' dir='ltr'><strong>Judaei,</strong></span> <span class='ocrx_word' id='word_1_363' title='bbox 867 2867 1136 2924; x_wconf 85' lang='lat' dir='ltr'><strong>videntes</strong></span> <span class='ocrx_word' id='word_1_364' title='bbox 1163 2865 1321 2922; x_wconf 84' lang='lat' dir='ltr'><strong>ﬁlios</strong></span> <span class='ocrx_word' id='word_1_365' title='bbox 1353 2864 1457 2936; x_wconf 85' lang='lat' dir='ltr'><strong>qui</strong></span> <span class='ocrx_word' id='word_1_366' title='bbox 1487 2863 1649 2935; x_wconf 85' lang='lat' dir='ltr'><strong>apud</strong></span> <span class='ocrx_word' id='word_1_367' title='bbox 1679 2879 1741 2918; x_wconf 79' lang='lat' dir='ltr'><strong>se</strong></span> <span class='ocrx_word' id='word_1_368' title='bbox 1782 2861 2017 2919; x_wconf 84' lang='lat' dir='ltr'><strong>fuerant</strong></span> <span class='ocrx_word' id='word_1_369' title='bbox 2045 2861 2279 2915; x_wconf 87' lang='lat' dir='ltr'><strong>enutriti</strong></span> 
     </span>
    </p>
   </div>
   <div class='ocr_carea' id='block_1_56' title="bbox 621 2949 2276 3023">
    <p class='ocr_par' dir='ltr' id='par_1_56' title="bbox 621 2949 2276 3023">
     <span class='ocr_line' id='line_1_56' title="bbox 621 2949 2276 3023; baseline -0.005 -12"><span class='ocrx_word' id='word_1_370' title='bbox 621 2971 691 3011; x_wconf 88' lang='lat' dir='ltr'><strong>ac</strong></span> <span class='ocrx_word' id='word_1_371' title='bbox 722 2955 1016 3022; x_wconf 85' lang='lat' dir='ltr'><strong>instructi,</strong></span> <span class='ocrx_word' id='word_1_372' title='bbox 1048 2955 1392 3012; x_wconf 83' lang='lat' dir='ltr'><strong>mirabiliter</strong></span> <span class='ocrx_word' id='word_1_373' title='bbox 1421 2969 1492 3010; x_wconf 88' lang='lat' dir='ltr'><strong>ac</strong></span> <span class='ocrx_word' id='word_1_374' title='bbox 1522 2949 2053 3023; x_wconf 87' lang='lat' dir='ltr'><strong>supernaturaliter</strong></span> <span class='ocrx_word' id='word_1_375' title='bbox 2085 2954 2276 3004; x_wconf 89' lang='lat' dir='ltr'><strong>motos</strong></span> 
     </span>
    </p>
   </div>
   <div class='ocr_carea' id='block_1_57' title="bbox 618 3037 2276 3101">
    <p class='ocr_par' dir='ltr' id='par_1_57' title="bbox 618 3037 2276 3101">
     <span class='ocr_line' id='line_1_57' title="bbox 618 3037 2276 3101; baseline -0.003 -2"><span class='ocrx_word' id='word_1_376' title='bbox 618 3043 699 3100; x_wconf 89' lang='lat' dir='ltr'><strong>ad</strong></span> <span class='ocrx_word' id='word_1_377' title='bbox 736 3044 942 3101; x_wconf 88' lang='lat' dir='ltr'><strong>Christi</strong></span> <span class='ocrx_word' id='word_1_378' title='bbox 981 3044 1244 3101; x_wconf 85' lang='lat' dir='ltr'><strong>laudem.</strong></span> <span class='ocrx_word' id='word_1_379' title='bbox 1293 3044 1507 3098; x_wconf 88' lang='lat' dir='ltr'><strong>Verum</strong></span> <span class='ocrx_word' id='word_1_380' title='bbox 1545 3041 1626 3097; x_wconf 85' lang='lat' dir='ltr'><strong>illi</strong></span> <span class='ocrx_word' id='word_1_381' title='bbox 1657 3047 1792 3098; x_wconf 89' lang='lat' dir='ltr'><strong>sunt</strong></span> <span class='ocrx_word' id='word_1_382' title='bbox 1824 3056 1898 3097; x_wconf 88' lang='lat' dir='ltr'><strong>ex</strong></span> <span class='ocrx_word' id='word_1_383' title='bbox 1934 3039 2048 3094; x_wconf 92' lang='lat' dir='ltr'><strong>hoc</strong></span> <span class='ocrx_word' id='word_1_384' title='bbox 2090 3037 2276 3094; x_wconf 91' lang='lat' dir='ltr'><strong>multo</strong></span> 
     </span>
    </p>
   </div>
   <div class='ocr_carea' id='block_1_58' title="bbox 620 3129 2189 3205">
    <p class='ocr_par' dir='ltr' id='par_1_58' title="bbox 620 3129 2189 3205">
     <span class='ocr_line' id='line_1_58' title="bbox 620 3129 2189 3205; baseline -0.005 -16"><span class='ocrx_word' id='word_1_385' title='bbox 620 3133 1110 3205; x_wconf 84' lang='lat' dir='ltr'><strong>impudentiores,</strong></span> <span class='ocrx_word' id='word_1_386' title='bbox 1138 3138 1319 3205; x_wconf 84' lang='lat' dir='ltr'><strong>atque</strong></span> <span class='ocrx_word' id='word_1_387' title='bbox 1346 3131 1572 3190; x_wconf 87' lang='lat' dir='ltr'><strong>invidia</strong></span> <span class='ocrx_word' id='word_1_388' title='bbox 1600 3130 1822 3202; x_wconf 89' lang='lat' dir='ltr'><strong>dirupti</strong></span> <span class='ocrx_word' id='word_1_389' title='bbox 1865 3129 2189 3185; x_wconf 87' lang='lat' dir='ltr'><strong>insaniunt.</strong></span> 
     </span>
    </p>
   </div>
   <div class='ocr_carea' id='block_1_59' title="bbox 2392 2888 3970 2966">
    <p class='ocr_par' dir='ltr' id='par_1_59' title="bbox 2392 2888 3970 2966">
     <span class='ocr_line' id='line_1_59' title="bbox 2392 2888 3970 2966; baseline 0.001 -25"><span class='ocrx_word' id='word_1_390' title='bbox 2392 2891 2580 2957; x_wconf 74' lang='grc' dir='ltr'>αὐτῶν,</span> <span class='ocrx_word' id='word_1_391' title='bbox 2632 2893 2698 2943; x_wconf 81' lang='grc' dir='ltr'>τὰ</span> <span class='ocrx_word' id='word_1_392' title='bbox 2739 2892 2861 2966; x_wconf 88' lang='grc' dir='ltr'>παρ’</span> <span class='ocrx_word' id='word_1_393' title='bbox 2903 2892 3080 2954; x_wconf 71' lang='grc' dir='ltr'>αὐτοῖς</span> <span class='ocrx_word' id='word_1_394' title='bbox 3129 2898 3413 2966; x_wconf 79' lang='grc' dir='ltr'><strong>τρεφόμενα</strong></span> <span class='ocrx_word' id='word_1_395' title='bbox 3472 2900 3562 2946; x_wconf 81' lang='grc' dir='ltr'><strong>καὶ</strong></span> <span class='ocrx_word' id='word_1_396' title='bbox 3613 2888 3970 2964; x_wconf 77' lang='grc' dir='ltr'>παιδευόμὲνα,</span> 
     </span>
    </p>
   </div>
   <div class='ocr_carea' id='block_1_60' title="bbox 2385 2979 3974 3058">
    <p class='ocr_par' dir='ltr' id='par_1_60' title="bbox 2385 2979 3974 3058">
     <span class='ocr_line' id='line_1_60' title="bbox 2385 2979 3974 3058; baseline 0.001 -28"><span class='ocrx_word' id='word_1_397' title='bbox 2385 2983 2657 3052; x_wconf 77' lang='grc' dir='ltr'>κινούμενα</span> <span class='ocrx_word' id='word_1_398' title='bbox 2701 2984 2826 3054; x_wconf 85' lang='grc' dir='ltr'>πρὸς</span> <span class='ocrx_word' id='word_1_399' title='bbox 2881 2981 3037 3052; x_wconf 74' lang='grc' dir='ltr'>ὕμνον</span> <span class='ocrx_word' id='word_1_400' title='bbox 3085 2990 3175 3033; x_wconf 78' lang='grc' dir='ltr'>τοῦ</span> <span class='ocrx_word' id='word_1_401' title='bbox 3233 2990 3469 3058; x_wconf 78' lang='grc' dir='ltr'>Χριστοῦ</span> <span class='ocrx_word' id='word_1_402' title='bbox 3527 2979 3827 3057; x_wconf 76' lang='grc' dir='ltr'>παραδόξως</span> <span class='ocrx_word' id='word_1_403' title='bbox 3890 2984 3974 3032; x_wconf 79' lang='grc' dir='ltr'><strong>καὶ</strong></span> 
     </span>
    </p>
   </div>
   <div class='ocr_carea' id='block_1_61' title="bbox 2384 3066 3974 3146">
    <p class='ocr_par' dir='ltr' id='par_1_61' title="bbox 2384 3066 3974 3146">
     <span class='ocr_line' id='line_1_61' title="bbox 2384 3066 3974 3146; baseline 0.002 -26"><span class='ocrx_word' id='word_1_404' title='bbox 2384 3070 2679 3142; x_wconf 55' lang='grc' dir='ltr'>ὑπερφυῶς</span> <span class='ocrx_word' id='word_1_405' title='bbox 2736 3072 2785 3122; x_wconf 82' lang='grc' dir='ltr'><strong>οἱ</strong></span> <span class='ocrx_word' id='word_1_406' title='bbox 2834 3066 2892 3122; x_wconf 74' lang='grc' dir='ltr'><strong>δὲ</strong></span> <span class='ocrx_word' id='word_1_407' title='bbox 2943 3067 3287 3146; x_wconf 75' lang='grc' dir='ltr'>σφοδρότερον</span> <span class='ocrx_word' id='word_1_408' title='bbox 3339 3071 3526 3126; x_wconf 78' lang='grc' dir='ltr'>μᾶλλον</span> <span class='ocrx_word' id='word_1_409' title='bbox 3568 3071 3974 3144; x_wconf 77' lang='grc' dir='ltr'>ἀναισχυντοῦσι</span> 
     </span>
    </p>
   </div>
   <div class='ocr_carea' id='block_1_62' title="bbox 2381 3153 3569 3234">
    <p class='ocr_par' dir='ltr' id='par_1_62' title="bbox 2381 3153 3569 3234">
     <span class='ocr_line' id='line_1_62' title="bbox 2381 3153 3569 3234; baseline 0.005 -25"><span class='ocrx_word' id='word_1_410' title='bbox 2381 3163 2566 3229; x_wconf 79' lang='grc' dir='ltr'>καὶτῷ</span> <span class='ocrx_word' id='word_1_411' title='bbox 2606 3160 2772 3230; x_wconf 85' lang='grc' dir='ltr'>φθόνῳ</span> <span class='ocrx_word' id='word_1_412' title='bbox 2804 3153 3246 3232; x_wconf 70' lang='grc' dir='ltr'>ὃιαρῥηγνύμενοι</span> <span class='ocrx_word' id='word_1_413' title='bbox 3278 3165 3569 3234; x_wconf 79' lang='grc' dir='ltr'>μαίνονται.</span> 
     </span>
    </p>
   </div>
   <div class='ocr_carea' id='block_1_63' title="bbox 2297 3216 2340 3274">
    <p class='ocr_par' dir='ltr' id='par_1_63' title="bbox 2297 3216 2340 3274">
     <span class='ocr_line' id='line_1_63' title="bbox 2297 3216 2340 3274; baseline 0 0"><span class='ocrx_word' id='word_1_414' title='bbox 2297 3216 2340 3274; x_wconf 85' lang='lat' dir='ltr'><strong>C</strong></span> 
     </span>
    </p>
   </div>
   <div class='ocr_carea' id='block_1_64' title="bbox 689 3305 2270 3380">
    <p class='ocr_par' dir='ltr' id='par_1_64' title="bbox 689 3305 2270 3380">
     <span class='ocr_line' id='line_1_64' title="bbox 689 3305 2270 3380; baseline -0.004 -14"><span class='ocrx_word' id='word_1_415' title='bbox 689 3315 850 3368; x_wconf 85' lang='lat' dir='ltr'><strong>Vers.</strong></span> <span class='ocrx_word' id='word_1_416' title='bbox 880 3313 969 3369; x_wconf 82' lang='grc'><strong>16.</strong></span> <span class='ocrx_word' id='word_1_417' title='bbox 991 3312 1071 3369; x_wconf 82' lang='lat' dir='ltr'><strong>Et</strong></span> <span class='ocrx_word' id='word_1_418' title='bbox 1109 3342 1178 3351; x_wconf 90' lang='lat'><strong><em>——</em></strong></span> <span class='ocrx_word' id='word_1_419' title='bbox 1211 3311 1371 3366; x_wconf 76' lang='lat' dir='ltr'><strong>dicat</strong></span> <span class='ocrx_word' id='word_1_420' title='bbox 1397 3310 1425 3364; x_wconf 85' lang='lat'><strong>?</strong></span> <span class='ocrx_word' id='word_1_421' title='bbox 1456 3311 1499 3366; x_wconf 93' lang='grc' dir='ltr'><strong>Ο</strong></span> <span class='ocrx_word' id='word_1_422' title='bbox 1522 3307 1956 3380; x_wconf 90' lang='lat' dir='ltr'><strong>impudentiam</strong></span> <span class='ocrx_word' id='word_1_423' title='bbox 1989 3305 2270 3378; x_wconf 63' lang='lat' dir='ltr'><strong>laequum</strong></span> 
     </span>
    </p>
   </div>
   <div class='ocr_carea' id='block_1_65' title="bbox 612 3395 2271 3474">
    <p class='ocr_par' dir='ltr' id='par_1_65' title="bbox 612 3395 2271 3474">
     <span class='ocr_line' id='line_1_65' title="bbox 612 3395 2271 3474; baseline -0.006 -14"><span class='ocrx_word' id='word_1_424' title='bbox 612 3402 809 3474; x_wconf 82' lang='lat' dir='ltr'><strong>potius</strong></span> <span class='ocrx_word' id='word_1_425' title='bbox 851 3408 977 3460; x_wconf 90' lang='lat' dir='ltr'><strong>erat</strong></span> <span class='ocrx_word' id='word_1_426' title='bbox 1025 3406 1088 3458; x_wconf 89' lang='lat' dir='ltr'><strong>ut</strong></span> <span class='ocrx_word' id='word_1_427' title='bbox 1131 3401 1347 3458; x_wconf 89' lang='lat' dir='ltr'><strong>diceret</strong></span> <span class='ocrx_word' id='word_1_428' title='bbox 1391 3401 1472 3456; x_wconf 90' lang='lat' dir='ltr'><strong>eis</strong></span> <span class='ocrx_word' id='word_1_429' title='bbox 1525 3400 1823 3456; x_wconf 86' lang='lat' dir='ltr'><strong>Christus:</strong></span> <span class='ocrx_word' id='word_1_430' title='bbox 1858 3396 2085 3454; x_wconf 79' lang='lat' dir='ltr'><strong>Auditis</strong></span> <span class='ocrx_word' id='word_1_431' title='bbox 2129 3395 2271 3467; x_wconf 87' lang='lat' dir='ltr'><strong>quid</strong></span> 
     </span>
    </p>
   </div>
   <div class='ocr_carea' id='block_1_66' title="bbox 611 3484 2272 3562">
    <p class='ocr_par' dir='ltr' id='par_1_66' title="bbox 611 3484 2272 3562">
     <span class='ocr_line' id='line_1_66' title="bbox 611 3484 2272 3562; baseline -0.006 -14"><span class='ocrx_word' id='word_1_432' title='bbox 611 3490 818 3548; x_wconf 89' lang='lat' dir='ltr'><strong>dicunt</strong></span> <span class='ocrx_word' id='word_1_433' title='bbox 844 3491 903 3547; x_wconf 94' lang='lat' dir='ltr'><strong>hi</strong></span> <span class='ocrx_word' id='word_1_434' title='bbox 942 3490 1048 3546; x_wconf 90' lang='lat' dir='ltr'><strong>ﬁlii</strong></span> <span class='ocrx_word' id='word_1_435' title='bbox 1080 3489 1279 3556; x_wconf 87' lang='lat' dir='ltr'><strong>vestri,</strong></span> <span class='ocrx_word' id='word_1_436' title='bbox 1309 3491 1412 3562; x_wconf 88' lang='lat' dir='ltr'><strong>qui</strong></span> <span class='ocrx_word' id='word_1_437' title='bbox 1457 3505 1553 3546; x_wconf 90' lang='lat' dir='ltr'><strong>me</strong></span> <span class='ocrx_word' id='word_1_438' title='bbox 1592 3503 1902 3560; x_wconf 88' lang='lat' dir='ltr'><strong>nunquam</strong></span> <span class='ocrx_word' id='word_1_439' title='bbox 1950 3484 2272 3540; x_wconf 84' lang='lat' dir='ltr'><strong>viderunt?</strong></span> 
     </span>
    </p>
   </div>
   <div class='ocr_carea' id='block_1_67' title="bbox 2453 3264 3974 3342">
    <p class='ocr_par' dir='ltr' id='par_1_67' title="bbox 2453 3264 3974 3342">
     <span class='ocr_line' id='line_1_67' title="bbox 2453 3264 3974 3342; baseline 0.001 -24"><span class='ocrx_word' id='word_1_440' title='bbox 2453 3270 2554 3318; x_wconf 77' lang='grc' dir='ltr'><strong>Καὶ</strong></span> <span class='ocrx_word' id='word_1_441' title='bbox 2614 3296 2676 3306; x_wconf 92' lang='lat'><strong>-—-</strong></span> <span class='ocrx_word' id='word_1_442' title='bbox 2733 3264 3016 3336; x_wconf 68' lang='grc' dir='ltr'>λέγουσιν;</span> <span class='ocrx_word' id='word_1_443' title='bbox 3071 3264 3141 3319; x_wconf 80' lang='grc' dir='ltr'><strong><em>Ὠ</em></strong></span> <span class='ocrx_word' id='word_1_444' title='bbox 3192 3275 3282 3328; x_wconf 76' lang='grc' dir='ltr'>τῆς</span> <span class='ocrx_word' id='word_1_445' title='bbox 3343 3265 3656 3330; x_wconf 67' lang='grc' dir='ltr'>ἁναιδείαςί</span> <span class='ocrx_word' id='word_1_446' title='bbox 3709 3271 3794 3321; x_wconf 85' lang='grc' dir='ltr'><strong>τόν</strong></span> <span class='ocrx_word' id='word_1_447' title='bbox 3843 3276 3974 3342; x_wconf 75' lang='grc' dir='ltr'>Χρι-</span> 
     </span>
    </p>
   </div>
   <div class='ocr_carea' id='block_1_68' title="bbox 2383 3350 3976 3430">
    <p class='ocr_par' dir='ltr' id='par_1_68' title="bbox 2383 3350 3976 3430">
     <span class='ocr_line' id='line_1_68' title="bbox 2383 3350 3976 3430; baseline 0.003 -26"><span class='ocrx_word' id='word_1_448' title='bbox 2383 3357 2503 3404; x_wconf 82' lang='grc' dir='ltr'>στόν</span> <span class='ocrx_word' id='word_1_449' title='bbox 2569 3354 2705 3414; x_wconf 82' lang='grc' dir='ltr'>εἰκὸς</span> <span class='ocrx_word' id='word_1_450' title='bbox 2776 3350 2836 3411; x_wconf 78' lang='grc' dir='ltr'>ἦν</span> <span class='ocrx_word' id='word_1_451' title='bbox 2915 3355 3072 3408; x_wconf 81' lang='grc' dir='ltr'>εἰπεῖν</span> <span class='ocrx_word' id='word_1_452' title='bbox 3149 3359 3274 3430; x_wconf 69' lang='grc' dir='ltr'><strong>πρόδ</strong></span> <span class='ocrx_word' id='word_1_453' title='bbox 3353 3358 3560 3426; x_wconf 77' lang='grc' dir='ltr'>αὐτοὺς,</span> <span class='ocrx_word' id='word_1_454' title='bbox 3627 3356 3862 3410; x_wconf 81' lang='grc' dir='ltr'>Ἀκούετε</span> <span class='ocrx_word' id='word_1_455' title='bbox 3927 3362 3976 3408; x_wconf 81' lang='grc' dir='ltr'><strong>τι</strong></span> 
     </span>
    </p>
   </div>
   <div class='ocr_carea' id='block_1_69' title="bbox 2379 3439 3976 3519">
    <p class='ocr_par' dir='ltr' id='par_1_69' title="bbox 2379 3439 3976 3519">
     <span class='ocr_line' id='line_1_69' title="bbox 2379 3439 3976 3519; baseline 0.003 -26"><span class='ocrx_word' id='word_1_456' title='bbox 2379 3442 2520 3494; x_wconf 81' lang='grc' dir='ltr'>οὗτοι</span> <span class='ocrx_word' id='word_1_457' title='bbox 2578 3446 2836 3513; x_wconf 70' lang='grc' dir='ltr'>λέγουσιν,</span> <span class='ocrx_word' id='word_1_458' title='bbox 2894 3445 2943 3494; x_wconf 81' lang='grc' dir='ltr'><strong>οἱ</strong></span> <span class='ocrx_word' id='word_1_459' title='bbox 2993 3439 3182 3506; x_wconf 83' lang='grc' dir='ltr'>παῖδες</span> <span class='ocrx_word' id='word_1_460' title='bbox 3238 3447 3400 3518; x_wconf 76' lang='grc' dir='ltr'>ὑμῶν,</span> <span class='ocrx_word' id='word_1_461' title='bbox 3474 3449 3525 3499; x_wconf 79' lang='grc' dir='ltr'><strong>οἱ</strong></span> <span class='ocrx_word' id='word_1_462' title='bbox 3587 3443 3853 3518; x_wconf 78' lang='grc' dir='ltr'><strong>μηδέποτέ</strong></span> <span class='ocrx_word' id='word_1_463' title='bbox 3914 3465 3976 3519; x_wconf 82' lang='grc' dir='ltr'>με</span> 
     </span>
    </p>
   </div>
   <div class='ocr_carea' id='block_1_70' title="bbox 2380 3532 2726 3602">
    <p class='ocr_par' dir='ltr' id='par_1_70' title="bbox 2380 3532 2726 3602">
     <span class='ocr_line' id='line_1_70' title="bbox 2380 3532 2726 3602; baseline 0 -20"><span class='ocrx_word' id='word_1_464' title='bbox 2380 3532 2685 3602; x_wconf 76' lang='grc' dir='ltr'>θεασάμενοι</span> <span class='ocrx_word' id='word_1_465' title='bbox 2711 3550 2726 3601; x_wconf 78' lang='grc'>;</span> 
     </span>
    </p>
   </div>
   <div class='ocr_carea' id='block_1_71' title="bbox 2444 3634 3974 3710">
    <p class='ocr_par' dir='ltr' id='par_1_71' title="bbox 2444 3634 3974 3710">
     <span class='ocr_line' id='line_1_71' title="bbox 2444 3634 3974 3710; baseline 0.003 -21"><span class='ocrx_word' id='word_1_466' title='bbox 2444 3640 2502 3689; x_wconf 80' lang='grc' dir='ltr'><strong>Ὀ</strong></span> <span class='ocrx_word' id='word_1_467' title='bbox 2551 3634 2610 3690; x_wconf 67' lang='grc' dir='ltr'><strong>δὲ</strong></span> <span class='ocrx_word' id='word_1_468' title='bbox 2660 3638 2862 3698; x_wconf 82' lang='grc' dir='ltr'>Ἰησοῦς</span> <span class='ocrx_word' id='word_1_469' title='bbox 2921 3669 2987 3677; x_wconf 95' lang='grc'><strong>-</strong></span> <span class='ocrx_word' id='word_1_470' title='bbox 3042 3643 3144 3694; x_wconf 81' lang='grc' dir='ltr'>ναί.</span> <span class='ocrx_word' id='word_1_471' title='bbox 3195 3643 3318 3704; x_wconf 79' lang='grc' dir='ltr'>Ναὶ,</span> <span class='ocrx_word' id='word_1_472' title='bbox 3377 3644 3559 3710; x_wconf 77' lang='grc' dir='ltr'>φησιν,</span> <span class='ocrx_word' id='word_1_473' title='bbox 3613 3637 3808 3692; x_wconf 78' lang='grc' dir='ltr'><strong>ἀκούω.</strong></span> <span class='ocrx_word' id='word_1_474' title='bbox 3872 3646 3974 3693; x_wconf 79' lang='grc' dir='ltr'><strong>Καὶ</strong></span> 
     </span>
    </p>
   </div>
   <div class='ocr_carea' id='block_1_72' title="bbox 2373 3723 3966 3800">
    <p class='ocr_par' dir='ltr' id='par_1_72' title="bbox 2373 3723 3966 3800">
     <span class='ocr_line' id='line_1_72' title="bbox 2373 3723 3966 3800; baseline -0.001 -21"><span class='ocrx_word' id='word_1_475' title='bbox 2373 3727 2479 3779; x_wconf 78' lang='grc' dir='ltr'>ἐπεὶ</span> <span class='ocrx_word' id='word_1_476' title='bbox 2533 3729 2664 3797; x_wconf 73' lang='grc'>(47),</span> <span class='ocrx_word' id='word_1_477' title='bbox 2727 3730 2796 3788; x_wconf 80' lang='grc' dir='ltr'>ὡς</span> <span class='ocrx_word' id='word_1_478' title='bbox 2853 3729 3058 3800; x_wconf 76' lang='grc' dir='ltr'>ἔφημεν,</span> <span class='ocrx_word' id='word_1_479' title='bbox 3123 3723 3327 3799; x_wconf 78' lang='grc' dir='ltr'>σφόδρα</span> <span class='ocrx_word' id='word_1_480' title='bbox 3384 3729 3790 3798; x_wconf 74' lang='grc' dir='ltr'>ᾑναισχυντουν,</span> <span class='ocrx_word' id='word_1_481' title='bbox 3853 3726 3966 3778; x_wconf 79' lang='grc' dir='ltr'>ἐπι-</span> 
     </span>
    </p>
   </div>
   <div class='ocr_carea' id='block_1_73' title="bbox 2369 3814 3653 3888">
    <p class='ocr_par' dir='ltr' id='par_1_73' title="bbox 2369 3814 3653 3888">
     <span class='ocr_line' id='line_1_73' title="bbox 2369 3814 3653 3888; baseline -0.035 19"><span class='ocrx_word' id='word_1_482' title='bbox 2369 3817 2784 3888; x_wconf 61' lang='grc' dir='ltr'>πληκτικίίιτερον</span> <span class='ocrx_word' id='word_1_483' title='bbox 2806 3821 3063 3888; x_wconf 78' lang='grc' dir='ltr'>κέχρηται</span> <span class='ocrx_word' id='word_1_484' title='bbox 3092 3823 3151 3887; x_wconf 67' lang='grc' dir='ltr'>τῇ</span> <span class='ocrx_word' id='word_1_485' title='bbox 3195 3814 3452 3888; x_wconf 75' lang='grc' dir='ltr'>ἀπολογίᾳ</span> <span class='ocrx_word' id='word_1_486' title='bbox 3477 3816 3653 3887; x_wconf 70' lang='grc' dir='ltr'><strong>λέγων·</strong></span> 
     </span>
    </p>
   </div>
   <div class='ocr_carea' id='block_1_74' title="bbox 2441 3901 3966 3980">
    <p class='ocr_par' dir='ltr' id='par_1_74' title="bbox 2441 3901 3966 3980">
     <span class='ocr_line' id='line_1_74' title="bbox 2441 3901 3966 3980; baseline 0.001 -24"><span class='ocrx_word' id='word_1_487' title='bbox 2441 3902 2706 3957; x_wconf 65' lang='grc' dir='ltr'>Οὐδέποτε</span> <span class='ocrx_word' id='word_1_488' title='bbox 2761 3936 2829 3944; x_wconf 89' lang='lat'><strong>——</strong></span> <span class='ocrx_word' id='word_1_489' title='bbox 2886 3903 3023 3957; x_wconf 85' lang='grc' dir='ltr'>αἶνον</span> <span class='ocrx_word' id='word_1_490' title='bbox 3068 3921 3081 3970; x_wconf 89' lang='grc'><strong>;</strong></span> <span class='ocrx_word' id='word_1_491' title='bbox 3130 3911 3233 3957; x_wconf 82' lang='grc' dir='ltr'><strong>Τοῦ</strong></span> <span class='ocrx_word' id='word_1_492' title='bbox 3304 3901 3470 3958; x_wconf 71' lang='grc' dir='ltr'><strong>Δαυίδ</strong></span> <span class='ocrx_word' id='word_1_493' title='bbox 3525 3907 3610 3978; x_wconf 68' lang='grc' dir='ltr'><strong>μεν</strong></span> <span class='ocrx_word' id='word_1_494' title='bbox 3666 3908 3726 3957; x_wconf 82' lang='grc' dir='ltr'>τὸ</span> <span class='ocrx_word' id='word_1_495' title='bbox 3785 3906 3966 3980; x_wconf 74' lang='grc' dir='ltr'>ῥητὸν,</span> 
     </span>
    </p>
   </div>
   <div class='ocr_carea' id='block_1_75' title="bbox 2367 3990 3972 4067">
    <p class='ocr_par' dir='ltr' id='par_1_75' title="bbox 2367 3990 3972 4067">
     <span class='ocr_line' id='line_1_75' title="bbox 2367 3990 3972 4067; baseline 0.002 -21"><span class='ocrx_word' id='word_1_496' title='bbox 2367 3999 2679 4066; x_wconf 79' lang='grc' dir='ltr'>προεφήτευε</span> <span class='ocrx_word' id='word_1_497' title='bbox 2727 3990 2786 4046; x_wconf 80' lang='grc' dir='ltr'><strong>δέ</strong></span> <span class='ocrx_word' id='word_1_498' title='bbox 2842 3997 2906 4046; x_wconf 84' lang='grc' dir='ltr'>τὰ</span> <span class='ocrx_word' id='word_1_499' title='bbox 2950 4002 3237 4052; x_wconf 76' lang='grc' dir='ltr'>τηνικαῦτα</span> <span class='ocrx_word' id='word_1_500' title='bbox 3277 4000 3541 4067; x_wconf 79' lang='grc' dir='ltr'>γινόμενα.</span> <span class='ocrx_word' id='word_1_501' title='bbox 3579 3993 3972 4054; x_wconf 75' lang='grc' dir='ltr'>Ἐκπληκτικῶ-</span> 
     </span>
    </p>
   </div>
   <div class='ocr_carea' id='block_1_76' title="bbox 2365 4080 3970 4161">
    <p class='ocr_par' dir='ltr' id='par_1_76' title="bbox 2365 4080 3970 4161">
     <span class='ocr_line' id='line_1_76' title="bbox 2365 4080 3970 4161; baseline 0.002 -26"><span class='ocrx_word' id='word_1_502' title='bbox 2365 4103 2516 4135; x_wconf 87' lang='grc' dir='ltr'>τατον</span> <span class='ocrx_word' id='word_1_503' title='bbox 2583 4080 2670 4135; x_wconf 76' lang='grc' dir='ltr'><strong>οὖν</strong></span> <span class='ocrx_word' id='word_1_504' title='bbox 2735 4086 2793 4134; x_wconf 89' lang='grc' dir='ltr'>τὸ</span> <span class='ocrx_word' id='word_1_505' title='bbox 2865 4091 3097 4136; x_wconf 82' lang='grc' dir='ltr'>τοιοῦτον</span> <span class='ocrx_word' id='word_1_506' title='bbox 3157 4086 3351 4158; x_wconf 71' lang='grc' dir='ltr'><strong>θαῦμα.</strong></span> <span class='ocrx_word' id='word_1_507' title='bbox 3411 4089 3536 4137; x_wconf 85' lang='grc' dir='ltr'>Τότε</span> <span class='ocrx_word' id='word_1_508' title='bbox 3596 4087 3702 4160; x_wconf 71' lang='grc' dir='ltr'><strong>γὰρ</strong></span> <span class='ocrx_word' id='word_1_509' title='bbox 3767 4096 3970 4161; x_wconf 89' lang='grc' dir='ltr'>πρῶτον</span> 
     </span>
    </p>
   </div>
   <div class='ocr_carea' id='block_1_77' title="bbox 2362 4168 3972 4246">
    <p class='ocr_par' dir='ltr' id='par_1_77' title="bbox 2362 4168 3972 4246">
     <span class='ocr_line' id='line_1_77' title="bbox 2362 4168 3972 4246; baseline 0.005 -23"><span class='ocrx_word' id='word_1_510' title='bbox 2362 4175 2522 4246; x_wconf 86' lang='grc' dir='ltr'>χορός</span> <span class='ocrx_word' id='word_1_511' title='bbox 2574 4168 2776 4224; x_wconf 75' lang='grc' dir='ltr'>παίδων</span> <span class='ocrx_word' id='word_1_512' title='bbox 2831 4173 3134 4244; x_wconf 79' lang='grc' dir='ltr'>ὑπομαζίων</span> <span class='ocrx_word' id='word_1_513' title='bbox 3193 4182 3385 4246; x_wconf 80' lang='grc' dir='ltr'>τρανῶς</span> <span class='ocrx_word' id='word_1_514' title='bbox 3442 4173 3748 4246; x_wconf 72' lang='grc' dir='ltr'><strong>ἐφθέγξατο.</strong></span> <span class='ocrx_word' id='word_1_515' title='bbox 3829 4174 3972 4231; x_wconf 66' lang='grc' dir='ltr'><strong>Οὐδὶ</strong></span> 
     </span>
    </p>
   </div>
   <div class='ocr_carea' id='block_1_78' title="bbox 2361 4258 3969 4334">
    <p class='ocr_par' dir='ltr' id='par_1_78' title="bbox 2361 4258 3969 4334">
     <span class='ocr_line' id='line_1_78' title="bbox 2361 4258 3969 4334; baseline 0.006 -22"><span class='ocrx_word' id='word_1_516' title='bbox 2361 4264 2461 4334; x_wconf 78' lang='grc' dir='ltr'><strong>γὰρ</strong></span> <span class='ocrx_word' id='word_1_517' title='bbox 2515 4261 2688 4322; x_wconf 84' lang='grc' dir='ltr'>ἁπλῶς</span> <span class='ocrx_word' id='word_1_518' title='bbox 2746 4258 2878 4320; x_wconf 78' lang='grc' dir='ltr'>ἦσαν</span> <span class='ocrx_word' id='word_1_519' title='bbox 2945 4258 3146 4328; x_wconf 79' lang='grc' dir='ltr'>παῖδες,</span> <span class='ocrx_word' id='word_1_520' title='bbox 3207 4261 3336 4315; x_wconf 77' lang='grc' dir='ltr'>ἀλλὰ</span> <span class='ocrx_word' id='word_1_521' title='bbox 3388 4260 3578 4326; x_wconf 80' lang='grc' dir='ltr'>παῖδες</span> <span class='ocrx_word' id='word_1_522' title='bbox 3635 4272 3821 4324; x_wconf 77' lang='grc' dir='ltr'>νήπιοι</span> <span class='ocrx_word' id='word_1_523' title='bbox 3884 4274 3969 4320; x_wconf 77' lang='lat' dir='ltr'><strong>xui</strong></span> 
     </span>
    </p>
   </div>
   <div class='ocr_carea' id='block_1_79' title="bbox 2363 4347 3970 4425">
    <p class='ocr_par' dir='ltr' id='par_1_79' title="bbox 2363 4347 3970 4425">
     <span class='ocr_line' id='line_1_79' title="bbox 2363 4347 3970 4425; baseline 0.006 -23"><span class='ocrx_word' id='word_1_524' title='bbox 2363 4350 2688 4414; x_wconf 79' lang='grc' dir='ltr'>θηλάζοντες.</span> <span class='ocrx_word' id='word_1_525' title='bbox 2746 4356 3056 4425; x_wconf 76' lang='grc' dir='ltr'>Κατηρτίσω</span> <span class='ocrx_word' id='word_1_526' title='bbox 3104 4347 3180 4417; x_wconf 66' lang='grc' dir='ltr'>δί,</span> <span class='ocrx_word' id='word_1_527' title='bbox 3231 4350 3341 4403; x_wconf 76' lang='grc' dir='ltr'>ἀντὶ</span> <span class='ocrx_word' id='word_1_528' title='bbox 3394 4361 3501 4420; x_wconf 70' lang='grc' dir='ltr'>τοῦ,</span> <span class='ocrx_word' id='word_1_529' title='bbox 3557 4355 3749 4408; x_wconf 74' lang='grc' dir='ltr'>τέλειον</span> <span class='ocrx_word' id='word_1_530' title='bbox 3796 4355 3970 4417; x_wconf 71' lang='grc' dir='ltr'><strong>ἐποίη-</strong></span> 
     </span>
    </p>
   </div>
   <div class='ocr_carea' id='block_1_80' title="bbox 2363 4438 3970 4512">
    <p class='ocr_par' dir='ltr' id='par_1_80' title="bbox 2363 4438 3970 4512">
     <span class='ocr_line' id='line_1_80' title="bbox 2363 4438 3970 4512; baseline 0.007 -21"><span class='ocrx_word' id='word_1_531' title='bbox 2363 4459 2458 4501; x_wconf 88' lang='grc' dir='ltr'><strong>σας</strong></span> <span class='ocrx_word' id='word_1_532' title='bbox 2497 4439 2549 4502; x_wconf 73' lang='grc' dir='ltr'><strong>ἐξ</strong></span> <span class='ocrx_word' id='word_1_533' title='bbox 2592 4439 2800 4501; x_wconf 76' lang='grc' dir='ltr'>ἀτελοῦς</span> <span class='ocrx_word' id='word_1_534' title='bbox 2848 4446 3125 4512; x_wconf 78' lang='grc' dir='ltr'>στόματος.</span> <span class='ocrx_word' id='word_1_535' title='bbox 3181 4441 3361 4502; x_wconf 69' lang='grc' dir='ltr'>Καλῶς</span> <span class='ocrx_word' id='word_1_536' title='bbox 3402 4438 3460 4494; x_wconf 78' lang='grc' dir='ltr'>δε</span> <span class='ocrx_word' id='word_1_537' title='bbox 3507 4441 3670 4508; x_wconf 83' lang='grc' dir='ltr'>εἶπεν,</span> <span class='ocrx_word' id='word_1_538' title='bbox 3715 4447 3805 4501; x_wconf 83' lang='grc' dir='ltr'><strong>Ἐκ</strong></span> <span class='ocrx_word' id='word_1_539' title='bbox 3856 4454 3970 4502; x_wconf 91' lang='grc' dir='ltr'>στό-</span> 
     </span>
    </p>
   </div>
   <div class='ocr_carea' id='block_1_81' title="bbox 635 3625 2262 3700">
    <p class='ocr_par' dir='ltr' id='par_1_81' title="bbox 635 3625 2262 3700">
     <span class='ocr_line' id='line_1_81' title="bbox 635 3625 2262 3700; baseline -0.004 -14"><span class='ocrx_word' id='word_1_540' title='bbox 635 3626 638 3628; x_wconf 69' lang='grc'><em>’</em></span> <span class='ocrx_word' id='word_1_541' title='bbox 681 3634 845 3688; x_wconf 84' lang='lat' dir='ltr'><strong>Vers.</strong></span> <span class='ocrx_word' id='word_1_542' title='bbox 887 3637 968 3688; x_wconf 86' lang='grc'><strong>16.</strong></span> <span class='ocrx_word' id='word_1_543' title='bbox 1000 3633 1161 3688; x_wconf 80' lang='lat' dir='ltr'><strong>Iesus</strong></span> <span class='ocrx_word' id='word_1_544' title='bbox 1183 3637 1379 3687; x_wconf 86' lang='lat' dir='ltr'><strong>autem</strong></span> <span class='ocrx_word' id='word_1_545' title='bbox 1404 3663 1471 3671; x_wconf 96' lang='lat'><strong>—</strong></span> <span class='ocrx_word' id='word_1_546' title='bbox 1502 3632 1721 3700; x_wconf 80' lang='lat' dir='ltr'><strong>utique.</strong></span> <span class='ocrx_word' id='word_1_547' title='bbox 1757 3628 2033 3691; x_wconf 90' lang='lat' dir='ltr'><strong>Omnino,</strong></span> <span class='ocrx_word' id='word_1_548' title='bbox 2058 3625 2262 3696; x_wconf 90' lang='lat' dir='ltr'><strong>inquit,</strong></span> 
     </span>
    </p>
   </div>
   <div class='ocr_carea' id='block_1_82' title="bbox 610 3715 2265 3791">
    <p class='ocr_par' dir='ltr' id='par_1_82' title="bbox 610 3715 2265 3791">
     <span class='ocr_line' id='line_1_82' title="bbox 610 3715 2265 3791; baseline -0.004 -14"><span class='ocrx_word' id='word_1_549' title='bbox 610 3721 813 3777; x_wconf 85' lang='lat' dir='ltr'><strong>audio.</strong></span> <span class='ocrx_word' id='word_1_550' title='bbox 852 3724 914 3776; x_wconf 85' lang='lat' dir='ltr'><strong>Et</strong></span> <span class='ocrx_word' id='word_1_551' title='bbox 951 3722 1094 3791; x_wconf 90' lang='lat' dir='ltr'><strong>quia</strong></span> <span class='ocrx_word' id='word_1_552' title='bbox 1133 3720 1459 3791; x_wconf 87' lang='lat' dir='ltr'><strong>plurimum</strong></span> <span class='ocrx_word' id='word_1_553' title='bbox 1499 3717 1875 3788; x_wconf 88' lang='lat' dir='ltr'><strong>impudentes</strong></span> <span class='ocrx_word' id='word_1_554' title='bbox 1915 3720 2082 3770; x_wconf 88' lang='lat' dir='ltr'><strong>erant</strong></span> <span class='ocrx_word' id='word_1_555' title='bbox 2120 3715 2265 3770; x_wconf 84' lang='lat' dir='ltr'><strong>sicut</strong></span> 
     </span>
    </p>
   </div>
   <div class='ocr_carea' id='block_1_83' title="bbox 609 3805 2257 3878">
    <p class='ocr_par' dir='ltr' id='par_1_83' title="bbox 609 3805 2257 3878">
     <span class='ocr_line' id='line_1_83' title="bbox 609 3805 2257 3878; baseline -0.003 -15"><span class='ocrx_word' id='word_1_556' title='bbox 609 3809 891 3874; x_wconf 83' lang='lat' dir='ltr'><strong>diximus,</strong></span> <span class='ocrx_word' id='word_1_557' title='bbox 914 3808 1309 3878; x_wconf 89' lang='lat' dir='ltr'><strong>increpatoria</strong></span> <span class='ocrx_word' id='word_1_558' title='bbox 1323 3823 1465 3861; x_wconf 91' lang='lat' dir='ltr'><strong>usus</strong></span> <span class='ocrx_word' id='word_1_559' title='bbox 1482 3811 1569 3860; x_wconf 89' lang='lat' dir='ltr'><strong>est</strong></span> <span class='ocrx_word' id='word_1_560' title='bbox 1590 3806 2002 3877; x_wconf 86' lang='lat' dir='ltr'><strong>responsione,</strong></span> <span class='ocrx_word' id='word_1_561' title='bbox 2019 3805 2222 3860; x_wconf 90' lang='lat' dir='ltr'><strong>dicens</strong></span> <span class='ocrx_word' id='word_1_562' title='bbox 2247 3823 2257 3859; x_wconf 93' lang='lat'><em>:</em></span> 
     </span>
    </p>
   </div>
   <div class='ocr_carea' id='block_1_84' title="bbox 677 3895 2259 3968">
    <p class='ocr_par' dir='ltr' id='par_1_84' title="bbox 677 3895 2259 3968">
     <span class='ocr_line' id='line_1_84' title="bbox 677 3895 2259 3968; baseline -0.003 -14"><span class='ocrx_word' id='word_1_563' title='bbox 677 3901 838 3955; x_wconf 82' lang='lat' dir='ltr'><strong>Vers.</strong></span> <span class='ocrx_word' id='word_1_564' title='bbox 884 3903 968 3954; x_wconf 86' lang='grc'><strong>17.</strong></span> <span class='ocrx_word' id='word_1_565' title='bbox 1016 3899 1331 3968; x_wconf 88' lang='lat' dir='ltr'><strong>Nunquam</strong></span> <span class='ocrx_word' id='word_1_566' title='bbox 1372 3927 1440 3936; x_wconf 93' lang='lat'><strong>—</strong></span> <span class='ocrx_word' id='word_1_567' title='bbox 1482 3897 1764 3952; x_wconf 84' lang='lat' dir='ltr'><strong>laudem?</strong></span> <span class='ocrx_word' id='word_1_568' title='bbox 1811 3897 1992 3952; x_wconf 88' lang='lat' dir='ltr'><strong>David</strong></span> <span class='ocrx_word' id='word_1_569' title='bbox 2035 3895 2259 3951; x_wconf 90' lang='lat' dir='ltr'><strong>dictum</strong></span> 
     </span>
    </p>
   </div>
   <div class='ocr_carea' id='block_1_85' title="bbox 609 3987 2257 4060">
    <p class='ocr_par' dir='ltr' id='par_1_85' title="bbox 609 3987 2257 4060">
     <span class='ocr_line' id='line_1_85' title="bbox 609 3987 2257 4060; baseline -0.002 -16"><span class='ocrx_word' id='word_1_570' title='bbox 609 3992 716 4056; x_wconf 85' lang='lat' dir='ltr'><strong>est,</strong></span> <span class='ocrx_word' id='word_1_571' title='bbox 748 4004 870 4060; x_wconf 86' lang='lat' dir='ltr'><strong>quo</strong></span> <span class='ocrx_word' id='word_1_572' title='bbox 893 4003 964 4044; x_wconf 86' lang='lat' dir='ltr'><strong>ea</strong></span> <span class='ocrx_word' id='word_1_573' title='bbox 983 4003 1118 4060; x_wconf 66' lang='lat' dir='ltr'><strong>quae</strong></span> <span class='ocrx_word' id='word_1_574' title='bbox 1151 3993 1288 4042; x_wconf 90' lang='lat' dir='ltr'><strong>tunc</strong></span> <span class='ocrx_word' id='word_1_575' title='bbox 1305 3987 1525 4042; x_wconf 85' lang='lat' dir='ltr'><strong>ﬁebant</strong></span> <span class='ocrx_word' id='word_1_576' title='bbox 1553 3987 2030 4058; x_wconf 89' lang='lat' dir='ltr'><strong>prophetaverat.</strong></span> <span class='ocrx_word' id='word_1_577' title='bbox 2056 3987 2257 4058; x_wconf 89' lang='lat' dir='ltr'><strong>Itaque</strong></span> 
     </span>
    </p>
   </div>
   <div class='ocr_carea' id='block_1_86' title="bbox 606 4075 2258 4150">
    <p class='ocr_par' dir='ltr' id='par_1_86' title="bbox 606 4075 2258 4150">
     <span class='ocr_line' id='line_1_86' title="bbox 606 4075 2258 4150; baseline -0.001 -16"><span class='ocrx_word' id='word_1_578' title='bbox 606 4081 847 4150; x_wconf 81' lang='lat' dir='ltr'><strong>stupore</strong></span> <span class='ocrx_word' id='word_1_579' title='bbox 896 4077 1311 4150; x_wconf 85' lang='lat' dir='ltr'><strong>plenissimum</strong></span> <span class='ocrx_word' id='word_1_580' title='bbox 1367 4083 1453 4131; x_wconf 92' lang='lat' dir='ltr'><strong>est</strong></span> <span class='ocrx_word' id='word_1_581' title='bbox 1499 4077 1613 4132; x_wconf 90' lang='lat' dir='ltr'><strong>hoc</strong></span> <span class='ocrx_word' id='word_1_582' title='bbox 1661 4075 2040 4132; x_wconf 88' lang='lat' dir='ltr'><strong>miraculum.</strong></span> <span class='ocrx_word' id='word_1_583' title='bbox 2096 4078 2258 4132; x_wconf 86' lang='lat' dir='ltr'><strong>Tunc</strong></span> 
     </span>
    </p>
   </div>
   <div class='ocr_carea' id='block_1_87' title="bbox 603 4165 2254 4240">
    <p class='ocr_par' dir='ltr' id='par_1_87' title="bbox 603 4165 2254 4240">
     <span class='ocr_line' id='line_1_87' title="bbox 603 4165 2254 4240; baseline -0.003 -16"><span class='ocrx_word' id='word_1_584' title='bbox 603 4169 764 4226; x_wconf 88' lang='lat' dir='ltr'><strong>enim</strong></span> <span class='ocrx_word' id='word_1_585' title='bbox 810 4169 1026 4224; x_wconf 86' lang='lat' dir='ltr'><strong>chorus</strong></span> <span class='ocrx_word' id='word_1_586' title='bbox 1072 4182 1396 4240; x_wconf 88' lang='lat' dir='ltr'><strong>puerorum</strong></span> <span class='ocrx_word' id='word_1_587' title='bbox 1427 4166 1766 4222; x_wconf 89' lang='lat' dir='ltr'><strong>lactentium</strong></span> <span class='ocrx_word' id='word_1_588' title='bbox 1809 4165 1961 4221; x_wconf 89' lang='lat' dir='ltr'><strong>clare</strong></span> <span class='ocrx_word' id='word_1_589' title='bbox 2019 4165 2254 4221; x_wconf 88' lang='lat' dir='ltr'><strong>locutus</strong></span> 
     </span>
    </p>
   </div>
   <div class='ocr_carea' id='block_1_88' title="bbox 601 4254 2252 4331">
    <p class='ocr_par' dir='ltr' id='par_1_88' title="bbox 601 4254 2252 4331">
     <span class='ocr_line' id='line_1_88' title="bbox 601 4254 2252 4331; baseline -0.002 -16"><span class='ocrx_word' id='word_1_590' title='bbox 601 4263 706 4315; x_wconf 89' lang='lat' dir='ltr'><strong>est.</strong></span> <span class='ocrx_word' id='word_1_591' title='bbox 754 4257 1063 4331; x_wconf 90' lang='lat' dir='ltr'><strong>Siquidem</strong></span> <span class='ocrx_word' id='word_1_592' title='bbox 1112 4273 1232 4312; x_wconf 89' lang='lat' dir='ltr'><strong>non</strong></span> <span class='ocrx_word' id='word_1_593' title='bbox 1281 4256 1622 4328; x_wconf 89' lang='lat' dir='ltr'><strong>simpliciter</strong></span> <span class='ocrx_word' id='word_1_594' title='bbox 1680 4257 1845 4328; x_wconf 89' lang='lat' dir='ltr'><strong>pueri</strong></span> <span class='ocrx_word' id='word_1_595' title='bbox 1902 4261 2090 4320; x_wconf 89' lang='lat' dir='ltr'><strong>erant,</strong></span> <span class='ocrx_word' id='word_1_596' title='bbox 2148 4254 2252 4311; x_wconf 89' lang='lat' dir='ltr'><strong>sed</strong></span> 
     </span>
    </p>
   </div>
   <div class='ocr_carea' id='block_1_89' title="bbox 595 4344 2248 4420">
    <p class='ocr_par' dir='ltr' id='par_1_89' title="bbox 595 4344 2248 4420">
     <span class='ocr_line' id='line_1_89' title="bbox 595 4344 2248 4420; baseline -0.003 -18"><span class='ocrx_word' id='word_1_597' title='bbox 595 4349 757 4420; x_wconf 88' lang='lat' dir='ltr'><strong>pueri</strong></span> <span class='ocrx_word' id='word_1_598' title='bbox 796 4349 1052 4404; x_wconf 88' lang='lat' dir='ltr'><strong>infantes</strong></span> <span class='ocrx_word' id='word_1_599' title='bbox 1088 4363 1158 4402; x_wconf 90' lang='lat' dir='ltr'><strong>ac</strong></span> <span class='ocrx_word' id='word_1_600' title='bbox 1188 4346 1491 4402; x_wconf 89' lang='lat' dir='ltr'><strong>lactentes.</strong></span> <span class='ocrx_word' id='word_1_601' title='bbox 1526 4346 1814 4401; x_wconf 77' lang='lat' dir='ltr'><strong>Perfecisti</strong></span> <span class='ocrx_word' id='word_1_602' title='bbox 1847 4361 2008 4409; x_wconf 85' lang='lat' dir='ltr'><strong>vero,</strong></span> <span class='ocrx_word' id='word_1_603' title='bbox 2043 4344 2100 4398; x_wconf 92' lang='lat' dir='ltr'><strong>id</strong></span> <span class='ocrx_word' id='word_1_604' title='bbox 2142 4348 2248 4409; x_wconf 90' lang='lat' dir='ltr'><strong>est,</strong></span> 
     </span>
    </p>
   </div>
   <div class='ocr_carea' id='block_1_90' title="bbox 592 4435 2248 4509">
    <p class='ocr_par' dir='ltr' id='par_1_90' title="bbox 592 4435 2248 4509">
     <span class='ocr_line' id='line_1_90' title="bbox 592 4435 2248 4509; baseline -0.004 -16"><span class='ocrx_word' id='word_1_605' title='bbox 592 4438 918 4509; x_wconf 88' lang='lat' dir='ltr'><strong>perfectum</strong></span> <span class='ocrx_word' id='word_1_606' title='bbox 953 4454 1023 4493; x_wconf 88' lang='lat' dir='ltr'><strong>ex</strong></span> <span class='ocrx_word' id='word_1_607' title='bbox 1065 4437 1412 4507; x_wconf 91' lang='lat' dir='ltr'><strong>imperfecto</strong></span> <span class='ocrx_word' id='word_1_608' title='bbox 1453 4452 1553 4491; x_wconf 89' lang='lat' dir='ltr'><strong>ore</strong></span> <span class='ocrx_word' id='word_1_609' title='bbox 1596 4435 1802 4490; x_wconf 91' lang='lat' dir='ltr'><strong>fecisti.</strong></span> <span class='ocrx_word' id='word_1_610' title='bbox 1850 4437 1999 4488; x_wconf 89' lang='lat' dir='ltr'><strong>Bene</strong></span> <span class='ocrx_word' id='word_1_611' title='bbox 2049 4439 2248 4488; x_wconf 88' lang='lat' dir='ltr'><strong>autem</strong></span> 
     </span>
    </p>
   </div>
   <div class='ocr_carea' id='block_1_91' title="bbox 590 4523 2282 4627">
    <p class='ocr_par' dir='ltr' id='par_1_91' title="bbox 590 4523 2245 4594">
     <span class='ocr_line' id='line_1_91' title="bbox 590 4523 2245 4594; baseline -0.003 -14"><span class='ocrx_word' id='word_1_612' title='bbox 590 4526 737 4580; x_wconf 85' lang='lat' dir='ltr'><strong>dixit</strong></span> <span class='ocrx_word' id='word_1_613' title='bbox 762 4543 773 4578; x_wconf 95' lang='lat'><strong>:</strong></span> <span class='ocrx_word' id='word_1_614' title='bbox 801 4529 897 4581; x_wconf 78' lang='lat' dir='ltr'><strong>Ea:</strong></span> <span class='ocrx_word' id='word_1_615' title='bbox 917 4542 1018 4582; x_wconf 80' lang='lat' dir='ltr'><strong>ore</strong></span> <span class='ocrx_word' id='word_1_616' title='bbox 1038 4526 1350 4594; x_wconf 80' lang='lat' dir='ltr'><strong>infantium</strong></span> <span class='ocrx_word' id='word_1_617' title='bbox 1375 4542 1389 4591; x_wconf 90' lang='lat'>;</span> <span class='ocrx_word' id='word_1_618' title='bbox 1414 4541 1554 4581; x_wconf 90' lang='lat' dir='ltr'><strong>nam</strong></span> <span class='ocrx_word' id='word_1_619' title='bbox 1579 4541 1646 4579; x_wconf 90' lang='lat' dir='ltr'><strong>os</strong></span> <span class='ocrx_word' id='word_1_620' title='bbox 1672 4529 1795 4579; x_wconf 92' lang='lat' dir='ltr'><strong>erat</strong></span> <span class='ocrx_word' id='word_1_621' title='bbox 1815 4523 2154 4577; x_wconf 87' lang='lat' dir='ltr'><strong>infantium.</strong></span> <span class='ocrx_word' id='word_1_622' title='bbox 2187 4523 2245 4576; x_wconf 91' lang='lat' dir='ltr'><strong>Id</strong></span> 
     </span>
    </p>
   </div>
   <div class='ocr_carea' id='block_1_92' title="bbox 2393 4523 3968 4627">
    <p class='ocr_par' dir='ltr' id='par_1_92' title="bbox 2398 4527 3968 4604">
     <span class='ocr_line' id='line_1_92' title="bbox 2398 4527 3968 4604; baseline 0.005 -23"><span class='ocrx_word' id='word_1_623' title='bbox 2398 4549 2517 4591; x_wconf 86' lang='grc' dir='ltr'>ατος</span> <span class='ocrx_word' id='word_1_624' title='bbox 2562 4535 2777 4587; x_wconf 80' lang='grc' dir='ltr'>νηπίων.</span> <span class='ocrx_word' id='word_1_625' title='bbox 2833 4533 2902 4582; x_wconf 81' lang='grc' dir='ltr'><strong>Τὸ</strong></span> <span class='ocrx_word' id='word_1_626' title='bbox 2957 4550 3128 4602; x_wconf 76' lang='grc' dir='ltr'>στομα</span> <span class='ocrx_word' id='word_1_627' title='bbox 3169 4533 3270 4604; x_wconf 74' lang='grc' dir='ltr'><strong>γὰρ</strong></span> <span class='ocrx_word' id='word_1_628' title='bbox 3309 4527 3369 4587; x_wconf 73' lang='grc' dir='ltr'>ἦν</span> <span class='ocrx_word' id='word_1_629' title='bbox 3398 4540 3497 4582; x_wconf 85' lang='grc' dir='ltr'><strong>τῶν</strong></span> <span class='ocrx_word' id='word_1_630' title='bbox 3545 4541 3771 4592; x_wconf 75' lang='grc' dir='ltr'>νηπίων·</span> <span class='ocrx_word' id='word_1_631' title='bbox 3814 4543 3871 4591; x_wconf 87' lang='grc' dir='ltr'>τὸ</span> <span class='ocrx_word' id='word_1_632' title='bbox 3913 4535 3968 4591; x_wconf 73' lang='grc' dir='ltr'>δε</span> 
     </span>
    </p>
   </div>
   <div class='ocr_carea' id='block_1_93' title="bbox 586 4615 2282 4696">
    <p class='ocr_par' dir='ltr' id='par_1_93' title="bbox 586 4615 2243 4687">
     <span class='ocr_line' id='line_1_93' title="bbox 586 4615 2243 4687; baseline -0.002 -17"><span class='ocrx_word' id='word_1_633' title='bbox 586 4621 788 4670; x_wconf 88' lang='lat' dir='ltr'><strong>autem</strong></span> <span class='ocrx_word' id='word_1_634' title='bbox 826 4617 990 4686; x_wconf 91' lang='lat' dir='ltr'><strong>quod</strong></span> <span class='ocrx_word' id='word_1_635' title='bbox 1021 4615 1348 4680; x_wconf 89' lang='lat' dir='ltr'><strong>dicebatur,</strong></span> <span class='ocrx_word' id='word_1_636' title='bbox 1392 4617 1665 4687; x_wconf 66' lang='lat' dir='ltr'><strong>potentiae</strong></span> <span class='ocrx_word' id='word_1_637' title='bbox 1695 4615 1882 4685; x_wconf 89' lang='lat' dir='ltr'><strong>ipsius</strong></span> <span class='ocrx_word' id='word_1_638' title='bbox 1921 4616 2066 4673; x_wconf 89' lang='lat' dir='ltr'><strong>erat,</strong></span> <span class='ocrx_word' id='word_1_639' title='bbox 2109 4629 2243 4682; x_wconf 66' lang='lat' dir='ltr'><strong>qua:</strong></span> 
     </span>
    </p>
   </div>
   <div class='ocr_carea' id='block_1_94' title="bbox 2393 4615 3968 4696">
    <p class='ocr_par' dir='ltr' id='par_1_94' title="bbox 2393 4616 3968 4696">
     <span class='ocr_line' id='line_1_94' title="bbox 2393 4616 3968 4696; baseline 0.015 -41"><span class='ocrx_word' id='word_1_640' title='bbox 2393 4626 2639 4692; x_wconf 62' lang='grc' dir='ltr'><strong>εγάμενον,</strong></span> <span class='ocrx_word' id='word_1_641' title='bbox 2687 4628 2776 4680; x_wconf 84' lang='grc' dir='ltr'>τῆς</span> <span class='ocrx_word' id='word_1_642' title='bbox 2831 4616 3095 4689; x_wconf 73' lang='grc' dir='ltr'>δυνάμεως</span> <span class='ocrx_word' id='word_1_643' title='bbox 3143 4619 3322 4687; x_wconf 69' lang='grc' dir='ltr'>αὐτου,</span> <span class='ocrx_word' id='word_1_644' title='bbox 3368 4627 3674 4691; x_wconf 79' lang='grc' dir='ltr'>τρανούσης</span> <span class='ocrx_word' id='word_1_645' title='bbox 3714 4629 3830 4696; x_wconf 73' lang='grc'><strong>(48)</strong></span> <span class='ocrx_word' id='word_1_646' title='bbox 3880 4634 3968 4687; x_wconf 80' lang='grc' dir='ltr'>τὴν</span> 
     </span>
    </p>
   </div>
   <div class='ocr_carea' id='block_1_95' title="bbox 584 4701 2282 4792">
    <p class='ocr_par' dir='ltr' id='par_1_95' title="bbox 584 4701 2237 4770">
     <span class='ocr_line' id='line_1_95' title="bbox 584 4701 2237 4770; baseline -0.001 -11"><span class='ocrx_word' id='word_1_647' title='bbox 584 4704 864 4759; x_wconf 90' lang='lat' dir='ltr'><strong>disertam</strong></span> <span class='ocrx_word' id='word_1_648' title='bbox 882 4704 1168 4760; x_wconf 89' lang='lat' dir='ltr'><strong>reddebat</strong></span> <span class='ocrx_word' id='word_1_649' title='bbox 1186 4706 1568 4760; x_wconf 85' lang='lat' dir='ltr'><strong>immaturam</strong></span> <span class='ocrx_word' id='word_1_650' title='bbox 1589 4704 1930 4759; x_wconf 87' lang='lat' dir='ltr'><strong>lactentium</strong></span> <span class='ocrx_word' id='word_1_651' title='bbox 1950 4701 2237 4770; x_wconf 78' lang='lat' dir='ltr'><strong>linguam.</strong></span> 
     </span>
    </p>
   </div>
   <div class='ocr_carea' id='block_1_96' title="bbox 2393 4701 3962 4792">
    <p class='ocr_par' dir='ltr' id='par_1_96' title="bbox 2393 4707 3962 4792">
     <span class='ocr_line' id='line_1_96' title="bbox 2393 4707 3962 4792; baseline 0.008 -33"><span class='ocrx_word' id='word_1_652' title='bbox 2393 4729 2514 4784; x_wconf 75' lang='grc' dir='ltr'>ωρον</span> <span class='ocrx_word' id='word_1_653' title='bbox 2580 4709 2821 4781; x_wconf 77' lang='grc' dir='ltr'>’γλῶσσαν</span> <span class='ocrx_word' id='word_1_654' title='bbox 2860 4707 2972 4761; x_wconf 79' lang='grc' dir='ltr'>’τῶν</span> <span class='ocrx_word' id='word_1_655' title='bbox 3031 4708 3375 4768; x_wconf 78' lang='grc' dir='ltr'>θηλαζοννων.</span> <span class='ocrx_word' id='word_1_656' title='bbox 3439 4709 3962 4792; x_wconf 70' lang='grc' dir='ltr'>Ἐθαυματουργήθη</span> 
     </span>
    </p>
   </div>
   <div class='ocr_carea' id='block_1_97' title="bbox 581 4791 2282 4877">
    <p class='ocr_par' dir='ltr' id='par_1_97' title="bbox 581 4791 2238 4866">
     <span class='ocr_line' id='line_1_97' title="bbox 581 4791 2238 4866; baseline 0.001 -19"><span class='ocrx_word' id='word_1_657' title='bbox 581 4794 646 4847; x_wconf 86' lang='lat' dir='ltr'><strong>Et</strong></span> <span class='ocrx_word' id='word_1_658' title='bbox 675 4793 789 4848; x_wconf 91' lang='lat' dir='ltr'><strong>hoc</strong></span> <span class='ocrx_word' id='word_1_659' title='bbox 809 4809 1045 4866; x_wconf 89' lang='lat' dir='ltr'><strong>quoque</strong></span> <span class='ocrx_word' id='word_1_660' title='bbox 1073 4795 1428 4851; x_wconf 89' lang='lat' dir='ltr'><strong>miraculose</strong></span> <span class='ocrx_word' id='word_1_661' title='bbox 1457 4795 1679 4849; x_wconf 88' lang='lat' dir='ltr'><strong>factum</strong></span> <span class='ocrx_word' id='word_1_662' title='bbox 1709 4798 1796 4848; x_wconf 91' lang='lat' dir='ltr'><strong>est</strong></span> <span class='ocrx_word' id='word_1_663' title='bbox 1821 4791 1898 4846; x_wconf 92' lang='lat' dir='ltr'><strong>ad</strong></span> <span class='ocrx_word' id='word_1_664' title='bbox 1920 4791 2238 4864; x_wconf 92' lang='lat' dir='ltr'><strong>discipulo-</strong></span> 
     </span>
    </p>
   </div>
   <div class='ocr_carea' id='block_1_98' title="bbox 2393 4791 3967 4877">
    <p class='ocr_par' dir='ltr' id='par_1_98' title="bbox 2393 4791 3967 4877">
     <span class='ocr_line' id='line_1_98' title="bbox 2393 4791 3967 4877; baseline 0.001 -26"><span class='ocrx_word' id='word_1_665' title='bbox 2393 4819 2408 4851; x_wconf 75' lang='grc' dir='ltr'>ς</span> <span class='ocrx_word' id='word_1_666' title='bbox 2464 4807 2614 4850; x_wconf 77' lang='grc' dir='ltr'>τοῦτο</span> <span class='ocrx_word' id='word_1_667' title='bbox 2667 4804 2755 4850; x_wconf 75' lang='grc' dir='ltr'><strong>καὶ</strong></span> <span class='ocrx_word' id='word_1_668' title='bbox 2806 4801 2937 4870; x_wconf 86' lang='grc' dir='ltr'>πρὸς</span> <span class='ocrx_word' id='word_1_669' title='bbox 2988 4797 3319 4871; x_wconf 82' lang='grc' dir='ltr'>παράκλησιν</span> <span class='ocrx_word' id='word_1_670' title='bbox 3383 4805 3484 4849; x_wconf 92' lang='grc' dir='ltr'><strong>τῶν</strong></span> <span class='ocrx_word' id='word_1_671' title='bbox 3548 4791 3829 4877; x_wconf 50' lang='grc' dir='ltr'><strong>μαθητῇ,</strong></span> <span class='ocrx_word' id='word_1_672' title='bbox 3885 4812 3967 4860; x_wconf 75' lang='grc' dir='ltr'>ἵνα</span> 
     </span>
    </p>
   </div>
   <div class='ocr_carea' id='block_1_99' title="bbox 577 4881 2282 4964">
    <p class='ocr_par' dir='ltr' id='par_1_99' title="bbox 577 4881 2234 4956">
     <span class='ocr_line' id='line_1_99' title="bbox 577 4881 2234 4956; baseline 0.001 -18"><span class='ocrx_word' id='word_1_673' title='bbox 577 4897 711 4939; x_wconf 92' lang='lat' dir='ltr'><strong>rum</strong></span> <span class='ocrx_word' id='word_1_674' title='bbox 730 4883 1219 4951; x_wconf 84' lang='lat' dir='ltr'><strong>consolationem,</strong></span> <span class='ocrx_word' id='word_1_675' title='bbox 1244 4890 1309 4942; x_wconf 90' lang='lat' dir='ltr'><strong>ut</strong></span> <span class='ocrx_word' id='word_1_676' title='bbox 1329 4884 1402 4940; x_wconf 90' lang='lat' dir='ltr'><strong>de</strong></span> <span class='ocrx_word' id='word_1_677' title='bbox 1430 4883 1637 4955; x_wconf 87' lang='lat' dir='ltr'><strong>seipsis</strong></span> <span class='ocrx_word' id='word_1_678' title='bbox 1660 4881 2043 4949; x_wconf 89' lang='lat' dir='ltr'><strong>conﬁderent,</strong></span> <span class='ocrx_word' id='word_1_679' title='bbox 2069 4885 2234 4956; x_wconf 91' lang='lat' dir='ltr'><strong>quod</strong></span> 
     </span>
    </p>
   </div>
   <div class='ocr_carea' id='block_1_100' title="bbox 2393 4881 3963 4964">
    <p class='ocr_par' dir='ltr' id='par_1_100' title="bbox 2393 4887 3963 4964">
     <span class='ocr_line' id='line_1_100' title="bbox 2393 4887 3963 4964; baseline 0.009 -26"><span class='ocrx_word' id='word_1_680' title='bbox 2393 4887 2681 4963; x_wconf 80' lang='grc' dir='ltr'>ιρρήσωσιν</span> <span class='ocrx_word' id='word_1_681' title='bbox 2757 4889 2882 4960; x_wconf 66' lang='grc' dir='ltr'>ὑπὲρ</span> <span class='ocrx_word' id='word_1_682' title='bbox 2938 4887 3149 4953; x_wconf 72' lang='grc' dir='ltr'>ἑαυτῶν,</span> <span class='ocrx_word' id='word_1_683' title='bbox 3221 4889 3288 4948; x_wconf 85' lang='grc' dir='ltr'>ὡς</span> <span class='ocrx_word' id='word_1_684' title='bbox 3347 4887 3372 4937; x_wconf 79' lang='grc' dir='ltr'>ὁ</span> <span class='ocrx_word' id='word_1_685' title='bbox 3436 4893 3538 4947; x_wconf 75' lang='grc' dir='ltr'>τὴν</span> <span class='ocrx_word' id='word_1_686' title='bbox 3608 4892 3963 4964; x_wconf 73' lang='grc' dir='ltr'>ψελλίζουσαν</span> 
     </span>
    </p>
   </div>
   <div class='ocr_carea' id='block_1_101' title="bbox 572 4971 2282 5050">
    <p class='ocr_par' dir='ltr' id='par_1_101' title="bbox 572 4971 2234 5045">
     <span class='ocr_line' id='line_1_101' title="bbox 572 4971 2234 5045; baseline 0 -18"><span class='ocrx_word' id='word_1_687' title='bbox 572 4973 675 5045; x_wconf 84' lang='lat' dir='ltr'><strong>qui</strong></span> <span class='ocrx_word' id='word_1_688' title='bbox 693 4972 980 5031; x_wconf 87' lang='lat' dir='ltr'><strong>disertam</strong></span> <span class='ocrx_word' id='word_1_689' title='bbox 999 4973 1216 5031; x_wconf 82' lang='lat' dir='ltr'><strong>fecerat</strong></span> <span class='ocrx_word' id='word_1_690' title='bbox 1227 4973 1660 5030; x_wconf 87' lang='lat' dir='ltr'><strong>balbutientem</strong></span> <span class='ocrx_word' id='word_1_691' title='bbox 1674 4971 1964 5041; x_wconf 80' lang='lat' dir='ltr'><strong>linguam,</strong></span> <span class='ocrx_word' id='word_1_692' title='bbox 2003 4973 2234 5044; x_wconf 80' lang='lat' dir='ltr'><strong>sapien-</strong></span> 
     </span>
    </p>
   </div>
   <div class='ocr_carea' id='block_1_102' title="bbox 2393 4971 3961 5050">
    <p class='ocr_par' dir='ltr' id='par_1_102' title="bbox 2393 4979 3961 5050">
     <span class='ocr_line' id='line_1_102' title="bbox 2393 4979 3961 5050; baseline 0.001 -23"><span class='ocrx_word' id='word_1_693' title='bbox 2393 4985 2583 5029; x_wconf 67' lang='lat' dir='ltr'><strong>triaaauv</strong></span> <span class='ocrx_word' id='word_1_694' title='bbox 2631 4982 2920 5050; x_wconf 78' lang='grc' dir='ltr'>τρανὼσας,</span> <span class='ocrx_word' id='word_1_695' title='bbox 2984 4981 3190 5048; x_wconf 88' lang='grc' dir='ltr'>σοφίσει</span> <span class='ocrx_word' id='word_1_696' title='bbox 3243 4979 3331 5027; x_wconf 77' lang='grc' dir='ltr'>καὶ</span> <span class='ocrx_word' id='word_1_697' title='bbox 3382 4979 3481 5033; x_wconf 82' lang='grc' dir='ltr'>τὴν</span> <span class='ocrx_word' id='word_1_698' title='bbox 3542 4980 3819 5040; x_wconf 56' lang='lat' dir='ltr'><strong>irim-rd“,</strong></span> <span class='ocrx_word' id='word_1_699' title='bbox 3876 4988 3961 5041; x_wconf 62' lang='grc' dir='ltr'><strong>αὐ-</strong></span> 
     </span>
    </p>
   </div>
   <div class='ocr_carea' id='block_1_103' title="bbox 572 5059 2282 5145">
    <p class='ocr_par' dir='ltr' id='par_1_103' title="bbox 572 5059 2231 5121">
     <span class='ocr_line' id='line_1_103' title="bbox 572 5059 2231 5121; baseline 0.001 -4"><span class='ocrx_word' id='word_1_700' title='bbox 572 5067 690 5118; x_wconf 89' lang='lat' dir='ltr'><strong>tem</strong></span> <span class='ocrx_word' id='word_1_701' title='bbox 728 5064 901 5119; x_wconf 89' lang='lat' dir='ltr'><strong>etiam</strong></span> <span class='ocrx_word' id='word_1_702' title='bbox 932 5066 1199 5121; x_wconf 85' lang='lat' dir='ltr'><strong>facturus</strong></span> <span class='ocrx_word' id='word_1_703' title='bbox 1228 5066 1358 5119; x_wconf 88' lang='lat' dir='ltr'><strong>erat</strong></span> <span class='ocrx_word' id='word_1_704' title='bbox 1387 5076 1596 5117; x_wconf 87' lang='lat' dir='ltr'><strong>eorum</strong></span> <span class='ocrx_word' id='word_1_705' title='bbox 1628 5059 1967 5116; x_wconf 87' lang='lat' dir='ltr'><strong>ruditatem.</strong></span> <span class='ocrx_word' id='word_1_706' title='bbox 2013 5063 2146 5118; x_wconf 86' lang='lat' dir='ltr'><strong>Erat</strong></span> <span class='ocrx_word' id='word_1_707' title='bbox 2175 5067 2231 5119; x_wconf 91' lang='lat' dir='ltr'><strong>et</strong></span> 
     </span>
    </p>
   </div>
   <div class='ocr_carea' id='block_1_104' title="bbox 2393 5059 3964 5145">
    <p class='ocr_par' dir='ltr' id='par_1_104' title="bbox 2393 5061 3964 5145">
     <span class='ocr_line' id='line_1_104' title="bbox 2393 5061 3964 5145; baseline 0.017 -41"><span class='ocrx_word' id='word_1_708' title='bbox 2393 5075 2458 5122; x_wconf 58' lang='grc' dir='ltr'><strong>δν,</strong></span> <span class='ocrx_word' id='word_1_709' title='bbox 2507 5065 2605 5118; x_wconf 86' lang='grc' dir='ltr'>Ἦν</span> <span class='ocrx_word' id='word_1_710' title='bbox 2637 5061 2695 5118; x_wconf 66' lang='grc' dir='ltr'><strong>δὲ</strong></span> <span class='ocrx_word' id='word_1_711' title='bbox 2725 5072 2874 5117; x_wconf 81' lang='grc' dir='ltr'>τοῦτο</span> <span class='ocrx_word' id='word_1_712' title='bbox 2921 5070 3012 5117; x_wconf 81' lang='grc' dir='ltr'><strong>καὶ</strong></span> <span class='ocrx_word' id='word_1_713' title='bbox 3049 5067 3207 5125; x_wconf 77' lang='grc' dir='ltr'>τύπος</span> <span class='ocrx_word' id='word_1_714' title='bbox 3239 5072 3339 5116; x_wconf 88' lang='grc' dir='ltr'><strong>τῶν</strong></span> <span class='ocrx_word' id='word_1_715' title='bbox 3384 5063 3548 5120; x_wconf 81' lang='grc' dir='ltr'>ἐθνῶν</span> <span class='ocrx_word' id='word_1_716' title='bbox 3582 5072 3619 5123; x_wconf 78' lang='grc' dir='ltr'><em>ἃ</em></span> <span class='ocrx_word' id='word_1_717' title='bbox 3647 5073 3964 5145; x_wconf 74' lang='grc' dir='ltr'>ψελλιζοντα</span> 
     </span>
    </p>
   </div>
   <div class='ocr_carea' id='block_1_105' title="bbox 565 5148 2282 5228">
    <p class='ocr_par' dir='ltr' id='par_1_105' title="bbox 565 5148 2227 5224">
     <span class='ocr_line' id='line_1_105' title="bbox 565 5148 2227 5224; baseline -0.001 -16"><span class='ocrx_word' id='word_1_718' title='bbox 565 5150 682 5208; x_wconf 88' lang='lat' dir='ltr'><strong>hoc</strong></span> <span class='ocrx_word' id='word_1_719' title='bbox 705 5151 899 5224; x_wconf 87' lang='lat' dir='ltr'><strong>ﬁgura</strong></span> <span class='ocrx_word' id='word_1_720' title='bbox 929 5153 1216 5223; x_wconf 86' lang='lat' dir='ltr'><strong>gentium,</strong></span> <span class='ocrx_word' id='word_1_721' title='bbox 1249 5167 1387 5224; x_wconf 59' lang='lat' dir='ltr'><strong>quae</strong></span> <span class='ocrx_word' id='word_1_722' title='bbox 1413 5165 1552 5205; x_wconf 92' lang='lat' dir='ltr'><strong>cum</strong></span> <span class='ocrx_word' id='word_1_723' title='bbox 1581 5148 1661 5206; x_wconf 89' lang='lat' dir='ltr'><strong>ad</strong></span> <span class='ocrx_word' id='word_1_724' title='bbox 1680 5149 2042 5220; x_wconf 89' lang='lat' dir='ltr'><strong>theologiam</strong></span> <span class='ocrx_word' id='word_1_725' title='bbox 2065 5155 2122 5206; x_wconf 91' lang='lat' dir='ltr'><strong>et</strong></span> <span class='ocrx_word' id='word_1_726' title='bbox 2144 5151 2227 5207; x_wconf 88' lang='lat' dir='ltr'><strong>di-</strong></span> 
     </span>
    </p>
   </div>
   <div class='ocr_carea' id='block_1_106' title="bbox 2393 5148 3962 5228">
    <p class='ocr_par' dir='ltr' id='par_1_106' title="bbox 2393 5150 3962 5226">
     <span class='ocr_line' id='line_1_106' title="bbox 2393 5150 3962 5226; baseline 0.009 -20"><span class='ocrx_word' id='word_1_727' title='bbox 2393 5158 2468 5215; x_wconf 65' lang='lat' dir='ltr'><strong>ibq</strong></span> <span class='ocrx_word' id='word_1_728' title='bbox 2541 5153 2828 5226; x_wconf 62' lang='grc' dir='ltr'><strong>θεολογέων.</strong></span> <span class='ocrx_word' id='word_1_729' title='bbox 2919 5150 3182 5226; x_wconf 72' lang='grc' dir='ltr'>αἰφνίδιον</span> <span class='ocrx_word' id='word_1_730' title='bbox 3265 5156 3498 5225; x_wconf 78' lang='grc' dir='ltr'>ἤχησαν.</span> <span class='ocrx_word' id='word_1_731' title='bbox 3590 5163 3786 5219; x_wconf 76' lang='grc' dir='ltr'>τέλειον</span> <span class='ocrx_word' id='word_1_732' title='bbox 3875 5171 3962 5219; x_wconf 79' lang='lat' dir='ltr'><strong>xui</strong></span> 
     </span>
    </p>
   </div>
   <div class='ocr_carea' id='block_1_107' title="bbox 561 5238 2282 5318">
    <p class='ocr_par' dir='ltr' id='par_1_107' title="bbox 561 5238 2221 5318">
     <span class='ocr_line' id='line_1_107' title="bbox 561 5238 2221 5318; baseline 0.001 -21"><span class='ocrx_word' id='word_1_733' title='bbox 561 5241 703 5299; x_wconf 88' lang='lat' dir='ltr'><strong>vina</strong></span> <span class='ocrx_word' id='word_1_734' title='bbox 732 5242 918 5298; x_wconf 87' lang='lat' dir='ltr'><strong>verba</strong></span> <span class='ocrx_word' id='word_1_735' title='bbox 954 5241 1338 5307; x_wconf 89' lang='lat' dir='ltr'><strong>balbutirent,</strong></span> <span class='ocrx_word' id='word_1_736' title='bbox 1380 5243 1621 5311; x_wconf 87' lang='lat' dir='ltr'><strong>repente</strong></span> <span class='ocrx_word' id='word_1_737' title='bbox 1658 5239 1742 5295; x_wconf 90' lang='lat' dir='ltr'><strong>ita</strong></span> <span class='ocrx_word' id='word_1_738' title='bbox 1769 5238 2025 5318; x_wconf 81' lang='lat' dir='ltr'><strong>perfecte</strong></span> <span class='ocrx_word' id='word_1_739' title='bbox 2065 5257 2221 5318; x_wconf 80' lang='lat' dir='ltr'><strong>reso-</strong></span> 
     </span>
    </p>
   </div>
   <div class='ocr_carea' id='block_1_108' title="bbox 2393 5238 2686 5318">
    <p class='ocr_par' dir='ltr' id='par_1_108' title="bbox 2393 5245 2686 5318">
     <span class='ocr_line' id='line_1_108' title="bbox 2393 5245 2686 5318; baseline -0.003 -23"><span class='ocrx_word' id='word_1_740' title='bbox 2393 5245 2518 5318; x_wconf 73' lang='lat' dir='ltr'><strong>aixeu</strong></span> <span class='ocrx_word' id='word_1_741' title='bbox 2527 5263 2669 5298; x_wconf 74' lang='grc' dir='ltr'>στον.</span> <span class='ocrx_word' id='word_1_742' title='bbox 2683 5291 2686 5294; x_wconf 90' lang='grc'><strong>.</strong></span> 
     </span>
    </p>
   </div>
   <div class='ocr_carea' id='block_1_109' title="bbox 571 5313 2678 5402">
    <p class='ocr_par' dir='ltr' id='par_1_109' title="bbox 571 5313 2678 5402">
     <span class='ocr_line' id='line_1_109' title="bbox 571 5313 2678 5402; baseline -0.002 -15"><span class='ocrx_word' id='word_1_743' title='bbox 571 5335 818 5399; x_wconf 87' lang='lat' dir='ltr'><strong>narunt,</strong></span> <span class='ocrx_word' id='word_1_744' title='bbox 848 5333 916 5386; x_wconf 89' lang='lat' dir='ltr'><strong>ut</strong></span> <span class='ocrx_word' id='word_1_745' title='bbox 948 5331 1027 5387; x_wconf 90' lang='lat' dir='ltr'><strong>ab</strong></span> <span class='ocrx_word' id='word_1_746' title='bbox 1060 5327 1341 5386; x_wconf 90' lang='lat' dir='ltr'><strong>omnibus</strong></span> <span class='ocrx_word' id='word_1_747' title='bbox 1373 5327 1645 5385; x_wconf 87' lang='lat' dir='ltr'><strong>exaudiri</strong></span> <span class='ocrx_word' id='word_1_748' title='bbox 1672 5313 1934 5402; x_wconf 80' lang='lat' dir='ltr'><strong>possent.</strong></span> <span class='ocrx_word' id='word_1_749' title='bbox 2253 5329 2260 5340; x_wconf 82' lang='lat'><strong>‘</strong></span> <span class='ocrx_word' id='word_1_750' title='bbox 2437 5313 2441 5314; x_wconf 15' lang='grc' dir='ltr'><em>ν</em></span> <span class='ocrx_word' id='word_1_751' title='bbox 2478 5313 2486 5324; x_wconf 79' lang='grc'><em>’</em></span> <span class='ocrx_word' id='word_1_752' title='bbox 2673 5315 2678 5318; x_wconf 65' lang='grc'><em>’</em></span> 
     </span>
    </p>
   </div>
   <div class='ocr_carea' id='block_1_110' title="bbox 625 5456 1183 5519">
    <p class='ocr_par' dir='ltr' id='par_1_110' title="bbox 625 5456 1183 5519">
     <span class='ocr_line' id='line_1_110' title="bbox 625 5456 1183 5519; baseline 0.002 -9"><span class='ocrx_word' id='word_1_753' title='bbox 625 5457 674 5492; x_wconf 75' lang='lat'><strong>7°</strong></span> <span class='ocrx_word' id='word_1_754' title='bbox 710 5456 926 5512; x_wconf 89' lang='lat' dir='ltr'><strong>Jerem.</strong></span> <span class='ocrx_word' id='word_1_755' title='bbox 958 5470 1054 5519; x_wconf 84' lang='lat' dir='ltr'><strong>vn,</strong></span> <span class='ocrx_word' id='word_1_756' title='bbox 1091 5458 1183 5512; x_wconf 89' lang='grc'><strong>11.</strong></span> 
     </span>
    </p>
   </div>
   <div class='ocr_carea' id='block_1_111' title="bbox 1805 5562 2740 5630">
    <p class='ocr_par' dir='ltr' id='par_1_111' title="bbox 1805 5562 2740 5630">
     <span class='ocr_line' id='line_1_111' title="bbox 1805 5562 2740 5630; baseline -0.001 -2"><span class='ocrx_word' id='word_1_757' title='bbox 1805 5562 2026 5629; x_wconf 74' lang='lat' dir='ltr'><strong>Variae</strong></span> <span class='ocrx_word' id='word_1_758' title='bbox 2061 5563 2386 5630; x_wconf 88' lang='lat' dir='ltr'><strong>lectiones</strong></span> <span class='ocrx_word' id='word_1_759' title='bbox 2430 5573 2496 5629; x_wconf 92' lang='lat' dir='ltr'><strong>et</strong></span> <span class='ocrx_word' id='word_1_760' title='bbox 2537 5571 2740 5630; x_wconf 70' lang='lat' dir='ltr'><strong>notae.</strong></span> 
     </span>
    </p>
   </div>
   <div class='ocr_carea' id='block_1_112' title="bbox 615 5684 2282 5830">
    <p class='ocr_par' dir='ltr' id='par_1_112' title="bbox 615 5684 1406 5830">
     <span class='ocr_line' id='line_1_112' title="bbox 644 5684 1302 5758; baseline 0.009 -22"><span class='ocrx_word' id='word_1_761' title='bbox 644 5688 713 5744; x_wconf 75' lang='lat'><strong>46</strong></span> <span class='ocrx_word' id='word_1_762' title='bbox 773 5688 856 5750; x_wconf 84' lang='grc' dir='ltr'><strong>Δέ,</strong></span> <span class='ocrx_word' id='word_1_763' title='bbox 887 5684 1208 5758; x_wconf 88' lang='lat' dir='ltr'><strong>interponit</strong></span> <span class='ocrx_word' id='word_1_764' title='bbox 1235 5691 1302 5743; x_wconf 86' lang='lat' dir='ltr'><strong>A.</strong></span> 
     </span>
     <span class='ocr_line' id='line_1_113' title="bbox 615 5687 1406 5830; baseline 0.001 -16"><span class='ocrx_word' id='word_1_765' title='bbox 615 5687 739 5830; x_wconf 45' lang='lat' dir='ltr'><strong>E47;</strong></span> <span class='ocrx_word' id='word_1_766' title='bbox 764 5753 1007 5823; x_wconf 79' lang='grc' dir='ltr'>Ἐπειδή,</span> <span class='ocrx_word' id='word_1_767' title='bbox 1032 5773 1143 5830; x_wconf 94' lang='lat' dir='ltr'><strong>pro</strong></span> <span class='ocrx_word' id='word_1_768' title='bbox 1179 5763 1307 5827; x_wconf 80' lang='grc' dir='ltr'>ἐπεί,</span> <span class='ocrx_word' id='word_1_769' title='bbox 1339 5761 1406 5815; x_wconf 78' lang='grc' dir='ltr'><strong>Α.</strong></span> 
     </span>
    </p>
   </div>
   <div class='ocr_carea' id='block_1_113' title="bbox 2393 5684 2902 5830">
    <p class='ocr_par' dir='ltr' id='par_1_113' title="bbox 2393 5686 2902 5759">
     <span class='ocr_line' id='line_1_114' title="bbox 2393 5686 2902 5759; baseline 0.006 -17"><span class='ocrx_word' id='word_1_770' title='bbox 2393 5687 2493 5759; x_wconf 69' lang='grc' dir='ltr'><strong>ξ48)</strong></span> <span class='ocrx_word' id='word_1_771' title='bbox 2519 5691 2600 5758; x_wconf 84' lang='grc' dir='ltr'><strong>Δέ,</strong></span> <span class='ocrx_word' id='word_1_772' title='bbox 2634 5686 2802 5744; x_wconf 89' lang='lat' dir='ltr'><strong>addit</strong></span> <span class='ocrx_word' id='word_1_773' title='bbox 2832 5690 2902 5745; x_wconf 81' lang='grc' dir='ltr'><strong>Α.</strong></span> 
     </span>
    </p>
   </div>
   <div class='ocr_carea' id='block_1_114' title="bbox 641 5753 1406 5832">
    <p class='ocr_par' dir='ltr' id='par_1_114' title="bbox 641 5753 1406 5832">
     <span class='ocr_line' id='line_1_115' title="bbox 641 5753 1406 5832; baseline 0.001 -18"><span class='ocrx_word' id='word_1_774' title='bbox 641 5753 736 5830; x_wconf 77' lang='grc'><strong>47)</strong></span> <span class='ocrx_word' id='word_1_775' title='bbox 764 5753 1007 5823; x_wconf 79' lang='grc' dir='ltr'>Ἐπειδή,</span> <span class='ocrx_word' id='word_1_776' title='bbox 1032 5753 1143 5832; x_wconf 79' lang='lat' dir='ltr'><strong>pro</strong></span> <span class='ocrx_word' id='word_1_777' title='bbox 1179 5763 1307 5827; x_wconf 80' lang='grc' dir='ltr'>ἐπεί,</span> <span class='ocrx_word' id='word_1_778' title='bbox 1339 5761 1406 5815; x_wconf 78' lang='grc' dir='ltr'><strong>Α.</strong></span> 
     </span>
    </p>
   </div>
  </div>
