4198 6436
170 383 273 441 557

1147 378 1502 442 COMMENT.
1545 380 1614 437 IN
1652 376 2090 436 HATTHEUH.
2129 408 2198 422 —-
2227 381 2384 438 CAP.
2414 379 2563 436 XXI.

3421 379 3529 436 558

240 517 344 566 Καὶ
406 542 470 554 -
529 511 648 567 ἐκεῖ.
693 510 920 579 Ἐξῆλθε,
983 513 1160 586 χαλῶν
1245 512 1422 574 αὐτοῖς
1476 514 1564 564 τὸν
1613 513 1766 580 ὄγκον

1947 506 2110 563 Ver.
2138 511 2223 564 l7.
2251 507 2330 562 Et
2349 537 2417 547 —
2438 506 2586 565 illic.
2616 505 2819 563 Exivit
2845 506 2910 562 ut
2948 503 3198 562 affectus
3228 505 3530 562 tumorem

171 611 258 655 τοῦ
291 604 514 670 πάθους,
563 607 653 654 καὶ
715 601 962 655 σϐεννύων
1009 607 1101 662 τήν
1143 605 1404 674 πυρκαῐαν
1449 609 1539 653 τοῦ
1578 601 1765 672 φθόνου

172 693 353 748 αὐτῶν.

376 860 527 908 ΚΕΦ.
558 853 688 910 ΜΖ’.
714 857 837 928 Περὶ
859 862 954 916 τῆς
983 855 1321 927 ξηρανθείσης
1351 863 1538 917 συκῆς.

243 1028 435 1099 Πρωῖας
511 1057 580 1065 -
667 1033 824 1084 συκῆ.
892 1025 1029 1079 Ἐπεὶ
1113 1031 1204 1085 τὴν
1279 1030 1369 1099 μὶν
1445 1027 1765 1100 εὐεργετεκην

181 1116 322 1168 αὐτοῦ
374 1113 606 1188 δύναμιν
657 1115 896 1176 πολλάκις
953 1113 1245 1180 ἐπεδείξατο
1304 1137 1316 1150 ⁸

179 1210 376 1278 ρητικήν
429 1201 552 1257 οὐδ’
609 1204 767 1271 ἅπαξ,
821 1203 988 1268 δεῖξαι
1042 1206 1220 1258 λοιπόν
1252 1211 1342 1258 καὶ
1398 1209 1592 1264 ταύτην
1641 1205 1765 1279 βού-

1379 1122 1472 1176 τήν
1507 1113 1563 1170 δὲ
1608 1137 1765 1190 τιμω-

180 1295 353 1365 ληθεὶς,
402 1297 491 1347 ἶνα
541 1293 876 1369 θαρρήσωσιν
945 1297 994 1348 οἱ
1046 1297 1279 1368 μαθηταὶ
1325 1295 1615 1362 κάντεῦθεν,
1685 1299 1765 1349 ὅτι

188 1381 380 1446 δυνατός
435 1385 584 1436 ἐστιν
637 1382 944 1456 ἀμύνασθαι
1005 1389 1122 1445 τοὺς
1169 1383 1591 1448 ἐπιϐουλεύοντας
1639 1385 1765 1440 ἰου-

190 1471 367 1538 δαίούς,
427 1479 523 1525 καὶ
573 1474 652 1525 ὅτι
698 1473 793 1525 οὐκ
847 1475 908 1525 οἶν
951 1493 1074 1527 ποτε
1125 1476 1302 1542 πάθοι,
1345 1480 1414 1547 μὴ
1468 1475 1640 1539 θέλων,
1694 1475 1764 1537 εἰς

193 1565 427 1636 ἄνθρωπον
486 1567 577 1635 μεν
647 1562 742 1614 ούκ
781 1559 1135 1616 ἐπιδείκνυται
1196 1567 1409 1631 ταύτην,
1467 1567 1536 1625 ὡς
1588 1564 1763 1637 φιλάν-

199 1652 390 1725 θρωπος,
437 1653 503 1713 εἰς
531 1656 589 1704 τὸ
620 1656 778 1725 φυτὸν
829 1649 907 1705 δέ.
946 1656 1032 1706 Διὸ
1084 1659 1173 1706 καὶ
1206 1655 1600 1726 σχηματίξεται
1645 1654 1762 1725 (49)

202 1747 368 1811 πεινᾷν,
410 1747 495 1793 καὶ
535 1744 752 1816 ἔρχεται
784 1745 914 1817 πρὸς
964 1747 1056 1800 τὴν
1106 1751 1291 1811 συκῆν,
1340 1743 1383 1796 εἰ
1411 1744 1514 1818 οἰρα
1553 1745 1764 1816 εύρήσει

205 1848 248 1880 τι
296 1830 337 1882 ἐν
386 1832 530 1904 αὐτῇ,
578 1833 754 1892 καθὼς
807 1828 916 1884 εἶπε
967 1834 1200 1907 Μάρκος,
1248 1837 1420 1885 καίτοι
1470 1840 1758 1904 γινώσκων,
1795 1859 1840 1916 Β

214 1919 270 1980 ὡς
293 1920 385 1991 οὐχ
409 1923 622 1993 εύρησει.
672 1926 774 1974 Καὶ
829 1929 982 1974 τοῦτο
1010 1923 1108 1994 γὰρ
1164 1922 1318 1984 αύτὸς
1367 1923 1518 1984 οὗτος
1555 1924 1581 1974 6
1612 1926 1764 1997 Μάρ-

223 2026 295 2066 κος
339 2012 504 2081 εἴρηκε,
565 2011 806 2082 προσθείς
863 2029 875 2042 ·
936 2013 1017 2062 ὃτι
1069 2011 1180 2063 Ούκ
1225 2009 1286 2070 ἧν
1336 2015 1514 2086 καιρός
1568 2015 1758 2064 σύκων.

237 2101 321 2147 Καὶ
359 2105 504 2149 ταῦτα
549 2099 817 2152 πλάττεται
861 2105 972 2152 κατ’
1021 2100 1336 2174 οἰκονομὶαν,
1399 2102 1483 2154 ἶνα
1538 2101 1760 2174 εύαφόρ-

235 2205 331 2255 μως
375 2185 447 2236 ἐπὶ
501 2192 586 2245 τὴν
637 2191 1046 2265 θανματουργίαν
1091 2190 1235 2264 ἔλθῃ.
1286 2195 1386 2244 Καὶ
1435 2190 1572 2262 λόγῳ
1623 2195 1761 2262 μόνῳ

237 2272 434 2346 ξηραίνει
478 2276 584 2347 (50)
655 2283 733 2335 τήν
783 2288 976 2349 ουκῆν,
1031 2285 1121 2332 καὶ
1174 2276 1369 2333 δείκνσι
1456 2285 1550 2338 τὴν
1601 2299 1762 2352 τιμω-

227 2368 415 2434 ρητικήν
438 2365 579 2417 αὐτοῦ
619 2363 857 2440 δύναμιν,
897 2371 966 2430 ὡς
1011 2366 1071 2427 ἦν
1121 2369 1261 2440 αύτῷ
1311 2373 1524 2431 σκοπός.
1563 2373 1762 2442 Ξηραί-

223 2470 279 2504 νει
302 2447 352 2504 (ἢ
399 2457 449 2504 τὸ
491 2456 748 2530 ὑγρότερον
780 2466 881 2510 τῶν
930 2457 1093 2510 ἄλλων
1124 2467 1312 2531 φυτῶν,
1346 2460 1430 2511 ἱνα
1468 2463 1557 2510 καὶ
1585 2459 1763 2531 μεῖζον

210 2543 254 2592 τό
296 2543 443 2615 θαῦμα
486 2550 718 2616 γένηται.
801 2552 886 2606 Μὴ
963 2553 1133 2601 τοίνυν
1187 2547 1549 2621 ἀκριϐολογοῦ,
1614 2547 1762 2602 διατί

201 2637 494 2705 τετιμώρηται
539 2639 599 2688 τὸ
650 2640 827 2708 φυτόν,
881 2636 1108 2690 ἀναίτιον
1167 2642 1239 2704 ὅν,
1291 2637 1418 2690 ἀλλὰ
1475 2642 1628 2711 μόνον
1667 2640 1764 2712 ὅρα

195 2723 239 2771 τὸ
271 2723 438 2796 θαῦμα,
488 2729 579 2778 καὶ
640 2727 879 2798 θαύμαζε
935 2731 1021 2780 τὸν
1075 2730 1488 2803 θαυματουργόν’
1529 2735 1761 2801 Τετιμώ-

192 2829 322 2882 ρηται
365 2816 453 2888 γὰρ
534 2815 680 2886 (51),
761 2815 865 2888 ούχ
951 2819 1021 2879 ὡς
1107 2817 1439 2892 ἁμαρτῆσαν,
1494 2816 1601 2870 ἀλλ’
1680 2820 1762 2871 ἵνα

191 2902 391 2970 μάθωσιν
416 2907 460 2956 οἰ
489 2904 920 2971 ἀκολουθοῦντες,
965 2908 1046 2959 ὃτι
1075 2911 1165 2960 καὶ
1211 2907 1446 2971 κολάζειν
1471 2909 1498 2960 6
1524 2911 1758 2980 Χριστὸς

193 2985 394 3044 δύναται.

245 3227 383 3293 [Σνκῆ
415 3227 550 3298 (52),
586 3225 798 3299 φύλλοις
822 3234 1042 3299 κομῶσα
1073 3231 1270 3299 μόνοις,
1302 3229 1332 3286 ἠ
1376 3235 1474 3279 τῶν
1499 3224 1760 3280 Ἰουδοίων
1797 3207 1839 3266 C

189 3318 443 3386 Συναγωγή,
525 3319 738 3389 καρπὸν
813 3318 904 3388 μεν
964 3313 1305 3378 δικαιοσύνης
1388 3317 1482 3369 ούκ
1537 3319 1758 3390 ἔχουσα,

181 3408 310 3473 μόνην
389 3402 446 3460 δὲ
493 3411 597 3466 τὴν
682 3413 784 3459 τῶν
831 3405 1226 3478 πεπλανημένων
1284 3407 1422 3465 ἠθῶν
1489 3402 1761 3477 ἐπίδειξιν,

181 3493 228 3551 ὡς
265 3494 428 3565 φύλλα,
486 3493 914 3570 προϐαλλομένη.
955 3495 1020 3548 Ἦ
1073 3501 1164 3547 καὶ
1193 3494 1375 3559 ἄλλως,
1429 3497 1459 3554 ἠ
1507 3496 1554 3547 ἐν
1589 3502 1764 3556 σκιαῖς

177 3585 257 3632 ’καὶ
298 3587 468 3648 τύποις
522 3592 856 3654 σωματικοῖς
906 3592 998 3638 τοῦ
1063 3589 1220 3658 νόμον
1277 3585 1503 3660 λατρεία,
1558 3589 1644 3638 καὶ
1698 3588 1764 3638 τὰ

185 3666 402 3725 Ιονδαὶκὰ
434 3675 926 3748 παρατηρήματα.]

233 3765 317 3814 Καὶ
365 3795 434 3804 -——
488 3772 637 3821 σύκῆ
676 3779 691 3831 ;

180 3846 397 3925 ἐπαύριον.
466 3859 637 3926 Λέγει
714 3855 816 3926 γὰρ
885 3855 910 3904 ό
965 3855 1196 3928 Μάρκος,
1259 3854 1339 3907 ὅτι
1394 3858 1493 3906 Καὶ
1537 3857 1618 3907 ὅτε
1666 3853 1760 3926 ὀψε

179 3933 348 4008 ἐγένετο,
403 3943 743 4018 ἐξεπορεύετο
821 3942 916 4005 ἔξω
999 3951 1092 4005 τῆς
1169 3943 1381 4006 πόλεως’
1446 3949 1542 3998 Καὶ
1623 3946 1760 4017 πρωΐ

176 4038 651 4106 παραπορευόμενοι,
770 4028 907 4084 εἶδον
1014 4037 1108 4090 τὴν
1220 4042 1384 4093 συκῆν
1464 4034 1756 4106 ἐξηραμμέ-

175 4134 252 4184 μην
303 4119 354 4174 ἐκ
428 4123 626 4196 ῥιζῶν.
714 4125 815 4174 Καὶ
881 4120 1231 4193 ἀναμνησθεὶς
1291 4123 1316 4174 6
1377 4127 1570 4195 Πέτρος
1624 4123 1758 4194 λέγει

176 4207 300 4279 αύτῷ*
354 4212 554 4280 Ῥαϐϐὶ,
649 4212 676 4264 ὃ
761 4210 902 4278 ἐστι,
967 4207 1280 4280 διδάσκαλε,
1365 4208 1448 4266 ἱδε
1504 4213 1534 4270 ἡ
1597 4220 1755 4282 συκῆ,

175 4297 220 4352 ἢν
260 4305 560 4376 κατηράσω,
671 4299 968 4376 ἐξήρανται.
1064 4300 1441 4372 ’Λναμνησθεὶς
1488 4303 1590 4374 γὰρ
1666 4309 1758 4362 τῆς

174 4391 381 4460 κατάρας,
413 4389 621 4454 ἔδειξεν
652 4389 794 4460 αύτῷ
821 4395 915 4448 τὴν
949 4396 1135 4448 συκῆν.

233 4473 536 4553 Ἀποκριθεὶς
655 4509 722 4520 -
831 4484 1126 4550 γενήσεται.
1241 4480 1318 4533 Τὰ
1416 4479 1758 4554 παραπλήσια

174 4567 334 4629 τούτοις
399 4573 510 4624 εἷπε
581 4574 681 4621 καὶ
745 4567 792 4619 ἐν
850 4577 922 4619 τῶ
970 4575 1266 4640 τριακοστῷ
1319 4570 1536 4640 πέμπτῳ
1600 4588 1755 4640 κεφα-
1786 4553 1832 4614 Ῑ)

173 4648 289 4726 λαίῳ,
333 4665 418 4713 καὶ
458 4661 712 4722 ζήτησον
763 4655 866 4710 ἒκεῑ
921 4661 1016 4716 τὴν
1067 4655 1334 4728 ἐξήγησιν,
1378 4653 1452 4709 δι’
1488 4658 1548 4720 ἧς
1577 4662 1757 4728 γνοίης

175 4742 220 4791 ἄν
264 4753 342 4800 καὶ
385 4758 561 4803 ταῦτα
633 4755 832 4819 σαφῶς.
883 4748 1094 4819 Μάρκος
1154 4743 1214 4800 δέ
1265 4765 1443 4818 φησιν,
1501 4746 1758 4820 εἰρηκέναι

174 4834 238 4882 τόν
271 4835 489 4905 Ἰησοῦν,
549 4840 637 4891 ὅτι
690 4836 786 4898 Ὃς
839 4838 900 4888 ἄν
953 4839 1068 4909 εἴπῃ
1129 4843 1201 4905 τῷ
1264 4839 1369 4909 ὄρει
1397 4836 1584 4907 τούτῳ.
1633 4841 1759 4908 Ἃρ-

173 4920 284 4993 θητι,
365 4933 457 4982 καὶ
549 4926 784 4999 βλήθητι
878 4925 945 4986 εἰς
1021 4930 1114 4983 τὴν
1195 4923 1482 4978 θάλασσαν·
1543 4929 1632 4976 καὶ
1683 4929 1754 4998 μή

170 5004 384 5089 διακριθῇ
473 5016 526 5070 ἐν
613 5022 681 5088 τῇ
760 5011 960 5088 καρδίᾳ
1037 5013 1219 5078 αὐτοῦ,
1299 5011 1428 5065 ἀλλὰ
1496 5016 1756 5086 πιστεύσῃ

167 5099 231 5154 ὅτε
296 5107 329 5156 ά
361 5107 501 5178 λέγει
605 5107 832 5176 γίνεται,
907 5102 1058 5158 ἃσται
1127 5103 1272 5172 αὐτῷ
1358 5101 1386 5160 ὃ
1467 5101 1554 5165 ἰὰν
1616 5105 1754 5176 εἴπῃ·

754 3759 993 3831 Ἰδόντες,
1079 3763 1174 3816 ούκ
1227 3763 1436 3818 αὐτίκα.
1511 3762 1643 3819 ἀλλὰ
1696 3772 1755 3837 τῇ

222 5281 264 5316 ³⁸
292 5285 460 5340 Marc.
490 5298 578 5349 x1,
620 5281 732 5340 l2.‘
762 5281 832 5352 _“
860 5278 1019 5338 ibid.
1057 5281 1145 5336 l3.
1222 5281 1270 5315 "
1299 5280 1474 5335 Marc.
1502 5295 1580 5344 xi,
1613 5278 1798 5335 49-23.

1875 595 1939 652 in
1959 595 2073 652 illis
2085 597 2422 664 remitteret,
2435 600 2821 652 etaccensum
2835 593 3072 650 invidiae
3085 608 3295 650 eorum
3322 591 3527 666 ignem

1875 685 2288 756 exstingueret.

2142 843 2298 901 CAP.
2331 844 2540 901 XLVII.
2568 844 2651 902 De
2677 843 2798 914 ﬁcu
2825 858 2954 916 quae
2988 840 3248 900 exaruit.

1946 1007 2100 1061 Vers.
2135 1004 2218 1071 18,
2249 1004 2421 1060 Mane
2446 1036 2513 1046 —
2535 1006 2690 1060 Vers.
2723 1004 2810 1060 19.
2831 1002 2991 1073 ﬁcus.
3009 1003 3164 1069 Quia
3187 1002 3528 1076 frequenter

1872 1094 2392 1151 demonstraverat
2447 1094 2772 1167 potentiam
2830 1108 3020 1158 suam,
3077 1107 3203 1165 qua
3241 1092 3532 1150 beneficia

1874 1185 2221 1256 pra-stabat,
2259 1198 2530 1240 severam
2561 1189 2760 1240 autem
2811 1189 2868 1238 et
2912 1181 3152 1239 ultionis
3180 1180 3529 1240 inﬂictivam

1874 1288 1948 1329 ne
1981 1273 2162 1330 semel
2216 1273 2483 1346 quidem,
2525 1274 2655 1345 jam
2708 1273 2888 1330 etiam
2945 1272 3354 1329 demonstrare
3394 1287 3530 1328 eam

1873 1363 2142 1433 intendit,
2177 1369 2240 1420 ut
2267 1363 2363 1419 hic
2379 1378 2619 1436 quoque
2647 1361 2925 1434 discipuli
2949 1361 3340 1429 confiderent,
3361 1361 3531 1435 quod

1872 1457 2088 1524 potens
2113 1457 2270 1509 esset
2299 1451 2499 1508 ulcisci
2546 1451 2898 1512 insidiantes
2942 1450 3199 1516 Iudaeos,
3248 1451 3531 1522 quodque

1873 1556 2000 1596 non
2023 1546 2325 1614 pateretur
2349 1556 2473 1598 non
2503 1540 2727 1598 volens.
2787 1540 2951 1596 Hanc
2979 1543 3177 1596 autem
3231 1539 3294 1595 in
3340 1539 3532 1596 homi-

1872 1644 2011 1685 nem
2053 1645 2175 1685 non
2201 1634 2451 1693 exercet,
2477 1632 2677 1701 utpote
2707 1627 3024 1685 hominum
3054 1630 3306 1692 amator,
3336 1627 3440 1682 sed
3464 1627 3527 1683 in

1873 1717 2162 1790 plantam.
2198 1717 2336 1774 Ideo
2381 1732 2443 1774 se
2468 1717 2638 1774 ﬁnxit
2663 1716 2910 1784 esurire,
2939 1719 2997 1772 et
3024 1715 3182 1771 venit
3208 1715 3288 1771 ad
3317 1715 3522 1786 ﬁcum,

1875 1807 1924 1862 si
1950 1806 2097 1863 forte
2122 1807 2182 1862 in
2213 1823 2286 1863 ea
2321 1805 2632 1878 quidpiam
2677 1805 2992 1873 inveniret,
3025 1805 3177 1860 sicut
3205 1802 3356 1860 dixit
3381 1805 3525 1861 Mar-

1873 1912 1977 1952 cus
2004 1897 2078 1952 ⁸ο.
2128 1895 2302 1969 Atqui
2342 1895 2568 1952 sciebat
2619 1910 2683 1954 se
2710 1893 2863 1952 nihil
2891 1895 2952 1950 in
3001 1908 3074 1950 ea
3109 1892 3517 1951 inventurum.

1872 1988 2021 2042 Nam
2044 1990 2100 2042 et
2129 1985 2245 2042 hoc
2270 1984 2417 2042 dixit
2471 1987 2718 2051 Marcus,
2752 1983 2985 2046 addens
3017 1982 3185 2055 quod
3231 1997 3356 2040 non
3403 1986 3532 2042 erat

1874 2079 2106 2147 tempus
2128 2075 2353 2130 ﬁcuum
2388 2074 2457 2128 ⁸¹.
2490 2072 2921 2144 Dispensatorie
2957 2077 3149 2130 autem
3197 2072 3326 2128 huic
3364 2072 3530 2129 efﬁn-

1871 2164 1975 2229 xit,
2010 2168 2074 2220 ut
2117 2167 2257 2236 apta
2306 2163 2618 2220 occasione
2667 2162 2746 2219 ad
2803 2161 3073 2220 miraculi
3117 2162 3530 2233 operationem

1873 2252 2222 2321 descendat,
2256 2252 2501 2324 soloque
2531 2251 2716 2310 verbo
2744 2251 2930 2308 ﬁcum
2957 2265 3222 2308 arescere
3251 2249 3454 2315 faciat,
3472 2254 3532 2312 et

1872 2358 2047 2398 suam
2076 2342 2413 2414 punitivam
2461 2341 2742 2399 ostendat
2805 2341 3155 2413 potentiam,
3205 2341 3357 2398 sicut
3397 2341 3530 2413 ejus

1872 2431 2162 2488 intentum
2191 2437 2336 2488 erat.
2366 2430 2620 2490 Arefacit
2655 2445 2891 2503 quoque
2918 2429 3206 2502 plantam,
3243 2446 3375 2502 qua:
3405 2446 3530 2504 prae

1872 2521 2094 2576 caeteris
2126 2521 2405 2591 majorem
2444 2519 2625 2578 habet
2687 2520 3028 2586 humorem,
3076 2523 3140 2576 ut
3196 2520 3396 2591 majus
3423 2520 3530 2578 ﬁat

1871 2609 2246 2667 miraculum.
2278 2613 2356 2666 Ne
2372 2625 2516 2680 ergo
2537 2608 2826 2682 inquiras,
2842 2623 2947 2665 cur
2969 2609 3182 2680 punita
3201 2608 3276 2664 sit
3297 2608 3528 2682 planta,

1872 2714 2008 2771 quae
2037 2699 2184 2754 nihil
2213 2698 2565 2764 offenderat,
2603 2699 2706 2756 sed
2768 2697 2964 2754 solum
2989 2697 3222 2756 intuere
3269 2699 3531 2756 miracu-

1870 2787 2018 2854 lum,
2051 2803 2312 2862 eumque
2342 2788 2641 2845 admirare
2685 2787 2791 2861 qui
2842 2791 3123 2860 operatus
3173 2791 3284 2844 est.
3319 2788 3529 2848 Punite

1871 2878 2053 2944 enim,
2135 2893 2259 2934 non
2337 2877 2504 2950 quod
2558 2877 2907 2951 peccaverit,
2969 2875 3074 2931 sed
3132 2881 3195 2934 ut
3236 2877 3532 2935 discerent

1872 2966 1970 3038 qui
2001 2965 2428 3040 sequebantur,
2475 2966 2645 3040 quod
2689 2965 2870 3023 etiam
2935 2964 3226 3026 ultionem
3291 2983 3528 3028 sumere

1870 3060 2074 3126 posset
2110 3055 2392 3112 Christus.

1941 3145 1983 3213 τι·
2005 3145 2174 3200 Ficus
2204 3144 2349 3200 solis
2372 3148 2582 3201 ornata
2603 3143 2780 3210 foliis,
2808 3144 3157 3202 Judeeorum
3183 3149 3310 3202 erat
3330 3148 3527 3217 Syna-

1873 3246 2050 3304 goga,
2080 3231 2343 3288 fructum
2372 3247 2495 3289 non
2519 3232 2752 3289 habens
2773 3233 3038 3303 justitiae,
3074 3233 3180 3287 sed
3213 3238 3529 3290 consuetu-

1872 3320 2086 3376 dinum
2131 3320 2462 3377 effictarum
2514 3321 2993 3386 ostentationem,
3038 3325 3330 3392 tanquam
3385 3320 3528 3378 folia

1872 3409 2226 3480 producens.
2259 3408 2355 3464 vel
2383 3408 2564 3465 etiam
2607 3407 2774 3465 aliter
2799 3423 2812 3464 :
2839 3409 3042 3466 Cultus
3067 3408 3304 3465 divinus
3330 3409 3435 3480 qui
3464 3410 3525 3466 in

1873 3497 2102 3553 umbris
2127 3501 2184 3554 et
2229 3496 2443 3568 ﬁguris
2469 3495 2881 3569 corporalibus
2937 3501 3082 3563 erat,
3141 3512 3212 3554 ac
3259 3496 3527 3554 Judaicaa

1873 3587 2340 3651 observationes,
2368 3590 2622 3659 possunt
2648 3585 2765 3642 dici
2794 3586 2943 3642 ﬁcus
2973 3585 3096 3642 illa.

1941 3696 2110 3750 Vers.
2160 3694 2250 3749 20.
2280 3694 2359 3749 Et
2392 3721 2459 3732 —
2486 3695 2636 3762 ﬁcus
2665 3692 2695 3747 τ
2750 3693 3028 3749 Videntes
3062 3709 3076 3748 :
3137 3708 3259 3749 non
3299 3693 3522 3760 statim,

1871 3783 1976 3840 sed
2023 3783 2118 3840 die
2168 3783 2468 3856 sequenti.
2547 3783 2639 3839 Ait
2689 3783 2851 3838 enim
2907 3785 3134 3838 Marcus
3191 3799 3205 3838 :
3263 3782 3346 3837 Et
3398 3797 3528 3838 cum

1865 3875 1992 3942 iam
2002 3873 2167 3942 facta
2178 3879 2322 3930 esset
2340 3887 2604 3942 vespera,
2632 3871 3032 3943 egrediebatur
3041 3878 3216 3928 extra
3229 3871 3524 3928 civitatem

1868 3963 1946 4017 Et
1973 3977 2150 4018 mane
2193 3966 2638 4032 praetereuntes,
2697 3960 2972 4016 viderunt
2999 3963 3178 4028 ﬁcum
3227 3959 3526 4017 exaruisse

1867 4051 2170 4109 radicitus.
2227 4052 2709 4120 Recordatusque
2756 4051 2968 4104 Petrus
3015 4051 3098 4104 ait
3129 4049 3267 4104 illi:
3310 4050 3522 4112 Rabbi,

1867 4155 1998 4196 ecce
2019 4141 2157 4210 ﬁcus
2183 4154 2357 4211 quam
2389 4144 2716 4194 exsecratus
2760 4151 2838 4202 es,
2875 4137 3104 4191 exaruit
3133 4137 3200 4188 ⁸³.
3235 4136 3524 4191 Recorda-

1867 4233 1960 4284 tus
1987 4229 2146 4283 enim
2177 4225 2601 4282 exsecrationis
2628 4223 2884 4278 ostendit
2915 4225 2966 4278 ei
2992 4224 3196 4278 ﬁcum.

1937 4478 2094 4534 Vers.
2127 4477 2216 4530 21.
2246 4472 2610 4544 Respondens
2636 4502 2703 4512 —
2727 4473 2847 4541 ﬁet.
2883 4467 3108 4524 Similia
3144 4483 3382 4541 quoque
3420 4470 3518 4527 his

1865 4565 2012 4621 dixit
2054 4563 2347 4621 tricesimo
2403 4561 2610 4634 quinto
2657 4559 2866 4633 capite.
2923 4556 3130 4626 Qumre
3185 4556 3384 4630 itaque
3435 4558 3518 4616 ibi

1867 4655 2320 4718 enarrationem,
2358 4667 2462 4724 per
2491 4666 2673 4723 quam
2725 4648 2872 4708 scire
2923 4651 2980 4704 et
3017 4647 3147 4704 haec
3203 4648 3520 4706 manifeste

1867 4745 2107 4818 poteris.
2139 4745 2369 4802 Marcus
2408 4756 2550 4799 vero
2598 4741 2800 4798 Jesum
2845 4737 3062 4796 dixisse
3127 4737 3303 4796 refert
3334 4755 3348 4792 :
3384 4739 3522 4809 Qui-

1869 4849 2094 4905 cunque
2142 4832 2364 4890 dixerit
2409 4831 2601 4888 monti
2672 4827 2826 4892 huic,
2892 4827 3122 4883 Tollere
3177 4833 3235 4886 et
3289 4830 3521 4900 projice

1871 4929 1925 4980 te
1943 4923 2003 4980 in
2027 4937 2208 4989 mare,
2221 4929 2274 4978 et
2298 4937 2419 4980 non
2444 4917 2806 4980 dubitaverit
2827 4916 2887 4972 in
2905 4917 3077 4974 corde
3099 4932 3202 4974 suo
3217 4918 3319 4975 sed
3335 4921 3526 4980 credi-

1869 5013 2025 5074 derit
2050 5011 2208 5086 quod
2227 5027 2353 5083 qua
2387 5009 2531 5068 dicit
2555 5009 2690 5082 ﬂent
2722 5005 2837 5066 erit
2868 5005 2968 5062 illi
2986 5005 3246 5078 quidquit
3275 5009 3523 5072 dixerit.

1871 5105 2035 5170 Mons
2057 5087 2259 5168 autem
2277 5100 2457 5160 etiam
2477 5097 2754 5160 diabolus
2773 5095 3118 5167 intelligitur
3144 5102 3389 5173 propter
3407 5102 3528 5162 ela-

1382 5419 1610 5488 Variae
1634 5417 1966 5486 lectiones
1992 5427 2060 5485 et
2088 5429 2290 5486 notae.

209 5589 702 5682 ,(159)V1deinfra
752 5589 1036 5662 adjloan,
1071 5605 1150 5655 tv,
1206 5597 1258 5656 7,
1306 5590 1384 5646 ad
1413 5591 1526 5647 ista
1574 5589 1708 5662 λέγει

170 5679 282 5733 αυτῃ
293 5707 305 5719 ,

227 5734 333 5807 (50)
360 5742 620 5810 Ξηραίνῃ,
663 5739 724 5792 Β.

1898 5589 2016 5733 (Μζ
2035 5590 2138 5664 Γάρ
2163 5587 2321 5646 abest
2349 5589 2417 5644 A.

1901 5661 1992 5732 (52
2057 5660 2294 5718 Inclusa
2315 5659 2417 5717 exl

1901 5659 2016 5733 (52)
2057 5659 2294 5718 Inclusa
2315 5659 2557 5718 exhibet
2585 5663 2835 5735 uterque
2855 5664 3046 5722 codex
3065 5665 3130 5724 in
3158 5672 3453 5742 margine.
