4198 6446
679 361 789 417 559

2007 336 2356 400 EUTHYMII
2395 337 2720 397 ZIGABENI
3930 340 4020 395 560

679 486 903 542 tionem
938 504 952 553 ;
985 497 1150 539 mare
1173 497 1312 538 vero
1343 479 1637 552 absyssus
1661 479 1718 533 et
1741 475 1925 532 chaos
1955 472 2080 527 sive
2110 481 2297 536 vorag«

2400 470 2714 541 ιΔιάκρισιν
2769 473 2870 542 γὰρ
2922 468 3201 541 ἀμφότεροι
3266 472 3354 520 τὸν
3435 464 3732 538 δισταγμὸν
3783 466 4018 538 ὀνομάζον

677 574 910 632 infami.

743 772 911 828 Vers.
943 774 1031 826 22.
1065 770 1140 825 Et
1171 799 1237 808 —
1267 764 1589 835 accipietis.
1639 765 1863 818 Marcus
1887 767 2087 815 autem
2126 756 2274 811 dixit
2307 769 2321 810 :

671 861 749 916 Et
760 873 1117 933 quacunque
1134 865 1361 913 orantes
1379 854 1577 924 petitis
1597 851 1814 909 credite
1829 849 1989 921 quod
2006 848 2320 915 accipietis,

669 957 723 1008 et
769 955 944 1007 erunt
990 948 1151 1005 vobis
1181 947 1249 1001 ⁸⁸.
1305 943 1519 1000 Omnia
1561 946 1757 998 autem
1807 955 1922 995 non
1979 937 2324 1008 simpliciter

668 1037 962 1109 intelligit,
987 1035 1094 1093 sed
1121 1051 1259 1108 qua:
1283 1033 1468 1104 digna
1491 1036 1651 1088 sunt.

739 1143 890 1198 CAP.
915 1142 1136 1198 XLVIII.
1165 1141 1248 1196 De
1265 1137 1640 1209 principibus
1664 1135 2037 1192 sacerdotum
2055 1139 2109 1189 et
2133 1135 2319 1188 senio-

951 1231 1114 1287 ribus
1165 1229 1474 1285 Dominum
1510 1223 2031 1295 interrogantibus.

739 1340 896 1395 Vers.
951 1341 1040 1393 23.
1099 1337 1362 1406 Cumque
1413 1335 1533 1405 ipse
1577 1333 1792 1388 veniset
1823 1361 1888 1368 —
1919 1331 2064 1385 hanc
2091 1331 2120 1385 τ
2168 1329 2319 1395 Quia

667 1424 952 1482 miracula
1003 1439 1247 1496 carpere
1283 1437 1404 1478 non
1433 1426 1728 1494 poterant,
1759 1418 1834 1473 de
1864 1417 2148 1488 ejectione
2175 1433 2317 1472 con-

663 1518 994 1587 querantur
1044 1528 1254 1569 eorum
1297 1511 1396 1582 qui
1443 1510 1504 1565 in
1533 1507 1757 1580 templo
1783 1505 2066 1562 emebant
2089 1522 2158 1561 ac
2180 1522 2316 1560 ven-

660 1602 904 1667 debant,
928 1600 1226 1657 dicentes:
1251 1599 1321 1654 In
1343 1612 1462 1670 qua
1483 1601 1766 1668 potestate
1779 1595 1900 1651 hac
1922 1595 2098 1664 facis,
2120 1595 2314 1666 prohi-

658 1691 808 1747 bens
829 1707 966 1764 quae
983 1705 1096 1746 nos
1127 1703 1250 1744 non
1278 1687 1673 1759 prohibemus
1701 1686 1730 1722 ν
1759 1690 1824 1744 Et
1861 1688 1996 1758 quis
2028 1687 2126 1744 tibi
2148 1687 2313 1743 dedit

2441 576 2543 609 σιν.
2577 558 2728 631 Ὀρος
2779 556 2836 610 3's
2887 566 3098 622 νοεῖται,
3150 561 3239 609 και
3269 561 3295 609 ο
3341 555 3601 622 διάϐολος,
3642 553 3737 608 διά
3766 560 3860 614 τήν
3891 558 4020 630 ἔπαρ-

2441 666 2543 698 σιν.
2574 647 2815 699 θάλασσα
2844 644 2921 710 δὲ,
2952 649 2980 704 ἡ
3017 646 3248 708 ἀϐυσσος
3281 649 3453 698 καὶτὸ
3484 649 3640 716 χάος.

2511 742 2610 790 Καὶ
2670 769 2737 776 -
2776 729 3143 806 λήψεσθε.”0
3211 733 3269 788 δὲ
3327 737 3539 809 Μάρκος
3594 732 3750 794 εἶπεν,
3809 735 3888 785 ὅτι
3933 739 4015 786 Kal

2434 828 2602 877 πάντα
2649 827 2750 878 ὅσα
2842 824 2902 876 ἀν
2987 829 3402 898 προσευχόμενοι
3468 823 3581 893 (53)
3645 823 3886 884 αἰτῆσθε,
3939 841 4011 872 πι-

2435 917 2654 978 στεύετε,
2688 917 2769 966 ὅτι
2793 912 3093 986 λαμϐανετε,
3131 919 3220 964 καὶ
3264 916 3412 964 ἔσται
3447 913 3581 984 ύρῐν·
3623 914 3793 963 πάντα
3823 907 3882 963 δε
3904 914 4009 974 νόει,

2429 1009 2500 1074 μὴ
2535 1002 2726 1073 ἁπλῶς,
2761 1002 2888 1055 ἀ)λά
2915 1006 2982 1055 τά
3018 1003 3162 1065 ἀξια.

2431 1152 2576 1200 ΚΕΦ.
2634 1145 2767 1200 MH'.
2831 1150 2954 1220 Περὶ
3031 1154 3130 1196 τῶν
3194 1143 3628 1218 ἐπερωτησάντων
3693 1145 3780 1195 τὸν
3841 1144 4007 1214 Κύριον

2810 1235 3094 1310 ἀρχιερέων
3132 1240 3222 1286 καὶ
3251 1231 3634 1307 πρεσϐυτέρων.

2501 1366 2600 1415 Καὶ
2648 1360 2844 1414 ελθοντι
2898 1360 3040 1431 αύτῷ
3078 1390 3148 1401 -
3216 1363 3410 1416 ταύτην
3464 1375 3478 1424 ;
3538 1359 3676 1411 Ἐπεί
3724 1365 3838 1418 τοῖς
3895 1357 4005 1410 θαύ-

2424 1471 2584 1522 μασιν
2639 1451 2733 1502 ούκ
2785 1447 3044 1506 ἠδύναντο
3100 1448 3434 1522 μέμψασθαι,
3505 1452 3622 1522 περὶ
3672 1455 3766 1508 τῆς
3815 1445 4003 1506 ἐκϐολῆς

2424 1539 2701 1611 ἐγκαλοῦσι
2752 1548 2853 1592 τῶν
2909 1537 3211 1591 πωλούντων
3291 1542 3381 1589 καὶ
3443 1535 3803 1609 ἀγοραζόντων
3850 1535 3896 1588 is
3939 1543 4000 1606 τῷ

2425 1632 2563 1701 ίερῶ.
2624 1629 2868 1699 λέγοντεςι
2930 1630 3010 1681 Ἐν
3095 1632 3221 1699 ποία
3304 1625 3518 1698 ἐξουσίᾳ
3594 1633 3766 1677 ταῦτα
3811 1632 3993 1690 poetic;

2420 1717 2650 1784 κωλύων,
2726 1718 2854 1789 άπερ
2908 1719 3051 1788 ἡμεῖς
3098 1716 3192 1768 οῦκ
3240 1715 3587 1785 ἐκωλύσαμεν.
3651 1719 3752 1767 Καὶ
3803 1720 3872 1776 τίς
3921 1731 3991 1765 σοι

657 1784 1009 1853 potestatem
1023 1779 1200 1842 hanc,
1226 1777 1320 1832 cui
1332 1775 1532 1832 nullus
1549 1775 1749 1848 templi
1768 1776 2133 1849 principatus
2150 1792 2297 1832 com-

2420 1803 2581 1859 ἔδωκε
2627 1812 2722 1864 τὴν
2775 1805 3012 1868 ἐξουσίαν
3067 1808 3262 1862 ταύτην
3317 1811 3410 1856 τοῦ
3463 1803 3712 1870 ἐξωθεῖν;
3750 1799 3982 1875 μηδεμίαν

657 1869 874 1924 missus
913 1865 1254 1939 est‘tAtqui
1307 1866 1537 1922 bonum
1568 1881 1725 1938 opus
1784 1865 1976 1922 fuerat
2025 1872 2306 1936 operatus

654 1961 976 2029 repurgato
1032 1955 1300 2027 templo:
1343 1969 1551 2010 verum
1611 1954 1839 2011 invidia
1910 1954 2090 2012 etiam
2143 1955 2305 2011 bona

657 2044 1011 2102 calumniari
1042 2044 1216 2100 solet.

729 2135 887 2190 Vers.
921 2132 1008 2188 24.
1057 2133 1426 2203 Respmdeus
1465 2163 1534 2172 —
1560 2132 1726 2188 Vers.
1775 2137 1863 2188 25.
1916 2132 2249 2189 hominibus
2274 2133 2303 2188 ?

653 2223 708 2279 E
734 2223 902 2286 ctelo,
925 2221 1039 2279 hoc
1069 2226 1176 2287 est,
1204 2220 1447 2278 leitus
1473 2237 1510 2276 a
1550 2223 1690 2276 Deo.
1721 2221 1821 2277 Ea:
1851 2220 2200 2286 hominibus,
2241 2222 2302 2277 id

652 2317 758 2379 est,
787 2311 872 2369 Ab
908 2309 1224 2370 hominum
1255 2315 1574 2384 praecepto.
1607 2310 1750 2366 Vide
1771 2316 1969 2366 autem
1991 2311 2301 2382 quomodo

650 2416 771 2457 non
799 2401 997 2458 statim
1023 2400 1328 2472 respondit
1349 2401 1455 2469 eis,
1478 2414 1552 2454 ne
1594 2398 1861 2470 seipsum
1917 2398 2301 2469 magniﬁcare

653 2489 964 2556 videretur,
989 2495 1046 2545 et
1075 2505 1149 2544 ne
1175 2489 1374 2560 ipsum
1406 2491 1729 2559 carperent,
1757 2486 1930 2557 quasi
1962 2487 2060 2543 Dei
2095 2489 2300 2544 adver-

649 2579 896 2636 sarium.
923 2578 1070 2645 Quia
1086 2583 1288 2633 autem
1312 2576 1572 2648 Baptista
1592 2574 1782 2631 multa
1811 2576 1885 2630 de
1915 2577 2040 2648 ejus
2072 2579 2298 2648 magni-

650 2668 856 2724 tudine
884 2671 1127 2723 testatus
1167 2664 1378 2728 fuerat,
1434 2663 1572 2718 inde
1600 2677 1702 2718 eos
1725 2679 1758 2718 e
1787 2663 2024 2721 diverso
2054 2665 2297 2722 interro-

649 2760 771 2827 gat,
795 2753 934 2810 etin
963 2753 1414 2826 perplexitatem
1445 2768 1547 2808 eos
1577 2753 1898 2820 concludit,
1922 2753 2002 2811 ita
2027 2760 2091 2810 ut
2119 2755 2294 2810 etiam

648 2843 766 2916 ipsi
792 2846 1184 2912 agnoscentes
1205 2840 1428 2896 turbati
1452 2841 1586 2897 sint.

721 2933 884 2988 Vers.
923 2932 1005 2986 25.
1033 2932 1113 2986 At
1131 2931 1224 2987 illi
1244 2961 1307 2971 —
1332 2930 1656 2987 credidistis
1675 2933 1730 2987 ei
1752 2932 1780 2987 ‘t
1811 2931 1942 2987 Haec
1964 2932 2299 3006 estperple-

647 3020 825 3078 xitas.
881 3019 1132 3076 Dixisset
1178 3019 1338 3076 enim
1365 3020 1449 3076 eis
1477 3038 1490 3072 :
1525 3021 1709 3087 Quare
1733 3037 1842 3076 non
1873 3021 2197 3077 credidistis
2218 3024 2293 3092 ei,

647 3126 788 3166 cum
820 3109 1008 3166 multa
1049 3115 1105 3166 et
1154 3124 1380 3179 magna
1425 3109 1500 3165 de
1532 3125 1627 3166 me
1651 3109 1926 3166 diceret?
1947 3112 2098 3166 Nam
2128 3110 2178 3165 si
2206 3111 2301 3167 his

645 3215 782 3272 quas
813 3197 1052 3255 dicebat
1078 3197 1510 3260 credidissetis.
1542 3200 1971 3269 cognovissetis
2000 3201 2204 3272 utique
2237 3199 2296 3255 in

642 3303 767 3361 qua
812 3291 1099 3362 potestate
1141 3287 1270 3344 haec
1327 3286 1565 3345 faciam.
1619 3290 1786 3344 Nunc
1816 3287 2017 3360 itaque
2046 3289 2298 3345 convin-

642 3376 868 3442 cimini,
911 3375 1078 3450 quod
1108 3376 1328 3434 frustra
1352 3377 1646 3433 Joannem
1681 3376 2009 3434 habueritis
2039 3377 2297 3450 prophe-

642 3469 785 3532 tam,
811 3482 951 3522 cum
981 3464 1063 3521 illi
1092 3480 1214 3522 non
1240 3464 1628 3521 credideritis.

711 3555 874 3611 Vers.
923 3557 1012 3608 26.
1053 3553 1113 3609 Si
1155 3560 1348 3610 autem
1396 3582 1466 3594 —
1510 3553 1874 3623 prophetam.
1919 3556 1962 3610 Ο
2011 3553 2294 3611 miseram

638 3641 989 3700 hominibus
1039 3641 1310 3713 placendi
1339 3640 1727 3711 cupiditatem
1759 3640 1771 3695 l
1798 3642 1987 3697 Deum
2031 3648 2295 3700 contem-

639 3734 810 3795 nunt,
832 3728 1112 3785 homines
1139 3743 1278 3784 vero
1323 3727 1551 3793 timent,
1591 3732 1650 3783 et
1687 3729 1765 3785 ad
1795 3745 1998 3787 eorum
2035 3733 2292 3804 gratiam

638 3815 842 3872 omnia
865 3821 1198 3888 operantur.

709 3904 872 3960 Vers.
903 3908 992 3959 27.
1039 3904 1118 3960 Et
1155 3904 1562 3975 respondentes
1583 3937 1651 3946 —-
1673 3906 1916 3976 faciam.
1971 3910 2291 3983 Oportebat

636 3991 880 4064 quidem
935 4007 1038 4050 eos
1083 3992 1298 4058 dicere,
1352 3995 1516 4066 quod
1594 3995 1893 4068 baptisma
1950 4000 2198 4057 Joannis
2253 4018 2289 4058 a

637 4081 760 4139 Deo
779 4087 925 4152 erat,
956 4085 1013 4139 et
1047 4081 1213 4155 quod
1236 4083 1492 4138 Joannes
1517 4100 1552 4140 a
1581 4085 1698 4141 Deo
1719 4087 1940 4143 missus
1971 4094 2116 4146 erat.
2138 4091 2288 4156 Quia

635 4186 776 4228 vero
811 4171 978 4242 argui
1036 4170 1347 4237 timebant,
1407 4177 1470 4228 ut
1513 4173 1617 4246 qui
1659 4190 1779 4230 non
1838 4177 2160 4234 credidisse
2209 4180 2289 4237 illi

634 4260 744 4317 visi
796 4259 1051 4328 fuerant,
1106 4261 1418 4318 veritatem
1455 4261 1923 4322 abscondebant.
1962 4269 2054 4324 Ait
2098 4285 2282 4340 ergo:

631 4350 835 4424 Neque
859 4365 1000 4422 ergo
1021 4349 1157 4406 dico
1186 4350 1359 4407 vobis
1373 4350 1541 4423 quod
1555 4353 1702 4408 scire
1719 4356 1934 4428 cupitis
1957 4373 1972 4422 ;
2000 4373 2123 4414 non
2137 4358 2288 4417 sicut

631 4454 740 4496 vos
786 4438 1094 4495 veritatem
1137 4437 1538 4505 abscondens,
1594 4440 1700 4498 sed
1751 4445 2134 4515 responsione
2193 4447 2286 4518 ju:

631 4525 845 4582 dicans
884 4541 992 4583 vos
1048 4525 1350 4596 indignos,
1406 4527 1511 4600 qui
1563 4528 1647 4585 ita
1683 4529 1885 4586 dolose
1937 4515 2289 4593 versamini:

846 4631 1004 4687 CAP.
1049 4633 1217 4688 XLIX.
1259 4633 1340 4691 De
1367 4633 1580 4690 duobus
1603 4636 1742 4708 ﬁliis
1766 4637 2064 4705 parabole.

702 4720 864 4777 Vers.
896 4725 984 4779 28.
1018 4721 1166 4789 Quid
1189 4730 1380 4780 autem
1412 4723 1567 4780 vobis
1593 4724 1823 4781 videtur
1849 4727 1878 4782 ?
1918 4728 1996 4783 De
2017 4728 2111 4786 his
2142 4747 2278 4805 qua

628 4809 849 4867 dicam.
902 4810 1050 4868 Cum
1103 4811 1262 4868 enim
1315 4811 1511 4868 dicere
1563 4811 1890 4872 noluissent
1942 4819 2103 4878 unde
2154 4827 2280 4880 erat

626 4898 930 4973 baptisma
967 4901 1230 4968 Joannis,
1288 4917 1363 4957 ne
1406 4905 1799 4971 arguerentur
1843 4907 2009 4978 quod
2061 4909 2115 4966 ei
2155 4927 2278 4970 non

626 4988 1042 5060 credidissent,
1094 5006 1200 5063 per
1244 4989 1601 5063 parabolam
1636 5006 1738 5047 eos
1789 4997 2035 5067 aggredi
2079 5008 2272 5073 parat,

625 5082 690 5136 ut
713 5078 940 5154 seipsos
968 5079 1082 5154 ipsi
1101 5078 1509 5136 condemnent
1535 5082 1824 5154 tanquam
1841 5083 2199 5160 incredulos,
2217 5098 2276 5150 et

623 5167 762 5226 dicit
792 5186 805 5225 :

691 5346 738 5381 ⁸³
767 5345 942 5403 Marc.
983 5360 1066 5410 xu,
1111 5342 1200 5400 24.

2417 1894 2593 1967 ἀρχὴν
2645 1903 2736 1948 τοῦ
2811 1903 2936 1947 ναοῦ
3015 1894 3488 1966 ἐμπεπιστευμένῳ.
3556 1898 3658 1946 Καὶ
3848 1889 3978 1942 καλὸν

2416 1982 2677 2048 εποίησεν,
2712 1983 3038 2057 ἀνακαθάρας
3086 1987 3144 2034 τὸ
3178 1985 3328 2054 ἱερὸν
3386 1980 3496 2033 ἀλλ’
3535 1983 3565 2039 ἡ
3616 1979 3870 2054 βασκανία
3907 1982 3985 2029 καὶ

2414 2079 2519 2132 τοῖς
2548 2071 2725 2134 καλοῖς
2754 2074 2926 2124 εἴωθεν
2955 2071 3272 2143 ἐπηρεάξειν.

2484 2161 2812 2233 ’Δποκριθεὶς
2877 2193 2944 2201 -
2995 2159 3276 2232 ἀνθρώπων
3336 2175 3350 2225 ;
3433 2159 3520 2222 Ἐξ
3599 2159 3812 2232 ούρανοῦ
3889 2159 3987 2228 μὲν,

2414 2247 2526 2301 ἀντὶ
2578 2258 2689 2316 τοῦ,
2760 2248 3002 2317 Ἀνωθεν,
3059 2247 3115 2301 ἐκ
3165 2256 3258 2300 τοῦ
3312 2248 3428 2319 (54)
3483 2255 3636 2302 Θεοῦ·
3684 2248 3767 2310 Ἐξ
3815 2245 3990 2318 ἀνθρώ·

2410 2357 2518 2390 πων
2559 2335 2639 2406 δι,
2670 2336 2781 2391 ἀντὶ
2814 2346 2927 2406 τοῦ,
2984 2338 3069 2401 Ἐξ
3125 2336 3326 2398 ἐντολῆς
3383 2335 3685 2412 ἀνθρώπων.
3738 2335 3866 2409 Ὀρα
3915 2329 3987 2402 δι,

2409 2436 2520 2488 πῶς
2569 2426 2622 2490 ἐξ
2674 2426 2874 2488 εὐθείας
2936 2431 3026 2499 μεν
3065 2426 3160 2479 ούκ
3221 2424 3476 2499 ἀπεκρίθη
3540 2427 3754 2491 τούτοις,
3803 2425 3882 2473 ἵνα
3914 2424 3983 2492 μὴ

2411 2511 2537 2588 δόξῃ
2607 2516 2907 2587 μεγαλύνειν
2992 2515 3192 2582 ἐαυτὸν,
3248 2521 3336 2568 καὶ
3409 2517 3485 2564 ἵνα
3539 2518 3611 2584 μὰ
3672 2509 3980 2582 διασύρωσιν

2409 2605 2584 2674 αὑτὸν,
2640 2607 2708 2666 ὡς
2747 2603 2994 2658 ἀντίθεον.
3050 2605 3192 2658 Ἐπεὶ
3243 2601 3301 2657 δι
3341 2605 3366 2654 ὁ
3415 2604 3707 2661 Βαπτιστής
3756 2597 3978 2655 Ἰωάννης

2413 2693 2573 2746 πολλά
2637 2698 2753 2768 περὶ
2815 2703 2907 2754 τῆς
2984 2693 3379 2766 μεγαλειότητος
3445 2689 3602 2742 αὐτοῦ
3665 2688 3984 2761 μεμαρτύρή-

2409 2801 2514 2848 κεν,
2598 2781 2784 2836 ἐκεῖθεν
2877 2783 3064 2845 αύτούς
3145 2781 3487 2856 ἀντεπερωτᾴ,
3561 2784 3651 2832 καὶ
3706 2774 3988 2830 συνελαύνει

2410 2875 2535 2946 πρὸς
2596 2870 2837 2946 ἀπορίαν,
2901 2874 2927 2924 ὃ
2980 2877 3071 2924 καὶ
3127 2871 3279 2924 αύτοὶ
3334 2875 3539 2942 γνόντες
3591 2865 3992 2943 ἐθορυϐήθησαν.

2483 2963 2548 3012 Οι
2601 2957 2659 3013 δε
2714 2992 2781 3000 -
2859 2959 3200 3014 ἐπιστεύσατε
3282 2959 3424 3030 αύτῷ
3475 2976 3489 3025 ;
3562 2962 3723 3012 Τοῦτὸ
3780 2954 3915 3008 ἐστιν
3962 2955 3991 3012 ἠ

2412 3049 2622 3124 ἀπορία.
2686 3049 2808 3103 Εἶπε
2863 3053 2962 3125 φάρ
3033 3051 3094 3102 οἶν
3141 3050 3256 3120 (55)
3313 3045 3512 3118 αύτοῖς,
3566 3051 3711 3101 Διατί
3762 3045 3856 3099 οὐκ
3897 3045 4002 3097 έπιο

2337 3155 2380 3213 C
2414 3141 2665 3192 στεύσατε
2727 3139 2882 3209 ούτῷ,
2955 3138 3151 3209 λέγοντι
3237 3137 3402 3191 πολλὰ
3478 3141 3565 3190 καὶ
3640 3135 3838 3209 μεγάλα
3891 3138 4002 3208 περὶ

2408 3227 2580 3300 iper);
2662 3227 2707 3280 εὶ
2757 3231 2858 3302 γὰρ
2918 3226 3280 3293 ἐπιστεύσατε,
3345 3228 3424 3288 οἷς
3475 3226 3659 3298 ἔλεγεν,
3713 3223 4008 3292 ὶγινὼσκετε

2407 3319 2492 3380 οἶν,
2544 3316 2592 3368 ἐν
2633 3321 2760 3388 ποίᾳ
2803 3315 3014 3388 ἐξουσίᾳ
3064 3323 3233 3369 ταῦτα
3282 3325 3434 3370 ποιῶ.
3500 3318 3696 3370 Λοιπὸν
3725 3311 3814 3367 οὖν
3865 3313 4008 3384 ἐλίγ-

2405 3408 2588 3477 χεσθε,
2621 3407 2792 3478 μάτην
2853 3407 3052 3476 ἔχοντες
3108 3425 3375 3481 προφητην
3449 3409 3538 3458 τὸν
3595 3405 3856 3470 Ἰωάννην,
3897 3401 4012 3455 ἀπι-

2407 3513 2642 3556 στουντες
2679 3514 2842 3565 αυτῳ.

2475 3584 2592 3637 Ἐἀν
2645 3581 2702 3637 δι
2755 3615 2822 3623 -
2874 3588 3162 3659 προφήτην.
3213 3583 3299 3636 “ﬂ.
3356 3590 3448 3642 τῆς
3532 3579 3860 3652 ἀνελευθέρου
3908 3589 4008 3633 τῶν

2403 3671 2586 3725 ἀθλίων
2641 3671 3165 3747 ἀνθρωπαρεσκείαςῙ
3214 3677 3316 3722 Τοῦ
3391 3672 3482 3741 μὲν
3553 3673 3679 3720 Θεοῦ
3746 3687 4009 3741 καταφρο-

2399 3770 2572 3828 νοῦσι,
2629 3765 2747 3822 τοῦς
2801 3760 3103 3834 ἀνθρώπους
3149 3756 3207 3811 δε
3237 3756 3530 3830 φοϐοῦνται,
3585 3759 3676 3806 καὶ
3728 3773 3863 3831 προς
3893 3758 4004 3828 χά-

2398 3868 2480 3922 ριν
2511 3849 2676 3902 αύτῶν
2704 3851 2910 3902 ἅπαντα
2938 3851 3274 3924 πράττουσιν.

2473 3944 2572 3992 Καὶ
2639 3937 3000 4012 ἀποκριθέντες
3071 3969 3140 3979 -
3201 3944 3353 3991 ποιῶ.
3426 3932 3573 3989 Ἔδει
3655 3937 3747 4008 μὶν
3815 3936 4012 4002 αὐτοὺς

2400 4027 2573 4099 εἰπεῖν,
2626 4029 2707 4081 ὅτι
2758 4033 2848 4081 καὶ
2902 4031 2962 4081 τὸ
2993 4026 3273 4100 βάπτισμα
3323 4028 3379 4078 ἑκ
3419 4033 3552 4080 Θεοῦ
3582 4021 3666 4091 ἦν,
3703 4031 3795 4079 καὶ
3835 4029 3862 4080 ὁ
3906 4028 4011 4082 Ἰω-

2398 4117 2554 4178 άννης
2607 4115 2662 4169 ia
2741 4123 2876 4171 Θεοῦ
2932 4116 3174 4169 ἔσταλται
3231 4135 3244 4148 ο
3307 4114 3418 4168 ἐπεὶ
3471 4110 3531 4167 δὲ
3592 4118 3874 4188 φεύγοντες
3925 4121 4012 4172 τὸν

2396 4205 2633 4277 ἔλεγχον,
2701 4207 2783 4258 ἵνα
2837 4209 2910 4277 μὴ
2979 4203 3318 4266 ἀπιστοῦντες
3372 4203 3511 4275 αύτῷ
3560 4213 3820 4276 φανῶσιν,
3867 4211 4017 4284 ἔκρυ-

2396 4313 2521 4347 πτον
2570 4300 2664 4352 τὴν
2723 4293 2984 4364 ἀλήθειαν,
3039 4299 3217 4366 φησὶν,
3279 4288 3422 4346 Ούδε
3471 4295 3573 4364 ἑγὼ
3621 4293 3760 4368 λέγω
3819 4298 3944 4372 ύμῖν
3993 4299 4020 4351 ὃ

2396 4382 2648 4456 βούλεσθε
2699 4385 2899 4456 μαθεῖν,
2970 4383 3028 4435 ού
3080 4385 3343 4456 κρύπτων,
3391 4385 3460 4442 ὡς
3527 4383 3700 4456 ὑμεῖς,
3772 4392 3870 4448 τὴν
3902 4388 4022 4448 ἀλή-

2313 4495 2363 4554 D
2398 4474 2558 4540 θειαν,
2626 4471 2732 4525 ἀλλ’
2789 4471 3029 4535 ἀναξίους
3096 4480 3189 4532 τῆς
3247 4468 3576 4542 ἀποκρίσεως
3629 4475 3768 4548 ὑμᾶς
3816 4479 4019 4552 λογιζά-

2392 4581 2561 4636 μενος,
2595 4581 2620 4614 ο
2631 4561 2727 4614 ὖτω
2751 4568 3192 4635 κακουργοῦντας.

2588 4657 2734 4704 ΚΕΦ·
2767 4651 2905 4704 ΜΘ’.
2941 4654 3066 4721 Περὶ
3095 4657 3196 4701 τῶν
3229 4644 3328 4700 δύο
3347 4649 3472 4700 υἱῶν
3504 4655 3821 4728 παραϐολή.

2457 4743 2521 4792 Τί
2577 4735 2638 4792 δι
2692 4740 2814 4812 ὑμῖν
2863 4736 3054 4804 domi;
3098 4736 3222 4811 Περί
3268 4736 3336 4787 ὧν
3409 4734 3532 4810 ipsis,
3612 4739 3889 4805 δηλονότι.
3929 4754 4011 4808 Μὴ

2390 4827 2711 4887 θελησάντων
2739 4830 2842 4902 γὰρ
2897 4828 3074 4894 εἰπεῖν,
3132 4827 3285 4880 πόθεν
3335 4822 3396 4885 ἧν
3443 4829 3504 4878 τὸ
3570 4829 3871 4913 βάπτισμα
3899 4839 4014 4894 Ἰω..

2385 4919 2560 4987 άννου,
2636 4919 2718 4970 ἶνα
2795 4921 2867 4990 μὴ
2943 4915 3266 4989 ἔλεγχθῶσιν
3349 4914 3758 4990 ἀπιστήσαντες
3816 4929 4010 5004 ἐκείνῳ,

2385 5006 2630 5081 βούλεται
2667 5003 2764 5059 διὰ
2813 5003 3116 5082 παραϐολῆς
3155 5005 3345 5066 αύτούς
3374 5002 3627 5078 ἔμϐαλείν
3684 5016 3763 5080 είς
3814 5024 3876 5074 τὸ
3928 5002 4015 5074 αὖ-

2382 5101 2501 5158 τοὺς
2595 5093 3076 5168 καταψηφίσασθαι
3155 5092 3349 5148 ἑαυτῶν
3427 5095 3508 5160 ὡς
3591 5099 3856 5179 ἀπειθῶν,
3927 5114 4016 5167 καὶ

2379 5185 2537 5260 λέγει.

1843 5478 2068 5551 Variae
2106 5483 2435 5558 lectiones
2466 5501 2531 5558 et
2570 5498 2774 5558 notae.

614 5612 801 5756 queis)
830 5615 911 5669 lta
948 5611 1125 5670 etiam
1155 5611 1217 5671 in
1274 5616 1435 5674 textu
1463 5618 1636 5676 Marci
1665 5618 1848 5680 habet
1876 5626 2068 5684 codex
2114 5635 2265 5688 uter-

2448 5635 2564 5777 }54)
2599 5633 2688 5686 Ἐκ
2718 5640 2812 5686 τοῦ
2842 5640 2978 5688 Θεοῦ
3008 5633 3078 5689 Δ.

2472 5707 2562 5776 55)
2593 5705 2708 5771 Ἂν,
2742 5705 2962 5763 omittit
2988 5711 3046 5761 B.

2472 5707 2562 5776 55)
2593 5705 2708 5771 Ἀν,
2742 5705 2962 5763 omittit
2988 5711 3046 5761 Β.
