4198 6496
171 474 275 528 561

244 599 562 672 Ἀνθρωπος

173 685 448 746 ύποδηλοῖ
497 685 585 740 τὸν
641 688 791 750 Θεὸν,
847 688 916 748 ὡς
972 686 1346 762 φιλάνθρωπον·
1408 693 1559 740 τέκνα
1607 686 1666 740 δὲ
1701 686 1789 737 αυ-

172 785 261 832 τοῦ
293 773 418 842 δύο,
452 778 542 828 τόν
592 793 648 826 τε
697 773 818 826 λαὸν
873 782 973 826 τῶν
1029 774 1206 844 ὶθνῶν,
1260 781 1350 829 καὶ
1401 779 1488 829 τὸν
1532 783 1630 828 τῶν
1661 776 1789 828 Ἰου-

177 865 359 936 δαίων,
393 867 467 926 ὡς
499 869 771 936 ποιήματα
825 863 1007 919 αὐτοῦ.
1045 869 1142 918 Καὶ
1193 867 1330 918 ἔστιν
1361 867 1387 918 6
1435 870 1507 938 μὴ
1551 866 1788 936 ὑποσχό-

181 975 317 1030 μενος
370 957 491 1027 μὲν,
550 951 782 1006 ἀπελθὼν
854 951 935 1021 6's,
1012 954 1038 1006 6
1093 953 1217 1016 λαὸς
1267 963 1367 1008 τῶν
1419 952 1592 1007 ίθνῶνο
1647 954 1673 1006 6
1727 949 1788 1005 δε

182 1047 540 1117 ὑποσχόμενος
570 1043 682 1114 μὲν,
732 1045 804 1113 μὴ
844 1039 1074 1095 ἀπελθὼν
1131 1039 1211 1109 δε,
1265 1043 1292 1094 6
1341 1041 1462 1104 λαός
1510 1050 1609 1094 τῶν
1656 1043 1788 1094 Ἰου-

187 1131 354 1191 δαίων.
383 1135 465 1186 T6:
501 1133 618 1188 ἔθνη
675 1133 765 1203 μὲν
818 1133 921 1204 γὰρ
979 1131 1084 1203 οὐχ
1135 1133 1432 1204 ὑπέσχοντο
1463 1129 1785 1183 ἀκούσεσθαί

184 1232 269 1277 τοῦ
296 1229 445 1287 Θεοῦ,
508 1224 599 1273 καὶ
651 1222 762 1292 ὸμω
809 1219 1024 1292 ὕστερον
1068 1221 1376 1279 ὑπήκουσαν
1425 1223 1783 1273 πιστεύσαντα

182 1320 246 1384 τῷ
295 1320 402 1366 Θεῶ
456 1315 554 1363 καὶ
610 1316 846 1384 Χριστῷ·
920 1311 969 1360 οἱ
1023 1305 1082 1361 δὲ
1141 1306 1395 1362 Ἰουδαῖοι
1459 1311 1778 1380 ὑπίσχοντο,

188 1401 385 1461 εἰπόντες
460 1399 515 1452 ἕν
577 1406 639 1471 τῇ
725 1396 892 1470 βίϐλῳ
945 1405 1037 1450 τοῦ
1106 1402 1520 1474 Δευτερονομίου·
1581 1399 1776 1462 Πάντα,

189 1493 276 1542 ὅσα
321 1491 380 1542 ἄν
427 1492 550 1562 εἴπῃ
612 1490 638 1540 6
693 1490 842 1552 Θεὸς,
913 1492 1199 1560 ποιήσομεν
1264 1493 1354 1540 καὶ
1422 1485 1774 1560 ἀκουσόμεθα,

193 1582 269 1632 κάξ
310 1580 520 1652 ὕστερον
571 1582 937 1651 παρήκουσαν,
997 1574 1387 1639 ἀπιστήσαντες
1438 1585 1510 1647 τῷ
1560 1584 1775 1650 Χριστῷ

195 1674 272 1720 καὶ
317 1676 442 1738 Θεῷ.
497 1674 678 1720 Ταῦτα
725 1669 858 1737 μόνα
898 1674 987 1726 τῆς
1034 1664 1331 1738 παραϐολῆς
1397 1663 1624 1737 ἐκλέγου,
1684 1669 1774 1717 καὶ

203 1756 494 1828 ἰπιγίνωσκε·
538 1755 703 1808 τᾶλλα
759 1751 819 1807 δι
872 1756 1046 1829 πάρες,
1089 1758 1158 1817 ὡς
1199 1760 1288 1807 καὶ
1337 1758 1420 1807 επὶ
1461 1763 1558 1807 τῶν
1608 1753 1772 1806 ἄλλων

205 1844 475 1918 παραϐολῶν
550 1841 994 1918 παρηγγείλαμεν.
1081 1844 1197 1896 Ἐπὶ
1279 1846 1337 1896 τὸ
1422 1841 1768 1916 ἀσαφέστερον

659 627 724 635 —-
817 596 909 648 οὐκ
987 596 1232 656 ἀπῆλθεν.

1135 471 1497 529 COMMENT.
1542 473 1612 528 IN
1655 470 2096 528 MATTHASUM.
2138 507 2208 518 -
2249 477 2410 536 CAP.
2451 478 2595 534 XXI.

1316 601 1619 674 ’Ἄνθρωπον
1701 601 1782 668 μὲν

1863 636 1869 649 .
1973 599 2128 654 Vers.
2181 605 2268 657 28.
2301 604 2491 658 Homo
2524 603 2775 658 habebat
2807 631 2874 641 ——
2906 599 3066 655 Vers.
3101 601 3187 655 30.
3222 618 3339 657 non
3383 605 3549 660 abiit.

3396 6 3405 27 τ
3819 0 3896 28 τίεν-ἰ

1553 84 1608 86 ᾖ
2761 83 2790 86 -..
2821 81 2826 86 .
2875 81 2880 84 -
2905 69 3020 86 -..---““
3117 83 3124 88 ,
3147 79 3202 88 .-ν
3249 67 3268 84 _'
3289 81 3304 85 ..
3357 75 3506 87 εις-μμ
3609 79 3632 84 --
3705 75 3774 84 .~-.

3449 481 3556 537 562

1900 689 2212 746 Hominem
2245 692 2544 762 signiﬁcat
2575 694 2780 756 Deum,
2817 696 3104 762 tanquam
3136 691 3408 749 videlicet
3437 696 3548 751 hu-

1897 791 2148 833 manum
2169 779 2604 836 authominum
2626 783 2978 840 amatorem.
3001 777 3155 834 duos
3171 783 3374 836 autem
3390 780 3547 840 ﬁlios

1896 864 2045 935 ejus,
2078 867 2370 938 populum
2403 867 2682 938 gentilem
2713 871 2772 924 et
2795 866 3132 932 Judaicum,
3165 868 3268 940 qui
3299 875 3438 926 sunt
3467 869 3548 928 fa-

1895 960 2075 1008 cturas
2119 955 2328 1028 ipsius.
2377 959 2444 1012 Et
2484 956 2534 1012 is
2561 955 2666 1028 qui
2694 970 2817 1012 non
2857 955 3150 1026 promisit,
3197 957 3303 1012 sed
3343 961 3546 1016 tamen

1895 1041 2063 1108 abiit,
2092 1044 2354 1117 populus
2379 1051 2470 1101 est
2493 1044 2730 1115 gentilis
2771 1061 2785 1099 :
2814 1043 2916 1116 qui
2947 1059 3087 1100 vero
3112 1045 3404 1117 promisit,
3435 1063 3546 1104 nec

1893 1135 2093 1188 tamen
2115 1133 2282 1197 abiit,
2301 1134 2601 1190 Judaicus.
2624 1135 2833 1189 Gentes
2858 1132 3152 1206 siquidem
3181 1150 3304 1190 non
3325 1137 3545 1207 promi-

1891 1227 2093 1277 serunt
2123 1239 2185 1277 se
2207 1222 2395 1278 Deum
2425 1222 2762 1286 audituras,
2793 1226 2852 1278 et
2877 1225 3077 1278 tamen
3107 1227 3316 1294 postea
3344 1225 3543 1280 audie-

1889 1315 2044 1373 runt,
2091 1310 2437 1367 obedientes
2483 1310 2713 1368 Christo
2755 1325 2825 1366 ac
2866 1311 3005 1376 Deo.
3044 1315 3102 1366 et
3143 1309 3206 1366 in
3239 1327 3378 1368 eum
3423 1328 3544 1370 cre-

1887 1397 2092 1454 dentes
2127 1415 2140 1455 :
2172 1399 2359 1455 Judaei
2390 1415 2524 1456 vero
2549 1399 2971 1472 promiserunt,
3002 1398 3265 1456 dicentes
3295 1399 3358 1456 in
3386 1400 3542 1458 libro

1890 1488 2346 1544 Deuteronomii:
2367 1489 2579 1544 Omnia
2592 1503 2722 1560 quae
2733 1487 2893 1544 dixit
2905 1488 3542 1557 Deusfaciemusetau—

1883 1576 2112 1632 diemus
2129 1578 2175 1613 ⁸⁴
2193 1597 2206 1643 ;
2221 1577 2611 1649 postmodum
2629 1582 2828 1633 autem
2845 1575 3266 1643 obaudierunt,
3281 1577 3392 1650 ipsi
3411 1595 3541 1651 per-

1884 1671 2196 1721 manentes
2236 1665 2462 1722 Christo
2501 1681 2572 1721 ac
2623 1667 2740 1721 Deo
2787 1663 3093 1720 increduli.
3133 1668 3265 1721 Haec
3304 1670 3536 1725 tantum

1881 1753 1955 1808 de
1987 1754 2276 1824 parabole
2307 1755 2456 1826 elige
2486 1759 2543 1809 et
2568 1753 2844 1823 intellige,
2878 1752 3107 1824 reliqua
3132 1768 3274 1808 vero
3300 1759 3536 1826 praeter-

1879 1858 2004 1909 eas,
2045 1844 2568 1916 quemadmodum
2609 1848 2664 1900 et
2709 1843 2770 1899 in
2809 1842 3050 1914 reliquis
3087 1842 3393 1914 parabolis
3430 1844 3535 1901 ad-

209 1937 296 2008 γάρ
343 1954 446 1986 τινα
503 1935 696 1994 ταύτης
776 1932 1112 2004 οἰκονομικῶς
1173 1933 1541 1996 συνετίθησαν,
1587 1929 1768 1984 διὰτὸ

1880 1933 2242 1999 monuimus,
2265 1939 2558 2004 tanquam
2575 1932 2690 1988 hoc
2711 1931 2836 1987 solo
2859 1929 2976 1987 ﬁne
2998 1930 3055 1986 in
3079 1946 3150 1987 ea
3170 1930 3384 2003 posita,
3407 1947 3531 2004 quo

221 2021 487 2088 ἂνῦποπτον,
513 2025 591 2074 ἶνα
615 2017 783 2095 μηδεν
807 2025 926 2095 περὶ
953 2021 1144 2074 ἑαυτῶν
1185 2023 1233 2073 οἰ
1264 2018 1406 2074 ’1ουδ
1411 2028 1515 2073 αῖοι
1543 2025 1764 2092 γνόντες,

233 2109 357 2181 ὀρθὴν
383 2110 650 2182 ἐξενέγκωσι
676 2115 769 2168 τὴν
794 2109 988 2181 ψῆφον.

295 2203 474 2260 Τίς-
541 2209 740 2273 πρῶτος·
800 2198 992 2260 Λύτοῦς
1041 2199 1354 2270 ἠνάγκασεν,
1415 2200 1483 2258 ὡς
1535 2201 1759 2270 εἴρηται,

240 2291 324 2346 τὴν
357 2287 506 2358 ψῆφον
564 2288 822 2359 ἐξαγαγεῖν,
877 2289 960 2340 ἵνα
1005 2287 1438 2358 αύτοκατάκριτοι
1492 2291 1758 2358 γένωνται.

233 2374 345 2428 Εἶτα
367 2375 627 2448 μεταϐαίνει
679 2381 796 2450 πρὸς
849 2381 967 2439 τοῦς
1019 2376 1230 2436 τελώνας
1265 2381 1354 2428 καὶ
1405 2379 1497 2438 τὰς
1546 2381 1758 2450 πόρνοις,

228 2463 299 2517 ἐπὶ
324 2465 449 2518 πλέον
472 2465 671 2536 air/xw
702 2466 902 2527 αὐτούς.

275 2559 407 2625 Λέγει
480 2555 642 2616 αὐτοῖς
727 2587 797 2596 ——
875 2563 1033 2611 Θεοῦ.

203 2648 571 2716 μετανοήσαντας
644 2649 735 2696 καὶ
820 2643 1226 2717 βαπτισθέντας,
1287 2645 1442 2696 ὃτεὸ
1517 2644 1756 2706 Ἰωάννης

1126 2554 1355 2614 Τελώνας
1433 2555 1569 2626 λέγει
1638 2558 1757 2615 τοὺς

200 2731 435 2806 ἐκήρυσσε,
499 2738 587 2786 καὶ
638 2737 834 2806 πόρνας
881 2735 1088 2805 ὁμοίως.
1146 2735 1447 2806 Προάγονσι
1495 2729 1575 2795 6"3,
1641 2731 1754 2785 ἀντὶ

196 2829 286 2887 τοῦ,
337 2822 798 2896 προλαμϐάνουσιν.
885 2821 1012 2876 Εἶτα
1086 2823 1361 2894 σαφηνίζει
1421 2825 1508 2874 τόν
1577 2821 1748 2892 λόγον,

192 2916 262 2963 καί
288 2907 532 2976 δίδάσκει,
565 2921 681 2973 πῶς
707 2910 1155 2985 προλαμϐάνουσι,
1179 2911 1354 2982 λέγων·

244 2999 400 3052 Ἠλθε
444 3030 506 3042 --
562 3001 730 3071 αύτῷ.
786 3000 808 3019 ⁷
836 3001 964 3053 Ηλθε
1019 3003 1150 3074 πρὸς
1194 3001 1347 3072 ὑμᾶς,
1391 2998 1486 3051 οὐκ
1537 3001 1586 3051 ἐν
1616 2999 1748 3070 ἠμε-

187 3087 348 3160 λημένῳ
399 3089 516 3163 βίῳ,
585 3089 699 3142 ἀλλ’
755 3088 804 3140 ἰν
848 3085 956 3160 ὀδῷ
1015 3088 1219 3164 ἀρετῆς,
1283 3092 1368 3140 ἶνα
1413 3093 1502 3140 καὶ
1542 3086 1749 3150 ἀξιόπι-

186 3196 276 3238 στος
316 3187 455 3252 φανῇ,
521 3184 622 3232 καὶ
673 3178 768 3231 οῦκ
814 3177 1150 3230 ἐπιστεύσατε
1197 3177 1355 3247 αύτῷ,
1410 3185 1746 3252 παραινοῦντι

181 3276 395 3337 μετανοεῖν
465 3275 558 3321 καὶ
641 3268 1034 3342 εὐτρεπίζεσθαι
1099 3270 1245 3343 ,πρὸς
1309 3263 1587 3337 ὑποδοχὴν
1647 3274 1745 3326 τῆς

180 3353 405 3424 βασιλείας
431 3367 522 3411 τοῦ
547 3365 711 3411 Θεοῦ.

229 3444 372 3518 ’Υμείς
425 3479 492 3488 -—
545 3446 718 3516 αύτῷ.
781 3452 949 3518 Ὑμεῖς
1005 3441 1084 3510 δὲ,
1146 3441 1340 3504 ἰδόντες
1405 3447 1524 3506 τοὺς
1589 3442 1738 3495 τελώ-

175 3552 242 3593 νας
263 3540 340 3588 καὶ
390 3540 480 3599 τὰς
535 3539 760 3608 πόρνας,
824 3542 930 3594 πῶς
978 3531 1386 3606 μετεϐλήθησαν,
1431 3534 1512 3585 ὅτε
1567 3531 1736 3583 όἸω-

175 3624 288 3684 iisan;
332 3623 618 3698 ἐκήρυσσε,
690 3627 780 3675 καὶ
826 3621 1106 3696 προέλαϐον
1163 3623 1320 3694 ὑμᾶς,
1383 3622 1440 3674 οὐ
1494 3619 1734 3694 μετεϐλή-

176 3711 284 3782 θητε,
310 3715 432 3766 ὥστε
461 3719 754 3767 πιστεῦσαι
778 3711 935 3783 αύτῷ.

332 3914 470 3964 ΚΕΦ.
511 3907 604 3963 Ν’.
642 3912 766 3982 Περὶ
796 3914 886 3959 τοῦ
917 3905 1206 3978 ἀμπελῶνος
1235 3905 1520 3981 παραϐολή.

217 4100 378 4158 Ἄλλην
431 4136 500 4145 —
563 4098 930 4174 ἀπεδήμησεν.
1012 4102 1316 4177 Ἄνθρωπον
1373 4106 1462 4174 μὶν
1535 4103 1725 4170 ὁμοίως

1877 2021 2104 2078 firmior
2127 2027 2298 2086 esset.
2323 2027 2379 2078 et
2397 2021 2587 2077 Judaei
2608 2019 2754 2076 nihil
2774 2019 2849 2076 de
2872 2021 3086 2092 seipsis
3113 2019 3526 2091 intelligentes,

1874 2116 2094 2166 rectam
2138 2111 2468 2183 proferrent
2505 2109 2879 2165 sententiam.

1945 2197 2105 2255 Vers.
2135 2203 2220 2256 31.
2257 2199 2396 2265 Quis
2425 2229 2494 2239 —
2511 2197 2760 2268 primas.
2791 2197 2991 2268 Coegit
3018 2196 3174 2264 illos,
3206 2200 3272 2253 ut
3299 2197 3528 2254 dictum

1869 2292 1976 2352 est,
2041 2287 2394 2343 sententiam
2453 2301 2577 2358 qua
2637 2284 3184 2342 condemnarentur
3242 2285 3524 2358 proferre.

1872 2375 2091 2430 Deinde
2135 2375 2214 2432 ad
2256 2374 2614 2447 publicanos
2652 2373 2863 2430 transit
2905 2378 2964 2430 et
3006 2373 3366 2440 meretrices,
3412 2373 3527 2430 hos

1867 2461 2000 2534 plus
2039 2479 2224 2536 quam
2256 2462 2386 2519 illos
2425 2478 2703 2534 arguens.

1936 2553 2095 2607 Vers.
2137 2556 2226 2608 3t.
2267 2551 2368 2606 Ait
2405 2551 2530 2606 ittis
2569 2582 2637 2592 —
2681 2549 2803 2608 Dei.
2845 2549 3202 2607 Publicanos
3239 2549 3382 2606 dicit
3418 2548 3521 2622 qui

1861 2640 2276 2710 pmnitentiam
2309 2642 2572 2710 egerant,
2603 2638 3008 2712 baptizatique
3037 2637 3274 2696 fuerant
3301 2637 3521 2710 praedi-

1863 2734 2033 2784 cante
2071 2729 2320 2794 Joanne,
2360 2734 2418 2783 et
2464 2728 2802 2784 meretrices
2841 2726 3110 2784 similiter
3148 2725 3518 2800 pracedunt,

1858 2816 1975 2872 hoc
2003 2822 2090 2874 est
2119 2817 2323 2889 priora
2354 2821 2624 2874 sumunt.
2656 2815 2876 2873 Deinde
2911 2820 2968 2873 et
2994 2816 3290 2873 rationem
3318 2815 3515 2882 docet,

1858 2907 2167 2978 quomodo
2204 2906 2406 2978 priora
2441 2910 2706 2971 sumunt,
2747 2905 2956 2962 dicens
2997 2921 3013 2961 :

1930 2995 2090 3050 Vers.
2136 2996 2226 3052 32.
2286 2995 2451 3050 Venit
2488 3026 2557 3034 —
2596 2993 2712 3052 itti.
2747 2993 2918 3051 Venit
2954 2993 3033 3050 ad
3070 3009 3201 3063 vos,
3243 3008 3364 3050 non
3408 3008 3517 3066 per

1856 3081 2137 3152 ignavam
2166 3083 2371 3146 vitam.
2406 3082 2515 3138 sed
2544 3097 2651 3154 per
2691 3081 2856 3138 viam
2898 3081 3152 3146 virtutis,
3183 3090 3246 3138 ut
3275 3081 3388 3138 ﬁde
3417 3081 3515 3138 di-

1853 3185 2010 3241 gnus
2048 3170 2400 3234 haberetur;
2443 3176 2499 3226 et
2538 3185 2660 3227 non
2700 3170 3032 3227 credidistis
3069 3171 3144 3235 ei,
3188 3186 3329 3227 cum
3370 3170 3513 3228 resi-

1851 3259 2078 3330 piscere
2091 3259 2168 3316 ad
2177 3275 2312 3315 mon
2321 3275 2415 3316 ere
2423 3259 2788 3332 t,pararique
2805 3259 2883 3314 ad
2895 3259 3329 3330 susceptionem
3341 3259 3510 3329 regni

1850 3347 1972 3403 Dei.

1920 3435 2080 3491 Vers.
2118 3434 2204 3490 32.
2257 3435 2364 3490 Vos
2403 3465 2472 3474 —
2509 3434 2580 3491 ei.
2631 3432 2749 3490 Vos
2787 3439 2990 3490 autem
3028 3432 3317 3500 videntes,
3357 3448 3506 3504 quo-

1845 3523 2030 3580 modo
2076 3521 2378 3595 publicani
2419 3531 2476 3578 et
2518 3521 2854 3578 meretrices
2891 3523 2969 3579 ad
3009 3521 3502 3594 praedicationem

1844 3612 2093 3670 Joannis
2123 3612 2393 3668 conversi
2423 3617 2610 3679 erant,
2643 3627 2765 3668 non
2795 3609 3124 3685 resipuistis
3154 3609 3233 3667 ad
3259 3609 3502 3666 creden-

1843 3701 2011 3760 dum.

2211 3925 2362 3980 CAP.
2399 3927 2457 3981 L.
2493 3924 2578 3981 De
2607 3924 2780 3981 vinea
2801 3923 3118 3994 parabota.

1907 4120 2070 4176 Vers.
2102 4125 2188 4177 33.
2223 4121 2424 4176 Aliam
2455 4152 2523 4161 —
2550 4135 2798 4192 peregre
2823 4120 3130 4190 profectus
3161 4124 3266 4176 est.
3299 4117 3494 4175 Homi-

1834 4222 1972 4264 nem
2014 4209 2283 4264 similiter
2319 4210 2694 4280 aanigmatice
2733 4208 3026 4280 signiﬁcat
3060 4209 3250 4264 Deum
3288 4212 3346 4264 et
3382 4208 3489 4264 Pa-

1833 4301 2002 4363 trem,
2036 4303 2278 4370 propter
2306 4298 2623 4353 hominum
2646 4313 2938 4364 amorem,
2968 4302 3024 4354 et
3049 4301 3292 4370 propter
3315 4311 3490 4366 para-

1830 4385 1985 4441 bolae
2010 4401 2257 4442 morem.
2284 4387 2549 4441 Plantata
2573 4391 2774 4442 autem
2801 4385 2978 4442 vinea
3003 4385 3203 4442 abillo
3223 4384 3487 4458 populus

1829 4480 1914 4530 est
1934 4474 2240 4541 Judaicus,
2268 4490 2452 4546 quam
2481 4473 2771 4545 plantavit
2790 4474 2850 4530 in
2873 4479 3030 4530 terra
3050 4474 3482 4547 promissionis.

1830 4563 1974 4618 Dicit
1997 4563 2153 4618 enim
2178 4563 2368 4619 David
2392 4581 2404 4618 :
2447 4563 2687 4619 Vineam
2708 4563 2783 4620 de
2800 4564 3077 4633 {Egypto
3099 4563 3480 4629 transtulisti,

1827 4652 2051 4721 ejecisti
2079 4659 2280 4722 gentes
2309 4661 2362 4708 et
2390 4652 2681 4721 plantasti
2718 4666 2846 4708 eam
2877 4653 2945 4707 ⁸⁵.
2981 4652 3162 4724 Sepes
3193 4667 3334 4708 vero
3362 4651 3478 4718 lex,

1499 4733 1716 4800 Λέγοιτο
1752 4759 1794 4813 1)
1827 4757 1947 4796 non
1963 4743 2161 4797 sinens
2176 4758 2307 4797 eam
2327 4741 2696 4797 commisceri
2716 4740 3014 4811 gentibus.
3030 4741 3482 4815 Potestquoque

1826 4830 1943 4886 dici
1977 4845 2174 4903 sepes,
2204 4831 2303 4885 Dei
2331 4830 2601 4886 custodia
2626 4846 2762 4902 quae
2788 4830 3026 4886 vineam
3054 4830 3212 4886 hanc
3239 4830 3318 4886 ab
3347 4847 3481 4888 om-

1825 4919 1991 4974 nium
2046 4919 2600 4989 circumjecentium
2641 4917 2906 4988 gentium
2952 4917 3182 4973 insidiis
3221 4919 3480 4976 custodit

1821 5009 2196 5071 Destruxisti,
2230 5007 2438 5079 inquit,
2466 5022 2656 5076 sepem
2689 5009 2836 5076 ejus,
2865 5012 2920 5064 et
2951 5006 3317 5064 vindemiant
3347 5023 3476 5065 eam

1819 5110 2018 5151 omnes
2056 5095 2160 5166 qui
2191 5095 2770 5167 praetergrediuntur
2817 5097 2973 5152 viam
3013 5097 3081 5152 ³⁸.
3120 5097 3310 5153 Lacus
3349 5097 3475 5154 sive

1817 5183 2078 5240 torcular
2115 5189 2202 5240 est
2238 5186 2426 5241 altare
2469 5184 2530 5239 in
2569 5200 2692 5257 quo
2736 5185 2986 5255 sanguis
3030 5184 3470 5243 effundebatur.

1815 5272 2014 5327 Turris
2045 5288 2186 5328 vero
2217 5273 2529 5344 templum,
2561 5277 2804 5346 propter
2833 5277 3140 5330 structurae
3171 5273 3473 5331 fortitudi-

1815 5376 1951 5415 nem
1984 5376 2054 5416 ac
2085 5361 2534 5419 sublimitatem.
2567 5361 2852 5435 Agricolae
2893 5366 3119 5428 autem,
3151 5368 3289 5420 sunt
3312 5365 3470 5436 prin-

1814 5450 1972 5520 cipes
2019 5450 2400 5507 sacerdotum
2449 5456 2506 5508 et
2550 5452 2766 5509 Scribze
2813 5452 3194 5524 senioresque
3236 5452 3464 5525 populi.

1815 5537 1912 5592 His
1938 5538 2097 5593 enim
2121 5544 2408 5611 tanquam
2436 5540 2905 5613 prmeeptoribus
2925 5541 3288 5598 concredidit
3312 5543 3465 5598 Deus

1811 5627 1969 5683 hanc
2000 5627 2259 5682 vineam.
2295 5627 2726 5686 Profectionem
2765 5635 2966 5688 autem
2997 5630 3461 5703 patrisfamilias,

165 4185 486 4260 ὑπαινίττεται,
553 4195 648 4246 τὸν
703 4195 832 4244 Θεὸν
890 4196 979 4244 καὶ
1033 4197 1258 4266 Πατέρα,
1315 4188 1409 4244 διὰ
1463 4195 1520 4243 τό
1553 4191 1723 4263 φιλάν-

166 4275 340 4346 θρωπον,
394 4288 482 4334 καὶ
543 4279 582 4335 δ
590 4283 648 4333 ιὰ
698 4283 757 4332 τὸ
805 4288 899 4342 τῆς
939 4279 1238 4355 παραϐολῆς
1284 4283 1414 4342 ἔθυς’
1485 4280 1722 4352 ἀμπελὼν

164 4357 454 4435 δἐρυτευθεὶς
486 4371 577 4424 ὑπ’
635 4369 813 4434 αὑτοῦ,
870 4371 894 4422 ὁ
952 4369 1287 4444 ἰσραηγιίτης
1328 4369 1469 4432 λαός,
1501 4372 1554 4422 δν
1602 4369 1718 4442 ἐφ.)-

161 4467 295 4506 τευσεν
335 4457 380 4509 ἐν
408 4468 469 4532 τῇ
529 4467 602 4532 γῇ
647 4467 743 4531 τῇς
769 4457 1097 4530 ἐπαγγελίας.
1131 4464 1266 4517 Φησὶ
1313 4462 1414 4533 γὰρ
1461 4461 1487 4511 6
1531 4455 1715 4511 Δαυίδ·

159 4535 363 4611 ⁴Αριπελον
445 4548 499 4612 ἐξ
597 4547 866 4619 Αἰγύπτου
939 4556 1187 4623 μετῆρας,
1287 4549 1511 4611 ἐξέϐαλες
1599 4551 1716 4608 ἔθνη

161 4633 227 4678 κᾶὶ
265 4640 643 4707 κατεφύτευσας
747 4636 926 4694 αύτήν·
1015 4641 1251 4710 φραγμὸς
1331 4634 1410 4704 δὲ,
1471 4640 1497 4690 6
1544 4642 1716 4710 νόμος,

162 4715 232 4767 οὐκ
272 4720 348 4774 ἐῶν
400 4726 559 4778 αὐτὸν
650 4724 956 4798 ἐπιμιγῆναι
1048 4735 1156 4788 τοίς
1214 4728 1402 4780 ἔθνεσι.

164 4798 271 4857 δ’ἄν
298 4818 518 4886 φραγμὸς
571 4818 666 4866 καὶ
709 4816 739 4872 ἡ
796 4817 938 4888 παρὰ
979 4823 1071 4867 τοῦ
1111 4823 1244 4868 Θεοῦ
1289 4821 1508 4888 φυλακὴ,
1565 4838 1716 4891 φρου-

160 4901 288 4983 ροῦσα
362 4911 541 4955 τοῦτον
627 4901 726 4955 ἀπὸ
806 4907 980 4965 πάσης
1060 4904 1333 4966 ἐπιϐουλῆς
1407 4914 1507 4958 τῶν
1569 4908 1718 4983 πέριξ

162 4975 293 5039 ἐθνῶν.
323 4991 560 5054 Καθεῖλες
601 4994 723 5067 γὰρ,
778 4999 930 5064 φησὶ,
984 4997 1071 5045 τὸν
1129 4999 1363 5066 φραγμὸν
1412 4996 1593 5066 αὐτῆς,
1624 4975 1714 5050 καὶ

160 5082 368 5163 ῖξυγῶσιν
421 5081 586 5140 αὐτὴν
669 5082 856 5143 πάντες
936 5083 985 5134 οἱ
1062 5089 1540 5158 παραπορευόμενοι
1610 5091 1710 5146 τὴν

158 5152 271 5209 θδόν
302 5163 436 5228 ληνὸς
488 5166 568 5234 δὲ,
629 5173 688 5222 τὸ
748 5172 1146 5245 θυσιαστήριον,
1180 5171 1229 5223 ἕν
1354 5177 1410 5226 τὸ
1448 5176 1580 5247 αἷμα
1608 5174 1707 5238 ἔξεο

156 5253 492 5328 piro-1:697“
521 5255 601 5324 δὲ,
653 5259 679 5310 ὀ
717 5262 852 5325 ναὸς,
899 5255 993 5311 διὰ
1039 5264 1097 5313 τὸ
1145 5270 1236 5323 τῆς
1268 5259 1551 5336 οἰκοδομῆς
1580 5265 1708 5336 ἀχυ-

154 5335 222 5399 ρόν
264 5345 340 5393 καὶ
388 5345 609 5415 ὑψηλόνσ
659 5353 878 5420 γεωργοὶ
935 5345 1014 5411 δὲ,
1066 5351 1114 5401 οἰ
1194 5349 1459 5426 ἀρχιερεῖς
1513 5358 1603 5407 καὶ
1657 5357 1706 5408 οἰ

153 5435 424 5511 γραμματεῖς
477 5439 569 5487 καὶ
645 5438 695 5488 οἱ
749 5435 1090 5511 πρεσϐύτεροι
1147 5447 1239 5491 τοῦ
1305 5439 1452 5493 λαοῦ’
1501 5447 1704 5506 τούτοις

154 5524 232 5602 γαρ
277 5513 612 5576 ὶνεπίστευσεν
675 5525 702 5576 6
751 5529 899 5589 Θεὸς,
934 5528 998 5586 ὡς
1030 5522 1397 5596 διδασκάλοις,
1428 5535 1513 5583 τόν
1544 5532 1704 5606 ἀμπε-

155 5603 260 5651 δῶνα
284 5613 465 5660 τοῦτον·
509 5608 811 5685 ἀποδημίαν
862 5611 922 5666 δὲ
971 5622 1063 5666 τοῦ
1120 5613 1496 5672 οἰκοδεσπότου
1545 5628 1702 5693 φησὶν

212 5800 248 5834 ⁸⁴
278 5807 442 5868 Exod.
467 5829 591 5886 xxx,
619 5815 668 5873 8.

780 5819 828 5854 ⁸⁵
853 5818 1009 5876 Psal.
1043 5835 1239 5891 usu,
1266 5824 1318 5877 9·
1433 5825 1482 5861 ⁸⁸
1512 5826 1657 5886 ibid.
1685 5830 1774 5888 13.
