4198 6518
565 345 672 401 567

1898 329 2246 392 EUTHYMII
2287 328 2611 390 ZIGABENI

3837 336 3953 391 568

566 469 711 526 dam
743 473 935 525 autem
964 469 1253 539 angulum
1285 469 1691 526 intellexerunt
1739 462 2080 527 l‘lcclesiam,
2132 462 2220 512 ut-

2346 461 2417 508 ιαὶ
2475 467 2676 512 συνενοῐ
2733 457 2825 513 διὰ
2893 469 2986 522 τῆς
3040 460 3114 522 εἰς
3167 460 3323 512 αὐτὸν
3375 463 3622 531 μίστεως.
3675 461 3833 522 Τινες
3893 458 3953 514 δι

566 563 705 632 pote
733 557 940 613 ﬁdeles
965 557 1368 627 colligantem,
1411 560 1473 614 in
1501 559 1676 629 cujus
1708 559 1890 624 caput
1914 551 2107 608 factus
2134 551 2222 602 est

2346 550 2518 610 γωνίαν
2574 546 2790 605 ένόησαν
2853 553 2946 608 τήν
2996 549 3330 613 Ἐκκλησίαν,
3396 551 3466 609 ὡς
3532 544 3949 621 συνδεσμοῦσαν

569 646 848 711 Christus,
872 645 1336 718 caputvidelicet
1352 646 1476 702 sive
1489 645 1852 719 principium
1863 646 1920 698 et
1943 636 2223 696 domina-

2346 638 2444 695 τούς
2482 639 2723 705 πιστούς,
2757 638 2969 700 ἧστινος
3009 637 3082 700 εἰς
3109 636 3333 710 κεφαλὴν
3361 640 3565 708 γέγονεν
3609 638 3636 690 ὁ
3683 643 3948 712 Χριστὸς,

567 742 677 793 tor.

637 826 797 880 Vers.
823 824 894 878 42
919 824 965 879 A
999 825 1248 880 Domino
1277 853 1347 866 —
1384 823 1625 880 nostris.
1676 822 1866 878 Etiam
1921 818 2039 875 hoc
2076 829 2220 888 pars

565 918 656 970 est
680 913 853 970 dicte
883 912 1231 986 prophetia,
1258 912 1506 977 docens,
1527 912 1695 985 quod
1725 910 1826 967 Dei
1849 921 2095 982 quoque
2124 919 2223 959 vo-

563 1001 789 1059 luntate
813 999 915 1057 ﬂet
937 999 1290 1071 hujusmodi
1315 1000 1599 1070 angulus,
1639 999 1703 1056 id
1746 1002 1852 1064 est,
1876 992 2223 1066 conjunctio

565 1089 932 1163 populorum
959 1106 974 1145 :
994 1094 1052 1145 et
1078 1088 1247 1162 quod
1271 1088 1655 1146 admirationi
1694 1085 1860 1160 apud
1884 1098 2098 1142 omnes
2117 1080 2226 1138 erit

565 1176 663 1233 hic
678 1175 958 1246 angulus,
985 1191 1108 1232 non
1130 1175 1327 1233 solum
1345 1177 1492 1249 quia
1508 1175 1687 1232 variis
1706 1171 2102 1231 adornabitur
2117 1168 2226 1224 vir-

565 1264 816 1333 tutibus,
849 1263 956 1320 sed
975 1264 1159 1320 etiam
1179 1265 1324 1336 quia
1342 1263 1626 1321 omnibus
1647 1262 1882 1319 insidiis
1912 1261 2022 1318 erit
2051 1272 2226 1331 supe-

568 1368 711 1410 ιἰοτ.

641 1443 800 1497 Vers.
839 1441 932 1498 43.
961 1440 1096 1498 Ideo
1121 1471 1191 1484 —
1219 1441 1421 1512 ipsius.
1451 1440 1686 1512 Regum
1719 1440 1819 1497 Dei
1846 1438 1991 1495 dicit
2019 1441 2227 1494 custo-

569 1530 734 1588 diam
751 1530 881 1601 ejus
897 1546 1024 1603 qua
1052 1530 1446 1586 servabantur
1477 1548 1491 1586 :
1514 1530 1816 1586 nationem
1845 1543 1987 1584 vero
2009 1526 2228 1583 facien-

569 1623 684 1676 tem
708 1617 920 1689 dignos
961 1619 1093 1690 ejus
1129 1618 1356 1676 fructus
1414 1623 1584 1676 vocat
1635 1633 1825 1688 genus
1874 1615 2230 1674 Christiano-

570 1721 728 1764 rum.

643 1795 812 1855 Vers.
841 1797 931 1852 44.
956 1797 1036 1853 Et
1057 1826 1123 1838 -—
1144 1796 1586 1868 confringatur.
1607 1794 2004 1853 Oﬁ‘endensin
2036 1791 2227 1861 illum,
2265 1805 2312 1859 Β
2415 1799 2515 1847 Καὶ

572 1884 810 1959 sibiipsi
831 1884 1087 1953 nocebit,
1111 1889 1169 1941 et
1196 1900 1320 1942 non
1340 1885 1458 1944 illi:
1501 1885 1668 1959 quod
1697 1885 1862 1958 passi
1893 1885 2035 1939 sunt
2075 1880 2232 1952 prin-

571 1973 737 2046 cipes
765 1973 1147 2030 sacerdotum
1177 1976 1236 2030 et
1271 1973 1487 2030 Scriba:
1518 1989 1591 2031 ac
1619 1973 1885 2030 seniores
1910 1969 2140 2045 populi.

649 2064 790 2117 Vers
805 2061 894 2118 44.
927 2062 1118 2132 Super
1142 2093 1210 2105 -—
1235 2077 1390 2119 eum.
1431 2063 1622 2136 Super
1648 2076 2074 2136 quemcunque
2128 2073 2233 2130 ag-

575 2150 911 2221 gravaverit
933 2167 1015 2216 se,
1033 2152 1148 2208 hoc
1162 2153 1354 2209 estcui
1368 2152 1555 2209 iratus
1573 2151 1767 2220 fuerit,
1790 2150 2160 2207 comminuet
2179 2152 2237 2204 et

575 2238 898 2312 disperget,
924 2255 995 2296 ac
1024 2240 1442 2298 exterminabit
1465 2256 1625 2307 eum,
1673 2238 1841 2314 quod
1869 2238 2093 2296 factum
2149 2241 2238 2293 est

575 2328 638 2386 in
672 2331 860 2385 totum
886 2343 1078 2400 genus
1113 2328 1461 2386 Iudaeorum
1499 2351 1512 2386 :
1540 2328 1823 2386 traditum
1850 2341 2118 2400 namque
2148 2329 2241 2382 est

577 2416 864 2473 Romanis
890 2417 1181 2474 militibus
1213 2418 1274 2473 in
1317 2417 1739 2489 direptionem.

652 2507 810 2562 Vers.
828 2506 917 2561 45.
947 2507 1025 2563 Et
1046 2537 1116 2548 —-
1137 2505 1452 2562 habebant.
1480 2506 1705 2578 Ubique
1728 2503 2006 2560 homines
2027 2503 2241 2559 timent

579 2597 775 2651 etnon
794 2595 1004 2664 Deum,
1027 2595 1292 2650 Christus
1305 2599 1506 2650 autem
1521 2598 1578 2650 et
1597 2591 1918 2666 parabolas
1932 2607 2078 2649 sane
2090 2591 2241 2650 dixit

579 2681 1029 2754 etprophetiam
1046 2681 1318 2748 adduxit,
1339 2686 1402 2737 ut
1431 2681 1639 2737 timore
1660 2680 1917 2753 correpti
1949 2681 2239 2738 malitiam

579 2768 986 2842 relinquerent
1017 2787 1031 2837 ;
1055 2770 1171 2842 ipsi
1189 2785 1330 2826 vero
1353 2769 1626 2827 occidere
1657 2769 1853 2840 magis
1879 2769 2049 2826 illum
2078 2786 2242 2843 quaa-

581 2857 817 2914 rebant.
857 2859 1039 2930 Atqui
1085 2857 1314 2916 sciebat
1341 2858 1508 2932 quod
1554 2859 1827 2916 mutandi
1866 2875 1989 2916 non
2018 2864 2237 2926 essent,

585 2949 841 3002 attamen
861 2945 1084 3018 ubique
1100 2946 1266 3018 quod
1281 2963 1460 3003 suum
1487 2953 1578 3004 est
1601 2947 1758 3016 facit,
1788 2947 2058 3021 nihilque
2083 2963 2238 3022 pra:-

584 3034 850 3091 termittit
877 3049 1074 3090 eorum
1100 3051 1238 3109 qua:
1267 3037 1648 3114 conveniunt.

896 3140 1048 3198 CAP.
1073 3142 1162 3199 LI.
1197 3143 1284 3200 De
1312 3144 1528 3201 vocatis
1556 3144 1633 3202 ad
1661 3145 1928 3216 nuptias.

658 3245 812 3302 CAP.
862 3246 1015 3312 XXII,
1045 3249 1207 3305 Vers.
1258 3251 1310 3305 1.
1360 3250 1440 3306 Et
1483 3251 1838 3320 respondens
1863 3281 1934 3292 —
1972 3251 2136 3307 Vers.
2184 3251 2241 3306 3.

588 3335 806 3392 venire.
844 3336 1136 3395 Parabola
1164 3339 1509 3411 praecedens
1539 3355 1610 3395 ea
1667 3341 1942 3397 tractavit
1971 3355 2097 3412 quae
2163 3339 2244 3396 ad

588 3424 934 3483 Passionem
975 3443 1165 3501 usque
1191 3429 1588 3500 contigerunt,
1621 3435 1768 3502 puta
1795 3429 1898 3486 Dei
1927 3428 2244 3501 providen-

585 3514 731 3572 tiam
746 3531 870 3589 qua
880 3531 1022 3588 erga
1032 3517 1060 3570 J
1069 3517 1275 3574 udmos
1289 3534 1434 3574 usus
1451 3523 1559 3585 est,
1573 3518 2005 3590 prophetarum
2017 3517 2239 3574 caedem

586 3607 644 3661 et
663 3605 902 3662 tandem
922 3605 1110 3678 ipsius
1132 3606 1451 3664 Salvatoris
1471 3606 1852 3662 occisionem.
1881 3608 2014 3663 Haec
2038 3612 2240 3664 autem

585 3707 723 3766 qum
751 3709 913 3750 nunc
939 3693 1310 3766 proponitur,
1349 3709 1422 3750 ea
1449 3709 1582 3765 qua:
1607 3699 1742 3764 post
1771 3709 2009 3751 crucem
2057 3696 2240 3752 conti-

585 3785 799 3851 gerunt
824 3779 1070 3846 indicat,
1101 3795 1354 3850 regnum
1388 3781 1678 3837 caelorum
1706 3797 1931 3838 vocans
1962 3783 2156 3841 Deum
2181 3789 2241 3842 et

587 3871 844 3929 Patrem,
863 3869 1102 3939 nuptias
1115 3884 1258 3926 vero
1276 3869 1595 3940 mysticam
1614 3869 1739 3927 Filii
1754 3872 1885 3944 conj
1895 3873 2236 3933 unctionem

586 3955 668 4012 ad
693 3955 1015 4012 Ecclesiam
1045 3955 1434 4017 credentium.
1470 3957 1776 4030 Duplicem
1806 3966 2007 4018 autem
2032 3963 2236 4020 intelli~

585 4043 789 4116 gimus
800 4043 904 4115 huj
914 4045 1147 4102 usmodi
1168 4046 1678 4117 conjunctionem,
1695 4055 1755 4104 et
1773 4064 1910 4122 quae
1928 4050 2024 4108 hic
2044 4052 2110 4108 ﬁt
2134 4068 2239 4125 per

584 4131 769 4188 ﬁdem
793 4149 864 4190 ac
888 4134 1128 4192 virtutes
1157 4140 1425 4205 caeteras,
1447 4141 1505 4194 et
1527 4152 1663 4210 quas
1688 4138 1802 4195 illic
1818 4141 2013 4211 magis
2035 4157 2239 4215 super-

583 4222 931 4280 naturaliter
950 4223 1315 4296 perﬁcienda
1333 4230 1442 4282 est.
1466 4226 1527 4281 Id
1554 4232 1754 4285 autem
1775 4237 1949 4286 vocat
1971 4231 2238 4302 nuptias,

583 4316 710 4369 tum
742 4318 984 4386 propter
1011 4313 1375 4371 desiderium
1399 4315 1566 4388 quod
1596 4317 1774 4376 habet
1789 4319 1866 4375 ad
1889 4320 2236 4388 Ecclesiam,

581 4403 711 4457 tum
743 4407 985 4474 propter
1029 4402 1217 4476 ipsius
1248 4403 1516 4460 Ecclesia;
1559 4407 1870 4475 gaudium.
1933 4409 2239 4482 Siquidem

2331 727 2512 790 εἶτουν,
2545 725 2735 798 κεφαλὴ
2774 731 2864 779 καὶ
2892 728 3104 802 ἄρχων.

2404 816 2555 888 Παρὰ
2632 820 2826 890 Κυρίου
2887 847 2956 857 -
3027 818 3194 888 ἡμῶν,
3251 819 3352 868 Καὶ
3411 823 3563 868 τοῦτο
3619 819 3782 891 μέρος
3853 823 3950 878 τῆς

2331 901 2598 976 εἰρημένης
2640 905 2956 977 προφητείας
3004 903 3166 971 έστὶν,
3215 900 3498 971 διδάσκον,
3543 905 3626 958 ὃτι
3675 910 3770 958 καὶ
3811 909 3951 958 κατὰ

2333 989 2588 1064 βούλησιν
2641 997 2769 1046 Θεοῦ
2811 999 3087 1065 γενήσεται
3138 992 3271 1052 αὕτη
3325 995 3356 1052 ἠ
3407 998 3589 1065 γωνία,
3643 998 3948 1062 τόντέστιν,

2335 1082 2362 1139 ὁ
2429 1083 2680 1154 συνάφεια
2745 1090 2844 1134 τῶν
2908 1081 3065 1148 λαῶν,
3139 1087 3227 1136 καὶ
3289 1084 3727 1156 θαυμασθήσεται
3803 1087 3951 1160 παρὰ

2332 1171 2554 1242 πάντων,
2610 1169 2670 1223 οὗ
2717 1174 2890 1244 μόνον,
2956 1173 3022 1223 ὡς
3079 1170 3534 1245 κεκαλλωπισμένη
3605 1179 3719 1234 ταῖς
3773 1192 3952 1225 ποικι-

2333 1257 2467 1320 λίαις
2513 1267 2612 1312 τῶν
2661 1259 2873 1336 ἀρετῶν,
2919 1259 3048 1313 ἀλλὰ
3092 1266 3204 1327 καὶ,
3260 1264 3328 1324 ὡς
3384 1261 3711 1335 ἰσχυροτέρα
3769 1264 3952 1324 πάσης

2338 1346 2580 1408 έπιϐουλῆ
2592 1370 2632 1412 ς.

2411 1440 2507 1491 Διὰ
2559 1446 2712 1492 τοῦτο
2776 1471 2844 1481 -
2901 1438 3080 1500 αὐτῆς.
3136 1439 3407 1493 Βασιλείαν
3465 1447 3558 1492 τοῦ
3623 1445 3761 1494 Θεοῦ
3815 1441 3950 1513 λέγει

2340 1533 2435 1586 τήν
2513 1525 2802 1587 ἐπισκοπὴν
2883 1536 2975 1580 τοῦ
3063 1532 3210 1598 Θεοῦ,
3285 1529 3369 1602 ὑφ’
3458 1529 3521 1592 ἧς
3604 1531 3947 1606 ἑφρουροῦντο

2341 1615 2521 1678 Ἕθνος
2547 1613 2607 1669 δε
2635 1624 2816 1669 ποιοῦν
2841 1621 2958 1678 τοὺς
3007 1617 3186 1680 ἀξίους
3223 1617 3385 1680 αύτῆς
3414 1622 3662 1693 καρπούς,
3715 1623 3775 1672 τό
3805 1639 3946 1692 γενος

2339 1713 2440 1757 τῶν
2469 1713 2810 1780 Χριστιανῶν.

2594 1826 2663 1836 -
2729 1794 3206 1854 συνθλασθήσεται.
3262 1795 3321 1850 ’0
3390 1795 3706 1869 προσκόψας
3777 1797 3925 1866 αὐτῷ,

2341 1882 2520 1936 ἑαυτὸν
2553 1882 2768 1957 βλάψει,
2817 1889 2906 1937 καὶ
2935 1885 3030 1937 ούκ
3059 1883 3266 1950 ἐκεῖνον,
3295 1886 3321 1938 ὃ
3350 1887 3720 1940 πεπόνθασινοί
3747 1884 3922 1960 ἀρχιε-

2340 1979 2443 2047 ρεῖς
2471 1977 2561 2024 καὶ
2590 1975 2640 2025 οἱ
2662 1980 2987 2046 γραμματεῖς
3015 1978 3105 2026 καὶ
3134 1975 3184 2026 οἱ
3209 1972 3551 2049 πρεσϐύτεροι
3577 1983 3669 2027 τοῦ
3693 1974 3833 2027 λαοῦ.

2412 2061 2524 2132 Ἐφ’
2554 2093 2623 2102 -
2655 2062 2828 2118 αὐτόν.
2862 2061 2971 2134 Ἐφ’
3001 2064 3055 2114 ὃν
3097 2062 3160 2114 ἄν
3211 2063 3325 2134 (62)
3373 2061 3612 2136 βαρηση,
3659 2068 3936 2128 τουτέστιν,

2346 2150 2386 2220 ᾧ
2428 2150 2489 2201 ἄν
2525 2149 2774 2224 ὀργισθῇ,
2821 2151 3056 2204 λεπτυνεί
3104 2156 3195 2203 καὶ
3241 2147 3618 2226 διασκορπίσει
3651 2158 3740 2205 καὶ
3782 2150 3939 2214 ίξολοο

2349 2241 2553 2314 θρεύσει
2597 2239 2773 2304 αὐτὸν,
2807 2241 2834 2293 ὃ
2879 2245 3083 2312 γέγονεν
3118 2239 3191 2301 εἰς
3228 2239 3342 2293 ὂλον
3395 2244 3454 2294 τὸ
3499 2245 3641 2312 γένος
3682 2241 3794 2313 (63)
3843 2247 3940 2293 τῶν

2346 2323 2642 2394 Ἰουδαίων,
2695 2324 2990 2402 παραδοθεν
3045 2328 3113 2390 εἰς
3155 2327 3456 2403 πολιορκίαν
3504 2331 3618 2401 (64)
3667 2337 3778 2390 τοῖς
3825 2328 3942 2381 Ῥω-

2346 2424 2557 2490 μαῑκοίς
2587 2420 2966 2490 στρατεύμασι.

2421 2511 2522 2559 Καὶ
2568 2536 2636 2547 -
2672 2503 2836 2578 εἶχον.
2894 2513 3178 2578 Πανταχοῦ
3227 2509 3344 2568 τούς
3389 2505 3678 2578 ἀνθρώπους
3721 2501 3930 2574 φοϐοῦνο

2347 2614 2454 2660 ται,
2510 2600 2600 2648 καὶ
2669 2595 2729 2647 ού
2784 2598 2870 2647 τὸν
2933 2599 3081 2648 Θεόν.
3145 2594 3279 2649 Ἀλλ’
3329 2595 3354 2646 ὀ
3560 2593 3783 2666 Χριστός
3838 2594 3929 2641 καὶ

2347 2686 2437 2744 τὰς
2488 2681 2782 2758 παραϐολὰς
2835 2681 2960 2748 εἰπε,
3021 2688 3109 2736 καὶ
3147 2689 3240 2742 τὴν
3290 2685 3595 2756 προφητείαν
3649 2679 3931 2751 ἕπηγαγεν,

2351 2775 2434 2826 ἱνα
2464 2769 2821 2835 δειλιάσαντες
2868 2771 3210 2845 ἁηόσχωνται
3255 2781 3344 2833 τῆς
3390 2774 3647 2844 πονηρίας·
3699 2769 3850 2822 αὐτοὶ
3880 2764 3939 2821 δι

2349 2861 2540 2936 μᾶλλον
2587 2861 2850 2922 έζήτησαν
2905 2860 3092 2914 ἀνελεῖν
3144 2861 3320 2916 αύτόν.
3356 2866 3457 2915 Καὶ
3498 2865 3600 2933 μην
3645 2858 3937 2931 ἕγίνωσκεν,

2351 2954 2418 3013 ὡς
2467 2951 2526 3003 ού
2577 2950 3080 3023 μεταϐληθήσονται,
3135 2949 3262 3002 ἀλλὰ
3318 2957 3593 3022 πανταχοῦ
3642 2953 3701 3003 τό
3759 2947 3942 3001 ἑαυτοῦ

2350 3047 2506 3107 ποιεῖ,
2533 3035 2701 3112 μηδέν
2727 3038 2964 3093 έλλεὶπων
2993 3047 3092 3092 τῶν
3117 3041 3466 3099 καθηκόντων.

2462 3153 2606 3202 ΚΕΦ.
2640 3145 2766 3202 ΝΔ’.
2799 3151 2923 3221 Περὶ
2947 3154 3045 3199 τῶν
3067 3145 3390 3219 καλουμένων
3421 3146 3493 3209 εἰς
3520 3149 3606 3199 τόν
3633 3147 3823 3218 γάμον.

2425 3260 2523 3308 Καὶ
2595 3252 2895 3328 ἀποκριθεὶς
2958 3284 3028 3293 —
3083 3252 3262 3309 ἐλθεῖν.
3330 3253 3389 3307 Ἦ
3451 3256 3541 3325 μὶν
3605 3255 3706 3328 πρὸ
3759 3252 3948 3309 ταύτης

2352 3342 2637 3417 παραϐολὴ,
2689 3346 2753 3411 τὰ
2825 3346 2988 3416 μέχρι
3056 3349 3149 3395 τοῦ
3201 3351 3431 3418 σταυροῦ
3482 3339 3786 3415 διέγραψεν,
3847 3335 3949 3391 οἷον

2351 3438 2445 3492 τὴν
2475 3441 2566 3485 τοῦ
2592 3437 2718 3486 Θεοῦ
2769 3437 3034 3498 πρόνοιαν,
3074 3433 3106 3504 ᾖ
3157 3438 3287 3507 πρός
3337 3429 3624 3492 Ἰουδαίους
3670 3429 3947 3504 έκέχρητο,

2350 3527 2447 3580 τητ
2510 3525 2705 3574 τούτων
2771 3526 3236 3596 προφητοκτονίαν,
3309 3527 3399 3574 καὶ
3469 3521 3772 3586 τελευταῖον,
3856 3521 3949 3574 τὴν

2352 3608 2614 3683 αναίρεσιν
2661 3617 2755 3662 τοῦ
2803 3617 3058 3682 Σωτῆρος.
3117 3611 3245 3668 Δύτη
3291 3606 3369 3674 δι,
3418 3612 3448 3667 ἠ
3480 3617 3566 3661 νῦν
3610 3610 3942 3678 προκειμένη,

2350 3701 2416 3751 τὰ
2481 3701 2611 3771 μετὰ
2672 3702 2759 3750 τὸν
2819 3703 3042 3774 σταυρὸν
3099 3701 3463 3771 προσημαίνει,
3523 3693 3796 3768 βασιλείαν
3852 3696 3945 3764 μέν

2349 3788 2577 3860 οὐρανῶν
2627 3786 2963 3860 ὀνομάζουσα
3016 3790 3100 3839 τὸν
3151 3788 3271 3838 Θεόν
3323 3789 3411 3838 καὶ
3462 3784 3683 3856 Πάτέρα’
3743 3783 3944 3854 γάμους

2349 3873 2430 3944 δέ,
2487 3881 2582 3934 τὴν
2632 3881 2894 3949 μυστικὴν
2953 3877 3226 3948 συνοίφειαν
3294 3881 3384 3927 τοῦ
3452 3875 3574 3927 Υἱοῦ
3645 3874 3780 3944 πρὸς
3850 3873 3948 3928 τὴν

2348 3965 2659 4024 Ἐκκλησίαν
2705 3974 2805 4018 τῶν
2849 3973 3066 4018 πιστῶν.
3118 3967 3301 4022 Διττὴν
3351 3959 3410 4016 δι
3457 3969 3668 4034 νοοῦμεν
3714 3963 3809 4017 τὴν
3844 3979 3947 4011 τοι·

2349 4059 2510 4113 αύτην
2567 4057 2866 4128 συνάφειαν,
2925 4060 3018 4113 τὴν
3070 4055 3160 4127 μεν
3209 4051 3431 4106 ἐνταῦθα
3479 4054 3778 4125 γινομένην,
3839 4047 3950 4121 (65)

2349 4141 2445 4198 διὰ
2495 4148 2722 4205 πίστεως
2790 4148 2880 4195 καὶ
2938 4141 3151 4216 ἀρετῶν,
3224 4147 3317 4201 τὴν
3393 4138 3454 4195 δι
3524 4141 3631 4194 ἐκεῖ
3696 4138 3948 4196 τελεσθη-

2351 4236 2570 4304 σομένην
2640 4233 3072 4306 ύπερφυέστερον.
3169 4233 3373 4304 Γάμους
3457 4226 3516 4282 δι
3601 4232 3661 4282 τό
3736 4233 3957 4303 πρᾶγμα

2349 4321 2514 4381 καλεῖ,
2570 4317 2666 4373 διὰ
2706 4340 2760 4374 τε
2788 4325 2876 4372 τόν
2906 4321 3066 4373 αὐτοῦ
3113 4322 3293 4388 πόθον,
3339 4321 3391 4372 ὃν
3439 4319 3558 4391 ἔχει
3604 4322 3736 4394 πρὸς
3775 4316 3952 4380 αὐτὴν,

2349 4416 2436 4463 καὶ
2471 4407 2563 4463 διὰ
2592 4415 2686 4469 τὴν
2730 4405 2893 4471 αύτῆς
2934 4413 3130 4483 χαράν.
3180 4414 3280 4462 Καὶ
3327 4411 3428 4483 γὰρ
3460 4413 3554 4462 καὶ
3584 4411 3610 4462 ὁ
3660 4408 3957 4464 Βαπτιστὴς

583 4495 639 4548 et
649 4472 917 4564 Baptista
927 4472 1220 4562 sponsum
1231 4491 1398 4549 illum
1411 4472 1752 4566 appellavit.
1770 4495 1984 4553 Servos
1997 4472 2236 4571 quoque

2349 4504 2564 4572 νυμφίον
2619 4498 2774 4550 αύτόν
2821 4472 3234 4572 προσηγόρευσε*
3284 4472 3507 4560 δούλους
3556 4495 3617 4552 δε
3668 4497 3802 4569 λέγει
3844 4497 3956 4552 τοὺς

581 4578 725 4634 dicit
761 4579 1092 4651 apostolos,
1124 4580 1232 4652 qui
1260 4581 1524 4652 primum
1559 4583 1986 4656 Hierosolymis
2025 4586 2242 4643 docue-

582 4670 740 4721 runt.
762 4667 1047 4723 lnvitatos
1069 4683 1231 4735 vero,
1252 4669 1489 4725 Judteos
1509 4670 1612 4742 qui
1639 4669 1903 4742 primum
1933 4672 2007 4729 ad
2040 4673 2139 4745 huj
2152 4691 2240 4730 us-

584 4753 749 4810 modi
773 4755 1008 4827 nuptias
1037 4756 1272 4814 fuerant
1310 4757 1558 4825 invitati,
1591 4757 1736 4815 olim
1757 4759 2005 4830 quidem
2045 4777 2084 4818 a
2111 4779 2245 4835 pro-

584 4843 797 4917 phetis,
827 4845 1219 4915 postmodum
1251 4863 1287 4902 a
1311 4846 1580 4920 Baptista
1609 4865 1623 4906 :
1655 4846 1951 4920 siquidem
1976 4851 2057 4908 ad
2081 4851 2243 4910 hunc

2352 4587 2692 4658 ἀποστόλους,
2753 4589 2936 4650 οἰτινες
2992 4595 3194 4659 πρῶτον
3248 4585 3298 4638 έν
3339 4585 3724 4660 Ἰεροσολύμοις
3777 4579 3955 4638 ἐδίδα-

2353 4677 2462 4741 ξαν·
2508 4676 2848 4748 κεκλημένους
2892 4672 2970 4741 δι,
3008 4679 3126 4736 τούς
3175 4670 3488 4740 Ἰουδαίους,
3537 4678 3590 4729 οἳ
3641 4673 3956 4749 προεκλήθησ

2356 4785 2451 4818 σαν
2491 4764 2562 4826 εἰς
2605 4769 2727 4827 τοὺς
2769 4767 3030 4825 τοιούτους
3075 4766 3296 4836 γάμους,
3351 4761 3516 4816 πάλαι
3573 4768 3666 4838 μεν
3715 4765 3815 4816 ύπὸ
3861 4767 3955 4812 τῶν

2353 4862 2651 4930 προφητῶν,
2684 4853 2896 4930 ύστερον
2927 4850 2987 4906 δι
3015 4854 3116 4906 ύπό
3158 4857 3252 4905 τοῦ
3278 4857 3601 4907 Βαπτιστοῦο
3647 4857 3774 4927 πρὸς
3818 4848 3956 4924 (66).

1802 5053 2026 5124 Variae
2055 5056 2385 5128 lectiones
2421 5065 2489 5127 et
2527 5066 2729 5126 notae.

655 5269 771 5353 (62)
814 5271 1031 5353 Forma
1058 5270 1346 5353 loquendi
1375 5271 1678 5353 insolens.
1699 5281 2074 5353 λΒαρεῖν-θζεο
2108 5279 2169 5337 h.
2199 5279 2240 5353 I_.

587 5340 679 5422 est
876 5340 1080 5422 βαρέως
1099 5340 1351 5422 fimus.
1375 5343 1484 5417 Ἐφ’
1610 5340 1829 5422 δτιιίθῐὰΔ
1867 5340 2034 5415 dixit:
2075 5351 2244 5422 quod

586 5414 789 5496 ita‘est
807 5414 1071 5470 intexta.
1099 5414 1163 5496 In
1195 5414 1453 5496 mentem
1478 5415 1654 5496 alicui
1703 5419 1898 5496 venire
1926 5414 2114 5496 possit
2138 5420 2240 5496 βα-

587 5487 907 5566 ρυθυμῂρη,
964 5490 1207 5566 propter
1284 5487 1542 5566 vicinum
1610 5492 1859 5566 ὀργισθῇ.
1928 5487 2066 5548 ’5θά
2138 5487 2243 5566 ’βα-

587 5557 730 5632 ρήση
764 5557 1085 5611 Hentenius
1109 5571 1352 5629 quoque
1371 5557 1603 5615 videtur
1631 5557 1863 5633 legisse.

799 5625 886 5688 Εἰς
916 5628 975 5698 τὸ
998 5625 1119 5698 ῥλον
1143 5629 1308 5698 γένος.
1342 5628 1408 5685 Β.

686 5628 777 5698 63)
799 5628 886 5688 Εἰς
916 5628 975 5678 τὸ
1007 5628 1119 5678 ὅλον
1143 5628 1308 5698 γένος.
1342 5628 1408 5685 Β.
1689 5628 1716 5633 ’

663 5628 777 5770 (64)
797 5701 878 5752 Ac
903 5696 952 5752 si
985 5692 1287 5770 διαρπαγὴν
1315 5699 1524 5772 legerit
1550 5702 1862 5776 interpres.

2449 5279 2994 5360 iﬁlfmrﬁvrwn-
3147 5349 3164 5360 .
3237 5350 3249 5360 .
3357 5349 3370 5360 .
3632 5355 3642 5360 _
3733 5349 3745 5360 .
3876 5342 3932 5360 ..

2447 5349 2535 5423 66)
2555 5355 2687 5423 Non
2699 5349 3122 5423 cepitsensum
3147 5349 3469 5423 hujusloci
3501 5349 3836 5418 Henteuius,
3863 5349 3957 5423 ᾼὺο

2349 5419 2456 5488 τόν,
2477 5419 2724 5480 refertur
2748 5419 2820 5476 ad
2847 5421 3166 5487 Christum,
3191 5419 3298 5492 seu
3323 5422 3628 5492 Sponsum
3649 5438 3665 5487 ;
3693 5419 3956 5492 παραπέμ·

2348 5487 2481 5568 πειν,
2515 5493 2602 5568 ad
2634 5491 2959 5568 prophetas
2994 5499 3052 5549 et
3099 5487 3460 5568 Baptistain;
3494 5492 3710 5568 αύτούς,
3864 5487 3954 5568 {u-

2349 5563 2534 5622 deeos.
2557 5558 2704 5620 Na'm
2726 5558 3034 5637 pmpheue
3054 5568 3109 5620 et
3127 5558 3392 5635 Baptista
3407 5561 3651 5619 Iudaeos
3671 5558 3751 5618 ad
3772 5558 3955 5616 Chris-

2349 5641 2476 5692 tum
2504 5635 2827 5692 ducebant.

2347 5641 2476 5692 tum
2504 5641 2827 5692 ducebant.
