4198 6450
241 405 337 458 569
1157 403 1532 462 COMMENT.
1581 401 1649 457 IN
1692 398 1817 456 ΜΑἿ

1934 398 2141 456 UEUM.
2184 434 2252 444 —
2289 403 2450 465 CAP.
2498 406 2679 463 XXII.

1333 531 1411 581 ἔτι
1481 525 1540 581 δε
1591 531 1677 579 καὶ
1736 524 1817 576 ύπ¹

1936 525 2223 596 populum
2249 529 2405 600 ipsos
2424 547 2622 585 servos
2645 531 2971 585 transmisit
3006 533 3321 603 :praaterea
3353 545 3593 600 quoque

241 526 382 578 αὑτὸν
461 528 566 600 γὰρ
641 526 829 588 αύτούς
897 531 1250 602 παρέπεμπονο

240 616 389 669 αὐτοῦ
435 623 531 668 τοῦ
597 620 837 688 νυμφίου,
894 620 994 669 Καὶ
1047 619 1145 690 ὅρα
1203 622 1293 677 τὴν
1349 623 1536 670 κακίαν
1586 620 1674 690 μέν
1725 624 1825 668 τῶν

242 701 524 773 Ἰουδαίων,
604 702 909 776 ἀγαθότητα
985 703 1045 759 δέ
1125 714 1218 760 τοῦ
1285 715 1543 781 Σωτῆρος.
1608 704 1827 760 Ἀνείλον

237 792 383 846 αύτόν
440 790 638 845 ἕκεῖνοι·
699 794 725 845 ὁ
787 789 848 846 δε
892 798 983 846 καὶ
1036 802 1202 867 φονεῖς
1252 799 1398 857 ὄντας
1454 795 1613 849 αὐτοῦ
1675 793 1829 847 πάλιν

237 881 375 935 καλεῖ
422 883 555 956 πρὸς
605 881 927 955 εύφρόσύνην
975 883 1201 951 αἰώνιον,
1265 886 1317 937 οἱ
1369 881 1429 938 δε
1485 881 1826 943 ἀποπηδῶσι.

302 1074 463 1129 Πάλιν
535 1105 607 1115 -
680 1076 902 1147 γάμους.
972 1080 1255 1151 Προτέρους
1307 1079 1399 1151 μὶν
1454 1074 1673 1138 δούλους
1727 1080 1831 1129 νόει

240 1167 341 1226 τοὺς
381 1167 507 1237 περί
560 1166 775 1239 Πέτρονο
835 1165 1081 1237 ὑστέρους
1134 1162 1214 1234 δέ,
1269 1169 1386 1227 τοὺς
1430 1171 1545 1241 περὶ
1605 1164 1826 1219 Παῦλον.

238 1252 469 1330 Ἀριστον
520 1248 581 1306 δε
622 1256 714 1306 καὶ
752 1255 977 1329 ταύρους
1030 1259 1121 1307 καὶ
1171 1257 1383 1308 σιτιστὰ
1418 1258 1692 1327 τεθυμένα,
1730 1258 1828 1307 εἶτ-

241 1363 332 1410 ουν,
382 1341 795 1416 ηὐτρεπισμένα,
853 1345 1049 1415 εἴρηκε,
1102 1346 1237 1396 κατὰ
1280 1347 1339 1396 τὸ
1383 1342 1432 1396 έν
1482 1351 1587 1405 τοῖς
1641 1346 1829 1416 γάμοις

245 1434 357 1493 έθος.
399 1427 519 1484 Εἶεν
574 1426 623 1482 δ’
684 1430 745 1483 ἂν
795 1438 966 1484 ταῦτα
1008 1431 1230 1485 ένταῦθα
1272 1436 1381 1505 μεν,
1434 1435 1463 1491 ἠ
1514 1438 1680 1507 τρυφὴ
1728 1440 1828 1485 τῶν

250 1522 373 1573 θείων
401 1515 704 1591 δογμάτωνο
758 1520 865 1572 ἐκεῖ
892 1515 972 1584 δε,
1024 1522 1055 1578 ἠ
1099 1521 1332 1593 ούράνιος
1361 1526 1525 1595 τρυφὴ
1575 1527 1663 1573 καὶ
1702 1520 1828 1574 ἀπο-

248 1608 422 1670 λαυσις.
467 1610 566 1661 Διὰ
613 1604 674 1661 δε
702 1615 804 1660 τῶν
848 1611 1051 1684 ταύρων
1099 1614 1186 1661 καὶ
1228 1618 1328 1662 τῶν
1374 1619 1621 1663 σιτιστῶν
1663 1614 1722 1663 τὸ
1752 1632 1826 1683 γι·

250 1698 428 1771 λότιμον
455 1702 545 1749 καὶ
570 1696 845 1760 πολυτελὶς
870 1706 965 1760 τῆς
994 1698 1225 1771 εὐωχίας
1249 1698 1565 1772 ἕμφαίνεται.

321 1894 377 1944 Οἱ
442 1923 511 1934 -
583 1891 765 1946 αὑτοῦ.
854 1899 1341 1966 Καταφρονήσαντες
1408 1903 1500 1956 τῆς
1572 1894 1825 1960 κλήσεως,

269 1980 457 2039 ἀπῆλθον
500 1981 573 2043 εἰς
628 1983 697 2033 τὰ
734 1980 899 2034 οἰκεῖα
940 1984 1088 2055 έργα,
1138 1987 1428 2047 τουτέστιν,
1477 1987 1680 2056 εἴχοντο
1726 1992 1825 2036 τῶν

276 2075 515 2145 προτέρων.

327 2161 382 2210 Οἱ
430 2157 488 2211 δε
536 2159 705 2211 λοιποὶ
749 2186 809 2200 -
876 2157 1202 2216 ἀπέκτειναν.
1264 2159 1336 2213 "ﬂ.
1383 2169 1476 2223 τῆς
1529 2159 1825 2233 ἀναισχυν-

263 2251 368 2308 τίας
392 2247 409 2301 l
437 2247 493 2298 ού
544 2250 689 2318 μόνον
724 2247 808 2299 οὐκ
838 2244 1014 2312 ἦλθον,
1047 2247 1177 2300 ἀλλά
1216 2255 1307 2303 καὶ
1343 2253 1461 2310 τούς
1501 2248 1823 2323 ἀπεσταλμέ-

272 2353 381 2395 νους
447 2337 568 2409 πρὸς
636 2334 805 2397 αὐτούς
865 2335 1089 2409 ῦϐρισαν
1147 2342 1237 2390 καὶ
1322 2337 1641 2393 ἀπέκτειναν.
1726 2344 1825 2392 Καὶ

275 2420 319 2472 έν
364 2424 446 2493 μὲν
518 2431 577 2495 τῇ
648 2423 979 2498 προλαϐούση
1049 2425 1319 2499 παραϐολῇ
1379 2429 1429 2480 οἱ
1493 2426 1826 2491 ἀπαιτοῦντες

270 2513 372 2571 τούς
410 2515 626 2583 καρπούς
677 2511 1001 2586 ἐσφάγησαν·
1054 2513 1104 2567 έν
1153 2518 1318 2588 ταύτῃ
1371 2512 1431 2569 δε
1477 2518 1526 2569 οἱ
1556 2516 1826 2580 καλοῦντες

256 2597 317 2659 εἰς
344 2602 447 2662 τοὺς
485 2602 708 2673 γάμους.
760 2607 823 2655 Ti
852 2605 1045 2664 ταύτης
1084 2610 1197 2656 ἶσον
1229 2612 1323 2667 τῆς
1365 2610 1588 2678 μανίας;
1618 2612 1777 2659 Ὅσον
1798 2607 1823 2659 ὁ

250 2684 470 2758 βασιλεὺς
529 2689 885 2764 ἐμακροθύμει
949 2696 1039 2744 καὶ
1099 2690 1591 2766 ἄφιλανθρωπεύετο,
1644 2704 1824 2748 τοσοῦ-

249 2794 321 2826 τον
354 2777 483 2830 οὗτοι
522 2777 899 2853 ἐσκληρύνοντο
937 2785 1027 2832 καὶ
1052 2781 1345 2855 ἠγρίαινον.

310 2889 398 2937 Καὶ
449 2887 687 2947 ἀκούσας
742 2917 813 2927 -
863 2884 1157 2961 ένέπρησεν.
1214 2886 1327 2942 Ἴδε
1374 2886 1688 2962 κηδεμονίαν
1735 2898 1825 2946 καὶ

242 2974 586 3047 μακροθυμίαν
678 2975 894 3047 ἄφατον.
985 2976 1291 3048 Ἐφύτευσεν
1388 2977 1663 3049 ἀμπελῶνα
1735 2988 1825 3035 καὶ

242 3059 522 3135 ἆπηρτισεν,
563 3059 779 3126 έξέδοτο
826 3063 983 3116 αὐτὸν
1031 3073 1279 3139 γεωργοῖς
1321 3073 1415 3119 καῖ
1459 3065 1819 3142 ἀπεδήμησεν,

239 3146 504 3204 ἀπέστειλεν
550 3150 606 3205 έν
656 3160 825 3226 καιρῷ
871 3148 1089 3214 δούλους
1130 3152 1362 3206 ἀπαιτῶν
1411 3159 1529 3217 τοὺς
1567 3161 1818 3232 καρπούς.

3490 407 3596 461 570

1935 617 1992 669 et
2020 614 2098 670 ab
2128 615 2259 688 ipso
2290 633 2541 691 sponso.
2561 620 2769 676 Etvide
2795 620 2934 675 hinc
2960 619 3207 692 quidem
3246 617 3591 675 Judaeorum

1935 704 2310 777 pravitatem,
2356 707 2516 765 illinc
2546 713 2744 765 autem
2778 708 3095 765 Salvatoris
3125 706 3476 763 bonitatem.
3509 707 3592 764 illi

1938 792 2095 849 enim
2135 794 2500 861 occiderunt,
2531 798 2653 869 ipse
2676 813 2818 853 vero
2849 813 2988 853 cum
3018 800 3220 852 essent
3247 795 3588 865 homicidae,

1938 896 2180 939 rursum
2217 892 2386 941 vocat
2416 902 2521 941 eos
2567 886 2644 942 ad
2676 885 2970 956 gaudium
3024 884 3477 957 sempiternum,
3509 884 3590 941 illi

1942 974 2142 1026 autem
2176 972 2254 1028 ab
2284 988 2356 1029 eo
2380 974 2669 1031 resiliunt.

2011 1091 2173 1142 vers.
2203 1081 2255 1144 4,
2281 1080 2537 1136 Rursum
2564 1112 2633 1123 —
2657 1081 2911 1150 nuptias.
2938 1078 3164 1135 Priores
3192 1078 3439 1152 quidem
3474 1094 3591 1134 ser-

1939 1180 2047 1221 vos
2075 1165 2345 1238 intelligit
2375 1169 2634 1238 Petrum,
2675 1175 2731 1225 et
2755 1169 2857 1242 qui
2888 1184 3027 1224 cum
3053 1183 3124 1225 eo
3154 1171 3322 1223 erant
3354 1183 3368 1233 ;
3396 1172 3593 1239 poste-

1937 1254 2122 1310 riores
2160 1271 2297 1312 vero
2327 1257 2576 1313 Paulum
2613 1264 2668 1313 et
2720 1273 2887 1313 suos.
2947 1255 3269 1313 Prandium
3308 1260 3503 1311 autem
3535 1262 3593 1316 et

1939 1347 2140 1398 tauros
2162 1350 2218 1400 et
2243 1345 2427 1402 altilia
2456 1352 2717 1402 mactata
2738 1347 2861 1401 sive
2880 1351 3089 1417 parata
3118 1345 3265 1400 dixit
3284 1345 3453 1416 juxta
3476 1362 3592 1401 mo-

1940 1447 2064 1488 rem
2085 1434 2181 1505 qui
2206 1434 2426 1490 servari
2450 1436 2594 1491 solet
2623 1436 2680 1491 in
2713 1435 2953 1507 nuptiis.
2986 1437 3052 1491 Et
3078 1434 3170 1490 hic
3199 1434 3444 1507 quidem
3471 1434 3589 1490 dici

1938 1528 2191 1592 possunt
2231 1522 2452 1578 deliciie
2482 1524 2823 1579 divinorum
2856 1524 3211 1595 dogmatum
3246 1540 3259 1588 ;
3288 1523 3346 1578 in
3394 1523 3589 1578 futuro

1940 1613 2135 1665 autem
2160 1610 2399 1667 cceleste
2430 1612 2719 1681 gaudium
2748 1628 2820 1667 ac
2836 1612 3062 1667 fruitio.
3094 1612 3204 1666 Per
3223 1616 3427 1666 tauros
3451 1626 3589 1667 vero

1938 1702 1993 1753 et
2021 1698 2201 1755 altilia
2234 1701 2569 1771 pretiositas
2600 1716 2669 1757 ac
2720 1699 3157 1770 magnificentia
3201 1699 3459 1755 convivii
3490 1700 3587 1754 de—

1938 1786 2218 1844 claratur.

1868 1876 1908 1930 Β
2007 1893 2172 1949 Vers.
2204 1895 2258 1949 5.
2294 1895 2393 1950 Itti
2412 1911 2681 1952 —suam.
2707 1898 3106 1967 Despexerunt
3134 1893 3584 1961 invitationem;

1935 1981 2209 2038 abierunt
2228 1982 2307 2038 ad
2332 1982 2578 2056 propria
2588 1999 2790 2056 opera,
2806 1983 2920 2040 hoc
2948 1987 3055 2055 est,
3072 1981 3293 2039 detenti
3316 1986 3454 2038 sunt
3474 1981 3584 2047 his,

1934 2081 2066 2138 quas
2090 2065 2288 2135 priora
2326 2082 2397 2123 ac
2435 2068 2666 2139 potiora
2690 2066 3018 2125 habebant.

2008 2155 2167 2211 Vers.
2195 2155 2252 2211 6.
2274 2156 2502 2228 Reliqui
2514 2172 2650 2213 vero
2679 2186 2748 2197 —
2767 2157 3133 2212 occiderunt.
3183 2156 3226 2211 Ο
3273 2154 3584 2221 impuden-

1938 2242 2078 2299 tiam
2112 2244 2127 2299 l
2160 2258 2280 2299 non
2312 2243 2506 2300 solum
2543 2260 2662 2300 non
2691 2248 3001 2311 venerunt,
3036 2243 3144 2300 sed
3171 2247 3229 2299 et
3251 2259 3353 2300 eos
3379 2243 3483 2315 qui
3507 2242 3586 2299 ad

1937 2348 2001 2388 se
2019 2332 2181 2388 missi
2199 2336 2386 2399 erant,
2419 2333 2776 2389 contumelia
2796 2331 3119 2389 affecerunt
3145 2338 3201 2389 et
3224 2331 3582 2388 occiderunt.

1936 2423 2002 2476 Et
2018 2421 2074 2476 in
2092 2421 2447 2493 praecedenti
2470 2422 2709 2493 quidem
2722 2422 3013 2494 parabole
3031 2421 3110 2477 illi
3138 2421 3396 2492 jugulati
3424 2425 3582 2486 sunt,

1934 2509 2038 2582 qui
2067 2508 2291 2566 fructus
2306 2511 2672 2582 repetebant,
2696 2510 2755 2566 in
2774 2512 2888 2567 hac
2899 2517 3097 2567 autem
3119 2511 3224 2583 qui
3253 2509 3330 2565 ad
3348 2510 3585 2581 nuptias

1934 2598 2253 2655 vocabant.
2273 2600 2423 2665 Quid
2450 2600 2590 2656 huic
2619 2600 2869 2656 insanias
2907 2599 3133 2672 aequari
3166 2600 3373 2671 poterit
3399 2600 3430 2652 ?
3454 2601 3585 2665 Quo

1936 2687 2131 2757 magis
2152 2703 2254 2743 rex
2271 2688 2501 2760 patiens
2517 2694 2606 2744 est
2628 2693 2686 2745 et
2722 2689 3026 2755 humanis,
3048 2704 3120 2744 eo
3161 2688 3433 2745 duriores
3460 2688 3587 2745 effl-

1934 2775 2172 2832 ciuntur
2198 2776 2261 2833 hi
2293 2792 2364 2833 ac
2392 2776 2723 2834 ferociores.

2005 2884 2163 2939 Vers.
2178 2886 2232 2940 7.
2248 2884 2587 2957 Cumque—
2602 2886 2927 2942 succendit.
2942 2884 3086 2941 Vide
3100 2884 3583 2955 gubernationem

1935 2971 2063 3043 (uu)
2085 2988 2156 3028 ac
2170 2973 2542 3030 tolerantiam
2560 2974 2941 3031 ineffabilem.
2959 2974 3243 3031 Plantavit
3271 2975 3511 3031 vineam
3528 2981 3585 3031 et

1934 3061 2010 3116 ad
2043 3060 2361 3132 perfectum
2406 3064 2716 3135 perduxit;
2751 3064 2995 3119 tradidit
3030 3079 3157 3119 eam
3197 3063 3494 3134 agricolis,
3529 3068 3586 3121 et

1931 3165 2177 3221 peregre
2216 3153 2512 3221 profectus
2541 3156 2646 3208 est.
2704 3154 2911 3210 Emisit
2947 3154 3007 3207 in
3060 3158 3324 3224 tempore
3378 3169 3583 3209 servos

234 3241 413 3289 Τούτων
473 3241 875 3315 ἀναιρεθέντων,
939 3240 1230 3296 ἀπέστειλεν
1283 3242 1485 3307 ἄλλους,
1541 3252 1640 3299 Καὶ
1700 3251 1817 3300 τού-

1934 3243 2205 3309 repetens
2227 3240 2450 3295 fructus
2475 3240 2596 3295 :his
2618 3240 2954 3305 interfectis,
2974 3240 3173 3295 emisit
3188 3241 3338 3296 alios
3364 3258 3377 3307 ;
3402 3243 3581 3297 etiam

236 3344 319 3376 των
358 3334 681 3402 σφαγέντων,
737 3328 959 3402 ἔπεμψεν
1012 3331 1167 3384 αὐτὸν
1219 3335 1305 3385 τὸν
1354 3336 1465 3386 υἱὸν
1525 3334 1684 3387 αὐτοῦ
1732 3341 1819 3390 τὸν

235 3410 494 3485 ἀγαπητὸν.
573 3419 685 3473 Καὶ
737 3421 923 3470 τούτου
985 3422 1330 3491 φονευθέντος,
1388 3422 1662 3494 ἠνέσχετο,
1729 3431 1819 3478 καὶ

231 3503 394 3573 μᾶλλον
441 3505 762 3568 ἀποστείλας
820 3503 1059 3574 δούλους,
1111 3508 1318 3562 έκάλεσε
1355 3514 1479 3573 τοὺς
1529 3519 1689 3584 φονεῖς
1752 3513 1819 3575 εἰς

229 3591 430 3665 εὐωχίαν
491 3595 857 3654 ἀτελευτητον.
917 3596 1028 3649 Ούκ
1088 3597 1348 3657 ἠθελησαν
1413 3598 1592 3655 ἐλθεῖν.
1659 3600 1817 3653 Πάλιν

231 3678 405 3754 ἐτέρους
448 3684 780 3740 ἀπέστειλεν.
831 3687 898 3738 Οἱ
948 3683 1007 3738 δε
1041 3691 1132 3738 καὶ
1193 3690 1410 3750 τούτους
1452 3686 1663 3744 ἀνεῖλον.
1718 3694 1815 3743 Τό-

634 3776 701 3834 ὡς
784 3772 970 3827 ἀνίατα
1049 3782 1350 3843 νοσοῦντας,
1426 3775 1625 3850 ἀναιρεί
1696 3782 1819 3842 τούς

224 3866 583 3939 παμπονήρους
640 3867 732 3915 καὶ
787 3865 1029 3936 μιαρόύς.
1103 3864 1471 3939 Στρατεύματα
1528 3865 1587 3921 δε
1655 3869 1818 3922 αὐτοῦ

222 3966 307 4002 νοει
371 3954 435 4003 τά
515 3952 900 4025 στρατεύματα
960 3961 1061 4005 τῶν
1113 3953 1395 4027 Ῥωμαίων
1455 3958 1643 4020 πάντες
1714 3961 1816 4033 γὰρ

219 4046 296 4089 τοῦ
339 4045 464 4093 Θεοῦ
514 4041 661 4094 εἰσιν
712 4043 847 4093 κατὰ
889 4044 978 4094 τὸν
1024 4041 1172 4113 λόγον
1210 4051 1301 4104 τῆς
1350 4040 1718 4120 δημιουργίας·
1761 4048 1813 4114 ἄ,

219 4123 289 4179 iri
368 4130 787 4183 Οὐεσπασιανοῦ
862 4134 953 4182 καί
1038 4133 1213 4198 Τίτου,
1290 4138 1380 4186 καὶ
1455 4138 1572 4196 τοὺς
1652 4144 1815 4209 φονεῖς

217 4219 544 4290 κατέσφαξαν,
600 4222 696 4270 καὶ
746 4223 841 4278 τὴν
888 4219 1039 4271 πόλιν
1092 4220 1277 4287 αύτῶν,
1340 4225 1408 4275 τὰ
1456 4223 1810 4299 Ἰεροσόλυμα,

218 4308 375 4381 ὸέπρη
384 4326 502 4364 σαν.

227 3788 269 3822 τε
340 3771 531 3845 λοιπὸν,

1928 3325 2022 3381 his
2049 3326 2354 3396 jugulatis,
2402 3344 2581 3383 suum
2648 3327 2808 3383 misit
2862 3328 3053 3384 ﬁlium
3101 3328 3380 3384 dilectum
3413 3345 3427 3393 ;
3459 3345 3582 3401 quo

1927 3413 2107 3469 etiam
2160 3415 2459 3485 jugulato,
2521 3416 2807 3487 patienter
2871 3416 3190 3482 sustinuit;
3222 3416 3345 3471 imo
3385 3416 3582 3471 missis

1928 3502 2115 3558 servis
2154 3502 2492 3559 homicidas
2521 3504 2599 3560 ad
2631 3504 2920 3575 gaudium
2951 3509 3240 3561 aeternum
3269 3504 3579 3572 invitavit;

1924 3591 2246 3648 noluerunt
2267 3592 2487 3650 venire.
2520 3595 2740 3648 Rursus
2765 3592 2915 3649 alios
2946 3592 3105 3649 misit
3136 3613 3151 3661 ;
3185 3592 3261 3648 illi
3296 3596 3498 3649 autem
3526 3598 3584 3650 et

1925 3679 2037 3736 hos
2061 3680 2502 3737 interfecerunt.
2519 3682 2683 3737 Tunc
2708 3682 2957 3739 demum
2972 3682 3147 3755 quasi
3170 3680 3581 3739 insanabiliter

1926 3774 2305 3839 aegrotantes,
2335 3769 2923 3827 occiditscelestosac
2950 3770 3374 3842 perditosillos.
3407 3770 3580 3827 Exer-

1926 3858 2077 3915 citus
2097 3875 2240 3915 vero
2296 3860 2426 3930 ejus
2491 3860 2748 3930 intellige
2805 3861 3095 3917 exercitus
3135 3864 3572 3918 Romanorum.

1927 3950 2147 4005 Omnes
2176 3949 2337 4005 enim
2382 3949 2485 4005 Dei
2534 3956 2674 4006 sunt
2714 3949 2943 4006 ratione
2976 3951 3292 4007 creationis
3329 3950 3434 4023 qui
3465 3950 3580 4006 sub

1927 4038 2283 4109 Vespasiano
2308 4042 2365 4093 et
2409 4038 2536 4094 Tito
2590 4038 2922 4095 homicidas
2943 4040 3316 4110 jugularunt,
3344 4057 3414 4097 ac
3444 4039 3581 4095 civi-

1926 4129 2107 4181 tatem
2139 4142 2345 4182 eorum
2378 4127 2782 4197 Hierosolyma
2811 4128 3268 4184 succenderunt.

269 4416 386 4465 Τότε
436 4445 508 4457 -
577 4414 807 4487 γάμους.
862 4411 1138 4478 Διεξόδους
1192 4424 1292 4468 τῶν
1346 4414 1481 4470 ὁδῶν
1536 4418 1668 4491 λέγει
1718 4424 1810 4486 τὰς

1992 4424 2159 4481 Vers.
2202 4429 2254 4481 8.
2293 4428 2455 4483 Tunc
2482 4459 2551 4467 —
2578 4426 2742 4482 Vers.
2771 4431 2823 4483 9.
2874 4427 3123 4498 nuptias.
3198 4424 3399 4483 Exitus
3451 4427 3576 4484 via-

216 4497 361 4561 πὸλεις
410 4506 505 4555 καὶ
592 4506 779 4573 κώμας
850 4510 950 4554 τῶν
1026 4501 1199 4557 έθνῶν.
1260 4504 1533 4569 Διεξόδους
1595 4505 1654 4561 δε
1713 4519 1810 4563 τῶν

216 4582 330 4637 ὁδῶν
380 4593 583 4651 ταύτας
639 4590 896 4661 ὠνόμασε,
952 4586 1126 4649 δηλῶν
1174 4596 1232 4646 τὸ
1288 4595 1661 4670 ἀπερριμμένον
1710 4606 1809 4649 τῶν

216 4668 363 4731 ὶθνῶν.
411 4678 496 4731 Ἐν
541 4684 668 4738 ταῖς
707 4674 966 4741 διεξόδοις
993 4682 1093 4752 γὰρ
1139 4683 1188 4733 οἱ
1230 4680 1597 4757 ἀπερριμμένοι
1628 4705 1808 4738 κατοι-

213 4770 363 4820 κοῦσι.
414 4775 643 4842 Πρῶτον
829 4770 931 4842 γὰρ
981 4770 1031 4820 οἱ
1072 4768 1354 4823 ἀπόστολοι
1391 4781 1502 4833 τοῖς
1536 4771 1809 4837 Ἰουδαίοις

213 4850 504 4927 ἱιήρυσσον,
578 4859 659 4909 ἔτι
710 4856 840 4929 παρ’
890 4856 1063 4918 αὐτοῖς
1111 4862 1262 4920 ὄντες·
1318 4858 1425 4913 ἐπεὶ
1469 4859 1527 4915 δε
1576 4862 1810 4923 ἀπηλαύ-

209 4957 351 5008 νοντο,
428 4950 568 5018 φησί
648 4948 780 5020 πρὸς
856 4945 1046 5009 αύτούς
1125 4949 1151 4999 ὁ
1226 4948 1443 5010 Παῦλος
1520 4953 1665 5020 ’Υμῖν
1746 4951 1806 5012 ἧν

211 5022 470 5100 ἇωαγκαῖον
540 5033 673 5107 (67)
738 5041 944 5106 πρῶτον
1007 5034 1294 5095 λαληθῆναι
1352 5041 1439 5089 τὸν
1503 5038 1650 5111 λόγον
1711 5050 1803 5095 τοῦ

208 5121 341 5170 Θεοῦ’
395 5118 586 5181 έπειδὴ
657 5118 717 5174 δε
792 5120 1034 5187 ἀναξίους
1099 5124 1310 5187 ἑαυτούς
1375 5125 1622 5200 ἐκρίνατε,
1683 5126 1801 5182 ἰδού

208 5212 515 5282 στρεφόμεθα
541 5210 617 5272 εἰς
647 5212 715 5264 τὰ
733 5212 874 5271 έθνη.

266 5340 311 5373 ’⁸
338 5344 621 5412 Act.x1n,
647 5345 743 5402 46.

1920 4528 2053 4569 rum
2082 4513 2221 4571 dicit
2249 4515 2509 4571 civitates
2544 4520 2601 4571 et
2628 4516 2792 4571 vicos
2828 4514 3115 4586 gentium,
3164 4532 3300 4589 quae
3340 4515 3575 4573 vocavit

1921 4603 2121 4659 Exitus
2162 4604 2417 4669 viarum,
2450 4604 2799 4675 signiﬁcans
2830 4604 3226 4676 abjectionem
3258 4606 3527 4677 gentium
3556 4625 3570 4676 ;

1919 4690 1979 4745 in
2010 4691 2264 4747 exitibus
2294 4691 2455 4748 enim
2505 4693 2721 4764 abjecti
2776 4700 3242 4751 commorantur.
3306 4694 3574 4751 Primum

1920 4778 2216 4851 siquidem
2240 4779 2492 4852 apostoli
2516 4780 2732 4836 Iudicis
2758 4781 3186 4853 praedicabant,
3207 4799 3346 4839 cum
3374 4784 3573 4841 adhuc

1917 4868 2080 4939 apud
2110 4884 2213 4924 eos
2239 4876 2451 4925 essent.
2485 4869 2813 4942 Postquam
2844 4876 3046 4927 autem
3090 4871 3220 4928 illos
3244 4873 3568 4940 ejecerunt,

1916 4956 2055 5012 dicit
2078 4956 2148 5011 lis
2168 4957 2425 5013 Paulus:
2470 4958 2641 5014 Vobis
2682 4961 2943 5028 oportuit
2968 4960 3230 5031 primum
3263 4962 3424 5034 loqui
3447 4977 3573 5021 ver-

1916 5044 2052 5100 bum
2078 5046 2191 5101 Dei
2219 5061 2233 5101 :
2266 5046 2404 5118 quia
2431 5052 2627 5103 autem
2656 5047 2936 5118 indignos
2965 5064 3064 5106 vos
3077 5050 3415 5120 judicastis,
3441 5066 3572 5109 ecce

1908 5135 2302 5191 convertimur
2326 5135 2408 5192 ad
2422 5142 2620 5207 gentes
2648 5137 2719 5193 ⁷⁸.

1425 5448 1652 5518 Variae
1688 5450 2016 5520 lectiones
2059 5463 2125 5521 et
2148 5462 2353 5523 notas.

268 5579 481 5677 Ita
516 5580 742 5640 laudat
764 5584 1069 5659 Chrysost.
1113 5592 1152 5645 t.
1184 5589 1296 5656 νυ,
1337 5603 1483 5663 pag.
1523 5591 1618 5646 681
1660 5595 1716 5647 Β.
1749 5594 2020 5652 Varietas
2053 5610 2190 5668 ergo
2229 5610 2354 5653 non
2388 5600 2799 5659 excodicibus
2839 5605 3123 5675 Actuum,
3163 5605 3268 5661 sed
3315 5604 3567 5677 Chrysa-

208 5650 391 5711 stomi.

268 5747 940 5821 (uu)Gubemationem.
973 5758 1226 5815 Curam.
