4198 6450
247 407 373 462 5'73

1232 404 1586 461 COMMENT.
1632 400 1701 457 IN
1745 393 2197 454 ΜΑΤἸἮᾸΞΠΜ.
2239 423 2307 433 -
2347 393 2500 448 CAP.
2536 391 2702 446 XXII.

3543 379 3644 436 574

246 538 596 608 περιῄρηται
648 539 919 606 πρόφασις.
972 533 1030 585 ⁶Ο
1094 535 1197 607 γὰρ
1278 531 1646 597 καλλωπισμὸς
1715 526 1873 597 ἐγγὺς

2012 521 2032 576 i
2054 519 2236 576 modo
2258 519 2426 574 illum
2452 531 2588 573 vere
2611 513 3044 587 qumsierimus.
3067 511 3231 566 Juste
3254 507 3456 576 itaque
3477 501 3642 558 illum

247 627 348 674 καὶ
433 623 756 695 εὐπόριστός,
837 622 878 674 εἰ
949 626 1098 694 μόνον
1169 621 1375 682 ἀληθῶς
1449 621 1605 672 αὐτὸν
1666 617 1872 677 ζητήσο

250 730 351 783 μεν
391 713 536 781 (69).
588 711 744 764 "(tota
783 709 996 773 δικαίως
1050 711 1280 765 ἐκϐάλλει
1321 715 1406 763 τὸν
1456 709 1872 773 ἀκαλλώπιστον,

255 804 325 861 ὡς
379 801 633 875 ῥᾲθμμον
683 806 769 854 καὶ
815 808 1214 876 καταφρονητην.
1257 803 1500 875 Καθάπερ
1553 803 1654 872 γὰρ
1713 797 1762 847 οἱ
1801 797 1872 866 μὴ

253 889 509 954 ἐλθόντες
540 890 775 966 ὕϐρισαν,
807 892 939 944 οὕτω
987 897 1077 944 καὶ
1121 891 1170 944 οἱ
1207 889 1528 950 εἰσελθόντες
1579 886 1877 961 έρρυπωμέ-

262 999 368 1035 νοι.

340 1072 388 1141 'i’
438 1073 482 1142 ἰ’
517 1071 746 1144 Ῥνπαρά
772 1071 884 1143 (70)
920 1074 1020 1145 γὰρ
1051 1073 1234 1144 ἱμάτια
1268 1078 1412 1146 φορεῖ
1440 1071 1468 1122 6
1489 1073 1559 1141 μὴ
1589 1063 1876 1136 ἐνδυσάμε-

270 1179 357 1222 νος
425 1161 706 1232 σπλάγχνα
749 1161 1066 1235 οἰκτειρμῶν,
1122 1164 1488 1236 χρηστότητα,
1541 1151 1879 1230 φιλαδελφίαν

273 1255 367 1303 καὶ
409 1254 482 1303 τὰ
505 1253 678 1324 ὅμοια.

342 1339 356 1356 ⁸
389 1347 443 1393 Ο
473 1337 531 1393 δὲ
581 1340 829 1414 ἐφιμώθη.
881 1340 963 1402 Ὠς
1009 1337 1172 1414 μηδεν
1227 1344 1364 1413 ἔχων
1417 1335 1875 1408 ἀπολογήσασθαι.

279 1436 526 1482 Δείκνυσι
553 1427 613 1483 δὲ
649 1433 675 1482 6
704 1431 864 1502 λόγος,
897 1433 996 1500 ὃτι,
1041 1437 1213 1484 καίτοι
1256 1426 1524 1504 προδήλου
1569 1434 1660 1486 τῆς
1706 1426 1878 1497 ἆμαρ-

282 1524 399 1580 τίας
432 1524 608 1586 οὔσης,
658 1525 794 1593 dum;
824 1521 882 1573 οὐ
915 1527 1161 1595 πρότερον
1191 1522 1216 1572 6
1263 1523 1388 1580 Θεὸς
1425 1518 1655 1581 κολάσει,
1692 1518 1880 1586 μέχρις

287 1610 349 1660 σῖν
398 1609 548 1672 αὐτὸς
587 1612 612 1661 ό
659 1613 969 1684 ἡμαρτηκὼς
1015 1610 1192 1663 ἑαυτὸν
1239 1605 1576 1678 καταδικάση
1621 1603 1778 1676 (71).
1815 1604 1879 1653 Γό

291 1702 390 1772 γὰρ
417 1705 628 1771 σιωπᾷν,
661 1704 750 1752 καὶ
779 1703 851 1772 μὴ
892 1696 1150 1753 δύνασθαί
1178 1720 1284 1760 πως
1313 1697 1681 1771 ἁμοκριθῆναι,
1720 1709 1881 1744 κατα-

300 1783 453 1851 δίκης
489 1787 620 1845 ἐστί.

367 1882 488 1931 Τότε
510 1909 576 1918 -
606 1874 886 1940 διακόνοις.
937 1885 1052 1940 Τοῖς
1105 1878 1364 1950 ἀγγέλοις,
1399 1883 1510 1936 τοῖς
1539 1874 1606 1934 εἰς
1626 1875 1685 1924 τὸ
1723 1869 1883 1923 κολά-

311 1967 407 2027 ζειν
437 1969 794 2040 ὑπηρετοῦσιν.
823 1967 913 2030 Ὡς
939 1972 1250 2042 γεγενημένα
1279 1963 1338 2020 δὲ
1366 1965 1502 2037 λέγει
1532 1966 1595 2015 τὰ
1615 1959 1880 2031 μελλοντα,

312 2060 439 2128 νόμῳ
474 2062 771 2130 προφητείας
782 2101 794 2114 .

385 2151 622 2208 Δήσαντες
647 2179 708 2186 -
749 2146 1012 2220 ἐξώτερον.
1072 2151 1218 2200 Δέσιν
1253 2146 1388 2218 λέγει
1433 2150 1526 2203 τὴν
1555 2145 1756 2217 έποχήν
1796 2155 1885 2207 τῆς

331 2233 563 2307 ἐνεργείας
587 2243 676 2297 τῆς
701 2255 749 2288 τε
772 2232 863 2289 διὰ
903 2232 1081 2289 ποδῶν
1116 2240 1202 2288 καὶ
1243 2243 1337 2298 τῆς
1364 2231 1457 2288 διὰ
1486 2244 1678 2310 χειρῶν
1709 2235 1883 2288 τελου-

330 2326 495 2394 μένης.
541 2327 654 2376 Τότι
677 2327 764 2400 γὰρ
818 2333 1158 2401 καταργεῖται
1219 2331 1368 2377 πᾶσα
1414 2331 1515 2377 τῶν
1569 2325 1884 2399 ἁπαρτωλῶν

324 2410 548 2485 ἐνέργεια,
585 2419 662 2466 καὶ
699 2415 870 2468 οὐκέτι
897 2415 1074 2468 λοιπὸν
1097 2411 1320 2487 οὐδεμία
1356 2415 1547 2488 πρᾶξις
1581 2414 1649 2476 εἰς
1678 2415 1888 2478 ἐξιλασ-

311 2505 424 2571 μόν.
464 2500 723 2576 Ἐργασίας
756 2508 879 2581 γὰρ,
912 2511 1089 2578 φησὶν,
1123 2507 1148 2556 6
1179 2509 1356 2578 παρὼν
1381 2509 1558 2578 καιρός
1583 2524 1595 2536 ·
1631 2506 1656 2557 6
1689 2501 1749 2558 δὲ
1769 2505 1884 2577 μέλ-

304 2589 416 2654 λων,
449 2589 860 2656 ἁνταποδόσεωςο
889 2601 1210 2668 Δεσμοῦνται
1248 2591 1307 2647 δὲ
1335 2591 1496 2656 πόδες
1532 2597 1642 2666 μὲν,
1677 2595 1726 2646 οἱ
1757 2597 1887 2668 πρὸς

304 2678 548 2754 ἁμαρτίαν
598 2680 922 2755 βαδίσαντες
961 2700 974 2714 ’
1009 2692 1183 2759 χεῖρες
1219 2681 1278 2738 δὲ
1323 2683 1496 2751 πάλιν,
1529 2684 1585 2737 αἱ
1612 2703 1890 2757 παρανομα

305 2765 337 2822 δ
342 2770 729 2845 ιαπραξάμεναι,

369 2966 502 3020 Ἐκεῖ
556 2999 627 3010 -
679 2967 924 3022 ὀδόντων.
1008 2969 1119 3023 Ἵνα
1203 2974 1274 3042 μὴ
1364 2975 1553 3043 νομίσῃ
1647 2990 1723 3031 τις
1809 2972 1890 3022 ὅτι

305 3061 482 3120 σκότος
534 3057 706 3121 ἁπλῶς
750 3059 892 3112 ἐστιν
938 3061 968 3118 ἠ
1024 3063 1239 3117 τοιαύτη
1289 3059 1523 3127 κόλασις,
1557 3064 1745 3125 εἶτουν,
1777 3064 1891 3112 στέ-

299 3151 453 3219 ρησις
531 3153 691 3220 φωτὸς
765 3153 937 3222 μόνον,
1008 3151 1346 3224 προσέθηκεν,
1421 3151 1500 3201 ὅτι
1573 3145 1679 3201 ἐκεῖ
1746 3152 1894 3201 ἔσται

297 3234 558 3309 κλαυθμός
585 3242 674 3290 καὶ
717 3239 742 3290 ό
795 3237 1032 3313 βρυγμὸς
1055 3246 1157 3291 τῶν
1196 3235 1442 3308 ὀδόντων,
1483 3239 1577 3298 τὰς
1629 3237 1678 3290 έν
1720 3237 1892 3308 έκιίνῳ

301 3327 489 3399 πικράς
522 3346 578 3379 τε
618 3333 709 3380 καὶ
739 3326 977 3399 ἀλγεινὰς
1015 3325 1206 3389 ὀδύνας
1254 3328 1569 3398 ὑποφαίνων⁸
1628 3326 1897 3378 Ἀκούσω-

304 3431 389 3483 μεν
423 3418 512 3466 καὶ
565 3415 839 3488 φρίξωμεν,
897 3418 1013 3469 ὅσοι
1064 3418 1196 3489 μετὰ
1243 3419 1301 3467 τὸ
1360 3413 1759 3468 ἁπολούσασθαι
1803 3411 1899 3466 διὰ

303 3507 392 3552 τοῦ
447 3505 588 3555 θείου
627 3503 1018 3578 βαπτίσματος,
1065 3504 1114 3557 ἐν
1182 3502 1539 3577 διεφθαρμένῳ
1591 3503 1693 3576 βίῳ
1738 3523 1897 3555 κατα-

305 3591 564 3663 ρυποῦμεν
607 3592 716 3664 (72)
756 3598 849 3652 τὴν
901 3594 1108 3666 ψυχὴν,
1143 3596 1222 3646 ὅτι
1273 3593 1330 3645 ού
1361 3597 1514 3665 μόνον
1570 3591 1898 3650 ἐκϐληθησό-

305 3681 439 3751 μεθα
491 3688 582 3733 τοῦ
619 3690 900 3754 νυμφῶνος,
943 3682 1072 3735 ἀλλὰ
1121 3687 1212 3735 καὶ
1265 3683 1338 3744 εἰς
1379 3687 1474 3741 τὴν
1521 3681 1900 3754 χαλεπωτάτην

307 3766 519 3821 κόλασιν
593 3768 1128 3845 ἆποπεμφθησόμεθα.
1211 3779 1499 3846 Τοιγαροῦν
1571 3771 1902 3845 ἐπιμελητέον

309 3865 403 3919 τῆς
450 3856 589 3921 ἐντὸς
626 3860 834 3926 στολῆς,
880 3866 969 3914 καὶ
1024 3865 1094 3934 μὴ
1136 3869 1230 3923 τῆς
1288 3860 1453 3923 ἐκτός.
1497 3867 1631 3923 Ἕως
1685 3863 1784 3936 γὰρ
1843 3862 1903 3913 ἄν

309 3955 404 4008 τῆς
454 3947 548 4011 ἔξω
621 3950 989 4024 φροντίςωμεν,
1071 3957 1162 4010 τῆς
1230 3946 1374 4002 ἔνδον
1447 3950 1504 4002 οὐ
1569 3947 1907 4023 δυνησόμεθα

311 4037 614 4108 φροντίζειν.
658 4044 888 4098 Ζητήσει
954 4037 1003 4092 δ’
1054 4040 1116 4090 ἄν
1177 4059 1276 4109 τις,
1337 4047 1442 4099 πῶς
1497 4046 1556 4092 οῦ
1608 4047 1680 4110 τῷ
1739 4045 1906 4113 Πατρὶ

307 4124 524 4222 μᾶλλον,
559 4125 686 4180 ἀλλὰ
736 4137 806 4200 τῷ
858 4131 964 4200 Υἱῷ
1015 4131 1041 4186 ἡ
1077 4127 1366 4187 Ἐκκλησία
1411 4130 1725 4182 συνάπτεται
1757 4147 1770 4198 ;
1805 4135 1908 4182 Καὶ

309 4217 524 4268 ἀκούσει
582 4217 800 4284 πάντως,
865 4219 945 4270 ὅτι
996 4219 1022 4270 6
1083 4219 1202 4280 Υἱὸς
1242 4215 1643 4290 ένανθρωπήσας
1699 4237 1908 4270 συνανε-

310 4306 516 4378 στράφη
571 4305 726 4377 αὐτῇ,
781 4310 872 4359 καὶ
914 4307 990 4358 ὅτι
1045 4313 1118 4376 τῷ
1149 4308 1253 4376 Υὶῷ
1299 4310 1681 4378 συναπτομένη,
1721 4311 1810 4358 καὶ
1836 4314 1908 4378 τῷ

307 4399 479 4468 Πατρὶ
542 4396 878 4450 συνάπτεται.
936 4399 1089 4467 Λέγει
1133 4397 1234 4467 γὰρ
1277 4396 1303 4447 6
1341 4397 1461 4455 Υἱός
1509 4410 1523 4425 ο
1581 4393 1712 4466 Ἐγὼ
1757 4400 1847 4447 καὶ
1884 4397 1910 4448 6

312 4487 492 4556 Πατὴρ
523 4483 573 4536 έν
603 4483 776 4556 ἐσμεν,
807 4488 918 4550 καὶ,
963 4484 1021 4537 Ὀ
1049 4483 1289 4558 ἑωρακὼς
1337 4483 1440 4556 ἐμὲ,
1468 4482 1660 4559 ἑώρακε
1683 4486 1770 4536 τὸν
1803 4491 1911 4537 Πα-

311 4577 453 4646 τέρα,

384 4661 665 4716 Πολλοὶ-
706 4660 947 4714 ἐκλεκτοί.
991 4669 1155 4715 Τοῦτο
1215 4661 1324 4715 εἶπε
1353 4669 1443 4715 καί
1474 4661 1522 4714 έν
1567 4670 1640 4734 τῷ
1668 4661 1798 4717 τελει
1820 4673 1915 4725 τῆς

314 4749 611 4824 παροϐολῆς
636 4758 737 4802 τῶν
765 4751 1114 4822 μισθουμένων
1145 4749 1399 4825 ἐργατῶν,

710 4845 855 4894 ΚΕΦ.
897 4837 1014 4894 ΝΒ’.
1034 4844 1158 4912 Περὶ
1185 4846 1274 4891 τοῦ
1304 4845 1522 4908 κήνσου,

385 4949 515 5002 Τότε
544 4976 613 4986 -
643 4944 798 5018 λόγῳ·
847 4950 918 4996 Ὢ
966 4953 1058 5006 τῆς
1106 4944 1324 5018 βαθείας
1368 4952 1659 5022 πωρώσεως
1705 4946 1918 5003 Ῐούδὶν

317 5043 418 5088 τῶν
448 5034 728 5111 εἰρημένων
775 5032 950 5105 ἣψατό
978 5042 1072 5095 τῆς
1119 5034 1308 5108 ψυχῆς
1370 5032 1537 5088 αὐτῶν
1591 5078 1605 5093 .
1646 5039 1919 5110 μεθύοντες

322 5121 381 5178 δὲ
417 5133 492 5198 τῷ
551 5126 744 5197 φθόνῳ,
798 5126 1072 5196 τρέπονται
1121 5128 1252 5200 πρὸς
1303 5123 1600 5192 ἐπιϐουλὴν,
1659 5131 1748 5180 καὶ
1806 5126 1917 5181 ἐπεὶ

389 5279 438 5313 '7
466 5277 641 5335 Joan.
671 5293 734 5344 κ,
774 5279 863 5334 30.
941 5276 990 5312 9⁸
1035 5275 1205 5333 Joan.
1238 5291 1354 5344 XIV,
1385 5281 1437 5334 9.

1983 609 2139 681 ejicit
2177 609 2280 681 qui
2319 611 2564 664 ornatus
2605 621 2727 660 non
2767 606 2911 668 erat,
2953 606 3243 671 tanquam
3286 607 3532 663 segnem
3574 606 3644 646 ac

1986 680 2402 769 negligentem.
2455 695 2763 768 Siquidem
2812 692 2960 748 sicut
3007 689 3224 760 injuste
3280 699 3420 753 erga
3475 680 3644 736 illum

1985 793 2232 858 egerunt
2257 789 2358 861 qui
2383 802 2506 843 non
2527 789 2833 853 venerunt,
2855 783 2941 839 ita
2962 784 3020 837 et
3043 777 3146 851 qui
3173 771 3400 833 sordidi
3423 770 3646 841 ingres-

1988 879 2038 934 si
2067 883 2224 935 sunt.

2057 1075 2100 1144 «ι-
2127 1068 2376 1129 Sordida
2404 1079 2671 1139 namque
2693 1064 2841 1135 gerit
2866 1062 3237 1126 vestimenta,
3269 1056 3374 1130 qui
3399 1054 3646 1112 indutus

1987 1179 2110 1220 non
2132 1165 2222 1218 est
2247 1160 2479 1215 viscera
2501 1153 2939 1218 misericordiae,
2970 1149 3420 1223 benignitatem,
3444 1145 3646 1201 frater-

1988 1268 2135 1309 num
2175 1263 2445 1307 amorem
2475 1251 2530 1303 et
2555 1243 2793 1301 similia.

2060 1343 2218 1396 Vers.
2252 1343 2334 1394 12.
2369 1339 2449 1393 At
2485 1337 2588 1392 ille
2625 1332 2938 1390 obmutuit.
2983 1331 3192 1401 Utpote
3230 1325 3375 1382 nihil
3417 1323 3647 1380 habens

1988 1430 2151 1502 quod
2186 1425 2597 1499 responderet,
2644 1422 2792 1477 dum
2840 1420 2892 1475 is
2934 1418 3038 1491 qui
3085 1414 3344 1488 peccavit
3385 1413 3648 1484 seipsum

1989 1500 2370 1575 condemnat.
2416 1516 2630 1570 Tacere
2670 1511 2850 1578 enim,
2884 1524 2993 1564 nec
3023 1522 3198 1580 posse
3229 1505 3433 1576 aliquo
3467 1500 3650 1559 modo

1989 1607 2371 1681 respondere,
2405 1599 2921 1661 condemnationis
2948 1603 3034 1653 est
3062 1595 3370 1658 indicium,

2066 1861 2225 1914 Vers.
2269 1857 2356 1911 13.
2413 1855 2576 1910 Tunc
2632 1881 2700 1892 --
2757 1847 3066 1906 ministris.
3130 1842 3370 1916 Angelis
3420 1841 3525 1914 qui
3574 1839 3654 1897 ad

1993 1945 2370 2021 puniendum
2401 1939 2878 1999 subministrant.
2919 1940 3231 2007 Tanquam
3262 1932 3419 1988 facta
3449 1933 3652 1987 autem

1994 2020 2133 2094 dicit
2159 2053 2229 2093 ea
2257 2051 2392 2108 quae
2417 2033 2618 2089 futura
2648 2033 2786 2084 sunt
2823 2026 2886 2082 in
2918 2025 3168 2082 modum
3196 2020 3544 2095 prophetiae.

2065 2127 2237 2184 Vers.
2300 2129 2387 2182 I3.
2436 2123 2657 2193 Ligatis
2697 2149 2764 2160 —
2803 2124 3117 2175 extremas.
3161 2112 3442 2170 Catenam
3481 2112 3657 2166 vocat

1993 2215 2396 2274 detentionem
2456 2212 2577 2267 sive
2629 2208 3032 2266 cessationem
3093 2201 3463 2276 operationis
3517 2213 3653 2271 quas

1994 2306 2279 2364 manibus
2301 2321 2370 2361 ac
2397 2301 2654 2376 pedibus
2676 2299 3000 2373 perﬁcitur.
3033 2297 3195 2351 Tunc
3217 2293 3375 2348 enim
3401 2288 3657 2347 cessabit

1995 2396 2193 2454 omnis
2234 2397 2620 2468 peccatorum
2659 2388 2946 2461 operatio,
2988 2399 3098 2442 nec
3129 2381 3388 2454 amplius
3417 2379 3513 2435 vel
3534 2392 3657 2434 una

1995 2487 2150 2543 actio
2181 2467 2261 2542 ad
2286 2482 2549 2555 judicem
2580 2477 2947 2552 placandum
2985 2473 3248 2531 dabitur.
3279 2467 3655 2542 Operationis

1996 2575 2295 2650 siquidem
2326 2586 2591 2646 praesens
2617 2576 2854 2640 tempus
2879 2568 2990 2631 est,
3021 2563 3290 2620 futurum
3324 2573 3462 2615 vero
3488 2555 3658 2614 retri-

1995 2648 2283 2724 butionis.
2342 2662 2627 2734 Ligantur
2695 2662 2898 2715 autem
2946 2669 3187 2720 manus,
3250 2666 3387 2723 qua)
3454 2648 3662 2720 iniqua

1996 2752 2456 2830 perpetrabantg;
2487 2751 2675 2824 pedes
2716 2763 2878 2812 vero,
2909 2744 3017 2818 qui
3055 2743 3134 2801 ad
3176 2743 3491 2815 peccatum
3530 2751 3663 2808 gra-

1997 2845 2334 2902 diebantur.

2069 2935 2232 2992 Vers.
2253 2932 2446 2990 13.Ibi
2459 2960 2529 2972 —
2547 2928 2834 2986 dentium.
2859 2929 2938 2982 Ne
2955 2927 3120 2997 putet
3148 2921 3474 2994 quisquam
3499 2915 3662 2989 quod

2001 3024 2147 3082 solm
2187 3023 2440 3080 tenebrae
2471 3020 2564 3075 sin
2591 3015 2942 3089 hujusmodi
2971 3011 3226 3086 punitio,
3246 3009 3362 3066 hoc
3400 3011 3490 3063 est
3534 3005 3666 3062 sola

1926 3103 1966 3159 C
2002 3113 2151 3170 lucis
2195 3111 2472 3184 privatio,
2524 3106 2792 3164 addidit:
2825 3105 2917 3160 Ibi
2962 3103 3074 3158 erit
3119 3103 3295 3171 ﬂetus
3345 3103 3402 3154 et
3447 3095 3666 3152 stridor

2003 3202 2281 3264 dentium,
2300 3198 2550 3256 acerbos
2566 3196 2991 3252 demonstrans
3014 3206 3085 3246 ac
3103 3187 3410 3244 doloribus
3423 3186 3660 3257 plenos,

2005 3290 2108 3362 qui
2142 3292 2316 3345 erunt
2343 3287 2447 3351 ibi,
2488 3283 2804 3340 cruciatus.
2846 3278 3180 3335 Audiamus
3217 3280 3274 3330 et
3311 3275 3665 3329 horreamus

2005 3360 2303 3452 quotquot
2371 3378 2507 3446 post
2583 3370 2770 3426 divini
2825 3365 3206 3439 baptismatis
3271 3360 3662 3425 ablutionem,

2007 3448 2275 3525 animam
2312 3463 2548 3537 perdita
2589 3460 2712 3517 vita
2747 3454 3213 3518 sordidavimus,
3248 3467 3315 3506 eo
3346 3448 3515 3522 quod
3545 3463 3669 3505 non

2009 3559 2241 3614 tantum
2262 3569 2298 3610 a
2325 3551 2546 3624 nuptiis
2575 3546 2850 3620 ejiciendi
2875 3559 3104 3609 sumus,
3145 3556 3349 3598 verum
3383 3539 3564 3594 etiam
3607 3537 3669 3594 in

2011 3643 2416 3702 miserrimum
2455 3637 2817 3712 supplicium
2847 3631 3222 3690 detrudendi.
3271 3625 3558 3684 Habenda
3584 3629 3675 3682 est

2011 3736 2212 3808 itaque
2239 3748 2382 3788 cura
2412 3731 2486 3786 de
2517 3729 2665 3784 stola
2695 3724 2971 3791 interiori,
3013 3727 3069 3779 et
3099 3737 3218 3777 non
3248 3719 3322 3776 de
3345 3715 3620 3775 exteriori
3656 3735 3670 3770 :

2013 3807 2286 3899 quandiu
2315 3823 2474 3879 enim
2505 3819 2578 3875 de
2611 3823 2855 3874 externa
2878 3813 3302 3875 curaverimus,
3335 3807 3409 3864 de
3439 3808 3673 3863 interna

2016 3897 2222 3970 curam
2237 3911 2460 3968 habere
2484 3925 2604 3965 non
2625 3907 2974 3980 poterimus.
2992 3905 3223 3969 Quaeret
3242 3904 3443 3956 autem
3466 3897 3675 3953 fortas-

2017 4005 2096 4059 sis
2119 4002 2353 4075 aliquis,
2384 3998 2691 4073 quomodo
2724 4011 2843 4052 non
2874 3993 3022 4050 Patri
3050 3993 3243 4065 potius
3271 3989 3677 4060 conjungatur

2017 4073 2337 4148 Ecclesiam
2353 4104 2538 4160 quam
2554 4085 2696 4140 Filio
2715 4086 2742 4140 ?
2764 4089 2819 4139 et
2836 4082 3037 4138 audiet
3054 4080 3300 4136 omnino
3319 4077 3482 4150 quod
3498 4073 3677 4129 Filius

2017 4180 2120 4252 qui
2159 4192 2400 4235 carnem
2452 4173 2798 4245 assumpsit,
2842 4187 2980 4225 cum
3029 4185 3100 4224 ea
3146 4169 3527 4222 conversatus
3566 4165 3676 4230 est,

2019 4249 2074 4324 et
2105 4266 2268 4339 quod
2298 4264 2433 4320 Filio
2469 4260 2807 4332 conjuncta,
2851 4258 3032 4313 etiam
3064 4255 3218 4309 Patri
3270 4249 3674 4322 conjungitur.

1942 4379 1985 4434 ι)
2021 4357 2166 4412 Dicit
2200 4356 2354 4410 enim
2391 4350 2570 4407 Filius
2597 4351 2722 4420 Ego
2753 4352 2805 4405 et
2835 4347 3020 4401 Pater
3040 4359 3224 4399 unum
3245 4354 3449 4396 sumus
3480 4339 3549 4391 97.
3578 4339 3674 4392 Et:

2024 4444 2137 4514 Qui
2166 4443 2310 4501 vidit
2342 4456 2448 4506 me,
2483 4437 2625 4495 vidit
2654 4442 2705 4494 et
2737 4438 2970 4492 Patrem
3001 4435 3069 4484 9⁸.

2098 4643 2266 4698 Vers.
2308 4639 2394 4694 14.
2426 4635 2593 4693 Multi
2614 4666 2679 4674 —
2719 4631 2905 4691 electi.
2946 4633 3064 4686 Hoc
3091 4627 3274 4684 etiam
3305 4624 3452 4682 dixit
3473 4624 3534 4682 in
3564 4624 3681 4679 ﬁne

2025 4730 2326 4806 parabolis
2351 4729 2426 4786 de
2454 4723 2720 4799 operaris
2749 4719 3022 4779 mercede
3056 4717 3388 4776 conductis.

2133 4856 2288 4912 CAP.
2321 4855 2431 4910 LlI.
2463 4853 2548 4908 De
2575 4846 2970 4922 quaerentibus
3011 4843 3312 4902 occasione
3345 4855 3574 4898 census.

2086 4947 2250 5002 Vers.
2270 4944 2353 4998 15.
2379 4944 2886 4998 Tunc—sermone.
2903 4936 2947 4994 Ο
2962 4933 3328 5008 profundam
3340 4925 3681 4988 caecitatem!

2029 5034 2179 5093 Nihil
2190 5049 2399 5090 eorum
2418 5045 2554 5105 quin
2569 5029 2730 5086 dicta
2743 5030 2885 5084 sunt
2911 5022 3100 5095 tetigit
3122 5022 3395 5080 animum
3408 5019 3648 5076 illorum
3667 5031 3682 5084 ;

2032 5123 2376 5182 sedinvidia
2399 5120 2565 5188 ebrii,
2599 5119 2675 5176 ad
2704 5114 2951 5174 insidias
2982 5115 3412 5170 convertuntur
3435 5112 3495 5166 et
3534 5108 3688 5180 quia

1548 5428 1768 5498 Variae
1796 5429 2126 5498 lectiones
2153 5436 2220 5495 et
2245 5433 2446 5494 notae.

415 5599 505 5668 69)
543 5597 716 5669 Forte
739 5597 871 5657 ζητή
883 5614 1071 5669 σωμεν.

412 5666 505 5741 70)
524 5669 658 5727 Hoc
678 5668 740 5724 in
757 5666 970 5741 neutro
991 5681 1267 5741 meorum
1286 5666 1599 5738 reperitur.
1630 5670 1713 5724 Ex
1733 5667 1917 5726 Theo-

321 5737 606 5812 phylacto
635 5743 742 5805 est,
775 5754 830 5810 p.
860 5737 960 5794 130
990 5740 1052 5792 Ε.

2097 5596 2211 5742 fl)
2244 5588 2626 5661 Καταδικάσει,
2658 5593 2729 5648 Α.

2122 5670 2214 5740 72)
2247 5663 2712 5740 Καταρῥυποῦμεν,

2122 5663 2214 5740 72)
2247 5663 2712 5740 Καταρῥυποῦμεν,
2735 5665 2802 5719 Α.
