4198 6452
559 361 670 416 575

1873 353 2218 410 EUTHYMII
2255 352 2587 410 ZIGABENI

3821 356 3928 411 576

563 490 804 558 promer
820 485 1049 538 turbam
1073 482 1518 554 apprehendere
1535 498 1669 536 eum
1695 496 1809 534 non
1837 484 2130 553 poterant,
2152 483 2211 534 ut

2327 478 2595 531 συλλαϐεῖν
2635 479 2788 532 αὐτὸν
2819 499 2912 532 ουκ
2938 476 3198 539 ἠδύναντο
3239 475 3331 532 δια
3366 480 3453 530 τὸν
3488 479 3667 551 ὄχλον,
3707 482 3775 542 ὡς
3802 501 3929 555 προσ

562 576 785 630 nictum
815 579 908 629 est
928 573 1108 629 simul
1128 573 1475 639 deliberant,
1504 577 1567 628 ut
1587 587 1725 626 eum
1749 567 2213 639 interrogatione

560 663 969 736 illaquearent.

635 755 795 809 Vers.
830 753 916 808 16.
961 753 1036 808 El
1076 782 1144 793 —
1181 750 1559 807 Herodiam's.
1603 749 1836 805 Dictum
1873 751 1962 803 est
1999 747 2069 802 de
2110 749 2214 802 ﬂe-

559 842 826 899 rodianis
871 841 1154 897 vicesimo
1189 839 1384 913 primo
1423 839 1616 912 capite
1649 838 1786 895 :hic
1832 841 2032 894 autem
2070 835 2213 893 dicit

561 931 1014 1003 Chrysostomus
1066 943 1174 1001 per
1234 927 1599 985 Herodianos
1680 925 1927 994 intelligi
1999 923 2211 981 milites

559 1018 826 1088 Herodis,
855 1018 958 1091 qui
983 1021 1122 1074 tunc
1145 1033 1218 1074 eo
1255 1021 1646 1081 accesserant,
1687 1021 1745 1072 et
1781 1013 1955 1071 simul
1993 1030 2030 1071 a
2068 1013 2214 1069 Pha-

560 1109 744 1165 riszeis
763 1108 966 1164 emissi
993 1111 1130 1164 sunt
1155 1111 1437 1179 trnquam
1470 1111 1662 1174 testes,
1698 1105 1747 1160 si
1772 1104 1916 1176 quid
1943 1102 2213 1160 fortassis

560 1201 770 1254 contra
805 1197 1096 1253 Caesarem
1126 1197 1531 1268 responderet.
1573 1197 1706 1250 Erat
1743 1193 1898 1250 enim
1957 1192 2213 1248 Herodes

561 1286 792 1344 amicus
836 1285 1104 1343 Caesaris.
1149 1287 1336 1341 Lucas
1387 1301 1523 1341 vero
1579 1285 1654 1339 de
1711 1283 1943 1339 emissis
2002 1297 2210 1336 eorum

561 1375 872 1447 discipulis
905 1374 1274 1431 manifestius
1305 1375 1601 1446 scripsit"
1631 1390 1645 1439 ;
1672 1372 2046 1428 insidiatores
2075 1370 2210 1426 illos

562 1463 896 1537 appellans,
945 1469 998 1518 et
1045 1463 1209 1536 quod
1228 1462 1522 1533 justitiam
1557 1461 1938 1525 simulabant,
1970 1465 2212 1532 propter

560 1569 745 1627 quam
772 1551 1042 1609 videlicet
1069 1568 1205 1608 eum
1239 1550 1701 1620 interrogabant,
1736 1555 1794 1606 et
1830 1549 1993 1621 quod
2034 1548 2212 1603 mise-

559 1645 700 1698 runt
752 1645 816 1698 ut
867 1645 1169 1713 captarent
1221 1655 1559 1695 sermonem
1607 1639 1756 1709 ejus,
1806 1642 1864 1693 et
1913 1637 2212 1692 traderent

558 1746 699 1787 eum
731 1729 1088 1804 principatui
1139 1733 1197 1784 et
1229 1728 1504 1800 potestati
1540 1726 1831 1800 praesidis.
1873 1725 2213 1797 Sperabant

557 1821 719 1878 enim
743 1819 910 1894 quod
945 1823 1154 1876 contra
1181 1817 1476 1875 Caesarem
1505 1831 1900 1890 responsurus
1925 1819 2099 1871 esset.

631 2067 794 2122 Vers.
857 2064 946 2124 16.
1002 2065 1270 2122 Dicentes
1321 2096 1389 2106 —
1445 2066 1543 2121 sis.
1605 2064 1750 2120 Vide
1797 2063 2209 2137 impudentem

558 2153 964 2212 adulationem
998 2170 1120 2226 qua
1153 2154 1245 2209 usi
1287 2158 1444 2220 sunt,
1481 2152 1690 2210 inﬂare
1727 2169 1866 2209 eum
1905 2154 2212 2224 cupientes

558 2260 628 2301 ac
671 2242 958 2309 emollire,
1007 2247 1071 2300 ut
1115 2244 1366 2300 omnino
1421 2243 1830 2316 responderet.
1886 2243 2102 2298 Verum
2161 2241 2209 2297 si

558 2349 738 2390 verax
787 2336 895 2398 est,
958 2332 1268 2406 quomodo
1324 2332 1466 2388 alibi
1525 2331 1719 2388 dicitis
1769 2331 1936 2404 quod
1980 2329 2214 2387 seducit

558 2421 858 2478 mundum
889 2423 906 2458 ί
937 2422 966 2478 τ

628 2531 797 2586 Vers.
845 2528 933 2584 16.
1001 2529 1172 2584 Et—
1211 2529 1440 2585 doceas.
1495 2527 1555 2582 Ei
1613 2525 1922 2600 quomodo
1969 2541 2212 2583 rursum

556 2617 768 2683 dicitis,
805 2616 972 2690 quod
1010 2631 1132 2672 non
1177 2623 1268 2672 est
1303 2632 1340 2671 a
1386 2616 1504 2672 Deo
1531 2616 1603 2672 '?
1634 2615 1810 2671 Viam
1857 2620 2057 2671 autem
2110 2615 2212 2671 Dei

554 2706 763 2761 dicunt
791 2703 1082 2768 virtutem,
1126 2719 1232 2776 per
1269 2719 1456 2776 quam
1497 2703 1876 2775 progreditur
1909 2703 2208 2775 quispiam

556 2794 635 2850 ad
662 2795 872 2849 Deum.

632 2900 788 2955 Vers.
851 2903 936 2955 16.
991 2899 1452 2956 [It—hominis.
1497 2900 1562 2955 Et
1611 2900 1727 2956 hoc
1775 2898 2003 2966 dicunt,
2061 2899 2211 2955 inci-

557 2991 752 3044 tantes
801 3003 941 3044 eum
993 3003 1069 3044 ne
1148 2989 1437 3044 anserem
1505 2993 1806 3046 vereretur
1855 3005 1868 3044 :
1920 2993 2025 3044 aut
2076 2989 2210 3059 ejus

555 3077 768 3134 timore
806 3077 1100 3133 omitteret
1134 3076 1211 3132 ad
1246 3077 1607 3150 interrogata
1645 3077 2025 3150 respondere.
2061 3079 2211 3134 Vera

555 3169 711 3223 certe
753 3171 924 3222 erant
959 3181 1334 3239 quaecunque
1376 3166 1446 3222 de
1494 3182 1565 3223 eo
1591 3166 1881 3223 testiﬁcati
1922 3165 2158 3223 fuerant
2189 3184 2204 3232 ;
2241 3153 2283 3208 (Σ

554 3271 624 3312 ea
665 3258 868 3312 tamen
915 3254 1084 3312 inviti
1127 3255 1276 3312 fassi
1321 3255 1555 3312 fuerant
1601 3255 1680 3312 ad
1718 3255 2070 3311 insidiarum
2108 3271 2210 3328 ap-

552 3344 947 3418 perationem.

621 3451 787 3523 Vers,
819 3453 904 3508 l7.
937 3452 1046 3508 Dic
1079 3483 1144 3493 υ-
1177 3452 1411 3509 videtur
1441 3453 1468 3506 ?
1497 3453 1578 3507 De
1607 3450 1722 3508 hoc
1747 3451 2016 3508 videlicet
2045 3451 2210 3524 quod

553 3544 606 3598 te
629 3541 1044 3612 interrogaturi
1076 3557 1287 3597 sumus
1301 3585 1314 3597 .

623 3648 789 3704 Vers.
826 3648 913 3702 l7.
960 3647 1122 3702 Licet
1170 3676 1239 3686 —
1292 3660 1373 3701 an
1417 3645 1585 3701 non?
1630 3650 1838 3707 κήνσος
1864 3645 2071 3701 Latina
2126 3645 2211 3700 di-

551 3735 670 3792 ctio
688 3739 795 3800 est,
809 3733 968 3789 idem
986 3733 1335 3803 signiﬁcans
1349 3733 1514 3805 quod
1528 3734 1815 3790 tributum
1828 3739 1926 3789 aut
1938 3736 2208 3805 vectigat.

550 3824 709 3879 Licet
744 3826 968 3885 autem,
999 3821 1114 3878 hoc
1152 3828 1262 3887 est,
1303 3823 1431 3878 ﬁeri
1471 3827 1659 3895 potest
1695 3827 1798 3879 aut
1831 3823 2058 3893 justum
2100 3828 2204 3879 est.

555 3911 706 3969 Olim
733 3909 1024 3984 siquidem
1053 3911 1243 3967 Judaei
1269 3912 1414 3968 dum
1446 3911 1608 3982 leges
1632 3929 1773 3969 suas
1801 3911 2204 3978 observarent,

552 4000 720 4058 omni
733 3999 1353 4057 fruebanturlibertate
1373 4019 1386 4064 ;
1397 4001 1783 4073 postmodum
1799 4019 1938 4058 vero
1950 4019 2087 4058 cum
2103 4019 2207 4058 eas

550 4088 1172 4164 praetergrederentur,
1212 4090 1540 4147 servierunt
1593 4091 1892 4159 Romanis,
1945 4107 2205 4165 quorum

551 4179 832 4252 princeps
852 4182 979 4236 erat
991 4180 1202 4245 Caesar,
1221 4183 1278 4235 et
1296 4177 1407 4234 illis
1421 4180 1636 4236 tributa
1656 4180 2016 4253 pendebant.
2033 4183 2209 4236 Inter-

2324 564 2640 635 δεδήλωται,
2675 572 3055 622 συσκέπτονται
3105 570 3358 642 θηρεῦσαι
3397 575 3578 621 τοῦτον
3619 565 3694 622 δι’
3731 568 3930 631 ἐρωτή-

2323 675 2450 719 σεως
2463 700 2476 713 .

2395 750 2496 799 Καὶ
2562 777 2621 788 -
2679 744 3038 823 Ἠρωδιανῶν.
3103 749 3327 821 Εἴρηται
3377 748 3635 818 περὶτῶν
3665 743 3928 820 Ἡρωδια-

2319 843 2418 887 νῶν
2448 833 2496 888 ἐν
2539 843 2612 908 τῷ
2668 836 2886 907 εἰκοστῷ
2942 842 3130 912 πρώτῳ
3159 835 3438 908 κεφαλαίῳ.
3494 843 3601 889 Νῦν
3649 832 3710 889 δέ
3761 855 3926 908 φησιν

2321 927 2347 978 ὁ
2414 930 2786 999 Χρυσόστομος
2858 927 2970 999 (73)
3040 923 3383 1000 Η’ρωδιανούς
3468 927 3722 992 νοεῖσθαι,
3803 929 3926 988 τούς

2318 1012 2556 1089 Ἡρώδου
2609 1021 2944 1090 στρατιώτας,
3033 1011 3422 1088 ἐπιδημοῦντας
3483 1013 3586 1068 ἐκεῖ
3637 1019 3772 1082 τότε,
3835 1020 3924 1067 καὶ

2323 1104 2860 1167 σανεξαποσταλέντας
2932 1105 3033 1156 ὑπὸ
3082 1113 3181 1157 τῶν
3229 1108 3525 1175 Φαρισαίων
3577 1107 3646 1167 ὡς
3721 1105 3928 1177 μοίρτυ-

2320 1213 2430 1267 ρας,
2491 1197 2534 1247 εἰ
2596 1197 2646 1246 τί
2701 1196 2835 1246 κατὰ
2911 1201 3004 1246 τοῦ
3072 1199 3339 1266 Καίσαρος
3379 1192 3707 1268 ἀποκριθείη.
3767 1193 3924 1254 Φίλος

2319 1287 2420 1356 γὰρ
2473 1279 2534 1341 ἦν
2587 1284 2612 1335 ὁ
2663 1279 2903 1357 Ἡρώδης
2953 1291 3045 1335 τού
3122 1288 3414 1355 Καίσαρος.
3469 1282 3528 1334 Ὀ
3593 1279 3653 1334 δε
3717 1288 3924 1343 Λουκᾶς

2321 1376 2664 1446 φακερώτερον
2714 1376 2832 1446 περὶ
2901 1381 3000 1424 τῶν
3067 1371 3458 1425 ἀποσταλέντων
3517 1373 3766 1444 μαθητῶν
3837 1371 3922 1424 αύ-

2317 1467 2416 1512 τῶν
2479 1460 2719 1534 ἔγραψεν,
2797 1460 3100 1531 ἐγκαθέτους
3169 1460 3360 1522 αύτούς
3438 1459 3552 1530 (74)
3632 1459 3918 1534 ὀνομάσας,

2319 1551 2500 1619 ἤγουν,
2577 1546 2930 1624 ἐνεδρεύοντας
2991 1551 3128 1621 (75),
3206 1553 3282 1602 ἔτι
3356 1545 3415 1602 δε
3484 1554 3574 1602 καὶ
3647 1551 3918 1625 ὑποκρινο-

2317 1642 2499 1710 μένους
2543 1634 2906 1701 δικαιοσύνην,
2962 1639 3026 1701 ἧς
3089 1639 3248 1692 ἕνεκεν
3303 1634 3462 1696 δῆθεν
3537 1638 3771 1713 ἠρώτων,
3832 1642 3915 1690 καὶ

2319 1729 2400 1780 ὅτι
2454 1726 2844 1796 ἀπεστάλησαν,
2901 1730 2982 1780 ἶνα
3040 1726 3383 1780 ἐπιλάϐωνται
3430 1726 3590 1798 λόγου
3633 1727 3813 1784 αύτού.
3843 1727 3904 1779 sis

2247 1836 2290 1890 Β
2319 1819 2377 1869 τὸ
2413 1813 2743 1890 παραδοῦναι
2774 1817 2930 1870 αύτόν
2986 1825 3046 1889 τῇ
3105 1815 3247 1889 ἀρχῇ
3301 1821 3390 1869 καὶ
3444 1823 3507 1888 τῇ
3560 1815 3768 1889 ἐξουσία
3817 1821 3900 1867 τοῦ

2318 1908 2589 1978 ἡγεμόνος.
2627 1906 2877 1968 Ἦλπιζον
2904 1909 3025 1978 γὰρ,
3067 1907 3147 1958 ὅτι
3183 1908 3320 1958 κατὰ
3365 1914 3458 1958 τοῦ
3501 1911 3762 1980 Καίσαρος
3788 1903 3898 1956 ἄπο-

2317 1997 2470 2067 κριθή
2481 2014 2644 2048 σεται.

2389 2087 2636 2156 Λέγοντες
2694 2114 2764 2126 -
2822 2081 2884 2137 εἴ·
2945 2084 3081 2158 Ὀρα
3128 2083 3400 2136 κολακείαν
3465 2083 3832 2156 ἀναίσχυντον,

2318 2176 2628 2246 κέχρηνται,
2659 2180 2936 2244 χαυνῶσατ
2967 2180 3146 2225 τοῦτον
3178 2171 3484 2245 βουλόμενοι
3504 2177 3627 2248 πρὸς
3645 2176 3702 2226 τὸ
3714 2174 3913 2232 πάντως

2321 2259 2686 2334 ἀποκριθῆναι.
2718 2266 2818 2314 Καὶ
2848 2261 2891 2314 εἰ
2934 2260 3123 2322 ἀληθής
3163 2263 3296 2326 έστι,
3334 2270 3439 2322 πῶς
3464 2261 3698 2333 ἀλλαχοῦ
3726 2261 3908 2332 λέγετε,

2321 2352 2401 2404 ὅτι
2427 2350 2594 2421 πλανᾴ
2621 2353 2709 2402 τὸν
2736 2354 2934 2422 κόσμον
2955 2348 3070 2420 (76)
3104 2365 3118 2415 ;

2395 2568 2590 2616 Καὶ-
2623 2558 2920 2625 διδάσκεις.
2956 2567 3058 2616 Καὶ
3109 2571 3214 2624 πῶς
3251 2561 3397 2615 πάλιν
3441 2559 3628 2631 λέγετε,
3685 2560 3761 2609 ὅτι
3806 2556 3897 2608 ούκ

2319 2655 2459 2706 έστιν
2500 2651 2553 2704 ἐκ
2581 2659 2673 2705 τοῦ
2703 2657 2830 2706 Θεοῦ
2863 2671 2876 2720 ;
2899 2648 3054 2705 Ὀδὸν
3073 2649 3133 2704 δι
3162 2659 3252 2705 τού
3280 2658 3408 2705 Θεοῦ
3431 2669 3559 2722 φασι
3583 2653 3673 2707 τήν
3698 2645 3897 2720 ἀρετὴν,

2319 2738 2396 2795 δι’
2433 2742 2496 2804 ἧς
2535 2738 2703 2794 ὁδεύει
2727 2761 2806 2803 τις
2834 2744 2963 2813 πρὸς
2989 2741 3138 2795 eis».

2392 2927 2492 2974 Και
2515 2949 2586 2963 -
2616 2918 2906 2994 ἀνθρώπου,
2927 2922 3032 2976 Καὶ
3069 2926 3221 2972 τοῦτο
3250 2917 3515 2990 λέγουσιν,
3556 2916 3911 2977 ύποκνίζοντες

2317 3009 2472 3062 αὐτὸν
2505 3009 2654 3072 εἰςτό
2684 3014 2755 3082 μὴ
2802 3006 3117 3068 αἰδεσθζναι
3173 3012 3260 3060 τὸν
3305 3012 3570 3082 Καίσαρα,
3627 3002 3766 3080 μηδὶ
3822 3001 3914 3058 διὰ

2319 3098 2472 3172 φόϐον
2525 3099 2682 3151 αὐτοῦ
2715 3108 2936 3170 σιγῆσαι
2995 3102 3126 3171 πρὸς
3170 3101 3228 3150 τὸ
3269 3096 3675 3170 ἐπερωτώμενον·
3720 3095 3910 3155 Ἀληθῆ

2317 3191 2408 3260 μεν
2438 3188 2526 3240 οὖν
2558 3185 2692 3246 ἦσαν
2717 3189 2906 3254 πάντα,
2935 3189 3036 3240 ὃσα
3063 3188 3577 3262 προσεμαρτύρησαν
3590 3184 3748 3256 αύτῷ,
3784 3183 3915 3243 πλὴν

2318 3279 2520 3338 οἰκοντες
2550 3279 2898 3350 ὠμοκὸγησαν
2926 3284 3111 3347 ταῦτα,
3153 3279 3281 3350 πρὸς
3311 3279 3639 3334 κατασκευὴν
3675 3282 3770 3337 τῆς
3810 3272 3914 3327 ἐπι⁹

2321 3365 2476 3424 ϐουλῆ
2489 3387 2529 3427 ς.

2393 3475 2515 3527 Εἰπε
2564 3505 2631 3514 —
2672 3469 2818 3525 δοκεί
2867 3475 3040 3544 ;Περὶ
3091 3471 3152 3524 οὗ
3209 3469 3453 3530 δηλονότι
3505 3471 3751 3544 μελλομεν
3791 3469 3915 3543 ἐρωο

2322 3569 2412 3633 τᾷν
2421 3603 2431 3615 .

2389 3652 2587 3715 Ἐξεσιι
2614 3682 2682 3692 —
2717 3655 2747 3709 ἧ
2790 3654 2850 3703 οὗ
2883 3667 2896 3714 ;
2932 3651 3135 3712 Κῆνσός
3179 3649 3436 3720 Ῥωμαῐκὴ
3489 3650 3580 3718 μέν
3610 3644 3722 3697 ἐστι
3752 3646 3907 3715 λέξις,

2319 3744 2651 3816 ἑρμηνεύεται
2681 3737 2740 3793 δε
2791 3744 2961 3814 φόρος,
2992 3743 3126 3804 ἤτοι,
3157 3737 3310 3797 τέλος.
3342 3739 3412 3788 Τὸ
3445 3731 3503 3788 δὶ
3533 3734 3744 3798 ἔξεστιν,
3791 3733 3907 3786 ἀντὶ

2315 3840 2405 3883 τού
2438 3873 2450 3884 .
2487 3827 2707 3882 δυνατὸν
2748 3827 2908 3894 ἐστιν,
2961 3827 3142 3895 εἶτουν,
3205 3822 3410 3878 δίκαιόν
3443 3823 3572 3879 ἐστι.
3605 3822 3774 3876 Πάλαι
3819 3826 3908 3896 μὶν

2314 3922 2415 3991 γὰρ
2467 3914 2738 3987 Ἰουδαῖοι,
2784 3918 3121 3990 φυλάττοντες
3149 3919 3271 3978 τοὺς
3299 3919 3507 3988 νόμους,
3560 3914 3739 3974 πάσης
3778 3911 3908 3971 ὰπήι

2314 4007 2468 4059 λαυον
2498 4007 2781 4080 ελευθερίας
2827 4027 2840 4040 ο
2874 4006 3090 4081 ὕστερον
3139 4001 3198 4058 δε
3246 4003 3649 4077 παραϐαίνοντες
3707 4002 3915 4074 αύτούς,

2315 4093 2832 4154 καταδουλώθησαν⁸
2869 4098 3144 4168 Ῥωμαίοις,
3205 4091 3272 4145 ὧν
3327 4090 3464 4168 ἦρχε
3527 4098 3758 4168 Καῖσαρ,
3828 4098 3919 4146 καὶ

2316 4189 2503 4259 φόρους
2534 4185 2710 4246 αὐτοῖς
2737 4185 2954 4238 ἐτέλουν.
3000 4184 3266 4258 Ἐρωτῶσι
3295 4179 3354 4235 δε
3395 4184 3526 4233 πάνυ
3565 4181 3685 4253 (77)
3726 4196 3920 4241 κακοὴι

550 4273 765 4340 rogant
783 4272 984 4326 autem
1011 4268 1272 4339 maligne
1293 4283 1362 4324 ac
1379 4268 1610 4334 dolose,
1628 4274 1692 4325 ut
1712 4270 1760 4326 si
1780 4269 1954 4325 licere
1970 4269 2202 4335 dixerit,

2317 4276 2416 4336 θως
2441 4278 2525 4325 καὶ
2559 4271 2802 4348 δολερῶς,
2832 4275 2914 4324 ἶνα
2943 4270 3026 4324 ἐὰν
3065 4275 3156 4344 μεν
3187 4275 3304 4344 εἴπῃ
3333 4273 3414 4324 ὅτι
3435 4270 3628 4335 ἔξεστι,
3659 4278 3922 4331 κινήσωσι

551 4375 684 4415 com
693 4363 970 4416 moveant
983 4358 1057 4414 ad
1069 4373 1268 4414 versus
1281 4374 1418 4414 eum
1432 4359 1609 4415 etiam
1624 4359 2061 4431 turbas,utpote
2076 4374 2205 4414 sua-

551 4447 790 4504 dentem
820 4446 1040 4503 servire
1065 4446 1297 4517 Caasari,
1327 4453 1384 4503 et
1410 4447 1824 4518 subjicientem
1849 4447 2078 4503 homini
2099 4463 2201 4519 po-

550 4536 763 4610 pulum
793 4537 894 4592 Dei
922 4552 938 4602 ;
972 4535 1019 4590 si
1045 4552 1182 4592 vero
1211 4552 1332 4593 non
1354 4536 1526 4592 licere
1552 4537 1942 4608 responderit,
1969 4535 2206 4592 tradant

550 4641 690 4682 eum
715 4625 976 4698 praesidi,
1008 4630 1299 4699 tanquam
1333 4625 1726 4682 defectionem
1753 4641 1787 4680 a
1820 4628 2051 4681 Caesare
2080 4625 2208 4681 bel-

549 4714 798 4787 lumque
819 4715 1229 4773 consulentem
1251 4715 1397 4788 (xx).
1423 4715 1572 4781 Quid
1597 4729 1740 4783 ergo
1766 4716 1814 4770 is
1834 4714 1939 4786 qui
1963 4714 2098 4770 fons
2119 4720 2207 4772 est

551 4803 811 4860 scientias
835 4803 864 4859 ?

623 5009 670 5042 ⁹⁰
711 5009 847 5065 Luc.
875 5024 968 5081 xx,
997 5013 1086 5066 20.
1166 5043 1185 5078 ι
1217 5010 1388 5064 Joan.
1419 5021 1521 5073 vti,
1553 5009 1640 5064 12.
1719 5012 1741 5045 ³
1765 5011 1938 5066 Joan.
1967 5025 2048 5076 ιι,
2077 5011 2165 5066 16.

2314 4364 2428 4414 κατ’
2486 4362 2644 4414 αύτού
2684 4365 2800 4422 τούς
2874 4360 3086 4432 ὄχλους,
3150 4363 3220 4422 ὡς
3303 4357 3746 4431 συμϐουλεύοντος
3803 4359 3924 4415 δου-

2313 4451 2472 4503 λεύειν
2507 4456 2755 4523 Καίσαρι,
2796 4455 2884 4502 καὶ
2936 4450 3324 4508 ύποτοίσσοντος
3380 4447 3642 4521 ἀνθρώπῳ
3677 4454 3766 4503 τὸν
3803 4451 3923 4504 λαὸν

2315 4547 2405 4592 τού
2430 4548 2581 4592 Θεοῡο
2613 4538 2696 4591 ἐὰν
2737 4535 2795 4591 δε
2845 4540 2961 4610 εἰπῃ
3009 4540 3088 4590 ὅτι
3117 4536 3210 4588 ούκ
3257 4536 3446 4600 ἔξεστι,
3500 4536 3924 4611 παραδώσουσιν

2315 4629 2468 4681 αύτόν
2520 4637 2593 4699 τῷ
2649 4630 2884 4700 ἡγεμόνι,
2947 4630 3010 4687 ὡς
3081 4624 3412 4678 ἀποστασίαν
3489 4622 3604 4680 ἀπὸ
3668 4635 3928 4705 Καίσαρος

2315 4723 2406 4770 καὶ
2437 4718 2654 4791 πόλεμον
2691 4716 3126 4789 συμϐουλεύοντα·
3175 4719 3237 4766 Τί
3289 4711 3377 4766 οὖν
3406 4715 3438 4771 ἡ
3481 4721 3642 4788 μηγὴ
3678 4728 3772 4783 τῆς
3800 4726 3926 4793 γνὼ-

2320 4826 2446 4869 σεως
2472 4825 2486 4876 ;

1776 5213 1994 5282 Variae
2023 5215 2350 5284 lectiones
2381 5227 2447 5284 et
2479 5227 2678 5284 nota.

644 5415 712 5469 73

644 5489 711 5541 ’74

622 5561 709 5624 (75

762 5416 928 5492 Tom.
960 5411 1078 5476 VII,
1118 5409 1314 5492 p308}
1354 5408 1419 5462 A.

761 5485 979 5548 Αύτούς,
1011 5485 1227 5537 omittit
1249 5487 1312 5547 Α,

767 5551 1112 5628 Ἐνεδρευτάς’
1139 5555 1208 5611 Α.

716 5415 737 5628 ξ

623 5731 757 5804 (xx)
791 5730 1216 5789 Comulentm.
1250 5732 1634 5790 Suadentem.

2312 5483 2355 5536 Τ
2545 5411 2750 5538 litigi]
2775 5411 2866 5534 l(i‘ic
2899 5411 3360 5482 Chrysostomus
3391 5408 3595 5478 habet,
3625 5419 3714 5468 τὸν
3743 5416 3919 5490 ὄχλον.

2361 5525 2374 5538 .
2420 5499 2527 5555 γει,
2559 5499 2616 5553 p.
2651 5499 2745 5538 om
2782 5499 2842 5537 (λ.

2388 5555 2500 5625 (77)
2535 5553 2715 5623 Πάλιν,
2745 5569 2848 5624 pl'O
2881 5555 3037 5619 πάνυ,
3061 5556 3127 5608 Λ·
