4198 6444
210 410 342 469 577

1239 396 1609 458 COMMENT.
1650 393 1719 450 IN
1759 379 2212 448 MATTHEUM.
2241 416 2309 427 -
2333 386 2488 443 CAP.
2518 385 2691 442 XXII.

3502 374 3610 437 578

296 540 469 597 Γνοὺς
522 563 590 575 -
667 530 823 585 εἶπεν.
871 530 930 583 Ὀ
984 533 1073 603 μὶν
1148 529 1356 600 Μάρκος
1411 529 1505 582 τήν
1563 522 1843 593 ὑπόκρισίν

2028 513 2191 569 Vers.
2222 513 2307 568 18.
2338 511 2588 582 Cognita
2613 539 2684 550 —
2715 508 2891 565 dixit.
2921 510 3145 565 Marcus
3171 506 3609 564 simulationem

210 645 396 699 φησιν
430 643 444 656 ’
475 624 501 675 ό
534 618 593 674 δε
627 626 853 684 Λουκᾶς,
875 624 969 677 τὴν
997 620 1336 689 πανουργίαν.

286 719 371 769 Τί
442 743 513 753 -
566 712 889 783 ὑποκριταί;
965 707 1383 779 ’Υποκρινόμενοι
1462 704 1552 773 μέν
1632 697 1847 770 ἐρωτᾷν,

208 808 306 857 ἶνα
369 810 532 875 γνῶτε
588 802 648 852 τό
701 780 908 850 δίκαιον
963 814 976 826 ·
1012 795 1318 871 ὀρύσσοντες
1370 786 1430 843 δε
1478 787 1706 861 βόθρους
1760 780 1853 835 διὰ

208 902 313 954 τῆς
376 872 714 967 ’ἐρωτήσεως
817 888 900 938 ἱνα
976 903 1039 957 με
1122 883 1596 954 κατακρημνίσητε.
1676 872 1854 935 Δείξας

213 981 343 1047 οὖν,
412 982 495 1033 ὃτι
550 978 645 1031 οὐκ
702 975 881 1029 ἔλαθον
932 974 1107 1039 αὐτὸν,
1182 974 1318 1044 ὅμως
1390 966 1724 1040 ἀποκρίνεται
1761 975 1855 1024 καὶ

216 1076 373 1147 πρὸς
409 1074 506 1127 τὴν
538 1067 815 1143 ἐρώτησιν.
847 1069 946 1118 Καὶ
973 1068 1156 1115 σκόπει
1182 1069 1331 1130 πῶς;

298 1245 645 1310 Ἐπιδείξατε
724 1274 790 1285 -
843 1248 1067 1301 κήνσου.
1143 1242 1293 1311 Παρά
1370 1233 1430 1290 δε
1508 1244 1579 1307 τῷ
1654 1237 1850 1306 Μάρκῳ

224 1345 395 1414 φησὶ,
430 1340 609 1412 Φέρετέ
675 1352 767 1407 μοι
836 1328 1105 1403 δηνάριον,
1180 1330 1263 1380 ἶνα
1324 1323 1427 1379 ἴδω
1486 1343 1499 1355 ·
1553 1330 1643 1376 καὶ
1707 1326 1850 1398 παρά

226 1438 305 1501 τῷ
404 1431 589 1495 Λουκᾴ
689 1419 749 1475 δε
835 1423 1044 1493 ὁμοίως.
1149 1423 1401 1489 Νόμισμα
1472 1418 1573 1486 γὰρ

229 1523 329 1571 καὶ
388 1521 448 1569 τό
507 1511 777 1586 δηνάριον.
858 1510 1117 1571 Ἐζὴτησε
1181 1504 1240 1560 δε
1300 1503 1428 1558 ἰδεῖν
1480 1508 1538 1557 τὸ
1594 1508 1848 1575 νόμισμα,

233 1612 327 1660 ἶνα
388 1608 701 1677 θαυμασίως
781 1599 870 1651 ἀπ’
950 1599 1111 1651 αὐτοῦ
1167 1601 1261 1655 τὴν
1337 1594 1615 1667 ἀπόκρισιν
1694 1591 1851 1665 ἐργά-

1654 1412 1848 1484 ἐλέγετο

243 1716 429 1755 σηται.

319 1787 385 1837 Oi
443 1780 503 1836 δε
566 1812 635 1821 —
715 1783 995 1851 Καίσαρος.
1097 1776 1208 1828 Οὐκ
1294 1773 1488 1845 ἀγνοῶν
1564 1772 1851 1844 ἠρώτησεν,

248 1872 353 1925 ἀλλ’
410 1878 493 1925 ίνα
547 1874 642 1929 τὴν
726 1870 1006 1941 ἀπόκρισιν
1089 1864 1256 1918 αὐτῶν
1337 1861 1597 1933 ἀπόφασιν
1662 1860 1855 1912 οἰκείαν

252 1968 371 2021 ποιή
382 1981 448 2035 σῃ
460 2005 474 2017 .

320 2056 444 2104 Τότε
496 2079 563 2090 —
616 2052 867 2119 Καίσαρι.
930 2045 1070 2098 Ἐπεὶ
1160 2047 1421 2117 Καίσαρός
1502 2040 1665 2104 ἐστιν,
1726 2037 1855 2090 ἀπό-

263 2137 378 2192 δοτε
424 2138 603 2189 λοιπόν
655 2138 883 2207 Καίσαρι
928 2136 995 2185 τὰ
1047 2129 1184 2188 ἴδια.
1248 2134 1341 2183 Διά
1390 2133 1553 2200 ίτοῡτο
1606 2130 1705 2200 γὰρ
1763 2125 1857 2178 οὐκ

272 2224 395 2291 εἷπε,
430 2230 572 2288 Δότε,
618 2223 743 2289 ἀλλ’,
794 2218 1068 2292 ’Δπόδοτε,
1123 2224 1189 2283 ὡς
1239 2219 1431 2272 ἐκείνου
1463 2223 1601 2271 ὄντα.
1656 2216 1767 2270 Ἰνα
1797 2211 1857 2268 δε

275 2320 342 2387 μὴ
401 2317 628 2382 εἴπωσιν,
676 2314 747 2364 ὃτι
803 2313 1088 2386 ’Ᾱνθρὼπῳ
1146 2311 1285 2382 ἡμᾶς
1332 2309 1631 2367 ὑποτάττεις
1660 2310 1749 2357 καὶ
1796 2304 1856 2357 οὐ

275 2410 409 2473 Θεῷ,
441 2400 676 2473 ἐπήγαγ’*

339 2496 438 2545 Καὶ
480 2493 634 2543 τὰ-
667 2498 800 2562 Θεῷ.
856 2488 1066 2553 Ἔξεστι
1123 2491 1223 2560 γὰρ
1269 2492 1358 2539 καὶ
1388 2485 1678 2561 ἀνθρώποις
1724 2483 1855 2537 ἀπο-

258 2585 419 2654 νέμειν
476 2582 542 2632 τά
598 2584 955 2653 προσήκοντα,
1025 2582 1115 2630 καὶ
1199 2585 1313 2647 Θεῷ
1364 2579 1431 2629 τά
1482 2575 1779 2648 ὀφειλόμενα
1834 2588 1847 2601 ·

254 2678 362 2732 τοῖς
410 2673 521 2743 μὲν,
580 2673 700 2730 τοὺς
753 2673 962 2743 φόρους,
1008 2672 1096 2718 καὶ
1152 2669 1196 2718 εἰ
1247 2686 1299 2718 τι
1336 2673 1568 2718 τοιοῦτον
1618 2680 1630 2692 ·
1674 2673 1745 2736 τῷ
1777 2660 1857 2729 δε,

255 2765 346 2817 την
396 2758 659 2811 εὐσέϐειαν
724 2762 815 2810 καὶ
872 2756 1101 2830 φλυακην
1172 2765 1271 2807 τῶν
1347 2754 1579 2809 ἐντολῶν.
1642 2757 1861 2825 Λίγοιτο

258 2845 306 2901 δ’
364 2847 425 2899 ἄν
480 2854 689 2921 Καῖσαρ
728 2852 818 2899 καὶ
871 2848 897 2898 ό
951 2847 1327 2920 κοσμοκράτωρ
1393 2840 1659 2909 διάϐοὶος,
1719 2844 1863 2912 ᾧτινι

258 2934 374 2990 δίον
413 2933 735 2989 ἀποδιδόναι
789 2939 855 2988 τά
909 2936 1091 2999 αὐτοῦ,
1166 2939 1300 3006 φημὶ
1352 2930 1419 2991 δὴ
1478 2939 1652 2986 πᾶσαν
1700 2931 1860 3005 ἐμπά-

259 3030 397 3080 θειαν
425 3031 515 3078 καὶ
541 3031 749 3078 κακίαν.

332 3121 429 3169 Καὶ
494 3146 562 3156 —
613 3113 864 3173 ἀπῆλθον.
916 3113 1251 3184 Ἐθαύμασαν
1313 3114 1423 3185 μὶν,
1484 3111 1577 3163 οὐκ
1629 3110 1862 3163 ἕπίστευ-

259 3224 355 3258 σαν
382 3201 442 3258 δὲ
472 3206 499 3257 ὅ
530 3210 619 3256 καὶ
650 3204 777 3256 αὐτὸ
801 3202 999 3276 μεγάλη
1032 3205 1227 3254 τούτων
1263 3206 1578 3274 κατηγορία.

545 3388 692 3437 ΚΕΦ.
732 3380 854 3437 Nl".
898 3386 1023 3453 Περὶ
1052 3388 1153 3433 τῶν
1187 3376 1579 3433 Σαδδουκαίων.

333 3490 419 3546 Ἐν
486 3488 650 3561 ἕκείνη
728 3518 798 3530 —
878 3486 1183 3542 ἀνάστασιν.
1282 3488 1501 3560 Εἴρηται
1580 3491 1695 3559 περὶ
1772 3493 1865 3547 τῆς

259 3581 508 3652 αἱρέσεως
563 3586 664 3630 τῶν
727 3574 1102 3630 Σαδδουκαίων
1169 3575 1218 3628 ἐν
1267 3584 1338 3647 τῷ
1383 3580 1541 3649 τρίτῳ
1575 3574 1858 3647 κεφαλαίῳ,

264 3667 429 3720 Οὗτοι
480 3663 540 3719 δε
596 3671 691 3724 τὴν
774 3665 830 3718 ἐκ
886 3674 1073 3738 νεκρῶν
1145 3664 1432 3717 ἀνάστασιν
1489 3665 1725 3729 ἠθίτουν,
1778 3660 1871 3717 διά

265 3760 326 3808 τό
378 3761 449 3828 μὴ
503 3757 615 3827 (78)
671 3756 1086 3828 μνημονεύεσθαι
1154 3758 1350 3812 ταύτην
1400 3762 1624 3828 φανερῶς
1675 3751 1723 3805 ἄν
1757 3759 1872 3812 ταῖς

271 3851 584 3905 Μωσαῑκαίς
643 3851 893 3917 γραφαῖς,
972 3842 1033 3905 ἂς
1092 3840 1161 3902 δὴ
1218 3848 1374 3915 μόνας
1422 3842 1721 3915 ἐγίνωσκον,
1780 3844 1875 3903 τὰς

269 3933 431 3996 ἄλλας
500 3933 559 3985 οὐ
628 3929 1055 4007 παραδεχόμενοι
1130 3930 1363 4005 βίϐλους.
1445 3932 1602 3998 Ἀλλ’,
1684 3932 1725 3984 ὦ
1780 3940 1877 3992 τῆς

272 4022 498 4084 ἀνοίαςῑ
544 4020 1012 4094 ἕπιστομισθίντων
1067 4023 1169 4095 γὰρ
1250 4031 1350 4074 τῶν
1408 4026 1721 4096 Φαρισαίων,
1776 4028 1877 4071 τῶν

272 4111 650 4187 ἀκριϐεστέρων
704 4110 755 4164 ἐν
812 4107 1109 4177 Ἰουδαίοις,
1187 4113 1237 4163 οἱ
1316 4107 1715 4185 καταδεέστεροι
1761 4111 1877 4160 τοὺ-

271 4220 373 4253 των
428 4196 803 4266 Σαδδουκαῖοι,
867 4200 1099 4273 καθάπίρ
1174 4198 1230 4251 ἐκ
1281 4195 1573 4270 διαδοχῆς,
1617 4195 1878 4272 προσϐάλ-

272 4290 448 4354 λουσι,
499 4285 614 4342 δέον
652 4289 884 4362 μάλιστα
928 4287 1275 4347 συσταλῆναι.
1324 4287 1458 4339 Ἀλλ’
1490 4291 1642 4347 ὄντως
1682 4288 1711 4343 ἠ
1761 4288 1883 4356 θρα-

276 4382 443 4440 σύτης
500 4377 853 4450 ἀναίσχυντον
911 4383 1000 4430 καὶ
1062 4377 1243 4449 ἰταμὸν
1299 4381 1389 4429 καὶ
1440 4372 1720 4437 ἀδυνάτοις
1776 4374 1883 4428 ἐπι-

275 4475 510 4542 χειροῠν.
588 4472 688 4523 Καὶ
782 4466 891 4520 ἐπεὶ
1000 4474 1115 4529 ταῖς
1236 4472 1582 4541 προφητικαῖς
1658 4471 1883 4538 Γραφαῖς

278 4563 624 4633 φανερώτερον
686 4555 900 4609 ἇνέκειτο
979 4559 1036 4608 τὸ
1101 4552 1279 4627 δόγμα
1356 4563 1449 4618 τῆς
1529 4553 1880 4619 ἀναστάσεως,

278 4645 658 4719 ὑπελάμϐανον,
762 4644 921 4698 ἐκεῖνο
1024 4645 1135 4716 (79)
1217 4641 1557 4717 δογματίζειν
1616 4647 1885 4707 τοιούτους

282 4734 561 4789 ἀνίσταθαι
638 4739 754 4796 τοὺς
1040 4732 1361 4806 ἀνθρώπους,
1428 4734 1528 4787 οἶοι
1606 4737 1707 4807 πρὸ
1792 4742 1883 4787 τοῦ

283 4822 555 4878 ἀποθανεῖν
613 4821 768 4894 ἦσαν,
848 4826 979 4897 μετά
1050 4832 1147 4876 τῶν
1230 4823 1398 4876 αὐτῶν
1484 4828 1718 4896 σχέσεων
1795 4829 1885 4877 καὶ

281 4915 479 4968 παθῶν.
569 4916 657 4966 Διὸ
724 4917 815 4966 καὶ
894 4915 1027 4986 πρὸς
1104 4910 1397 4987 ἀνατροπὴν
1470 4920 1562 4966 τοῦ
1648 4916 1883 4966 τοιούτου

284 4998 548 5076 δόγματος
572 5002 857 5063 πλάσαντες
877 5003 1074 5055 οἴκοθεν
1105 5003 1350 5056 ὑπόθεσιν
1376 5006 1651 5075 προσίασι.

1957 602 2104 658 dixit
2134 606 2181 657 ³.
2216 602 2406 656 Lucas
2434 605 2634 655 autem
2661 600 3003 654 versutiam.

2031 693 2196 747 Vers.
2224 691 2309 744 18.
2332 689 2486 757 Quid
2514 719 2575 728 --
2604 688 2927 758 hypocrita
2950 688 2978 743 ?
3002 686 3348 744 Simulantes
3362 684 3611 759 quidem

1959 780 2345 849 interrogare,
2391 784 2453 833 ut
2477 775 2643 850 quod
2680 777 2912 847 justum
2945 782 3033 832 est
3071 774 3446 846 cognoscatis
3480 790 3493 830 :
3527 773 3611 831 fo-

1962 884 2135 924 veam
2152 872 2351 923 autem
2372 866 2662 923 fodientes
2677 881 2777 937 per
2792 865 3336 934 interrogationem,
3352 864 3410 919 in
3428 878 3612 935 quam

1966 972 2059 1013 me
2088 955 2647 1029 praecipitetiaCum
2676 970 2816 1023 ergo
2831 952 3360 1025 ostendissetquod
3391 952 3615 1008 sibico-

1962 1046 2108 1117 gniti
2119 1050 2337 1109 essent,
2356 1042 2675 1116 respondet
2686 1051 2887 1099 tamen
2900 1048 2956 1099 et
2967 1042 3045 1099 ad
3055 1042 3611 1112 interrogationem;

1960 1140 2017 1191 et
2045 1134 2179 1191 vide
2208 1134 2516 1207 quomodo
2549 1133 2577 1187 ?

2031 1227 2190 1281 Vers.
2236 1226 2319 1279 19.
2356 1222 2648 1279 Ostendile
2671 1254 2739 1262 —
2758 1237 2980 1278 census.
3011 1221 3183 1295 Apud
3213 1222 3475 1278 Marcum
3496 1219 3612 1278 ait:

1956 1314 2183 1384 Aﬂ’erte
2210 1312 2359 1368 mihi
2386 1312 2695 1369 denarium
2728 1319 2788 1367 ut
2818 1312 3047 1369 videam
3070 1313 3130 1382 ⁸;
3163 1310 3434 1367 similiter
3452 1308 3617 1383 apud

1960 1403 2181 1458 Lucam
2204 1404 2245 1456 ⁸.
2280 1401 2588 1458 Numisma
2610 1400 2769 1457 enim
2792 1400 3097 1456 dicebatur
3113 1401 3291 1456 etiam
3312 1399 3614 1456 denarius.

1961 1490 2241 1557 Qum-sivit
2261 1498 2461 1547 autem
2488 1490 2689 1547 videre
2726 1491 3046 1559 numisma,
3089 1489 3617 1561 utresponsionem

1962 1578 2309 1637 mirabiliter
2346 1578 2423 1635 ad
2454 1594 2524 1635 eo
2563 1578 2906 1635 fabricaret.

2035 1753 2206 1810 Vers.
2243 1756 2333 1811 19.
2366 1756 2443 1810 At
2472 1753 2564 1810 illi
2586 1784 2655 1794 —
2685 1755 2951 1808 Vers.2l.
2988 1754 3262 1810 Caesaris.
3301 1753 3432 1809 Non
3451 1752 3619 1823 igno-

1964 1859 2105 1900 rans
2148 1842 2551 1913 interrogavit,
2594 1841 2696 1897 sed
2733 1846 2796 1897 ut
2836 1857 2909 1897 ex
2955 1841 3183 1897 illorum
3223 1843 3620 1915 responsione

1967 1948 2131 1988 suam
2163 1931 2480 1988 fabricaret
2504 1932 2878 1987 sententiam.

2038 2021 2202 2076 Vers.
2227 2021 2315 2074 2t.
2349 2020 2506 2076 Tunc
2531 2050 2599 2060 —
2633 2019 2879 2077 Ccesari.
2908 2019 3060 2085 Quia
3078 2019 3322 2077 Caesaris
3352 2024 3461 2086 est,
3490 2018 3620 2075 red-

1966 2108 2084 2164 dite
2111 2108 2306 2181 itaque
2338 2109 2550 2164 Cmsari
2579 2125 2714 2180 quas
2745 2126 2856 2165 sua
2897 2113 3060 2165 sunt.
3100 2109 3237 2166 Ideo
3281 2109 3443 2165 enim
3495 2124 3619 2166 non

1965 2198 2130 2263 dixit,
2151 2198 2312 2266 Date,
2332 2198 2458 2265 sed,
2472 2196 2737 2263 Reddite,
2763 2203 3052 2270 tanquam
3074 2214 3145 2255 ea
3160 2215 3295 2272 quas
3317 2198 3446 2269 ejus
3463 2202 3619 2254 sunt.

1965 2290 2045 2343 Ne
2076 2291 2273 2342 autem
2304 2286 2507 2342 dicant
2532 2304 2545 2343 :
2589 2286 2819 2344 Homini
2842 2302 2952 2343 nos
2978 2287 3226 2359 subjicis
3253 2292 3311 2345 et
3329 2303 3453 2344 non
3479 2287 3621 2352 Deo,

1967 2374 2193 2432 addidit
2221 2391 2235 2431 :
2702 2436 2711 2442 ,

2039 2466 2202 2520 Vers.
2233 2466 2322 2520 21.
2349 2465 2429 2521 Et
2458 2481 2585 2537 qua:
2608 2497 2675 2506 —
2696 2467 2831 2522 Deo.
2866 2465 3113 2523 Licitum
3145 2471 3233 2523 est
3257 2467 3418 2524 enim
3447 2472 3505 2523 et
3522 2467 3627 2524 ho-

1968 2555 2220 2611 minibus
2258 2554 2401 2610 dare
2428 2571 2563 2627 qua:
2595 2556 2978 2621 conveniunt,
3011 2562 3068 2612 et
3098 2559 3214 2612 Deo
3244 2573 3381 2629 quas
3406 2556 3628 2613 deben-

1968 2649 2081 2700 tur.
2116 2642 2237 2699 Illis
2264 2643 2507 2715 quidem
2543 2643 2783 2709 tributa,
2804 2648 2859 2699 et
2880 2644 2929 2700 si
2948 2644 3097 2717 quid
3119 2650 3209 2701 est
3239 2646 3427 2702 simile
3453 2664 3466 2713 ;
3488 2644 3629 2701 huic

1969 2738 2169 2788 autem
2196 2732 2477 2804 pietatem
2505 2738 2562 2788 et
2590 2732 3037 2789 observantiam
3058 2735 3503 2792 mandatorum.
3531 2735 3632 2791 Po-

1970 2826 2080 2877 test
2096 2825 2297 2877 autem
2323 2820 2438 2876 dici
2477 2821 2672 2877 Caesar
2709 2821 3009 2892 diabolus,
3055 2824 3159 2896 qui
3212 2823 3424 2879 mundi
3473 2822 3633 2896 prin-

1972 2927 2113 2983 ceps
2143 2916 2251 2979 est,
2290 2911 2383 2965 cui
2418 2910 2728 2968 reddenda
2765 2917 2905 2969 sunt
2950 2928 3088 2985 quas
3136 2929 3245 2970 sua
3287 2917 3445 2979 sunt,
3494 2919 3634 2985 puta

1892 3005 1933 3060 C
1973 3000 2169 3056 omnis
2200 2998 2423 3055 malitia
2443 3000 2763 3071 omnisque
2793 3000 3053 3057 carnalis
3084 3001 3355 3059 affectus.

2045 3088 2212 3143 Vers.
2252 3088 2341 3144 22.
2374 3088 2855 3145 Et—abierunt.
2893 3090 3172 3146 Admirati
3202 3090 3449 3162 quidem
3478 3094 3635 3157 sunt,

1971 3192 2182 3233 verum
2214 3191 2336 3231 non
2358 3176 2755 3242 crediderunt,
2779 3177 2947 3249 quod
2974 3178 3161 3249 ipsum
3192 3194 3409 3249 magna
3429 3184 3520 3235 est
3541 3194 3636 3236 eo-

1972 3280 2109 3320 rum
2146 3265 2468 3320 accusatio.

2384 3388 2541 3443 CAP.
2580 3387 2720 3443 LIII.
2755 3389 2840 3445 De
2866 3387 3227 3446 Sadducceis.

2046 3494 2213 3550 Vers.
2234 3496 2324 3551 23.
2355 3495 2425 3550 In
2449 3495 2554 3550 illo
2580 3525 2649 3535 —
2674 3495 3179 3553 resurrectionem.
3209 3497 3439 3553 Dictum
3453 3499 3541 3553 est
3563 3495 3638 3552 de

1977 3588 2139 3640 secta
2180 3583 2652 3640 Sadducasorum
2685 3584 2856 3640 tertio
2887 3585 3079 3657 capite
3111 3604 3125 3642 :
3158 3585 3220 3642 hi
3252 3600 3394 3656 ergo
3447 3600 3641 3641 resur-

1977 3673 2301 3731 rectionem
2333 3690 2405 3729 ex
2430 3674 2679 3730 mortuis
2702 3675 3029 3746 negabant,
3060 3692 3131 3733 eo
3160 3676 3326 3750 quod
3351 3677 3411 3732 in
3437 3675 3638 3734 Mosai~

1979 3764 2064 3820 cis
2107 3762 2427 3836 Scripturis
2489 3762 2671 3835 hujus
2720 3764 3033 3823 manifesle
3063 3782 3183 3822 non
3223 3766 3331 3823 fiat
3372 3766 3639 3824 mentio:

1982 3868 2125 3910 nam
2143 3853 2256 3909 has
2282 3852 2441 3909 solas
2459 3854 2876 3924 agnoscebant,
2893 3854 3025 3911 aliis
3048 3856 3351 3913 libris‘non
3368 3855 3641 3929 receptis.

1985 3942 2121 4006 Sed,
2152 3958 2188 3999 ο
2205 3941 2571 3998 dementiam
2596 3943 2609 3998 l
2634 3944 2909 4016 imposito
2932 3945 3245 4002 Pharismis
3266 3945 3517 4017 silentio,
3542 3944 3648 4018 qui

1984 4030 2137 4085 inter
2163 4031 2399 4086 Iudaeos
2420 4029 2854 4101 diligentissimi
2876 4037 2933 4088 et
2954 4034 3272 4089 acutissimi
3289 4039 3477 4102 erant,
3502 4034 3648 4091 Sad-

1987 4117 2181 4173 ducaai
2206 4118 2300 4173 his
2338 4118 2647 4173 inferiores
2672 4121 2848 4191 quasi
2876 4121 3262 4177 succedentes
3311 4126 3643 4178 occurrunt.

1989 4204 2259 4277 Cumque
2290 4205 2551 4260 maxime
2578 4212 2876 4276 oporteret
2903 4223 3006 4263 eos
3036 4208 3241 4263 animo
3282 4208 3526 4280 reprimi
3576 4223 3648 4265 ac

1992 4298 2237 4349 maestos
2256 4309 2407 4357 esse,
2427 4293 2680 4350 audacia
2700 4294 3108 4366 imprudentes
3122 4295 3262 4351 facit
3282 4310 3354 4351 ac
3400 4301 3650 4353 temera-

1991 4382 2135 4447 rios,
2166 4386 2225 4437 et
2253 4380 2653 4453 impossibilia
2675 4386 2981 4438 tentantes.
3008 4386 3074 4439 Et
3098 4383 3241 4456 quia
3269 4382 3331 4439 in
3351 4382 3651 4455 propheti-

1991 4474 2077 4526 cis
2123 4469 2438 4543 Scripturis
2466 4469 2838 4526 manifestius
2861 4470 3278 4528 continebatur
3319 4472 3537 4543 dogma
3562 4487 3652 4529 re-

1994 4558 2390 4625 surrectionis,
2420 4558 2875 4631 suspicabantur
2898 4558 3045 4616 illud
3073 4560 3287 4617 docere
3312 4561 3480 4635 quod
3506 4562 3651 4620 tales

1992 4653 2369 4719 resurgerent
2391 4648 2688 4718 homines,
2718 4648 2929 4720 quales
2952 4658 3121 4707 erant
3146 4651 3500 4725 priusquam
3527 4667 3655 4709 mo-

1992 4743 2282 4807 rerentur,
2313 4753 2450 4794 cum
2467 4736 2699 4794 eisdem
2727 4736 3031 4795 habitibus
3045 4746 3101 4796 et
3139 4739 3467 4807 affectibus,
3487 4741 3652 4799 ideo-

1995 4843 2107 4899 que
2138 4828 2217 4885 ad
2243 4827 2686 4883 subversionem
2712 4826 3061 4899 hujusmodi
3099 4828 3422 4903 dogmatis,
3460 4830 3654 4889 efﬁcta

1995 4915 2158 4989 apud
2189 4931 2254 4972 se
2281 4916 2595 4974 occasione
2622 4916 2743 4989 (yy)
2772 4917 3077 4975 accedunt.

357 5185 377 5217 ³
407 5184 579 5240 Marc.
610 5197 714 5250 xu,
760 5181 844 5238 15.
878 5181 900 5218 ⁴
928 5181 1069 5239 Luc.
1099 5197 1201 5249 xx,
1232 5180 1321 5237 23.
1380 5180 1559 5239 Marc.
1589 5196 1693 5250 xu,
1726 5182 1815 5237 15.
1844 5182 1866 5218 ⁵

1986 5198 2038 5240 c.
2070 5200 2170 5255 xx,
2200 5187 2291 5241 24.

1484 5359 1709 5430 Variae
1746 5359 2076 5431 lectiones
2116 5372 2184 5431 et
2230 5371 2434 5431 notae.

358 5556 471 5629 (78)
502 5563 611 5623 Μὴ,
645 5555 864 5629 omittit
892 5558 953 5613 Β.

358 5624 469 5699 (79)
493 5630 532 5685 i.
566 5645 617 5685 e.
651 5632 709 5682 τὸ
742 5625 938 5702 δόγμα.
968 5631 1065 5685 Est
1088 5643 1229 5699 ergo
1260 5624 1573 5700 δογματίζει
1602 5630 1661 5680 τό
1688 5625 1884 5701 δόγμα.

2066 5560 2181 5631 (80)
2207 5562 2502 5628 Τοιούτους,
2530 5561 2592 5616 Β.

366 5755 489 5827 (yy)
511 5758 725 5827 Efﬁcta
750 5788 821 5797 —
845 5758 1165 5814 occasione.
1184 5756 1346 5814 Ficta
1369 5770 1408 5813 a
1431 5771 1498 5813 se
1534 5758 1899 5823 narratione,
1927 5756 2064 5815 ﬁcto
2087 5773 2126 5816 a
2153 5772 2217 5814 se
2241 5762 2615 5829 argumento.
