4198 6468
593 357 701 424 579

1789 359 2124 421 EUTHYMII
2161 346 2494 418 ΖΙΟΛΒΕΝῙ

3867 367 3966 428 580

663 495 820 550 Vers.
849 492 937 547 24.
969 494 1034 547 Et
1063 522 1133 533 —
1158 505 1285 549 suo.
1321 495 1404 548 Ex
1426 493 1555 563 lege
1581 491 1838 548 Mosaica
1869 486 2221 546 occasionem

2332 529 2335 546 ε
2443 487 2568 544 Καὶ.
2616 519 2684 529 -
2728 489 2908 544 αὐτοῦ.
2945 489 3032 546 Ἐκ
3087 497 3374 546 Μωσαίκοῡ
3395 497 3554 566 νόμόυ
3602 499 3695 554 τὴν
3734 496 3962 572 ἀφορμὴν

589 581 910 639 commenti
959 587 1224 646 sumunt,
1276 586 1337 637 ut
1381 581 1705 637 verisimile
1753 581 2038 652 appareat
2087 571 2255 647 quod

586 673 889 746 quaeritur.
915 675 978 728 In
997 671 1289 744 scriptura
1307 671 1606 744 siquidem
1634 664 2073 726 Deuteronomii
2095 679 2251 735 prea-

583 762 740 834 cepit
792 761 1006 825 Moses,
1065 766 1130 816 ut
1172 775 1419 817 uxorem
1467 761 1684 816 mortui
1741 758 1972 830 absque
2027 753 2248 816 liberis,

585 868 821 908 rursum
843 851 1021 907 ducat
1051 850 1228 906 frater
1256 850 1386 922 ejus
1415 851 1460 914 τ,
1492 854 1551 905 et
1577 847 1836 921 quiquid
1856 846 2116 919 primum
2146 857 2250 898 na-

585 944 711 996 tum
743 939 915 995 fuerit
962 940 1304 995 nominetur
1360 939 1421 993 id
1462 939 1621 994 ﬁlius
1659 937 1858 993 fratris
1899 932 2136 998 mortui,
2174 932 2248 988 ad

586 1030 716 1100 ejus
741 1029 1110 1084 memoriam.
1137 1028 1272 1084 Haec
1296 1029 1498 1100 itaque
1519 1032 1658 1083 sunt
1680 1026 1848 1095 legis.
1871 1023 2012 1079 Vide
2032 1026 2244 1086 autem,

583 1117 730 1191 quid
757 1117 818 1173 hi
848 1117 1260 1173 machinentur
1275 1118 1302 1171 ?

652 1415 816 1472 Vers.
862 1419 950 1472 25.
998 1419 1182 1473 Erant
1216 1449 1268 1458 —
1315 1417 1470 1472 Vers.
1512 1417 1601 1471 28.
1652 1432 1806 1474 eam.
1864 1417 2100 1489 Septem
2139 1431 2241 1472 eos

580 1509 945 1578 supponunt,
969 1511 1032 1561 ut
1049 1505 1241 1575 magis
1261 1502 1600 1562 intricatum
1619 1505 1886 1562 videatur
1907 1505 2235 1580 problema.

578 1595 873 1650 lntentum
901 1600 1097 1650 autem
1135 1595 1597 1651 Sadducaeorum
1625 1601 1768 1658 erat,
1805 1603 1865 1650 ut
1895 1595 2013 1650 sive
2042 1595 2236 1660 unius,

578 1685 700 1739 sive
727 1684 988 1739 omnium
1015 1685 1424 1757 responderet,
1457 1685 1660 1740 statim
1682 1688 2050 1758 opponerent
2074 1683 2239 1756 quod

575 1788 714 1829 cum
749 1772 961 1828 iterum
995 1772 1205 1829 futura:
1246 1777 1445 1828 essent
1476 1773 1719 1845 nuptiae,
1766 1778 1919 1829 certe
1959 1779 2152 1828 essent
2182 1777 2238 1828 et

574 1862 892 1934 puerperia
926 1867 983 1918 et
1027 1862 1267 1918 nutritio
1303 1861 1616 1929 infantum,
1661 1867 1927 1935 quaestus
1957 1863 2236 1935 pecunia-

571 1964 728 2016 rum,
745 1951 985 2021 judicia,
1008 1952 1166 2007 bella
1188 1968 1257 2008 ac
1276 1951 1675 2022 aegritudines,
1700 1967 2057 2024 rursumque
2082 1967 2234 2007 mor-

573 2042 679 2103 tes,
709 2043 766 2095 et
795 2040 1000 2096 omnia
1027 2056 1161 2112 quia
1188 2041 1247 2096 in
1278 2041 1550 2112 praesenti
1580 2042 1696 2097 vita
1725 2041 2038 2111 habentur,
2075 2048 2128 2095 et
2156 2039 2234 2098 ita

572 2128 693 2183 vita
721 2127 822 2184 illa
852 2145 973 2184 non
1004 2129 1112 2186 erit
1140 2129 1257 2186 alia
1286 2131 1363 2186 ab
1394 2131 1506 2186 ista
1539 2149 1551 2198 ;
1585 2130 1750 2203 quod
1782 2131 1827 2186 si
1860 2130 2069 2186 eadem
2103 2131 2233 2196 erit,

574 2215 652 2271 ad
701 2217 845 2291 quid
896 2219 1095 2274 futura
1140 2227 1229 2275 est
1279 2219 1629 2276 resurrectio
1660 2223 1687 2275 ?
1717 2224 1920 2293 Itaque
1961 2236 2079 2274 non
2129 2219 2234 2276 erit

569 2307 940 2363 resurrectio.
975 2307 1125 2374 Quid
1164 2325 1306 2379 ergo
1333 2308 1596 2364 Christus
1621 2308 1650 2362 7

641 2396 682 2465 -ξ-
729 2396 928 2452 Mulier
973 2398 1219 2471 quidem
1268 2413 1399 2453 esse
1447 2403 1637 2470 potest
1667 2398 1932 2455 humana
1975 2402 2228 2454 natura:

569 2488 798 2556 septem
837 2491 1036 2542 autem
1083 2487 1210 2552 viri,
1261 2493 1483 2559 septem
1531 2487 1691 2556 leges
1737 2487 1911 2543 variis
1959 2489 2234 2562 tempori-

565 2572 681 2628 bus
725 2591 761 2630 a
793 2577 910 2630 Deo
954 2576 1006 2629 ei
1050 2575 1277 2630 tradita:
1311 2576 1386 2630 ad
1418 2576 1864 2631 instructionem
1911 2581 1966 2632 et
2012 2577 2233 2648 produ-

567 2663 820 2718 ctionem
862 2663 1160 2719 fructuum
1188 2664 1468 2734 justitize;
1509 2681 1650 2720 nam
1693 2665 1870 2722 dictio
1907 2670 2057 2740 νόμος
2098 2683 2230 2740 quae

565 2751 758 2819 legem
797 2751 1109 2820 signiﬁcat,
1154 2754 1314 2822 apud
1341 2754 1569 2809 Graecos
1599 2755 1926 2810 masculina
1959 2762 2063 2827 est,
2094 2755 2228 2812 ideo

566 2838 985 2894 convenienter
1017 2839 1128 2894 illis
1159 2841 1314 2896 viros
1346 2841 1609 2908 denotat,
1641 2860 1774 2898 cum
1809 2844 2029 2916 quibus
2058 2845 2226 2918 quasi

565 2943 703 2982 cum
749 2927 888 2982 viris
918 2929 1249 2985 successive
1281 2937 1628 2987 conversata
1671 2937 1755 2986 est
1783 2950 1889 2989 nec
1917 2939 2114 2989 tamen
2147 2935 2224 2990 ab

565 3015 684 3070 ulla
710 3031 916 3073 verum
937 3017 1141 3074 habuit
1160 3017 1432 3075 fructum.
1465 3021 1695 3078 Harum
1721 3025 1911 3093 prima
1935 3023 2062 3089 fuit,
2089 3041 2223 3098 quae

561 3104 702 3160 Adae
723 3104 781 3160 in
809 3106 1092 3178 paradiso
1117 3109 1331 3165 tradita
1357 3114 1465 3166 est.
1493 3111 1769 3166 Secunda
1794 3129 1998 3168 rursus
2029 3114 2223 3170 cidem

561 3192 701 3250 data
727 3200 886 3250 extra
917 3198 1263 3269 paradisum
1295 3198 1355 3254 in
1388 3203 1543 3256 statu
1570 3217 1886 3272 poenarum
1917 3203 2048 3274 (zz).
2090 3201 2221 3259 Ter-

2332 3200 2448 3270 περὶ
2504 3203 2594 3256 τῆς
2646 3203 2898 3268 περιτομῆ
2910 3212 2950 3257 ς·

559 3282 644 3339 tia
663 3299 799 3356 quae
821 3287 938 3341 Noe
966 3285 1106 3342 data
1127 3292 1215 3344 est
1240 3289 1314 3344 de
1337 3305 1496 3345 area.
1522 3291 1742 3356 Quarta
1764 3307 1894 3364 quae
1917 3292 2220 3349 Abraham

557 3371 701 3430 data
751 3379 839 3430 est
877 3375 950 3431 de
987 3376 1464 3438 circumcisione.
1513 3377 1728 3447 Quinta
1761 3395 1897 3453 qua:
1929 3382 2123 3438 eidem
2151 3384 2220 3438 de

556 3465 718 3520 Isaac
749 3463 1184 3525 immolatione.
1224 3468 1395 3524 Sexta
1423 3485 1558 3541 qua!
1590 3470 1765 3526 Mosi.
1804 3471 2064 3540 Septima
2089 3489 2218 3544 qua:

553 3566 660 3623 per
707 3554 1039 3625 prophetas.
1090 3559 1292 3628 ltaque
1340 3557 1650 3615 daemones
1694 3560 1792 3629 qui
1831 3559 2048 3617 docent
2093 3577 2217 3617 non

552 3641 792 3697 credere
835 3645 1352 3711 resurrectionem,
1393 3646 1762 3716 interrogant
1812 3649 2072 3719 maligne
2110 3666 2217 3722 per

551 3729 964 3798 cogitationes.
1011 3733 1086 3794 Si.
1137 3733 1430 3804 inquiunt,
1477 3733 1676 3794 futura
1716 3741 1806 3793 est
1842 3744 2212 3798 mortuorum

548 3817 920 3884 resurrectio,
948 3819 1121 3889 juxta
1149 3836 1329 3891 quam
1356 3822 1575 3878 harum
1605 3829 1832 3897 septem
1871 3827 2076 3898 legum
2106 3831 2213 3887 hu-

547 3919 732 3961 mana.
761 3909 901 3962 tunc
931 3912 1146 3965 natura
1175 3911 1617 3970 conversabitur
1644 3914 1672 3969 ‘l’
1703 3920 1767 3972 ut
1795 3916 1844 3972 si
1876 3920 2210 3978 secundum

548 3993 813 4071 aliquam
863 3996 1084 4053 harum
1133 3998 1481 4066 dixerimus,
1539 4001 1840 4062 inferant:
1891 4023 2034 4079 ergo
2081 4012 2209 4068 sine

544 4081 740 4138 frtictu
765 4082 847 4140 ibi
877 4085 985 4142 erit
1012 4091 1117 4144 aut
1141 4103 1298 4146 vana
1323 4088 1589 4148 humana
1615 4093 1731 4150 vita
1755 4096 2057 4166 prioribus
2084 4115 2209 4157 rur~

544 4187 645 4227 sus
699 4172 965 4233 obnoxia
1014 4176 1207 4234 malis.
1259 4178 1374 4235 Sed
1424 4195 1566 4238 vera
1615 4199 1683 4239 ac
1736 4185 2011 4244 salutaris
2055 4191 2207 4248 ratio

540 4261 773 4333 pietatis
800 4265 1104 4324 silentium
1135 4268 1226 4325 his
1249 4269 1524 4341 imponit,
1549 4272 1774 4330 docens
1799 4277 2049 4336 alteram
2073 4296 2206 4338 esse

539 4351 726 4409 vitam
780 4361 916 4426 post
959 4357 1470 4417 resurrectionem.
1527 4363 1698 4428 Quod
1742 4366 1792 4421 si
1838 4369 1973 4440 quis
2025 4372 2202 4427 etiam

541 4447 766 4532 septem
802 4445 985 4503 millia
1010 4463 1309 4506 annorum
1351 4454 1658 4521 praesentis
1688 4457 1897 4513 mundi
1929 4461 2202 4532 accipiat,

538 4529 659 4586 sive
687 4536 918 4603 septem
951 4536 1171 4593 saecula
1199 4539 1421 4610 quibus
1453 4541 1590 4599 vixit
1620 4543 1936 4602 hominum
1967 4529 2200 4616 natura,

537 4634 573 4674 a
602 4619 905 4677 verisimili
935 4639 1056 4680 non
1089 4626 1404 4686 aberrabit.
1439 4632 1664 4688 Nullius
1695 4640 1896 4692 autem
1927 4637 2036 4694 erit
2054 4655 2204 4696 uxor

535 4711 672 4779 post
700 4713 1212 4780 resurrectionem,
1246 4733 1383 4775 cum
1408 4720 1534 4776 haec
1571 4723 1751 4779 ﬁuem
1780 4725 2059 4794 habeant,
2096 4729 2201 4785 sed

535 4795 695 4854 aliud
725 4800 1012 4857 saeculum
1041 4811 1321 4864 octavum
1344 4812 1513 4881 quod
1533 4811 1715 4869 ﬁnem
1733 4828 1854 4870 non
1875 4815 2076 4884 habet,
2101 4835 2202 4876 ac-

535 4885 712 4958 cipiet
735 4887 918 4946 illam.

603 4977 762 5032 Vers.
797 4980 883 5034 29.
930 4981 1289 5055 Respondens
1334 5019 1403 5029 —
1441 4989 1572 5046 Dei.
1623 4990 1938 5062 Fallimiui,
1981 5002 2045 5055 ut
2089 5002 2193 5073 qui

601 5103 620 5136 ⁷
655 5102 824 5159 Deut.
848 5120 980 5173 xxv,
1012 5111 1044 5162 5

2235 4415 2283 4470 D

2363 581 2455 626 τοῦ
2508 575 2848 650 πλάπσματος
2903 579 3277 652 λαμϐάνουσιν,
3359 584 3493 644 ὅπως
3551 583 3822 658 ἀξιόλογον
3879 609 3962 661 φα-

2361 669 2467 722 νείη
2518 670 2574 718 τό
2624 668 2856 741 ζήτημα.
2925 675 3024 722 Καὶ
3074 673 3176 743 γὰρ
3210 670 3258 723 ἐν
3297 679 3360 744 τῇ
3392 681 3563 746 γραφῇ
3596 681 3689 727 τοῦ
3730 682 3958 750 Δευτερο-

2359 759 2534 824 νομίου
2614 757 2930 830 παρήγγειλε
2999 766 3250 826 Μωῡσής,
3308 762 3391 814 ἶνα
3446 767 3536 821 τήν
3591 772 3822 834 γυναῖκα
3874 775 3956 819 τοῦ

2359 843 2775 908 τετελευτηκότος
2851 844 3080 911 ἄπαιδος
3156 854 3374 923 γαμήσῃ
3457 851 3611 905 πάλιν
3670 856 3697 907 6
3751 852 3957 929 ἀδελφὸς

2358 933 2517 998 αὐτοῦ
2573 952 2584 964 ·
2639 944 2790 990 τοῦτο
2835 941 2936 1010 γὰρ
2991 934 3164 1003 δηλοῖ,
3220 943 3276 992 τό
3325 941 3772 1015 Ἐπιγαμϐρεύσει
3831 961 3844 975 '
3873 950 3955 1000 καὶ

2356 1024 2381 1073 ὅ
2429 1025 2490 1074 οἶν
2541 1032 2763 1100 γεννήσῃ
2837 1037 3058 1101 πρῶτον,
3116 1028 3348 1102 ὀνομάσῃ
3436 1039 3590 1084 τοῦτο
3649 1039 3822 1087 τέκνον
3869 1043 3951 1088 τοῦ

2357 1113 2590 1174 θανόντος
2643 1113 2887 1188 ἀδελφοῦ,
2943 1122 3070 1190 πρὸς
3117 1123 3448 1192 μνημόσυνον
3514 1120 3732 1180 ἐκείνου,
3784 1131 3950 1177 Ταῦτα

2353 1205 2443 1272 μιν
2474 1203 2561 1255 οὖν
2606 1213 2697 1257 τοῦ
2754 1211 2934 1278 νόμον.
2977 1211 3159 1262 Σκόπει
3210 1205 3290 1274 δε,
3350 1214 3400 1264 τί
3459 1210 3606 1264 οὗτοι
3635 1217 3948 1267 κατασκευά-

2354 1292 2536 1352 ζουσιν
2557 1312 2570 1362 ;

2421 1381 2591 1434 Ἦσαν
2653 1415 2720 1424 -
2768 1384 2950 1442 αὐτήν.
3025 1385 3184 1438 Ἐπτά
3239 1383 3298 1440 δε
3349 1390 3564 1450 τούτους
3596 1390 3938 1462 ὑποτιθέασιν,

2350 1472 2482 1524 ὥστε
2535 1468 2706 1526 δοκεῖν
2760 1471 3080 1548 ἀπορώτερον
3151 1479 3210 1528 τὸ
3295 1476 3594 1550 πρόϐλημα.
3661 1485 3845 1541 Σκοπὸς
3889 1477 3940 1535 δε

2348 1568 2456 1622 τοῖς
2489 1557 2886 1630 Σαδδουκαίοις,
2944 1565 3025 1616 ἱνα
3076 1568 3175 1617 εἶτε
3225 1565 3350 1630 ἑνός,
3414 1570 3513 1620 εἴτε
3577 1570 3782 1621 πάντων
3828 1568 3936 1622 ἀπο-

2348 1652 2571 1723 κριθείη,
2616 1657 2818 1722 ταχέως
2865 1651 3255 1723 ἀντιθήσουσιν,
3305 1657 3374 1716 ὡς
3426 1654 3535 1708 ἐπεὶ
3584 1661 3750 1730 γάμοι
3776 1658 3928 1724 παλιν,

2348 1738 2451 1811 ἆρα
2496 1745 2584 1792 καὶ
2631 1745 2948 1812 τέκνογονίαι
3005 1748 3094 1796 καὶ
3149 1740 3522 1818 παιδοτροφίαι
3573 1753 3668 1800 καὶ
3706 1752 3924 1821 πορισμοί

2268 1831 2313 1886 Β
2345 1831 2638 1902 χρημάτων
2681 1836 2769 1884 καὶ
2809 1827 2958 1885 δίκαι
3000 1837 3089 1884 καὶ
3141 1833 3352 1902 πόλεμοι
3413 1840 3503 1887 καὶ
3547 1840 3697 1891 νόσοι
3730 1842 3804 1890 καὶ
3843 1837 3916 1888 θά-

2345 1937 2489 1970 νατοι
2532 1919 2706 1986 πάλιν,
2758 1926 2846 1974 καὶ
2902 1923 3072 1974 πάντα
3125 1924 3190 1973 τά
3239 1930 3328 1974 τοῦ
3386 1929 3648 1997 παρόντος
3672 1925 3797 1999 βίον,
3836 1926 3913 1976 καὶ

2344 2006 2437 2059 οὐκ
2468 2010 2616 2062 ἔσται
2652 2007 2832 2061 λοιπον
2879 2012 2906 2064 6
2937 2009 3055 2082 βίος
3103 2011 3289 2072 ἐκεῖνος
3338 2013 3508 2088 ἔτερος
3556 2018 3704 2088 παρὰ
3746 2021 3916 2066 τοῦτον.

2343 2097 2404 2149 Εἰ
2442 2095 2495 2149 δ’
2551 2099 2577 2150 6
2616 2098 2772 2158 αὐτὸς
2832 2102 3001 2165 ἔσται,
3061 2105 3194 2161 τίνος
3246 2103 3410 2176 χάριν
3464 2106 3614 2160 ἔσται
3666 2103 3924 2164 ἀνάστασις

2341 2185 2499 2256 ᾫστε
2523 2187 2617 2240 οὐκ
2642 2190 2792 2240 ἔσται
2819 2191 3129 2251 ἀνάστασις.
3163 2195 3228 2244 Τί
3250 2186 3338 2243 οὖν
3365 2192 3392 2244 6
3423 2198 3652 2266 Χριστός
3674 2213 3690 2258 ;

2415 2393 2568 2462 [Γυνὴ
2632 2393 2745 2465 (81)
2796 2396 2885 2465 μιν
2932 2397 3006 2452 εἴη
3062 2395 3122 2446 ἄν
3168 2398 3196 2453 ἡ
3258 2394 3549 2470 ἀνθρωπίνη
3600 2401 3765 2470 φύσιςο
3800 2396 3920 2448 ἐπτά

2342 2477 2401 2533 δε
2455 2479 2685 2554 ἀδελφοὶ,
2758 2484 2805 2534 οἱ
2875 2485 3011 2535 κατὰ
3062 2489 3277 2558 καιροὺς
3329 2489 3468 2559 παρὰ
3524 2490 3644 2537 Θεοῦ
3695 2481 3914 2543 δοθεντες

2339 2569 2470 2642 αὐτῇ
2526 2574 2656 2643 πρὸς
2680 2569 3049 2643 παιδαγωγίαν
3102 2579 3191 2626 καὶ
3242 2578 3430 2645 γένεσιν
3477 2580 3677 2647 καρπῶν
3719 2567 3904 2622 δίκαιοι

2342 2662 2502 2722 σύνης
2557 2666 2725 2732 νόμοι,
2776 2662 2872 2727 οἷς,
2927 2664 2994 2723 ὡς
3038 2659 3283 2736 ἀνδράσι,
3336 2664 3467 2715 κατὰ
3519 2657 3772 2732 διαδοχήν
3801 2660 3908 2731 ὀμι-

2336 2748 2568 2820 λήσασα,
2635 2750 2755 2823 παρ’
2801 2747 3006 2811 οὐδενὸς
3073 2754 3203 2823 ἔσχε
3259 2755 3454 2826 καρπὸν
3514 2751 3760 2808 ἀληθινόν.
3803 2747 3912 2800 Ὠν

2336 2847 2535 2911 πρῶτος
2583 2842 2692 2910 μεν,
2745 2841 2770 2891 6
2825 2839 2873 2891 ἐν
2921 2847 2992 2910 τῷ
3049 2837 3356 2916 παραδείσῳ
3388 2839 3561 2904 δοθεὶς
3609 2847 3676 2894 τῶ
3729 2834 3914 2911 Ἀδάμ·

2336 2924 2568 3000 δεύτερος
2623 2925 2703 2996 δι,
2760 2930 2785 2980 6
2834 2937 2905 3000 τῷ
2955 2929 3096 3000 αὐτῷ
3137 2927 3310 2992 δοθεὶς
3341 2931 3495 2994 αὖθις
3523 2931 3614 2994 ἔξω
3647 2936 3735 2982 τοῦ
3763 2947 3918 3001 παρα-

2335 3013 2536 3083 δείσου,
2571 3016 2618 3068 ἐν
2659 3018 2801 3080 τάξει
2830 3017 3120 3091 ἐπιτιμίων·
3155 3024 3349 3094 τρίτος,
3403 3023 3430 3072 6
3478 3023 3610 3073 κατά
3644 3024 3731 3078 τήν
3771 3017 3917 3070 κιϐω-

2332 3110 2418 3158 τὸν
2463 3114 2534 3176 τῷ
2580 3113 2692 3158 Νῶε
2745 3103 2930 3168 δοθείς·
2978 3112 3242 3183 τέταρτος,
3291 3111 3317 3160 ὁ
3348 3117 3420 3180 τῷ
3459 3110 3690 3184 Ἀϐραὰμ
3734 3105 3914 3178 δοθεὶς,

3033 3202 3283 3269 πέμπτος,
3361 3201 3387 3250 ό
3430 3206 3499 3270 τῷ
3582 3199 3718 3269 αὐτῷ
3773 3197 3916 3251 παλιν

2330 3289 2446 3359 περὶ
2499 3294 2591 3346 τῆς
2643 3288 2778 3337 κατά
2829 3288 2914 3337 τὸν
2967 3285 3152 3339 ’ῐσαάκ
3223 3289 3430 3349 θυσίας·
3490 3289 3654 3356 ἕκτος,
3711 3288 3735 3338 6
3791 3305 3919 3338 κατα

2331 3377 2574 3439 Μωυσέα,
2609 3378 2698 3426 καὶ
2727 3371 2969 3447 ἕϐδομος,
3013 3377 3038 3427 6
3084 3373 3178 3428 διὰ
3214 3383 3317 3429 τῶν
3345 3386 3633 3452 προφητῶν.
3664 3379 3728 3429 Οἱ
3757 3379 3916 3428 τοίνυν

2327 3465 2421 3518 τὴν
2452 3461 2735 3515 ἀνάστασιν
2779 3462 2974 3516 ἀθετεῖν
3003 3460 3369 3532 διδάσκοντες,
3406 3463 3662 3540 δαίμονες,
3695 3464 3918 3540 ἔρωτῶσι

2325 3552 2596 3614 κακοήθως
2651 3548 2745 3604 διὰ
2782 3561 2880 3604 τῶν
2932 3552 3223 3627 λογισμῶν,
3263 3558 3329 3616 ὡς
3377 3559 3513 3628 εἴπερ
3577 3562 3763 3626 νεκρῶν
3793 3553 3917 3606 ἀνά-

2328 3659 2514 3702 στασις
2553 3644 2719 3710 ἔσται,
2751 3644 2885 3694 κατά
2941 3647 3060 3696 τίνα
3111 3653 3210 3696 τῶν
3253 3644 3525 3718 εἰρημένων
3571 3642 3697 3694 ἐπτὰ
3751 3646 3914 3713 νόμων

2323 3730 2353 3787 ἡ
2435 3729 2730 3802 ἀνθρωπίνη
2815 3734 2968 3804 φύσις
3047 3737 3158 3785 τότε
3234 3731 3701 3795 πολιτευθέσεται;
3779 3728 3906 3795 Ἵνα,

2323 3821 2427 3889 εἴγε
2455 3821 2589 3871 κατά
2644 3839 2760 3874 τινα
2808 3824 3001 3874 τούτων
3057 3829 3245 3893 φῶμεν,
3304 3819 3652 3892 ἐπαγάγωσιν,
3709 3817 3910 3870 Οὐκοῦν

2320 3905 2552 3981 ἄκαρπος
2597 3911 2744 3962 ἔσται
2805 3910 2958 3964 πάλιν
3005 3914 3093 3963 καὶ
3147 3915 3347 3984 ματαία
3389 3911 3421 3968 ἡ
3457 3909 3744 3984 ἀνθρωπίνη
3780 3908 3910 3974 ζωή,

2317 4004 2420 4058 τοῖς
2444 4002 2711 4072 προτέροις
2741 3999 2892 4062 αὖθις
2932 3998 3244 4073 ἐνσχεθεῖσα
3271 4007 3471 4062 κακοῖς.
3500 3998 3635 4051 Ἀλλ’
3667 3999 3693 4051 6
3721 3996 3916 4059 ἀληθὴς

2317 4092 2408 4139 καὶ
2457 4093 2711 4161 σωτήριος
2757 4096 2854 4150 τῆς
2910 4089 3172 4151 εὐσεϐείας
3227 4090 3377 4162 λόγος
3425 4089 3750 4162 ἐπιστομίζει
3799 4089 3918 4140 τού-

2318 4195 2453 4242 τους,
2505 4176 2679 4252 ἑτέραν
2736 4178 2865 4230 εἶναι
2918 4177 3052 4238 ζωὴν
3106 4183 3238 4252 μετά
3292 4185 3384 4238 τὴν
3433 4180 3722 4247 ἀνάστασιν
3758 4173 3918 4232 διδά-

2319 4284 2475 4317 σκων.
2509 4267 2568 4319 Εἰ
2599 4263 2658 4320 δε
2690 4271 2780 4320 καὶ
2810 4270 2903 4329 τὰς
2946 4267 3075 4320 ἔπτὰ
3101 4267 3362 4341 χιλιάδας
3399 4278 3499 4322 τῶν
3544 4269 3664 4322 ἐτῶν
3697 4276 3789 4322 τοῦ
3818 4287 3914 4321 πα-

2315 4359 2492 4428 ρόντος
2547 4361 2750 4429 κόσμου
2801 4356 2952 4409 λάϐοι
3011 4377 3113 4424 τις,
3169 4363 3307 4424 ἤτοι,
3365 4363 3482 4421 τοὺς
3535 4360 3662 4414 ἑπτὰ
3715 4359 3911 4424 αἰῶνας,

2317 4446 2393 4506 οἷς
2445 4445 2678 4518 ὡμίλησε
2729 4455 2830 4499 τῶν
2860 4446 3142 4521 ἀνθρώπων
3195 4451 3225 4506 ἡ
3265 4451 3440 4520 φύσις,
3485 4450 3592 4522 οὐχ
3631 4450 3916 4524 ἁμαρτήσει

2314 4542 2406 4587 τοῦ
2437 4535 2629 4597 εἰκότος
2681 4536 2822 4609 (82),
2890 4537 2959 4588 ὧν
3017 4532 3230 4599 οὐδενὸς
3285 4541 3436 4591 ἔσται
3494 4545 3623 4612 γυνὴ
3672 4543 3802 4614 μιτὰ
3824 4543 3914 4596 τὴν

2315 4621 2624 4694 ἀνάστασιν,
2681 4628 2877 4678 τούτων
2931 4628 3022 4699 μεν
3078 4631 3232 4701 πέρας
3285 4625 3567 4697 λαϐόντων,
3635 4631 3808 4704 ἐτέρου
3859 4623 3914 4680 δὲ

2314 4711 2651 4773 ἀτελευτήτου
2726 4723 2817 4768 τοῦ
2899 4712 3094 4788 ὀγδόου
3176 4716 3356 4777 αἰῶνος
3425 4719 3915 4793 παραλαμϐάνοντος

2311 4803 2524 4877 αὐτήν]

2383 4999 2710 5073 ’Δποκριθεὶς
2763 5030 2832 5042 —
2872 5007 3025 5056 Θεοῦ.
3089 5001 3378 5069 Πλανᾶσθε,
3438 5003 3508 5065 ῶς
3561 5010 3634 5078 μὴ
3693 5011 3912 5064 νοοῦντες

1737 5293 1960 5382 Variae
2009 5298 2337 5404 lectiones
2377 5312 2443 5384 et
2489 5312 2696 5396 notans.

533 5478 882 5578 $39.93?
910 5481 1778 5578 Esdsslasieslrfsingod:
1828 5496 1875 5549 Α
1912 5493 2191 5578 ιθειιηιων

527 5552 588 5639 in
603 5553 894 5639 margine,
917 5552 1382 5639 tribuuntur-que
1405 5562 1617 5639 saneto
1630 5559 1909 5639 Maximo,
1922 5552 2186 5639 cujusin;

527 5622 975 5692 terpretationes
993 5622 1304 5694 pleraeque
1317 5641 1522 5683 omnes
1543 5622 2187 5705 allegoricm,’ob"scur_ae

593 5747 706 5818 (zz)
730 5747 803 5802 1η
833 5751 997 5802 statu
1021 5763 1354 5817 poenarum.
1389 5751 1585 5809 Pasnae
1607 5755 1758 5814 loco.

2299 5502 2475 5582 atque
2503 5501 2787 5582 tortuosae
2811 5503 2971 5582 sunt.
2999 5501 3238 5582 Avertat
3266 5503 3424 5560 Deus
3451 5503 3516 5559 in
3545 5511 3850 5578 posterum
3877 5518 3912 5558 a

2297 5570 2504 5660 litteris
2517 5571 2723 5660 sacris
2753 5571 2900 5632 tales
2931 5571 3304 5660 interpretes.

2369 5642 2484 5714 (8?)
2517 5648 2738 5708 Σκόποῦ,
2773 5659 2878 5715 pro
2909 5641 3123 5711 εἰκότος,
3155 5641 3219 5698 Α.
