4198 6444
271 395 377 458 581

1229 392 1596 457 COMMENT.
1641 395 1711 455 IN
1747 377 2180 456 mnu/Eum.
2224 433 2291 442 -
2331 403 2482 458 CAP.
2529 392 2698 460 XXII.

3543 409 3649 468 589

267 526 367 585 τὰς
421 523 632 598 Γραφὰς
687 523 780 585 τὰς
848 527 1191 597 προφητικὰς,
1255 527 1444 588 αἵτινες
1512 526 1569 578 ού
1619 528 1874 591 τοιαύτην,

1997 541 2119 582 non
2151 525 2469 598 intelligitis
2521 530 2898 602 propheticas
2945 533 3275 606 Scripturas
3327 553 3462 610 quae
3522 556 3646 598 non

232 614 392 667 ὀἷαν
446 610 852 684 ὑπολαμϐάνετε,
914 610 1328 687 δογματίζουσιν
1383 615 1691 668 ἀνάστασιν.
1753 614 1886 667 Πλα-

265 704 435 755 νασθε
486 698 544 753 δὲ
590 706 699 767 καὶ,
751 703 816 762 ὡς
859 707 930 775 μὴ
986 700 1181 766 εἰδότες
1213 711 1300 764 τὴν
1334 702 1555 777 δύναμιν
1587 713 1677 757 τοῦ
1729 713 1883 765 Θεοῦ,

268 796 370 848 τὴν
424 790 723 861 ἰσχύουσαν
771 789 1070 850 ἀναστῆσαι
1118 799 1242 856 τοῦς
1297 799 1506 869 νεκροὺς
1565 798 1729 867 χωρὶς
1787 793 1884 845 τῶν

270 882 541 954 προτέρων
565 883 800 952 σχέσεων
831 886 920 934 καὶ
941 885 1144 940 παθῶν.

351 969 435 1020 Ἐν
487 1000 558 1011 -
615 969 1010 1043 ἐκγαμιζονται,
1087 976 1220 1025 Οὔτε
1271 979 1533 1044 γαμοῦσιν
1583 975 1630 1025 οἱ
1679 968 1882 1047 ἄνδρες,

275 1057 394 1111 οὔτε
458 1057 834 1130 ἑκγαμίζονται
887 1063 940 1112 αἱ
985 1070 1244 1133 γυναῖκες,
1292 1067 1554 1115 τουτέστιν
1613 1061 1670 1114 ού
1731 1062 1885 1114 συνά-

273 1168 491 1201 πτονται
549 1145 826 1223 ἀνδράσιν,
888 1151 955 1212 ὡς
1009 1156 1079 1224 μὴ
1113 1156 1278 1213 οὔσης
1316 1151 1420 1204 ἐκεῖ
1459 1156 1689 1224 σχέσεως
1718 1170 1880 1222 γαμι-

270 1245 393 1299 κῆς.
440 1239 592 1310 Παρὰ
624 1234 682 1290 δὲ
729 1246 800 1291 τῶ
858 1243 1039 1310 Λουκᾷ
1084 1243 1422 1316 προσέθηκεν,
1471 1242 1548 1294 ὃτι
1580 1244 1708 1292 Οὔτε
1755 1241 1880 1292 ἀπο-

273 1328 442 1379 θανεῖν
495 1329 569 1379 ἔτι
615 1324 888 1397 δύνανται,
943 1325 1215 1398 δεικτύων,
1261 1333 1332 1393 ὡς
1379 1333 1404 1383 6
1452 1332 1615 1403 γάμος
1662 1326 1756 1382 διὰ
1795 1332 1878 1380 τὸν

271 1418 493 1469 Θάνατον
573 1421 797 1489 γέγονεν,
891 1416 1003 1471 ἀντὶ
1080 1427 1178 1472 τῶν
1260 1419 1605 1472 τελευτώντων
1682 1419 1878 1492 ἐτέρους

269 1505 700 1563 ύποϐλαστάνων.
753 1505 924 1560 Ὀπου
984 1504 1043 1561 δὲ
1100 1511 1316 1572 θάνατος
1369 1509 1464 1561 οῦκ
1523 1513 1684 1576 ἔστιν,
1753 1506 1876 1561 οὐδὲ

264 1597 438 1668 γάμος
460 1596 662 1651 λοιπὸν.

337 1683 474 1736 Ἀλλ’
526 1716 596 1726 —
646 1684 777 1740 εἰσι.
847 1690 972 1760 Περὶ
1021 1690 1187 1759 μὸνων
1234 1697 1334 1740 τῶν
1386 1685 1603 1740 δικαίων
1656 1688 1876 1740 ἐνταῦθα

264 1772 425 1845 λέγει,
475 1776 555 1826 ὅτι
602 1782 694 1826 τοῦ
743 1773 929 1827 λοιποῦ
972 1777 1036 1836 ὡς
1087 1775 1298 1847 ἄγγελοί
1346 1778 1496 1845 εἰσιν,
1540 1780 1674 1830 κατά
1716 1782 1772 1830 τὸ
1819 1776 1873 1830 ὄι-
1905 1829 1947 1885 Β

271 1865 422 1885 __-h'__
467 1868 546 1885 .-κ’
603 1861 626 1885 Τί
687 1860 815 1885 ἻΔΒΟ
863 1883 873 1885 μ
979 1866 1001 1885 η
1104 1861 1138 1885 ὼ
1265 1870 1274 1883 ι
1441 1871 1450 1881 ι
1551 1871 1559 1883 ι
1626 1867 1637 1881 9
1699 1873 1707 1882 ο

267 1865 422 1923 παθὲς
464 1868 554 1915 καὶ
595 1860 929 1936 ἁφιλήδονον,
976 1866 1051 1917 ἔτι
1093 1861 1152 1917 δὲ
1193 1870 1282 1919 καὶ
1329 1871 1462 1919 κατὰ
1510 1871 1567 1920 τὸ
1616 1867 1874 1942 ἀκήρατον

267 1955 360 2004 καὶ
419 1949 715 2024 φωτοειδές.
770 1955 838 2008 Τὸ
918 1949 996 2022 δὲ,
1053 1952 1143 2016 Ὡς
1214 1955 1422 2028 ἁγγελοι
1479 1965 1570 2009 τοῦ
1628 1965 1759 2011 Θεοῦ
1826 1956 1874 2009 ἐν

270 2039 496 2113 οὐρανῷ,
548 2039 659 2093 ἀντὶ
709 2048 822 2110 τοῦ,
854 2044 918 2102 ὡς
970 2041 1180 2114 ἄγγελοι
1228 2053 1319 2098 τοῦ
1378 2054 1533 2112 Θεοῦ,
1591 2048 1639 2098 οἱ
1691 2046 1738 2098 ἐν
1791 2047 1875 2098 ού-

274 2136 440 2203 ρανῷ.
483 2133 633 2180 Οῦτω
664 2131 770 2202 (83)
817 2133 916 2204 γὰρ
949 2128 1082 2184 εἶπεν
1128 2134 1152 2184 6
1193 2137 1424 2207 Μάρκος.
1480 2141 1684 2197 Λουκᾶς
1719 2131 1776 2187 δὲ
1815 2137 1872 2186 τὸ

279 2217 460 2286 μεῖζὸν
514 2237 687 2289 φησιν,
756 2220 830 2271 ὃτι
876 2225 974 2273 Καὶ
1037 2223 1142 2274 υἱοί
1209 2224 1338 2275 εἶσιν
1409 2232 1501 2276 τοῦ
1566 2232 1720 2290 Θεοῦ,
1781 2231 1874 2284 τῆς

285 2301 615 2367 ἀναστάσεως
693 2309 793 2360 υἱοί
879 2314 1038 2379 ὅντες,
1131 2315 1419 2378 τουτέστιν,
1515 2312 1874 2385 ἀναγεννηθέν-

280 2411 356 2453 τες
412 2391 506 2445 διὰ
568 2393 655 2456 τῆς
719 2398 1070 2464 ἀναστάσεως,
1137 2402 1254 2462 ἣτις
1319 2401 1431 2454 ἐστὶ
1483 2403 1868 2476 παλιγγενεσία.

273 2486 397 2556 Περὶ
437 2491 535 2534 τῶν
566 2482 783 2538 δικαίων
826 2491 925 2561 γὰρ
964 2492 1166 2562 εἴρηται
1209 2491 1328 2563 παρ’
1384 2492 1523 2563 αύτῷ
1565 2498 1653 2545 καὶ
1693 2498 1772 2562 τὸ,
1806 2496 1872 2546 Οἱ

267 2565 328 2622 δὲ
379 2571 780 2638 καταξιωθέντες
826 2585 920 2628 τοῦ
951 2580 1130 2640 αἰῶνος
1180 2577 1370 2632 ἐκείνου
1413 2589 1595 2653 τυχεῖν
1644 2588 1732 2635 καὶ
1775 2591 1870 2646 τῆς

259 2657 593 2724 ἀναστάσεως
619 2671 712 2726 τῆς
745 2664 802 2717 ἐκ
829 2675 1037 2740 νεκρῶν,
1062 2673 1150 2720 καὶ
1179 2671 1244 2722 τὰ
1275 2670 1410 2733 ἑξῆς.

331 2908 373 2983 [’
401 2917 444 2963 Η
491 2910 604 2983 (84)
660 2922 760 2965 τῶν
832 2913 1060 2988 ἀγγέλων
1105 2920 1262 2990 φύσις
1315 2924 1409 2980 τὴν
1458 2921 1530 2984 εἰς
1576 2923 1728 2997 ἄρρεν
1772 2927 1863 2975 καὶ

262 2998 393 3056 θῆλυ
463 2997 724 3075 διαιρεσιν
779 3003 874 3054 οὐκ
929 3002 1253 3078 ἐπιδέχεται,
1319 3005 1456 3062 διότι
1516 3019 1612 3073 τῆς
1679 3014 1865 3074 θνητῆς
1897 3049 1938 3105 C

261 3089 469 3158 φύσεως
519 3092 551 3148 ἠ
602 3094 818 3151 τοιαύτη
873 3089 1156 3166 διαίρεσις,
1206 3097 1290 3149 οἷα
1331 3105 1428 3161 τῆς
1471 3100 1586 3171 (85)
1635 3098 1730 3155 διὰ
1771 3110 1862 3156 τοῦ
1899 3089 1936 3130 u‘

254 3178 433 3249 γάμου
489 3176 836 3244 παιδοποιίας
885 3187 945 3235 τὸ
1005 3181 1099 3236 διὰ
1153 3193 1245 3238 τοῦ
1295 3189 1516 3242 θανάτου
1564 3195 1863 3264 κενούμενον

258 3263 683 3342 ἀναπληρούσης]
696 3312 710 3327 .

331 3360 455 3428 Περὶ
519 3387 587 3396 --
647 3357 873 3423 Ἰακώϐ,·
915 3357 1227 3435 Ἐπειδήπερ
1290 3361 1472 3416 ἐκεῖνοι
1547 3368 1633 3418 τὸν
1703 3374 1863 3420 Μωύ-

257 3447 354 3494 σὲα
388 3443 751 3518 προεϐάλοντο,
800 3447 978 3502 λοιπὸν
1021 3456 1110 3502 καὶ
1154 3451 1311 3514 αὐτὸς
1353 3453 1455 3506 ἀπὸ
1498 3463 1594 3517 τῆς
1634 3464 1859 3510 Μωσαῐ-

251 3540 352 3593 κῆς
398 3543 599 3606 γραφῆς
654 3539 866 3599 τούτους
913 3537 1258 3612 ἐπιστομίζει.
1316 3543 1396 3594 Ἐν
1437 3553 1498 3617 τῇ
1545 3544 1712 3618 βίϐλῳ
1753 3551 1855 3624 γὰρ

249 3629 348 3682 τῆς
397 3619 616 3685 Ἐξὸδου
663 3629 728 3677 τὰ
771 3628 997 3701 ῥηθέντα
1039 3635 1348 3705 γέγραπται.
1400 3639 1500 3686 Καὶ
1553 3640 1734 3690 σκόπει
1769 3619 1856 3690 τὸν

247 3709 422 3782 λόγον*
460 3713 590 3784 Ἐγώ
622 3713 729 3787 εἰμι
772 3717 797 3767 6
826 3721 955 3779 Θεὸς
987 3717 1243 3794 ’Δϐραὰμ,
1295 3727 1386 3775 καὶ
1423 3725 1448 3775 6
1499 3729 1625 3787 Θεὸς
1653 3726 1852 3797 Ἰσαὰκ,

247 3804 339 3852 καὶ
397 3803 422 3853 6
476 3806 600 3864 Θεὸς
630 3804 838 3877 Ἰακὼϐ,
901 3808 958 3859 οὐ
1013 3817 1111 3861 τῶν
1164 3813 1328 3871 πάντη
1385 3824 1593 3889 νεκρώνσ
1658 3817 1700 3869 εἰ
1751 3821 1852 3891 γὰρ

247 3891 417 3948 πάντη
460 3898 628 3967 νεκροὶ
672 3891 826 3963 ἦσαν,
880 3894 1014 3949 εἶπεν
1066 3901 1146 3964 ἄν,
1201 3903 1280 3953 ὅτι
1310 3902 1439 3974 Ἐγὼ
1473 3906 1666 3978 ἥμηνὸ
1711 3912 1848 3969 Θεὸς·

247 3977 357 4032 ἐπεὶ
392 3976 450 4033 δὲ
481 3978 637 4053 εἶπεν,
688 3985 768 4036 ὅτι
794 3985 924 4057 Ἐγώ
972 3987 1077 4060 εἰμι
1124 3991 1149 4041 6
1194 3994 1338 4062 Θεὸς,
1370 3989 1579 4061 ἔδειξεν,
1631 3998 1712 4048 ὅτι
1753 4006 1851 4050 τῶν

246 4065 540 4128 ἀναστῆναι
607 4071 908 4143 μελλόντων.
977 4074 1176 4152 Ὠσπερ
1258 4083 1358 4153 γὰρ
1444 4084 1469 4134 6
1541 4081 1734 4158 Ἀδὰμ,
1810 4087 1853 4139 εἰ

242 4161 336 4209 καὶ
391 4157 508 4230 (86)
548 4161 636 4223 ἔζη
680 4165 812 4234 μετὰ
849 4168 942 4223 τὴν
995 4163 1094 4220 ἀπὸ
1145 4175 1234 4219 τοῦ
1288 4169 1438 4232 ξύλου
1470 4170 1662 4225 ἐκείνου
1704 4174 1851 4250 βρῶ-

245 4265 352 4318 σιν,
396 4245 504 4300 ἀλλ’
548 4245 634 4301 οὖν
679 4249 728 4303 ἐν
825 4254 994 4327 ἡμέρᾳ
1027 4258 1199 4328 ἔφαγε,
1238 4260 1450 4318 τέθνηκε
1495 4269 1555 4333 τῇ
1593 4261 1850 4335 ἀποφάσει

237 4343 334 4396 τῆς
363 4336 624 4401 τελευτῆς.
669 4339 804 4393 οὓτω
852 4349 941 4396 καὶ
988 4345 1152 4412 οὔτοι,
1203 4346 1246 4398 εἰ
1293 4353 1383 4402 καὶ
1422 4347 1694 4420 ἀπέθανον,
1740 4352 1846 4406 ἀλλ’
1879 4365 1930 4420 D

237 4420 329 4476 οὖν
355 4426 507 4498 ἕξων,
531 4436 591 4500 τῇ
623 4430 914 4502 ὑποσχέσει
945 4442 1039 4496 τῆς
1069 4432 1424 4501 ἀναστάσεως.
1902 4425 1908 4444 ι

311 4622 423 4678 Οὐκ
474 4656 544 4665 -
597 4625 819 4685 ζώντων.
875 4627 933 4680 Ὀ
976 4633 1065 4702 μὲν
1119 4634 1219 4704 γὰρ
1278 4638 1416 4700 Θεὸς,
1472 4643 1539 4686 ῶν
1587 4642 1678 4689 καὶ
1721 4638 1842 4698 ξών·

235 4713 263 4762 ὸ
320 4709 379 4764 δε
425 4718 623 4788 νεκρὸς,
683 4717 777 4768 οὐκ
806 4722 874 4769 ὦν
925 4725 1015 4772 καὶ
1063 4721 1122 4772 ού
1168 4721 1287 4782 ζῶν.
1325 4729 1425 4776 Καὶ
1473 4730 1576 4797 μὴν
1611 4726 1846 4802 ἀλλαχοῦ

233 4803 546 4875 γέγραπται,
618 4804 726 4858 Ἵνα
781 4813 874 4860 καὶ
932 4819 1120 4885 νεκρῶν
1168 4817 1257 4864 καὶ
1306 4813 1510 4873 ζώντων
1566 4823 1842 4894 κυριεύσῃ.

235 4888 396 4944 ’Δλλά
449 4892 604 4946 κάκεῖ
653 4900 867 4971 νεκρούς
916 4903 1042 4965 νόει,
1081 4905 1210 4964 τούς
1269 4901 1604 4974 μὰναστῆναι
1668 4909 1844 4962 ε’λλον-

306 5098 328 5132 ⁸
369 5099 506 5154 Luc.
529 5115 632 5168 xx,
664 5105 752 5158 36.

867 5105 887 5138 ⁸
914 5107 1087 5161 Marc.
1117 5123 1214 5174 xu,
1245 5113 1331 5165 25.
1446 5113 1494 5148 ¹⁰
1523 5115 1662 5170 Luc.
1694 5133 1786 5182 xx,
1827 5117 1916 5186 36,

1997 615 2196 684 talem,
2253 617 2494 688 qualem
2542 635 2644 674 vos
2701 622 3111 694 suspicamini,
3179 625 3395 682 docent
3458 645 3646 686 resur-

1998 705 2359 760 rectionem:
2419 713 2474 762 et
2536 708 2713 765 veluti
2781 712 3128 779 ignorantes
3193 714 3470 774 virtutem
3524 722 3640 786 Dei,

1995 810 2123 865 quea
2178 799 2445 851 mortuos
2490 798 2843 854 resuscitare
2902 808 3113 873 potest,
3169 805 3294 860 sine
3342 808 3642 878 prioribus

1993 882 2302 938 habitibus
2326 888 2381 939 et
2402 883 2732 941 affectibus.

2069 973 2223 1027 Vers.
2276 976 2363 1028 30.
2426 975 2490 1028 In
2526 1006 2592 1015 —
2639 979 2860 1045 nuptui
2916 980 3251 1037 tradentur.
3287 986 3486 1057 Neque
3539 989 3643 1044 viri

1995 1060 2446 1118 matrimonium
2518 1065 2885 1130 contrahent,
2947 1083 3142 1140 neque
3200 1073 3478 1130 mulieres
3534 1093 3643 1132 nu-

1991 1149 2118 1221 ptui
2143 1149 2465 1215 tradentur,
2495 1153 2607 1208 hoc
2635 1159 2872 1220 est,non
2904 1159 3346 1228 conjungentur
3372 1164 3530 1230 viris,
3558 1170 3644 1222 ut-

1991 1242 2127 1310 pote
2145 1253 2263 1294 non
2287 1241 2921 1301 exsistenteibiaﬂ'ectu
2939 1248 3208 1319 nuptiali.
3229 1252 3397 1322 Apud
3423 1255 3640 1312 Lucam

1989 1331 2188 1384 autem
2229 1329 2500 1386 addidit:
2540 1331 2742 1403 Neque
2787 1336 3049 1404 amplius
3078 1341 3232 1394 mori
3254 1347 3530 1408 poterunt
3578 1345 3639 1411 ⁸;

1986 1417 2304 1473 ostendens
2352 1421 2516 1492 quod
2578 1423 2798 1494 nuptiae
2841 1430 3084 1497 propter
3145 1436 3395 1486 mortem
3470 1432 3640 1490 factae

1987 1511 2143 1572 sunt,
2203 1511 2265 1562 ut
2303 1507 2434 1564 loco
2493 1515 2860 1567 mortuorum
2912 1514 3012 1570 alii
3071 1525 3476 1588 generentur;
3537 1523 3640 1578 ubi

1986 1601 2183 1651 autem
2227 1612 2347 1651 non
2401 1601 2492 1652 est
2545 1615 2726 1668 mors,
2782 1601 2910 1671 jam
2973 1619 3168 1677 neque
3211 1610 3434 1680 nuptias
3481 1617 3636 1667 sunt.

2059 1687 2214 1740 Vers.
2249 1689 2335 1742 30.
2364 1687 2484 1742 Sed
2511 1719 2576 1729 —
2608 1697 2796 1745 erunt.
2844 1694 2920 1746 De
2953 1693 3092 1747 solis
3113 1695 3290 1764 justis
3336 1697 3475 1753 dicit
3519 1699 3636 1768 hic,

1984 1775 2142 1845 quod
2171 1775 2453 1848 deinceps
2494 1777 2671 1849 quasi
2733 1781 2930 1849 angeli
2988 1787 3178 1850 erunt,
3233 1793 3528 1858 quantum
3560 1789 3637 1845 ad

1983 1861 2364 1918 aﬂ‘ectionum
2392 1880 2461 1919 ac
2505 1865 2878 1937 voluptatum
2921 1872 3244 1928 carentium
3275 1892 3292 1945 ;
3351 1882 3639 1948 prmterea

1983 1951 2162 2007 etiam
2211 1954 2415 2023 quoad
2472 1954 2984 2014 immortalitatem
3050 1961 3366 2035 lucemque
3436 1981 3640 2038 perpe-

1983 2043 2148 2095 tuam
2222 2043 2322 2113 (a).
2382 2044 2552 2108 Quod
2634 2050 2832 2101 autem
2919 2047 3103 2104 dicit:
3189 2053 3362 2123 quasi
3441 2055 3636 2126 angeli

1986 2129 2083 2184 Dei
2113 2131 2172 2184 in
2205 2131 2374 2198 caelo,
2408 2133 2522 2187 hoc
2565 2139 2673 2199 est,
2707 2135 2884 2206 quasi
2949 2139 3148 2207 angeli
3183 2140 3299 2211 Dei,
3357 2142 3460 2214 qui
3500 2149 3638 2200 sunt

1981 2216 2043 2272 in
2091 2218 2260 2274 caelo.
2323 2220 2410 2275 Ita
2461 2221 2621 2276 enim
2687 2222 2836 2279 dixit
2888 2225 3121 2281 Marcus
3173 2230 3216 2280 ⁸.
3262 2229 3450 2286 Lucas
3495 2248 3636 2288 vero

1980 2307 2146 2379 quod
2237 2309 2433 2380 majus
2493 2316 2579 2365 est
2639 2311 2823 2367 dicit:
2883 2314 2954 2369 Et
3001 2317 3118 2384 ﬁlii
3164 2325 3330 2373 erunt
3389 2322 3494 2376 Dei
3564 2322 3630 2389 1°,

1979 2411 2117 2450 cum
2151 2396 2412 2453 futurum
2454 2399 2544 2463 sit,
2593 2403 2655 2454 ut
2694 2399 2811 2456 sint
2846 2401 2950 2458 ﬁlii
2997 2408 3461 2474 resurrectionis,
3519 2409 3635 2465 hoc

1980 2487 2084 2548 est,
2140 2487 2471 2555 regenerati
2522 2503 2625 2558 per
2681 2493 3170 2550 resurrectionem
3214 2512 3347 2568 qum
3404 2503 3490 2553 est
3533 2499 3633 2554 ite-

1977 2578 2109 2630 rata
2155 2575 2479 2644 generatio.
2524 2579 2603 2632 De
2645 2577 2827 2648 justis
2865 2581 3024 2637 enim
3075 2583 3256 2640 etiam
3300 2586 3379 2642 ab
3427 2603 3498 2643 eo
3551 2589 3635 2644 di-

1976 2668 2137 2718 ctum
2165 2669 2257 2720 est
2303 2686 2315 2717 :
2352 2665 2466 2732 Qui
2508 2681 2644 2722 vero
2673 2667 2840 2738 digni
2894 2671 3290 2741 habebuntur,
3346 2680 3410 2731 ut
3459 2693 3629 2734 saecu-

1977 2751 2100 2807 lum
2121 2752 2275 2808 illud
2303 2763 2741 2826 consequantur
2763 2764 2818 2814 et
2849 2763 3339 2820 resurrectionem
3381 2779 3456 2822 ex
3475 2782 3628 2822 mor-

1974 2839 2089 2896 tuis
2114 2843 2181 2907 ¹¹,
2213 2847 2318 2898 etc.

2043 2939 2086 3007 -ι-
2117 2938 2469 3009 Angelorum
2498 2945 2714 2999 natura
2733 2943 3090 3002 divisionem
3122 2947 3179 3004 in
3211 2950 3550 3008 masculum
3573 2957 3631 3009 et

1971 3024 2259 3082 feminam
2331 3045 2453 3084 non
2522 3031 2794 3103 suscipit,
2881 3035 3018 3104 quia
3069 3039 3337 3094 mortalis
3395 3047 3628 3097 naturae

1971 3121 2059 3169 est
2092 3114 2429 3186 hujusmodi
2476 3117 2711 3183 divisio,
2773 3126 2834 3177 ut
2891 3137 2995 3192 per
3043 3125 3301 3182 ﬁliorum
3353 3144 3625 3199 procrea-

1967 3203 2212 3270 tionem,
2245 3221 2380 3278 quae
2405 3206 2464 3261 in
2495 3209 2717 3279 nuptiis
2740 3213 2845 3274 est,
2886 3211 3113 3282 repleat
3159 3215 3218 3269 id
3241 3216 3405 3286 quod
3430 3225 3618 3274 morte

1969 3297 2313 3349 evacuatur.

2039 3400 2198 3454 Vers.
2227 3403 2311 3455 31.
2345 3401 2422 3456 De
2448 3432 2517 3440 —
2547 3401 2711 3458 Vers.
2753 3405 2840 3459 32.
2869 3405 3047 3461 Iacob
3077 3407 3105 3462 ?
3131 3406 3283 3474 Quia
3314 3409 3392 3465 illi
3420 3414 3619 3470 Mosen

1966 3485 2478 3561 objecerunt,jam
2508 3491 2686 3547 etiam
2746 3493 3012 3551 Mosaica
3057 3496 3355 3568 Scriptura
3415 3515 3623 3558 eorum

1965 3575 2227 3633 obdurat
2246 3593 2370 3635 ora.
2404 3579 2467 3634 In
2493 3578 2646 3636 libro
2680 3583 2838 3638 enim
2889 3584 3072 3640 Exodi
3103 3585 3323 3660 scripta
3353 3593 3492 3644 sunt
3551 3592 3616 3656 η,

1963 3681 2098 3738 quae
2155 3666 2248 3722 hic
2303 3668 2602 3726 dicuntur.
2653 3673 2719 3728 Et
2769 3672 3079 3731 considera
3125 3675 3441 3744 rationem,
3492 3680 3621 3752 Ego

1959 3771 2086 3813 sum
2118 3758 2277 3814 Deus
2305 3759 2635 3827 Abraham,
2670 3766 2723 3818 et
2763 3762 2915 3820 Deus
2953 3764 3117 3822 Isaac
3147 3773 3200 3822 et
3231 3768 3384 3824 Deus
3412 3768 3617 3838 .Iacob,

1960 3860 2083 3902 non
2122 3848 2357 3919 penitus
2408 3856 2814 3922 mortuorum;
2843 3870 2985 3910 nam
3018 3855 3065 3910 si
3111 3857 3351 3929 penitus
3402 3860 3621 3917 mortui

1959 3933 2228 4001 fuissent,
2270 3938 2512 3995 dixisset
2553 3944 2755 4014 utique
2798 3960 2810 3998 :
2857 3945 2977 4012 Ego
3022 3960 3187 4001 eram
3228 3947 3418 4020 Deus;
3459 3965 3619 4006 nunc

1960 4029 2160 4079 autem
2203 4025 2346 4096 quia
2384 4027 2554 4093 dixit,
2590 4029 2718 4100 Ego
2748 4047 2876 4086 sum
2905 4032 3058 4088 Deus
3101 4035 3435 4106 Abraham,
3482 4044 3615 4104 etc.,

1959 4113 2219 4168 ostendit
2261 4115 2426 4186 quod
2457 4133 2665 4172 eorum
2697 4119 2801 4190 qui
2832 4123 3220 4178 resurrecturi
3249 4129 3435 4191 erant,
3477 4130 3614 4182 tan-

1959 4215 2138 4272 quam
2164 4202 2456 4270 vivorum,
2483 4204 2638 4259 Deus
2664 4212 2843 4261 esset.
2875 4209 3038 4263 Sicut
3058 4210 3216 4264 enim
3239 4212 3452 4279 Adam,
3482 4213 3620 4271 licet

1958 4287 2196 4345 vivebat
2257 4296 2391 4362 post
2439 4292 2584 4362 ligni
2638 4293 2794 4348 illius
2847 4311 3036 4361 esum,
3095 4301 3359 4354 attamen
3410 4301 3473 4354 in
3520 4302 3616 4360 die

1957 4393 2078 4449 quo
2107 4380 2387 4447 comedit,
2422 4387 2692 4437 mortuus
2722 4389 2808 4438 est
2837 4399 2942 4455 per
2971 4385 3178 4441 mortis
3211 4389 3566 4446 sententiam
3599 4409 3610 4448 :

1957 4467 2039 4521 sic
2069 4472 2126 4522 et
2153 4468 2246 4524 isti
2277 4485 2632 4543 quanquam
2681 4474 2897 4529 mortui
2928 4480 3114 4542 erant,
3156 4479 3419 4533 attamen
3453 4478 3619 4536 vive-

1957 4557 2101 4613 bant
2130 4573 2234 4630 per
2259 4560 2703 4616 resurrectionis
2733 4563 3219 4635 promissionem.

2027 4649 2184 4703 Vers.
2211 4652 2298 4705 32.
2322 4649 2451 4706 Non
2476 4682 2544 4691 —
2567 4652 2906 4709 viventium.
2931 4656 3081 4710 Deus
3105 4655 3401 4727 siquidem
3425 4662 3608 4726 etest,

1955 4741 2012 4792 et
2049 4737 2202 4795 .vivit
2247 4755 2260 4793 :
2316 4746 2584 4796 mortuus
2630 4757 2765 4796 vero
2793 4759 2901 4798 nec
2929 4748 3033 4810 est,
3068 4761 3176 4800 nec
3221 4745 3380 4804 vivit.
3434 4749 3610 4822 Atqui

1955 4825 2092 4882 alibi
2132 4827 2415 4899 scriptum
2466 4834 2551 4885 est
2586 4851 2597 4882 :
2640 4831 2710 4886 Ut
2741 4839 2792 4888 et
2822 4841 3194 4890 mortuorum
3240 4838 3292 4891 et
3343 4836 3609 4896 vivorum

1953 4915 2291 4973 dominetur
2311 4919 2378 4970 *3.
2405 4919 2520 4974 Sed
2541 4918 2622 4975 ibi
2644 4936 2886 4994 quoque
2909 4930 3178 4984 mortuos
3202 4924 3459 4998 intellige
3481 4943 3608 4996 eos,

2032 5122 2075 5195 ξι
2119 5120 2263 5180 Ibid.
2297 5124 2386 5179 εδ.

2501 5127 2547 5162 ¹²
2583 5126 2762 5203 Exod.
2797 5144 2878 5206 ut,
2911 5133 2962 5186 6.
3073 5132 3474 5204 15"Ruinaxw.
3547 5133 3602 5186 9.

1442 5291 1674 5380 Variae.
1697 5293 2028 5382 Iamiam
2071 5308 2139 5374 et
2170 5311 2380 5379 actae.

296 5497 409 5641 (83)
442 5504 619 5574 Urget
645 5519 787 5575 ergo

320 5572 411 5641 84)
452 5575 685 5633 Inclusa
730 5593 787 5634 cc

320 5507 409 5574 83)
442 5507 619 5574 Urget
645 5519 787 5575 ergo
801 5507 1132 5632 grticulum
1153 5513 1201 5564 oi
1231 5515 1388 5584 apud
1412 5517 1693 5580 Marcum.

320 5572 411 5644 84)
452 5575 685 5633 Inclusa
730 5593 798 5634 co
845 5594 919 5636 ex
950 5590 1196 5644 uterque
1228 5584 1290 5640 in
1321 5589 1590 5644 margine
1627 5589 1693 5644 ha

845 5594 919 5636 ex
950 5590 1196 5654 uterque
1228 5584 1290 5640 in
1321 5589 1590 5656 margine
1627 5589 1824 5646 habet.

294 5752 398 5823 (a).
412 5751 694 5818 Φωτοειδές
711 5773 834 5814 non
858 5761 950 5815 est
966 5760 1076 5816 lux
1089 5768 1393 5832 perpetua,
1413 5766 1519 5820 sed
1554 5753 1839 5825 lucidum.

2007 5521 2122 5594 (85)
2155 5522 2376 5592 latim,
2418 5523 2502 5578 οἶα
2541 5525 2636 5579 διὰ
2665 5538 2772 5590 τῆς.

2010 5595 2121 5664 (86)
2167 5595 2338 5659 Εἰκὸς,
2392 5613 2501 5668 pro
2556 5599 2598 5650 εἰ
2645 5606 2735 5652 καί
2781 5602 2848 5655 Δ.
