4198 6512
182 404 302 465 585
1104 396 1475 458 COMMENT.
1516 396 1586 453 IN
1623 387 2067 453 MATTHEUM.
2109 422 2179 434 —
2217 391 2373 449 CAP.
2413 390 2589 447 XXII.
3451 391 3558 447 586
3612 394 3619 401 ’

182 536 289 591 τὴν
346 529 594 589 ἀλήθειαν
640 525 1019 600 συνομολογῶν.
1092 530 1254 578 Τοῦτο
1309 520 1367 577 δὶ
1424 519 1530 576 εἶπε
1583 536 1797 595 προτρε-
1828 516 1862 571 Α

1968 517 2111 570 item
2157 513 2306 571 dixit
2342 513 2673 572 adhortans
2702 510 2868 571 illum
2893 512 2971 573 ad
3000 484 3321 587 perfectam
3350 514 3557 573 ﬁdem.
3612 502 3617 515 "

186 626 418 694 πόμενος
470 618 627 670 οιύτὸν
680 614 762 669 ἐπὶ
824 620 916 674 τὴν
976 614 1170 668 τελείαν
1235 618 1439 669 πίστιν.
1508 618 1685 665 Ταῦτα
1743 604 1802 661 δὲ

1968 606 1979 660 ι
2005 603 2135 660 haec
2164 605 2326 677 apud
2355 607 2615 663 Marcum
2644 604 2936 661 invenies.
3180 614 3190 624 ·

192 713 449 786 εὑρήσεις
484 708 629 780 παρὰ
651 712 723 777 τῷ
753 705 969 779 Μάρκῳ.

278 840 431 889 ΚΕΦ.
463 830 582 887 ΝΕ.
623 834 751 904 Περὶ
800 836 895 891 τῆς
926 835 1017 882 τοῦ
1050 832 1244 901 Κυρίου
1276 826 1640 902 ἐπερωτήσεως
1678 825 1808 899 πρὸς

1986 836 2141 894 CAP.
2173 837 2283 895 LV.
2306 867 2376 879 —
2404 838 2490 895 De
2513 837 2975 909 interrogatione
2997 834 3236 897 Domini
3260 838 3339 897 ad
3360 837 3570 898 Pluri-

769 922 887 980 τούς
918 922 1253 990 Φαρισαίους.
1914 941 2077 984 8308.

282 1033 618 1103 Συνηγμένων
674 1058 741 1071 -
781 1025 933 1094 tori;
976 1031 1101 1099 Περὶ
1130 1033 1221 1079 τοῦ
1259 1032 1494 1100 Χριστοῦ
1527 1042 1675 1097 φησι,
1720 1028 1812 1077 τοῦ

1989 1015 2153 1073 Vers.
2182 1018 2273 1073 41.
2307 1017 2690 1089 Congregatis
2726 1043 2784 1060 -
2816 1023 2900 1075 est
2926 1017 3054 1078 FDe
3085 1016 3334 1088 Christo,
3380 1017 3571 1091 inquit

198 1118 686 1193 καταγγελλομένου
735 1118 824 1189 μὲν
855 1117 954 1168 ὑπὸ
985 1124 1080 1168 τῶν
1116 1124 1413 1189 προφητῶν,
1446 1119 1597 1188 μήπω
1630 1110 1688 1167 δὲ
1717 1133 1815 1166 πα-

1968 1105 2023 1161 ui
2064 1106 2449 1164 aununtiatus
2482 1111 2570 1164 est
2610 1122 2648 1165 a
2679 1107 2985 1181 prophetis
3009 1123 3023 1166 :
3051 1107 3327 1167 nondum
3371 1111 3575 1166 autem
3626 1152 3631 1157 .

202 1213 574 1286 ραγεγονὸτος,
621 1209 688 1270 ὡς
719 1208 867 1280 ὑμεῖς
903 1205 1092 1277 λέγετε,
1133 1201 1572 1281 προσδοκωμένου
1604 1200 1663 1256 δε
1692 1202 1814 1275 παρ’

1968 1194 2181 1286 dvenit,
2207 1200 2272 1251 ut
2294 1211 2403 1286 vos
2426 1196 2643 1263 dicitis,
2677 1196 2784 1286 sed
2804 1204 3184 1270 exspectatur
3213 1214 3251 1255 a
3278 1196 3476 1257 vobis.
3507 1198 3577 1254 Et
3630 1262 3633 1263 ν

205 1284 358 1374 ύμῖν.
407 1303 509 1352 Καὶ
556 1297 651 1371 ὃρα
682 1300 890 1368 σοφίαν.
941 1294 1099 1348 Δύτοὶ
1123 1297 1212 1367 μεν
1243 1295 1343 1369 γὰρ
1376 1301 1553 1365 ᾤοντο,
1584 1294 1815 1366 προσθή-

1968 1284 2055 1374 ide
2105 1285 2460 1357 sapentiam.
2520 1285 2821 1344 Putabant
2886 1286 2989 1353 illi,
3050 1290 3113 1344 ut
3180 1287 3405 1347 dictum
3466 1288 3576 1355 est,

212 1408 325 1443 σειν
370 1388 525 1441 αὐτὸν
570 1386 637 1447 εἰς
680 1390 768 1443 τὴν
816 1389 1024 1460 πρώτην
1073 1382 1297 1449 ἐντολὴν,
1340 1386 1409 1444 ὡς
1460 1386 1681 1459 εἴρηται,
1730 1384 1819 1433 καὶ

1968 1373 2223 1430 hristum
2270 1374 2618 1432 additurum
2668 1374 2985 1448 quidpiam
3043 1379 3101 1432 et
3151 1374 3226 1432 de
3275 1375 3471 1449 seipso
3515 1376 3579 1433 in
3632 1426 3633 1429 η

211 1484 335 1553 περὶ
388 1478 574 1531 ἑαυτοῦ
625 1495 697 1544 τι,
756 1477 887 1549 πρὸς
936 1476 1159 1546 ἔμφασιν
1208 1480 1301 1525 τοῦ
1352 1476 1442 1525 καὶ
1490 1472 1644 1525 αὐτὸν
1692 1472 1821 1524 εἶναι

1970 1463 2125 1520 rimo
2152 1469 2469 1537 praecepto,
2497 1470 2557 1521 ut
2581 1481 2643 1521 se
2672 1481 2916 1538 quoque
2959 1467 3143 1523 Deum
3175 1480 3303 1524 esse
3333 1465 3582 1523 demon-
3628 1486 3633 1493 ο

218 1573 362 1622 Θεὸν
414 1567 570 1628 αὐτὸς
623 1562 682 1618 δὲ
729 1572 882 1617 τοῦτο
911 1566 1001 1636 μὲν
1031 1562 1125 1615 οὐκ
1155 1560 1413 1630 ἐποίησεν,
1456 1562 1696 1615 ἐκκλίνων
1726 1565 1820 1619 τὴν

1968 1557 2159 1610 traret.
2183 1553 2302 1610 Hoc
2331 1559 2532 1611 autem
2551 1555 2674 1626 ipse
2690 1570 2814 1611 non
2830 1554 2965 1612 fecit
2994 1558 3058 1611 ut
3087 1555 3323 1613 evitarei
3341 1554 3582 1613 illorum
3634 1602 3637 1607 .

219 1660 543 1731 πανουργίαν
592 1654 778 1721 αὐτῶν,
829 1649 938 1724 ἰδίᾳ
978 1648 1036 1704 δὲ
1092 1656 1208 1723 περὶ
1272 1660 1368 1712 τῆς
1415 1651 1599 1703 ἑαυτοῦ
1652 1653 1824 1709 θεότη-

1970 1642 2241 1710 afritiem,
2283 1643 2389 1700 sed
2418 1644 2665 1701 seorsim
2703 1644 2779 1700 de
2823 1660 2935 1702 sua
2962 1643 3228 1716 disputat
3256 1644 3580 1710 divinitate,
3632 1696 3635 1703 .

222 1766 306 1807 τος
369 1742 686 1816 διαλέγεται,
756 1746 847 1793 καὶ
914 1740 1006 1793 οῦκ
1059 1738 1113 1792 ἐκ
1169 1748 1259 1792 τοῦ
1320 1748 1629 1814 προφανοῦς,
1698 1739 1862 1800 ἀλλὰ,

1099 1826 1601 1843 ..._...
1808 1832 1862 1843 ..

1968 1748 2037 1787 ec
2067 1732 2130 1788 id
2160 1748 2226 1787 ex
2254 1733 2578 1789 manifesto
2617 1732 2725 1788 sed
2763 1732 3027 1805 oblique,
3062 1737 3127 1789 ut
3154 1733 3322 1790 omni
3360 1736 3589 1799 careret
3631 1748 3648 1814 ζ

1968 1820 2267 1843 .--..;-;---
2300 1836 2312 1843 .
2350 1826 2399 1843 ,Α
2434 1825 2717 1843 ..._-__.A--...
2773 1821 2843 1843 _.l
2897 1821 2953 1843 :J
3008 1821 3161 1843 ..η--.1
3211 1824 3455 1843 __.__..-A
3514 1820 3584 1843 Δ-

225 1835 480 1907 πλαγίως,
523 1830 617 1886 διὰ
658 1835 718 1884 τὸ
750 1830 1063 1884 ἀνύποπτον.
1099 1834 1199 1883 Καὶ
1228 1837 1299 1901 τῷ
1350 1826 1521 1883 δοκεῖν
1552 1832 1662 1904 μὲν,
1708 1832 1826 1903 περὶ
1858 1835 1862 1843 ⁴

1968 1820 2271 1893 uspicione
2300 1836 2313 1876 :
2345 1826 2401 1877 et
2428 1825 2723 1893 quantum
2770 1821 2850 1877 ad
2895 1821 2959 1877 id
3003 1821 3167 1894 quod
3207 1824 3479 1895 apparet,
3510 1820 3587 1889 de

226 1932 316 1977 τοῦ
354 1919 794 1997 προσδοκωμένου
844 1925 1077 1995 Χριστοῦ
1126 1922 1214 1971 καὶ
1251 1917 1416 1993 ἐρωτᾷ
1466 1923 1555 1972 καὶ
1610 1918 1829 1991 ἀποφαί-

1968 1909 2166 1966 :hristo
2191 1910 2296 1983 qui
2325 1909 2781 1983 exspectabatur
2797 1914 2856 1967 et
2872 1910 3200 1982 interrogat
3215 1914 3275 1969 et
3295 1909 3587 1982 enuntiat,

227 2033 390 2078 νεται,
423 2009 691 2081 δεικνύων,
724 2012 802 2063 ὅτι
835 2010 1020 2085 Κύριος
1047 2012 1138 2061 καὶ
1178 2012 1302 2070 Θεὸς
1344 2006 1475 2062 ἐστι’
1510 2016 1571 2081 τῇ
1621 2004 1669 2061 δ’
1696 2007 1829 2067 ἁλη-

1968 2016 1993 2054 n
2012 1998 2097 2057 rei
2122 1998 2365 2058 veritate
2394 2003 2597 2058 autem
2619 1997 2750 2057 hinc
2778 1999 2854 2058 de
2885 1999 3084 2074 seipso
3114 2000 3281 2059 dicit.

233 2105 345 2176 θείᾳ
369 2106 487 2177 περὶ
512 2101 690 2154 ἑαυτοῦ
720 2106 889 2152 ταῦτα
916 2097 1066 2170 λέγει.

308 2194 569 2262 Λέγουσιν
618 2189 775 2261 αὐτῷ,
832 2195 935 2242 Τοῦ
995 2183 1184 2245 Δαυῖδ.
1244 2185 1370 2241 Ἀπὸ
1426 2195 1523 2240 τῶν
1574 2205 1828 2264 προφητι-

308 2229 568 2262 ιιηυνν...
618 2229 775 2261 ..-μη
840 2229 934 2242 --ν
995 2229 1184 2245 ...η-η.
1260 2229 1369 2241 μ..-
1432 2229 1519 2240 ...υ
1578 2229 1804 2264 "lar...

240 2288 347 2333 κῶν
426 2279 588 2350 λόγων
650 2284 796 2330 τοῦτο
844 2278 1150 2349 ἑγίνωσκον.
1207 2274 1406 2339 Ἀπλῶς
1467 2273 1525 2329 δε
1577 2279 1687 2329 υἱὸν
1740 2284 1832 2329 τοῦ

2010 2230 2173 2288 Vers.
2194 2230 2263 2286 42
2290 2229 2496 2288 Dicunt
2559 2230 2613 2289 ei
2638 2229 2851 2289 David.
2886 2231 2933 2287 A
2971 2230 3339 2307 Propheticis
3369 2241 3595 2290 sermo-

1968 2319 2119 2350 .3“...
2150 2319 2258 2350 In".
2301 2320 2746 2350 ΑΑηηΑηΑΑιιιιι-ηι
2801 2320 3154 2350 βίη-ιεηεε-.
3180 2328 3373 2350 ..ε-ελ...
3402 2320 3591 2350 Alt...“

253 2319 586 2421 λψτδΜίῩ
659 2319 1150 2421 "roum"
1222 2319 1405 2380 ’ἶ”””’
1468 2319 1533 2382 “.
1580 2319 1684 2383 ’ῖ”
1748 2319 1830 2382 ’.⁷⁷
1942 2319 2120 2377 nibus
2149 2319 2259 2376 hoc
2299 2320 2765 2394 cognoscebant.
2799 2320 3154 2395 Simpliciter
3177 2328 3377 2380 autem
3402 2320 3596 2378 ﬁlium

294 2388 357 2420 αυ
426 2412 441 2421 .
476 2386 654 2421 ειιουν.
750 2387 763 2418 ι
797 2385 849 2418 ον
898 2386 956 2417 αν
995 2385 1163 2421 ρωπον
1215 2385 1300 2417 τον
1340 2373 1570 2421 Χριστον
1612 2364 1836 2421 υπιλαυι·
1945 2410 1984 2421 -κ
2077 2410 2088 2421 ο
2114 2409 2131 2421 ε
2212 2409 2223 2420 υ
2425 2414 2435 2421 .
2564 2410 2578 2421 ι
2714 2411 2725 2421 .
2894 2410 2947 2421 ι..
3008 2412 3020 2421 .
3064 2415 3074 2421 .
3361 2412 3374 2421 .
3452 2411 3470 2421 ε

294 2364 441 2439 αυίδ,
476 2368 654 2433 εἶτουν,
707 2365 849 2437 ψιλὸν
898 2365 1163 2441 ἄνθρωπον
1215 2368 1300 2417 τὸν
1340 2368 1570 2437 Χριστὸν
1612 2364 1836 2440 ὑπελάμ-

294 2477 403 2484 _.-..
484 2461 648 2484 μην--.
716 2464 814 2484 -.~...
872 2463 1147 2484 _--....-.-...
1197 2453 1299 2484 -.ιη
1361 2454 1527 2484 :.-\.~.-
1588 2457 1699 2484 ..ειη
1745 2463 1837 2484 --.τ

1968 2364 2120 2377 ην..-
2149 2364 2259 2376 ..νυ
2300 2364 2765 2394 “cunmm..-”
2799 2364 3145 2395 νηηηωηυ.
3177 2364 3377 2380 κων...
3402 2364 3596 2378 μη...-

1968 2409 2156 2481 )avid,
2178 2409 2302 2467 sive
2314 2414 2547 2467 nudum
2563 2410 2872 2468 hominem
2890 2410 3186 2469 Christum
3209 2411 3601 2484 suspicaban-

253 2456 422 2523 ϐανον,
484 2461 650 2508 καίτοι
716 2464 814 2507 τῶν
870 2463 1147 2528 προφητῶν
1195 2453 1302 2527 οὐχ
1360 2454 1527 2516 ἁπλῶς
1588 2457 1699 2508 υἱὸν
1745 2463 1838 2509 τοῦ

242 2499 422 2599 ζ’ζέ
475 2499 650 2597 ”
723 2499 809 2507 ’”’
844 2499 1154 2578 ,”’¹’”⁷’”’ἶξ,
1197 2499 1302 2557 "3"
1360 2499 1560 2576 ""“1.
1592 2499 1695 2508 ""
1754 2499 1835 2509 '"
1945 2502 2083 2567 tur;
2112 2514 2251 2555 cum
2292 2502 2495 2557 tamen
2536 2499 2837 2572 prophetae
2877 2500 3037 2557 hunc
3080 2515 3204 2558 non
3258 2500 3601 2575 simpliciter

286 2566 387 2645 “1.”.
416 2589 432 2613 ’
567 2566 599 2597 α
628 2544 742 2617 (90)
772 2563 869 2645 mf:
888 2547 1008 2645 Qui?
1030 2563 1210 2645 ﬂium
1243 2564 1715 2645 fof’Pf'wim.’
1764 2637 1773 2645 .
1946 2588 2141 2645 ﬁlium
2171 2588 2377 2645 David.
2405 2588 2509 2645 sed
2537 2594 2594 2645 et
2612 2590 2799 2645 Deum
2828 2590 3241 2645 praedicarent.
3642 2594 3647 2599 ’

2014 2591 2141 2644 ium
2171 2588 2377 2657 David,
2405 2588 2509 2646 sed
2537 2594 2594 2647 et
2612 2590 2799 2647 Deum
2828 2590 3241 2663 praedicarent.

2020 2680 2181 2735 Vers.
2219 2678 2309 2734 43.
2365 2679 2468 2735 Ait
2499 2710 2565 2721 —
2595 2679 2760 2737 Vers.
2815 2684 2903 2737 44.
2957 2692 3191 2739 tuorum
3220 2686 3244 2735 ?
3272 2680 3346 2738 In’
3382 2679 3604 2754 Spiritu
3638 2680 3641 2685 ’

1949 2768 2221 2825 videlicet
2280 2773 2508 2837 sancto,
2569 2770 2723 2829 sicut
2779 2771 2927 2828 dixit
2992 2774 3241 2842 Marcus,
3297 2774 3356 2830 et
3401 2788 3522 2830 non
3568 2776 3607 2830 a

1954 2858 2152 2930 seipso
2178 2858 2249 2913 υ.

2025 2947 2185 3003 Vers.
2210 2946 2298 3003 45.
2324 2948 2393 3004 Si
2420 2979 2488 2989 —-
2503 2951 2749 3007 esttnoc
2770 2949 2917 3007 dixit
2939 2948 3287 3009 nontOIlens
3308 2950 3605 3009 Christum

1872 3057 1912 3115 ο
1952 3036 2144 3093 ﬁlium
2192 3053 2322 3094 esse
2380 3037 2583 3109 David,
2646 3039 2753 3096 sed
2806 3055 3113 3098 erroneam
3163 3056 3421 3114 arguens
3481 3039 3605 3114 opi-

1952 3126 2217 3192 nionem,
2266 3126 2410 3199 quia
2457 3142 2579 3183 non
2629 3132 2718 3183 est
2766 3128 2891 3201 ejus
2948 3128 3108 3186 ﬁlius
3157 3130 3315 3200 talis,
3369 3128 3607 3203 qualem

1952 3214 2064 3287 ipsi
2082 3215 2687 3288 suspicabantur,hoc
2709 3217 3009 3274 estnudus
3032 3219 3217 3275 homo
3242 3238 3255 3278 :
3286 3219 3389 3275 sed
3415 3222 3475 3274 et
3500 3222 3608 3276 Do-
3656 3212 3657 3215 “

1954 3304 2156 3360 minus
2211 3305 2360 3374 ejus.
2416 3302 2637 3361 Dicitur
2686 3305 2845 3361 enim
2892 3305 3049 3361 ﬁlius
3087 3306 3236 3377 ejus,
3287 3310 3491 3379 utpote
3541 3320 3612 3362 ex
3656 3302 3663 3375 ξ

1955 3391 2156 3449 radice
2194 3392 2341 3462 ejus,
2375 3391 2547 3462 juxta
2585 3392 2978 3459 humanitem,
3017 3396 3333 3463 generatus
3367 3412 3380 3463 ;
3412 3393 3612 3449 Domi-

311 2639 466 2707 Λέγει
523 2665 593 2676 -
647 2652 781 2703 σου;
816 2634 899 2686 Ἐν
962 2636 1241 2707 Πνεύματι,
1292 2629 1527 2704 δηλαδὴ,
1572 2643 1644 2706 τῷ
1683 2632 1837 2708 ἁγίῳ,

238 2725 411 2786 καθὼς
443 2720 551 2777 εἶπε
578 2725 811 2800 Μάρκος,
844 2727 932 2776 καὶ
965 2723 1058 2776 ούκ
1081 2721 1163 2797 ἀφ’
1196 2722 1400 2777 ἑαυτοῦ.

314 2902 376 2959 Εἰ
420 2936 490 2945 -
539 2902 697 2973 ﬁeri;
751 2907 913 2958 Τοῦτο
961 2905 1180 2977 εἴρηκεν,
1237 2902 1329 2956 οὐκ
1370 2902 1589 2980 ἀναιρῶν
1629 2906 1687 2957 τὸ
1716 2900 1846 2957 εἶναι

237 2996 354 3047 υἱὸν
393 2994 554 3047 αὐτοῦ
584 2996 668 3046 τὸν
716 2996 968 3067 Χριστὸν,
1030 2992 1157 3045 ἁ)λά
1199 2989 1482 3065 διελέγχων
1517 2997 1608 3052 τὴν
1662 2992 1845 3067 ἔσφαλ-

238 3088 398 3157 μένην
456 3082 625 3135 αὐτῶν
682 3081 965 3153 ὑπόληψιν,
1026 3083 1105 3134 ὅτι
1177 3082 1271 3134 ούκ
1319 3084 1455 3135 ἔστιν
1517 3084 1629 3143 υἱὸς
1684 3082 1843 3136 αὐτοῦ

239 3180 495 3237 τοιοῦτος,
555 3173 660 3224 οἷον
715 3170 1188 3244 ὑπολαμϐάνουσιν,
1246 3176 1504 3238 τουτέστι,
1554 3171 1702 3244 ψιλὸς
1753 3174 1842 3224 ἄν·

247 3266 467 3337 θρωπος,
524 3259 651 3314 ἀλλὰ
688 3265 778 3313 καὶ
830 3262 1014 3335 Κύριος
1067 3260 1246 3316 αὐτοῦ.
1303 3264 1523 3333 Λέγεται
1587 3264 1688 3335 γὰρ
1733 3264 1845 3325 υἱὸς

244 3356 337 3427 μὲν
369 3353 548 3422 αὑτοῦ,
600 3352 669 3412 ὡς
709 3348 764 3403 ix
810 3357 905 3413 τῆς
953 3349 1107 3425 ῥίζης
1152 3348 1311 3402 αὐτοῦ
1343 3348 1673 3424 βλαστήσας,
1716 3354 1847 3405 κατὰ

244 3445 344 3501 τὴν
396 3439 802 3515 ἐνανθρώπησινο
852 3442 1036 3514 Κύριος
1094 3435 1153 3491 δὲ
1200 3438 1380 3509 αὐτοῦ,
1446 3443 1513 3503 ὡς
1570 3444 1695 3502 Θεὸς
1752 3440 1850 3493 αύ-

250 3537 368 3585 τοῦ.
417 3532 594 3600 Τούτῳ
672 3532 761 3602 μὲν
814 3527 874 3580 οὗ
933 3527 1201 3601 ἐχρήσατο
1268 3537 1339 3601 τῷ
1398 3525 1663 3601 Δαυῑδικῷ
1708 3530 1851 3607 ῥητῷ

251 3623 387 3696 πρὸς
437 3619 646 3691 ἔλεγχον
700 3626 798 3670 τῶν
857 3623 1174 3690 Φαρισαίων,
1235 3614 1501 3687 δεικνύων,
1535 3621 1615 3672 ὅτι
1662 3619 1719 3672 ού
1760 3624 1855 3694 μὸ-

254 3730 344 3763 νον
398 3710 507 3769 υἰὸς
555 3706 667 3759 ἐστι
714 3713 806 3759 τοῦ
862 3703 1049 3776 Δαυίδ,
1107 3705 1235 3758 ἀλλὰ
1294 3712 1382 3760 καὶ
1429 3710 1620 3783 Κύριος
1673 3709 1851 3765 αὐτοῦ.

256 3803 377 3873 Χρὴ
442 3792 500 3849 δὲ
548 3798 682 3869 ἡμᾶς
736 3796 1050 3871 ἑρμηνεῦσαι
1102 3801 1189 3848 καὶ
1241 3804 1415 3852 τοῦτο.
1484 3804 1621 3857 Φησὶ
1676 3801 1777 3874 γὰρ
1831 3801 1857 3853 ὁ

258 3882 431 3941 Δαυίδ
477 3886 557 3939 ὃτι
616 3905 629 3919 ο
664 3885 813 3939 Εἶπεν
861 3886 885 3937 ὁ
946 3888 1134 3954 Κύριος
1181 3891 1270 3939 καὶ
1329 3891 1507 3963 Πατὴρ
1560 3896 1633 3959 τῷ
1684 3894 1858 3963 Κυρίῳ

256 3997 363 4052 μου
415 3979 505 4028 καὶ
552 3976 657 4046 Υἰῷ
711 3974 891 4045 αὐτοῦ,
935 3982 1006 4045 τῷ
1051 3981 1282 4047 Χριστῷ,
1331 3979 1462 4049 μετὰ
1504 3981 1597 4037 τὴν
1646 3978 1715 4041 εἰς
1778 3978 1860 4031 ού-

256 4067 418 4142 ρανὸν
472 4062 746 4135 ἀνάληψιν,
806 4065 886 4116 ὃτι
945 4065 1118 4116 Κάθου
1171 4062 1224 4116 ἔκ
1274 4060 1455 4128 δεξιῶν
1501 4087 1623 4140 μου,
1676 4071 1858 4139 ἤγουν,

261 4154 495 4210 ἀπόλαυε
544 4161 639 4215 τῆς
686 4150 813 4226 ἐμῆς
871 4151 1164 4226 βασιλείας,
1219 4153 1492 4228 ὁμὸθρονος
1541 4161 1626 4208 καὶ
1686 4158 1863 4230 ὁμότι-

261 4265 360 4320 μος
408 4243 522 4317 ἰριοὶ
569 4239 786 4314 διάγων.
847 4240 1067 4313 Ἐχθροὶ
1142 4237 1200 4294 δὲ
1263 4250 1353 4295 τοῦ
1398 4250 1632 4316 Χριστοῦ
1698 4244 1745 4298 έν
1776 4250 1866 4319 μεν

263 4336 546 4394 αἰσθητοῖς
625 4335 1021 4407 προηγουμένως
1095 4327 1365 4399 Ἰουδαῖοι,
1472 4329 1583 4385 εἶτα
1630 4334 1867 4398 Ἕλληνες
1900 4354 1947 4410 D

265 4428 363 4477 καί
421 4424 690 4497 αἰρετικοί·
773 4418 820 4471 ἓν
895 4416 954 4472 δε
1009 4427 1213 4482 νοητοῖς
1284 4422 1333 4472 οἱ
1390 4417 1655 4494 δαίμονες.
1705 4422 1763 4476 Ὀ
1813 4421 1871 4476 δε

268 4514 488 4587 Μάρκος
543 4515 723 4583 φησὶν,
790 4509 870 4560 ὅτι
918 4516 1069 4561 τοῦτο
1121 4509 1274 4581 ἔλεγε,
1357 4505 1632 4563 διδάσκων
1702 4511 1749 4564 ἐν
1800 4522 1871 4584 τῷ

276 4605 419 4676 ἱερῷ,
491 4604 581 4651 καὶ
633 4600 713 4651 ὅτι
773 4598 799 4649 ὁ
861 4596 1015 4658 πολὺς
1082 4597 1189 4670 (91)
1268 4598 1421 4670 ὄχλος
1479 4601 1660 4659 ἣκουεν
1713 4602 1873 4655 αὐτοῦ

276 4688 469 4753 ἡδέως.
524 4687 683 4749 Εἰκὸς
729 4688 853 4759 γὰρ,
921 4687 1074 4739 αὐτὸν
1129 4696 1331 4760 πρῶτον
1407 4693 1497 4762 μὲν
1552 4689 1877 4765 ἐπερωτῆσαι

277 4782 401 4853 περὶ
455 4779 642 4830 τούτου
718 4779 834 4837 τοὺς
903 4780 1240 4848 Φαρισαίους,
1302 4774 1413 4831 εἶτα
1488 4776 1709 4845 διδάξαι
1760 4787 1879 4857 περὶ

279 4869 471 4921 τούτου
495 4869 583 4919 καὶ
608 4865 656 4919 ἐν
681 4873 752 4937 τῷ
781 4867 899 4939 ἱερῷ
924 4867 1010 4918 τὸν
1032 4864 1209 4937 ὄχλον.

1960 3588 2111 3629 usus
2142 3576 2231 3627 est
2250 3571 2527 3628 Davidico
2559 3571 2742 3628 verbo
2774 3571 2853 3629 ad
2882 3572 3320 3630 Pharisaeorum
3350 3572 3617 3629 confuta-
3664 3648 3667 3651 _

1961 3663 2206 3729 tionem,
2254 3667 2576 3719 ostendens
2601 3662 2763 3735 quod
2784 3677 2906 3718 non
2930 3663 3124 3721 solum
3150 3661 3305 3719 ﬁlius
3324 3667 3478 3719 esset
3503 3663 3617 3721 Da-

1964 3752 2087 3819 vid,
2116 3751 2224 3807 sed
2254 3756 2311 3808 et
2340 3752 2628 3808 Dominus
2668 3752 2820 3823 ejus.
2854 3753 2969 3809 Nos
3002 3767 3142 3809 vero
3178 3752 3357 3810 etiam
3387 3752 3620 3809 hoc'in-
3666 3752 3669 3755 “

1966 3841 2271 3913 terpretari
2321 3844 2570 3913 oportet.
2616 3841 2708 3897 Ait
2745 3840 2904 3897 enim
2953 3841 3186 3898 David:
3222 3842 3374 3899 Dixit
3423 3841 3623 3900 Domi-

1966 3947 2081 3988 nus
2133 3929 2324 3997 Pater,
2368 3930 2623 3987 Domino
2672 3946 2807 3987 meo
2865 3930 3012 3988 Filio
3059 3947 3168 3988 suo
3195 3930 3453 4004 Christo,
3495 3935 3627 4005 post

1968 4020 2444 4092 assumptionem
2469 4020 2529 4076 in
2551 4020 2768 4077 caelum
2792 4039 2805 4076 :
2834 4021 2980 4077 Sede
3003 4036 3039 4078 a
3059 4021 3277 4097 dextris
3307 4020 3477 4088 meis,
3501 4022 3627 4079 sive

1972 4108 2165 4166 fruere
2191 4126 2327 4166 meo
2354 4125 2559 4181 regno,
2600 4109 2731 4181 pari
2769 4108 2830 4164 in
2869 4110 3104 4179 throno,
3134 4112 3265 4185 pari
3304 4112 3364 4165 in
3398 4110 3627 4168 honore
3674 4110 3679 4119 ’

1975 4216 2214 4256 mecum
2240 4213 2611 4272 permanens
2629 4199 2697 4250 ὀ.
2734 4199 2963 4255 Inimici
3002 4204 3201 4255 autem
3233 4198 3447 4255 Christi
3478 4199 3629 4256 inter

1979 4287 2295 4344 sensibiles
2320 4287 2567 4359 quidem
2584 4286 2761 4358 primi
2788 4290 2925 4341 sunt
2944 4286 3157 4353 Judaei,
3190 4286 3405 4343 deinde
3427 4291 3632 4357 gentes

1981 4394 2049 4433 ac
2105 4376 2381 4432 haeretici.
2444 4374 2843 4444 Intelligibiles
2910 4390 3047 4430 vero
3105 4380 3241 4430 sunt
3296 4375 3628 4433 daemones.
3678 4434 3681 4439 ,

1981 4470 2205 4524 Marcus
2224 4470 2424 4521 autem
2446 4464 2528 4520 ait
2546 4465 2615 4529 ",
2639 4463 2792 4535 quod
2811 4464 2921 4520 hoc
2943 4464 3153 4520 dixerit
3173 4465 3391 4520 docens
3412 4464 3471 4521 in
3493 4470 3635 4522 tem-

1982 4558 2102 4629 plo,
2120 4559 2177 4611 et
2188 4554 2351 4628 quod
2367 4554 2556 4610 multa
2569 4554 2740 4609 turba
2755 4552 3000 4610 libenter
3012 4571 3149 4610 eum
3163 4553 3464 4613 audiebat.
3480 4556 3637 4612 Veri-

1986 4645 2179 4701 simile
2204 4651 2295 4701 est
2323 4645 2483 4700 enim
2512 4644 2581 4700 de
2608 4644 2721 4700 hoc
2743 4644 3004 4716 primum
3026 4644 3421 4717 interrOgasse
3446 4646 3641 4702 Phari-

1989 4734 2367 4792 seoszdeinde
2379 4734 2557 4792 etiam
2568 4733 2641 4791 de
2656 4732 2841 4791 hocin
2856 4733 3074 4808 templo
3087 4734 3363 4792 docuisse
3377 4735 3640 4795 turbam.

355 4959 462 5013 Καὶ
516 4988 587 4997 -
642 4954 832 5011 οὐκέτι.
914 4954 1120 5008 Μέλλων
1207 4957 1308 5033 γὰρ
1368 4956 1451 5012 ἐπὶ
1512 4961 1597 5014 τὸν
1669 4962 1862 5016 θάνατο

2066 4960 2249 5019 Vers.
2294 4960 2384 5016 46.
2430 4957 2510 5015 Ει
2535 4988 2607 5001 -
2630 4957 2909 5028 amplius.
2946 4959 3036 5017 Ad
3064 4963 3315 5017 mortem
3344 4960 3505 5018 enim
3532 4975 3646 5035 ap-

283 5046 466 5118 ἐλθεῖν,
506 5047 574 5100 τὰ
603 5044 872 5099 τελευταῖα
916 5046 1122 5109 τούτοις
1172 5042 1442 5121 διελέχθη,
1500 5053 1591 5104 καὶ
1635 5050 1695 5104 ού
1733 5056 1858 5127 μόνο

1999 5049 2415 5127 propinquans
2448 5047 2522 5105 de
2557 5047 2834 5121 perfectis
2872 5047 3150 5107 disseruit
3185 5064 3327 5107 cum
3359 5050 3493 5121 illis,
3536 5064 3648 5109 nec

363 5226 410 5263 ’⁸
437 5229 634 5299 Μαι-οη
665 5240 739 5285 xu
767 5225 859 5283 36.
936 5225 986 5263 ³ο
1012 5224 1168 5288 Psal.
1199 5240 1312 5303 cxx,
1346 5227 1403 5287 1.
1490 5227 1537 5266 ²¹
1571 5230 1744 5290 Marc.
1769 5233 1876 5304 ιιι,
1910 5208 1999 5299 35,
2029 5231 2117 5289 37.

1458 5402 1681 5479 Variae
1732 5409 2057 5481 lectiones
2096 5420 2163 5478 et
2201 5418 2401 5479 notae.

372 5604 483 5678 (90)
512 5608 627 5659 Υίὸν
657 5613 749 5659 τοῦ
789 5612 944 5675 Θεοῦ,
985 5603 1131 5673 ἀλλά,
1164 5610 1226 5661 Α.
2085 5606 2200 5679 (91)
2221 5604 2339 5659 Ὀτι
2376 5601 2555 5669 πολύς,
2591 5605 2655 5659 Α.

377 5780 459 5854 (c)
488 5782 573 5840 De
590 5782 873 5853 perfectis.
909 5782 1142 5840 Ultimo.
1174 5784 1341 5839 Forte
1370 5784 1437 5836 τὰ
1464 5782 1629 5838 τέλεια
1656 5781 1901 5856 legerat.

554 5878 771 5936 ΡΑτῆοι
812 5880 915 5937 GR.
961 5879 1106 5937 CXX
1120 5881 1218 5936 IX.
3318 5878 3385 5933 19

1959 3498 2074 3539 nus
2096 3486 2297 3538 autem
2327 3481 2454 3552 ejus
2492 3485 2786 3554 tanquam
2814 3485 2966 3538 Deus
2990 3482 3164 3539 illius.
3200 3482 3285 3538 Ob
3316 3481 3379 3539 id
3414 3482 3614 3555 itaque
3716 3482 3721 3487 ’
