2099 3215
298 164 352 196 587
960 155 1134 189 EUTHYMII

1154 154 1318 185 ZIGABENI
1949 156 2005 184 388

299 230 399 261 solum
412 237 449 259 os
460 228 503 259 eis
514 227 685 263 obduravit,
696 226 751 256 sed
760 227 788 256 et
800 226 937 256 timorem
952 224 981 253 in
995 223 1122 252 futurum

1183 218 1310 256 ἆγιμωσιν
1331 220 1437 253 αὐτοὺς,
1463 219 1527 246 ἆλλὰ
1541 220 1584 245 καὶ
1608 217 1644 248 ιίς
1668 219 1697 244 τὸ
1722 218 1781 250 ἑξῆς
1806 217 1887 254 φόϐον
1907 219 2002 250 αὐτοῖς

298 270 374 313 ipsis
386 273 521 303 incussit.
644 309 650 315 _

335 319 415 350 CAP.
429 319 527 349 XXIII.
537 318 621 347 Vers.
638 312 650 346 ί
665 318 745 346 Tunc
755 332 789 338 —
802 316 870 344 suis.
882 317 974 349 Tunc,
983 312 1108 350 quando
1117 315 1129 337 'I

297 364 461 402 Pastquam
468 365 614 393 tentantes
621 362 794 391 refrenavit:
806 363 971 398 postquam
981 358 1087 391 effecit,
1098 360 1129 385 ut

298 408 649 447 anplinsnon'auderent
656 407 742 436 illum
753 407 937 441 interrogare
950 405 1127 440 :pOstquam

298 453 514 484 demonstravit
528 461 580 482 eos
593 450 855 481 immedicabiliter
863 452 1018 484 aagrotare.

332 501 414 537 Vers.
440 502 467 536 2.
493 505 759 536 Dicemz—Vers.
790 503 817 531 3.
841 511 879 532 ne
901 503 1041 539 feceritis.
1070 502 1128 530 Μο-

298 553 398 586 ιιὶοω,
417 551 523 588 inquit,
539 550 628 586 sedis,
642 558 710 587 quae
729 549 886 577 doctorum
902 551 955 581 est,
971 546 1039 575 facti
1059 548 1129 575 sunt

298 604 489 626 successores
505 604 511 624 :
525 595 594 624 ideo
608 601 777 631 quacunque
789 593 915 621 dixerint
930 592 1007 621 vobis
1022 595 1054 619 ut
1069 599 1128 620 ser-

298 642 375 674 vetis,
391 644 505 670 servate
519 643 547 670 et
559 640 670 675 facile;
684 646 746 667 non
758 638 838 667 enim
853 645 921 674 quas
937 644 992 665 sua
1008 638 1076 664 sunt
1088 636 1128 664 di-

298 688 369 715 cunt
388 684 513 722 quando
531 684 651 718 docent,
671 682 725 711 sed
747 690 816 719 quas
843 681 903 714 Dei,
926 683 954 709 et
978 688 1045 717 qua:
1074 688 1128 717 per

299 731 411 760 Iosem
423 731 533 758 statuta
547 730 625 757 sunt.
642 728 715 756 Cum
731 729 832 755 autem
847 725 917 754 dicit
938 725 1048 759 omnia,
1064 733 1126 754 non

298 782 390 804 omne
399 773 534 810 intelligit
541 775 696 806 statutum,
707 774 780 809 puta
790 772 828 800 de
841 771 995 800 sacriﬁciis
1005 778 1126 807 quoque

299 827 336 849 ιο
354 819 441 852 cibis,
462 818 591 855 aliisque
611 816 775 846 similibus.
800 817 866 849 Quo
887 815 966 844 enim
988 818 1077 852 pacto
1095 815 1126 843 id

294 863 422 901 juberet,
435 871 506 892 cum
520 863 552 891 in
567 862 801 899 praecedentibus
816 861 907 889 ﬁnem
917 860 962 888 his
975 860 1126 896 imposne.

298 909 335 938 rit
348 909 362 936 τ
381 908 432 937 sed
451 908 553 936 omnia
573 907 745 943 simpliciter
765 914 833 943 quas
853 913 952 934 mores
972 905 1126 941 corrigunt

299 961 336 982 ac
349 952 488 981 meliores
504 952 643 985 reddunt,
659 959 714 979 nec
729 949 910 986 evangelicis
932 949 1125 985 dogmatibus

299 998 449 1027 contraria
456 998 536 1025 sunt.
547 997 636 1025 Juxta
645 1003 736 1031 opera
745 1003 813 1024 vero
822 1002 923 1024 eorum
933 995 1123 1029 nefeceritis;

299 1041 363 1070 suis
379 1049 512 1078 namque
530 1040 674 1070 doctrinis
691 1040 900 1074 adversantur,
916 1047 1028 1075 easque
1043 1047 1124 1067 coar-

299 1090 403 1123 guunt.
414 1086 518 1115 Docuit
531 1094 601 1121 ergo
612 1093 672 1113 non
683 1088 818 1121 oportere
830 1084 859 1112 in
873 1086 1071 1120 praeceptores
1083 1084 1126 1112 in-

298 1139 429 1167 surgere,
443 1131 558 1159 etiamsi
568 1138 691 1167 pravam
702 1130 834 1157 habeant
844 1130 1102 1157 conversationem
1118 1137 1123 1156 :

298 1176 350 1204 sed
363 1175 503 1204 doctrina:
515 1175 637 1212 quidem
651 1168 754 1203 eorum
768 1173 902 1206 obedire,
917 1173 1009 1201 vitam
1024 1176 1125 1202 autem

297 1228 402 1249 eorum
426 1220 583 1255 indignam
604 1227 665 1248 non
683 1218 800 1247 imitari.
826 1217 968 1246 Docentes
993 1225 1126 1254 namque

297 1265 357 1294 ﬁde
371 1265 456 1301 digni
471 1266 550 1298 sunt,
566 1267 596 1293 at
610 1271 672 1292 non
692 1265 762 1291 sunt
775 1262 939 1291 imitatione
953 1261 1038 1297 digni
1053 1270 1124 1290 con-

297 1312 458 1339 versantes.
506 1306 511 1311 '

332 1353 432 1382 Potest
440 1350 541 1382 autem
555 1354 585 1381 et
599 1351 683 1381 aliter
692 1346 761 1384 dici,
772 1350 855 1388 quod
868 1350 941 1387 quia
950 1350 990 1379 ad
1002 1359 1124 1380 servan-

297 1398 370 1427 dam
378 1398 508 1431 turbam,
521 1397 643 1426 tandem
652 1395 809 1425 manifeste
819 1395 1054 1433 reprehensuros
1062 1399 1126 1425 erat

296 1442 395 1472 malas
409 1442 530 1471 illorum
547 1441 738 1479 operationes
755 1449 762 1470 :
779 1449 817 1469 ne
831 1443 969 1477 putarent
987 1441 1122 1477 quidam,

297 1487 381 1524 quod
389 1495 491 1516 amore
499 1487 683 1524 principatus
690 1494 794 1515 eorum
803 1486 1038 1514 calumniaretur
1044 1486 1121 1520 illos,

295 1531 470 1568 hujusmodi
492 1531 624 1569 primum
644 1534 728 1560 curat
752 1531 966 1568 suspicionem,
990 1531 1093 1559 dicens
1113 1540 1121 1559 ε

298 1577 406 1606 Omnia
414 1584 590 1614 quacunque
598 1576 730 1605 dixerint
738 1576 817 1605 vobis
829 1578 860 1603 ut
868 1575 1001 1610 servetis,
1011 1580 1123 1605 servate

296 1621 436 1658 etfacite,
452 1621 506 1650 etsi
519 1629 581 1650 non
596 1623 715 1657 propter
734 1621 827 1649 vitam
846 1620 978 1655 illorum,
999 1623 1030 1649 at
1048 1628 1121 1657 pro-

294 1668 361 1703 pter
384 1665 559 1702 dignitatem
585 1673 621 1694 ac
644 1664 789 1694 doctrinm
816 1665 930 1694 sedem.
955 1666 997 1693 Ne
1018 1666 1121 1693 tamen

294 1705 421 1748 quidam
434 1711 621 1740 adhaerentes
637 1709 780 1738 doctrinis
795 1718 910 1742 eorum,
934 1709 1122 1738 imitarentur

293 1763 416 1792 quoque
427 1755 562 1791 ipsorum
576 1754 680 1787 vitam,
694 1753 809 1783 addidit
822 1762 829 1781 :
844 1754 937 1782 Juxta
950 1761 1038 1788 opera
1053 1761 1122 1781 vero

294 1808 394 1828 eorum
408 1807 444 1827 ne
456 1799 591 1835 feceritis.
612 1800 645 1826 Et
659 1798 701 1826 ita
716 1798 768 1826 ubi
783 1805 846 1826 sese
862 1798 1033 1834 suspicione
1046 1797 1122 1826 libe-

294 1844 380 1878 ravit,
394 1844 499 1881 incipit
512 1843 789 1880 reprehensionem.

324 1928 413 1961 ’νει-ς.
433 1933 461 1961 3.
480 1932 590 1961 Dicunt
602 1931 777 1967 —/‘act'unt.
796 1931 866 1960 Vide
884 1931 963 1960 unde
986 1931 1119 1968 incipiat.

295 1977 471 2014 Quicmque
496 1979 575 2006 certe
597 1975 694 2012 legem
722 1975 949 2011 transgreditur,
977 1977 1121 2006 condem-

294 2021 530 2058 netionedignus
541 2023 601 2055 est;
612 2023 778 2058 praeceptor
787 2023 886 2049 tamen
895 2021 999 2058 triplici
1009 2022 1119 2058 dignus

294 2068 340 2097 est
355 2076 361 2097 :
376 2068 440 2095 tum
465 2066 537 2104 quia
556 2068 758 2102 transgressor
781 2067 834 2099 est,
860 2068 923 2094 tum
948 2066 1020 2103 quia
1044 2067 1120 2097 alios

293 2111 383 2141 debet
399 2112 555 2147 corrigere,
573 2113 635 2140 tum
654 2110 723 2147 quia
740 2114 825 2139 nocet
840 2111 929 2139 etiam
951 2111 1117 2148 discipulis.

327 2157 411 2187 Vers.
425 2157 452 2185 4.
463 2156 602 2193 Alligant
612 2172 647 2177 —
659 2155 823 2185 hominum.
833 2156 930 2184 Onera
940 2157 1042 2192 gravia
1049 2165 1120 2193 por-

291 2204 417 2240 tatuque
428 2202 572 2237 difﬁcilia,
586 2203 674 2230 vocat
683 2200 829 2229 altissima
839 2203 868 2230 et
879 2201 1030 2238 exquisita
1044 2209 1118 2238 prte-

1183 264 1281 291 ὶνίέῗαλε
1288 287 1294 293 .

1219 319 1292 345 ΚΕΦ.
1326 317 1384 346 ΛΓ.
1424 321 1488 345 Τότε
1532 333 1567 338 -
1596 317 1686 343 αὐτοῦ.
1722 319 1796 350 Τότε,
1836 319 1915 350 ποτε,
1937 317 2000 344 ὀτι

1183 370 1326 406 ἐχαλίνωσε
1349 373 1409 402 τοὺς
1432 371 1610 408 τιιράζοντας,
1634 371 1675 396 ὅτε
1699 371 1817 403 ἔστησεν,
1842 371 1917 397 ὥστε
1940 371 1997 406 (9'2)

1182 418 1275 452 μηκέτι
1318 415 1413 452 τολμᾷν
1453 416 1614 453 ἄπιρωτῆσαι
1652 415 1741 447 αὐτόν,
1771 415 1812 441 ὃτι
1855 414 1998 447 ἀπέδειξεν

1182 470 1276 487 ανιατα
1289 470 1440 491 νοσουντας.

1219 507 1306 541 Λόγων
1322 521 1355 526 -
1375 507 1411 541 μὴ
1427 508 1533 531 ποιιῖτι.
1560 508 1612 531 Τοῦ
1638 508 1794 536 Μωσαῐιιοῡ,
1818 507 1902 540 φησι,
1935 506 1998 543 θρό-

1181 559 1236 583 νου,
1249 553 1294 576 τοῦ
1309 548 1511 581 διδασκαλικοῡ,
1538 547 1668 585 διάδοχοι
1682 551 1817 584 γιγόνασι.
1843 551 1897 575 Διά
1918 553 1996 575 τοῦτο

1182 595 1276 626 πάντα,
1317 595 1368 620 ὃσα
1409 595 1439 620 ἄν
1486 595 1592 620 εἴπωσιν
1643 594 1702 629 ὑμῖν
1746 597 1844 630 τηριίν,
1890 598 1995 631 τηρείτι

1181 640 1226 664 καὶ
1254 642 1359 666 ποιιῖτι.
1387 638 1425 664 Οὐ
1440 639 1489 675 γὰρ
1506 639 1538 664 τὰ
1562 638 1658 664 ἑαυτῶν
1683 637 1814 673 λέγουσιν,
1844 639 1890 664 ὅτι
1915 637 1994 664 ὸιδά-

1182 692 1301 718 σκουσιν,
1336 682 1399 709 ἀλλὰ
1427 687 1472 709 τοῦ
1500 686 1577 717 Θιοῦ,
1618 684 1663 708 καὶ
1688 683 1738 708 ὅσα
1767 680 1814 708 διὰ
1856 686 1993 713 Μωῡσέως

1181 727 1360 764 ἐνομοθέτησε.
1391 728 1480 754 Πάντα
1508 725 1538 753 δί
1566 727 1653 761 εἰπὼν,
1684 726 1714 752 οὗ
1738 729 1826 752 πᾶσαν
1851 727 1925 763 λέγει
1947 730 1991 757 τὴν

1181 773 1345 808 νομοθισίαν,
1374 773 1426 798 οἷον
1452 774 1497 798 καὶ
1535 773 1568 797 τὰ
1607 774 1665 809 περὶ
1692 772 1788 797 θυσιῶν
1811 774 1858 798 καὶ
1874 774 1909 798 τὰ
1933 775 1989 809 περὶ

1181 816 1327 853 βρωμάτων
1357 819 1402 842 καὶ
1430 817 1462 842 τὰ
1484 820 1599 842 τοιαῦτα·
1638 820 1693 846 πῶς
1727 817 1778 851 γὰρ
1804 816 1822 841 ἄ
1851 816 1987 853 προλαϐὼν

1179 862 1290 888 ἕπαυσιν
1316 869 1324 894 ;
1353 860 1416 887 ἀλλά
1439 861 1524 886 πάντα
1552 860 1651 890 πάντως
1681 861 1713 886 τὰ
1741 858 1901 897 διορθοῦντα
1924 859 1984 890 ἦθος

1179 908 1223 932 καὶ
1245 905 1398 942 βελτιοῡντα
1426 908 1531 942 τρόπον,
1572 907 1617 930 καὶ
1647 907 1683 940 μή
1719 904 1904 931 ἀντιπίπτοντα
1929 908 1979 934 τοῖς

1180 950 1356 986 ιύαγγιλικοῖς
1390 948 1566 986 διατάγμασι.
1602 950 1674 975 Κατά
1701 947 1731 975 δί
1755 951 1788 975 τὰ
1813 951 1874 986 ἔργα
1897 949 1974 974 αὐτῶν

1179 997 1215 1031 μὴ
1248 999 1354 1021 ποιοῖτε,
1386 995 1516 1020 ’Λνοίκιια
1545 994 1596 1031 γάρ
1627 993 1679 1019 τίσι
1710 997 1766 1023 ταῖς
1795 992 1978 1022 διδασκαλίαις

1179 1039 1274 1073 αὐτῶν,
1300 1041 1345 1065 καὶ
1372 1037 1556 1075 διεφθαρμένα.
1601 1035 1724 1069 Ἐδίδαξι

1179 1086 1234 1121 χρὴ
1259 1083 1496 1114 κατιξανίστασθαι
1522 1086 1570 1108 τῶν
1591 1080 1770 1116 διδασκάλων,
1798 1082 1819 1109 si
1847 1085 1893 1108 καὶ
1921 1082 1983 1117 φαύ-

1180 1127 1225 1157 λην
1251 1129 1346 1164 ἔχουσι
1373 1127 1514 1160 πολιτείαν,
1544 1126 1608 1152 ἀλλὰ
1630 1128 1767 1153 πιίθισθαι
1782 1128 1825 1162 μιν
1846 1130 1879 1162 τῇ
1904 1123 1981 1152 διδα-

1181 1172 1277 1208 σκαλίᾳ
1299 1174 1407 1205 τούτων,
1443 1174 1478 1207 μὴ
1508 1172 1645 1207 μιμεῖσθαι
1670 1169 1699 1197 6“:
1723 1173 1766 1197 τὸν
1794 1170 1896 1201 ἀνάξιον
1923 1169 1982 1206 βίον

1180 1217 1274 1244 αὐτῶν.
1301 1216 1464 1248 ’Λξιόπιστοι
1499 1218 1543 1251 μὶν
1571 1217 1622 1253 γάρ
1653 1216 1704 1242 εἱσι
1733 1213 1913 1248 διδάσκοντες,
1933 1214 1980 1240 οὐκ

1180 1260 1351 1293 ἁξιοξήλωτοι
1362 1259 1392 1287 δί
1404 1260 1608 1296 πολιτευόμενοι,

1761 1040 1857 1069 τοίνυν,
1886 1038 1925 1063 ὅτι
1953 1035 1980 1062 οὐ

1215 1358 1291 1385 Ἐστι
1321 1357 1350 1385 δὲ
1375 1360 1419 1384 καὶ
1450 1358 1533 1395 ἕτερον
1556 1358 1645 1391 ιὶπιῖν,
1675 1357 1710 1388 ὡς
1736 1355 1789 1383 insi
1816 1354 1900 1392 ἕμιλλι
1929 1352 1978 1381 διὰ

1179 1403 1294 1439 φυλακὴν
1317 1407 1363 1429 τοῦ
1389 1402 1470 1438 ὄχλου
1487 1404 1521 1428 τὰ
1553 1402 1686 1428 τελευταῖα
1708 1399 1844 1438 προδήλως
1871 1399 1979 1435 ἀπελέγ-

1178 1457 1236 1484 χιιν
1251 1449 1298 1478 τὰς
1327 1448 1443 1483 πονηρὰς
1481 1447 1587 1484 πράξεις
1614 1446 1708 1480 αὐτῶν,
1739 1447 1838 1482 ἶναμὶν
1860 1447 1896 1481 μή
1913 1454 1979 1474 τινες

1177 1492 1312 1525 οἰηθῶσιν,
1339 1493 1379 1518 ὅτι
1412 1493 1487 1528 ἔρωτι
1515 1496 1562 1522 τῆς
1600 1490 1690 1528 ἀρχῆς
1728 1490 1811 1517 αὐτῶν
1845 1487 1980 1516 διαϐάλλει

1176 1538 1295 1570 τούτους,
1343 1537 1549 1573 προιθιράπιυσι
1601 1538 1649 1564 τὴν
1708 1536 1831 1564 τοιαύτην
1883 1534 1979 1562 ὑπόλη-

1141 1569 1221 1618 (Ῑψιν
1253 1581 1320 1617 (93),
1347 1581 1421 1607 εἰπὼν
1450 1588 1456 1595 '
1501 1581 1599 1614 Πάντα,
1628 1581 1678 1606 ὅσα
1705 1579 1747 1606 ἰὰν
1787 1581 1896 1606 εἴπωσιν
1921 1578 1981 1614 ὑμῖν

1175 1629 1272 1661 τηριῖν,
1302 1628 1402 1662 τηρεῖτε
1430 1627 1475 1651 καὶ
1498 1628 1603 1656 ποιεῖτε,
1623 1624 1645 1650 si
1670 1626 1770 1660 καὶμὴ
1799 1622 1845 1650 διὰ
1859 1625 1903 1650 τὸν
1925 1621 1982 1659 βίον

1176 1670 1271 1702 αὐτῶν,
1298 1669 1361 1695 ἀλλά
1382 1679 1411 1705 γι
1441 1668 1487 1695 διὰ
1513 1670 1555 1695 τόν
1579 1668 1692 1705 ἀρχικὸν
1717 1671 1763 1695 καὶ
1789 1666 1982 1695 διδασκαλικὸν

1177 1715 1274 1751 θρόνον·
1315 1715 1357 1740 ἶνα
1389 1712 1419 1740 δὴ
1446 1716 1481 1749 μή
1517 1723 1593 1746 τινες,
1622 1715 1768 1749 πιιθομινοι
1796 1716 1856 1743 ταῖς
1885 1713 1982 1738 τούτων

1177 1756 1375 1789 διδασκαλίαις,
1402 1758 1543 1788 ζηλώσωσι
1569 1760 1612 1784 καὶ
1638 1760 1681 1784 τὸν
1706 1757 1763 1794 βίον
1779 1757 1873 1791 αὐτῶν,
1901 1765 1982 1793 προσ-

1175 1803 1261 1836 έθηκε,
1292 1804 1364 1829 Κατὰ
1390 1801 1420 1829 δὶ
1441 1802 1474 1828 τὰ
1509 1804 1572 1839 ῖργα
1602 1802 1685 1828 αὐτῶν
1721 1803 1758 1836 μὴ
1792 1804 1897 1827 ποιεῖτε.
1929 1800 1982 1827 Καὶ

1176 1847 1255 1878 οὕτως
1287 1846 1433 1873 ἀνύποπτον
1469 1849 1636 1875 καταστήσας
1664 1846 1763 1878 ἑαυτὸν,
1794 1845 1911 1881 ἄρχεται
1935 1847 1981 1873 τῆς

1175 1894 1345 1929 κατηγορίας.

1211 1938 1326 1972 Λέγουσι
1352 1951 1387 1957 -
1412 1939 1541 1962 ποιοῦσιν.
1572 1932 1640 1968 "Itis,
1669 1934 1745 1960 πόθεν
1768 1934 1892 1970 οἷρχιται.
1923 1934 1981 1962 Πᾶς

1174 1982 1219 2017 μὲν
1246 1982 1297 2017 γὰρ
1330 1980 1495 2017 παραϐαίνων
1532 1981 1576 2006 τὸν
1616 1981 1693 2015 νόμον
1731 1975 1877 2008 καταδίκης
1908 1976 1980 2004 εστὶν

1174 2024 1282 2056 ἆξιος’ό
1307 2023 1336 2051 δί
1354 2023 1517 2055 διδάσκαλος
1544 2023 1664 2062 τριπλῆς,
1690 2024 1730 2050 ὅτι
1759 2033 1786 2049 τι
1810 2020 1978 2060 παραϐαίνει,

1173 2072 1216 2095 καὶ
1243 2070 1283 2095 ὃτι
1310 2070 1381 2095 ὁκαὶ
1405 2071 1464 2100 τοὺς
1490 2068 1580 2099 ἄλλους
1596 2068 1701 2104 ὀφιίλων
1718 2066 1852 2104 διορθοῦν,
1879 2069 1924 2093 καὶ
1940 2066 1979 2092 ὅτι

1174 2113 1285 2150 βλάπτιι
1299 2115 1356 2144 τοὺς
1372 2114 1501 2149 μαθητάς.

1209 2159 1383 2194 Δισμιύουσιν
1422 2172 1456 2179 ——
1493 2157 1645 2194 ἀνθρώπων.
1686 2158 1783 2192 Φορτία
1821 2157 1867 2192 μὶν
1897 2154 1980 2191 βαρέα

1172 2204 1217 2229 καὶ
1244 2200 1435 2229 δυσϐάστακτα
1457 2201 1525 2237 λέγει
1554 2202 1586 2227 τὰ
1624 2200 1756 2237 ὰκρὸτατα
1800 2203 1846 2226 καὶ
1886 2197 1977 2237 ἀκριϐῆ

291 2249 378 2289 cepta
391 2247 471 2275 circa
485 2246 754 2274 conversationem.
770 2246 914 2274 Humeros
928 2254 998 2274 vero
1013 2254 1117 2282 opera-

1175 2246 1335 2283 ἰπιτάγματα
1369 2251 1414 2277 τῆς
1451 2246 1590 2276 πολιτιίας·
1633 2245 1718 2281 ὤμους
1748 2243 1787 2277 δι,
1828 2246 1877 2274 τὴν
1916 2243 1980 2279 ἐνέρ-

291 2291 404 2320 tionem
429 2290 598 2318 hominum.
625 2290 756 2326 Apparet
776 2292 877 2318 autem
900 2289 984 2327 quod
1009 2292 1118 2327 praeter

289 2335 388 2372 legem
402 2342 524 2371 quoque
536 2333 638 2370 aliqua
647 2334 805 2370 jubebant.

321 2378 410 2408 'Vers.
424 2379 452 2407 4.
466 2378 564 2414 Digito
580 2381 679 2407 autem
688 2395 723 2400 —
737 2387 780 2408 ea.
797 2381 860 2408 Non
872 2378 970 2407 solum
983 2379 1116 2408 humeris

289 2425 353 2454 suis
364 2427 484 2461 portare
496 2423 612 2459 nolunt,
628 2432 695 2461 quas
707 2424 834 2453 aliorum
845 2424 978 2452 humeris
994 2424 1116 2453 ferenda

287 2471 458 2507 imponunt,
474 2471 506 2497 ut
523 2476 578 2497 suo
597 2469 734 2505 exemplo
750 2468 948 2505 promptiores
967 2469 1032 2497 illos
1051 2469 1116 2498 red-

287 2516 372 2549 dant,
388 2514 441 2544 sed
461 2522 517 2543 nec
535 2514 628 2550 digito
648 2521 703 2542 suo
722 2521 759 2542 ea
780 2520 900 2542 movere
921 2513 1032 2545 volunt,
1057 2514 1114 2543 hoc

286 2562 341 2593 est,
355 2560 387 2589 in
400 2561 495 2597 parte,
507 2561 535 2588 et
545 2558 681 2592 summis,
697 2560 729 2586 ut
741 2558 834 2591 aiunt,
848 2558 945 2593 digitis
956 2559 1110 2594 attingere.

286 2605 361 2636 Dicit
384 2605 465 2635 enim
481 2606 509 2633 et
527 2604 623 2633 Lucas
645 2613 652 2633 :
678 2603 739 2632 Uno
763 2603 921 2639 digitorum
944 2605 1109 2633 vestrorum

1171 2302 1242 2329 ’μίαν
1267 2296 1316 2318 τῶν
1343 2291 1494 2329 ἀνθρώπων.
1522 2292 1642 2318 φαίνεται
1671 2287 1710 2323 δι,
1730 2290 1769 2316 ὅτι
1799 2290 1893 2316 καὶτὰ
1918 2288 1978 2324 ὑπὲρ

1150 2364 1152 2366 _
1170 2338 1215 2363 τόν
1228 2342 1303 2373 νομον
1320 2335 1465 2363 ἕπέταττον.

1205 2385 1247 2417 Τῷ
1262 2379 1291 2407 δι
1315 2379 1435 2416 δακτύλῳ
1464 2396 1498 2401 -—-
1525 2379 1601 2405 αὑτά.
1633 2378 1671 2404 Οὐ
1695 2379 1773 2414 μόνον
1804 2381 1860 2410 τοῖς
1880 2377 1974 2405 ἑαυτῶν

1171 2428 1251 2462 ὤμοις
1288 2425 1317 2452 οὗ
1354 2424 1492 2461 βούλονται
1542 2422 1689 2460 βαστάσαι,
1731 2422 1748 2448 οἷ
1794 2427 1850 2454 τοῖς
1889 2422 1975 2457 ἑτέρων

1169 2473 1251 2507 ὤμοις
1274 2469 1484 2507 ἕπιφορτίζουσιν
1527 2468 1595 2504 (94),
1626 2468 1667 2493 ἱνα
1690 2469 1735 2493 καὶ
1760 2472 1797 2504 τῷ
1826 2464 1973 2504 παραδείγ-

1168 2524 1232 2552 ματι
1258 2516 1467 2552 προθυμοτέρους
1505 2513 1599 2543 αὐτοὺς
1636 2514 1797 2541 ποιήσωσιν
1838 2511 1894 2538 ἀλλ’
1915 2506 1974 2536 οὐδέ

1167 2565 1204 2596 τῷ
1230 2558 1350 2596 δακτύλῳ
1391 2559 1475 2585 αὐτῶν
1507 2558 1611 2584 θέλουσι
1645 2560 1753 2586 κινῆσαι
1779 2557 1859 2589 αὐτὰ,
1893 2554 1975 2581 τουτὶ-

1168 2614 1237 2639 στιν,
1271 2603 1333 2632 οὐδὶ
1355 2608 1468 2642 μερικῶς
1495 2604 1540 2630 καὶ
1569 2601 1716 2641 ἁκροθιγῶς
1747 2601 1881 2638 ἅψασθαι.
1909 2598 1974 2628 Φησὶ

872 2705 986 2742 Variae
1003 2706 1173 2742 lectiones
1193 2710 1226 2741 et
1246 2710 1348 2741 notae.

320 2808 377 2843 (92)
400 2808 453 2835 Pro
478 2805 554 2838 ὥστε,
578 2805 658 2841 apud
686 2805 838 2842 Clirysost.
866 2804 926 2841 VII,
957 2814 988 2842 p.
1012 2806 1066 2833 700
1092 2805 1112 2833 E

283 2842 390 2879 legitur
404 2845 439 2873 si;
453 2843 494 2869 τό.

1202 2804 1260 2839 (93)
1277 2805 1423 2837 Ὗπόθισιν,
1438 2811 1492 2841 pro
1508 2802 1656 2841 ὑπόληψιν,
1667 2805 1700 2831 Α.

1202 2842 1259 2877 (94)
1271 2839 1448 2874 Ἐπιτιθίασιξ
1456 2847 1512 2877 pro
1527 2839 1750 2876 ἑπιφορτίζουσιν,
1767 2842 1798 2866 Α.
