4198 6500
233 429 345 491 589
1202 425 1567 488 COMMENT.
1607 425 1680 482 IN
1718 420 2150 481 MATTHIEUM.
2187 453 2256 464 -
2286 423 2444 482 CAP.
2487 420 2693 480 XXIII.
3518 421 3626 477 590

237 561 346 634 γὰρ
392 561 485 611 καὶ
523 557 550 609 ὁ
581 560 812 622 Λουκᾶς,
846 556 924 610 ὅτι
960 554 1063 611 Ἐνὶ
1105 563 1206 608 τῶν
1265 553 1536 608 δακτύλων
1568 554 1709 625 ὑμῶν
1735 547 1848 620 (95)

1976 562 2148 604 mera
2180 564 2301 606 non
2333 550 2629 621 attingitis
2673 551 2741 604 ³³.
2795 547 3059 610 Subditis
3089 546 3627 620 siquidemjubent

241 649 303 703 ού
358 645 694 723 προσψαύετε
742 652 848 707 τοῖς
894 650 1148 721 φορτίοις.
1192 650 1293 698 Καὶ
1322 652 1427 706 τοῖς
1479 646 1567 716 μεν
1604 642 1853 698 ὑπηκόοις

1976 636 2369 711 exactissima,
2405 639 2516 696 sibi
2547 639 2696 712 ipsis
2746 642 2951 695 autem
3000 653 3246 695 omnem
3275 637 3627 710 permittunt

243 737 616 791 ἐπιτάττουσιν
644 733 912 808 ἀκρότητα
951 733 1094 807 βίου,
1129 733 1328 796 ἑαυτοῖς
1369 731 1428 786 δὲ
1456 738 1630 785 πᾶσαν
1669 725 1851 782 ἄδειαν

1976 725 2282 794 icentiam,
2317 745 2454 784 cum
2487 729 2856 786 contrarium
2887 728 3014 784 ﬁeri
3043 730 3345 800 oporteret
3377 749 3390 780 :
3418 731 3484 783 ut
3513 726 3627 782 sei-

245 830 604 902 ἰπιτρέπουσι,
652 820 769 877 δίον
799 823 1098 876 τούναντίον
1128 829 1318 893 ποιεῖν,
1371 827 1461 874 καὶ
1511 820 1724 880 ἑαυτούς
1761 819 1851 890 μὲν

1980 831 2125 886 psos
2147 817 2350 888 potius
2369 817 2822 884 arctarent,aliis
2853 833 2992 874 vero
3016 817 3209 873 multa
3230 816 3625 886 ignoscerent.

245 916 438 991 μᾶλλον
493 918 834 983 κατατείνειν,
887 911 1105 974 ἕκείνοις
1163 909 1222 965 δι
1291 914 1356 964 τὰ
1400 909 1564 964 πολλὰ
1620 926 1853 980 συγγνω-

2032 903 2204 960 Vers.
2235 911 2286 961 5.
2320 907 2534 965 Omnia
2553 939 2622 947 —
2645 907 3006 964 hominibus.
3040 906 3267 970 Omnia,
3298 903 3630 978 quaenam?

246 1011 440 1078 μονεῖν.
1963 995 2105 1058 Quae
2132 994 2248 1051 sibi
2270 995 2436 1053 bona
2459 996 2754 1052 videntur.
2780 998 2846 1051 Et
2865 996 3122 1052 observa
3139 995 3305 1067 quod
3331 994 3630 1066 praedicta

323 1097 502 1149 Πάντα
537 1124 608 1133 —
638 1091 952 1166 ἀνθρώποις,
1013 1092 1210 1156 Πάντα,
1267 1097 1394 1143 ποῖα
1426 1105 1440 1157 ;
1470 1091 1548 1142 Τὰ
1601 1083 1856 1140 δοκοῦντα

1976 1084 2383 1140 accusationes
2413 1085 2487 1142 de
2516 1084 2862 1142 crudelitate
2907 1089 2964 1140 et
3001 1084 3251 1155 segnitie
3281 1086 3452 1139 erant
3475 1100 3488 1148 ;
3515 1082 3633 1138 hoc

250 1186 428 1246 αὐτοῖς
447 1183 606 1240 καλὰ.
645 1186 1032 1256 Παρατήρησον
1073 1176 1108 1233 δ
1111 1184 1151 1252 ξ,
1185 1181 1266 1233 ὅτι
1290 1181 1358 1233 τὰ
1384 1178 1742 1255 προρρηθέντα
1767 1176 1856 1246 μεν

1976 1187 2106 1228 vero
2161 1173 2388 1230 crimen
2444 1179 2534 1230 est
2583 1173 3010 1230 insanientium
3064 1173 3144 1229 ob
3197 1185 3373 1229 vanae
3429 1170 3630 1242 gloriae

251 1275 522 1349 ὠμότητος
551 1268 689 1330 ἦσαν
715 1275 804 1323 καὶ
839 1270 1106 1343 ῥᾳθυμίας
1143 1267 1466 1342 ἕγκλήματα,
1492 1274 1644 1319 τοῦτο
1674 1261 1732 1317 δὲ
1764 1259 1858 1315 δο-

1976 1261 2321 1349 appetitum.
2349 1261 2573 1319 Deinde
2598 1262 2861 1319 ostendit
2879 1261 3047 1334 quod
3073 1276 3270 1334 neque
3293 1261 3369 1316 de
3395 1258 3632 1349 magnis

251 1346 499 1437 ξομανίας
539 1357 575 1414 δ
581 1358 786 1417 ιαϐολή.
836 1354 965 1411 Εἶτα
994 1354 1280 1424 δείκνυσιν,
1311 1360 1393 1410 ὃτι
1421 1353 1534 1410 οὐδ’
1566 1357 1649 1408 ἐπὶ
1695 1353 1862 1426 μεγά-

1976 1348 2311 1421 glorieutur,
2347 1355 2550 1423 utpote
2588 1351 2844 1422 egregiis
2889 1349 3176 1422 operibus
3215 1349 3498 1414 destituti,
3525 1346 3634 1406 sed

249 1453 360 1516 λοις
416 1446 810 1524 φιλοδοξοῦσιν,
865 1449 1051 1521 ἔρημοι
1088 1449 1503 1521 κατορθωμάτων
1541 1449 1698 1506 ὄντες·
1752 1440 1858 1494 ἀλλ’

1976 1438 2043 1495 de
2069 1440 2273 1512 parvis
2301 1440 2678 1513 quibusdam
2700 1446 2757 1499 et
2776 1440 3019 1507 vilibus,
3043 1440 3210 1514 quod
3233 1440 3433 1513 ipsum
3455 1453 3635 1510 auget

253 1539 339 1595 ξπὶ
369 1546 583 1615 μικροῖς
609 1556 722 1591 τισι
768 1540 859 1589 καὶ
890 1535 1165 1606 εὐτελέσιν,
1216 1535 1242 1588 ὃ
1294 1541 1385 1590 καὶ
1424 1535 1551 1589 αὐτὸ
1580 1533 1858 1607 προσθήκη

1976 1527 2153 1587 etiam
2189 1529 2656 1589 accusationem.
3619 1535 3624 1538 '

251 1635 454 1702 γίνεται
483 1635 579 1692 τῆς
608 1623 643 1681 δ
649 1625 878 1688 ιαϐολῆς.

2041 1751 2207 1808 Vers.
2231 1757 2282 1809 5.
2305 1753 2583 1811 Dilatant
2603 1784 2672 1794 —
2697 1768 2961 1810 suorum.
2979 1753 3112 1810 Hec
3132 1755 3301 1810 erant
3318 1752 3393 1808 de
3413 1752 3633 1826 quibus

1897 1870 1942 1926 Β
1972 1843 2265 1914 tanquam
2295 1841 2370 1898 de
2401 1842 2655 1914 egregiis
2693 1841 2979 1915 operibus
3017 1857 3168 1900 vane
3199 1841 3631 1914 gloriabantur.

1974 1931 2216 2002 Oportet
2246 1934 2449 1987 autem
2481 1938 2538 1987 et
2565 1931 2642 1986 de
2669 1930 2768 1987 his
2798 1931 3016 1987 dicere.
3049 1931 3197 1997 Quia
3222 1930 3503 1988 continue
3534 1929 3638 1988 Dei

1971 2017 2407 2076 beneﬁciorum
2423 2019 2950 2086 obliviscebantur,
2969 2020 3144 2092 jussit
3161 2037 3232 2078 ea
3252 2019 3408 2076 Deus
3424 2019 3638 2076 libellis

1973 2105 2244 2174 inscribi,
2305 2114 2362 2166 et
2412 2110 2834 2181 magistrorum
2893 2109 3155 2182 appendi
3213 2108 3521 2180 manibus,
3575 2112 3642 2176 ut

1976 2211 2214 2269 semper
2239 2197 2601 2269 viderentur,
2627 2202 2684 2255 et
2704 2197 2766 2254 in
2792 2198 3087 2256 memoria
3106 2198 3487 2255 haberentur.
3517 2199 3641 2274 IIu-l

1968 2284 2233 2358 jusmodi
2272 2302 2413 2343 vero
2451 2285 2702 2343 libelluli
2749 2286 3118 2360 phylacteria
3153 2287 3529 2356 dicebantur,
3568 2289 3641 2342 eo

1976 2374 2143 2448 quod
2164 2375 2243 2431 ab
2261 2375 2564 2433 oblivione
2586 2381 2889 2432 servarent
2910 2392 2980 2432 ac
3007 2374 3455 2449 protegerent,'&
3471 2378 3536 2428 πὸ
3552 2381 3642 2443 τοῦ

1978 2463 2234 2537 φυλάττω.
2307 2465 2566 2520 Rursum
2630 2480 2705 2522 ne
2771 2470 3213 2538 praeceptorum
3277 2465 3375 2521 Dei
3435 2465 3642 2521 oblivi-

1980 2559 2306 2620 scerentur,
2334 2553 2511 2625 jussit
2547 2557 2699 2611 Deus
2741 2555 3148 2626 fragmentum
3181 2555 3642 2628 hyacinthinum

1979 2643 2140 2700 assui
2165 2643 2336 2714 juxta
2365 2643 2550 2715 pedes
2581 2659 2702 2700 orae
2726 2643 3066 2717 palliorum,
3096 2650 3161 2699 ut
3193 2661 3432 2716 semper
3459 2659 3645 2717 appa—

1977 2748 2136 2799 rens,
2176 2731 2289 2788 hos
2318 2737 2757 2804 praeceptorum
2795 2734 2896 2789 Dei
2936 2749 3238 2790 memores
3269 2733 3547 2805 efﬁceret,
3589 2737 3645 2790 et

1977 2820 2108 2877 haec
2143 2820 2446 2877 vocabant
2488 2818 2786 2897 κρὰσπεδα,
2818 2823 2934 2879 hoc
2965 2827 3054 2879 est
3090 2823 3377 2893 fimbrias.
3425 2822 3646 2879 Scriba;

1978 2909 2177 2981 itaque
2215 2913 2272 2965 et
2301 2909 2581 2981 pharisaei
2620 2917 2922 2983 praecepta
2950 2911 3198 2984 quidem
3237 2912 3650 2984 negligebant,‘

1977 2997 2329 3070 hujusmodi
2356 3003 2556 3055 autem
2581 2999 2718 3056 latis
2745 3000 3132 3073 phylacteriis
3166 3016 3296 3057 sese
3323 3001 3642 3066 ornabant,

1980 3087 2288 3160 dictasque
2336 3087 2608 3144 ﬁmbrias
2657 3089 2979 3159 palliorum
3030 3106 3274 3148 suorum
3315 3087 3654 3162 plurimum

1980 3175 2402 3233 distendebant
2425 3193 2436 3230 :
2458 3176 2551 3232 his
2567 3176 2888 3248 gloriantes
2901 3194 2970 3234 ac
2991 3179 3166 3234 stulte
3185 3195 3314 3233 sese
3326 3181 3641 3250 jactantes.

1982 3264 2118 3320 Haec
2130 3269 2330 3321 autem
2355 3267 2580 3321 Marcus
2592 3267 2777 3322 stolas
2791 3266 3114 3337 appellavit
3129 3267 3355 3331 ,dicens
3382 3283 3392 3321 :
3411 3266 3661 3334 Prospi-K

1981 3352 2114 3420 cite,
2137 3352 2256 3407 sive
2282 3359 2484 3409 cavete
2509 3369 2545 3409 a
2571 3353 2790 3410 Scribis
2812 3355 2919 3425 qui
2940 3360 3145 3411 amant
3169 3355 3231 3410 in
3257 3355 3421 3410 stolis
3443 3354 3648 3410 ambu-

1984 3441 2110 3516 lare
2152 3443 2222 3493 ³³.
2269 3440 2552 3497 Similiter
2579 3445 2782 3498 autem
2813 3442 2961 3499 dixit
3004 3448 3061 3498 et
3088 3443 3283 3501 Lucas
3317 3443 3383 3496 εδ.
3427 3445 3542 3498 Nec
3585 3441 3648 3497 in

1983 3529 2076 3586 his
2114 3533 2353 3586 tantum
2391 3529 2479 3603 (ά)
2519 3546 2726 3588 amore
2763 3531 2972 3602 gloriae
3003 3529 3228 3588 inﬁrmi
3266 3534 3459 3589 erant:
3494 3531 3658 3608 Audi

329 1807 660 1862 Πλατύνουσι
706 1835 780 1847 -
832 1804 1021 1858 αὐτῶν.
1083 1810 1262 1858 Ταῦτα
1315 1804 1406 1876 μὶν
1451 1799 1606 1869 ἦσαν,
1657 1800 1734 1874 ἔφ’
1790 1801 1864 1862 οἷς

256 1893 610 1964 ἒκενοδόξουν,
644 1897 714 1958 ὡς
771 1895 856 1947 ἰπὶ
883 1895 1283 1967 κατορθώμασι.
1350 1895 1466 1966 Χρὴ
1519 1888 1579 1944 δι
1628 1894 1865 1965 καὶπερὶ

255 1990 455 2040 τούτων
513 1985 694 2039 εἰπεῖν.
747 1983 892 2036 Ἐπεὶ
937 1985 1038 2058 γὰρ
1071 1989 1308 2054 συνεχῶς
1345 1980 1737 2035 ἐπελανθάνοντο
1765 1988 1864 2032 τῶν

260 2077 565 2152 εὐεργεσιῶν
617 2079 712 2127 τοῦ
769 2078 926 2138 Θεοῦ,
971 2070 1285 2146 προσέταξεν
1333 2072 1358 2122 ὁ
1390 2072 1515 2130 Θεὸς
1544 2068 1867 2144 ίγγραφῆναι

261 2167 459 2225 ταύτας
499 2158 786 2236 βιϐλιδίοις
833 2165 924 2213 καὶ
971 2160 1320 2233 ἐξαρτηθῆναι
1375 2167 1470 2220 τῆς
1527 2161 1706 2232 χειρός
1765 2164 1865 2208 τῶν

272 2249 633 2316 διδασκάλων,
691 2251 822 2303 ὥστε
875 2245 970 2302 διὰ
1014 2252 1208 2310 παντὸς
1259 2250 1486 2324 ὁρᾶσθαι
1539 2253 1630 2300 καὶ
1667 2265 1866 2320 μνημο-

275 2342 536 2395 νεύεσθαι.
569 2344 669 2393 Καὶ
698 2341 762 2392 τὰ
778 2346 995 2392 τοιαῦτα
1024 2335 1211 2412 βιϐλίδ
1216 2358 1270 2390 ια
1298 2337 1566 2410 ὠνόμαζον
1609 2335 1868 2409 φυλακτή-

277 2451 388 2507 ρια,
423 2426 516 2482 διὰ
560 2431 616 2481 τὸ
648 2427 915 2500 φυλάττειν
944 2432 1034 2480 καὶ
1059 2429 1299 2503 ῥύεσθαι.
1334 2432 1432 2481 Καὶ
1465 2425 1640 2492 πάλιν,
1673 2427 1757 2478 ἶνα
1792 2428 1864 2497 μὴ

275 2517 704 2572 ἐπιλανθάνωνται
731 2524 831 2570 τῶν
862 2515 1074 2569 ἐντολῶν
1101 2523 1192 2570 τοῦ
1222 2520 1370 2584 Θιοῦ,
1395 2514 1624 2568 ἕκελευσε
1651 2513 1872 2586 κλῶσμα

270 2609 559 2662 ὑακίνθινον
587 2607 1024 2681 προσράπτεσθαι
1053 2613 1115 2678 τῇ
1147 2607 1283 2658 κατὰ
1325 2608 1446 2667 τοὺς
1483 2600 1650 2665 πόδας
1678 2607 1756 2678 diu
1777 2608 1869 2655 τοῦ

271 2699 482 2766 ἱματίου
520 2696 710 2768 αὐτῶν,
761 2697 864 2764 ἶνα,
898 2699 1111 2748 πάντοτε
1139 2698 1462 2768 φαινόμενον,
1492 2696 1868 2768 ὑπομιμνήσκῃ

266 2791 486 2849 τούτους
537 2795 636 2840 τῶν
688 2785 919 2838 ἇντολῶν.
973 2790 1073 2839 Καὶ
1115 2788 1183 2838 τὰ
1215 2794 1434 2838 τοιαῦτα
1475 2783 1685 2837 ἐκάλουν
1711 2785 1872 2860 κράσ-

269 2871 424 2932 πεδα.
487 2877 555 2928 Oi
603 2883 728 2948 γοῦν
783 2881 1108 2948 Γραμματεῖς
1157 2880 1248 2928 καὶ
1299 2879 1576 2949 Φαρισαῖοι
1625 2882 1724 2926 τῶν
1781 2876 1870 2945 μεν

267 2963 480 3018 ἔντολῶν
517 2963 758 3037 ἠμέλουν,
809 2968 875 3017 τὰ
923 2960 982 3016 δι
1034 2971 1252 3016 τοιαῦτα
1308 2963 1634 3038 φυλακτήρια
1678 2961 1873 3015 πλατέα

263 3053 652 3114 κατεσκεύαζον
719 3053 942 3118 ἑαυτοῖς,
1000 3057 1089 3106 καὶ
1161 3056 1229 3105 τὰ
1299 3053 1522 3127 ῥηθέντα
1595 3047 1873 3126 κράσπεδα

263 3152 370 3197 τῶν
430 3145 650 3216 ἱματίων
730 3142 900 3195 αὐτῶν
962 3142 1168 3214 μεγάλα
1241 3140 1538 3216 ἁπῃώρουν,
1602 3140 1870 3215 ἐναϐρυνό-

263 3251 418 3306 μενοι
469 3234 670 3293 τούτοις
698 3236 788 3284 καὶ
821 3231 1048 3293 ἀνοήτως
1095 3229 1534 3304 ἔνσεμνυνόμενοι,
1594 3237 1771 3283 Ταῖτα
1813 3225 1872 3282 δε
1904 3215 1946 3273 C

272 3321 464 3383 στολὰς
518 3323 545 3374 ό
605 3323 820 3396 Μάρκος
885 3319 1142 3388 ἐκάλεσεν,
1202 3321 1356 3373 εἰπών
1416 3341 1430 3353 ·
1507 3319 1715 3372 Βλέπετε
1771 3318 1871 3372 ἀπό

268 3417 378 3461 τῶν
432 3414 800 3484 γραμματίων,
857 3413 1040 3483 ἠγουν,
1101 3409 1438 3482 φυλάττεσθε,
1485 3418 1586 3462 τῶν
1631 3409 1872 3462 θελόντων

267 3497 325 3552 ἄν
423 3501 634 3564 στολαῖς
729 3506 1052 3576 περιπατεῖν.
1151 3499 1378 3574 Ὁμοίως
1462 3495 1522 3553 δὲ
1607 3495 1714 3552 εἷπε
1785 3503 1874 3552 καὶ

268 3589 301 3641 ὁ
355 3593 585 3652 Λουκᾶς.
647 3594 748 3644 Καὶ
814 3589 912 3648 οὐκ
984 3588 1036 3641 ἐν
1095 3591 1301 3652 τούτοις
1353 3593 1526 3662 μόνον,
1583 3587 1709 3641 ἀλλὰ
1786 3593 1876 3641 καὶ

269 3625 301 3641 ν
355 3625 585 3652 ..νυ-μ...
649 3625 748 3644 ην..
814 3625 912 3648 ειν..
984 3625 1035 3641 υ
1104 3625 1300 3652 mm“,
1396 3625 1526 3656 νυνι,
1583 3625 1709 3641 um...
1787 3625 1876 3641 οη..
1989 3625 2001 3630 -

269 3676 327 3731 ἓν
401 3677 592 3753 ἑτέροις
667 3687 880 3753 μικροῖς
956 3678 1166 3733 ἆνόσουν
1227 3683 1325 3739 τὴν
1353 3625 1708 3752 Ρφιλοδοξίαν.
1777 3682 1878 3732 Καὶ
1986 3625 2220 3692 “aqua.

269 3786 456 3824 ακουε.
3659 3789 3666 3820 '.

351 3857 567 3912 Φιλοῦσί
691 3876 748 3911 τε
830 3888 902 3902 -
1015 3865 1364 3932 συναγωγαῖς.
1486 3858 1873 3934 Πρωτοκλισίαν

1997 3928 2013 3934 _
2040 3838 2244 3934 _Vers.-
2264 3843 2316 3934 ϐ..
2347 3841 2690 3934 amantque
2725 3873 2795 3882 —-
2827 3843 3172 3914 synagogis.
3201 3843 3434 3902 Primos
3472 3859 3667 3910 ασθαι-ς

271 3944 389 4001 εἶπε
437 3952 530 4000 καὶ
588 3945 1070 4023 πρωτοκαθεδρίαν,
1121 3928 1262 4001 διότι
1324 3945 1373 4001 ἕν
1443 3928 1543 4022 μὲν·
1602 3955 1708 4010 τοῖς
1765 3945 1873 4002 δεί-

1990 3928 2163 3996 bitus,
2187 3929 2355 3996 dixit,
2374 3929 2434 3986 in
2452 3932 2660 3996 caenis,
2679 3946 2752 3988 ac
2770 3932 2970 4002 prima
2988 3932 3200 3989 sedilia
3217 3932 3280 3989 in
3301 3935 3649 4020 synagogis.

268 4055 424 4100 πνοις
507 4035 846 4110 ἁνεκλίνοντο,
918 4035 967 4090 ἕν
1039 4033 1100 4090 δὲ
1161 4044 1278 4099 ταῖς
1363 4045 1690 4112 συναγωγαῖς
1765 4036 1873 4091 ἐκά-

1989 4019 2141 4075 Nam
2168 4017 2230 4075 in
2255 4020 2442 4076 ccenis
2464 4020 2924 4088 accumbebant,
2954 4021 3018 4078 in
3044 4023 3368 4095 synagogis
3394 4017 3536 4084 vero
3560 4041 3671 4100 se:

275 4127 457 4185 θοντο.

1993 4106 2246 4166 debant.

351 4219 454 4269 Καὶ
483 4213 773 4268 -Ῥαϐϐί.
829 4214 1045 4270 Φιλοῦσι
1102 4219 1193 4268 καὶ
1239 4217 1361 4278 τοὺς
1411 4214 1748 4290 ἀσπασμούς,
1788 4218 1873 4270 εἴτι

2061 4198 2226 4253 Vers.
2355 4198 2446 4254 Ac
2474 4229 2544 4240 —
2573 4199 2782 4256 Rabbi.
2817 4203 3038 4290 Amant
3077 4199 3484 4267 salutationes,
3528 4204 3653 4261 sive

270 4307 397 4366 τοὺς
447 4308 800 4378 σωματικοὺς,
842 4307 940 4357 εἴτε
985 4308 1076 4357 καὶ
1126 4307 1248 4367 τούς
1303 4300 1396 4357 διὰ
1441 4309 1873 4380 προσφωνήσεως.

1993 4299 2239 4355 corpore
2277 4284 2442 4352 ﬁant,
2481 4287 2599 4342 sive
2640 4284 3063 4359 appellatione.
3094 4288 3311 4354 Amant
3361 4293 3416 4344 et
3452 4293 3656 4357 vocari

274 4393 498 4448 Φιλοῦσι
534 4397 626 4446 καὶ
645 4393 919 4446 καλεῖσθαι
947 4394 1048 4446 ύπό
1085 4401 1186 4445 τῶν
1209 4391 1492 4466 ἀνθρώπων
1538 4389 1873 4450 διδάσκαλοι.

1992 4372 2476 4472 ab.hominibus
2538 4375 2834 4445 magistri,
2886 4375 3055 4448 quod
3108 4375 3388 4432 Hebraice
3439 4377 3657 4442 dicitur

271 4480 458 4536 Ῥαϐϐὶ
486 4485 588 4557 γὰρ
617 4481 890 4557 Ἑϐραῖστὶ
921 4481 948 4534 ὁ
980 4460 1331 4544 διδάσκαλος..
1997 4460 2210 4557 Βδ-Ῑῖδί·
2289 4556 2294 4557 γ
2372 4553 2422 4557 __
2705 4553 2714 4557 _
2808 4555 2831 4557 Γ
2901 4556 2904 4557 ν
3137 4555 3146 4557 _
3174 4553 3188 4557 ,

352 4552 518 4646 Ὑμεῖς
543 4552 612 4613 -λ-
634 4552 767 4624 ἒστε.
789 4573 867 4625 Τὰ
894 4573 984 4645 μὲν
1016 4570 1144 4624 ἄλλα
1169 4575 1330 4645 μέχρι
1361 4579 1456 4634 τῆς
1497 4569 1695 4624 ἐκείνων
1726 4591 1873 4633 κατη-

2075 4552 2243 4610 Vers.
2275 4556 2326 4609 8.
2371 4553 2480 4610 Vos
2509 4582 2578 4597 —
2608 4553 2763 4610 estis.
2795 4555 3018 4611 Caetera
3047 4553 3315 4627 quidem,
3348 4571 3544 4630 usque
3578 4552 3681 4637 ad:

277 4642 461 4736 γορίας
518 4660 758 4727 ἔστησεν,
809 4642 904 4722 ὡς⁷
941 4659 1112 4720 εὐτελῆ
1334 4664 1406 4733 μὴ
1464 4656 1682 4735 δεόμενα
1730 4661 1873 4735 λόγοι

1995 4648 2238 4705 illorum
2268 4642 2557 4700 duntaxat
2582 4643 2863 4715 perduxit
2894 4644 3340 4700 accusationem
3362 4649 3682 4718 tanquam'

279 4732 513 4813 πλείονος
541 4749 614 4812 εἰς
641 4746 926 4825 διόρθωσιν
956 4766 970 4779 ·
999 4753 1094 4809 τὴν
1144 4746 1204 4802 δι
1238 4732 1563 4824 φιλαρχίαν,
1585 4754 1654 4814 ὡς
1689 4732 1873 4805 πολλῶπ

1995 4736 2158 4802 vilia,
2187 4749 2298 4791 nec
2319 4732 2397 4789 ad
2420 4732 2510 4788 sui
2534 4733 2960 4789 correctionem
2989 4733 3323 4804 longiorem
3353 4737 3659 4818 requiren-

285 4839 457 4894 αἰτίαν
491 4847 684 4908 κακῶν,
719 4839 790 4903 εἰς
819 4842 979 4913 μέσον
996 4840 1133 4912 ἄγει,
1163 4844 1253 4894 καὶ
1275 4833 1582 4915 διορθοῦται
1609 4838 1868 4896 σπουδαιὸ

1999 4826 2083 4885 tia
2109 4837 2472 4883 sermonem.
2495 4822 2876 4895 Principatus
2909 4822 3108 4880 autem
3134 4822 3422 4893 amorem,
3454 4830 3681 4910 utpote

282 4948 451 5006 τερον.
481 4933 570 4988 Μὴ
624 4911 849 4988 κληθῆτε
880 4924 961 5000 δὲ,
993 4911 1106 4981 ἂντὶ
1133 4936 1244 5000 τοῦ,
1276 4911 1651 5002 μὴ’ζητήσητε
1699 4931 1873 4992 mea

2001 4914 2333 4973 multorum
2365 4928 2611 4970 causam
2643 4911 2966 4980 malorum,
3001 4912 3058 4968 in
3089 4913 3358 4969 medium
3394 4915 3680 4983 adducit,-

281 5039 390 5075 ναι.
423 5019 486 5072 Εἰ
511 5020 613 5092 γὰρ
663 5020 825 5095 ἕτεροι
853 5024 1007 5072 τοῦτο
1041 5017 1288 5074 καλοῦσιν
1335 5020 1489 5092 ὑμᾶς,
1537 5019 1644 5094 οὐχ
1674 5022 1873 5098 ύμετέρι

2006 5020 2077 5063 ac
2120 5003 2465 5074 diligentius
2507 5001 2776 5071 castigat.
2825 5001 2915 5059 Ne
2962 5003 3270 5068 vocemini,
3323 5003 3386 5059 id
3428 5008 3536 5072 est,
3581 5009 3684 5062 Ne‘

282 5115 440 5163 τοῦτο
477 5108 829 5182 κατάγνωσις.

2004 5093 2210 5151 vocari
2226 5093 2628 5165 cupias.Nam
2665 5091 2712 5146 si
2745 5107 2855 5148 vos
2875 5091 2959 5148 ita
2972 5094 3189 5148 vocent
3205 5091 3322 5163 alii,
3341 5107 3465 5150 non
3481 5093 3587 5151 erit
3602 5093 3665 5152 id

2009 5182 2092 5242 ad
2126 5187 2390 5241 vestram
2426 5180 3018 5240 condemnationem.

360 5359 414 5397 ’θ
449 5361 585 5417 Luc.
626 5372 706 5428 xx,
749 5362 837 5417 46.
951 5361 997 5396 ⁸³
1036 5360 1211 5418 Marc.
1250 5374 1352 5427 xu,
1394 5361 1488 5418 38.
1599 5359 1649 5396 ³⁸
1692 5361 1832 5420 Luc.
1870 5325 1971 5428 xx,
2013 5364 2103 5419 46.

1433 5497 1435 5501 ’
1522 5484 1749 5557 Variae
1767 5484 2099 5556 lectiones
2130 5492 2196 5555 et
2227 5495 2429 5554 notae.

370 5627 480 5702 (95)
504 5627 701 5699 Αὐτῶν,
735 5643 849 5703 pro
877 5628 1042 5702 ὑμῶν,
1066 5633 1131 5687 Α.

369 5805 460 5897 (ά)
500 5809 776 5875 Tantum.
815 5808 883 5866 In
923 5808 1128 5866 Graeco
1167 5807 1410 5868 additur
1451 5823 1466 5868 :
1506 5805 1619 5868 Sed
1661 5813 1717 5868 et
1759 5809 1821 5868 in
1860 5806 1999 5868 aliis
2037 5805 2270 5882 exiguis
2308 5807 2507 5869 rebus.
