4198 6460
319 376 430 434 593

1210 378 1575 438 COMMENT.
1621 379 1688 437 IN
1728 369 2174 435 MATTHBUM.
2211 406 2281 419 —
2319 378 2479 437 CAP.
2517 383 2722 441 XXIII.

3578 388 3687 449 594

320 503 393 568 ὦς
449 505 587 577 μήτε
630 500 780 556 αὐτοὶ
823 501 1183 576 εἰσερχόμενοι
1230 505 1305 567 εἰς
1342 505 1524 574 αὐτὴν,
1578 503 1671 561 ὁιὰ
1745 512 1837 566 τῆς
1885 521 1914 555 ει

2034 504 2093 558 et
2131 516 2235 559 eos
2260 505 2366 577 qui
2405 508 2578 565 vobis
2608 510 2899 568 subsunt:
2926 512 2990 568 ut
3012 524 3203 585 neque
3232 510 3351 584 ipsi
3388 511 3689 588 ingrepia-

320 593 413 666 ἔμε
486 595 728 661 πίστεως,
797 596 929 664 μήτε
1015 592 1194 654 ἄλλους
1259 593 1457 656 ἐῶντες.
1517 595 1925 670 Εἰσερχομένους

322 679 385 736 δὲ
440 680 577 753 λέγει
633 684 755 742 τοὺς
810 678 1159 750 ἐπιτηδείους,
1210 686 1325 745 τοὺς
1388 680 1702 758 δυναμένους
1764 683 1924 755 εἰσέρ-

319 772 546 845 χεσθαι.
614 772 808 843 Βαρεῖα
877 767 936 824 δε
1000 779 1152 825 τοῦτο
1209 778 1522 845 κατηγορία.
1590 774 1649 829 Ei
1703 774 1803 846 γὰρ
1865 773 1925 822 τό

321 856 530 935 μηδένα
585 859 790 931 ὠφελεῖν
851 856 1137 931 καταδίκη,
1189 863 1245 915 τό
1303 866 1392 914 καὶ
1450 861 1694 935 βλάπτειν
1761 860 1926 931 ἀσύγ-

322 969 576 1023 γνωστον,
625 954 712 1003 καὶ
766 945 951 1024 ἀνδρὸς
1012 949 1218 1023 λοιμοῦ.
1278 953 1427 1026 Παρὰ
1492 948 1551 1006 δὲ
1613 959 1685 1022 τῷ
1746 955 1925 1005 Λουκᾶ

327 1059 505 1113 φησιν,
552 1040 633 1092 ὅτι
679 1038 873 1112 Ἦρατε
924 1044 1018 1098 τὴν
1070 1037 1253 1094 κλεῖδα
1318 1049 1414 1103 τῆς
1471 1045 1729 1113 γνώσεως
1790 1043 1925 1091 οὕτω

322 1128 543 1190 καλέσας
596 1132 692 1188 τήν
746 1127 816 1193 εἰς
877 1128 1033 1182 αὐτὸν
1092 1133 1290 1200 πίστιν,
1347 1131 1417 1193 ὡς
1482 1130 1798 1202 εἰσάγουσαν
1854 1128 1925 1188 εὶς

319 1222 416 1278 τήν
462 1225 658 1291 γνῶσιν
702 1226 800 1270 τῶν
850 1216 1013 1292 ὀρθῶν
1060 1214 1336 1292 δογμάτων
1380 1222 1468 1272 καὶ
1505 1226 1594 1280 τῆς
1624 1217 1921 1293 ἀπορρήτου

322 1311 531 1380 σοφίας,
606 1310 788 1367 ἥντινα
846 1302 1029 1361 κλεῖδα
1085 1304 1235 1382 ἦραν,
1295 1308 1477 1380 ἣγουν,
1546 1306 1745 1381 ἀφεῖλον
1820 1305 1921 1359 ἀπὸ

317 1403 413 1449 τοῦ
442 1395 588 1450 λαοῦ.

393 1576 526 1630 Ούαὶ
568 1606 637 1616 -
685 1576 847 1647 ὑμῶν.
896 1576 1192 1651 Περιάγετε,
1240 1574 1353 1629 ἀντὶ
1396 1583 1507 1643 τοῦ,
1558 1575 1915 1650 περιέρχεσθε,

318 1662 648 1739 δεατρέχετε.
707 1664 1044 1737 Προσηλυτον
1102 1663 1161 1717 δὲ
1218 1665 1478 1737 ὠνόμασεν
1542 1666 1567 1717 ό
1628 1670 1781 1736 νόμος
1832 1666 1919 1716 τὸν

317 1755 376 1819 ἐξ
440 1752 838 1827 εἰδωλολατρίας
898 1754 1322 1829 προσεληλυθότα
1386 1761 1448 1826 τῇ
1508 1755 1761 1826 θρησκείᾳ
1819 1760 1919 1805 τῶν

2034 591 2179 646 mini
2210 609 2315 665 per
2340 596 2519 653 fidem
2546 615 2681 672 qnae
2712 605 2799 656 est
2838 600 2898 655 in
2922 616 3035 665 me,
3065 616 3260 673 neque
3290 601 3440 659 alios
3479 604 3687 663 sinatis

2033 678 2286 750 ingredi.
2320 684 2720 755 lngredientes
2758 696 2962 745 autem
3012 688 3157 746 dicit
3201 705 3303 747 eos
3346 692 3455 764 qui
3495 695 3685 764 parati

2035 773 2175 824 sunt
2198 786 2267 827 ac
2291 782 2540 845 possunt
2564 778 2811 850 ingredi.
2859 778 3062 834 Gravis
3088 782 3173 835 est
3191 784 3395 837 autem
3424 781 3553 839 haec
3590 798 3689 842 ac-

2034 860 2277 915 cusatio.
2317 862 2469 920 Nam
2487 865 2535 920 si
2557 866 2701 923 nulli
2722 867 3023 938 prodesse,
3069 866 3287 925 sufﬁcit
3305 869 3382 925 ad
3405 872 3683 930 condem-

2034 947 2357 1017 nationem,
2426 954 2529 1025 qui
2562 954 2740 1011 etiam
2780 960 2967 1022 nocet,
3028 971 3416 1030 nequaquam
3448 962 3684 1019 veniam

2036 1037 2327 1108 percipiet,
2375 1054 2512 1095 cum
2540 1042 2613 1098 sit
2640 1043 2956 1101 hominum
2988 1044 3192 1116 pestis.
3244 1048 3420 1118 Apud
3461 1050 3683 1108 Lucam

2034 1138 2173 1178 vero
2219 1124 2332 1182 ait:
2378 1128 2613 1187 Tulistis
2663 1132 2878 1189 clavem
2920 1133 3174 1190 scientia:
3216 1134 3285 1200 ³⁵,
3330 1135 3412 1192 ita
3456 1152 3683 1196 vocans

2030 1212 2203 1269 ﬁdem
2255 1230 2391 1288 quae
2452 1218 2514 1273 in
2562 1224 2768 1289 se‘est,
2814 1224 3013 1294 utpote
3078 1221 3555 1284 introducentem
3602 1227 3684 1287 ad

2020 1302 2339 1373 scientiam
2351 1311 2649 1365 rectorum
2662 1310 3018 1381 dogmatum
3032 1326 3102 1368 ac
3117 1310 3438 1370 ineﬁabilis
3450 1315 3684 1390 sapien-

2030 1390 2141 1455 tiae,
2173 1407 2359 1464 quam
2389 1395 2619 1455 clavem
2646 1398 2905 1457 tulerunt
2933 1400 3059 1457 sive
3101 1400 3479 1462 abstulerunt
3506 1419 3543 1463 a
3576 1419 3684 1477 po-

2028 1480 2193 1554 pulo.

2099 1572 2257 1627 Vers.
2304 1576 2386 1629 15.
2430 1574 2526 1631 Vae
2563 1608 2633 1617 —
2668 1594 2841 1650 quam
2879 1594 2997 1637 vos.
3044 1579 3406 1649 Circumilis,
3441 1597 3682 1656 percur-

2026 1660 2170 1716 ritis.
2191 1661 2341 1717 Nam
2364 1663 2424 1719 id
2457 1664 2750 1736 signiﬁcat
2778 1668 2893 1724 hoc
2922 1668 3055 1725 loco
3083 1672 3375 1745 περιάγετε.
3410 1671 3680 1747 Prosely-

2030 1755 2156 1807 tum
2187 1754 2385 1807 autem
2417 1754 2764 1827 appellabat
2789 1757 2884 1814 lex
2914 1774 3073 1825 eum,
3102 1758 3206 1832 qui
3245 1760 3317 1815 ab
3346 1760 3681 1821 idololatria

315 1841 606 1900 Ἰουδαίων.
675 1848 832 1915 Λέγει
880 1848 1053 1895 τοίνυν
1106 1844 1132 1895 ό
1186 1846 1431 1917 Χριστὸς,
1481 1844 1562 1896 ὅτι
1612 1847 1777 1915 Μόγις
1831 1845 1914 1894 καὶ

2027 1838 2107 1895 ad
2152 1839 2504 1911 religionem
2547 1844 2869 1902 accedebat
2916 1846 3281 1904 Judaaorum.
3334 1848 3483 1906 Dicit
3535 1866 3676 1924 ergo

314 1936 448 2007 μετὰ
511 1937 710 2007 μυρίων
768 1936 935 1985 πόνων
996 1939 1188 1986 ποιεῖτε
1252 1933 1338 1987 ἕνα
1416 1931 1764 2007 προσήλυτον,
1827 1935 1916 1984 καὶ

315 2020 435 2076 οὐδ’
482 2023 642 2085 οὕτως
682 2022 842 2075 αὐτοῦ
888 2016 1145 2093 φείδεσθε.
1188 2022 1449 2075 Τοσοῦτόν
1500 2020 1615 2075 ἐστε
1656 2026 1744 2074 καὶ
1791 2023 1915 2095 πρὸς

318 2116 585 2185 σωτηρίαν
628 2120 727 2163 τῶν
776 2107 1280 2184 εἰδωλολατρούντων
1328 2113 1621 2183 ἄχρηστοι,
1668 2115 1756 2163 καὶ
1784 2111 1914 2182 πρὸς

321 2200 560 2274 φυλακήν
656 2204 749 2251 τόῦ
838 2199 1281 2272 προσεληλυθότος
1373 2202 1623 2275 ῥᾴθυμον
1725 2197 1914 2272 μᾶλλον

326 2287 389 2343 δὲ
458 2285 728 2362 προδόται,
798 2284 1177 2362 διαφθείροντες
1252 2288 1403 2342 αὐτόν
1472 2296 1534 2361 τῇ
1613 2291 1747 2342 κατὰ
1828 2290 1914 2340 τὸν

328 2377 450 2452 βίον
497 2379 632 2451 ὑμῶν
677 2384 911 2451 πονηρίᾳ,
945 2384 1035 2432 καὶ
1082 2386 1345 2440 ποιοῦντες
1394 2380 1504 2431 υἱόν
1534 2378 1647 2450 (96)
1690 2380 1910 2449 γεέννης,

326 2472 605 2534 τουτέστιν,
665 2467 849 2521 οἰκεῖον
896 2471 1102 2540 γεέννης
1157 2473 1247 2522 καὶ
1294 2468 1437 2531 ἄξιον
1485 2468 1668 2529 αὐτῆς.
1728 2466 1913 2520 Διπλό-

318 2576 461 2631 τερον
511 2553 569 2609 δὲ
615 2554 745 2624 εἶπε,
798 2553 940 2611 διότι
976 2564 1078 2621 πᾶς
1126 2560 1262 2630 ἔχων
1298 2553 1623 2612 διδάσκαλον
1666 2559 1909 2629 πονηρόν,

312 2646 371 2699 ού
417 2649 582 2721 μέχρι
618 2655 714 2708 τῆς
758 2649 942 2700 τούτου
989 2650 1176 2710 κακίας
1229 2648 1460 2701 ἱσταται’
1525 2642 1913 2720 παραδείγματι

312 2731 372 2789 δε
454 2738 620 2809 τούτῳ
710 2740 982 2811 χρώμενος
1068 2734 1152 2790 ἐπὶ
1241 2739 1301 2791 τό
1371 2743 1550 2811 χεῖρον
1618 2734 1913 2812 προϐαίνειν

310 2826 503 2881 εἴωθεν.
1753 2886 1759 2893 ,

381 2914 518 2967 Οὐαὶ
578 2944 645 2955 -
718 2913 919 2987 τυφλοί.
989 2919 1143 2974 Ζήτει
1202 2912 1250 2967 ἓν
1317 2921 1389 2986 τῷ
1452 2913 1672 2985 εἰκοστῷ
1738 2911 1912 2987 ὀγδόῳ

306 3007 565 3076 κεφαλαίῳ
630 3007 727 3064 τὴν
796 3002 1046 3076 ἐξήγησιν
1119 3011 1231 3070 τοῦ,
1307 3000 1531 3075 Ὀδηγοί
1579 3002 1682 3057 εἰσι
1730 3002 1910 3077 τυφλοὶ

306 3093 531 3166 τυφλῶν.

2027 1931 2289 1990 Christus
2335 1952 2348 1991 :
2400 1932 2645 1991 lnﬁnitis
2693 1934 2791 1989 vix
2842 1934 3083 1993 tandem
3132 1935 3439 1994 laboribus
3486 1954 3676 1997 unum

2024 2022 2255 2080 efﬁcitis
2288 2024 2677 2097 proselytum,
2705 2028 2764 2081 et
2800 2039 2909 2081 nec
2941 2024 3079 2082 ideo
3101 2024 3181 2081 illi
3212 2027 3472 2099 parcitis,
3522 2028 3677 2087 adeo

2024 2111 2163 2167 estis
2196 2117 2255 2171 et
2305 2115 2381 2172 ad
2431 2114 2689 2173 salutem
2727 2112 3174 2173 idololatrarum
3216 2114 3479 2187 inutiles,
3509 2121 3567 2175 et
3596 2117 3674 2176 ad

2014 2200 2155 2271 ejus
2170 2203 2275 2276 qui
2293 2203 2419 2275 jam
2439 2203 2681 2260 advenit
2701 2217 2938 2275 segnes,
2956 2203 3079 2261 imo
3101 2204 3306 2277 potius
3336 2204 3675 2278 proditores

2024 2296 2473 2365 corrumpentes
2511 2307 2646 2348 eum
2674 2292 2810 2348 vitm
2840 2296 3051 2349 vestra)
3082 2292 3347 2366 nequitia
3373 2300 3428 2351 et
3454 2293 3678 2354 facien-

2026 2382 2113 2435 tes
2144 2396 2285 2438 eum
2313 2381 2506 2438 ﬁlium
2535 2381 2847 2452 gehennae,
2879 2381 2940 2437 id
2962 2385 3069 2452 est,
3098 2381 3457 2440 familiarem
3479 2383 3675 2455 gehen

2022 2484 2139 2538 nae,
2167 2474 2225 2527 et
2250 2486 2322 2528 ea
2347 2470 2618 2543 dignum.
2654 2473 2717 2526 In
2742 2470 2933 2543 duplo
2961 2474 3165 2528 autem
3186 2470 3357 2529 dixit.
3395 2471 3673 2546 Quisquis

2022 2558 2183 2615 enim
2210 2564 2635 2633 praeceptorem
2658 2559 2841 2617 habet
2874 2575 3145 2632 pravum,
3176 2575 3301 2617 non
3335 2560 3492 2618 illius
3524 2560 3675 2619 sistit

2020 2647 2269 2719 malitia,
2310 2649 2415 2707 sed
2452 2650 2583 2722 ejus
2640 2652 2814 2707 utens
2868 2649 3165 2723 exemplo,
3230 2648 3380 2708 solet
3429 2648 3673 2709 ulterius

2006 2738 2362 2811 procedere.

2090 2919 2249 2974 Vers.
2287 2916 2376 2975 i6.
2424 2915 2615 2975 Vae—
2664 2917 2822 2973 caci.
2870 2915 3075 2982 Quaere
3126 2914 3410 2974 vicesimo
3458 2919 3672 2994 octavo

2019 3006 2210 3079 capite
2239 3005 2381 3064 dicti
2409 3005 2566 3063 illius
2592 3004 3034 3064 enarrationem
3085 3022 3099 3064 :
3134 3005 3281 3064 Caci
3315 3012 3455 3064 sunt
3499 3007 3673 3065 duces

2019 3111 2302 3153 caecorum
2311 3137 2325 3152 .

374 3189 469 3248 ’ος
499 3213 567 3224 --
598 3182 804 3257 ὀφείλει.
848 3179 1015 3238 Ούδέν
1047 3183 1182 3251 ἐστι,
1225 3179 1486 3250 δηλονότι,
1526 3189 1698 3238 τοῦτο.
1737 3181 1908 3255 Ὀφεί-

2113 3185 2275 3244 Vers.
2318 3183 2639 3252 16.0ui—
2692 3199 2817 3240 rem
2855 3188 2958 3242 est.
2994 3182 3166 3241 Nihil
3205 3189 3289 3242 est
3342 3187 3489 3258 puta
3532 3185 3671 3247 hoc.

302 3273 379 3327 λει
410 3269 489 3338 δὲ,
522 3271 638 3327 ἀντὶ
684 3280 793 3341 τοῦ,
841 3282 1121 3348 χρεωστεῖ.
1168 3274 1229 3327 Εἰ
1260 3274 1362 3346 γάρ
1399 3292 1475 3334 τις
1508 3272 1681 3345 ὤμοσε
1724 3267 1908 3325 δοῦναί

301 3383 373 3427 τι,
421 3362 465 3416 εἰ
505 3364 595 3435 μέν
640 3364 775 3415 κατὰ
815 3370 907 3415 τοῦ
951 3370 1075 3416 ναοῦ
1124 3367 1347 3436 ὤμοσεν,
1396 3361 1587 3434 ἔλεγον,
1631 3362 1711 3414 ὅτι
1755 3356 1906 3414 οὐδέν

303 3452 415 3505 ἔστι
445 3459 615 3505 τοῦτο·
650 3451 695 3504 εἰ
724 3446 785 3503 δὲ
829 3453 964 3505 κατά
1006 3471 1139 3513 τινος
1181 3458 1392 3527 χρυσοῦ
1431 3452 1662 3519 σκεύους,
1711 3448 1903 3520 ἔλεγον,

303 3539 384 3594 ὁτι
420 3546 703 3615 χρεωστεῖ.
751 3546 926 3594 Ταῦτα
978 3537 1037 3594 δε
1084 3537 1431 3614 έδογμάτιζον
1476 3538 1529 3605 ἐξ
1582 3538 1775 3602 ἀνοίας.
1818 3540 1904 3591 Διὸ

303 3635 394 3684 καὶ
427 3635 655 3684 σκώπτει
685 3632 899 3692 τούτους
929 3630 998 3693 εἰς
1028 3634 1248 3705 μωρίαν.

377 3811 557 3882 Μωροὶ
610 3837 674 3848 -
721 3810 927 3883 χρυσόν
971 3824 986 3875 ;
1029 3806 1341 3881 Τυφλότητα
1385 3809 1592 3871 τούτοις
1636 3802 1901 3876 ὀνειδίζει,
1983 3858 1989 3864 .

304 3901 400 3955 τὴν
430 3905 526 3959 τῆς
559 3896 770 3969 ψυχῆς.

378 3991 479 4040 Καὶ
516 4016 585 4028 --
620 3982 809 4060 δῶρον,
852 3990 1246 4060 Θυσιαστήριόν
1292 4006 1469 4062 φησιν,
1521 3984 1594 4059 ἔφ’
1644 3986 1704 4040 οὗ
1748 3988 1902 4059 ἔσφα-

302 4076 392 4138 ζον
422 4078 489 4128 τόι
516 4080 883 4151 προσαγόμενα
914 4077 1139 4148 θύματα.

369 4164 428 4218 Ὀ
470 4194 540 4207 -
595 4166 762 4218 ἑποίνω
811 4165 990 4219 αὐτοῦ.
1048 4166 1225 4219 Ταῦτά
1263 4185 1442 4238 φησιν,
1511 4164 1615 4237 οὐχ
1668 4167 1735 4229 ὥς
1790 4164 1899 4218 ἔπι-

298 4258 494 4329 τρέπων
574 4253 797 4325 ὀμνύεινο
894 4253 943 4307 ἐν
1011 4258 1111 4328 γὰρ
1190 4263 1261 4327 τῷ
1344 4260 1559 4328 πέμπτῳ
1643 4253 1901 4327 κεφαλαίῳ

295 4342 550 4405 παντελῷς
599 4346 685 4397 τόν
730 4346 879 4417 ὅρκον
930 4342 1199 4397 ἐκώλυσεν·
1248 4342 1355 4397 ἀλλ’
1393 4346 1462 4405 ὡς
1491 4350 1591 4396 τῶν
1630 4340 1901 4398 Ἰουδαίων

297 4434 590 4509 ὀμνυόντων
620 4435 757 4486 κατὰ
784 4442 883 4485 τῶν
906 4436 1171 4489 τοιούτων.

1996 3277 2170 3341 ,Reus
2199 3278 2303 3341 est,
2332 3272 2606 3331 videlicet
2633 3271 2836 3329 debiti.
2871 3273 2930 3330 Si
2972 3272 3110 3345 quis
3160 3272 3315 3330 enim
3354 3273 3580 3347 aliquid
3608 3290 3672 3333 se

2014 3363 2372 3420 donaturum
2414 3362 2750 3433 juraverat:
2783 3360 2831 3416 si
2861 3360 3108 3434 quidem
3144 3376 3251 3433 per
3290 3361 3583 3434 templum
3607 3362 3673 3421 id

2007 3453 2291 3525 jurasset,
2321 3449 2607 3507 dicebant
2629 3448 2791 3505 hunc
2818 3448 2897 3505 ad
2927 3448 3069 3504 nihil
3102 3448 3378 3519 obligari.
3412 3449 3584 3515 Quod
3617 3449 3670 3508 si

2013 3556 2120 3615 per
2138 3556 2246 3597 vas
2263 3538 2510 3612 aliquod
2526 3553 2777 3596 aureum
2797 3537 2859 3594 id
2875 3538 3153 3610 jurasset,
3184 3537 3469 3595 dicebant
3494 3536 3668 3597 illum

2015 3630 2215 3688 debito
2262 3629 2473 3687 teneri.
2533 3628 2676 3687 Haec
2728 3631 2930 3685 autem
2968 3629 3212 3700 propter
3258 3626 3668 3700 insipientiam

1992 3720 2343 3787 docebant;
2370 3718 2503 3775 ideo
2533 3718 2713 3775 etiam
2740 3718 2956 3775 horum
2981 3716 3185 3774 irridet
3203 3716 3558 3774 fatuitatem.

2083 3813 2221 3868 Vers
2239 3811 2330 3868 t7.
2362 3808 2543 3866 Stulli
2558 3840 2627 3850 -—
2652 3824 2871 3867 aurum
2894 3807 3279 3866 ?Ceecitatem
3306 3806 3426 3864 illis
3448 3821 3666 3881 expro-

2009 3900 2165 3967 brat,
2198 3915 2320 3958 non
2346 3899 2632 3972 corporis,
2675 3898 2782 3956 sed
2807 3898 3047 3957 animas.

2083 3992 2239 4047 Vers.
2264 3990 2353 4045 18.
2377 3990 2535 4046 Et—
2554 3990 2715 4045 Vers.
2741 3991 2821 4044 19.
2849 3989 3088 4046 donum.
3109 3987 3303 4047 Altare
3325 3987 3465 4047 dicit
3484 4001 3667 4062 super

1988 4080 2175 4153 equod
2198 4078 2562 4152 jugulabant
2590 4076 2885 4135 adductas
2916 4077 3214 4135 victimas.

2083 4166 2245 4223 Vers.
2276 4167 2367 4224 20.
2401 4167 2515 4234 Qui
2546 4166 2805 4241 —'Vers.
2830 4166 2920 4221 22.
2952 4164 3015 4221 in
3048 4166 3175 4221 illo.
3206 4165 3341 4221 Haec
3371 4164 3514 4221 dicit
3540 4180 3666 4223 non

2009 4254 2177 4329 quod
2201 4254 2403 4326 jurare
2442 4251 2779 4325 permittat:
2814 4251 3020 4323 quinto
3051 4251 3212 4307 enim
3246 4250 3429 4322 capite
3468 4251 3665 4323 prohi-

2009 4341 2142 4399 buit
2170 4356 2349 4398 omne
2373 4341 2805 4413 juramentum:
2835 4338 2939 4395 sed
2971 4338 3137 4413 quod
3161 4337 3357 4395 Judaei
3385 4353 3493 4412 per
3520 4338 3666 4398 talia

2004 4432 2023 4504 j
2036 4432 2295 4488 urerent.

370 4523 506 4577 Οὐαὶ
572 4554 641 4564 -
700 4528 902 4592 πίστιν,
956 4530 1058 4577 Τοῦ
1114 4527 1272 4596 νόμου
1330 4530 1402 4575 τῶ
1454 4521 1561 4593 λαῷ
1614 4520 1905 4585 κελεύοντος

2082 4521 2244 4576 Vers.
2284 4520 2373 4575 23.
2417 4517 2512 4611 Ife:
2538 4546 2608 4559 -
2634 4516 2826 4611 ﬁderit.
2851 4515 3001 4611 Cum
3027 4514 3122 4573 lex
3151 4514 3378 4611 populo
3400 4514 3662 4611 iuberet,

302 4610 528 4674 δεκάτπς
586 4615 833 4686 παρέχειν
891 4614 1091 4665 πάντων
1152 4621 1250 4665 τῶν
1306 4618 1538 4685 καρπῶν,
1606 4610 1754 4664 αὐτοὶ
1814 4616 1903 4665 καὶ

302 4708 419 4777 περὶ
469 4704 565 4763 τὰς
603 4697 822 4763 δεκάτας
852 4709 942 4756 τοῦ
994 4698 1270 4773 ἡδυόσμου
1314 4706 1402 4754 καὶ
1443 4708 1533 4753 τοῦ
1578 4700 1770 4760 ἀνήθου
1814 4706 1903 4755 καὶ

303 4800 397 4846 τοῦ
476 4796 716 4864 κυμίνου,
803 4800 901 4844 τῶν
980 4790 1370 4855 εὐτελεστάτων,
1449 4789 1900 4866 ὴκριϐολογοῦντο,

305 4880 709 4955 προϐαλλόμενοι
772 4884 859 4933 τόν
915 4884 1085 4953 νόμον.
1151 4883 1394 4955 Διασύρει
1458 4885 1629 4934 τοίνυν
1695 4881 1899 4951 αὐτούς,

304 4974 371 5033 ὡς
407 4976 525 5045 περὶ
574 4974 642 5023 τὰ
684 4970 944 5043 ἐλάχιστα
998 4972 1089 5043 μεν
1135 4977 1225 5023 τοῦ
1281 4975 1440 5043 νόμου
1490 4969 1903 5045 παραγγελματα

305 5059 417 5113 λίαν
484 5058 1024 5132 ἀκριϐολογουμένους,
1087 5066 1186 5111 τῶν
1247 5056 1306 5112 δε
1366 5058 1598 5131 μέγάλων
1657 5058 1903 5131 ἀμελοῦν-

304 5168 414 5212 τας.
472 5153 656 5222 Κρίσιν
715 5145 773 5202 δι
828 5148 963 5220 λέγει
1010 5152 1103 5207 τὴν
1157 5149 1282 5222 ύπὶρ
1340 5156 1436 5201 τῶν
1507 5144 1909 5221 ἀδικουμένων,

305 5244 393 5294 καὶ
439 5238 593 5308 ἔλεον,
636 5241 723 5292 τόν
778 5236 849 5300 εἰς
896 5242 1016 5303 τοὺς
1054 5234 1347 5312 δεομένους,
1392 5241 1481 5291 καὶ
1536 5242 1715 5292 πίστιν
1761 5238 1897 5312 (97),

803 4800 901 4844 τῶν

373 5418 440 5473 ’⁵.
473 5416 617 5476 Luc.
652 5430 735 5484 x1,
766 5419 854 5473 52.

2014 4613 2077 4667 ut
2114 4608 2284 4667 daret
2330 4606 2592 4665 decimas
2622 4605 2898 4664 omnium
2936 4606 3260 4671 fructuum,
3322 4604 3439 4678 ipsi
3478 4603 3662 4663 etiam

2010 4701 2171 4758 circa
2199 4698 2474 4763 menthaa,
2497 4696 2722 4766 anethi,
2748 4712 2818 4753 ac
2835 4695 3058 4769 cymini
3085 4693 3510 4752 vilissimarum
3531 4694 3665 4753 her-

1982 4790 2222 4857 barum
2266 4788 2554 4855 decimas,
2587 4790 2859 4843 exactam
2893 4785 3315 4843 subducebant
3342 4784 3660 4854 rationem,

2008 4881 2204 4952 legem
2227 4877 2677 4950 praetendentes.
2700 4878 2815 4932 Hos
2833 4891 2973 4947 ergo
2995 4875 3492 4948 irridettanquam
3505 4874 3664 4935 circa

2010 4967 2263 5025 minima
2314 4965 2459 5037 legis
2514 4968 2813 5039 praecepta
2864 4963 3233 5022 exactissime
3300 4968 3659 5030 scrutantes,

2010 5072 2236 5127 magna
2284 5070 2425 5111 vero
2473 5053 2857 5125 negligentes.
2907 5052 3211 5109 Judicium
3246 5048 3447 5109 autem
3496 5050 3660 5119 dicit,

2008 5147 2174 5220 quod
2189 5146 2316 5202 ﬁeri
2337 5144 2636 5224 debet'pro
2665 5142 2760 5219 his
2772 5143 2875 5216 qui
2902 5142 3120 5228 injuste
3138 5141 3659 5226 afﬁciuntur‘inju-

2006 5237 2127 5301 ria:
2158 5232 2640 5305 misericordiam,
2665 5247 2854 5305 quam
2865 5231 2994 5290 ﬁeri
3013 5230 3289 5291 convenit
3311 5230 3373 5289 in
3397 5242 3655 5304 egenos:

1524 5514 1748 5585 Variae
1771 5512 2099 5585 lectiones
2130 5519 2196 5581 et
2228 5518 2429 5579 notae.

367 5685 490 5775 $96)
529 5683 753 5759 Οἰκεῖον,
800 5699 910 5759 pro
948 5686 1077 5742 υἱόν.
1130 5688 1192 5741 Δ.
1238 5687 1294 5743 et
1341 5699 1481 5743 mox
1518 5684 1651 5758 υἱόν,
1682 5699 1787 5758 pro
1831 5683 1908 5739 οἱ-

308 5775 462 5818 κειον,

2085 5682 2200 5756 (97)
2231 5687 2332 5737 Kac
2359 5681 2453 5742 τὴν
2481 5679 2681 5753 πίστιν,
2715 5682 2781 5739 Δ.
