4198 6490
532 340 640 397 595
1733 358 1748 373 ο
1857 314 2227 394 summa
2248 328 2587 395 ZIGABENI
3801 350 3923 407 596

524 471 589 547 et
616 468 822 535 ﬁdem,
856 481 992 539 quae
1021 465 1182 521 estin
1214 468 1424 523 Deum.
1453 468 1637 524 Lucas
1675 467 1882 523 autem
1922 460 2182 519 dilectio-

2260 500 2264 509 .
2296 462 2391 518 τὴν
2432 460 2500 523 εἰς
2542 464 2629 515 τὸν
2676 465 2823 519 Θεόν.
2859 463 2919 518 '0
2959 462 3018 519 δε
3054 471 3259 529 Λουκᾶς
3298 471 3388 522 καὶ
3433 472 3527 527 τὴν
3568 468 3776 543 ἀγάπην
3815 484 3918 531 τοῦ

526 572 670 613 nem
698 558 876 613 etiam
906 556 1005 612 Dei
1037 556 1206 628 ponit
1236 558 1282 592 ³⁸

946 556 1005 612 Ἐἰ
1037 556 1206 628 ponit
1236 558 1282 592 ³⁸
2300 557 2432 603 Θεοῦ
2456 572 2604 623 φησι.

524 679 536 686 -
595 647 637 717 -l-
658 645 903 718 Oportet
930 660 1416 718 unumquemque
1437 646 1754 701 doctorum
1776 658 1813 699 a
1832 640 2059 715 populo
2080 654 2182 695 suo

2369 641 2411 709 -ί-
2456 642 2498 711 -ι-
2541 639 2627 695 Δεῖ
2671 643 2785 716 (98)
2838 644 3055 698 ἕκαστον
3102 654 3203 698 τῶν
3257 642 3598 702 διδασκάλων
3648 650 3916 710 aream.

522 735 854 801 'decimare,
886 733 1001 790 hoc
1036 739 1143 799 est,
1184 739 1382 806 petere
1413 751 1449 789 a
1475 735 1685 789 decem
1718 731 2020 799 sensibus,
2044 731 2180 801 puta

2298 734 2418 779 τοϋν
2496 729 2597 783 ἀπὸ
2670 740 2762 785 τοῦ
2832 732 2959 786 λαοῦ
3034 734 3216 805 αὐτοῦ,
3300 742 3592 806 τουτέσκιν,
3671 740 3917 799 ἀπαιτεῖν

528 824 803 897 quinque
829 823 1265 897 corporalibus,
1298 827 1354 878 et
1373 824 1641 895 quinque
1666 822 1772 893 qui
1803 824 1941 876 sunt
1971 817 2186 876 animm

2301 814 2403 869 ἀπὸ
2459 826 2557 870 τῶν
2630 818 2760 874 δέκα
2814 822 3134 889 αἰσθήσεων,
3198 832 3298 877 τῶν
3367 831 3516 881 πέντε
3596 844 3918 905 σωματικῶν

531 913 848 986 judicium,
883 912 1348 969 misericordiam
1375 927 1445 967 ac
1488 910 1693 966 ﬁdem.

2298 910 2389 957 καὶ
2435 915 2538 958 τῶν
2591 913 2735 962 πέντε
2790 910 3057 984 ψυχικῶν,
3108 917 3201 973 τὴν
3257 919 3433 988 κρίσιν
3491 922 3581 971 καὶ
3630 924 3717 973 τὸν
3774 922 3917 979 ἔλεον

2300 998 2391 1046 καὶ
2422 1000 2517 1054 την
2547 997 2747 1055 πίστιν.

612 1095 770 1149 Vers.
811 1091 902 1149 23.
963 1092 1096 1148 Haec
1138 1122 1207 1131 -
1254 1089 1541 1146 omittere.
1578 1088 1714 1144 Haec
1760 1086 2020 1162 primum
2058 1098 2194 1157 quae

2370 1090 2548 1137 Ταῦτα
2612 1119 2681 1128 -
2751 1087 2973 1161 ἀφιέναι.
3050 1098 3229 1145 Ταῦτα
3306 1100 3709 1169 προηγουμένως
3803 1099 3917 1156 ἔδει

539 1182 813 1255 graviora
838 1188 993 1245 sunt,
1014 1180 1256 1253 exsequi
1284 1179 1575 1250 oportuit:
1619 1182 1676 1234 et
1705 1193 1944 1234 rursum
1974 1174 2195 1231 leviora

2300 1176 2655 1249 κατορθῶσαι,
2707 1180 2773 1231 τά
2826 1178 3111 1253 βαρύτερα,
3167 1181 3381 1237 κάκεῖνα
3437 1185 3609 1257 πάλιν,
3675 1191 3745 1241 τά
3802 1190 3918 1246 ἕλα-

527 1273 639 1331 ‘llla
666 1287 789 1329 non
816 1271 1173 1344 relinquere,
1204 1270 1254 1325 si
1283 1273 1487 1327 exacte
1516 1268 1712 1339 legem
1739 1281 1972 1323 servare
1996 1264 2185 1321 vultis.

2303 1265 2423 1335 φρά,
2466 1268 2537 1336 μὴ
2570 1264 2955 1343 παραδραμεῖν,
3009 1272 3115 1342 εῖγε
3156 1276 3251 1330 τὴν
3300 1271 3565 1348 ἀκρίϐειαν
3618 1284 3711 1331 τοῦ
3750 1284 3917 1355 νόμον

2302 1348 2477 1406 τηρεῖν
2507 1352 2793 1406 ἐϐούλεσθε.

524 1367 551 1387 ,
2302 1348 2477 1427 τηρεῖν
2507 1352 2793 1412 ἐϐούλεσθε.

611 1452 775 1508 Vers.
803 1451 890 1507 24.
916 1450 1100 1506 Duces
1132 1481 1200 1490 -—
1224 1448 1563 1520 glutientes.
1590 1445 1703 1513 Qui
1728 1459 1916 1518 parva
1950 1440 2198 1515 quidem

2309 1529 2312 1530 ν
2374 1438 2593 1516 Ὀδηγοὶ
2652 1476 2724 1487 -
2774 1450 3153 1510 καταπίνοντες.
3214 1451 3281 1503 Οἱ
3336 1452 3403 1504 τά
3448 1455 3614 1530 μικρά
3811 1480 3916 1515 πο-

527 1542 775 1601 ‘curiose
807 1538 1075 1604 servatis,
1102 1538 1166 1594 in
1196 1536 1432 1609 magnis
1454 1550 1593 1592 vero
1624 1533 1886 1608 peccatis
1916 1532 2185 1589 connive-

2305 1529 2805 1622 λυπραγμονοῦντες,
2857 1538 2924 1590 τὰ
2969 1542 3196 1611 μέγιστα
3239 1539 3353 1613 (99)
3394 1538 3455 1594 δε
3495 1529 3915 1622 ἀπαρατηρήτως

528 1632 635 1690 ᾖε.
2307 1618 2705 1695 ἁμαρτάνοντες.

608 1721 889 1777 Vers.25.
932 1720 1122 1775 Vz—
1163 1714 1473 1788 injustitia.
1527 1710 1815 1790 Παροψίδα
1865 1712 2053 1769 lancis
2100 1712 2203 1767 aut

2379 1710 2514 1764 Οὐαὶ
2574 1743 2643 1753 -
2690 1709 2919 1775 ἀδικίας.
2978 1718 3084 1774 Τήν
3136 1715 3433 1790 παροψίδα,
3492 1725 3707 1786 πίνακος
3765 1724 3906 1791 εἶδός

534 1812 759 1885 patina:
790 1825 979 1880 genus
1012 1823 1146 1865 esse
1176 1806 1403 1863 dicunt.
1433 1804 1601 1862 Unde
1632 1805 1823 1860 Lucas
1847 1803 2031 1873 hujus
2061 1802 2192 1858 loco

2241 1810 2270 1863 Β
2309 1796 2437 1853 εἶναι
2484 1821 2632 1873 φασι.
2690 1808 2892 1856 Πίνακα
2935 1806 3037 1879 γὰρ
3083 1808 3280 1865 ταύτην
3330 1804 3437 1861 εἶπε
3485 1816 3577 1863 καὶ
3627 1814 3651 1864 ὁ
3697 1819 3899 1878 Λουκᾶς

537 1906 753 1967 πίνακα,
796 1899 910 1955 hoc
973 1901 1083 1962 est,
1134 1896 1395 1953 catinum
1470 1894 1673 1967 posuit
1731 1891 2195 1965 quadragesimo

2308 1888 2356 1940 ἓν
2417 1898 2489 1961 τῷ
2544 1901 2951 1968 τεσσαρακοστῷ
3022 1899 3182 1969 τρίτω
3238 1897 3517 1971 κεφαλαίῳ.
3584 1901 3898 1976 Δίνιγματώο

531 1992 707 2049 tertio
734 1988 925 2061 capite
942 1989 1009 2042 ³⁷.
1039 1989 1136 2041 Est
1164 1990 1365 2042 autem
1412 1984 1507 2040 hic
1535 1998 1733 2040 sermo
1760 1981 2189 2052 aenigmaticus,

2310 1974 2411 2041 δης
2460 1984 2550 2032 καὶ
2596 1981 2742 2043 οὗτος
2788 1984 2814 2034 ὁ
2861 1983 3032 2055 λόγος,
3079 1990 3367 2056 σημαίνων,
3420 1990 3500 2042 ὅτι
3545 1994 3622 2044 Τὰ
3803 1998 3909 2047 σώ-

539 2080 602 2136 id
632 2081 918 2135 innuens:
946 2076 1207 2147 Corpora
1238 2074 1482 2147 quidem
1512 2077 1708 2129 vestra
1751 2071 2042 2144 purgatis,
2102 2068 2197 2126 illa

2308 2087 2449 2140 ματα
2500 2070 2641 2141 ὑμῶν
2697 2072 3027 2147 καθαρίζετε·
3082 2081 3251 2127 ταῦτα
3299 2077 3401 2150 γὰρ
3458 2086 3653 2133 νοεῖται
3709 2084 3769 2133 τὸ
3819 2083 3914 2147 ἔξω

543 2168 703 2224 enim
734 2170 906 2222 vocat
946 2164 1297 2221 exteriorem
1335 2161 1534 2234 poculi
1573 2177 1643 2218 ac
1682 2160 1902 2232 patinas
1940 2164 2195 2232 partem,

2307 2165 2400 2209 τοῦ
2451 2164 2706 2233 ποτηρίου
2740 2165 2831 2213 καὶ
2878 2170 2969 2223 τῆς
3015 2160 3334 2236 παροψίδος
3382 2169 3483 2220 ἔσω
3530 2165 3589 2221 δε
3638 2171 3692 2220 αἱ
3734 2169 3919 2243 ψυχαὶ

530 2257 851 2314 interiores
883 2258 1083 2311 autem
1115 2254 1327 2308 animae
1349 2251 1543 2324 plenae
1559 2254 1696 2306 sunt
1720 2249 1937 2321 rapina
1962 2252 2020 2304 et
2049 2248 2188 2318 inju-

2307 2250 2559 2320 γέμουσιν
2618 2248 2671 2312 ἕξ
2720 2248 2962 2325 ἀρπαγῆς
2998 2257 3087 2305 καὶ
3142 2250 3357 2319 ἀδικίας
3389 2259 3585 2311 παθῶν.
3638 2260 3917 2327 Τόυτέστι,

544 2348 701 2404 stitia
729 2344 1128 2408 affectionum,
1160 2343 1275 2398 hoc
1296 2345 1400 2405 est,
1426 2339 1755 2413 corporalis
1776 2337 2023 2411 quidem
2042 2336 2202 2409 puri-

2308 2343 2418 2389 Τῶν
2620 2346 2712 2391 τοῦ
2778 2345 3020 2413 σώματος
3080 2344 3381 2419 καθαρσίων
3435 2350 3747 2419 φροντίζετε·
3815 2358 3919 2402 τῶν

541 2434 839 2492 ﬁcationis
868 2448 1070 2489 curam
1104 2430 1354 2495 habetis,
1388 2444 1524 2484 eam
1556 2443 1694 2484 vero
1712 2443 1849 2499 quae
1871 2425 2087 2481 animae
2113 2429 2199 2481 est

2312 2422 2371 2478 δε
2426 2436 2517 2487 τῆς
2579 2426 2768 2500 ψυχῆς
2839 2428 3085 2503 ἀμελεῖτε.
3148 2429 3385 2487 ’Δδικίαν
3442 2430 3500 2486 δε
3551 2442 3639 2485 νῦν
3697 2435 3913 2508 λέγομεν

543 2524 861 2597 negligitis.
896 2520 1253 2592 Injustitiam
1286 2522 1489 2574 autem
1530 2532 1692 2572 nunc
1736 2515 1994 2571 dicimus
2021 2515 2201 2571 etiam

2309 2519 2400 2568 καὶ
2446 2522 2620 2568 πᾶσαν
2668 2524 2950 2593 ἁμαρτίαν,
3002 2520 3175 2594 ὥσπερ
3226 2527 3311 2573 καὶ
3370 2518 3706 2580 δικαιοσύνην
3764 2526 3906 2576 ἔστιν

546 2630 724 2671 omne
764 2616 1099 2685 peccatum,
1132 2624 1203 2664 eo
1233 2606 1397 2679 quod
1418 2605 1650 2677 justitia
1688 2620 1928 2676 quoque
1969 2604 2204 2660 dicatur

2312 2605 2395 2657 ὅτε
2455 2610 2629 2659 πᾶσαν
2688 2605 2892 2680 ἀρετὴν.
2956 2614 3160 2673 Λουκᾶς
3215 2607 3273 2664 δε
3335 2617 3671 2688 φανερώτερον
3742 2609 3904 2683 εἶπεν,

547 2702 744 2759 omnis
802 2700 1005 2755 virtus.
1058 2699 1249 2753 Lucas
1326 2698 1522 2749 autem
1587 2693 1965 2749 manifestius
2035 2692 2200 2749 dixit:

2313 2692 2394 2745 ὁτι
2464 2700 2534 2747 Το
2590 2697 2777 2750 ἔσωθεν
2836 2699 2978 2771 ὑμῶν
3049 2705 3193 2773 γίμει
3279 2700 3516 2775 ἁρπαγῆς
3586 2704 3677 2755 καὶ
3740 2720 3912 2762 πονη-

552 2790 720 2859 Quod
747 2791 908 2846 intus
950 2792 1034 2843 est
1079 2783 1278 2853 vestri,
1305 2784 1547 2855 plenum
1579 2790 1661 2841 est
1691 2784 1904 2856 rapina
1942 2788 1998 2839 et
2046 2781 2207 2837 mati-
2312 2786 2452 2857 ρίας.

534 2879 637 2938 ‘tia
649 2880 720 2933 ’⁸.

534 2960 545 2997 ί
622 2970 787 3025 Vers.
814 2971 898 3025 26.
926 2964 1230 3024 Pharisze
1260 2996 1331 3009 -
1380 2965 1627 3022 munda.
1668 2965 1814 3020 Cum
1858 2962 2019 3019 enim
2052 2960 2192 3034 puri.

2389 2968 2639 3035 Φαρισαῖε
2688 2995 2759 3008 -
2809 2968 3061 3041 καθαρόν.
3126 2974 3235 3030 Τῆς
3284 2973 3375 3043 μεν
3422 2971 3523 3044 γάρ
3582 2970 3766 3044 ψυχῆς
3820 2991 3922 3027 κα-

553 3060 761 3116 ﬁcatur
785 3058 1000 3127 anima,
1039 3059 1216 3117 simul
1252 3062 1434 3118 etiam
1461 3060 1517 3114 et
1559 3069 1781 3126 corpus
1813 3051 2205 3125 puriﬁcatur;

2321 3053 2685 3124 θαριζομένης,
2765 3057 3213 3131 συγκαθαρίζεται
3290 3065 3380 3112 καὶ
3445 3063 3503 3113 τὸ
3575 3070 3745 3133 σῶμα”
3831 3069 3924 3116 τοῦ

535 3162 691 3207 'cum
722 3156 923 3205 autem
947 3148 1296 3221 puriﬁcatur
1322 3158 1695 3221 corpus,non
1727 3140 1907 3198 simul
1937 3140 2193 3215 purifica‘

2266 3166 2282 3223 ι
2324 3146 2559 3213 σώματος
2610 3139 2669 3196 δί
2713 3145 3147 3219 καθαριζομίνου,
3206 3148 3266 3201 οὐ
3336 3152 3781 3223 συγκαθαρίζεται
3835 3156 3924 3205 καὶ

552 3242 649 3297 tur
678 3242 735 3295 et
764 3237 986 3295 anima.
1016 3239 1286 3295 Animam
1319 3239 1520 3310 itaque
1556 3231 1878 3306 puriﬁcare
1913 3229 2207 3297 convenit,

2319 3230 2350 3288 ἡ
2404 3229 2582 3303 ψυχή.
2634 3235 2722 3285 Διὸ
2779 3238 3035 3309 προσήκει
3089 3240 3184 3295 τὴν
3235 3237 3422 3310 ψυχὴν
3468 3240 3795 3314 καθαρίζειν,
3842 3242 3926 3294 ἵνα

536 3330 619 3383 ut
644 3326 868 3399 pariter
893 3325 1239 3399 puriﬁcetur
1263 3330 1320 3383 et
1354 3339 1595 3397 corpus.

1539 3339 1595 3378 ,s.
2319 3321 2533 3391 γίνηται
2559 3325 2646 3374 καὶ
2670 3324 2729 3375 τὸ
2768 3331 2921 3395 σῶμα
2949 3326 3197 3398 καθαρόν.

532 3438 535 3442 -
624 3418 786 3472 Vers.
819 3420 905 3471 27.
952 3418 1142 3473 Vae—
1193 3415 1501 3487 spurcitia.
1557 3413 1601 3483 ιι-
1656 3412 1699 3481 -ι-
1753 3410 1915 3463 Κονία
1964 3406 2190 3481 quidem

2393 3408 2529 3463 Οὐαὶ
2582 3441 2650 3451 -
2706 3409 3055 3487 ἀκαθαρσίας.
3114 3420 3349 3489 Κονίαμα
3400 3416 3481 3488 (1)
3540 3421 3630 3490 μέν
3684 3416 3845 3485 ἔστιν,
3898 3419 3924 3471 ὁ

542 3498 643 3563 est
672 3506 831 3571 calx,
859 3522 982 3578 quo
1001 3506 1237 3577 tingunt
1262 3522 1333 3562 ac
1354 3503 1639 3560 dealbant
1660 3498 1934 3571 parietes.
1966 3495 2200 3569 lmpuri-

2322 3517 2547 3562 τιτανος,
2580 3500 2620 3570 ᾧ
2667 3505 2891 3574 χρίουσι
2932 3507 3022 3555 καὶ
3053 3508 3332 3577 χρώζουσι
3371 3508 3490 3567 τοὺς
3518 3511 3731 3577 τοίχους
3770 3508 3925 3559 Ἀκα-

538 3599 733 3653 tatem
760 3599 960 3650 autem
989 3594 1250 3667 appellat
1273 3591 1680 3666 putredinem.
1730 3618 1735 3625 ·

1558 3604 1680 3645 em.
1730 3618 1735 3625 -
2325 3589 2545 3661 θαρσίαν
2577 3584 2636 3641 δε
2665 3588 2799 3662 λέγει
2829 3596 2918 3650 τὴν
2957 3597 3209 3666 σαπρίαν,

626 3684 795 3739 Vers.
835 3686 922 3737 28.
966 3683 1058 3737 Sic
1087 3714 1155 3722 —
1183 3682 1512 3753 iniquitate.
1551 3678 1741 3733 Lucas
1784 3677 1978 3730 autem
2016 3672 2211 3732 dixit:

2394 3678 2572 3739 Οὕτως
2618 3710 2686 3719 -
2750 3678 2981 3754 ἀνομίας.
3030 3680 3087 3733 Ὁ
3134 3681 3215 3752 (2)
3269 3678 3328 3733 δε
3377 3686 3585 3743 Λουκᾶς
3641 3678 3795 3750 εἶπεν,
3838 3684 3924 3737 ὅτε

536 3772 707 3840 ‘Quia
723 3772 854 3827 estis
870 3775 932 3826 ut
956 3775 1323 3826 monumenta
1351 3783 1481 3840 qua
1497 3782 1615 3824 non
1637 3761 1947 3835 appareni,
1976 3768 2031 3819 et
2045 3764 2194 3821 homin

2323 3770 2471 3820 Ἐστὶ
2531 3770 2594 3828 ὡς
2645 3770 2711 3821 τὰ
2773 3778 2998 3843 μνημιῖα
3047 3771 3113 3822 τά
3187 3766 3381 3835 ἄδηλα,
3442 3775 3532 3823 καὶ
3579 3772 3922 3847 οἱ-ᾶνθρωποι

558 3876 661 3917 nes
685 3858 1049 3916 ambulantes
1068 3873 1248 3929 super
1270 3874 1339 3916 ea
1364 3858 1630 3914 nesciunt
1649 3856 1718 3909 ³⁸.
1754 3851 2038 3924 Sepulcra
2055 3855 2216 3913 enim

2323 3861 2718 3932 περιποτόῦντες
2778 3858 2965 3927 ἇπάνω,
3038 3858 3132 3911 οὐκ
3193 3855 3394 3915 οἴδασι.
3454 3862 3533 3913 Τά
3580 3862 3681 3935 γὰρ
3752 3859 3921 3934 ἀφανῆ

535 3940 699 4022 "quas
746 3962 868 4004 non
930 3952 1241 4020 apparent,
1283 3948 1442 4004 intus
1501 3944 1679 4019 plena
1723 3948 1861 4000 sunt
1914 3944 2191 4015 spurcitia

2324 3953 2552 4019 μνημεῖα
2584 3942 2728 3999 ἔνδον
2758 3951 2847 4021 μεν
2875 3953 3099 4022 γέμουσι
3144 3953 3387 4026 σαπρίας,
3422 3948 3524 4003 ἀνω
3569 3946 3627 4004 δε
3659 3955 3926 4023 φαίνονται

561 4037 706 4095 foris
753 4041 954 4094 autem
981 4040 1273 4110 apparent
1301 4042 1459 4094 terra
1490 4035 1711 4093 munda
1740 4053 1810 4094 ac
1832 4038 1929 4095 via
1958 4037 2212 4110 publica.

1379 4052 1459 4093 'ra
1490 4035 1711 4093 munda
1740 4053 1810 4094 ac
1832 4038 1929 4095 via
1958 4037 2212 4110 publica.
2324 4045 2391 4107 γῆ
2425 4037 2631 4108 καθαρά
2658 4041 2746 4090 καὶ
2770 4037 3037 4112 λεωφόρος.

633 4130 799 4185 Vers.
868 4127 954 4183 29.
1021 4127 1112 4184 Vae
1152 4160 1219 4170 —
1267 4129 1426 4184 Vers.
1485 4126 1572 4182 30.
1626 4129 2040 4199 prophearum.
2100 4129 2215 4195 Vae,

2397 4124 2533 4178 Οὐαὶ
2589 4156 2659 4166 -
2703 4136 2999 4199 προφητῶν.
3056 4128 3213 4194 Οὐαὶ,
3264 4132 3436 4203 φησὶν,
3491 4130 3634 4202 ὑμῖν,
3693 4129 3799 4204 οὐχ
3849 4133 3931 4185 ὅτι

536 4219 777 4293 ’inquit,
819 4217 1010 4286 vobis,
1046 4233 1170 4274 non
1206 4217 1371 4291 quod
1403 4217 1532 4273 haec
1558 4216 1744 4274 facitis
1785 4223 1843 4275 et
1870 4220 1996 4276 haec
2025 4217 2194 4273 diciti:

2325 4221 2492 4266 ταῦτα
2549 4222 2759 4287 ποιεῖτε,
2810 4221 2897 4269 καὶ
2936 4224 3105 4271 ταῦτα
3152 4218 3318 4291 λίγετε
3369 4218 3527 4293 [καλά
3569 4218 3650 4289 (3)
3707 4222 3807 4293 γάρ
3849 4220 3929 4274 εἰ·

565 4326 703 4367 cum
733 4309 895 4366 bona
927 4308 1064 4375 sint,
1100 4306 1208 4363 sed
1257 4307 1423 4379 quod
1475 4307 1606 4363 haec
1658 4306 1943 4365 facientes
1978 4318 2033 4364 et
2089 4307 2219 4363 haec

2329 4303 2458 4378 aiv‘]
2501 4301 2609 4356 ἀλλ’
2652 4306 2733 4357 ὅτι
2778 4312 2943 4359 ταῦτα
2988 4315 3273 4372 ποιοῦντες,
3322 4312 3412 4361 καὶ
3459 4315 3624 4362 ταῦτα
3677 4313 3927 4383 λέγοντες,

565 4400 844 4464 dicentes,
878 4415 949 4455 ac
989 4398 1263 4469 utrinque
1300 4400 1541 4469 patrum
1590 4403 1925 4455 vestrorum
1973 4395 2221 4453 homici-

2327 4398 2416 4446 καὶ
2514 4393 2867 4470 ἀμφοτέρωθεν
2973 4404 3379 4471 κατηγοροῦντες
3462 4405 3554 4458 τῆς
3636 4402 3933 4471 μιαιφονίας

538 4502 543 4509 ·
565 4489 735 4545 dium
765 4490 1135 4551 accusantes,
1150 4484 1225 4542 ad
1240 4484 1385 4541 illud
1405 4501 1507 4542 vos
1523 4502 1761 4560 quoque
1777 4486 2033 4554 curritis,
2066 4484 2196 4540 festi

2273 4490 2426 4551 )τῶν
2478 4486 2711 4556 πατέρων
2758 4486 2918 4557 ὑμῶν,
2978 4483 3060 4537 ἰπὶ
3098 4488 3293 4543 ταύτην
3349 4490 3437 4538 καὶ
3495 4485 3645 4539 αὐτοὶ
3695 4491 3931 4561 τρέχετε,

566 4582 778 4632 nautes
806 4579 860 4630 et
888 4590 976 4630 me
1031 4578 1087 4630 et
1116 4574 1440 4646 discipulos
1470 4591 1639 4631 meos
1669 4576 1961 4641 occidere,
1993 4579 2051 4631 et
2079 4575 2222 4647 quia

2332 4568 2642 4634 σπεύδοντες
2712 4571 2898 4626 ἀνελεῖν
2972 4572 3102 4646 κάμὲ
3166 4578 3256 4626 καὶ
3324 4578 3447 4637 τοὺς
3501 4576 3739 4647 μαθητάς
3791 4590 3921 4647 μου⁶

504 4664 721 4721 "vane
759 4666 817 4719 et
857 4662 919 4718 in
952 4662 1190 4719 ﬁctione
1229 4662 1357 4719 haec
1402 4664 1593 4721 facitis
1639 4679 1709 4720 ac
1747 4664 1959 4735 dicitis;
1992 4678 2137 4719 nam

2330 4666 2415 4713 καὶ
2466 4663 2546 4714 ὅτι
2596 4662 2766 4735 μάτην
2809 4668 2899 4717 καὶ
2954 4661 3002 4715 ἓν
3054 4665 3331 4738 ὑποκρίσει
3386 4670 3555 4716 ταῦτα
3598 4671 3787 4717 ποιεῖτε
3836 4668 3930 4717 καὶ

539 4762 677 4810 'vos
707 4767 915 4810 eorum
945 4767 1099 4825 quos
1144 4753 1437 4810 accusatis
1467 4752 1854 4809 homicidium
1880 4752 2197 4809 imitamini

2330 4758 2497 4804 ταῦτα
2568 4750 2757 4823 λέγετε.
2838 4756 2938 4806 Καὶ
3003 4754 3101 4825 γὰρ
3170 4757 3261 4805 καὶ
3324 4752 3473 4806 αὐτοὶ
3520 4756 3766 4827 μιμεῖσθε
3834 4756 3932 4813 την

2331 4845 2628 4915 μιαιφονίαν
2668 4850 2768 4894 τῶν
2804 4844 3288 4916 κατηγορουμένων.

540 4939 552 4965 ί
644 4932 807 4990 Vers.
854 4933 939 4990 31.
993 4932 1300 5006 Itaque—
1337 4930 1680 5004 prophetas.
1732 4930 1959 5005 Itaque,
2019 4946 2091 4988 ex
2150 4946 2198 4990 et

2401 4930 2560 4985 Ὠστε
2602 4962 2669 4973 -
2714 4936 3002 5009 προφήτας.
3051 4930 3232 5005 Ὠστε,
3282 4930 3367 5007 ἀφ’
3409 4932 3477 4987 ὧν
3512 4931 3805 5007 ὁμολογεῖτε
3838 4935 3933 4993 τὴν

544 5182 561 5197 ο
644 5113 713 5169 ³⁸.
744 5114 878 5189 Luc,
911 5129 988 5183 ιι,
1015 5113 1107 5173 42.
1132 5113 1179 5149 ³⁷
1210 5113 1347 5170 Luc.
1380 5124 1460 5177 xi,
1494 5108 1584 5166 39.
1619 5109 1687 5163 ³⁸.
1726 5108 1875 5166 Ibid.
1908 5110 1956 5145 ²⁹
1988 5109 2125 5167 Luc.
2156 5124 2233 5177 xi,
2269 5109 2359 5167 44.

1793 5234 2013 5305 Variae
2042 5234 2373 5307 lectiones
2405 5244 2470 5305 et
2512 5240 2717 5305 notae.

649 5436 1048 5515 (98)_Haec__in
1087 5434 1317 5515 neutrq
1345 5444 1620 5488 meorum
1666 5436 2037 5511 comparent.
2088 5434 2255 5515 Sunt,
2338 5437 2518 5515 νίαμα.

576 5501 1108 5579 Th'eophylacti,_p.
1141 5506 1240 5559 439
1279 5504 1340 5559 Β.
1768 5504 1775 5511 ’
1805 5501 1827 5506 ⁷
2409 5501 2484 5577 (2)
2512 5502 2837 5579 Hentenius
2862 5503 3135 5579 ante_hoc
3159 5501 3460 5579 scholium
3480 5502 3667 5562 habet
3680 5502 3945 5579 junctim

670 5574 761 5651 99)
786 5574 865 5633 Ίῖὰ
893 5574 1110 5651 μεγάλα,
1144 5580 1221 5651 Α.⁵
1428 5624 1482 5651 _._
1532 5647 1539 5651 Α
1652 5626 1657 5631 .
1703 5647 1731 5651 _
1775 5645 1811 5651 __
1858 5645 1871 5651 _
2316 5628 2323 5635 .

2316 5574 2582 5651 .ve_rsu_m
2642 5576 2710 5631 27
2754 5580 2811 5631 et
2857 5575 2944 5632 28.
2997 5574 3273 5633 Proxime
3331 5580 3533 5651 autem
3582 5574 3945 5636 antecedens

674 5645 912 5720 1)](ονίοὶ
950 5645 1334 5720 scribendum
1388 5645 1635 5720 videtur.
1697 5645 1935 5719 Syllaba
1972 5651 2231 5720 pagorta
2290 5659 2307 5670 '

1810 5645 1935 5704 laba
1972 5667 2057 5720 μα
2077 5651 2231 5720 porta
2290 5659 2307 5670 '
2341 5647 2655 5720 scholium,
2681 5651 2836 5720 viavia
2862 5679 2933 5689 ——
2965 5651 3212 5720 σαπρίαν,
3246 5646 3468 5720 omisit.

674 5667 912 5720 “novta
950 5667 1334 5705 SCI‘lDenﬂllm
1388 5667 1635 5703 νιαῦῐυῒ.
1697 5667 1935 5719 oyuana
2024 5667 2057 5700 α
2101 5667 2231 5706 01⁸ῐᾶ

578 5667 813 5781 videtur
858 5737 931 5780 ex
966 5718 1233 5797 proximo
1272 5724 1382 5797 μέν.
1410 5718 1587 5778 Aliud
1617 5721 1703 5777 est
1726 5724 1891 5788 κονία,
1932 5668 2096 5778 aliud
2146 5739 2231 5773 κο-

1820 5667 1935 5704 una
2024 5667 2057 5700 α
2101 5667 2231 5706 01·ῐᾶ
2294 5667 2305 5670 ⁷
2341 5667 2655 5713 scnuuum,
2688 5667 2836 5701 κονια
2862 5679 2933 5689 -—
2965 5667 3075 5701 σαπ
3112 5667 3212 5712 ίαν,
3246 5667 3469 5703 omlsu.

1820 5724 1891 5788 ία,
1932 5668 2096 5778 aliud
2146 5739 2231 5773 κο-
2412 5720 2490 5794 (3)
2516 5719 2651 5779 Tria
2677 5719 2809 5778 haec
2836 5667 3136 5780 vocabufa
3161 5718 3377 5779 omittit
3406 5721 3476 5776 A.
