4198 6508
2573 0 3698 88 ιςθαη)
3364 10 3369 13 “
3396 6 3519 43 ιε”ίξ
3538 2 3599 34 τί
3620 8 3848 38 ῖςιτυιεπθιη

2852 48 2871 53 γ,
2908 44 2925 51 _.
2944 46 2985 55 ,αἱ
3050 38 3135 53 Αμ,
3144 38 3173 55 ξω,
3188 50 3201 53 ν,
3348 52 3373 55 7‘
3422 46 3425 47 ν
3454 40 3457 41 ν
3508 50 3511 51 ν
3563 37 3588 53 ,ι
3619 37 3660 51 ,,
3679 37 3684 40 -
3711 35 3714 38 ~
3755 41 3760 46 ,
3782 39 3808 58 τ’

2954 66 2963 71 Α
2998 46 3049 69 *ν
3106 64 3109 67 ἰ
3154 52 3157 59 ι
3216 64 3221 69 ι
3230 62 3271 65 7m
3304 54 3349 67 κν
3366 64 3371 65 γ
3406 64 3409 65 ν
3490 60 3493 63 λ
3506 62 3509 63 ,
3538 54 3613 63 ,κήμι-
3670 50 3733 65 ὤπτα
3797 55 3800 60 -
3813 57 3844 66 --ο

2704 76 2707 77 ⁷
3132 82 3144 92 ,ι
3373 92 3376 93 7
3422 79 3426 87 I
3691 73 3758 86 -’-“›

311 521 423 576 597
1215 523 1595 582 ΕΟΜΜΕΝΤ.
1643 523 1714 580 ΙΝ
1757 519 1969 620 ΜΑΤἸῙ]

2037 519 2204 576 EUM.
2251 552 2320 562 —
2359 521 2518 578 CAP.
2557 520 2760 578 XXIII.
3588 521 3695 580 598

313 647 616 718 μιαιφονίαν
669 652 769 696 τῶν
822 651 1054 722 πατέρων
1110 651 1272 722 ὑμῶν,
1333 653 1408 703 ἔτι
1453 648 1512 705 δε
1548 655 1657 722 καὶ,
1718 648 1802 722 ἀφ’
1855 648 1971 704 ὤν’]

2036 647 2198 721 quod
2211 648 2574 706 conﬁtemini
2593 646 2981 705 homicidium
2999 649 3241 720 patrum
3251 649 3587 706 Vestrorum
3598 666 3616 722 ;
3637 652 3694 708 et

311 735 564 806 μιμεῖσθε
619 735 830 802 ταύτην,
892 734 1255 792 ἁποδεικνύετε
1334 740 1547 803 ἑαυτούς
1603 743 1748 802 υἱοὺς
1821 745 1921 790 τῶν

2033 752 2102 792 ex
2123 753 2194 794 eo
2224 743 2509 810 praeterea
2525 737 2689 811 quod
2720 737 2867 794 illud
2902 736 3242 804 imitamini,
3264 736 3691 796 demonstratis

311 827 768 897 προφητοκτόνων.
854 830 1059 888 Λουκᾶς
1122 825 1182 881 δε
1266 832 1606 904 προσέθηκεν,
1683 830 1761 881 ὅτι
1832 833 1920 880 καὶ

2035 841 2136 882 vos
2166 826 2330 899 ipsos
2354 827 2509 883 ﬁlios
2540 843 2667 883 esse
2697 841 2928 890 eorum,
2959 826 3058 899 qui
3088 825 3415 898 prophetas
3455 827 3693 885 occide-

315 908 679 965 Συνευδοκείτε
734 920 839 974 τοῖς
893 917 1058 989 ἔργοις
1113 926 1212 969 τῶν
1267 923 1500 992 πατέρων
1553 919 1714 990 ὑμῶν,
1771 936 1921 970 τουτ-

2030 921 2183 972 runt.
2201 917 2388 974 Lucas
2401 932 2541 973 vero
2555 915 2787 972 addidit
2813 917 3088 986 :Compro
3096 915 3244 972 batis
3257 916 3428 985 facta
3448 922 3688 987 patrum

313 1000 480 1067 ἐστιν,
529 999 859 1074 ἀποδέχεσθε
906 1013 1071 1059 ταῦτα
1119 1011 1308 1080 τρόπον
1351 1010 1486 1072 τινὰ,
1540 1007 1629 1060 ἅτε
1681 1003 1775 1060 διὰ
1827 1013 1919 1059 τοῦ

2026 1011 2352 1061 vestrorum
2375 1007 2444 1071 ³ο,
2481 1005 2597 1062 hoc
2622 1009 2726 1071 est,
2761 1019 2832 1060 ea
2861 1003 3130 1076 quodam
3150 1005 3334 1061 modo
3365 1005 3683 1079 suscipitis,

310 1091 725 1152 κατασκευάζειν
813 1095 1004 1166 τάφους
1087 1095 1354 1172 λαμπρούς
1436 1103 1541 1157 τοῖς
1629 1097 1916 1169 φονευθεῖσι

2028 1098 2226 1164 utpote
2255 1093 2614 1150 aediﬁcando
2667 1094 2760 1149 his
2819 1092 2917 1166 qui
2950 1093 3130 1149 occisi
3185 1097 3325 1150 sunt
3368 1093 3686 1165 splendida

307 1183 647 1254 κηρύττοντες
716 1185 810 1239 τὴν
882 1183 1072 1256 τόλμαν
1141 1194 1240 1238 τῶν
1311 1189 1517 1258 φονέων,
1599 1187 1719 1262 ὅπερ
1776 1184 1914 1236 ἐστὶν

2025 1187 2445 1248 monumenta;
2479 1181 2814 1254 przedicatis
2836 1180 3152 1238 audaciam
3183 1179 3630 1240 homicidarum
3657 1197 3674 1240 :

304 1268 851 1343 ἐγκαλλωπιζομένων,
935 1278 1025 1326 καὶ
1080 1274 1184 1327 οἷον
1251 1271 1654 1347 ἀποδεχομένων
1728 1273 1911 1333 αύτήν.

2027 1269 2262 1327 idenim
2293 1270 2367 1326 de
2401 1286 2470 1326 ea
2501 1269 2882 1342 gloriantium
2923 1273 3010 1326 est
3039 1284 3291 1341 eamque
3342 1270 3685 1343 approban-

303 1355 569 1412 Ἐδοκεῖτε
616 1362 718 1434 γὰρ
773 1359 833 1412 ἂν
864 1362 931 1423 εἰς
981 1368 1139 1435 τιμὴν
1169 1372 1268 1416 τῶν
1315 1366 1648 1437 φονευθέντων
1699 1369 1912 1436 κοσμεῖν

2023 1359 2196 1416 tium.
2235 1358 2595 1420 Videremini
2615 1357 2914 1432 siquidem
2942 1356 3005 1413 in
3025 1356 3320 1417 honorem
3346 1373 3556 1416 eorum
3573 1359 3681 1434 qui

304 1452 370 1502 τὰ
427 1456 658 1522 μνημεῖα
709 1452 922 1518 τούτων,
964 1458 1054 1506 καὶ
1107 1454 1179 1516 εἰς
1228 1458 1550 1528 κατηγορίαν
1598 1461 1696 1505 τῶν
1748 1457 1911 1506 πατέ-

2021 1448 2200 1505 occisi
2246 1453 2407 1514 sunt,
2441 1463 2653 1505 ornare
2712 1451 3110 1505 monumenta
3164 1446 3462 1520 ipsorum,
3494 1451 3550 1506 et
3598 1447 3679 1507 ad

299 1556 406 1612 ρων
468 1539 611 1619 ὑμῶν
664 1541 732 1590 τὰ
785 1540 1008 1614 ῥηθέντα
1058 1541 1252 1616 λέγειν,
1295 1543 1339 1596 si
1383 1547 1454 1616 μὴ
1509 1543 1779 1616 έμιμείσθε
1815 1547 1910 1602 τὴν

2018 1537 2462 1594 accusationem
2487 1542 2729 1610 patrum
2766 1541 3098 1593 vestrorum
3126 1534 3414 1609 pradicta
3457 1535 3676 1605 facere,

299 1632 604 1701 μιαιφονίαν
649 1627 838 1684 αὐτῶν.

2016 1627 2130 1683 nisi
2168 1626 2561 1684 homicidium
2586 1641 2796 1683 eorum
2834 1624 3243 1682 imitaremini.

374 1721 476 1770 Καὶ
509 1748 579 1758 -
607 1719 769 1789 ὑμῶν.
800 1721 870 1771 Τό
913 1724 1097 1794 μέτρον
1144 1728 1240 1783 τῆς
1289 1725 1498 1783 κακίας.
1546 1720 1657 1774 Ούκ
1701 1719 1909 1774 ἐπιτάτ-

2086 1715 2254 1772 Vers.
2287 1719 2374 1773 32.
2425 1717 2504 1772 Et
2529 1745 2600 1756 —
2630 1719 2982 1772 vestrorum.
3026 1713 3356 1773 Mensuram
3407 1713 3673 1776 malitia.

295 1825 399 1857 των
443 1805 520 1878 (4)
576 1802 635 1859 δὲ
666 1813 820 1860 τοῦτο
877 1804 1030 1875 εἶπεν,
1087 1808 1214 1862 ἀλλὰ
1259 1817 1636 1883 προαναφωνῶν
1692 1813 1750 1863 τὸ
1794 1809 1909 1864 ἐσό-

2015 1808 2143 1862 Non
2173 1805 2324 1862 dixit
2349 1809 2550 1862 autem
2574 1803 2690 1861 hoc
2721 1801 3142 1877 praecipiendo,
3171 1801 3279 1860 sed
3314 1803 3482 1877 quod
3508 1802 3669 1863 futu-

293 1914 468 1966 μενον.

2012 1909 2148 1950 rum
2180 1898 2305 1951 erat
2332 1893 2735 1966 praedicendo.

365 1990 566 2056 Ὄφεις,
615 2015 685 2024 —
725 1988 969 2056 γεέννης;
1009 1987 1183 2060 Ὄφεις
1236 1990 1326 2060 μὲν
1371 1987 1561 2051 αύτούς
1604 1983 1975 2061 ὠνόμασενᾞΒ

2086 1983 2246 2040 Vers.
2277 1987 2365 2040 33.
2393 1983 2699 2053 Serpentes
2724 2012 2792 2024 —
2807 1981 3086 2054 gehennw
3113 1980 3141 2039 t
3170 1981 3483 2056 Serpentes
3501 1982 3669 2058 ipsos

294 2076 366 2136 ὡς
413 2077 674 2147 πονηρούς
719 2080 810 2127 καὶ
862 2075 1162 2140 ἐπιϐούλους
1219 2083 1307 2132 καὶ
1362 2077 1707 2151 λυμαντικούς
1735 2095 1748 2108 '
1795 2097 1903 2150 γεν-

2012 2072 2360 2139 nominavit,
2391 2077 2688 2144 tanquam
2716 2069 2964 2128 nocivos
2982 2073 3039 2129 et
3062 2069 3442 2130 insidiatores
3472 2086 3545 2130 ac
3567 2088 3669 2146 pe-

294 2167 507 2234 νήματα
580 2159 638 2216 δὲ
704 2160 952 2235 ἐχιδνῶν,
1007 2169 1076 2228 ὡς
1151 2165 1386 2228 ἐοικότας
1457 2175 1567 2230 τοῖς
1636 2169 1900 2244 πατράσιν

2011 2161 2264 2218 stiferos.
2296 2160 2610 2234 Progenies
2640 2163 2838 2217 autem
2859 2159 3225 2233 viperarum,
3266 2163 3473 2234 utpote
3503 2160 3669 2220 simi-

299 2250 470 2304 αύτῶν
507 2254 639 2305 κατὰ
664 2255 748 2305 τὸν
787 2253 860 2306 ἰὸν
900 2262 992 2318 τῆς
1037 2260 1226 2319 κακίας
1276 2262 1366 2310 καὶ
1395 2258 1531 2309 κατὰ
1570 2260 1627 2310 τὸ
1671 2261 1894 2329 φονικόν.

2008 2249 2088 2306 les
2120 2250 2386 2323 patribus
2413 2249 2540 2306 suis
2565 2248 2629 2305 in
2649 2264 2883 2306 veneno
2905 2248 3144 2306 malitias
3191 2252 3249 2307 et
3275 2249 3338 2306 in
3370 2249 3666 2310 truculen-

302 2345 607 2412 Γεννήματα
655 2339 708 2394 δε
763 2339 988 2415 ἐχιδνῶν
1072 2350 1160 2398 καὶ
1217 2347 1243 2398 6
1309 2351 1606 2407 Βαπτιστὴς
1657 2347 1898 2409 Ἰωάννης

2004 2339 2107 2396 tia.
2138 2339 2459 2410 Progenies
2477 2353 2715 2412 quoque
2730 2337 3084 2411 lviperarum
3107 2338 3435 2413 appellavit
3453 2355 3556 2398 eos
3575 2343 3662 2398 Jo-

311 2428 498 2490 αύτούς
547 2436 954 2506 προσηγόρευσεν
1011 2432 1059 2486 ἐν
1093 2443 1164 2505 τῷ
1209 2440 1368 2508 τρίτῳ
1398 2435 1677 2508 κεφαλαίῳ,
1712 2436 1755 2490 εἰ
1810 2440 1897 2489 καὶ

2005 2443 2192 2485 annos
2214 2429 2475 2500 Baptista
2504 2428 2670 2484 tertio
2710 2427 2913 2501 capite,
2942 2427 3049 2484 sed
3069 2427 3243 2500 juxta
3272 2427 3462 2486 alium
3495 2429 3663 2488 intel-

308 2517 426 2571 καθ’
480 2518 644 2592 ἑτέραν
708 2523 922 2578 ἔννοιαν.
981 2527 1166 2595 Κρίσιν
1223 2521 1282 2576 δε
1340 2529 1546 2597 γεέννης
1597 2524 1733 2597 λέγει
1799 2530 1893 2584 τὴν

2005 2517 2240 2574 lectum.
2261 2516 2566 2575 Iudicium
2587 2531 2729 2574 vero
2751 2516 3038 2590 gehennte
3059 2515 3663 2578 dicitcondemnatio—

298 2611 602 2680 κατάκρισιν
671 2615 762 2664 καὶ
833 2617 1087 2688 τιμωρίαν
1142 2623 1238 2677 τῆς
1309 2619 1528 2687 γεέννης,
1592 2618 1730 2685 ἤτοι,
1799 2620 1892 2676 τὴν

2001 2622 2140 2664 nem
2167 2611 2222 2664 et
2263 2606 2627 2681 supplicium
2658 2607 2943 2678 gehennae
2972 2606 3118 2673 sive,
3158 2606 3326 2682 quod
3365 2607 3546 2666 mittit
3595 2607 3659 2670 in

288 2702 738 2771 παραπέμπουσαν
766 2701 834 2762 εἰς
860 2705 954 2760 τήν
983 2707 1205 2774 γέενναν.

703 2721 738 2752 εν
766 2701 834 2762 εἰς
860 2705 954 2760 τὴν
983 2707 1205 2774 γέενναν.
1999 2697 2361 2768 gehennam.

357 2790 452 2840 Διὰ
502 2818 573 2829 -
620 2789 794 2847 πόλιν.
860 2793 955 2844 Διὰ
1013 2799 1184 2859 τοῦτο,
1234 2799 1414 2862 ποῖονς
1473 2796 1616 2846 Διότι
1685 2793 1890 2867 μέλλετε

2069 2787 2226 2842 Vers.
2272 2785 2360 2841 34.
2395 2787 2645 2856 Propter
2663 2813 2734 2827 —
2761 2784 3084 2843 civitatem.
3114 2814 3186 2828 —
3215 2784 3469 2858 Propter
3505 2787 3618 2847 hoc
3634 2803 3654 2861 ς

281 2873 561 2947 πληρῶσαι
591 2881 648 2930 τὸ
695 2882 880 2954 μέτρον
917 2889 1014 2942 τῆς
1071 2885 1258 2942 κακίας
1285 2891 1382 2934 τῶν
1438 2886 1670 2958 πατέρων
1721 2884 1886 2955 ὑμῶν.

2000 2879 2238 2948 propter
2265 2873 2413 2948 quid
2435 2874 2464 2929 ‘?
2485 2874 2635 2942 Quia
2655 2873 2956 2947 impleturi
2985 2873 3127 2932 estis
3155 2889 3501 2936 mensuram
3529 2893 3658 2938 ma-

281 2964 612 3018 Ἀποστέλλω
676 2963 736 3020 δὲ
793 2965 916 3037 εἷπε,
972 2967 1364 3043 παραδεικνύων
1421 2974 1479 3024 τό
1539 2970 1744 3044 ἀξίωμα
1792 2967 1888 3034 τῆς

1998 2961 2132 3020 litiae
2146 2968 2388 3036 patrum
2403 2969 2756 3021 vestrorum.
2771 2964 2940 3022 Mitto
2953 2967 3144 3022 autem
3157 2963 3317 3031 dixit,
3332 2968 3656 3026 ostendens

283 3054 550 3116 θεότητος.
610 3062 879 3131 Προφήτας
929 3054 988 3110 δὲ
1039 3064 1127 3112 καὶ
1186 3064 1376 3132 σοφούς
1423 3065 1510 3112 καὶ
1555 3067 1882 3135 γραμιιατεῖς

1993 3051 2320 3109 divinitatis
2335 3052 2702 3124 dignitatem.
2723 3052 3054 3126 Prophetas
3068 3057 3269 3111 autem
3285 3059 3344 3113 et
3355 3045 3651 3129 sapientes

275 3147 401 3204 τοὺς
457 3143 772 3206 ἀποστόλους
823 3152 953 3218 φησὶ
1009 3154 1098 3200 καὶ
1154 3154 1274 3210 τούς
1327 3148 1437 3222 μετ’
1496 3148 1716 3210 ἐκείνους
1770 3170 1883 3203 ποι-

1998 3157 2064 3197 ac
2108 3141 2338 3198 scribas
2367 3141 2512 3198 dicit
2541 3141 2868 3214 apostolos,
2913 3147 2969 3199 et
2997 3142 3102 3216 qui
3127 3158 3230 3199 eos
3275 3144 3459 3202 secuti
3515 3150 3656 3205 sunt

275 3237 439 3304 μένας
487 3239 579 3286 καὶ
629 3232 988 3298 διδασκάλους
1039 3246 1136 3290 τῶν
1203 3237 1520 3296 Ἐκκλησιῶν
1585 3241 1652 3300 ὡς
1727 3239 1892 3306 ἠξιω-⁴

1995 3235 2266 3300 pastores
2297 3246 2366 3287 ac
2405 3231 2674 3287 doctores
2727 3230 3142 3294 Ecclesiarum,
3176 3237 3379 3304 utpote
3437 3234 3653 3306 dignos

273 3326 460 3394 μένους
520 3333 845 3398 προφητικοῦ
905 3330 1242 3400 χαρίσματος
1289 3332 1376 3380 καὶ
1414 3330 1510 3388 ὡς·
1544 3327 1877 3400 [σεσοφισμέ-
1916 3350 1931 3402 (

1995 3318 2228 3376 habitos
2252 3318 2600 3392 prophetica
2621 3319 2833 3388 gratia,
2857 3323 2914 3375 et
2932 3319 3109 3392 quasi
3130 3319 3207 3376 ab
3235 3336 3306 3378 eo
3331 3321 3572 3381 edoctos
3595 3329 3653 3383 et

268 3430 393 3472 νους
443 3413 522 3483 (5)
562 3414 650 3465 ὑπ’
682 3414 841 3466 αὐτοῦ
871 3421 960 3468 καὶ
1013 3417 1100 3486 ὡς]
1153 3421 1245 3474 τὴν
1298 3422 1497 3490 Γραφὴν
1550 3414 1774 3479 εἰδότας.
1808 3421 1879 3470 T6

1995 3408 2674 3480 tanquamlScripturam
2699 3407 3110 3478 intelligentes.
3142 3409 3316 3476 Quod
3340 3415 3544 3469 autem
3565 3412 3653 3470 di.

269 3497 339 3553 δέ
367 3500 422 3563 ἐξ
446 3502 612 3554 αὐτῶν
653 3500 826 3573 δηλοῖ,
859 3505 938 3556 δτι
977 3505 1035 3556 οὐ
1082 3508 1274 3567 πάντας
1321 3504 1708 3571 ἀποκτενοῦσιν,
1754 3501 1879 3558 οὐδὲ
1986 3497 2158 3566 citur,
2190 3512 2261 3554 ea:
2287 3497 2434 3560 illis,
2468 3495 2765 3568 signiﬁcat
2792 3496 2959 3570 quod
2988 3511 3112 3554 non
3141 3512 3354 3555 omnes
3395 3500 3650 3562 occisuri

261 3592 473 3653 πάντας
495 3599 950 3665 μαστιγώσουσιν.

1983 3589 2172 3650 erant,
2206 3601 2401 3658 neque
2430 3599 2643 3642 omnes
2667 3583 3043 3656 ﬂagellaturi.

343 3679 522 3744 Ὀπως
549 3713 618 3723 -
646 3691 713 3754 γῆ
727 3703 764 3744 ς.
800 3680 942 3755 Αἷμα
984 3687 1086 3736 νόει
1129 3688 1224 3743 τὴν
1275 3681 1566 3744 καταδίκην
1594 3691 1685 3738 τοῦ
1717 3686 1877 3759 αἷμα-

2052 3675 2216 3732 Vers.
2240 3679 2332 3733 35.
2369 3675 2527 3733 Ut—
2552 3678 2799 3732 terram.
2819 3674 3196 3750 Sanguinem,
3221 3674 3481 3749 intellige
3509 3692 3649 3738 san-

253 3790 373 3840 τος,
402 3774 522 3830 ἤτοι
545 3779 638 3823 τοῦ
669 3775 842 3844 φόνου.
886 3771 1062 3836 Ὅπως
1114 3773 1255 3848 ἔλθῃ,
1303 3779 1480 3848 φησὶν,
1514 3774 1588 3848 ἐφ’
1619 3777 1754 3849 ὑμᾶς
1784 3796 1876 3829 κα-

1989 3764 2179 3837 guinis
2217 3765 2341 3822 sive
2371 3763 2552 3822 caedis
2589 3763 3174 3823 condemnationem.
3211 3767 3280 3824 Ut
3301 3767 3523 3840 veniat,
3559 3766 3647 3826 in-

254 3855 462 3919 τάδίκη
503 3864 696 3922 παντὸς
733 3863 949 3934 αἵματος
1003 3860 1212 3916 δικαίου
1265 3863 1613 3938 ἐκχυνομένου
1665 3864 1749 3919 ἐπὶ
1777 3875 1875 3929 τῆς

1989 3855 2125 3928 quit,
2155 3869 2337 3928 super
2372 3870 2482 3912 vos
2523 3853 2950 3912 condemnatio
2979 3854 3301 3928 cujuslibet
3341 3856 3486 3931 justi
3511 3871 3647 3917 san-

253 3957 404 4021 γῆς’
441 3951 466 4001 6
525 3947 584 4002 δε
645 3956 854 4012 Λουκᾶς
924 3947 1078 4020 εἶπεν,
1163 3954 1243 4005 ὅτι
1303 3953 1415 4006 Ἰνα
1487 3953 1750 4028 ἐκζητηθῇ
1811 3959 1870 4008 τὸ

1987 3945 2173 4016 guinis
2199 3945 2304 4018 qui
2325 3944 2552 4001 effusus
2583 3947 2672 4001 est
2695 3960 2877 4018 super
2905 3948 3144 4002 terram.
3206 3947 3395 4006 Lucas
3441 3951 3645 4007 autem

253 4040 401 4110 αἷμα
460 4041 664 4092 πάντων
735 4048 834 4092 τῶν
885 4049 1182 4114 προφητῶν,
1238 4045 1296 4094 τὸ
1355 4041 1694 4118 ἐκχυνόμενον
1768 4043 1869 4098 ἀπὸ

1983 4034 2126 4091 dixit
2142 4051 2154 4090 :
2173 4036 2242 4093 Ut
2254 4035 2603 4107 exquiratur
2611 4037 2855 4106 sanguis
2866 4036 3126 4093 omnium
3143 4035 3554 4109 praphetarum
3569 4038 3641 4107 “,

250 4127 561 4189 καταϐολῆς
623 4133 843 4201 κόσμου,
901 4129 1001 4182 ἀπὸ
1065 4137 1160 4190 τῆς
1213 4137 1390 4202 γενεᾶς
1433 4136 1648 4197 ταύτης.
1705 4132 1871 4188 Διδά-

1985 4123 2082 4196 qui
2112 4123 2337 4181 effusus
2359 4129 2447 4180 est
2467 4124 2936 4181 aconstitutione
2967 4123 3180 4182 mundi
3202 4141 3240 4184 a
3263 4126 3643 4198 generatione

255 4235 380 4270 σκει
452 4213 512 4270 δέ
569 4237 620 4270 τι
678 4217 888 4293 φοϐερόν
944 4221 969 4270 ό
1020 4219 1193 4290 λόγος,
1243 4221 1322 4271 ὅτι
1369 4223 1394 4272 6
1460 4229 1726 4293 γινώσκων
1777 4227 1868 4288 τὰς

1981 4212 2106 4269 ista.
2139 4213 2321 4269 Docet
2337 4217 2539 4269 autem
2561 4212 2854 4285 quiddam
2879 4213 3258 4271 tremendum
3281 4231 3478 4274 sermo
3505 4216 3639 4276 iste.

250 4315 364 4359 τῶν
414 4306 921 4379 πεπλημμεληκότων
973 4313 1247 4382 τιμωρίας,
1307 4309 1432 4380 [καὶ
1489 4311 1566 4382 (6)
1629 4315 1868 4389 μιμησά.

1981 4300 2085 4366 Qui
2115 4300 2267 4356 enim
2289 4305 2673 4372 peccatorum
2703 4300 2870 4356 novit
2900 4316 3134 4373 pmnas,
3166 4305 3223 4358 et
3251 4303 3639 4362 nihilominus

249 4414 408 4468 μενος
463 4395 670 4461 αύτούς,
728 4399 910 4468 ἔνοχός
961 4395 1102 4449 ἐστιν
1140 4396 1496 4456 ἀπαιτηθῆναι
1534 4388 1736 4453 πάντων
1779 4405 1868 4464 τὰς

1981 4405 2076 4445 eos
2114 4389 2401 4455 imitatur,
2426 4403 2565 4444 reus
2598 4392 2689 4445 est
2710 4393 2775 4445 ut
2803 4388 2882 4445 ab
2923 4403 2996 4446 eo
3026 4390 3342 4461 exigantur
3362 4392 3639 4453 omnium

249 4484 871 4558 τιμωρίας,]τουτέστι,
932 4481 1117 4538 δοῦναι
1174 4485 1248 4558 ἐφ’
1307 4486 1508 4559 ἑκάστῳ
1566 4485 1742 4557 δίκην,
1798 4493 1868 4554 ὡς

1982 4476 2296 4550 supplicia,
2323 4477 2438 4533 hoc
2465 4481 2557 4533 est
2581 4491 2693 4549 pro
2724 4491 3091 4549 unoquoque
3121 4491 3368 4550 pmnam
3386 4478 3532 4546 luat,
3563 4496 3636 4542 eo

247 4577 326 4645 μὴ
389 4575 764 4645 σωφρονισθεὶς
815 4581 922 4636 τοῖς
973 4571 1400 4648 παραδείγμασι.
1456 4581 1555 4629 Καὶ
1603 4576 1657 4641 ἐξ
1698 4577 1866 4631 αὐτῶν

1980 4565 2140 4638 quod
2170 4565 2444 4639 exemplo
2476 4566 2604 4637 ejus
2627 4580 2757 4622 sese
2782 4579 2906 4622 non
2933 4564 3342 4624 refrenaverit.
3378 4569 3448 4625 Et
3476 4583 3548 4626 ex
3573 4569 3638 4629 il-

249 4661 604 4732 ἇιποκτενείτε,
709 4667 887 4734 φησὶν,
991 4665 1130 4726 ὅπως
1228 4663 1551 4724 ἀπαιτηθῆτε
1649 4667 1907 4754 κόλασιν]

1981 4655 2044 4711 iis
2070 4654 2371 4721 occidetis,
2401 4654 2614 4728 inquit,
2650 4659 2712 4711 ut
2741 4657 3050 4727 expetatur
3087 4670 3124 4713 a
3162 4653 3336 4712 vobis
3365 4655 3511 4716 ultio
3537 4675 3639 4716 cu-

249 4754 446 4811 παντός
504 4756 657 4823 φόνου
717 4752 1197 4828 προτετολμημένου
1265 4756 1402 4806 κατὰ
1451 4763 1550 4807 τῶν
1619 4752 1859 4812 δικαίων.
1896 4743 1907 4754 ⁸

1977 4744 2210 4816 iuslibet
2238 4744 2445 4815 cmdis,
2475 4759 2613 4818 quia
2643 4743 2811 4818 prius
2840 4749 3051 4802 contra
3068 4744 3267 4817 justos
3284 4745 3478 4806 fuerat
3505 4764 3635 4825 per-

251 4838 529 4893 Ἧκουσαν
579 4843 701 4914 γὰρ,
761 4842 841 4892 ὅτι
893 4842 919 4892 6
967 4843 1057 4913 μὲν
1119 4843 1250 4896 Κάϊν
1308 4841 1436 4895 ἐπτὰ
1489 4854 1751 4919 τιμωριῶν
1800 4844 1860 4906 ἦν

1975 4838 2218 4906 petrata.
2251 4833 2580 4891 Audierant
2605 4833 2755 4891 enim
2783 4832 2949 4906 quod
2977 4834 3122 4892 Cain
3143 4838 3374 4910 septem
3405 4837 3633 4913 suppli-

252 4929 403 4992 ἄξιος
430 4946 442 4957 -
476 4930 502 4981 ὁ
536 4925 595 4982 δξ
650 4931 839 5003 Λάμεχ
870 4925 1312 5000 ἑϐδομηκοντάκις
1343 4931 1490 4995 ima,
1547 4930 1642 4987 διὰ
1678 4939 1734 4988 τὸ
1784 4941 1858 5010 μὴ
1968 4922 2808 4996 ciisdignusfuerat;Lamech
2825 4937 2964 4980 vero
2985 4925 3634 5001 septuagintaseptem.

256 5019 684 5092 σωφρονισθῆναι
735 5026 806 5088 τῷ
852 5014 1269 5090 παραδείγματι,
1328 5023 1398 5072 Τό
1449 5017 1508 5074 δὲ
1557 5023 1714 5091 ὅπως,
1767 5031 1858 5078 καὶ

1973 5026 2038 5068 eo
2067 5012 2230 5085 quod
2269 5027 2397 5068 sese
2428 5027 2545 5068 non
2582 5010 2938 5069 refrenasset
2968 5012 3262 5086 exemplo.
3305 5014 3631 5076 chtionem

254 5109 314 5157 τό
358 5108 461 5176 ἶνα,
493 5106 590 5157 ούκ
639 5106 963 5178 αἰτιολογικὰ
1008 5113 1096 5164 νῦν
1144 5113 1272 5180 φασί
1316 5128 1467 5177 τινες,
1507 5109 1634 5163 ἀλλὰ
1691 5110 1860 5172 δηλω-

1971 5106 2171 5158 autem
2192 5103 2352 5171 ὅπως,
2397 5104 2480 5172 ut,
2506 5101 2674 5157 aiunt
2697 5100 2949 5174 quidam
2983 5115 3102 5159 non
3128 5102 3265 5177 capi
3289 5104 3629 5177 causaliter.

255 5195 380 5246 τικὰ
407 5202 500 5247 τοῦ
531 5194 816 5268 μέλλοντος.

1966 5188 2068 5246 sed
2089 5193 2150 5246 ut
2188 5188 2490 5260 signiﬁcet
2510 5189 2572 5246 id
2601 5189 2766 5262 quod
2793 5189 3059 5246 futurum
3073 5193 3182 5249 est.

326 5283 459 5337 ’Δπό
514 5315 586 5328 -
643 5286 1049 5358 θυσιαστηρίου.
1111 5285 1374 5360 Εύκαίρως
1423 5294 1517 5342 τοῦ
1579 5288 1736 5345 Ἀϐελ
1807 5279 1900 5346 ἐ-’

2035 5299 2194 5354 Vers.
2229 5301 2296 5355 35
2334 5297 2386 5353 Α
2421 5297 2729 5355 —altare.
2782 5295 3124 5369 Opportune
3164 5297 3313 5357 Abel
3340 5299 3625 5374 meminit,

255 5376 600 5449 μνημόνευσε,
650 5370 918 5442 δεικνύων,
978 5375 1060 5428 ὅτι
1107 5379 1196 5429 καὶ
1243 5377 1270 5429 6
1327 5375 1518 5431 έκείνοῦ
1567 5382 1710 5453 φόνος
1763 5377 1859 5440 διὰ

1971 5385 2286 5445 ostendens
2297 5385 2466 5460 quod
2490 5385 2671 5447 etiam
2683 5384 2882 5444 cades
2896 5383 3051 5448 illius
3065 5400 3183 5464 peri
3198 5386 3481 5462 invidiam

325 5553 373 5589 ³ο
411 5553 553 5612 Luc.
584 5569 666 5611 x1.
696 5554 786 5610 48.
867 5554 910 5590 ³¹
935 5553 1072 5610 Luc.
1100 5569 1180 5622 χι,
1215 5559 1302 5612 50.

1450 5681 1668 5753 Variae
1715 5684 2045 5771 lectiones
2077 5695 2146 5758 et
2190 5696 2370 5759 notae

345 5822 377 5875 4
439 5819 557 5874 Ἐπὶ
583 5821 806 5888 πάντων,
839 5834 948 5892 pro
974 5819 1276 5890 ἐπιτάττων,
1310 5826 1375 5878 Α.

322 5820 401 5965 is;
429 5890 661 5951 Inclusa
685 5893 994 5952 absuntsA.
1795 5943 1802 5948 .

1053 5822 1276 5890 τάττων,
1310 5826 1375 5878 Α.
2028 5830 2106 5908 (6)
2137 5829 2373 5929 Inclusa
2400 5831 2616 5895 absunt
2638 5833 2711 5896 Δ.

350 5890 401 5952 5)
429 5890 661 5951 Inclusa
685 5890 994 5952 absunt-A.
1795 5943 1802 5948 ,
2033 5890 2049 5906 “
2085 5890 2101 5908 ⁸
2275 5935 2282 5941 .
2340 5890 2348 5929 ῖ
