4198 6478
324 427 423 484 601

322 550 389 605 Εἰ
429 551 533 626 γὰρ
580 553 672 605 καὶ
717 552 861 623 ὤφθη
906 554 1018 605 τισὶ
1059 552 1191 623 μετά
1234 555 1328 611 τὴν
1367 551 1673 624 ἀνάστασιν,
1709 552 1816 608 ἀλλ’
1860 552 1919 607 οὐ
1952 549 1998 605 Α

324 647 435 705 τοῖς
491 638 737 701 ἀπίστοις
784 637 1080 705 Ἰουδαίοις.
1127 646 1195 695 Τὸ
1248 638 1307 695 δι
1355 642 1707 716 Εὐλογημένος
1753 644 1778 695 ὁ
1839 643 1924 716 έρ-

323 735 554 804 χόμενος
611 728 658 782 έν
736 730 845 801 (10)
912 729 1125 803 ὀνόματι
1193 736 1408 808 Κυρίου,
1479 728 1759 785 Δαυῑδικόν
1833 737 1923 806 μέν

324 819 493 886 ἐστιν,
545 819 841 893 ἡρμηνεῦθη
898 816 957 873 δὲ
1003 822 1051 874 ἑν
1107 828 1179 893 τῷ
1236 830 1642 899 τεσσαρακοστῷ
1708 826 1922 898 πέμπτῳ

322 907 607 985 κεφαλαίῳ.

400 1089 502 1140 Καὶ
545 1114 617 1129 -
648 1086 805 1161 ἱεροῦ.
847 1085 1207 1156 Ἀκούσαντες,
1246 1090 1328 1141 ὅτι
1379 1086 1516 1144 Ἰδοὺ
1560 1089 1761 1164 ἀφίεται
1804 1092 1924 1163 ὑμῖν

331 1177 357 1229 ὁ
388 1172 523 1237 οἶκος
555 1174 699 1247 ὑμῶν
725 1174 838 1247 (ll)
882 1178 1091 1250 ἕρημος,
1125 1176 1446 1250 ἐθαύμασαν,
1475 1180 1519 1233 εἰ
1547 1188 1779 1243 τοιοῦτος
1808 1183 1925 1241 ναὸς

330 1264 745 1339 ἐρημωθήσεται’
781 1259 865 1317 διὸ
899 1269 989 1319 καὶ
1013 1266 1308 1337 προσῆλθον
1347 1264 1604 1336 ἕπιδείξαι
1647 1270 1787 1341 αὐτῷ
1830 1273 1923 1333 τὰς

329 1349 612 1427 οἰκοδομὰς
641 1360 734 1409 τοῦ
767 1355 925 1431 ἱεροῦ,
952 1356 1022 1421 ὡς
1045 1357 1372 1433 θαυμαστάς.

398 1530 456 1585 Ὀ
507 1528 566 1586 δι
625 1530 831 1595 Ἰησοῦς
892 1563 958 1573 -
1019 1533 1458 1595 καταλυθήσεται.
1518 1537 1717 1611 Ἐρωτᾷ
1774 1544 1921 1611 πρῶ-

328 1640 415 1675 τον
461 1621 663 1683 αὐτούς’
708 1622 784 1675 Οὐ
830 1620 1042 1695 βλέπετε
1085 1631 1250 1678 ταῦτα
1286 1627 1453 1679 πάντα
1498 1629 1565 1679 τὰ
1607 1629 1919 1700 θαυμαστά;

329 1706 441 1766 εἶτα
503 1718 857 1785 προαναφωνεί
921 1716 1007 1765 τὸν
1069 1713 1272 1789 ὄλεθρον
1343 1716 1531 1782 αὐτῶν,
1599 1720 1689 1769 καὶ
1750 1716 1923 1770 οὐκέτι

327 1800 506 1853 λοιπὸν
563 1805 679 1875 περὶ
725 1800 1055 1876 έρημώσεως,
1106 1800 1233 1856 ἀλλά
1290 1809 1405 1880 περὶ
1460 1805 1732 1867 παντελοῦς
1793 1804 1920 1878 ἀφα-

327 1897 518 1963 νισμοῦ
574 1893 905 1966 προφητεύει.
960 1893 1174 1966 Μάρκος
1226 1889 1286 1946 δέ
1335 1914 1514 1967 φησιν,
1559 1896 1635 1948 ὅτι
1694 1900 1794 1949 Καὶ
1844 1894 1921 1947 έκ-
1952 1906 2011 1963 B'

327 1983 673 2054 πορευομένου
738 1979 897 2033 αὑτοῦ
958 1978 1013 2033 ἐκ
1071 1989 1162 2034 τοῦ
1231 1984 1385 2057 ἱεροῦ,
1451 1984 1586 2055 λέγει
1644 1983 1786 2055 αὐτῷ
1853 1984 1924 2045 εἷς

328 2076 429 2121 τῶν
487 2070 733 2141 μαθητῶν
782 2068 963 2125 αὐτοῦ.
997 2066 1308 2139 Διδάσκαλε,
1367 2068 1471 2141 ἴδε,
1527 2078 1753 2127 ποταποὶ
1790 2073 1926 2128 λίθοι

332 2161 423 2209 καὶ
474 2161 705 2210 ποταπαὶ
764 2154 1065 2230 οἰκοδομαί.
1133 2158 1190 2211 Ὀ
1231 2156 1290 2214 δι
1353 2160 1559 2223 Ἰησοῦς
1627 2160 1926 2237 ἀποκριθεὶς

337 2242 471 2298 εἶπεν
526 2245 681 2317 αὐτῷ’
750 2246 952 2310 Βλέπεις
1009 2250 1202 2311 ταύτας
1266 2252 1359 2312 τὰς
1423 2251 1650 2323 μεγάλας
1708 2248 1927 2305 αἰκοδο-

340 2335 482 2407 μάς;
530 2334 604 2388 Οὐ
655 2339 724 2407 μὴ
777 2337 933 2411 ἀφεθῇ
984 2336 1125 2401 λίθος
1187 2337 1269 2392 ἐπὶ
1317 2340 1444 2412 λίθῳ
1491 2342 1547 2403 ὃς
1596 2341 1654 2394 οὐ
1707 2346 1777 2413 μὴ
1837 2360 1927 2393 κα-

340 2424 555 2496 ταλυθῇ.
603 2430 645 2477 Ο
702 2420 759 2476 δὲ
806 2431 1011 2489 Λουκᾶς
1057 2427 1298 2501 ἔγραψεν,
1348 2431 1427 2482 ὅτι
1482 2435 1582 2484 Καί
1637 2450 1786 2483 τινων
1841 2430 1927 2485 λε-

337 2516 528 2584 γὸντων
583 2518 697 2587 περὶ
743 2522 834 2568 τοῦ
904 2518 1039 2589 ἱεροῦ
1103 2518 1184 2570 ὃτι
1213 2517 1372 2580 λίθοις
1436 2518 1610 2582 καλοῖς
1662 2525 1751 2573 καὶ
1799 2519 1928 2573 ἀνα-

334 2603 536 2675 θήμασι
625 2607 968 2677 κεκόσμηται,
1068 2603 1193 2659 εἶπε·
1272 2615 1466 2675 Ταῦτα,
1552 2610 1586 2661 οἱ
1675 2612 1924 2684 θεωρεῖτε,

331 2689 625 2745 ἐλεύσονται
686 2695 895 2768 ἡμέραι,
983 2693 1031 2746 έν
1115 2695 1197 2758 αἷς
1256 2696 1350 2749 οῦκ
1411 2697 1723 2771 ἀφεθήσεται
1792 2699 1930 2761 λίθος

331 2782 415 2835 επὶ
461 2780 588 2854 λίθῳ
636 2783 690 2844 ὃς
738 2782 797 2836 οὐ
846 2782 1283 2843 καταλυθήσεται.
1339 2792 1439 2840 Καὶ
1484 2790 1585 2863 γὰρ
1631 2789 1927 2862 προσῆλθον

329 2872 421 2943 μεν
478 2872 527 2924 οἱ
564 2873 799 2944 μαθηταὶ
850 2873 1038 2937 πάντες
1087 2872 1344 2939 ἐπιδεῖξαι
1390 2876 1532 2948 αὐτῷ
1578 2881 1666 2939 τὰς
1717 2876 1927 2933 οἰκοδο-

330 2961 453 3031 μάς’
516 2969 666 3013 τινῶν
719 2957 779 3014 δι
844 2960 897 3026 ἐξ
954 2962 1119 3016 αὐτῶν
1176 2963 1419 3036 λεγόντων
1468 2971 1585 3041 περὶ
1637 2976 1728 3021 τοῦ
1789 2970 1927 3042 ἱεροῦ

330 3048 449 3102 καθ’
498 3048 733 3114 ἑαυτοὺς,
793 3051 873 3104 ὃτι
928 3051 1093 3116 λίθοις
1141 3053 1317 3115 καλοῖς
1368 3060 1457 3108 καὶ
1505 3054 1808 3129 ἀναθήμασι
1849 3077 1929 3111 κε-

330 3142 617 3211 κόσμηται,
673 3139 740 3200 εἷς
788 3147 886 3192 τῶν
929 3142 1176 3213 μαθητῶν
1221 3140 1328 3196 εἷπε
1362 3152 1433 3214 τῷ
1481 3150 1715 3219 Χρίστῷ,
1770 3143 1929 3200 Διδά-

333 3226 511 3322 σκαλε,
571 3224 670 3300 ῖδε,
733 3234 959 3322 ποταποὶ
1008 3230 1144 3285 λίθοι
1196 3236 1285 3285 καὶ
1341 3239 1574 3287 ποταπαὶ
1627 3232 1925 3308 οἱκοδομαι·
1965 3264 2005 3322 C

332 3318 359 3369 ὁ
409 3312 468 3370 δι
515 3322 604 3370 καὶ
651 3320 777 3393 πρὸς
820 3318 972 3373 αὐτὸν
1018 3325 1107 3374 καὶ
1158 3325 1288 3397 πρὸς
1342 3327 1462 3387 τοὺς
1506 3322 1691 3387 ἄλλους
1734 3326 1931 3386 πάντας

360 3402 382 3419 ν
539 3405 558 3419 .
614 3402 636 3419 ν

335 3402 487 3470 εἶπεν,
522 3405 558 3458 οἷ
588 3402 714 3462 εἶπε.

408 3498 639 3566 Λέγουσι
691 3492 751 3550 δέ
807 3516 951 3564 τινες,
1008 3500 1088 3552 ὅτι
1139 3505 1228 3553 καὶ
1284 3504 1386 3571 μὴν
1437 3503 1484 3555 ἰν
1537 3522 1649 3555 τισι
1700 3502 1927 3577 μέρεσιν,

337 3580 521 3655 ἀφείθη
569 3584 707 3646 λίθος
764 3584 847 3639 ἐπὶ
914 3587 1061 3660 λίθῳ,
1108 3588 1159 3651 ὃς
1220 3594 1279 3643 οὐ
1323 3591 1598 3651 κατελύθη.
1662 3596 1794 3667 Πρὸς
1849 3592 1933 3653 οὖς

337 3670 681 3746 ἀντιλέγομεν,
714 3676 794 3728 ὅτι
838 3678 900 3730 τὰ
943 3674 1310 3751 ἕπεδειχθέντα
1358 3682 1545 3747 πάντα,
1588 3684 1654 3735 τὰ
1684 3680 1932 3746 ἀξιοθαύ-

336 3781 519 3835 μαστα
580 3766 746 3837 μέχρι
794 3766 1033 3839 θεμελίων
1090 3768 1446 3829 κατελύθησαν
1511 3773 1646 3824 κατὰ
1690 3776 1785 3831 τὴν
1851 3768 1935 3825 δε-

341 3855 597 3911 σποτικὴν
643 3850 924 3927 ἀπόφασιν,
984 3855 1113 3911 ἀλλά
1141 3864 1250 3925 καὶ,
1310 3864 1355 3914 εἰ
1382 3880 1433 3914 τι
1475 3860 1708 3933 λείψανον
1747 3860 1930 3936 ἀφείθη

334 3943 481 4015 παρὰ
523 3941 801 4015 Ῥωμαίων,
869 3951 958 4000 καὶ
1020 3956 1171 4001 τοῦτο
1230 3952 1373 4025 παρὰ
1436 3958 1536 4004 τῶν
1576 3951 1787 4027 ὕστερον
1844 3973 1934 4006 κα-

336 4030 600 4102 ταλύεται,
625 4034 756 4107 πρὸς
790 4032 1070 4109 οἰκοδομὰς
1090 4036 1265 4112 ἑτέρας
1288 4045 1692 4115 μεταφερόμενον
1724 4042 1858 4116 (l2).

682 4222 827 4273 ΚΕΦ.
853 4215 973 4271 NZ'.
1006 4221 1129 4290 Περὶ
1160 4226 1254 4280 τῆς
1281 4218 1591 4283 συντελείας.

412 4304 714 4377 Καθημένου
771 4336 840 4348 -
903 4306 1123 4372 αἰῶνοςς
1191 4306 1249 4360 Ὀ
1298 4304 1357 4362 δι
1405 4312 1613 4384 Μάρκος
1682 4307 1788 4365 εἶπε
1844 4316 1933 4364 καὶ

336 4395 403 4445 τὰ
458 4392 689 4467 ὀνόματα
737 4403 836 4448 τῶν
885 4396 1271 4471 ἑρωτησάντων,
1326 4400 1407 4451 ὅτι
1456 4404 1648 4475 Πέτρος
1689 4405 1778 4453 καὶ
1828 4400 1935 4455 Ἰά-

338 4481 503 4545 κωϐος
550 4487 640 4537 καὶ
709 4485 947 4548 Ἰωάννης
1008 4490 1096 4539 καὶ
1156 4483 1424 4560 Ἀνδρέας.
1490 4489 1790 4562 Προσῆλθον
1847 4493 1935 4562 μεν

1271 427 1647 487 COMMENT.
1697 429 1766 484 IN
1806 423 2256 483 MATTHIEUM.
2300 457 2363 467 —
2408 427 2568 485 CAP.
2616 428 2817 487 XXIV.

3574 423 3681 479 602

2033 551 2219 609 sionis
2243 556 2474 625 tempus
2507 571 2521 610 :
2554 558 2689 627 post
2744 552 2911 629 quod
2941 552 3201 625 amplius
3238 565 3362 607 non
3410 549 3682 607 viderunt

2033 658 2191 699 eum.
2221 644 2568 717 Quanquam
2615 643 2773 700 enim
2803 642 2966 698 visus
2996 647 3084 698 est
3132 640 3495 714 quibusdam
3548 641 3682 711 post

2030 732 2542 801 resurrectionem,
2574 739 2637 789 at
2656 748 2773 789 non
2792 731 3130 789 inﬁdelibus
3145 730 3379 786 Iudaeis.
3404 728 3574 795 Quod
3590 744 3681 785 ve-

2031 835 2095 877 ro
2122 820 2361 878 additur
2389 838 2401 880 :
2436 822 2772 879 Benedictus
2802 823 2905 894 qui
2929 822 3087 879 venit
3112 820 3174 876 in
3224 820 3457 875 nomine
3492 817 3683 874 Domi-

2033 911 2117 979 ni,
2170 911 2516 966 Davidicum
2547 916 2653 977 est,
2696 914 2753 967 et
2807 911 2937 981 ejus
2992 911 3129 967 data
3167 914 3257 965 est
3284 907 3681 982 interpretatio

2033 999 2501 1074 quadragesimo
2538 1000 2750 1074 quinto
2779 1000 2997 1071 capite.

2106 1092 2243 1162 Cap.
2278 1090 2472 1146 XXIV.
2509 1091 2673 1147 Vers.
2728 1091 2778 1144 1.
2820 1090 2895 1145 Et
2920 1118 2989 1131 —
3033 1085 3253 1157 templi.
3288 1085 3437 1142 Cum
3488 1085 3684 1141 audis-

2032 1184 2162 1237 sent
2191 1195 2205 1236 :
2234 1181 2385 1237 Ecce
2405 1180 2768 1252 relinquitur
2790 1178 2941 1236 vobis
2969 1178 3179 1234 domus
3204 1182 3394 1233 vestra
3424 1176 3681 1244 deserta,

2032 1269 2488 1326 admirabantur
2512 1270 2561 1325 si
2591 1268 2700 1326 tale
2742 1267 3028 1339 templum
3054 1265 3448 1323 desolandum
3479 1268 3634 1321 esset
3665 1279 3679 1320 :

2031 1362 2087 1417 et
2110 1359 2244 1416 ideo
2267 1363 2638 1415 accesserunt
2655 1362 2721 1414 ut
2732 1356 3109 1415 ostenderent
3128 1356 3183 1413 ei
3199 1358 3522 1412 structuras
3537 1358 3684 1411 tem-

2031 1448 2109 1523 pli
2139 1454 2416 1522 tanquam
2437 1448 2847 1506 admirandas.

2102 1539 2269 1596 Vers.
2305 1543 2356 1595 2.
2389 1540 2552 1596 Jesus
2568 1545 2761 1595 autem
2789 1568 2858 1578 —
2881 1535 3183 1593 diruatur.
3220 1534 3545 1603 Interrogat
3565 1532 3680 1605 pri-

2031 1644 2200 1684 mum
2226 1643 2329 1683 eos
2357 1646 2374 1699 ;
2404 1630 2567 1685 Nunc
2595 1627 2725 1683 hmo
2762 1624 2964 1682 omnia
2994 1624 3205 1681 videtis
3238 1626 3359 1679 tam
3386 1621 3685 1679 admiran-

2031 1717 2111 1774 da
2134 1718 2161 1773 ‘I
2198 1716 2417 1773 Deinde
2443 1715 2708 1788 prmdicit
2753 1730 2962 1771 eorum
3016 1712 3441 1786 perditionem:
3474 1717 3531 1766 et
3557 1710 3685 1781 jam

2031 1822 2154 1863 non
2192 1805 2453 1879 amplius
2480 1806 2555 1861 de
2585 1804 2963 1869 desolatione,
2984 1803 3089 1858 sed
3115 1802 3184 1858 de
3209 1800 3560 1858 omnimoda
3590 1801 3686 1856 de.

2033 1895 2336 1953 molitione
2362 1895 2689 1967 prophetat.
2723 1896 2951 1949 Marcus
2997 1897 3197 1948 autem
3220 1891 3401 1947 dicit:
3427 1891 3503 1947 Et
3535 1903 3687 1961 egre-

2032 1987 2222 2043 diente
2245 2000 2306 2041 eo
2334 1985 2402 2041 de
2431 1985 2647 2054 tempto
2667 1984 2812 2039 dicit
2830 1984 2884 2039 ei
2924 1997 3075 2037 unus
3094 1981 3514 2051 discipulorum
3563 1994 3687 2037 suo-

2032 2091 2164 2132 rum
2197 2094 2210 2134 :
2242 2075 2580 2145 Praceptor,
2605 2073 2735 2130 vide
2754 2072 2957 2144 quales
2979 2071 3226 2141 lapides,
3260 2075 3313 2127 et
3329 2068 3518 2141 quales
3534 2073 3685 2125 stru-

2034 2172 2236 2222 cturae.
2267 2164 2424 2219 Iesus
2454 2168 2646 2219 autem
2669 2162 3026 2232 respondens
3074 2161 3157 2218 ait
3179 2161 3277 2216 illi
3305 2176 3317 2215 :
3359 2159 3521 2215 Vides
3566 2172 3688 2215 ma-

2008 2269 2174 2327 ~gnas
2231 2253 2338 2309 has
2366 2251 2830 2309 substructiones
2868 2250 2897 2305 ‘i
2940 2251 3075 2305 Non
3120 2249 3484 2320 relinquetur
3536 2246 3687 2315 lapis

2033 2357 2204 2415 super
2226 2342 2480 2411 lapidem
2508 2340 2614 2412 qui
2634 2356 2746 2397 non
2768 2338 3054 2395 diruatur
3073 2338 3139 2392 ³³.
3169 2338 3356 2393 Lucas
3385 2350 3521 2392 vero
3549 2334 3686 2391 scri-

2034 2433 2154 2506 psit
2187 2449 2201 2488 :
2232 2433 2308 2488 Et
2332 2431 2663 2504 quibusdam
2685 2428 3001 2486 dicentibus
3030 2428 3101 2485 de
3124 2429 3355 2498 templo,
3387 2425 3539 2497 quod
3554 2425 3689 2495 pul-

2035 2522 2195 2580 chris
2238 2520 2526 2591 lapidibus
2555 2526 2608 2577 et
2633 2520 2798 2576 donis
2837 2525 3118 2575 ornatum
3161 2522 3325 2582 esset,
3354 2515 3510 2572 dixit
3540 2531 3557 2569 :
3590 2515 3687 2570 Ea:

2037 2613 2128 2670 his
2155 2626 2284 2684 qua:
2308 2610 2515 2668 videtis
2545 2610 2776 2667 venient
2804 2608 2922 2664 dies
2946 2607 3186 2681 quando
3214 2621 3331 2663 non
3371 2605 3690 2677 reliquetur

2039 2701 2190 2773 lapis
2206 2716 2383 2771 super
2414 2699 2671 2769 lapidem
2693 2700 2799 2771 qui
2825 2713 2945 2754 non
2971 2697 3249 2753 diruatur
3276 2700 3343 2750 ³³.
3377 2693 3689 2766 Siquidem

2035 2796 2411 2849 accesserunt
2457 2787 2738 2861 discipuli
2803 2803 3038 2853 omnes,
3089 2790 3151 2843 ut
3205 2783 3585 2842 ostenderent
3639 2782 3692 2839 ei

2037 2885 2399 2938 structuras:
2441 2878 2812 2953 quibusdam
2844 2882 3042 2935 autem
3073 2875 3401 2933 dicentibus
3421 2874 3585 2947 apud
3604 2888 3692 2930 se-

2037 2987 2103 3028 se
2132 2970 2206 3027 de
2236 2970 2473 3043 templo,
2503 2969 2669 3043 quod
2699 2967 2962 3041 pulchris
2981 2966 3283 3039 lapidibus
3308 2965 3387 3022 ad
3403 2964 3577 3021 donis
3602 2976 3694 3019 or-

2035 3064 2247 3117 natum
2277 3062 2454 3129 esset,
2476 3074 2631 3115 unus
2661 3056 3093 3130 discipulorum
3120 3056 3200 3112 ait
3230 3054 3459 3111 Christo
3493 3072 3507 3113 :
3533 3054 3690 3111 Prce-

2038 3156 2249 3221 ceptor,
2273 3148 2405 3206 vide
2431 3148 2630 3220 quales
2662 3146 2886 3215 lapides
2930 3150 2983 3202 et
3029 3146 3229 3216 quales
3253 3149 3578 3200 structum.
3623 3143 3694 3198 At

2039 3238 2130 3294 ille
2157 3237 2334 3295 etiam
2364 3236 2439 3293 ad
2468 3242 2715 3293 caeteros
2740 3249 2953 3291 omnes
2978 3233 3123 3291 dixit
3148 3248 3221 3289 ea
3267 3248 3403 3306 quas
3449 3245 3693 3305 respon-

2037 3326 2142 3383 dit.

2110 3504 2286 3561 Aiunt
2314 3506 2514 3561 autem
2543 3499 2792 3575 quidam
2822 3516 2834 3557 :
2862 3498 3038 3573 Atqui
3075 3499 3136 3555 in
3179 3498 3271 3555 his
3297 3514 3445 3571 quos
3473 3496 3695 3568 signiﬁ-

2037 3595 2194 3652 cavit
2221 3594 2435 3651 diebus
2476 3592 2715 3650 relictus
2756 3596 2844 3648 est
2872 3589 3027 3662 lapis
3070 3604 3249 3661 super
3280 3585 3545 3661 lapidem
3596 3586 3695 3659 qui

2038 3700 2160 3742 non
2189 3689 2276 3742 est
2313 3684 2564 3740 dirutus.
2598 3681 2824 3749 Quibus
2854 3680 3313 3753 respondemus,
3367 3678 3545 3751 quod
3570 3691 3697 3733 om-

2039 3776 2141 3833 nia
2167 3791 2303 3849 qua:
2332 3774 2743 3831 demonstrata
2781 3776 2938 3838 sunt,
2972 3775 3029 3829 et
3070 3768 3463 3827 admiratione
3513 3766 3697 3838 digna

2039 3870 2226 3933 erant,
2259 3880 2450 3938 usque
2470 3863 2549 3921 ad
2574 3862 2962 3920 fundamenta
2985 3860 3188 3920 diruta
3220 3862 3360 3916 sunt
3392 3858 3563 3931 juxta
3588 3859 3695 3915 Do-

2039 3955 2187 4012 mini
2216 3956 2591 4011 sententiam.
2634 3952 2804 4019 Quod
2862 3951 2912 4007 si
2960 3950 3106 4025 quid
3144 3950 3344 4007 adhuc
3391 3949 3697 4005 residuum

2041 4060 2078 4102 a
2107 4044 2386 4101 Romanis
2414 4042 2686 4099 relictum
2726 4044 2834 4107 est,
2879 4040 3059 4098 etiam
3099 4040 3213 4097 hoc
3257 4056 3294 4097 a
3321 4038 3573 4112 posteris
3611 4035 3696 4095 di-

2040 4134 2249 4200 ruitur,
2278 4137 2343 4189 ut
2366 4131 2445 4188 ad
2472 4131 2620 4188 alias
2642 4134 2971 4185 structuras
3001 4128 3409 4185 transferatur.

2362 4217 2521 4275 CAP.
2554 4217 2708 4273 LVII.
2753 4219 2839 4272 De
2868 4216 3370 4273 consummatione.

2119 4309 2282 4366 Vers.
2300 4308 2353 4363 3.
2377 4306 2607 4363 Sedente
2626 4307 2914 4363 -sceculi
2933 4306 2961 4359 φ
2983 4307 3211 4361 Marcus
3232 4308 3427 4358 autem
3448 4301 3698 4360 nomina

2042 4414 2281 4471 quoque
2294 4395 2658 4453 dixiteorum
2680 4394 2781 4468 qui
2796 4394 3313 4463 interrogaverunt
3331 4408 3343 4446 :
3358 4393 3596 4460 jPetrus,
3614 4391 3700 4447 in-

2043 4487 2185 4561 quit,
2218 4493 2269 4544 et
2306 4485 2578 4554 Iacobus,
2608 4486 2859 4541 Joannes
2887 4490 2936 4539 et
2968 4482 3239 4539 Andreas
3262 4481 3329 4537 “.
3365 4482 3584 4537 Omnes
3627 4480 3699 4537 si-

338 4574 440 4647 γὰρ
488 4574 843 4646 μαθησόμενοι
896 4577 1100 4637 πάντες·
1154 4575 1433 4648 ἠρώτησαν
1466 4574 1524 4631 δι
1568 4580 1617 4631 οἱ
1664 4583 1933 4653 τέσσαρες,

2044 4577 2293 4652 quidem
2337 4576 2719 4632 accesserunt
2774 4577 2838 4630 ut
2860 4572 3157 4629 discerent
3189 4594 3200 4637 ;
3230 4571 3289 4627 hi
3320 4574 3520 4627 autem
3552 4585 3700 4642 qua-

342 4664 411 4724 ὡς
455 4660 663 4715 πλείονα
707 4662 1005 4738 παρρησίαν
1060 4666 1286 4736 ἔχοντες,
1322 4667 1587 4739 Ἐρωτῶσι
1623 4664 1701 4735 δι,
1755 4668 1938 4741 γλιχόο

342 4770 487 4823 μενοι
531 4753 711 4825 μαθεῖν
768 4753 826 4806 οῦ
874 4760 1122 4808 τοσοῦτον
1177 4758 1295 4831 περὶ
1361 4763 1451 4809 τοῦ
1502 4755 1796 4831 ἀφανισμοῦ
1846 4766 1937 4813 τοῦ

421 4931 467 4966 ³³
490 4929 667 4988 Marc.
697 4946 822 5002 xm,
860 4936 907 4999 1,
937 4932 991 4990 2.
1098 4937 1143 4970 ⁸³
1168 4935 1308 4992 Luc.
1340 4951 1461 5003 ni,
1494 4940 1545 4993 5.

2048 4673 2181 4725 tuor
2204 4666 2736 4735 inierrogaverunt,
2755 4668 2957 4735 utpote
2979 4661 3271 4734 majorem
3316 4660 3607 4717 habentes
3633 4659 3699 4715 ﬂ-

2047 4758 2308 4816 duciam.
2343 4758 2712 4827 lnterrogant
2740 4760 2943 4812 autem
2972 4768 3095 4811 non
3129 4756 3365 4810 tantum
3393 4750 3469 4808 de
3497 4748 3700 4823 templi

1651 4936 1697 4971 "
1729 4936 1911 4994 Marc.
1942 4952 2058 5002 xm,
2087 4940 2139 4993 3.

1529 5149 1535 5157 -
1590 5113 2156 5185 Variaelectiones
2177 5121 2455 5182 etnotae.

447 5306 531 5380 10)
572 5304 653 5380 ξεν
679 5304 890 5380 ὀνόματι
922 5314 1139 5380 Κυρίου,
1166 5307 1383 5367 omittit
1410 5310 1476 5366 Α.

447 5376 531 5460 ευ
570 5376 773 5460 ζῖμτξινέ
794 5376 1015 5460 omittit
1038 5385 1103 5439 Α·

446 5452 533 5530 t?)
570 5450 850 5530 Post‘ista
877 5450 939 5507 in
970 5451 1240 5530 margine
1255 5450 1482 5530 codicis
1506 5452 1552 5507 A
1583 5469 1627 5530 aq
1646 5469 1833 5530 manu
1852 5469 1941 5530 re-

344 5520 589 5598 ce_nt_i0ri
617 5520 823 5598 addita
852 5531 989 5583 sunt
1016 5520 1143 5583 haec
1192 5540 1205 5581 :
1240 5527 1534 5597 Γέγραπται
1583 5521 1660 5597 δὲ,
1703 5527 1799 5598 ὅτι,
1841 5524 1938 5598 βα-

346 5590 630 5669 σιλεύοντος
683 5592 961 5669 ’ξουλιανοῦ
1016 5605 1108 5651 τοῦ
1160 5590 1602 5669 τρισκαταράτων,
1645 5590 1737 5649 καὶ
1779 5590 1941 5650 ἀπελ-

349 5665 519 5725 θόντος
580 5664 646 5725 εἰς
686 5665 1047 5740 ⁸Ἀντιόχειαν
1098 5664 1256 5740 θῦσαι
1312 5664 1444 5740 τοῖςί
1489 5664 1718 5729 εἰδώλοις
1770 5667 1820 5721 ἔν
1868 5676 1940 5740 τῷ

349 5744 496 5814 σηκῷ
551 5736 1019 5814 roﬁ_’A1rollmuog,
1070 5739 1359 5814 προσῆλθεν
1391 5739 1537 5814 αὐτῇ
1588 5740 1613 5790 ὁ
1652 5748 1751 5792 τῶν
1810 5736 1942 5794 Ἰουξ-

350 5803 514 5861 δαίων
569 5807 709 5877 λαός,
763 5803 1127 5877 δυσωποῦντες
1172 5810 1326 5866 αὐτὸν
1373 5814 1460 5866 καὶ
1501 5803 1759 5887 δεόμενοι,
1802 5813 1941 5879 ὅπως

2049 5311 2299 5386 ἐπιτρέψη
2330 5310 2588 5386 ἀνεγεῖραι
2615 5309 2922 5386 τὸν-εαυτῷν
2949 5307 3086 5386 ναόν,
3102 5304 3129 5357 ὅ
3143 5308 3231 5357 καὶ
3249 5307 3473 5386 γέγΑονενε
3490 5302 3704 5378 ’Δρξάν-

2050 5403 2149 5471 των
2167 5374 2358 5471 ἱξετῶν
2396 5374 2826 5471 τρισκαταράτων
2870 5374 3137 5433 Ἰουδαίων
3175 5374 3272 5430 των
3318 5374 3570 5471 ,θεμελίων
3614 5382 3706 5437 τῆς

2280 5463 2302 5471 -
2539 5461 2559 5471 -
2775 5456 2786 5471 ρ
2952 5456 3030 5471 --με
3338 5452 3391 5471 1--
3407 5455 3494 5471 --.τ
3602 5453 3699 5471 -.σε-

2050 5451 2355 5527 οἰκοδομῆς,
2415 5446 2454 5506 ὦ
2494 5461 2594 5527 τῶν
2621 5446 2888 5527 κριμάτων
2938 5456 3057 5503 τοῦ.
3080 5492 3093 5527 ._
3115 5492 3127 5506 .
3151 5493 3163 5506 .
3186 5492 3198 5505 .
3221 5489 3233 5503 .
3255 5489 3269 5504 .
3318 5446 3496 5505 Ἰησοῦ
3553 5447 3565 5503 Ῑ
3598 5453 3702 5527 πῦρ

2051 5518 2265 5598 ἐξελθὸν,
2304 5518 2403 5578 τῶν
2462 5518 2722 5598 θεμελίων,
2787 5520 2957 5598 ἄρδην
3018 5522 3224 5598 πάντας
3253 5523 3599 5598 κατέκαυσεζ-
3637 5518 3706 5571 τά

2049 5616 2102 5650 τε
2135 5595 2458 5670 θεμέλιακαὶ
2505 5589 2620 5670 τοῦς
2672 5589 3133 5670 ἐπιχειρήσαντας.
3184 5590 3373 5670 Caret“
3402 5589 3496 5647 his
3557 5590 3705 5670 Hen-

2053 5661 2243 5798 teniigs
2291 5668 2495 5728 etiam.
2534 5661 2816 5728 Narratur
2843 5661 2972 5725 haec
3009 5680 3104 5725 res
3137 5682 3174 5724 a
3203 5662 3471 5738 pluribus
3524 5661 3701 5736 scrip-

2074 5756 2140 5798 or
2210 5756 2294 5798 us.

2052 5740 2294 5798 toribus.
