4198 6504
517 401 623 458 603
1355 445 1360 450 .
1835 393 2184 452 EUTHYMII

2225 394 2557 451 ZIGABENI
3780 399 3894 456 604

514 524 843 582 vastatione
871 523 1100 579 discere
1129 523 1454 596 cupientes,
1487 527 1776 594 quantum
1792 521 1868 578 de
1900 523 2181 593 tempore.

2283 529 2415 587 ναοῦ,
2462 523 2583 574 ὅσον
2617 525 2734 595 περὶ
2771 528 2863 574 τοῦ
2915 527 3101 596 καιροῦ
3157 529 3249 582 τῆς
3293 517 3534 594 δευτέρας
3583 529 3888 597 παρουσίας

517 613 764 670 secundi
784 612 1076 668 adventus
1102 613 1233 684 ejus
1265 630 1282 680 ;
1314 612 1447 667 ideo
1477 612 1655 668 etiam
1681 611 1929 667 seorsim
1961 627 2166 666 acces-

515 707 716 759 erunt
753 718 826 758 ne
855 701 1077 757 Judaeis
1104 702 1218 757 hoc
1243 702 1628 758 manifestum
1655 702 1839 757 ﬁeret.
1877 701 1995 756 Sed
2026 701 2165 754 Mat-

515 793 703 849 thaeus
729 792 850 847 duo
881 791 1004 846 huic
1025 807 1126 846 eos
1144 792 1541 860 interrogasse
1571 790 1728 857 dicit,
1757 794 1901 862 puta
1931 807 1944 844 :
1975 789 2166 856 Quan-

515 884 590 939 do
630 883 756 940 licet
785 888 957 938 erunt
985 882 1014 937 ?
1043 897 1178 954 quin
1204 880 1477 936 videlicet
1506 881 1581 936 de
1609 880 1815 951 templi
1863 879 2170 935 eversione

517 971 712 1027 dixisti
744 990 757 1038 ;
791 974 848 1025 et
887 971 1049 1036 Quod
1067 971 1282 1041 signum
1312 971 1590 1026 adventus
1622 971 1705 1025 tui
1731 977 1783 1026 et
1804 983 2173 1024 consumma—

517 1062 691 1118 tionis
713 1062 922 1118 swculi
947 1065 972 1110 τ
997 1061 1224 1115 Marcus
1261 1075 1403 1116 vero
1426 1061 1664 1115 unicam
1705 1058 1886 1114 fuisse
1917 1057 2060 1113 dicit
2088 1058 2174 1112 in-

496 1149 995 1221 .terrogationeui,
1023 1148 1097 1204 de
1127 1149 1353 1220 templo
1379 1149 1597 1205 solum.
1623 1147 1719 1203 Ait
1742 1146 1936 1203 enim:
1970 1146 2058 1202 die
2076 1161 2175 1200 no-

498 1239 605 1295 :bis
623 1237 858 1310 quando
878 1238 997 1294 haec
1013 1245 1208 1306 erunt,
1230 1245 1285 1294 et
1329 1238 1488 1308 quod
1505 1239 1736 1307 signum
1764 1236 1998 1308 quando
2058 1235 2173 1291 Iure

496 1327 712 1384 omnia
738 1327 1194 1383 consummando
1216 1333 1356 1382 sunt
1378 1329 1426 1362 ³⁵
1445 1333 1470 1378 ‘I
1495 1325 1772 1382 Similiter
1807 1329 2005 1381 autem
2038 1324 2174 1379 scri-

517 1417 636 1488 psit
664 1420 722 1472 et
740 1417 926 1471 Lucas
952 1416 1020 1471 3‘.
1079 1416 1230 1481 Quid
1269 1432 1411 1486 ergo
1457 1415 1777 1472 dicendum
1815 1421 1954 1470 est?
2001 1412 2174 1480 Quod

515 1520 641 1563 una
651 1505 897 1578 quidem
922 1503 1032 1561 fuit
1051 1505 1454 1577 interrOgatio,
1490 1506 1636 1561 sicut
1652 1505 2014 1576 scripserunt
2032 1503 2172 1558 Mar-

519 1611 622 1652 cus
650 1599 706 1650 et
726 1594 938 1650 Lucas.
971 1595 1218 1651 Intentio
1250 1600 1445 1652 autem
1468 1594 1898 1666 discipulorum
1938 1597 2083 1658 erat,
2112 1597 2176 1647 ut

519 1684 594 1740 de
622 1684 714 1740 his
743 1683 977 1739 duobus
997 1685 1275 1739 certiores
1315 1685 1522 1740 ﬁerent
1555 1700 1567 1738 :
1595 1688 1739 1755 puta
1769 1683 1843 1738 de
1872 1682 2175 1737 eversione

497 1773 726 1845 templi
751 1777 805 1829 et
826 1772 900 1829 de
920 1773 1187 1829 secundo
1207 1773 1417 1829 Christi
1447 1773 1720 1829 adventu.
1764 1772 2174 1828 Existimantes

520 1866 719 1921 autem
748 1862 910 1934 quod
938 1862 1114 1918 simul
1139 1862 1268 1918 haec
1287 1863 1409 1919 duo
1433 1863 1859 1931 contingerent,
1911 1861 2176 1917 iecerunt

495 1989 502 1992 -
520 1966 708 2008 unam
729 1950 803 2006 de
821 1951 1628 2022 utroqueinterrogationem.
1645 1951 1854 2007 Verum
1874 1950 2178 2007 Matthmus

523 2040 914 2097 intentionem
947 2055 1156 2095 eorum
1185 2040 1601 2110 manifestans,
1627 2039 1791 2098 illam
1822 2041 1884 2096 in
1913 2039 2067 2096 duas
2092 2039 2177 2095 di-

517 2129 685 2186 visit.

591 2219 754 2274 Vers.
787 2220 840 2273 4.
863 2217 947 2272 Et
975 2248 1041 2258 -—
1064 2216 1226 2274 Vers.
1253 2218 1534 2276 seducent.
1589 2218 1738 2274 Nihil
1763 2218 1841 2275 ad
1868 2218 1974 2275 has
2004 2218 2177 2275 inter-

518 2308 861 2379 rogationes
907 2307 1236 2380 respondit,
1269 2309 1373 2364 sed
1431 2310 1694 2381 primum
1750 2309 1851 2364 illa
1877 2308 2020 2364 dicit
2065 2308 2172 2374 eis,

498 2414 655 2470 quin
704 2398 968 2469 primum
1007 2413 1110 2454 eos
1143 2397 1291 2453 scire
1339 2398 1647 2469 oportebat
1679 2415 1692 2452 :
1721 2414 1852 2470 quas
1907 2396 2178 2454 videlicet

520 2486 784 2544 futurum
808 2492 933 2542 erat
954 2492 1018 2542 ut
1046 2493 1183 2542 ante
1207 2485 1307 2542 illa
1327 2492 1721 2543 occurrerent.
1755 2487 1946 2543 Lucas
1977 2494 2177 2543 autem

521 2575 666 2632 dicit
703 2591 716 2631 :
758 2576 951 2632 Videte
979 2591 1054 2631 ne
1102 2575 1475 2630 seducamini.
1527 2576 1711 2631 Multi
1756 2577 1912 2633 enim
1954 2578 2179 2632 venient

519 2665 586 2721 in
638 2665 865 2720 nomine
912 2679 1029 2720 mes
1077 2664 1324 2720 dicentes
1377 2666 1521 2734 :Ego
1544 2681 1724 2730 sum;
1775 2671 1872 2722 et:
1939 2668 2179 2738 Tempus

520 2753 720 2808 instat.
744 2754 831 2809 Ne
862 2752 1043 2823 igitur
1056 2754 1381 2823 sequamini
1402 2754 1532 2810 illos
1559 2756 1627 2810 ³⁷.
1656 2755 1924 2822 Venient,
1953 2756 2176 2828 linquit,

524 2840 770 2898 nomine
826 2857 962 2897 meo
992 2847 1221 2897 utentes
1261 2844 1330 2898 ad
1368 2843 1779 2917 deceptionem
1809 2861 2034 2911 eorum,
2077 2845 2182 2918 qui

498 2929 640 2986 .illis
680 2929 958 2985 credituri
988 2935 1145 2998 sunt,
1195 2936 1252 2987 et
1279 2931 1560 3000 dicentes,
1615 2935 1873 3008 quisque
1911 2934 2183 2990 videlicet

526 3034 736 3078 eorum
766 3037 779 3078 :
805 3019 934 3090 Ego
951 3036 1102 3084 sum,
1126 3035 1342 3093 nempe
1363 3022 1639 3078 Christus.
1663 3027 1764 3080 Et:
1799 3026 2044 3094 Tempus
2064 3025 2180 3079 ins-

529 3113 634 3172 tat,
668 3113 813 3180 puta
853 3110 970 3165 mei
998 3111 1242 3166 secundi
1273 3111 1566 3168 adventus
1604 3115 1692 3170 Ne
1710 3130 1841 3186 ergo
1866 3115 2184 3186 sequamini

528 3214 642 3262 eos,
672 3197 793 3254 sive
839 3197 1105 3271 aliquem
1155 3199 1415 3258 illorum.
1448 3202 1682 3260 Marcus
1712 3209 1914 3260 autem
1973 3203 2124 3259 dixit
2166 3222 2180 3258 :

527 3288 604 3343 Et
629 3288 835 3344 multos
863 3290 1129 3346 seducent
1165 3293 1237 3346 ³⁸.
1297 3291 1556 3349 Fuerunt
1604 3298 1802 3349 autem
1842 3291 2186 3366 hujusmodi

528 3378 891 3447 seductores,
949 3381 1153 3438 Simon
1211 3384 1269 3438 et
1314 3383 1634 3440 Menander
1701 3383 2079 3449 Samaritani,
2131 3388 2188 3440 et

499 3507 502 3510 λ
525 3467 648 3524 alii.

597 3560 754 3616 Vers.
783 3563 842 3617 6.
879 3559 1174 3616 Futurum
1205 3565 1291 3617 est
1337 3590 1406 3603 —
1453 3561 1765 3620 bellorum.
1818 3561 1982 3619 Bella
2027 3562 2190 3623 dicit,

526 3663 662 3720 quin
684 3654 848 3704 mota
863 3653 1002 3704 sunt
1017 3655 1224 3704 contra
1238 3649 1645 3721 Hierosolyma
1670 3666 1968 3707 :rumores
1990 3658 2191 3709 autem

526 3735 846 3798 bellorum,
897 3751 1030 3806 qum
1083 3741 1293 3792 contra
1339 3736 1490 3792 alias
1527 3738 1878 3796 Judaeorum
1929 3740 2192 3798 civitates

529 3839 685 3896 quos
706 3824 893 3880 factos
909 3823 1090 3880 fuisse
1121 3824 1326 3881 scribit
1351 3827 1642 3898 Iosephus
1663 3834 1990 3902 antequam
2019 3847 2188 3903 cape-

530 3918 694 3970 retur
721 3912 1069 3969 Jerusalem.
1122 3913 1423 3986 Siquidem
1446 3917 1624 3972 erexit
1654 3933 1716 3974 se
1773 3919 1847 3991 (f)
1900 3921 2062 3977 natio
2096 3921 2192 3978 Ju-

531 4001 819 4067 daaorum,
834 4016 943 4058 nec
955 4001 1230 4058 tributum
1244 4003 1476 4061 exsolve
1484 4004 1601 4062 bat.
1627 4008 1880 4064 Romani
1900 4025 2037 4066 vero
2067 4025 2190 4067 non

532 4089 886 4162 ferentesinj
897 4091 1109 4158 uriam,
1124 4093 1566 4164 expeditionem
1586 4097 1648 4152 in
1666 4096 1794 4154 illos
1811 4105 2187 4170 paraverunt.

603 4182 760 4237 Vers.
795 4185 838 4238 6.
864 4181 1063 4239 Videte
1107 4213 1175 4223 —
1225 4183 1376 4252 ﬁnis.
1432 4187 1512 4241 Ne
1564 4188 1926 4258 terreamini,
1976 4189 2190 4262 inquit,

531 4269 706 4343 quasi
734 4270 1078 4343 pradicatio
1115 4271 1229 4329 sub
1265 4273 1553 4330 seditione
1582 4280 1637 4332 et
1664 4277 2002 4334 turbatione
2047 4277 2190 4334 diri-

501 4359 755 4417 .menda
787 4361 885 4420 sit.
927 4360 1220 4434 Siquidem
1243 4367 1491 4420 ventura
1515 4369 1652 4422 sunt
1675 4365 1802 4422 huic
1827 4367 2035 4424 omnia
2059 4383 2190 4440 qua:

503 4449 606 4505 .de
632 4450 724 4506 his
756 4449 926 4508 bellis
953 4450 1092 4522 dixi,
1149 4452 1234 4509 sic
1263 4457 1463 4509 tamen
1493 4458 1557 4511 ut
1586 4454 1730 4511 nihil
1775 4454 1859 4512 illi
1911 4460 2188 4513 noceant.

537 4542 663 4594 Ant.
697 4541 777 4595 Ne
805 4541 1166 4612 terreamini,
1198 4543 1368 4614 quasi
1389 4543 1517 4614 jam
1543 4544 1720 4600 instet
1747 4543 1887 4600 ﬁnis
1914 4545 2037 4600 sive
2062 4560 2192 4618 per-

535 4626 680 4684 ditio
705 4629 911 4700 templi
941 4645 1012 4684 ac
1063 4631 1335 4688 civitatis.
1364 4634 1606 4705 Oportet
1631 4634 1790 4690 enim
1817 4634 1945 4689 hinc
1987 4636 2192 4694 omnia

536 4715 664 4773 ﬁeri
688 4733 707 4782 ;
739 4717 844 4773 sed
871 4718 1150 4775 nonduin.
1197 4726 1284 4778 est
1319 4721 1459 4778 ﬁnis
1513 4723 1632 4779 sive
1664 4723 1908 4793 perditio
1935 4739 2141 4779 eorum
2173 4744 2187 4786 :

539 4821 683 4862 nam
717 4810 1100 4879 postmodum
1133 4815 1310 4883 capta
1370 4816 1511 4868 sunt
1569 4811 1991 4884 Hierosolyma.
2050 4814 2193 4871 Dicit

538 4899 742 4951 autem
763 4894 1242 4968 Chrysostomus,
1265 4900 1432 4972 quod
1451 4899 1723 4972 discipuli
1744 4915 1878 4956 cum
1897 4901 1955 4958 in
1977 4917 2194 4974 praece-

541 4985 823 5042 dentibus
851 4987 925 5043 de
945 4993 1204 5047 extrema
1227 4989 1572 5046 Iudaeorum
1613 4989 1837 5047 ultione
1863 4991 2188 5058 audissent,

617 5166 662 5200 ³⁵
689 5167 870 5224 Marc.
908 5183 1031 5233 xui,
1059 5168 1115 5236 4,

1221 5171 1268 5204 ³⁸
1298 5169 1438 5225 Luc.
1472 5185 1594 5236 xxr,
1623 5175 1674 5225 7.
1781 5173 1826 5206 ³⁷
1849 5171 1994 5228 ibid.
2025 5176 2076 5228 8.

2274 609 2454 662 αὐτοῦ.
2512 614 2598 662 Διὸ
2643 616 2732 663 καὶ
2778 611 2891 663 κατ’
2936 609 3075 662 ἰὸίαν
3105 610 3424 686 προσῆλθον,
3478 613 3561 664 ἵνα
3609 619 3684 685 μὴ
3733 621 3890 667 τοῦτο

2273 706 2378 760 τοῖς
2457 696 2738 762 Ἰουδαίοις
2783 703 3038 752 ἔκπυστον
3093 705 3326 771 γένηται.
3385 701 3543 754 Ἀλλὰ
3605 706 3888 767 Ματθαῖος

2273 793 2366 860 μέν
2398 809 2576 860 φησιν,
2627 791 2809 850 αὐτοὺς
2862 786 2959 842 δύο
3002 797 3166 843 ταῦτα
3196 789 3477 862 ἐρωτῆσαι,
3531 796 3662 844 Πότε
3718 801 3894 846 ταῦτα

2278 878 2448 942 ἔσται,
2505 875 2737 944 δηλαδὴ,
2793 882 2858 930 τὰ
2904 887 2996 932 τοῦ
3025 886 3150 931 ναοῦ
3182 887 3276 939 τῆς
3325 880 3443 950 (l3)
3487 891 3891 955 καταστροφῆς,

2279 970 2387 1030 καὶ,
2447 972 2510 1018 Τί
2565 971 2622 1018 τὸ
2679 975 2892 1039 σημεῖον
2948 976 3044 1030 τῆς
3114 977 3212 1029 σῆς
3263 973 3577 1042 παρουσίας,
3632 976 3723 1023 καὶ
3790 981 3891 1033 τῆς

2283 1054 2575 1118 συντελείας
2615 1065 2705 1108 τοῦ
2746 1057 2948 1118 αἰῶνος
3005 1058 3031 1107 6
3081 1053 3140 1109 δὲ
3194 1060 3404 1131 Μάρκος
3461 1059 3508 1110 ἒν
3567 1057 3697 1111 εἶναι
3751 1059 3890 1132 λέγει

2279 1147 2338 1195 τὸ
2388 1143 2649 1218 ἐρώτημα,
2716 1151 2833 1219 περὶ
2888 1154 2980 1198 τοῦ
3037 1153 3162 1198 ναοῦ
3223 1151 3396 1218 μόνον.
3449 1148 3688 1220 Ἔγραψε
3753 1151 3885 1226 γὰρ,

2281 1233 2407 1286 Εἰπε
2449 1236 2593 1306 ἡμῖν,
2651 1239 2775 1288 πότε
2825 1243 2992 1287 ταῦτα
3043 1238 3212 1300 ἔσται,
3261 1240 3350 1288 καὶ
3423 1241 3474 1288 τί
3525 1241 3581 1289 τὸ
3643 1246 3884 1311 σημεῖον,

2281 1326 2398 1376 ὅταν
2468 1324 2626 1398 μέλλῃ
2728 1332 2894 1377 ταῦτα
2975 1328 3146 1380 πάντα
3247 1325 3624 1380 συντελεῖσθαι.
3711 1336 3890 1404 Παρα-

2280 1413 2516 1474 πλησίως
2561 1410 2621 1466 δε
2653 1414 2784 1486 λέγει
2816 1419 2902 1467 καὶ
2935 1417 2960 1466 6
3003 1416 3228 1476 Λουκάς.
3261 1419 3324 1467 Τί
3371 1412 3458 1467 οὖν
3488 1418 3628 1468 ἔστιν
3686 1418 3846 1472 εἰπεῖν
3865 1437 3884 1490 ;

2281 1501 2401 1556 ⁴Οτι
2449 1508 2546 1574 μία
2599 1507 2688 1575 μεν
2738 1501 2767 1561 ἧ
2810 1503 3086 1578 ίρώτησις,
3139 1506 3209 1564 ὡς
3259 1504 3492 1577 ἔγραψαν
3530 1509 3752 1580 Μάρκος
3797 1514 3888 1562 καὶ

2284 1598 2510 1654 Λουκᾶς·
2565 1596 2760 1653 σκοπὸς
2838 1589 2896 1646 δε
2945 1600 3055 1653 τοῖς
3126 1595 3384 1666 μαθηταῖς
3440 1600 3559 1667 περὶ
3618 1605 3718 1648 τῶν
3788 1595 3884 1650 δύο

2282 1683 2476 1733 τούτων
2525 1684 2727 1753 μαθεῖν,
2780 1689 2877 1741 τῆς
2939 1701 2994 1734 τε
3043 1689 3135 1733 τοῦ
3181 1690 3308 1734 ναοῦ
3346 1694 3731 1758 καταστροφῆς,
3793 1691 3882 1739 καὶ

2284 1779 2380 1832 τῆς
2401 1778 2493 1822 τοῦ
2519 1778 2754 1843 Χριστοῦ
2797 1767 3041 1844 δευτέρας
3070 1776 3384 1844 παρουσίας.
3413 1771 3875 1842 Ὑπολαμϐοίνοντες

2207 1863 2250 1918 Β
2282 1862 2405 1933 γὰρ,
2439 1862 2512 1911 ὅτι
2541 1860 2651 1932 άμα
2678 1863 2744 1912 τὰ
2771 1857 2867 1912 δύο
2891 1865 3215 1931 γενήσονται,
3242 1865 3365 1933 μίαν
3396 1867 3515 1936 περὶ
3539 1871 3627 1913 τῶν
3653 1859 3746 1914 δύο
3773 1867 3866 1921 τὴν

2285 1947 2538 2022 ίρώτησιν
2590 1948 2923 2007 inamoenum“
2979 1951 3243 2010 Ματθαῖος
3309 1948 3370 2004 δε
3434 1951 3720 2024 σαφηνίζων
3783 1955 3870 2004 τὸν

2286 2042 2480 2091 σκοπὸν
2509 2039 2700 2105 αὐτῶν,
2733 2035 2918 2091 διεῖλεν
2949 2039 3128 2104 αὐτὴν,
3158 2039 3230 2101 εἰς
3256 2041 3322 2092 τὰ
3353 2036 3472 2096 δύο.

2357 2221 2457 2270 Καὶ
2510 2247 2579 2259 -
2639 2217 2990 2276 πλανήσουσι.
3047 2214 3214 2270 Οὐδὲν
3269 2221 3400 2293 πρὸς
3464 2221 3557 2282 τὰς
3610 2218 3889 2293 ἐρωτήσεις

2259 2307 2539 2382 ἀπεκρίθη
2595 2311 2806 2374 ταύτας,
2869 2306 3000 2360 ἀλλὰ
3055 2313 3298 2382 πρότερον
3355 2312 3520 2362 ἐκεῖνα
3575 2309 3710 2381 λέγει
3767 2314 3893 2364 τοῦ-

2284 2416 2414 2462 τοις,
2463 2397 2497 2448 ά
2547 2405 2730 2472 πρῶτα
2773 2400 2985 2457 τούτους
3046 2393 3153 2450 ἔδει
3182 2400 3379 2470 μαθεῖν,
3423 2402 3490 2458 ὡς
3533 2401 3630 2469 πρὸ
3679 2398 3888 2451 ἐκείνων

2286 2485 2583 2545 ἀπαντῆσαι
2624 2486 2887 2558 μέλλοντα.
2945 2492 3154 2548 Λουκᾶς
3204 2483 3261 2539 δέ
3305 2505 3478 2558 φησιν,
3537 2486 3770 2556 Βλέπετε,
3800 2493 3880 2558 μὴ

2285 2575 2597 2633 πλανηθῆτέ.
2679 2575 2862 2628 Πολλοί
2935 2578 3036 2651 γὰρ
3108 2575 3390 2628 ἐλεύσονται
3460 2573 3542 2628 ἐπὶ
3606 2582 3676 2645 τῷ
3763 2574 3874 2626 ὀνό-

2287 2670 2413 2737 ματί
2462 2685 2585 2737 μου,
2637 2665 2886 2735 λέγοντες,
2947 2668 3028 2717 ὅτι
3087 2665 3214 2736 Ἐγὼ
3265 2665 3391 2737 εἰμι,
3443 2664 3638 2730 καὶ,”Ο
3689 2666 3874 2736 καιρὸς

2289 2759 2494 2826 ῆγγικε.
2540 2759 2626 2814 Μὴ
2663 2751 2751 2807 οὖν
2787 2752 3072 2830 πορευθῆτε
3103 2754 3270 2807 ὀπίσω
3309 2755 3494 2808 αὐτῶν.
3529 2754 3879 2819 Ἐλεύσονται,

2291 2848 2441 2915 φησὶ,
2500 2852 2572 2914 τῷ
2622 2844 2835 2916 ὀνόματί
2883 2864 2982 2917 μου
3035 2864 3298 2919 χρῳμενοι
3349 2848 3474 2918 πρὸς
3528 2842 3726 2899 ἀπάτην
3785 2849 3886 2893 τῶν

2290 2935 2604 3005 πειθομένων
2656 2934 2847 2999 αὐτοῖς,
2899 2940 2987 2986 καὶ
3042 2934 3269 3006 λέγοντες
3317 2935 3556 2998 ἕκαστος,
3618 2933 3696 2983 ὅτι
3754 2930 3888 3001 Ἐγὼ

2291 3022 2414 3094 εἰμι,
2466 3027 2755 3090 τουτέστιν,
2797 3024 2910 3094 (14)
2959 3025 2984 3074 ὁ
3033 3028 3282 3096 Χριστὸς,
3341 3027 3430 3074 καὶ
3475 3025 3552 3075 ὅτι
3602 3021 3659 3074 Ὀ
3688 3022 3886 3092 καιρὸς.

2219 3138 2258 3194 C
2292 3116 2526 3184 ἤγγικεν,
2586 3115 2612 3164 6
2670 3121 2763 3175 τῆς
2807 3109 3045 3186 δευτέρας
3103 3131 3202 3185 μου
3265 3109 3508 3170 δηλονότι
3571 3115 3884 3183 παρουσίας.

2293 3206 2377 3260 Μὴ
2443 3199 2529 3254 οὖν
2590 3201 2978 3260 ἀκολουθήσητε
3027 3201 3218 3268 αὐτοῖς,
3281 3204 3463 3271 ῆγουν,
3517 3204 3620 3251 τινὶ
3695 3201 3885 3250 αὐτῶν.

2291 3293 2350 3344 Ὀ
2414 3289 2472 3344 δε
2530 3294 2737 3364 Μάρκος
2807 3290 2960 3355 εἶπεν,
3012 3292 3090 3342 ὃτι
3167 3293 3267 3342 Καὶ
3323 3288 3535 3348 πολλοὺς
3591 3287 3888 3346 πλανήσου-

2301 3401 2402 3435 σιν.
2464 3381 2722 3452 Ἐγένοντο
2782 3377 2841 3433 δε
2891 3388 3116 3433 τοιοῦτοι
3163 3379 3347 3431 πλάνοι
3403 3383 3574 3452 Ξίμων
3630 3378 3745 3449 (ίό)
3803 3381 3892 3429 καὶ

2301 3467 2618 3544 Μένανδρος,
2651 3473 2699 3522 οἱ
2725 3477 3059 3545 Σαμαρεῖται,
3092 3474 3182 3522 καὶ
3213 3471 3392 3544 ἕτεροι.

2370 3560 2658 3618 Μελλησετε
2689 3590 2755 3600 —
2806 3559 3059 3632 πολέμων.
3118 3559 3373 3630 Πολέμους
3421 3557 3558 3629 λέγει
3598 3560 3711 3617 τοὺς
3759 3556 3897 3608 κατὰ

2300 3659 2399 3702 τῶν
2427 3649 2815 3725 Ἰεροσολύμων·
2850 3648 3003 3709 ἀκοὰς
3033 3645 3092 3701 δὲ
3121 3648 3354 3719 πολέμων
3380 3649 3473 3708 τὰς
3514 3654 3612 3698 τῶν
3634 3648 3757 3719 πρὸς
3799 3646 3896 3706 τὰς

2299 3739 2453 3800 ἄλλας
2480 3739 2650 3799 πόλεις
2697 3747 2796 3791 τῶν
2823 3734 3119 3803 Ἰουδαίων,
3162 3736 3252 3798 οῦς
3283 3737 3539 3796 Ἰώσηπος
3585 3737 3775 3808 ἱστορεῖ
3809 3751 3896 3804 γε-

2299 3831 2478 3882 νέσθαι
2514 3833 2614 3903 πρὸ
2655 3835 2744 3889 τῆς
2774 3828 3007 3888 ἁλώσεως
3050 3834 3141 3888 τῆς
3186 3825 3545 3902 Ἰερουσαλήμ.
3582 3827 3678 3877 Καὶ
3706 3824 3806 3895 γὰρ
3833 3823 3895 3874 τὸ

2297 3927 2397 3970 τῶν
2443 3915 2711 3972 Ἰουδαίων
2765 3919 2905 3979 ἔθνος
2959 3915 3166 3990 ἁντῆρε,
3218 3921 3307 3968 καὶ
3337 3915 3429 3968 οῦκ
3469 3910 3727 3966 ἀπεδίδου
3778 3914 3899 3972 τοὺς

2300 4012 2506 4082 φόρους·
2544 4007 2785 4079 Ῥωμαῖοι
2836 4003 2913 4072 δε,
2965 4011 3037 4078 μὴ
3089 4006 3372 4078 ἐνεγκοντες
3423 4008 3516 4062 τὴν
3546 4001 3715 4076 ὕϐριν,
3750 4003 3900 4054 ἑπισ-

2297 4099 2587 4169 τράτευσαν
2620 4096 2812 4157 αὐτοῖς.

2366 4185 2550 4260 Ὁρᾶτε
2614 4217 2683 4226 -
2734 4184 2892 4247 τελος.
2950 4188 3036 4243 Μὴ
3108 4185 3390 4251 πτοηθῆτε,
3448 4185 3627 4254 φησὶν,
3685 4182 3754 4242 ὡς
3804 4187 3898 4232 τοῦ

2296 4280 2630 4352 κηρύγματος
2707 4278 2806 4328 ῦπό
2871 4282 2965 4337 τῆς
3026 4274 3417 4334 ἀκαταστασίας
3485 4275 3575 4324 καὶ
3649 4278 3901 4344 ταραχῆς

2302 4365 2775 4438 διακοπησομένου.
2840 4363 3096 4422 Μέλλουσι
3160 4366 3261 4436 γὰρ
3313 4364 3484 4415 πάντα
3539 4363 3604 4412 τὰ
3653 4366 3754 4411 τῶν
3806 4378 3899 4411 πο-

2299 4457 2462 4530 λέμων
2515 4458 2708 4508 τούτων
2760 4455 3019 4526 γενέσθαι,
3080 4449 3243 4525 μηδεν
3302 4451 3428 4503 αῦτό
3487 4449 3806 4522 βλάπτοντα·
3864 4451 3893 4506 ἧ

2300 4550 2371 4618 μὴ
2426 4546 2707 4611 πτοηθῆτε,
2757 4546 2820 4604 ὡς
2859 4539 2965 4601 ἤδη
2997 4548 3089 4594 τοῦ
3135 4539 3302 4600 τέλους
3333 4539 3660 4601 ἐπιστάντος,
3715 4541 3895 4609 ἤγουν,

2299 4642 2390 4687 τοῦ
2422 4635 2630 4708 ὀλέθρου
2687 4640 2776 4685 τοῦ
2832 4639 2955 4684 ναοῦ
2985 4636 3074 4683 καὶ
3107 4637 3199 4692 τῆς
3229 4630 3436 4688 πόλεως.
3483 4634 3567 4680 Δεῖ
3593 4629 3694 4700 γὰρ
3729 4627 3903 4679 πάντα

2300 4732 2466 4777 ταῦτα
2507 4725 2766 4795 γενέσθαι,
2825 4721 2933 4774 ἀλλ’
2984 4723 3127 4772 οὔπω
3183 4722 3240 4770 τὸ
3279 4717 3439 4787 τέλος,
3483 4720 3668 4782 εἶτουν,
3720 4717 3745 4767 6
3799 4713 3902 4768 ὄλε-

2303 4815 2422 4888 θρος
2471 4813 2656 4867 αὐτῶν.
2710 4811 2953 4883 Ὕστερον
2999 4812 3100 4884 γὰρ
3157 4807 3386 4861 ἑάλωσαν
3444 4809 3510 4859 τὰ
3542 4803 3897 4878 Ἰεροσόλυμα.

2302 4907 2436 4960 Φησὶ
2464 4899 2523 4955 δὲ
2567 4904 2591 4954 ὁ
2622 4906 3001 4975 Χρυσὸστομος
3031 4899 3164 4971 (ιδ),
3199 4899 3277 4950 ὅτι
3307 4898 3354 4949 οἱ
3385 4899 3473 4969 μεν
3516 4897 3751 4968 μαθηταὶ
3781 4898 3899 4968 περὶ

2300 4999 2396 5053 τῆς
2458 4991 2804 5064 παγχαλέπου
2870 4993 3126 5064 τιμωρίας
3176 4996 3274 5039 τῶν
3345 4981 3611 5040 Ἰουδαίων
3662 4982 3898 5057 ἀνωτέρω

2223 4496 2269 4551 Ι)

2190 5172 2237 5208 ³⁸
2268 5174 2440 5229 Marc.
2467 5187 2566 5242 xu,
2603 5174 2660 5226 6.

1772 5348 1988 5418 Variae
2021 5349 2348 5418 lectiones
2388 5359 2454 5417 et
2494 5357 2698 5416 notae.

615 5544 730 5687 fit}

755 5541 947 5600 Malim
978 5548 1072 5602 τῆς
1103 5547 1194 5592 τοῦ
1223 5546 1366 5605 ναοῦ,
1403 5545 1468 5598 ut
1494 5558 1654 5601 mox,

756 5616 1035 5667 Τουτέστιν
1065 5612 1091 5664 6
1122 5617 1368 5688 Χριστός.
1401 5613 1634 5673 Absunt
1661 5619 1726 5672 A.

2381 5547 2459 5691 ξι)
2501 5548 2580 5603 De
2618 5523 3100 5672 utroqueiustin.
3129 5542 3295 5599 Mart.
3327 5544 3480 5614 p.69
3512 5541 3576 5608 ι),
3611 5543 3671 5596 Ε.

2410 5620 2498 5691 t6)
2535 5620 2700 5675 Tom.
2733 5618 2775 5673 V
2807 5621 2842 5684 Ι,
2875 5633 2937 5689 p.
2971 5617 3071 5672 723
3103 5617 3169 5671 D.

2410 5617 2498 5691 ιϐ)
2535 5620 2700 5675 Tom.
2733 5617 2842 5684 VII,
2875 5633 2937 5689 p.
2971 5617 3071 5672 723
3103 5617 3169 5671 D.

625 5791 704 5868 (χ)
728 5791 942 5852 Erexit
971 5807 1049 5852 se.
1076 5791 1434 5855 Seditionem
1470 5794 1681 5867 movit,
1711 5755 2042 5857 rebellavit.
2073 5798 2181 5858 Not

2283 5815 2291 5856 l
2314 5798 2403 5857 est
2424 5796 2540 5858 hoc
2567 5811 2748 5857 sensu
2777 5795 3034 5874 ἀνταίρειν
3065 5799 3123 5857 et
3151 5795 3438 5872 ἀντάρτης.
