4198 6454
276 409 389 470 605
1249 416 1610 475 COMNENT.
1658 414 1729 472 IN
1780 372 2225 503 ΜᾸΤῩΗΕυΜ.
2269 449 2333 461 -
2377 419 2531 477 CAP.
2575 424 2772 481 xxrv.
3544 432 3650 489 606

276 538 555 610 μαθόντες,
633 541 697 603 ὡς
751 545 869 618 περὶ
948 542 1218 620 ἀλλοτρίας
1295 550 1579 618 συμφορᾶς,
1649 541 1934 617 ἀφροντί-’Λ

1996 545 2287 613 tanquam
2313 546 2392 602 ad
2423 547 2682 606 alienam
2739 551 3163 620 calamitatem,
3197 570 3333 628 qum
3361 556 3511 613 nihil
3542 573 3645 615 eos

281 645 421 690 στως
475 626 743 699 διέκειντο,
792 637 882 685 καὶ
937 637 1070 705 μόνα
1129 642 1413 692 τηνικαῦτα
1471 631 1608 706 δίχα
1657 634 1884 707 θορύϐων

1994 634 2280 701 tangeret,
2319 638 2688 708 negligenter
2718 658 2779 697 se
2810 642 2888 698 ad
2919 659 3053 699 eam
3087 626 3409 713 habebant,
3440 652 3496 703 et
3520 648 3648 705 sola

278 718 653 791 ὦνειροπόλουν
696 723 761 772 τὰ
807 728 898 782 τῆς
951 729 1042 775 τοῦ
1101 731 1336 799 Χριστοῦ
1391 720 1632 798 δευτέρας
1686 744 1887 798 παρου-

1992 734 2065 775 ea
2094 726 2236 778 tunc
2263 727 2646 785 somniabant
2665 730 2845 795 bona,
2871 748 3008 805 quas
3039 734 3269 807 absque
3301 737 3557 793 tumultu
3587 738 3648 794 in

278 808 400 869 σῖας
452 807 643 880 ἀγαθὰ,
679 804 754 861 δι’
819 810 970 863 οἱκαὶ
1043 816 1137 871 τὴν
1184 811 1437 887 ἐρώτησιν
1487 818 1825 889 προσήγαγον
1866 832 1880 846 ·

1993 812 2259 868 secundo
2309 815 2511 873 Christi
2556 819 2815 875 adventu
2868 804 3119 879 ventura
3148 804 3319 880 erant
3355 841 3377 881 .·
3407 831 3648 899 propter

277 898 303 950 6
335 894 395 949 δὲ
423 900 652 973 Χριστὸς
690 898 844 951 πάλιν
900 898 1117 953 ἐπίπονα
1173 902 1284 974 (17)
1330 905 1533 966 τούτοις
1575 908 1883 976 προμηνύει,

1993 914 2124 969 qum
2152 902 2331 958 etiam
2362 904 2887 978 interrogationem
2918 912 3347 982 produxerant.
3380 894 3644 971 Christus

279 985 443 1039 ποιῶν
499 986 691 1048 αύτούς
769 987 880 1061 (18)
934 988 1255 1062 ἐναγωνίους,
1342 997 1431 1045 καὶ
1493 990 1651 1065 διπλῇ
1711 999 1884 1066 νήφειν

1993 1003 2135 1043 vero
2164 1005 2404 1049 rursum
2428 994 2539 1049 illis
2562 998 2867 1055 laboriosa
2879 1001 3246 1071 pronuntiat,
3280 1004 3645 1061 constituens

277 1074 518 1142 κελεύων,
594 1078 662 1137 ὡς
739 1082 868 1150 μήτε
946 1080 1044 1131 ύπό
1101 1088 1199 1131 τῶν
1258 1080 1460 1134 πλάνων
1533 1081 1883 1153 ἀπατηθῆναι,

1993 1091 2096 1131 eos
2120 1082 2509 1139 certaminum
2537 1086 2841 1157 praefectos
2859 1088 2941 1161 (g)
2974 1106 2990 1143 :
3015 1095 3071 1145 et
3090 1090 3393 1163 duplicem
3407 1093 3486 1147 ob
3516 1110 3649 1149 cau-

276 1170 413 1238 μήτε
454 1166 555 1217 ύπό
585 1173 681 1229 τῆς
756 1164 918 1229 ἀκοῆς
972 1175 1069 1220 τῶν
1124 1169 1355 1243 πολέμων
1440 1173 1743 1245 θροηθῆναι.
1804 1179 1886 1226 Δι-

1993 1180 2122 1220 sam
2146 1168 2393 1243 vigilare
2409 1172 2597 1243 jubet,
2613 1178 2738 1232 tum
2766 1192 2840 1232 ne
2856 1193 2893 1233 a
2917 1159 3329 1236 seductoribus
3346 1179 3645 1251 fallantur,

280 1253 439 1307 πλοῦν
490 1256 589 1331 γὰρ
644 1253 773 1307 εἶναι
815 1259 902 1308 τόν
944 1255 1182 1331 πόλεμον,
1246 1257 1347 1312 ἀπό
1398 1280 1452 1313 τε
1506 1269 1604 1314 τῶν
1660 1262 1880 1329 πλάνων,

1994 1256 2112 1309 tum
2138 1264 2212 1312 ne
2238 1274 2273 1314 a
2297 1259 2594 1319 bellorum
2620 1279 2860 1321 rumore
2914 1266 3244 1324 turbentur.
3299 1270 3537 1342 Duplex
3570 1246 3647 1327 si;

277 1341 382 1396 ἀπό
430 1362 484 1396 τε
525 1350 626 1395 τῶν
666 1342 949 1418 Ῥωμαίων,
1008 1351 1098 1399 καὶ
1142 1347 1333 1408 πολλὴν
1378 1354 1468 1403 καὶ
1523 1351 1762 1410 ποικίλην
1792 1356 1885 1411 τὴν

1994 1344 2240 1416 quidem
2277 1349 2361 1405 ait
2384 1350 2605 1408 instare
2636 1352 2878 1423 bellum,
2907 1358 2963 1412 et
3006 1372 3042 1413 a
3070 1357 3171 1413 sed
3185 1341 3500 1425 ueteribus,
3526 1362 3583 1415 et
3611 1375 3648 1417 a

276 1432 465 1503 ζάλην,
492 1437 583 1486 καὶ
612 1430 756 1496 ἐντός
786 1439 877 1487 καὶ
908 1434 1075 1499 ἐκτός.

1994 1434 2301 1507 Romanis,
2334 1440 2701 1515 multamque
2727 1458 2795 1499 ac
2822 1444 3048 1501 variam
3070 1448 3562 1513 commotionem,
3591 1452 3648 1506 et

1972 1529 2238 1614 interius
2268 1533 2324 1587 et
2353 1531 2627 1587 exterius.

352 1629 719 1705 Ἐγερθήσεται
768 1661 837 1672 --
907 1631 1198 1705 βασιλείαν.
1248 1638 1326 1690 Τά
1381 1638 1496 1697 ἔθνη
1552 1641 1619 1691 τὰ
1676 1659 1884 1713 συμμα-

2062 1621 2221 1675 Vers.
2257 1626 2309 1675 7.
2330 1621 2628 1692 Exsurget
2654 1654 2723 1663 ——
2750 1636 3020 1694 regnum.
3070 1625 3283 1681 Gentes
3333 1626 3509 1682 socia:
3540 1629 3648 1684 Ro-

273 1725 482 1791 χοῦντα
549 1718 825 1792 Ῥωμαίοις
872 1721 959 1775 έπὶ
1016 1726 1083 1777 τά
1157 1727 1275 1785 ἔθνη
1361 1729 1428 1779 τὰ
1498 1737 1885 1801 συμμαχοῦντα

1992 1725 2316 1766 manorum
2372 1710 2431 1765 in
2480 1715 2688 1781 gentes
2725 1713 2943 1769 Iudaeis
2989 1714 3351 1783 foederatas;
3386 1721 3443 1772 et
3465 1732 3647 1789 regna

276 1804 579 1876 Ἰουδαίοις,
644 1814 735 1863 καὶ
787 1812 842 1863 αἰ
898 1810 1186 1884 βασιλεῖαι,
1230 1817 1286 1868 αἱ
1339 1820 1705 1892 συναιρόμεναι
1760 1820 1884 1873 Ῥω-

1992 1798 2302 1855 auxiliaria
2331 1800 2629 1868 Romanis,
2660 1802 2717 1857 in
2742 1817 2929 1871 regna
2971 1804 3283 1861 auxiliaria
3310 1804 3528 1862 Judteis
3555 1822 3568 1873 ;
3591 1808 3648 1863 et

276 1901 471 1969 μαίοις,
511 1897 597 1952 έπὶ
672 1900 769 1961 τὰς
851 1906 1222 1975 συναιρομένας
1280 1888 1583 1969 Ἰουδαίοις.
1641 1913 1741 1961 Καὶ
1791 1893 1934 1962 διάῙ

1499 1888 1583 1969 διέ,
1641 1913 1741 1961 Καὶ
1791 1906 1885 1962 διὰ
1914 1893 1958 1949 Β
1994 1892 2308 1960 propterea
2336 1888 2512 1946 fortia
2538 1893 2711 1947 erunt
2739 1890 2957 1948 horum
2982 1892 3157 1948 bella.

278 1993 432 2040 τοῦτο
463 1986 683 2063 ἰσχυροὶ
709 1992 1018 2060 γενήσονται
1044 1994 1237 2046 τούτων
1256 1994 1489 2068 πόλεμοι.

352 2080 455 2130 Καὶ
504 2107 575 2118 —
599 2081 810 2141 τόπους.
864 2081 1011 2132 Κατά
1037 2086 1227 2145 τόπους
1268 2092 1367 2137 τῶν
1408 2082 1696 2142 Ἰουδαίων.
1732 2090 1884 2161 Παρά

2064 2084 2222 2139 Vers.
2250 2087 2305 2138 7.
2330 2083 2411 2140 Et
2430 2114 2500 2125 —
2535 2085 2686 2142 loca.
2727 2088 2847 2142 Hoc
2891 2090 2977 2142 est
3022 2086 3271 2157 singulis
3298 2088 3642 2148 Iudaeorum

280 2172 353 2236 τῷ
428 2171 612 2237 Λουκᾷ
684 2163 743 2220 δὲ
813 2172 1145 2242 πρόσκειται,
1220 2174 1304 2225 ὃτι
1358 2174 1598 2249 Φόϐητρά
1679 2196 1733 2230 τε
1794 2182 1883 2230 καὶ

1991 2171 2154 2228 locis.
2181 2172 2356 2245 Apud
2388 2175 2607 2230 Lucam
2633 2174 2874 2246 ponitur
2909 2192 2920 2231 ε
2954 2177 3346 2250 Terroresque
3369 2185 3424 2235 et
3477 2183 3643 2251 signa

284 2259 487 2325 σημεῖα
562 2254 761 2326 μεγάλα
840 2255 930 2310 ἀπ’
1032 2260 1254 2335 ούρανοῦ
1309 2265 1479 2334 ἔσται,
1532 2266 1613 2319 ἶνα
1693 2274 1883 2339 γνῶσιν

1992 2276 2029 2317 a
2057 2262 2188 2317 οωἰο
2217 2276 2431 2333 magna
2452 2270 2627 2319 erunt
2658 2265 2727 2335 η,
2753 2267 3403 2336 utcognoscantJudmi
3426 2284 3642 2341 eaquaa

288 2338 545 2396 Ἰουδαῖοι
593 2344 857 2417 θεομηνίαν
914 2344 1042 2401 εἶναι
1084 2352 1151 2403 τὰ
1199 2356 1463 2425 γινόμενα,
1502 2360 1592 2407 καὶ
1633 2365 1879 2425 συνῶσιν,

1991 2349 2136 2407 ﬁent
2172 2350 2390 2408 divinae
2421 2368 2549 2408 esse
2579 2353 2700 2420 iraa,
2748 2359 2804 2410 et
2846 2355 3177 2425 intelligant
3207 2357 3370 2428 quod
3401 2338 3643 2431 propter

289 2431 370 2483 ὅτι
432 2427 523 2485 διὰ
580 2436 669 2492 τὴν
741 2442 830 2488 τοῦ
887 2443 1125 2512 Σωτῆρτς
1208 2440 1468 2519 ἀναίρεσιν
1543 2452 1710 2499 ταῦτα
1786 2448 1883 2500 πά-

1786 2448 1883 2500 πά-
1992 2440 2315 2497 Salvatoris
2347 2440 2868 2515 interemptionem
2915 2443 3038 2499 haec
3067 2427 3390 2516 patiantur.

286 2538 507 2591 σχουσι.

350 2611 529 2663 Πάντα
581 2640 650 2654 -—
703 2610 925 2672 ὠδίνων.
997 2616 1166 2693 Ἀρχὴ
1226 2628 1325 2674 τῶν
1385 2631 1577 2689 κακῶν,
1631 2630 1884 2701 προοίμια

2060 2638 2223 2693 Vers.
2253 2637 2307 2691 8.
2335 2637 2623 2694 Omnia—
2643 2639 2937 2699 datorum.
2963 2642 3327 2716 Principium
3345 2643 3644 2703 malorum

275 2705 377 2751 τῶν
446 2710 744 2778 συμφορῶν,
821 2712 921 2758 τῶν
1006 2714 1110 2769 τοῖς
1159 2707 1437 2775 Ἰουδαίοις
1502 2711 1878 2790 ἕπερχομὶνων.

1990 2730 2047 2784 et
2077 2726 2405 2798 primordia
2426 2727 2835 2786 calamitatum
2865 2746 3001 2802 quae
3030 2705 3254 2787 Judaais
3293 2733 3635 2791 imminent.

256 2788 257 2791 “
348 2792 474 2842 Τότε
519 2820 589 2832 —
639 2791 838 2864 θλίψιν.
894 2800 1040 2861 Τότε,
1092 2802 1216 2853 πότε
1260 2816 1275 2866 ;
1329 2804 1437 2875 Πρὸ
1488 2788 1596 2866 τῆς⁷
1642 2802 1882 2858 ἀπόστα-

2062 2788 2229 2872 Vere.
2269 2820 2320 2872 9.
2365 2818 2515 2872 Tunc
2563 2788 3062 2889 —afﬂicti6nem.
3096 2823 3292 2893 Tunc;
3338 2788 3644 2895 quandoﬁi'

283 2880 430 2940 σίας.
467 2876 559 2942 Εἷς
586 2879 777 2935 ἐκεῖνον
803 2885 905 2957 γὰρ
944 2888 1032 2937 τὸν
1063 2892 1243 2963 καιρὸν
1286 2896 1553 2964 μετήγαγε
1580 2897 1667 2946 τὸν
1709 2894 1881 2967 λόγον,

1989 2906 2135 2962 Ante
2165 2905 2559 2963 defectionem
2587 2924 2601 2973 ;
2626 2924 2767 2965 nam
2790 2908 3002 2983 inillud
3026 2914 3267 2984 tempus
3303 2928 3645 2969 sermonem

281 2968 308 3019 6
362 2972 453 3022 καὶ
529 2976 742 3034 Λουκᾶς
808 2969 1067 3033 ἐδήλωσεν
1145 2980 1319 3047 εἰπὼν,
1373 2982 1455 3034 ὅτι
1507 2985 1614 3058 Πρό
1664 2986 1879 3053 τούτων,

1994 2994 2267 3061 traduxit,
2296 2995 2461 3069 quod
2491 3000 2547 3052 et
2575 2968 2762 3053 Lucas
2806 2968 3170 3069 signiﬁcavit
3213 3000 3418 3057 dicens
3452 2968 3469 3057 7:
3497 2968 3646 3059 Ante

280 3058 485 3110 πάντων
567 3058 901 3116 ἐπιϐαλοῦσιν
967 3066 1041 3138 ἐφ’
1102 3068 1239 3139 ὑμᾶς
1306 3070 1399 3131 τὰς
1452 3078 1636 3145 χεῖρας
1692 3074 1881 3143 αὐτων,

248 3140 251 3141 ν
350 3150 360 3163 I
504 3145 527 3163 Π
571 3148 625 3163 ιν
1089 3152 1109 3163 Α
1150 3153 1193 3163 Α.
1445 3159 1457 3163 -

1994 3084 2118 3141 haec
2135 3086 2325 3141 omnia
2344 3085 2610 3154 injicient
2631 3102 2835 3144 manus
2859 3104 2993 3144 suas
3015 3090 3074 3144 in
3092 3106 3202 3156 vos,
3232 3096 3287 3146 et
3306 3107 3647 3163 persequen-

277 3150 367 3199 καὶ
491 3145 791 3217 διώξουσι,
929 3152 1313 3229 παραδιδόντες
1417 3159 1488 3223 εἰς
1579 3164 1885 3234 συναγωγὰς

1995 3179 2115 3240 tur,
2146 3145 2432 3230 tradentes
2461 3174 2526 3229 in
2577 3191 2891 3247 synagogas
2920 3185 2971 3233 et
2999 3145 3283 3243 carceres,
3306 3145 3537 3235 tracti):
3567 3180 3647 3236 ad

277 3240 367 3288 καὶ
426 3235 675 3309 φυλακὰς,
756 3238 1038 3313 ἀγομένους
1116 3244 1198 3299 έπὶ
1273 3246 1511 3320 βασιλεῖς
1598 3255 1688 3303 καὶ
1760 3248 1935 3323 ἦγε-1

1997 3279 2155 3334 reges
2181 3279 2248 3318 ac
2275 3264 2796 3335 praesidespmpter
2809 3280 3019 3322 nomen
3044 3282 3233 3323 meum
3260 3268 3329 3322 ⁸ο.
3354 3267 3646 3324 Plurimas

278 3329 459 3397 μόνας,
519 3329 681 3381 ἕνεκεν
736 3338 828 3383 τοῦ
887 3331 1135 3406 ὀνόματός
1190 3355 1319 3408 μου.
1383 3338 1555 3391 Πολλά
1611 3342 1711 3412 γὰρ
1770 3346 1885 3394 τότε

1994 3329 2157 3408 enim
2196 3329 2570 3407 calamitates
2612 3329 2750 3424 post
2792 3353 3112 3409 Salvatoris
3159 3355 3644 3427 Assumptionem

258 3409 442 3478 δεινὰ,
495 3420 628 3488 μετά
683 3422 778 3478 τὴν
824 3429 916 3473 τοῦ
972 3429 1204 3497 Σωτῆρος
1248 3424 1524 3499 ἀνάληψιν,
1557 3409 1885 3483 οῐνΊουδαῖοι

1992 3439 2182 3495 Judaei
2207 3440 2567 3495 induxerunt
2593 3409 2881 3512 apostolis
2903 3458 2917 3508 ;
2936 3441 3235 3498 interdum
3265 3409 3508 3515 quidem
3533 3409 3648 3517 VS):

280 3509 384 3565 τοῖς
441 3503 749 3570 ἀποστόλοις
807 3509 1088 3583 ἐπήγαγον*
1143 3518 1268 3567 ποτε
1329 3519 1419 3588 μεν
1475 3526 1579 3579 τοῖς
1630 3517 1885 3593 ἀρχισυν-

1993 3543 2245 3601 nagogaa
2276 3503 2651 3602 principibus
2682 3503 2997 3597 tradentes,
3040 3537 3106 3587 ut
3135 3503 3490 3603 punirentur
3519 3549 3532 3599 ;
3565 3503 3647 3589 in-

282 3598 506 3666 αγώγοις
544 3594 924 3671 παραδιδόντες
963 3601 1036 3664 εἰς
1077 3604 1330 3672 κάκωσιν,
1374 3609 1493 3659 ποτε
1525 3604 1584 3661 δε
1610 3607 1695 3662 ἐπὶ
1726 3608 1885 3682 βασι-

1993 3594 2225 3676 ιθιιῖἰιιίη
2238 3594 2378 3675 vero
2399 3594 2488 3675 ad
2507 3634 2675 3690 reges
2688 3594 3007 3687 trahentes,
3026 3594 3207 3677 veluti
3239 3621 3315 3678 ad
3352 3594 3647 3679 Herodem

281 3680 385 3745 λεῐς
476 3685 703 3757 ἄγοντες,
790 3689 895 3742 οἷον
975 3690 1060 3744 ἐπὶ
1157 3691 1396 3769 Ἡρώδην
1444 3702 1533 3750 καὶ
1591 3680 1883 3773 Ἀγρίππαν

1995 3714 2050 3767 et
2070 3710 2414 3783 Agrippam,
2448 3724 2517 3765 ac
2554 3680 2792 3765 similes.
2835 3680 3128 3768 Praeterea
3167 3711 3244 3768 ad
3275 3711 3555 3784 praesides
3576 3727 3645 3770 ac

288 3769 403 3845 [καὶ
454 3773 564 3846 (19)
615 3779 736 3838 τοὺς
784 3781 1125 3855 τοιουτους,]
1172 3788 1261 3836 καὶ⁵
1313 3783 1395 3839 ἐπὶ
1450 3790 1571 3850 τούς
1628 3769 1886 3862 ἡγεμόνας

1995 3800 2297 3873 civitatum
2327 3799 2662 3872 prmfectos,
2696 3804 2751 3856 et
2775 3801 3042 3858 consulis
3070 3807 3173 3859 aut
3203 3802 3487 3876 principis
3511 3819 3649 3861 mu-

284 3865 372 3915 καὶ
460 3870 787 3939 στρατηγοὺς
840 3876 941 3920 τῶν
984 3869 1197 3940 πόλεων,
1241 3879 1331 3926 καὶ
1386 3879 1507 3937 τούς
1559 3875 1887 3943 ἀνθυπάτους

359 3949 371 3966 ,
515 3950 533 3966 .
622 3954 634 3966 .
868 3958 880 3966 .
1013 3960 1025 3966 -
1127 3959 1149 3966 -
1190 3960 1227 3966 μ
1542 3964 1550 3966 ξ

1994 3907 2135 3947 nere
2149 3865 2483 3961 fungentes,
2498 3889 3013 3963 quemadmodum
3029 3891 3177 3949 liber
3190 3865 3646 3966 apostolicarum

283 3949 373 4003 καί
446 3950 795 4027 πολιτάρχας,
854 3958 921 4021 ὡς
1003 3960 1033 4018 ἠ
1114 3959 1299 4033 βίϐλος
1363 3972 1463 4017 τῶν
1530 3964 1886 4022 ἀποστολικῶν
1994 3949 2308 4038 Αοιίοῃιιιῖι
2349 3949 2613 4037 ιθειέιιῖιτ.
2710 4036 2711 4039 η

285 4039 524 4115 Πράξεων
552 4043 767 4117 ἱστορεῖ.

356 4143 457 4193 Καὶ
545 4138 913 4197 ἀποκτενοῦσιν
1025 4147 1175 4219 ὑμᾶς.
1284 4156 1448 4205 Τοῦτο
1522 4153 1657 4227 λέγει
1756 4160 1885 4230 πρὸς

2066 4160 2232 4217 Vers.
2253 4164 2304 4217 9.
2337 4160 2413 4215 Et
2443 4160 2693 4217 occident
2741 4174 2854 4215 vos.
2889 4160 3010 4215 Hoc
3052 4160 3195 4216 solis
3236 4162 3318 4217 eis
3344 4161 3503 4225 dicit,
3544 4160 3648 4231 qui

280 4231 472 4322 μόνους
535 4232 657 4295 τοὺς
748 4230 1078 4305 ἀναιρεθῆναι
1150 4238 1421 4311 μελλοντας
1480 4238 1575 4296 διὰ
1630 4252 1723 4306 τῆς
1787 4252 1884 4296 τῶν

1994 4265 2102 4322 per
2137 4250 2485 4305 Iudaeorum
2523 4246 2968 4320 improbitatem
3004 4264 3074 4303 ac
3132 4248 3453 4303 versutiam
3492 4230 3648 4304 occi-

283 4312 554 4371 Ἰουδαίων
619 4329 1035 4399 κακεντρεχείας,
1097 4323 1203 4389 οἶος
1300 4326 1361 4388 ἧν
1458 4334 1709 4405 Στέφανος
1796 4338 1885 4386 καὶ

1994 4312 2172 4394 dendi
2200 4340 2403 4395 erant:
2432 4339 2578 4408 puta
2604 4312 2961 4409 stephanus,
2997 4334 3258 4392 Iacobus
3278 4335 3458 4393 frater
3477 4337 3647 4392 Joan-

280 4402 547 4478 ’Ῑάκωϐος,
580 4409 607 4461 6
638 4406 860 4484 ἀδελφός
891 4412 1147 4481 Ἰωάννου,
1181 4421 1271 4470 καὶ
1296 4420 1341 4471 εἴ
1367 4438 1448 4482 τις
1468 4402 1657 4496 ἔτερος.

987 4416 1147 4481 ἑννου,
1181 4421 1271 4470 καὶ
1296 4420 1341 4471 εἴ
1367 4438 1448 4482 τις
1468 4402 1657 4496 ἔτερος.
1993 4426 2107 4491 nis,
2132 4431 2189 4483 et
2228 4425 2280 4481 si
2319 4424 2455 4498 quis
2477 4424 2645 4481 alius.

355 4500 456 4551 Καὶ
510 4528 580 4539 -
639 4518 759 4571 μου.
831 4500 952 4556 ’Υπό
1017 4509 1220 4576 γονέων,
1281 4508 1382 4560 ὑπὸ
1442 4518 1724 4581 συγγενῶν,
1782 4512 1883 4564 ύπό
1958 4512 1963 4521 ’

2065 4514 2235 4572 Vers.
2258 4518 2308 4572 9.
2347 4514 2505 4570 Et—
2526 4529 2731 4571 meum.
2756 4514 2801 4569 A
2817 4510 3185 4586 parentibus,
3203 4528 3239 4568 a
3265 4512 3554 4585 cognatis,
3571 4512 3646 4570 ab

280 4583 457 4657 φίλων,
515 4586 615 4640 ύπό
705 4590 993 4663 ὁμοφύλων,
1074 4595 1174 4646 ὑπὸ
1256 4595 1475 4667 οἰκείων,
1558 4599 1658 4651 ύπό
1711 4593 1938 4664 ξένων,Ῑ

1995 4605 2221 4671 amicis,
2250 4621 2285 4661 a
2312 4602 2766 4671 contribulibus,
2796 4583 2832 4657 a
2856 4600 3270 4669 familiaribus,
3289 4601 3366 4658 ab
3396 4602 3649 4675 hospiti-

280 4675 383 4727 ὑπὸ
432 4674 720 4749 ἀρχόντων,
776 4681 877 4733 ύπὸ
928 4680 1249 4755 ἀρχομένων,
1322 4690 1411 4739 καὶ
1476 4686 1649 4751 ἁπλῶς
1706 4692 1883 4758 εἰπεῖν,

1996 4694 2125 4766 bus,
2150 4694 2593 4767 aprincipibus,
2640 4709 2676 4749 a
2707 4691 2962 4749 subditis
3007 4697 3061 4748 et
3095 4695 3160 4747 ut
3200 4692 3385 4749 semel
3425 4674 3644 4761 dicam,

281 4763 384 4816 ύπὸ
429 4766 634 4818 πάντων
690 4775 789 4821 τῶν
849 4767 1127 4843 ἀλλοτρίων
1184 4780 1276 4826 τοῦ
1321 4778 1671 4849 κηρύγματος.
1705 4785 1884 4854 Προει-

1997 4784 2074 4841 ab
2104 4763 2511 4857 omnibus'qui
2537 4781 2775 4840 alienati
2821 4785 2959 4838 sunt
2998 4796 3035 4837 a
3062 4781 3506 4854 praedicatione.
3538 4783 3647 4839 Ubi

284 4856 392 4905 πὼν
422 4849 481 4907 δι
540 4857 609 4909 τά
660 4860 966 4933 σκυθρωπὰ,
1027 4859 1202 4915 λοιπὸν
1233 4861 1462 4937 ἐπήγαγε
1512 4872 1601 4919 καὶ
1643 4872 1736 4927 τὴν
1784 4888 1887 4922 πα-

1997 4878 2198 4931 autem
2248 4849 2447 4929 tristia.
2504 4872 2791 4946 praedixit,
2846 4870 3317 4928 consolationem
3371 4872 3646 4945 deinceps

281 4944 566 5015 ραμυθίαν,
600 4946 678 4999 ὅτι
730 4948 805 4999 Δι’
862 4947 967 5021 έμέ.
1024 4956 1187 5005 Τοῦτο
1242 4956 1344 5028 γὰρ
1377 4951 1532 5013 δηλοῖ
1578 4960 1636 5009 τὸ
1695 4954 1789 5011 διὰ
1830 4963 1886 5013 τό

1999 4961 2326 5033 subjunxit,
2358 4944 2565 5018 dicens
2599 4980 2615 5016 :
2647 4961 2891 5034 PrOpter
2917 4977 3030 5017 me.
3053 4964 3200 5017 Nam
3231 4960 3293 5018 id
3316 4944 3640 5035 signiﬁcat:

284 5034 448 5105 ὄνομά
537 5053 661 5108 μου.
722 5041 824 5091 Καὶ
873 5040 1025 5100 ὄντως
1101 5042 1300 5114 μεγάλη
1354 5052 1464 5107 τοῖς
1519 5047 1779 5119 μαθηταῖς
1827 5045 1887 5109 ἦν

1996 5058 2240 5123 propter
2250 5067 2460 5109 nomen
2475 5067 2684 5109 meum.
2706 5054 2772 5108 Et
2800 5065 2932 5107 vere
2950 5065 3174 5124 magna
3185 5034 3491 5127 discipulis
3521 5054 3647 5111 erat

280 5124 593 5198 παραμυθία
619 5126 678 5179 τὸ
707 5128 937 5203 πάσχειν
967 5123 1044 5182 δι’
1072 5129 1246 5188 αὐτὸν.

1998 5141 2325 5202 consolatio
2354 5142 2477 5217 pati
2502 5145 2745 5215 propter
2779 5139 3001 5214 ipsum.

351 5297 400 5336 ”
430 5299 568 5363 Luc.
597 5316 720 5371 xxx,
756 5306 844 5360 u.
920 5303 970 5343 ⁸ο
997 5303 1147 5364 Ibid.
1183 5309 1270 5364 t2.

1484 5437 1709 5509 Varia
1728 5417 2059 5513 lectiones
2088 5454 2155 5513 et
2176 5450 2382 5513 notae.

351 5568 469 5658 (ιτ)
493 5570 746 5645 Ἐπίμονα
768 5572 841 5631 Β.
865 5571 1320 5646 Chrysostomus
1340 5576 1471 5636 loco
1496 5578 1742 5640 laudato
1778 5604 1883 5657 χα-

351 5660 423 5695 τα.
982 5692 993 5701 ν

964 5576 1320 5646 -ysostomus
1340 5576 1471 5636 loco
1496 5578 1742 5640 laudato
1778 5604 1883 5657 χα-
2091 5587 2174 5659 18)
2197 5585 2279 5641 Ἐν
2316 5586 2328 5601 ’
2377 5591 2523 5660 ωνίᾳ,
2557 5587 2622 5641 Α.

982 5692 993 5701 .
2061 5586 2475 5731 ξωηπίἂαῖιωο
2530 5673 2622 5716 νο(

274 5641 452 5697 imi."
613 5641 623 5645 '
975 5641 993 5701 ἶ
1778 5641 1822 5657 ’”
2061 5641 2309 5732 ζώδΤτίἂ
2345 5641 2826 5719 Ῑιωίνοοεώιιλδ.
2851 5657 3069 5717 absunt
3112 5662 3176 5717 A.

271 5822 279 5827 ι
340 5778 428 5859 (9)
448 5750 451 5753 Δ
468 5785 870 5847 Certaminum
880 5789 1223 5863 praefectos,
1236 5791 1653 5858 Adcertamine
1681 5798 1951 5861 idoneos.
