4198 6502
519 399 626 456 603
1359 443 1362 448 .
1839 392 2183 450 EUTHYMI]

2297 395 2387 449 GA
2397 394 2536 450 BEN
2541 393 2561 448 Ι
3834 397 3952 454 604

516 523 846 580 vastatione
874 521 1103 578 discere
1132 522 1458 594 cupientes,
1491 528 1780 593 quantum
1795 520 1871 577 de
1903 523 2169 592 tempore

2291 528 2419 585 ναοῦ,
2465 521 2587 573 ὅσον
2620 525 2738 594 περὶ
2774 527 2867 572 τοῦ
2918 526 3104 594 καιροῦ
3161 528 3254 580 τῆς
3297 517 3540 592 δευτέρας
3587 528 3945 596 παρουσίας

519 611 766 669 secundi
787 611 1079 667 adventus
1105 613 1236 683 ejus
1268 629 1286 679 ;
1317 611 1450 666 ideo
1480 611 1659 667 etiam
1685 611 1933 666 seorsim
1964 625 2170 664 acces-

517 707 719 758 serunt
757 716 828 756 ne
857 701 1080 756 Judaais
1108 701 1222 756 hoc
1248 701 1632 757 manifestum
1658 700 1842 756 ﬁeret.
1880 700 1998 754 Sed
2030 700 2168 753 Mat-

516 792 706 848 thmus
732 790 854 846 duo
884 791 1008 846 haec
1028 806 1129 846 eos
1148 791 1544 858 interrogasse
1573 789 1731 854 dicit,
1760 793 1905 860 puta
1934 805 1947 842 :
1979 788 2170 855 Quan-

517 882 592 938 do
633 881 760 939 haec
788 887 960 937 erunt
988 882 1017 936 ?
1046 897 1182 953 quae
1208 880 1480 935 videlicet
1509 880 1584 935 de
1613 879 1818 950 templi
1867 878 2173 934 eversione

519 971 715 1026 dixisti
747 989 760 1037 ;
793 973 851 1024 et
890 970 1052 1035 Quod
1070 970 1285 1040 signum
1315 970 1594 1025 adventus
1624 971 1708 1024 tui
1733 976 1786 1024 et
1807 982 2176 1023 consumma-

519 1062 694 1116 tionis
717 1061 926 1117 sceculi
951 1065 975 1109 τ
1000 1061 1227 1114 Marcus
1264 1074 1406 1114 vero
1429 1060 1668 1114 unicam
1708 1057 1890 1112 fuisse
1919 1056 2063 1111 dicit
2091 1056 2178 1110 in-

499 1148 998 1220 .terrogationem,
1025 1147 1100 1203 de
1130 1148 1355 1219 templo
1383 1147 1600 1204 solum.
1627 1146 1722 1202 Ait
1745 1145 1938 1201 enim:
1973 1145 2061 1200 die
2080 1160 2178 1199 no-

501 1238 608 1294 ;bis
626 1237 862 1308 quando
881 1238 1000 1293 luet:
1015 1244 1210 1304 erunt,
1232 1243 1286 1293 et
1331 1237 1490 1307 quod
1508 1237 1738 1306 signum
1767 1235 2001 1306 quando
2061 1234 2176 1289 hac

499 1327 716 1383 omnia
741 1326 1195 1382 eonsummanda
1219 1331 1358 1380 sunt
1381 1327 1428 1360 ³⁸
1448 1331 1472 1376 ?
1497 1324 1775 1380 Similiter
1810 1328 2008 1379 autem
2041 1323 2178 1378 scri-

520 1416 639 1488 psit
667 1420 724 1471 et
744 1415 929 1470 Lucas
955 1415 1022 1469 ³⁶.
1081 1414 1232 1480 Quid
1271 1430 1414 1484 ergo
1459 1413 1779 1469 dicendum
1817 1420 1909 1468 est
1934 1420 1957 1464 ?
2005 1411 2177 1478 Quod

519 1503 900 1576 unaquidem
924 1502 1035 1559 fuit
1054 1503 1456 1575 interrogatio,
1492 1505 1639 1559 sicut
1655 1503 2017 1574 scripserunt
2035 1501 2175 1557 Mar-

522 1610 624 1650 cus
653 1599 708 1649 et
729 1593 940 1648 Lucas.
973 1594 1221 1649 Intentio
1252 1598 1447 1650 autem
1471 1593 1901 1664 discipulorum
1941 1596 2086 1655 erat,
2116 1596 2178 1646 ut

520 1683 596 1739 de
625 1683 716 1738 his
745 1681 979 1738 duobus
1000 1683 1277 1738 certiores
1317 1683 1524 1738 tierent
1556 1699 1569 1736 :
1598 1687 1742 1753 puta
1771 1681 1846 1736 de
1875 1681 2178 1736 eversione

499 1771 728 1844 templi
752 1775 807 1827 et
828 1771 903 1827 de
922 1771 1189 1828 secundo
1210 1772 1420 1828 Christi
1450 1771 1723 1827 adventu.
1767 1771 2178 1827 Existimantes

2278 608 2458 660 αὐτοῦ.
2515 614 2602 661 Διὸ
2646 615 2736 661 καὶ
2781 611 2895 661 κατ’
2939 609 3079 661 ἰδίαν
3109 610 3428 684 προσῆλθον,
3481 613 3565 662 ἶνα
3621 617 3718 684 μὴ
3777 620 3948 666 τοῦτο

2276 705 2381 759 τοῖς
2461 695 2740 760 Ἰουδαίοις
2786 703 3042 751 ἔκπυστον
3097 704 3330 770 γένηται.
3388 700 3548 752 Ἀλλὰ
3615 704 3945 765 Mart-Baio;

2277 791 2369 858 μέν
2401 807 2580 858 φησιν,
2630 790 2813 849 αὐτοὺς
2865 785 2962 840 δύο
3006 797 3170 841 ταῦτα
3200 788 3480 860 ἐρωτῆσαι,
3534 795 3690 844 Πότε
3758 799 3951 844 ταῦτα

2282 877 2451 941 ἔσται,
2508 874 2741 942 δηλαδὴ,
2797 881 2862 929 τὰ
2908 886 2999 930 τοῦ
3029 886 3153 929 ναοῦ
3185 886 3280 938 τῆς
3329 879 3447 948 (l3)
3491 889 3942 953 καταστροφῆς,

2282 969 2390 1028 καὶ,
2451 971 2514 1017 Τί
2568 970 2625 1017 τὸ
2683 975 2895 1038 σημεῖον
2952 975 3048 1028 τῆς
3118 976 3216 1028 σῆς
3267 972 3583 1040 παρουσίας,
3652 975 3763 1022 καὶ
3839 979 3944 1030 τῆς

2286 1053 2579 1116 συντελείας
2617 1064 2708 1107 τοῦ
2748 1056 2951 1117 αἰῶνος·
3009 1057 3035 1106 6
3085 1052 3144 1107 δὲ
3198 1059 3408 1130 Μάρκος
3465 1059 3513 1108 ἓν
3572 1056 3733 1110 εἶναι
3795 1059 3940 1130 λέγει

2283 1146 2341 1193 τὸ
2392 1142 2652 1216 ἐρώτημα,
2719 1150 2836 1218 περὶ
2892 1154 2984 1196 τοῦ
3040 1153 3166 1197 ναοῦ
3227 1150 3400 1216 μόνον.
3453 1147 3720 1218 Ἔγραψε
3793 1150 3933 1224 γὰρ,

2284 1231 2410 1284 Εἰπε
2452 1235 2597 1305 ἡμῖν,
2655 1239 2778 1286 πότε
2828 1242 2995 1286 ταῦτα
3047 1237 3216 1299 ἔσται,
3263 1239 3353 1286 καὶ
3427 1241 3478 1287 τί
3529 1239 3591 1288 τὸ
3666 1245 3930 1310 σημεῖον,

2284 1325 2401 1375 ὅταν
2471 1323 2628 1396 μελλῃ
2732 1331 2897 1376 ταῦτα
2979 1327 3149 1378 πάντα
3251 1324 3643 1379 συντελεῖσθαι.
3743 1334 3931 1402 Παρα-

2284 1412 2519 1473 πλησίως
2564 1409 2623 1465 δὲ
2657 1413 2787 1484 λέγει
2819 1419 2906 1465 καὶ
2938 1415 2963 1465 6
3007 1415 3232 1475 Λουκάς.
3263 1419 3328 1466 Τί
3374 1411 3461 1466 οὖν
3492 1417 3648 1467 ἔστιν
3713 1417 3923 1487 εἰπεῖνς

2285 1501 2403 1554 Ὀτι
2452 1508 2550 1573 μία
2601 1505 2691 1574 μεν
2742 1499 2770 1560 ἦ
2814 1502 3089 1576 ἐρώτησις,
3143 1505 3212 1563 ὡς
3262 1503 3495 1575 ἔγραψαν
3536 1509 3781 1579 Μάρκος
3830 1511 3922 1558 καὶ

2287 1597 2513 1652 Λουκᾶςο
2568 1595 2764 1651 σκοπὸς
2841 1589 2900 1644 δι
2947 1600 3059 1652 τοῖς
3129 1594 3387 1664 μαθηταῖς
3444 1599 3566 1666 περὶ
3633 1603 3746 1646 τῶν
3820 1592 3919 1647 δύο

2285 1683 2479 1731 τούτων
2529 1683 2730 1751 μαθεῖν,
2783 1688 2880 1740 τῆς
2943 1699 2997 1733 τε
3047 1689 3138 1732 τοῦ
3185 1689 3311 1733 ναοῦ
3349 1692 3756 1756 καταστροφῆς,
3820 1687 3910 1735 καὶ

2286 1778 2383 1830 τῆς
2405 1777 2496 1821 τοῦ
2523 1777 2758 1841 Χριστοῦ
2799 1766 3044 1842 δευτέρας
3073 1775 3387 1842 παρουσίας.
3416 1771 3903 1841 Ὑπολαμϐοίνοντες

523 1865 721 1918 autem
749 1860 913 1932 quod
940 1861 1116 1916 simul
1143 1861 1271 1916 haec
1290 1862 1411 1917 duo
1435 1863 1862 1930 contingerent,
1913 1859 2179 1916 fecerunt

2291 1861 2408 1931 γὰρ,
2442 1861 2516 1910 ὃτι
2544 1859 2654 1930 οἶμα
2682 1862 2747 1910 τὰ
2774 1856 2870 1910 δύο
2895 1864 3219 1930 γενήσονται,
3245 1865 3368 1931 μίαν
3400 1866 3519 1934 περὶ
3544 1869 3640 1912 τῶν
3669 1857 3768 1912 δύο
3794 1863 3889 1916 τὴν

499 1987 504 1990 -
523 1965 709 2007 unam
730 1949 805 2004 de
824 1949 1631 2020 utroqueinterrogationem.
1647 1950 1857 2005 Verum
1877 1948 2181 2005 Matthaaus

525 2039 917 2095 intentionem
948 2054 1158 2094 eorum
1188 2038 1604 2108 manifestans,
1629 2037 1793 2096 illam
1825 2039 1886 2094 in
1916 2038 2070 2094 duas
2095 2038 2180 2094 di-

520 2127 687 2184 visit.

593 2217 756 2272 Vers.
789 2219 842 2272 4.
865 2216 949 2271 Et
977 2247 1043 2256 —
1066 2215 1229 2272 Vers.
1256 2217 1536 2275 seducent.
1591 2217 1740 2274 Nihil
1765 2217 1844 2273 ad
1871 2217 1977 2274 has
2007 2217 2180 2274 inter-

521 2308 863 2377 rogationes
909 2306 1238 2379 respondit,
1271 2307 1376 2362 sed
1434 2309 1696 2380 primum
1753 2307 1854 2363 illa
1879 2307 2024 2363 dicit
2068 2308 2174 2373 eis,

500 2412 658 2468 quas
707 2397 970 2468 primum
1009 2411 1113 2452 eos
1145 2396 1294 2452 scire
1341 2397 1650 2467 Oportebat
1682 2413 1695 2451 :
1723 2413 1855 2468 qua:
1910 2395 2181 2454 videlicet

522 2485 787 2542 futurum
810 2491 1020 2541 eratut
1049 2492 1185 2541 ante
1210 2484 1309 2540 illa
1329 2490 1724 2541 occurrerent.
1759 2485 1948 2542 Lucas
1980 2493 2180 2542 autem

523 2574 668 2630 dicit
705 2591 716 2630 :
761 2574 953 2631 Videte
981 2589 1056 2629 ne
1105 2573 1478 2629 seducamini.
1530 2575 1714 2630 Multi
1759 2576 1915 2631 enim
1957 2577 2182 2632 venient

522 2663 588 2719 in
640 2663 868 2719 nomine
913 2678 1031 2719 mes
1079 2663 1327 2718 dicentes
1379 2665 1524 2733 :Ego
1547 2679 1726 2728 sum;
1778 2670 1875 2721 et:
1942 2667 2182 2737 Tempus

522 2752 723 2808 instat.
746 2753 833 2808 Ne
864 2751 1045 2822 igitur
1059 2753 1383 2822 sequamini
1404 2753 1534 2808 illos
1561 2755 1630 2809 ³⁷.
1659 2753 1927 2821 Venient,
1956 2755 2179 2827 linquit,

526 2839 772 2896 nomine
828 2856 964 2896 meo
994 2846 1223 2896 utentes
1263 2843 1332 2896 ad
1370 2842 1781 2916 deceptionem
1811 2859 2037 2910 eorum,
2080 2845 2185 2917 qui

501 2928 643 2985 illis
682 2928 960 2984 credituri
990 2933 1146 2996 sunt,
1197 2934 1254 2986 et
1281 2930 1562 2998 dicentes,
1617 2933 1876 3006 quisque
1913 2933 2186 2989 videlicet

528 3033 737 3076 eorum
768 3036 781 3076 :
807 3019 936 3088 Ego
953 3034 1105 3083 sum,
1128 3035 1344 3092 nempe
1365 3021 1641 3077 Christus.
1665 3026 1730 3079 Et
1753 3041 1766 3078 :
1801 3025 2046 3093 Tempus
2067 3023 2184 3078 ins-

2288 1946 2541 2020 ἄρωτησιν
2593 1947 2926 2006 ἐποιήσαντο·
2983 1950 3246 2008 Mareade;
3312 1946 3373 2002 δε
3437 1950 3739 2023 σαφηνίζων
3804 1950 3894 1999 τὸν

2289 2042 2484 2090 σκοπὸν
2513 2038 2703 2104 αὐτῶν,
2736 2034 2922 2090 διεῖλεν
2952 2038 3132 2102 αὐτὴν,
3161 2038 3233 2100 εἰς
3259 2041 3325 2090 τὰ
3355 2035 3474 2094 δύο.

2360 2221 2461 2270 Καὶ
2513 2246 2582 2257 -
2642 2216 2992 2275 πλανήσουσι.
3050 2213 3217 2269 Οὐδὲν
3273 2220 3404 2292 πρὸς
3467 2219 3558 2280 τὰς
3614 2215 3909 2290 ἐρωτήσεις

2263 2306 2542 2380 -ἁπεκρίθη
2598 2310 2810 2373 ταυτας,
2873 2306 3003 2359 ἀλλὰ
3058 2312 3301 2380 πρότερον
3358 2311 3523 2360 ἐκεῖνα
3576 2307 3724 2378 λέγει
3783 2309 3914 2358 τοῦ-

2287 2415 2416 2461 τοις,
2467 2396 2501 2447 ἅ
2550 2404 2733 2471 πρῶτα
2777 2399 2988 2456 τούτους
3049 2392 3156 2448 ἔδει
3186 2399 3382 2468 μαθεῖν,
3426 2400 3493 2456 ὡς
3536 2398 3640 2464 πρὸ
3694 2394 3912 2446 ἐκείνων

2289 2484 2586 2543 ἀπαντῆσαι
2627 2485 2890 2557 μέλλοντα.
2949 2491 3157 2546 Λουκᾶς
3208 2483 3265 2538 δέ
3309 2503 3480 2556 φησιν,
3540 2483 3794 2553 Βλέπετε,
3827 2488 3905 2554 μὴ

2287 2575 2600 2632 πλανηθῆτέ.
2682 2575 2865 2627 Πολλοί
2938 2578 3039 2650 γὰρ
3111 2574 3394 2626 ἐλεύσονται
3462 2572 3545 2626 ἐπὶ
3623 2579 3702 2642 τῷ
3793 2571 3908 2623 ὀνό-

2290 2669 2416 2736 ματί
2465 2684 2588 2736 μου,
2641 2665 2888 2734 λέγοντες,
2951 2667 3031 2716 ὃτι
3091 2665 3217 2734 Ἐγώ
3269 2663 3395 2736 εἰμι,
3447 2667 3554 2728 καὶ,
3596 2661 3657 2714 Ὁ
3712 2664 3902 2734 καιρὸς

2292 2758 2497 2825 iris/711:.
2543 2759 2629 2812 Μὴ
2667 2750 2754 2806 οὖν
2790 2756 3076 2828 πορευθῆτε
3106 2754 3273 2806 ὀπίσω
3312 2753 3497 2807 αὐτῶν.
3531 2751 3899 2817 Ἐλεύσονται,

2293 2847 2444 2914 φησὶ,
2502 2851 2575 2912 τῷ
2625 2843 2838 2915 ὀνόματί
2886 2863 2985 2916 μου
3038 2862 3300 2918 χρῳμενοι
3352 2847 3477 2916 πρὸς
3528 2840 3738 2898 ἀπάτην
3801 2848 3904 2892 τῶν

2293 2933 2607 3004 πειθομένων
2660 2933 2850 2998 αὐτοῖς,
2901 2939 2990 2984 καὶ
3044 2933 3271 3004 λέγοντες
3319 2933 3554 2996 ἕκαστος,
3623 2932 3710 2981 ὅτι
3770 2929 3908 3000 Ἐγώ

2295 3021 2417 3093 εἰμι,
2469 3025 2758 3089 τουτέστιν,
2800 3025 2912 3093 (14)
2962 3024 2987 3073 6
3035 3027 3285 3096 Χριστὸς,
3343 3027 3432 3073 καὶ
3477 3023 3550 3074 ὅτι
3605 3019 3668 3072 c0
3699 3021 3903 3091 καιρὸς.

531 3112 637 3171 tat,
670 3113 816 3179 puta
855 3109 972 3164 mei
1000 3110 1244 3165 secundi
1275 3111 1568 3168 adventus
1606 3114 1695 3170 Ne
1713 3129 1844 3185 ergo
1869 3114 2183 3185 sequamini

2295 3115 2529 3184 ἤγγικεν,
2589 3114 2615 3163 6
2673 3120 2766 3174 τῆς
2810 3109 3049 3184 δευτέρας
3106 3131 3205 3184 μου
3270 3109 3510 3169 δηλονότι
3573 3114 3904 3183 παρουσίας.

531 3212 645 3262 eos,
675 3196 795 3252 sive
841 3197 1107 3270 aliquem
1158 3198 1417 3256 illorum.
1450 3201 1684 3259 Marcus
1715 3209 1916 3258 autem
1976 3203 2127 3258 dixit
2169 3221 2183 3256 :

529 3286 606 3342 Et
631 3286 838 3343 multos
865 3289 1131 3344 seducent
1167 3291 1240 3345 ³³.
1299 3290 1558 3348 Fuerunt
1607 3297 1805 3348 autem
1845 3290 2188 3365 hujusmodi

530 3376 894 3445 seductores,
951 3379 1155 3436 Simon
1213 3383 1271 3436 et
1316 3382 1636 3439 Menander
1704 3382 2082 3448 Samaritani,
2133 3387 2191 3438 et

528 3465 651 3523 alii.

600 3559 757 3615 Vers.
785 3561 844 3617 6.
881 3557 1176 3615 Futurum
1208 3565 1292 3616 est
1340 3589 1408 3602 —
1455 3560 1768 3618 bellorum.
1821 3560 1984 3618 Bella
2029 3561 2194 3621 dicit:

528 3661 664 3719 quae
686 3653 850 3703 mota
865 3652 1004 3702 sunt
1020 3655 1226 3703 contra
1241 3647 1648 3720 Hierosolyma
1672 3665 1970 3705 :rumores
1993 3657 2194 3708 autem

529 3733 848 3798 bellorum,
899 3749 1033 3805 qum
1085 3739 1295 3790 contra
1341 3735 1492 3791 alias
1529 3737 1880 3794 Judworum
1931 3739 2194 3797 civitates

531 3838 688 3895 quos
708 3823 895 3878 factos
911 3822 1092 3880 fuisse
1123 3823 1328 3880 scribit
1353 3826 1644 3898 Iosephus
1665 3833 1991 3901 antequam
2021 3845 2190 3902 cape-

533 3917 696 3968 retur
723 3911 1071 3968 Jerusalem.
1124 3913 1425 3985 Siquidem
1449 3916 1626 3972 erexit
1656 3932 1718 3973 se
1775 3919 1849 3990 (f)
1902 3920 2064 3976 natio
2098 3921 2195 3977 Ju-

533 3999 821 4066 dmorum,
836 4015 945 4056 nec
956 4000 1232 4057 tributum
1246 4003 1603 4060 exsolvebat.
1630 4007 1881 4064 Romani
1901 4024 2038 4066 vero
2069 4025 2192 4066 non

535 4088 1111 4162 ferentesinjuriam,
1126 4091 1568 4164 expeditionem
1589 4096 1650 4151 in
1669 4095 1797 4153 illos
1814 4105 2189 4169 paraverunt.

606 4180 762 4235 Vers.
798 4185 840 4237 6.
866 4181 1065 4238 Videte
1109 4212 1177 4222 —
1226 4183 1378 4251 ﬁnis.
1434 4186 1514 4240 Ne
1566 4187 1928 4256 terreamini,
1978 4189 2192 4262 inquit,

534 4267 708 4341 quasi
737 4269 1081 4342 pradicatio
1118 4270 1231 4328 sub
1267 4272 1555 4329 seditione
1583 4279 1638 4331 et
1666 4276 2003 4333 turbatione
2049 4277 2192 4333 diri-

505 4398 514 4406 -
535 4359 758 4416 menda
789 4360 887 4418 sit.
928 4359 1221 4432 Siquidem
1245 4367 1493 4420 ventura
1517 4369 1654 4421 sunt
1678 4364 1804 4421 haec
1829 4365 2036 4422 omnia
2060 4382 2192 4438 qum

507 4447 609 4504 .de
635 4448 727 4504 bis
759 4447 928 4506 bellis
955 4449 1095 4520 dixi,
1152 4451 1237 4507 sic
1265 4455 1464 4508 tamen
1495 4457 1558 4510 ut
1587 4453 1732 4510 nihil
1777 4453 1861 4510 illi
1913 4458 2189 4512 noceant.

541 4540 666 4592 Ant.
699 4539 779 4593 Ne
806 4540 1168 4610 terreamini,
1200 4542 1370 4612 quasi
1391 4541 1518 4612 jam
1545 4544 1721 4599 instet
1749 4543 1889 4599 ﬁnis
1916 4544 2038 4598 sive
2064 4559 2193 4616 per-

537 4624 682 4681 ditio
708 4627 912 4698 templi
944 4643 1014 4683 ac
1065 4629 1337 4686 civitatis.
1367 4633 1607 4704 Oportet
1632 4633 1791 4688 enim
1818 4633 1946 4688 haec
1988 4635 2194 4692 omnia

539 4713 667 4771 ﬁeri
692 4731 710 4780 ;
741 4716 847 4771 sed
873 4716 1146 4774 nondum
1199 4724 1286 4776 est
1322 4721 1460 4777 ﬁnis
1515 4722 1634 4778 sive
1665 4721 1910 4792 perditio
1936 4737 2142 4778 eorum
2175 4743 2189 4785 :

542 4819 684 4860 nam
720 4808 1102 4877 postmodum
1135 4814 1311 4883 capta
1371 4815 1513 4866 sunt
1570 4810 1992 4882 Hierosolyma.
2051 4813 2194 4870 Dicit

541 4897 743 4948 autem
766 4892 1244 4968 Chrysostomus,
1267 4899 1434 4971 quod
1453 4898 1724 4971 discipuli
1746 4915 1879 4956 cum
1898 4900 1956 4956 in
1979 4917 2195 4973 prince-

543 4983 825 5040 dentibus
853 4986 926 5041 de
947 4992 1206 5046 extrema
1229 4987 1574 5044 Judaaorum
1614 4989 1838 5046 ultione
1865 4991 2189 5058 audissent,

619 5164 664 5198 ³⁵
692 5165 872 5223 Marc.
911 5181 1033 5232 xm,
1061 5167 1116 5234 4,

1223 5169 1269 5202 ³⁸
1300 5167 1440 5223 Luc.
1473 5183 1596 5235 xxx,
1623 5173 1675 5224 7.
1782 5171 1827 5204 ³⁷
1849 5170 1996 5226 ibid.
2027 5174 2077 5227 8.

2296 3206 2379 3259 Μὴ
2445 3198 2532 3253 οὖν
2593 3200 2981 3259 ἁκολουθὴσητε
3031 3200 3223 3268 αὐτοῖς,
3286 3205 3468 3271 ἤγουν,
3519 3203 3627 3250 τινὶ
3708 3199 3904 3250 αὐτῶν.

2294 3291 2352 3343 '0
2417 3288 2475 3344 δε
2532 3293 2740 3364 Μάρκος
2810 3289 2963 3354 εἶπεν,
3016 3292 3094 3342 ὅτι
3173 3294 3272 3342 Καὶ
3327 3288 3538 3348 πολλοὺς
3597 3287 3908 3346 πλανήσου-

2304 3400 2405 3434 σιν.
2467 3381 2725 3451 Ἐγένοντο
2785 3376 2844 3432 δὶ
2893 3387 3120 3432 τοιοῦτοι
3167 3379 3350 3432 πλάνοι
3407 3384 3580 3452 Ξίμων
3639 3378 3760 3449 (15)
3820 3381 3910 3428 καὶ

2303 3466 2621 3544 Μένανδρος,
2653 3472 2702 3522 οἱ
2728 3476 3061 3544 Σαμαρεῖται,
3094 3474 3183 3521 καὶ
3215 3471 3394 3543 ἕτεροι.

2373 3559 2660 3617 Μελλήσετε
2691 3589 2758 3600 —
2809 3558 3062 3630 πολέμων.
3119 3558 3373 3629 Πολέμους
3421 3555 3558 3627 λέγει
3601 3560 3726 3616 τοὺς
3777 3555 3915 3608 κατὰ

2303 3658 2402 3701 τῶν
2430 3648 2818 3724 Ἰεροσολύμων·
2852 3647 3006 3708 ἀκοὰς
3036 3643 3094 3700 δε
3121 3646 3354 3717 πολέμων
3379 3647 3472 3706 τὰς
3512 3653 3620 3697 τῶν
3644 3649 3776 3720 πρὸς
3819 3645 3915 3705 τὰς

2301 3738 2455 3798 ἄλλας
2482 3737 2653 3798 πόλεις
2700 3745 2799 3790 τῶν
2825 3733 3120 3801 ’1ουδαίων,
3163 3733 3252 3796 οὖς
3284 3735 3544 3795 Ἰώσηπος
3592 3737 3794 3807 ἱστορεῖ
3827 3750 3913 3803 γε·

2301 3829 2480 3880 νέσθαι
2517 3831 2617 3902 πρὸ
2656 3834 2747 3888 τῆς
2776 3826 3009 3886 ἁλώσεως
3051 3833 3142 3886 τῆς
3187 3823 3551 3901 Ἰερουσαλήμ,
3589 3827 3691 3876 Καὶ
3720 3824 3823 3894 γὰρ
3850 3821 3912 3872 τὸ

2299 3926 2399 3970 τῶν
2444 3913 2713 3970 Ἰουδαίων
2767 3918 2907 3977 ἔθνος
2962 3915 3168 3989 ἀντῆρε,
3221 3920 3310 3967 καὶ
3341 3915 3433 3967 οῦκ
3473 3909 3743 3967 ἀπεδίδου
3797 3912 3915 3969 τοὺς

2302 4011 2508 4080 φόρους·
2546 4005 2787 4078 Ῥωμαῖοι
2838 4001 2915 4070 δὲ,
2967 4009 3040 4077 μὴ
3092 4005 3376 4077 ένεγκοντες
3427 4007 3522 4062 τὴν
3554 4001 3731 4077 ὕϐριν,
3767 4003 3915 4054 ἐπεσ-

2300 4097 2589 4168 τράτευσαν
2623 4095 2814 4155 αὐτοῖς.

2368 4185 2552 4259 Ὁρᾶτε
2615 4215 2685 4225 -
2736 4183 2894 4246 τέλος.
2952 4187 3039 4242 Μὴ
3110 4185 3393 4250 πτοηθῆτε,
3450 4185 3641 4253 φησὶν,
3701 4182 3773 4242 ὡς
3823 4184 3912 4231 τοῦ

2298 4279 2632 4350 κηρύγματος
2709 4277 2808 4326 ὑπὸ
2873 4281 2968 4336 τῆς
3029 4273 3420 4332 ἀκαταστασίας
3490 4276 3587 4324 καὶ
3665 4276 3916 4345 ταραχῆς

2304 4364 2776 4437 διακοπησομένου.
2841 4361 3098 4419 Μέλλουσι
3163 4365 3264 4434 γὰρ
3315 4363 3488 4414 πάντα
3548 4364 3617 4414 τὰ
3669 4367 3773 4412 τῶν
3824 4375 3913 4409 πο-

2301 4456 2464 4528 λέμων
2517 4457 2710 4506 τούτων
2761 4453 3021 4524 γενέσθαι,
3082 4447 3246 4523 μηδεν
3305 4450 3430 4501 αῦτό
3493 4450 3826 4522 βλάπτοντα·
3881 4447 3909 4501 ἦ

2301 4548 2373 4617 μὴ
2428 4545 2709 4610 πτοηθῆτε,
2758 4545 2822 4602 ὡς
2861 4538 2967 4599 ἤδη
2999 4546 3090 4592 τοῦ
3137 4537 3304 4598 τέλους
3335 4537 3675 4603 ἐπιστάντος,
3733 4541 3908 4608 ἤγουν,

2301 4641 2392 4686 τοῦ
2424 4633 2632 4707 ὀλέθρου
2689 4638 2778 4684 τοῦ
2834 4637 2957 4682 ναοῦ
2988 4634 3076 4681 καὶ
3107 4635 3200 4690 τῆς
3230 4629 3438 4687 πόλεως.
3488 4636 3578 4680 Δεῖ
3606 4630 3712 4702 γὰρ
3748 4627 3915 4680 πάντα

2301 4731 2468 4776 ταῦτα
2508 4723 2768 4794 γενέσθαι,
2827 4719 2934 4772 ἀλλ’
2986 4722 3128 4771 οὔπω
3183 4720 3242 4768 τὸ
3281 4715 3441 4784 τέλος,
3487 4721 3684 4784 εἶτουν,
3737 4717 3762 4767 6
3816 4711 3912 4765 ὄλε-

2305 4815 2424 4887 θρος
2473 4811 2658 4866 αὐτῶν.
2712 4809 2955 4882 Ὕστερον
3001 4811 3102 4883 γὰρ
3159 4805 3388 4859 ἑάλωσαν
3446 4809 3517 4859 τὰ
3551 4803 3909 4878 Ἰεροσόλυμα.

2303 4906 2438 4959 Φησὶ
2465 4897 2524 4954 δὲ
2568 4903 2592 4952 6
2625 4904 3003 4974 Χρυσόστομος
3033 4897 3166 4969 (16),
3201 4897 3279 4948 ὅτι
3309 4897 3356 4947 οἱ
3387 4897 3477 4967 μὲν
3525 4898 3766 4969 μαθηταὶ
3797 4893 3908 4963 περὶ

2302 4999 2398 5052 τῆς
2460 4989 2806 5063 παγχαλέπου
2872 4991 3128 5063 τιμωρίας
3178 4993 3276 5038 τῶν
3347 4979 3624 5038 Ἰουδαίων
3676 4982 3908 5053 ἀνωτέρω

2191 5171 2238 5207 ⁸⁸
2269 5173 2441 5229 Marc.
2468 5187 2568 5242 xu,
2605 5173 2661 5226 6.

1773 5347 1990 5417 Variae
2023 5347 2349 5418 lectiones
2389 5358 2455 5416 et
2495 5356 2699 5415 notae.

619 5542 732 5684 (13;
758 5539 950 5598 Malim
980 5546 1073 5600 τῆς
1104 5544 1196 5592 τοῦ
1225 5543 1368 5603 ναοῦ,
1404 5545 1469 5597 ut
1496 5557 1655 5600 mox.

619 5614 708 5684 (14
758 5614 1036 5665 Τουτέστιν
1067 5611 1092 5662 ὁ
1124 5615 1370 5684 Χριστός.
1403 5612 1636 5672 Absunt

617 5611 728 5685 (14)
758 5614 1036 5665 Τουτέστιν
1067 5611 1092 5662 ὁ
1124 5615 1370 5686 Χριστός.
1403 5612 1636 5672 Absunt
1662 5617 1727 5671 A.

2413 5546 2460 5618 t)
2502 5547 2582 5602 De
2619 5499 3298 5618 utroqueiustin._Mart.
3329 5542 3482 5611 p.69
3515 5540 3581 5605 D,
3616 5540 3678 5593 E.

2382 5546 2460 5690 ﬁt)
2502 5547 2582 5602 De
2619 5546 3103 5670 utroqueJustin.
3132 5546 3172 5596 nl

2412 5619 2499 5690 16)
2537 5619 2702 5675 Τοω.
2734 5617 2776 5671 ν
2809 5619 2843 5681 l,
2877 5631 2938 5687 p.
2973 5616 3074 5671 723
3106 5615 3172 5670 D.

627 5789 706 5866 (Γ)
730 5789 944 5850 Erexit
972 5805 1050 5852 se.
1077 5790 1435 5854 Seditionem
1471 5793 1682 5866 movit,
1712 5753 2044 5856 rebellavit.
2075 5796 2292 5858 Notum
2315 5797 2404 5856 est
2425 5795 2542 5857 hoc
2568 5809 2750 5856 sensu
2779 5793 3036 5873 ἀνταίρειν
3066 5797 3125 5856 et
3154 5792 3442 5869 iui-(ipim.

4143 81 4164 472 ἓ
