4198 6470
258 419 371 480 605

259 548 537 620 μαθόντες,
615 549 679 610 ὡς
733 552 851 625 περὶ
930 548 1201 625 ἀλλοτρίας
1278 552 1562 621 συμφορᾶς,
1632 537 1945 618 ἀφροντίολ

264 656 404 699 στως
458 635 726 706 διέκειντο,
775 644 865 691 καὶ
920 642 1054 712 μόνα
1112 646 1397 697 τηνικαῦτα
1454 633 1592 708 δίχα
1640 635 1868 708 θορύϐων

262 726 637 801 ὠνειροπόλουν
679 730 744 780 τὰ
790 735 881 789 τῆς
935 735 1026 781 τοῦ
1086 735 1320 803 Χριστοῦ
1375 724 1615 801 δευτέρας
1670 745 1871 798 παρου-

262 818 385 879 σίας
437 816 627 889 ἀγαθὰ,
663 812 738 869 δι’
803 816 955 869 ἄκαὶ
1028 821 1121 875 τὴν
1168 816 1421 891 ἐρώτησιν
1472 820 1810 891 προσήγαγον
1851 832 1865 846 ·

262 908 288 960 ὀ
320 904 380 959 δε
408 908 637 983 Χριστὸς
675 905 828 958 πάλιν
885 904 1102 959 ἐπίπονα
1158 906 1270 979 (l7)
1316 908 1518 968 τούτοις
1560 908 1868 978 προμηνύει,

264 995 428 1049 ποιῶν
486 994 676 1055 αὐτοὺς
754 994 865 1068 (18)
920 994 1241 1067 ἐναγωνίους,
1328 1000 1417 1048 καὶ
1479 992 1637 1066 διπλῇ
1697 1000 1870 1066 νήφειν

264 1084 504 1151 κελεύων,
580 1086 649 1145 ὡς
726 1089 854 1157 μήτε
932 1086 1031 1136 ὑπό
1087 1093 1186 1136 τῶν
1245 1084 1447 1137 πλάνων
1520 1083 1870 1153 ἀπατηθῆναι,

262 1180 399 1248 μήτε
441 1175 667 1236 ὑπὸτῆς
743 1171 905 1235 ἀκοῆς
958 1181 1056 1225 τῶν
1112 1173 1342 1246 πολέμων
1426 1175 1730 1248 θροηθῆναι.
1791 1179 1873 1226 Δι-

268 1263 427 1317 πλοῦν
477 1264 577 1338 γὰρ
631 1260 761 1315 εἶναι
803 1265 890 1314 τὸν
932 1261 1170 1335 πόλεμον,
1234 1260 1335 1315 ἀπό
1386 1282 1439 1316 τε
1493 1272 1591 1316 τῶν
1648 1263 1868 1329 πλάνων,

265 1352 370 1405 ἀπό
418 1371 472 1405 τε
514 1359 615 1404 τῶν
654 1350 937 1425 Ῥωμαίων,
996 1356 1087 1404 καὶ
1130 1351 1321 1412 πολλὴν
1366 1357 1457 1406 καὶ
1511 1352 1750 1411 ποικίλην
1780 1356 1873 1412 τὴν

265 1442 454 1512 ζάλην,
480 1446 571 1495 καὶ
601 1439 744 1504 ἐντός
774 1446 866 1494 καὶ
897 1440 1064 1505 ἐκτός.

342 1639 709 1714 Ἐγερθήσεται
758 1668 827 1679 -
897 1638 1189 1711 βασιλείαν.
1238 1641 1316 1694 Τὰ
1371 1641 1486 1699 ἲθνη
1542 1642 1609 1693 τὰ
1667 1660 1873 1713 συμμα-

264 1735 473 1802 χοῦντα
540 1727 816 1800 Ῥωμαίοις
863 1728 949 1782 ἐπὶ
1008 1732 1073 1783 τά
1148 1731 1265 1789 ἔθνη
1352 1732 1418 1782 τά
1489 1738 1876 1803 συμμαχοῦντα

268 1814 571 1885 Ἰουδαίοις,
636 1822 726 1871 καὶ
778 1820 833 1870 αἱ
889 1816 1177 1890 βασιλεῖαι,
1222 1822 1277 1872 αἱ
1330 1823 1697 1895 συναιρόμεναι
1752 1820 1876 1873 Ῥω-

269 1912 463 1980 μαίοις,
504 1906 588 1961 ἐπὶ
664 1908 760 1968 τὰς
843 1912 1214 1981 πναιρομὲνας
1272 1892 1574 1971 Ἰουδαίοις.
1633 1914 1733 1963 Καὶ
1783 1892 1950 1963 διάΒ

272 2003 424 2050 τοῦτο
456 1996 676 2071 ἰσχυροὶ
702 1999 1010 2068 γενήσονται
1036 2000 1229 2050 τούτων
1248 1997 1481 2071 πόλεμοι.

345 2090 448 2140 Καὶ
497 2115 568 2127 -
592 2090 803 2148 τόπους.
858 2088 1003 2139 Κατά
1030 2091 1220 2150 τόπους
1262 2096 1360 2140 τῶν
1401 2084 1689 2143 Ἰουδαίων.
1725 2090 1877 2161 Παρά

274 2182 346 2246 τῷ
422 2179 606 2245 Λουκᾷ
678 2170 737 2227 δε
807 2179 1139 2249 πρόσκειται,
1214 2178 1297 2229 ὅτι
1352 2177 1592 2251 Φόϐητρά
1672 2197 1727 2232 τε
1788 2182 1877 2230 καὶ

279 2268 481 2335 σημιῖα
558 2262 755 2334 μεγάλα
835 2262 924 2317 ἀπ’
1026 2266 1248 2340 οὐρανοῦ
1303 2269 1473 2337 ἔσται,
1526 2268 1608 2321 ἶνα
1687 2275 1877 2340 γνῶσιν

282 2347 541 2405 ἰουδαῖοι
588 2353 852 2425 θεομηνίαν
909 2350 1036 2407 εἶναι
1079 2357 1146 2407 τὰ
1194 2360 1458 2429 γινόμενα,
1497 2362 1587 2410 καὶ
1628 2366 1874 2425 συνῶσιν,

284 2441 366 2494 ὅτι
428 2436 519 2495 διὰ
576 2444 664 2501 τὴν
737 2449 826 2495 τοῦ
883 2449 1119 2518 Σωτῆρτς
1203 2444 1463 2522 ἀναίρεσιν
1538 2454 1706 2500 ταῦτα
1782 2449 1879 2500 πά-

282 2548 504 2601 σχουσι.

347 2621 527 2672 Πάντα
578 2649 647 2662 —
700 2617 921 2678 ὠδίνων.
994 2622 1163 2699 Ἀρχὴ
1222 2632 1322 2678 τῶν
1381 2634 1573 2691 κακῶν,
1628 2631 1881 2703 προοίμια

272 2715 375 2762 τῶν
444 2718 741 2785 συμφορῶν,
818 2719 918 2764 τῶν
1004 2720 1107 2775 τοίς
1156 2710 1435 2778 Ἰουδαίοις
1500 2714 1875 2792 ἐπερχομὶνων.
1960 2718 1963 2723 ’

346 2801 473 2851 Τότε
518 2828 588 2841 —
638 2799 836 2871 θλίψιν.
892 2806 1038 2867 Τότε,
1090 2806 1213 2857 πότε
1258 2820 1272 2871 ;
1326 2807 1435 2879 Πρὸ
1486 2813 1581 2868 τῆς
1639 2804 1879 2859 ἀπόστα-

281 2890 429 2949 σίας.
467 2885 558 2951 Εἷς
585 2887 775 2943 ἐκεῖνον
802 2892 904 2964 γὰρ
943 2893 1030 2943 τόν
1061 2896 1241 2967 καιρὸν
1284 2898 1551 2967 μετήγαγε
1578 2898 1665 2948 τὸν
1708 2895 1880 2967 λόγον,

281 2978 307 3029 ό
362 2981 453 3031 καὶ
529 2984 741 3042 Λουκᾶς
807 2976 1066 3039 ἐδήλωσεν
1144 2984 1318 3050 εἰπὼν,
1372 2986 1453 3038 ὅτι
1506 2987 1613 3059 Πρὸ
1664 2988 1879 3053 τούτων,

279 3068 485 3119 πάντων
567 3066 900 3123 ἐπιϐαλοῦσιν
966 3071 1040 3143 ἐφ’
1102 3073 1238 3143 ὑμᾶς
1304 3074 1399 3135 τὰς
1452 3081 1636 3147 χεῖρας
1691 3074 1881 3143 αὐτων,

278 3160 367 3209 καὶ
492 3154 791 3225 διώξουσι,
929 3157 1313 3234 παραδιδόντες
1417 3162 1487 3226 εἰς
1579 3164 1885 3235 συναγωγὰς

1231 418 1592 478 COMNENT.
1640 415 1711 473 IN
1762 372 2207 501 Marinum.
2251 447 2315 458 _
2359 416 2514 474 CAP.
2558 419 2754 476 xxxv.

3526 421 3632 478 606

1980 544 2270 612 tanquam
2296 543 2375 599 ad
2406 544 2666 602 alienam
2722 545 3147 612 calamitatem,
3180 562 3316 620 quae
3344 546 3494 604 nihil
3525 562 3629 604 eos

1978 634 2264 700 tangeret,
2303 634 2672 704 negligenter
2702 652 2763 691 se
2794 636 2872 692 ad
2903 653 3036 693 eam
3072 637 3393 704 habebant,
3423 643 3480 693 et
3504 637 3633 694 sola

1977 733 2050 774 ea
2078 724 2221 776 tunc
2248 724 2630 781 somniabant
2648 726 2830 789 bona,
2855 741 2992 798 quae
3024 726 3253 799 absque
3285 728 3541 783 tumultu
3571 728 3632 783 in

1978 809 2244 866 secundo
2294 811 2496 868 Christi
2541 814 2801 870 adventu
2853 819 3104 871 ventura
3133 819 3304 871 erant
3341 832 3362 871 :
3392 821 3634 888 propter

1978 913 2109 968 quae
2137 900 2317 955 etiam
2348 901 2873 973 interrogationem
2904 904 3332 976 produxerant.
3365 905 3630 961 Christus

1979 1002 2121 1041 vero
2150 1004 2391 1045 rursum
2414 990 2526 1045 illis
2548 993 2853 1049 laboriosa
2866 993 3233 1065 pronuntiat,
3266 994 3632 1050 constituens

1957 1090 2083 1163 .eos
2107 1079 2496 1135 certaminum
2524 1081 2928 1154 praafectos(g)
2961 1099 2977 1136 :
3002 1088 3057 1138 et
3077 1082 3379 1155 duplicem
3393 1083 3472 1137 ob
3503 1100 3637 1138 cau-

1956 1178 2109 1253 sam
2134 1166 2380 1241 vigilare
2397 1169 2585 1240 jubet,
2600 1174 2725 1226 tum
2754 1186 2827 1225 ne
2844 1187 2880 1227 a
2904 1172 3317 1227 seductoribus
3333 1169 3633 1239 fallantur,

1981 1255 2099 1307 tum
2127 1262 2199 1310 ne
2226 1272 2262 1312 a
2286 1256 2582 1314 bellorum
2608 1274 2848 1315 rumore
2902 1259 3232 1317 turbentur.
3287 1259 3523 1332 Duplex
3558 1259 3635 1315 si-

1982 1342 2228 1416 quidem
2266 1346 2349 1403 ait
2373 1347 2594 1403 instare
2626 1348 2867 1417 bellum,
2896 1352 2951 1405 et
2994 1365 3031 1405 a
3059 1349 3159 1405 sed
3174 1348 3489 1415 uctoribus,
3515 1351 3571 1404 et
3600 1364 3637 1405 a

1983 1432 2290 1505 Romanis,
2323 1436 2691 1510 multamque
2716 1453 2784 1493 ac
2812 1438 3037 1495 variam
3059 1438 3551 1502 commotionem,
3580 1441 3638 1494 et

1963 1528 2227 1613 “interius
2257 1530 2314 1584 et
2343 1527 2617 1583 exterius.

2052 1620 2212 1674 Vers.
2248 1623 2300 1672 7.
2320 1618 2618 1687 Exsurge!
2645 1649 2713 1658 —
2740 1631 3010 1687 regnum.
3061 1617 3273 1672 Gentes
3323 1616 3499 1672 sociae
3530 1618 3639 1673 Ro-

1983 1723 2306 1764 manorum
2364 1707 2422 1762 in
2471 1710 2679 1777 gentes
2716 1706 2934 1763 Judteis
2980 1707 3341 1773 foederatas;
3376 1711 3433 1762 et
3455 1722 3638 1778 regna

1983 1796 2293 1853 auxiliaria
2322 1796 2621 1863 Romanis,
2651 1797 2708 1851 in
2733 1811 2920 1865 regna
2963 1795 3275 1852 auxiliaria
3302 1795 3519 1852 Judaeis
3546 1811 3559 1862 ;
3582 1797 3640 1851 et

1986 1891 2300 1958 propterea
2328 1885 2505 1942 fortia
2529 1888 2703 1941 erunt
2731 1885 2949 1941 horum
2975 1884 3150 1940 bella.

2056 2083 2215 2137 Vers.
2243 2084 2298 2135 7.
2324 2081 2404 2137 Et
2424 2110 2494 2121 —
2529 2081 2679 2137 loca.
2721 2082 2840 2136 Hoc
2884 2083 2970 2135 est
3015 2078 3265 2149 singulis
3291 2078 3636 2137 Judmorum

1984 2170 2148 2227 locis.
2175 2170 2350 2243 Apud
2382 2172 2600 2226 Lucam
2627 2168 2867 2241 ponitur
2903 2185 2914 2225 :
2948 2170 3339 2241 Terroresque
3363 2175 3417 2225 et
3471 2172 3637 2240 signa

1986 2276 2023 2317 a
2051 2261 2182 2315 calo
2211 2274 2425 2331 magna
2446 2265 2622 2315 erunt
2653 2260 2722 2329 ⁸⁸,
2748 2260 3234 2329 utcognoscantJ
3244 2257 3397 2313 udaei
3420 2274 3489 2314 ea
3502 2274 3637 2330 qua:

1986 2348 2131 2405 ﬁent
2167 2348 2385 2405 divina:
2416 2365 2544 2404 esse
2574 2349 2695 2415 iraa,
2742 2354 2799 2405 et
2841 2347 3171 2417 intelligant
3201 2347 3365 2419 quod
3396 2352 3639 2420 propter

1987 2438 2311 2495 Salvatoris
2343 2436 2863 2510 interemptionem
2911 2436 3033 2492 haec
3063 2436 3386 2508 patiantur.

2057 2636 2220 2691 Vers.
2250 2634 2304 2688 8.
2332 2633 2620 2691 Omnia—
2640 2633 2933 2692 datorum.
2960 2633 3323 2707 Principium
3342 2633 3641 2691 malorum

1988 2730 2045 2783 et
2074 2724 2403 2796 primordia
2424 2723 2832 2780 calamitatum
2862 2739 2999 2795 quas
3027 2723 3251 2779 Iudaeis
3291 2723 3633 2779 imminent.

2060 2813 2228 2870 Vers.
2267 2818 2318 2870 9.
2363 2814 2513 2869 Tunc
2560 2844 2630 2853 —
2654 2813 3060 2884 afﬂictionem.
3094 2814 3290 2883 Tunc;
3336 2811 3583 2885 quando
3614 2812 3643 2870 Τ

1988 2905 2134 2960 Ante
2164 2902 2557 2959 defectionem
2586 2920 2600 2969 ;
2624 2919 2765 2960 nam
2788 2902 3001 2975 inillud
3024 2906 3265 2976 tempus
3301 2917 3645 2958 sermonem

1993 2992 2266 3058 traduxit,
2296 2991 2460 3065 quod
2490 2997 2546 3047 et
2575 2992 2761 3048 Lucas
2804 2991 3159 3063 signiﬁcavit
3211 2992 3417 3048 dicens
3454 3008 3468 3047 :
3495 2991 3647 3048 Ante

1994 3083 2117 3139 hac
2135 3083 2325 3138 omnia
2346 3081 2609 3150 injicient
2631 3097 2834 3137 manus
2858 3098 2992 3137 suas
3014 3084 3073 3137 in
3092 3098 3202 3147 vos,
3232 3087 3287 3137 et
3305 3097 3647 3153 persequen-

1995 3178 2116 3238 tur,
2147 3171 2432 3227 tradentes
2462 3170 2526 3225 in
2577 3185 2891 3242 synagogas
2919 3178 2971 3225 et
2999 3185 3283 3235 carceres,
3316 3176 3537 3225 tractos
3567 3169 3648 3225 ad

278 3250 368 3298 καὶ
427 3244 676 3318 φυλακὰς,
756 3246 1039 3319 ἀγομένους
1117 3248 1198 3303 ἐπὶ
1274 3250 1511 3324 βασιλεῖς
1598 3256 1688 3304 καὶ
1760 3254 1887 3323 ἠγε-

2000 3277 2155 3333 reges
2182 3277 2249 3315 ac
2277 3259 2797 3331 praesidespropter
2810 3274 3019 3315 nomen
3044 3274 3233 3314 meum
3261 3259 3329 3313 ‘0.
3354 3258 3648 3313 Plurimas

279 3339 461 3407 μόνας,
520 3338 681 3389 ἕνεκεν
737 3344 829 3390 τοῦ
888 3337 1137 3411 ὀνόματός
1192 3359 1320 3412 μου.
1384 3341 1556 3393 ΠοᾺλά
1612 3344 1713 3413 γὰρ
1772 3346 1886 3394 τότε

284 3420 445 3487 δεινὰ,
497 3428 629 3497 μετά
684 3430 780 3485 τὴν
826 3434 918 3480 τοῦ
974 3435 1206 3501 Σωτῆρος
1250 3428 1525 3501 ἀνάληψιν,
1559 3432 1608 3483 οί
1636 3427 1887 3485 Ἰουδαῖοι

282 3520 387 3574 τοῖς
444 3512 751 3577 ἀποστόλοις
810 3516 1090 3589 ἐπήγαγον⁸
1146 3522 1270 3571 ποτὶ
1332 3522 1422 3591 μὲν
1478 3528 1581 3581 τοῖς
1632 3519 1887 3595 ἀρχισυν-

286 3607 509 3675 αγώγοις
546 3601 927 3679 παραδιδόντες
967 3607 1038 3669 εἰς
1080 3609 1333 3675 κάκωσιν,
1377 3612 1496 3661 ποτε
1528 3606 1587 3663 δε
1613 3609 1698 3663 ἐπὶ
1729 3609 1888 3683 βασι-

285 3690 388 3754 λεῖς
480 3694 706 3765 ἄγοντες,
794 3696 898 3748 οἷον
979 3695 1064 3750 ἐπὶ
1161 3694 1399 3773 Ἡρώδην
1448 3704 1537 3753 καὶ
1594 3699 1887 3773 Ἀγρίππαν

292 3779 408 3855 [καὶ
458 3782 569 3855 (19)
619 3786 740 3845 τοὺς
787 3786 1129 3860 τοιουτους,]
1176 3792 1265 3840 καὶ
1317 3787 1399 3842 ἐπὶ
1455 3793 1575 3852 τοὺς
1632 3792 1891 3863 ἡγεμόνας

289 3875 377 3924 καὶ
465 3876 791 3947 στρατηγοὺς
846 3882 945 3926 τῶν
988 3874 1201 3945 πόλεων,
1246 3882 1336 3930 καὶ
1390 3882 1511 3939 τοὺς
1564 3876 1891 3943 ἀνθυπάτους

288 3958 379 4012 καί
451 3959 801 4035 πολιτάρχας,
860 3965 927 4027 ὡς
1008 3965 1038 4023 ἡ
1120 3964 1305 4038 βίϐλος
1368 3976 1469 4020 τῶν
1535 3966 1891 4022 ἀποστολικῶν

290 4048 530 4125 Πράξεων
558 4052 773 4125 ἱστορεῖ.

363 4152 463 4202 Καὶ
552 4147 920 4203 ἀποκτενοῦσιν
1032 4152 1181 4224 ὑμᾶς.
1290 4160 1455 4208 Τοῦτο
1528 4156 1663 4229 λέγει
1762 4160 1891 4230 πρὸς

288 4240 480 4307 μόνους
542 4240 664 4303 τοὺς
755 4237 1085 4311 ἀναιρεθῆναι
1158 4242 1428 4315 μελλοντας
1487 4241 1581 4297 διὰ
1636 4254 1730 4307 τῆς
1793 4252 1891 4296 τῶν

291 4321 561 4379 Ἰουδαίων
627 4334 1043 4405 κακεντριχείας,
1104 4327 1211 4394 οἷος
1308 4329 1368 4391 ἧν
1466 4336 1716 4406 Στέφανος
1803 4338 1892 4385 καὶ

289 4412 555 4486 Ἰάκωϐος,
589 4417 615 4469 ό
646 4414 868 4491 ἀδελφός
899 4418 1156 4485 Ἰωάννου,
1190 4425 1279 4473 καὶ
1304 4424 1349 4474 εἴ
1375 4441 1456 4484 τις
1477 4423 1665 4497 ἔτερος.

364 4509 464 4560 Καὶ
519 4536 589 4547 -
648 4525 768 4579 μου.
839 4506 961 4562 ’Υπό
1026 4513 1229 4581 γονέων,
1290 4512 1390 4563 ὑπὸ
1451 4519 1734 4583 συγγενῶν,
1791 4511 1891 4563 ὑπὸ
1966 4514 1971 4521 ’

290 4592 466 4667 φίλων,
524 4594 625 4648 ὑπὸ
715 4596 1003 4669 ὁμοφύλων,
1083 4599 1183 4651 ὑπό
1266 4599 1484 4670 οἰκείων,
1568 4602 1667 4653 ὑπὸ
1721 4600 1887 4664 ξένων,
1926 4592 1970 4646 Ῑ)

291 4685 393 4736 ὑπὸ
442 4682 731 4758 ἀρχόντων,
786 4688 887 4739 ὑπὸ
938 4685 1259 4759 ἀρχομένων,
1332 4694 1421 4741 καὶ
1486 4689 1659 4752 ἁπλῶς
1716 4692 1893 4758 εἰπεῖν,

293 4773 395 4825 ὑπὸ
439 4775 644 4825 πάντων
700 4782 800 4827 τῶν
860 4773 1138 4848 ἀλλοτρίων
1194 4784 1287 4829 τοῦ
1332 4781 1681 4851 κηρύγματος.
1715 4786 1894 4854 Προει-

294 4866 403 4915 πὼν
433 4858 491 4915 δε
552 4865 619 4916 τὰ
671 4866 978 4939 σκυθρωπὰ,
1038 4864 1213 4918 λοιπόν
1245 4865 1473 4939 ἐπήγαγε
1523 4873 1611 4921 καὶ
1654 4874 1747 4928 τὴν
1795 4889 1897 4922 πα-

292 4953 577 5025 ραμυθίαν,
612 4954 689 5007 ὅτι
741 4954 816 5006 Δι’
874 4953 979 5027 ἐμέ.
1036 4960 1199 5009 Τοῦτο
1254 4960 1356 5031 γὰρ
1389 4954 1543 5016 δηλοί
1589 4962 1646 5010 τὸ
1706 4954 1800 5011 διὰ
1841 4964 1898 5013 τὸ

296 5043 460 5115 ὄνομά
550 5062 673 5117 μου.
734 5047 836 5097 Καὶ
885 5047 1037 5105 ὅντως
1114 5046 1313 5118 μεγάλη
1367 5054 1476 5109 τοῖς
1532 5049 1791 5121 μαθηταῖς
1838 5046 1899 5108 ἦν

294 5133 606 5208 παραμυθία
631 5134 691 5187 τό
720 5136 949 5209 πάσχειν
980 5129 1057 5187 δι’
1085 5134 1260 5191 αὐτόν.

364 5307 413 5345 ⁸⁸
443 5308 582 5369 Luc.
611 5324 733 5378 xxi,
769 5313 858 5367 ll.
934 5309 983 5349 ⁸ο
1012 5308 1161 5368 Ibid.
1197 5313 1284 5368 l2.

1996 3350 2158 3407 enim
2197 3347 2565 3404 calamitates
2614 3350 2751 3419 post
2794 3346 3113 3402 Salvatoris
3160 3346 3647 3417 Assumptionem

1994 3438 2185 3494 Judaei
2210 3437 2569 3492 induxerunt
2595 3433 2883 3507 apostolis
2906 3450 2919 3500 ;
2938 3434 3236 3490 interdum
3267 3434 3511 3505 quidem
3545 3436 3651 3506 Sy-

1996 3542 2247 3599 nagOgte
2278 3523 2649 3599 principibus
2684 3524 2999 3589 tradentes,
3043 3529 3109 3579 ut
3137 3522 3493 3594 punirentur
3522 3539 3535 3588 ;
3568 3522 3651 3577 in-

1996 3617 2228 3675 terdum
2242 3631 2382 3672 vero
2403 3614 2482 3671 ad
2510 3629 2678 3685 reges
2691 3612 3010 3679 trahentes,
3029 3611 3211 3669 veluti
3242 3611 3319 3668 ad
3355 3611 3651 3667 Herodem

1998 3712 2054 3765 et
2074 3707 2418 3779 Agrippam,
2452 3720 2521 3761 ac
2557 3702 2796 3759 similes.
2839 3704 3131 3759 Praaterea
3170 3702 3248 3759 ad
3279 3700 3558 3775 praesides
3579 3715 3650 3757 ac

1999 3798 2303 3869 civitatum,
2332 3794 2666 3868 praefectos,
2700 3799 2755 3850 et
2779 3794 3046 3851 consulis
3075 3798 3178 3850 aut
3208 3792 3491 3866 principis
3516 3808 3654 3849 mu-

1999 3905 2139 3946 nere
2153 3888 2488 3959 fungentes,
2504 3883 3018 3958 quemadmodum
3034 3884 3182 3941 liber
3194 3883 3652 3957 apostolicarum

2000 3978 2313 4037 Actionum
2354 3979 2618 4033 testatur.

2073 4158 2238 4215 Vers.
2260 4160 2310 4213 9.
2344 4156 2419 4211 Et
2449 4155 2699 4211 occident
2748 4168 2861 4209 vos.
2894 4152 3016 4208 Hoc
3059 4151 3201 4207 solis
3242 4152 3324 4207 eis
3351 4150 3511 4214 dicit,
3550 4148 3656 4219 qui

2001 4263 2109 4321 per
2144 4246 2492 4302 Iudaeorum
2531 4240 2975 4315 improbitatem
3011 4256 3081 4295 ac
3140 4239 3460 4294 versutiam
3500 4237 3657 4292 occi-

2001 4334 2180 4392 dendi
2208 4337 2375 4390 erant
2398 4351 2411 4391 :
2441 4335 2587 4404 puta
2612 4330 2968 4403 Stephanus,
3005 4326 3266 4384 Iacobus
3287 4326 3466 4384 frater
3485 4327 3655 4381 Joan-

2001 4425 2115 4489 nis,
2140 4428 2197 4481 et
2237 4422 2288 4478 si
2327 4420 2463 4495 quis
2485 4420 2654 4476 alius.

2073 4513 2243 4570 Vers.
2267 4516 2317 4569 9.
2356 4511 2431 4566 Et
2446 4542 2514 4551 —
2534 4524 2740 4566 meum.
2765 4507 2810 4562 Α
2825 4503 3194 4579 parentibus,
3212 4519 3248 4560 a
3274 4502 3563 4576 cognatis,
3579 4501 3656 4559 ab

2005 4603 2231 4669 amicis,
2260 4618 2295 4658 a
2322 4598 2775 4666 contribulibus,
2806 4613 2839 4651 a
2866 4593 3280 4660 familiaribus,
3298 4592 3376 4649 ab
3405 4591 3659 4665 hospiti-

2006 4693 2135 4764 bus,
2160 4690 2603 4765 aprincipibus,
2650 4704 2687 4743 a
2718 4685 2972 4742 subditis
3017 4689 3072 4740 et
3106 4688 3170 4739 ut
3211 4682 3396 4739 semel
3435 4683 3655 4749 dicam,

2007 4782 2085 4839 ab
2115 4782 2397 4839 omnibus
2419 4779 2522 4854 qui
2548 4775 2787 4835 alienati
2832 4778 2971 4831 sunt
3009 4789 3045 4830 a
3073 4773 3517 4846 praedicatione.
3549 4772 3659 4828 Ubi

2008 4877 2209 4929 autem
2260 4869 2446 4926 tristia
2516 4866 2802 4941 praedixit,
2858 4862 3328 4921 consolationem
3382 4861 3659 4933 deinceps

2010 4959 2338 5031 subjunxit,
2371 4957 2577 5015 dicens
2611 4975 2627 5011 :
2658 4955 2902 5028 Propter
2929 4968 3042 5009 me.
3065 4955 3212 5009 Nam
3243 4951 3305 5008 id
3328 4950 3653 5024 signiﬁcat:

2008 5056 2253 5123 propter
2262 5064 2471 5105 nomen
2487 5062 2697 5104 meum.
2718 5048 2785 5102 Et
2813 5058 2944 5101 vere
2962 5057 3187 5115 magna
3198 5040 3504 5117 discipulis
3534 5042 3660 5099 erat

1962 5228 1965 5231 Δ
2010 5139 2338 5201 consolatio
2367 5138 2490 5214 pati
2514 5140 2758 5211 propter
2793 5133 3015 5208 ipsum.

1499 5438 1723 5509 Variae
1743 5418 2073 5511 lectiones
2102 5452 2169 5511 et
2191 5447 2397 5510 nota.

367 5577 484 5657 (ιτ)
509 5578 761 5653 Ἐπίμονα
784 5578 857 5638 Β.
881 5577 1335 5652 Chrysostomus
1356 5579 1487 5638 loco
1512 5580 1757 5641 laudato
1794 5605 1897 5657 χα-

408 5652 421 5668 1

290 5652 439 5706 λεπά.

286 5836 291 5837 ,
369 5794 445 5869 (ρ)
485 5792 1670 5868 Gertavﬁnumpmfecma-Adcertamina
1698 5798 1966 5862 idoneos.

2106 5586 2189 5657 18)
2212 5582 2295 5657 Ἐν
2322 5582 2539 5657 ἀγωνίᾳ,
2572 5582 2639 5636 Α.

2106 5586 2189 5657 18)
2212 5585 2295 5639 Ἐν
2322 5585 2354 5635 ἀ
2393 5586 2539 5655 ωνίᾳ,
2572 5585 2639 5636 Α.

2076 5585 2325 5730 §t9)Tria
2355 5604 2491 5713 llaec
2546 5651 2843 5712 vocabula
2868 5650 3086 5710 absunt
3128 5653 3192 5708 A.
