4198 6440
646 319 752 374 607

1996 312 2346 375 EUTHYMII
2385 313 2722 383 ZIGABENI

3919 333 4045 394 608

715 443 878 498 Vers.
919 444 1006 499 10.
1035 444 1114 500 Et
1166 474 1234 488 —
1262 446 1456 504 multi.
1509 449 1692 504 Erunt
1718 447 1975 504 invicem
2031 443 2290 518 suspecti

2415 529 2425 530 ί
2471 451 2569 500 Καὶ
2617 477 2688 490 -
2733 448 2932 510 πολλοί.
2997 450 3255 506 ’Υποπτοι
3301 453 3512 506 ἔσονται
3559 457 3690 530 πρὸς
3735 456 4043 530 ἀλλήλους,

644 536 883 604 propter
931 530 1069 588 ﬁdei
1130 534 1523 593 diversitatem
1565 536 1750 607 ;sive,
1803 552 1927 594 non
1983 534 2288 592 credentes

646 621 810 694 apud
847 636 949 678 eos
973 623 1076 695 qui
1106 624 1365 682 credent.

715 710 876 766 Vers.
904 713 1164 768 10.Et—
1183 713 1245 770 in
1256 717 1428 772 vicem
1443 716 1732 772 habebunt
1749 715 1904 772 odio.
1932 714 2165 771 Marcus
2189 728 2289 770 au-

646 802 762 855 tem
777 800 1149 856 manifestius
1162 802 1324 869 dixit,
1341 805 1504 876 quod
1532 805 1726 862 tradet
1749 806 1942 875 frater
1961 807 2216 876 fratrem
2231 802 2291 856 in

641 895 906 956 mortem,
921 895 974 947 et
1000 897 1172 960 pater
1187 892 1403 950 Filium
1421 911 1432 949 :
1462 895 1762 965 insurgent
1781 894 1894 964 ﬁlii
1917 895 1978 949 in
1990 898 2288 964 parentes,

643 985 696 1036 et
721 979 914 1037 morte
937 995 1028 1037 eos
1053 981 1397 1052 afﬁcient".
1425 983 1747 1040 Verisimile
1769 983 2062 1055 estitaque
2088 981 2292 1039 omnia

642 1068 802 1126 facta
825 1084 973 1134 esse,
1002 1070 1106 1126 etsi
1127 1071 1276 1128 liber
1313 1076 1590 1129 Actorum
1620 1071 2047 1146 particulariter
2075 1071 2149 1127 de
2176 1087 2293 1127 om-

643 1157 824 1214 nibus
853 1173 975 1214 non
1000 1159 1275 1217 disserat.
1305 1162 1494 1218 Lucas
1520 1177 1662 1218 vero
1684 1161 1865 1219 etiam
1912 1160 2048 1217 dicit
2081 1179 2095 1220 :
2145 1161 2292 1218 Tra-

645 1245 869 1306 demini
880 1255 1073 1306 autem
1102 1265 1138 1306 a
1146 1252 1486 1322 parentibus
1498 1258 1550 1309 et
1571 1251 1853 1323 cognatis,
1867 1251 2068 1308 amicis
2080 1266 2152 1307 ac
2168 1250 2292 1322 fra-

646 1337 855 1404 tribus,
881 1345 934 1395 et
954 1345 1140 1397 morte
1169 1340 1428 1411 afﬁciant
1451 1341 1730 1414 quosdam
1761 1356 1836 1399 ea:
1862 1340 2020 1398 vobis
2045 1341 2112 1397 ".
2146 1343 2290 1397 Prae-

645 1427 794 1485 dixit
814 1429 962 1486 enim
988 1430 1172 1486 ethoc
1197 1430 1459 1488 Christus
1479 1430 1803 1504 discipulis,
1823 1429 1989 1504 quod
2017 1430 2290 1487 omnium

642 1522 730 1575 est
754 1519 1638 1594 miserrimum,videlicetquod
1654 1521 1830 1578 etiam
1854 1518 2290 1578 afamiliarissi-

613 1601 617 1604 λ
642 1607 754 1663 mis
772 1607 1172 1683 impugnandi
1203 1613 1403 1682 erant;
1421 1618 1483 1666 ut
1496 1610 1864 1682 praescientes
1880 1610 2073 1682 parati
2094 1613 2292 1666 essent

642 1698 716 1754 ad
747 1697 1140 1764 tolerantiam,
1174 1703 1230 1756 et
1267 1700 1349 1756 ita
1396 1699 1721 1772 periculum
1766 1699 1998 1757 facilius
2047 1699 2292 1756 sustine-

638 1793 789 1846 rent.
822 1788 957 1844 Haec
987 1795 1186 1845 autem
1212 1789 1419 1846 omnia
1445 1789 1717 1862 praedixit
1751 1789 1834 1845 eis
1864 1788 2099 1846 decimo
2129 1804 2291 1846 nono

641 1879 858 1951 capite.
889 1880 1097 1944 Quare
1127 1895 1268 1950 ergo
1299 1883 1355 1936 et
1377 1879 1459 1936 ibi
1487 1879 1706 1936 horum
1731 1879 2181 1952 expositionem.

712 2079 875 2134 Vers.
909 2078 994 2133 11.
1024 2077 1104 2133 Et
1129 2109 1195 2119 —
1215 2079 1453 2135 multos.
1485 2076 1770 2152 Superius
1789 2076 1865 2133 de
1894 2075 1966 2132 iis
1990 2074 2153 2143 dixit,
2187 2074 2292 2149 qui

645 2183 708 2226 se
724 2166 981 2225 Christos
1011 2183 1140 2226 esse
1165 2167 1430 2240 ﬁngent:
1464 2183 1624 2225 nunc
1652 2172 1855 2224 autem
1903 2166 1977 2222 de
2003 2164 2098 2222 his
2129 2164 2290 2234 dicit,

644 2257 748 2332 qui
763 2273 825 2314 se
837 2257 1192 2332 prophetare
1206 2257 1599 2314 simulabant.
1615 2257 1777 2313 Tunc
1789 2254 1952 2312 enim
1968 2253 2134 2311 multi
2149 2253 2293 2311 tales

643 2347 900 2416 fuerunt,
921 2363 1058 2404 cum
1088 2346 1283 2405 adhuc
1305 2347 1471 2405 initia
1496 2350 1696 2404 essent
1724 2343 2184 2419 praedicationis.

716 2545 880 2600 Vers.
917 2546 1006 2600 l2.
1032 2543 1111 2599 Et
1139 2543 1558 2598 —multorum.
1611 2544 1679 2597 Et
1722 2540 1839 2598 hoc
1885 2539 2293 2598 miserrimum

644 2636 754 2701 est,
786 2632 951 2704 quod
981 2647 1170 2705 neque
1209 2631 1288 2688 ab
1328 2631 1657 2689 amicorum
1686 2630 1999 2688 dilectione
2025 2630 2294 2688 consola-

619 2721 869 2777 'tionem
898 2719 1161 2777 habituri
1205 2725 1362 2776 sunt.
1415 2721 1669 2787 Quidam
1709 2725 1906 2778 autem
1936 2719 2164 2792 ἀγάπην,
2205 2719 2290 2776 di-

623 2809 978 2877 ‘lectionem,
1015 2809 1313 2866 nominari
1351 2809 1627 2867 dixerunt
1671 2807 2155 2883 hospitalitatem,
2193 2808 2292 2867 alii

643 2914 789 2956 vero
840 2897 1322 2971 compassionem
1378 2915 1392 2955 :
1451 2899 1585 2956 vide
1663 2903 1811 2973 quot
1890 2898 2152 2972 pericula
2209 2897 2292 2955 eis

644 2987 1002 3064 praedixerit,
1024 2988 1102 3045 ad
1131 2989 1336 3046 omnia
1363 3005 1680 3060 exacuens,
1703 2993 1762 3047 et
1789 2988 1868 3047 ad
1895 2987 2292 3060 magnanimi-

643 3081 824 3136 tatem
851 3077 1164 3148 roborans,
1196 3093 1266 3136 ac
1295 3076 1828 3137 confortationibus
1870 3077 2293 3137 adamantinos

641 3167 922 3226 reddens.

713 3256 879 3315 Vers.
915 3257 1008 3316 13.
1075 3257 1184 3326 Qui
1228 3262 1425 3318 autem
1459 3290 1527 3301 —
1556 3259 1750 3316 salvus
1781 3258 1914 3316 erit.
1945 3258 2077 3318 Hoc
2111 3257 2290 3315 etiam

642 3347 872 3406 dictum
898 3352 986 3406 est
1030 3347 1264 3406 decimo
1303 3364 1464 3406 nono
1511 3349 1724 3422 capite,
1771 3354 1828 3406 et
1857 3347 1944 3406 ibi
1974 3347 2294 3405 manifesta

642 3438 971 3501 admodum
997 3436 1138 3495 data
1167 3443 1251 3495 est
1276 3439 1699 3512 interpretatio.

712 3523 878 3585 Vers.
907 3528 992 3584 14.
1023 3529 1101 3584 Et
1128 3528 1558 3600 pradicabitur
1587 3557 1654 3568 —
1683 3527 1846 3584 orbe.
1883 3526 2023 3582 Hinc
2046 3525 2292 3584 demon-

643 3617 1205 3691 stravitquodnulla
1234 3616 1500 3688 pericula
1524 3614 2016 3688 praedicationem
2051 3630 2292 3688 supera-

644 3706 812 3778 bunt,
836 3710 893 3762 et
921 3705 1005 3761 ita
1033 3720 1318 3776 magnam
1348 3703 1835 3777 praedicatoribus
1862 3703 2056 3774 injecit
2087 3719 2295 3762 conso-

643 3793 951 3859 lationem,
978 3793 1140 3863 quod
1165 3794 1284 3848 voti
1301 3794 1392 3848 sui
1418 3797 1720 3866 compotes
1747 3797 1919 3849 erunt
1945 3808 1958 3849 :
1983 3793 2124 3866 quia
2146 3793 2294 3850 nihil

646 3882 734 3941 eis
787 3882 892 3939 erit
933 3882 1243 3940 obstaculo
1281 3882 1332 3939 si
1385 3882 1568 3940 modo
1612 3881 2008 3940 toleraverint.
2066 3887 2294 3942 Marcus

647 3975 847 4030 autem
861 3970 1234 4028 manifestius
1247 3971 1391 4028 dixit
1403 3988 1420 4030 :
1433 3972 1509 4028 Et
1521 3972 1584 4029 in
1614 3988 1808 4031 omnes
1818 3981 2017 4046 gentes
2031 3975 2186 4046 prim
2196 3991 2294 4034 um

646 4067 875 4134 oportet
900 4061 1228 4132 praedicare
1250 4062 1631 4135 Evangetium
1657 4064 1724 4119 ⁸³.

716 4150 885 4210 Vers.
929 4153 1012 4206 14.
1039 4149 1113 4207 In
1135 4180 1203 4191 —
1226 4151 1513 4223 gentibus.
1546 4150 1635 4207 Ad
1663 4151 2164 4224 redargutionem,
2215 4151 2294 4210 ad

647 4240 1087 4300 accusationem
1106 4255 1311 4297 eorum
1328 4239 1430 4314 qui
1447 4256 1570 4297 non
1587 4239 1941 4298 crediderint
1967 4260 1980 4310 ;
1997 4257 2072 4299 ne
2094 4242 2294 4300 dicere

645 4330 870 4404 possint
897 4331 958 4388 in
987 4330 1084 4386 die
1113 4327 1322 4401 judicii
1351 4347 1364 4385 :
1394 4329 1881 4388 Praedicationem
1905 4347 2030 4389 non
2059 4331 2294 4389 audivi—

2400 529 2493 586 διὰ
2575 540 2667 595 τὴν
2753 535 3006 617 διαφορὰν
3084 550 3173 601 τῆς
3259 545 3509 612 πίστεως,
3558 546 3741 618 ἤγουν,

2397 627 2728 689 πιστεύοντες
2750 633 2881 704 πρὸς
2904 633 3026 693 τοὺς
3052 632 3412 694 πιστεύοντας.

2472 718 2572 766 Καὶ
2635 747 2704 759 —-
2751 723 3071 791 μισήσουσιν
3124 717 3382 781 ἀλλήλους.
3472 722 3686 798 Μάρκος
3746 722 3820 780 δι
3885 749 4034 800 φοινι-

2397 804 2618 877 ρώτερον
2713 802 2868 876 εἶπεν,
2927 809 3006 860 ὅτι
3087 805 3402 884 Παραδώσει
3481 807 3706 885 ἀδελφὸς
3799 811 4034 890 ἀδελφὸν

2401 889 2468 954 εἰς
2552 893 2787 963 θάνατόν,
2894 902 2984 951 καὶ
3057 903 3230 974 πατὴρ
3280 901 3472 969 τέκνον,
3549 907 3638 956 καὶ
3711 889 4032 970 ἐπαναστή-

2403 999 2581 1033 σονται
2663 987 2816 1038 τέκνα
2871 985 2956 1040 ἐπὶ
3027 994 3194 1059 γονεῖς
3271 992 3362 1042 καὶ
3441 990 3855 1049 θανατώσουσιν
3944 998 4034 1050 αύ-

2399 1072 2544 1163 τούς.
2603 1072 2750 1163 Εἰκὸς
2803 1077 2905 1148 γὰρ
2961 1077 3132 1129 πάντα
3207 1079 3469 1150 γενέσθαι,
3528 1080 3573 1133 εἰ
3628 1087 3725 1135 καὶ
3769 1089 3852 1158 μὴ
3913 1090 4028 1163 περὶ

2401 1161 2602 1213 πάντων
2676 1161 3000 1238 λεπτομερῶς
3102 1166 3130 1224 ἠ
3215 1164 3400 1239 βίϐλος
3487 1163 3854 1242 διαλαμϐάνει
3932 1161 4027 1227 τών

2402 1250 2661 1324 Πράξεων.
2736 1257 2834 1307 Καὶ
2908 1254 2934 1306 ὁ
2988 1259 3194 1316 Λουκᾶς
3263 1251 3324 1309 δέ
3384 1277 3565 1331 φησιν,
3623 1261 3702 1313 ὅτι
3777 1259 4028 1338 Παραδο-

2402 1341 2627 1398 θήσεσθε
2699 1346 2787 1395 καὶ
2842 1342 2941 1395 ύπό
3019 1347 3206 1414 γονέων
3288 1350 3378 1398 καὶ
3438 1357 3704 1420 συγγενῶν
3806 1357 3904 1406 καὶ
3938 1357 4025 1427 φί-

2398 1428 2496 1482 λων
2533 1434 2622 1483 καὶ
2676 1432 2787 1503 (20)
2842 1428 3098 1506 ἀδελφῶν,
3163 1433 3253 1486 καὶ
3293 1435 3691 1491 θανατώσουσιν
3749 1439 3809 1504 ἐξ
3857 1443 4019 1516 ὑμῶν.

2401 1525 2617 1592 Προεῖπε
2658 1523 2756 1593 γὰρ
2812 1528 2919 1583 τοῖς
2965 1523 3228 1594 μαθηταῖς
3257 1524 3283 1574 ὁ
3330 1528 3562 1600 Χριστὸς
3616 1530 3712 1582 καὶ
3760 1536 3913 1584 τουτὶ
3959 1534 4014 1584 τὸ

2399 1609 2601 1661 πάντων
2650 1605 2964 1679 δεινότατον,
3024 1612 3100 1663 ὅτι
3153 1614 3238 1664 καὶ

3843 551 3900 602 οἱ
3965 557 4035 625 μή

3321 1612 3421 1666 ὑπὸ
3502 1619 3601 1668 τῶν
3677 1618 4012 1672 οἰκειοτάτων

2399 1697 2872 1771 πολεμηθήσονται,
2939 1700 3022 1752 ἶνα
3076 1702 3432 1773 προμαθόντες
3499 1702 3888 1778 ἐτοιμασθῶσιν
3935 1709 4007 1771 εἰς

2401 1788 2684 1860 ὑπομονὴν,
2715 1792 2802 1841 καὶ
2844 1787 3022 1841 λοιπὸν
3066 1794 3370 1866 κουφότερον
3414 1795 3473 1845 τὸ
3521 1789 3692 1848 δεινὸν
3729 1796 3987 1866 ένέγκοιεν.

2399 1883 2579 1930 Ταῦτα
2629 1873 2688 1930 δὲ
2726 1879 2896 1931 πάντα
2950 1886 3188 1952 προεῖπεν
3242 1879 3416 1944 αὐτοῖς
3459 1886 3550 1936 καὶ
3602 1883 3646 1937 έν
3703 1892 3774 1955 τῷ
3830 1883 3981 1937 ἐννεαο

2401 1963 2695 2037 καιδεκάτῳ
2748 1966 3026 2042 κεφαλαίῳ,
3082 1972 3173 2020 καὶ
3231 1967 3464 2030 ζήτησον
3521 1971 3673 2026 κάκεῖ
3743 1978 3834 2032 τήν
3878 1976 3996 2047 περὶ

2401 2058 2594 2108 τούτων
2621 2055 2777 2129 έξήγη
2787 2075 2889 2113 σιν.

2476 2150 2577 2199 Καὶ
2628 2177 2695 2186 —
2739 2145 2980 2208 πολλούς,
3076 2145 3334 2218 Ἀνωτέρω
3411 2150 3500 2222 μεν
3561 2149 3678 2225 περί
3735 2158 3836 2204 τῶν
3878 2150 4005 2204 ὑπο-

2401 2238 2708 2308 κρινομένων
2775 2238 2861 2288 τὸν
2959 2237 3186 2311 Χριστὸν
3245 2233 3400 2290 εἶπενο
3470 2237 3691 2292 ἐνταῦθα
3758 2235 3820 2293 δε
3877 2239 4006 2314 λέγει

2402 2330 2519 2399 περὶ
2566 2333 2664 2378 τῶν
2741 2324 3150 2399 ύποκρινομένων
3224 2329 3579 2401 προφητεύειν.
3660 2327 3852 2382 Πολλοὶ
3905 2332 4007 2404 γὰρ

2401 2422 2629 2468 τοιοῦτοι
2671 2418 2788 2469 τότε
2834 2419 3131 2488 γεγόνασιν,
3187 2413 3360 2490 ἀρχὴν
3412 2419 3487 2470 ἔτι
3538 2423 3626 2470 τοῦ
3664 2419 4008 2490 κηρύγματος

2403 2503 2638 2575 ἔχοντος.

2475 2597 2577 2646 Καὶ
2631 2621 2701 2634 -
2774 2592 2993 2649 πολλῶν.
3075 2597 3175 2649 Καὶ
3236 2599 3381 2647 τοῦτο
3437 2589 3823 2664 χαλεπώτατον,
3913 2594 3998 2647 ὅτι

2402 2677 2526 2735 ούδὶ
2568 2685 2662 2741 τὴν
2711 2679 2812 2736 ἀπὸ
2865 2690 2956 2744 τῆς
2993 2681 3200 2756 ἀγάπης
3247 2684 3573 2758 παραμυθίαν
3624 2680 3823 2746 ἕξουσι.
3851 2685 3999 2746 Τινὶς

2404 2765 2463 2823 δὲ
2535 2768 2742 2842 ἀγάπην
2843 2769 3062 2824 ἕνταῦθα
3161 2776 3254 2831 τὴν
3341 2770 3619 2845 φιλοξενίαν
3696 2771 3996 2843 ὠνόμασαν·

2402 2860 2565 2933 ἕτεροι
2614 2856 2694 2929 δι,
2742 2863 2837 2920 τὴν
2888 2862 3233 2933 συμπάθειαν.
3282 2859 3436 2938 Ὀρα,
3470 2864 3609 2914 πόσα
3641 2853 3792 2912 δεινὰ
3829 2863 4000 2931 προεῖ-

2331 2959 2372 3018 C
2402 2967 2492 3002 πεν
2574 2949 2767 3018 αὐτοῖς,
2843 2952 3162 3023 παραθήγων
3232 2949 3303 3014 εἰς
3387 2954 3573 3017 πάντα,
3638 2953 3732 3001 καὶ
3800 2953 3999 3021 στομῶν

2403 3037 2470 3100 εἰς
2525 3037 2811 3111 εὐψυχίαν,
2891 3044 2981 3093 καὶ
3037 3045 3149 3102 ταῖς
3206 3037 3549 3116 έπιρρώσεσιν
3621 3034 4001 3112 ἀδαμαντίνους

2402 3126 2825 3202 ἀπεργαζόμενος
2838 3171 2852 3185 .

2471 3253 2530 3308 'O
2575 3250 2634 3308 δί
2680 3284 2749 3296 -—
2802 3254 3122 3312 σωθήσεται.
3176 3255 3396 3328 Εἴρηται
3461 3260 3548 3309 καὶ
3622 3260 3776 3309 τοῦτο
3843 3251 3891 3307 ἕν
3934 3259 4002 3325 τῷ

2403 3339 2858 3415 έννεακαιδεκάτῳ,
2944 3341 3225 3415 κεφαλαίῳ,
3288 3348 3378 3398 καὶ
3455 3341 3818 3422 διηρμηνεύθη
3873 3343 4000 3395 πάνυ

2406 3441 2576 3505 σαφῶς
2601 3430 2723 3487 έκεί.

2475 3528 2576 3576 Καὶ
2675 3521 3079 3596 κηρυχθήσεται
3189 3551 3259 3563 —
3357 3521 3651 3595 οἰκουμένη.
3750 3521 4003 3575 Ἐντεῦθεν

2403 3608 2612 3680 ἔδειξεν,
2670 3611 2750 3664 ὅτι
2826 3606 2976 3663 ούδὶν
3051 3617 3150 3663 τῶν
3231 3605 3408 3662 δεινῶν
3465 3613 3861 3684 περιγενήσεται
3912 3613 4002 3661 τοῦ

2401 3704 2751 3776 κηρύγματος,
2805 3704 2894 3752 καὶ
2949 3697 3138 3757 πολλὴν
3183 3698 3316 3751 ούτω
3353 3704 3459 3759 τοῖς
3513 3696 3702 3770 κήρυξι
3753 3715 3999 3770 παραμυο

2405 3793 2518 3845 θίαν
2575 3789 2792 3857 ἐνέϐαλε,
2869 3787 3357 3864 πληροφορηθείσιν,
3441 3788 3520 3840 ὃτι
3595 3782 3747 3839 ούὸεν
3823 3783 4000 3845 αὐτοῖς

2403 3876 2702 3954 έμποδίσει,
2755 3877 2838 3933 ἰὰν
2898 3884 3051 3951 μόνον
3124 3873 3226 3930 ὦσι
3307 3880 3622 3953 καρτερικοὶ.
3671 3877 3891 3949 Μάρκος
3945 3869 4003 3927 δι

2404 3975 2742 4044 φανερώτερον
2796 3967 2951 4034 εἶπεν,
3003 3970 3085 4021 ὅτι
3147 3972 3248 4022 Καὶ
3298 3967 3369 4030 εἰς
3421 3968 3592 4021 πάντα
3638 3967 3706 4020 τὰ
3767 3967 3886 4025 ἔθνη
3924 3959 4005 4017 δεῖ

2402 4068 2604 4135 πρῶτον
2635 4059 2972 4135 κηρυχθῆναι
3001 4060 3058 4110 τὸ
3084 4055 3416 4130 Εύαγγέλιον.

2474 4157 2564 4219 Εἰς
2614 4185 2683 4198 --
2731 4157 2946 4210 ἔθνεσιν.
3003 4154 3086 4217 Εἰς
3125 4155 3360 4228 ἔλεγχον,
3425 4154 3491 4218 εἰς
3536 4156 3861 4227 κατηγορίαν
3909 4156 4004 4204 τῶν

2402 4252 2473 4323 μὴ
2531 4247 2944 4314 πιστευσάντων,
3001 4246 3083 4297 ἶνα
3128 4249 3202 4318 μή
3247 4242 3505 4298 δύνωνται
3549 4243 3716 4318 λέγειν
3768 4242 3816 4297 ἓν
3844 4243 4006 4314 ἡμέρᾳ

2403 4341 2640 4413 κρίσεως,
2701 4337 2781 4388 ὅτι
2825 4335 2920 4388 ούκ
2969 4338 3204 4394 ἤκουσαν
3254 4341 3349 4388 τοῦ
3398 4335 3765 4409 κηρύγματος.
3795 4335 4003 4406 Εἴρηται

644 4395 802 4478 inus.
836 4419 1064 4476 Dictum
1092 4395 1180 4474 est
1203 4417 1382 4475 etiam
1403 4419 1473 4474 de
1493 4418 1608 4475 hoc
1633 4418 1868 4477 decimo
1894 4435 2055 4476 nono
2086 4419 2291 4494 capite.

2436 4395 2446 4413 ,
2609 4395 2638 4401 -.
3468 4395 3479 4408 .
3543 4395 3558 4406 .
3575 4395 3588 4409 .

2407 4424 2466 4481 δι
2492 4431 2582 4479 καὶ
2603 4432 2756 4478 τοῦτο
2778 4423 2825 4477 έν
2856 4432 2928 4497 τῷ
2955 4419 3392 4494 έννεακαιδεκάτῳ
3420 4423 3713 4497 κεφαλαίῳ.

718 4512 874 4566 Vers.
906 4511 988 4564 14.
1017 4509 1096 4563 Et
1120 4509 1638 4566 —consummatio.
1671 4508 2126 4566 Consummatio
2152 4513 2298 4566 tem«

646 4597 730 4672 pli
767 4601 824 4653 et
850 4595 1201 4666 Jerusalem,
1223 4600 1287 4653 ut
1310 4597 1716 4670 praediximus.
1749 4598 1903 4657 Dicit
1924 4613 2102 4670 ergo:
2135 4599 2297 4654 Post-

646 4701 834 4762 quam
883 4685 1041 4742 facta
1090 4685 1306 4744 fuerint
1362 4688 1641 4744 universa
1694 4703 1830 4759 quas
1861 4687 2022 4743 dicta
2053 4691 2209 4756 sunt,
2241 4692 2299 4745 et

646 4779 964 4850 postquam
980 4775 1357 4849 praedicatum
1369 4776 2008 4847 fueritEvangeliumin
2023 4777 2296 4837 universo

649 4864 815 4936 orbe,
847 4870 988 4922 tunc
1009 4865 1202 4924 veniet
1217 4866 1443 4925 Judaeis
1457 4865 1809 4924 omnimoda
1827 4867 2099 4940 perditio.
2125 4869 2297 4937 Quod

647 4961 849 5015 autem
879 4955 1216 5031 priusquam
1239 4962 1589 5032 caperentur
1614 4956 2031 5031 Hierosolyma
2082 4959 2296 5034 pradi-

649 5051 845 5106 catum
876 5047 948 5104 sit
975 5047 1366 5118 Evangelium
1396 5061 1504 5122 per
1555 5047 1744 5103 totum
1793 5047 2111 5114 mundum,
2150 5049 2298 5108 dixit

648 5138 873 5197 Paulus
896 5137 1346 5208 :Fructiﬁcavit,
1365 5135 1575 5210 inquit,
1598 5152 1671 5196 ac
1686 5138 1871 5196 crevit
1885 5139 1948 5196 in
1965 5139 2121 5198 omni
2140 5156 2296 5200 crea-

2479 4520 2580 4571 Κα).
2616 4546 2684 4556 -
2729 4513 2888 4576 τέλος.
2944 4515 3014 4567 Τὸ
3067 4511 3202 4573 τέλος
3249 4517 3344 4564 τοῦ
3394 4519 3522 4564 ναοῦ
3563 4517 3656 4566 καὶ
3698 4521 3788 4572 τῆς
3832 4509 4000 4582 Ἰερου-

2409 4605 2604 4678 σαλὴμ,
2649 4607 2714 4666 ὡς
2741 4606 3052 4676 προέφημεν.
3108 4604 3264 4673 Λέγει
3309 4604 3504 4670 τοίνυν,
3549 4603 3632 4655 ὅτι
3684 4598 3816 4676 μετὰ
3843 4601 3899 4650 τὸ
3927 4611 4000 4666 γε·

2405 4697 2584 4748 νέσθαι
2631 4696 2697 4746 τὰ
2741 4693 2965 4768 ῥηθέντα
3018 4691 3207 4758 πάντα,
3271 4693 3362 4741 καὶ
3398 4693 3536 4761 μετὰ
3574 4694 3634 4744 τὸ
3675 4687 3997 4764 κηρυχθῆναι

2406 4787 2464 4838 τὸ
2508 4782 2817 4855 Εύαγγέλιον
2866 4780 2914 4834 έν
2967 4779 3057 4853 ὅλη
3117 4787 3180 4853 τῇ
3236 4777 3538 4852 οἰκουμένῃ,
3586 4785 3705 4834 τότε
3748 4777 3856 4841 ἣξει
3899 4777 3997 4831 τοῖς

2407 4870 2682 4933 Ἰουδαίοις
2755 4872 2781 4924 ὁ
2858 4869 3110 4932 παντελὴς
3186 4867 3412 4944 ὄλεθρος.
3481 4866 3608 4924 Ὀτι
3665 4865 3726 4923 δε
3774 4867 3872 4940 πρὸ
3913 4866 3997 4918 τῆς

2406 4964 2642 5026 ἁλώσέως
2715 4968 2810 5023 τῆς
2874 4957 3217 5036 Ἰερουσαλὴμ
3264 4956 3540 5032 ἐκηρύχθη
3589 4960 3646 5010 τὸ
3701 4948 3996 5026 Εὐαγγελιον

2408 5053 2477 5117 εἰς
2525 5051 2640 5106 ὅλον
2693 5053 2780 5104 τὸν
2837 5052 3056 5122 κόσμον,
3113 5050 3311 5129 εἴρηκεν
3359 5047 3386 5100 ὁ
3443 5046 3676 5116 Παῦλος,
3735 5046 3815 5097 ὅτι
3861 5038 3998 5092 Ἐστι

2405 5140 2886 5217 καρποφορούμενον
2963 5127 3077 5209 (21)
3158 5125 3255 5190 ’καί
3328 5133 3673 5210 αύξανόμενον
3759 5131 3820 5185 ἐν’
3863 5125 3992 5193 πάσῃ

722 5319 766 5354 ⁴¹
800 5317 974 5373 Marc.
1004 5331 1128 5380 xm,
1159 5315 1246 5369 12.
1328 5315 1375 5350 ⁴²
1399 5316 1540 5373 Luc.
1579 5332 1700 5383 xxi,
1739 5320 1820 5374 16.
1899 5318 1947 5354 ⁴³
1985 5321 2156 5376 Marc.
2189 5336 2315 5391 xm,
2344 5321 2429 5378 10.

1760 5487 1984 5558 Variae
2015 5488 2340 5560 lectiones
2367 5497 2434 5558 et
2472 5495 2674 5556 notae.

654 5655 844 5785 ng).
862 5655 948 5714 Ita
975 5649 1154 5716 etiam
1171 5655 1416 5731 uterque
1442 5656 1628 5717 codex
1669 5657 1908 5718 ordinat
1927 5657 1991 5718 in
2019 5662 2299 5719 contextu

2291 5792 2303 5804 ,
2363 5801 2366 5804 ,
2409 5735 2467 5792 et
2487 5723 2625 5794 loca
2651 5723 2870 5794 similia
2892 5723 3225 5794 confundit.
3242 5725 3409 5806 Hunc
3428 5736 3593 5796 ergo.
3625 5732 3745 5780 non
3769 5729 3802 5771 ο

2479 5659 2586 5788 321)
2633 5655 3085 5740 Οῂτχεοειοωιιε
3121 5651 3251 5735 haec
3276 5651 3487 5709 tractat
3523 5654 3564 5707 t.
3599 5649 3710 5705 VII.
3739 5659 3797 5717 p.
3829 5640 3925 5718 725
3952 5632 3993 5688 υ

2507 5745 2625 5788 oca
2651 5725 2870 5788 similia
2892 5723 3225 5788 confundit.
3242 5725 3409 5788 Hunc
3428 5736 3593 5788 emo.
3625 5732 3745 5780 non
3769 5708 3992 5774 codice!
