  <div class='ocr_page' id='page_1' title='image "/cluster/home/n/w/nwhite01/storage/ocr_20150623/129/hvd.32044019208511/332.png"; bbox 0 0 4198 6440; ppageno 0'>
   <div class='ocr_carea' id='block_1_1' title="bbox 223 376 346 450">
    <p class='ocr_par' dir='ltr' id='par_1_1' title="bbox 223 376 346 450">
     <span class='ocr_line' id='line_1_1' title="bbox 223 376 346 450; baseline 0.016 -1"><span class='ocrx_word' id='word_1_1' title='bbox 223 376 346 450; x_wconf 77' lang='lat'><strong>609</strong></span> 
     </span>
    </p>
   </div>
   <div class='ocr_carea' id='block_1_2' title="bbox 1189 376 2696 454">
    <p class='ocr_par' dir='ltr' id='par_1_2' title="bbox 1189 376 2696 454">
     <span class='ocr_line' id='line_1_2' title="bbox 1189 376 2696 454; baseline -0.001 -3"><span class='ocrx_word' id='word_1_2' title='bbox 1189 385 1553 451; x_wconf 86' lang='lat' dir='ltr'><strong>COMMENT.</strong></span> <span class='ocrx_word' id='word_1_3' title='bbox 1594 390 1668 448; x_wconf 89' lang='lat' dir='ltr'><strong>IN</strong></span> <span class='ocrx_word' id='word_1_4' title='bbox 1709 376 2153 451; x_wconf 69' lang='lat' dir='ltr'><strong>MAT&#39;I‘ILE‘UM.</strong></span> <span class='ocrx_word' id='word_1_5' title='bbox 2194 427 2262 439; x_wconf 86' lang='lat'><em>—</em></span> <span class='ocrx_word' id='word_1_6' title='bbox 2301 386 2460 454; x_wconf 75' lang='lat' dir='ltr'><strong>CAP.</strong></span> <span class='ocrx_word' id='word_1_7' title='bbox 2494 384 2696 453; x_wconf 80' lang='lat' dir='ltr'><strong>XXIV.</strong></span> 
     </span>
    </p>
   </div>
   <div class='ocr_carea' id='block_1_3' title="bbox 3494 392 3599 455">
    <p class='ocr_par' dir='ltr' id='par_1_3' title="bbox 3494 392 3599 455">
     <span class='ocr_line' id='line_1_3' title="bbox 3494 392 3599 455; baseline 0.01 -1"><span class='ocrx_word' id='word_1_8' title='bbox 3494 392 3599 455; x_wconf 79' lang='grc'><strong>610</strong></span> 
     </span>
    </p>
   </div>
   <div class='ocr_carea' id='block_1_4' title="bbox 223 515 1847 596">
    <p class='ocr_par' dir='ltr' id='par_1_4' title="bbox 223 516 1834 596">
     <span class='ocr_line' id='line_1_4' title="bbox 223 516 1834 596; baseline -0.001 -26"><span class='ocrx_word' id='word_1_9' title='bbox 223 527 300 591; x_wconf 76' lang='grc' dir='ltr'>τῇ</span> <span class='ocrx_word' id='word_1_10' title='bbox 364 521 538 572; x_wconf 79' lang='grc' dir='ltr'><strong>κτίσει</strong></span> <span class='ocrx_word' id='word_1_11' title='bbox 610 525 671 591; x_wconf 78' lang='grc' dir='ltr'><strong>τῇ</strong></span> <span class='ocrx_word' id='word_1_12' title='bbox 752 517 839 570; x_wconf 80' lang='grc' dir='ltr'>ὑπ’</span> <span class='ocrx_word' id='word_1_13' title='bbox 896 516 1128 593; x_wconf 86' lang='grc' dir='ltr'>ούρανόν.</span> <span class='ocrx_word' id='word_1_14' title='bbox 1201 519 1262 573; x_wconf 85' lang='grc' dir='ltr'>Εἰ</span> <span class='ocrx_word' id='word_1_15' title='bbox 1330 522 1431 596; x_wconf 81' lang='grc' dir='ltr'><strong>γὰρ</strong></span> <span class='ocrx_word' id='word_1_16' title='bbox 1503 519 1651 579; x_wconf 83' lang='grc' dir='ltr'>αύτὸς</span> <span class='ocrx_word' id='word_1_17' title='bbox 1735 516 1834 570; x_wconf 85' lang='grc' dir='ltr'>ἀπὸ</span> 
     </span>
    </p>
   </div>
   <div class='ocr_carea' id='block_1_5' title="bbox 1961 515 3598 596">
    <p class='ocr_par' dir='ltr' id='par_1_5' title="bbox 1961 519 3598 593">
     <span class='ocr_line' id='line_1_5' title="bbox 1961 519 3598 593; baseline 0.005 -21"><span class='ocrx_word' id='word_1_18' title='bbox 1961 519 2082 575; x_wconf 62' lang='lat' dir='ltr'><strong>iura</strong></span> <span class='ocrx_word' id='word_1_19' title='bbox 2112 537 2238 592; x_wconf 75' lang='lat' dir='ltr'><strong>quae</strong></span> <span class='ocrx_word' id='word_1_20' title='bbox 2258 522 2365 578; x_wconf 87' lang='lat' dir='ltr'><strong>sub</strong></span> <span class='ocrx_word' id='word_1_21' title='bbox 2396 524 2534 578; x_wconf 78' lang='lat' dir='ltr'><strong>caelo</strong></span> <span class='ocrx_word' id='word_1_22' title='bbox 2565 528 2645 579; x_wconf 87' lang='lat' dir='ltr'><strong>est</strong></span> <span class='ocrx_word' id='word_1_23' title='bbox 2673 522 2743 577; x_wconf 65' lang='grc' dir='ltr'><strong>ιι.</strong></span> <span class='ocrx_word' id='word_1_24' title='bbox 2800 521 2855 579; x_wconf 88' lang='lat' dir='ltr'><strong>Si</strong></span> <span class='ocrx_word' id='word_1_25' title='bbox 2889 520 3049 578; x_wconf 89' lang='lat' dir='ltr'><strong>enim</strong></span> <span class='ocrx_word' id='word_1_26' title='bbox 3096 520 3227 593; x_wconf 90' lang='lat' dir='ltr'><strong>ipse</strong></span> <span class='ocrx_word' id='word_1_27' title='bbox 3261 537 3298 579; x_wconf 91' lang='lat' dir='ltr'><strong>a</strong></span> <span class='ocrx_word' id='word_1_28' title='bbox 3328 523 3598 580; x_wconf 89' lang='lat' dir='ltr'><strong>Hieroso-</strong></span> 
     </span>
    </p>
   </div>
   <div class='ocr_carea' id='block_1_6' title="bbox 218 602 1838 683">
    <p class='ocr_par' dir='ltr' id='par_1_6' title="bbox 218 602 1838 683">
     <span class='ocr_line' id='line_1_6' title="bbox 218 602 1838 683; baseline -0.002 -21"><span class='ocrx_word' id='word_1_29' title='bbox 218 607 585 683; x_wconf 78' lang='grc' dir='ltr'>Ἱερόυσαλὴμ</span> <span class='ocrx_word' id='word_1_30' title='bbox 633 602 715 669; x_wconf 75' lang='grc' dir='ltr'>εἰς</span> <span class='ocrx_word' id='word_1_31' title='bbox 773 605 1039 661; x_wconf 82' lang='grc' dir='ltr'><strong>Ἱσπανίαν</strong></span> <span class='ocrx_word' id='word_1_32' title='bbox 1116 607 1378 683; x_wconf 74' lang='grc' dir='ltr'><strong>ἐκήρυξεν,</strong></span> <span class='ocrx_word' id='word_1_33' title='bbox 1447 607 1682 667; x_wconf 75' lang='grc' dir='ltr'><strong>ἐννόησον</strong></span> <span class='ocrx_word' id='word_1_34' title='bbox 1749 612 1838 659; x_wconf 82' lang='grc' dir='ltr'>καὶ</span> 
     </span>
    </p>
   </div>
   <div class='ocr_carea' id='block_1_7' title="bbox 215 693 1836 773">
    <p class='ocr_par' dir='ltr' id='par_1_7' title="bbox 215 693 1836 773">
     <span class='ocr_line' id='line_1_7' title="bbox 215 693 1836 773; baseline -0.002 -22"><span class='ocrx_word' id='word_1_35' title='bbox 215 701 355 772; x_wconf 77' lang='grc' dir='ltr'>περὶ</span> <span class='ocrx_word' id='word_1_36' title='bbox 399 705 500 750; x_wconf 86' lang='grc' dir='ltr'><strong>τῶν</strong></span> <span class='ocrx_word' id='word_1_37' title='bbox 555 695 719 748; x_wconf 78' lang='grc' dir='ltr'>ἄλλων</span> <span class='ocrx_word' id='word_1_38' title='bbox 749 693 1072 767; x_wconf 74' lang='grc' dir='ltr'><strong>ἀποστόλων,</strong></span> <span class='ocrx_word' id='word_1_39' title='bbox 1103 699 1236 773; x_wconf 81' lang='grc' dir='ltr'>ἄχρι</span> <span class='ocrx_word' id='word_1_40' title='bbox 1292 703 1457 751; x_wconf 91' lang='grc' dir='ltr'>πόσου</span> <span class='ocrx_word' id='word_1_41' title='bbox 1530 694 1836 772; x_wconf 84' lang='grc' dir='ltr'>διέδραμον.</span> 
     </span>
    </p>
   </div>
   <div class='ocr_carea' id='block_1_8' title="bbox 216 780 1841 859">
    <p class='ocr_par' dir='ltr' id='par_1_8' title="bbox 216 780 1841 859">
     <span class='ocr_line' id='line_1_8' title="bbox 216 780 1841 859; baseline -0.002 -20"><span class='ocrx_word' id='word_1_42' title='bbox 216 788 340 839; x_wconf 85' lang='grc' dir='ltr'><strong>Διὰ</strong></span> <span class='ocrx_word' id='word_1_43' title='bbox 385 793 538 838; x_wconf 85' lang='grc' dir='ltr'>τοῦτο</span> <span class='ocrx_word' id='word_1_44' title='bbox 597 780 656 837; x_wconf 70' lang='grc' dir='ltr'>δὲ</span> <span class='ocrx_word' id='word_1_45' title='bbox 704 788 835 857; x_wconf 84' lang='grc' dir='ltr'><strong>μετὰ</strong></span> <span class='ocrx_word' id='word_1_46' title='bbox 882 788 940 837; x_wconf 89' lang='lat'><strong>1&#39;6</strong></span> <span class='ocrx_word' id='word_1_47' title='bbox 997 788 1336 859; x_wconf 78' lang='grc' dir='ltr'><strong>κηρυχθῆναι</strong></span> <span class='ocrx_word' id='word_1_48' title='bbox 1410 790 1469 839; x_wconf 85' lang='grc' dir='ltr'>τό</span> <span class='ocrx_word' id='word_1_49' title='bbox 1532 786 1841 857; x_wconf 81' lang='grc' dir='ltr'>Εύαγγέλιον</span> 
     </span>
    </p>
   </div>
   <div class='ocr_carea' id='block_1_9' title="bbox 217 873 1840 948">
    <p class='ocr_par' dir='ltr' id='par_1_9' title="bbox 217 873 1840 948">
     <span class='ocr_line' id='line_1_9' title="bbox 217 873 1840 948; baseline -0.002 -20"><span class='ocrx_word' id='word_1_50' title='bbox 217 880 521 947; x_wconf 72' lang='grc' dir='ltr'><strong>πανταχοῦ</strong></span> <span class='ocrx_word' id='word_1_51' title='bbox 552 882 648 935; x_wconf 84' lang='grc' dir='ltr'>τῆς</span> <span class='ocrx_word' id='word_1_52' title='bbox 676 877 977 946; x_wconf 79' lang='grc' dir='ltr'><strong>οἰκουμένης</strong></span> <span class='ocrx_word' id='word_1_53' title='bbox 1038 873 1347 927; x_wconf 77' lang='grc' dir='ltr'>ἀπόλλυνται</span> <span class='ocrx_word' id='word_1_54' title='bbox 1375 878 1439 928; x_wconf 81' lang='grc' dir='ltr'>τὰ</span> <span class='ocrx_word' id='word_1_55' title='bbox 1489 874 1840 948; x_wconf 85' lang='grc' dir='ltr'>Ἰεροσόλυμα,</span> 
     </span>
    </p>
   </div>
   <div class='ocr_carea' id='block_1_10' title="bbox 222 959 1845 1038">
    <p class='ocr_par' dir='ltr' id='par_1_10' title="bbox 222 959 1845 1038">
     <span class='ocr_line' id='line_1_10' title="bbox 222 959 1845 1038; baseline -0.002 -21"><span class='ocrx_word' id='word_1_56' title='bbox 222 966 332 1017; x_wconf 81' lang='grc' dir='ltr'>ἵνα</span> <span class='ocrx_word' id='word_1_57' title='bbox 358 959 498 1038; x_wconf 71' lang='grc' dir='ltr'>μηδὲ</span> <span class='ocrx_word' id='word_1_58' title='bbox 532 965 683 1015; x_wconf 82' lang='grc' dir='ltr'>σκιὰν</span> <span class='ocrx_word' id='word_1_59' title='bbox 742 961 1030 1035; x_wconf 73' lang='grc' dir='ltr'><strong>ἀπολογίας</strong></span> <span class='ocrx_word' id='word_1_60' title='bbox 1081 966 1277 1036; x_wconf 67' lang='grc' dir='ltr'>ἔχωσιν</span> <span class='ocrx_word' id='word_1_61' title='bbox 1336 961 1604 1031; x_wconf 85' lang='grc' dir='ltr'>Ἰουδαῖοι,</span> <span class='ocrx_word' id='word_1_62' title='bbox 1655 965 1845 1016; x_wconf 87' lang='grc' dir='ltr'>τοσαύ-</span> 
     </span>
    </p>
   </div>
   <div class='ocr_carea' id='block_1_11' title="bbox 218 1047 1845 1127">
    <p class='ocr_par' dir='ltr' id='par_1_11' title="bbox 218 1047 1845 1127">
     <span class='ocr_line' id='line_1_11' title="bbox 218 1047 1845 1127; baseline -0.001 -21"><span class='ocrx_word' id='word_1_63' title='bbox 218 1057 339 1113; x_wconf 79' lang='grc' dir='ltr'>τὴν</span> <span class='ocrx_word' id='word_1_64' title='bbox 369 1049 568 1114; x_wconf 78' lang='grc' dir='ltr'><strong>ἰδόντες</strong></span> <span class='ocrx_word' id='word_1_65' title='bbox 607 1055 702 1111; x_wconf 82' lang='grc' dir='ltr'><strong>τήν</strong></span> <span class='ocrx_word' id='word_1_66' title='bbox 753 1047 975 1125; x_wconf 86' lang='grc' dir='ltr'>δύναμιν</span> <span class='ocrx_word' id='word_1_67' title='bbox 1013 1061 1105 1105; x_wconf 83' lang='grc' dir='ltr'>τοῦ</span> <span class='ocrx_word' id='word_1_68' title='bbox 1160 1056 1512 1127; x_wconf 87' lang='grc' dir='ltr'>κηρύγματος,</span> <span class='ocrx_word' id='word_1_69' title='bbox 1546 1055 1609 1115; x_wconf 85' lang='grc' dir='ltr'><strong>ὡς</strong></span> <span class='ocrx_word' id='word_1_70' title='bbox 1640 1051 1688 1104; x_wconf 80' lang='grc' dir='ltr'>ἐν</span> <span class='ocrx_word' id='word_1_71' title='bbox 1716 1051 1845 1126; x_wconf 80' lang='grc' dir='ltr'>βρα-</span> 
     </span>
    </p>
   </div>
   <div class='ocr_carea' id='block_1_12' title="bbox 220 1138 1844 1216">
    <p class='ocr_par' dir='ltr' id='par_1_12' title="bbox 220 1138 1844 1216">
     <span class='ocr_line' id='line_1_12' title="bbox 220 1138 1844 1216; baseline -0.002 -20"><span class='ocrx_word' id='word_1_72' title='bbox 220 1150 340 1216; x_wconf 69' lang='grc' dir='ltr'>χεῖ</span> <span class='ocrx_word' id='word_1_73' title='bbox 388 1147 563 1195; x_wconf 87' lang='grc' dir='ltr'>πᾶσαν</span> <span class='ocrx_word' id='word_1_74' title='bbox 594 1138 900 1214; x_wconf 76' lang='grc' dir='ltr'><strong>ἐπιδραμεῖν</strong></span> <span class='ocrx_word' id='word_1_75' title='bbox 950 1145 1045 1201; x_wconf 81' lang='grc' dir='ltr'>τὴν</span> <span class='ocrx_word' id='word_1_76' title='bbox 1089 1141 1411 1215; x_wconf 77' lang='grc' dir='ltr'><strong>οἰκουμένην,</strong></span> <span class='ocrx_word' id='word_1_77' title='bbox 1454 1147 1543 1195; x_wconf 88' lang='grc' dir='ltr'>καὶ</span> <span class='ocrx_word' id='word_1_78' title='bbox 1568 1149 1844 1213; x_wconf 81' lang='grc' dir='ltr'>πανταχοῦ</span> 
     </span>
    </p>
   </div>
   <div class='ocr_carea' id='block_1_13' title="bbox 221 1228 1843 1305">
    <p class='ocr_par' dir='ltr' id='par_1_13' title="bbox 221 1228 1843 1305">
     <span class='ocr_line' id='line_1_13' title="bbox 221 1228 1843 1305; baseline -0.001 -20"><span class='ocrx_word' id='word_1_79' title='bbox 221 1231 471 1305; x_wconf 74' lang='grc' dir='ltr'>λάμψαι,</span> <span class='ocrx_word' id='word_1_80' title='bbox 504 1234 595 1282; x_wconf 86' lang='grc' dir='ltr'>καὶ</span> <span class='ocrx_word' id='word_1_81' title='bbox 638 1234 981 1303; x_wconf 73' lang='grc' dir='ltr'><strong>μεμενηκότες</strong></span> <span class='ocrx_word' id='word_1_82' title='bbox 1028 1228 1110 1284; x_wconf 75' lang='grc' dir='ltr'><strong>ἐπὶ</strong></span> <span class='ocrx_word' id='word_1_83' title='bbox 1166 1240 1256 1294; x_wconf 72' lang='grc' dir='ltr'>τῆς</span> <span class='ocrx_word' id='word_1_84' title='bbox 1282 1232 1446 1293; x_wconf 74' lang='grc' dir='ltr'>αὐτῆς</span> <span class='ocrx_word' id='word_1_85' title='bbox 1477 1231 1728 1293; x_wconf 81' lang='grc' dir='ltr'><strong>ἀπιστίας</strong></span> <span class='ocrx_word' id='word_1_86' title='bbox 1755 1235 1843 1284; x_wconf 86' lang='grc' dir='ltr'>καὶ</span> 
     </span>
    </p>
   </div>
   <div class='ocr_carea' id='block_1_14' title="bbox 226 1322 643 1395">
    <p class='ocr_par' dir='ltr' id='par_1_14' title="bbox 226 1322 643 1395">
     <span class='ocr_line' id='line_1_14' title="bbox 226 1322 643 1395; baseline 0.007 -22"><span class='ocrx_word' id='word_1_87' title='bbox 226 1322 590 1395; x_wconf 70' lang='grc' dir='ltr'><strong>ἀγνωμοσύνη</strong></span> <span class='ocrx_word' id='word_1_88' title='bbox 602 1341 643 1383; x_wconf 87' lang='grc' dir='ltr'>ς.</span> 
     </span>
    </p>
   </div>
   <div class='ocr_carea' id='block_1_15' title="bbox 316 1407 1844 1485">
    <p class='ocr_par' dir='ltr' id='par_1_15' title="bbox 316 1407 1844 1485">
     <span class='ocr_line' id='line_1_15' title="bbox 316 1407 1844 1485; baseline -0.001 -21"><span class='ocrx_word' id='word_1_89' title='bbox 316 1410 478 1464; x_wconf 88' lang='grc' dir='ltr'>Ὀταν</span> <span class='ocrx_word' id='word_1_90' title='bbox 552 1407 640 1462; x_wconf 83' lang='grc' dir='ltr'><strong>οὖν</strong></span> <span class='ocrx_word' id='word_1_91' title='bbox 744 1441 812 1450; x_wconf 92' lang='lat'><strong>—</strong></span> <span class='ocrx_word' id='word_1_92' title='bbox 896 1414 1091 1463; x_wconf 87' lang='grc' dir='ltr'>νοείτω.</span> <span class='ocrx_word' id='word_1_93' title='bbox 1170 1407 1444 1485; x_wconf 83' lang='grc' dir='ltr'>Βδέλυγμα</span> <span class='ocrx_word' id='word_1_94' title='bbox 1532 1418 1618 1464; x_wconf 83' lang='grc' dir='ltr'>νῦν</span> <span class='ocrx_word' id='word_1_95' title='bbox 1709 1410 1844 1483; x_wconf 85' lang='grc' dir='ltr'>λέγει</span> 
     </span>
    </p>
   </div>
   <div class='ocr_carea' id='block_1_16' title="bbox 230 1496 1845 1575">
    <p class='ocr_par' dir='ltr' id='par_1_16' title="bbox 230 1496 1845 1575">
     <span class='ocr_line' id='line_1_16' title="bbox 230 1496 1845 1575; baseline -0.001 -21"><span class='ocrx_word' id='word_1_96' title='bbox 230 1504 333 1554; x_wconf 86' lang='grc' dir='ltr'>τὸν</span> <span class='ocrx_word' id='word_1_97' title='bbox 386 1496 673 1575; x_wconf 78' lang='grc' dir='ltr'>ἀνδριάντα</span> <span class='ocrx_word' id='word_1_98' title='bbox 699 1505 789 1551; x_wconf 84' lang='grc' dir='ltr'>τοῦ</span> <span class='ocrx_word' id='word_1_99' title='bbox 836 1503 1014 1565; x_wconf 89' lang='grc' dir='ltr'>Τίτου,</span> <span class='ocrx_word' id='word_1_100' title='bbox 1066 1499 1139 1567; x_wconf 89' lang='grc' dir='ltr'>ὃν,</span> <span class='ocrx_word' id='word_1_101' title='bbox 1176 1498 1296 1552; x_wconf 83' lang='grc' dir='ltr'><strong>ἐλὼν</strong></span> <span class='ocrx_word' id='word_1_102' title='bbox 1333 1505 1425 1559; x_wconf 82' lang='grc' dir='ltr'>τὴν</span> <span class='ocrx_word' id='word_1_103' title='bbox 1479 1499 1646 1568; x_wconf 77' lang='grc' dir='ltr'>πόλιν,</span> <span class='ocrx_word' id='word_1_104' title='bbox 1694 1501 1845 1558; x_wconf 81' lang='grc' dir='ltr'>ἔστη-</span> 
     </span>
    </p>
   </div>
   <div class='ocr_carea' id='block_1_17' title="bbox 238 1585 1843 1665">
    <p class='ocr_par' dir='ltr' id='par_1_17' title="bbox 238 1585 1843 1665">
     <span class='ocr_line' id='line_1_17' title="bbox 238 1585 1843 1665; baseline -0.001 -23"><span class='ocrx_word' id='word_1_105' title='bbox 238 1609 336 1643; x_wconf 88' lang='grc' dir='ltr'><strong>σεν</strong></span> <span class='ocrx_word' id='word_1_106' title='bbox 414 1587 462 1641; x_wconf 77' lang='grc' dir='ltr'><strong>ἓν</strong></span> <span class='ocrx_word' id='word_1_107' title='bbox 534 1595 646 1650; x_wconf 88' lang='grc' dir='ltr'>τοῖς</span> <span class='ocrx_word' id='word_1_108' title='bbox 709 1585 925 1651; x_wconf 77' lang='grc' dir='ltr'><strong>ἀδύτοις</strong></span> <span class='ocrx_word' id='word_1_109' title='bbox 988 1596 1080 1641; x_wconf 84' lang='grc' dir='ltr'>τοῦ</span> <span class='ocrx_word' id='word_1_110' title='bbox 1140 1598 1284 1645; x_wconf 82' lang='grc' dir='ltr'>ναοῦ.</span> <span class='ocrx_word' id='word_1_111' title='bbox 1352 1586 1694 1662; x_wconf 86' lang='grc' dir='ltr'>Βδελύγματα</span> <span class='ocrx_word' id='word_1_112' title='bbox 1741 1592 1843 1665; x_wconf 78' lang='grc' dir='ltr'><strong>γὰρ</strong></span> 
     </span>
    </p>
   </div>
   <div class='ocr_carea' id='block_1_18' title="bbox 240 1677 1845 1752">
    <p class='ocr_par' dir='ltr' id='par_1_18' title="bbox 240 1677 1845 1752">
     <span class='ocr_line' id='line_1_18' title="bbox 240 1677 1845 1752; baseline 0.001 -21"><span class='ocrx_word' id='word_1_113' title='bbox 240 1680 267 1731; x_wconf 86' lang='grc' dir='ltr'><strong>ὁ</strong></span> <span class='ocrx_word' id='word_1_114' title='bbox 329 1683 480 1752; x_wconf 92' lang='grc' dir='ltr'>νόμος</span> <span class='ocrx_word' id='word_1_115' title='bbox 547 1677 783 1750; x_wconf 82' lang='grc' dir='ltr'>ὠνόμαζε</span> <span class='ocrx_word' id='word_1_116' title='bbox 856 1679 923 1730; x_wconf 81' lang='grc' dir='ltr'><strong>τὰ</strong></span> <span class='ocrx_word' id='word_1_117' title='bbox 994 1686 1214 1731; x_wconf 83' lang='grc' dir='ltr'>τοιαῦτα</span> <span class='ocrx_word' id='word_1_118' title='bbox 1290 1680 1692 1752; x_wconf 83' lang='grc' dir='ltr'>άφομοιὼματα.</span> <span class='ocrx_word' id='word_1_119' title='bbox 1743 1686 1845 1740; x_wconf 85' lang='grc' dir='ltr'><strong>Τῆς</strong></span> 
     </span>
    </p>
   </div>
   <div class='ocr_carea' id='block_1_19' title="bbox 244 1763 1844 1842">
    <p class='ocr_par' dir='ltr' id='par_1_19' title="bbox 244 1763 1844 1842">
     <span class='ocr_line' id='line_1_19' title="bbox 244 1763 1844 1842; baseline 0.001 -22"><span class='ocrx_word' id='word_1_120' title='bbox 244 1767 555 1841; x_wconf 75' lang='grc' dir='ltr'>ἔρημὼσεως</span> <span class='ocrx_word' id='word_1_121' title='bbox 622 1763 679 1819; x_wconf 71' lang='grc' dir='ltr'>δὲ</span> <span class='ocrx_word' id='word_1_122' title='bbox 736 1773 892 1819; x_wconf 81' lang='grc' dir='ltr'>τοῦτο</span> <span class='ocrx_word' id='word_1_123' title='bbox 959 1766 1193 1840; x_wconf 87' lang='grc' dir='ltr'>κέκληκε,</span> <span class='ocrx_word' id='word_1_124' title='bbox 1260 1763 1420 1835; x_wconf 83' lang='grc' dir='ltr'>διότι,</span> <span class='ocrx_word' id='word_1_125' title='bbox 1494 1766 1844 1842; x_wconf 79' lang='grc' dir='ltr'>ὶρημουμένου</span> 
     </span>
    </p>
   </div>
   <div class='ocr_carea' id='block_1_20' title="bbox 246 1856 1538 1926">
    <p class='ocr_par' dir='ltr' id='par_1_20' title="bbox 246 1856 1538 1926">
     <span class='ocr_line' id='line_1_20' title="bbox 246 1856 1538 1926; baseline 0 -16"><span class='ocrx_word' id='word_1_126' title='bbox 246 1864 342 1910; x_wconf 82' lang='grc' dir='ltr'>τοῦ</span> <span class='ocrx_word' id='word_1_127' title='bbox 398 1864 522 1910; x_wconf 85' lang='grc' dir='ltr'>ναοῦ</span> <span class='ocrx_word' id='word_1_128' title='bbox 587 1860 678 1909; x_wconf 82' lang='grc' dir='ltr'>καὶ</span> <span class='ocrx_word' id='word_1_129' title='bbox 726 1865 818 1916; x_wconf 85' lang='grc' dir='ltr'>τῆς</span> <span class='ocrx_word' id='word_1_130' title='bbox 867 1856 1082 1926; x_wconf 89' lang='grc' dir='ltr'>πόλεως,</span> <span class='ocrx_word' id='word_1_131' title='bbox 1141 1858 1265 1916; x_wconf 80' lang='grc' dir='ltr'>ἔστη</span> <span class='ocrx_word' id='word_1_132' title='bbox 1316 1864 1469 1910; x_wconf 85' lang='grc' dir='ltr'>τοῦτο</span> <span class='ocrx_word' id='word_1_133' title='bbox 1525 1874 1538 1888; x_wconf 74' lang='grc' dir='ltr'><strong>ο</strong></span> 
     </span>
    </p>
   </div>
   <div class='ocr_carea' id='block_1_21' title="bbox 252 1942 1843 2022">
    <p class='ocr_par' dir='ltr' id='par_1_21' title="bbox 252 1942 1843 2022">
     <span class='ocr_line' id='line_1_21' title="bbox 252 1942 1843 2022; baseline 0.001 -25"><span class='ocrx_word' id='word_1_134' title='bbox 252 1952 343 1998; x_wconf 77' lang='grc' dir='ltr'>τοῦ</span> <span class='ocrx_word' id='word_1_135' title='bbox 413 1945 775 2022; x_wconf 72' lang='grc' dir='ltr'>ἐρημώσαντος</span> <span class='ocrx_word' id='word_1_136' title='bbox 846 1945 980 1998; x_wconf 79' lang='grc' dir='ltr'><strong>αύτά</strong></span> <span class='ocrx_word' id='word_1_137' title='bbox 1043 1942 1104 2003; x_wconf 80' lang='grc' dir='ltr'>ἧν</span> <span class='ocrx_word' id='word_1_138' title='bbox 1170 1948 1199 2005; x_wconf 79' lang='grc' dir='ltr'>ἡ</span> <span class='ocrx_word' id='word_1_139' title='bbox 1260 1945 1405 1998; x_wconf 82' lang='grc' dir='ltr'>εἰκών</span> <span class='ocrx_word' id='word_1_140' title='bbox 1458 1944 1570 2018; x_wconf 76' lang='grc'>(22)</span> <span class='ocrx_word' id='word_1_141' title='bbox 1602 1989 1614 2001; x_wconf 92' lang='grc'><strong>.</strong></span> <span class='ocrx_word' id='word_1_142' title='bbox 1654 1949 1723 1999; x_wconf 91' lang='lat' dir='ltr'><em>T6</em></span> <span class='ocrx_word' id='word_1_143' title='bbox 1766 1943 1843 2018; x_wconf 68' lang='grc' dir='ltr'>δὲ,</span> 
     </span>
    </p>
   </div>
   <div class='ocr_carea' id='block_1_22' title="bbox 255 2030 1849 2109">
    <p class='ocr_par' dir='ltr' id='par_1_22' title="bbox 255 2030 1849 2109">
     <span class='ocr_line' id='line_1_22' title="bbox 255 2030 1849 2109; baseline 0.003 -24"><span class='ocrx_word' id='word_1_144' title='bbox 255 2032 447 2106; x_wconf 59' lang='grc' dir='ltr'><strong>’(ἱτανι</strong></span> <span class='ocrx_word' id='word_1_145' title='bbox 476 2031 647 2106; x_wconf 81' lang='grc' dir='ltr'>ἴδητε,</span> <span class='ocrx_word' id='word_1_146' title='bbox 678 2030 825 2087; x_wconf 85' lang='grc' dir='ltr'>δοκεῖ</span> <span class='ocrx_word' id='word_1_147' title='bbox 875 2036 964 2107; x_wconf 68' lang='grc' dir='ltr'><strong>μεν</strong></span> <span class='ocrx_word' id='word_1_148' title='bbox 1009 2034 1235 2109; x_wconf 80' lang='grc' dir='ltr'>ῥηθῆναι</span> <span class='ocrx_word' id='word_1_149' title='bbox 1290 2037 1422 2108; x_wconf 89' lang='grc' dir='ltr'>πρὸς</span> <span class='ocrx_word' id='word_1_150' title='bbox 1471 2038 1587 2096; x_wconf 78' lang='grc' dir='ltr'>τοὺς</span> <span class='ocrx_word' id='word_1_151' title='bbox 1626 2034 1849 2089; x_wconf 81' lang='grc' dir='ltr'>ἀποστό-</span> 
     </span>
    </p>
   </div>
   <div class='ocr_carea' id='block_1_23' title="bbox 261 2120 1845 2197">
    <p class='ocr_par' dir='ltr' id='par_1_23' title="bbox 261 2120 1845 2197">
     <span class='ocr_line' id='line_1_23' title="bbox 261 2120 1845 2197; baseline 0.003 -24"><span class='ocrx_word' id='word_1_152' title='bbox 261 2120 385 2184; x_wconf 89' lang='grc' dir='ltr'>λους</span> <span class='ocrx_word' id='word_1_153' title='bbox 409 2138 423 2153; x_wconf 87' lang='grc'><strong>·</strong></span> <span class='ocrx_word' id='word_1_154' title='bbox 457 2126 653 2197; x_wconf 82' lang='grc' dir='ltr'>φέρεται</span> <span class='ocrx_word' id='word_1_155' title='bbox 694 2120 755 2176; x_wconf 66' lang='grc' dir='ltr'>δι</span> <span class='ocrx_word' id='word_1_156' title='bbox 796 2126 927 2196; x_wconf 86' lang='grc' dir='ltr'>πρὸς</span> <span class='ocrx_word' id='word_1_157' title='bbox 949 2125 1071 2185; x_wconf 85' lang='grc' dir='ltr'>τοὺς</span> <span class='ocrx_word' id='word_1_158' title='bbox 1112 2120 1427 2189; x_wconf 83' lang='grc' dir='ltr'>Ἰουδαίους,</span> <span class='ocrx_word' id='word_1_159' title='bbox 1476 2124 1557 2176; x_wconf 82' lang='grc' dir='ltr'><strong>ἵνα</strong></span> <span class='ocrx_word' id='word_1_160' title='bbox 1586 2126 1845 2197; x_wconf 80' lang='grc' dir='ltr'>μάθωσιν,</span> 
     </span>
    </p>
   </div>
   <div class='ocr_carea' id='block_1_24' title="bbox 262 2210 1851 2289">
    <p class='ocr_par' dir='ltr' id='par_1_24' title="bbox 262 2210 1851 2289">
     <span class='ocr_line' id='line_1_24' title="bbox 262 2210 1851 2289; baseline 0.003 -27"><span class='ocrx_word' id='word_1_161' title='bbox 262 2210 344 2263; x_wconf 87' lang='grc' dir='ltr'>ὅτι</span> <span class='ocrx_word' id='word_1_162' title='bbox 370 2210 462 2263; x_wconf 84' lang='grc' dir='ltr'><strong>όύκ</strong></span> <span class='ocrx_word' id='word_1_163' title='bbox 504 2212 567 2273; x_wconf 87' lang='grc' dir='ltr'>εἰς</span> <span class='ocrx_word' id='word_1_164' title='bbox 594 2215 810 2289; x_wconf 80' lang='grc' dir='ltr'>μακρὰν,</span> <span class='ocrx_word' id='word_1_165' title='bbox 864 2210 992 2264; x_wconf 79' lang='grc' dir='ltr'>ἀλλὰ</span> <span class='ocrx_word' id='word_1_166' title='bbox 1022 2212 1225 2274; x_wconf 79' lang='grc' dir='ltr'>ζώντων</span> <span class='ocrx_word' id='word_1_167' title='bbox 1264 2212 1433 2265; x_wconf 79' lang='grc' dir='ltr'>αὐτῶν</span> <span class='ocrx_word' id='word_1_168' title='bbox 1481 2216 1539 2266; x_wconf 89' lang='grc' dir='ltr'>τὸ</span> <span class='ocrx_word' id='word_1_169' title='bbox 1572 2210 1851 2287; x_wconf 84' lang='grc' dir='ltr'>βδέλυγμα</span> 
     </span>
    </p>
   </div>
   <div class='ocr_carea' id='block_1_25' title="bbox 261 2301 1846 2376">
    <p class='ocr_par' dir='ltr' id='par_1_25' title="bbox 261 2301 1846 2376">
     <span class='ocr_line' id='line_1_25' title="bbox 261 2301 1846 2376; baseline 0.002 -24"><span class='ocrx_word' id='word_1_170' title='bbox 261 2304 536 2358; x_wconf 79' lang='grc' dir='ltr'>στήσεται.</span> <span class='ocrx_word' id='word_1_171' title='bbox 604 2303 669 2353; x_wconf 85' lang='grc' dir='ltr'><strong>Οἱ</strong></span> <span class='ocrx_word' id='word_1_172' title='bbox 723 2301 998 2354; x_wconf 85' lang='grc' dir='ltr'>απόστολοι</span> <span class='ocrx_word' id='word_1_173' title='bbox 1075 2303 1174 2376; x_wconf 80' lang='grc' dir='ltr'><strong>γὰρ</strong></span> <span class='ocrx_word' id='word_1_174' title='bbox 1255 2304 1482 2375; x_wconf 77' lang='grc' dir='ltr'>ἔφθασαν</span> <span class='ocrx_word' id='word_1_175' title='bbox 1551 2305 1846 2376; x_wconf 72' lang='grc' dir='ltr'>προαποθαο</span> 
     </span>
    </p>
   </div>
   <div class='ocr_carea' id='block_1_26' title="bbox 257 2388 1848 2465">
    <p class='ocr_par' dir='ltr' id='par_1_26' title="bbox 257 2388 1848 2465">
     <span class='ocr_line' id='line_1_26' title="bbox 257 2388 1848 2465; baseline 0.003 -25"><span class='ocrx_word' id='word_1_176' title='bbox 257 2393 429 2451; x_wconf 85' lang='grc' dir='ltr'>νόντες</span> <span class='ocrx_word' id='word_1_177' title='bbox 519 2391 566 2441; x_wconf 80' lang='grc' dir='ltr'><strong>οἱ</strong></span> <span class='ocrx_word' id='word_1_178' title='bbox 641 2388 861 2458; x_wconf 86' lang='grc' dir='ltr'>πλείους,</span> <span class='ocrx_word' id='word_1_179' title='bbox 938 2395 1028 2444; x_wconf 82' lang='grc' dir='ltr'><strong>καὶ</strong></span> <span class='ocrx_word' id='word_1_180' title='bbox 1094 2394 1209 2444; x_wconf 89' lang='grc' dir='ltr'>ὅσοι</span> <span class='ocrx_word' id='word_1_181' title='bbox 1276 2388 1335 2444; x_wconf 71' lang='grc' dir='ltr'><strong>δε</strong></span> <span class='ocrx_word' id='word_1_182' title='bbox 1397 2390 1848 2465; x_wconf 83' lang='grc' dir='ltr'>περιελίεφθησαν,</span> 
     </span>
    </p>
   </div>
   <div class='ocr_carea' id='block_1_27' title="bbox 251 2468 1844 2557">
    <p class='ocr_par' dir='ltr' id='par_1_27' title="bbox 251 2468 1844 2557">
     <span class='ocr_line' id='line_1_27' title="bbox 251 2468 1844 2557; baseline 0.004 -27"><span class='ocrx_word' id='word_1_183' title='bbox 251 2476 298 2530; x_wconf 81' lang='grc' dir='ltr'><strong>έν</strong></span> <span class='ocrx_word' id='word_1_184' title='bbox 338 2477 512 2539; x_wconf 74' lang='grc' dir='ltr'>ἄλλοις</span> <span class='ocrx_word' id='word_1_185' title='bbox 542 2486 826 2537; x_wconf 81' lang='grc' dir='ltr'>τηνικαῦτα</span> <span class='ocrx_word' id='word_1_186' title='bbox 866 2484 1047 2556; x_wconf 78' lang='grc' dir='ltr'>μέρεσι</span> <span class='ocrx_word' id='word_1_187' title='bbox 1093 2488 1183 2542; x_wconf 82' lang='grc' dir='ltr'><strong>τῆς</strong></span> <span class='ocrx_word' id='word_1_188' title='bbox 1209 2481 1514 2554; x_wconf 78' lang='grc' dir='ltr'>οἰκουμένης</span> <span class='ocrx_word' id='word_1_189' title='bbox 1566 2468 1844 2557; x_wconf 72' lang='grc' dir='ltr'>διέτριϐον.</span> 
     </span>
    </p>
   </div>
   <div class='ocr_carea' id='block_1_28' title="bbox 246 2564 1850 2646">
    <p class='ocr_par' dir='ltr' id='par_1_28' title="bbox 246 2564 1850 2646">
     <span class='ocr_line' id='line_1_28' title="bbox 246 2564 1850 2646; baseline 0.003 -27"><span class='ocrx_word' id='word_1_190' title='bbox 246 2567 559 2643; x_wconf 66' lang='grc' dir='ltr'>Παρέπεμψε</span> <span class='ocrx_word' id='word_1_191' title='bbox 590 2564 649 2621; x_wconf 73' lang='grc' dir='ltr'><strong>δε</strong></span> <span class='ocrx_word' id='word_1_192' title='bbox 688 2568 878 2631; x_wconf 81' lang='grc' dir='ltr'>αύτούς</span> <span class='ocrx_word' id='word_1_193' title='bbox 926 2570 1011 2622; x_wconf 75' lang='grc' dir='ltr'><strong>ἐπὶ</strong></span> <span class='ocrx_word' id='word_1_194' title='bbox 1042 2573 1128 2622; x_wconf 87' lang='grc' dir='ltr'><strong>τόν</strong></span> <span class='ocrx_word' id='word_1_195' title='bbox 1176 2570 1387 2634; x_wconf 76' lang='grc' dir='ltr'>Δανιὴλ,</span> <span class='ocrx_word' id='word_1_196' title='bbox 1419 2574 1850 2646; x_wconf 76' lang='grc' dir='ltr'>προφητεύσαντα</span> 
     </span>
    </p>
   </div>
   <div class='ocr_carea' id='block_1_29' title="bbox 244 2655 1839 2735">
    <p class='ocr_par' dir='ltr' id='par_1_29' title="bbox 244 2655 1839 2735">
     <span class='ocr_line' id='line_1_29' title="bbox 244 2655 1839 2735; baseline 0.003 -26"><span class='ocrx_word' id='word_1_197' title='bbox 244 2660 361 2731; x_wconf 81' lang='grc' dir='ltr'>περὶ</span> <span class='ocrx_word' id='word_1_198' title='bbox 412 2664 505 2709; x_wconf 82' lang='grc' dir='ltr'>τοῦ</span> <span class='ocrx_word' id='word_1_199' title='bbox 556 2660 798 2711; x_wconf 89' lang='grc' dir='ltr'>τοιούτου</span> <span class='ocrx_word' id='word_1_200' title='bbox 868 2655 1254 2733; x_wconf 79' lang='grc' dir='ltr'>βδελύγματος,</span> <span class='ocrx_word' id='word_1_201' title='bbox 1307 2663 1397 2712; x_wconf 82' lang='grc' dir='ltr'><strong>καὶ</strong></span> <span class='ocrx_word' id='word_1_202' title='bbox 1460 2667 1551 2713; x_wconf 87' lang='grc' dir='ltr'>τοῦ</span> <span class='ocrx_word' id='word_1_203' title='bbox 1605 2660 1839 2735; x_wconf 82' lang='grc' dir='ltr'>ὀλέθρου,</span> 
     </span>
    </p>
   </div>
   <div class='ocr_carea' id='block_1_30' title="bbox 242 2746 1845 2821">
    <p class='ocr_par' dir='ltr' id='par_1_30' title="bbox 242 2746 1845 2821">
     <span class='ocr_line' id='line_1_30' title="bbox 242 2746 1845 2821; baseline 0.003 -23"><span class='ocrx_word' id='word_1_204' title='bbox 242 2750 390 2813; x_wconf 87' lang='grc' dir='ltr'>Τότε,</span> <span class='ocrx_word' id='word_1_205' title='bbox 438 2750 623 2818; x_wconf 83' lang='grc' dir='ltr'>γησὶν,</span> <span class='ocrx_word' id='word_1_206' title='bbox 656 2749 681 2799; x_wconf 90' lang='grc' dir='ltr'>ό</span> <span class='ocrx_word' id='word_1_207' title='bbox 720 2746 1089 2820; x_wconf 72' lang='grc' dir='ltr'>ἀναγινώσκων</span> <span class='ocrx_word' id='word_1_208' title='bbox 1141 2754 1235 2808; x_wconf 81' lang='grc' dir='ltr'><strong>τὴν</strong></span> <span class='ocrx_word' id='word_1_209' title='bbox 1293 2746 1473 2821; x_wconf 79' lang='grc' dir='ltr'>βίϐλον</span> <span class='ocrx_word' id='word_1_210' title='bbox 1514 2756 1604 2802; x_wconf 82' lang='grc' dir='ltr'><strong>τοῦ</strong></span> <span class='ocrx_word' id='word_1_211' title='bbox 1638 2751 1845 2816; x_wconf 80' lang='grc' dir='ltr'>Δανιὴλ,</span> 
     </span>
    </p>
   </div>
   <div class='ocr_carea' id='block_1_31' title="bbox 242 2834 1848 2913">
    <p class='ocr_par' dir='ltr' id='par_1_31' title="bbox 242 2834 1848 2913">
     <span class='ocr_line' id='line_1_31' title="bbox 242 2834 1848 2913; baseline 0.002 -26"><span class='ocrx_word' id='word_1_212' title='bbox 242 2839 420 2888; x_wconf 85' lang='grc' dir='ltr'>νοείτω</span> <span class='ocrx_word' id='word_1_213' title='bbox 467 2834 754 2890; x_wconf 78' lang='grc' dir='ltr'>έπιστάντα</span> <span class='ocrx_word' id='word_1_214' title='bbox 802 2840 889 2890; x_wconf 86' lang='grc' dir='ltr'>τὸν</span> <span class='ocrx_word' id='word_1_215' title='bbox 946 2836 1170 2913; x_wconf 82' lang='grc' dir='ltr'>ὄλεθρον.</span> <span class='ocrx_word' id='word_1_216' title='bbox 1226 2837 1284 2890; x_wconf 81' lang='grc'><strong>’0</strong></span> <span class='ocrx_word' id='word_1_217' title='bbox 1325 2834 1385 2891; x_wconf 71' lang='grc' dir='ltr'><strong>δε</strong></span> <span class='ocrx_word' id='word_1_218' title='bbox 1428 2843 1633 2900; x_wconf 86' lang='grc' dir='ltr'>Λουκᾶς</span> <span class='ocrx_word' id='word_1_219' title='bbox 1681 2840 1848 2913; x_wconf 76' lang='grc' dir='ltr'>ἕτερον</span> 
     </span>
    </p>
   </div>
   <div class='ocr_carea' id='block_1_32' title="bbox 250 2923 1846 3002">
    <p class='ocr_par' dir='ltr' id='par_1_32' title="bbox 250 2923 1846 3002">
     <span class='ocr_line' id='line_1_32' title="bbox 250 2923 1846 3002; baseline 0.004 -26"><span class='ocrx_word' id='word_1_220' title='bbox 250 2929 466 2997; x_wconf 83' lang='grc' dir='ltr'>σημεῖόν</span> <span class='ocrx_word' id='word_1_221' title='bbox 496 2944 673 2999; x_wconf 81' lang='grc' dir='ltr'><strong>φησιν⁹</strong></span> <span class='ocrx_word' id='word_1_222' title='bbox 703 2928 781 2979; x_wconf 88' lang='grc' dir='ltr'>ὅτι</span> <span class='ocrx_word' id='word_1_223' title='bbox 809 2926 968 2979; x_wconf 83' lang='grc' dir='ltr'>Ὀταν</span> <span class='ocrx_word' id='word_1_224' title='bbox 999 2923 1153 2986; x_wconf 82' lang='grc' dir='ltr'>ἴδητε</span> <span class='ocrx_word' id='word_1_225' title='bbox 1175 2926 1527 3000; x_wconf 76' lang='grc' dir='ltr'>κυκλουμένην</span> <span class='ocrx_word' id='word_1_226' title='bbox 1565 2932 1664 2981; x_wconf 84' lang='grc' dir='ltr'><strong>ὺπό</strong></span> <span class='ocrx_word' id='word_1_227' title='bbox 1694 2948 1846 3002; x_wconf 82' lang='grc' dir='ltr'>στρα-</span> 
     </span>
    </p>
   </div>
   <div class='ocr_carea' id='block_1_33' title="bbox 246 3010 1847 3092">
    <p class='ocr_par' dir='ltr' id='par_1_33' title="bbox 246 3010 1847 3092">
     <span class='ocr_line' id='line_1_33' title="bbox 246 3010 1847 3092; baseline 0.002 -26"><span class='ocrx_word' id='word_1_228' title='bbox 246 3010 484 3067; x_wconf 83' lang='grc' dir='ltr'>τοπέδων</span> <span class='ocrx_word' id='word_1_229' title='bbox 508 3018 604 3073; x_wconf 78' lang='grc' dir='ltr'>τὴν</span> <span class='ocrx_word' id='word_1_230' title='bbox 632 3013 993 3090; x_wconf 82' lang='grc' dir='ltr'>Ἰερουσαλὴμ,</span> <span class='ocrx_word' id='word_1_231' title='bbox 1040 3020 1157 3069; x_wconf 86' lang='grc' dir='ltr'>τότε</span> <span class='ocrx_word' id='word_1_232' title='bbox 1179 3024 1360 3089; x_wconf 78' lang='grc' dir='ltr'>γνῶτε,</span> <span class='ocrx_word' id='word_1_233' title='bbox 1393 3018 1474 3069; x_wconf 87' lang='grc' dir='ltr'>ὅτι</span> <span class='ocrx_word' id='word_1_234' title='bbox 1498 3016 1616 3075; x_wconf 75' lang='grc' dir='ltr'>ἧκεν</span> <span class='ocrx_word' id='word_1_235' title='bbox 1655 3019 1685 3076; x_wconf 83' lang='grc' dir='ltr'>ἡ</span> <span class='ocrx_word' id='word_1_236' title='bbox 1728 3016 1847 3092; x_wconf 76' lang='grc' dir='ltr'><strong>ἐρή-</strong></span> 
     </span>
    </p>
   </div>
   <div class='ocr_carea' id='block_1_34' title="bbox 246 3101 1848 3181">
    <p class='ocr_par' dir='ltr' id='par_1_34' title="bbox 246 3101 1848 3181">
     <span class='ocr_line' id='line_1_34' title="bbox 246 3101 1848 3181; baseline 0.004 -26"><span class='ocrx_word' id='word_1_237' title='bbox 246 3121 417 3176; x_wconf 87' lang='grc' dir='ltr'>μπσις</span> <span class='ocrx_word' id='word_1_238' title='bbox 463 3103 653 3166; x_wconf 78' lang='grc' dir='ltr'>αὐτῆς,</span> <span class='ocrx_word' id='word_1_239' title='bbox 703 3109 941 3158; x_wconf 68' lang='grc' dir='ltr'>Φαίνεται</span> <span class='ocrx_word' id='word_1_240' title='bbox 970 3101 1079 3171; x_wconf 81' lang='grc' dir='ltr'>οὖν,</span> <span class='ocrx_word' id='word_1_241' title='bbox 1113 3107 1195 3159; x_wconf 86' lang='grc' dir='ltr'>ὅτι</span> <span class='ocrx_word' id='word_1_242' title='bbox 1222 3110 1313 3159; x_wconf 83' lang='grc' dir='ltr'>καὶ</span> <span class='ocrx_word' id='word_1_243' title='bbox 1365 3106 1633 3181; x_wconf 76' lang='grc' dir='ltr'>ἀμφότερα</span> <span class='ocrx_word' id='word_1_244' title='bbox 1659 3107 1794 3160; x_wconf 83' lang='grc' dir='ltr'>εἶπεν</span> <span class='ocrx_word' id='word_1_245' title='bbox 1822 3110 1848 3161; x_wconf 87' lang='grc' dir='ltr'><strong><em>ὁ</em></strong></span> 
     </span>
    </p>
   </div>
   <div class='ocr_carea' id='block_1_35' title="bbox 248 3195 499 3265">
    <p class='ocr_par' dir='ltr' id='par_1_35' title="bbox 248 3195 499 3265">
     <span class='ocr_line' id='line_1_35' title="bbox 248 3195 499 3265; baseline 0.008 -20"><span class='ocrx_word' id='word_1_246' title='bbox 248 3195 499 3265; x_wconf 80' lang='grc' dir='ltr'>Χριστός.</span> 
     </span>
    </p>
   </div>
   <div class='ocr_carea' id='block_1_36' title="bbox 321 3279 1849 3359">
    <p class='ocr_par' dir='ltr' id='par_1_36' title="bbox 321 3279 1849 3359">
     <span class='ocr_line' id='line_1_36' title="bbox 321 3279 1849 3359; baseline 0.003 -25"><span class='ocrx_word' id='word_1_247' title='bbox 321 3284 446 3334; x_wconf 86' lang='grc' dir='ltr'>Τότε</span> <span class='ocrx_word' id='word_1_248' title='bbox 476 3310 545 3323; x_wconf 88' lang='lat'><strong>--</strong></span> <span class='ocrx_word' id='word_1_249' title='bbox 574 3279 659 3335; x_wconf 78' lang='grc' dir='ltr'>έπὶ</span> <span class='ocrx_word' id='word_1_250' title='bbox 705 3284 772 3335; x_wconf 83' lang='grc' dir='ltr'><strong>τὰ</strong></span> <span class='ocrx_word' id='word_1_251' title='bbox 818 3286 937 3358; x_wconf 83' lang='grc' dir='ltr'>ὅρη.</span> <span class='ocrx_word' id='word_1_252' title='bbox 982 3283 1152 3337; x_wconf 83' lang='grc' dir='ltr'>Εἰπὼν</span> <span class='ocrx_word' id='word_1_253' title='bbox 1194 3287 1313 3359; x_wconf 78' lang='grc' dir='ltr'>περὶ</span> <span class='ocrx_word' id='word_1_254' title='bbox 1370 3291 1468 3337; x_wconf 88' lang='grc' dir='ltr'><strong>τῶν</strong></span> <span class='ocrx_word' id='word_1_255' title='bbox 1519 3293 1691 3337; x_wconf 84' lang='grc' dir='ltr'>κακῶν</span> <span class='ocrx_word' id='word_1_256' title='bbox 1749 3293 1849 3338; x_wconf 91' lang='grc' dir='ltr'><strong>τῶν</strong></span> 
     </span>
    </p>
   </div>
   <div class='ocr_carea' id='block_1_37' title="bbox 250 3369 1849 3448">
    <p class='ocr_par' dir='ltr' id='par_1_37' title="bbox 250 3369 1849 3448">
     <span class='ocr_line' id='line_1_37' title="bbox 250 3369 1849 3448; baseline 0.004 -27"><span class='ocrx_word' id='word_1_257' title='bbox 250 3369 687 3443; x_wconf 70' lang='grc' dir='ltr'>καταληψομένων</span> <span class='ocrx_word' id='word_1_258' title='bbox 743 3374 811 3425; x_wconf 81' lang='grc' dir='ltr'>τὰ</span> <span class='ocrx_word' id='word_1_259' title='bbox 856 3371 1206 3446; x_wconf 84' lang='grc' dir='ltr'>Ἰεροσόλυμα,</span> <span class='ocrx_word' id='word_1_260' title='bbox 1265 3377 1351 3426; x_wconf 83' lang='grc' dir='ltr'>ναὶ</span> <span class='ocrx_word' id='word_1_261' title='bbox 1415 3378 1518 3446; x_wconf 86' lang='grc' dir='ltr'><strong>μὴν</strong></span> <span class='ocrx_word' id='word_1_262' title='bbox 1578 3378 1669 3426; x_wconf 85' lang='grc' dir='ltr'>καὶ</span> <span class='ocrx_word' id='word_1_263' title='bbox 1731 3378 1849 3448; x_wconf 80' lang='grc' dir='ltr'>περὶ</span> 
     </span>
    </p>
   </div>
   <div class='ocr_carea' id='block_1_38' title="bbox 249 3458 1845 3536">
    <p class='ocr_par' dir='ltr' id='par_1_38' title="bbox 249 3458 1845 3536">
     <span class='ocr_line' id='line_1_38' title="bbox 249 3458 1845 3536; baseline 0.003 -25"><span class='ocrx_word' id='word_1_264' title='bbox 249 3466 352 3511; x_wconf 81' lang='grc' dir='ltr'><strong>τῶν</strong></span> <span class='ocrx_word' id='word_1_265' title='bbox 378 3458 576 3513; x_wconf 82' lang='grc' dir='ltr'>πολλῶν</span> <span class='ocrx_word' id='word_1_266' title='bbox 608 3465 701 3513; x_wconf 82' lang='grc' dir='ltr'>καὶ</span> <span class='ocrx_word' id='word_1_267' title='bbox 729 3461 977 3515; x_wconf 85' lang='grc' dir='ltr'>ποικίλων</span> <span class='ocrx_word' id='word_1_268' title='bbox 1030 3470 1338 3536; x_wconf 86' lang='grc' dir='ltr'>πειρασμῶν</span> <span class='ocrx_word' id='word_1_269' title='bbox 1380 3470 1479 3515; x_wconf 88' lang='grc' dir='ltr'><strong>τῶν</strong></span> <span class='ocrx_word' id='word_1_270' title='bbox 1524 3460 1845 3533; x_wconf 80' lang='grc' dir='ltr'>ἀποστόλων,</span> 
     </span>
    </p>
   </div>
   <div class='ocr_carea' id='block_1_39' title="bbox 253 3543 1850 3627">
    <p class='ocr_par' dir='ltr' id='par_1_39' title="bbox 253 3543 1850 3627">
     <span class='ocr_line' id='line_1_39' title="bbox 253 3543 1850 3627; baseline 0.004 -28"><span class='ocrx_word' id='word_1_271' title='bbox 253 3549 334 3600; x_wconf 73' lang='grc' dir='ltr'>ἔτι</span> <span class='ocrx_word' id='word_1_272' title='bbox 363 3543 433 3603; x_wconf 69' lang='grc' dir='ltr'><strong>δε</strong></span> <span class='ocrx_word' id='word_1_273' title='bbox 451 3553 537 3601; x_wconf 81' lang='grc' dir='ltr'><strong>καὶ</strong></span> <span class='ocrx_word' id='word_1_274' title='bbox 580 3554 699 3623; x_wconf 77' lang='grc' dir='ltr'>περὶ</span> <span class='ocrx_word' id='word_1_275' title='bbox 745 3556 837 3612; x_wconf 76' lang='grc' dir='ltr'>τῆς</span> <span class='ocrx_word' id='word_1_276' title='bbox 885 3548 1187 3611; x_wconf 84' lang='grc' dir='ltr'>εύοδὼσεως</span> <span class='ocrx_word' id='word_1_277' title='bbox 1235 3558 1328 3603; x_wconf 87' lang='grc' dir='ltr'>τοῦ</span> <span class='ocrx_word' id='word_1_278' title='bbox 1365 3554 1723 3627; x_wconf 86' lang='grc' dir='ltr'>κηρύγματος,</span> <span class='ocrx_word' id='word_1_279' title='bbox 1769 3554 1850 3607; x_wconf 88' lang='grc' dir='ltr'>ὅτι</span> 
     </span>
    </p>
   </div>
   <div class='ocr_carea' id='block_1_40' title="bbox 260 3633 1847 3716">
    <p class='ocr_par' dir='ltr' id='par_1_40' title="bbox 260 3633 1847 3716">
     <span class='ocr_line' id='line_1_40' title="bbox 260 3633 1847 3716; baseline 0.004 -29"><span class='ocrx_word' id='word_1_280' title='bbox 260 3633 647 3708; x_wconf 74' lang='grc' dir='ltr'>ἀνεμποδίστως</span> <span class='ocrx_word' id='word_1_281' title='bbox 710 3645 884 3694; x_wconf 82' lang='grc' dir='ltr'>πᾶσαν</span> <span class='ocrx_word' id='word_1_282' title='bbox 941 3635 1313 3716; x_wconf 75' lang='grc' dir='ltr'>ἐπιδραμεῖται</span> <span class='ocrx_word' id='word_1_283' title='bbox 1377 3660 1469 3700; x_wconf 88' lang='grc' dir='ltr'><strong>την</strong></span> <span class='ocrx_word' id='word_1_284' title='bbox 1525 3641 1847 3715; x_wconf 71' lang='grc' dir='ltr'>οἰκουμένην,</span> 
     </span>
    </p>
   </div>
   <div class='ocr_carea' id='block_1_41' title="bbox 259 3722 1851 3807">
    <p class='ocr_par' dir='ltr' id='par_1_41' title="bbox 259 3722 1851 3807">
     <span class='ocr_line' id='line_1_41' title="bbox 259 3722 1851 3807; baseline 0.006 -31"><span class='ocrx_word' id='word_1_285' title='bbox 259 3722 395 3796; x_wconf 73' lang='grc' dir='ltr'>λέγει</span> <span class='ocrx_word' id='word_1_286' title='bbox 454 3727 603 3781; x_wconf 82' lang='grc' dir='ltr'>πάλιν</span> <span class='ocrx_word' id='word_1_287' title='bbox 667 3734 785 3802; x_wconf 81' lang='grc' dir='ltr'>περὶ</span> <span class='ocrx_word' id='word_1_288' title='bbox 844 3738 946 3783; x_wconf 88' lang='grc' dir='ltr'><strong>τῶν</strong></span> <span class='ocrx_word' id='word_1_289' title='bbox 1012 3727 1314 3783; x_wconf 78' lang='grc' dir='ltr'>Ἰουδαϊκῶν</span> <span class='ocrx_word' id='word_1_290' title='bbox 1382 3739 1677 3807; x_wconf 84' lang='grc' dir='ltr'>συμφορῶν,</span> <span class='ocrx_word' id='word_1_291' title='bbox 1744 3728 1851 3785; x_wconf 85' lang='grc' dir='ltr'>δει-</span> 
     </span>
    </p>
   </div>
   <div class='ocr_carea' id='block_1_42' title="bbox 257 3816 1850 3893">
    <p class='ocr_par' dir='ltr' id='par_1_42' title="bbox 257 3816 1850 3893">
     <span class='ocr_line' id='line_1_42' title="bbox 257 3816 1850 3893; baseline 0.005 -27"><span class='ocrx_word' id='word_1_292' title='bbox 257 3816 436 3886; x_wconf 83' lang='grc' dir='ltr'>κνύων,</span> <span class='ocrx_word' id='word_1_293' title='bbox 496 3818 577 3870; x_wconf 83' lang='grc' dir='ltr'>ὃτι</span> <span class='ocrx_word' id='word_1_294' title='bbox 628 3819 750 3871; x_wconf 81' lang='grc' dir='ltr'>ὅταν</span> <span class='ocrx_word' id='word_1_295' title='bbox 794 3817 947 3880; x_wconf 78' lang='grc' dir='ltr'>αὐτὸς</span> <span class='ocrx_word' id='word_1_296' title='bbox 998 3824 1089 3872; x_wconf 80' lang='grc' dir='ltr'>καὶ</span> <span class='ocrx_word' id='word_1_297' title='bbox 1119 3822 1167 3872; x_wconf 84' lang='grc' dir='ltr'>οἱ</span> <span class='ocrx_word' id='word_1_298' title='bbox 1198 3821 1431 3893; x_wconf 86' lang='grc' dir='ltr'>μαθηταὶ</span> <span class='ocrx_word' id='word_1_299' title='bbox 1464 3819 1625 3873; x_wconf 79' lang='grc' dir='ltr'>αὐτοῦ</span> <span class='ocrx_word' id='word_1_300' title='bbox 1654 3840 1850 3875; x_wconf 88' lang='grc' dir='ltr'>παντα-</span> 
     </span>
    </p>
   </div>
   <div class='ocr_carea' id='block_1_43' title="bbox 254 3900 1851 3984">
    <p class='ocr_par' dir='ltr' id='par_1_43' title="bbox 254 3900 1851 3984">
     <span class='ocr_line' id='line_1_43' title="bbox 254 3900 1851 3984; baseline 0.004 -27"><span class='ocrx_word' id='word_1_301' title='bbox 254 3910 361 3976; x_wconf 84' lang='grc' dir='ltr'><strong>χοῦ</strong></span> <span class='ocrx_word' id='word_1_302' title='bbox 391 3900 734 3974; x_wconf 81' lang='grc' dir='ltr'>δοξάζωνται,</span> <span class='ocrx_word' id='word_1_303' title='bbox 790 3910 905 3960; x_wconf 84' lang='grc' dir='ltr'>τότε</span> <span class='ocrx_word' id='word_1_304' title='bbox 960 3907 1104 3961; x_wconf 77' lang='grc' dir='ltr'>οὗτοι</span> <span class='ocrx_word' id='word_1_305' title='bbox 1147 3911 1475 3981; x_wconf 85' lang='grc' dir='ltr'>πανταχόθεν</span> <span class='ocrx_word' id='word_1_306' title='bbox 1529 3905 1851 3984; x_wconf 82' lang='grc' dir='ltr'>διαφθείρον-</span> 
     </span>
    </p>
   </div>
   <div class='ocr_carea' id='block_1_44' title="bbox 253 3991 1850 4073">
    <p class='ocr_par' dir='ltr' id='par_1_44' title="bbox 253 3991 1850 4073">
     <span class='ocr_line' id='line_1_44' title="bbox 253 3991 1850 4073; baseline 0.006 -28"><span class='ocrx_word' id='word_1_307' title='bbox 253 4010 360 4048; x_wconf 76' lang='grc' dir='ltr'>ται.</span> <span class='ocrx_word' id='word_1_308' title='bbox 415 3998 510 4051; x_wconf 77' lang='grc' dir='ltr'>Διά</span> <span class='ocrx_word' id='word_1_309' title='bbox 548 3991 608 4050; x_wconf 75' lang='grc' dir='ltr'><strong>δε</strong></span> <span class='ocrx_word' id='word_1_310' title='bbox 663 4004 760 4049; x_wconf 86' lang='grc' dir='ltr'><strong>τῶν</strong></span> <span class='ocrx_word' id='word_1_311' title='bbox 827 3993 1118 4051; x_wconf 72' lang='grc' dir='ltr'>δοκούντων</span> <span class='ocrx_word' id='word_1_312' title='bbox 1173 4007 1373 4073; x_wconf 87' lang='grc' dir='ltr'>μικρῶν</span> <span class='ocrx_word' id='word_1_313' title='bbox 1403 3998 1634 4071; x_wconf 77' lang='grc' dir='ltr'>ἐμφαίνει</span> <span class='ocrx_word' id='word_1_314' title='bbox 1663 4003 1721 4054; x_wconf 91' lang='lat'><strong>1&#39;6</strong></span> <span class='ocrx_word' id='word_1_315' title='bbox 1752 4009 1850 4054; x_wconf 89' lang='grc' dir='ltr'><strong>τῶν</strong></span> 
     </span>
    </p>
   </div>
   <div class='ocr_carea' id='block_1_45' title="bbox 253 4082 1853 4163">
    <p class='ocr_par' dir='ltr' id='par_1_45' title="bbox 253 4082 1853 4163">
     <span class='ocr_line' id='line_1_45' title="bbox 253 4082 1853 4163; baseline 0.005 -28"><span class='ocrx_word' id='word_1_316' title='bbox 253 4082 461 4155; x_wconf 84' lang='grc' dir='ltr'>πληγῶν</span> <span class='ocrx_word' id='word_1_317' title='bbox 524 4086 724 4137; x_wconf 75' lang='grc' dir='ltr'>ἑκείνων</span> <span class='ocrx_word' id='word_1_318' title='bbox 782 4083 1059 4161; x_wconf 86' lang='grc' dir='ltr'>ἀφόρητον.</span> <span class='ocrx_word' id='word_1_319' title='bbox 1111 4092 1296 4140; x_wconf 85' lang='grc' dir='ltr'>Σκόπει</span> <span class='ocrx_word' id='word_1_320' title='bbox 1360 4090 1491 4163; x_wconf 91' lang='grc' dir='ltr'>γάρ.</span> <span class='ocrx_word' id='word_1_321' title='bbox 1554 4093 1699 4160; x_wconf 91' lang='grc' dir='ltr'>Τότε,</span> <span class='ocrx_word' id='word_1_322' title='bbox 1755 4111 1853 4163; x_wconf 86' lang='grc' dir='ltr'>φη-</span> 
     </span>
    </p>
   </div>
   <div class='ocr_carea' id='block_1_46' title="bbox 257 4171 1853 4249">
    <p class='ocr_par' dir='ltr' id='par_1_46' title="bbox 257 4171 1853 4249">
     <span class='ocr_line' id='line_1_46' title="bbox 257 4171 1853 4249; baseline 0.006 -25"><span class='ocrx_word' id='word_1_323' title='bbox 257 4175 359 4241; x_wconf 78' lang='grc' dir='ltr'>σὶν,</span> <span class='ocrx_word' id='word_1_324' title='bbox 391 4174 512 4226; x_wconf 86' lang='grc' dir='ltr'>ὅταν</span> <span class='ocrx_word' id='word_1_325' title='bbox 568 4177 626 4226; x_wconf 87' lang='grc' dir='ltr'>τὸ</span> <span class='ocrx_word' id='word_1_326' title='bbox 658 4171 938 4248; x_wconf 67' lang='grc' dir='ltr'>βδελυγμα</span> <span class='ocrx_word' id='word_1_327' title='bbox 1006 4183 1124 4249; x_wconf 67' lang='grc' dir='ltr'>στῇ,</span> <span class='ocrx_word' id='word_1_328' title='bbox 1157 4178 1206 4228; x_wconf 84' lang='grc' dir='ltr'><strong>οἱ</strong></span> <span class='ocrx_word' id='word_1_329' title='bbox 1257 4174 1304 4228; x_wconf 74' lang='grc' dir='ltr'><strong>έν</strong></span> <span class='ocrx_word' id='word_1_330' title='bbox 1329 4184 1392 4249; x_wconf 74' lang='grc' dir='ltr'>τῇ</span> <span class='ocrx_word' id='word_1_331' title='bbox 1437 4173 1676 4249; x_wconf 77' lang='grc' dir='ltr'>Ἰουδαίᾳ</span> <span class='ocrx_word' id='word_1_332' title='bbox 1734 4180 1853 4233; x_wconf 77' lang='grc' dir='ltr'>ἔνθα</span> 
     </span>
    </p>
   </div>
   <div class='ocr_carea' id='block_1_47' title="bbox 249 4258 1852 4341">
    <p class='ocr_par' dir='ltr' id='par_1_47' title="bbox 249 4258 1852 4341">
     <span class='ocr_line' id='line_1_47' title="bbox 249 4258 1852 4341; baseline 0.005 -27"><span class='ocrx_word' id='word_1_333' title='bbox 249 4258 697 4335; x_wconf 80' lang='grc' dir='ltr'>τὰἸεροσό).υμα,</span> <span class='ocrx_word' id='word_1_334' title='bbox 756 4268 1084 4336; x_wconf 79' lang='grc' dir='ltr'>φευγέτωσαν</span> <span class='ocrx_word' id='word_1_335' title='bbox 1136 4263 1219 4318; x_wconf 73' lang='grc' dir='ltr'><strong>ἐπὶ</strong></span> <span class='ocrx_word' id='word_1_336' title='bbox 1284 4266 1353 4317; x_wconf 83' lang='grc' dir='ltr'><strong>τὰ</strong></span> <span class='ocrx_word' id='word_1_337' title='bbox 1408 4268 1526 4341; x_wconf 82' lang='grc' dir='ltr'>ὄρη,</span> <span class='ocrx_word' id='word_1_338' title='bbox 1588 4263 1852 4340; x_wconf 84' lang='grc' dir='ltr'>μηδεμίαν</span> 
     </span>
    </p>
   </div>
   <div class='ocr_carea' id='block_1_48' title="bbox 249 4346 1853 4428">
    <p class='ocr_par' dir='ltr' id='par_1_48' title="bbox 249 4346 1853 4428">
     <span class='ocr_line' id='line_1_48' title="bbox 249 4346 1853 4428; baseline 0.004 -26"><span class='ocrx_word' id='word_1_339' title='bbox 249 4346 442 4404; x_wconf 74' lang='grc' dir='ltr'>ἐλπίδα</span> <span class='ocrx_word' id='word_1_340' title='bbox 498 4357 758 4427; x_wconf 82' lang='grc' dir='ltr'>σωτηρίας</span> <span class='ocrx_word' id='word_1_341' title='bbox 807 4351 908 4405; x_wconf 82' lang='grc' dir='ltr'>ἀπὸ</span> <span class='ocrx_word' id='word_1_342' title='bbox 960 4360 1053 4406; x_wconf 81' lang='grc' dir='ltr'>τοῦ</span> <span class='ocrx_word' id='word_1_343' title='bbox 1110 4356 1416 4428; x_wconf 72' lang='grc' dir='ltr'>προσμένειν</span> <span class='ocrx_word' id='word_1_344' title='bbox 1464 4356 1693 4426; x_wconf 75' lang='grc' dir='ltr'>ἔχοντες.</span> <span class='ocrx_word' id='word_1_345' title='bbox 1741 4356 1853 4409; x_wconf 86' lang='grc' dir='ltr'>Ούκ</span> 
     </span>
    </p>
   </div>
   <div class='ocr_carea' id='block_1_49' title="bbox 251 4438 1849 4515">
    <p class='ocr_par' dir='ltr' id='par_1_49' title="bbox 251 4438 1849 4515">
     <span class='ocr_line' id='line_1_49' title="bbox 251 4438 1849 4515; baseline 0.005 -24"><span class='ocrx_word' id='word_1_346' title='bbox 251 4439 405 4491; x_wconf 68' lang='grc' dir='ltr'>ἔσται</span> <span class='ocrx_word' id='word_1_347' title='bbox 452 4442 552 4515; x_wconf 78' lang='grc' dir='ltr'><strong>γὰρ</strong></span> <span class='ocrx_word' id='word_1_348' title='bbox 580 4440 867 4504; x_wconf 80' lang='grc' dir='ltr'>ἀνάκλησις</span> <span class='ocrx_word' id='word_1_349' title='bbox 911 4442 1057 4511; x_wconf 84' lang='grc' dir='ltr'>ὅλως,</span> <span class='ocrx_word' id='word_1_350' title='bbox 1082 4438 1206 4496; x_wconf 70' lang='grc' dir='ltr'><strong>οὐδὲ</strong></span> <span class='ocrx_word' id='word_1_351' title='bbox 1253 4441 1509 4514; x_wconf 75' lang='grc' dir='ltr'>μεταϐολὴ</span> <span class='ocrx_word' id='word_1_352' title='bbox 1540 4450 1633 4497; x_wconf 83' lang='grc' dir='ltr'>τοῦ</span> <span class='ocrx_word' id='word_1_353' title='bbox 1663 4452 1849 4503; x_wconf 83' lang='grc' dir='ltr'>κακοῦ.</span> 
     </span>
    </p>
   </div>
   <div class='ocr_carea' id='block_1_50' title="bbox 250 4530 1851 4607">
    <p class='ocr_par' dir='ltr' id='par_1_50' title="bbox 250 4530 1851 4607">
     <span class='ocr_line' id='line_1_50' title="bbox 250 4530 1851 4607; baseline 0.004 -26"><span class='ocrx_word' id='word_1_354' title='bbox 250 4530 439 4603; x_wconf 87' lang='grc' dir='ltr'>Διόπερ</span> <span class='ocrx_word' id='word_1_355' title='bbox 470 4530 740 4602; x_wconf 83' lang='grc' dir='ltr'>ἀγαπητὸν</span> <span class='ocrx_word' id='word_1_356' title='bbox 770 4533 828 4584; x_wconf 88' lang='lat'><strong>1&#39;6</strong></span> <span class='ocrx_word' id='word_1_357' title='bbox 860 4535 951 4584; x_wconf 82' lang='grc' dir='ltr'>καὶ</span> <span class='ocrx_word' id='word_1_358' title='bbox 975 4539 1154 4605; x_wconf 81' lang='grc' dir='ltr'>γυμνῷ</span> <span class='ocrx_word' id='word_1_359' title='bbox 1182 4539 1253 4604; x_wconf 82' lang='grc' dir='ltr'>τῷ</span> <span class='ocrx_word' id='word_1_360' title='bbox 1277 4536 1483 4605; x_wconf 83' lang='grc' dir='ltr'>σώματι</span> <span class='ocrx_word' id='word_1_361' title='bbox 1504 4535 1705 4606; x_wconf 77' lang='grc' dir='ltr'>φεύγειν</span> <span class='ocrx_word' id='word_1_362' title='bbox 1726 4533 1851 4607; x_wconf 80' lang='grc' dir='ltr'>ἀμε-</span> 
     </span>
    </p>
   </div>
   <div class='ocr_carea' id='block_1_51' title="bbox 247 4623 564 4693">
    <p class='ocr_par' dir='ltr' id='par_1_51' title="bbox 247 4623 564 4693">
     <span class='ocr_line' id='line_1_51' title="bbox 247 4623 564 4693; baseline 0.013 -24"><span class='ocrx_word' id='word_1_363' title='bbox 247 4634 418 4693; x_wconf 83' lang='grc' dir='ltr'>ταστρ</span> <span class='ocrx_word' id='word_1_364' title='bbox 425 4623 539 4671; x_wconf 86' lang='grc' dir='ltr'>επτί</span> <span class='ocrx_word' id='word_1_365' title='bbox 552 4664 564 4675; x_wconf 96' lang='grc'><strong>.</strong></span> 
     </span>
    </p>
   </div>
   <div class='ocr_carea' id='block_1_52' title="bbox 326 4704 1854 4785">
    <p class='ocr_par' dir='ltr' id='par_1_52' title="bbox 326 4704 1854 4785">
     <span class='ocr_line' id='line_1_52' title="bbox 326 4704 1854 4785; baseline 0.006 -26"><span class='ocrx_word' id='word_1_366' title='bbox 326 4704 384 4759; x_wconf 81' lang='grc' dir='ltr'><strong>Ὀ</strong></span> <span class='ocrx_word' id='word_1_367' title='bbox 415 4737 479 4748; x_wconf 82' lang='lat'><strong>—-</strong></span> <span class='ocrx_word' id='word_1_368' title='bbox 509 4714 600 4768; x_wconf 82' lang='grc' dir='ltr'>τῆς</span> <span class='ocrx_word' id='word_1_369' title='bbox 647 4707 837 4770; x_wconf 76' lang='grc' dir='ltr'>όίκείας</span> <span class='ocrx_word' id='word_1_370' title='bbox 879 4708 1065 4767; x_wconf 78' lang='grc' dir='ltr'>αὐτοῦ.</span> <span class='ocrx_word' id='word_1_371' title='bbox 1124 4711 1220 4763; x_wconf 88' lang='grc' dir='ltr'>Διά</span> <span class='ocrx_word' id='word_1_372' title='bbox 1258 4713 1345 4764; x_wconf 89' lang='grc' dir='ltr'>τὸν</span> <span class='ocrx_word' id='word_1_373' title='bbox 1376 4709 1663 4785; x_wconf 85' lang='grc' dir='ltr'>ἀφύλακτον</span> <span class='ocrx_word' id='word_1_374' title='bbox 1714 4714 1854 4768; x_wconf 87' lang='grc' dir='ltr'>κάτω</span> 
     </span>
    </p>
   </div>
   <div class='ocr_carea' id='block_1_53' title="bbox 247 4791 1307 4870">
    <p class='ocr_par' dir='ltr' id='par_1_53' title="bbox 247 4791 1307 4870">
     <span class='ocr_line' id='line_1_53' title="bbox 247 4791 1307 4870; baseline 0.005 -21"><span class='ocrx_word' id='word_1_375' title='bbox 247 4791 511 4863; x_wconf 81' lang='grc' dir='ltr'>κίνδυνον,</span> <span class='ocrx_word' id='word_1_376' title='bbox 546 4797 629 4849; x_wconf 86' lang='grc' dir='ltr'>ἶνα</span> <span class='ocrx_word' id='word_1_377' title='bbox 657 4801 728 4868; x_wconf 82' lang='grc' dir='ltr'>μὴ</span> <span class='ocrx_word' id='word_1_378' title='bbox 761 4796 994 4870; x_wconf 82' lang='grc' dir='ltr'>έμπεσὼν</span> <span class='ocrx_word' id='word_1_379' title='bbox 1026 4797 1307 4858; x_wconf 83' lang='grc' dir='ltr'>ἀπόληται.</span> 
     </span>
    </p>
   </div>
   <div class='ocr_carea' id='block_1_54' title="bbox 329 4887 1854 4965">
    <p class='ocr_par' dir='ltr' id='par_1_54' title="bbox 329 4887 1854 4965">
     <span class='ocr_line' id='line_1_54' title="bbox 329 4887 1854 4965; baseline 0.007 -27"><span class='ocrx_word' id='word_1_380' title='bbox 329 4890 431 4938; x_wconf 79' lang='grc' dir='ltr'><strong>Καὶ</strong></span> <span class='ocrx_word' id='word_1_381' title='bbox 459 4915 530 4926; x_wconf 93' lang='grc'><strong>-</strong></span> <span class='ocrx_word' id='word_1_382' title='bbox 575 4887 642 4938; x_wconf 81' lang='grc' dir='ltr'>τὰ</span> <span class='ocrx_word' id='word_1_383' title='bbox 690 4888 873 4959; x_wconf 82' lang='grc' dir='ltr'>ἱμάτια</span> <span class='ocrx_word' id='word_1_384' title='bbox 923 4888 1110 4945; x_wconf 76' lang='grc' dir='ltr'>αὐτοῦ.</span> <span class='ocrx_word' id='word_1_385' title='bbox 1175 4892 1232 4942; x_wconf 80' lang='lat' dir='ltr'><strong>Ei</strong></span> <span class='ocrx_word' id='word_1_386' title='bbox 1259 4891 1360 4965; x_wconf 83' lang='grc' dir='ltr'><strong>γὰρ</strong></span> <span class='ocrx_word' id='word_1_387' title='bbox 1427 4890 1477 4943; x_wconf 78' lang='grc' dir='ltr'><strong>οἱ</strong></span> <span class='ocrx_word' id='word_1_388' title='bbox 1520 4889 1569 4943; x_wconf 77' lang='grc' dir='ltr'>ἐν</span> <span class='ocrx_word' id='word_1_389' title='bbox 1610 4899 1672 4965; x_wconf 73' lang='grc' dir='ltr'><strong>τῇ</strong></span> <span class='ocrx_word' id='word_1_390' title='bbox 1709 4892 1854 4949; x_wconf 87' lang='grc' dir='ltr'>πόλει</span> 
     </span>
    </p>
   </div>
   <div class='ocr_carea' id='block_1_55' title="bbox 252 4972 1851 5053">
    <p class='ocr_par' dir='ltr' id='par_1_55' title="bbox 252 4972 1851 5053">
     <span class='ocr_line' id='line_1_55' title="bbox 252 4972 1851 5053; baseline 0.006 -27"><span class='ocrx_word' id='word_1_391' title='bbox 252 4976 508 5047; x_wconf 85' lang='grc' dir='ltr'>φεύγουσι</span> <span class='ocrx_word' id='word_1_392' title='bbox 532 4977 620 5027; x_wconf 89' lang='grc' dir='ltr'>τὸν</span> <span class='ocrx_word' id='word_1_393' title='bbox 676 4972 821 5029; x_wconf 74' lang='grc' dir='ltr'>ἔνδον</span> <span class='ocrx_word' id='word_1_394' title='bbox 862 4976 974 5049; x_wconf 82' lang='lat'><strong>(23)</strong></span> <span class='ocrx_word' id='word_1_395' title='bbox 1024 4977 1253 5051; x_wconf 75' lang='grc' dir='ltr'>ὄλεθρον,</span> <span class='ocrx_word' id='word_1_396' title='bbox 1299 4978 1469 5051; x_wconf 84' lang='grc' dir='ltr'>πολλῷ</span> <span class='ocrx_word' id='word_1_397' title='bbox 1507 4979 1696 5053; x_wconf 85' lang='grc' dir='ltr'>μᾶλλον</span> <span class='ocrx_word' id='word_1_398' title='bbox 1725 4984 1775 5036; x_wconf 79' lang='grc' dir='ltr'>οἱ</span> <span class='ocrx_word' id='word_1_399' title='bbox 1802 4981 1851 5035; x_wconf 76' lang='grc' dir='ltr'><strong>ἐν</strong></span> 
     </span>
    </p>
   </div>
   <div class='ocr_carea' id='block_1_56' title="bbox 249 5060 1851 5142">
    <p class='ocr_par' dir='ltr' id='par_1_56' title="bbox 249 5060 1851 5142">
     <span class='ocr_line' id='line_1_56' title="bbox 249 5060 1851 5142; baseline 0.006 -26"><span class='ocrx_word' id='word_1_400' title='bbox 249 5070 367 5126; x_wconf 89' lang='grc' dir='ltr'>τοῖς</span> <span class='ocrx_word' id='word_1_401' title='bbox 441 5060 634 5140; x_wconf 76' lang='grc' dir='ltr'>ἀγροῖς.</span> <span class='ocrx_word' id='word_1_402' title='bbox 704 5068 856 5140; x_wconf 80' lang='grc' dir='ltr'>Παρὰ</span> <span class='ocrx_word' id='word_1_403' title='bbox 918 5062 976 5119; x_wconf 74' lang='grc' dir='ltr'><strong>δε</strong></span> <span class='ocrx_word' id='word_1_404' title='bbox 1032 5075 1105 5139; x_wconf 83' lang='grc' dir='ltr'>τῷ</span> <span class='ocrx_word' id='word_1_405' title='bbox 1166 5073 1347 5142; x_wconf 82' lang='grc' dir='ltr'>Λουκᾷ</span> <span class='ocrx_word' id='word_1_406' title='bbox 1408 5068 1545 5142; x_wconf 86' lang='grc' dir='ltr'>λέγει</span> <span class='ocrx_word' id='word_1_407' title='bbox 1606 5075 1697 5124; x_wconf 87' lang='grc' dir='ltr'>καὶ</span> <span class='ocrx_word' id='word_1_408' title='bbox 1755 5076 1851 5131; x_wconf 81' lang='grc' dir='ltr'><strong>τὴν</strong></span> 
     </span>
    </p>
   </div>
   <div class='ocr_carea' id='block_1_57' title="bbox 252 5151 1852 5236">
    <p class='ocr_par' dir='ltr' id='par_1_57' title="bbox 252 5151 1852 5236">
     <span class='ocr_line' id='line_1_57' title="bbox 252 5151 1852 5236; baseline 0.006 -31"><span class='ocrx_word' id='word_1_409' title='bbox 252 5152 428 5206; x_wconf 81' lang='grc' dir='ltr'>αἰτίαν</span> <span class='ocrx_word' id='word_1_410' title='bbox 487 5161 582 5216; x_wconf 81' lang='grc' dir='ltr'>τῆς</span> <span class='ocrx_word' id='word_1_411' title='bbox 656 5151 1017 5229; x_wconf 74' lang='grc' dir='ltr'>σφοδρότητος</span> <span class='ocrx_word' id='word_1_412' title='bbox 1065 5164 1166 5209; x_wconf 88' lang='grc' dir='ltr'><strong>τῶν</strong></span> <span class='ocrx_word' id='word_1_413' title='bbox 1215 5156 1446 5232; x_wconf 76' lang='grc' dir='ltr'>πληγῶν,</span> <span class='ocrx_word' id='word_1_414' title='bbox 1524 5159 1606 5212; x_wconf 88' lang='grc' dir='ltr'>ὅτι</span> <span class='ocrx_word' id='word_1_415' title='bbox 1664 5161 1852 5236; x_wconf 76' lang='grc' dir='ltr'>ὁμέραι</span> 
     </span>
    </p>
   </div>
   <div class='ocr_carea' id='block_1_58' title="bbox 1944 603 3600 683">
    <p class='ocr_par' dir='ltr' id='par_1_58' title="bbox 1944 603 3600 683">
     <span class='ocr_line' id='line_1_58' title="bbox 1944 603 3600 683; baseline 0.004 -23"><span class='ocrx_word' id='word_1_416' title='bbox 1944 603 2119 676; x_wconf 85' lang='lat' dir='ltr'><strong>lymis</strong></span> <span class='ocrx_word' id='word_1_417' title='bbox 2173 626 2360 683; x_wconf 90' lang='lat' dir='ltr'><strong>usque</strong></span> <span class='ocrx_word' id='word_1_418' title='bbox 2413 612 2490 666; x_wconf 89' lang='lat' dir='ltr'><strong>ad</strong></span> <span class='ocrx_word' id='word_1_419' title='bbox 2540 610 2885 682; x_wconf 87' lang='lat' dir='ltr'><strong>Hispaniam</strong></span> <span class='ocrx_word' id='word_1_420' title='bbox 2934 609 3290 681; x_wconf 56' lang='lat' dir='ltr'><strong>praedicavit,</strong></span> <span class='ocrx_word' id='word_1_421' title='bbox 3353 612 3600 683; x_wconf 89' lang='lat' dir='ltr'><strong>concipe</strong></span> 
     </span>
    </p>
   </div>
   <div class='ocr_carea' id='block_1_59' title="bbox 1949 696 3598 772">
    <p class='ocr_par' dir='ltr' id='par_1_59' title="bbox 1949 696 3598 772">
     <span class='ocr_line' id='line_1_59' title="bbox 1949 696 3598 772; baseline 0.003 -22"><span class='ocrx_word' id='word_1_422' title='bbox 1949 696 2122 752; x_wconf 87' lang='lat' dir='ltr'><strong>etiam</strong></span> <span class='ocrx_word' id='word_1_423' title='bbox 2166 699 2240 755; x_wconf 94' lang='lat' dir='ltr'><strong>de</strong></span> <span class='ocrx_word' id='word_1_424' title='bbox 2271 701 2497 755; x_wconf 85' lang='lat' dir='ltr'><strong>caeteris</strong></span> <span class='ocrx_word' id='word_1_425' title='bbox 2521 699 2810 772; x_wconf 85' lang='lat' dir='ltr'><strong>apostolis</strong></span> <span class='ocrx_word' id='word_1_426' title='bbox 2844 715 3160 771; x_wconf 80' lang='lat' dir='ltr'><strong>quousque</strong></span> <span class='ocrx_word' id='word_1_427' title='bbox 3190 701 3598 771; x_wconf 89' lang='lat' dir='ltr'><strong>percurrerint.</strong></span> 
     </span>
    </p>
   </div>
   <div class='ocr_carea' id='block_1_60' title="bbox 1950 783 3602 860">
    <p class='ocr_par' dir='ltr' id='par_1_60' title="bbox 1950 783 3602 860">
     <span class='ocr_line' id='line_1_60' title="bbox 1950 783 3602 860; baseline 0.004 -22"><span class='ocrx_word' id='word_1_428' title='bbox 1950 783 2174 842; x_wconf 88' lang='lat' dir='ltr'><strong>Idcirco</strong></span> <span class='ocrx_word' id='word_1_429' title='bbox 2191 787 2349 844; x_wconf 91' lang='lat' dir='ltr'><strong>enim</strong></span> <span class='ocrx_word' id='word_1_430' title='bbox 2372 793 2687 860; x_wconf 84' lang='lat' dir='ltr'><strong>postquam</strong></span> <span class='ocrx_word' id='word_1_431' title='bbox 2705 788 3092 860; x_wconf 65' lang='lat' dir='ltr'><strong>praedicatum</strong></span> <span class='ocrx_word' id='word_1_432' title='bbox 3115 794 3201 844; x_wconf 92' lang='lat' dir='ltr'><strong>est</strong></span> <span class='ocrx_word' id='word_1_433' title='bbox 3218 789 3602 859; x_wconf 88' lang='lat' dir='ltr'><strong>Evangelium</strong></span> 
     </span>
    </p>
   </div>
   <div class='ocr_carea' id='block_1_61' title="bbox 1950 872 3603 950">
    <p class='ocr_par' dir='ltr' id='par_1_61' title="bbox 1950 872 3603 950">
     <span class='ocr_line' id='line_1_61' title="bbox 1950 872 3603 950; baseline 0.005 -24"><span class='ocrx_word' id='word_1_434' title='bbox 1950 872 2492 947; x_wconf 87' lang='lat' dir='ltr'><strong>ubiqueterrarum,</strong></span> <span class='ocrx_word' id='word_1_435' title='bbox 2508 883 2753 950; x_wconf 90' lang='lat' dir='ltr'><strong>pereunt</strong></span> <span class='ocrx_word' id='word_1_436' title='bbox 2772 876 3205 949; x_wconf 86' lang='lat' dir='ltr'><strong>Hierosolyma,</strong></span> <span class='ocrx_word' id='word_1_437' title='bbox 3231 893 3305 933; x_wconf 91' lang='lat' dir='ltr'><strong>ne</strong></span> <span class='ocrx_word' id='word_1_438' title='bbox 3324 879 3603 935; x_wconf 82' lang='lat' dir='ltr'><strong>umbram</strong></span> 
     </span>
    </p>
   </div>
   <div class='ocr_carea' id='block_1_62' title="bbox 1950 962 3606 1039">
    <p class='ocr_par' dir='ltr' id='par_1_62' title="bbox 1950 962 3606 1039">
     <span class='ocr_line' id='line_1_62' title="bbox 1950 962 3606 1039; baseline 0.004 -22"><span class='ocrx_word' id='word_1_439' title='bbox 1950 962 2191 1033; x_wconf 89' lang='lat' dir='ltr'><strong>quidem</strong></span> <span class='ocrx_word' id='word_1_440' title='bbox 2205 965 2612 1039; x_wconf 87' lang='lat' dir='ltr'><strong>responsionis</strong></span> <span class='ocrx_word' id='word_1_441' title='bbox 2628 965 2926 1022; x_wconf 84' lang='lat' dir='ltr'><strong>habeantJ</strong></span> <span class='ocrx_word' id='word_1_442' title='bbox 2936 966 3115 1023; x_wconf 64' lang='lat' dir='ltr'><strong>udasi:</strong></span> <span class='ocrx_word' id='word_1_443' title='bbox 3158 972 3382 1024; x_wconf 78' lang='lat' dir='ltr'><strong>tantam</strong></span> <span class='ocrx_word' id='word_1_444' title='bbox 3405 968 3606 1024; x_wconf 86' lang='lat' dir='ltr'><strong>viden-</strong></span> 
     </span>
    </p>
   </div>
   <div class='ocr_carea' id='block_1_63' title="bbox 1951 1052 3604 1129">
    <p class='ocr_par' dir='ltr' id='par_1_63' title="bbox 1951 1052 3604 1129">
     <span class='ocr_line' id='line_1_63' title="bbox 1951 1052 3604 1129; baseline 0.005 -23"><span class='ocrx_word' id='word_1_445' title='bbox 1951 1054 2038 1106; x_wconf 91' lang='lat' dir='ltr'><strong>tes</strong></span> <span class='ocrx_word' id='word_1_446' title='bbox 2060 1052 2501 1124; x_wconf 72' lang='lat' dir='ltr'><strong>praedicationis</strong></span> <span class='ocrx_word' id='word_1_447' title='bbox 2536 1055 2831 1124; x_wconf 74' lang='lat' dir='ltr'><strong>virtutem,</strong></span> <span class='ocrx_word' id='word_1_448' title='bbox 2866 1060 2929 1113; x_wconf 89' lang='lat' dir='ltr'><strong>ut</strong></span> <span class='ocrx_word' id='word_1_449' title='bbox 2956 1055 3309 1113; x_wconf 90' lang='lat' dir='ltr'><strong>brevissimo</strong></span> <span class='ocrx_word' id='word_1_450' title='bbox 3339 1061 3604 1129; x_wconf 90' lang='lat' dir='ltr'><strong>tempore</strong></span> 
     </span>
    </p>
   </div>
   <div class='ocr_carea' id='block_1_64' title="bbox 1953 1134 3607 1214">
    <p class='ocr_par' dir='ltr' id='par_1_64' title="bbox 1953 1134 3607 1214">
     <span class='ocr_line' id='line_1_64' title="bbox 1953 1134 3607 1214; baseline 0.005 -24"><span class='ocrx_word' id='word_1_451' title='bbox 1953 1134 2297 1193; x_wconf 89' lang='lat' dir='ltr'><strong>universum</strong></span> <span class='ocrx_word' id='word_1_452' title='bbox 2329 1140 2677 1211; x_wconf 90' lang='lat' dir='ltr'><strong>percurrerit</strong></span> <span class='ocrx_word' id='word_1_453' title='bbox 2716 1139 2944 1207; x_wconf 89' lang='lat' dir='ltr'><strong>orbem,</strong></span> <span class='ocrx_word' id='word_1_454' title='bbox 2980 1143 3036 1197; x_wconf 90' lang='lat' dir='ltr'><strong>et</strong></span> <span class='ocrx_word' id='word_1_455' title='bbox 3078 1140 3296 1213; x_wconf 90' lang='lat' dir='ltr'><strong>ubique</strong></span> <span class='ocrx_word' id='word_1_456' title='bbox 3322 1140 3607 1214; x_wconf 89' lang='lat' dir='ltr'><strong>splendo-</strong></span> 
     </span>
    </p>
   </div>
   <div class='ocr_carea' id='block_1_65' title="bbox 1950 1226 3607 1302">
    <p class='ocr_par' dir='ltr' id='par_1_65' title="bbox 1950 1226 3607 1302">
     <span class='ocr_line' id='line_1_65' title="bbox 1950 1226 3607 1302; baseline 0.005 -22"><span class='ocrx_word' id='word_1_457' title='bbox 1950 1239 2077 1281; x_wconf 86' lang='lat' dir='ltr'><strong>rem</strong></span> <span class='ocrx_word' id='word_1_458' title='bbox 2104 1226 2331 1284; x_wconf 84' lang='lat' dir='ltr'><strong>dederit</strong></span> <span class='ocrx_word' id='word_1_459' title='bbox 2362 1245 2375 1284; x_wconf 92' lang='lat'><strong>:</strong></span> <span class='ocrx_word' id='word_1_460' title='bbox 2410 1244 2548 1284; x_wconf 93' lang='lat' dir='ltr'><strong>cum</strong></span> <span class='ocrx_word' id='word_1_461' title='bbox 2580 1232 2779 1285; x_wconf 88' lang='lat' dir='ltr'><strong>tamen</strong></span> <span class='ocrx_word' id='word_1_462' title='bbox 2810 1229 2917 1301; x_wconf 88' lang='lat' dir='ltr'>ipsi</span> <span class='ocrx_word' id='word_1_463' title='bbox 2947 1230 3385 1302; x_wconf 81' lang='lat' dir='ltr'><strong>permanserint</strong></span> <span class='ocrx_word' id='word_1_464' title='bbox 3421 1231 3483 1287; x_wconf 91' lang='lat' dir='ltr'><strong>in</strong></span> <span class='ocrx_word' id='word_1_465' title='bbox 3511 1231 3607 1289; x_wconf 92' lang='lat' dir='ltr'><strong>in-</strong></span> 
     </span>
    </p>
   </div>
   <div class='ocr_carea' id='block_1_66' title="bbox 1949 1313 2908 1388">
    <p class='ocr_par' dir='ltr' id='par_1_66' title="bbox 1949 1313 2908 1388">
     <span class='ocr_line' id='line_1_66' title="bbox 1949 1313 2908 1388; baseline 0.004 -19"><span class='ocrx_word' id='word_1_466' title='bbox 1949 1313 2230 1371; x_wconf 86' lang='lat' dir='ltr'><strong>ﬁdelitate</strong></span> <span class='ocrx_word' id='word_1_467' title='bbox 2260 1322 2314 1374; x_wconf 88' lang='lat' dir='ltr'><strong>et</strong></span> <span class='ocrx_word' id='word_1_468' title='bbox 2334 1316 2757 1388; x_wconf 89' lang='lat' dir='ltr'><strong>ingratitudine</strong></span> <span class='ocrx_word' id='word_1_469' title='bbox 2779 1334 2908 1374; x_wconf 90' lang='lat' dir='ltr'><strong>sua.</strong></span> 
     </span>
    </p>
   </div>
   <div class='ocr_carea' id='block_1_67' title="bbox 2021 1404 3606 1479">
    <p class='ocr_par' dir='ltr' id='par_1_67' title="bbox 2021 1404 3606 1479">
     <span class='ocr_line' id='line_1_67' title="bbox 2021 1404 3606 1479; baseline 0.004 -19"><span class='ocrx_word' id='word_1_470' title='bbox 2021 1404 2183 1460; x_wconf 87' lang='lat' dir='ltr'><strong>Vers.</strong></span> <span class='ocrx_word' id='word_1_471' title='bbox 2220 1405 2303 1461; x_wconf 80' lang='grc'><strong>15.</strong></span> <span class='ocrx_word' id='word_1_472' title='bbox 2337 1405 2481 1463; x_wconf 84' lang='lat' dir='ltr'><strong>Cum</strong></span> <span class='ocrx_word' id='word_1_473' title='bbox 2512 1424 2640 1479; x_wconf 85' lang='lat' dir='ltr'><strong>ergo</strong></span> <span class='ocrx_word' id='word_1_474' title='bbox 2672 1407 3067 1479; x_wconf 74' lang='lat' dir='ltr'><strong>—intellz’gat.</strong></span> <span class='ocrx_word' id='word_1_475' title='bbox 3087 1408 3606 1467; x_wconf 79' lang='lat' dir='ltr'><strong>Abominationem</strong></span> 
     </span>
    </p>
   </div>
   <div class='ocr_carea' id='block_1_68' title="bbox 1950 1492 3606 1570">
    <p class='ocr_par' dir='ltr' id='par_1_68' title="bbox 1950 1492 3606 1570">
     <span class='ocr_line' id='line_1_68' title="bbox 1950 1492 3606 1570; baseline 0.006 -23"><span class='ocrx_word' id='word_1_476' title='bbox 1950 1492 2094 1548; x_wconf 89' lang='lat' dir='ltr'><strong>dicit</strong></span> <span class='ocrx_word' id='word_1_477' title='bbox 2116 1494 2221 1549; x_wconf 89' lang='lat' dir='ltr'><strong>Titi</strong></span> <span class='ocrx_word' id='word_1_478' title='bbox 2247 1499 2527 1565; x_wconf 87' lang='lat' dir='ltr'><strong>statuam,</strong></span> <span class='ocrx_word' id='word_1_479' title='bbox 2559 1513 2748 1569; x_wconf 88' lang='lat' dir='ltr'><strong>quam</strong></span> <span class='ocrx_word' id='word_1_480' title='bbox 2803 1502 2977 1570; x_wconf 90' lang='lat' dir='ltr'><strong>capta</strong></span> <span class='ocrx_word' id='word_1_481' title='bbox 3029 1498 3265 1555; x_wconf 87' lang='lat' dir='ltr'><strong>civitate</strong></span> <span class='ocrx_word' id='word_1_482' title='bbox 3297 1500 3503 1556; x_wconf 82' lang='lat' dir='ltr'><strong>statuit</strong></span> <span class='ocrx_word' id='word_1_483' title='bbox 3542 1500 3606 1557; x_wconf 91' lang='lat' dir='ltr'><strong>in</strong></span> 
     </span>
    </p>
   </div>
   <div class='ocr_carea' id='block_1_69' title="bbox 1951 1580 3610 1661">
    <p class='ocr_par' dir='ltr' id='par_1_69' title="bbox 1951 1580 3610 1661">
     <span class='ocr_line' id='line_1_69' title="bbox 1951 1580 3610 1661; baseline 0.005 -25"><span class='ocrx_word' id='word_1_484' title='bbox 1951 1580 2147 1653; x_wconf 84' lang='lat' dir='ltr'><strong>adytis</strong></span> <span class='ocrx_word' id='word_1_485' title='bbox 2170 1583 2393 1657; x_wconf 87' lang='lat' dir='ltr'><strong>templi.</strong></span> <span class='ocrx_word' id='word_1_486' title='bbox 2421 1586 2727 1659; x_wconf 88' lang='lat' dir='ltr'><strong>Siquidem</strong></span> <span class='ocrx_word' id='word_1_487' title='bbox 2748 1585 3234 1644; x_wconf 90' lang='lat' dir='ltr'><strong>abominationes</strong></span> <span class='ocrx_word' id='word_1_488' title='bbox 3266 1588 3610 1661; x_wconf 86' lang='lat' dir='ltr'><strong>appellabat</strong></span> 
     </span>
    </p>
   </div>
   <div class='ocr_carea' id='block_1_70' title="bbox 1949 1671 3603 1745">
    <p class='ocr_par' dir='ltr' id='par_1_70' title="bbox 1949 1671 3603 1745">
     <span class='ocr_line' id='line_1_70' title="bbox 1949 1671 3603 1745; baseline 0.002 -17"><span class='ocrx_word' id='word_1_489' title='bbox 1949 1671 2041 1728; x_wconf 81' lang='lat' dir='ltr'><strong>lex</strong></span> <span class='ocrx_word' id='word_1_490' title='bbox 2070 1672 2425 1743; x_wconf 89' lang='lat' dir='ltr'><strong>hujusmodi</strong></span> <span class='ocrx_word' id='word_1_491' title='bbox 2476 1675 2790 1745; x_wconf 74' lang='lat' dir='ltr'><strong>inmagines.</strong></span> <span class='ocrx_word' id='word_1_492' title='bbox 2837 1676 3214 1732; x_wconf 88' lang='lat' dir='ltr'><strong>Desolationis</strong></span> <span class='ocrx_word' id='word_1_493' title='bbox 3257 1694 3395 1733; x_wconf 88' lang='lat' dir='ltr'><strong>vero</strong></span> <span class='ocrx_word' id='word_1_494' title='bbox 3438 1677 3603 1744; x_wconf 82' lang='lat' dir='ltr'><strong>dixit,</strong></span> 
     </span>
    </p>
   </div>
   <div class='ocr_carea' id='block_1_71' title="bbox 1952 1756 3609 1835">
    <p class='ocr_par' dir='ltr' id='par_1_71' title="bbox 1952 1756 3609 1835">
     <span class='ocr_line' id='line_1_71' title="bbox 1952 1756 3609 1835; baseline 0.003 -18"><span class='ocrx_word' id='word_1_495' title='bbox 1952 1761 2096 1834; x_wconf 87' lang='lat' dir='ltr'><strong>quia</strong></span> <span class='ocrx_word' id='word_1_496' title='bbox 2125 1762 2224 1817; x_wconf 88' lang='lat' dir='ltr'><strong>illa</strong></span> <span class='ocrx_word' id='word_1_497' title='bbox 2248 1763 2483 1820; x_wconf 90' lang='lat' dir='ltr'><strong>deserto</strong></span> <span class='ocrx_word' id='word_1_498' title='bbox 2511 1764 2733 1835; x_wconf 91' lang='lat' dir='ltr'><strong>templo</strong></span> <span class='ocrx_word' id='word_1_499' title='bbox 2766 1780 2836 1820; x_wconf 91' lang='lat' dir='ltr'><strong>ac</strong></span> <span class='ocrx_word' id='word_1_500' title='bbox 2857 1764 3085 1821; x_wconf 86' lang='lat' dir='ltr'><strong>civitate</strong></span> <span class='ocrx_word' id='word_1_501' title='bbox 3128 1756 3323 1821; x_wconf 89' lang='lat' dir='ltr'><strong>erecta</strong></span> <span class='ocrx_word' id='word_1_502' title='bbox 3346 1770 3431 1822; x_wconf 91' lang='lat' dir='ltr'><strong>est</strong></span> <span class='ocrx_word' id='word_1_503' title='bbox 3460 1781 3474 1821; x_wconf 91' lang='lat'><strong>:</strong></span> <span class='ocrx_word' id='word_1_504' title='bbox 3507 1770 3609 1823; x_wconf 83' lang='lat' dir='ltr'><strong>aut</strong></span> 
     </span>
    </p>
   </div>
   <div class='ocr_carea' id='block_1_72' title="bbox 1607 1850 3606 1929">
    <p class='ocr_par' dir='ltr' id='par_1_72' title="bbox 1607 1850 3606 1929">
     <span class='ocr_line' id='line_1_72' title="bbox 1607 1850 3606 1929; baseline 0.001 -19"><span class='ocrx_word' id='word_1_505' title='bbox 1607 1862 1638 1917; x_wconf 77' lang='grc' dir='ltr'>ἤ</span> <span class='ocrx_word' id='word_1_506' title='bbox 1705 1855 1847 1911; x_wconf 83' lang='grc' dir='ltr'>διότι</span> <span class='ocrx_word' id='word_1_507' title='bbox 1883 1874 1922 1929; x_wconf 79' lang='grc' dir='ltr'><strong>Β</strong></span> <span class='ocrx_word' id='word_1_508' title='bbox 1953 1851 2097 1923; x_wconf 88' lang='lat' dir='ltr'><strong>quia</strong></span> <span class='ocrx_word' id='word_1_509' title='bbox 2121 1850 2249 1922; x_wconf 89' lang='lat' dir='ltr'><strong>ejus</strong></span> <span class='ocrx_word' id='word_1_510' title='bbox 2275 1855 2402 1907; x_wconf 90' lang='lat' dir='ltr'><strong>erat</strong></span> <span class='ocrx_word' id='word_1_511' title='bbox 2446 1851 2645 1921; x_wconf 84' lang='lat' dir='ltr'><strong>imago</strong></span> <span class='ocrx_word' id='word_1_512' title='bbox 2681 1853 2785 1924; x_wconf 88' lang='lat' dir='ltr'><strong>qui</strong></span> <span class='ocrx_word' id='word_1_513' title='bbox 2814 1852 2940 1908; x_wconf 68' lang='lat' dir='ltr'><strong>haec</strong></span> <span class='ocrx_word' id='word_1_514' title='bbox 2969 1854 3199 1910; x_wconf 90' lang='lat' dir='ltr'><strong>deserta</strong></span> <span class='ocrx_word' id='word_1_515' title='bbox 3245 1853 3400 1913; x_wconf 82' lang='lat' dir='ltr'><strong>fecit.</strong></span> <span class='ocrx_word' id='word_1_516' title='bbox 3433 1854 3606 1921; x_wconf 87' lang='lat' dir='ltr'><strong>Quod</strong></span> 
     </span>
    </p>
   </div>
   <div class='ocr_carea' id='block_1_73' title="bbox 1955 1939 3607 2014">
    <p class='ocr_par' dir='ltr' id='par_1_73' title="bbox 1955 1939 3607 2014">
     <span class='ocr_line' id='line_1_73' title="bbox 1955 1939 3607 2014; baseline 0.004 -19"><span class='ocrx_word' id='word_1_517' title='bbox 1955 1941 2155 1995; x_wconf 83' lang='lat' dir='ltr'><strong>autem</strong></span> <span class='ocrx_word' id='word_1_518' title='bbox 2178 1939 2296 1998; x_wconf 85' lang='lat' dir='ltr'><strong>ait:</strong></span> <span class='ocrx_word' id='word_1_519' title='bbox 2338 1939 2481 1996; x_wconf 83' lang='lat' dir='ltr'><strong>Cum</strong></span> <span class='ocrx_word' id='word_1_520' title='bbox 2511 1940 2787 2005; x_wconf 73' lang='lat' dir='ltr'><strong>viderim,</strong></span> <span class='ocrx_word' id='word_1_521' title='bbox 2820 1940 3052 1997; x_wconf 82' lang='lat' dir='ltr'><strong>videtur</strong></span> <span class='ocrx_word' id='word_1_522' title='bbox 3091 1941 3333 2014; x_wconf 88' lang='lat' dir='ltr'><strong>quidem</strong></span> <span class='ocrx_word' id='word_1_523' title='bbox 3372 1943 3607 2011; x_wconf 59' lang='lat' dir='ltr'><strong>{dictum</strong></span> 
     </span>
    </p>
   </div>
   <div class='ocr_carea' id='block_1_74' title="bbox 1954 2028 3607 2101">
    <p class='ocr_par' dir='ltr' id='par_1_74' title="bbox 1954 2028 3607 2101">
     <span class='ocr_line' id='line_1_74' title="bbox 1954 2028 3607 2101; baseline 0.002 -16"><span class='ocrx_word' id='word_1_524' title='bbox 1954 2044 2090 2085; x_wconf 89' lang='lat' dir='ltr'><strong>esse</strong></span> <span class='ocrx_word' id='word_1_525' title='bbox 2116 2028 2197 2084; x_wconf 91' lang='lat' dir='ltr'><strong>ad</strong></span> <span class='ocrx_word' id='word_1_526' title='bbox 2226 2029 2546 2101; x_wconf 89' lang='lat' dir='ltr'><strong>apostolos,</strong></span> <span class='ocrx_word' id='word_1_527' title='bbox 2572 2030 2678 2085; x_wconf 89' lang='lat' dir='ltr'><strong>sed</strong></span> <span class='ocrx_word' id='word_1_528' title='bbox 2704 2034 2904 2087; x_wconf 89' lang='lat' dir='ltr'><strong>tamen</strong></span> <span class='ocrx_word' id='word_1_529' title='bbox 2934 2029 3117 2087; x_wconf 90' lang='lat' dir='ltr'><strong>fertur</strong></span> <span class='ocrx_word' id='word_1_530' title='bbox 3145 2031 3224 2088; x_wconf 88' lang='lat' dir='ltr'><strong>ad</strong></span> <span class='ocrx_word' id='word_1_531' title='bbox 3252 2030 3515 2098; x_wconf 65' lang='lat' dir='ltr'><strong>Judaaos,</strong></span> <span class='ocrx_word' id='word_1_532' title='bbox 3544 2036 3607 2090; x_wconf 89' lang='lat' dir='ltr'><strong>ut</strong></span> 
     </span>
    </p>
   </div>
   <div class='ocr_carea' id='block_1_75' title="bbox 1955 2117 3609 2193">
    <p class='ocr_par' dir='ltr' id='par_1_75' title="bbox 1955 2117 3609 2193">
     <span class='ocr_line' id='line_1_75' title="bbox 1955 2117 3609 2193; baseline 0.003 -20"><span class='ocrx_word' id='word_1_533' title='bbox 1955 2118 2145 2175; x_wconf 88' lang='lat' dir='ltr'><strong>sciant</strong></span> <span class='ocrx_word' id='word_1_534' title='bbox 2165 2118 2331 2190; x_wconf 91' lang='lat' dir='ltr'><strong>quod</strong></span> <span class='ocrx_word' id='word_1_535' title='bbox 2351 2135 2473 2175; x_wconf 91' lang='lat' dir='ltr'>non</span> <span class='ocrx_word' id='word_1_536' title='bbox 2507 2117 2683 2191; x_wconf 89' lang='lat' dir='ltr'><strong>longe</strong></span> <span class='ocrx_word' id='word_1_537' title='bbox 2720 2123 2874 2193; x_wconf 91' lang='lat' dir='ltr'><strong>post,</strong></span> <span class='ocrx_word' id='word_1_538' title='bbox 2905 2120 3006 2175; x_wconf 90' lang='lat' dir='ltr'><strong>sed</strong></span> <span class='ocrx_word' id='word_1_539' title='bbox 3044 2120 3130 2177; x_wconf 90' lang='lat' dir='ltr'><strong>eis</strong></span> <span class='ocrx_word' id='word_1_540' title='bbox 3175 2120 3374 2178; x_wconf 90' lang='lat' dir='ltr'><strong>adhuc</strong></span> <span class='ocrx_word' id='word_1_541' title='bbox 3408 2123 3609 2178; x_wconf 87' lang='lat' dir='ltr'><strong>viven-</strong></span> 
     </span>
    </p>
   </div>
   <div class='ocr_carea' id='block_1_76' title="bbox 1954 2207 3605 2283">
    <p class='ocr_par' dir='ltr' id='par_1_76' title="bbox 1954 2207 3605 2283">
     <span class='ocr_line' id='line_1_76' title="bbox 1954 2207 3605 2283; baseline 0.001 -18"><span class='ocrx_word' id='word_1_542' title='bbox 1954 2207 2114 2265; x_wconf 86' lang='lat' dir='ltr'><strong>tibus</strong></span> <span class='ocrx_word' id='word_1_543' title='bbox 2144 2207 2513 2265; x_wconf 88' lang='lat' dir='ltr'><strong>abominatio</strong></span> <span class='ocrx_word' id='word_1_544' title='bbox 2543 2208 2742 2265; x_wconf 88' lang='lat' dir='ltr'><strong>stabit.</strong></span> <span class='ocrx_word' id='word_1_545' title='bbox 2766 2209 2968 2265; x_wconf 89' lang='lat' dir='ltr'><strong>Plures</strong></span> <span class='ocrx_word' id='word_1_546' title='bbox 2991 2209 3289 2283; x_wconf 91' lang='lat' dir='ltr'><strong>siquidem</strong></span> <span class='ocrx_word' id='word_1_547' title='bbox 3316 2210 3605 2282; x_wconf 90' lang='lat' dir='ltr'><strong>apostolo-</strong></span> 
     </span>
    </p>
   </div>
   <div class='ocr_carea' id='block_1_77' title="bbox 1953 2296 3609 2373">
    <p class='ocr_par' dir='ltr' id='par_1_77' title="bbox 1953 2296 3609 2373">
     <span class='ocr_line' id='line_1_77' title="bbox 1953 2296 3609 2373; baseline 0.002 -20"><span class='ocrx_word' id='word_1_548' title='bbox 1953 2313 2088 2353; x_wconf 90' lang='lat' dir='ltr'><strong>rum</strong></span> <span class='ocrx_word' id='word_1_549' title='bbox 2111 2301 2246 2353; x_wconf 90' lang='lat' dir='ltr'><strong>aute</strong></span> <span class='ocrx_word' id='word_1_550' title='bbox 2276 2296 2337 2352; x_wconf 92' lang='lat' dir='ltr'><strong>id</strong></span> <span class='ocrx_word' id='word_1_551' title='bbox 2375 2304 2612 2370; x_wconf 88' lang='lat' dir='ltr'><strong>tempus</strong></span> <span class='ocrx_word' id='word_1_552' title='bbox 2652 2298 2865 2355; x_wconf 88' lang='lat' dir='ltr'><strong>mortui</strong></span> <span class='ocrx_word' id='word_1_553' title='bbox 2898 2303 3038 2355; x_wconf 91' lang='lat' dir='ltr'><strong>sunt</strong></span> <span class='ocrx_word' id='word_1_554' title='bbox 3064 2316 3077 2354; x_wconf 91' lang='lat'><strong>:</strong></span> <span class='ocrx_word' id='word_1_555' title='bbox 3109 2299 3306 2355; x_wconf 73' lang='lat' dir='ltr'><strong>caeteri</strong></span> <span class='ocrx_word' id='word_1_556' title='bbox 3337 2316 3475 2355; x_wconf 84' lang='lat' dir='ltr'><strong>vero</strong></span> <span class='ocrx_word' id='word_1_557' title='bbox 3502 2300 3609 2373; x_wconf 91' lang='lat' dir='ltr'><strong>qui</strong></span> 
     </span>
    </p>
   </div>
   <div class='ocr_carea' id='block_1_78' title="bbox 1952 2385 3609 2459">
    <p class='ocr_par' dir='ltr' id='par_1_78' title="bbox 1952 2385 3609 2459">
     <span class='ocr_line' id='line_1_78' title="bbox 1952 2385 3609 2459; baseline 0.003 -18"><span class='ocrx_word' id='word_1_558' title='bbox 1952 2394 2364 2441; x_wconf 87' lang='lat' dir='ltr'><strong>remanserant</strong></span> <span class='ocrx_word' id='word_1_559' title='bbox 2382 2386 2444 2441; x_wconf 93' lang='lat' dir='ltr'><strong>in</strong></span> <span class='ocrx_word' id='word_1_560' title='bbox 2474 2385 2603 2442; x_wconf 88' lang='lat' dir='ltr'><strong>aliis</strong></span> <span class='ocrx_word' id='word_1_561' title='bbox 2630 2390 2771 2442; x_wconf 89' lang='lat' dir='ltr'><strong>tunc</strong></span> <span class='ocrx_word' id='word_1_562' title='bbox 2798 2387 2956 2443; x_wconf 92' lang='lat' dir='ltr'><strong>orbis</strong></span> <span class='ocrx_word' id='word_1_563' title='bbox 2995 2387 3258 2459; x_wconf 88' lang='lat' dir='ltr'><strong>partibus</strong></span> <span class='ocrx_word' id='word_1_564' title='bbox 3288 2389 3609 2446; x_wconf 88' lang='lat' dir='ltr'><strong>versaban-</strong></span> 
     </span>
    </p>
   </div>
   <div class='ocr_carea' id='block_1_79' title="bbox 1954 2474 3608 2550">
    <p class='ocr_par' dir='ltr' id='par_1_79' title="bbox 1954 2474 3608 2550">
     <span class='ocr_line' id='line_1_79' title="bbox 1954 2474 3608 2550; baseline 0.002 -20"><span class='ocrx_word' id='word_1_565' title='bbox 1954 2479 2074 2530; x_wconf 89' lang='lat' dir='ltr'><strong>tur.</strong></span> <span class='ocrx_word' id='word_1_566' title='bbox 2109 2474 2260 2531; x_wconf 91' lang='lat' dir='ltr'><strong>Misit</strong></span> <span class='ocrx_word' id='word_1_567' title='bbox 2286 2478 2485 2531; x_wconf 91' lang='lat' dir='ltr'><strong>autem</strong></span> <span class='ocrx_word' id='word_1_568' title='bbox 2510 2490 2615 2532; x_wconf 90' lang='lat' dir='ltr'><strong>eos</strong></span> <span class='ocrx_word' id='word_1_569' title='bbox 2660 2476 2740 2532; x_wconf 88' lang='lat' dir='ltr'><strong>ad</strong></span> <span class='ocrx_word' id='word_1_570' title='bbox 2764 2475 3096 2542; x_wconf 90' lang='lat' dir='ltr'><strong>Danielem,</strong></span> <span class='ocrx_word' id='word_1_571' title='bbox 3151 2476 3253 2550; x_wconf 89' lang='lat' dir='ltr'><strong>qui</strong></span> <span class='ocrx_word' id='word_1_572' title='bbox 3289 2478 3361 2534; x_wconf 90' lang='lat' dir='ltr'><strong>de</strong></span> <span class='ocrx_word' id='word_1_573' title='bbox 3394 2479 3608 2550; x_wconf 85' lang='lat' dir='ltr'><strong>hujus-</strong></span> 
     </span>
    </p>
   </div>
   <div class='ocr_carea' id='block_1_80' title="bbox 1954 2561 3607 2639">
    <p class='ocr_par' dir='ltr' id='par_1_80' title="bbox 1954 2561 3607 2639">
     <span class='ocr_line' id='line_1_80' title="bbox 1954 2561 3607 2639; baseline 0.004 -22"><span class='ocrx_word' id='word_1_574' title='bbox 1954 2563 2120 2617; x_wconf 89' lang='lat' dir='ltr'><strong>modi</strong></span> <span class='ocrx_word' id='word_1_575' title='bbox 2150 2561 2594 2620; x_wconf 88' lang='lat' dir='ltr'><strong>abominatione</strong></span> <span class='ocrx_word' id='word_1_576' title='bbox 2617 2569 2674 2620; x_wconf 92' lang='lat' dir='ltr'><strong>et</strong></span> <span class='ocrx_word' id='word_1_577' title='bbox 2703 2570 2897 2635; x_wconf 84' lang='lat' dir='ltr'><strong>strage</strong></span> <span class='ocrx_word' id='word_1_578' title='bbox 2925 2566 3397 2637; x_wconf 86' lang='lat' dir='ltr'><strong>prophetaverat.</strong></span> <span class='ocrx_word' id='word_1_579' title='bbox 3424 2567 3607 2639; x_wconf 89' lang='lat' dir='ltr'><strong>Tunc,</strong></span> 
     </span>
    </p>
   </div>
   <div class='ocr_carea' id='block_1_81' title="bbox 1954 2651 3610 2725">
    <p class='ocr_par' dir='ltr' id='par_1_81' title="bbox 1954 2651 3610 2725">
     <span class='ocr_line' id='line_1_81' title="bbox 1954 2651 3610 2725; baseline 0.004 -18"><span class='ocrx_word' id='word_1_580' title='bbox 1954 2651 2155 2724; x_wconf 87' lang='lat' dir='ltr'><strong>inquit,</strong></span> <span class='ocrx_word' id='word_1_581' title='bbox 2215 2652 2321 2724; x_wconf 91' lang='lat' dir='ltr'><strong>qui</strong></span> <span class='ocrx_word' id='word_1_582' title='bbox 2369 2652 2511 2722; x_wconf 91' lang='lat' dir='ltr'><strong>legit</strong></span> <span class='ocrx_word' id='word_1_583' title='bbox 2540 2653 2795 2709; x_wconf 88' lang='lat' dir='ltr'><strong>Danielis</strong></span> <span class='ocrx_word' id='word_1_584' title='bbox 2842 2653 3061 2710; x_wconf 89' lang='lat' dir='ltr'><strong>librum</strong></span> <span class='ocrx_word' id='word_1_585' title='bbox 3112 2656 3178 2720; x_wconf 77' lang='grc'><strong>⁸⁸,</strong></span> <span class='ocrx_word' id='word_1_586' title='bbox 3217 2655 3502 2725; x_wconf 86' lang='lat' dir='ltr'><strong>intelligat</strong></span> <span class='ocrx_word' id='word_1_587' title='bbox 3541 2672 3610 2713; x_wconf 89' lang='lat' dir='ltr'><strong>ac</strong></span> 
     </span>
    </p>
   </div>
   <div class='ocr_carea' id='block_1_82' title="bbox 1956 2740 3608 2803">
    <p class='ocr_par' dir='ltr' id='par_1_82' title="bbox 1956 2740 3608 2803">
     <span class='ocr_line' id='line_1_82' title="bbox 1956 2740 3608 2803; baseline 0.004 -7"><span class='ocrx_word' id='word_1_588' title='bbox 1956 2740 2293 2798; x_wconf 89' lang='lat' dir='ltr'><strong>consideret</strong></span> <span class='ocrx_word' id='word_1_589' title='bbox 2346 2748 2605 2799; x_wconf 89' lang='lat' dir='ltr'><strong>erectam</strong></span> <span class='ocrx_word' id='word_1_590' title='bbox 2661 2742 3185 2800; x_wconf 90' lang='lat' dir='ltr'><strong>abominationem.</strong></span> <span class='ocrx_word' id='word_1_591' title='bbox 3249 2747 3435 2802; x_wconf 90' lang='lat' dir='ltr'><strong>Lucas</strong></span> <span class='ocrx_word' id='word_1_592' title='bbox 3466 2762 3608 2803; x_wconf 85' lang='lat' dir='ltr'><strong>vero</strong></span> 
     </span>
    </p>
   </div>
   <div class='ocr_carea' id='block_1_83' title="bbox 1957 2830 3611 2901">
    <p class='ocr_par' dir='ltr' id='par_1_83' title="bbox 1957 2830 3611 2901">
     <span class='ocr_line' id='line_1_83' title="bbox 1957 2830 3611 2901; baseline 0.003 -14"><span class='ocrx_word' id='word_1_593' title='bbox 1957 2830 2121 2887; x_wconf 89' lang='lat' dir='ltr'><strong>aliud</strong></span> <span class='ocrx_word' id='word_1_594' title='bbox 2159 2830 2301 2888; x_wconf 89' lang='lat' dir='ltr'><strong>dicit</strong></span> <span class='ocrx_word' id='word_1_595' title='bbox 2350 2832 2591 2901; x_wconf 88' lang='lat' dir='ltr'><strong>signum</strong></span> <span class='ocrx_word' id='word_1_596' title='bbox 2624 2847 2638 2888; x_wconf 93' lang='lat'>:</span> <span class='ocrx_word' id='word_1_597' title='bbox 2674 2831 2813 2889; x_wconf 85' lang='lat' dir='ltr'><strong>Cum</strong></span> <span class='ocrx_word' id='word_1_598' title='bbox 2840 2834 3095 2890; x_wconf 80' lang='lat' dir='ltr'><strong>videritis</strong></span> <span class='ocrx_word' id='word_1_599' title='bbox 3147 2834 3501 2892; x_wconf 74' lang='lat' dir='ltr'><strong>circumdari</strong></span> <span class='ocrx_word' id='word_1_600' title='bbox 3542 2836 3611 2892; x_wconf 90' lang='lat' dir='ltr'><strong>ab</strong></span> 
     </span>
    </p>
   </div>
   <div class='ocr_carea' id='block_1_84' title="bbox 1959 2920 3610 2996">
    <p class='ocr_par' dir='ltr' id='par_1_84' title="bbox 1959 2920 3610 2996">
     <span class='ocr_line' id='line_1_84' title="bbox 1959 2920 3610 2996; baseline 0.003 -20"><span class='ocrx_word' id='word_1_601' title='bbox 1959 2920 2311 2978; x_wconf 76' lang='lat' dir='ltr'><strong>exercitibus</strong></span> <span class='ocrx_word' id='word_1_602' title='bbox 2338 2922 2686 2990; x_wconf 84' lang='lat' dir='ltr'><strong>Jerusalem,</strong></span> <span class='ocrx_word' id='word_1_603' title='bbox 2724 2930 2863 2980; x_wconf 84' lang='lat' dir='ltr'><strong>tunc</strong></span> <span class='ocrx_word' id='word_1_604' title='bbox 2913 2924 3105 2981; x_wconf 75' lang='lat' dir='ltr'><strong>scitote</strong></span> <span class='ocrx_word' id='word_1_605' title='bbox 3147 2924 3300 2996; x_wconf 86' lang='lat' dir='ltr'><strong>quod</strong></span> <span class='ocrx_word' id='word_1_606' title='bbox 3360 2923 3610 2981; x_wconf 83' lang='lat' dir='ltr'><strong>imminet</strong></span> 
     </span>
    </p>
   </div>
   <div class='ocr_carea' id='block_1_85' title="bbox 1956 3008 3613 3087">
    <p class='ocr_par' dir='ltr' id='par_1_85' title="bbox 1956 3008 3613 3087">
     <span class='ocr_line' id='line_1_85' title="bbox 1956 3008 3613 3087; baseline 0.003 -23"><span class='ocrx_word' id='word_1_607' title='bbox 1956 3008 2228 3067; x_wconf 82' lang='lat' dir='ltr'><strong>desolatio</strong></span> <span class='ocrx_word' id='word_1_608' title='bbox 2258 3012 2381 3081; x_wconf 78' lang='lat' dir='ltr'><strong>ejus</strong></span> <span class='ocrx_word' id='word_1_609' title='bbox 2411 3013 2484 3069; x_wconf 78' lang='lat'><strong>‘°.</strong></span> <span class='ocrx_word' id='word_1_610' title='bbox 2518 3014 2783 3085; x_wconf 85' lang='lat' dir='ltr'><strong>Apparet</strong></span> <span class='ocrx_word' id='word_1_611' title='bbox 2811 3028 2952 3085; x_wconf 87' lang='lat' dir='ltr'><strong>ergo</strong></span> <span class='ocrx_word' id='word_1_612' title='bbox 2973 3012 3138 3087; x_wconf 88' lang='lat' dir='ltr'><strong>quod</strong></span> <span class='ocrx_word' id='word_1_613' title='bbox 3172 3019 3491 3087; x_wconf 90' lang='lat' dir='ltr'><strong>utrumque</strong></span> <span class='ocrx_word' id='word_1_614' title='bbox 3522 3014 3613 3071; x_wconf 90' lang='lat' dir='ltr'><strong>di-</strong></span> 
     </span>
    </p>
   </div>
   <div class='ocr_carea' id='block_1_86' title="bbox 1955 3099 2417 3157">
    <p class='ocr_par' dir='ltr' id='par_1_86' title="bbox 1955 3099 2417 3157">
     <span class='ocr_line' id='line_1_86' title="bbox 1955 3099 2417 3157; baseline 0.004 -2"><span class='ocrx_word' id='word_1_615' title='bbox 1955 3099 2105 3156; x_wconf 80' lang='lat' dir='ltr'><strong>xerit</strong></span> <span class='ocrx_word' id='word_1_616' title='bbox 2133 3100 2417 3157; x_wconf 88' lang='lat' dir='ltr'><strong>Christus.</strong></span> 
     </span>
    </p>
   </div>
   <div class='ocr_carea' id='block_1_87' title="bbox 2027 3277 3616 3351">
    <p class='ocr_par' dir='ltr' id='par_1_87' title="bbox 2027 3277 3616 3351">
     <span class='ocr_line' id='line_1_87' title="bbox 2027 3277 3616 3351; baseline 0.002 -16"><span class='ocrx_word' id='word_1_617' title='bbox 2027 3280 2189 3335; x_wconf 85' lang='lat' dir='ltr'><strong>Vers.</strong></span> <span class='ocrx_word' id='word_1_618' title='bbox 2219 3282 2301 3335; x_wconf 73' lang='lat'><strong>16.</strong></span> <span class='ocrx_word' id='word_1_619' title='bbox 2341 3278 2506 3334; x_wconf 83' lang='lat' dir='ltr'><strong>Tunc</strong></span> <span class='ocrx_word' id='word_1_620' title='bbox 2529 3308 2600 3319; x_wconf 90' lang='lat'><strong>—</strong></span> <span class='ocrx_word' id='word_1_621' title='bbox 2629 3278 2709 3333; x_wconf 86' lang='lat' dir='ltr'><strong>ad</strong></span> <span class='ocrx_word' id='word_1_622' title='bbox 2736 3283 2968 3333; x_wconf 78' lang='lat' dir='ltr'><strong>montes.</strong></span> <span class='ocrx_word' id='word_1_623' title='bbox 3018 3277 3346 3351; x_wconf 88' lang='lat' dir='ltr'><strong>Postquam</strong></span> <span class='ocrx_word' id='word_1_624' title='bbox 3385 3279 3460 3335; x_wconf 93' lang='lat' dir='ltr'><strong>de</strong></span> <span class='ocrx_word' id='word_1_625' title='bbox 3488 3296 3616 3339; x_wconf 89' lang='lat' dir='ltr'><strong>ma-</strong></span> 
     </span>
    </p>
   </div>
   <div class='ocr_carea' id='block_1_88' title="bbox 1954 3366 3609 3442">
    <p class='ocr_par' dir='ltr' id='par_1_88' title="bbox 1954 3366 3609 3442">
     <span class='ocr_line' id='line_1_88' title="bbox 1954 3366 3609 3442; baseline 0.002 -19"><span class='ocrx_word' id='word_1_626' title='bbox 1954 3366 2027 3423; x_wconf 88' lang='lat' dir='ltr'><strong>lis</strong></span> <span class='ocrx_word' id='word_1_627' title='bbox 2046 3366 2213 3435; x_wconf 82' lang='lat' dir='ltr'><strong>dixit,</strong></span> <span class='ocrx_word' id='word_1_628' title='bbox 2240 3382 2377 3439; x_wconf 67' lang='lat' dir='ltr'><strong>qum</strong></span> <span class='ocrx_word' id='word_1_629' title='bbox 2423 3366 2931 3438; x_wconf 87' lang='lat' dir='ltr'><strong>comprehensura</strong></span> <span class='ocrx_word' id='word_1_630' title='bbox 2961 3372 3130 3422; x_wconf 91' lang='lat' dir='ltr'><strong>erant</strong></span> <span class='ocrx_word' id='word_1_631' title='bbox 3179 3368 3609 3442; x_wconf 86' lang='lat' dir='ltr'><strong>Hierosolyma,</strong></span> 
     </span>
    </p>
   </div>
   <div class='ocr_carea' id='block_1_89' title="bbox 1956 3454 3617 3528">
    <p class='ocr_par' dir='ltr' id='par_1_89' title="bbox 1956 3454 3617 3528">
     <span class='ocr_line' id='line_1_89' title="bbox 1956 3454 3617 3528; baseline 0.003 -17"><span class='ocrx_word' id='word_1_632' title='bbox 1956 3455 2029 3512; x_wconf 86' lang='lat' dir='ltr'><strong>de</strong></span> <span class='ocrx_word' id='word_1_633' title='bbox 2054 3455 2254 3512; x_wconf 84' lang='lat' dir='ltr'><strong>multis</strong></span> <span class='ocrx_word' id='word_1_634' title='bbox 2276 3459 2559 3528; x_wconf 68' lang='lat' dir='ltr'><strong>praeterea</strong></span> <span class='ocrx_word' id='word_1_635' title='bbox 2587 3471 2655 3510; x_wconf 88' lang='lat' dir='ltr'><strong>ac</strong></span> <span class='ocrx_word' id='word_1_636' title='bbox 2688 3454 2868 3511; x_wconf 84' lang='lat' dir='ltr'><strong>variis</strong></span> <span class='ocrx_word' id='word_1_637' title='bbox 2896 3455 3309 3527; x_wconf 89' lang='lat' dir='ltr'><strong>apostolorum</strong></span> <span class='ocrx_word' id='word_1_638' title='bbox 3338 3458 3617 3516; x_wconf 86' lang='lat' dir='ltr'><strong>tentatio-</strong></span> 
     </span>
    </p>
   </div>
   <div class='ocr_carea' id='block_1_90' title="bbox 1959 3543 3611 3618">
    <p class='ocr_par' dir='ltr' id='par_1_90' title="bbox 1959 3543 3611 3618">
     <span class='ocr_line' id='line_1_90' title="bbox 1959 3543 3611 3618; baseline 0.001 -16"><span class='ocrx_word' id='word_1_639' title='bbox 1959 3545 2159 3615; x_wconf 88' lang='lat' dir='ltr'><strong>nibus,</strong></span> <span class='ocrx_word' id='word_1_640' title='bbox 2183 3545 2432 3617; x_wconf 87' lang='lat' dir='ltr'><strong>insuper</strong></span> <span class='ocrx_word' id='word_1_641' title='bbox 2446 3549 2500 3601; x_wconf 90' lang='lat' dir='ltr'><strong>et</strong></span> <span class='ocrx_word' id='word_1_642' title='bbox 2516 3544 2584 3600; x_wconf 90' lang='lat' dir='ltr'><strong>de</strong></span> <span class='ocrx_word' id='word_1_643' title='bbox 2597 3559 2883 3618; x_wconf 90' lang='lat' dir='ltr'><strong>prospero</strong></span> <span class='ocrx_word' id='word_1_644' title='bbox 2899 3543 3344 3617; x_wconf 59' lang='lat' dir='ltr'><strong>praedicationis</strong></span> <span class='ocrx_word' id='word_1_645' title='bbox 3380 3564 3611 3604; x_wconf 84' lang='lat' dir='ltr'><strong>succes-</strong></span> 
     </span>
    </p>
   </div>
   <div class='ocr_carea' id='block_1_91' title="bbox 1956 3634 3616 3711">
    <p class='ocr_par' dir='ltr' id='par_1_91' title="bbox 1956 3634 3616 3711">
     <span class='ocr_line' id='line_1_91' title="bbox 1956 3634 3616 3711; baseline 0.002 -19"><span class='ocrx_word' id='word_1_646' title='bbox 1956 3651 2047 3703; x_wconf 90' lang='lat' dir='ltr'><strong>su,</strong></span> <span class='ocrx_word' id='word_1_647' title='bbox 2074 3634 2242 3708; x_wconf 91' lang='lat' dir='ltr'><strong>quod</strong></span> <span class='ocrx_word' id='word_1_648' title='bbox 2269 3635 2500 3708; x_wconf 85' lang='lat' dir='ltr'><strong>absque</strong></span> <span class='ocrx_word' id='word_1_649' title='bbox 2525 3634 2647 3691; x_wconf 92' lang='lat' dir='ltr'><strong>ullo</strong></span> <span class='ocrx_word' id='word_1_650' title='bbox 2664 3634 3095 3707; x_wconf 90' lang='lat' dir='ltr'><strong>impedimento</strong></span> <span class='ocrx_word' id='word_1_651' title='bbox 3118 3636 3451 3693; x_wconf 87' lang='lat' dir='ltr'><strong>universum</strong></span> <span class='ocrx_word' id='word_1_652' title='bbox 3486 3653 3616 3711; x_wconf 91' lang='lat' dir='ltr'><strong>per-</strong></span> 
     </span>
    </p>
   </div>
   <div class='ocr_carea' id='block_1_92' title="bbox 1958 3724 3617 3799">
    <p class='ocr_par' dir='ltr' id='par_1_92' title="bbox 1958 3724 3617 3799">
     <span class='ocr_line' id='line_1_92' title="bbox 1958 3724 3617 3799; baseline 0.001 -15"><span class='ocrx_word' id='word_1_653' title='bbox 1958 3731 2153 3784; x_wconf 88' lang='lat' dir='ltr'><strong>curret</strong></span> <span class='ocrx_word' id='word_1_654' title='bbox 2181 3726 2390 3783; x_wconf 90' lang='lat' dir='ltr'><strong>orbem</strong></span> <span class='ocrx_word' id='word_1_655' title='bbox 2422 3744 2435 3780; x_wconf 90' lang='lat'><strong>:</strong></span> <span class='ocrx_word' id='word_1_656' title='bbox 2465 3724 2728 3799; x_wconf 89' lang='lat' dir='ltr'><strong>loquitur</strong></span> <span class='ocrx_word' id='word_1_657' title='bbox 2752 3725 2967 3782; x_wconf 89' lang='lat' dir='ltr'><strong>iterum</strong></span> <span class='ocrx_word' id='word_1_658' title='bbox 2989 3726 3063 3783; x_wconf 90' lang='lat' dir='ltr'><strong>de</strong></span> <span class='ocrx_word' id='word_1_659' title='bbox 3092 3726 3437 3784; x_wconf 63' lang='lat' dir='ltr'><strong>Iudaeorum</strong></span> <span class='ocrx_word' id='word_1_660' title='bbox 3467 3729 3617 3785; x_wconf 87' lang='lat' dir='ltr'><strong>cala-</strong></span> 
     </span>
    </p>
   </div>
   <div class='ocr_carea' id='block_1_93' title="bbox 1957 3815 3616 3890">
    <p class='ocr_par' dir='ltr' id='par_1_93' title="bbox 1957 3815 3616 3890">
     <span class='ocr_line' id='line_1_93' title="bbox 1957 3815 3616 3890; baseline 0.002 -17"><span class='ocrx_word' id='word_1_661' title='bbox 1957 3815 2282 3884; x_wconf 82' lang='lat' dir='ltr'><strong>mitatibus,</strong></span> <span class='ocrx_word' id='word_1_662' title='bbox 2314 3816 2636 3873; x_wconf 90' lang='lat' dir='ltr'><strong>ostendens</strong></span> <span class='ocrx_word' id='word_1_663' title='bbox 2664 3815 2832 3889; x_wconf 90' lang='lat' dir='ltr'><strong>quod</strong></span> <span class='ocrx_word' id='word_1_664' title='bbox 2860 3821 3175 3889; x_wconf 86' lang='lat' dir='ltr'><strong>postquam</strong></span> <span class='ocrx_word' id='word_1_665' title='bbox 3200 3816 3328 3890; x_wconf 88' lang='lat' dir='ltr'><strong>ipse</strong></span> <span class='ocrx_word' id='word_1_666' title='bbox 3351 3824 3406 3875; x_wconf 88' lang='lat' dir='ltr'><strong>et</strong></span> <span class='ocrx_word' id='word_1_667' title='bbox 3443 3818 3616 3876; x_wconf 91' lang='lat' dir='ltr'><strong>disci-</strong></span> 
     </span>
    </p>
   </div>
   <div class='ocr_carea' id='block_1_94' title="bbox 1956 3905 3612 3980">
    <p class='ocr_par' dir='ltr' id='par_1_94' title="bbox 1956 3905 3612 3980">
     <span class='ocr_line' id='line_1_94' title="bbox 1956 3905 3612 3980; baseline 0.002 -17"><span class='ocrx_word' id='word_1_668' title='bbox 1956 3905 2084 3980; x_wconf 89' lang='lat' dir='ltr'><strong>puli</strong></span> <span class='ocrx_word' id='word_1_669' title='bbox 2121 3908 2213 3965; x_wconf 89' lang='lat' dir='ltr'><strong>sui</strong></span> <span class='ocrx_word' id='word_1_670' title='bbox 2266 3907 2488 3980; x_wconf 90' lang='lat' dir='ltr'><strong>ubique</strong></span> <span class='ocrx_word' id='word_1_671' title='bbox 2513 3908 2575 3964; x_wconf 92' lang='lat' dir='ltr'>in</span> <span class='ocrx_word' id='word_1_672' title='bbox 2605 3907 2883 3980; x_wconf 88' lang='lat' dir='ltr'><strong>opinione</strong></span> <span class='ocrx_word' id='word_1_673' title='bbox 2914 3906 3130 3963; x_wconf 89' lang='lat' dir='ltr'><strong>celebri</strong></span> <span class='ocrx_word' id='word_1_674' title='bbox 3168 3908 3351 3966; x_wconf 86' lang='lat' dir='ltr'><strong>habiti</strong></span> <span class='ocrx_word' id='word_1_675' title='bbox 3373 3909 3612 3979; x_wconf 85' lang='lat' dir='ltr'><strong>fuerint,</strong></span> 
     </span>
    </p>
   </div>
   <div class='ocr_carea' id='block_1_95' title="bbox 1958 3996 3617 4073">
    <p class='ocr_par' dir='ltr' id='par_1_95' title="bbox 1958 3996 3617 4073">
     <span class='ocr_line' id='line_1_95' title="bbox 1958 3996 3617 4073; baseline 0.002 -20"><span class='ocrx_word' id='word_1_676' title='bbox 1958 3996 2173 4055; x_wconf 90' lang='lat' dir='ltr'><strong>tunchi</strong></span> <span class='ocrx_word' id='word_1_677' title='bbox 2202 3996 2465 4071; x_wconf 89' lang='lat' dir='ltr'><strong>undique</strong></span> <span class='ocrx_word' id='word_1_678' title='bbox 2513 3996 2861 4069; x_wconf 90' lang='lat' dir='ltr'><strong>perdentur.</strong></span> <span class='ocrx_word' id='word_1_679' title='bbox 2931 3996 3042 4053; x_wconf 91' lang='lat' dir='ltr'><strong>Per</strong></span> <span class='ocrx_word' id='word_1_680' title='bbox 3072 4014 3145 4055; x_wconf 91' lang='lat' dir='ltr'><strong>ea</strong></span> <span class='ocrx_word' id='word_1_681' title='bbox 3175 4015 3311 4056; x_wconf 86' lang='lat' dir='ltr'><strong>vero</strong></span> <span class='ocrx_word' id='word_1_682' title='bbox 3334 4015 3460 4073; x_wconf 68' lang='lat' dir='ltr'><strong>quas</strong></span> <span class='ocrx_word' id='word_1_683' title='bbox 3484 4016 3617 4073; x_wconf 90' lang='lat' dir='ltr'><strong>par-</strong></span> 
     </span>
    </p>
   </div>
   <div class='ocr_carea' id='block_1_96' title="bbox 1957 4086 3617 4159">
    <p class='ocr_par' dir='ltr' id='par_1_96' title="bbox 1957 4086 3617 4159">
     <span class='ocr_line' id='line_1_96' title="bbox 1957 4086 3617 4159; baseline 0.002 -18"><span class='ocrx_word' id='word_1_684' title='bbox 1957 4100 2038 4144; x_wconf 82' lang='lat' dir='ltr'><strong>va</strong></span> <span class='ocrx_word' id='word_1_685' title='bbox 2063 4086 2363 4154; x_wconf 87' lang='lat' dir='ltr'><strong>videntur,</strong></span> <span class='ocrx_word' id='word_1_686' title='bbox 2404 4086 2776 4143; x_wconf 87' lang='lat' dir='ltr'><strong>demonstrat</strong></span> <span class='ocrx_word' id='word_1_687' title='bbox 2804 4087 3119 4159; x_wconf 85' lang='lat' dir='ltr'><strong>plagarum</strong></span> <span class='ocrx_word' id='word_1_688' title='bbox 3148 4088 3386 4145; x_wconf 89' lang='lat' dir='ltr'><strong>illarum</strong></span> <span class='ocrx_word' id='word_1_689' title='bbox 3410 4090 3617 4145; x_wconf 88' lang='lat' dir='ltr'><strong>intole-</strong></span> 
     </span>
    </p>
   </div>
   <div class='ocr_carea' id='block_1_97' title="bbox 1959 4173 3618 4248">
    <p class='ocr_par' dir='ltr' id='par_1_97' title="bbox 1959 4173 3618 4248">
     <span class='ocr_line' id='line_1_97' title="bbox 1959 4173 3618 4248; baseline 0 -17"><span class='ocrx_word' id='word_1_690' title='bbox 1959 4173 2341 4233; x_wconf 80' lang='lat' dir='ltr'><strong>rabilitatem.</strong></span> <span class='ocrx_word' id='word_1_691' title='bbox 2375 4174 2697 4231; x_wconf 86' lang='lat' dir='ltr'><strong>Considera</strong></span> <span class='ocrx_word' id='word_1_692' title='bbox 2733 4176 2915 4231; x_wconf 89' lang='lat' dir='ltr'><strong>enim.</strong></span> <span class='ocrx_word' id='word_1_693' title='bbox 2961 4179 3147 4241; x_wconf 90' lang='lat' dir='ltr'><strong>Tunc,</strong></span> <span class='ocrx_word' id='word_1_694' title='bbox 3177 4175 3396 4247; x_wconf 90' lang='lat' dir='ltr'><strong>inquit,</strong></span> <span class='ocrx_word' id='word_1_695' title='bbox 3423 4177 3527 4248; x_wconf 91' lang='lat' dir='ltr'><strong>qui</strong></span> <span class='ocrx_word' id='word_1_696' title='bbox 3556 4178 3618 4231; x_wconf 91' lang='lat' dir='ltr'><strong>in</strong></span> 
     </span>
    </p>
   </div>
   <div class='ocr_carea' id='block_1_98' title="bbox 1958 4261 3620 4334">
    <p class='ocr_par' dir='ltr' id='par_1_98' title="bbox 1958 4261 3620 4334">
     <span class='ocr_line' id='line_1_98' title="bbox 1958 4261 3620 4334; baseline 0.001 -17"><span class='ocrx_word' id='word_1_697' title='bbox 1958 4261 2163 4320; x_wconf 68' lang='lat' dir='ltr'><strong>Iudaea</strong></span> <span class='ocrx_word' id='word_1_698' title='bbox 2191 4266 2348 4329; x_wconf 87' lang='lat' dir='ltr'><strong>sunt,</strong></span> <span class='ocrx_word' id='word_1_699' title='bbox 2383 4262 2488 4318; x_wconf 89' lang='lat' dir='ltr'><strong>ubi</strong></span> <span class='ocrx_word' id='word_1_700' title='bbox 2513 4262 2923 4334; x_wconf 79' lang='lat' dir='ltr'><strong>Hierosolyma</strong></span> <span class='ocrx_word' id='word_1_701' title='bbox 2944 4263 3054 4319; x_wconf 89' lang='lat' dir='ltr'><strong>sita</strong></span> <span class='ocrx_word' id='word_1_702' title='bbox 3079 4267 3237 4331; x_wconf 90' lang='lat' dir='ltr'><strong>sunt,</strong></span> <span class='ocrx_word' id='word_1_703' title='bbox 3276 4261 3511 4331; x_wconf 86' lang='lat' dir='ltr'><strong>fugiant</strong></span> <span class='ocrx_word' id='word_1_704' title='bbox 3540 4263 3620 4318; x_wconf 90' lang='lat' dir='ltr'><strong>ad</strong></span> 
     </span>
    </p>
   </div>
   <div class='ocr_carea' id='block_1_99' title="bbox 1959 4349 3620 4423">
    <p class='ocr_par' dir='ltr' id='par_1_99' title="bbox 1959 4349 3620 4423">
     <span class='ocr_line' id='line_1_99' title="bbox 1959 4349 3620 4423; baseline -0.001 -16"><span class='ocrx_word' id='word_1_705' title='bbox 1959 4354 2214 4417; x_wconf 86' lang='lat' dir='ltr'><strong>montes,</strong></span> <span class='ocrx_word' id='word_1_706' title='bbox 2242 4350 2472 4407; x_wconf 90' lang='lat' dir='ltr'><strong>nullam</strong></span> <span class='ocrx_word' id='word_1_707' title='bbox 2497 4351 2701 4407; x_wconf 86' lang='lat' dir='ltr'><strong>salutis</strong></span> <span class='ocrx_word' id='word_1_708' title='bbox 2729 4367 2897 4423; x_wconf 90' lang='lat' dir='ltr'><strong>spem</strong></span> <span class='ocrx_word' id='word_1_709' title='bbox 2918 4350 2981 4407; x_wconf 91' lang='lat' dir='ltr'><strong>in</strong></span> <span class='ocrx_word' id='word_1_710' title='bbox 3010 4350 3381 4407; x_wconf 88' lang='lat' dir='ltr'><strong>remanendo</strong></span> <span class='ocrx_word' id='word_1_711' title='bbox 3396 4349 3620 4406; x_wconf 86' lang='lat' dir='ltr'><strong>haben-</strong></span> 
     </span>
    </p>
   </div>
   <div class='ocr_carea' id='block_1_100' title="bbox 1961 4438 3621 4513">
    <p class='ocr_par' dir='ltr' id='par_1_100' title="bbox 1961 4438 3621 4513">
     <span class='ocr_line' id='line_1_100' title="bbox 1961 4438 3621 4513; baseline -0.001 -15"><span class='ocrx_word' id='word_1_712' title='bbox 1961 4446 2048 4499; x_wconf 85' lang='lat' dir='ltr'><strong>tes</strong></span> <span class='ocrx_word' id='word_1_713' title='bbox 2075 4456 2088 4509; x_wconf 90' lang='lat'><strong>;</strong></span> <span class='ocrx_word' id='word_1_714' title='bbox 2117 4454 2313 4513; x_wconf 91' lang='lat' dir='ltr'><strong>neque</strong></span> <span class='ocrx_word' id='word_1_715' title='bbox 2332 4439 2495 4496; x_wconf 91' lang='lat' dir='ltr'><strong>enim</strong></span> <span class='ocrx_word' id='word_1_716' title='bbox 2514 4441 2620 4497; x_wconf 87' lang='lat' dir='ltr'><strong>erit</strong></span> <span class='ocrx_word' id='word_1_717' title='bbox 2635 4441 2884 4497; x_wconf 90' lang='lat' dir='ltr'><strong>omnino</strong></span> <span class='ocrx_word' id='word_1_718' title='bbox 2900 4440 3198 4497; x_wconf 87' lang='lat' dir='ltr'><strong>revocatio</strong></span> <span class='ocrx_word' id='word_1_719' title='bbox 3211 4444 3313 4497; x_wconf 89' lang='lat' dir='ltr'><strong>aut</strong></span> <span class='ocrx_word' id='word_1_720' title='bbox 3331 4438 3473 4495; x_wconf 79' lang='lat' dir='ltr'><strong>mali</strong></span> <span class='ocrx_word' id='word_1_721' title='bbox 3493 4455 3621 4496; x_wconf 90' lang='lat' dir='ltr'><strong>mu-</strong></span> 
     </span>
    </p>
   </div>
   <div class='ocr_carea' id='block_1_101' title="bbox 1960 4528 3619 4603">
    <p class='ocr_par' dir='ltr' id='par_1_101' title="bbox 1960 4528 3619 4603">
     <span class='ocr_line' id='line_1_101' title="bbox 1960 4528 3619 4603; baseline -0.001 -14"><span class='ocrx_word' id='word_1_722' title='bbox 1960 4532 2104 4589; x_wconf 86' lang='lat' dir='ltr'><strong>tatio</strong></span> <span class='ocrx_word' id='word_1_723' title='bbox 2145 4546 2159 4599; x_wconf 88' lang='lat'><strong>;</strong></span> <span class='ocrx_word' id='word_1_724' title='bbox 2191 4529 2326 4589; x_wconf 89' lang='lat' dir='ltr'><strong>ideo</strong></span> <span class='ocrx_word' id='word_1_725' title='bbox 2354 4529 2419 4586; x_wconf 90' lang='lat' dir='ltr'><strong>id</strong></span> <span class='ocrx_word' id='word_1_726' title='bbox 2448 4528 2937 4603; x_wconf 89' lang='lat' dir='ltr'><strong>amplectendum</strong></span> <span class='ocrx_word' id='word_1_727' title='bbox 2978 4529 3103 4597; x_wconf 92' lang='lat' dir='ltr'><strong>erit,</strong></span> <span class='ocrx_word' id='word_1_728' title='bbox 3139 4534 3203 4585; x_wconf 90' lang='lat' dir='ltr'><strong>ut</strong></span> <span class='ocrx_word' id='word_1_729' title='bbox 3230 4529 3397 4586; x_wconf 92' lang='lat' dir='ltr'><strong>nudo</strong></span> <span class='ocrx_word' id='word_1_730' title='bbox 3437 4528 3619 4587; x_wconf 90' lang='lat' dir='ltr'><strong>etiam</strong></span> 
     </span>
    </p>
   </div>
   <div class='ocr_carea' id='block_1_102' title="bbox 1960 4618 3368 4695">
    <p class='ocr_par' dir='ltr' id='par_1_102' title="bbox 1960 4618 3368 4695">
     <span class='ocr_line' id='line_1_102' title="bbox 1960 4618 3368 4695; baseline -0.002 -16"><span class='ocrx_word' id='word_1_731' title='bbox 1960 4636 2232 4695; x_wconf 90' lang='lat' dir='ltr'><strong>corpore,</strong></span> <span class='ocrx_word' id='word_1_732' title='bbox 2263 4635 2375 4677; x_wconf 89' lang='lat' dir='ltr'><strong>nec</strong></span> <span class='ocrx_word' id='word_1_733' title='bbox 2402 4634 2581 4677; x_wconf 88' lang='lat' dir='ltr'><strong>versa</strong></span> <span class='ocrx_word' id='word_1_734' title='bbox 2608 4624 2919 4677; x_wconf 87' lang='lat' dir='ltr'><strong>retrorsum</strong></span> <span class='ocrx_word' id='word_1_735' title='bbox 2944 4618 3089 4678; x_wconf 86' lang='lat' dir='ltr'><strong>facie</strong></span> <span class='ocrx_word' id='word_1_736' title='bbox 3118 4619 3368 4690; x_wconf 87' lang='lat' dir='ltr'><strong>fugiant.</strong></span> 
     </span>
    </p>
   </div>
   <div class='ocr_carea' id='block_1_103' title="bbox 2036 4708 3622 4783">
    <p class='ocr_par' dir='ltr' id='par_1_103' title="bbox 2036 4708 3622 4783">
     <span class='ocr_line' id='line_1_103' title="bbox 2036 4708 3622 4783; baseline -0.002 -14"><span class='ocrx_word' id='word_1_737' title='bbox 2036 4712 2194 4769; x_wconf 89' lang='lat' dir='ltr'><strong>Vers.</strong></span> <span class='ocrx_word' id='word_1_738' title='bbox 2222 4712 2316 4768; x_wconf 89' lang='grc'><strong>17.</strong></span> <span class='ocrx_word' id='word_1_739' title='bbox 2348 4709 2538 4778; x_wconf 83' lang='lat' dir='ltr'><strong>Qui—</strong></span> <span class='ocrx_word' id='word_1_740' title='bbox 2565 4711 2737 4767; x_wconf 85' lang='lat' dir='ltr'><strong>domo</strong></span> <span class='ocrx_word' id='word_1_741' title='bbox 2759 4727 2880 4767; x_wconf 79' lang='lat' dir='ltr'><strong>sua.</strong></span> <span class='ocrx_word' id='word_1_742' title='bbox 2907 4708 3488 4781; x_wconf 88' lang='lat' dir='ltr'><strong>Propterinevitabile</strong></span> <span class='ocrx_word' id='word_1_743' title='bbox 3521 4724 3622 4783; x_wconf 91' lang='lat' dir='ltr'><strong>pe-</strong></span> 
     </span>
    </p>
   </div>
   <div class='ocr_carea' id='block_1_104' title="bbox 1960 4800 3108 4872">
    <p class='ocr_par' dir='ltr' id='par_1_104' title="bbox 1960 4800 3108 4872">
     <span class='ocr_line' id='line_1_104' title="bbox 1960 4800 3108 4872; baseline -0.003 -12"><span class='ocrx_word' id='word_1_744' title='bbox 1960 4802 2237 4869; x_wconf 90' lang='lat' dir='ltr'><strong>riculum,</strong></span> <span class='ocrx_word' id='word_1_745' title='bbox 2256 4817 2331 4858; x_wconf 91' lang='lat' dir='ltr'><strong>ne</strong></span> <span class='ocrx_word' id='word_1_746' title='bbox 2356 4800 2582 4858; x_wconf 89' lang='lat' dir='ltr'><strong>incidat</strong></span> <span class='ocrx_word' id='word_1_747' title='bbox 2603 4801 2665 4856; x_wconf 90' lang='lat' dir='ltr'><strong>in</strong></span> <span class='ocrx_word' id='word_1_748' title='bbox 2693 4800 3108 4872; x_wconf 90' lang='lat' dir='ltr'><strong>perditionem.</strong></span> 
     </span>
    </p>
   </div>
   <div class='ocr_carea' id='block_1_105' title="bbox 2033 4888 3621 4961">
    <p class='ocr_par' dir='ltr' id='par_1_105' title="bbox 2033 4888 3621 4961">
     <span class='ocr_line' id='line_1_105' title="bbox 2033 4888 3621 4961; baseline -0.001 -13"><span class='ocrx_word' id='word_1_749' title='bbox 2033 4895 2196 4949; x_wconf 84' lang='lat' dir='ltr'><strong>Vers.</strong></span> <span class='ocrx_word' id='word_1_750' title='bbox 2223 4892 2312 4948; x_wconf 78' lang='grc'><strong>18.</strong></span> <span class='ocrx_word' id='word_1_751' title='bbox 2339 4890 2416 4947; x_wconf 83' lang='lat' dir='ltr'><strong>Et</strong></span> <span class='ocrx_word' id='word_1_752' title='bbox 2444 4920 2515 4931; x_wconf 90' lang='lat'><strong>-—</strong></span> <span class='ocrx_word' id='word_1_753' title='bbox 2552 4889 2897 4947; x_wconf 77' lang='lat' dir='ltr'><strong>vestimenta</strong></span> <span class='ocrx_word' id='word_1_754' title='bbox 2924 4906 3056 4947; x_wconf 83' lang='lat' dir='ltr'><strong>sua.</strong></span> <span class='ocrx_word' id='word_1_755' title='bbox 3095 4888 3153 4944; x_wconf 93' lang='lat' dir='ltr'><strong>Si</strong></span> <span class='ocrx_word' id='word_1_756' title='bbox 3207 4888 3368 4945; x_wconf 88' lang='lat' dir='ltr'><strong>enim</strong></span> <span class='ocrx_word' id='word_1_757' title='bbox 3424 4888 3621 4961; x_wconf 90' lang='lat' dir='ltr'><strong>quiin</strong></span> 
     </span>
    </p>
   </div>
   <div class='ocr_carea' id='block_1_106' title="bbox 1964 4978 3618 5053">
    <p class='ocr_par' dir='ltr' id='par_1_106' title="bbox 1964 4978 3618 5053">
     <span class='ocr_line' id='line_1_106' title="bbox 1964 4978 3618 5053; baseline -0.001 -16"><span class='ocrx_word' id='word_1_758' title='bbox 1964 4981 2204 5038; x_wconf 87' lang='lat' dir='ltr'><strong>civitate</strong></span> <span class='ocrx_word' id='word_1_759' title='bbox 2242 4984 2399 5049; x_wconf 90' lang='lat' dir='ltr'><strong>sunt,</strong></span> <span class='ocrx_word' id='word_1_760' title='bbox 2433 4980 2667 5053; x_wconf 88' lang='lat' dir='ltr'><strong>fugiunt</strong></span> <span class='ocrx_word' id='word_1_761' title='bbox 2695 4994 2832 5035; x_wconf 88' lang='lat' dir='ltr'><strong>eam</strong></span> <span class='ocrx_word' id='word_1_762' title='bbox 2856 4994 2990 5052; x_wconf 74' lang='lat' dir='ltr'><strong>quae</strong></span> <span class='ocrx_word' id='word_1_763' title='bbox 3017 4978 3174 5035; x_wconf 89' lang='lat' dir='ltr'><strong>intus</strong></span> <span class='ocrx_word' id='word_1_764' title='bbox 3203 4983 3293 5035; x_wconf 90' lang='lat' dir='ltr'><strong>est</strong></span> <span class='ocrx_word' id='word_1_765' title='bbox 3333 4983 3618 5049; x_wconf 79' lang='lat' dir='ltr'><strong>stragem,</strong></span> 
     </span>
    </p>
   </div>
   <div class='ocr_carea' id='block_1_107' title="bbox 1963 5067 3624 5143">
    <p class='ocr_par' dir='ltr' id='par_1_107' title="bbox 1963 5067 3624 5143">
     <span class='ocr_line' id='line_1_107' title="bbox 1963 5067 3624 5143; baseline -0.002 -15"><span class='ocrx_word' id='word_1_766' title='bbox 1963 5070 2153 5128; x_wconf 89' lang='lat' dir='ltr'><strong>multo</strong></span> <span class='ocrx_word' id='word_1_767' title='bbox 2182 5072 2377 5142; x_wconf 88' lang='lat' dir='ltr'><strong>magis</strong></span> <span class='ocrx_word' id='word_1_768' title='bbox 2408 5070 2513 5143; x_wconf 91' lang='lat' dir='ltr'><strong>qui</strong></span> <span class='ocrx_word' id='word_1_769' title='bbox 2543 5070 2601 5125; x_wconf 92' lang='lat' dir='ltr'><strong>in</strong></span> <span class='ocrx_word' id='word_1_770' title='bbox 2633 5067 2818 5140; x_wconf 88' lang='lat' dir='ltr'><strong>agris.</strong></span> <span class='ocrx_word' id='word_1_771' title='bbox 2844 5068 3022 5142; x_wconf 86' lang='lat' dir='ltr'><strong>Apud</strong></span> <span class='ocrx_word' id='word_1_772' title='bbox 3044 5068 3268 5125; x_wconf 89' lang='lat' dir='ltr'><strong>Lucam</strong></span> <span class='ocrx_word' id='word_1_773' title='bbox 3298 5083 3440 5124; x_wconf 84' lang='lat' dir='ltr'><strong>vero</strong></span> <span class='ocrx_word' id='word_1_774' title='bbox 3479 5067 3624 5125; x_wconf 89' lang='lat' dir='ltr'><strong>dicit</strong></span> 
     </span>
    </p>
   </div>
   <div class='ocr_carea' id='block_1_108' title="bbox 1962 5155 3621 5233">
    <p class='ocr_par' dir='ltr' id='par_1_108' title="bbox 1962 5155 3621 5233">
     <span class='ocr_line' id='line_1_108' title="bbox 1962 5155 3621 5233; baseline -0.003 -15"><span class='ocrx_word' id='word_1_775' title='bbox 1962 5160 2142 5218; x_wconf 89' lang='lat' dir='ltr'><strong>etiam</strong></span> <span class='ocrx_word' id='word_1_776' title='bbox 2171 5176 2419 5219; x_wconf 90' lang='lat' dir='ltr'><strong>causam</strong></span> <span class='ocrx_word' id='word_1_777' title='bbox 2440 5159 2827 5217; x_wconf 63' lang='lat' dir='ltr'><strong>vehementia:</strong></span> <span class='ocrx_word' id='word_1_778' title='bbox 2856 5159 3179 5233; x_wconf 88' lang='lat' dir='ltr'><strong>plagarum</strong></span> <span class='ocrx_word' id='word_1_779' title='bbox 3202 5157 3251 5195; x_wconf 73' lang='lat'><strong>‘7</strong></span> <span class='ocrx_word' id='word_1_780' title='bbox 3279 5171 3293 5214; x_wconf 87' lang='lat'><strong>:</strong></span> <span class='ocrx_word' id='word_1_781' title='bbox 3319 5156 3466 5223; x_wconf 86' lang='lat' dir='ltr'><strong>Quia</strong></span> <span class='ocrx_word' id='word_1_782' title='bbox 3493 5155 3621 5215; x_wconf 90' lang='lat' dir='ltr'><strong>dies</strong></span> 
     </span>
    </p>
   </div>
   <div class='ocr_carea' id='block_1_109' title="bbox 322 5329 2917 5431">
    <p class='ocr_par' dir='ltr' id='par_1_109' title="bbox 322 5329 2917 5431">
     <span class='ocr_line' id='line_1_109' title="bbox 322 5329 2917 5431; baseline 0.005 -45"><span class='ocrx_word' id='word_1_783' title='bbox 322 5331 377 5370; x_wconf 71' lang='lat'><strong>“</strong></span> <span class='ocrx_word' id='word_1_784' title='bbox 404 5329 633 5391; x_wconf 84' lang='lat' dir='ltr'><strong>Coloss.</strong></span> <span class='ocrx_word' id='word_1_785' title='bbox 667 5348 705 5401; x_wconf 83' lang='lat'><strong>1,</strong></span> <span class='ocrx_word' id='word_1_786' title='bbox 732 5336 799 5393; x_wconf 81' lang='lat'><strong>23</strong></span> <span class='ocrx_word' id='word_1_787' title='bbox 843 5352 858 5407; x_wconf 87' lang='lat'><strong>;</strong></span> <span class='ocrx_word' id='word_1_788' title='bbox 888 5350 966 5404; x_wconf 67' lang='grc' dir='ltr'>γι,</span> <span class='ocrx_word' id='word_1_789' title='bbox 1008 5338 1091 5394; x_wconf 81' lang='lat' dir='ltr'><strong>lo.</strong></span> <span class='ocrx_word' id='word_1_790' title='bbox 1200 5336 1249 5375; x_wconf 79' lang='grc'><strong>⁸³</strong></span> <span class='ocrx_word' id='word_1_791' title='bbox 1278 5336 1426 5427; x_wconf 75' lang='lat' dir='ltr'><strong>Dan.</strong></span> <span class='ocrx_word' id='word_1_792' title='bbox 1468 5352 1551 5410; x_wconf 82' lang='lat' dir='ltr'><strong>1x,</strong></span> <span class='ocrx_word' id='word_1_793' title='bbox 1590 5340 1688 5399; x_wconf 79' lang='lat'><strong>27.</strong></span> <span class='ocrx_word' id='word_1_794' title='bbox 1810 5340 1859 5379; x_wconf 73' lang='lat'><strong>‘°</strong></span> <span class='ocrx_word' id='word_1_795' title='bbox 1891 5340 2036 5413; x_wconf 82' lang='lat' dir='ltr'><strong>Luc.</strong></span> <span class='ocrx_word' id='word_1_796' title='bbox 2070 5357 2198 5431; x_wconf 78' lang='lat' dir='ltr'><strong>xxi,</strong></span> <span class='ocrx_word' id='word_1_797' title='bbox 2221 5345 2311 5399; x_wconf 86' lang='lat'><strong>20.</strong></span> <span class='ocrx_word' id='word_1_798' title='bbox 2378 5424 2381 5427; x_wconf 20' lang='grc' dir='ltr'><strong><em>ι</em></strong></span> <span class='ocrx_word' id='word_1_799' title='bbox 2425 5341 2474 5380; x_wconf 71' lang='grc'><strong>⁸⁷</strong></span> <span class='ocrx_word' id='word_1_800' title='bbox 2505 5342 2652 5411; x_wconf 88' lang='lat' dir='ltr'><strong>Luc.</strong></span> <span class='ocrx_word' id='word_1_801' title='bbox 2686 5356 2811 5411; x_wconf 72' lang='lat' dir='ltr'><strong>xm,</strong></span> <span class='ocrx_word' id='word_1_802' title='bbox 2828 5343 2917 5429; x_wconf 82' lang='lat'><strong>22.</strong></span> 
     </span>
    </p>
   </div>
   <div class='ocr_carea' id='block_1_110' title="bbox 1483 5490 2391 5587">
    <p class='ocr_par' dir='ltr' id='par_1_110' title="bbox 1483 5490 2391 5587">
     <span class='ocr_line' id='line_1_110' title="bbox 1483 5490 2391 5587; baseline -0.001 0"><span class='ocrx_word' id='word_1_803' title='bbox 1483 5514 1707 5587; x_wconf 63' lang='lat' dir='ltr'><strong>Variae</strong></span> <span class='ocrx_word' id='word_1_804' title='bbox 1736 5517 2064 5587; x_wconf 79' lang='lat' dir='ltr'><strong>lectiones</strong></span> <span class='ocrx_word' id='word_1_805' title='bbox 2095 5529 2160 5587; x_wconf 89' lang='lat' dir='ltr'><strong>et</strong></span> <span class='ocrx_word' id='word_1_806' title='bbox 2190 5529 2391 5586; x_wconf 76' lang='lat' dir='ltr'><strong>notae.</strong></span> 
     </span>
    </p>
   </div>
   <div class='ocr_carea' id='block_1_111' title="bbox 255 5704 1853 5785">
    <p class='ocr_par' dir='ltr' id='par_1_111' title="bbox 255 5704 1853 5785">
     <span class='ocr_line' id='line_1_111' title="bbox 255 5704 1853 5785; baseline 0.004 -20"><span class='ocrx_word' id='word_1_807' title='bbox 255 5706 405 5765; x_wconf 75' lang='lat' dir='ltr'><strong>Novi</strong></span> <span class='ocrx_word' id='word_1_808' title='bbox 447 5704 827 5785; x_wconf 68' lang='lat' dir='ltr'><strong>Testamenti,</strong></span> <span class='ocrx_word' id='word_1_809' title='bbox 865 5710 1124 5785; x_wconf 81' lang='lat' dir='ltr'><strong>sequitur</strong></span> <span class='ocrx_word' id='word_1_810' title='bbox 1156 5713 1527 5785; x_wconf 79' lang='lat' dir='ltr'><strong>Euthymius.</strong></span> <span class='ocrx_word' id='word_1_811' title='bbox 1570 5714 1737 5771; x_wconf 86' lang='lat' dir='ltr'><strong>Hunc</strong></span> <span class='ocrx_word' id='word_1_812' title='bbox 1769 5730 1853 5771; x_wconf 84' lang='lat' dir='ltr'><strong>er-</strong></span> 
     </span>
    </p>
   </div>
   <div class='ocr_carea' id='block_1_112' title="bbox 255 5780 1405 5856">
    <p class='ocr_par' dir='ltr' id='par_1_112' title="bbox 255 5780 1405 5856">
     <span class='ocr_line' id='line_1_112' title="bbox 255 5780 1405 5856; baseline 0.005 -20"><span class='ocrx_word' id='word_1_813' title='bbox 255 5795 457 5836; x_wconf 87' lang='lat' dir='ltr'><strong>orrem</strong></span> <span class='ocrx_word' id='word_1_814' title='bbox 485 5780 737 5838; x_wconf 83' lang='lat' dir='ltr'><strong>correxit</strong></span> <span class='ocrx_word' id='word_1_815' title='bbox 759 5780 1082 5856; x_wconf 79' lang='lat' dir='ltr'><strong>Theopbyl.</strong></span> <span class='ocrx_word' id='word_1_816' title='bbox 1117 5799 1177 5856; x_wconf 89' lang='lat' dir='ltr'><strong>p.</strong></span> <span class='ocrx_word' id='word_1_817' title='bbox 1209 5780 1405 5842; x_wconf 79' lang='grc' dir='ltr'><strong>143Ἐ.</strong></span> 
     </span>
    </p>
   </div>
   <div class='ocr_carea' id='block_1_113' title="bbox 2059 5712 2576 5777">
    <p class='ocr_par' dir='ltr' id='par_1_113' title="bbox 2059 5712 2576 5777">
     <span class='ocr_line' id='line_1_113' title="bbox 2059 5712 2576 5777; baseline -0.002 -6"><span class='ocrx_word' id='word_1_818' title='bbox 2059 5714 2149 5777; x_wconf 77' lang='grc'>22)</span> <span class='ocrx_word' id='word_1_819' title='bbox 2180 5713 2276 5767; x_wconf 66' lang='grc' dir='ltr'><strong>Ἠν</strong></span> <span class='ocrx_word' id='word_1_820' title='bbox 2308 5712 2475 5777; x_wconf 75' lang='grc' dir='ltr'>εἰκών,</span> <span class='ocrx_word' id='word_1_821' title='bbox 2509 5717 2576 5769; x_wconf 82' lang='grc' dir='ltr'><strong>Α.</strong></span> 
     </span>
    </p>
   </div>
   <div class='ocr_carea' id='block_1_114' title="bbox 2034 5713 2646 5862">
    <p class='ocr_par' dir='ltr' id='par_1_114' title="bbox 2034 5713 2646 5862">
     <span class='ocr_line' id='line_1_114' title="bbox 2059 5713 2576 5777; baseline -0.002 -6"><span class='ocrx_word' id='word_1_822' title='bbox 2059 5716 2126 5775; x_wconf 76' lang='grc'>22</span> <span class='ocrx_word' id='word_1_823' title='bbox 2180 5713 2276 5767; x_wconf 66' lang='grc' dir='ltr'><strong>Ἠν</strong></span> <span class='ocrx_word' id='word_1_824' title='bbox 2308 5713 2475 5777; x_wconf 76' lang='grc' dir='ltr'>εἰκών,</span> <span class='ocrx_word' id='word_1_825' title='bbox 2509 5717 2576 5769; x_wconf 82' lang='grc' dir='ltr'><strong>Α.</strong></span> 
     </span>
     <span class='ocr_line' id='line_1_115' title="bbox 2034 5713 2646 5862; baseline 0 -22"><span class='ocrx_word' id='word_1_826' title='bbox 2034 5713 2151 5862; x_wconf 47' lang='grc' dir='ltr'><strong>ἳ23ζ</strong></span> <span class='ocrx_word' id='word_1_827' title='bbox 2183 5782 2361 5840; x_wconf 81' lang='grc' dir='ltr'>Ἐνδον</span> <span class='ocrx_word' id='word_1_828' title='bbox 2389 5784 2559 5842; x_wconf 90' lang='lat' dir='ltr'><strong>abest</strong></span> <span class='ocrx_word' id='word_1_829' title='bbox 2580 5786 2646 5841; x_wconf 83' lang='lat' dir='ltr'><strong>A.</strong></span> 
     </span>
    </p>
   </div>
  </div>
