4198 6464
549 324 645 382 6H
1866 314 2209 377 EUTHYMII
2251 312 2579 377 ZIGABENI
3816 325 3939 385 612

550 450 790 508 ultionis
818 448 881 505 hi
905 450 1063 513 sunt,
1098 449 1161 503 ut
1184 447 1601 520 compleantur
1642 448 1849 506 omnia
1873 461 2010 519 qum
2052 445 2200 501 scri-
2233 442 2277 495 A

548 547 653 614 pta
675 544 831 604 sunt,
852 539 910 593 in
935 537 1100 593 libris
1127 536 1397 593 videlicet
1430 538 1684 594 Danielis
1703 544 1759 594 et
1785 538 2037 593 aliorum
2068 551 2201 608 pro-

546 629 886 701 phetarum,
928 626 1002 681 de
1033 626 1382 697 hujusmodi
1414 627 1876 699 expugnatione.
1937 626 2071 681 Dies
2102 642 2202 681 au-

545 721 665 773 tem
688 716 922 771 ultionis
937 715 1112 771 caedis
1129 715 1451 772 Dominicae
1474 724 1666 773 erunt.
1686 717 1801 774 Sed
1814 717 1938 773 haec
1959 714 2201 789 quidem

541 806 715 877 juxta
742 805 1071 861 historiam.

2310 439 2630 505 ἐκδικήσεως
2655 442 2811 499 αὗταί
2838 447 2962 516 εἰσι,
3002 453 3096 500 τοῦ
3141 443 3445 505 πλησθῆναι
3491 447 3604 521 (24)
3643 450 3813 504 πάντα
3866 454 3942 505 τὰ

2308 540 2660 606 γεγραμμένα,
2696 532 2929 601 δηλαδὴ,
2972 539 3022 589 ἓν
3069 544 3185 598 ταῖς
3239 534 3445 609 βίϐλοις
3486 544 3577 589 τοῦ
3626 558 3680 591 τε
3710 541 3936 609 Δανιὴλ,

2308 626 2397 674 καὶ
2423 632 2521 674 τῶν
2565 624 2726 676 ἄλλων
2758 633 3054 698 προφητῶν,
3088 630 3205 701 περὶ
3244 634 3335 686 τῆς
3374 628 3619 689 τοιαύτης
3652 626 3929 692 ἁλώσεως.

2308 709 2524 783 Ἡμέραι
2557 710 2615 766 δε
2667 711 2988 777 ἐκδικήσεως
3032 723 3122 768 τοῦ
3173 723 3489 768 Δεσποτικοῦ
3542 722 3722 788 φόνου.
3763 718 3937 774 Ἀ)λὰ

2309 808 2475 853 ταῦτα
2507 805 2595 874 μεν
2622 804 2741 855 καθ’
2783 807 3038 879 ἱστορίαν.

616 896 791 949 Juxta
816 909 1132 963 anagogen
1155 909 1314 957 vero,
1342 894 1436 965 qui
1454 894 1513 950 in
1529 895 1555 947 J
1566 895 1736 950 udaaa
1762 898 1920 961 sunt,
1947 893 2063 949 hoc
2093 895 2200 958 est,

545 984 603 1040 in
633 983 835 1039 divino
866 984 1029 1039 cultu
1062 999 1075 1037 :
1109 998 1249 1038 nam
1281 982 1340 1037 id
1370 983 1664 1053 significat
1688 982 1899 1039 Judaeaa
1932 996 2151 1037 nomen
2186 997 2199 1035 :

546 1072 781 1141 fugiant
806 1071 883 1126 ad
916 1075 1166 1137 montes,
1210 1070 1270 1125 id
1303 1077 1407 1136 est,
1453 1072 1529 1127 ad
1567 1072 1872 1127 excelsum
1913 1071 2011 1126 Dei
2041 1068 2203 1125 auxi-

545 1160 827 1226 lium,aut
842 1160 920 1215 ad
944 1159 1181 1215 excelsa
1204 1160 1511 1216 virtutum.
1534 1160 1791 1226 Quivero
1814 1161 1873 1216 in
1895 1164 2067 1224 tecto,
2085 1161 2203 1214 sive

547 1250 652 1322 qui
677 1249 1128 1305 conversatione
1159 1248 1443 1315 elevatus,
1478 1254 1534 1305 et
1576 1249 1865 1306 excelsior
1890 1265 1995 1321 per
2019 1249 2205 1303 vitam

547 1338 791 1394 effectus
821 1337 1015 1403 fuerit,
1042 1353 1165 1393 non
1184 1337 1524 1404 descendat,
1567 1342 1633 1393 ut
1662 1338 1826 1395 tollat
1878 1337 2087 1393 mundi
2123 1335 2205 1392 af-

548 1426 737 1483 fectus
769 1442 921 1500 quos
952 1426 1288 1498 reliquerat.
1320 1426 1385 1482 Et
1409 1427 1513 1500 qui
1542 1426 1599 1482 in
1633 1442 1779 1497 agro
1808 1427 1931 1483 sive
1961 1427 2022 1482 in
2061 1424 2203 1482 soli-

548 1517 699 1573 taria
724 1518 860 1587 vita,
890 1532 1013 1572 non
1038 1520 1363 1573 revertatur
1390 1520 1451 1572 ut
1490 1516 1659 1573 tollat
1688 1516 2042 1573 vestimenta
2072 1531 2202 1580 sua,

549 1620 685 1678 quae
725 1610 864 1661 sunt
893 1606 1262 1677 operimenta
1300 1610 1708 1679 peccatorum,
1741 1606 1820 1663 ab
1846 1622 1917 1663 eo
1939 1605 2069 1677 jam
2099 1603 2201 1660 du-

548 1695 696 1751 dum
724 1694 945 1752 relicta.

2386 894 2531 943 Κατὰ
2595 888 2653 944 δε
2710 892 2977 965 ἀναγωγὴν
3034 895 3084 945 οἱ
3133 891 3273 965 έντῇ
3308 890 3565 967 Ἰουδαίᾳ,
3626 900 3927 973 τουτέστιν,

2312 982 2361 1031 οἱ
2392 978 2439 1031 έν
2476 988 2535 1053 τῇ
2592 980 2825 1054 εὐσεϐείᾳ
2867 999 2881 1013 °
2933 990 3085 1035 τοῦτο
3120 984 3220 1057 γὰρ
3265 988 3512 1055 σημαίνει
3550 987 3608 1036 τό
3648 993 3744 1048 τῆς
3794 987 3934 1042 Ἰου-

2314 1065 2468 1130 δαὶας
2516 1072 2676 1143 ὄνομα
2713 1091 2726 1103 ·
2761 1074 3090 1143 φευγέτωσαν
3140 1070 3224 1124 έπὶ
3270 1075 3336 1125 τὰ
3366 1077 3459 1145 ὅρη
3494 1092 3508 1105 ·
3541 1072 3669 1145 λέγω
3710 1072 3800 1141 δη,
3836 1080 3928 1131 ἐπὶ

2311 1161 2406 1215 τὴν
2462 1157 2662 1229 ὑψηλὴν
2714 1158 2962 1231 βοήθειαν
3012 1167 3103 1212 τοῦ
3138 1160 3355 1231 Θεοῦ,ἦ
3410 1159 3494 1213 ἐπὶ
3544 1164 3611 1214 τὰ
3654 1163 3763 1234 ὕψη
3818 1174 3927 1219 τῶν

2313 1244 2504 1320 ἀρετῶν
2539 1264 2550 1276 ’
2594 1249 2619 1299 ὁ
2668 1247 2751 1300 έπὶ
2804 1257 2895 1301 τοῦ
2927 1244 3174 1321 δώματος
3204 1245 3283 1313 δε,
3335 1253 3519 1321 ἤγουν,
3558 1253 3584 1304 ό
3639 1259 3735 1313 τῆς
3782 1257 3929 1308 κάτω

2316 1330 2593 1410 διατριϐῆς
2622 1338 2929 1412 ὑπεραρθεὶς
2989 1342 3079 1390 καὶ
3110 1337 3309 1408 ὑψηλός
3368 1346 3442 1409 τῷ
3474 1337 3578 1411 βίῳ
3629 1346 3924 1416 γενόμενος,

2315 1428 2385 1497 μὴ
2414 1423 2764 1478 καταϐαινέτω
2794 1420 2917 1502 ἆραι
2946 1428 3011 1478 τὰ
3027 1426 3083 1479 έκ
3111 1434 3204 1479 τοῦ
3223 1431 3424 1500 κόσμου
3451 1430 3618 1494 πάθη,
3648 1430 3779 1507 ὥπερ
3798 1432 3927 1487 ἀπο-

2313 1512 2512 1567 λελοιπε
2544 1532 2556 1545 ·
2600 1519 2689 1567 καὶ
2716 1517 2740 1567 ό
2762 1513 2810 1567 έν
2840 1524 2912 1587 τῷ
2938 1514 3083 1589 ἀγρῷ
3121 1513 3201 1582 δε,
3225 1520 3412 1585 έῖτουν,
3440 1518 3465 1569 ό
3486 1518 3536 1571 έν
3556 1527 3629 1590 τῷ
3652 1519 3924 1594 ἀνακεχω-

2315 1608 2518 1676 ρημένῳ
2552 1601 2676 1676 βίῳ,
2707 1609 2778 1676 μὴ
2813 1602 3177 1679 ἐπιστρεψάτω
3232 1600 3356 1681 ἆραι
3394 1608 3461 1659 τά
3524 1610 3713 1681 ἱμάτια
3763 1612 3921 1664 αὐτοῦ

2316 1692 2444 1766 οἷπερ
2478 1693 2579 1745 εἰσὶ
2638 1696 2703 1746 τὰ
2731 1692 3039 1768 περιϐόλαια
3070 1703 3166 1747 τῶν
3199 1693 3487 1768 ἁμαρτιῶν,
3537 1697 3572 1750 ἂ
3599 1699 3759 1752 πάλαι
3794 1699 3919 1753 ἀπε-

2245 1796 2288 1850 B
2321 1778 2542 1836 δύσατο.

620 1894 779 1948 Vers.
798 1893 887 1949 19.
933 1892 1031 1949 Va:
1062 1922 1127 1933 —
1143 1892 1362 1948 diebus.
1388 1891 1505 1949 Illis
1522 1892 1770 1965 quidem
1796 1893 2034 1963 propter
2052 1904 2207 1946 onus

550 1982 813 2046 interius,
848 1981 941 2036 his
971 1996 1111 2037 vero
1142 1989 1383 2052 propter
1408 1982 1680 2038 exterius.
1716 1980 1837 2036 Ιιιω
1868 1980 2028 2036 enim
2064 1994 2212 2051 pon-

550 2071 692 2127 dere
722 2071 1124 2143 embryonum
1153 2076 1493 2139 gravantur,
1528 2072 1619 2127 hae
1652 2079 1854 2129 autem
1885 2086 2065 2127 onere
2095 2068 2211 2125 lac-

2393 1887 2527 1940 Οὐαὶ
2557 1918 2623 1930 —
2650 1890 2891 1961 ἡμέραις,
2921 1895 3031 1941 Τῶν
3085 1892 3174 1961 μὶν
3207 1889 3344 1962 (25),
3389 1886 3486 1944 διὰ
3513 1891 3590 1944 τόν
3614 1891 3748 1955 ἐντὸς
3776 1896 3902 1968 φόρ-

2318 1996 2428 2045 τον,
2481 1985 2583 2030 τῶν
2631 1974 2693 2032 δι
2748 1974 2844 2031 διὰ
2896 1981 2983 2030 τὸν
3040 1977 3181 2039 έκτὸς
3240 1979 3300 2031 ού
3354 1976 3647 2054 δυναμένων
3697 1982 3913 2044 εύκόλως

2320 2074 2522 2139 φυγεῖν.
2560 2068 2730 2139 Αἱμεν
2754 2070 2857 2139 γὰρ
2890 2066 3210 2141 βεϐάρηνται
3235 2076 3307 2139 τῷ
3343 2070 3506 2141 ἄχθει
3536 2080 3636 2123 τῶν
3667 2070 3923 2145 έμϐρὺων,

553 2161 824 2216 tentium.
851 2159 1158 2231 Siquidem
1180 2159 1351 2215 facile
1382 2165 1468 2215 est
1488 2177 1596 2234 pro
1628 2162 1815 2218 salute
1845 2160 2131 2232 pecunias
2156 2162 2209 2214 et

2321 2156 2375 2209 αἱ
2406 2153 2465 2209 δε
2503 2165 2575 2225 τῷ
2606 2161 2799 2229 φορτίῳ
2827 2165 2926 2208 τῶν
2982 2157 3329 2218 θηλαζόντων.
3364 2163 3664 2233 Χρημάτων
3822 2164 3927 2235 γὰρ

550 2250 907 2305 vestimenta
949 2253 1330 2304 contemnere
1360 2265 1373 2303 :
1407 2238 1535 2305 fieri
1587 2256 1785 2306 autem
1816 2249 2005 2304 levem
2034 2252 2089 2302 et
2122 2246 2209 2302 fu-

2319 2250 2408 2296 καὶ
2472 2247 2688 2317 ἱματίων
2753 2251 3150 2321 καταφρονῆσαί
3199 2244 3409 2321 ῥᾴδιον,
3460 2246 3557 2301 διὰ
3615 2255 3881 2325 σωτηρίαν
3912 2268 3925 2281 ·

552 2355 694 2415 gam
720 2338 1059 2410 expeditam
1086 2353 1220 2394 eam
1257 2338 1345 2409 (Ιι)
1377 2354 1514 2410 quae
1563 2339 1624 2394 in
1656 2344 1822 2394 utero
1865 2336 2067 2399 habet,
2109 2339 2209 2391 aut

2317 2336 2559 2406 γενέσθαι
2598 2332 2657 2387 δε
2709 2340 2801 2394 τὴν
2860 2338 3042 2407 ἔγκυον
3090 2340 3309 2409 κούφην,
3349 2342 3434 2390 καὶ
3487 2337 3782 2413 ἀπορρίψαι
3832 2344 3929 2401 τήν

552 2428 808 2499 abjicere
837 2427 1125 2483 infantem
1153 2443 1288 2483 eam
1310 2443 1445 2499 qua:
1474 2426 1674 2491 lactat,
1714 2442 1961 2500 prorsus
1988 2425 2209 2497 impos-

2322 2423 2676 2494 θηλάζουσαν,
2722 2426 2747 2476 ὅ
2776 2423 3010 2491 θηλάζει,
3041 2424 3301 2486 παντελῶς
3345 2422 3628 2494 ἀδύνάτον,
3688 2424 3786 2480 διά
3832 2432 3925 2481 τόν

551 2516 716 2572 sibile
746 2521 835 2573 est
863 2522 1104 2589 propter
1156 2520 1382 2571 naturai
1420 2516 1739 2572 vinculum.
1766 2518 1861 2570 Vas
1899 2530 2039 2587 ergo
2070 2513 2206 2580 illis,

2320 2509 2355 2564 δ
2359 2517 2515 2586 εσμόν
2538 2521 2633 2575 τῆς
2672 2516 2889 2585 φύσεως.
2926 2514 3062 2566 Ούαὶ
3092 2518 3259 2567 τοίνυν
3283 2513 3485 2582 αύταῖς,
3514 2514 3739 2575 εύπετῶς
3757 2534 3921 2568 κατα-

550 2607 695 2679 quia
718 2606 889 2662 facile
919 2604 1541 2676 comprehendentur;
1575 2610 1630 2660 et
1661 2604 1927 2661 similiter
1961 2604 2209 2677 {embry-

2316 2601 2745 2675 λαμϐανομέναις,
2775 2608 3001 2665 καὶτοῖς
3025 2602 3266 2677 έμϐρύοις
3305 2606 3395 2655 καὶ
3427 2603 3741 2675 ύπομαζίοις
3781 2622 3916 2658 συν-

552 2695 773 2752 onibus
800 2711 869 2751 ac
900 2694 1279 2757 lactentibus,
1313 2697 1379 2748 ut
1398 2692 1497 2763 qui
1520 2692 1696 2748 simul
1724 2693 2003 2765 peribunt
2033 2693 2128 2765 (ι).

2322 2688 2356 2744 δ
2362 2693 2744 2767 ιαφθειρομέναι
2753 2712 2792 2753 ς.

620 2782 801 2838 Juxta
839 2797 1154 2851 anagogen
1184 2796 1325 2836 vero
1385 2786 1763 2853 praegnantes
1794 2780 2052 2837 dicimus
2087 2782 2209 2837 ani.

2395 2784 2540 2834 Κατὰ
2580 2777 2638 2834 δι
2688 2784 2963 2854 ἀναγωγὴν
3001 2780 3050 2834 έν
3078 2788 3275 2855 γαστρὶ
3438 2781 3663 2855 ἐχούσας
3708 2789 3923 2855 νοοῦμεν

552 2889 698 2936 mas,
733 2886 867 2943 quae
898 2870 1175 2925 virtutem
1201 2870 1470 2926 nondum
1493 2856 1875 2942 pepererunt:
1920 2870 2209 2927 lactantes

2320 2873 2413 2933 τὰς
2443 2877 2597 2943 μήπω
2626 2874 2883 2935 τεκούσας
2934 2871 3119 2945 ἀρετὴν
3146 2872 3331 2945 ψυχάς
3405 2889 3419 2903 ·
3481 2872 3818 2934 θηλαζούσας
3865 2869 3926 2926 δὴ

552 2966 749 3037 autem
788 2975 923 3032 quas
948 2964 1306 3031 pepererunt
1326 2960 1591 3031 quidem,
1620 2976 1825 3016 verum
1856 2960 2097 3033 puerilis
2120 2964 2209 3017 est

2320 2963 2413 3022 τὰς
2448 2963 2697 3022 τεκούσας
2752 2965 2863 3033 μιν,
2904 2957 3161 3023 νηπιῶδες
3194 2958 3255 3016 δε
3302 2965 3484 3035 κύημα
3532 2967 3621 3015 καὶ
3651 2961 3931 3038 βραχύτα-

552 3050 706 3106 fetus
737 3053 793 3105 et
821 3046 1148 3103 admodum
1191 3047 1592 3119 pusillanimis
1624 3049 1727 3119 (j).
2322 3069 2429 3105 τον.

624 3156 793 3215 Vers.
833 3156 923 3211 20.
952 3155 1124 3211 Orate
1154 3185 1223 3195 —
1250 3154 1522 3211 Sabbato.
1558 3155 1930 3212 Manifestum
1987 3160 2043 3211 et
2072 3156 2211 3212 hinc

551 3246 737 3320 quod,
762 3261 1115 3319 quanquam
1145 3244 1219 3299 ad
1245 3245 1551 3316 apostolos
1582 3245 1979 3318 protendebat
2005 3246 2213 3317 hujus-

551 3337 717 3394 modi
756 3350 1084 3401 sermones,
1113 3339 1375 3391 attamen
1406 3334 1496 3390 vel
1523 3335 1621 3391 isti
1652 3334 1732 3391 ad
1756 3335 1993 3391 Iudaeos
2033 3336 2213 3408 respi-

552 3426 790 3487 ciebant
813 3443 827 3493 ;
848 3440 1043 3498 neque
1066 3424 1215 3481 enim
1237 3424 1498 3497 amplius
1521 3423 1927 3482 observabant
1958 3425 2213 3497 apostoli

2398 3159 2767 3230 Προσεύχεσθε
2823 3188 2892 3198 -
2928 3155 3195 3229 Σαϐϐάτῳ.
3255 3161 3475 3233 Φανερὸν
3514 3158 3806 3226 κάντεῦθεν,
3851 3160 3931 3211 ὅτι

2324 3247 2367 3300 εἰ
2393 3252 2483 3299 καὶ
2514 3250 2641 3321 πρὸς
2685 3250 2806 3307 τούς
2846 3245 3168 3309 ἀποστόλους
3222 3246 3453 3301 ἀπέτεινε
3486 3252 3607 3310 τοὺς
3666 3251 3933 3311 τοιούτους

2321 3336 2523 3408 λόγους,
2557 3335 2683 3388 ἀλλά
2707 3354 2768 3407 γε
2820 3338 2951 3410 πρὸς
2994 3340 3115 3399 τοὺς
3158 3334 3454 3400 Ἰουδαίους
3488 3336 3694 3391 ἔϐλεπον
3759 3337 3925 3392 οὗτοι.

2324 3431 2425 3479 Καὶ
2457 3428 2557 3497 γὰρ
2605 3424 2778 3478 ούκέτι
2805 3425 3193 3498 παρεφύλαττον
3248 3430 3309 3480 τό
3368 3426 3630 3481 Σάϐϐατόν
3673 3429 3722 3481 οἱ
3764 3426 3927 3480 ἀπόσ-

2320 3514 2479 3568 τολοι.
2521 3518 2663 3567 Διατί
2717 3510 2797 3580 δι,
2848 3517 2919 3584 μή
2977 3523 3257 3587 χειμῶνος,
3308 3514 3447 3588 μηδὲ
3500 3514 3786 3588 Σαϐϐάτῳς
3838 3520 3925 3575 Μὴ

2322 3611 2582 3676 χειμῶνος
2611 3605 2721 3674 μεν,
2747 3598 2841 3655 διὰ
2862 3605 2955 3661 τὴν
2984 3598 3265 3655 δυσκολίαν
3295 3608 3387 3661 τὴν
3427 3602 3531 3654 ἀπὸ
3579 3610 3671 3655 τοῦ
3701 3611 3918 3675 καιροῦ*

2324 3697 2395 3765 μὴ
2447 3690 2691 3762 Σαϐϐάτῳ
2741 3687 2820 3756 δε,
2881 3688 2974 3744 διά
3030 3693 3117 3743 τὸν
3169 3694 3341 3761 νόμον,
3423 3689 3518 3741 ούκ
3575 3689 3923 3762 ἐπιτρέποντα

2326 3778 2571 3855 βαδίζειν
2601 3779 2649 3833 έν
2680 3779 2925 3853 Σαϐϐάτῳ
2948 3783 3229 3853 περαιτέρω
3278 3786 3379 3832 τῶν
3407 3781 3778 3852 νενομισμένων
3818 3776 3922 3851 βη-

2324 3891 2500 3945 ματων
2508 3913 2521 3926 ο

553 3516 905 3582 Sabbatum,
932 3514 1179 3587 quando
1198 3519 1375 3585 capta
1404 3518 1545 3569 sunt
1570 3514 1993 3585 Hierosolyma.
2020 3516 2214 3580 Quare

551 3612 753 3669 autem
784 3621 905 3661 non
924 3604 1118 3660 hieme
1167 3618 1363 3673 neque
1410 3602 1669 3659 Sabbato
1692 3603 1719 3657 ?
1742 3604 1943 3660 Hieme
1966 3605 2213 3675 quidem

548 3698 792 3765 propter
818 3691 1102 3762 temporis
1131 3689 1568 3756 difficultatem;
1595 3689 1858 3747 Sabbato
1882 3707 2019 3747 vero
2046 3708 2218 3764 prop-

552 3786 637 3838 ter
661 3782 856 3852 legem
889 3796 1023 3851 quae
1048 3795 1170 3835 non
1201 3778 1577 3851 permittebat
1600 3777 1860 3837 Sabbato
1886 3780 1994 3837 iter
2023 3781 2217 3839 facere

551 3870 708 3927 ultra
735 3874 988 3926 statutos
1016 3868 1146 3940 lege
1167 3883 1413 3939 passus.

622 3974 969 4046 Anagogice
1020 3979 1221 4031 autem
1273 3973 1483 4045 fugam
1535 3974 1924 4046 intelligimus
1984 3978 2209 4035 exitum

2399 3979 2757 4050 Ἀναγωγικῶς
2808 3974 2867 4030 δε
2905 3981 3073 4050 φυγὴν
3104 3979 3194 4050 μὶν
3222 3983 3432 4050 νοοῦμεν
3461 3978 3555 4035 τὴν
3600 3970 3778 4039 ἔξοδον
3832 3981 3929 4037 τῆς

553 4066 770 4123 animae
798 4082 835 4123 a
860 4080 1110 4137 corpore
1150 4083 1164 4132 ;
1203 4063 1462 4120 hiemem
1496 4080 1632 4121 vero
1659 4067 2121 4125 commotionem
2146 4085 2209 4125 ac

2324 4068 2507 4141 ψυχῆς
2550 4066 2650 4119 ἀπὸ
2678 4074 2769 4119 τοῦ
2822 4072 3063 4139 σώματος
3096 4086 3108 4099 ·
3142 4074 3382 4139 χειμῶνα
3411 4062 3470 4118 δι
3503 4070 3597 4123 τὴν
3630 4064 3791 4125 ζάλην
3839 4069 3930 4117 καὶ

549 4156 952 4215 turbationem
974 4155 1397 4225 cogitationum
1424 4155 1787 4222 ;Sabbatum
1810 4162 2008 4214 autem
2029 4159 2209 4216 otium

2325 4162 2568 4233 ταραχὴν
2600 4165 2699 4209 τῶν
2728 4156 2997 4229 λογισμῶν
3035 4172 3050 4188 °
3075 4154 3337 4208 Σάϐϐατόν
3364 4151 3423 4208 δε
3451 4158 3545 4213 τὴν
3594 4154 3779 4228 ἀργίαν
3836 4161 3931 4216 τῆς

550 4247 839 4303 avirtute.
867 4244 1036 4301 Jubet
1098 4244 1300 4317 itaque
1350 4260 1548 4301 sermo
1600 4249 1666 4302 ut
1696 4262 1957 4314 oremus,
1998 4264 2074 4304 ne
2112 4249 2209 4305 ﬁat

2325 4247 2527 4323 ἀρετῆς.
2582 4250 2863 4321 Παρεγγυᾴ
2906 4247 3007 4320 γὰρ
3063 4246 3088 4297 ό
3158 4245 3310 4317 λόγος
3374 4245 3791 4320 προσεύχεσθαι,
3853 4247 3922 4315 μή

549 4336 738 4393 exitus
754 4337 973 4393 animae
1000 4339 1219 4391 nostrae
1244 4335 1305 4390 in
1328 4336 1731 4393 commotione
1753 4341 1856 4393 aut
1873 4339 2209 4395 turbatione

2324 4339 2565 4409 γενέσθαι
2592 4340 2678 4394 τὴν
2736 4331 2916 4397 ἔξοδον
2962 4343 3054 4395 τῆς
3106 4334 3294 4407 ψυχῆς
3330 4336 3475 4407 ἡμῶν
3528 4333 3576 4385 έν
3645 4333 3774 4405 ζάλῃ
3835 4336 3922 4384 καὶ

551 4425 994 4497 cogitationum,
1036 4439 1234 4496 neque
1265 4426 1326 4480 in
1378 4426 1501 4481 otio
1533 4441 1571 4482 a
1625 4424 1960 4494 virtutibus,
2015 4427 2123 4483 sed
2152 4427 2209 4483 in

2325 4434 2536 4502 ταραχῇ
2586 4425 2878 4497 λογισμῶν,
2932 4420 3062 4496 μηδ’
3108 4423 3157 4475 έν
3197 4423 3359 4497 ἀργίᾳ
3406 4433 3498 4485 τῆς
3547 4421 3752 4498 ἀρετῆς,
3796 4421 3925 4475 ἀλλὰ

552 4514 969 4587 tranquillitate
991 4513 1420 4585 cogitationum
1447 4518 1505 4571 et
1527 4516 1873 4588 operatione
1890 4520 2204 4573 Virtutum.

2324 4515 2682 4588 γαληνιὼντων
2744 4522 2845 4567 τῶν
2887 4513 3169 4586 λογισμῶν,
3240 4517 3330 4565 καὶ
3414 4512 3776 4589 ένεργουμένης
3830 4518 3924 4574 τῆς

2326 4624 2479 4681 αρετη
2491 4625 2533 4667 ς.

1780 4735 2009 4804 ναίω
2038 4736 2367 4807 lectiones
2398 4748 2464 4805 et
2496 4744 2695 4805 notas.

626 4879 738 4953 (24)
776 4884 879 4931 Τοῦ
908 4878 1245 4953 πληρωθῆναι
1264 4880 1345 4953 Α.
1396 4879 1559 4953 Loco
1580 4877 1825 4935 laudato
1844 4883 2091 4953 uterque
2117 4896 2210 4938 co-

551 4950 666 5006 dex
697 4949 758 5005 in
790 4955 945 5006 textu
976 4949 1143 5007 Lucae
1174 4951 1351 5006 habet
1380 4949 1702 5009 πλησθῆναι.

602 5012 737 5096 ’(25)
772 5022 1088 5080 Hentenius
1139 5021 1417 5086 reddidit,
1460 5037 1529 5077 ac
1576 5021 1626 5076 si
1654 5021 1883 5094 legerit,
1937 5021 2041 5085 τοῖς
2092 5026 2202 5097 μεν,

2316 4887 2426 4942 τοῖς
2455 4876 2535 4936 δέ.
2566 4878 2680 4936 Sed
2704 4877 2876 4949 nulla
2895 4892 3053 4949 opus
3080 4880 3174 4933 est
3206 4875 3588 4949 correctione.
3620 4878 3735 4934 Nec
3761 4876 3917 4934 enim

2316 4953 2397 5009 ad
2426 4951 2565 5021 ούαί,
2599 4950 2707 5007 sed
2730 4952 2805 5007 ad
2836 4945 3009 5023 δυναμ
3028 4953 3150 5003 ένων
3178 4948 3444 5006 refertur.

2315 5219 2387 5284 ex
2415 5174 2653 5284 Isid-oro
2678 5204 2742 5284 _et
2772 5200 2938 5284 apud
2995 5199 3293 5284 Isidorum
3319 5198 3546 5284 _lib:“r,
3587 5199 3766 5284 epist.
3801 5201 3924 5284 212,

2314 5278 2495 5333 etiam
2526 5276 2587 5331 in
2616 5270 2850 5330 schedia
2898 5274 3053 5337 meis
3105 5272 3255 5329 inter
3315 5270 3537 5328 inedita
3582 5270 3811 5328 scholia
3840 5275 3930 5328 est

2315 5345 2616 5419 ejusmodi
2645 5344 2864 5419 Severi.
2898 5344 3013 5401 Sed
3065 5342 3128 5400 in
3158 5339 3645 5419 ἰῆς-βραχύτατον
3679 5358 3802 5399 non
3844 5356 3933 5419 re-

621 5197 709 5273 (h)
737 5201 829 5273 Et,
848 5189 1056 5271 fugam
1088 5197 1411 5273 expeditam
1433 5212 1599 5273 eam._
1632 5198 1767 5273 Haec
1789 5216 1911 5258 non
1966 5205 2104 5273 sunt
2144 5202 2207 5258 in

550 5269 773 5343 Graiae.
798 5269 965 5327 Forte
990 5276 1191 5327 autem
1218 5269 1487 5343 voluit,et
1519 5271 1600 5327 ad
1617 5272 1847 5343 fugam.
1874 5273 1939 5329 In
1969 5272 2207 5330 codice-

548 5343 655 5421 ill_o
710 5342 957 5399 fortasse
1006 5347 1174 5398 erat:
1212 5342 1418 5413 Κούφην
1488 5346 1580 5395 καὶ
1620 5342 1851 5405 εὐσταλῆ
1938 5348 2070 5421 πρὸς
2110 5365 2204 5420 φυ.

550 5419 679 5493 Ὺήῖθε
713 5486 775 5493 ,Α
828 5483 840 5493 .
954 5482 969 5493 .
1261 5412 1335 5493 .7
1458 5483 1492 5493 ..
1704 5486 1717 5493 -
1802 5490 1831 5493 ._
2114 5412 2127 5420 '

2316 5412 2542 5493 peritur
2571 5435 2583 5473 :
2610 5412 2875 5493 νηπιῶδες
2900 5422 3101 5493 autem
3248 5412 3436 5493 ἀτελξςξ
3470 5417 3811 5493 Βραχύτατον
3842 5412 3930 5471 in-

623 5485 688 5559 (ι)
712 5486 781 5563 Et
796 5482 973 5540 simul
994 5497 1133 5540 cum
1158 5482 1591 5556 embryonibus
1610 5502 1681 5545 ac
1700 5486 2053 5546 lactentibus
2074 5502 2207 5562 per-

2316 5482 2601 5563 ierpretor
2630 5486 3097 5563 ﬁp_ax36tosrar_gv.
3128 5485 3259 5563 Alia
3303 5485 3464 5543 enim
3506 5482 3765 5563 "subesse
3797 5499 3927 5542 seu-

552 5556 768 5633 ἰδίῃ]ῒᾷ
1017 5627 1026 5633 _
1099 5627 1108 5633 _
1202 5629 1243 5633 __
1606 5632 1611 5633 ί
1704 5631 1717 5633 _
1986 5632 1991 5633 ί
2071 5556 2099 5633 ξ
2314 5556 2499 5618 tentia
2527 5556 2954 5633 neq'mijtl'Forte
3006 5558 3321 5633 Hentenius
3370 5558 3796 5633 es_uo_codice
3832 5572 3927 5615 ex-

625 5628 691 5709 (λ)
725 5625 1160 5709 Pysitlanimis.
1202 5629 1319 5708 Hoc
1343 5644 1455 5709 nhon
1489 5633 1581 5686 est
1602 5632 1661 5709 in
1690 5631 1912 5709 Graeco.
1939 5630 2204 5709 Similem

2318 5625 2645 5707 scalpserat
2666 5630 2997 5709 βραχύνουν,
3032 5628 3206 5703 cujus
3234 5627 3514 5702 exempla
3550 5628 3785 5702 ignoro.

556 5698 911 5755 sententiam
967 5699 1199 5771 reperio
1246 5699 1306 5756 in
1355 5698 1574 5759 Catena
1624 5702 1885 5759 Corderii
1946 5702 2109 5759 adh.
2164 5702 2205 5758 ι.
