4198 6454
255 303 364 363 613
1257 305 1604 364 COMMENT
1645 303 1712 364 IN
1754 304 2200 368 MATTHEUM.
2242 347 2310 358 —
2347 318 2504 373 CAP.
2549 313 2743 374 XXIV.
3517 325 3626 384 614

330 439 522 494 Ἔσται
563 471 629 485 -
666 446 897 515 γένηται.
954 445 1016 498 Εἴ
1063 462 1145 505 τις
1181 441 1372 516 ἐντύχῃ
1427 448 1550 504 τοῖς
1608 441 1867 499 Ἰωσήπου
1899 434 1944 488 Α

2048 438 2208 494 Vers.
2241 442 2329 498 2t.
2361 442 2500 500 Erit
2524 475 2592 484 —
2626 445 2742 512 ﬁet.
2775 443 2836 500 Si
2860 445 2995 517 quis
3024 445 3085 502 in
3113 447 3358 520 Iosephi
3405 450 3626 521 scripta

257 533 670 605 συγγράμμασι,
747 531 1291 604 πληροφορηθὴσεται.
1372 537 1550 584 Καίτοι
1613 533 1714 605 γὰρ
1783 529 1867 583 Ἑ-

1977 525 2222 596 incidat,
2241 530 2454 586 certior
2482 533 2730 589 omnino
2759 533 2833 588 de
2860 533 2952 588 his
2977 533 3282 591 efﬁcietur.
3315 535 3626 610 Siquidem

255 616 443 692 ϐραίος
495 622 582 690 ῶν,
652 617 1040 674 διαϐεϐαιοῦται
1087 625 1205 696 περὶ
1243 629 1339 681 τῆς
1381 623 1631 680 τοιαύτης
1683 621 1870 690 θεομη·

1978 630 2118 672 cum
2142 618 2319 675 etiam
2366 621 2609 677 Iudaeus
2649 627 2823 687 esset,
2859 623 3117 680 afﬁrmat
3146 626 3222 680 de
3277 626 3627 699 hujusmodi

251 711 391 774 νίας,
479 711 558 761 ὅτι
614 716 789 761 πᾶσαν
879 709 1083 768 ἐνίκησε
1147 712 1438 785 συμφορὰν,
1515 714 1605 760 καὶ
1691 713 1866 760 πᾶσαν

1979 705 2078 759 Dei
2107 705 2214 771 ira,
2244 709 2406 779 quod
2437 726 2677 766 omnem
2711 713 3023 768 excesserit
3048 713 3468 782 calamitatem,
3502 733 3625 773 om-

254 795 482 866 ὑπερέϐη
533 794 853 872 τραγῳδίαν.
934 801 1078 851 Μετά
1138 801 1237 870 γὰρ
1293 807 1384 858 τῆς
1460 797 1606 860 ξένης
1676 794 1866 856 ἐκείνης

1977 809 2237 867 nemque
2268 814 2652 869 supergressa
2701 801 2776 855 sit
2808 802 3180 872 tragoediam.
3237 807 3384 860 Nam
3417 811 3627 876 printer

253 885 558 960 πολιορκίας
594 894 839 948 τοσοῦτος
869 889 931 945 ἧν
971 889 997 939 ό
1043 887 1215 960 λιμός,
1269 889 1335 947 ὡς
1393 891 1482 938 καὶ
1520 886 1703 946 αύταίς
1751 891 1866 944 ταῖς

1976 885 2348 941 tremendam
2377 886 2540 943 illam
2571 887 2966 961 obsidionem,
3003 896 3165 947 tanta
3185 898 3310 948 erat
3326 893 3534 959 fames,
3565 898 3627 950 ut

254 977 523 1047 μητράσιν
579 979 946 1050 περιμάχητον
1009 973 1137 1028 εἶναι
1195 980 1288 1034 τὴν
1354 974 1708 1047 τεκνοφαγίαν,
1776 977 1865 1024 καὶ

1977 971 2376 1046 ipsisquoque
2390 976 2681 1032 matribus
2705 993 2912 1048 pugna
2932 977 3107 1035 fuerit
3119 996 3227 1052 pro
3241 997 3342 1036 esu
3365 981 3635 1039 ﬁliorum

254 1067 386 1137 ὑπὲρ
453 1067 635 1118 τούτου
707 1065 956 1138 πολέμους
1023 1067 1279 1137 γίνεσθαι.
1344 1069 1491 1126 Τίνος
1549 1060 1636 1115 οὖν
1707 1063 1864 1114 ἕνεκεν

1976 1059 2064 1116 Ob
2083 1077 2269 1132 quam
2293 1079 2434 1133 ergo
2461 1080 2726 1135 causam,
2752 1066 3251 1124 miserabiliorem
3279 1085 3349 1124 ac
3376 1071 3627 1126 horribi-

251 1153 598 1230 χαλεπώτερα
653 1161 744 1207 καὶ
797 1152 1189 1231 φρικωδέστερα
1235 1157 1436 1206 πάντων
1493 1161 1591 1205 τῶν
1645 1150 1733 1203 ἀπ’
1789 1149 1866 1202 αἰ-

1972 1147 2182 1206 liorem
2197 1152 2355 1222 passi
2376 1157 2513 1208 sunt
2533 1152 2914 1211 alﬂictionem
2936 1157 3220 1212 omnibus
3236 1173 3372 1230 quae
3390 1157 3627 1217 fuerunt

252 1252 380 1303 ῶνος
474 1243 756 1316 ἀνθρώπων
836 1246 1125 1297 πεπόνθασι
1185 1261 1198 1310 ;
1293 1248 1434 1296 Διότι
1525 1239 1867 1314 χαλεπώτερα

1975 1255 2012 1296 a
2033 1240 2246 1296 saeculo
2271 1239 2298 1294 ?
2318 1241 2467 1307 Quia
2494 1243 2688 1312 magis
2713 1245 3153 1302 exsecrandum
3185 1263 3252 1302 ac
3281 1245 3621 1304 horribilius

250 1339 346 1384 καί
404 1329 795 1406 φρικωδέστερα
851 1336 1049 1384 πάντων
1115 1340 1212 1384 τῶν
1288 1330 1378 1384 ἀπ’
1427 1331 1610 1392 αἰῶνος
1664 1327 1862 1402 ἀνθρώ-

1974 1335 2464 1400 perpetraverunt
2505 1332 2801 1402 ﬂagitium
2854 1333 3137 1390 omnibus
3167 1335 3270 1408 qui
3299 1336 3540 1394 fuerunt
3590 1353 3626 1394 a

250 1443 364 1476 πων
431 1417 830 1494 τετολμήκασιν,
890 1421 1146 1483 ἀνελόντες
1201 1424 1288 1473 τὸν
1366 1423 1484 1473 Υίὸν
1561 1426 1651 1471 τοῦ
1705 1425 1857 1470 Θεοῦ.

1973 1419 2193 1483 seculo,
2221 1419 2321 1476 Dei
2374 1420 2580 1476 Filium
2613 1423 2966 1480 occidentes.
3010 1426 3196 1482 Lucas
3250 1431 3451 1482 autem
3496 1427 3624 1499 pla-

251 1516 465 1573 Λουκᾶς
518 1508 579 1563 δε
639 1511 952 1584 πλατύτερον
1015 1530 1194 1583 φησιν,
1261 1511 1342 1562 ὅτι
1400 1507 1588 1562 Ἔσται
1658 1505 1856 1578 ἀνάγκη

1971 1505 2110 1563 nius
2136 1509 2278 1564 dicit
2307 1526 2320 1563 :
2354 1509 2483 1565 Erit
2505 1511 2643 1566 enim
2660 1512 2910 1581 afflictio
2933 1529 3151 1584 magna
3181 1530 3358 1583 super
3376 1523 3621 1584 terram,

251 1601 449 1673 μεγάλη
504 1600 590 1653 ἐπὶ
643 1608 734 1661 τῆς
788 1608 911 1672 γῆς,
958 1605 1048 1652 καὶ
1101 1599 1229 1672 ὀργὴ
1281 1597 1329 1650 ἐν
1383 1606 1454 1669 τῷ
1508 1596 1614 1667 λαῷ
1673 1597 1854 1665 τούτῳ,

1969 1603 2022 1654 et
2045 1597 2139 1652 ira
2167 1595 2224 1650 in
2249 1599 2463 1668 papula
2491 1598 2614 1663 hoc,
2661 1599 2986 1672 cadentque
3011 1602 3136 1658 acie
3165 1603 3370 1672 gladii,
3400 1611 3457 1660 et
3495 1620 3625 1676 cap-

250 1695 344 1742 καὶ
427 1696 709 1742 πεσοῦνται
787 1695 1004 1761 στόματι
1063 1692 1358 1761 μαχαίρας,
1431 1691 1520 1738 καὶ
1589 1681 1861 1756 αἰχμαλωο

1971 1685 2080 1740 livi
2125 1685 2414 1742 ducentur
2464 1687 2523 1741 in
2579 1704 2777 1746 omnes
2821 1697 3034 1760 gentes,
3065 1696 3120 1746 et
3149 1691 3472 1749 Jerusalem
3505 1694 3625 1750 cat-

251 1781 601 1838 τισθήσονται
667 1778 739 1839 εἰς
785 1781 955 1830 πάντα
1005 1781 1068 1830 τὰ
1133 1779 1274 1842 ἔθνη,
1358 1779 1447 1827 καὶ
1520 1771 1909 1848 Ἰερουσαλὴμ]

1970 1773 2198 1830 cabitur
2226 1790 2262 1831 a
2284 1776 2550 1847 gentibus
2578 1776 2756 1834 donec
2776 1779 3128 1847 impleantur
3176 1785 3445 1850 tempora
3491 1798 3625 1851 gen-

254 1872 405 1921 ἕσται
483 1871 777 1940 πατουμένη
880 1869 980 1920 ὑπὸ
1067 1864 1241 1931 ἐθνῶν,
1323 1865 1458 1939 ἄχρι
1542 1861 1858 1935 πληρωθῶσι

1970 1863 2118 1918 tium
2147 1863 2222 1920 ⁴¹.
2264 1867 2417 1920 Iram
2457 1864 2699 1935 quidem
2732 1868 2830 1922 Dei
2870 1866 3075 1923 dicens
3107 1886 3121 1936 ;
3172 1873 3439 1941 tempora
3491 1886 3622 1926 vero

253 1963 429 2031 καιροὶ
461 1957 639 2014 ἐθνῶν.
699 1958 892 2032 Ὀργήν
940 1959 1029 2028 μὲν
1084 1953 1240 2026 λέγων
1289 1959 1382 2012 τὴν
1423 1960 1514 2005 τοῦ
1558 1958 1713 2020 Θεοῦ,
1766 1946 1861 2002 διὰ

1969 1951 2258 2022 gentium,
2282 1968 2353 2009 ea
2368 1969 2505 2025 quae
2529 1954 3035 2029 durabuntusque
3060 1956 3140 2014 ad
3159 1959 3624 2016 consummatio-

258 2051 345 2099 τὸν
383 2050 501 2099 Υἱὸν
540 2047 720 2112 αὐτοῦ,
769 2048 980 2118 καιρούς
1038 2041 1096 2097 δε
1141 2042 1295 2096 ἐθνῶν
1342 2046 1458 2103 τοὺς
1510 2041 1644 2116 ἄχρι
1686 2058 1857 2092 συντε-

1286 2065 1295 2092 ρ
1342 2046 1458 2103 τοὺς
1510 2041 1644 2116 ἄχρι
1686 2058 1857 2092 συντε-
1967 2057 2108 2097 nem
2137 2057 2368 2113 eorum,
2392 2043 2693 2116 totiusque
2715 2045 2944 2102 mundi.

262 2134 402 2196 λείας
431 2135 616 2206 αὐτῶν,
644 2141 842 2188 καὶτοῦ
868 2139 1070 2207 κόσμου
1099 2137 1304 2194 παντός.

342 2228 442 2277 Καὶ
496 2225 540 2276 εἰ
595 2229 661 2296 μή
719 2256 786 2265 —
837 2223 892 2275 αἰ
945 2225 1136 2296 ἡμέραι
1209 2221 1416 2275 ἐκεῖναι.
1475 2219 1698 2293 Ἡμέρας
1766 2220 1857 2282 τὰς

2042 2221 2199 2274 Vers.
2251 2223 2338 2276 22.
2390 2221 2468 2276 Et
2506 2221 2626 2277 nisi
2664 2223 2880 2279 —dies
2923 2222 3034 2280 illi.
3087 2223 3218 2280 Dies
3248 2225 3330 2281 ait
3383 2224 3512 2282 belli
3566 2230 3623 2284 et

261 2321 358 2366 τοῦ
414 2313 634 2385 πολέμου
681 2318 767 2365 καὶ
813 2321 907 2374 τῆς
960 2312 1262 2385 πολιορκίας
1319 2309 1512 2372 ἐκείνης
1565 2314 1718 2381 φησι,
1778 2308 1853 2360 λέ-

1968 2307 2320 2374 obsidionis,
2343 2310 2570 2382 dicens,
2595 2312 2758 2383 quod
2775 2307 2890 2367 nisi
2917 2313 3192 2370 diminuti
3219 2313 3473 2371 fuissent
3492 2315 3619 2372 dies

257 2417 404 2474 γων·
460 2404 538 2454 ὅτι
602 2402 643 2454 εἰ
714 2406 785 2474 μὴ
853 2401 1227 2459 ἠλαττώθησαν
1277 2401 1331 2451 αἱ
1402 2400 1592 2474 ἡμέραι
1669 2397 1858 2450 ἐκεῖναι

1968 2399 2049 2454 illi
2062 2399 2498 2472 dispensatione
2515 2400 2738 2468 divina,
2768 2418 3155 2475 nequaquam
3186 2403 3354 2460 salva
3384 2404 3615 2471 fuisset,

251 2492 368 2544 κατ’
416 2491 708 2564 οἰκονομίαν
764 2493 908 2564 παρὰ
954 2497 1046 2543 τοῦ
1116 2496 1270 2556 Θεοῦ,
1331 2488 1426 2540 οὐκ
1480 2487 1540 2540 ἂν
1598 2483 1855 2555 διεσώθη,

1968 2505 2347 2562 nequaquam
2388 2493 2642 2546 mortem
2691 2491 2960 2547 evitasset
2983 2492 3182 2548 omnis
3229 2509 3386 2560 caro,
3417 2491 3476 2549 id
3509 2500 3617 2560 est,

251 2580 347 2632 ούκ
432 2580 492 2632 ἄν
567 2580 846 2653 ὑπεξέφυγε
923 2583 1010 2632 τὸν
1080 2581 1297 2631 θάνατον
1349 2584 1498 2630 πᾶσα
1575 2575 1728 2650 σὰρξ,
1799 2579 1859 2635 ἧ-

1967 2578 2132 2636 nulla
2161 2579 2550 2636 ramansisset
2590 2595 2751 2644 caro,
2782 2580 3035 2638 Iudaica
3082 2582 3375 2641 videlicet.
3405 2585 3619 2640 Omnes

246 2689 396 2741 γουν,
455 2666 580 2723 ούδε
626 2674 727 2742 μία
785 2669 934 2742 σὰρξ,
994 2663 1260 2726 Ἰουδαῑκὴ
1340 2664 1597 2725 δηλονότι.
1665 2666 1857 2726 Πάντες

1967 2669 2128 2730 enim
2156 2667 2371 2725 mortui
2404 2668 2650 2724 fuissent
2677 2669 2972 2739 homines,
2991 2676 3047 2728 et
3076 2671 3181 2744 qui
3209 2673 3387 2740 intus,
3428 2679 3486 2729 et
3514 2675 3620 2747 qui

246 2763 351 2833 γὰρ
383 2758 443 2811 ἆν
473 2755 850 2834 διεφθάρησαν,
893 2763 981 2809 καὶ
1029 2759 1078 2810 οἰ
1115 2758 1276 2823 ἐντὸς,
1329 2760 1417 2808 καὶ
1473 2758 1521 2808 οἱ
1579 2754 1724 2816 ἐκτός
1753 2773 1763 2784 ·
1807 2756 1856 2807 οἱ

1967 2763 2134 2816 extra
2158 2763 2328 2815 erant
2353 2776 2370 2813 :
2401 2759 2652 2832 quidam
2693 2759 2873 2830 fame,
2903 2762 3156 2834 quidam
3177 2779 3315 2819 vero
3334 2768 3494 2835 peste
3519 2767 3620 2821 aut

248 2853 341 2922 μὲν
383 2849 538 2921 λιμῷ,
585 2850 633 2900 οἱ
683 2844 741 2900 δὲ
791 2847 976 2920 λοιμῷ,
1019 2849 1103 2899 οἱ·
1157 2843 1216 2898 δὲ
1277 2845 1409 2918 ξίφει
1463 2850 1553 2898 καὶ
1598 2849 1856 2905 παντοίοις

1967 2848 2600 2922 gladio,omnibusque
2614 2853 2819 2906 mortis
2832 2851 3619 2922 generibus.Adversusom-

253 2939 476 2992 θανάτου
525 2943 758 3009 τρόποις,
845 2939 990 2989 Κατά
1059 2938 1260 2988 πάντων
1311 2938 1412 3008 γὰρ
1479 2930 1749 2988 Ἰουδαίων
1807 2935 1856 2985 οἱ

1966 2955 2067 2995 nes
2098 2939 2395 3011 siquidem
2425 2940 2656 2995 Iudaeos
2676 2941 2926 2996 Romani
2945 2940 3140 2998 furore
3173 2943 3408 3000 accensi
3426 2948 3615 3015 erant,

248 3027 496 3100 Ῥωμαῖοι
557 3023 794 3100 σφοδρῶς
845 3024 1130 3099 ἐμάνησαν,
1205 3029 1294 3077 καὶ
1367 3026 1500 3076 κατὰ
1567 3031 1665 3074 τῶν
1721 3042 1855 3075 παν-

1964 3029 2143 3085 etiam
2174 3029 2460 3085 adversus
2499 3044 2600 3085 eos
2631 3029 2730 3099 qui
2782 3029 2996 3102 ubique
3030 3037 3321 3088 terrarum
3364 3032 3616 3106 dispersi

252 3125 396 3188 ταχῆ
473 3113 864 3190 διεσπαρμένων
923 3113 1176 3190 ἐφέροντο.
1242 3113 1539 3174 Ἐκλεκτούς
1597 3108 1655 3164 δὲ
1712 3111 1910 3198 καλεῖ(

1963 3117 2304 3174 ferebantur
2341 3117 2424 3189 (k)
2459 3118 2682 3173 Electos
2713 3123 2915 3174 autem
2949 3125 3119 3175 vocat
3147 3120 3373 3188 ﬁdeles,
3403 3123 3507 3193 qui
3547 3139 3619 3178 ex

247 3211 368 3268 τοὺς
406 3205 458 3269 ἐξ
490 3202 760 3259 Ἰουδαίων
807 3207 1046 3271 πιστοὺς,
1099 3199 1170 3256 δι’
1219 3202 1307 3264 ούς
1355 3205 1642 3276 ταχύτερον
1702 3204 1850 3254 ἔπαυ-

1963 3207 2180 3263 Judaeis
2227 3211 2413 3272 erant,
2457 3211 2698 3278 propter
2727 3223 2880 3278 quos
2911 3207 3082 3263 citius
3126 3209 3343 3280 quievit
3372 3209 3613 3277 bellum,

254 3316 312 3350 σε
376 3300 463 3349 τόν
515 3294 756 3367 πόλεμον,
831 3296 913 3346 ἵνα
965 3297 1036 3366 μὴ
1095 3291 1483 3344 συναπόλωνται
1557 3297 1663 3353 τοῖς
1737 3288 1856 3342 ἀπί-

1963 3313 2038 3352 ne
2065 3297 2314 3367 perirent
2344 3311 2464 3350 una
2490 3311 2626 3350 cum
2659 3295 2998 3351 infidelibus
3027 3313 3040 3362 ;
3075 3297 3179 3352 sed
3211 3297 3409 3368 potius
3434 3300 3617 3355 incre-

249 3405 408 3452 στοις,
464 3383 590 3437 ἀλλὰ
641 3383 829 3456 μαλλον
881 3384 962 3434 ἵνα
1017 3385 1144 3443 τινες
1205 3390 1304 3434 τῶν
1355 3379 1588 3434 ἀπίστων
1640 3375 1856 3432 συνδια.

1963 3385 2089 3441 duli
2109 3384 2290 3457 aliqui
2309 3399 2412 3456 per
2437 3383 2546 3438 hos
2565 3388 2954 3454 servarentur,
2980 3400 3055 3439 ne
3076 3391 3281 3456 posset
3306 3377 3615 3458 quispiam

247 3478 462 3529 σωθῶσι
503 3477 725 3538 τούτοις,
779 3475 912 3524 ὥστε
963 3468 1165 3544 μηδένα
1206 3468 1496 3530 δυνηθῆναι
1543 3470 1727 3542 λέγειν,
1775 3472 1853 3523 ὅτι

1963 3474 2158 3530 dicere
2191 3472 2356 3545 quod
2410 3477 2651 3544 propter
2677 3487 2777 3527 eos
2817 3471 2920 3545 qui
2977 3472 3360 3538 crediderant,
3409 3475 3537 3530 haec
3579 3492 3617 3534 a

245 3563 342 3619 διὰ
389 3568 511 3626 τοὺς
590 3565 971 3623 πιστεύσαντας
1037 3564 1066 3620 ἡ
1130 3561 1372 3622 θεήλατος
1449 3561 1581 3619 αὕτη
1655 3562 1852 3634 μάστιξ

1964 3567 2081 3620 Deo
2111 3562 2385 3620 immissa
2437 3559 2582 3617 ultio
2633 3561 3102 3634 supervenisset:
3137 3563 3241 3619 sed
3272 3563 3375 3635 qui
3427 3564 3613 3621 relicti

247 3653 496 3714 ἐπῆλθεν·
558 3651 662 3704 ἀλλ’
697 3654 778 3703 ἱνα
834 3650 1105 3725 βλέποντες
1151 3653 1200 3702 οἰ
1253 3653 1637 3723 ὑπολειφθέντες
1689 3651 1849 3704 ἄπαν-

1959 3657 2128 3712 erant
2152 3651 2414 3708 videntes
2445 3666 2652 3708 omnes
2698 3650 2796 3724 qui
2846 3649 2996 3707 inter
3042 3652 3205 3725 ipsos
3245 3652 3613 3711 crediderant

245 3764 338 3806 τας
363 3747 480 3803 τοὺς
535 3741 583 3794 ἰν
616 3741 788 3800 αὐτοῖς
847 3744 1068 3801 πιστούς
1126 3735 1468 3814 διαδράντας,
1527 3749 1724 3792 συνῶσι
1754 3745 1847 3800 τὴν

1955 3732 2377 3816 permansisse,
2433 3739 2826 3811 intelligerent
2866 3756 3137 3809 causam,
3198 3757 3268 3799 ac
3328 3741 3608 3800 certiores

249 3834 441 3899 αἰτίαν,
495 3837 583 3884 καὶ
625 3829 1006 3904 βεϐαιωθῶσιν,
1051 3833 1116 3892 ὡς
1165 3830 1222 3882 ού
1267 3835 1418 3902 μόνον
1463 3830 1556 3882 οῦκ
1587 3829 1847 3884 ἀπώλοντο

1954 3833 2362 3897 redderentur,
2403 3831 2564 3904 quod
2611 3845 2733 3887 non
2762 3831 2951 3887 solum
2983 3847 3104 3888 non
3150 3832 3443 3905 perierant
3473 3848 3612 3906 pro-

253 3919 329 3975 δι’
378 3921 560 3982 αὐτοὺς
608 3923 657 3973 οἱ
698 3916 1086 3993 διαφθαρέντες,
1137 3917 1266 3972 ἀλλὰ
1306 3919 1540 3992 μάλιστα
1566 3926 1656 3972 καὶ
1700 3921 1847 3973 αὐτοὶ

1956 3928 2085 3996 pter
2113 3922 2244 3979 illos
2286 3922 2390 3994 qui
2417 3920 2636 3977 mortui
2657 3926 2842 3988 erant,
2874 3921 2979 3978 sed
3009 3920 3202 3994 potius
3233 3926 3290 3979 et
3326 3921 3442 3996 ipsi
3471 3939 3609 3996 pro-

257 4007 292 4063 δ
298 4012 354 4062 ιὰ
379 4013 582 4072 τούτους
612 4011 1027 4083 περιεσώθησαν.

1020 4051 1027 4063 -
1953 4018 2084 4086 pter
2104 4028 2207 4068 eos
2247 4011 2462 4068 servati
2491 4014 2678 4067 erant.

324 4098 441 4156 Ὀτι
471 4095 526 4153 δε
555 4104 612 4152 τὸ
659 4105 807 4152 πᾶσα
835 4098 988 4171 σὰρξ,
1031 4097 1143 4150 ἀντὶ
1173 4105 1284 4162 τοῦ,
1334 4095 1456 4151 ούδε
1505 4103 1620 4172 μία,
1672 4107 1847 4168 παρείς

2027 4101 2198 4168 Quod
2223 4105 2424 4157 autem
2454 4117 2466 4154 :
2500 4116 2614 4156 non
2653 4100 2841 4156 omnis
2872 4115 3033 4164 caro,
3076 4116 3185 4172 pro
3226 4101 3391 4158 nulla
3443 4118 3605 4168 caro,

251 4190 459 4256 ληπται,
492 4187 649 4248 δῆλον
699 4191 788 4240 καί
836 4187 938 4240 ἀπὸ
983 4196 1073 4240 τοῦ
1123 4183 1408 4241 Δαυῑδικοῦ
1442 4188 1622 4262 ῥητοῦ,
1677 4191 1846 4263 λέγον-

1955 4175 2248 4254 sumatur,
2293 4187 2678 4243 manifestum
2729 4194 2817 4244 est
2874 4203 3110 4259 quoque
3163 4205 3197 4243 a
3246 4189 3404 4244 dicto
3443 4190 3611 4246 Davi-

245 4299 362 4342 τος·
425 4285 511 4339 Μὴ
579 4279 1042 4354 κατακυριευσάτω
1099 4297 1199 4351 μου
1256 4284 1402 4330 πᾶσα
1455 4277 1661 4351 ἀνομία,
1733 4279 1845 4334 ἀντὶ

1954 4280 2088 4335 dico
2126 4293 2249 4350 quo
2279 4277 2492 4332 dicitur
2524 4293 2540 4330 :
2565 4277 2696 4333 Non
2726 4277 3068 4332 dominetur
3091 4277 3206 4332 mei
3245 4277 3426 4332 omnis
3457 4279 3612 4347 iniu-

240 4378 353 4442 τοῦ,
397 4365 538 4444 μηδὲ
587 4373 701 4441 μία.
739 4372 840 4420 Καὶ
895 4375 1047 4420 τοῦτο
1105 4370 1206 4440 γαρ
1259 4363 1457 4441 ἰδίωμα
1484 4376 1577 4430 τῆς
1625 4369 1846 4431 παλαιᾶς

1952 4368 2199 4431 stitia",
2227 4365 2410 4430 idest,
2435 4363 2624 4422 nulla.
2655 4368 2804 4422 Nam
2825 4369 2880 4422 et
2901 4365 3010 4421 hoc
3028 4364 3253 4422 idioma
3277 4369 3364 4422 est
3389 4367 3604 4423 veteris

240 4466 474 4551 I‘pwpﬁE.
751 4549 757 4551 _
1030 4547 1044 4551 Δ
1090 4549 1096 4551 _
1324 4548 1332 4551 Α
1731 4547 1742 4551 Δ
1875 4496 1898 4551 Ι

1875 4496 1921 4551 D
1955 4457 2291 4530 Scripturaa.

314 4552 381 4601 Σὺ
413 4544 472 4600 δέ
519 4566 610 4616 μοι
669 4549 851 4598 σκόπει
899 4552 992 4597 τοῦ
1021 4547 1157 4598 θείου
1209 4548 1506 4620 Πνεύματος
1555 4551 1648 4605 τὴν
1698 4547 1842 4601 οἰκο-
1875 4541 1916 4551 ”

2023 4547 2108 4602 Tu
2150 4561 2285 4602 vero
2316 4541 2630 4602 considera
2663 4542 2811 4601 mihi
2851 4541 3040 4600 divini
3093 4542 3344 4616 Spiritus
3369 4541 3609 4617 dispen-

239 4640 448 4707 νομίαν,
497 4645 605 4698 πῶς
661 4637 687 4687 ό
737 4639 828 4708 μεν
876 4635 1132 4704 Ἰωάννης,
1179 4636 1203 4686 ό
1263 4635 1382 4702 ζῶν,
1433 4638 1516 4688 ὅτε
1570 4643 1735 4690 ταῦτα
1761 4641 1841 4710 γί-

1953 4635 2266 4704 sationem,
2297 4650 2413 4707 quo
2444 4633 2627 4690 modo
2662 4633 2922 4690 Joannes
2950 4632 3056 4706 qui
3107 4633 3168 4689 in
3219 4633 3372 4690 vivis
3411 4633 3609 4692 adhuc

241 4741 384 4795 γονε,
439 4727 528 4774 καὶ
573 4727 700 4795 μετὰ
728 4729 821 4784 την
874 4724 1066 4776 οἷλωσιν
1123 4723 1280 4777 πολύν
1312 4727 1384 4777 ἔτι
1432 4725 1600 4787 ζήσας
1627 4747 1837 4801 χρονον,

1953 4729 2079 4783 erat
2103 4725 2250 4782 dum
2273 4723 2402 4780 haec
2428 4723 2579 4779 facta
2608 4726 2765 4790 sunt,
2802 4727 2860 4779 et
2884 4723 3073 4778 multo
3099 4721 3293 4779 adhuc
3339 4726 3608 4795 tempore

243 4807 399 4864 οὐδὲν
457 4813 650 4863 τούτων
705 4812 944 4886 ἔγραψεν,
1015 4814 1098 4864 ἱνα
1142 4817 1213 4885 μὴ
1282 4809 1416 4888 δόξῃ
1482 4817 1718 4888 γράφειν,
1773 4819 1844 4880 ὡς

1952 4820 2085 4889 post
2135 4813 2640 4887 expugnationem
2687 4811 2852 4878 vixit,
2903 4812 3048 4868 nihil
3085 4812 3302 4868 horum
3350 4813 3604 4886 scripsit,

239 4900 405 4955 πάλαι
458 4900 715 4976 εἰρημένα,
771 4903 837 4954 τὰ
863 4898 970 4961 ἤδη
1016 4906 1358 4975 γεγενημένα·
1415 4906 1464 4956 οἱ
1523 4900 1581 4956 δὲ
1626 4909 1722 4978 πρὸ
1752 4914 1842 4958 τοῦ

1950 4921 2026 4961 ne
2063 4901 2239 4977 quasi
2279 4902 2421 4959 olim
2454 4901 2740 4974 praedicta
2790 4901 3047 4957 scribere
3104 4902 3423 4969 videretur,
3475 4918 3606 4975 quae

239 4992 481 5063 γενέσθαι
582 4998 749 5043 ταῦτα
854 4990 1284 5062 τετελευτηκότες,
1388 4991 1569 5045 ἐκεῖνοι
1675 4996 1841 5052 πάντα

1949 4996 2069 5067 jam
2097 4993 2253 5062 facta
2281 4997 2468 5048 erant.
2503 4991 2609 5058 Qui
2653 5006 2790 5048 vero
2828 4991 3184 5064 priusquam
3232 4990 3361 5048 haec
3401 4991 3607 5070 ﬁerent

244 5088 418 5152 σαφῶς
469 5079 721 5155 ἔγραψαν,
769 5081 852 5134 ἶνα
900 5078 1186 5142 ἀνύποπτος
1241 5083 1272 5142 ἠ
1311 5088 1401 5136 τοῦ
1441 5089 1673 5156 Χριστοῦ
1722 5073 1840 5160 περὶ

1951 5083 2168 5141 mortui
2214 5086 2366 5150 sunt,
2411 5088 2414 5090 ‘
2453 5079 2769 5140 manifeste
2844 5077 3050 5139 omnia
3109 5080 3486 5154 scripserunt,
3540 5087 3605 5141 ut

313 5284 361 5322 ⁸⁸
385 5285 526 5342 Luc.
554 5301 668 5352 XXI,
696 5286 787 5355 23,
819 5285 908 5344 24.
986 5290 1032 5325 ‘9
1054 5287 1210 5347 Psal.
1241 5304 1439 5357 cxvur,
1477 5263 1568 5348 t5.

1465 5466 1684 5541 Variae
1719 5467 2051 5540 lectiones
2091 5479 2158 5539 et
2185 5478 2368 5539 notae

313 5669 396 5744 (k)
417 5663 618 5728 Etiam
645 5699 714 5712 -—
739 5669 1108 5740 ferebantur.
1139 5668 1205 5726 Et
1229 5672 1436 5726 contra
1465 5668 1690 5744 ubique
1731 5668 2034 5745 dispersos
2073 5667 2440 5726 ferebantur.
