4198 6508
581 379 687 442 6-15
1927 373 2239 442 ΕΠΤΗΥΜ]

2325 370 2666 443 ZIGABENI
3840 393 3953 451 616

579 508 920 583 suspicione
970 523 1172 568 carere
1199 506 1496 568 videretur
1538 509 1746 568 Christi
1777 510 1851 566 de
1878 509 1974 567 his
2026 506 2230 564 vatici-

2290 527 2306 560 ι
2339 510 2534 560 τούτων
2560 513 2849 583 προφητεία
2882 518 3034 585 φανῇ.
3071 511 3361 587 Πληρὼσας
3385 515 3560 566 τοίνυν
3593 515 3729 591 ἄχρι
3757 521 3948 572 τούτου

579 600 765 656 nium.
796 600 1112 672 Postquam
1143 616 1286 670 ergo
1316 599 1604 657 hactenus
1634 602 1710 657 ad
1741 602 1988 674 plenum
2017 595 2230 670 praedi-

2338 598 2405 680 τὰ
2451 603 2569 672 περὶ
2613 607 2706 660 τῆς
2751 601 2990 664 ἁλώσεως
3019 609 3117 654 τῶν
3166 601 3556 677 Ἰεροσολύμων,
3604 609 3810 678 μέτεισι
3857 614 3948 664 καὶ

577 689 682 755 xit,
750 705 885 762 quae
928 689 1002 746 de
1060 689 1395 763 captivitate
1428 689 1968 762 Hierosolymorum
2032 687 2230 742 futura

2341 685 2423 738 ἐπὶ
2448 690 2504 739 τό
2533 688 2706 741 λοιπὸν
2735 692 2994 764 ἐρώτημα,
3025 694 3084 743 τὸ
3113 695 3230 766 περὶ
3255 700 3350 753 τῆς
3381 688 3629 766 δευτέρας
3660 695 3820 750 αὐτοῦ
3846 719 3945 752 πα-

577 784 761 847 erant,
787 780 993 836 transit
1010 779 1188 835 etiam
1217 778 1296 834 ad
1316 777 1610 850 reliquam
1640 777 2060 851 quaestionem,
2082 779 2229 847 puta

2337 781 2579 851 ρουσίας,
2608 783 2696 831 καὶ
2727 780 2962 855 προλέγει
2989 783 3056 834 τὰ
3087 788 3278 854 σημεῖα
3305 785 3522 849 ταύτης,
3555 789 3809 860 χρήσιμα
3833 795 3945 853 τοῖς

575 869 645 925 de
675 868 936 925 secundo
966 868 1220 924 adventu
1249 882 1379 936 suo,
1420 872 1474 922 et
1521 866 1698 938 hujus
1729 866 1901 937 signa
1940 861 2227 939 praedicit,

1281 882 1379 936 uo,
1420 872 1474 922 et
1521 866 1698 938 hujus
1729 866 1901 937 signa
1940 861 2227 939 praedicit,
2341 873 2678 941 Χριστιανοῖς
2698 867 2935 942 ἐσόμενα.

576 974 708 1030 qua
739 956 1084 1015 Christianis
1115 956 1312 1012 futura
1351 959 1491 1010 sunt
1526 955 1706 1010 utilia.

647 1049 689 1118 -ι-
717 1044 1044 1104 Decurtavit
1072 1049 1268 1101 autem
1323 1044 1473 1100 Deus
1513 1041 1858 1100 aﬂlictiones
1888 1045 1945 1098 et
1980 1039 2228 1098 omnino

2407 1047 2494 1117 -Η-
2541 1045 2857 1100 Ἐκολόϐωσε
2888 1048 3000 1120 (26)
3032 1045 3092 1102 δε
3147 1049 3173 1102 ό
3204 1051 3330 1111 Θεὸς
3365 1051 3459 1114 τὰς
3490 1049 3682 1124 θλίψεις
3721 1060 3813 1109 καὶ
3853 1059 3940 1111 τόν

574 1134 836 1193 bellum:
871 1133 917 1189 si
948 1135 1105 1190 enim
1135 1132 1362 1190 bellum
1392 1131 1649 1206 amplius
1678 1131 1971 1198 durasset,
2022 1144 2225 1187 omnes

2336 1133 2576 1207 πόλεμον.
2601 1141 2658 1189 Ei
2680 1138 2781 1210 γὰρ
2815 1139 3098 1211 ἐκράτησεν
3139 1139 3225 1191 ἐπὶ
3253 1139 3401 1192 πλέον
3427 1140 3452 1192 ό
3486 1140 3724 1216 πόλεμος,
3755 1147 3939 1210 πάντες

574 1225 680 1299 qui
700 1225 859 1281 intus
887 1227 1058 1280 erant
1085 1223 1321 1296 penitus
1341 1220 1494 1277 fame
1512 1219 1841 1293 periissent.

1807 1223 1841 1276 ι.
2335 1225 2397 1276 οἶν
2417 1226 2466 1276 οἱ
2491 1221 2634 1278 ἔνδον
2665 1226 2764 1279 ύπό
2794 1235 2884 1280 τοῦ
2913 1226 3067 1300 λιμοῦ
3090 1224 3465 1304 διεφθάρησαν.

647 1315 811 1370 Vers.
845 1312 934 1367 23.
968 1313 1203 1368 Tunc—
1228 1311 1410 1367 nolite
1432 1309 1682 1366 credere.
1703 1307 1889 1364 Dictio
1902 1311 2035 1374 τότε,
2061 1311 2223 1373 tunc,

2405 1318 2532 1366 Τότε
2589 1345 2654 1354 -
2707 1320 2777 1387 μή
2835 1319 3172 1375 πιστεύσητε.
3231 1320 3302 1370 Τό
3348 1323 3464 1372 τότε
3516 1322 3659 1374 ἐστιν
3707 1325 3792 1378 ὅτε
3845 1325 3939 1378 ούκ

575 1402 866 1461 interdum
905 1417 1026 1458 non
1060 1398 1357 1470 signiﬁcat
1393 1398 1882 1472 consequentiam
1921 1397 2227 1470 prmdicto-

2336 1401 2641 1455 ἀκολουθίαν
2706 1400 2861 1462 δηλοῖ
2947 1414 3047 1458 τῶν
3115 1412 3513 1482 προειρημένων,
3581 1408 3692 1463 ἀλλ’
3763 1413 3939 1489 ἀρχὴν

574 1492 851 1558 rum,sed
871 1491 1102 1547 initium
1120 1494 1354 1545 tantum
1381 1504 1588 1544 eorum
1605 1505 1732 1560 quae
1764 1486 2022 1544 dicenda
2053 1491 2215 1542 sunt:

2335 1496 2485 1564 μόνον
2543 1500 2643 1544 τῶν
2706 1494 2930 1567 ῥηθῆναι
2992 1494 3295 1567 μελλόντῶν,
3358 1500 3532 1573 ὥσπερ
3590 1505 3682 1552 καὶ
3749 1486 3936 1572 τόξέν

577 1582 729 1638 sicut
771 1582 972 1646 etiam,
1003 1582 1061 1636 in
1087 1579 1284 1636 diebus
1341 1578 1483 1643 illis,
1531 1577 1606 1633 de
1661 1593 1784 1650 quo
1836 1576 2224 1633 disseruimus

2333 1588 2442 1642 ταῖς
2507 1583 2722 1657 ἡμέραις
2778 1581 3014 1649 ἐκείναις,
3081 1589 3199 1656 περὶ
3257 1585 3318 1637 οὗ
3385 1582 3690 1661 διελάϐομεν
3755 1590 3804 1644 ἐν
3865 1601 3935 1665 τῷ

573 1672 742 1729 tertio
769 1670 979 1743 capite.
1014 1672 1078 1726 Et
1109 1669 1189 1725 ita
1243 1669 1356 1724 hoc
1382 1668 1436 1723 in
1488 1668 1620 1723 loco
1658 1665 1839 1722 dictio
1872 1672 2034 1729 tunc,
2070 1665 2225 1721 ordi-

2334 1675 2492 1745 τρίτῳ
2531 1670 2810 1743 κεφαλαίῳ.
2861 1677 2957 1725 Καὶ
3003 1680 3091 1724 νῦν
3135 1669 3222 1725 οὖν
3267 1678 3324 1726 τὸ
3369 1680 3484 1728 τότε
3530 1677 3590 1728 ού
3634 1679 3781 1742 τάξιν
3812 1702 3932 1735 και-

573 1776 710 1818 nem
738 1759 1016 1833 temporis
1041 1774 1161 1814 non
1185 1756 1498 1829 signiﬁcat,
1524 1755 1624 1811 sed
1648 1754 1896 1828 quando
1918 1754 2062 1809 ﬁent
2089 1770 2224 1828 quae

2332 1767 2426 1833 ροῡ
2481 1765 2744 1832 σημαίνει,
2799 1760 2906 1812 ἁλλ’
2959 1762 3039 1814 ὅτι
3087 1763 3170 1815 ὅτε
3225 1768 3536 1834 γενήσονται
3583 1769 3649 1820 τὰ
3699 1769 3929 1843 ῥηθησό-

572 1850 827 1908 dicenda
864 1854 1021 1905 sunt.
1065 1847 1341 1904 Similiter
1395 1851 1452 1902 et
1488 1845 1617 1902 haec
1642 1845 1716 1901 ad
1755 1844 2052 1917 apostolos
2105 1843 2223 1900 dici

2259 1858 2298 1913 Β
2332 1868 2477 1922 μενοι.
2531 1855 2679 1902 Δοκεῖ
2723 1853 2813 1922 μεν
2865 1846 2953 1903 οὖν
3008 1852 3094 1904 κὰἱ
3153 1860 3316 1905 ταῦτα
3366 1857 3498 1929 πρὸς
3541 1860 3654 1918 τούς
3690 1856 3917 1911 ἁποσσό-

570 1937 847 1995 videntur
887 1955 901 2007 ;
933 1936 1006 1994 ad
1033 1951 1134 1992 eos
1163 1939 1368 1992 tamen
1400 1933 1668 2006 dirigitur
1701 1931 2084 1999 Christianos,
2117 1931 2223 2005 qui

2332 1938 2447 2000 λους
2491 1937 2765 2010 λέγεσθαιο
2801 1943 3040 2013 φέρονται
3092 1936 3151 1994 δι
3175 1944 3300 2016 πρὸς
3347 1947 3466 2006 τοὺς
3509 1943 3767 2019 ἐσομένους
3802 1951 3913 2000 τότε

574 2031 715 2084 tunc
735 2026 916 2082 futuri
953 2030 1139 2082 erant.

1041 2030 1139 2082 tnt.
2333 2030 2699 2104 Χριστιανούς.

645 2118 811 2172 Vers.
842 2117 930 2169 24.
962 2114 1212 2185 Surgent
1232 2143 1300 2153 —
1317 2111 1846 2200 pseudoprophetae
1864 2143 1932 2153 —
1955 2109 2221 2200 Surgent,

2404 2117 2807 2190 Ἐγερθήσονται
2871 2149 2941 2158 -
3000 2116 3456 2195 ψευδοπροφῆται.
3504 2121 3928 2200 Ἐγερθήσονται,

571 2205 689 2263 hoc
727 2208 835 2268 est,
878 2203 1136 2259 venient.
1181 2203 1328 2257 Sunt
1361 2205 1559 2257 autem
1605 2199 2063 2272 pseudochristi,
2122 2198 2223 2272 qui

2335 2205 2447 2260 ἁντὶ
2490 2214 2602 2273 τοῦ,
2654 2205 2965 2260 ἐλεύσονται.
3007 2212 3106 2260 Καὶ
3143 2205 3538 2284 ψευδόχριστοι
3577 2198 3668 2286 μέν
3716 2214 3848 2268 εἰσιν
3889 2217 3937 2269 οἱ

573 2309 636 2351 se
673 2293 966 2350 Christum
1002 2308 1134 2348 esse
1172 2291 1448 2362 ﬁngunt:
1492 2289 2028 2364 pseudoprOpheue
2058 2305 2217 2354 vero,

2333 2298 2724 2368 ὑποκρινόμενοι
2747 2299 2829 2348 τὸν
2851 2300 3102 2370 Χριστόν,
3120 2295 3556 2375 ψευδοπροφῆται
3578 2299 3640 2356 δι
3659 2305 3708 2356 οί
3724 2305 3939 2382 ὑποκρι-

571 2384 671 2457 qui
709 2399 773 2440 se
798 2383 1028 2456 ﬁngunt
1058 2397 1185 2438 esse
1212 2381 1555 2454 prophetas.

1348 2381 1529 2436 phetas
1543 2425 1555 2437 .
2330 2391 2529 2459 νόμενοι
2559 2390 2678 2448 τοὺς
2717 2391 3006 2460 προφήτας.

643 2471 806 2530 Vers.
833 2475 923 2528 2i.
953 2472 1033 2528 Et
1065 2503 1131 2512 —
1159 2470 1456 2541 prodigia.
1501 2469 1682 2525 Etiam
1731 2473 1868 2526 ante
1916 2483 2223 2542 expugna-

2406 2479 2506 2528 Καὶ
2562 2505 2631 2516 —
2659 2478 2867 2549 τέρατα.
2931 2480 3031 2528 Καὶ
3075 2479 3175 2540 πρὸ
3214 2485 3310 2540 τῆς
3359 2478 3594 2541 ἁλώσεως
3638 2489 3739 2532 τῶν
3778 2481 3931 2554 Ἰερο-

571 2565 793 2620 tionem
825 2561 1372 2635 Hierosolymorum
1397 2560 1544 2615 dixit
1566 2559 1792 2617 futuros
1816 2577 1944 2616 esse
1968 2559 2226 2632 pseudo-

2337 2564 2573 2636 σολύμων
2605 2561 2738 2617 εἶπεν
2778 2566 2990 2617 ἔσεσθαι
3033 2562 3452 2641 ψευδοχρίστους
3485 2570 3574 2618 καὶ
3620 2565 3923 2642 ψευδοπρο-

570 2653 916 2727 prophetas.
956 2650 1135 2706 Multi
1165 2649 1336 2715 enim,
1370 2648 1584 2721 inquit,
1617 2650 1844 2706 venient
1875 2650 1938 2705 in
1990 2649 2225 2707 nomine

2335 2659 2516 2726 φήτας.
2600 2651 2784 2705 Πολλοὶ
2865 2655 2988 2728 γὰρ,
3077 2659 3251 2727 φησιν,
3326 2652 3614 2707 ἐλεύσονται
3683 2655 3767 2709 ἐπὶ
3849 2665 3921 2728 τῷ

570 2758 698 2799 meo
743 2742 1023 2798 dicentes.
1069 2739 1193 2810 Ego
1249 2755 1377 2794 sum
1431 2739 1702 2795 Christus
1743 2740 1810 2792 ⁵ο.
1872 2739 1938 2793 Et
1972 2753 2218 2794 rursus:

2335 2741 2548 2814 ὀνόματί
2634 2760 2755 2814 μου,
2848 2741 3094 2814 λέγοντες,
3176 2742 3307 2815 Ἐγώ
3379 2742 3485 2816 εἰμι
3572 2745 3599 2796 ό
3668 2749 3924 2820 Χριστός.

569 2832 650 2889 Et
693 2831 868 2887 mulli
901 2828 1414 2899 pseudoprophetae
1455 2834 1721 2899 surgent.
1772 2826 1887 2883 Sed
1930 2827 2032 2898 qui
2086 2832 2222 2883 ante

2335 2837 2432 2886 Kal
2505 2830 2696 2884 πάλιν·
2783 2836 2884 2884 Καὶ
2966 2832 3142 2886 πολλοὶ
3203 2828 3636 2908 ψευδοπροφῆται
3717 2833 3930 2910 ἐγερθή-

569 2919 904 2976 secundum
935 2934 1106 2973 suum
1135 2917 1457 2974 adventum
1489 2917 1742 2980 venient,
1774 2915 1834 2972 hi
1881 2914 2058 2986 longe
2095 2931 2225 2986 gra-

2335 2940 2532 2976 σονται.
2600 2918 2734 2974 Ἀλλ’
2789 2922 2837 2972 οἱ
2897 2924 2997 2997 πρὸ
3062 2930 3157 2985 τῆς
3211 2919 3451 2999 δευτέρας
3510 2924 3671 2977 αὐτοῦ
3736 2943 3930 3000 παρου-

569 3008 766 3065 viores
801 3012 973 3064 erunt
1018 3006 1154 3073 illis,
1186 3006 1290 3079 qui
1339 3006 1576 3062 fuerunt
1627 3013 1762 3061 ante
1818 3005 2221 3077 captivitatem

2335 3015 2470 3076 σίας,
2504 3009 2648 3062 οὗτοι
2699 3009 2870 3082 πολλῷ
2925 3009 3208 3085 βαρύτεροι
3268 3021 3368 3065 τῶν
3418 3015 3516 3086 πρὸ
3565 3021 3661 3074 τῆς
3694 3012 3931 3076 ἁλώσεως

569 3095 1144 3169 Hierosolymorum.
1176 3099 1323 3152 Nam
1346 3095 1406 3150 hi
1436 3095 1608 3165 signa
1632 3109 1876 3168 quoque
1906 3109 2129 3165 magna
2153 3110 2223 3151 ac

2331 3107 2432 3151 τῶν
2461 3098 2847 3172 Ἱεροσολύμων.
2900 3098 3059 3152 Οὗτοι
3109 3102 3212 3174 ’γὰρ
3270 3105 3359 3154 καὶ
3403 3106 3692 3159 ποιήσουσι
3739 3109 3932 3164 σημεῖα

569 3187 844 3260 prodigia
867 3185 1084 3242 facient
1110 3203 1122 3241 :
1150 3183 1585 3258 pseudochristi
1636 3183 1880 3256 quidem
1935 3183 2223 3241 miracula

2273 3187 2530 3261 Ξμεγάλα
2576 3193 2664 3240 καὶ
2702 3192 2928 3262 τέρατα·
2986 3191 3034 3240 οἱ
3071 3191 3160 3262 μεν
3208 3186 3616 3265 ψευδόχριστοι,
3671 3191 3931 3263 θαυματο-

569 3277 834 3334 edentes:
856 3274 1398 3350 pseudoprophetae
1413 3289 1556 3330 vero
1567 3272 1848 3347 quaedam
1863 3272 2062 3330 futura
2076 3289 2219 3346 prai-

2331 3286 2615 3347 ποιοῦντες,
2677 3278 2726 3331 οἱ
2792 3274 2850 3331 δε
2914 3274 3363 3353 ψευδοπροφῆται,
3428 3279 3760 3352 προλέγοντές
3814 3299 3931 3334 τινα

569 3367 853 3424 dicentes.

2329 3365 2593 3439 μέλλοντα.

636 3457 802 3512 Vers.
833 3456 924 3512 24.
955 3454 1045 3510 Ita
1095 3458 1161 3509 ut
1208 3482 1279 3494 —
1334 3453 1529 3510 electi.
1582 3451 1641 3508 Si
1698 3451 1826 3508 ﬁeri
1872 3455 2085 3526 potest,
2135 3452 2220 3508 eis

2369 3451 2558 3508 ’⁸Ωστε
2609 3485 2677 3498 -
2731 3452 3014 3519 ἐκλεκτούς.
3077 3455 3137 3512 Εἰ
3187 3452 3408 3510 δυνατὸν
3465 3455 3644 3520 αύτοῖς
3693 3461 3925 3531 γένηται.

566 3543 780 3600 dicitur
808 3544 896 3616 (ι).
949 3542 1104 3598 Inter
1133 3538 1616 3614 pseudochristos
1677 3545 1879 3597 autem
1939 3555 2094 3595 unus
2129 3543 2222 3595 est

2327 3547 2532 3598 Τούτων
2585 3553 2682 3597 τῶν
2710 3541 3116 3620 ψευδοχρίστων
3169 3547 3242 3608 εἷς
3298 3545 3531 3600 ἐστικαὶ
3581 3549 3606 3600 ὁ
3658 3547 3926 3622 λεγόμενος

564 3633 976 3695 Antichristus,
1045 3636 1374 3703 postremus
1426 3645 1634 3686 eorum
1682 3634 1983 3694 venturus,
2043 3628 2217 3700 cujus

2329 3633 2714 3710 ’Δντίχριστος,
2779 3633 3067 3695 τελευταῖος
3130 3643 3230 3686 τῶν
3277 3635 3439 3687 ἄλλων
3495 3634 3793 3709 ἐρχόμενος,
3866 3637 3928 3690 οὗ

565 3723 872 3795 Ρτορὶιείω
902 3719 1005 3790 qui
1044 3718 1342 3783 dicuntur,
1373 3718 1435 3774 hi
1466 3723 1606 3774 sunt
1633 3717 2176 3790 pseudoprophetis
2202 3733 2215 3774 :

2329 3731 2593 3797 προφῆται
2655 3725 2703 3776 οἱ
2765 3723 2999 3797 ῥηθέντες
3062 3721 3206 3775 οὗτοι
3275 3719 3729 3797 ψευδοπροφῆται.
3799 3731 3926 3801 Περὶ

565 3810 641 3866 de
671 3825 793 3882 quo
813 3809 990 3863 etiam
1028 3805 1242 3861 Paulus
1261 3805 1492 3878 scripsit
1520 3822 1534 3860 :
1569 3811 1890 3878 postquam
1922 3805 2080 3861 enim
2110 3821 2222 3864 vo-

2328 3815 2514 3865 τούτου
2554 3817 2641 3865 καὶ
2687 3812 2885 3872 Παῦλος
2914 3810 3143 3884 ἐγραψεο
3204 3810 3426 3874 καλέσας
3466 3813 3568 3886 γὰρ
3599 3814 3716 3886 (27)
3771 3815 3925 3869 αύτὸν

566 3898 717 3954 cavit
745 3911 886 3951 eum
929 3893 1236 3950 hominem
1284 3892 1532 3965 peccati,
1581 3893 1896 3965 ﬁliumque
1944 3893 2222 3966 perditio-

2329 3903 2597 3977 ἄνθρωπον
2656 3901 2931 3977 ἁμαρτίας,
2987 3905 3076 3954 καὶ
3140 3902 3252 3953 υἱὸν
3315 3898 3590 3968 ἀπωλείας,
3642 3902 3926 3976 ἐπήγαγεν,

565 3985 680 4051 nis,
713 3982 945 4040 addidit
975 4000 989 4038 :
1024 3982 1201 4052 Cujus
1226 3991 1308 4038 est
1353 3982 1629 4040 adventus
1677 3982 1989 4040 secundum
2017 3999 2223 4054 opera-

2331 3989 2408 4044 Οὔ
2464 3989 2600 4043 ἐστιν
2663 3991 2691 4048 ἡ
2757 3994 3024 4066 παρουσία
3085 3991 3200 4043 κατ’
3260 3989 3506 4065 ἐνέργειαν
3568 3999 3659 4045 τοῦ
3705 3997 3925 4066 Σατανὰ,

569 4075 787 4135 tionem
808 4075 1048 4130 Satanae
1074 4072 1132 4126 in
1149 4071 1307 4127 omni
1332 4071 1544 4129 virtute
1567 4078 1621 4129 et
1649 4074 1821 4144 signis
1845 4089 1917 4130 ac
1932 4074 2221 4146 prodigiis

2331 4078 2379 4133 ἐν
2443 4082 2588 4153 πάσῃ
2659 4075 2880 4153 δυνάμει
2948 4085 3038 4133 καὶ
3105 4084 3342 4153 σημείοις
3410 4083 3498 4133 καὶ
3558 4086 3739 4156 τέρασι
3802 4083 3930 4154 ψεύ-

567 4165 711 4238 falsi
725 4163 792 4219 ⁵¹.
825 4161 895 4218 Hi
927 4176 1070 4234 ergo
1086 4160 1326 4232 signum
1356 4165 1496 4218 sunt
1516 4162 1764 4220 secundi
1795 4162 2108 4221 adventus.

2331 4166 2469 4232 δονς.
2524 4169 2684 4222 Οὗτοι
2745 4165 2832 4222 οὖν
2876 4171 2979 4224 εἰσι
3025 4173 3085 4224 τὸ
3127 4177 3340 4244 σημεῖον
3381 4178 3478 4232 τῆς
3525 4166 3763 4244 δευτέρας
3791 4190 3924 4243 παρ-

2331 4262 2535 4320 ουσίας.

636 4350 795 4404 Vers.
850 4349 939 4403 25.
993 4349 1144 4406 Ecce
1187 4344 1451 4416 prcedixi
1505 4344 1687 4402 vobis.
1733 4345 2001 4401 Testatur
2051 4341 2219 4418 quod

2405 4343 2564 4418 Ἰδού,
2648 4350 2936 4423 προείρηκα
2999 4347 3140 4420 ύμῖν.
3210 4349 3620 4424 Διαμαρτύρεται
3695 4343 3915 4419 ἐξασφα-

565 4437 877 4495 manifeste
897 4435 1279 4510 praedicendo
1302 4433 1596 4490 munierit.
1612 4433 1785 4506 Apud
1799 4436 2056 4490 Marcum
2076 4450 2217 4491 vero

2329 4435 2611 4508 λιξόμενος.
2676 4438 2826 4511 Παρὰ
2879 4432 2938 4488 δι
3002 4443 3074 4505 τῷ
3140 4441 3336 4509 Μαρκῳ
3399 4457 3576 4510 φησιν,
3630 4434 3796 4508 Ὑμεῖς
3859 4432 3917 4489 δ“ε

565 4528 647 4585 ait
678 4543 691 4581 :
731 4527 829 4584 Vos
857 4532 1052 4582 autem
1079 4524 1300 4581 videte:
1333 4537 1463 4580 ecce
1479 4521 1734 4594 praedixi
1749 4523 1901 4578 vobis
1925 4521 2120 4578 omnia
2145 4523 2213 4589 δ’,

2267 4523 2566 4598 )βλέπετε,
2657 4521 2774 4577 ἰδοὺ
2871 4527 3156 4599 προείρηκα
3233 4526 3418 4591 πάντα,
3514 4523 3772 4591 δηλονότι,
3858 4527 3925 4578 τὰ

565 4631 704 4688 quas
756 4614 1028 4670 videlicet
1083 4612 1428 4686 contingent
1480 4611 1556 4669 de
1613 4611 2047 4667 seductoribus.
2109 4612 2218 4669 Per

2327 4619 2444 4689 περὶ
2489 4622 2584 4666 τῶν
2630 4613 2850 4667 πλάνων.
2911 4614 3006 4665 Διὰ
3063 4608 3122 4664 δέ
3159 4619 3260 4682 τῷν
3309 4611 3628 4678 ἀποστόλων,
3681 4616 3748 4676 ὡς
3803 4632 3926 4687 προ-

567 4702 874 4778 apostolos
926 4718 1068 4760 vero
1124 4702 1249 4758 haec
1297 4702 1475 4759 etiam
1531 4700 1673 4756 dicit
1701 4700 1778 4756 ad
1826 4707 2120 4773 posteros,
2153 4705 2218 4756 ut

2330 4699 2650 4767 δεδήλωται,
2691 4705 2821 4776 πρὸς
2871 4704 2988 4762 τοὺς
3043 4700 3256 4774 ὕστερον
3309 4710 3476 4756 ταῦτα
3531 4702 3684 4775 λέγει.
3747 4709 3923 4777 Παραο

565 4794 728 4867 prius
760 4791 1158 4863 signiﬁcatum
1188 4795 1293 4848 est.
1337 4791 1604 4846 Observa
1637 4788 1799 4844 enim
1847 4789 2012 4860 quod
2039 4790 2215 4845 etiam

2326 4796 2560 4865 τήρησον
2598 4794 2721 4865 γὰρ,
2781 4792 2861 4844 ὃτι
2891 4793 3019 4864 πρὸς
3070 4793 3184 4851 τοὺς
3216 4789 3532 4853 ἀποστόλους
3565 4790 3674 4844 εἷπε
3715 4797 3806 4844 καὶ
3860 4793 3930 4845 τὰ

567 4881 648 4940 ad
670 4881 970 4956 apostolos
995 4879 1555 4955 praedixeriteaquaa
1582 4876 1657 4933 de
1670 4876 2216 4951 Hierosolymorum

2329 4885 2446 4956 περὶ
2509 4887 2600 4942 τῆς
2656 4879 2890 4942 ἁλώσεως
2941 4887 3040 4932 τῶν
3103 4877 3490 4953 Ἰεροσολύμων,
3543 4885 3632 4934 καὶ
3691 4883 3758 4935 τὰ
3807 4885 3931 4956 περὶ

637 5062 690 5108 ⁸ο
727 5061 922 5121 Matth.
955 5059 1111 5131 xxiv,
1138 5058 1194 5113 5.
1272 5057 1317 5094 “
1353 5055 1398 5112 II
1431 5053 1635 5112 Thess.
1668 5069 1728 5125 ιι,
1759 5059 1812 5125 3,
1849 5059 1900 5114 9.
1977 5057 2024 5094 "
2048 5059 2221 5115 Marc.
2247 5073 2370 5124 xm,
2395 5057 2484 5118 23.

1766 5233 1999 5306 Varia
2037 5235 2368 5306 lectiones
2408 5247 2474 5307 et
2512 5247 2722 5310 nota.

637 5437 752 5512 (29)
777 5439 912 5512 Haec
941 5432 1002 5490 in
1032 5435 1238 5512 neutro
1261 5435 1924 5512 meorutncomparent.
1964 5429 2219 5508 Sumpta
2399 5435 2512 5508 (27)
2556 5437 2678 5510 Γάρ,
2712 5433 2884 5494 abest
2909 5437 2977 5494 A.

568 5503 709 5567 sunt
735 5503 809 5566 ex
835 5505 1263 5579 Theophylact.
1293 5519 1354 5578 p.
1385 5503 1492 5562 145
1518 5509 1590 5561 Α.

565 5681 718 5833 pagg
720 5682 1271 5816 billeen‘tflniusliycm
1291 5685 1523 5742 videtur
1553 5683 1770 5756 legisse
1814 5684 1944 5742 loco
1981 5688 2216 5757 γένηται,
2247 5683 2414 5756 quod
2450 5688 2654 5742 tamen
2700 5683 2949 5743 minime
2996 5683 3402 5759 probandum.
3453 5685 3693 5744 Redde:
3741 5686 3802 5744 Si
3850 5691 3947 5748 είς
