4198 6516
227 419 333 484 617

1137 419 1512 483 COMMENT.
1558 421 1628 478 IN
1668 413 2116 512 MATT‘HEUM.
2157 451 2227 463 ——
2266 419 2424 478 CAP.
2465 419 2666 478 XXIV.

3492 421 3596 479 618

229 562 323 615 τῆς
363 551 612 629 δευτέρας
657 553 816 606 αὐτοῦ
859 552 1172 625 παρουσίας,
1203 551 1272 612 ὡς
1314 551 1446 624 πρὸς
1476 545 1834 608 διδασκάλους

1971 546 2276 618 aptivitate
2306 546 2466 604 dicta
2487 549 2644 614 sunt,
2675 561 2926 620 quaeque
2955 543 3029 602 de
3064 545 3326 604 secundo
3353 563 3464 604 suo
3495 547 3600 604 ad~

232 651 329 696 τοῦ
378 648 490 697 νέου
537 641 683 710 λαοῦ,
729 646 1019 714 γινώσκων,
1063 641 1144 692 ὅτι
1190 645 1279 692 καὶ
1321 636 1606 702 διδάξουσι
1646 638 1833 707 ταῦτα,

233 737 324 786 καὶ
376 731 664 806 γράφουσι,
726 734 859 804 πρὸς
913 750 968 783 τε
1025 727 1312 796 ἀπόδειξιν,
1367 730 1434 780 ὧν
1487 734 1837 804 προεφήτευσε

234 825 357 898 περὶ
412 830 503 882 τῆς
568 820 826 889 ἁλώσεως,
879 823 968 872 καὶ
1025 822 1148 892 πρός
1219 817 1500 892 ἀσφάλειαν
1571 827 1670 871 τῶν
1737 820 1836 893 πρὸ

235 918 329 973 τῆς
360 907 606 984 δευτέρας
633 913 929 984 παρουσίας
956 917 1176 964 πιστῶν.

309 1089 426 1143 Ἐὰν
482 1085 570 1142 οὖν
627 1119 694 1130 -
753 1089 1093 1146 πιστεύσητε,
1166 1089 1232 1139 Οἱ
1308 1092 1476 1138 ταῦτα
1549 1091 1838 1143 τηνικαῦτα

233 1180 466 1251 λέγοντες
513 1181 811 1254 προπομποί
862 1181 954 1229 καὶ
1023 1177 1278 1249 ὑπηρέται
1320 1182 1410 1228 τοῦ
1464 1175 1837 1248 Ἀντιχρίστου

234 1273 362 1325 εὶσὶ,
394 1275 595 1340 Ταμεία
623 1264 682 1320 δὲ
711 1270 813 1320 νόει
836 1273 924 1318 νῦν
949 1267 1016 1318 τὰ
1052 1273 1151 1318 τῶν
1181 1269 1355 1321 οὶκιῶν
1387 1260 1658 1317 ίνδότατα.

306 1464 508 1540 Ὠσπερ
557 1495 624 1506 -
665 1460 957 1537 ἀνθρώπου.
1000 1459 1199 1534 Ὠσπερ
1248 1462 1278 1519 ἡ
1341 1457 1606 1534 ἀστραπὴ,
1658 1464 1837 1532 φησὶν,

239 1557 530 1630 ἐξέρχεται,
585 1558 676 1606 καὶ
720 1557 951 1626 φαίνεται
990 1557 1172 1619 πᾶσιν,
1220 1549 1278 1602 οὐ
1337 1545 1551 1622 δεομένη
1593 1553 1837 1622 κήρυκος,

240 1643 364 1701 οὐδε
437 1644 846 1720 προμηνύοντος,
915 1640 1042 1694 ἀλλά
1106 1646 1168 1713 τῇ
1234 1637 1488 1714 ὑπερϐολῇ
1556 1647 1650 1712 τῆς
1704 1634 1842 1698 ἰδίας

237 1736 608 1810 λαμπρότητος
678 1731 727 1784 ἐν
803 1729 1053 1803 ἀκαριαίᾳ
1119 1729 1254 1804 ῥοπῇ
1308 1735 1495 1802 καιροῦ
1565 1731 1840 1801 φαινομένη

239 1827 385 1899 πάσῃ
447 1831 510 1896 τῇ
570 1822 867 1893 οἰκουμένῃ·
925 1826 1088 1879 οῦτως
1143 1821 1292 1870 ἔσται
1345 1821 1434 1870 καὶ
1483 1819 1514 1876 ἡ
1577 1822 1844 1891 παρουσία

1941 641 2141 701 ventu,
2167 640 2456 709 tanquam
2487 637 2563 693 ad
2581 642 2969 708 praeceptores
2991 635 3122 692 novi
3143 637 3342 709 populi
3369 655 3381 692 :
3403 637 3598 693 sciens

1943 726 2108 798 quod
2139 726 2315 781 etiam
2346 727 2469 795 haec
2499 725 2728 782 docturi
2755 732 2953 781 essent
3000 742 3070 782 ac
3110 726 3402 799 scripturi.
3437 731 3493 782 et
3522 726 3602 782 ad

1946 814 2518 871 demonstrationem
2555 831 2761 871 eorum
2793 832 2927 887 quae
2955 816 3322 886 prOphetavit
3359 816 3432 871 de
3465 832 3602 888 cap-

1949 903 2185 969 tivitate,
2214 909 2269 960 et
2293 904 2370 959 ad
2393 904 2788 960 munitionem
2811 904 3099 971 ﬁdelium,
3124 904 3228 976 qui
3252 904 3436 961 futuri
3464 908 3602 961 sunt

1947 997 2082 1050 ante
2128 993 2457 1048 secundum
2488 993 2617 1063 ejus
2647 993 2993 1050 adventum.

2018 1082 2180 1137 Vers.
2213 1085 2300 1137 26.
2334 1081 2402 1138 Si
2426 1097 2552 1153 ergo
2571 1113 2634 1122 —
2667 1083 2923 1138 credere.
2950 1083 3213 1148 Quitunc
3233 1082 3356 1138 bzec
3381 1081 3599 1150 dicent,

1945 1171 2262 1244 prtenuntii
2290 1177 2462 1228 erunt
2491 1187 2558 1228 ac
2589 1171 2837 1227 ministri
2881 1171 3238 1229 Antichristi.
3285 1173 3605 1230 Penetralia

1948 1266 2146 1318 autem
2177 1275 2339 1317 nunc
2359 1260 2631 1331 intelligit
2649 1259 2782 1317 loca
2798 1261 2859 1316 in
2880 1261 3164 1317 domibus
3183 1263 3374 1333 magis
3400 1277 3605 1319 recon-

1947 1350 2090 1407 dita.

2020 1440 2180 1495 Vers.
2213 1442 2303 1497 27.
2323 1439 2488 1496 Sicut
2513 1471 2580 1481 —
2630 1438 2888 1496 hominis.
2925 1440 3105 1509 Sicut,
3147 1441 3358 1513 inquit,
3407 1440 3607 1512 fulgur

1949 1528 2267 1602 egreditur.
2295 1534 2351 1586 et
2378 1530 2734 1586 omnibusin
2752 1533 3074 1602 conspicuo
3099 1536 3204 1596 est,
3234 1529 3395 1586 nullo
3425 1547 3609 1602 egens

1950 1635 2225 1693 praecone
2277 1623 2378 1676 aut
2437 1618 2896 1692 praenuntiante,
2957 1619 3064 1675 sed
3121 1620 3429 1676 excessivo
3498 1637 3608 1676 suo

1950 1709 2285 1782 splendore,
2323 1708 2572 1765 minimo
2611 1709 2898 1782 temporis
2950 1716 3276 1775 momento,
3330 1708 3609 1766 universo

1951 1803 2202 1871 apparet
2225 1799 2352 1856 orbi
2381 1815 2393 1852 :
2417 1799 2497 1854 ita
2515 1814 2755 1872 quoque
2767 1799 2874 1855 erit
2902 1799 3193 1854 adventus
3225 1797 3341 1866 ille,
3369 1803 3612 1871 propter

241 1887 433 1968 ἕκείύου
483 1887 623 1984 (28),
681 1887 775 1962 διὰ
821 1887 921 1967 τὴν
986 1905 1270 1984 ὑπερϐολὴν
1316 1914 1407 1967 τῆς
1463 1887 1663 1969 οἰκείας.
1705 1907 1841 1980 λαμ-

1971 1887 2430 1959 nagnitudinem
2457 1890 2544 1943 sui
2581 1887 2939 1960 splendoris,
2981 1887 3260 1944 omnibus
3311 1887 3483 1943 simul
3509 1903 3614 1961 ap-

241 2007 507 2079 πρὸτητος
556 2006 719 2054 πᾶσιν
767 1999 896 2071 όμοῦ
943 2000 1240 2070 φαινομένη,
1297 2000 1388 2048 καὶ
1439 2000 1680 2069 γινομένη
1736 2001 1845 2057 τοῖς

247 2091 536 2166 ἀνθρώποις
592 2087 906 2160 αὐτάγγελος
977 2086 1182 2147 ἑαυτῆς.
1257 2085 1332 2138 Οὐ
1389 2086 1512 2158 γὰρ,
1574 2084 1746 2160 ὥσπερ
1810 2087 1840 2144 ἡ

251 2184 431 2254 πρώτη
487 2182 749 2253 παρουσία
800 2178 932 2250 μετὰ
980 2179 1245 2247 πτωχείας
1291 2179 1380 2227 καὶ
1433 2170 1651 2237 ἀδοξίας
1694 2178 1846 2246 γέγο-

251 2288 333 2322 νεν
397 2268 556 2328 οὕτως
616 2270 762 2319 ἔσται
809 2270 900 2318 καὶ
955 2266 986 2323 ἡ
1051 2262 1298 2339 δευτέρα.
1363 2262 1491 2316 ἀλλά
1554 2266 1846 2316 τούναντίον

253 2359 390 2417 αὕτη
439 2358 570 2430 μετά
615 2352 873 2428 δυνάμεως
928 2359 1019 2407 καὶ
1087 2350 1248 2416 δόξης
1302 2352 1497 2416 πολλῆς
1547 2359 1846 2426 γενήσεται,

253 2443 651 2522 δορυφορούσης
703 2444 912 2506 ἁπάσης
956 2443 1198 2512 οὐρανίου
1247 2449 1518 2517 στρατιᾶς,
1558 2447 1645 2495 Διό
1673 2439 1848 2506 οὐδεὶς

247 2535 510 2610 ἀγνοῆσαι
537 2537 728 2593 ταύτην
753 2539 868 2587 τότε
903 2534 1015 2606 (29)
1049 2529 1348 2592 δυνήσεται.

318 2625 489 2680 Ὀπου
541 2655 610 2667 -
660 2623 817 2681 ἀετοί.
871 2630 1036 2678 Τοῦτο
1089 2619 1196 2677 εἶπε
1248 2619 1343 2676 διὰ
1408 2626 1501 2682 τὴν
1562 2630 1854 2683 τηνικαῦτα

246 2713 590 2793 δορυφορίαν.
670 2718 772 2768 Καὶ
853 2712 1018 2774 ἀετοῖς
1093 2715 1184 2785 μὲν
1245 2715 1366 2775 τοὺς
1434 2709 1854 2789 δορυφοροῦντας

244 2812 580 2881 παρείκασεν,
647 2806 715 2866 ὡς
767 2807 857 2856 καὶ
907 2801 1128 2862 πτηνούς
1184 2807 1274 2854 καὶ
1327 2800 1659 2874 βασιλικούς·
1715 2808 1850 2856 πτώ-

244 2916 380 2971 ματι
431 2892 491 2948 δί
541 2894 745 2963 ἑαυτὸν,
804 2894 869 2952 ὡς
932 2895 1231 2963 συναγωγὸν
1299 2899 1399 2943 τῶν
1465 2895 1710 2945 τοιούτων
1769 2891 1856 2945 ἀε-

247 2995 373 3052 τῶν,
427 2989 518 3038 καὶ
565 2987 630 3044 ὡς
688 2986 881 3056 τροφὴν
948 2985 1299 3054 πνευματικὴν
1357 2980 1524 3034 αὐτῶν
1567 2986 1657 3035 καὶ
1716 2982 1854 3043 ζωὴν

248 3076 482 3133 αἰώνιον.
507 3081 662 3147 Σῶμα
693 3068 753 3125 δε
771 3074 828 3125 τὸ
858 3078 1050 3144 ωτῶμα
1076 3069 1299 3145 ἲγραψεν
1331 3074 1353 3124 ό
1392 3077 1619 3134 Λουκᾶς.

1952 1993 2183 2050 parens,
2209 1982 2266 2033 et
2283 1977 2470 2032 factus
2487 1976 2828 2033 hominibus
2849 1976 2976 2048 ipse
2999 1977 3090 2032 sui
3121 1976 3380 2032 nuntius.
3410 1975 3610 2049 Neque

1954 2066 2115 2123 enim
2143 2065 2662 2139 quemadmodum
2686 2066 2918 2138 primus
2949 2065 3238 2122 adventus
3271 2065 3331 2122 in
3357 2081 3614 2139 pauper-

1954 2161 2070 2213 tate
2092 2161 2148 2212 et
2181 2155 2443 2212 nominis
2460 2156 2814 2212 obscuritate
2840 2154 3028 2212 factus
3046 2161 3154 2225 est,
3189 2157 3270 2213 ita
3295 2156 3402 2212 erit
3435 2160 3492 2213 et
3522 2173 3613 2212 se-

1956 2245 2186 2302 cundus
2215 2263 2229 2315 ;
2258 2246 2363 2302 sed
2384 2261 2416 2301 e
2441 2245 2677 2302 diverso
2705 2245 2799 2300 hic
2849 2261 2987 2302 cum
3017 2249 3305 2318 potestate
3345 2250 3400 2302 et
3427 2245 3616 2316 gloria

1957 2350 2181 2406 magna
2212 2335 2332 2403 ﬁet,
2384 2334 2640 2408 stipante
2667 2335 2832 2392 omni
2878 2335 3098 2392 caelesti
3149 2335 3446 2392 exercitu:
3477 2333 3614 2391 ideo

1957 2425 2156 2482 nullus
2179 2425 2342 2481 hunc
2369 2423 2644 2496 ignorare
2681 2429 2822 2481 tunc
2851 2424 3088 2497 poterit.

2032 2649 2197 2706 Vers.
2225 2650 2318 2704 28.
2349 2646 2685 2719 Ubicunque
2702 2677 2772 2688 -
2796 2645 3035 2720 aquilas.
3069 2646 3190 2705 Hoc
3217 2642 3357 2705 dicit
3373 2651 3618 2721 propter

1963 2738 2302 2795 satellitium
2333 2754 2454 2810 quo
2482 2741 2622 2793 tunc
2674 2737 3162 2794 circumdabitur.
3214 2739 3279 2794 Et
3331 2743 3617 2811 stipantes

1962 2828 2201 2901 quidem
2235 2827 2592 2883 assimilavit
2623 2827 2858 2898 aquilis,
2902 2832 3192 2900 tanquam
3227 2827 3414 2884 alatos
3441 2845 3509 2884 ac
3533 2845 3619 2885 re-

1964 2918 2110 2988 gios,
2141 2918 2403 2990 seipsum
2432 2933 2572 2973 vero
2603 2917 2900 2981 cadaveri,
2929 2922 3210 2990 tanquam
3253 2934 3618 2989 congregan-

1963 3012 2084 3064 tem
2104 3006 2451 3078 hujusmodi
2470 3008 2724 3079 aquilas,
2750 3011 2804 3062 et
2828 3008 3002 3078 quasi
3023 3007 3223 3062 cibum
3244 3008 3618 3079 spiritualem

1965 3111 2190 3163 eorum,
2208 3095 2516 3166 vitamque
2537 3095 2982 3166 sempiternam.
3002 3095 3188 3150 Lucas
3206 3101 3406 3151 autem
3439 3097 3483 3130 ⁵³
3509 3111 3617 3168 pro

1968 3186 2270 3242 Cadavere
2309 3183 2506 3255 posuit
2529 3184 2780 3252 Corpus,
2808 3181 2923 3238 hoc
2953 3188 3040 3238 est
3066 3199 3172 3254 pro
3205 3190 3417 3255 Πτῶμα,
3442 3191 3614 3256 Σῶμα.

322 3272 526 3334 Εὐθέως
582 3300 650 3310 -
719 3267 959 3342 οὐρανοῦ.
1039 3272 1165 3341 Περὶ
1239 3270 1433 3321 τούτων
1509 3265 1615 3322 εἷπε
1684 3273 1773 3322 καὶ
1830 3270 1854 3322 ό

2037 3277 2194 3330 Vers.
2225 3247 2329 3328 ‘29:
2360 3272 2570 3328 Statim
2609 3247 2664 3314 --ξ
2689 3247 2847 3326 caelo.
2882 3273 2957 3324 De
2987 3247 3084 3326 his
3109 3271 3254 3326 dixit
3281 3247 3337 3326 et
3366 3247 3553 3326 Lucas
3601 3290 3614 3324 :

254 3369 486 3429 Λουκᾶς,
544 3362 622 3413 ὅτι
683 3365 785 3412 Και
835 3361 982 3410 ἔσται
1036 3364 1230 3430 σημεῖα
1281 3357 1330 3409 ἐν
1381 3357 1510 3428 ἡλίῳ
1563 3363 1651 3410 καὶ
1706 3359 1853 3418 σελή-

251 3472 314 3526 νῃ
379 3455 469 3504 καὶ
524 3451 758 3524 ἄστροις.
823 3447 961 3520 Ὀρα
1022 3444 1099 3518 δι,
1163 3455 1274 3509 πῶς
1349 3449 1567 3522 εἰρηκεν,
1628 3449 1708 3500 ὃτι
1778 3449 1857 3500 εὐ-

256 3545 404 3606 θέως,
477 3545 746 3610 παριστῶν
803 3538 884 3589 ὅτι
959 3537 1088 3609 ὁμοῦ
1162 3531 1360 3608 σχεδόν
1435 3535 1634 3594 άηαντα
1689 3538 1751 3589 τά
1802 3556 1857 3590 τε

253 3634 625 3705 προειρημένα,
675 3631 766 3678 καὶ
813 3632 999 3693 ταῦτα,
1052 3630 1142 3677 καὶ
1193 3627 1258 3677 τά
1310 3625 1647 3700 ῥηθησόμενα
1697 3631 1854 3698 γενή-

261 3739 460 3774 σονται.
515 3716 758 3770 Συστελεῐ
805 3718 902 3788 γὰρ
955 3717 1042 3766 καὶ
1105 3721 1285 3766 τοῦτον
1337 3718 1424 3767 τόν
1484 3719 1773 3792 πειρασμὸν
1829 3719 1856 3770 ό

260 3812 388 3870 Θεὸς
455 3804 551 3860 διὰ
612 3809 736 3868 τοὺς
803 3802 1068 3865 ἐκλεκτοὺς
1129 3803 1312 3859 αὐτοῦ.
1373 3803 1566 3876 Θλίψιν
1619 3807 1708 3878 μὲν
1770 3805 1858 3860 οὖν

257 3899 396 3971 λέγει
442 3901 535 3956 τὴν
584 3895 685 3949 ἀπὸ
739 3901 832 3948 τοῦ
875 3893 1272 3965 Ἀντιχρίστου,
1310 3898 1401 3946 καὶ
1444 3901 1544 3946 τῶν
1599 3899 1716 3968 περὶ
1769 3897 1860 3949 αὐο

262 3992 353 4041 τὸν
420 3985 738 4049 ἀπατεώνων,
807 3982 925 4044 ητις
975 3981 1205 4052 ἐκθλίψει
1268 3981 1383 4053 (30)
1437 3987 1559 4044 τοὺς
1610 3983 1855 4048 εὐσεϐεῖς.

263 4076 326 4133 Ὀ
371 4075 512 4136 ἣλιος
557 4071 612 4128 δί
663 4073 1094 4136 σκοτισθήσεται,
1152 4070 1247 4122 οὐκ
1292 4069 1682 4145 ἀφανιζόμενος,
1734 4073 1862 4128 ἀλλὰ

263 4170 532 4240 νικώμενος
582 4173 654 4236 τῷ
704 4167 834 4236 φωτὶ
880 4169 976 4223 τῆς
1025 4164 1316 4233 παρουσίας
1368 4168 1459 4213 τοῦ
1507 4169 1770 4235 Χριστοῦ·
1827 4165 1858 4222 ἡ

264 4253 327 4310 δέ
372 4255 558 4315 σελήνη
606 4252 665 4306 οὐ
715 4248 878 4304 δώσει
916 4253 974 4302 τό
1023 4254 1206 4322 φέγγος
1241 4248 1414 4314 αὐτῆς,
1466 4255 1556 4302 καὶ
1593 4254 1657 4303 τὰ
1694 4253 1865 4327 ἄστρα

256 4354 564 4415 πεσοῦνται,
613 4345 681 4404 ὡς
733 4344 921 4413 μηκέτι
976 4343 1164 4413 χρείας
1214 4341 1379 4401 οὐσης
1427 4338 1619 4397 αὐτῶν.
1674 4341 1864 4394 Οὐκέτι

253 4439 359 4510 γὰρ
401 4438 551 4488 ἔσται
588 4431 706 4494 νύξ.
754 4429 813 4482 ⁸0
861 4425 921 4482 δί
967 4433 1173 4489 Λουκᾶς
1214 4427 1456 4502 ἔγραψεν,
1504 4429 1584 4481 ὅτι
1629 4435 1730 4483 Καὶ
1780 4429 1864 4484 ἐπὶ

255 4532 362 4585 τῆς
430 4530 528 4593 γῆς
599 4523 801 4591 συνοχὴ
863 4515 1016 4570 ἐθνῶν
1071 4516 1121 4569 ἐν
1195 4515 1407 4593 ἀπορίᾳ,
1468 4518 1710 4590 ἡχούσης
1777 4522 1864 4573 θα-

1965 3365 2046 3420 Et
2075 3370 2245 3420 erunt
2270 3363 2436 3432 signa
2465 3362 2527 3416 in
2571 3360 2712 3424 sole,
2746 3365 2801 3415 et
2857 3361 3020 3428 luna,
3067 3365 3123 3415 et
3170 3359 3352 3415 stellis
3378 3360 3445 3414 5‘.
3476 3358 3618 3414 Vide

1966 3460 2167 3512 autem
2199 3450 2496 3524 quomodo
2523 3450 2754 3515 dixerit,
2772 3452 3005 3514 Statim,
3023 3449 3441 3505 demonstrans
3453 3448 3620 3522 quod

1966 3541 2144 3601 simul
2174 3543 2293 3598 fere
2321 3540 2546 3604 omnia,
2565 3544 2621 3595 et
2646 3556 2780 3612 quee
2808 3538 2965 3594 dicta
2981 3544 3136 3605 sunt,
3171 3543 3226 3595 et
3253 3537 3382 3593 haec
3406 3543 3460 3594 et
3491 3555 3620 3610 quae

1966 3637 2254 3700 dicentur,
2289 3631 2445 3688 ﬁent.
2491 3629 2780 3687 Breviabit
2823 3629 3110 3702 siquidem
3142 3635 3195 3686 et
3236 3630 3394 3686 hanc
3436 3634 3623 3685 tenta-

1965 3725 2188 3784 tionem
2219 3724 2375 3778 Deus
2428 3724 2669 3793 propter
2727 3719 2946 3776 electos
2992 3736 3152 3775 suos.
3227 3716 3624 3775 Aﬁlictionem

1969 3820 2169 3873 autem
2195 3812 2334 3869 dicit
2388 3827 2523 3867 eam
2575 3826 2711 3882 quae
2778 3811 2850 3865 ab
2882 3809 3236 3866 Antichristo
3291 3809 3624 3865 movebitur

1967 3905 2218 3978 ejusque
2251 3901 2681 3966 seductoribus,
2714 3904 2768 3955 et
2794 3899 2925 3972 pios
2956 3897 3198 3970 affliget.
3230 3898 3319 3954 Sol
3357 3915 3494 3955 vero
3521 3899 3625 3955 ob-

1971 3993 2354 4051 scurabitur:
2405 4005 2526 4047 non
2566 4005 2598 4045 e
2643 3989 2839 4046 medio
2901 3989 3192 4054 sublatus,
3251 3988 3357 4044 sed
3419 3986 3628 4045 Christi

1970 4082 2259 4139 venientis
2285 4079 2412 4134 luce
2465 4080 2800 4149 superatus.
2846 4077 3010 4133 Luna
3054 4083 3252 4132 autem
3281 4078 3417 4147 {non
3460 4075 3628 4131 dabit

1971 4171 2350 4244 splendorem
2383 4181 2558 4222 suum
2592 4182 2606 4232 ;
2631 4171 2686 4220 et
2715 4165 2893 4220 stellae
2919 4165 3151 4231 cadent,
3186 4167 3475 4234 tanquam
3499 4162 3629 4218 nul-

1971 4261 2012 4317 li
2039 4258 2297 4332 amplius
2326 4254 2464 4311 usui
2497 4253 2731 4310 futuree.
2766 4252 2934 4308 Nulla
2959 4253 3120 4307 enim
3160 4256 3299 4306 tunc
3325 4249 3434 4306 erit
3460 4252 3621 4322 jnox.

1971 4352 2162 4406 Lucas
2185 4361 2326 4404 vero
2357 4342 2590 4415 scripsit
2623 4342 2732 4397 :Et
2761 4357 2933 4413 super
2949 4347 3159 4397 terram
3191 4336 3464 4396 anxietas
3493 4354 3628 4410 gen-

1974 4438 2142 4504 tium,
2172 4452 2280 4507 per
2299 4434 2604 4504 tle/luxum
2629 4430 3103 4487 resonantemari
3119 4444 3188 4485 ac
3208 4428 3436 4498 ﬂuctu:
3469 4443 3634 4484 ares-

1975 4528 2230 4588 centibus
2259 4521 2727 4592 hominibus'prw
2747 4519 2953 4576 timore
2964 4525 3017 4576 et
3032 4517 3480 4588 exspectatione,
3500 4530 3634 4589 quae

257 4614 475 4671 λάσσης
548 4615 638 4662 καὶ
719 4607 899 4678 σάλου,
972 4605 1356 4679 ἀποψυχόντων
1426 4605 1704 4682 ἀνθρώπων
1764 4608 1854 4663 ἀπὶ

1975 4614 2381 4689 supervenient
2407 4611 2851 4683 arbiterrarum
2881 4609 2950 4662 ⁵⁵.
2973 4608 3341 4664 Anxietatem
3369 4608 3636 4677 gentium

264 4698 432 4775 φόϐου
509 4703 596 4750 καὶ
673 4693 995 4771 προσδοκίας
1064 4703 1166 4748 τῶν
1237 4695 1594 4770 ίπερχομένων
1659 4707 1722 4772 τῇ
1786 4699 1869 4752 οἰ-

262 4792 520 4863 κουμένη·
588 4791 814 4859 συνοχὴν
873 4789 962 4860 μὲν
1033 4784 1186 4838 ἐθνῶν
1241 4784 1504 4859 ὀνομάσας
1556 4792 1652 4846 την
1711 4807 1871 4864 ταρα-

261 4883 400 4955 χὴν,
473 4875 693 4952 ἀπορίαν
758 4876 873 4949 (31)
933 4871 992 4928 δὲ
1065 4879 1158 4934 τὴν
1213 4880 1474 4949 νηνεμίαν.
1542 4882 1710 4951 χωρὶς
1769 4881 1869 4952 γὰρ

265 4955 467 5043 ἀνέμων
519 4968 720 5039 ἠχησει
766 4966 911 5040 παρὰ
954 4966 1107 5037 φύσιν
1146 4966 1175 5024 ἠ
1236 4964 1480 5019 θάλασσα
1525 4971 1615 5020 καὶ
1659 4969 1682 5020 ό
1717 4968 1875 5032 σάλος

264 5059 452 5122 αὐτῆς·
485 5055 745 5128 ἀπόφυξιν
777 5051 837 5108 δὲ
863 5057 949 5108 τὸν
975 5053 1092 5126 (32)
1123 5055 1360 5111 θάνατον.

343 5157 391 5192 ⁵³
414 5158 553 5215 Luc.
583 5157 713 5224 XVll,
736 5157 825 5210 37.
940 5153 988 5189 “
1021 5154 1158 5210 Luc.
1190 5170 1270 5222 x1,
1302 5157 1391 5211 25.

1979 4706 2298 4782 appellavit
2317 4701 2713 4761 turbationem
2731 4697 3057 4755 :deﬂuxum
3080 4706 3291 4764 autem,
3309 4695 3640 4770 tranquilli-

1981 4805 2165 4858 tatem
2208 4800 2540 4853 ventorum.
2599 4794 2748 4847 Nam
2793 4789 3023 4861 absque
3080 4787 3274 4844 ventis
3333 4786 3640 4843 resonabit

1983 4895 2193 4964 praeter
2213 4890 2492 4944 naturam
2521 4897 2688 4939 mare
2709 4896 2778 4938 ac
2807 4879 3025 4937 ﬂuctus
3057 4879 3202 4950 ejus.
3232 4877 3641 4950 Arescentiam

1985 4997 2124 5044 vero
2146 4977 2289 5036 dicit
2319 4977 2596 5031 mortem.

1506 5157 1554 5191 ⁵⁵
1579 5158 1714 5213 Luc.
1746 5171 1874 5231 χχι,
1914 5163 2005 5225 25,
2034 5159 2124 5212 26.

1495 5254 1719 5325 Variae
1759 5258 2087 5328 lectiones
2128 5255 2424 5319 etnotae.

367 5369 460 5445 '28)
484 5371 717 5445 Ἐκείνη,
747 5374 808 5424 Α.

367 5441 456 5509 ‘29)
484 5449 632 5509 Τότε,
667 5443 837 5497 abest
865 5441 939 5496 A.

345 5455 434 5517 (29
484 5455 632 5509 Τοτι,
667 5455 837 5497 abest
865 5455 939 5496 A.

345 5455 458 5587 (30)
506 5513 827 5587 Hentenius
855 5510 1080 5568 videtur
1107 5510 1408 5570 invenisse
1441 5513 1639 5587 θλίψει.
1685 5514 1884 5571 Ἐκθλι-

256 5582 656 5659 ϐῆναιίωρίἰε
686 5582 885 5656 potius
916 5587 1208 5659 convenit,
1241 5600 1427 5658 quam
1460 5582 1594 5659 piis,
1641 5587 1747 5659 qui
1778 5587 1884 5642 eli-

255 5662 488 5720 dentur
518 5655 560 5713 e'
586 5655 837 5712 numero
873 5655 1130 5726 piorum.

346 5731 458 5804 (31)
485 5728 616 5785 Dixi
647 5725 1016 5804 de‘boo’loco
1047 5725 1109 5804 i_n
1135 5726 1391 5804 editione
1425 5732 1490 5804 N_.
1522 5727 1888 5804 Testamenti

261 5798 382 5867 ad.
412 5798 550 5858 Luc.
569 5816 686 5868 xxx,
703 5798 801 5854 ‘25.
836 5798 1157 5853 Hentenius
1183 5799 1262 5855 ad
1280 5799 1442 5856 hunc
1461 5801 1665 5859 locum
1685 5801 1766 5859 ita
1785 5801 1890 5858 ha-

649 5912 822 5955 ATROL
836 5939 850 5955 .
898 5894 1004 5956 Gn.
1042 5893 1275 5954 CXXIX.

1989 5373 2092 5430 bet
2123 5386 2134 5425 :
2181 5367 2321 5422 Cum
2353 5358 2565 5421 omnia,
2605 5370 2735 5428 quae
2775 5355 3050 5430 bactenus
3073 5355 3320 5430 uiderim
3354 5354 3654 5430 exempla-

1994 5427 2105 5506 ἷοία,
2137 5440 2385 5494 habeant
2420 5431 2613 5513 ἀπορίᾳ
2648 5427 2807 5509 apud
2835 5429 3071 5513 Lucam,
3101 5427 3210 5509 hoc
3239 5435 3343 5513 est,
3375 5429 3656 5513 uespera.

1996 5499 2152 5570 tione
2180 5514 2279 5564 aut
2305 5499 2534 5561 consilii
2559 5499 2781 5566 inopia,
2806 5506 2859 5555 et
2889 5501 2973 5555 sic
2992 5499 3172 5568 jungi
3192 5499 3469 5570 videatur
3494 5511 3657 5570 prae-

1996 5568 2315 5643 cledentibus
2351 5595 2363 5634 ;
2398 5577 2601 5630 auctor
2637 5571 2748 5644 ΔΙιίιι
2771 5571 2962 5641 legisse
2984 5571 3222 5644 _videtur
3253 5569 3528 5644 ἀπορῥοίᾳ,
3551 5568 3658 5624 hoc

1996 5641 2097 5724 est,
2122 5654 2383 5724 cie/luxu,
2409 5641 2671 5724 etju‘ngit
2703 5642 3094 5724 sequentibus.
3129 5644 3272 5724 Qum
3303 5641 3396 5698 his
3423 5655 3661 5710 compa-

1996 5714 2238 5798 ra,'qu'a3
2266 5714 2447 5798 habet
2472 5715 2677 5798 Millius
2707 5715 2784 5768 ad
2819 5714 3028 5768 Lucam
3059 5714 3097 5768 l.

2069 5773 2380 5874 ’ᾗέξιέ
2400 5791 2496 5846 ita.
2531 5787 2684 5843 Nam
2713 5800 2977 5844 arescere
2992 5801 3059 5842 ex
3088 5784 3287 5856 aliquo
3306 5800 3430 5841 suae
3453 5780 3664 5838 aetatis-

3283 5883 3351 5940 20
