4198 6440
598 363 704 430 619

1921 333 2284 403 EUTHYMII
2319 329 2648 398 ZIGABENI

3869 320 3982 382 620

668 491 826 546 Vers.
856 488 945 550 29.
987 485 1066 544 Et
1082 477 1623 541 commovebuntur.
1653 474 1719 530 Et
1749 469 2017 528 caelestes
2043 463 2263 523 exerci-

2447 463 2547 513 Καὶ
2598 488 2668 498 -
2720 456 3159 515 σαλευθήσονται.
3227 460 3330 509 Καὶ
3405 457 3460 508 αἱ
3508 455 3751 530 οὐράνιαι
3816 479 3956 535 στρα

598 575 1038 637 tushorrebunt
1056 571 1320 629 videntes
1367 561 1719 639 hujusmodi
1766 562 2046 616 creatura
2078 560 2263 610 muta-

596 669 822 727 tionem
849 683 863 721 :
893 664 1082 721 Deum
1111 661 1173 717 in
1200 664 1421 717 terram
1446 651 1932 715 descendentem,
1986 642 2261 702 homines

598 762 801 816 autem
832 755 1144 812 universos
1169 747 1272 823 qui
1314 746 1393 803 ab
1424 743 1589 800 initio
1644 741 1902 805 fuerunt,
1936 752 1971 793 a
2011 729 2260 790 mortuis

599 845 896 912 suscitari,
927 847 994 900 ut
1045 819 1340 897 ratio—nem
1369 833 1627 892 reddant
1655 832 2006 887 cunctorum
2031 837 2168 897 quae
2197 819 2258 875 in

598 936 720 995 vita
750 929 978 1009 Operati
1011 932 1171 986 sunt.

671 1004 839 1082 Vers.
873 1021 962 1080 30.
996 1020 1072 1077 Et
1101 1049 1170 1059 —
1195 1015 1363 1075 creto.
1389 1011 1640 1082 Signum
1672 1008 1801 1080 ejus
1832 1004 2253 1064 dicitcrucem,

599 1130 739 1191 quas
766 1117 910 1171 tunc
937 1110 1114 1180 longe
1143 1103 1363 1164 clarius
1391 1100 1515 1156 sole
1545 1096 1792 1191 fulgebit
1824 1111 1835 1149 :
1863 1108 2005 1150 nam
2032 1090 2128 1146 ille
2159 1087 2261 1145 ob-

600 1182 964 1267 s-curabitur,
987 1198 1118 1255 haec
1147 1198 1350 1253 autem
1378 1186 1702 1263 apparebit.
1726 1185 1814 1242 Ob
1844 1197 2029 1256 quam
2059 1182 2259 1235 autem

597 1281 856 1352 causam
885 1283 1244 1363 apparebit?
1270 1284 1339 1340 Ut
1362 1279 1652 1338 exterreat
1677 1273 1972 1363 praecipue
2011 1267 2259 1343 quidem

601 1382 867 1452 Iudaeos,
895 1359 1114 1436 deinde
1144 1374 1318 1432 etiam
1341 1367 1609 1443 gentiles,
1639 1363 1741 1439 qui
1770 1362 1996 1452 Qhristo
2042 1359 2263 1430 impro-

601 1449 895 1552 perabant
921 1479 1182 1529 crucem,
1213 1465 1268 1518 et
1318 1465 1383 1515 ut
1412 1455 1602 1513 sciant
1654 1450 1809 1526 quod
1842 1449 1938 1506 hic
1983 1449 2110 1522 ipse
2135 1453 2262 1502 tan-

603 1550 793 1644 quam
829 1559 983 1615 Deus
1011 1550 1340 1612 descendit.

678 1668 842 1730 Vers.
872 1669 962 1723 30.
990 1663 1068 1721 Et
1101 1668 1241 1720 tunc
1265 1689 1335 1700 -
1361 1662 1551 1713 term.
1606 1652 1768 1707 Tunc
1815 1645 2038 1718 lugebit
2081 1658 2261 1701 omne

605 1753 1164 1834 genus,inﬁdelium
1188 1746 1480 1808 videlicet.
1498 1743 1569 1800 Hi
1583 1740 1859 1834 quidem,
1877 1735 2044 1810 quod
2071 1735 2258 1833 Deum

2372 553 2481 601 τιαὶ
2533 546 2793 622 φρίξουσι,
2833 545 3122 620 βλέπουσαι
3165 549 3258 604 τὴν
3308 547 3554 603 τοιαύτην
3607 553 3704 608 τῆς
3758 554 3982 611 κτίσεως

2370 637 2678 711 μεταϐολήν,
2753 642 2841 689 καὶ
2916 639 3000 690 τὸν
3075 639 3165 710 μὲν
3238 638 3366 688 Θεὸν
3424 635 3491 696 εἰς
3546 643 3646 708 γῆν
3711 645 3978 711 κατερχο-

2369 747 2536 800 μενον,
2607 730 2730 788 τοὺς
2796 722 2854 778 δὲ
2911 724 3000 778 ἀπ’
3071 725 3251 786 αἰῶνος
3318 723 3620 800 ἀνθρώπους
3675 723 3729 778 ἔκ
3783 739 3976 800 νεκρῶν

2369 815 2759 890 ἀνισταμένους,
2833 820 2922 868 καὶ
2979 813 3255 888 μέλλοντας
3306 813 3492 886 λόγους
3551 816 3810 888 ὑποσχεῖν
3869 785 3976 871 τῶν

2371 905 2718 981 βεϐιωμένων.
3021 907 3026 910 ’

2445 1020 2545 1069 Καὶ
2609 1045 2678 1056 --
2731 1013 2951 1086 οὐρανῷ.
3007 1019 3222 1086 Σημεῑον
3280 1011 3439 1065 αὐτοῦ
3487 1010 3624 1083 λέγει
3673 1015 3760 1066 τὸν
3819 1034 3983 1069 σταυ-

2367 1108 2479 1179 ρὸν,
2533 1103 2803 1177 λάμποντα
2851 1106 2967 1155 τότε
3020 1108 3112 1154 τοῦ
3168 1100 3316 1160 ἡλίου
3375 1100 3543 1172 πολλῷ
3600 1099 3972 1180 φαιδρότερον,

2372 1195 2589 1255 Ἐκεῖνος
2669 1195 2758 1266 μὲν
2818 1194 2920 1266 γὰρ
2993 1192 3423 1249 σκοτισθήσεταιο
3481 1190 3631 1256 οὗτος
3696 1188 3756 1245 δὲ
3815 1201 3984 1266 φανή-

2374 1302 2519 1336 σεται
2563 1287 2707 1342 Τίνος
2755 1278 2816 1334 δι
2862 1283 3021 1334 ἕνεκεν
3066 1282 3382 1353 eoeneum;
3421 1286 3532 1334 Ἵνα
3574 1281 3774 1356 ταράξῃ
3818 1304 3980 1359 προη.

2369 1374 2630 1445 γουμίνως
2680 1374 2770 1445 μὲν
2813 1374 2930 1428 τοὺς
2984 1365 3290 1434 Ἰουδαίους,
3336 1367 3449 1422 εἶτα
3488 1376 3578 1424 καὶ
3625 1375 3740 1433 τοὺς
3793 1372 3980 1434 Ἕλλη·
4062 1384 4064 1386 ’

2369 1482 2480 1530 νας,
2527 1463 2642 1514 ὅσοι
2688 1469 2759 1532 τῷ
2803 1461 3025 1536 Χριστῷ
3071 1462 3158 1512 τὸν
3191 1463 3415 1532 σταυρὸν
3447 1455 3738 1534 ὠνείδιζον,
3771 1466 3860 1516 καὶ
3893 1466 3976 1518 ἱνα

2369 1560 2581 1625 γνῶσιν,
2610 1553 2686 1604 ὃτι
2717 1550 2867 1610 αὐτὸς
2898 1545 3044 1610 οὗτος
3081 1550 3286 1602 κάτεισι
3318 1551 3444 1610 Θεὸς
3474 1549 3561 1604 ὢν.

2443 1665 2543 1713 Καὶ
2589 1663 2702 1713 τότε
2751 1690 2814 1701 --
2853 1667 2978 1730 γῆς.
3038 1662 3164 1710 Τότε
3217 1659 3466 1730 θρηνήσει
3509 1664 3610 1711 πᾶν
3655 1664 3818 1731 γένος,
3873 1659 3969 1721 δη-

2368 1746 2504 1809 λαδὴ
2579 1759 2678 1803 τῶν
2737 1748 2988 1802 ἀπίστων·
3065 1750 3114 1799 οἱ
3176 1750 3286 1820 μεν,
3348 1748 3426 1800 ὅτι
3487 1746 3814 1820 ἐσταύρωσαν
3871 1756 3962 1804 τὸν

607 1818 1007 1910 Eruciﬁxerint
1032 1865 1046 1900 :
1075 1841 1159 1899 illi
1183 1843 1405 1904 autem,
1437 1831 1605 1909 quod
1656 1829 2021 1889 Christianos
2061 1822 2263 1898 punie-

2369 1842 2511 1893 Θεὸν·
2557 1841 2605 1892 οἱ
2663 1836 2740 1904 δε,
2793 1841 2874 1891 ὁτι
2920 1841 3042 1900 τοὺς
3106 1840 3451 1911 Χριστιανοὺς
3503 1818 3836 1912 ἐτιμωρησαν.
3903 1840 3954 1890 οἰ

601 1937 1041 1998 rint:rursum
1066 1931 1183 1997 isti,
1234 1925 1399 2002 quod
1448 1939 1572 1984 non
1633 1917 2002 1977 crediderint.
2061 1915 2264 1986 Neque

607 2027 772 2088 enim
796 2025 913 2084 alia
939 2027 1029 2080 est
1051 2021 1138 2079 eis
1165 2034 1324 2093 opus
1353 2011 1732 2074 accusatione
1763 2011 1972 2082 praeter
2001 2018 2260 2061 crucem.

607 2117 774 2176 Tunc
803 2118 1003 2173 autem
1034 2110 1310 2185 planctus
1325 2105 1428 2163 erit
1456 2103 1540 2160 eis
1569 2098 1812 2158 inutilis.

679 2207 845 2263 Vers.
867 2204 957 2264 30.
985 2182 1064 2259 Et
1089 2197 1354 2257 videbunt
1376 2226 1436 2239 -
1460 2193 1669 2250 multa.
1694 2185 1996 2245 Praecedet
2018 2182 2263 2257 quidem

605 2312 748 2364 eum
772 2309 940 2361 crux,
971 2297 1264 2364 tanquam
1287 2281 1634 2359 justiﬁeatio
1659 2280 1945 2337 adversus
1969 2272 2118 2339 illos,
2160 2270 2262 2344 qui

607 2401 748 2444 eum
795 2360 1243 2442 cruciﬁxerunt.
1311 2371 1640 2433 Descendet
1669 2374 1868 2425 autem
1920 2363 1975 2420 in
2005 2360 2264 2419 nubibus

607 2475 759 2534 sicut
795 2475 1141 2545 assumptus
1169 2471 1279 2525 est.

677 2582 846 2640 Vers.
879 2580 968 2638 31.
999 2578 1078 2634 Ει
1103 2574 1294 2632 mittet
1321 2600 1388 2612 --
1424 2583 1648 2626 eorum.
1677 2563 2031 2635 Priusquam
2082 2573 2267 2631 appa-

605 2676 736 2730 reat
755 2685 920 2734 crux,
953 2667 1141 2724 mittet
1168 2661 1300 2719 illos
1323 2679 1336 2718 :
1362 2671 1558 2729 neque
1594 2654 1754 2711 enim
1777 2667 1923 2706 usus
1941 2655 2027 2706 est
2056 2647 2266 2705 ordine

605 2757 990 2821 narrationis,
1025 2753 1134 2810 sed
1156 2747 1499 2823 simpliciter
1519 2745 1658 2801 dicit
1686 2741 1841 2814 quod
1863 2740 2130 2796 futurum
2156 2740 2264 2793 est.

607 2849 720 2905 Per
746 2851 1007 2921 quatuor
1032 2845 1235 2900 autem
1285 2841 1494 2894 ventos
1519 2836 1780 2907 quatuor
1805 2828 1966 2887 orbis
1997 2826 2268 2884 extremi-

606 2920 774 2995 tates,
808 2929 1188 3004 signiﬁcavit,
1237 2926 1546 2989 orientem,
1597 2920 1990 2983 occidentem,
2036 2920 2267 2987 septen-

607 3023 885 3090 trionem,
939 3025 997 3078 et
1039 3017 1370 3076 meridiem.
1421 3013 1510 3070 Ab
1564 3024 1921 3082 unaquaque
1969 3006 2128 3063 enim
2172 3021 2267 3062 ex-

606 3113 896 3173 tremitate
915 3109 1190 3185 proprius
1222 3105 1409 3180 spirat
1438 3107 1650 3160 ventus
1675 3116 1688 3153 :
1713 3106 1770 3155 et
1798 3097 1859 3154 hi
1891 3102 2150 3169 quatuor
2185 3094 2262 3150 di-

605 3208 821 3261 cuntur
850 3181 1088 3275 proprie
1109 3197 1286 3254 venti.
1329 3195 1442 3254 Per
1463 3197 1729 3249 extrema
1753 3203 1893 3245 vero
1919 3189 2100 3242 etiam
2143 3201 2262 3241 me-

603 3294 706 3352 dia
734 3289 1108 3363 signiﬁcavit.
1143 3284 1314 3353 Quod
1353 3288 1555 3342 autem
1599 3279 1756 3336 dicit.
1789 3278 1836 3332 Α
1889 3276 2130 3332 summis
2156 3288 2261 3331 εω-

606 3380 797 3444 lorum
825 3395 1006 3454 usque
1038 3377 1117 3434 ad
1142 3373 1418 3434 terminos
1443 3387 1668 3436 eorum,
1717 3365 2147 3423 declarativum
2174 3367 2263 3419 est

604 3473 729 3550 ejus
757 3452 926 3546 quod
951 3467 1132 3526 dixit:
1163 3468 1211 3523 A
1233 3470 1486 3538 quatuor
1511 3458 1708 3522 ventis,
1729 3454 2074 3526 signiﬁcans
2099 3452 2259 3508 idem

604 3541 919 3636 importare
970 3557 1277 3620 terminos,
1338 3553 1542 3608 Ventos
1599 3553 1655 3604 et
1707 3547 2017 3602 Extrema.
2084 3541 2260 3615 Apud

605 3631 874 3708 Marcum
901 3663 1042 3705 vero
1069 3646 1154 3702 ait
1187 3661 1198 3698 :
1232 3643 1322 3699 Ab
1352 3647 1613 3699 extremo
1642 3643 1837 3697 terra,
1866 3631 2144 3705 usquefad
2168 3647 2258 3688 ex-

608 3744 854 3798 tremum
876 3735 1011 3792 creti
1030 3736 1100 3801 ⁵⁸,
1127 3733 1348 3788 docens
1378 3729 1588 3785 eadem
1629 3739 1761 3781 esse
1802 3727 2067 3779 extrema
2097 3725 2260 3777 terrae

608 3832 666 3885 et
689 3827 841 3884 caeli.
875 3829 942 3882 Et
966 3829 1108 3882 nota
1127 3819 1292 3895 quod
1325 3818 1470 3875 tuba
1511 3820 1776 3872 mortuos
1801 3812 2079 3867 excitabit
2121 3828 2135 3877 ;
2164 3827 2261 3866 ex-

608 3916 822 3974 citatos
852 3921 1051 3972 autem
1106 3909 1561 3980 congregabunt
1605 3901 1837 3974 angeli;
1871 3906 2261 3980 congregatos

607 4018 752 4062 vero
781 4005 1012 4078 rapient
1034 3999 1243 4065 nubes,
1269 3998 1419 4054 sicut
1443 3995 1589 4051 dixit
1609 3993 1843 4058 Paulus,
1870 3993 1931 4047 in
1955 4007 2258 4047 occursum

609 4093 842 4153 Domini
889 4095 953 4150 in
1009 4106 1150 4150 aera
1206 4091 1275 4141 ⁵⁷.
1335 4085 1506 4154 Quod
1555 4091 1754 4141 autem
1802 4083 1976 4138 etiam
2051 4097 2258 4154 pecca-

606 4190 764 4243 tores
793 4181 1248 4256 congregabunt
1283 4175 1497 4246 angeli,
1533 4173 1736 4230 docuit
1784 4171 2045 4227 Christus
2090 4170 2260 4226 inter-

604 4280 870 4351 pretatus
895 4276 1171 4349 quartam
1200 4266 1551 4344 parabolam
1570 4262 1830 4320 vicesimi
1873 4261 2068 4333 quarti
2101 4258 2258 4332 capi-

605 4367 696 4424 tis.
723 4366 876 4424 Dixit
913 4363 1074 4421 enim
1107 4380 1119 4418 :
1152 4360 1342 4417 Mittet
1365 4358 1554 4414 Filius
1575 4354 1820 4410 hominis
1845 4353 2084 4423 angelos
2100 4365 2254 4416 suos,

603 4462 657 4515 et
683 4455 962 4528 colligent
991 4453 1059 4510 de
1083 4465 1258 4523 regno
1283 4451 1408 4518 eius
1433 4447 1630 4503 omnia
1649 4442 2028 4514 o/fendicula,
2061 4446 2117 4497 et
2163 4455 2257 4496 eos

601 4545 712 4620 qui
732 4527 1060 4616 operantur
1081 4539 1454 4612 iniquitatem
1484 4535 1552 4591 ⁵⁸.
1586 4535 1784 4601 Ουωτθ
1798 4529 2036 4602 ergoibi
2062 4527 2256 4586 decla-
2288 4533 2334 4590 D

601 4632 918 4693 rationem.

672 4878 838 4939 Vers.
868 4878 966 4939 32.
1029 4877 1081 4936 Α
1136 4907 1207 4922 -—
1244 4872 1609 4948 parabolam.
1669 4866 2019 4927 Parabolam
2080 4869 2257 4926 vocat

599 4968 942 5044 exemplum
977 4967 1145 5043 quod
1169 4966 1436 5024 dicturus
1463 4965 1552 5019 est
1580 4959 1660 5017 ad
1689 4956 2251 5025 demonstrandum,

595 5058 764 5134 quod
793 5074 914 5116 non
953 5059 1028 5116 sit
1047 5071 1339 5128 magnum
1359 5051 1676 5109 discrimen
1699 5048 1848 5106 inter
1876 5047 1988 5104 hoc
2013 5046 2254 5119 signum

595 5147 1054 5219 significativum
1084 5144 1331 5203 secundi
1369 5141 1664 5198 adventus
1696 5142 1752 5194 et
1803 5138 2002 5210 ipsum
2031 5137 2254 5195 adven-

593 5241 742 5297 tum.

663 5339 714 5378 ⁸⁴
741 5339 914 5398 Marc.
939 5349 1062 5400 xm,
1088 5333 1183 5389 27.

2371 1925 2450 1994 δι,
2503 1932 2582 1981 ὅτι
2622 1928 2716 1981 οὐκ
2755 1930 3088 1982 ἐπίστευσαν.
3138 1925 3214 1978 Οὐ
3257 1931 3420 2001 χρεία
3447 1929 3544 2000 γὰρ
3570 1927 3733 1987 αὐτοῖς
3776 1926 3955 1999 ἑτέρας

2369 2023 2688 2093 κατηγορίας
2733 2020 2878 2092 παρά
2906 2020 2992 2069 τὸν
3042 2019 3286 2089 σταυρόν.
3318 2016 3593 2078 ’Λνόνητος
3637 2012 3694 2069 δὲ
3723 2014 3902 2078 αὐτοῖς
3935 2017 3963 2069 ὁ

2370 2116 2658 2168 τηνικαῦτα
2691 2107 2972 2180 κλαυθμὸς.

2444 2221 2545 2270 Καὶ
2617 2214 2834 2286 ὄψονται
2897 2244 2966 2255 -
3038 2211 3250 2273 πολλῆς.
3315 2208 3596 2276 Προοδεύει
3816 2212 3978 2266 αὐτοῦ

2371 2307 2397 2358 ὁ
2481 2309 2726 2380 σταυρὸς,
2802 2306 2865 2364 ὡς
2941 2299 3210 2374 δικαίωμα
3273 2304 3408 2354 κατὰ
3464 2311 3563 2354 τῶν
3637 2305 3978 2379 σταυρωσάν-

2370 2415 2470 2449 των
2541 2394 2716 2447 αὐτόν·
2796 2391 2879 2445 ἕπὶ
2945 2391 3157 2464 νεφελῶν
3228 2387 3287 2443 δε
3347 2392 3598 2458 κάτεισιν,
3669 2393 3742 2450 ὡς
3795 2389 3976 2450 ἀνελή-

2373 2487 2496 2558 φθη.

2445 2597 2546 2646 Καὶ
2597 2588 2869 2643 ἀποστελεί
2918 2619 2985 2629 -
3051 2587 3234 2640 αὐτῶν.
3291 2587 3397 2657 Πρὸ
3448 2591 3540 2636 τοῦ
3593 2591 3814 2657 φανῆναι
3870 2587 3961 2637 τὸν

2375 2683 2621 2755 σταυρὸν,
2700 2677 2970 2732 ἀποστελεῖ
3045 2679 3273 2736 τούτους.
3344 2673 3455 2725 Οὐκ
3515 2670 3788 2746 ἐχρήσατο
3856 2677 3963 2749 γὰρ

2371 2772 2516 2835 τάξει
2567 2769 2902 2841 ἀπαγγελίας,
2951 2766 3058 2820 ἀλλ’
3107 2765 3274 2826 ἁπλῶς
3316 2763 3452 2835 λέγει
3502 2765 3570 2814 τὰ
3620 2766 3966 2835 γενησόμενα,

2374 2865 2467 2915 Διά
2511 2857 2570 2914 δι
2634 2869 2734 2911 τῶν
2785 2859 3052 2930 τεσσάρων
3120 2853 3314 2926 ἀνίμων
3375 2855 3439 2905 τὰ
3489 2857 3724 2925 τέσσαρα
3767 2856 3972 2924 πέρατα

2372 2959 2464 3012 τῆς
2517 2949 2824 3022 οἰκουμένης
2881 2943 3159 3012 ἐδήλωσεν,
3222 2941 3495 3009 ἀνατολὴν,
3555 2938 3728 3007 δύσιν,
3780 2940 3970 3016 ἃρκτον

2372 3045 2462 3093 καὶ
2513 3037 2859 3114 μεσημϐρίαν.
2915 3035 3002 3098 Ἐξ
3054 3034 3275 3087 ἑκάστου
3340 3035 3443 3107 γὰρ
3510 3035 3730 3104 πέρατος
3784 3032 3971 3102 ἄνεμος

2373 3127 2511 3192 ἴδιος
2563 3136 2694 3192 πνεῖ,
2750 3131 2840 3178 καὶ
2892 3125 3034 3178 οὗτοι
3081 3125 3129 3176 οἱ
3173 3125 3426 3195 τέσσαρές
3487 3120 3639 3187 εἰσιν,
3684 3122 3734 3172 οἱ
3778 3125 3971 3193 κυρίως

2371 3222 2567 3292 ἄνεμοι.
2620 3220 2715 3272 Διά
2762 3213 2820 3269 δι
2876 3223 2977 3267 τῶν
3027 3216 3259 3288 περάτων
3306 3217 3395 3264 καὶ
3448 3213 3516 3263 τὰ
3566 3215 3706 3282 μέσα
3761 3227 3966 3283 συμπα-

2369 3305 2660 3385 ρεδήλωσε.
2720 3309 2791 3358 Τό
2847 3301 2906 3356 δε
2963 3303 3078 3357 Ἀπ’
3142 3305 3315 3378 ἄκρων
3369 3299 3594 3376 οὐρανῶν
3652 3301 3747 3360 ἕως
3796 3300 3970 3373 ἄκρων

2370 3399 2559 3464 αὐτῶν,
2625 3395 3047 3470 ἐφερμηνευτικόν
3117 3391 3231 3446 ἐστι
3303 3398 3392 3446 τοῦ
3451 3387 3538 3444 Ἐκ
3612 3397 3711 3442 τῶν
3780 3389 3973 3441 τεσσά-

2368 3509 2470 3564 ρων
2524 3491 2738 3559 ἀνέμων,
2811 3490 3065 3556 σημαῖνον
3140 3482 3221 3536 ὃτι
3292 3484 3359 3534 τά
3412 3480 3549 3553 ἄκρα
3609 3479 3968 3551 ἐμφαίνουσιν.

2369 3562 2542 3646 λ’Λκρα
2606 3573 2665 3629 δι
2741 3577 2807 3628 τὰ
2868 3575 3092 3648 ῥηθέντα
3167 3575 3378 3645 πέρατα.
3438 3569 3588 3641 Παρὰ
3653 3569 3854 3642 Μάρκῳ
3907 3562 3973 3620 δέ

2371 3687 2529 3740 φησιν
2575 3665 2693 3720 Ἀπ’
2765 3662 2924 3738 ἀκρου
2980 3670 3079 3732 γῆς
3134 3660 3227 3719 ἕως
3279 3657 3436 3730 ἀκρον
3506 3654 3745 3726 οὐρανοῦ.
3807 3650 3972 3707 διδά..

2372 3775 2507 3811 σκων
2582 3756 2663 3808 ὅτι
2732 3757 2798 3806 τά
2853 3751 2983 3804 αὑτά
3038 3747 3166 3800 εἰσιν
3237 3743 3371 3819 ἂκρα
3424 3749 3517 3813 γῆς
3573 3746 3663 3793 καὶ
3712 3740 3961 3813 οὐρανοῦ,

2370 3850 2553 3898 Σκόπει
2601 3841 2660 3897 δι
2723 3845 2804 3896 ὅτι
2855 3843 2886 3900 ἠ
2941 3841 3028 3912 μὶν
3082 3834 3309 3908 σάλπιγξ
3360 3833 3645 3891 ἀναστήσει
3700 3833 3822 3891 τοὺς
3875 3849 3966 3884 νι-

2368 3938 2555 4005 κρούς·
2628 3932 2950 3994 ἀναστάντας
3023 3925 3081 3982 δὴ
3152 3922 3550 3987 ἆπισυνάξουσιν
3610 3922 3660 3973 οἱ
3724 3919 3966 3992 ἅγγελοιο

2369 4024 2771 4095 ὶπισυναγίντας
2806 4022 2922 4092 (33)
2978 4016 3038 4072 δε
3075 4018 3402 4093 ἁρπάσουσιν
3446 4014 3502 4064 αἱ
3529 4009 3748 4083 νεφέλαι,
3796 4011 3975 4074 καθὼς

2370 4111 2475 4168 εἶπε
2529 4113 2724 4172 Παῦλος
2781 4111 2864 4171 Εἰς
2921 4108 3214 4166 ἀπάντησιν
3284 4112 3373 4158 τοῦ
3440 4106 3633 4176 Κυρίου
3691 4106 3764 4162 είς
3820 4098 3970 4174 ἀέρα,

2365 4203 2486 4256 ⁴ιΟτι
2534 4200 2592 4256 δι
2645 4207 2733 4255 καὶ
2789 4203 2905 4260 τοὺς
2952 4197 3286 4271 ἁμαρτωλοὺς
3349 4191 3560 4265 ἄγγελοι
3605 4189 3968 4262 συλλέγουσιν,

2368 4289 2606 4355 ὶδίδαξεν
2661 4293 2686 4343 ὁ
2726 4297 2973 4364 Χριστος,
3021 4287 3446 4358 ίρμηνεύωντήν
3505 4281 3754 4352 τετάρτην
3800 4297 3967 4352 παρα-

2366 4380 2522 4441 ϐολὴν
2575 4387 2666 4434 τοῦ
2713 4380 2951 4434 εἰκοστοῦ
2998 4377 3246 4447 τετάρτου
3275 4370 3576 4443 κεφαλαίου.
3609 4372 3798 4443 Είρηκε
3837 4369 3962 4441 γὰρ,

2367 4474 2444 4526 ὅτι
2501 4465 2798 4525 Ἀποστελεῖ
2854 4468 2879 4519 ὁ
2940 4466 3060 4524 Υἱὸς
3122 4469 3215 4514 τοῦ
3288 4459 3563 4532 ἀνθρώπου
3635 4461 3760 4518 τοὺς
3818 4454 3969 4527 ἀγγέ-

2365 4562 2486 4625 λους
2540 4560 2720 4626 αὐτοῦ,
2787 4559 2875 4610 καὶ
2935 4551 3266 4614 συλλέξουσιν
3347 4547 3450 4601 ἀπὸ
3513 4556 3610 4608 τῆς
3687 4544 3966 4619 βασιλείας

2366 4652 2524 4707 αὐτοῦ
2605 4652 2777 4704 πάντα
2844 4648 2911 4700 τὰ
2984 4637 3272 4706 σκάνδαλα,
3361 4642 3452 4690 καὶ
3502 4640 3625 4698 τοὺς
3687 4641 3966 4698 ποιοῦντας

2364 4746 2458 4802 τὴν
2489 4740 2723 4815 ἀνομίαν.
2756 4741 2858 4793 Καὶ
2887 4737 3035 4799 ζήτει
3069 4729 3220 4785 κάκεῖ
3245 4731 3338 4788 τὴν
3366 4726 3640 4799 ἔξήγησιν.

2435 4860 2568 4917 Ἀπὸ
2619 4890 2689 4901 -—
2737 4851 3058 4932 παραϐολήν.
3132 4844 3458 4932 Παραϐολῂν,
3493 4861 3622 4916 φησι
3679 4843 3738 4895 τὸ
3794 4841 3966 4918 παρά-

2365 4949 2576 5026 δειγμα,
2608 4950 2634 5002 ὃ
2681 4929 2850 5022 μέλλει
2907 4942 3054 5018 ἄρετν,
3095 4940 3222 5013 πρὸς
3259 4929 3527 4998 ἀπόδειξιν
3564 4938 3658 4985 τοῦ
3705 4935 3778 5006 μὴ
3832 4933 3967 4985 πολὺ

2363 5017 2493 5097 an};
2548 5017 2606 5094 τὸ
2674 5017 2952 5108 διάστημα
3003 5033 3062 5084 τὸ
3119 5023 3311 5102 μεταξύ
3368 5031 3459 5077 τοῦ
3511 5038 3566 5076 τε
3634 5017 3967 5086 δηλωθέντος

2365 5136 2583 5207 σημείου
2628 5129 2747 5202 (34)
2790 5106 2885 5186 τῆς
2919 5118 3166 5196 δευτέρας
3209 5117 3504 5191 παρουσίας
3547 5114 3640 5164 καὶ
3696 5110 3860 5173 αὐτῆς
3891 5106 3962 5171 δὴ

2362 5226 2524 5282 ταύτη
2535 5243 2577 5285 ς.

1266 5329 1359 5387 "l
1387 5327 1588 5386 Thess.
1619 5343 1697 5394 1v,
1721 5327 1806 5384 l7.
1879 5327 1928 5364 ⁸⁸
1959 5327 2158 5385 Matth.
2188 5341 2313 5396 xm,
2347 5325 2436 5384 ﬂ.

1837 5452 2065 5524 Varia;
2094 5452 2422 5522 lectiones
2445 5456 2512 5518 et
2539 5454 2742 5515 notae.

594 5606 934 5668 Schrevelio
960 5601 1158 5662 hausit
1213 5599 1519 5674 Vulgatus.
1559 5595 1905 5674 ’Anoxbuzm:
1928 5603 2013 5654 est
2033 5595 2254 5674 exspj‘.

590 5696 744 5746 rare,
776 5679 945 5734 mori.
996 5681 1083 5734 lta
1132 5667 1396 5745 'l'hucyH.
1442 5672 1545 5729 lib.
1595 5687 1634 5737 ι,
1668 5667 1811 5742 cap.
1848 5670 1989 5736 134;
2023 5667 2254 5741 ἀπέψυξι

591 5752 737 5827 die».
777 5749 1054 5826 Sophocl.
1083 5749 1148 5807 in
1179 5748 1379 5819 Ajace,
1406 5760 1468 5820 p.
1497 5747 1586 5801 59.

2435 5591 2549 5665 (33)
2573 5590 2764 5655 Forte,
2790 5583 3164 5656 συναχθέντας.
3195 5578 3341 5634 Nam
3369 5567 3507 5630 illud
3527 5566 3756 5631 videtur
3776 5580 3980 5628 eXem-

2364 5665 2477 5738 ploﬁ
2499 5678 2717 5738 carere.

2433 5735 2547 5809 (34)
2582 5738 2706 5801 Καί,
2736 5724 3061 5805 interponit
3088 5727 3156 5781 Α.
