4198 6440
243 389 350 450 821

1237 389 1607 451 COMMENT.
1647 386 1718 450 IN
1753 382 2201 450 MAT’I‘HEUM.
2243 418 2311 435 --
2348 392 2508 452 CAP.
2548 393 2751 456 XXIV.

320 518 486 572 Ὅταν
526 550 595 561 -
640 516 726 573 ἰπὶ
776 517 976 595 θύραις.
1038 519 1192 594 Παρά
1250 514 1309 572 δέ
1359 525 1434 590 τῷ
1479 522 1661 590 Λουκᾷ
1698 518 1852 589 σαφέ-

2035 518 2194 574 Vers.
2221 517 2312 576 32.
2329 517 2478 577 Cum
2489 522 2736 580 —Vers.
2752 522 2841 580 33.
2854 523 2914 581 in
2924 525 3181 597 foribus.
3198 527 3371 601 Apud
3390 531 3612 591 Lucam

253 627 438 683 στερον
512 611 731 684 εἴρηκεν,
814 609 893 663 ὅτι
948 607 1280 684 Ἀρχομένων
1344 611 1539 661 τούτων
1590 608 1850 680 γίνεσθαι,

250 693 466 757 δηλαδὴ
525 706 623 751 τῶν
676 700 814 751 κατά
861 702 980 760 τοὺς
1033 694 1464 772 ψευδοχρίστους
1517 700 1607 750 καὶ
1660 693 1855 768 ψευδο-

247 792 537 861 προφήτας,
637 785 937 859 ἀνακύψατε
1009 791 1097 841 καὶ
1170 786 1393 862 ἐπάρατε
1472 788 1565 849 τὰς
1636 785 1855 858 κεφαλὰς

246 877 414 949 ὑμῶν,
488 872 630 929 διότι
691 874 891 948 ἐγγίζει
964 877 995 935 ἠ
1069 874 1430 950 ἀπολύτρωσις
1507 877 1673 947 ὑμῶν.
1726 870 1855 927 Εἶτά

248 985 401 1039 φησι·
486 970 588 1019 Καὶ
678 961 788 1018 εἶπε
869 964 1171 1041 παραϐολὴν
1251 965 1445 1026 αύτοίςο
1520 961 1682 1018 Ἴδετε
1758 968 1852 1023 τὴν

250 1064 418 1115 συκῆν
474 1059 567 1108 καὶ
650 1056 821 1108 πάντα
907 1058 975 1108 τὰ
1032 1052 1246 1129 δένδρα,
1328 1056 1449 1107 ὅταν
1523 1052 1852 1129 προϐάλωσιν

246 1141 382 1214 ἤδη,
448 1143 716 1218 βλέποντες
790 1144 876 1217 ἀφ’
940 1144 1131 1197 ἑαυτῶν
1197 1149 1495 1216 γινώσκετε,
1581 1144 1662 1196 ὅτι
1741 1139 1848 1201 ἤδη

246 1234 406 1308 ἔγγὺς
482 1237 542 1287 τό
625 1236 766 1305 θίρος
832 1236 989 1286 εστίν·
1077 1233 1228 1286 Οὕτω
1310 1237 1401 1285 καὶ
1483 1233 1645 1304 ὑμεῖς,
1730 1233 1851 1284 ὅταν

244 1321 402 1383 ἴδητε
503 1330 672 1376 ταῦτα
760 1327 1025 1396 γινόμενα,
1110 1328 1408 1394 γινώσκετε,
1523 1323 1603 1374 ὅτι
1705 1320 1852 1393 ἕγγύς

246 1412 390 1467 ἕστιν
452 1414 482 1471 ἡ
552 1411 801 1486 βασιλεία
862 1419 955 1465 τοῦ
1020 1419 1174 1467 Θεοῦ.
1240 1411 1401 1465 Ὀταν
1459 1408 1630 1483 ἴδητε,
1699 1414 1846 1483 φησὶ,

246 1511 417 1557 ταῦτα
474 1506 721 1576 γινόμενα
782 1498 1025 1560 δηλονότι
1082 1504 1151 1554 τὰ
1213 1504 1349 1555 κατά
1403 1502 1525 1564 τοὺς
1590 1496 1852 1559 δηλωθέν-

243 1611 335 1655 τας
396 1592 640 1661 πλάνους,
706 1598 888 1663 γνῶτε,
957 1592 1038 1643 ὅτι
1098 1588 1252 1663 ὂγγύς
1314 1588 1456 1643 ἐστιν
1528 1592 1558 1649 ἠ
1630 1586 1851 1666 δευτέρα

241 1686 511 1757 παρουσία
560 1686 652 1735 τοῦ
706 1686 961 1755 Χριστοῦο
1010 1681 1205 1737 ταύτην
1263 1681 1366 1755 γὰρ
1419 1678 1553 1752 λέγει
1601 1686 1691 1732 νῦν
1755 1685 1847 1733 καὶ

244 1769 519 1845 βασιλείαν
556 1778 650 1824 τοῦ
699 1777 853 1825 Θεοῦ’
910 1773 1000 1823 καὶ
1047 1767 1405 1844 ἀπολύτρωσιν
1458 1777 1557 1823 τῶν
1602 1765 1843 1823 δικαίων.

242 1859 519 1935 βασιλείαν
605 1863 717 1934 μεν,
804 1854 947 1912 διότι
1005 1860 1074 1921 ὡς
1147 1856 1397 1932 βασιλεὺς
1481 1862 1841 1934 παραγίνεται.
1881 1873 1922 1931 Β

238 1949 604 2025 ἀπολύτρωσιν
657 1945 718 2003 δε
773 1947 958 2017 αὐτῶν,
1010 1944 1151 2001 διότι
1183 1948 1341 2009 σώζει
1396 1947 1605 2010 αύτούς.
1653 1947 1845 2002 ’Ἑλαϐε

246 2035 306 2093 δί
353 2038 455 2092 ἀπὸ
504 2047 601 2101 τῆς
667 2046 836 2099 συκῆς
885 2038 947 2090 τὸ
1001 2034 1361 2113 παράδειγμα,
1416 2033 1686 2103 δεικνύων,
1740 2039 1841 2107 ὅτι,

250 2128 424 2202 ὥσπερ
480 2129 599 2181 ὅταν
655 2127 783 2185 αὕτη
838 2124 1096 2201 προϐάλῃ,
1150 2129 1416 2179 τουτέστιν
1465 2128 1582 2180 ὅταν
1643 2125 1841 2201 ἕκφύση

252 2219 322 2271 τὰ
389 2216 571 2289 φύλλα,
626 2216 818 2289 ἀνάγκη
875 2215 1099 2276 πλησίον
1164 2212 1293 2269 εἶναι
1363 2219 1451 2269 τόν
1503 2219 1682 2291 καιρόν
1751 2224 1844 2270 τοῦ

255 2308 437 2381 θέρους
463 2323 478 2338 ⁸
510 2306 646 2359 ούτω
685 2310 773 2359 καὶ
821 2306 939 2359 ὅταν
969 2308 1028 2358 τὸ
1085 2312 1297 2379 σημεῖον
1343 2311 1440 2369 τῆς
1479 2302 1720 2381 δευτέρας
1748 2326 1846 2360 πα-

248 2398 471 2469 ρουσίας
519 2399 746 2467 γένηται,
777 2394 978 2468 ἀνάγκη
1025 2394 1247 2453 πλησίον
1310 2392 1437 2448 εἶναί
1486 2399 1577 2448 καὶ
1627 2399 1842 2455 ταύτην.

245 2486 414 2539 εἴωθε
439 2486 541 2561 γὰρ
599 2486 798 2559 φυσικά
825 2481 1230 2560 παραδείγματα
1273 2483 1549 2558 λαμϐάνειν
1611 2483 1695 2539 ini
1746 2493 1847 2539 τῶν

245 2576 408 2637 ὅντως
428 2578 805 2648 γενησομένων.

318 2665 485 2738 Ἀμὴν
538 2695 605 2706 -
663 2668 899 2738 γένηται.
960 2664 1155 2731 Πάντα,
1203 2670 1390 2731 ταῦτα,
1448 2664 1549 2719 ὅσα
1611 2672 1846 2741 προεῖπε,

248 2750 458 2814 δηλαδὴ
523 2758 643 2830 περί
712 2773 767 2808 τε
828 2762 926 2817 τῆς
989 2753 1229 2817 ἁλώσεως
1292 2762 1393 2808 τῶν
1457 2753 1846 2829 Ἰεροσολύμων,

242 2848 337 2898 καὶ
384 2848 503 2918 περὶ
544 2852 646 2898 τῶν
700 2843 859 2917 ἐγγύς
904 2850 996 2905 τῆς
1048 2839 1291 2918 δευτέρας
1340 2844 1501 2898 αὐτοῦ
1556 2850 1847 2921 παρουσίας

247 2935 409 3009 ἄχρις
462 2934 646 2995 αὐτῆς.
704 2939 823 2997 Πῶς
882 2929 969 2986 οὖν
1023 2931 1177 3000 εἶπεν,
1236 2935 1318 2987 ὅτι
1366 2931 1424 2987 Ἡ
1475 2938 1623 3005 γενεὰ
1669 2936 1843 3002 enim;

242 3027 421 3077 Γενεάν
488 3023 696 3077 ἐκάλεσε
768 3028 861 3083 τὴν
921 3026 1201 3098 θρησκείαν
1270 3032 1370 3076 τῶν
1451 3027 1844 3078 πιστευσάντων

245 3112 395 3185 ούτῷ.
464 3111 577 3167 Ἰνα
626 3116 729 3187 γάρ
794 3116 867 3186 μὴ
931 3112 1260 3166 ὑπολάϐωσιν
1317 3116 1367 3167 οἱ
1430 3111 1713 3167 ἀπόστολοι
1765 3116 1846 3167 ὅτι

243 3205 313 3259 τὰ
355 3203 579 3277 ῥηθέντα
632 3199 778 3256 δεινά
832 3201 1113 3278 πρόρριζον
1162 3201 1535 3276 ἐξαφανίσουσι
1578 3206 1637 3256 τὸ
1681 3208 1848 3278 κήρυ-

247 3313 361 3367 γμ
409 3297 503 3349 καὶ
558 3295 680 3355 τοὺς
721 3295 962 3364 πιστούς,
1016 3291 1334 3367 πληροφορεί
1377 3294 1612 3362 τούτους,
1669 3293 1749 3345 ὅτι
1787 3290 1846 3345 οὐ

246 3388 321 3458 μὴ
392 3382 651 3457 ἀφανισθῇ
711 3384 742 3441 ἡ
828 3384 1085 3459 θρησκεία
1159 3390 1258 3437 τῶν
1347 3389 1545 3437 πιστῶν
1606 3383 1696 3444 ἕως
1758 3390 1849 3443 τῆς

250 3472 494 3549 δευτέρας
559 3476 872 3548 παρουσίας,
947 3470 1075 3526 ἀλλά
1140 3467 1374 3546 διαμενεί
1434 3476 1599 3546 μέχρι
1674 3489 1850 3525 συντε-

1877 3231 1919 3289 C

250 3561 394 3624 λείας
430 3570 521 3615 τοῦ
575 3566 801 3636 κόσμου,
857 3557 1047 3636 μηδενὶ
1102 3558 1505 3636 διακοπτομένη.
1563 3566 1688 3635 Περὶ
1734 3562 1851 3614 τού·

249 3670 347 3710 τνυ
402 3648 460 3706 δέ
504 3656 596 3705 καὶ
647 3656 897 3728 πρότερον
947 3648 1210 3727 διαφόρως
1267 3651 1442 3715 αὐτοῖς
1491 3658 1704 3726 προεῖπε
1758 3655 1849 3705 καὶ

252 3736 683 3817 κδιεϐεϐαιώσατο,
734 3740 845 3795 ἀλλ’
883 3743 950 3804 ὡς
995 3744 1073 3797 ἔτι
1122 3741 1323 3803 εὐεπιλή
1336 3761 1490 3807 στους
1532 3744 1607 3797 ἔτι
1650 3740 1852 3817 ἕξασφα

248 3828 471 3896 λίζεται.

326 4065 387 4125 Ὀ
469 4104 537 4115 -
608 4072 956 4148 παρέλθωσιν.
1050 4072 1350 4139 Αξιόπιστα
1420 4075 1848 4141 κατασκευάζων,

256 4154 381 4237 άπερ
446 4156 574 4230 εἶπε,
646 4168 827 4237 φησὶν,
895 4164 976 4216 ὅτι
1047 4166 1124 4221 Τὰ
1178 4169 1452 4237 πεπηγότα
1524 4174 1693 4222 ταῦτα
1761 4169 1851 4219 καὶ

252 4250 470 4311 ἀκίνητα
531 4250 723 4325 μᾶλλον
798 4250 1247 4325 ἀφανισθήσονται
1316 4256 1346 4313 ἦ
1413 4257 1463 4308 οἱ
1530 4259 1672 4328 λόγοι
1748 4274 1849 4328 μου

249 4337 647 4410 διαπεσοῦνται,
743 4342 830 4403 οὖς
916 4338 1077 4409 εἷπον,
1170 4346 1289 4420 περὶ
1376 4344 1444 4395 ὧν
1518 4344 1847 4417 ἠρωτήσατε.

251 4434 349 4485 Καὶ
377 4430 616 4503 ἀλλαχοῦ
652 4425 711 4484 δε
749 4439 822 4503 τῷ
847 4434 1065 4505 τοιούτῳ
1090 4437 1264 4507 τρόπῳ
1289 4440 1386 4496 τῆς
1431 4428 1466 4485 δ
1470 4431 1853 4496 ιαϐεϐαιὼσεως

247 4519 544 4595 ἑχρήσατο,
586 4520 772 4575 εἰπών’
806 4520 1172 4596 Εὐκοπώτερον
1214 4521 1326 4577 ἔστι
1373 4526 1460 4576 τόν
1509 4522 1723 4598 οὐρανὸν
1762 4528 1853 4578 καὶ
1884 4572 1919 4598 μ

245 4613 343 4668 τὴν
420 4618 522 4681 γῆν
582 4610 851 4685 παρελθεῖν
935 4614 967 4670 ἣ
1052 4619 1146 4665 τοῦ
1213 4616 1372 4686 νόμου
1439 4616 1565 4687 μίαν
1638 4617 1851 4689 κεραίαν

251 4715 453 4752 πεσειν.
572 4768 575 4771 ν

254 4790 403 4843 ΚΕΦ.
472 4782 597 4843 NH'.
664 4793 787 4862 Περὶ
850 4798 947 4853 τῆς
1012 4790 1209 4865 ἡμέρας
1273 4788 1472 4858 ἐκείνης
1534 4800 1625 4849 καὶ
1689 4795 1847 4874 ὧρας.

320 4880 447 4952 Περὶ
495 4907 565 4917 -
624 4877 871 4953 οὐρανῶν.
934 4882 1013 4933 Τά
1208 4881 1339 4935 ἄλλα
1394 4886 1563 4938 πάντα
1611 4894 1847 4962 προεῖπεν

243 4964 443 5033 αὐτοῖς,
477 4968 578 5021 ὅσα
618 4972 883 5044 συνέφερεν
922 4965 1152 5023 εἰδέναιο
1198 4976 1361 5045 μόνην
1404 4970 1465 5027 δε
1512 4979 1605 5036 τὴν
1650 4979 1845 5053 ἡμέραν

238 5060 332 5109 καὶ
401 5059 536 5132 ὤραν
600 5066 693 5120 τῆς
756 5065 848 5112 τοῦ
922 5064 1125 5133 κόσμου
1190 5062 1481 5127 συντελείας
1550 5064 1843 5142 ἀπέκρυψεν

236 5143 600 5220 οἰκονομικῶς,
660 5147 743 5200 ἵνα
804 5146 1101 5221 ἀγνοοῦντες
1163 5150 1326 5216 αύτὰς
1376 5155 1426 5207 οἱ
1472 5158 1584 5208 τότε
1638 5162 1842 5230 νήφωσι

234 5239 327 5289 καὶ
382 5240 695 5310 προσέχωσι
744 5242 836 5290 καὶ
883 5235 1255 5313 προσδοκῶσιν
1309 5241 1407 5299 ἀεί.
1465 5250 1564 5298 Καὶ
1619 5250 1744 5323 γὰρ,
1797 5251 1839 5304 εἰ
1896 5276 1900 5285 ·

311 5362 362 5398 ⁸⁸
390 5361 433 5418 L
453 5377 542 5422 ξς.
572 5379 695 5432 xxx,
724 5364 816 5423 28.
844 5365 893 5402 ⁸ο
923 5364 1068 5423 lbid.
1097 5369 1282 5426 29-31.
1361 5367 1556 5434 “Luc.
1593 5387 1713 5447 xvx,
1736 5379 1833 5435 17.

1964 611 2164 665 autem
2191 609 2571 667 manifestius
2597 611 2784 670 dixit:
2812 615 2924 672 His
2952 623 3147 676 autem
3174 618 3309 688 ﬁeri
3328 619 3612 693 incipien-

1965 696 2139 763 tibus,
2170 703 2318 770 puta
2354 715 2490 773 quae
2533 700 2609 757 de
2646 703 3117 774 pseudochristis
3156 711 3213 765 et
3246 710 3613 783 pseudopro-

1961 786 2157 859 phetis
2197 787 2343 858 dixi,
2373 791 2654 860 suspicite
2685 797 2741 848 et
2781 793 2964 851 levate
3007 797 3198 868 capita
3238 806 3442 865 vestra,
3474 817 3616 873 quo-

1962 878 2126 933 niam
2169 880 2610 951 appropinquat
2662 882 2987 954 redemptio
3034 894 3232 945 vestra
3275 890 3346 948 δ’.
3390 891 3614 949 Deinde

1962 965 2047 1021 ait
2074 981 2088 1019 :
2121 967 2198 1021 Et
2228 966 2377 1022 dixit
2400 968 2525 1025 illis
2550 970 2998 1030 similitudinem
3027 989 3039 1030 :
3080 975 3280 1033 Videte
3291 978 3613 1045 ﬁeuineam

1961 1061 2015 1111 et
2036 1070 2229 1111 omnes
2254 1056 2505 1123 arbores,
2530 1073 2664 1114 cum
2690 1062 3047 1131 protrudunt
3057 1066 3187 1134 jam
3206 1081 3475 1137 gemmas,
3495 1083 3613 1126 cer-

1960 1149 2164 1199 nentes
2181 1158 2256 1200 ex
2276 1143 2577 1215 vobisipsis
2598 1148 2763 1204 scitis
2785 1150 2937 1221 quod
2945 1152 3079 1221 jam
3105 1168 3287 1223 prope
3311 1152 3384 1210 sit
3405 1160 3609 1211 testas:

1960 1232 2043 1287 sie
2072 1238 2124 1287 et
2157 1247 2256 1289 vos
2280 1248 2408 1290 cum
2441 1235 2714 1292 videritis
2737 1238 2861 1294 haec
2880 1239 3029 1308 ﬁeri,
3054 1240 3252 1298 scitote
3270 1242 3424 1313 quod
3438 1243 3614 1300 instet

1959 1335 2209 1392 regnum
2249 1322 2354 1379 Dei
2396 1324 2465 1379 5°.
2512 1322 2662 1381 Cum
2706 1326 2993 1393 videritis,
3039 1329 3253 1402 inquit,
3286 1331 3415 1389 hinc
3460 1333 3609 1400 ﬁeri,

1957 1426 2094 1484 qua;
2135 1412 2406 1470 videlicet
2434 1414 2593 1471 dicta
2635 1421 2773 1473 sunt
2802 1416 2877 1473 de
2914 1420 3310 1478 manifestatis
3351 1423 3613 1481 seducto-

1956 1499 2142 1570 ribus,
2201 1503 2406 1560 scitote
2455 1504 2622 1577 quod
2674 1520 2862 1579 prope
2918 1509 2991 1565 sit
3041 1510 3345 1567 secundus
3401 1513 3613 1571 Christi

1958 1588 2294 1659 adventus;
2338 1591 2499 1650 hunc
2536 1593 2698 1650 enim
2728 1595 2872 1652 dicit
2908 1613 3071 1654 nunc
3105 1614 3361 1671 regnum
3401 1602 3500 1658 Dei
3540 1617 3611 1660 ac

1955 1679 2431 1753 redemptionem
2474 1683 2778 1754 justorum
2824 1702 2839 1742 :
2874 1701 3127 1759 regnum
3158 1690 3427 1762 quidem,
3466 1692 3612 1765 quia

1959 1772 2249 1842 tanquam
2291 1786 2396 1828 rex
2441 1775 2925 1847 appropinquat;
2956 1776 3426 1851 redemptionem
3467 1795 3610 1839 vero

1955 1872 2185 1927 eorum,
2241 1861 2386 1933 quia
2427 1867 2621 1919 servat
2665 1879 2785 1920 eos.
2832 1866 3102 1940 Sumpsit
3150 1872 3353 1926 autem
3408 1885 3445 1928 a
3490 1871 3611 1929 ﬁcu

1953 1947 2320 2021 exemplum,
2352 1950 2674 2008 ostendens
2693 1954 2858 2027 quod
2879 1954 3034 2012 sicut
3052 1957 3299 2030 quando
3321 1958 3449 2016 haec
3477 1974 3610 2033 pro-

1952 2037 2189 2096 truserit
2212 2039 2339 2109 jam
2364 2053 2660 2111 gemmas,
2683 2041 2807 2100 sive
2836 2058 2975 2102 cum
3002 2042 3179 2104 enata
3198 2046 3418 2107 iuerint
3448 2048 3605 2119 folia,

1953 2140 2200 2185 necesse
2251 2133 2338 2185 est
2383 2134 2449 2186 ut
2486 2130 2667 2187 instet
2713 2136 2945 2205 tempus
3006 2136 3228 2194 aestatis
3260 2153 3274 2194 :
3301 2138 3385 2195 ita
3428 2140 3609 2197 etiam

1950 2216 2202 2288 quando
2237 2217 2478 2289 signum
2532 2220 2746 2280 ecundi
2795 2222 3088 2281 adventus
3138 2225 3363 2284 factum
3406 2228 3605 2297 fuerit,

1953 2320 2197 2364 necesse
2227 2314 2313 2363 est
2330 2309 2531 2381 ipsum
2557 2309 2619 2367 in
2649 2311 2922 2383 proximo
2952 2328 3105 2372 esse.
3131 2314 3287 2374 Solet
3306 2316 3608 2391 siquidem

1954 2395 2255 2455 naturalia
2271 2413 2504 2457 sumere
2533 2400 2824 2475 exempla,
2850 2400 2930 2460 ad
2953 2419 3025 2463 ea
3044 2420 3179 2479 quae
3205 2420 3340 2464 vero
3359 2413 3609 2468 ventura

1956 2487 2114 2542 sunt.

2027 2698 2193 2758 Vers.
2221 2701 2310 2758 34.
2342 2701 2527 2763 Amen
2554 2736 2623 2746 -—
2650 2705 2823 2775 ﬁant.
2872 2706 3087 2767 Omnia
3126 2705 3260 2780 ista,
3292 2727 3424 2786 quae
3451 2710 3608 2773 vide¢

1956 2790 2089 2848 licet
2125 2792 2399 2864 praedixit
2444 2794 2520 2851 de
2558 2796 2894 2868 captivitate
2943 2800 3509 2874 Hierosolymorum,
3551 2810 3608 2863 et

1955 2880 2031 2938 de
2054 2881 2146 2937 his
2175 2897 2311 2955 quae
2333 2883 2489 2941 circa
2511 2885 2847 2943 secundum
2874 2902 3051 2946 suum
3082 2890 3411 2950 adventum
3437 2900 3610 2952 erunt

1956 2983 2150 3042 usque
2188 2970 2267 3027 ad
2310 2972 2532 3044 ipsum.
2580 2974 2898 3039 Quomodo
2942 2994 3079 3050 ergo
3124 2979 3273 3037 dixit
3313 2982 3609 3041 Generatio

1956 3058 2085 3116 [uec
2113 3062 2139 3114 .9
2167 3061 2618 3118 Generationem
2664 3066 2896 3121 vocavit
2934 3068 3288 3138 religionem
3334 3070 3608 3143 ipsorum

1955 3148 2059 3220 qui
2116 3147 2516 3208 crediderant.
2567 3151 2651 3207 Ne
2704 3153 2864 3209 enim
2921 3156 3374 3228 suspicarentur
3433 3178 3612 3234 apos-

1958 3235 2083 3302 toli,
2150 3236 2312 3310 quod
2363 3237 2647 3309 praedicta
2700 3241 2962 3312 pericula
3037 3246 3277 3316 penitus
3346 3246 3611 3309 delerent

1955 3324 2443 3399 praedicationem
2508 3342 2580 3383 ac
2643 3328 2871 3401 ﬁdeles,
2932 3332 3213 3389 certiores
3272 3351 3374 3392 eos
3446 3337 3607 3407 facit,

1958 3413 2123 3488 quod
2154 3428 2277 3470 non
2316 3415 2390 3470 sit
2426 3415 2682 3474 delenda
2727 3417 2932 3491 religio
2976 3420 3245 3479 ﬁdelium
3286 3440 3480 3498 usque
3532 3427 3611 3484 ad

1958 3502 2293 3560 secundum
2313 3503 2661 3573 adventum,
2693 3507 2799 3564 sed
2815 3524 3008 3582 usque
3040 3509 3119 3567 ad
3143 3516 3614 3574 consummatio-

1958 3608 2099 3650 nem
2148 3593 2349 3649 sthuli
2406 3609 2819 3667 permansura,
2874 3614 2985 3656 nec
3033 3599 3155 3657 ullo
3205 3602 3472 3675 periculo
3526 3605 3615 3664 in-

1958 3682 2322 3740 tercidenda.
2370 3684 2450 3741 De
2504 3684 2620 3743 hoc
2671 3691 2873 3745 autem
2924 3689 3101 3747 etiam
3152 3692 3319 3765 prius
3367 3693 3612 3753 diversi-

1959 3772 2139 3831 mode
2170 3772 2255 3829 eis
2302 3774 2574 3848 praedixit
2616 3781 2672 3834 et
2699 3778 3123 3837 conﬁrmavit:
3148 3780 3252 3839 sed
3282 3784 3425 3857 quia
3469 3790 3615 3844 tunc

1959 3861 2130 3920 facile
2150 3878 2185 3920 a
2214 3863 2393 3921 corde
2424 3865 2782 3926 excidebant
2814 3868 2916 3944 (m)
2947 3869 3209 3944 amplius
3241 3873 3443 3932 adhuc
3472 3875 3616 3935 facit

1958 3954 2262 4010 certiores.

2028 4040 2170 4100 Vers
2225 4044 2312 4101 35.
2379 4046 2602 4103 Caelum
2655 4077 2722 4088 —-
2764 4049 3171 4118 praeteribunt.
3241 4051 3377 4111 Fide
3429 4055 3617 4127 digna

1958 4136 2229 4189 astruens
2246 4149 2374 4190 esse
2396 4149 2467 4191 ea
2488 4152 2617 4208 quae
2634 4135 2805 4204 dixit,
2827 4137 2938 4197 ait:
2968 4141 3099 4195 Haec
3122 4140 3275 4197 adeo
3298 4150 3617 4216 compacta

1959 4225 2015 4276 et
2042 4221 2379 4278 immobilia
2417 4224 2611 4295 potius
2650 4224 3076 4293 demolientur,
3124 4244 3309 4300 quam
3341 4232 3617 4291 excidant

1959 4324 2266 4365 sermones
2320 4310 2456 4375 mei,
2523 4328 2672 4384 quos
2730 4313 2805 4369 de
2856 4314 2950 4370 his
3008 4328 3138 4387 quae
3204 4317 3616 4391 interrogastis

1959 4398 2270 4471 respondi.
2310 4398 2464 4456 Alibi
2506 4416 2749 4474 quoque
2778 4399 2893 4459 hoc
2924 4403 3397 4464 conﬁrmationis
3431 4410 3617 4468 modo

1960 4504 2099 4544 usus
2146 4492 2235 4546 est
2286 4488 2488 4546 dicens
2538 4511 2551 4547 :
2608 4490 2868 4548 Facilius
2912 4499 2997 4550 est
3047 4492 3244 4552 caelum
3292 4503 3345 4554 et
3393 4504 3616 4558 terram

1884 4572 1930 4648 b
1957 4576 2278 4651 praeterire,
2310 4595 2486 4652 quam
2506 4598 2541 4637 a
2564 4580 2683 4653 lege
2709 4597 2885 4639 unum
2910 4584 3030 4641 iota
3058 4584 3330 4645 excidere
3358 4590 3426 4647 οι.

2351 4796 2510 4854 CAP.
2546 4794 2732 4857 XVlII.
2758 4799 2840 4855 De
2870 4800 2965 4859 die
2990 4806 3045 4859 et
3073 4800 3237 4861 hora.

2027 4901 2191 4959 Vers.
2270 4907 2357 4961 36.
2438 4906 2524 4961 De
2580 4936 2647 4947 —
2698 4906 2991 4966 cartorum.
3073 4912 3292 4970 Cretera
3372 4915 3617 4989 quidem

1955 4990 2161 5047 omnia
2202 4992 2470 5063 praedixit
2517 4993 2622 5060 eis,
2670 5011 2806 5068 quae
2852 4998 2999 5053 scire
3050 5000 3376 5071 proderat:
3421 5006 3617 5063 solum

1953 5083 2154 5135 autem
2182 5079 2346 5137 diem
2373 5086 2429 5138 et
2454 5082 2666 5140 horam
2705 5089 3240 5146 consummationis
3272 5092 3471 5149 saeculi
3497 5094 3619 5150 dis-

1951 5170 2289 5241 pensatorie
2313 5172 2652 5245 occultavit,
2706 5178 2767 5230 ut
2810 5175 2918 5249 qui
2959 5180 3101 5234 tunc
3149 5180 3449 5252 vivebant,
3488 5184 3620 5242 haec

1951 5256 2296 5329 ignorantes
2317 5262 2651 5335 vigilarent,
2676 5266 2734 5322 et
2762 5265 3041 5325 animum
3067 5266 3448 5341 adhiberent,
3472 5288 3602 5335 sem

1438 5500 1663 5571 Variae
1691 5502 2022 5577 lectiones
2052 5518 2118 5579 et
2148 5521 2349 5584 notae.

306 5624 411 5709 (in)
437 5632 546 5690 Pro
571 5631 756 5709 priori
778 5633 1113 5709 invidetur
1138 5635 1430 5698 invenisse
1459 5645 1596 5703 τότε.
1625 5646 1851 5709 Deinde

222 5702 424 5779 facile
438 5717 477 5760 a
499 5702 678 5779 corde
689 5705 1066 5779 considebant,
1099 5722 1222 5779 non
1242 5714 1331 5767 est
1354 5711 1415 5769 in
1441 5702 1665 5775 Graeco.
1680 5702 1839 5779 liam

240 5770 450 5836 εὐιπιλη
459 5778 579 5841 στος
591 5776 670 5835 ab
681 5775 1020 5849 ἕπιλανθάνω,
1034 5770 1139 5854 qui
1147 5770 1713 5856 rerumfaciteoliliu
1721 5770 1853 5855 Ec?-

1962 5656 2286 5785 ειὲγᾶὖξῗὰάθ
2312 5671 2455 5731 ergo
2469 5655 2564 5719 sed
2585 5666 2649 5720 ut
2667 5659 2860 5723 adhuc
2884 5662 3193 5728 obliviosos
3212 5666 3387 5732 etiam
3413 5677 3617 5746 certos,
