4198 6478
247 425 360 480 625

1223 423 1597 480 COMMENT.
1639 407 1708 477 lN
1748 417 2199 477 MATTH/EUM.
2238 449 2306 461 —
2338 418 2500 476 CAP.
2541 417 2736 476 XXIV.

3519 421 3626 478 626

245 559 372 616 τοὺς
425 552 708 614 πλουσίους
759 548 932 618 δηλοῖ,
989 547 1084 603 διὰ
1133 547 1191 604 δι
1238 559 1336 602 τῶν
1369 549 1671 608 ἀληθουσῶν
1703 547 1750 600 ἐν
1785 555 1840 618 τῷ

1966 547 2069 619 qui
2099 547 2159 602 in
2191 561 2336 616 agro
2368 549 2523 616 sunt,
2561 545 2776 601 divites
2814 544 3116 615 intelligit;
3150 560 3256 617 per
3295 560 3396 602 eas
3420 549 3621 605 autem

247 644 468 716 μυλῶνι,
499 646 615 703 τοὺς
662 646 901 702 πένητας.
947 645 1049 694 Καὶ
1102 637 1353 693 διδάσκει
1400 642 1479 692 ὅτι
1521 644 1609 692 καὶ
1659 638 1713 690 ἐκ
1759 647 1856 690 τῶν

248 733 513 786 πλουσίων
562 736 650 783 καὶ
704 729 757 782 ἐκ
813 733 911 782 τὼν
965 735 1192 789 πενήτων
1241 733 1370 790 τινες
1428 732 1516 801 μὲν
1577 729 1854 795 σώζονται,

246 825 380 882 τινες
419 817 477 873 δὲ
525 819 857 875 ἀπόλλυνται.
914 822 1000 871 Διὸ
1052 824 1142 871 καὶ
1195 818 1280 871 ἐπὶ
1331 822 1420 890 μὲν
1452 826 1551 870 τῶν
1597 817 1856 869 πλουσίων

249 911 538 986 ἀρσενικῶς
577 913 664 962 τὸν
707 909 858 979 λόγον
888 914 1179 982 προήγαγε,
1235 909 1291 959 τὸ
1339 906 1539 978 ὑψηλὸν
1565 911 1653 958 καὶ
1699 906 1855 976 ἰσχυ-

246 1006 341 1077 ρὸν
427 1001 593 1052 αὐτῶν
686 995 1063 1071 ἐνδεικνύμενος
1150 997 1235 1050 ἐπὶ
1311 993 1369 1049 δὲ
1447 1005 1547 1048 τῶν
1625 1000 1854 1054 πενήτων

251 1091 505 1157 θηλυκῶς,
561 1093 618 1142 τὸ
690 1091 929 1140 ταπεινὸν
995 1093 1084 1139 καὶ
1148 1085 1354 1146 ἀσθενὲς
1400 1088 1594 1138 τούτων
1635 1087 1853 1157 ὑποφαί-

247 1203 366 1232 νων.
403 1185 503 1234 Καὶ
545 1182 647 1252 γὰρ
687 1180 802 1230 ὅσοι
832 1180 922 1250 μεν
972 1181 1000 1235 ἤ
1059 1181 1145 1229 τὸν
1192 1177 1410 1228 πλοῦτον
1450 1175 1620 1236 καλῶς
1659 1171 1852 1244 διῴκη-

251 1290 372 1338 σαν,
430 1270 458 1327 ἦ
510 1273 606 1326 τὴν
640 1271 815 1319 πενίαν
862 1266 1025 1326 καλῶς
1066 1265 1382 1333 ἐϐάστασαν,
1427 1262 1852 1338 παραλαμϐάνον-

246 1381 338 1414 ται
368 1360 438 1422 εἰς
466 1359 759 1416 ἀπάντησιν
787 1364 876 1408 του
908 1361 1120 1429 Κυρίου,
1174 1359 1236 1416 ὡς
1261 1361 1512 1428 γνώριμοι
1544 1353 1681 1423 αὐτῷ
1730 1373 1852 1424 τυγ-

244 1451 493 1521 χάνοντες
522 1465 535 1479 ·
590 1450 706 1500 ὅσοι
747 1443 806 1498 δὲ
835 1445 1149 1511 τούναντίον,
1197 1445 1428 1516 ἀφίενται
1472 1445 1614 1495 κάτω
1661 1445 1732 1505 ὡς
1759 1441 1848 1494 ἀν-

245 1537 385 1600 άξιοι
418 1541 775 1610 περιμένοντες
818 1536 1042 1588 ἐνταυθα
1084 1537 1167 1587 τὸν
1211 1530 1484 1592 δικαστήν.
1538 1539 1746 1594 Λουκᾶς
1787 1527 1846 1583 δε

246 1628 429 1700 ἑτέρως
487 1631 616 1698 φησί
691 1629 810 1699 περὶ
889 1627 1073 1677 τούτου
1125 1621 1174 1675 ἒν
1224 1631 1297 1693 τῷ
1363 1623 1625 1692 ἑξηκοστῷ
1690 1641 1846 1694 κεφα-

242 1716 392 1788 λαίῳ,
452 1718 532 1770 ὅτι
587 1714 837 1769 Ἔσονται
899 1711 994 1766 δύο
1051 1713 1133 1766 ἐπὶ
1179 1713 1354 1774 κλίνης
1410 1719 1552 1784 μιᾶς·
1615 1708 1683 1774 εἷς
1731 1711 1848 1782 (37)

242 1806 728 1880 παραληφθήσεται,
798 1808 888 1857 καὶ
973 1805 999 1855 6
1086 1804 1256 1876 ἕτερος
1331 1801 1666 1874 ἀφεθήσεταιε
1748 1803 1846 1853 Δύο

1965 651 2101 707 quae
2131 637 2361 692 molunt
2389 635 2448 690 in
2479 634 2660 700 mola,
2694 650 2989 706 pauperes
3023 651 3035 689 :
3069 650 3140 690 ac
3169 633 3344 691 docet
3371 635 3538 708 quod
3565 642 3623 693 et

1964 726 2038 780 de
2068 725 2372 789 divitibus,
2405 729 2463 780 et
2492 724 2568 779 de
2611 723 2982 794 pauperibus
3010 722 3259 795 quidam
3293 723 3620 795 salvantur,

1963 813 2214 886 quidam
2239 829 2381 869 vero
2407 817 2675 884 pereunt.
2710 812 2844 868 Ideo
2875 811 3055 867 etiam
3080 811 3156 868 de
3191 811 3476 868 divitibus
3505 829 3623 871 ser-

1964 919 2207 958 monem
2239 902 2566 958 masculine
2613 901 2867 964 induxit,
2899 900 3202 957 excelsum
3241 917 3311 958 ac
3339 901 3486 958 forte
3521 903 3624 960 de-

1962 998 2306 1047 monstrans
2338 991 2503 1064 quod
2534 991 2593 1046 in
2624 990 2710 1045 eis
2755 995 2841 1045 est
2869 1007 2883 1044 :
2917 989 2992 1046 de
3022 990 3390 1063 pauperibus
3418 998 3621 1050 autem

1966 1081 2269 1146 feminine,
2303 1080 2692 1136 subindicans
2729 1078 2924 1136 debile
2957 1095 3028 1136 ac
3067 1080 3423 1152 depressum
3451 1081 3620 1154 quod

1961 1171 2021 1225 in
2062 1170 2173 1225 illis
2212 1176 2317 1226 est.
2363 1169 2668 1242 Siquidem
2720 1171 3016 1240 quotquot
3053 1167 3148 1225 vel
3185 1167 3425 1226 divitias
3463 1169 3618 1228 bene

1961 1265 2276 1324 sectantur,
2305 1259 2398 1314 vel
2427 1261 2838 1330 paupertatem
2869 1257 3023 1313 bene
3049 1256 3264 1323 ferunt,
3297 1273 3617 1316 assumun-

1958 1353 2052 1405 tur
2081 1350 2139 1404 in
2170 1363 2482 1404 occursum
2517 1346 2774 1411 Domini,
2810 1351 3099 1419 tanquam
3128 1346 3210 1404 illi
3242 1346 3565 1405 familiares
3595 1365 3612 1406 :

1958 1443 2254 1512 quotquot
2286 1443 2488 1494 autem
2517 1437 2815 1493 contrario
2847 1436 3030 1492 modo
3065 1453 3127 1493 se
3157 1436 3405 1503 habent,
3437 1437 3616 1496 deor-

1959 1545 2094 1583 sum
2122 1534 2406 1600 tanquam
2434 1526 2663 1596 indigni
2689 1525 3128 1598 relinquuntur,
3158 1532 3223 1583 ut
3244 1527 3327 1584 ibi
3346 1526 3613 1599 judicem

1957 1621 2320 1689 exspectent.
2373 1619 2558 1674 Lucas
2606 1631 2748 1672 vero
2801 1614 2876 1671 de
2927 1614 3020 1671 his
3072 1614 3192 1672 alio
3241 1616 3424 1674 modo
3471 1616 3615 1676 dicit

1957 1707 2147 1778 capite
2166 1707 2542 1776 sexagesimo
2563 1722 2575 1761 :
2600 1706 2794 1761 Erunt
2815 1703 3056 1777 (inquit)
3073 1705 3192 1761 duo
3208 1705 3271 1762 in
3291 1706 3439 1763 lecto
3456 1721 3575 1763 uno
3594 1721 3610 1764 :

1958 1813 2111 1853 unus
2151 1804 2498 1862 assumetur,
2535 1799 2588 1852 et
2617 1795 2776 1852 alter
2812 1793 3184 1866 relinquetur
3216 1810 3231 1850 :
3270 1795 3404 1852 dua.v
3437 1802 3612 1852 erunt

245 1899 450 1948 ἔσονται
495 1895 786 1954 ἀλήθουσαι
865 1891 948 1945 ἰπὶ
1017 1895 1075 1944 τὸ
1133 1892 1284 1944 αὐτὼ
1349 1896 1446 1963 μία
1509 1890 1840 1964 παραληφθή-

1954 1889 2234 1944 metentes
2259 1887 2475 1944 simul:
2498 1900 2623 1941 una
2642 1889 2997 1946 assumetur.
3021 1888 3074 1941 et
3095 1885 3292 1942 altera
3313 1886 3616 1958 retiaque-

251 2004 418 2049 σεται,
471 1991 560 2036 καὶ
606 1987 636 2042 η
697 1983 842 2056 ἑτέρα
913 1980 1246 2046 ἀφεθήσεται,
1305 1977 1398 2033 διὰ
1452 1985 1540 2052 μὲν
1607 1989 1706 2032 τῶν
1759 1980 1842 2032 ἐπὶ

251 2084 346 2134 τῆς
401 2074 573 2135 κλίνης
611 2076 731 2135 τοὺς
780 2071 827 2124 ἐν
888 2070 1180 2124 ἀναπαύσει
1251 2067 1441 2138 δηλῶν,
1497 2068 1590 2122 διὰ
1642 2067 1701 2122 δὲ
1745 2079 1844 2122 τῶν

257 2161 306 2213 ἐν
358 2170 431 2232 τῷ
485 2162 686 2234 μυλῶνι
728 2165 840 2222 τοὺς
895 2161 944 2213 ἐν
1001 2161 1342 2231 κακοπαθείᾳ.
1414 2158 1572 2217 Δῆλον
1630 2157 1717 2212 οὖν
1765 2161 1844 2212 ὅτι

258 2247 519 2323 διαφόρως
568 2250 679 2302 κατ’
738 2249 880 2302 ἄλλον
943 2254 1032 2302 καὶ
1092 2249 1241 2301 ἄλλον
1299 2252 1478 2322 καιρὸν
1528 2248 1844 2323 ἐρρήθησαν,

253 2342 320 2391 τὰ
372 2347 465 2392 τοῦ
519 2346 698 2393 Λουκᾶ
747 2342 835 2412 μὶν
877 2344 1138 2415 πρότερον,
1188 2341 1255 2390 τὰ
1302 2335 1360 2390 δὲ
1412 2346 1503 2391 τοῦ
1547 2341 1840 2408 Ματθαίου,

248 2429 482 2502 ὕστερον.

313 2521 356 2589 -Ῑ-
395 2521 436 2588 -ι-
468 2518 650 2594 Ἀγρόν
702 2519 936 2591 ὠνόμασε
987 2522 1073 2571 τὸν
1119 2519 1232 2590 (38)
1281 2523 1476 2591 κόσμον
1509 2537 1522 2552 ο
1569 2519 1841 2592 παραλαμ-

239 2608 448 2662 ϐάνεται
537 2605 625 2660 οὖν
699 2610 724 2660 6
783 2610 1072 2682 σωζόμενος
1121 2625 1133 2639 °
1188 2608 1392 2680 ἀφίεται
1462 2610 1487 2660 6
1536 2615 1842 2682 κατακρινο-

234 2718 404 2770 μενος.
463 2699 548 2752 Ἐκ
601 2702 786 2751 τούτου
839 2703 1007 2750 τοίνυν
1064 2699 1305 2770 μάθωμεν
1364 2699 1442 2750 ὅτι
1493 2704 1583 2750 καὶ
1636 2703 1841 2760 πένητες

234 2793 325 2840 καὶ
361 2787 626 2859 πλούσιοι,
678 2795 768 2841 καὶ
801 2785 979 2840 δουλοι
1019 2793 1108 2840 καὶ
1147 2791 1318 2860 κύριοι
1347 2788 1842 2862 παραλαμϐάνονταί

234 2897 289 2930 τε
345 2883 434 2931 καὶ
515 2877 766 2950 ἀφίενται,
819 2883 1058 2932 Δείκνυσι
1129 2875 1185 2930 δὲ
1256 2880 1335 2930 ὃτι
1401 2875 1546 2950 μηδέ
1595 2879 1838 2932 πλούσιοι

233 2969 422 3028 πάντες
478 2967 810 3034 ἀπόλλυνται,
860 2963 998 3040 μηδὲ
1055 2969 1260 3028 πένητες
1323 2970 1506 3030 πάντες
1561 2969 1836 3028 σώζονται.

231 3055 384 3109 Ὀθεν
442 3061 530 3109 καὶ
586 3060 768 3128 ἐπάγει
801 3074 813 3086 ·
849 3063 1156 3131 Γρηγορεῖτε
1211 3053 1319 3125 οὖν,
1376 3059 1455 3109 ὃτι
1516 3057 1609 3109 οὐκ
1662 3055 1840 3110 οἴδατε

236 3151 363 3218 ποίᾳ
421 3147 530 3219 ὥρᾳ
609 3147 634 3198 ὁ
686 3147 870 3217 Κύριος
947 3147 1087 3217 ὑμῶν
1164 3148 1395 3218 ἔρχεται.
1471 3147 1574 3204 Τὴν
1645 3148 1839 3218 ἡμέραν

237 3236 328 3288 οὐκ
413 3233 540 3300 εἶπε,
618 3233 932 3307 βουλόμενος
1033 3232 1334 3306 ἐναγωνίοῡς
1419 3236 1548 3286 εἶναι

237 3322 502 3386 διηνεκῶς.

305 3421 615 3487 Γρηγορεῖτε
658 3444 727 3453 -
781 3415 1012 3488 ἔρχεται.
1076 3411 1134 3465 Ὀ
1190 3409 1248 3465 δὲ
1323 3415 1536 3487 Μάρκος
1593 3412 1833 3487 ἔγραψεν,

236 3504 577 3575 Ἀγρυπνεῖτε
657 3507 761 3554 καὶ·
826 3503 1229 3577 προσεύχεσθε·
1284 3503 1377 3554 οὐκ
1459 3500 1636 3556 οἴδατε
1713 3508 1836 3556 πότε

237 3595 264 3645 6
319 3596 493 3666 καιρός
548 3590 704 3658 ἐστιν,
761 3593 786 3643 6
845 3600 940 3654 τῆς
1019 3589 1256 3665 δέυτέρας
1337 3589 1578 3650 δηλονότι
1640 3612 1831 3667 παρου·

689 3681 1038 3754 Ἐγρήγορσιν
1112 3677 1171 3733 δὲ
1229 3686 1315 3733 καὶ
1372 3679 1659 3755 ἀγρυπνίαν
1729 3685 1832 3735 νόεὶ

1563 3771 1688 3822 ἀλλά
1740 3777 1830 3824 καὶ

243 3686 357 3742 σίας
435 3681 608 3737 αὐτοῦ.

234 3777 306 3845 μή
357 3775 509 3843 μόνον
583 3776 674 3829 τὴν
739 3778 829 3822 τοῦ
915 3771 1076 3822 ὕπνου
1163 3769 1477 3843 ἐγκράτειαν,

231 3867 322 3921 τὴν
369 3865 616 3914 παντοίαν
676 3865 954 3934 προσοχὴν
1007 3866 1200 3912 τεκαὶ
1257 3861 1506 3933 φυλακήν.
1568 3867 1703 3921 Φησὶ
1728 3865 1828 3938 γὰρ

229 3958 316 4005 καὶ
368 3954 393 4003 6
447 3957 690 4010 Λουκᾶς
760 3954 1049 4025 Προσέχετε
1124 3950 1346 4015 ἑαυτοῖς,
1413 3955 1607 4024 μήποτε
1665 3951 1829 4027 βαρηο

235 4050 389 4102 θῶσιν
454 4044 596 4114 ὑμῶν
657 4041 710 4091 αἱ
763 4036 982 4114 καρδίαι
1070 4038 1117 4091 ἐν
1187 4040 1471 4114 κραιπάλη,
1527 4046 1615 4094 καὶ
1673 4045 1826 4115 μέθῃ,

231 4136 321 4183 καὶ
375 4135 648 4206 μερίμναις
722 4127 1016 4202 βιωτικαῖς,
1095 4135 1184 4182 καὶ
1257 4127 1508 4202 αἰφνίδιος
1580 4131 1652 4204 ἐφ’
1695 4135 1830 4204 ὑμᾶς

230 4219 412 4295 ἐπιστῇ
493 4222 524 4278 ἡ
586 4221 756 4294 ἡμέρα
821 4217 1012 4277 ἐκείνη.
1102 4219 1188 4280 Ὠς
1267 4223 1425 4292 παγὶς
1470 4223 1570 4294 γὰρ
1627 4221 1830 4274 ἐπεὶεύ-

226 4331 371 4365 σεται
443 4311 529 4363 ἐπὶ
594 4311 792 4369 πάντας
854 4311 971 4368 τούς
1017 4310 1339 4380 καθημένους
1420 4308 1502 4361 ἐπί
1550 4315 1828 4384 πρόσωπον

219 4405 405 4462 πάσης
456 4409 548 4460 τῆς
576 4407 697 4470 γῆς.
747 4397 860 4470 [Ὠς
905 4398 1016 4470 (39)
1049 4403 1209 4470 παγίς
1243 4402 1331 4470 μεν
1367 4395 1460 4450 διὰ
1508 4403 1566 4450 τὸ
1593 4399 1829 4472 ἀσυμφα-

217 4495 299 4552 vi;
346 4491 513 4552 αὐτῆς
572 4493 662 4540 καὶ
709 4487 1018 4561 ἀπρόοπτον
1071 4493 1349 4563 πρόσωπον
1400 4485 1458 4541 δὲ
1512 4490 1761 4561 τῆςὛῆς]
1795 4491 1846 4547 ἠ-

1956 1984 2058 2034 tur
2095 1979 2163 2044 ⁸⁸,
2205 1993 2312 2049 per
2347 1992 2450 2032 eos
2489 1975 2592 2048 qui
2633 1975 2693 2030 in
2729 1973 2880 2030 lecto
2921 1977 3060 2030 sunt
3097 1974 3442 2044 signiﬁcans
3480 1974 3612 2033 illos

1955 2067 2057 2140 qui
2105 2068 2166 2124 in
2211 2066 2416 2139 requie
2461 2065 2689 2135 degunt
2741 2079 2752 2119 :
2809 2078 2915 2136 per
2961 2078 3078 2129 eas
3110 2069 3311 2120 autem
3363 2079 3500 2136 quas
3549 2065 3612 2123 in

1955 2157 2135 2224 mola,
2211 2171 2314 2212 eos
2386 2154 2488 2227 qui
2563 2153 2818 2209 adversa
2891 2151 3158 2209 tolerant.
3236 2153 3610 2212 Manifestum

1953 2251 2041 2302 est
2114 2260 2276 2314 ergo,
2347 2243 2512 2316 quod
2577 2241 2982 2299 diversimode
3049 2241 3167 2298 alio
3237 2246 3416 2316 atque
3491 2243 3610 2300 alio

1951 2340 2220 2407 tempore
2295 2333 2453 2389 dicta
2519 2332 2634 2389 sint
2701 2347 2716 2386 :
2786 2330 2952 2403 prius
3019 2330 3264 2402 quidem
3330 2346 3402 2388 ea
3473 2347 3608 2404 quas

1953 2424 2117 2496 apud
2168 2424 2412 2488 Lucam,
2455 2419 2845 2494 postmodum
2892 2434 3034 2476 vero
3072 2435 3208 2493 qua:
3246 2419 3412 2494 apud
3467 2423 3614 2479 Mat:

1952 2515 2197 2570 thasum.

1973 2657 1980 2662 -
2021 2623 2064 2692 σι-
2093 2625 2317 2692 Agrum
2343 2618 2576 2676 vocavit
2614 2615 2935 2675 mundum.
2971 2615 3308 2674 Assumitur
3336 2632 3478 2689 ergo
3501 2618 3609 2693 qui

1952 2716 2236 2777 servatur,
2268 2710 2621 2782 relinquitur
2659 2706 2767 2780 qui
2806 2705 3265 2766 condemnatur.
3298 2708 3608 2768 Discamus

1948 2800 2128 2871 igitur
2157 2816 2227 2856 ex
2258 2799 2374 2856 hoc
2406 2797 2556 2863 loco,
2590 2796 2757 2870 quod
2796 2800 2853 2851 et
2879 2810 3176 2868 pauperes
3205 2801 3261 2854 et
3291 2798 3522 2870 divites,
3551 2804 3610 2858 et

1951 2890 2108 2948 servi
2125 2895 2180 2946 et
2198 2889 2426 2948 domini
2445 2889 2840 2944 assumuntur
2856 2900 2926 2942 ac
2945 2885 3381 2956 relinquuntur.
3404 2890 3608 2946 Osten-

1949 2979 2037 3035 dit
2075 2985 2275 3036 autem
2313 2978 2474 3052 quod
2515 2992 2622 3033 nec
2672 2989 2884 3031 omnes
2935 2974 3144 3031 divites
3183 2982 3454 3049 pereunt,
3495 2993 3608 3035 nec

1949 3083 2245 3141 pauperes
2286 3067 2593 3124 salvantur
2630 3078 2860 3121 omnes.
2917 3062 3079 3120 Unde
3119 3068 3173 3122 et
3213 3066 3606 3139 postmodum

1949 3157 2031 3213 ait
2063 3178 2074 3216 :
2123 3158 2370 3228 Vigilate
2398 3171 2537 3227 ergo
2567 3156 2708 3227 quia
2739 3151 2975 3208 nescitis
2995 3169 3114 3224 qua
3145 3155 3294 3212 hora
3319 3157 3605 3214 Dominus

1657 3235 1840 3297 αὐτοὺς
1874 3249 1928 3316 α’.
1950 3237 2135 3304 vester
2170 3247 2378 3303 veniet.
2414 3249 2539 3303 Non
2569 3243 2716 3298 dixit
2739 3239 2922 3310 diem,
2955 3241 3162 3299 volens
3194 3258 3297 3300 eos
3323 3245 3604 3304 continue

1948 3336 2022 3394 a'd
2056 3341 2357 3392 certamen
2389 3349 2519 3390 esse
2549 3339 2817 3406 paratos.

2017 3424 2186 3479 Vers.
2221 3427 2307 3479 42.
2349 3423 2603 3493 Vigilate
2625 3454 2692 3464 —
2714 3429 2999 3481 venturus
3024 3419 3121 3476 sit.
3146 3421 3371 3478 Marcus
3401 3424 3604 3481 autem

1945 3513 2181 3588 scripsit
2213 3532 2226 3569 :
2272 3513 2522 3582 Vigilate
2551 3519 2606 3570 et
2659 3520 2825 3570 orate
2857 3530 2871 3568 :
2905 3510 3144 3568 nescitis
3175 3510 3327 3568 enim
3359 3511 3602 3584 quando

1944 3610 2172 3674 tempus
2198 3603 2273 3659 sit
2304 3605 2370 3668 ⁸⁷,
2407 3602 2653 3658 secundi
2687 3601 2961 3659 videlicet
2989 3600 3278 3656 adventus
3309 3600 3458 3672 ejus.
3492 3600 3603 3668 Per

1940 3692 2206 3772 vigiliam
2247 3697 2445 3749 autem
2485 3693 2608 3748 sive
2648 3691 3020 3763 vigilantiam
3050 3687 3308 3760 intellige
3347 3705 3469 3746 non
3509 3705 3602 3747 so-

1939 3781 2062 3838 lam
2101 3783 2290 3842 somni
2324 3781 2802 3855 temperantiam,
2843 3796 3054 3837 verum
3085 3778 3266 3835 etiam
3305 3779 3602 3836 omnimo-

1940 3873 2082 3932 dam
2123 3873 2510 3929 attentionem
2543 3876 2598 3928 et
2627 3871 2986 3929 custodiam.
3030 3869 3178 3926 Dicit
3206 3868 3366 3926 enim
3398 3874 3455 3927 et
3493 3870 3601 3928 Lu-

1941 3979 2036 4019 cas
2053 3980 2064 4017 :
2086 3963 2132 4017 A
2145 3962 2391 4019 ttendite
2406 3961 2565 4019 vobis
2582 3963 2728 4032 ipsis
2745 3960 3061 4034 nequando
3073 3965 3403 4032 graventur
3416 3960 3600 4019 corda

1939 4057 2135 4108 vestra
2161 4053 2438 4119 crapula,
2468 4058 2520 4107 et
2544 4051 2846 4116 ebrietate,
2879 4065 2951 4106 ac
2972 4049 3132 4106 curis
3155 4050 3336 4120 hujus
3364 4049 3516 4118 vita,
3545 4057 3599 4108 et

1938 4141 2278 4209 repentinus
2316 4141 2702 4208 superveniat
2741 4137 2901 4195 vobis
2951 4139 3076 4195 dies
3114 4139 3238 4195 ille.
3288 4139 3598 4211 Tanquam

1941 4229 2184 4299 laqueus
2205 4229 2359 4282 enim
2382 4226 2751 4296 superveniet
2775 4227 2838 4280 in
2861 4240 3058 4282 omnes
3077 4225 3182 4296 qui
3201 4226 3404 4281 sedent
3421 4241 3602 4295 super

1934 4315 2151 4386 faciem
2184 4317 2475 4370 universae
2508 4321 2688 4372 terra?
2717 4314 2788 4371 ⁸⁸.
2828 4315 3142 4384 Tanquam
3172 4311 3425 4384 laqueus
3455 4329 3598 4373 sane

1938 4408 2182 4476 propter
2219 4417 2340 4458 non
2367 4403 2782 4475 apparentiam
2811 4404 2868 4456 et
2904 4399 3596 4472 impraemeditationem.

1940 4493 2139 4548 Facies
2169 4497 2368 4547 autem
2395 4497 2563 4547 terras
2605 4495 2692 4547 est
2729 4487 3074 4561 superﬁcies
3113 4492 3170 4544 et
3198 4488 3495 4561 apparitio
3524 4489 3600 4546 il-

217 4582 498 4652 ἐπιφάνεια
559 4577 739 4639 αὐτῆς·
805 4579 1086 4648 καθήμενοι
1137 4574 1195 4630 δε
1257 4580 1305 4629 οἱ
1364 4575 1648 4649 διάγοντες.
1704 4576 1830 4632 Εἶτα

1952 4581 2070 4638 ius.
2116 4580 2400 4636 Sedentes
2440 4595 2582 4636 vero
2623 4583 2764 4634 sunt
2801 4579 3082 4643 viventes,
3125 4581 3230 4634 aut
3265 4578 3326 4634 in
3368 4579 3599 4638 mundo

215 4671 363 4739 λέγει
409 4671 500 4718 καὶ
565 4671 679 4742 περὶ
740 4674 832 4728 τῆς
886 4675 1213 4740 προσευχῆς,
1275 4668 1352 4720 ὅτι
1410 4668 1744 4740 Ἀγρυπνείτε
1783 4668 1828 4721 ἐν

221 4761 389 4810 παντὶ
466 4764 627 4829 καιρῷ
719 4753 967 4828 δεόμενοι,
1057 4757 1138 4807 ἵνα
1244 4757 1598 4820 καταξιωθῆτε
1682 4758 1830 4831 ἐκφυ-

218 4854 338 4919 γεῖν
397 4846 566 4897 πάντα
652 4849 714 4898 τὰ
776 4845 1020 4919 μέλλοντα
1110 4848 1348 4917 γενέσθαι
1421 4847 1554 4920 (40),
1626 4845 1828 4909 δηλοδὴ

219 4938 370 5012 παρά
396 4943 495 4988 τῶν
524 4934 744 5003 πλάνων,
777 4939 866 4988 καὶ
899 4935 998 4987 ὅσα
1027 4931 1190 4990 δεινά.

295 5204 510 5261 “Luc.
542 5221 682 5262 xvu.
713 5205 818 5262 34;
914 5205 962 5240 ⁸⁷
994 5205 1170 5263 Marc;
1193 5207 1315 5276 xui,
1346 5206 1433 5264 33.
1549 5207 1598 5244 ⁸⁸
1623 5205 1762 5266 Luc.
1785 5221 1908 5281 xxx,
1934 5209 2124 5281 34,35.

1940 4672 2245 4740 degentes.
2274 4669 2497 4725 Deinde
2523 4669 2667 4726 dicit
2693 4668 2873 4724 etiam
2899 4667 2975 4723 de
2999 4668 3267 4725 oratione
3298 4689 3312 4726 :
3348 4668 3602 4740 Vigilate

1941 4761 2103 4817 omni
2141 4767 2417 4828 tempore,
2441 4765 2752 4830 precantes
2785 4764 2845 4813 ut
2886 4757 3058 4828 digni
3092 4758 3431 4816 habeamini
3449 4761 3603 4831 επα-

1943 4865 2080 4921 gere
2126 4853 2324 4906 omnia
2379 4848 2503 4906 haec
2550 4863 2682 4922 qua?
2729 4853 2984 4905 ventura
3032 4854 3170 4905 sunt
3219 4851 3287 4914 σθ,
3340 4865 3376 4906 a
3423 4849 3601 4907 sedu-

1946 4938 2211 4994 ctoribus
2251 4937 2546 5004 videlicet,
2599 4942 2655 4995 et
2702 4952 3081 5017 quaecunque
3129 4937 3246 4997 alia
3291 4941 3464 5020 erunt
3499 4953 3601 5020 pe-

1947 5027 2154 5084 ricula.

2245 5209 2292 5246 ω
2316 5207 2459 5268 ibid.
2491 5189 2603 5267 36.-

1457 5388 1680 5460 Variae
1708 5388 2034 5460 lectiones
2049 5398 2118 5460 et
2134 5396 2344 5458 notae.

289 5581 403 5654 (37)
441 5581 519 5650 '0,
561 5586 697 5659 ante
723 5582 834 5659 _¢ig,
878 5589 935 5642 et
987 5587 1043 5649 ἡ,
1075 5589 1209 5659 ante
1229 5584 1349 5659 μιά,
1403 5585 1622 5655 omittit
1651 5586 1832 5648 etiam

217 5653 471 5724 uterque
500 5655 689 5710 codex
718 5653 776 5711 in
806 5659 1082 5712 contextu
1108 5653 1300 5714 Lucae.

291 5724 410 5808 (38)
435 5727 566 5782 Haec
576 5731 781 5808 neuter
793 5743 1067 5808 meorum
1077 5728 1372 5808 agnoscit.
1393 5727 1558 5808 Unde
1579 5729 1832 5808 repetita

221 5803 435 5867 essent.
447 5799 709 5871 reperire
723 5813 850 5859 non
867 5815 952 5888 pq
955 5799 1056 5859 tui.
1075 5799 1318 5862 Interim
1335 5815 1478 5874 ergo
1497 5799 1830 5876 ipseGraace

1939 5587 2194 5646 reddidi.

2012 5662 2031 5722 (
2038 5661 2126 5722 39)
2162 5658 2399 5718 Inclusa
2437 5655 2784 5717 exciderunt
2812 5653 2885 5712 Α.

2012 5662 2104 5722 (39
2162 5661 2399 5718 Inclusa
2437 5661 2784 5717 exciderunt
2812 5661 2885 5712 A.

2011 5661 2126 5805 (4οζ
2167 5732 2334 5806 apud
2372 5733 2592 5793 Lucam
2615 5729 2856 5807 γίνεσθαι
2894 5725 3079 5790 habet
3109 5728 3378 5804 uterque.
