4198 6462
641 372 749 432 627

707 500 870 557 Vers.
910 500 999 557 43.
1042 496 1207 556 Illud
1251 526 1320 542 —
1369 509 1561 555 suam.
1616 492 1825 566 Vigilia
1861 492 1983 552 sive
2021 491 2293 551 custodia

2471 487 2664 547 Ἐκεῖνο
2714 521 2785 535 -
2839 491 3021 552 αὐτοῦ.

635 590 849 647 dicitur
871 593 1088 662 quarta
1115 604 1257 662 pars
1289 586 1501 656 noctis,
1552 588 1732 659 prout
1760 584 1940 642 etiam
1972 584 2115 641 alibi
2144 582 2290 640 dixi-

635 696 794 737 mus.
828 678 1175 736 Parabolica
1206 681 1408 734 autem
1433 692 1595 734 nunc
1623 675 1785 739 dicit,
1808 674 1975 747 quod
2006 674 2053 729 si
2084 672 2294 729 scisset

634 769 822 827 homo
858 784 982 841 quo
1022 773 1291 841 tempore
1331 767 1468 823 ﬁnis
1507 767 1637 822 vita:
1678 780 1801 822 sum
1842 764 2075 821 futurus
2113 766 2287 827 esset,

635 858 842 931 utique
862 858 1017 913 circa
1041 857 1188 913 illud
1214 862 1450 929 tempus
1467 854 1790 925 vigilasset,
1823 859 1878 910 et
1902 866 2291 925 nequaquam

634 947 891 1021 periiset.
927 947 1040 1003 Sed
1066 951 1381 1018 propterea
1423 949 1480 1003 et
1509 958 1897 1001 communem
1928 942 2202 999 omnium
2228 939 2293 996 ﬁ-

634 1053 797 1103 nem,
825 1040 884 1093 et
909 1052 1049 1093 eum
1074 1036 1180 1109 qui
1205 1035 1414 1107 cuique
1444 1032 1724 1107 proprius
1743 1036 1851 1097 est,
1883 1032 2017 1089 fecit
2047 1033 2201 1088 Deus
2230 1031 2295 1087 ut

635 1126 998 1198 ignorarent,
1028 1141 1104 1182 ne
1133 1124 1212 1181 ad
1249 1124 1397 1181 illud
1452 1122 1650 1180 solum
1680 1126 1917 1195 tempus
1956 1120 2289 1191 vigilarent,

637 1215 803 1272 omni
821 1214 1053 1287 reliquo
1083 1214 1240 1271 male
1264 1214 1529 1271 viventes
1560 1230 1574 1269 :
1605 1212 1710 1270 sed
1741 1217 1825 1278 ut,
1872 1227 2008 1268 cum
2040 1212 2293 1267 incertus

637 1304 711 1360 sit
744 1304 897 1370 ﬁnis,
930 1319 1168 1376 semper
1204 1302 1375 1362 illum
1409 1305 1768 1377 exspectent,
1805 1316 2042 1375 semper
2070 1301 2187 1358 sint
2215 1298 2296 1358 ad

636 1399 939 1453 certamen
962 1393 1181 1469 parati.

710 1592 875 1649 Vers.
908 1595 995 1649 44.
1038 1592 1177 1649 Ideo
1232 1621 1302 1633 —
1345 1596 1632 1649 venturus
1688 1594 1791 1647 est.
1848 1587 1999 1645 Ideo.
2053 1588 2297 1654 Quare?

640 1682 792 1749 Quia
814 1687 1053 1755 tempus
1074 1680 1383 1753 ignoratis.
1419 1681 1484 1737 In
1511 1678 1828 1736 universali
1857 1677 2149 1751 siquidem
2176 1676 2297 1734 ﬁne

638 1770 851 1828 mundi
876 1771 1264 1828 manifestum
1285 1774 1395 1838 est,
1438 1771 1596 1843 quod
1630 1769 1921 1826 Dominus
1960 1767 2176 1823 veniet.
2217 1767 2297 1823 De

1957 359 2312 426 EUTHYMil
2352 360 2684 435 ZIGABENI
3910 367 3999 429 628

3122 492 3325 553 Φυλακή
3408 488 3643 553 καλεῖται
3708 495 3773 549 τὸ
3831 514 3999 573 τεταρ-

2400 585 2649 655 τημόριον
2700 590 2794 645 τῆς
2841 588 3045 655 νυκτὸς,
3114 585 3179 646 ὡς
3230 588 3321 637 καὶ
3372 582 3423 637 ἓν
3482 583 3661 647 ἄλλοις
3710 585 3992 661 εἰρήκαμεν.

2402 670 2767 745 Παραϐολικῶς
2842 670 2901 727 δέ
2981 694 3110 741 φησι
3157 682 3267 744 νῦν,
3334 676 3432 746 ὅτι,
3510 676 3595 727 εὰν
3660 673 3996 747 ἕγίνωσκενὸ

2400 759 2671 834 ἅνθρωπος
2736 760 2782 814 ἓν
2840 768 2969 836 ποίῳ
3026 772 3191 837 καιρῷ
3270 772 3366 827 τῆς
3428 764 3563 825 ζωῆς
3621 764 3789 819 αὐτοῦ
3838 770 3892 821 τὸ
3927 771 3992 821 τί·

2399 848 2481 911 λος
2525 853 2757 924 ἄρχεται,
2829 851 3181 927 ἄγρηγόρησεν
3235 852 3296 906 άν
3342 852 3456 907 κατ’
3502 852 3694 910 ἆκεῖνον
3746 858 3833 909 τόν
3888 876 3993 910 και-

2399 942 2509 1015 ρόν,
2538 945 2627 993 καὶ
2665 940 2759 993 ούκ
2813 943 2874 995 ἄν
2925 941 3173 998 ἀπώλετο.
3232 941 3388 998 Ἀλλά
3437 938 3533 996 διὰ
3602 952 3761 999 τοῦτο
3812 951 3897 1000 καὶ.
3937 950 3986 1002 τό

2400 1031 2568 1081 κοινὸν
2615 1031 2819 1084 πάντων
2888 1032 3048 1099 τελος,
3111 1034 3199 1085 καὶ
3252 1034 3308 1086 τό
3359 1028 3495 1090 ἴδιον
3544 1031 3769 1089 ἑκάστου
3817 1041 3987 1092 πεποί-

2402 1137 2521 1176 ηκεν
2566 1117 2899 1193 ἀγνοούμενον
2930 1123 2956 1175 ό
3013 1125 3163 1189 Θεὸς,
3199 1122 3283 1176 ἶνα
3334 1126 3407 1194 μὴ
3439 1123 3553 1177 κατ’
3604 1122 3790 1181 ὶκείνον
3846 1131 3983 1200 μόνον

2403 1210 2488 1261 τόν
2565 1213 2745 1285 καιρόν
2816 1216 3039 1283 νήφωσι,
3134 1215 3221 1267 τόν
3304 1211 3453 1266 ἄλλον
3530 1212 3734 1269 ἅπαντα
3828 1224 3986 1279 κακῶς

2406 1296 2658 1370 βιοῦντες·
2717 1298 2824 1352 ἀλλ’
2864 1301 2965 1372 ἱνα,
3016 1308 3107 1354 τοῦ
3146 1299 3321 1364 τελους
3376 1297 3578 1360 ἀδήλου
3627 1306 3977 1377 τυγχάνοντος,

2405 1386 2650 1444 ἑκάστοτε
2696 1396 2846 1443 τοῦτο
2885 1386 3300 1465 προσδοκῶντες,
3344 1389 3591 1447 ἑκάστοτε
3648 1392 3769 1447 ὦσιν
3812 1392 3978 1469 ἐναγώ-

2404 1495 2523 1533 νεοι.

2477 1586 2572 1640 Διὰ
2598 1591 2754 1640 τοῦτο
2806 1616 2876 1628 —-
2929 1589 3162 1661 ἔρχεται.
3218 1589 3314 1643 Διά
3336 1594 3512 1657 τοῦτο,
3568 1600 3742 1659 rei”;
3796 1593 3883 1648 Διὰ
3918 1595 3970 1646 τό

2405 1679 2477 1748 μὴ
2511 1672 2702 1729 εἰδέναι
2748 1679 2835 1729 τόν
2880 1682 3082 1751 καιρόν.
3144 1678 3224 1732 Ἐν
3436 1676 3526 1734 οὖν
3573 1690 3642 1754 τῷ
3682 1686 3961 1753 παγκοσμίῳ

2404 1764 2532 1818 re?“
2603 1768 2815 1838 φανερόν
2866 1768 2946 1819 ὅτι
2996 1768 3023 1819 ὁ
3078 1768 3264 1843 Κύριος
3333 1769 3559 1842 ἔρχεται·
3775 1766 3830 1822 δὲ
3869 1775 3952 1822 τοῦ

638 1860 883 1934 proprio
935 1864 1135 1918 autem
1192 1860 1311 1917 ﬁne
1360 1858 1569 1916 dicunt
1617 1858 1887 1931 quidam,
1927 1857 2093 1931 quod
2144 1872 2291 1914 uno-

2409 1850 2585 1908 ἰδικοῦ
2646 1858 2776 1916 τινες
2835 1859 2925 1929 μέν
2977 1875 3134 1928 φασιν
3209 1859 3307 1922 ὅτι,
3386 1857 3590 1914 ἑκάστου
3659 1862 3942 1931 Χριστιανοῦ

640 1966 879 2023 quoque
930 1950 1262 2006 Christiano
1301 1948 1591 2005 moriente
1626 1948 1795 2004 adest
1832 1947 2121 2003 Dominus
2158 1961 2297 2001 cum

642 2039 863 2094 sanctis
918 2037 1148 2109 angelis
1192 2037 1483 2111 :quando
1540 2037 1722 2093 etiam
1758 2036 2050 2093 rationem
2105 2033 2302 2091 reddit

642 2127 867 2184 anima.
902 2127 1160 2194 Quidam
1213 2142 1352 2183 vero
1401 2126 1717 2183 adventum
1754 2125 2062 2199 proprium
2118 2123 2294 2192 illius,

642 2216 851 2274 dicunt
896 2217 1216 2291 imperium
1276 2217 1407 2290 ejus
1460 2232 1583 2290 quo
1624 2216 1794 2288 jubet
1848 2220 1915 2273 ut
1952 2214 2159 2272 anima
2212 2230 2301 2271 se-

641 2311 900 2381 paretur.
959 2306 1109 2374 Quia
1173 2310 1374 2363 autem
1431 2306 1491 2363 in
1575 2306 1755 2363 futuri
1817 2304 2025 2377 judicii
2073 2319 2300 2360 memo-

642 2398 791 2454 riam
839 2396 1066 2466 incidit,
1101 2396 1177 2455 ad
1215 2401 1611 2471 praeceptores
1648 2395 1930 2453 convertit
1958 2409 2299 2452 sermonem

643 2490 703 2544 et
728 2486 869 2543 dicit
896 2502 910 2543 :

712 2595 874 2651 Vers.
932 2595 1021 2651 45.
1058 2591 1343 2662 Quisnam
1372 2623 1442 2635 —
1490 2597 1769 2663 tempore.
1811 2590 2190 2649 Famulitium
2219 2588 2301 2646 di-

642 2683 719 2742 cit
745 2683 908 2758 ipsos
935 2681 1195 2740 famulos
1223 2698 1293 2740 ac
1320 2682 1418 2740 Dei
1450 2697 1693 2749 servos;
1721 2680 1923 2739 cibum
1955 2685 2176 2746 autem,
2204 2694 2298 2737 ra-

644 2771 927 2831 tionalem
969 2773 1332 2831 doctrinam.

716 2882 887 2942 Vers.
939 2882 1028 2941 46.
1083 2882 1291 2940 Beatus
1337 2910 1409 2924 —
1459 2878 1544 2938 sic
1598 2878 1920 2956 facientem.
1980 2878 2093 2947 Sic,
2147 2878 2299 2940 sicut

638 2974 850 3049 jussit.

713 3085 878 3140 Vers.
911 3084 1000 3140 47.
1030 3081 1222 3139 Amen
1247 3110 1316 3121 -—
1341 3094 1495 3138 eum.
1545 3079 1611 3137 In
1661 3094 1953 3151 magnum
2008 3078 2299 3137 honorem

2404 1943 2755 2013 τελευτῶντος,
2805 1950 3148 2018 παραγίνεται
3199 1948 3330 2019 μετὰ
3380 1955 3480 2001 τῶν
3722 1947 3941 2019 ily-pilus,

2407 2035 2490 2087 ὅτε
2517 2039 2607 2087 καὶ
2630 2033 2978 2107 λογοθετείται
3027 2036 3058 2094 ἡ
3104 2034 3261 2108 ψυχή
3293 2039 3426 2100 τινες
3475 2034 3534 2092 δε
3572 2038 3748 2091 ἶλευσιν
3800 2033 3953 2093 iam

2407 2123 2567 2176 αὐτοῦ
2618 2123 2831 2195 λέγουσι
2913 2128 3006 2183 τὴν
3074 2124 3307 2181 κε’λευσιν
3393 2134 3488 2181 τοῦ
3571 2132 3827 2201 χωρισμοῦ
3878 2131 3963 2183 τῆς

2405 2212 2608 2285 ψυχῆς.
2650 2214 2792 2267 Ἐπεὶ
2827 2210 2887 2268 δι
2924 2212 3103 2267 λοιπόν
3165 2215 3239 2277 εἰς
3272 2220 3365 2275 τὴν
3411 2224 3504 2279 τῆς
3552 2217 3822 2290 μελλούσης
3860 2216 3966 2286 κρί-

2410 2320 2537 2365 σεως
2569 2301 2765 2358 ἐνέϐαλε
2824 2307 3053 2376 μνήμην,
3109 2308 3240 2378 πρὸς
3298 2309 3423 2370 τοῦς
3480 2302 3828 2368 διδασκάλους
3865 2304 3969 2381 τρί-

2406 2411 2491 2447 πιι
2520 2395 2605 2445 τόν
2634 2391 2804 2465 λόγον,
2847 2397 2936 2446 καί
2966 2410 3117 2467 φησι·

2476 2627 2564 2687 Τίς
2621 2655 2690 2668 -—
2738 2632 2926 2702 καιρῷ.
3000 2629 3289 2703 Θιραπείαν
3483 2627 3623 2704 λέγει
3676 2632 3789 2695 τοὺς
3848 2624 3979 2702 θερά-

2407 2733 2613 2783 ποντας,
2666 2717 2785 2781 τούς
2854 2712 3074 2779 δούλους
3146 2724 3236 2771 τοῦ
3314 2722 3463 2792 Θεοῦ,
3544 2724 3735 2800 τροφὴν
3805 2714 3859 2773 δι
3903 2719 3979 2775 τήν

2406 2803 2643 2880 λογικὴν,
2667 2809 2761 2865 τὴν
2790 2800 2825 2859 δ
2830 2800 2886 2859 ιδ
2890 2805 3201 2866 ασκαλικήν.

2480 2897 2751 2974 Μακάριος
2797 2926 2867 2938 -
2931 2904 3183 2953 ποιοῦντα
3234 2898 3415 2964 οὕτως.
3476 2899 3674 2971 Οῦτως,
3710 2899 3777 2965 ὡς
3828 2914 3981 2977 προσ-

2409 2986 2587 3060 ετάγη.

2477 3086 2646 3159 ’Δμήν
2687 3117 2757 3129 -
2803 3084 2978 3143 αὐτόν.
3022 3088 3136 3161 (41)
3195 3087 3286 3152 Εἰς
3340 3092 3568 3163 μεγάλην
3618 3096 3792 3145 τοῦτον
3841 3103 3983 3140 κατα-

643 3172 958 3231 constituet
983 3188 1146 3244 eum,
1172 3173 1237 3229 ut
1263 3170 1439 3229 bonis
1466 3170 1591 3227 suis
1630 3170 1883 3242 dignum
1905 3169 2081 3228 ducat
2107 3170 2298 3236 illum.

2412 3180 2598 3235 στήσει
2653 3179 2832 3250 τιμὴν,
2928 3184 3026 3229 τῶν
3140 3176 3347 3251 ἀγαθῶν
3422 3180 3603 3237 ἑαυτοῦ
3697 3178 3983 3243 καταξιώσιι

640 3265 683 3322 Τ
688 3280 725 3319 u
761 3278 900 3321 vero
937 3262 1283 3336 hujusmodi
1330 3277 1405 3319 ne
1445 3260 1691 3319 ulterius
1730 3261 1959 3320 curiose
2000 3262 2297 3320 scruteris.

642 3352 1000 3414 Parabolica
1022 3368 1282 3426 namque
1311 3352 1394 3411 ita
1415 3340 1721 3411 tractanda
1732 3356 1890 3421 sunt,
1918 3352 2095 3427 quasi
2120 3353 2299 3427 signi-

643 3442 878 3501 ﬁcantia
915 3443 1108 3502 solum
1139 3459 1361 3517 eaque:
1400 3442 1747 3500 necessaria
1775 3446 1936 3502 sunt.

716 3531 860 3590 Vide
894 3538 1096 3591 autem
1124 3532 1290 3606 quod
1320 3532 1438 3589 duo
1462 3531 1590 3589 haec
1618 3531 1834 3589 habere
1862 3536 2129 3606 oporteat
2163 3550 2305 3593 eum

647 3622 750 3696 qui
776 3622 1123 3696 prepositus
1150 3626 1237 3678 est
1268 3638 1281 3677 :
1306 3625 1453 3694 puta
1480 3620 1685 3689 ﬁdem,
1710 3636 1784 3679 ne
1814 3622 2065 3679 retineat
2085 3638 2153 3680 ea
2171 3640 2303 3697 qua)

647 3715 788 3773 sunt
811 3726 1256 3776 conservorum,
1287 3709 1689 3766 autinutiliter
1713 3716 2069 3769 consumat:
2099 3718 2153 3769 et
2174 3729 2303 3785 pru-

647 3798 935 3865 dentiam,
965 3803 1030 3856 ut
1052 3798 1325 3854 decenter
1380 3813 1451 3854 ea
1476 3797 1720 3867 dividat,
1766 3814 1895 3872 quas
1950 3800 2060 3857 sibi
2095 3800 2304 3861 tradita

649 3889 809 3951 sunt,
861 3891 921 3944 et
967 3902 1106 3944 cum
1151 3885 1381 3958 judicio
1440 3888 1561 3943 tam
1608 3887 1669 3943 in
1700 3886 1999 3960 qualitate,
2032 3905 2218 3963 quam
2239 3891 2301 3949 in

649 3975 1005 4051 quantitate.
1060 3974 1345 4033 Convenit
1401 3979 1602 4034 autem
1652 3975 1753 4033 hic
1798 3992 1994 4036 sermo
2042 3995 2167 4037 non
2209 3981 2302 4038 bis

651 4069 870 4141 tantum
896 4065 1002 4142 qui
1027 4065 1239 4124 divites
1267 4069 1406 4125 sunt
1424 4066 1484 4124 in
1513 4082 1812 4135 sermone,
1840 4068 1945 4126 sed
1976 4076 2031 4127 et
2080 4068 2169 4126 his
2198 4071 2302 4145 qui

649 4157 921 4232 pecuniis
969 4172 1042 4216 ac
1092 4156 1585 4231 possessionibus
1624 4157 1837 4216 divites
1883 4164 2040 4218 sunt.
2084 4162 2302 4219 Omnes

648 4248 809 4307 enim
868 4246 1176 4307 constituit
1222 4249 1379 4305 Deus
1425 4247 1871 4321 dispensatores
1914 4265 2119 4309 eorum
2165 4267 2301 4325 quas

646 4338 973 4413 possident,
1002 4337 1212 4396 volens
1260 4340 1321 4394 ut
1346 4353 1558 4396 omnes
1596 4339 1846 4398 ﬁdeliter
1882 4356 1953 4397 ac
1982 4341 2303 4414 prudenter

647 4432 859 4488 cuncta
887 4428 1176 4486 dividant.
1212 4427 1497 4485 Praeterea
1534 4428 1647 4486 illis
1679 4446 1917 4504 quoque
1942 4436 2181 4504 aptatur
2209 4431 2301 4488 hic

647 4534 866 4588 sermo,
892 4518 995 4591 qui
1016 4518 1415 4593 principatum
1448 4534 1875 4593 quemcunque
1907 4524 2296 4594 acceperunt;
2330 4553 2389 4615 Ι),

649 4610 883 4679 oportet
928 4608 1088 4665 enim
1144 4611 1202 4664 et
1246 4607 1412 4679 ipsos
1465 4622 1587 4665 non
1629 4608 1801 4680 juxta
1854 4609 2154 4682 propriam
2197 4609 2304 4666 be-

648 4695 1053 4756 nevolentiam
1091 4698 1197 4752 aut
1246 4696 1618 4755 inimicitiam
1674 4696 2059 4757 administare
2116 4699 2303 4771 (quod

648 4783 875 4843 fraudis
903 4788 997 4842 est
1025 4789 1085 4841 et
1111 4784 1517 4861 inﬁdelitatis),
1550 4802 1745 4861 neque
1779 4786 1953 4845 stulte
2001 4792 2058 4845 et
2081 4787 2304 4863 impru-

646 4873 873 4933 denter.

721 4965 879 5021 Vers.
919 4964 1013 5022 48.
1047 4962 1345 5033 Quodsi—
1369 4968 1529 5024 Vers.
1556 4966 1641 5023 50.
1674 4966 1931 5039 ignorat.
1967 4969 2183 5029 Servus
2207 4970 2304 5031 ille

648 5055 869 5125 malus,
896 5054 1001 5128 qui
1046 5053 1320 5113 videlicet
1348 5070 1380 5113 e
1418 5056 1654 5115 diverso
1686 5056 1943 5115 inﬁdelis
1976 5062 2033 5117 et
2073 5060 2298 5134 impru-

648 5142 798 5201 dens
818 5144 1025 5213 evasit,
1064 5144 1115 5201 si
1144 5148 1362 5219 putans
1394 5146 1659 5204 cunctari
1689 5146 2007 5223 dominum
2027 5167 2206 5211 suum
2230 5168 2301 5210 eo

647 5233 815 5310 quod
894 5233 1053 5293 diem
1102 5234 1341 5307 ignorat
1388 5240 1443 5295 et
1498 5236 1734 5303 horam,
1792 5242 1854 5295 ut
1905 5238 2128 5298 dictum
2189 5246 2294 5311 est,

2410 3265 2584 3321 αὐτόν.
2642 3268 2709 3320 Σύ
2761 3261 2820 3319 δι
2876 3261 3040 3339 μηδεν
3102 3264 3185 3320 ἰπὶ
3268 3276 3367 3323 τῶν
3424 3273 3664 3325 τοιούτων
3719 3267 3986 3343 περαιτέρω

2408 3356 2847 3431 πολυπραγμόνει.
2905 3358 2982 3410 Τὰ
3038 3356 3365 3431 παραϐολικὰ
3413 3362 3539 3437 γὰρ,
3609 3362 3678 3422 ὡς
3724 3353 3989 3432 ὶμφαντικὰ

2409 3450 2573 3520 μόνων
2603 3454 2702 3499 τῶν
2729 3443 3045 3518 ἀναγκαίων,
3067 3454 3513 3525 μεταχειριστίον.

2479 3535 2619 3611 Ὀρα
2675 3532 2734 3591 δε
2781 3536 2859 3589 ὅτι
2909 3531 3007 3589 δύο
3074 3544 3240 3594 ταῦτα
3294 3543 3403 3614 χρὴ
3486 3542 3574 3593 τόν
3632 3534 3999 3609 προϊστάμενον

2411 3628 2571 3699 ἔχειν,
2612 3629 2813 3695 πίστιν,
2868 3626 3002 3680 ὥστε
3048 3630 3121 3700 μὴ
3178 3630 3557 3702 παροκατίχειν
3616 3626 3681 3677 τὰ
3733 3630 3829 3677 τῶν
3887 3640 4000 3673 συνο

2412 3711 2631 3780 δοῦ)ων,
2698 3719 2729 3775 ἦ
2793 3717 2962 3788 μάτην
3054 3715 3465 3788 παραναλίσκειν·
3548 3716 3643 3768 καὶ
3735 3712 3999 3781 φρόνησιν,

2410 3806 2544 3859 ὥστε
2598 3809 2891 3878 πρεπόντως
2948 3802 3201 3878 διανέμειν
3283 3806 3350 3858 τὰ
3409 3800 3856 3878 ἄγκεχιιρισμένα»
3912 3796 3998 3845 καί

2409 3897 2539 3969 μετά
2618 3891 2933 3970 διακρίσεως
2994 3899 3041 3951 ἕν
3115 3915 3168 3950 τε
3242 3898 3484 3955 ποιότητι
3557 3896 3655 3946 οιαὶ
3734 3889 4002 3943 ποσότητι.

2408 3985 2650 4060 Ἀρμόξει
2700 3982 2760 4041 δε
2816 3988 2841 4041 ό
2890 3986 3035 4060 λόγος
3076 3986 3225 4051 οὗτος
3280 3985 3337 4041 οῦ
3392 3989 3544 4059 μόνον
3592 3988 3698 4043 τοῖς
3748 3978 4009 4035 πλουσίοις

2412 4075 2478 4138 εἰς
2526 4076 2699 4148 λόγον,
2788 4073 2915 4130 ἀλλὰ
2966 4079 3055 4129 καὶ
3112 4084 3223 4140 τοῖς
3290 4075 3565 4139 πλουσίοις
3614 4072 3682 4138 εἰς
3731 4072 3997 4145 χρήματι

2411 4167 2616 4227 Πάντας
2663 4165 2775 4238 (42)
2822 4167 2923 4241 γὰρ
2978 4167 3298 4240 οἰκονόμους,
3346 4166 3413 4219 ὧν
3451 4166 3776 4240 εὐποροῦσιν,
3820 4156 3847 4209 ό
3876 4154 4000 4215 θεὸς

2408 4260 2719 4325 κατέστησε,
2772 4259 2861 4308 καὶ
2892 4253 3138 4328 βούλεται
3190 4258 3389 4320 πάντας
3437 4262 3637 4316 πιστῶς
3691 4252 3780 4302 καὶ
3832 4243 3998 4320 φρονί-

2407 4367 2517 4419 μως
2563 4347 2731 4400 πάντα
2783 4340 3067 4417 διανέμειν.
3109 4344 3271 4405 Ἀλλὰ
3315 4350 3406 4399 καὶ
3456 4352 3566 4409 τοῖς
3610 4342 3875 4403 ἡντιναοῦν
3918 4330 3999 4404 ἆρ-

2408 4440 2515 4509 χὴν
2545 4433 3014 4511 ὶγκεχειρισμένοις
3061 4436 3086 4487 ό
3138 4434 3285 4507 λόγος
3340 4438 3413 4489 ἔτι
3453 4437 3732 4509 προσήκει.
3789 4430 3869 4481 Διῖ
3905 4422 3997 4493 γάρ

2409 4529 2499 4578 καὶ
2551 4527 2768 4588 τούτους
2830 4530 2902 4599 μὴ
2952 4526 3080 4600 πρὸς
3154 4520 3293 4577 ἰδίαν
3364 4527 3565 4579 εὔνοιάν
3646 4525 3677 4581 ἦ
3734 4514 4000 4600 ἀπίχθιισξγ

2414 4609 2649 4681 διοικεῖν,
2710 4592 2840 4691 ὅπερ.
2890 4592 3001 4668 ἔστί
3057 4620 3349 4687 νοσφισμοῦ
3407 4619 3500 4668 καὶ
3570 4612 3831 4672 ἀπιστίας,
3878 4592 4001 4678 μηδῖ

2416 4700 2640 4780 ἀφρόνως
2670 4709 2759 4761 καὶ
2790 4704 3018 4760 ὰσυνίτω
3027 4725 3066 4769 ς.

2483 4972 2605 5029 Ἐὰν
2660 4969 2718 5027 δε
2771 5002 2842 5019 --
2893 4976 3155 5047 γινώσκει.
3212 4970 3270 5026 ’0
3335 4970 3499 5036 κακὸς
3574 4967 3763 5031 δοῦλος
3818 4962 4001 5047 indvat,

2411 5064 2437 5118 ό
2484 5064 2777 5119 τούναντίον
2824 5064 3048 5127 ἄπιστος
3098 5066 3187 5117 καὶ
3244 5060 3416 5137 ἄφρων
3482 5060 3709 5125 ἀποϐὰς,
3774 5054 3876 5119 ἐὰν,
3919 5044 4005 5137 οἶά·

2409 5174 2554 5229 μενος
2592 5150 2875 5230 βραδύνειν
2934 5156 3023 5207 τόν
3079 5155 3267 5230 Κύριον
3326 5151 3511 5223 αὐτοῦ,
3573 5148 3671 5207 διὰ
3716 5148 3775 5201 τὸ
3831 5136 4006 5230 ἀγνοεῖν

2411 5248 2504 5305 τὴν
2559 5229 2777 5321 ἡμέραν,
2842 5244 2911 5307 ὧς
2968 5229 3193 5320 εἴρηται,
3253 5245 3344 5297 καὶ
3420 5245 3520 5304 τὴν
3588 5242 3749 5316 ὤραν,
3803 5229 4010 5310 ἄρξηται

1848 5354 2076 5426 Variis
2106 5357 2432 5431 lectiones
2465 5372 2535 5431 et
2560 5371 2763 5431 nota.

720 5486 832 5560 (4t)
864 5490 1087 5561 liucex
1115 5486 1385 5561 margine
1411 5488 1502 5546 sui
1541 5488 1763 5548 codicis
1794 5492 2111 5550 Hentenius
2135 5496 2309 5555 refert

646 5557 779 5616 huic
809 5557 1165 5633 irlustissi’me
1182 5557 1317 5617 sane
1340 5568 1617 5633 tanquam
1637 5564 1978 5633 prudentem
1995 5572 2049 5624 et
2078 5569 2308 5627 studio-

648 5647 792 5714 sum.
811 5632 1256 5714 _ld_autem_non_
1283 5632 1506 5714 (ie-solis
1537 5632 1806 5703 pecuniis
1833 5652 1905 5694 ac
1944 5640 2307 5706 possessioni-

652 5703 754 5787 bas
783 5703 1006 5787 dictum
1037 5708 1140 5787 est,
1156 5705 1256 5787 sed
1281 5711 1333 5761 et
1358 5706 1432 5763 de
1449 5721 1714 5787 sermone
1735 5722 1871 5780 erga
1889 5703 2157 5787 mentem,
2189 5730 2307 5771 om-

649 5776 824 5850 nique
850 5776 1295 5849 dispensatione,
1326 5794 1507 5852 quam
1535 5778 1783 5855 quisque
1800 5776 2000 5839 nactus
2025 5789 2124 5841 est.

2490 5501 2600 5570 (42)
2641 5500 2763 5555 Huc
2788 5496 2963 5554 refert
2993 5511 3065 5554 ex
3095 5494 3363 5570 margine
3407 5493 3499 5552 sui
3551 5487 3773 5551 codicis
3827 5476 4012 5570 Bentt

2416 5554 2550 5628 nius
2573 5554 2702 5627 bmc
2746 5554 2768 5628 γε
2802 5570 3112 5645 Dominum
3160 5554 4011 5645 constituensynugiqfteﬁllfff

2416 5621 2717 5714 3135.370}.
2756 5621 3147 5715 sat-153w"
3163 5621 3445 5715 indigent
3471 5621 3863 5715 liberalitate.
3875 5621 4011 5715 είς

2414 5692 2664 5772 ἇεῗιῖηιὶἆ
2673 5692 2873 5794 ἓὶαῖιῖιξ
2890 5692 3025 5794 Eg}
3042 5692 3207 5771 55...:
3220 5692 3439 5785 gazas
3459 5692 3541 5794 ςιιί
3552 5692 4009 5794 ῥνοφειέιαάίηε

2412 5801 2504 5857 ea,
2535 5802 2668 5859 quas
2686 5786 3127 5860 aeauisivimm,
3153 5796 3435 5863 spargere
3455 5786 3521 5841 in
3534 5786 3846 5853 puum-
