4198 6464
245 402 355 459 629
1249 395 1619 454 COMMENT.
1672 395 1740 452 IN
1779 393 1903 452 ΜΛἾ

1967 392 2224 451 ῊᾹΞὉΜ.
2263 424 2333 435 -
2371 390 2531 449 CAP.
2581 389 2755 448 XXV.
3517 383 3625 444 630

245 531 462 583 τύπτειν
515 529 637 589 τοὺς
714 521 1028 600 ὁμοδούλους
1090 523 1270 590 αὐτοῦ,
1347 527 1613 576 τουτέστιν
1677 523 1903 578 ὁπωσοι

1969 519 2211 593 cmperit
2239 517 2552 575 verberare
2587 530 2904 574 conservos
2936 530 3095 581 suos,
3126 514 3244 572 hoc
3295 516 3383 570 est
3407 511 3621 586 quovis

251 615 455 677 δήποτε
533 616 783 690 βλάπτειν
861 615 1045 678 αὐτούς
1110 618 1210 668 εἴτε
1280 613 1527 686 ψυχικῶς
1587 617 1686 666 εἴτε
1763 632 1859 666 σῶς

1969 610 2151 668 modo
2182 608 2293 666 illis
2323 623 2553 673 nocere,
2578 605 2702 662 sive
2733 605 3116 678 corporaliter
3138 603 3258 660 sive
3314 600 3618 676 spirituali-

245 715 480 783 ματικῶς
512 724 525 739 ο
575 704 723 778 ἔσθίη
777 701 836 759 δε
885 709 976 758 καὶ
1029 709 1150 778 πίνῃ
1202 706 1335 776 μετὰ
1391 711 1491 756 τῶν
1543 703 1854 776 μεθυόντων,

1968 705 2070 756 ter.
2105 698 2253 756 Edat
2282 703 2486 754 autem
2515 701 2570 752 et
2595 693 2766 752 bibat
2796 711 2933 750 cum
2962 692 3168 760 ebriis,
3199 692 3315 749 hoc
3338 694 3448 755 est,
3481 705 3621 748 cou-

246 779 415 870 ήγουν
446 799 934 869 συναναστρέφηται
961 793 1175 868 φαύλοις
1204 797 1293 846 καὶ
1317 789 1711 866 διεφθαρμένοις
1740 788 1857 844 ἀνθ·

1966 793 2238 846 versetur
2267 804 2404 843 cum
2435 783 2728 859 perversis
2783 787 2838 840 et
2893 781 3187 856 corruptis
3241 779 3615 848 hominibus,

248 892 466 963 ρωποις,
499 884 805 962 ἆπροόπτως
828 881 1271 956 ἐπικαταλήψεται
1299 889 1480 936 τοῦτον
1511 882 1537 936 6
1559 883 1738 956 κύριος
1768 881 1855 935 αὐ-

1726 902 1738 946 ;
1768 881 1855 935 αὐ·
1965 877 2290 952 improvise
2318 873 2725 949 deprehendet
2747 888 2881 930 eum
2903 871 3186 930 dominus
3216 887 3384 928 suus.

251 983 367 1031 τοῦ·

331 1071 432 1122 Καὶ
465 1097 518 1107 -
551 1063 727 1121 αὐτόν.
762 1063 910 1124 Διελη
960 1065 1072 1136 (43)
1105 1061 1194 1116 ἀπ’
1234 1061 1395 1116 αὐτοῦ
1423 1064 1483 1116 τὸ
1533 1061 1854 1134 οἰκονομικὸν

2037 1074 2198 1132 Vers.
2240 1076 2326 1131 51.
2379 1074 2457 1130 Et
2495 1103 2564 1113 —
2607 1086 2759 1130 eum.
2801 1067 3110 1145 Separabit
3150 1067 3230 1128 ab
3264 1082 3338 1126 eo
3381 1066 3621 1142 dispen-

251 1155 479 1230 ἀξίωμα.

1965 1164 2140 1222 sandi
2161 1163 2533 1235 dignitatem.

327 1245 413 1319 [Ἦ
472 1245 583 1318 (44)
636 1239 958 1318 διχοτομία-δ
1009 1243 1145 1316 λέγει
1197 1248 1292 1303 τὴν
1343 1242 1561 1302 παντελῆ
1609 1235 1857 1298 “13W
2035 1247 3617 1324 τῦἱνὶεἰοηθωθμιεᾶίοἰῑοωῑιὶωοάοωθίροτρθωεω

243 1344 366 1396 xor/.5
416 1333 688 1410 ἀφαίρεσιν
734 1343 830 1396 τῆς
885 1335 1110 1407 χάριτος
1169 1339 1258 1386 τοῦ
1316 1332 1465 1404 ἁγίου
1534 1334 1851 1404 Πνεύματος.

1963 1344 2172 1416 gratias
2194 1343 2441 1415 Spiritus
2471 1341 2653 1398 sancti
2685 1339 3073 1398 ablutionem.
3125 1337 3295 1402 Quod
3339 1337 3388 1393 si
3420 1353 3615 1412 neque

246 1431 309 1479 Et
342 1427 441 1501 γὰρ
475 1421 602 1498 μηδ’
636 1423 857 1476 ἐνταῦθα
885 1431 998 1485 ταῖς
1021 1421 1423 1496 βεϐηλωσάσαις
1443 1421 1604 1479 αὐτήν
1643 1419 1850 1473 ἀνακέκο

1962 1449 2124 1489 nunc
2141 1433 2542 1489 commiscetur
2562 1429 2873 1488 animabus
2894 1445 3029 1486 eam
3051 1426 3613 1499 contaminantibus,

241 1535 402 1592 ραται
452 1514 679 1587 ψυχαῖς,
722 1512 832 1565 ἀλλ’
883 1508 970 1565 οὖν
1024 1515 1246 1588 πάρεστι
1303 1519 1412 1574 τοῖς
1467 1510 1608 1574 ἅπαξ
1663 1509 1852 1586 ἐσφρα-

1961 1527 2022 1580 at
2051 1522 2264 1578 saltem
2320 1521 2493 1578 adest
2531 1519 2650 1586 his,
2694 1519 2791 1593 qui
2833 1517 3016 1575 semel
3041 1533 3112 1575 ea
3167 1522 3305 1573 sunt
3329 1516 3611 1590 insigniti,

239 1609 532 1678 γισμένοις,
590 1602 920 1676 ἀναμένουσα
973 1607 1066 1661 τὴν
1117 1601 1434 1676 ἐπιστροφὴν
1493 1600 1679 1670 αὐτῶν,
1736 1604 1851 1654 τότε

1960 1617 2318 1685 exspectans
2369 1610 2819 1667 conversionem
2852 1608 3166 1680 ipsorum:
3214 1610 3357 1664 tunc
3413 1609 3614 1666 autem

242 1690 307 1748 δε
361 1692 618 1756 παντελῶς
707 1697 798 1744 καὶ
875 1687 1124 1754 διηνεκῶς
1210 1691 1375 1744 αὐτῶν
1442 1689 1848 1764 ἀλλοτριωθήσε-

1344 1712 1375 1743 ιν
1442 1689 1757 1764 ἀλλοτριωθὴ
1769 1708 1848 1744 σι·
1959 1700 2210 1759 omnino
2239 1706 2295 1758 et
2313 1705 2601 1773 perpetuo
2628 1697 3002 1758 alienabitur.

239 1782 380 1857 ται.]

318 1875 420 1926 Καὶ
500 1873 560 1924 τό
620 1874 771 1948 μέρος
826 1900 891 1913 -
949 1867 1194 1924 ὀδόντων.
1261 1874 1424 1945 Μέρος
1483 1870 1642 1924 αὐτοῦ
1711 1869 1848 1942 λέγει
1877 1884 1919 1939 Β

2027 1901 2190 1956 Vers.
2241 1899 2328 1954 51.
2385 1897 2730 1970 Partemque
2775 1925 2844 1937 —
2893 1891 3434 1953 dentium.Partem
3477 1890 3613 1964 ejus

246 1960 403 2015 αὐτὸν
463 1959 667 2029 ἐκεῖνον,
724 1962 789 2022 ὡς
844 1956 950 2020 ἤδη
1005 1964 1390 2034 κεχωρισμένον
1439 1959 1540 2013 ἀπὸ
1571 1967 1662 2013 τοῦ
1711 1958 1846 2012 οἰκο-

445 2049 628 2064 _....
877 2047 1099 2064 ...ιΑ
1214 2048 1808 2064 .....,...-

1954 1987 2098 2046 dicit
2120 2004 2254 2044 eum
2274 1988 2494 2058 ipsum,
2530 1956 2874 2058 utpotejam
2899 1981 3162 2040 divisum
3188 1997 3225 2039 a
3241 1956 3611 2054 dispensato-

248 2057 466 2123 νομικοῡ
514 2049 821 2123 ἀξιώματος.
874 2057 944 2103 ’Π
1000 2047 1144 2109 ὁιέλη
1208 2051 1320 2122 (45)
1371 2049 1526 2102 αὐτόν
1586 2048 1686 2102 ἀπὸ
1743 2058 1843 2103 τῶν

1951 2079 2042 2137 ria
2065 2047 2350 2151 dignitate
2383 2095 2396 2134 :
2430 2047 2530 2136 aut
2581 2047 2803 2134 dividet
2843 2091 2976 2133 eum
3014 2091 3052 2132 a
3095 2073 3220 2132 suis
3258 2047 3607 2140 cultoribus,

258 2140 577 2205 θεραπόντων
621 2140 797 2206 αὐτοῦ,
849 2144 938 2192 καὶ
989 2143 1074 2193 τόν
1130 2139 1319 2215 κλῆρον
1367 2140 1526 2194 αὐτοῦ
1577 2141 1727 2199 θήσει
1757 2159 1845 2212 με·

1951 2139 2200 2242 ejusque
2247 2173 2467 2226 sortem
2506 2171 2688 2240 ponet
2748 2182 2888 2223 cum
2937 2163 3284 2238 hypocritis,
3317 2169 3607 2236 tanquam

255 2229 323 2282 τὰ
375 2235 476 2280 τῶν
531 2229 840 2302 ὑποκριτῶν,
904 2231 974 2292 ὡς
1028 2230 1430 2305 ὐποκρινομένου
1497 2232 1586 2303 μὲν
1644 2230 1840 2283 οἰκονοο

1951 2229 2275 2329 fingentem
2301 2274 2364 2314 se
2393 2229 2744 2329 dispensare
2773 2271 2843 2313 ac
2872 2229 3254 2328 praepositum
3272 2229 3607 2316 essm—cum

249 2323 367 2390 μεῖν
424 2321 512 2370 καὶ
541 2320 907 2393 προίστασθαι,
962 2316 1286 2392 βλαπτοντος
1334 2316 1393 2373 δε
1447 2319 1656 2393 μᾶλλον.
1701 2326 1837 2392 Διχῆ

321 2409 331 2423 ι
478 2403 500 2423 Ω
542 2411 552 2422 ο
814 2407 825 2421 ν
951 2412 960 2423 ι
1067 2414 1078 2423 ι
1289 2407 1300 2423 3
1339 2414 1348 2423 ι
1507 2409 1520 2423 ς
1598 2407 1610 2422 3
1673 2412 1682 2423 ι
1790 2418 1810 2423 .-

1951 2316 2148 2421 potius
2185 2347 2432 2404 nocivus
2471 2316 2566 2402 sit.
2619 2316 2897 2402 Bifariam
2949 2316 3153 2417 itaque
3205 2339 3484 2398 excitavit
3524 2340 3606 2399 ad

243 2409 419 2459 τοίνυν
463 2403 723 2482 διήγειρεν
783 2407 851 2470 εἰς
909 2412 967 2462 τό
1023 2414 1198 2482 νήφειν
1279 2407 1376 2479 ἀεὶ,
1431 2409 1522 2462 καί
1589 2407 1689 2462 ἀπὸ
1747 2418 1840 2472 τῆς

1951 2403 2578 2510 sempervigilandum
2618 2454 2632 2495 :
2667 2439 2725 2492 et
2753 2449 2826 2490 ex
2853 2403 3084 2490 honore
3111 2429 3211 2504 qui
3241 2445 3415 2487 servo
3443 2427 3604 2486 ﬁdeli

236 2495 578 2569 ἀποκειμένης
629 2505 700 2569 τῷ
743 2507 915 2570 πιστῷ
966 2503 1054 2552 καὶ
1111 2503 1338 2573 φρονίμῳ
1411 2495 1581 2572 δούλῳ
1659 2507 1836 2573 τιμῆς,

307 2591 317 2600 .
398 2586 410 2598 ,
471 2589 479 2600 .
580 2594 600 2600 _
799 2590 810 2600 .
1020 2591 1028 2600 .
1230 2592 1239 2600 .
1343 2584 1364 2600 .
1407 2588 1445 2600 -.
1743 2594 1752 2600 .

1951 2541 2022 2582 ac
2050 2495 2329 2600 prudenti
2350 2525 2678 2598 reponitur,
2700 2527 2758 2580 et
2783 2538 2854 2580 ex
2868 2495 3161 2596 supplicio
3187 2519 3353 2593 quod
3374 2517 3603 2576 malum

232 2591 324 2639 καὶ
383 2586 487 2638 ἀπὸ
539 2594 635 2649 τῆς
662 2590 924 2660 μενούσης
978 2591 1064 2641 τὸν
1117 2592 1275 2642 κακὸν
1331 2584 1514 2642 δοῦλον
1560 2594 1834 2663 τιμωρίας.

232 2681 272 2692 ...
325 2676 335 2687 ο
492 2672 526 2692 ι.
616 2681 625 2692 .
860 2677 888 2692 ι,
919 2677 972 2692 ς.
1111 2683 1121 2692 .
1169 2680 1180 2690 .
1230 2685 1240 2692 .
1368 2685 1388 2692 -
1478 2677 1490 2692 ,
1544 2682 1553 2692 .
1673 2678 1684 2692 .
1797 2678 1808 2692 .

1948 2584 2248 2689 exspectat
2277 2584 2537 2671 servum.
2569 2584 2737 2670 Hanc
2773 2584 3365 2684 autem.parabolam
3410 2608 3601 2665 Lucas

229 2676 439 2734 Ταύτην
480 2672 540 2729 δὲ
571 2681 665 2736 τὴν
710 2677 1010 2753 παραϐολὴν
1040 2683 1129 2734 καὶ
1159 2680 1185 2731 ό
1215 2685 1418 2742 Λουκᾶς
1469 2677 1749 2752 ἀνέγραψεν
1788 2678 1837 2734 ἓν

1946 2672 2190 2778 quoque
2214 2704 2452 2778 scripsit
2479 2701 2949 2778 quadragesimo
2968 2672 3132 2758 sexto
3155 2698 3370 2773 capite,
3393 2697 3456 2755 in
3479 2712 3601 2771 quo

229 2773 304 2837 τῷ
355 2775 770 2842 τεσσαρακοστῷ
820 2768 950 2840 ἕκτῳ
1006 2768 1284 2842 κεφαλαίῳ,
1349 2767 1397 2820 έν
1452 2766 1491 2842 ᾧ
1549 2788 1681 2842 φησι
1716 2774 1834 2845 περὶ

1945 2766 2019 2851 de
2051 2766 2212 2851 malo
2246 2766 2420 2850 servo
2449 2766 2549 2861 ait,
2588 2766 2943 2865 Pas-temque
2963 2792 3091 2862 ejus
3120 2766 3603 2858 σιεπῖἰηβάειίῦειε

229 2862 323 2908 τοῦ
362 2863 526 2909 κακοῦ
586 2852 798 2927 δούλου,
854 2859 931 2911 ὅτι
976 2862 1075 2911 Καὶ
1112 2861 1170 2910 τὸ
1199 2861 1354 2934 μέρος
1392 2857 1551 2912 αὐτοῦ
1579 2861 1710 2932 μετὰ
1733 2867 1834 2912 τῶν

1942 2889 2116 2954 ponet
2143 2884 2212 2940 7°.
2256 2852 2548 2940 lnﬁdeles'
2583 2886 2786 2940 autem
2824 2852 3026 2956 utique
3057 2879 3238 2937 etiam
3270 2852 3600 2952 hvpocrita

231 2943 468 2998 ἀπίστων
526 2948 698 3006 θήσει.
752 2951 850 3000 Καὶ
887 2949 936 3000 οἱ
965 2949 1179 3001 ἄπιστοι
1210 2944 1269 3001 δε
1298 2950 1495 3010 πάντως
1540 2950 1830 3022 ὑποκριταί.

1943 2943 2086 3032 sunt
2116 2990 2128 3030 :
2159 2975 2507 3046 promittunt
2543 2973 2703 3029 enim
2725 2987 2788 3029 se
2817 2943 2994 3030 nosse
3023 2972 3232 3036 Deum,
3289 2943 3398 3026 sed
3433 2981 3601 3025 meu-

233 3033 672 3108 Ἐπαγγέλλόνται
716 3039 806 3110 μὲν
848 3039 947 3112 γὰρ
1006 3034 1197 3092 εἰδέναι
1241 3041 1390 3103 Θεὸν,
1422 3035 1707 3110 ψεύδονται
1739 3035 1824 3098 δέ.

1943 3033 2186 3120 ιὶιωιωί.
2214 3065 2281 3120 Et
2303 3063 2386 3121 ita
2409 3067 2750 3120 consonant
2787 3078 2918 3133 qum
2957 3061 3114 3118 dicta
3140 3033 3281 3115 sunt
3312 3055 3517 3130 ;quod
3545 3055 3597 3113 si

236 3130 338 3179 Καὶ
391 3125 523 3178 οὕτω
584 3134 922 3199 συμφωνοῦσι
955 3130 1018 3180 τὰ
1066 3128 1221 3204 ῥητά.
1251 3127 1312 3182 Εἰ
1351 3124 1410 3182 δε
1429 3131 1516 3180 καὶ
1543 3125 1832 3202 διαφωνοῦ-

1942 3153 2122 3209 etiam
2144 3151 2390 3210 dissona
2411 3155 2564 3220 sunt,
2590 3150 2738 3208 nihil
2759 3151 3014 3208 mirum:
3047 3147 3224 3207 variis
3253 3146 3414 3206 enim
3436 3145 3596 3205 dicta

236 3233 338 3282 σιν,
373 3211 522 3270 οὐδέν
557 3221 734 3270 καινόν
765 3233 778 3247 °
806 3219 942 3272 κατὰ
980 3213 1261 3293 διαφόρους
1289 3219 1391 3294 γὰρ
1422 3221 1639 3292 καιρούς
1668 3221 1832 3295 εἴρηνο
1867 3248 1894 3308 ε

842 3219 942 3271 ατὰ
980 3213 1261 3293 διαφόρους
1289 3219 1391 3294 γὰρ
1422 3221 1639 3292 καιροὺς
1668 3221 1832 3295 εἴρηνο
1867 3248 1907 3308 C
1941 3246 2078 3299 sunt
2105 3241 2500 3315 temporibus.

228 3324 339 3361 ται.

503 3457 646 3509 ass.
679 3449 808 3508 NG'.
849 3454 972 3525 Περὶ
1009 3459 1107 3505 τῶν
1139 3447 1270 3505 δέκα
1297 3453 1562 3528 παρθένων

2241 3435 2394 3492 CAP.
2432 3433 2574 3491 LIX.
2615 3433 2699 3491 De
2722 3433 2919 3491 decem
2947 3430 3294 3505 virginibus.

300 3542 432 3593 Τότε
481 3570 546 3581 -
576 3543 864 3616 παρθένοις.
919 3540 1188 3596 Βασιλείαν
1239 3548 1342 3594 τῶν
1409 3542 1634 3616 οὐρανῶν
1693 3537 1830 3596 ἰδιο-

2012 3542 2163 3599 CAP.
2191 3544 2347 3599 XXV.
2377 3544 2536 3598 Vers.
2575 3543 2626 3597 1.
2664 3543 2918 3598 Tunc—
2943 3539 3290 3612 virginibus.
3316 3537 3593 3608 Regnum

224 3632 432 3704 τρόπως
466 3628 596 3702 Ἑγει
647 3638 736 3682 νῦν
793 3630 928 3683 αὐτὰ
961 3633 1028 3683 τὰ
1077 3633 1212 3684 κατὰ
1267 3636 1355 3691 τήν
1415 3630 1688 3705 βασιλείαν
1726 3639 1828 3683 τῶν

1939 3631 2226 3689 cmlorum
2259 3647 2372 3688 suo
2404 3646 2568 3689 more
2593 3647 2755 3688 nunc
2785 3635 2960 3689 vocat
2984 3645 3056 3688 ea
3080 3643 3217 3705 qum
3269 3632 3412 3685 tunc
3438 3627 3594 3684 circa

228 3719 456 3794 οὐρανῶν
473 3725 796 3793 γενησόμενα
823 3724 958 3773 τότεο
993 3723 1250 3795 παρθνους
1272 3717 1331 3774 δὲ
1357 3725 1472 3783 τούς
1496 3723 1827 3797 παρθενεύου-

1936 3737 2185 3794 regnum
2216 3721 2504 3780 caelorum
2535 3721 2900 3792 contingent.
2934 3720 3206 3795 Virgines
3251 3723 3455 3778 autem
3477 3733 3594 3777 ser-

221 3828 336 3874 τας,
371 3813 470 3863 εἶτε
498 3808 684 3886 ἄνδρες
714 3808 864 3876 ὦσιν,
921 3813 1019 3863 εἴτε
1054 3819 1323 3883 γυναῖκες.
1382 3816 1496 3886 Χρὴ
1562 3808 1620 3865 δε
1674 3815 1827 3882 γινώ-

1934 3818 2135 3871 ventes
2169 3813 2582 3886 virginitatem,
2608 3812 2731 3869 sive
2756 3813 2861 3870 viri
2875 3813 2986 3870 sint
3016 3811 3138 3870 sive
3151 3810 3407 3869 feminas.
3434 3809 3592 3870 Scire

223 3917 367 3952 σκειν
398 3900 479 3951 ὅτι
509 3902 557 3952 ἓν
588 3903 678 3972 μὲν
708 3908 771 3972 τῇ
828 3904 930 3974 πρὸ
973 3903 1171 3964 ταύτης
1198 3900 1468 3974 παραϐολῇ
1525 3900 1823 3954 καθολικώ-

1935 3920 2078 3975 ergo
2095 3909 2345 3978 oportet,
2371 3904 2530 3978 quod
2557 3905 2616 3960 in
2640 3903 3012 3977 praecedente
3033 3901 3320 3977 parabole
3341 3916 3593 3974 genera-

216 4007 365 4062 τερον
405 3992 525 4060 περὶ
572 3991 749 4050 πάσης
809 3989 1046 4062 ὠφελείας
1095 3999 1192 4053 τῆς
1234 3990 1300 4052 εἰς
1334 3994 1450 4052 τούς
1503 3988 1827 4063 ὁμοδούλους

1935 3993 2048 4052 lius
2077 3993 2152 4049 de
2171 3994 2440 4050 omnium
2477 3993 2724 4052 utilitate
2741 3993 3142 4068 docuitquam
3161 3991 3463 4050 conservis
3492 3992 3593 4051 des

219 4077 554 4150 ὀφειλομένης
585 4073 844 4140 ἐδίδαξεν·
881 4077 930 4130 έν
960 4080 1126 4152 ταύτῃ
1160 4077 1220 4133 δε
1253 4077 1552 4154 ἰδικώτερον
1590 4077 1624 4133 δ
1629 4080 1824 4152 ιαλέγε-

1933 4082 2078 4140 bent
2099 4105 2110 4138 :
2131 4083 2191 4139 in
2207 4082 2320 4139 hac
2333 4087 2530 4140 autem
2550 4083 2625 4140 de
2654 4098 2724 4139 ea
2741 4083 2870 4140 sola
2887 4082 3303 4155 particularius
3332 4082 3591 4153 disserit,

217 4166 305 4220 ταί
335 4172 454 4240 περὶ
485 4170 648 4239 μόνης
692 4173 786 4226 τῆς
813 4169 860 4218 ἓν
913 4173 1188 4241 χρήμασι.
1232 4171 1520 4243 Παρθένους
1553 4167 1613 4223 δε
1641 4177 1703 4243 τῇ
1727 4189 1825 4223 πα-

1935 4188 2072 4246 qute
2094 4177 2182 4228 est
2213 4173 2272 4227 in
2299 4172 2568 4244 pecuniis
2587 4177 2644 4228 et
2670 4172 3172 4245 possessionibus.
3193 4171 3456 4242 Virgines
3482 4185 3586 4227 au-

212 4255 412 4333 ραϐολῇ
445 4263 534 4308 νῦν
556 4256 867 4314 ὐποτίθησιν
890 4257 994 4329 οὐχ
1017 4257 1204 4320 ἁπλῶς,
1227 4257 1335 4310 ἀλλ’
1357 4255 1536 4318 ἐπειδὴ
1567 4264 1702 4332 μέγα
1730 4264 1824 4319 τὴν

1937 4266 2051 4317 tem
2065 4260 2206 4316 huic
2219 4260 2525 4332 parabolae
2551 4260 2837 4333 supponit
2849 4275 2971 4316 non
2987 4263 3312 4331 utcunque,
3327 4259 3430 4316 sed
3444 4259 3587 4331 quia

213 4347 500 4420 παρθενίαν
531 4340 818 4413 ἀπέδειξεν,
851 4344 900 4398 ἐν
925 4343 998 4408 οἷς
1025 4344 1159 4401 εἶπεν
1192 4365 1204 4378 ·
1245 4347 1390 4402 Εἰσὶν
1414 4349 1527 4420 (46)
1559 4347 1823 4420 εὐνοῦχοι,

1934 4364 2218 4418 magnum
2243 4349 2559 4421 quidpiam
2586 4363 2716 4406 esse
2743 4347 3146 4422 virginitatem
3175 4346 3402 4418 docuit,
3447 4363 3585 4405 cum

213 4437 403 4498 οἵτινες
460 4434 780 4507 εὐνούχισαν
835 4435 1049 4499 ἑαυτούς
1105 4434 1200 4491 διὰ
1245 4442 1339 4497 τὴν
1393 4435 1664 4511 βασιλείαν
1725 4445 1825 4490 τῶν

1934 4439 2112 4496 dixit:
2136 4437 2282 4494 Sunt
2304 4438 2566 4496 eunuchi
2584 4439 2690 4511 qui
2699 4439 2912 4508 seipsos
2932 4441 3591 4509 eastraveruntpropter

214 4523 469 4599 οὐρανῶν.
527 4529 625 4578 Καὶ
655 4528 756 4599 γὰρ
807 4529 965 4589 ὅντως
993 4531 1128 4598 μέγα
1166 4529 1298 4582 ἐστί.
1341 4530 1428 4580 Διό
1459 4523 1573 4580 οὐδ’
1601 4527 1667 4588 εἰς
1698 4525 1824 4580 ἀνά-

1932 4545 2182 4600 regnum
2209 4529 2480 4586 calorum
2501 4530 2576 4586 7*.
2607 4528 2755 4584 Vere
2772 4526 2988 4585 etenim
3007 4540 3298 4598 magnum
3312 4530 3422 4598 est,
3449 4525 3586 4584 ideo

212 4631 352 4685 γκην
400 4617 555 4684 νόμου
601 4618 850 4683 κατέστη,
885 4613 1010 4668 ἀλλά
1061 4624 1122 4689 τῇ
1156 4621 1456 4692 προαιρέσει
1503 4625 1599 4670 τῶν
1631 4615 1870 4692 ἁνθρω-1

1932 4633 2125 4690 neque
2153 4617 2263 4674 sub
2291 4617 2440 4688 legis
2461 4617 2816 4674 necessitate
2841 4615 3228 4674 constitutum
3248 4619 3356 4684 est,
3390 4615 3495 4674 sed
3521 4615 3587 4674 in

218 4719 334 4753 πων
385 4698 764 4776 ἐπιτέτραπται.
812 4704 870 4756 ⁸0
919 4701 1200 4777 δυνάμενος
1250 4709 1372 4780 γὰρ,
1426 4712 1579 4780 φησὶ,
1630 4714 1822 4782 χωρεῖν

1931 4708 2175 4783 propria
2221 4706 2538 4764 hominum
2569 4707 2865 4764 voluntate
2910 4706 3274 4780 permissum
3299 4711 3429 4766 est:
3475 4705 3589 4776 Qui

217 4792 484 4862 χωρείτω.
515 4791 682 4854 Δείξαι
713 4791 958 4866 βούλεται
989 4801 1075 4846 νῦν
1122 4795 1202 4848 ὅτι
1250 4792 1348 4849 οὐδ
1353 4801 1373 4849 ε
1401 4800 1458 4850 τὸ
1489 4801 1624 4870 μέγα
1670 4804 1822 4850 τοῦτο

1925 4803 2126 4871 potest,
2149 4797 2337 4871 inquit
2365 4813 2574 4868 capere
2593 4799 2795 4869 capiat
2814 4799 2884 4857 ⁷³.
2910 4799 3076 4854 Nunc
3096 4795 3222 4855 vult
3249 4796 3582 4866 ostendere,

216 4879 539 4953 κατόρθωμα
585 4884 670 4934 τόν
717 4887 1024 4956 κεκτημένον
1083 4883 1264 4958 ὠφελεί
1320 4890 1492 4961 χωρὶς
1543 4885 1822 4960 ἐλεημοσύ-

1931 4887 2098 4962 quod
2111 4903 2304 4960 neque
2317 4887 2675 4960 praeclarum
2688 4886 2800 4946 hoc
2815 4886 3043 4945 facinus
3064 4885 3191 4946 sine
3212 4886 3588 4961 eleomosyna

215 4988 333 5032 νης.
1931 4992 2278 5052 possessum
2299 4977 2587 5050 proderit.

290 5123 341 5160 ⁷ο
360 5122 500 5180 Luc.
526 5138 630 5192 xu,
663 5124 753 5184 46.
832 5126 876 5163 ⁷¹
905 5125 1106 5187 Matth.
1139 5139 1262 5196 XIX,
1290 5127 1379 5186 12.
1454 5129 1498 5166 ⁷⁸
1518 5127 1670 5187 Ibid.

1453 5303 1678 5378 Variae
1701 5304 2032 5377 lectiones
2064 5314 2351 5378 etnotae.

289 5497 500 5574 (43)_Et
525 5497 623 5556 hic
651 5502 707 5556 et
736 5499 1106 5574 paulogi‘post
1134 5501 1195 5558 in
1226 5504 1480 5574 utroque
1509 5501 1715 5559 codice
1745 5501 1822 5560 Ie-
2004 5502 2116 5574 (44)
2152 5501 2388 5560 Inclusa
2413 5501 2476 5559 in
2505 5501 2778 5574 margine
2805 5501 2989 5574 habet
3015 5498 3082 5558 A.

211 5567 570 5645 gitur'a‘gﬂp,
593 5567 1068 5645 quodgnihiliest.
1095 5576 1239 5645 Puto
1268 5567 1650 5645 Euthymium
1674 5574 1816 5630 scri-
2003 5567 2364 5645 (tiri-lterum
2404 5567 2803 5641 scribendum,
2839 5573 3017 5631 διελεῖ.

210 5637 407 5769 Fsissc
438 5637 628 5724 διελιῖί
647 5643 735 5700 Sic
763 5643 900 5699 Luc.
933 5661 1030 5725 xu,
1069 5643 1152 5712 18,
1181 5651 1268 5702 est
1301 5637 1518 5699 καθὶλῶ.
1554 5648 1617 5700 In
1649 5647 1820 5727 scho-

235 5729 310 5768 us
340 5713 612 5769 codicum
643 5715 1092 5769 Mosauensmm
1127 5717 1205 5769 ad
1256 5719 1415 5769 hunc
1455 5717 1705 5769 Matthaai
1736 5717 1817 5769 lo-

1986 5637 2112 5728 .(46)
2140 5648 2216 5701 Ex
2237 5647 2507 5716 margine
2528 5648 2620 5705 sui
2637 5637 2862 5705 codicis
2879 5648 2999 5705 huc
3026 5643 3204 5706 refert
3222 5641 3582 5706 Heutenius:

1926 5717 2234 5769 Smmdem
2264 5719 2475 5769 laudat
2497 5720 2556 5769 id
2573 5726 2975 5769 ementientem
2999 5732 3015 5769 ε
3059 5733 3178 5769 non
3207 5721 3400 5769 autem
3424 5716 3582 5769 canit

235 5713 310 5768 iis
340 5713 612 5770 codicum
632 5715 1092 5795 Mosquensium
1113 5717 1205 5795 ad
1256 5719 1415 5795 hunc
1450 5717 1705 5795 litatthtei
1736 5717 1817 5775 lo-
1926 5713 2234 5795 SiQuz‘dem
2264 5713 2475 5779 lautia!
2497 5720 2556 5776 id
2573 5726 3015 5795 exsequentem:
3059 5733 3178 5778 non
3207 5721 3400 5781 autem
3424 5716 3586 5793 cogit

213 5799 358 5843 cum
389 5785 668 5858 prtesenti
698 5785 966 5861 tempore
1009 5788 1226 5862 legitur
1249 5789 1559 5865 ἀποσχίςει,
1588 5785 1808 5867 διαιρεῖ.

583 5785 668 5843 nti
698 5785 966 5861 tempore
1009 5788 1226 5862 legitur
1249 5789 1559 5865 ἀποσχίςει,
1588 5785 1623 5846 δ
1628 5797 1808 5867 ιαιρεί.
1926 5785 2241 5852 nolentem.
