4198 6462
599 335 700 396 631
1920 337 2257 395 EUTHYMI]

2326 333 2652 393 ZIGABENI
3896 343 3984 399 632

674 467 840 524 Vers.
883 465 932 521 1.
971 466 1110 534 ουκ
1156 497 1223 507 -
1279 483 1506 539 sponso.
1567 466 1836 536 Virginea
1866 465 2103 536 lampas
2169 464 2331 521 estA

2325 507 2331 518 .
2435 463 2636 524 Αἰτινες
2679 491 2748 502 -
2775 464 3018 535 νυμφίου.
3068 461 3358 536 Παρθένικὲ
3414 460 3647 536 λαμπὰς
3690 465 3865 540 (49)ὴ
3897 468 3983 524 ἀπὸ

602 555 898 612 munditia
919 571 1048 627 quin
1071 573 1108 613 a
1135 555 1470 626 virginitate
1492 555 1781 629 procedit.
1816 557 2082 626 Sponsus
2113 569 2254 610 vero

2361 559 2453 612 τῆς
2482 553 2758 624 παρθενίας
2808 552 3104 623 καθαρότης
3139 567 3150 579 ’
3184 556 3400 623 νυμφίος
3455 550 3522 607 δὲ
3576 556 3603 608 ό
3655 560 3982 632 Χριστός,ὡς

603 644 866 701 Christus
893 649 1092 716 utpote
1123 661 1337 702 amans
1363 647 1533 719 etqui
1563 651 1816 702 amatur.
1845 645 2122 700 Exierunt
2149 661 2254 700 au-

2362 643 2533 694 ποθῶν
2555 646 2644 693 καὶ
2669 642 2998 713 ποθούμενος.
3028 639 3267 703 Ἐξῆλθον
3295 637 3355 694 δε
3385 642 3456 705 εἰς
3488 645 3809 705 ἀπάντησιν
3837 649 3980 704 αὐτοῦ

605 740 722 792 tem
744 735 804 790 in
818 751 1137 791 occursum
1152 737 1280 807 ejus
1301 760 1312 791 :
1331 735 1774 809 exspectatione
1797 751 2082 790 occursus
2103 735 2252 806 ejus.

1616 735 1774 792 tione
1797 751 2082 790 occursus
2103 735 2252 806 ejus.
2371 739 2433 804 τῇ
2466 727 2764 804 προσδοκίᾳ
2791 738 2884 790 τῆς
2917 728 3272 791 ἀπαντήσεως.

672 826 833 878 Vers.
862 827 915 878 2.
960 825 1310 896 Quinquo—
1358 826 1520 879 Vers.
1554 827 1609 881 4.
1652 824 1793 880 suis.
1847 824 2056 880 Oleum
2086 828 2257 880 vocat

2438 823 2591 873 Πέντε
2644 849 2712 860 -—
2769 818 2955 873 αὐτῶν.
3015 817 3224 871 Ἐλαιον
3268 819 3413 873 καλεί
3470 827 3576 882 τὴν
3640 824 3829 899 ἀρετὴν
3895 838 3975 893 τῆς

603 912 1002 985 eleemosynm
1059 914 1353 969 virtutem.
1407 914 1525 970 Has
1585 929 1726 981 ergo
1783 913 1993 969 merito
2049 913 2258 970 stultas

2366 907 2732 980 έλεημοσύνης.
2768 911 2955 980 Ινίωρὰς
3013 905 3071 960 δὲ
3117 910 3311 969 ταύτας
3340 909 3559 974 εἰκότως
3590 914 3851 984 ἐκάλεσεν,
3881 922 3970 988 ότι¹

603 1003 856 1074 vocavit,
889 1001 1035 1074 quia
1059 1019 1192 1058 cum
1233 1019 1432 1059 acrem
1459 1019 1529 1058 ac
1559 1003 1966 1058 vehementem
1991 1002 2259 1075 corporis

2365 1001 2452 1050 τόν
2481 995 2514 1050 δ
2516 1001 2672 1070 ριμύν
2703 1001 2790 1050 καὶ
2825 993 3052 1071 σφοδρόν
3083 1005 3174 1049 τοῦ
3205 1003 3443 1071 σώματος
3465 1004 3642 1076 ἔρωτα
3671 1012 3965 1080 νικήσασαι,

605 1107 876 1146 amorem
922 1091 1290 1158 devicissent,
1354 1093 1770 1164 majoremque
1836 1091 2263 1148 sustinuissent

2366 1092 2456 1139 καὶ
2482 1090 2568 1139 τόν
2597 1088 2813 1160 μείζονα
2842 1092 2992 1139 πόνον
3024 1089 3344 1155 ύποστᾶσαι,
3373 1099 3470 1153 τῆς
3499 1090 3785 1165 φειδωλίας
3822 1099 3968 1158 ἡττη-

607 1179 896 1245 laborem,
929 1181 1236 1237 tenacitate
1268 1181 1344 1252 (0)
1384 1181 1633 1237 devictaa
1667 1185 1830 1236 sunt.
1892 1180 2041 1236 lllud
2103 1181 2258 1235 enim

2372 1179 2558 1234 θησαν.
2594 1178 2817 1238 Ἐκεῖνος
2837 1179 2937 1252 γὰρ
2970 1178 2996 1228 ὀ
3027 1176 3246 1249 πόλεμος
3266 1177 3437 1250 πολλῷ
3460 1186 3966 1260 ταύτηςτυραννικώ.

605 1269 830 1326 bellum
853 1269 1040 1325 multo
1064 1269 1377 1326 violentius
1395 1275 1504 1339 est,
1534 1270 2259 1342 magisquetyrannicum.

2370 1271 2516 1340 τερός
2561 1285 2614 1318 τε
2663 1271 2752 1318 καὶ
2799 1265 3114 1340 βιαιότερος.
3148 1267 3373 1328 Ἐκείνας
3410 1265 3469 1324 δε
3501 1278 3780 1347 φρονίμους
3824 1274 3963 1343 αὖθις

611 1361 878 1417 Rursum
896 1374 1032 1416 vero
1063 1360 1357 1432 sapientes
1374 1361 1748 1432 nuncupavit
1770 1365 2031 1426 caeteras,
2063 1364 2262 1432 utpote

2372 1353 2654 1427 ὠνόμασεν,
2689 1358 2758 1417 ὡς
2803 1360 2875 1428 μὴ
2913 1357 3202 1427 παθούσας,
3235 1357 3357 1431 ὅπερ
3414 1362 3470 1413 αἱ
3500 1368 3673 1439 μωραὶ
3719 1368 3961 1419 πεπόνθα-

610 1464 731 1506 non
761 1465 996 1520 passas,
1027 1450 1191 1523 quod
1220 1450 1409 1506 stultae
1429 1465 1626 1522 passas
1651 1454 1807 1505 sunt.
2375 1463 2478 1498 σιν.

682 1539 724 1608 -1-
748 1537 925 1593 Aliter
943 1538 1276 1608 Theologus
1300 1538 1576 1611 quaedam
1599 1537 2022 1610 praedictorum
2055 1537 2263 1595 verbo-
2293 1601 2334 1617 ἢ

2293 1601 2334 1617 ἢ
2449 1531 2688 1606 [Ἑτέρως
2717 1532 2831 1606 (48)
2865 1531 2923 1587 δε
2971 1535 2998 1587 ὀ
3053 1534 3306 1607 Θεολόγος
3338 1540 3455 1591 τινὰ
3505 1549 3599 1593 τῶν
3629 1549 3948 1617 προκειμένων

610 1642 746 1682 rum
769 1627 950 1681 sumit
980 1626 1042 1683 in
1065 1601 1481 1683 adhortatione
1513 1627 1592 1683 ad
1618 1627 1983 1698 baptismum
2011 1643 2024 1683 :
2055 1643 2263 1686 verum

2293 1601 2335 1657 Β
2372 1622 2542 1698 ῥητῶν
2574 1622 2831 1686 έξελοίϐετο
2857 1623 2905 1676 έν
2948 1633 3020 1695 τῷ
3054 1625 3121 1685 εἰς
3160 1628 3218 1677 τὸ
3247 1625 3525 1702 βάπτισμα
3555 1601 3889 1708 προτρεπτὶκῷ
3922 1652 3933 1665 '

612 1721 669 1771 et
687 1716 831 1782 haec,
862 1721 918 1772 et
947 1715 1046 1771 illa
1067 1715 1311 1788 pulchre
1350 1716 1464 1771 dici
1496 1721 1770 1788 possunt.

1542 1721 1770 1772 assunt.
2375 1711 2506 1763 καλά
2539 1709 2597 1765 δί
2623 1711 2836 1765 κάκεῖνα
2864 1718 2954 1766 καὶ
2981 1713 3195 1787 ταύτα.]

682 1805 851 1860 Vers.
878 1809 929 1860 5.
974 1804 1266 1861 Tardante
1292 1805 1766 1861 —dormierunt.
1812 1804 2102 1860 Tardante
2134 1821 2263 1877 pro-

2258 1836 2263 1846 -
2447 1802 2792 1876 Χρονίζοντος
2810 1834 2880 1844 ——
2910 1799 3209 1856 ἐκάθευδον.
3230 1807 3551 1878 Χρονίζοντος
3577 1805 3662 1860 διὰ
3689 1813 3774 1866 τὴν
3796 1808 3916 1883 βρα-

611 1897 742 1966 pter
771 1895 1209 1950 cunctationem
1266 1894 1513 1950 secundi
1571 1893 1880 1950 adventus.
1923 1895 2267 1951 Dormitatio

2257 1913 2267 1949 ι
2377 1887 2586 1950 δυτῆτα
2609 1900 2702 1952 τῆς
2734 1888 2975 1966 δευτέρας
2995 1899 3305 1966 παρουσίας.
3330 1900 3614 1968 Νυστανγμὸν
3639 1893 3693 1949 δὲ
3713 1897 3915 1950 ἐνταῦθα

615 1988 825 2051 autem,
865 1985 926 2039 in
978 1982 1090 2038 hoc
1124 1983 1256 2039 loco
1288 2000 1394 2055 pro
1437 1983 1878 2054 refrigescentia
1919 1984 2270 2056 accipienda

2265 2028 2270 2040 ,
2375 1986 2469 2041 τὴν
2500 1981 2868 2057 ψυχορραγίαν
2901 1983 3015 2054 (49)
3046 1982 3383 2052 ὑποληπτέον,
3417 1983 3556 2038 ὕπνον
3591 1983 3644 2039 δί
3668 1991 3745 2040 τὸν
3775 1989 3923 2038 θάνα-

616 2076 703 2128 est
728 2087 740 2125 :
775 2088 1020 2128 somnus
1050 2088 1191 2128 vero
1217 2089 1321 2144 pro
1341 2080 1550 2129 morte.
2377 2091 2482 2125 τον.

689 2161 850 2216 Vers.
873 2164 925 2216 6.
959 2161 1151 2219 Media
1194 2193 1263 2204 —
1300 2178 1610 2219 occursum
1657 2163 1728 2219 ei.
1781 2162 2037 2220 Medium
2078 2162 2272 2220 noctis

2448 2165 2630 2222 Μέσης
2657 2191 2724 2201 -
2757 2158 3047 2218 ἀπάντησιν
3071 2161 3250 2217 αὑτοῦ.
3284 2167 3462 2226 Μέσης
3487 2172 3580 2227 τῆς
3605 2166 3776 2223 νυκτὸς
3801 2159 3940 2227 εἶπεν,

616 2249 782 2315 dixit,
808 2249 900 2305 vel
911 2266 1154 2307 rursum
1180 2249 1574 2324 improvisum
1597 2257 1652 2308 et
1680 2252 2154 2324 inexspectatum
2173 2253 2272 2308 de-

2379 2250 2409 2309 ἣ
2440 2249 2592 2302 πάλιν
2647 2253 2704 2302 τὸ
2738 2248 3030 2303 ἀνύποπτον
3078 2256 3168 2304 καὶ
3200 2250 3602 2326 ἀπροσδόκητον
3639 2251 3941 2326 ὶμφαίνων,ἣ

617 2345 983 2408 monstrans,
1010 2342 1106 2399 vel
1121 2341 1463 2413 significans
1485 2341 1725 2414 quodin
1750 2346 1924 2397 nocte
1953 2342 2053 2397 ﬁet
2082 2354 2272 2398 resur-

2379 2335 2700 2412 παραδηλῶν
2737 2341 2818 2392 ὃτι
2870 2338 2918 2391 έν
2969 2345 3117 2392 νυκτὶ
3159 2346 3430 2412 γενήσεται
3461 2347 3489 2402 ὴ
3556 2343 3826 2402 ἀνάστασις
3864 2349 3949 2392 τῶν

616 2430 798 2486 rectio
811 2435 1205 2487 mortuorum.
1227 2431 1373 2486 Eum
1394 2446 1536 2487 vero
1560 2432 1664 2503 qui
1677 2432 1771 2487 hic
1789 2430 2016 2487 clamor
2035 2431 2269 2499 dicitur,

2379 2437 2585 2504 νεκρῶν.
2619 2433 2725 2487 Τὴν
2758 2425 2816 2481 δε
2857 2430 3107 2504 ῥηθεῖσαν
3159 2436 3391 2505 κραυγὴν
3422 2433 3448 2483 ὁ
3476 2433 3678 2495 Παῦλος
3725 2431 3953 2502 κελευσμα

617 2519 841 2575 Paulus
864 2521 1103 2591 jussum
1135 2536 1205 2575 ac
1231 2535 1443 2576 vocem
1476 2520 1816 2591 archangeli
1851 2520 1990 2576 dixit
2014 2522 2084 2576 ⁷³.
2110 2521 2272 2578 Exite

2381 2523 2471 2570 καὶ
2500 2523 2670 2591 φωνὴν
2708 2517 3052 2590 ἁρχαγγάλου
3085 2522 3305 2595 εἰρηκεν.
3366 2520 3680 2596 Έξέρχεσθε
3718 2518 3775 2574 δε
3811 2517 3952 2578 δηλο-

619 2613 821 2665 autem
848 2609 1119 2664 videlicet
1149 2624 1179 2663 e
1209 2610 1635 2664 monumentis.

1349 2610 1635 2664 .umentis.
2381 2612 2491 2661 νότι
2521 2607 2574 2659 έκ
2603 2615 2702 2659 τῶν
2728 2613 3007 2680 μνημείων.

690 2699 853 2754 Vers.
886 2698 940 2752 7.
977 2699 1131 2752 Tunc
1160 2729 1229 2738 —
1267 2711 1426 2752 suas.
1477 2698 1697 2790 omnes
1726 2697 1972 2790 quidem
2011 2715 2273 2756 surrexe-
2305 2733 2347 2790 ρ

2305 2733 2347 2790 C
2452 2700 2577 2749 Τότε
2623 2726 2692 2738 —
2722 2697 2910 2751 αὐτῶν.
2963 2704 3136 2750 Πᾶσαι
3166 2701 3256 2770 μεν
3282 2699 3583 2773 ἠγέρθησαν
3608 2718 3620 2730 ·
3676 2700 3954 2772 ἐκόσμησαν

621 2791 795 2851 runt;
827 2802 963 2858 qua:
995 2801 1134 2842 vero
1173 2792 1539 2841 ornaverunt
1568 2787 1881 2858 lampades
1914 2804 2056 2844 suas
2103 2795 2275 2846 erant

2311 2781 2346 2790 ν
2385 2781 2444 2838 δε
2472 2788 2565 2848 τὰς
2593 2783 2873 2858 λαμπάδας
2903 2787 3094 2840 ἑαυτῶν
3155 2790 3210 2840 αἱ
3263 2794 3518 2863 φρόνιμοι.
3557 2791 3880 2862 Ἐκόσμησαν
3908 2783 3957 2840 δί

619 2874 965 2948 prudentes.
1001 2877 1367 2930 Ornaverunt
1394 2880 1596 2932 autem
1618 2875 1729 2932 olei
1756 2883 2128 2936 ornamento.

1538 2892 1596 2931 ω
1618 2875 1729 2932 olei
1756 2883 2128 2936 ornamento.
2382 2875 2541 2936 αύτὰς
2571 2884 2640 2947 τῷ
2669 2881 2852 2948 κόσμῳ
2883 2885 2975 2929 τού
2997 2877 3189 2930 ἐλαίου.

677 2965 851 3018 Vers.
875 2967 926 3019 8.
954 2964 1164 3020 Fatua:
1202 2971 1393 3021 autem
1435 2997 1504 3006 —
1549 2966 2023 3037 exstinguuntur.
2054 2967 2120 3023 Et
2162 2968 2275 3024 hoc

2456 2967 2519 3018 Αἱ
2560 2961 2618 3017 δε
2669 2971 2842 3037 μωραὶ
2893 2997 2958 3008 -
3015 2966 3332 3020 σϐέννυνταῖ.
3403 2973 3503 3022 Καὶ
3551 2977 3702 3022 τοῦτο
3757 2971 3953 3042 μωρίας,

620 3052 878 3110 stultitiae
908 3053 1035 3120 fuit,
1078 3068 1352 3125 sperasse
1381 3070 1442 3110 se
1481 3054 1563 3110 ibi
1620 3055 1816 3112 oleum
1869 3056 1943 3112 ad
1993 3063 2274 3114 ornatum

2384 3054 2441 3104 τὸ
2470 3050 2844 3128 προσδοκῆσαι
2883 3059 2987 3108 έκεῖ
3033 3056 3200 3108 ἔλαιον
3253 3056 3423 3110 λαϐειν
3478 3059 3550 3121 εἰς
3576 3064 3855 3133 κόσμησιν,
3882 3060 3957 3108 καὶ

619 3147 992 3214 accepturas,
1025 3142 1189 3215 quod
1232 3148 1370 3200 tunc
1410 3144 1488 3200 ab
1534 3144 1666 3201 aliis
1697 3145 2124 3217 possideretur.
2168 3147 2271 3203 Ex-

2383 3146 2497 3194 τότε
2549 3144 2662 3213 (50)
2712 3143 2883 3206 ἄλλοις
2939 3147 3144 3203 κτηθεν.
3199 3145 3492 3199 Σϐέννυνται
3550 3144 3629 3212 δε,
3719 3147 3957 3220 ἀμαυρού-

619 3233 958 3303 stinguntur
982 3238 1203 3298 autem,
1223 3234 1556 3292 obscurata
1581 3235 1842 3292 tenebris
1861 3235 2272 3293 inclementia.

2383 3250 2533 3303 μεναι
2586 3239 2659 3302 τῷ
2719 3238 2893 3286 σκότει
2949 3242 3041 3295 τῆς
3098 3232 3527 3309 ἀνελεημοσύνης.
3588 3237 3818 3290 Εἱώθασι
3871 3237 3955 3307 γὰρ

621 3321 820 3380 Solent
839 3323 997 3380 enim
1018 3322 1190 3379 multi
1213 3323 1560 3382 tenebrosos
1589 3340 1828 3398 quoque
1856 3341 2069 3383 vocare
2098 3325 2276 3383 incle-

2385 3325 2475 3372 καὶ
2507 3323 2556 3374 οἱ
2593 3321 2770 3375 πολλοὶ
2821 3326 3109 3385 σκοτεινούς
3162 3325 3275 3397 (51)
3333 3325 3501 3379 καλεῖν
3548 3330 3666 3390 τοὺς
3722 3326 3962 3398 ἀνελεήμο-

619 3418 870 3470 mentes.
2386 3430 2476 3472 νας
2489 3454 2502 3467 .

692 3521 856 3578 Vers.
886 3525 940 3580 9.
971 3522 1415 3593 Responderunt
1461 3554 1530 3566 -—
1559 3523 1731 3580 vobis.
1778 3527 1846 3581 Et
1869 3525 1983 3584 hoc
2019 3524 2280 3597 pruden-

2457 3509 2846 3584 Ἀπεκρίθησαν
2877 3542 2944 3552 -
2975 3513 3122 3584 ύμῖν.
3155 3517 3255 3566 Καὶ
3285 3521 3435 3566 τοῦτο
3460 3518 3773 3587 φρονήσεως.
3795 3509 3967 3568 Διδασ-

621 3611 719 3668 tias
747 3611 874 3668 fuit.
892 3612 1073 3668 Docet
1102 3617 1293 3668 autem
1309 3627 1526 3677 sermo,
1550 3613 1716 3684 quod
1740 3612 1939 3668 nullus
1972 3596 2279 3685 aipropria

2388 3617 2466 3650 κει
2496 3596 2555 3652 δε
2594 3601 2619 3651 ό
2645 3598 2812 3671 λόγος,
2855 3603 2935 3654 ὅτι
2965 3598 3138 3664 οὐδεὶς
3188 3601 3243 3655 έκ
3268 3611 3358 3664 τῆς
3387 3603 3579 3666 οἰκέίας
3609 3603 3792 3680 ἀρετῆς
3818 3605 3963 3675 ἕτερον

620 3701 830 3757 virtute
860 3699 1112 3756 alterum
1145 3705 1285 3755 tunc
1311 3701 1523 3770 juvare
1553 3701 1783 3772 poterit.
1819 3701 1923 3757 Vix
1976 3703 2134 3758 enim
2168 3703 2278 3758 sibi

2390 3687 2653 3759 ὠφελῆσαι
2679 3694 2793 3741 τότε
2820 3687 3124 3748 δυνήσεται.
3166 3690 3358 3764 [Μόγις
3389 3692 3502 3763 (52)
3540 3696 3642 3768 ’γὰρ
3687 3695 3816 3762 αὐτῷ
3848 3691 3963 3762 πρὸς

623 3788 736 3860 ipsi
767 3788 845 3844 ad
876 3787 1123 3842 salutem
1155 3787 1428 3853 sufﬁciet,
1462 3804 1532 3844 eo
1561 3789 1725 3860 quod
1764 3789 1824 3844 in
1857 3790 2059 3846 multis
2097 3790 2280 3847 delin-

2393 3782 2656 3851 σωτηρίαν
2686 3776 2913 3852 ἀρκέσει,
2947 3776 2981 3832 δ
2988 3783 3041 3832 ιὰ
3069 3783 3126 3832 τό
3149 3779 3312 3833 πολλὰ
3339 3789 3563 3834 πταῖσαι
3601 3803 3688 3836 και
3741 3785 3816 3835 τὸν
3842 3781 3956 3848 ἄγαν

627 3880 768 3948 quat
797 3876 977 3931 etiam
1003 3877 1072 3940 is,
1112 3877 1217 3948 qui
1265 3877 1590 3947 plurimum
1636 3878 1835 3934 virtuti
1882 3879 2121 3936 deditus
2169 3886 2278 3938 est.

2318 3879 2361 3934 ι)
2392 3863 2642 3940 ένοξρετον.
2674 3866 2810 3942 Ὀρα
2850 3865 2908 3921 δε
2959 3878 3068 3931 πῶς
3105 3869 3160 3922 αἰ
3190 3875 3429 3944 φρόνιμοι
3475 3872 3625 3924 κάκεῖ
3666 3877 3761 3932 τὴν
3789 3870 3963 3939 ἕλκημα·

626 3963 774 4020 Vide
829 3966 1027 4020 autem
1065 3967 1376 4036 quomodo
1429 3965 1752 4036 prudentes
1804 3968 1984 4024 etiam
2030 3968 2111 4024 ibi
2175 3969 2283 4026 ele-

2394 3957 2553 4013 σύνην
2579 3954 3006 4031 ἐπιρείκνυνται,]
3034 3957 3275 4012 θέλουσαι
3297 3963 3387 4032 μεν
3423 3956 3748 4032 μεταδοῦναι
3775 3963 3856 4014 καὶ
3871 3962 3972 4016 ταῖς

627 4067 987 4125 emosynam
1024 4053 1435 4110 demonstrent
1475 4072 1488 4110 :
1522 4054 1786 4112 volentes
1815 4058 2062 4129 quidem
2108 4058 2285 4115 fatuis

2393 4051 2612 4120 μωραῐς,
2664 4051 2735 4116 μὴ
2789 4043 3071 4120 δυνάμεναι
3098 4044 3178 4104 δε.
3205 4055 3368 4103 Τοῦτο
3397 4052 3498 4126 γὰρ
3524 4052 3552 4109 ἠ
3584 4049 3858 4127 ἀπόκρισις
3875 4045 3973 4099 τοὺ·

628 4143 876 4213 tradere,
902 4142 1008 4198 sed
1037 4159 1160 4200 non
1190 4147 1479 4216 potentes.
1502 4144 1623 4202 Hoc
1643 4146 1804 4203 enim
1825 4147 2139 4220 responsio
2163 4149 2286 4208 illa-

1121 4160 1160 4200 n
1190 4147 1479 4216 potentes.
1502 4144 1623 4202 Hoc
1643 4146 1804 4203 enim
1825 4147 2139 4220 responsio
2163 4149 2286 4208 illa-
2392 4152 2492 4186 των
2529 4132 2777 4207 έμφαίνσι·

627 4249 762 4290 rum
804 4231 1128 4304 signiﬁcat.

700 4326 858 4381 Vers.
893 4326 944 4379 9.
976 4324 1064 4382 Ite
1094 4323 1525 4394 —.vobisipsis.
1561 4327 1708 4382 Cum
1759 4326 1839 4384 ob
1866 4326 2283 4388 rationabilem

2468 4333 2754 4405 Πορεύεσθε
2777 4361 2846 4374 -
2873 4332 3099 4395 έαυταῖς.
3129 4338 3213 4392 Μὴ
3258 4331 3542 4408 δυνάμεναι
3567 4333 3887 4409 μεταδοῦναι
3911 4328 3979 4386 δί⁴

629 4428 875 4470 causam
889 4412 1119 4469 tradere
1135 4427 1258 4470 non
1276 4419 1546 4484 possent,
1561 4417 1762 4471 tamen
1777 4431 1900 4487 prae
1912 4417 1950 4472 h
1961 4419 2285 4476 umanitate

2397 4420 2599 4493 εὔλογον
2620 4421 2814 4489 αἰτίαν,
2849 4422 2982 4494 ὅμως
3009 4424 3109 4476 ὑπὸ
3141 4423 3523 4500 φιλανθρωπίας
3555 4425 3980 4498 συμϐουλεύουσι.

630 4502 968 4560 consulunt.
979 4502 1310 4558 Vendentes
1321 4501 1568 4574 quidem
1581 4508 1721 4561 sunt
1733 4519 2030 4577 pauperes
2048 4523 2059 4562 :
2074 4522 2284 4565 verum

2396 4509 2688 4574 Πωλοῦντες
2737 4508 2798 4565 δέ
2835 4511 2966 4565 εἰσιν
3016 4515 3065 4566 οἱ
3101 4517 3308 4574 πένητες
3347 4525 3362 4545 ⁸
3409 4514 3517 4567 ἀλλ’
3556 4515 3614 4569 ού
3654 4519 3774 4570 τότε
3802 4513 3983 4570 πωλοῦ-

632 4595 775 4647 tunc
799 4606 924 4648 non
943 4590 1232 4648 vendunt.
2398 4618 2503 4657 σιν,

705 4713 797 4769 ⁷³1
827 4712 1030 4769 Thess.
1072 4729 1150 4780 ιγ,
1183 4715 1269 4772 16.

1861 4845 2085 4916 Variae
2121 4845 2450 4922 lectiones
2492 4860 2557 4919 et
2596 4859 2774 4920 notae

733 4984 825 5126 47;
852 4983 1172 5056 Παρθενικὰς
1200 4981 1483 5058 λαμπάδας
1515 4986 1585 5042 Α.

735 5057 801 5112 48
855 5055 1092 5112 Inclusa
1122 5055 1182 5111 in
1235 5056 1506 5126 margine
1557 5057 1734 5114 habet
1787 5059 1974 5116 codex
2023 5065 2288 5126 uterque.

2400 4998 2505 5066 γεῖν
2523 4992 2595 5081 de
2597 4993 2838 5120 iamjam
2855 4995 3140 5088 morituris
3154 4996 3374 5086 dicitur
3401 4997 3864 5088 Apoll.‘Rhod.ll,
3875 5000 3989 5055 835:

2472 5073 2569 5118 Τον
2680 5086 2853 5126 εταροι
2875 5087 2958 5120 επι
2987 5089 3088 5126 νηα
3118 5089 3264 5126 φεοον
3289 5070 3750 5126 ψυγοοοανεοντα.

711 5055 822 5128 (48)
855 5055 1092 5112 [nolusa
1122 5055 1182 5111 in
1235 5055 1506 5138 margine
1557 5057 1734 5140 habet
1787 5059 1974 5141 codex
2023 5065 2288 5145 uterque.
2407 5055 2420 5066 ⁷
2472 5069 2569 5118 Τὸν
2597 5055 2649 5120 δ’
2680 5055 2853 5141 ἔπταροι
2875 5066 2958 5120 ἐπὶ
2987 5076 3088 5129 νῆα
3154 5073 3264 5145 έρον
3289 5055 3750 5159 ψυχορραγέοντα.

637 5133 784 5185 Ante
813 5127 943 5182 haec
982 5143 1053 5182 ex
1077 5143 1346 5196 margine
1389 5131 1703 5184 Henlenms
1726 5131 1890 5186 addit
1917 5150 1928 5187 :
1970 5133 2113 5190 Dicat
2136 5150 2288 5196 ergo.
2473 5137 2805 5196 Ἀχνύμενοι.
2839 5145 3083 5196 ’γείοεσσι
3114 5089 3165 5196 δ’
3197 5141 3287 5194 ἐῶν
3318 5142 3387 5195 ἐνὶ
3413 5145 3624 5196 κατθαν’
3656 5143 3746 5196 ira

1918 5147 2113 5222 :lmozt
2473 5147 3083 5222 ‘KﬂFEOIhXEIiPEG-O’f
3114 5147 3172 5222 d"_
3197 5147 3287 5222 ἑῶν
3318 5147 3387 5195 ἐνὶ
3413 5147 3624 5222 κάτθαν’
3656 5147 3893 5222 έταίρων.

640 5201 786 5273 quod
808 5200 967 5282 uirgo
992 5200 1210 5282 etiamsi
1233 5201 1299 5282 in
1327 5202 1538 5282 caeteris
1564 5202 1697 5282 bene
1729 5217 1788 5258 se
1846 5203 2076 5269 habeat,
2107 5206 2181 5282 sit
2201 5200 2294 5282 "ta;-
2451 5200 2583 5282 _(59')
2617 5200 2878 5267 Offendo'
2903 5200 2963 5267 in
3007 5212 3106 5268 his
3138 5214 3371 5270 duobus
3417 5215 3746 5272 vocabulis.
3769 5200 3992 5273 'Hente-

640 5289 758 5356 mon
776 5272 1641 5356 eleernosynceyong'sdestituta,‘
1667 5288 1939 5356 amarum
1957 5277 2164 5356 scortis
2189 5278 2295 5356 eji-
2402 5272 2539 5356 pius
2567 5272 2646 5356 ita
2670 5283 2947 5348 reddidit,
2977 5300 3046 5340 ac
3077 5285 3123 5340 si
3153 5287 3453 5354 repererit,
3497 5291 3551 5340 τὸ
3581 5291 3712 5342 τότε.
3756 5272 3870 5345 Sed
3895 5296 3996 5343 nec

643 5345 908 5430 citurhet
924 5345 1142 5430 merito.
1163 5345 1314 5400 Unde
1343 5345 1733 5430 uirginitatem
1763 5345 1908 5430 dicat.
1930 5345 2297 5416 vitwpurita-

2402 5351 2518 5430 hoc
2542 5354 2752 5424 placet.
2788 5345 2974 5417 Forte,
3008 5360 3098 5409 καὶ
3129 5345 3296 5410 ταῦτα
3319 5345 3511 5428 ἄλλοις,
3531 5363 3654 5430 aut,
3685 5364 3775 5413 καὶ
3800 5365 3859 5414 τὸ
3888 5361 3996 5412 τότε

644 5421 787 5492 εειηξ
799 5416 984 5492 oleum
999 5418 1184 5492 autem
1207 5421 1370 5492 vocat
1389 5415 1831 5484 humanitatem,
1858 5415 2291 5492 eleemosynam,
2406 5415 2594 5485 ἄλλοίς.

641 5488 934 5576 “aniliter?!
968 5487 1554 5576 canisptssfiw-
1826 5561 1836 5573 .
2480 5495 3581 5576 (5‘51)Ita.etiam.0hrysost-Tormvn,
3612 5519 3674 5576 ρ.
3705 5502 3830 5561 753.

717 5562 827 5632 (46)
869 5559 1220 5644 Ψυχορραγία
1256 5563 1352 5618 est
1379 5559 1556 5615 animi
1619 5559 1951 5634 deliquium.
2010 5565 2296 5640 Ψυχορῥα-

1919 5578 1951 5619 ι.
2010 5565 2296 5640 Ψυχορῥα-
2478 5559 2590 5642 (52)
2619 5567 2856 5632 Inclusa
2893 5559 3118 5629 absunt
3154 5574 3221 5634 Α.
3373 5559 3379 5561 '
3416 5559 3421 5564 ’
3565 5559 3577 5577 ⁸

701 5664 792 5756 ⁵(ο)
823 5683 1168 5746 Tenacitate.
1208 5685 1431 5749 Vitiosa
1454 5686 1852 5766 parcimonia.
