4198 6448
245 349 354 408 633

1149 356 1517 414 COMMENT.
1558 356 1626 412 IN
1665 354 2118 413 MATTHEUM.
2168 386 2236 398 --
2275 355 2430 413 CAP.
2471 355 2644 412 XXV.

3507 349 3611 410 634

315 478 709 555 Ἀπερχομένων
780 513 848 521 -
912 485 1146 554 νυμφίος.
1204 481 1482 557 Ὠρμησαν
1538 486 1628 558 μὲν
1697 483 1834 537 ἀπιλι

2038 483 2196 538 Vers.
2237 482 2317 538 10.
2350 481 2648 538 Euntibus
2673 511 2741 522 —
2770 495 3028 551 sponsus.
3053 483 3448 538 Tentaverunt
3478 479 3617 551 qui:

248 569 374 636 θεῖν,
417 569 506 623 οὐκ
555 567 901 632 ἠδυνήθησαν
947 567 1024 626 δέ.
1082 575 1321 624 Δείκνυσι
1372 569 1430 625 δὲ
1480 578 1568 627 καὶ
1625 573 1775 637 οὗτος
1822 575 1847 626 ό

243 655 400 732 λόγος
427 659 507 712 ὃτι
529 665 644 716 τότε
672 666 875 734 ματαία
909 663 939 720 ἡ
977 664 1107 735 πρὸς
1139 659 1324 735 ἀρετὴν
1356 663 1510 737 ὁρμή.

319 858 422 908 Καὶ
478 885 548 896 -—
606 857 754 928 θύρα·
806 859 974 930 Γάμοι
1026 857 1156 911 εἰσὶν
1211 861 1241 918 ἡ
1301 863 1542 914 κοινωνία
1601 869 1693 922 τῆς
1750 862 1848 934 βα-

247 942 447 1005 σιλείας
493 952 592 998 τῶν
636 947 884 1019 οὐρανῶν,
927 951 1018 1001 καὶ
1073 949 1102 1006 ἡ
1162 951 1257 1000 σὺν
1313 957 1528 1022 Χριστῷ
1578 946 1842 1023 διαγωγή.

314 1031 559 1108 ’Υστερον
626 1065 693 1076 --
775 1037 920 1108 ἡμῖν.
992 1038 1205 1092 Οῖονται
1266 1041 1390 1112 γὰρ,
1473 1041 1538 1101 ὡς
1599 1043 1846 1116 παρθένοι

243 1123 508 1178 εἰσελθεῖν.

313 1219 372 1264 Ὀ
425 1209 485 1266 δε
539 1245 608 1254 -
655 1216 810 1287 ὑμᾶς,
863 1215 938 1268 Οὐ
992 1221 1251 1291 γνωρίζω,
1323 1224 1500 1292 φησὶν,
1560 1222 1709 1294 ὑμᾶς,
1779 1225 1843 1284 ὡς

240 1300 561 1375 ἔσϐεσμένων
616 1313 714 1356 τῶν
769 1302 1058 1378 λαμπάδων
1097 1308 1259 1380 ὑμῶν.
1305 1314 1471 1362 Γνῶσι
1525 1306 1585 1364 δε
1619 1319 1710 1363 νῦν
1747 1317 1840 1370 τὴν

238 1387 294 1452 ἐξ
345 1391 649 1454 οἰκειώσεως
703 1398 915 1452 νόησον.
966 1392 1156 1460 Οὐδεὶς
1202 1400 1302 1471 γὰρ
1354 1397 1638 1472 ἁνελεήμων
1687 1401 1838 1454 οἰκειο

235 1486 388 1534 οῦται
443 1489 517 1553 τῷ
573 1481 806 1557 ἐλεήμονι
869 1490 1108 1560 Χριστῷ.
1160 1490 1318 1561 Οἰμοι
1376 1488 1389 1543 l
1449 1492 1580 1561 μετὰ
1642 1495 1842 1553 πόσους

233 1572 439 1635 πόνους,
495 1574 626 1643 μετὰ
679 1577 872 1635 πόσους
926 1573 1145 1647 ἀγῶνας,
1205 1579 1336 1649 μετά
1383 1581 1527 1631 πόσα
1590 1585 1835 1653 τρόπαια,

235 1657 270 1709 ἄ
316 1661 455 1712 κατὰ
487 1668 584 1722 τῆς
630 1660 748 1735 (53)
802 1665 1000 1735 φύσεως
1044 1665 1311 1728 λυττώσης
1351 1666 1662 1736 ἀνέστησαν,
1719 1670 1838 1724 ἀπε-

234 1749 548 1820 πέμφθησαν
609 1747 702 1804 διὰ
759 1756 853 1812 τὴν
907 1752 1334 1827 ἀνελεημοσὺνην.
1393 1757 1552 1811 Ὀταν
1613 1757 1674 1813 δέ
1735 1781 1835 1830 τις,

236 1834 527 1910 ἀνελεήμων
567 1839 658 1911 ὧν,
708 1838 850 1914 μηδὲ
905 1845 1182 1918 παρθενίαν
1238 1849 1362 1919 ἔχῃ,
1428 1853 1579 1910 ποίας
1631 1850 1724 1902 οὐκ
1776 1853 1837 1903 ἄν
1871 1839 1914 1894 Β

236 1928 313 1984 εἴη
391 1924 687 1991 καταδίκης
746 1930 924 2000 ἄξιος,
992 1934 1066 1985 Οὐ
1119 1942 1516 2010 περιεργαστέον
1579 1935 1639 1992 δὲ
1691 1938 1838 1994 διατί

241 2010 373 2066 δέκα
421 2020 685 2090 παρθένοι,
729 2026 818 2073 καὶ
867 2026 983 2075 τίνα
1035 2026 1099 2076 τὰ
1160 2023 1346 2097 ἀγγεῖα
1385 2027 1572 2100 αὐτῶν,
1623 2035 1713 2082 καὶ
1756 2037 1838 2096 τίς

243 2103 275 2159 ἡ
334 2105 469 2178 θύρα
513 2114 612 2158 τῶν
657 2111 852 2181 γάμων,
888 2117 976 2165 καὶ
1013 2115 1079 2165 τὰ
1117 2124 1335 2168 τοιαῦτα
1371 2127 1468 2180 τῆς
1513 2120 1830 2196 παραϐολῆς,

245 2191 316 2253 ὡς
353 2192 601 2258 πολλάκις
629 2202 718 2250 καὶ
746 2197 976 2253 ἐπὀἶλλωι
1003 2205 1382 2277 παρήγγελται.

307 2390 374 2442 Εἰ
427 2387 489 2443 δὲ
551 2390 600 2444 ἕν
667 2396 757 2466 μὲν
837 2405 908 2468 τῷ
985 2399 1244 2474 ἑξηκοστῷ
1320 2411 1508 2478 πρώτῳ
1573 2407 1829 2482 κεφαλαίῳ

227 2482 545 2554 γέγραπται,
628 2484 707 2536 ὅτι
787 2495 988 2560 πρῶτον
1063 2489 1381 2565 ἀπέρχονται
1458 2498 1506 2548 οἱ
1584 2497 1828 2573 ἁμαρτω-

223 2566 305 2620 λοὶ
357 2569 431 2630 εἰς
487 2570 702 2625 κόλασιν
760 2575 986 2645 αἰώνιον,
1050 2577 1161 2633 εἶτα
1214 2584 1262 2634 οἱ
1311 2579 1510 2638 δίκαιοι
1563 2587 1634 2649 εἰς
1689 2589 1827 2649 ζωὴν

224 2655 453 2710 αἰώνιον·
530 2659 579 2712 ἐν
651 2659 711 2716 δὲ
778 2673 852 2736 τῷ
926 2673 1143 2743 παρόντι
1205 2673 1463 2745 κεφαλαίῳ
1530 2677 1826 2731 τούναντίον

224 2751 481 2819 φαίνεται,
530 2759 734 2823 πρῶτον
788 2754 1128 2811 εἰσελθουσών
1190 2768 1282 2813 τῶν
1335 2769 1589 2838 φρονίμων
1633 2771 1828 2842 παρθέ-

224 2855 342 2934 νων,
395 2836 506 2892 εἶτα
545 2838 978 2916 ἁποπεμφθεισῶν
1028 2857 1126 2900 τῶν
1177 2836 1382 2926 μωρῶνὲ
1434 2836 1505 2926 μη
1566 2836 1827 2934 ὑπολάϐῃς

227 2922 601 3000 ἔναντιολογίαν
702 2930 800 2985 τῶν
885 2936 1189 3008 κεφαλαίων.
1281 2940 1468 2996 Ἐκεῖνο
1559 2950 1649 3020 μὲν
1723 2922 1825 3024 γάρ

229 3012 560 3090 ἆκριϐολογεῖ
588 3025 706 3093 περὶ
749 3030 841 3085 τῆς
885 3025 1093 3089 τάξεως·
1143 3036 1296 3083 τοῦτο
1334 3027 1392 3084 δὲ
1437 3039 1630 3087 σκοπὸν
1661 3012 1827 3113 ἕτερον

229 3105 362 3174 ἔχει,
403 3109 462 3157 τὸ
513 3103 736 3172 διδάξαι
777 3116 930 3184 μόνον
973 3115 1054 3167 ὅτι
1101 3114 1218 3169 οὐδ’
1257 3121 1286 3177 ἡ
1340 3124 1590 3194 παρθενία
1649 3103 1824 3196 aeta,

227 3198 300 3296 μὴ
354 3203 777 3271 συγκεκραμένην
820 3202 934 3274 (54)
986 3203 1140 3279 ἐαυτῇ
1192 3213 1280 3261 καὶ
1329 3193 1423 3269 τὴν
1482 3193 1828 3291 ἐλεημοσύνην
1865 3193 1908 3250 C‘

228 3289 454 3351 ἔχουσα,
506 3290 596 3339 καὶ
654 3289 734 3340 ὅτι
781 3291 812 3349 ἡ
865 3291 1037 3365 ἑτέρου
1086 3293 1240 3367 ἀρετὴ
1292 3299 1458 3372 ἕτερον
1515 3302 1608 3354 οὐκ
1652 3289 1831 3377 ὠφελεῖ

224 3375 360 3438 τότε,
393 3377 483 3425 καὶ
512 3375 591 3428 ὅτι
621 3378 651 3436 ἡ
691 3381 816 3452 πρὸς
853 3378 1039 3453 ἀρετὴν
1089 3385 1222 3458 ὁρμὴ
1274 3397 1562 3444 τηνικαῦτα
1603 3401 1824 3465 ματαία,

225 3463 322 3511 καὶ
378 3461 458 3513 ὅτι
512 3463 672 3518 πολλὰ
725 3470 1131 3533 καθικετεύοντες
1182 3477 1231 3525 οἱ
1288 3481 1688 3552 κατακριθέντες
1733 3483 1826 3536 οὐκ

229 3545 637 3620 ἕπικάμπτουσι.
678 3555 848 3611 Τάλλα
895 3555 954 3612 δὲ
1001 3563 1171 3614 πάντα
1219 3568 1566 3625 συνετέθησαν
1616 3568 1823 3644 ἀπαρα-

227 3641 488 3738 τηρητῳς,
531 3640 620 3738 im
663 3648 853 3706 πιθανὴ
903 3653 1117 3720 γένηται
1174 3655 1203 3712 ἠ
1256 3655 1546 3730 παραϐολὴ.
1594 3665 1692 3713 Καὶ
1721 3640 1822 3738 γὰρ

226 3722 348 3778 οὐδ’
392 3727 473 3781 ὃτι
522 3730 930 3807 ἀπεπέμφθησαν
971 3739 1042 3800 εἰς
1093 3741 1307 3796 κόλασιν
1352 3744 1479 3814 εἶπε,
1525 3745 1618 3802 διὰ
1651 3753 1708 3803 τό
1749 3722 1820 3826 μη

219 3821 310 3866 νῦν
335 3813 791 3893 ἀκριϐολογεῖσθαι
824 3831 942 3902 περὶ¹
972 3837 1071 3881 τῶν
1100 3835 1365 3889 τοιούτων.

294 3911 605 3984 Γρηγορεῖτε
669 3944 739 3954 -
785 3917 1017 3990 ἔρχεται.
1069 3920 1323 3985 Πολλάκις
1375 3925 1594 3999 ἐπιλέγει
1645 3938 1820 4002 τοῦτο,

220 3989 452 4063 δεικνὺς,
503 4002 583 4054 ὅτι
620 3989 990 4080 πολλὴγχρεία
1044 4021 1319 4085 προσοχῆς
1375 4010 1468 4068 διὰ
1513 3989 1572 4070 τό
1625 3989 1821 4080 ἄδηλον

218 4092 312 4146 τῆς
341 4086 636 4154 τελευταίας
664 4094 860 4169 ἡμέρας
888 4102 977 4151 καὶ
1007 4097 1164 4174 ὥρας.

441 4292 592 4344 ΚΕΦ.
626 4288 696 4348 Ξ.
731 4298 854 4368 Περὶ
876 4301 975 4346 τῶν
997 4298 1062 4349 τὰ
1082 4297 1310 4354 τάλαντα
1327 4301 1606 4372 λαϐόντων,

291 4374 494 4472 ’Ὠσπερ
542 4409 608 4419 —
659 4376 903 4456 δύναμιν.
956 4391 1055 4440 Καὶ
1103 4387 1235 4448 αὓτη
1282 4393 1311 4450 ἠ
1366 4395 1634 4468 παραϐολὴ
1668 4399 1823 4472 ὁμοία

211 4467 312 4536 μέν
355 4463 469 4518 ἐστι
514 4475 576 4541 τῇ
627 4477 720 4522 τοῦ
768 4481 958 4526 πιστοῦ
1009 4472 1199 4531 δούλου
1248 4486 1337 4534 καὶ
1386 4489 1654 4558 φρονίμου,
1696 4463 1821 4544 ’καθ’

212 4552 388 4627 ἓτερον
457 4551 515 4610 δὲ
565 4563 753 4630 τρόπον
825 4561 1242 4641 ἐσχημάτισται,
1321 4576 1412 4626 καὶ
1480 4571 1822 4651 διαλαμϐάνει
1853 4549 1897 4602 D

213 4646 349 4735 περί
390 4650 490 4695 τῶν
532 4646 889 4721 λαμϐανόντων
929 4653 984 4706 ἐκ
1025 4663 1158 4710 Θεοῦ
1199 4665 1516 4735 χαρίσματα
1559 4646 1820 4722 διδασκαο

216 4729 366 4782 λικά·
415 4741 579 4788 ταῦτα
622 4741 722 4814 γὰρ
766 4749 853 4795 νῦν
896 4742 1104 4800 ἐκάλεσε
1141 4747 1367 4805 τάλαντα
1412 4749 1504 4807 διὰ
1545 4759 1603 4809 τὸ
1650 4765 1820 4834 τίμιον

218 4819 416 4893 αὐτῶν,
470 4829 558 4879 καὶ
597 4829 626 4887 ἦ
661 4836 942 4906 χρωμένων
991 4833 1170 4901 αὐτοῖς
1210 4843 1300 4892 καὶ
1347 4819 1742 4917 κερδαινόντων,
1787 4852 1816 4912 ἡ

213 4919 690 4989 κατακρυπτόντων
765 4927 854 4976 καὶ
943 4922 1110 4997 μηδὲν
1183 4925 1573 5002 κερδαίνοντων.
1667 4945 1822 5012 Λέγει

212 5007 395 5056 τοίνυν
442 5005 523 5058 ὅτι
571 5005 778 5064 ἐκάλεσε
823 5017 946 5076 τοὺς
998 5012 1220 5082 δούλους
1277 5020 1460 5088 αὐτοῦ,
1497 5026 1522 5076 ὁ
1565 5029 1684 5091 Υἱός
1727 5005 1823 5088 ciu-

293 5155 343 5192 7‘
363 5155 560 5216 Matth.
587 5176 728 5234 xxv,
747 5162 835 5220 46.

1957 570 2097 627 dem
2127 571 2314 642 abire,
2343 571 2447 628 sed
2477 587 2597 628 non
2630 575 2976 644 potuerunt.
3029 570 3298 630 Ostendit
3327 576 3521 626 autem
3553 573 3610 629 et

1955 659 2054 715 hic
2085 677 2302 734 sermo,
2335 661 2500 736 quod
2542 666 2683 717 tunc
2729 676 2919 718 vanus
2951 660 3058 719 erit
3111 659 3190 717 ad
3215 659 3489 717 virtutem
3516 673 3610 714 co-

1955 754 2152 805 natus.

2025 839 2182 895 Vers.
2222 841 2306 896 10.
2345 841 2421 895 Et
2444 872 2512 880 —
2528 842 2741 910 janua.
2777 840 3002 913 Nuptias
3038 841 3175 896 sunt
3203 836 3609 895 communica-

1955 925 2034 986 tio
2059 927 2227 996 regni
2256 928 2564 996 coelorum,
2595 933 2650 986 et
2676 928 3047 985 conversatio
3075 945 3212 984 cum
3239 927 3488 985 Christo.

2024 1019 2182 1073 Vers.
2217 1019 2296 1073 11.
2329 1021 2536 1075 Postea
2566 1019 2829 1075 —nobis.
2861 1019 3077 1076 Putant
3105 1017 3264 1076 enim
3296 1016 3461 1090 quod
3482 1021 3609 1074 tan-

1953 1122 2134 1178 quam
2165 1107 2424 1178 virgines
2453 1109 2776 1165 intrabunt.

2022 1196 2186 1252 Vers.
2229 1197 2307 1252 l2.
2329 1198 2406 1252 At
2429 1199 2566 1254 illos
2599 1214 2719 1254 vos.
2743 1201 2867 1254 Non
2901 1195 3452 1269 cognosco,inquit,
3477 1211 3606 1260 vos,

1949 1285 2253 1343 exstinctis
2290 1287 2564 1346 videlicet
2610 1287 2996 1360 lampadibus
3025 1287 3254 1343 vestris.
3316 1285 3609 1356 Cognitio-

1947 1390 2082 1431 nem
2112 1380 2310 1433 autem
2343 1391 2499 1433 nunc
2530 1393 2659 1433 eam
2681 1377 2956 1448 intellige,
2985 1392 3115 1448 quae
3146 1392 3180 1432 a
3209 1375 3606 1432 familiaritate

1947 1466 2232 1536 procedit.
2267 1466 2475 1524 Nullus
2522 1467 2681 1524 enim
2708 1466 3126 1524 immisericors
3176 1464 3486 1523 familiaris
3508 1465 3608 1536 iest

1949 1554 2319 1611 misericordi
2349 1555 2602 1615 Christo.
2650 1558 2770 1612 Heu
2797 1561 2930 1628 post
2955 1560 3150 1612 tantos
3178 1553 3432 1618 labores,
3471 1557 3605 1626 post

1947 1647 2116 1700 tanta
2145 1644 2491 1713 certamina,
2526 1649 2662 1717 post
2691 1649 2854 1702 tanta
2902 1649 3145 1717 tropaea,
3179 1659 3312 1717 qua:
3357 1642 3471 1700 illae
3505 1643 3608 1698 ad-

1945 1747 2153 1788 versus
2185 1733 2580 1792 insanientem
2614 1738 2885 1792 naturam
2924 1737 3251 1800 erexerant,
3284 1732 3604 1805 repudiatae

1946 1829 2083 1880 sunt
2106 1829 2340 1897 propter
2364 1825 2829 1898 eleemosynam.
2866 1824 2968 1881 Ubi
3005 1840 3145 1895 ergo
3173 1823 3301 1894 quis
3346 1822 3605 1880 immise-

1945 1913 2127 1968 ricors
2158 1913 2555 1992 virginitatem
2601 1915 2778 1992 etiam
2811 1929 2932 1970 non
2981 1912 3274 1977 habuerit,
3303 1928 3426 1984 qua
3465 1916 3606 1968 tunc

1945 2003 2446 2062 condemnatione
2473 2005 2688 2077 dignus
2710 2020 2832 2060 non
2850 2003 2996 2060 erit?
3023 2007 3148 2060 Non
3175 2008 3262 2059 est
3283 2007 3479 2057 autem
3506 2017 3605 2059 cu-

1942 2091 2097 2148 riose
2128 2094 2515 2150 scrutandum
2571 2109 2757 2166 quare
2797 2094 3007 2150 decem
3065 2094 3176 2148 sint.
3234 2092 3514 2160 virgines,
3547 2093 3605 2147 et

1942 2196 2079 2252 quin
2111 2183 2225 2238 sint
2250 2199 2400 2240 vasa
2425 2199 2652 2248 earum,
2686 2200 2891 2256 quaeve
2922 2184 3202 2254 sitjanua
3232 2181 3598 2253 nuptiarum,

1941 2276 2272 2344 cmteraque
2301 2272 2486 2344 ipsius
2540 2273 2846 2345 parabolas
2886 2273 3120 2336 similia,
3172 2275 3238 2326 ut
3279 2270 3429 2327 alias
3456 2284 3602 2342 quo-

1939 2375 2057 2433 que
2088 2360 2425 2434 frequenter
2451 2367 2810 2434 prmeeptum
2837 2368 2948 2420 est.

2009 2449 2220 2504 Verum
2253 2451 2630 2520 sexagesimo
2663 2451 2857 2523 primo
2907 2450 3100 2522 capite
3148 2449 3441 2522 scriptum
3485 2450 3596 2515 est,

1937 2538 2096 2609 quod
2138 2539 2403 2610 primum
2451 2540 2679 2596 abeunt
2715 2545 3056 2612 peccatores
3102 2540 3162 2595 in
3231 2527 3594 2614 supplicium

1937 2631 2248 2695 aeternum,
2270 2629 2488 2685 deinde
2501 2629 2647 2702 justi
2666 2631 2726 2686 in
2755 2630 2935 2686 vitam
2953 2634 3238 2685 aeternam
3258 2628 3334 2682 ετξ
3365 2627 3423 2681 in
3447 2641 3595 2698 prae-

1936 2718 2083 2772 senti
2113 2733 2248 2774 vero
2276 2719 2468 2792 capite
2508 2720 2871 2776 contrarium
2903 2723 3168 2792 apparet,
3196 2733 3334 2774 cum
3367 2716 3596 2785 ingres-

1935 2805 2014 2860 sis
2044 2807 2307 2878 primum
2345 2809 2742 2881 prudentibus
2800 2807 3152 2879 virginibus,
3203 2806 3594 2878 postmodum

1936 2895 2262 2966 reprobate:
2295 2898 2412 2953 sint
2436 2897 2632 2955 fatuae.
2658 2902 2737 2954 Ne
2765 2899 3084 2970 suspiceris
3108 2895 3591 2953 contrarietatem

1936 2983 2130 3040 inesse
2155 2987 2446 3058 capitibus
2480 3004 2492 3042 :
2521 2988 2662 3043 illud
2699 2987 2991 3060 siquidem
3027 2991 3231 3043 exacte
3276 2990 3486 3042 tractat
3519 2984 3594 3039 de

1938 3074 2166 3141 ordine,
2200 3076 2315 3132 hoc
2346 3082 2538 3133 autem
2570 3077 2729 3134 aliud
2759 3077 2936 3133 habet
2965 3078 3278 3142 intentum,
3311 3075 3477 3149 quod
3513 3074 3593 3129 vi-

1938 3161 2150 3220 delicet
2176 3180 2373 3235 neque
2421 3165 2729 3236 virginitas
2753 3164 3030 3230 salvabit,
3059 3181 3178 3220 non
3231 3164 3456 3220 habens
3487 3163 3598 3219 sibi

1940 3252 2118 3308 etiam
2162 3253 2543 3323 conjunctam
2584 3255 3054 3325 eleemosynam,
3098 3260 3154 3308 et
3207 3253 3372 3324 quod
3422 3252 3600 3307 unius

1939 3340 2128 3396 virtus
2159 3341 2256 3396 alii
2283 3346 2417 3397 tunc
2444 3358 2566 3398 non
2592 3342 2852 3415 proderit
2883 3361 2896 3398 :
2929 3342 3210 3414 quodque
3233 3348 3370 3396 tunc
3393 3344 3596 3395 motus

1938 3428 2017 3484 ad
2039 3428 2316 3485 virtutem
2355 3445 2546 3486 vanus
2575 3431 2702 3486 erit.
2745 3432 2887 3486 Item
2919 3431 3081 3502 quod
3111 3429 3242 3485 licet
3273 3428 3595 3500 plurimum

1937 3517 2330 3590 deprecentur
2354 3519 2456 3591 qui
2488 3519 2860 3576 condemnati
2887 3522 3044 3586 sunt,
3070 3532 3457 3590 nequaquam
3484 3515 3594 3572 ﬂe-

1935 3611 2102 3662 ctunt
2148 3607 2436 3677 judicem.
2478 3610 2701 3665 Caetera
2725 3624 2867 3665 vero
2909 3608 3116 3665 omnia
3165 3607 3330 3664 nullo
3361 3605 3594 3664 delectu

1939 3696 2023 3768 (ρ)
2048 3698 2381 3768 composita
2401 3703 2558 3766 sunt,
2577 3704 2637 3754 ut
2661 3698 2985 3770 probabilis
3001 3696 3424 3771 ﬁatparabola.
3441 3699 3592 3753 Nam

1937 3800 2131 3858 neque
2161 3785 2304 3842 dixit
2323 3786 2490 3860 quod
2524 3787 2812 3859 ablegataa
2843 3792 2981 3845 sunt
3011 3787 3072 3844 in
3105 3786 3484 3860 supplicium,
3519 3801 3590 3842 eo

1937 3874 2102 3948 quod
2125 3890 2289 3931 nunc
2312 3876 2665 3946 hujusmodi
2705 3893 2826 3934 non
2853 3882 3057 3934 exacte
3084 3876 3380 3950 disquirat

2007 3965 2167 4020 Vers.
2209 3969 2286 4020 13.
2332 3965 2569 4036 Vigilate
2591 3995 2659 4008 —
2688 3967 2895 4024 veniet.
2928 3967 3282 4038 Frequenter
3301 3965 3364 4022 id
3395 3963 3592 4022 subin-

1936 4052 2064 4118 fert,
2086 4053 2406 4110 ostendens
2435 4054 2593 4127 quod
2620 4057 2886 4113 maxima
2927 4057 3002 4113 sit
3032 4056 3267 4122 utilitas,
3298 4060 3363 4111 ut
3387 4055 3447 4111 in
3477 4054 3591 4110 hoc

1938 4143 2294 4209 attendatur,
2325 4150 2562 4216 propter
2582 4144 2778 4202 ﬁnalis
2814 4145 2927 4200 diei
2957 4148 3014 4201 et
3041 4145 3205 4201 horas
3231 4143 3593 4200 incertitudi-
3625 4203 3628 4205 λ

1936 4245 2097 4288 nem.

2425 4322 2576 4380 CAP.
2607 4322 2710 4379 LX.
2744 4323 2832 4379 De
2859 4321 3110 4379 talentis.

2004 4409 2165 4463 Vers.
2200 4410 2284 4464 14.
2315 4409 2484 4466 Sicut
2518 4441 2584 4450 —
2633 4412 2798 4466 Vers.
2843 4412 2931 4466 15.
2976 4409 3339 4480 facultatem.
3397 4405 3590 4470 Etiam

1930 4497 2054 4558 haec
2081 4497 2370 4570 parabole
2401 4499 2611 4558 similis
2644 4503 2736 4555 est
2768 4499 2818 4556 ei
2849 4515 2986 4572 qum
3027 4496 3298 4570 superius
3329 4495 3403 4557 de
3432 4494 3589 4551 ﬁdeli

1931 4587 2000 4644 ac
2029 4587 2320 4659 prudente
2353 4605 2526 4645 servo
2553 4589 2749 4661 posita
2787 4593 2895 4655 est,
2931 4603 3139 4643 verum
3169 4585 3286 4642 alio
3320 4585 3501 4642 modo
3521 4584 3586 4640 ﬁ-

1931 4681 2142 4748 gurata
2167 4681 2257 4734 est
2297 4696 2311 4738 :
2345 4684 2400 4735 et
2425 4677 2498 4733 de
2554 4679 2647 4734 his
2677 4678 2932 4742 disserit,
2973 4677 3076 4750 qui
3106 4692 3142 4733 a
3196 4679 3316 4732 Deo
3362 4675 3584 4747 gratias

1929 4773 2286 4840 acceperunt
2342 4766 2598 4826 docendi
2628 4767 2794 4839 (nam
2825 4767 2931 4822 has
2961 4782 3122 4823 nunc
3152 4765 3372 4824 talenta
3412 4769 3589 4831 vocat

1929 4859 2170 4928 propter
2193 4856 2482 4915 honorem
2505 4855 2787 4928 illarum),
2837 4861 2892 4913 et
2914 4855 3004 4913 vel
3041 4871 3146 4929 per
3176 4871 3385 4912 earum
3407 4870 3588 4912 usum
3625 4907 3628 4920 ,

1931 4943 2162 5000 lucrum
2189 4946 2531 5012 attulerunt,
2557 4945 2650 5001 vel
2689 4944 3054 5018 defodiendo
3079 4945 3226 5002 nihil
3266 4944 3410 5023 lucri
3440 4944 3589 5004 fece-

1914 5037 2087 5118 runt.
2118 5033 2281 5114 Dicit.
2307 5050 2450 5107 ergo
2497 5035 2660 5108 quod
2687 5035 2918 5092 vocavit
2956 5051 3156 5092 servos
3210 5051 3373 5100 suos,
3408 5033 3588 5090 Filius

1425 5327 1649 5403 Varia
1680 5330 2008 5406 lectiones
2049 5344 2339 5406 etnotae.

289 5480 406 5566 (53)
453 5481 649 5566 Malim
693 5486 786 5542 vel
830 5487 1106 5566 omittere
1155 5496 1268 5560 τῆς,
1301 5497 1390 5553 vel
1424 5499 1681 5558 scribere
1723 5511 1814 5566 τῆς

205 5553 490 5616 λυττώσης
538 5559 758 5629 φύσεως.
809 5565 1071 5616 Λυττῶσα
1117 5553 1269 5637 φύσίς
1315 5553 1678 5643 appellatur;
1706 5553 1814 5632 ini:

1923 5509 2094 5578 pctus
2124 5511 2352 5562 natura
2382 5506 2634 5565 incitans
2654 5509 2727 5567 ad
2753 5510 3082 5569 libidinem.

1995 5578 2110 5652 (54)
2135 5585 2594 5654 Συγκεκραμμένην
2631 5586 2689 5639 Β.

293 5736 370 5810 (p)
401 5739 584 5797 Nullo
608 5741 856 5801 delectu.
886 5745 972 5803 Ita
992 5750 1056 5803 ut
1075 5761 1196 5805 non
1221 5763 1377 5822 opus
1405 5751 1476 5811 sit
1506 5754 1583 5811 ad
1613 5770 1686 5814 ea
1713 5756 2038 5816 attendere.
