4198 6466
558 371 664 428 535
1876 359 2231 420 EUTHYMII
2261 358 2598 420 ZIGABENI
3825 371 3929 430 636

558 496 833 555 videlicet
855 495 1140 566 hominis,
1172 498 1375 569 utpote
1395 496 1574 553 home
1598 493 1701 568 qui
1721 505 1964 565 peregre
1987 488 2208 562 profec-

2319 483 2456 547 λαδή
2513 493 2606 540 τοῦ
2655 486 2947 562 ἀνθρώπου,
3004 493 3177 566 ὥσπερ
3239 493 3506 568 ἄνθρωπος
3571 493 3925 570 ἀποδημῆσαι

561 591 729 643 turus
757 589 884 641 erat
915 602 930 652 ;
961 589 1016 642 et
1043 585 1144 641 uni
1175 585 1417 657 quidem
1452 583 1614 640 dedit
1648 583 1917 656 quinque
1967 578 2208 642 talenta,

2317 577 2530 650 μέλλων·
2588 583 2676 630 καὶ
2733 578 2867 651 άλλῳ
2915 581 3005 652 μεν
3055 577 3218 636 ἔδωκε
3270 588 3418 638 πέντε
3468 586 3712 654 τάλαντα,
3762 589 3920 660 ἤγουν

559 676 684 732 sive
711 674 932 741 multa;
960 690 1103 731 nam
1151 673 1320 731 varia
1343 679 1482 730 sunt
1531 673 1817 730 doctrina:
1872 669 2048 734 dona,
2080 684 2208 740 quea

2318 666 2496 719 πολλά·
2570 663 2801 740 διάφορα
2884 672 2984 744 γὰρ
3042 673 3109 724 τά
3163 669 3528 729 διδασκαλικά
3582 682 3918 750 χαρίσματα,

557 765 770 822 Paulus
799 763 1170 821 enumeravit
1197 781 1212 830 ;
1268 764 1366 820 alii
1405 769 1605 820 autem
1636 762 1778 826 duo,
1817 761 1931 817 hoc
1956 763 2044 815 est
2067 773 2208 831 pau-

2318 757 2444 830 ἂπερ
2486 757 2512 808 ὁ
2559 757 2761 819 Παῦλος
2805 757 3237 832 ἀπηριθμήσατο·
3299 763 3434 836 ἄλλῳ
3484 761 3544 819 δε
3600 763 3714 832 δύο,
3764 787 3919 821 τουτ-

559 870 628 911 ca
659 871 673 921 ;
705 853 805 910 alii
829 869 967 910 vero
1006 869 1193 909 unum
1223 852 1439 909 solum.
1475 852 1542 907 Hi
1574 856 1764 908 autem
1793 864 1926 906 esse
1955 852 2208 922 possunt

2317 849 2456 899 ἐστιν
2509 845 2678 918 ὀλίγα·
2726 847 2863 919 ἄλλω
2914 845 2974 902 δε
3019 851 3068 902 ἓν
3111 855 3285 922 μόνον.
3340 850 3455 909 Εἶεν
3499 851 3552 906 δ’
3597 853 3659 906 ἂν
3688 855 3834 909 οὗτοι
3870 861 3921 912 οἱ

557 944 823 1018 episcopi
862 948 919 999 et
945 946 1334 1015 praeceptores
1362 940 1766 998 ecclesiarum.
1789 937 2011 994 Deinde
2041 935 2208 995 addit

2316 934 2592 988 ἐπίσκοποι
2637 941 2726 988 καὶ
2767 932 3087 991 διδάσκαλοι
3133 948 3232 992 τῶν
3282 943 3400 1012 (55)
3435 942 3745 1001 ἐκκλησιῶν.
3788 943 3918 1001 Εἶτα

557 1037 614 1091 et
650 1047 900 1090 causam
919 1031 1341 1103 inaequalitatis
1371 1031 1430 1086 in
1459 1029 1774 1095 divisione,
1797 1026 1962 1100 quod
1989 1025 2208 1083 scilicet

2314 1027 2639 1099 προστίθησι
2689 1031 2779 1078 καὶ
2825 1031 2922 1086 τὴν
2971 1028 3143 1082 αἰτίαν
3194 1038 3291 1094 τῆς
3337 1030 3385 1084 ἂν
3423 1039 3485 1104 τῇ
3535 1029 3762 1109 διανομῇ
3812 1034 3920 1089 ἀνι-

557 1122 732 1178 fuerit
759 1120 1089 1178 secundum
1141 1119 1432 1192 cujusque
1471 1117 1808 1176 facultatem
1847 1120 1902 1172 et
1926 1114 2208 1172 idoneita-

2317 1118 2549 1179 σότητος,
2603 1116 2684 1168 ὅτι
2734 1118 2868 1170 κατά
2916 1121 3010 1176 τὴν
3060 1117 3282 1172 ἑκάστου
3332 1116 3554 1195 δύναμιν
3597 1129 3688 1176 καὶ
3738 1123 3920 1184 ἐπιτη-

556 1214 688 1270 tem.

629 1302 792 1356 Vers.
830 1300 916 1356 15.
947 1299 1030 1355 Et
1056 1300 1348 1370 profectus
1381 1303 1464 1355 est
1494 1297 1709 1355 statim.
1744 1299 1860 1353 Hoc
1901 1297 2009 1366 est,
2044 1297 2101 1351 et
2123 1310 2211 1351 re-

557 1389 727 1463 liquit
751 1405 853 1446 eos
885 1393 947 1444 ut
969 1392 1385 1459 operarentur.
1425 1387 1587 1443 Sicut
1609 1387 1769 1442 enim
1811 1386 1884 1441 de
1928 1384 2095 1440 vinea
2126 1384 2211 1440 di-

557 1480 642 1535 xit
669 1480 738 1543 7',
771 1477 935 1553 quod
966 1476 1184 1534 locavit
1226 1493 1363 1534 eam
1391 1475 1685 1548 agricolis,
1717 1480 1773 1531 et
1803 1490 2050 1548 peregre
2076 1489 2209 1547 pro-

560 1568 750 1625 fectus
782 1572 872 1624 est
901 1586 914 1623 :
948 1568 1030 1624 ita
1057 1567 1194 1623 dicit
1246 1571 1300 1623 et
1330 1582 1512 1634 nunc,
1541 1570 1604 1620 ut
1624 1565 1753 1637 ejus
1783 1564 1982 1620 discas
2008 1562 2210 1635 longa-

2317 1199 2352 1255 δ
2354 1206 2492 1263 ειότη
2499 1223 2564 1256 τα
2574 1245 2588 1260 .

2389 1297 2490 1346 Καὶ
2543 1289 2881 1366 ἀπεδήμησεν
2930 1297 3127 1357 εῦθίως.
3195 1297 3338 1351 ’Δντὶ
3397 1306 3511 1364 τοῦ,
3567 1305 3659 1354 καὶ
3725 1301 3920 1376 ἀφῆκεν

2316 1381 2505 1444 αὐτοὺς
2568 1381 2901 1455 ἐργάζεσθαι.
2960 1387 3201 1461 Καθάπερ
3251 1389 3350 1461 γὰρ
3411 1387 3496 1441 ἕπὶ
3534 1397 3628 1442 τοῦ
3674 1390 3918 1465 ἀμπελῶ-

2315 1489 2398 1533 νος
2465 1468 2599 1524 εἶπεν
2670 1474 2749 1525 ότι
2823 1467 3024 1536 ἐξέδοτο
3103 1476 3258 1528 αὐτόν
3311 1485 3566 1550 γεωργοῖς
3626 1485 3718 1533 καὶ
3787 1479 3919 1536 ἀπε-

2317 1555 2582 1632 δήμησεν·
2645 1561 2778 1613 οὕτω
2827 1568 2956 1634 φησί
3006 1569 3097 1618 καὶ
3134 1572 3242 1620 νῦν.
3285 1565 3370 1618 ἱνα
3396 1568 3573 1640 μάθῃς
3601 1573 3696 1628 τὴν
3723 1589 3918 1646 μακρο-

2318 1649 2506 1721 θυμίαν
2581 1650 2760 1717 αὐτοῦ,
2836 1660 2944 1715 πῶς
3029 1654 3124 1706 οὐκ
3197 1654 3385 1719 εὐθέως
3471 1654 3696 1714 ἀπαιτεῖ.
3769 1662 3912 1721 Tui;

2317 1735 2376 1791 δέ
2422 1757 2578 1811 φασιν
2632 1737 2935 1814 ἀποδημίαν
2986 1748 3082 1804 τήν
3129 1742 3185 1796 ἔκ
3221 1752 3325 1816 γῆς
3364 1745 3436 1808 είς
3472 1747 3683 1820 οὐρανόν
3721 1747 3905 1806 ἀνάλη-

2239 1839 2285 1894 Β
2313 1827 2406 1899 ψιν
2442 1835 2532 1881 τοῦ
2564 1836 2825 1904 Σωτῆρος.

2388 1919 2658 1990 Πορευθεὶς
2714 1949 2784 1960 -
2839 1915 2960 1975 δύο.
3015 1919 3439 1983 Διπλασιάζουσι
3502 1926 3567 1976 τὰ
3627 1921 3896 1996 ίμπιστευ-

2318 2006 2466 2059 θέντα
2502 2009 2709 2070 τούτοις
2751 2008 2868 2080 (56)
2898 2013 3217 2084 χαρίσματα
3260 2013 3451 2073 πάντες
3477 2014 3526 2064 οἱ
3571 2010 3902 2086 ὶμπορευόμε-

2313 2114 2389 2148 νοι
2434 2100 2528 2155 τὴν
2575 2105 2675 2149 τῶν
2716 2099 2963 2170 μαθητῶν
3019 2104 3304 2174 σωτηρίαν,
3366 2106 3459 2154 καὶ
3510 2109 3768 2162 ποιοῦντες
3821 2106 3912 2156 καὶ

2316 2185 2501 2247 αὐτοὺς
2573 2183 2930 2250 διδασκάλους
3006 2189 3158 2241 πάλιν
3220 2189 3422 2263 ἕτίρων.
3492 2191 3575 2265 [Ὁ
3652 2193 3768 2265 (57)
3825 2195 3918 2245 καὶ

2315 2277 2554 2348 πράττων
2604 2277 2792 2346 καλῶς,
2832 2283 2922 2330 καὶ
2971 2275 3242 2332 διδάσκων
3290 2279 3478 2353 ὀρθῶς,
3517 2283 3586 2336 τὰ
3632 2281 3917 2355 ἕμπιστευ-

2319 2367 2469 2419 θέντα
2508 2363 2849 2430 διπλασιάζει
2884 2367 3165 2440 τάλαντα.]

554 1657 910 1723 nimitatem,
941 1655 1251 1728 quomodo
1282 1671 1402 1712 non
1447 1655 1731 1711 continue
1773 1656 2017 1726 repetat.
2073 1651 2208 1718 Qui-

556 1747 700 1804 dam
729 1752 930 1802 autem
951 1744 1160 1801 dicunt
1181 1743 1720 1818 peregrinationem
1740 1758 1871 1799 esse
1888 1741 2208 1800 Salvatoris

555 1835 618 1893 in
643 1835 861 1892 caelum
887 1835 1384 1907 assumptionem.

627 1925 794 1982 Vers.
837 1925 922 1980 16.
958 1924 1118 1980 Abiit
1150 1955 1218 1965 —
1257 1923 1423 1980 Vers.
1461 1929 1545 1979 17.
1592 1923 1731 1979 duo.
1789 1920 2102 1995 Duplicant
2136 1935 2208 1978 ea

557 2030 692 2087 qua:
723 2013 836 2070 sibi
865 2012 1206 2069 concredita
1243 2018 1383 2068 sunt
1421 2027 1632 2068 omnes
1674 2010 1777 2084 qui
1824 2010 2203 2082 proﬁciscun-

558 2107 652 2159 tur
673 2101 751 2159 ad
781 2101 864 2175 (q)
884 2101 1137 2157 salutem
1167 2099 1620 2174 discipulorum,
1648 2098 1932 2157 facientes
1955 2115 2057 2157 eos
2077 2115 2206 2156 rur-

557 2206 660 2248 sus
690 2195 1080 2264 praeceptores
1114 2189 1389 2246 aliorum.
1429 2192 1471 2262 -ι-
1501 2190 1613 2257 Qui
1647 2188 1803 2245 bene
1841 2191 2120 2262 operatur
2149 2192 2207 2245 et

556 2284 712 2340 recte
740 2281 928 2348 docet,
963 2279 1222 2352 duplicat
1245 2280 1582 2337 concredita
1610 2279 1724 2336 sibi
1757 2278 1990 2336 talenta.

2385 2454 2446 2509 Ὀ
2502 2452 2561 2510 δε
2604 2486 2668 2498 —
2722 2457 2903 2514 αὐτοῦ.
2963 2465 3064 2517 Γῆν
3122 2458 3275 2513 αὐτόν
3326 2462 3534 2517 νόησον.
3589 2459 3674 2514 Ἐν
3741 2459 3914 2532 ἑαυτῷ

2316 2548 2417 2620 γὰρ
2461 2550 2734 2619 κατέχωσε
2777 2551 2836 2600 τὸ
2877 2543 3026 2601 δοθεν
3077 2548 3144 2612 εἰς
3189 2547 3452 2622 ἐργασίαν,
3485 2549 3556 2610 ὡς
3592 2552 3724 2622 μήτε
3762 2548 3908 2623 αὐτῷ

2317 2637 2441 2709 μηθ’
2481 2635 2663 2710 ἑτέροις
2693 2637 2806 2711 (58)
2838 2646 3233 2713 χρησιμεῦσαι.

627 2499 786 2555 Vere.
818 2495 902 2552 18.
931 2495 1042 2565 Qui
1068 2496 1418 2554 vero—sui.
1443 2498 1682 2553 Terram
1704 2497 2211 2568 ipsammetintel-

553 2587 716 2660 liga:
765 2587 827 2644 in
871 2587 1070 2660 seipso
1121 2586 1282 2642 enim
1339 2585 1598 2651 retinuit,
1651 2586 1821 2659 quod
1875 2587 1951 2644 ad
1997 2604 2209 2662 opera-

555 2679 779 2737 tionem
805 2676 1013 2734 datum
1047 2679 1192 2744 erat,
1225 2675 1309 2732 sic
1337 2679 1400 2732 ut
1423 2691 1531 2732 nec
1576 2674 1705 2745 sibi,
1734 2692 1845 2734 nec
1878 2676 2011 2735 aliis
2050 2679 2207 2737 utilis

551 2768 738 2826 ﬁeret.

627 2855 797 2914 Vers.
847 2855 935 2914 19.
963 2855 1101 2912 Post
1137 2884 1209 2897 —
1248 2855 1555 2913 rationem.
1608 2856 1772 2913 Venit
1795 2857 1966 2929 juxta
2003 2873 2208 2916 secun-

532 2947 703 3004 dum
749 2945 1078 3004 adventum
1123 2961 1136 3000 :
1173 2943 1308 3002 ideo
1352 2943 1532 3003 etiam
1573 2945 1742 3013 dixit,
1788 2952 1916 3020 post
1962 2949 2205 3008 multum

555 3044 790 3109 lemma.

629 3129 786 3183 Vers.
823 3125 911 3182 20.
942 3125 1023 3182 Et
1051 3156 1120 3167 —
1147 3140 1256 3196 per
1285 3140 1356 3182 ea
1396 3126 1649 3182 Lucrum
1679 3130 1818 3184 sunt
1854 3127 1959 3201 qui
1998 3145 2105 3202 per
2134 3129 2203 3186 il-

553 3217 670 3275 lius
689 3215 1059 3290 diligentiam
1079 3215 1349 3290 acquisiti
1371 3220 1526 3277 sunt.
1552 3221 1614 3274 ut
1630 3216 1858 3276 dictum
1874 3199 1984 3285 est,
2000 3199 2061 3277 et
2078 3220 2203 3278 fru-
2237 3199 2280 3259 ο

551 3307 788 3367 ctiﬁcati
814 3309 946 3364 Deo.

2389 2889 2532 2943 Μετά
2605 2919 2674 2930 -
2747 2887 2917 2962 λόγον.
2993 2888 3246 2963 Ἔρχεται
3315 2891 3453 2944 κατὰ
3515 2894 3608 2949 την
3667 2886 3914 2966 δευτέραν

2318 2977 2428 3050 (59)
2478 2983 2789 3050 παρουσίαν.
2845 2981 2932 3032 Διὸ
2987 2984 3098 3045 καὶ,
3144 2981 3276 3053 μετά
3321 2984 3514 3055 χρόνον
3551 2979 3731 3051 πολὺν,
3770 2977 3902 3038 εἷπε.

2315 3072 2548 3144 Συναίριι
2588 3064 2646 3122 δε
2675 3067 2844 3140 λόγον,
2880 3066 2994 3122 ἀντὶ
3027 3076 3142 3139 τοῦ,
3175 3075 3316 3124 Κινεῐ
3343 3068 3662 3142 λογοθίσιον.

2387 3162 2487 3212 Καὶ
2543 3188 2612 3199 -
2675 3156 2751 3210 ἄπ’
2827 3157 3020 3220 αὐτοῖς.
3084 3155 3279 3234 Κόρδος
3335 3160 3468 3213 εἰσιν
3537 3162 3588 3214 οἰ
3655 3156 3750 3214 διὰ
3819 3167 3912 3222 τῆς

2315 3243 2556 3311 σπουδῆς
2605 3246 2764 3300 αὐτοῦ
2807 3249 3074 3310 κτηθίντες
3119 3248 3256 3322 (60),
3289 3250 3358 3311 ὡς
3387 3249 3610 3324 εἴρηται,
3647 3254 3738 3304 καὶ
3787 3269 3911 3324 καρ-

2311 3357 2510 3412 ποφορη
2521 3339 2684 3400 θέντες
2711 3342 2838 3409 Θεῷ.

619 3419 778 3474 Vers.
797 3417 885 3474 21.
913 3413 1094 3506 Ait-7
1113 3415 1702 3506 constituam.Multis
1721 3416 1931 3490 gratiis
1947 3417 2201 3491 dignum

2379 3426 2512 3501 Ἔφη
2547 3459 2614 3468 —
2662 3431 3002 3484 καταστὼσω.
3050 3427 3252 3482 Ηολλῶν
3303 3433 3539 3506 χαρίτων
3583 3448 3642 3484 σε
3679 3427 3912 3497 ἀξιώσω,

545 3506 802 3565 faciam:
835 3505 1029 3563 multa
1058 3504 1216 3562 bona
1241 3504 1346 3562 tibi
1378 3505 1633 3562 tradam.

2314 3515 2506 3570 πολλῶν
2533 3515 2740 3589 ἀγαθῶν
2767 3536 2851 3571 σοι
2879 3513 3196 3590 μεταδώσω.

613 3597 782 3654 Vers.
832 3597 922 3653 2i.
982 3596 1152 3652 Intra
1180 3625 1249 3637 —
1293 3597 1398 3652 tui.
1445 3593 1734 3668 Requiem
1784 3601 1838 3652 et
1881 3596 2202 3655 beatitudi-

2381 3605 2590 3660 Ε’ίσελθε
2679 3637 2747 3648 -
2831 3625 2947 3662 σου.
3041 3612 3146 3667 Τὴν
3239 3607 3447 3660 ἅπασαν
3540 3610 3916 3680 μακαριότητα

541 3701 682 3744 nem
702 3686 778 3758 (r)
803 3701 912 3758 per
936 3699 1158 3740 nomen
1189 3684 1389 3753 gaudii
1420 3684 1796 3753 signiﬁcavit.

615 3777 774 3831 Vers.
807 3774 896 3828 22.
929 3773 1225 3830 Accedens
1255 3803 1322 3814 —
1352 3774 1518 3828 Vers.
1552 3772 1642 3828 23.
1678 3773 1806 3828 Tui.
1841 3775 2199 3848 Quanquam

545 3862 801 3921 diversae
825 3861 1064 3918 fuerunt
1087 3861 1308 3931 gratiae,
1344 3860 1592 3934 aequalis
1613 3867 1815 3918 tamen
1845 3868 1933 3920 est
1956 3863 2151 3922 honor
2181 3884 2195 3924 :

544 3951 690 4026 quia
719 3956 774 4008 et
803 3949 1035 4024 mquale
1065 3949 1124 4006 in
1157 3949 1270 4006 illis
1301 3950 1586 4006 studium.
1620 3951 1929 4024 Siquidem
1956 3957 2200 4027 uterque

545 4045 794 4115 accepta
848 4039 1190 4114 duplicavit.
1225 4039 1325 4097 Vel
1373 4040 1553 4097 etiam
1600 4041 1768 4098 aliter
1814 4041 1930 4099 dici
1979 4048 2192 4117 potest,

2311 3692 2346 3750 δ
2351 3698 2404 3749 ιὰ
2433 3704 2524 3748 τοῦ
2549 3695 2794 3770 ὀνόματος
2819 3704 2908 3758 τῆς
2933 3698 3104 3770 χαρᾶς
3130 3692 3382 3754 ἐδήλωσε.

2383 3784 2685 3859 Προσελθὼν
2731 3817 2795 3826 -
2830 3806 2948 3843 σου.
2986 3785 3048 3840 Εἰ
3083 3788 3170 3837 καὶ
3203 3779 3430 3856 διάφορα
3456 3784 3520 3836 τὰ
3562 3786 3899 3856 χαρίσματα,

2310 3873 2415 3928 ἀλλ’
2449 3879 2540 3935 ἴση
2587 3879 2734 3948 τιμή,
2770 3873 2911 3929 διότι
2935 3878 3025 3927 καὶ
3065 3875 3153 3932 ἴση
3195 3875 3400 3936 τούτοις
3443 3875 3472 3932 ἡ
3509 3867 3715 3931 σπουδή
3750 3872 3894 3944 (61).

2312 3971 2412 4019 Καὶ
2478 3967 2578 4039 γὰρ
2639 3964 2879 4039 ἑκάτερος
2929 3967 2994 4018 τὰ
3061 3960 3319 4038 δεδόμενα
3376 3959 3769 4018 ἐδιπλασίασεν.
3834 3959 3905 4016 Ἦ

2309 4061 2397 4108 καὶ
2467 4055 2642 4128 ίτίρως
2717 4058 2873 4108 εἶπεν
2954 4055 3180 4116 Ἐπίσης
3255 4057 3344 4128 μεν
3412 4051 3755 4118 ἐπαινοῦνται,
3819 4055 3910 4104 καί

2310 4143 2496 4206 ὶπίσης
2527 4144 2841 4216 εἰσάγονταιο
2873 4140 2908 4196 δ
2914 4148 3136 4218 ιαγόρων
3165 4140 3224 4198 δέ
3252 4152 3352 4197 τῶν
3381 4141 3607 4217 ἀμοιϐῶν
3642 4140 3910 4206 ἀξιοῦνται

2309 4235 2424 4289 κατ’
2457 4233 2734 4307 ἀναλογίαν
2769 4241 2868 4287 τῶν
2899 4230 3363 4311 ἕπικερδηθίντων.

545 4130 711 4207 quod
753 4129 1062 4205 mqualiter
1104 4129 1349 4204 quidem
1402 4129 1746 4202 laudantur,
1792 4136 1848 4188 et
1894 4133 2201 4207 aequaliter

543 4221 1024 4287 introducuntur,
1083 4219 1191 4277 sed
1254 4220 1657 4278 diversimode
1741 4228 2202 4281 remunerantur

536 4314 708 4388 juxta
744 4308 1194 4387 proportionem
1232 4310 1557 4384 lucrorum,
1614 4327 1748 4385 quae
1779 4312 1856 4371 ab
1906 4313 1990 4371 eis
2043 4313 2203 4372 facta

545 4405 701 4460 sunt.
1277 4403 1280 4406 “

613 4495 774 4550 Vers.
819 4491 907 4549 24.
940 4492 1239 4551 Accedens
1268 4522 1337 4534 —
1373 4493 1535 4548 Vers.
1569 4491 1658 4546 25.
1699 4493 1848 4564 quod
1895 4495 2060 4550 tuum
2099 4499 2198 4550 est.

2383 4493 2688 4571 Προσελθὼν
2785 4525 2854 4535 -
2948 4497 3005 4546 τό
3109 4496 3218 4547 σόν.
3298 4492 3541 4570 Σκληρός,
3619 4491 3732 4546 ἀντί
3795 4500 3908 4558 τοῦ,

545 4586 762 4648 Durus,
791 4581 907 4638 hoc
938 4587 1029 4638 est
1071 4585 1366 4638 austerus.
1401 4580 1657 4638 Putabat
1683 4559 1844 4638 enim
1879 4582 2041 4655 quod
2073 4583 2202 4641 sola

2314 4559 2597 4659 αὐστηρός.
2642 4583 2792 4638 ⁴Ωετο
2839 4585 2940 4660 γὰρ
2977 4584 3055 4636 ὅτι
3105 4585 3233 4655 μόνη
3273 4584 3302 4641 ἡ
3365 4559 3574 4642 σπουδὴ
3616 4589 3716 4636 τῶν
3758 4581 3913 4656 ἔμπο-

545 4670 853 4742 diligentia
870 4685 1078 4727 eorum
1092 4670 1193 4744 qui
1209 4670 1692 4742 negotiabantur,
1706 4672 1834 4728 sine
1858 4672 1956 4728 Dei
1979 4672 2201 4731 auxilio

2314 4679 2591 4750 ρευομένων
2653 4675 2771 4728 ἄνευ
2847 4681 2942 4735 τῆς
3017 4669 3072 4725 in
3145 4679 3278 4726 Θεοῦ
3355 4671 3606 4746 βοηθείας
3665 4673 3916 4746 κατορθοῖ

547 4775 726 4819 omne
757 4759 988 4816 lucrum
1011 4759 1286 4816 emceret.
1321 4761 1494 4820 Hanc
1523 4765 1719 4819 autem
1741 4761 2200 4835 responsionem

2314 4769 2368 4819 τό
2399 4771 2518 4821 πᾶν.
2559 4766 2765 4824 Ταύτην
2818 4760 2877 4817 δέ
2905 4768 2998 4824 τὴν
3029 4761 3308 4835 ἀπολογίαν
3349 4759 3712 4834 ἐσχημάτισεν
3751 4763 3782 4821 ἦ
3813 4781 3911 4815 πα-

547 4848 772 4908 efﬁnxit
801 4848 1111 4922 parabola,
1137 4849 1342 4908 volens
1364 4851 1675 4910 ostendere
1701 4851 1862 4925 quod
1892 4851 2034 4910 tales
2054 4852 2200 4912 nihil

2314 4855 2525 4933 ραϐολὴ,
2579 4851 2746 4921 δεῖξαι
2796 4852 3082 4929 βουλομένη
3130 4853 3209 4907 ὅτι
3261 4853 3312 4925 οἱ
3350 4858 3579 4906 τοιοῦτοι
3635 4847 3786 4905 οὐδὲν
3835 4853 3912 4904 εῦ-

619 4949 669 4987 τι
693 4947 897 5007 Matth.
931 4949 1162 5020 xx1,33.

1746 5049 1975 5123 Variae
2020 5051 2351 5128 lectiones
2380 5062 2655 5125 etnotae

641 5167 736 5238 55)
759 5172 892 5240 Τῶν,
925 5165 1140 5223 omittit
1169 5168 1234 5240 Β.⁸
1377 5236 1390 5240 _
1572 5237 1587 5240 _
1843 5239 1846 5240 ν

2383 5172 2500 5240 (59)
2533 5169 2720 5235 Αὐτοῦ,
2756 5167 2924 5226 addit
2952 5167 3021 5225 Α.

647 5236 736 5310 56)
763 5238 1001 5310 Ἐαυτοῖς
1047 5245 1151 5296 aut
1175 5237 1352 5301 αὐτοῖς
1376 5236 1720 5310 legendum,
1768 5239 1853 5298 uti
1881 5241 2202 5300 Hentenius

2539 5243 2859 5304 Κτησθέντες
2889 5245 2951 5296 Δ.

549 5309 729 5368 etiam
758 5309 1036 5367 reddidit.

623 5383 731 5463 (ﬂ)
762 5384 894 5463 Quae
923 5387 1171 5463 uterque
1201 5381 1385 5463 codex
1411 5381 1472 5439 in
1510 5382 1782 5453 margine
1812 5383 2064 5442 exhibet.
2313 5381 2430 5460 que

624 5392 709 5463 (57
762 5392 894 5438 Haec
923 5392 1171 5455 uterque
1201 5392 1385 5439 coaex

624 5392 735 5529 (58)
764 5461 947 5522 Τοῦτο,
976 5453 1299 5528 interponit
1325 5457 1390 5513 Α.

2405 5307 2496 5392 61)
2523 5320 2696 5392 Tigri,
2717 5327 2826 5386 pro
2868 5307 3078 5392 ςπουέή
3126 5309 3191 5392 Αε
3220 5307 3503 5392 Deinceps
3532 5308 3742 5392 repetit
3769 5324 3917 5384 quo-

2500 5379 2600 5439 ιὸτί
2624 5379 2700 5443 ad
2720 5379 2960 5444 σπουδὴ.
2995 5385 3148 5456 Ergo
3174 5381 3268 5438 bis
3295 5379 3457 5438 idem
3493 5379 3746 5455 scripsit.

627 5632 708 5706 (q)
758 5632 1217 5700 Proﬁciscuntur
1263 5634 1361 5691 ad.
1422 5609 1769 5702 Lucrantur,
1820 5650 1960 5692 cum
2009 5634 2206 5693 fructu

2315 5636 2486 5694 Forte
2524 5653 2632 5710 pro
2679 5636 2890 5690 ἅπασαν
2936 5635 3079 5710 legit
3137 5631 3430 5687 ἀνάπαυσιν
3479 5636 3582 5691 aut
3621 5632 3924 5688 ἀνάπαυλαν

558 5710 984 5852 ωἷῧῃιλξᾳιιίεηι
999 5785 1050 5836 et
1067 5776 1470 5836 beatitudidcm.
1485 5777 1738 5837 Omnem
1751 5777 2206 5839 beatitudinem.
2317 5712 2425 5766 ut.
