4198 6442
280 363 393 423 63.,

1228 358 1604 420 COMMENT.
1652 353 1728 413 IN
1764 350 2217 412 MATTHEUM-
2254 379 2327 397 -
2363 350 2530 409 CAP.
2575 350 2752 409 XXV.

3544 348 3657 407 638

276 490 432 564 λογον
484 489 919 563 ἀπολογήσασθαι
972 486 1385 551 δυνηθήσονται,
1426 490 1517 540 καὶ
1567 486 1647 541 ότι
1684 486 1785 539 ὃσα
1826 483 1877 536 ἀι

1998 478 2351 537 rationabile
2369 476 2728 551 respondere
2748 479 3030 549 poterunt
3051 493 3065 533 :
3088 480 3146 533 et
3164 474 3329 549 quod
3348 491 3652 548 quaecum-

283 577 737 651 ἀπολογήσωνται,
819 578 935 634 κατ’
993 578 1157 632 αὐτῶν
1234 579 1406 631 πάντα
1476 578 1891 652 περιτραπήσονο

280 687 391 724 ται.
440 674 541 723 Καὶ
571 670 728 725 ἄκουε
756 678 856 722 τῶν
887 669 1020 733 ἑξῆς.

356 757 685 834 ’Δποκριθεὶς
770 788 840 800 -
893 763 1050 831 τόκῳ.

282 846 498 918 έκείνου,
532 856 701 904 ταῦτα
747 847 883 903 εἶπεν
934 851 961 901 ό
1007 851 1193 922 Κύριος
1218 868 1231 881 ·
1263 843 1415 901 οὐδεν
1452 846 1554 918 γὰρ
1606 845 1889 919 κατορθοῦ-

280 958 372 993 ται
398 942 567 1013 χωρὶς
589 938 751 992 αὑτοῦ
774 955 787 969 ·
824 937 931 991 ἀλλ’
962 939 1277 1000 ὑποθετικῶς
1310 940 1397 990 τόν
1441 935 1593 1007 λόγον
1648 937 1887 1009 προήγα-

280 1046 390 1100 γεν,
419 1028 499 1081 ὅτι
525 1027 589 1085 Ei
614 1033 705 1083 καὶ
732 1036 969 1091 τοιοῦτος
996 1032 1158 1101 ἤμην,
1202 1028 1323 1102 ὅπερ
1355 1024 1450 1080 οὐκ
1495 1023 1695 1094 ἀληθὲς,
1749 1025 1891 1095 ὅμως

283 1118 391 1173 ἐπεὶ
443 1120 678 1172 τοιοῦτόν
729 1137 793 1191 με
843 1116 1139 1191 έγίνωσκες,
1188 1114 1283 1171 διὰ
1329 1123 1481 1169 τοῦτο
1537 1113 1725 1188 μᾶλλον
1777 1109 1886 1168 ἴδει

285 1226 343 1263 σε
380 1205 689 1262 καταϐαλεῖν
718 1210 777 1261 τό
806 1210 1058 1283 χάρισμά
1094 1226 1195 1281 μου
1238 1213 1346 1269 τοῖς
1384 1202 1556 1261 εἰδόσι
1599 1200 1883 1278 διακρίνειν

277 1300 339 1353 τὸ
375 1296 531 1350 καλὸν
576 1295 677 1350 ἀπὸ
720 1305 813 1352 τοῦ
858 1304 1044 1353 κακοῦ.
1094 1299 1323 1360 Τούτους
1361 1297 1464 1371 γὰρ
1507 1294 1645 1367 λέγει
1692 1312 1883 1369 τραπε-

277 1385 454 1450 ζίτας,
498 1382 649 1441 Ἔδει
680 1405 738 1442 σε
790 1384 1033 1455 διδάξαι,
1087 1389 1418 1457 νουθετῆσαι,
1468 1383 1879 1459 συμϐουλεῦσαι,

273 1482 378 1531 πᾶν
430 1478 492 1531 τὸ
540 1479 631 1529 σὸν
682 1483 929 1545 ποιῆσαι,
979 1479 1038 1532 τό
1077 1474 1137 1533 δι
1194 1476 1372 1530 λοιπὸν
1430 1474 1543 1549 έμοὶ
1586 1472 1879 1547 ἐπιτρέψαι,

272 1564 408 1639 λέγω
458 1562 529 1627 δὴ
582 1570 680 1626 τὴν
736 1565 1044 1627 ἀπαίτησιν.
1094 1564 1243 1624 Ἔδει
1296 1585 1355 1622 σε
1406 1568 1467 1619 τὸ
1514 1564 1880 1638 εὖχερέστιρον

273 1660 395 1717 τέως
444 1651 875 1731 διαπράξασθαι·
926 1659 987 1711 τὸ
1026 1652 1086 1712 δι
1117 1653 1532 1731 δυσχερέστερον
1572 1653 1685 1728 ipsi
1721 1673 1882 1709 κατα-

272 1743 458 1801 λιπεῖν.
512 1748 714 1803 Δάνειον
882 1747 971 1802 οὖν
1016 1748 1046 1806 ἡ
1105 1742 1467 1800 διδασκαλία·
1500 1749 1653 1806 τόκος
1683 1741 1742 1801 δι
1790 1750 1881 1798 τοῦ

1150 756 1272 829 Οὐχ
1359 758 1429 817 ὡς
1513 753 1607 813 ἀλη
1615 756 1701 808 θεύ
1709 772 1889 815 σαντος

1998 586 2117 643 que
2134 567 2581 643 respondebunt
2598 572 2806 624 contra
2828 566 3058 640 seipsos
3079 566 3285 624 omnia
3308 570 3652 623 converten-

1999 666 2111 718 tur.
2140 660 2292 717 Audi
2318 675 2459 730 ergo
2493 675 2624 732 quas
2658 664 3006 731 sequuntur.

2071 768 2234 825 Vers.
2265 769 2353 826 26.
2379 767 2726 839 Respondeas
2750 797 2820 807 -—
2849 768 3008 821 Vers.
3027 767 3117 821 27.
3142 779 3339 821 usura.
3360 765 3486 820 Non
3510 779 3652 837 qua-

1999 858 2049 914 si
2069 857 2163 914 ille
2177 874 2313 914 vera
2328 856 2541 913 dixerit
2560 856 2689 911 haec
2706 855 2788 911 ait
2808 854 3099 911 Dominus
3117 872 3135 926 ;
3156 853 3300 910 nihil
3318 854 3476 909 enim
3493 856 3655 909 recte

1996 944 2060 1001 ﬁt
2099 946 2225 1002 sine
2260 946 2387 1019 ipso
2414 963 2429 1016 ;
2465 944 2572 1001 sed
2608 944 2921 1017 supposito
2956 958 3232 999 sermone
3262 942 3552 1015 procedit,
3583 954 3651 997 ac

1996 1034 2045 1092 si
2070 1035 2294 1092 diceret
2326 1057 2337 1090 :
2379 1035 2438 1091 Si
2464 1035 2644 1092 etiam
2677 1034 2810 1091 talis
2842 1048 3057 1104 essem,
3090 1032 3254 1105 quod
3286 1048 3494 1088 verum
3525 1045 3649 1087 non

1994 1127 2105 1189 est,
2124 1129 2327 1181 tamen
2347 1123 2492 1197 quia
2509 1122 2687 1180 talem
2707 1138 2801 1179 me
2818 1136 3096 1187 noveras,
3118 1120 3254 1177 ideo
3272 1119 3465 1191 magis
3477 1134 3653 1191 opor-

1993 1213 2153 1271 tebat
2181 1218 2234 1270 te
2266 1213 2613 1286 exposuisse
2644 1213 2871 1267 donum
2906 1225 3127 1279 meum,
3159 1210 3248 1265 his
3272 1210 3367 1282 qui
3404 1210 3653 1264 nossent

1992 1302 2217 1360 bonum
2240 1320 2274 1358 a
2291 1318 2475 1377 pravo
2496 1302 2576 1374 dij
2587 1301 2827 1358 udicare
2852 1317 2869 1355 :
2891 1300 3003 1356 hos
3024 1300 3183 1356 enim
3206 1298 3470 1373 appellat
3488 1313 3650 1354 men—

1992 1394 2183 1451 serios
2211 1411 2223 1452 :
2256 1394 2522 1467 oportuit
2560 1400 2615 1449 te
2661 1392 2958 1461 docuisse,
2987 1390 3399 1456 admonuisse,
3432 1404 3650 1446 consu-

1988 1483 2188 1551 luisse,
2230 1482 2489 1558 quiquid
2518 1481 2580 1538 in
2611 1486 2665 1539 te
2692 1485 2820 1538 erat
2850 1480 3078 1552 fecisse,
3112 1479 3412 1553 reliquum
3443 1482 3645 1535 autem

1990 1572 2131 1629 mihi
2165 1572 2553 1646 permississe,
2582 1571 2716 1629 dico
2743 1586 2886 1628 sane
2916 1568 3363 1642 repetitionem:
3390 1568 3651 1640 Oportuit

1989 1664 2043 1719 te
2071 1662 2224 1734 quod
2254 1661 2485 1719 {acilius
2509 1664 2596 1717 est
2624 1660 2849 1717 interea
2880 1658 3219 1731 perfecisse,
3248 1657 3413 1731 quod
3442 1662 3645 1714 autem

1989 1750 2290 1808 difficilius
2324 1756 2413 1809 est
2456 1750 2601 1807 mihi
2632 1748 2963 1823 reliquisse.
2998 1750 3097 1804 llis
3127 1748 3329 1820 itaque
3359 1747 3642 1813 alienum,

274 1837 514 1889 τοιούτου
562 1832 770 1891 δανείου
819 1836 850 1896 ἠ
902 1837 1181 1912 προσθήκη
1214 1843 1314 1889 τῶν
1366 1834 1558 1911 ἀρετῶν
1583 1851 1595 1868 ο
1623 1837 1772 1889 τόκον
1822 1829 1877 1887 δί

1994 1841 2259 1898 doctrina
2279 1846 2397 1897 est:
2420 1856 2603 1897 usura
2619 1855 2760 1896 vero
2784 1838 2917 1895 talis
2932 1837 3325 1904 seris,additio
3348 1838 3642 1895 virtutum.

276 1928 372 1983 τὴν
429 1921 749 2002 ἕπικέρδειαν
800 1923 975 1988 ἁπλῶς
1028 1925 1283 2001 ὠνόμασε,
1336 1932 1399 2000 τῇ
1458 1926 1707 1997 συνηθείᾳ
1743 1942 1882 1999 χρη-

284 2013 502 2091 σάμενος
512 2055 528 2071 .

355 2101 548 2177 ’Ἄρατε
630 2133 700 2145 -
780 2103 862 2157 ἀπ’
946 2104 1125 2160 αὐτοῦ.
1199 2104 1463 2161 Ἐκιλευσε
1542 2106 1881 2178 γυμνωθῆναι

287 2190 446 2248 αὐτὸν
479 2199 568 2247 τοῦ
619 2189 998 2250 διδασκαλικοῡ
1054 2194 1346 2269 ἀξιώματος
1368 2216 1382 2231 ο
1438 2202 1590 2251 τοῦτο
1618 2196 1721 2269 γὰρ
1770 2191 1880 2250 εἶπε

283 2280 534 2339 τάλαντον
556 2300 571 2320 ο
602 2287 691 2337 καὶ
719 2288 811 2343 τὴν
855 2289 1008 2357 τιμὴν
1036 2288 1233 2345 ταύτην
1264 2285 1333 2350 εἰς
1375 2287 1683 2361 προσθήκην
1719 2281 1879 2344 δοθῆ-

278 2390 366 2426 ναι
401 2380 474 2445 τῷ
503 2373 681 2447 ἔχοντι
708 2376 774 2428 τά
804 2370 929 2431 δέκα
970 2374 1215 2432 τάλαντα.
1261 2380 1424 2432 Παντὶ
1452 2376 1554 2449 γὰρ
1598 2382 1669 2448 τῷ
1697 2378 1876 2448 ἔχοντι

277 2457 520 2525 σπουδήν
566 2480 622 2519 τε
672 2467 761 2518 καὶ
808 2461 1095 2537 έπιμέλειαν
1145 2461 1432 2526 δοθὸσεται
1477 2469 1601 2539 τιμὴ
1652 2470 1742 2521 καὶ
1784 2483 1873 2519 πε·

268 2554 557 2629 ρισσοτέρα
616 2560 714 2616 τῆς
782 2551 1160 2620 έπιϐαλλούσης
1214 2555 1384 2628 αὐτῷ·
1460 2554 1561 2610 ἀπὸ
1644 2551 1704 2611 δι
1780 2560 1873 2609 τοῦ

267 2644 343 2715 μὴ
404 2642 620 2714 ἔχοντος
674 2640 936 2717 σπουδὴν,
1002 2648 1067 2708 ὡς
1133 2648 1356 2721 εἴρηται,
1406 2650 1495 2700 καὶ
1560 2644 1866 2719 έπιμέλειαν.

267 2734 359 2785 καὶ
396 2729 422 2785 ὃ
461 2733 577 2806 ἔχει
608 2728 995 2789 διδασκαλικόν
1048 2734 1271 2809 ἀξίωμα,
1312 2734 1737 2812 ἀφαιρεθήσεται,
1787 2732 1875 2791 οἶα

269 2824 343 2896 μὴ
369 2825 711 2897 χρησαμένου
752 2822 912 2897 αὐτῷ.

345 2915 447 2967 Καὶ
501 2914 588 2965 τὸν
635 2911 851 2990 ἀχρεῖον
903 2911 1087 2969 δοῦλον
1135 2946 1204 2959 --
1267 2912 1511 2972 ὀδόντων.
1582 2916 1658 2970 Οὐ
1710 2920 1875 2991 μέχρι

272 3008 369 3064 τῆς
449 2998 769 3076 ἀφαιρέσεως
843 3006 1033 3064 ἴστησε
1108 3009 1201 3065 τήν
1285 3006 1498 3080 ζημίαν,
1586 3006 1714 3061 ἀλλὰ
1782 3011 1873 3061 καὶ

275 3089 344 3151 εἰς
394 3088 651 3167 ἀφόρητον
709 3091 979 3167 ἀπέπεμψε
1033 3094 1270 3164 κόλασιν,
1324 3094 1539 3171 ἀχρεῖον
1605 3097 1761 3153 αὐτὸν
1810 3095 1877 3151 εἰ·

272 3183 402 3248 πὼν,
445 3184 510 3242 ὡς
562 3183 840 3257 ἄχρηστον
887 3188 974 3239 καὶ
1013 3184 1265 3261 ὀκνηρόνο
1298 3185 1436 3261 Ὀρα
1486 3192 1703 3262 πρᾶγμα
1732 3185 1877 3259 φοϐε-

273 3274 382 3345 ρόν.
417 3270 704 3334 Κολάξεται
736 3276 860 3350 γὰρ,
903 3274 1007 3349 οὐχ
1052 3277 1133 3329 ὅτι
1189 3276 1375 3349 ἔπραξε
1424 3278 1583 3343 κακὰ,
1634 3276 1743 3329 ἀλλ’
1796 3278 1873 3332 ὅτι

273 3359 369 3414 οὐκ
443 3360 654 3437 ἔπραξεν
683 3379 697 3393 ⁸
760 3361 953 3436 ἀγαθά.
1028 3364 1294 3419 Ἐκκλινον
1350 3368 1473 3442 γὰρ,
1531 3369 1707 3439 φησὶν,
1774 3364 1875 3420 ἀπὸ

273 3456 461 3516 κακοῦ,
552 3456 640 3505 καὶ
721 3457 943 3513 ποίησον
1035 3453 1251 3527 ἀγαθόν.
1332 3454 1397 3508 Ἡ
1485 3459 1660 3529 μέντοι
1741 3459 1876 3510 κατά

273 3539 334 3591 τὸ
391 3537 665 3602 ἑξηκοστὸν
717 3539 938 3615 ἕϐδομον
1005 3544 1279 3617 κεφάλαιον
1353 3551 1445 3598 τοῦ
1516 3550 1698 3600 Λουκᾶ
1773 3554 1874 3599 τῶν

275 3623 405 3683 δέκα
474 3637 607 3702 μνῶν
682 3631 950 3705 παραϐολὴ
1014 3633 1161 3708 έτέρα
1217 3636 1362 3711 παρὰ
1436 3637 1628 3694 ταύτην
1708 3634 1869 3705 έστὶν,

271 3715 314 3772 εἰ
340 3722 430 3771 καὶ
459 3719 710 3774 τάπολλά
736 3724 915 3777 ἔοικεν.
969 3722 1050 3780 Ἐν
1099 3722 1265 3801 ἐκείνη
1305 3726 1407 3801 ⁴γὰρ
1448 3726 1503 3780 αὶ
1553 3721 1726 3789 δόσεις
1781 3729 1871 3801 μεν

264 3810 399 3875 ἴσαι,
432 3810 498 3862 τά
525 3806 689 3883 κέρδη
724 3807 783 3865 δὲ
812 3812 971 3865 άνισα
999 3818 1088 3867 καὶ
1115 3814 1170 3867 αἱ
1198 3819 1371 3879 τιμαί.

334 3896 513 3972 [Διότι
545 3900 661 3973 (62)
699 3900 832 3960 αὕτη
872 3904 962 3975 μὶν
987 3908 1108 3977 περὶ
1161 3900 1425 3980 διαφόρων
1475 3901 1870 3959 διδασκαλικῶν

260 3990 619 4063 χαρισμάτων
696 3986 1058 4064 διαλαμϐάνει,
1130 3997 1202 4066 μὴ
1277 3990 1565 4068 διδομένων
1640 3993 1826 4061 έπίσης
1855 4011 1868 4027 ’

264 4075 429 4136 έκείνη
460 4073 519 4132 δέ
550 4082 668 4155 περὶ
695 4075 960 4156 διαφόρων
990 4078 1279 4156 διδομένων
1310 4083 1558 4161 έπίσης.]

339 4209 487 4260 ΚΕΦ.
574 4204 697 4261 ΞΜ.
757 4210 884 4280 Περὶ
957 4214 1053 4270 τῆς
1123 4206 1362 4272 ἐλεύσεως
1444 4216 1536 4264 τοῦ
1611 4218 1867 4285 Χριστοῦ.

336 4316 495 4365 Ὅταν
534 4342 603 4354 -—-
634 4311 815 4370 αὐτοῦ.
848 4318 1046 4370 Λοιπὸν
1086 4312 1353 4389 διηγεῖται
1397 4321 1487 4371 καὶ
1527 4320 1595 4372 τά
1621 4327 1717 4380 τῆς
1754 4315 1873 4373 δευ-

264 4402 421 4473 τέρας
484 4406 777 4475 παρουσίας
830 4403 992 4458 αὐτοῦ
1048 4408 1175 4479 πρὸς
1229 4404 1383 4479 φόϐον
1439 4412 1529 4460 καὶ
1587 4403 1871 4481 διόρθωσιν

266 4496 367 4541 τῶν
394 4487 749 4565 ἀκροωμένων.
785 4493 944 4558 Δόξαν
976 4490 1036 4548 δε
1065 4495 1226 4548 αὐτοῦ
1272 4494 1406 4568 λέγει
1460 4501 1553 4556 τὴν
1605 4499 1873 4573 θεοπρεπε-

270 4580 487 4637 στάτην.
528 4579 586 4635 Ἠ
623 4588 803 4656 πρώτη
852 4586 953 4659 γάρ
1002 4584 1163 4639 αὐτοῦ
1208 4588 1410 4649 ἕλευσις
1447 4587 1494 4639 έν
1546 4584 1736 4661 ἀδοξίᾳ
1784 4593 1873 4661 γέ-

269 4684 407 4750 γονε.
452 4671 668 4724 Καθίσει
701 4668 801 4739 δε,
829 4675 900 4738 ὡς
935 4680 1121 4750 κριτής
1148 4689 1161 4714 ν
1193 4676 1368 4749 θρόνος
1420 4672 1480 4731 δε
1533 4673 1695 4743 δόξης
1743 4679 1768 4733 ὁ
1799 4682 1871 4732 ἓν.

271 4749 446 4825 δοξός,
478 4757 505 4809 ό
542 4756 834 4833 βασιλικός.

338 4975 439 5027 Καὶ
491 5003 559 5017 -
622 4976 763 5037 ἔθνη.
835 4975 1164 5033 Ἀναστάντα
1243 4975 1455 5041 δηλαδὴ
1527 4979 1582 5034 έκ
1655 4990 1862 5058 νεκρῶν.

260 5066 549 5137 Προείρηκε
622 5068 725 5143 γὰρ
815 5062 1079 5145 διαφόρως
1166 5073 1284 5145 περὶ
1366 5077 1464 5135 τῆς
1533 5068 1869 5139 ἀναστάσεως

260 5149 425 5206 αὐτοῦ
451 5153 681 5229 (ea-es).

335 5244 437 5297 Καὶ
480 5275 550 5288 -
576 5242 785 5321 έρίφων.
834 5252 943 5303 Νῦν
985 5248 1076 5322 μὶν
1113 5250 1215 5327 γὰρ
1248 5248 1447 5326 ἀναμίξ
1487 5249 1591 5307 εἰσι
1644 5253 1861 5319 πάντεςο

328 5396 379 5437 ⁷⁸
418 5396 573 5458 Psal.
604 5412 806 5460 xum.
842 5401 928 5461 t5.
960 5403 1006 5441 ⁷⁷
1050 5403 1187 5462 Luc.
1218 5420 1333 5475 xix,
1362 5405 1453 5463 i3.

1992 1932 2245 1991 Usuram
2288 1931 2515 1988 vocavit
2558 1928 2906 2004 simpliciter
2952 1943 3131 1987 omne
3178 1927 3434 1993 lucrum,
3482 1941 3646 1985 more

1990 2020 2292 2077 communi
2312 2025 2504 2078 utens.

2060 2129 2222 2185 Vers.
2279 2128 2368 2184 28.
2422 2127 2619 2185 Tollite
2643 2159 2713 2170 —
2740 2128 2906 2185 Vers.
2935 2131 3023 2185 29.
3057 2126 3127 2185 ab
3156 2142 3239 2185 eo.
3272 2125 3454 2183 Jussit
3504 2140 3643 2183 eum

1986 2218 2202 2277 nudari
2234 2218 2519 2276 doctrinm
2547 2218 2709 2275 dono
2739 2235 2752 2286 ;
2782 2217 2895 2275 hoc
2926 2218 3084 2274 enim
3115 2217 3266 2274 dixit
3302 2216 3590 2274 talentum
3624 2230 3640 2285 ;

1985 2313 2041 2367 et
2065 2309 2356 2367 honorem
2386 2308 2549 2366 hunc
2584 2309 2646 2365 in
2686 2307 3055 2365 additionem
3083 2307 3215 2363 dari
3246 2307 3295 2363 ei
3325 2307 3429 2380 qui
3455 2305 3643 2362 habe-

1983 2398 2089 2458 bat
2112 2400 2316 2455 decem
2349 2399 2572 2456 talenta
2604 2414 2618 2466 ;
2650 2397 2819 2455 omni
2848 2399 3009 2455 enim
3039 2398 3142 2471 qui
3177 2396 3545 2467 diligentiam
3583 2399 3640 2453 et

1984 2504 2190 2546 curam
2212 2487 2415 2555 habet,
2447 2488 2690 2545 dabitur
2716 2488 2930 2558 honor,
2961 2488 3139 2545 etiam
3166 2502 3349 2560 supra
3368 2503 3505 2544 eum
3533 2484 3639 2560 qui

1982 2578 2100 2651 ipsi
2126 2578 2395 2651 adjectus
2411 2582 2538 2636 erat
2569 2597 2583 2649 ;
2612 2578 2691 2637 ab
2716 2594 2788 2635 eo
2814 2594 2953 2635 vero
2978 2578 3081 2651 qui
3110 2576 3480 2649 diligentiam
3509 2591 3636 2633 non

1978 2668 2182 2736 habet,
2237 2672 2302 2726 ut
2351 2668 2574 2725 dictum
2630 2671 2736 2736 est,
2796 2684 2992 2743 neque
3046 2684 3278 2734 curam,
3339 2667 3636 2725 auferetur

1981 2758 2161 2816 etiam
2190 2758 2251 2815 id
2280 2757 2445 2832 quod
2469 2756 2649 2815 habet
2669 2757 2952 2816 doctrinae
2968 2757 3218 2826 donum,
3242 2762 3531 2833 tanquam
3555 2757 3634 2815 ab

1981 2863 2053 2907 eo
2078 2848 2171 2905 cui
2197 2847 2345 2906 nulli
2371 2853 2461 2905 est
2492 2846 2651 2904 usui.

2054 2958 2219 3014 Vers.
2258 2956 2346 3013 30.
2392 2956 2641 3013 Servum
2679 2971 2900 3029 quoque
2938 2954 3202 3015 inutilem
3239 2988 3308 3001 -
3345 2956 3636 3015 dentium.

1984 3048 2113 3104 Non
2142 3046 2201 3102 in
2234 3045 2535 3103 ablatione
2564 3045 2744 3102 ﬁnem
2772 3062 2967 3119 poenae
3006 3048 3226 3119 posuit,
3276 3047 3380 3103 sed
3412 3047 3473 3103 in
3505 3062 3643 3122 sup-

1987 3135 2234 3209 plicium
2282 3151 2524 3210 quoque
2582 3134 2954 3193 intolerabile
3006 3135 3318 3207 ablegavit.
3379 3137 3643 3193 Inutilem

1910 3203 1957 3261 θ
1988 3203 2189 3282 autem
2237 3203 2387 3281 dixit
2416 3203 2676 3298 pigrum,
2710 3228 2766 3282 et
2796 3223 3015 3281 nullius
3049 3203 3226 3282 bona:
3254 3225 3459 3297 frugis.
3492 3227 3642 3286 Vide

1987 3329 2131 3386 ergo
2152 3330 2277 3370 rem
2310 3312 2703 3370 tremendam.
2730 3313 2977 3369 Punitur
3004 3314 3303 3387 siquidem
3334 3330 3455 3371 non
3476 3315 3643 3387 quod

1987 3403 2150 3460 mala
2174 3403 2394 3473 fecerit,
2427 3401 2533 3459 sed
2580 3402 2747 3475 quod
2777 3401 2940 3460 bona
2987 3418 3103 3459 non
3133 3402 3368 3460 fecerit:
3395 3404 3642 3464 Declina

1987 3493 2168 3559 enim,
2202 3492 2413 3565 inquit,
2445 3508 2483 3550 a
2510 3492 2665 3549 malo
2687 3497 2742 3549 et
2761 3494 2870 3564 fac
2902 3492 3111 3550 bonum
3134 3494 3202 3549 ⁷⁸.
3235 3491 3338 3550 Illa
3375 3509 3511 3550 vero
3538 3510 3643 3567 pa-

1983 3581 2212 3652 rabole,
2228 3598 2364 3657 qum
2383 3582 2545 3659 apud
2562 3584 2780 3640 Lucam
2804 3582 3045 3655 ponitur
3062 3584 3439 3655 sexagesimo
3461 3583 3637 3658 septi-

1983 3689 2084 3731 mo
2103 3673 2295 3747 capite
2322 3672 2396 3730 de
2425 3672 2630 3730 decem
2654 3671 2830 3729 minis
2855 3673 2925 3741 ⁷⁷,
2953 3672 3069 3731 alia
3091 3678 3179 3731 est
3199 3673 3278 3731 ab
3303 3675 3428 3742 ista,
3453 3674 3561 3732 etsi
3576 3674 3639 3733 in

1981 3762 2239 3838 pluribus
2258 3762 2329 3821 sit
2348 3762 2580 3820 similis.
2607 3763 2671 3820 In
2687 3762 2787 3820 illa
2809 3763 2971 3821 enim
2995 3763 3138 3822 data
3162 3764 3409 3839 quidem
3428 3780 3633 3840 mqua-

1979 3852 2058 3911 lia
2090 3854 2364 3911 fuerunt:
2396 3853 2564 3911 lucra
2590 3870 2731 3911 vero
2760 3858 2816 3910 et
2836 3854 3095 3912 honores
3122 3854 3463 3929 inaequales.

2052 3947 2201 4001 Nam
2223 3944 2347 4000 haec
2373 3944 2447 4001 de
2474 3943 2724 4001 diversis
2751 3943 3035 4001 doctrinae
3062 3946 3265 4016 gratiis
3288 3962 3407 4003 non
3434 3964 3634 4022 aequa-

1978 4033 2111 4091 liter
2143 4034 2292 4091 datis
2318 4033 2547 4091 disserit
2576 4050 2588 4090 :
2621 4033 2722 4092 illa
2764 4049 2903 4091 vero
2952 4035 3022 4091 de
3053 4034 3300 4093 diversis
3332 4037 3635 4111 aequaliter

1979 4123 2159 4182 datis.

2326 4266 2483 4323 CAP.
2526 4266 2661 4322 LXI.
2693 4267 2773 4322 De
2802 4267 3053 4324 adventu
3079 4266 3301 4324 Christi

2052 4358 2214 4413 Vers.
2247 4356 2335 4411 3t.
2371 4358 2512 4413 Cum
2536 4387 2604 4397 —
2633 4370 2769 4413 suae.
2809 4359 3018 4413 Narrat
3043 4357 3221 4412 etiam
3248 4354 3531 4428 deinceps
3557 4356 3633 4412 de

1982 4444 2245 4502 secundo
2272 4444 2535 4503 adventu
2562 4461 2690 4511 suo,
2721 4446 2798 4502 ad
2826 4450 3108 4502 terrorem
3135 4450 3191 4502 et
3215 4442 3633 4502 correctionem

1902 4557 1948 4616 ι)
1981 4536 2345 4595 auditorum.
2379 4538 2561 4594 Suam
2592 4541 2793 4593 autem
2828 4536 3081 4609 gloriam
3135 4536 3293 4603 dicit,
3346 4552 3480 4611 quae
3514 4539 3631 4595 Deo

1981 4627 2221 4702 propria
2249 4631 2354 4685 est.
2391 4627 2656 4684 Primum
2686 4627 2851 4686 enim
2882 4627 3173 4684 adventus
3200 4628 3327 4700 ejus
3349 4627 3631 4699 inglorius

1978 4717 2169 4775 factus
2192 4721 2302 4774 est.
2333 4716 2569 4775 Sedebit
2590 4732 2748 4784 vero,
2773 4721 3064 4791 tanquam
3083 4716 3271 4791 judex
3294 4735 3307 4775 :
3329 4717 3501 4776 sedes
3528 4734 3633 4775 au-

1978 4812 2096 4865 tem
2127 4807 2247 4865 sive
2278 4808 2527 4866 thronus
2557 4806 2771 4865 dicitur
2796 4807 3018 4881 glorias,
3059 4808 3176 4867 hoc
3213 4814 3301 4868 est
3333 4807 3628 4883 gloriosus

1977 4902 2034 4955 et
2061 4898 2281 4969 regius.

2047 4986 2213 5043 Vers.
2263 4988 2353 5043 32.
2404 4986 2482 5045 Et
2522 5016 2589 5031 —-
2636 4992 2857 5061 gentes.
2902 4986 3235 5062 Postquam
3287 4989 3564 5048 videlicet
3592 5006 3629 5047 a

1977 5077 2230 5135 mortuis
2256 5078 2683 5135 resurrexerint
2700 5094 2714 5146 ;
2734 5076 3007 5153 prmdixit
3023 5078 3183 5137 enim
3205 5080 3388 5139 variis
3404 5080 3464 5138 in
3484 5080 3629 5137 locis

1974 5167 2050 5226 de
2082 5168 2514 5227 resurrectione
2546 5184 2777 5225 earum.

2044 5257 2210 5316 Vers.
2239 5261 2326 5316 32.
2341 5258 2422 5317 Et
2444 5289 2509 5301 —
2534 5258 2730 5317 haedis.
2759 5260 2923 5317 Nunc
2941 5258 3150 5318 etenim
3172 5258 3471 5321 commisti
3491 5263 3631 5323 sunt

1493 5584 1722 5658 Variis
1754 5587 2087 5659 lectiones
2115 5597 2183 5659 et
2216 5598 2414 5659 notas.

327 5770 443 5846 (62)
469 5772 701 5835 Inclusa
730 5773 793 5833 in
820 5775 1094 5851 margine
1122 5776 1305 5838 habet
1327 5780 1393 5839 Δ.

2041 5784 2247 5862 (63-68)
2268 5784 2699 5863 Corrigendum
2720 5786 2909 5864 αὐτῶν,
2924 5785 3052 5847 sicu
3070 5786 3625 5849 thabetHentenius.
