4198 6444
549 325 658 386 639

1864 333 2211 391 EUTHYMII
2261 333 2595 393 ZIGABENI

3819 339 3928 400 6&0

551 473 758 514 omnes
785 479 797 515 :
832 461 968 515 tunc
996 475 1136 517 vero
1157 460 1462 531 diligenter
1479 463 1930 535 separabuntur.
1961 465 2037 518 De
2064 462 2201 517 solis

2313 468 2426 515 τότε
2466 459 2525 516 δι
2578 462 2799 537 ἀκριϐῶς
2852 461 3405 538 διαχωρισθήσοντοιι.
3458 470 3586 538 Περὶ
3637 475 3736 519 τῶν
3793 476 3922 542 Χρι-

549 554 747 604 autem
780 548 1124 605 Christianis
1156 550 1420 622 loquitur
1458 553 1554 608 hic
1586 569 1806 617 sermo,
1848 552 2027 608 veluti
2061 553 2200 608 inte-

548 635 672 691 rius
707 636 1202 694 manifestabitur.

621 725 783 780 Vers.
816 728 904 782 33.
933 728 1013 782 Et
1054 760 1121 768 —
1170 729 1448 787 sinistris.
1507 731 1727 788 Ovibus
1776 735 2205 803 comparantur

543 816 708 889 justi,
733 822 967 888 propter
987 820 1529 884 mansuetudinem,
1554 821 1931 886 modestiam,
1964 838 2033 876 ac
2053 821 2205 876 fruc-

547 904 930 962 tiﬁcationem
954 909 1012 962 in
1033 909 1360 973 virtutibus,
1383 910 1534 964 sicut
1557 911 1666 966 illas
1686 911 1745 966 in
1764 911 1915 965 lacte
1955 915 2011 964 et
2036 910 2199 966 lana:

545 993 739 1050 hosdis
794 1012 931 1052 vero
977 1004 1340 1069 peccatores,
1376 1005 1618 1071 propter
1651 1000 2115 1064 inclementiam,
2149 1004 2205 1055 et

544 1083 1011 1156 immodestiam,
1041 1093 1097 1142 et
1123 1087 1492 1144 infructuosit
1514 1097 1687 1144 atem.
1718 1090 1932 1144 Poteris
1958 1103 2203 1161 quoque

547 1172 788 1240 addere,
811 1175 974 1246 quod
996 1177 1162 1230 etiam
1190 1183 1430 1249 propter
1447 1193 1679 1247 gravem
1704 1178 1923 1250 peccati
1941 1179 2200 1245 odorem,

547 1266 603 1318 et
625 1264 788 1334 quod
816 1280 934 1320 non
954 1271 1105 1320 recta
1133 1267 1497 1336 gradiantur,
1518 1268 1622 1322 sed
1645 1285 1680 1322 a
1706 1276 1865 1324 recto
1890 1268 2203 1323 discedant

546 1351 772 1418 itinere,
821 1355 1102 1426 quodque
1152 1356 1474 1427 praecipitia
1506 1357 1805 1413 incedant.
1842 1360 2052 1411 Verum
2103 1357 2202 1413 illa

548 1457 693 1497 sane
718 1443 1022 1509 animalia,
1046 1461 1116 1500 ea
1144 1461 1277 1517 quas
1305 1445 1529 1501 habent
1551 1462 1587 1501 a
1618 1453 1830 1502 natura
1854 1447 2158 1517 possident
2184 1462 2198 1511 ;

540 1530 684 1602 justi
724 1538 942 1597 veroet
979 1540 1318 1604 peccatores
1353 1551 1389 1590 a
1423 1535 1742 1590 voluntate.
1782 1535 1920 1591 Ideo
1957 1551 2199 1607 quoque

546 1619 625 1674 illi
654 1619 1039 1690 honorantur,
1069 1624 1157 1678 isti
1180 1627 1378 1678 autem
1407 1624 1748 1695 puniuntur.
1780 1624 1996 1680 Dividit
2018 1625 2197 1680 etiam

545 1725 646 1768 eos
674 1725 794 1766 non
819 1712 986 1782 quod
1013 1712 1258 1769 testibus
1285 1719 1470 1781 egeat,
1499 1714 1626 1786 ipse
1653 1715 1810 1770 enim
1841 1714 2002 1770 testis
2029 1719 2119 1769 est
2142 1718 2200 1769 et

539 1799 742 1870 judex.

615 1889 775 1944 Vers.
809 1891 894 1946 34.
943 1893 1102 1947 Tunc
1137 1925 1203 1933 —
1240 1893 1469 1950 mundi.
1513 1895 1556 1948 Ο
1597 1909 1804 1950 vocem
1836 1893 2193 1965 optabilem:

545 1993 581 2032 ο
619 1976 909 2034 honorem
947 1980 1346 2038 ineffabilem!
1387 1983 1706 2045 Benedicti,
1740 1984 1948 2056 inquit,
1998 1984 2200 2039 Patris

545 2068 697 2125 mei:
748 2067 993 2132 laudati,
1037 2069 1219 2124 electi.
1283 2075 1405 2127 Non
1439 2071 1578 2126 dixit
1619 2078 1858 2128 autem:
1916 2072 2196 2144 Accipite,

550 2157 674 2222 sed,
713 2159 1032 2224 Possidete,
1062 2165 1359 2232 tanquam
1400 2167 1730 2233 paternum,
1782 2167 2069 2235 tanquam
2097 2163 2200 2218 de-

548 2245 762 2311 bitum,
795 2253 1081 2320 tanquam
1109 2260 1502 2322 praeparatum
1533 2253 1696 2307 vobis
1729 2268 1763 2306 a
1787 2252 2200 2307 constitutione

552 2337 782 2392 mundi.
811 2337 1164 2411 Priusquam
1188 2340 1347 2395 enim
1367 2341 1638 2396 homines
1664 2341 1889 2403 tierent,
1924 2345 2201 2412 paratum

551 2425 897 2496 cratjustis,
931 2435 1321 2497 cognoscente
1366 2430 1484 2484 Deo
1530 2429 1696 2501 quod
1740 2429 2007 2485 futurum
2056 2433 2200 2484 erat.

555 2514 777 2571 Deinde
810 2517 950 2573 dicit
980 2522 1037 2574 et
1065 2535 1311 2574 causam
1344 2520 1489 2575 tanti
1520 2518 1783 2574 honoris.

628 2623 792 2678 Vers.
825 2628 912 2680 35.
945 2625 1190 2681 Esurivi
1214 2657 1281 2666 —
1307 2628 1464 2681 Vers.
1497 2631 1582 2682 36.
1613 2626 1692 2681 ad
1713 2642 1820 2682 me.
1841 2627 1984 2683 Hinc
2016 2627 2202 2684 mani-

553 2711 772 2768 festum
805 2719 911 2776 est,
942 2714 1103 2786 quod
1131 2715 1207 2770 ad
1239 2715 1395 2771 solos
1436 2716 1797 2772 Christianos
1837 2719 2014 2774 verba
2045 2718 2201 2784 facit,

551 2800 629 2854 ad
681 2817 834 2871 quos
869 2803 1162 2873 Evangelii
1209 2804 1298 2858 sui
1330 2810 1616 2876 praecepta
1660 2806 1815 2862 facta
1864 2812 2020 2862 sunt.
2056 2810 2202 2862 Nam

550 2888 627 2944 ad
655 2888 921 2944 inﬁdeles
944 2891 1143 2945 nullus
1165 2897 1301 2947 tunc
1331 2895 1438 2948 erit
1471 2894 1520 2948 ei
1553 2911 1781 2962 sermo;
1806 2912 2013 2950 omnes
2041 2896 2200 2952 enim

547 2976 723 3031 simul
758 2993 860 3049 per
891 2996 952 3034 se
1001 2980 1379 3036 condemnati
1425 2995 1614 3038 erunt.
1653 2985 1788 3039 Ideo
1830 2985 1987 3040 enim
2018 2984 2194 3041 dicit:

544 3067 679 3121 Non
707 3075 1014 3137 resurgant
1049 3069 1215 3139 impii
1245 3072 1306 3126 in
1331 3071 1560 3141 judicio
1586 3074 1654 3139 ⁷⁸,
1690 3074 1802 3128 hoc
1835 3080 1944 3138 est,
1976 3091 2094 3130 non
2117 3091 2201 3130 re-

2227 1803 2280 1863 B

2317 562 2535 612 στιανῶν
2586 550 2645 605 δὲ
2696 561 2863 626 μόνων
2919 557 2943 607 ό
2993 556 3143 626 λόγος
3215 555 3453 625 ἐνταῦθα,
3522 560 3589 618 ὡς
3645 564 3920 632 κατωτέρω

2316 639 2525 700 δηλωθὴ
2538 663 2699 698 σεται.

2388 755 2487 803 Καὶ
2530 781 2599 790 -
2651 751 2940 823 εὐωνύμων.
2999 750 3287 824 Προϐάτοις
3316 756 3403 825 μὲν
3434 755 3483 805 οἱ
3541 750 3741 808 δίκαιοι
3778 776 3920 832 παρ-

2315 839 2609 898 εικαζονται
2663 837 2756 892 διὰ
2808 845 2864 892 τό
2923 848 3086 915 πρᾶον
3152 847 3241 894 καὶ
3300 846 3544 895 εὔτακτον
3593 850 3682 897 ναὶ
3725 866 3921 920 καρπο-

2315 933 2465 999 φόρον
2523 932 2570 980 ἓν
2628 928 2852 1003 ἀρεταῖς,
2909 933 2973 991 ὡς
3029 930 3195 984 ἐκεῖνα
3243 932 3292 984 ἐν
3344 932 3566 1003 γαλακτι
3616 939 3706 987 καὶ
3755 934 3913 1008 ἐρίῳ·

2313 1016 2505 1090 ἐρίφοις
2555 1015 2613 1070 δὲ
2647 1022 2694 1070 οἱ
2742 1020 3038 1094 ἁμαρτωλοὶ
3079 1017 3172 1073 διὰ
3217 1026 3274 1073 τό
3319 1024 3501 1094 ἄγριον
3553 1028 3642 1074 καὶ
3691 1025 3918 1078 ἄτακτον

2312 1112 2401 1158 καὶ
2444 1109 2694 1179 ἄκαρπον.
2751 1113 2931 1169 Εῖποις
2961 1106 3013 1161 δ’
3043 1108 3124 1176 ἂν,
3167 1115 3256 1162 καὶ
3289 1108 3386 1163 διά
3432 1115 3490 1164 τὸ
3543 1109 3787 1175 δυσῶδες
3823 1125 3920 1178 τῆς

2312 1196 2586 1270 ἁμαρτίας,
2641 1203 2729 1250 καὶ
2778 1195 2870 1250 διὰ
2917 1202 2974 1250 τό
3028 1204 3098 1270 μὴ
3154 1199 3474 1274 εὐθυπορεῖν,
3528 1199 3658 1253 ἀλλά
3712 1222 3919 1276 παρεγ-

2311 1287 2516 1351 κλίνειν,
2572 1293 2661 1340 καὶ
2707 1285 2801 1339 διὰ
2844 1291 2900 1339 τὸ
2959 1289 3353 1362 κρημνοϐατεῖν.
3409 1290 3544 1343 Ἀλλ’
3594 1294 3761 1344 ἐκεῖνα
3828 1296 3919 1365 μεν

2312 1375 2365 1427 έκ
2402 1381 2603 1447 φύσεως
2648 1382 2885 1448 ἔχουσιν,
2925 1378 2960 1429 ἃ
2998 1382 3247 1448 ἔχουσιν·
3284 1381 3332 1431 οἱ
3383 1376 3442 1432 δι
3497 1377 3698 1433 δίκαιοι
3740 1390 3830 1434 καὶ
3870 1387 3918 1435 οἱ

2311 1465 2606 1539 ἁμαρτωλοὶ
2639 1466 2693 1518 ἐκ
2721 1471 3087 1541 προαιρέσεως.
3131 1472 3218 1521 Διό
3261 1473 3349 1521 καὶ
3400 1471 3449 1521 οἱ
3497 1474 3587 1540 μεν
3643 1480 3914 1542 τιμῶνται,

2311 1557 2360 1605 οἱ
2415 1551 2473 1606 δε
2519 1564 2886 1627 τιμωροῦνται.
2940 1563 3135 1630 Διαιρεῖ
3186 1554 3244 1610 δε
3294 1557 3502 1622 αὐτοὺς,
3558 1559 3616 1611 οὐ
3677 1557 3914 1633 δεόμενος

2309 1648 2605 1718 μαρτύρων,
2659 1644 2763 1696 ἀλλ’
2818 1645 2975 1707 αὑτός
3030 1651 3120 1699 καὶ
3181 1649 3382 1720 μάρτυς
3433 1649 3501 1700 ὢν
3555 1653 3644 1700 καὶ
3710 1656 3906 1725 κριτής.

2378 1918 2505 1967 Τότε
2545 1943 2612 1954 -
2649 1917 2873 1983 κόσμου.
2917 1911 2986 1964 Ὠ
3035 1921 3200 1983 φωνῆς
3245 1911 3581 1974 εὐκταίαςῑὼ
3625 1923 3776 1985 τιμῆς
3804 1913 3890 1989 ἀῤ-

3139 2006 3288 2073 φησὴ

2309 2095 2358 2144 οἱ
2385 2094 2658 2155 ἐπαινετοὶ,
2692 2095 2739 2143 οἱ
2770 2091 3012 2145 ἐκλεκτοί.
3050 2091 3158 2142 Οὐκ
3191 2088 3297 2144 εἶπε
3353 2089 3432 2156 δι,
3493 2093 3710 2160 Λάϐετε,
3764 2093 3907 2156 ἀλλὰ,

2307 2003 2515 2077 prii-oui
2577 2004 2643 2053 Οί
2712 2001 3061 2073 εὐλογημένοι,
3139 2006 3288 2073 φησὶ,
3369 2012 3458 2054 τοῦ
3529 2009 3716 2075 Πατρός
3780 2024 3895 2075 μου,

2314 2182 2767 2253 κληρονομήσατε,
2828 2184 2891 2241 ὡς
2954 2186 3218 2254 πατρῴαν,
3292 2183 3361 2242 ὡς
3437 2181 3786 2253 ὀφειλομένην,
3847 2185 3914 2244 ὡς

2313 2271 2709 2343 ἑτοιμασθεῐσαν
2768 2272 2886 2342 ὑμῖν
2963 2268 3062 2323 ἀπὸ
3126 2272 3432 2332 συστάσεως
3490 2275 3720 2343 κόσμου.
3811 2275 3916 2343 Πρὸ

2314 2371 2404 2414 τοῦ
2454 2362 2694 2432 γενέσθαι
2741 2363 2842 2432 γὰρ
2894 2362 3012 2419 τοὺς
3067 2358 3370 2432 ἀνθρώπους
3427 2360 3750 2431 ηὐτρεπίσθη
3811 2369 3917 2423 τοῖς

2316 2447 2560 2514 δικαίοις,
2611 2456 2953 2520 γινώσκοντος
3011 2457 3100 2500 τοῦ
3157 2456 3286 2502 Θεοῦ
3337 2453 3391 2499 τό
3428 2447 3624 2518 μέλλον.
3663 2446 3793 2500 Εἶτα
3833 2449 3913 2502 λέ-

2313 2558 2392 2610 γει
2420 2544 2510 2591 καὶ
2536 2544 2628 2596 την
2668 2538 2842 2590 αἰτίαν
2866 2545 2955 2597 τῆς
2981 2541 3241 2599 τοσαύτης
3277 2544 3446 2606 τιμῆς.

2387 2630 2665 2681 Ἐπείνασα
2717 2658 2784 2669 —-
2849 2633 2975 2699 προς
3042 2646 3129 2698 με.
3214 2625 3462 2678 Ἐντεῦθεν
3537 2628 3745 2698 φανερόν
3820 2627 3904 2677 ότι

2314 2721 2439 2790 πρὸς
2496 2722 2610 2778 τοὺς
2654 2719 2999 2791 Χριστιανοὺς
3037 2721 3222 2788 μόνους
3277 2711 3589 2786 διαλέγεται,
3641 2717 3771 2788 πρὸς
3820 2713 3940 2782 οὓς⁵

2315 2810 2369 2859 αἱ
2430 2815 2518 2859 τοῦ
2583 2806 2901 2877 Εὑαγγελίου
2951 2806 3107 2857 αὑτοῦ
3163 2811 3440 2876 γεγόνασιν
3503 2804 3719 2858 ἐντολαί.
3776 2807 3915 2878 Πρός

2310 2899 2411 2971 γὰρ
2472 2900 2590 2958 τοὺς
2657 2895 2908 2957 ἀπίστους
2963 2891 3131 2954 οὐδεὶς
3183 2894 3323 2964 αὐτῴ
3386 2902 3672 2952 τηνικαῦτα
3731 2893 3910 2966 λόγος·

2311 2987 2532 3048 ἅπαντες
2602 2988 2702 3059 γάρ
2769 2993 2949 3046 κοινῶς
3012 2983 3448 3058 αὐτοκατάκριτοι
3521 2987 3744 3037 ἔσονται.
3819 2986 3914 3036 Διά

2310 3084 2460 3128 τοῦτο
2513 3078 2637 3147 γὰρ,
2709 3079 2884 3146 φησὶν,
2941 3073 3050 3126 Οὐκ
3135 3072 3523 3131 ἀναστήσονται
3582 3072 3784 3136 ἀσεϐεῖς
3860 3071 3909 3124 ἐν

546 3160 789 3225 surgent
823 3163 883 3212 ut
904 3157 1267 3229 judicentur,
1295 3161 1397 3216 sed
1431 3168 1488 3216 ut
1520 3163 1862 3234 puniantur.
1895 3164 2198 3237 Siquidem

2313 3170 2498 3239 κρίσει,
2530 3168 2795 3217 τουτέστιν
2833 3163 2928 3214 οὐκ
2974 3161 3358 3222 ἀναστήσονται
3410 3163 3490 3216 ἐπὶ
3539 3172 3608 3233 τῷ
3648 3165 3912 3238 κριθῆναι,

547 3245 932 3302 manifestum
983 3253 1070 3304 est
1110 3250 1285 3305 etiam
1333 3253 1605 3324 superius
1637 3255 1705 3319 7°,
1739 3254 1903 3326 quod
1951 3255 2198 3327 quando

547 3335 855 3407 apparebit
885 3337 1122 3406 signum
1150 3340 1536 3398 Filiihominis
1565 3342 1623 3397 in
1654 3343 1824 3408 cmlo,
1859 3350 2001 3399 tunc
2019 3346 2199 3414 ptan-

545 3431 683 3495 gent
716 3441 912 3483 omnes
944 3428 1133 3484 tribus
1165 3433 1350 3498 terra,
1384 3432 1576 3487 solam
1605 3433 1886 3488 habentes
1913 3434 2200 3490 condem-

547 3520 790 3571 nantem
823 3518 1267 3573 conscientiam.
1321 3523 1486 3576 Nunc
1520 3538 1662 3591 ergo
1705 3523 1778 3576 ad
1810 3523 2198 3591 Christianos,

548 3608 608 3659 ut
644 3603 925 3669 diximus,
960 3623 1158 3662 sermo
1208 3615 1315 3664 est.
1352 3609 1493 3664 Vide
1525 3616 1724 3665 autem
1776 3611 2077 3681 quomodo
2127 3613 2200 3668 de

551 3692 677 3747 sola
694 3694 1067 3749 humanitate
1085 3696 1206 3750 sive
1226 3713 1428 3751 amore
1447 3715 1587 3769 erga
1606 3700 1910 3769 proximos
1927 3700 2200 3770 disserat,

549 3786 606 3837 et
635 3781 711 3835 ab
738 3783 849 3837 hac
882 3783 1212 3854 solajustos
1238 3785 1463 3840 honore
1490 3787 1701 3856 dignos
1726 3788 1970 3858 judicet,
1994 3806 2202 3860 pecca-

548 3874 708 3924 tores
731 3885 871 3926 vero
895 3872 1206 3943 supplicio.
1228 3877 1351 3928 Non
1372 3877 1533 3946 quod
1562 3882 1770 3932 cietera
1795 3877 2201 3950 veljustorum

548 3959 708 4014 bona
734 3975 933 4032 opera,
965 3961 1058 4015 vel
1089 3968 1468 4033 peccatorum
1501 3964 1713 4022 delicta
1745 3965 1868 4021 sine
1901 3968 2202 4027 examina-

550 4047 707 4104 tione
749 4049 842 4105 vel
878 4049 1247 4108 discussione
1292 4053 1682 4126 relinquenda
1732 4057 1876 4112 sint:
1928 4060 2201 4117 omnium

551 4139 846 4210 siquidem
888 4145 1102 4198 cuncta
1141 4142 1396 4215 inquiret
1450 4149 1505 4200 et
1543 4161 1746 4217 Opera,
1789 4152 1843 4203 et
1896 4149 2094 4213 verba,
2147 4154 2202 4206 et

550 4227 960 4297 cogitationes,
1006 4234 1071 4286 ut
1103 4231 1356 4304 ipsemet
1402 4232 1732 4308 frequenter
1782 4253 1891 4294 sua
1931 4237 2201 4296 doctrina

550 4317 970 4384 manifestavit,
1013 4325 1070 4378 et
1111 4337 1146 4378 a
1181 4322 1381 4380 multis
1424 4323 1641 4380 divinas
1697 4326 2006 4398 Scriptura
2053 4328 2200 4386 locis

550 4404 854 4474 discimus,
878 4413 934 4464 et
954 4407 1130 4465 bonis
1152 4410 1396 4482 quidem
1429 4412 1706 4483 operibus
1729 4416 1976 4482 praemia
1998 4433 2201 4488 repen-

2311 3254 2418 3307 ἀλλ’
2455 3255 2535 3307 ἐπὶ
2578 3264 2649 3325 τῷ
2702 3254 3082 3327 τιμωρηθῆναι.
3129 3256 3227 3306 Καὶ
3266 3257 3367 3327 γὰρ
3412 3258 3501 3305 καὶ
3547 3252 3782 3326 ἀνωτέρω
3830 3249 3912 3306 δε·

2313 3340 2540 3402 δηλωκεν
2597 3345 2695 3407 ὁτι,
2729 3344 2811 3395 ὅτε
2873 3348 3159 3414 φανήσεται
3195 3345 3252 3394 τὸ
3287 3350 3500 3415 σημεῖον
3538 3351 3627 3396 τοῦ
3661 3345 3782 3396 Υἰοῡ
3822 3349 3914 3395 τοῦ

2313 3433 2583 3508 ἀνθρώπου
2645 3433 2694 3486 έν
2746 3442 2815 3503 τῷ
2873 3432 3096 3506 οὐρανῷ,
3146 3436 3260 3484 τότε
3327 3432 3576 3503 κόψονται
3638 3439 3808 3486 πᾶσαι
3859 3434 3914 3485 αἱ

2314 3524 2466 3596 φυλαὶ
2542 3531 2636 3585 τῆς
2698 3531 2817 3594 γῆς,
2892 3527 3042 3593 μόνον
3114 3526 3171 3574 τό
3239 3519 3475 3584 συνειδὸς
3556 3519 3913 3582 καταδικάζον

2313 3616 2536 3683 ἔχοντες.
2595 3620 2699 3666 Νῦν
2748 3609 2806 3664 δι
2869 3615 2994 3687 πρός
3043 3614 3157 3670 τοὺς
3192 3615 3556 3682 Χριστιανοὺς,
3593 3613 3661 3670 ώς
3695 3613 3909 3681 ἔφημεν,

2313 3704 2338 3754 ό
2378 3702 2546 3772 λόγος.
2609 3702 2744 3774 Ὀρα
2793 3699 2851 3753 δι
2885 3711 2990 3760 πῶς
3027 3703 3138 3770 περὶ
3179 3703 3339 3768 μόνης
3384 3705 3474 3757 τῆς
3525 3695 3912 3768 φιλανθρωπίας

2314 3789 2625 3863 διαλέγεται,
2678 3796 2766 3842 καὶ
2807 3790 2905 3842 ἀπὸ
2944 3793 3094 3860 μόνης
3133 3789 3326 3848 ταύτης
3373 3788 3493 3845 τοὺς
3531 3788 3619 3856 μιν
3663 3780 3906 3844 δικαίους

2314 3880 2448 3944 ἀξιοί
2492 3889 2664 3953 τιμῆς,
2705 3885 2820 3940 τοὺς
2875 3875 2931 3932 δε
2975 3876 3310 3951 ἁμαρτωλοὺς
3350 3878 3601 3948 τιμωρίας
3629 3890 3641 3901 ⁸
3689 3872 3794 3944 οὐχ
3837 3874 3910 3934 ὡς

2311 3974 2374 4024 τὰ
2415 3971 2568 4026 λοιπά
2610 3979 2706 4021 τῶν
2758 3966 2975 4022 δικαίων
3014 3970 3102 4040 μεν
3155 3967 3552 4040 κατορθώματα,
3593 3971 3690 4015 τῶν
3746 3961 3912 4036 ἀμαρ-

2312 4061 2480 4114 τωλὼν
2559 4057 2616 4112 δὲ
2682 4057 3119 4129 πλημμελήματα,
3193 4051 3333 4127 δίχα
3395 4055 3550 4126 λόγου
3614 4050 3915 4104 καταλιπεῖν

2311 4150 2536 4224 μέλλων·
2593 4151 2793 4201 πάντων
2843 4149 2944 4221 γὰρ
2991 4147 3216 4208 ἐξετάσει
3264 4147 3452 4208 πάντα,
3510 4147 3598 4194 καὶ
3637 4145 3729 4203 τὰς
3779 4142 3916 4212 πρά-

2314 4241 2430 4309 ξεις,
2459 4242 2697 4300 καὶτοὺς
2734 4237 2938 4308 λόγους,
2985 4240 3074 4288 καὶ
3127 4237 3216 4296 τὰς
3257 4235 3586 4306 ἐνθυμήσεις,
3637 4234 3701 4292 ὡς
3759 4230 3918 4292 αὐτός

2310 4349 2362 4382 τι
2414 4329 2681 4400 πολλαχοῦ
2760 4333 2854 4388 τῆς
2912 4325 3094 4377 ἑαυτοῦ
3151 4320 3501 4383 διδασκαλίας
3559 4321 3778 4393 ἐνέφηνε,
3827 4324 3918 4373 καὶ

2312 4419 2632 4490 πολλαχόθεν
2681 4424 2773 4478 τῆς
2825 4417 2964 4477 θείας
3012 4420 3217 4486 Γραφῆς
3261 4415 3583 4485 μανθάνομεν
3617 4428 3628 4441 ·
3676 4415 3763 4462 καὶ
3817 4417 3919 4461 τῶν

552 4493 668 4562 det,
698 4495 922 4552 delictis
966 4503 1164 4554 autem
1198 4515 1434 4568 poenas.
1466 4502 1574 4558 Sed
1612 4518 1770 4559 nunc
1804 4506 1878 4559 de
1909 4504 2036 4561 sola
2065 4505 2200 4573 hac,

2313 4512 2401 4582 μὲν
2457 4508 2871 4581 κατορθωμάτων
2922 4506 3079 4576 τιμὰς
3139 4498 3426 4566 ἀποδώσει,
3485 4509 3582 4553 τῶν
3641 4496 3698 4552 δι
3745 4499 3918 4571 πλημ-

554 4587 620 4638 ut
644 4582 866 4638 dictum
899 4589 1003 4651 est,
1045 4586 1254 4642 virtute
1294 4588 1546 4656 disserit,
1580 4591 1931 4648 confirmare
1971 4593 2201 4659 volens,

555 4671 721 4742 quod
747 4671 907 4728 hanc
938 4675 1199 4733 maxime
1221 4679 1477 4750 requirit,
1514 4685 1570 4736 et
1592 4680 1749 4738 hanc
1777 4699 1886 4754 pra:
1917 4683 2203 4740 omnibus

555 4761 791 4832 expetit,
851 4767 1043 4832 utpote
1092 4765 1432 4824 Christianis
1482 4771 1741 4828 maxime
1779 4773 2202 4830 necessariam.

556 4849 853 4922 Cujusque
877 4851 1034 4907 enim
1068 4853 1380 4913 Christiani
1404 4858 1637 4929 insigne
1657 4876 1780 4932 quo
1806 4861 2076 4932 dignosci
2104 4880 2207 4936 po-

555 4941 690 5004 test,
732 4946 817 4993 est
847 4938 1100 4998 dilectio.
1135 4944 1204 5001 In
1240 4945 1362 5018 hoc,
1415 4949 1606 5020 inquit
1633 4958 2204 5022 cognoscent‘omnes

555 5026 716 5106 quod
762 5028 876 5086 mei
910 5030 1192 5104 discipuli
1219 5035 1366 5102 sitis,
1398 5037 1450 5092 si
1473 5036 1837 5095 dilectionem
1881 5040 2206 5099 habueritis

553 5117 713 5172 inter
737 5133 835 5174 vos
862 5127 1118 5178 mutuam
1153 5125 1218 5180 ⁸ο.
1256 5127 1440 5200 Hujus
1466 5130 1667 5182 autem
1699 5130 1926 5201 optima
1953 5148 2093 5203 pars
2120 5138 2208 5192 est

555 5220 885 5291 pauperum
913 5227 1103 5276 amor,
1139 5219 1192 5268 et
1237 5230 1377 5284 erga
1415 5215 1758 5286 proximum
1801 5219 2208 5280 misericordia

557 5311 625 5350 ac
655 5301 1010 5370 compassio,
1037 5302 1209 5372 juxta
1240 5303 1581 5373 Gregorium
1613 5306 1998 5377 Theologum.
2037 5311 2208 5372 Nulla

627 5422 674 5457 ⁷⁸
707 5423 861 5480 Psal.
890 5439 928 5492 1,
966 5429 1016 5480 5.
1045 5426 1091 5460 τ’
1123 5426 1316 5482 Matth.
1352 5444 1508 5497 xxxv,
1546 5434 1633 5487 30.
1667 5432 1714 5467 ⁸ο
1735 5432 1909 5491 Joan.
1943 5452 2067 5504 xui,
2109 5441 2196 5494 35.

2314 4598 2618 4672 μελημάτών
2664 4600 2952 4668 τιμωρίας·
2992 4591 3119 4644 ἀλλά
3168 4599 3255 4642 νῦν
3302 4595 3422 4664 περὶ
3483 4595 3643 4663 μόνης
3701 4592 3916 4655 ταύτης,

2315 4691 2378 4748 ὡς
2445 4691 2664 4759 εἴρηται,
2722 4681 3036 4755 διαλέγεται,
3110 4679 3411 4754 βαϐαιῶσαι
3453 4678 3783 4752 ’βουλόμενος
3840 4679 3920 4730 ὅτι

2314 4780 2503 4834 ταύτην
2561 4775 2793 4848 μάλιστα
2870 4777 3034 4838 ζητεῖ,
3106 4775 3194 4822 καὶ
3264 4771 3458 4826 ταύτην
3537 4768 3747 4822 ἀπαιτεῖ
3817 4770 3919 4842 πρὸ

2315 4869 2538 4931 πάντων,
2590 4869 2658 4926 ὡς
2699 4863 3112 4935 ἀναγκαιοτάτην
3174 4865 3526 4934 Χριστιανοῖς,
3575 4866 3920 4930 Χαρακτηρι-

2319 4959 2495 5010 στικὸν
2549 4957 2636 5028 μεν
2694 4953 2792 5027 γάρ
2855 4957 3172 5028 Χριστιανοῡ
3238 4951 3429 5009 παντὸς
3487 4946 3780 5020 ἡ-ἀγάπη·
3841 4946 3920 5001 Ἐν

2314 5048 2481 5117 τούτῳ
2574 5047 2696 5119 γάρ,
2783 5048 2935 5116 φησὶ,
3011 5044 3298 5112 γνώσονται
3383 5039 3568 5098 πάντες
3646 5039 3726 5090 ὅτι
3804 5036 3918 5110 ἐμοὶ

2317 5138 2548 5208 μαθηταί
2628 5133 2761 5200 ἐστε,
2813 5131 2896 5185 ἐὰν
2973 5129 3182 5202 ἀγάπην
3258 5129 3418 5201 ἔχητε
3477 5130 3588 5199 (69)
3658 5127 3708 5180 ἓν
3767 5125 3920 5184 ἀλλή.

2315 5226 2466 5290 λοιςῄ
2498 5226 2692 5285 ταύτης
2747 5219 2803 5274 δὲ
2852 5225 2906 5274 τό
2952 5221 3232 5293 κράτιστον
3290 5219 3320 5276 ἠ
3380 5216 3713 5290 φιλοπτωχία
3754 5219 3843 5268 καὶ
3888 5217 3917 5274 ἡ

2316 5317 2432 5388 περὶ
2479 5316 2536 5365 τό
2582 5299 2820 5384 συγγενέες
2869 5309 3234 5382 εὖσπλαγχνία
3285 5311 3375 5359 καὶ
3445 5308 3745 5379 συμπάθεια
3789 5306 3925 5360 κατά

1781 5560 2004 5629 νοτία)
2037 5563 2368 5640 lectiones
2409 5571 2474 5631 et
2496 5570 2696 5630 notat:

603 5716 746 5802 ⁵(69)
776 5715 977 5790 Ἔχετε,
1009 5727 1071 5775 Α.
1151 5793 1154 5798 1
1229 5769 1232 5772 .
