4198 6472
608 384 718 445 643

1919 378 2273 443 ΕΠἹὙΗΜῙῙ
2309 376 2522 443 ΖΙΘΑΒ
2530 378 2645 443 ENI

3886 388 3999 451 644

613 528 751 571 vero
780 512 943 585 apud
974 528 1108 569 eum
1140 511 1201 569 in
1230 510 1405 584 cujus
1432 511 1618 569 domo
1643 511 1931 570 intratum
1961 515 2052 568 est
2079 526 2237 568 ccsns

2346 507 2444 567 ,δι
2490 515 2585 572 τὴν
2622 505 3090 583 τρισκαιδεκάτην,
3138 506 3263 583 παρ’
3300 508 3339 581 ᾧ
3399 511 3459 563 τὸ
3498 508 3817 589 έστρωμένον
3861 514 3995 571 ἀνά-

610 602 835 668 culum,
862 601 1042 659 veluti
1074 602 1256 674 paulo
1289 607 1420 674 post
1445 601 1956 659 demonstrabitur
1988 618 2000 657 ε
2032 601 2271 658 decimo

606 697 817 765 quarto
837 698 1038 748 autem
1061 692 1263 748 incidit
1285 690 1531 749 Pascha.
1554 691 1707 748 Dixit
1732 697 1932 748 autem
1954 691 2069 748 hoc
2091 691 2270 762 signi-

606 781 798 838 ﬁcans
830 782 1234 855 propinquam
1267 797 1393 837 esse
1426 786 1679 837 mortem
1712 797 1882 837 suam
1913 798 1927 848 ;
1956 797 2102 837 nam
2136 782 2267 854 ipso

606 871 816 942 legalis
847 872 1090 927 Pascha:
1120 877 1386 943 tempore
1414 886 1702 943 passurus
1721 876 1848 927 erat
1877 875 1932 927 et
1962 872 2107 943 ipse.
2137 873 2265 928 Non

607 966 814 1018 autem
844 960 1187 1033 simpliciter
1214 960 1364 1016 dixit
1396 977 1409 1015 :
1452 961 1749 1021 Traditur.
1784 959 1889 1015 sed
1919 959 2167 1025 addidit,
2199 966 2265 1016 ut

605 1051 1017 1121 cruciﬁgatur.
1032 1050 1246 1105 Judmis
1258 1049 1416 1105 enim
1430 1056 1629 1122 aperte
1653 1050 1900 1121 quidem
1912 1049 2165 1105 traditus
2176 1054 2265 1106 est

604 1144 741 1211 post
768 1154 955 1195 unum
989 1138 1162 1206 diem,
1195 1138 1463 1195 videlicet
1489 1138 1722 1195 decimo
1750 1139 1939 1195 tertio.
1971 1138 2117 1193 Nam
2146 1138 2262 1196 hoc

602 1228 805 1285 adhuc
831 1229 1095 1295 durante,
1132 1234 1456 1301 postquam
1496 1243 1631 1284 cum
1668 1226 1969 1299 discipulis
2009 1227 2262 1299 mystica

598 1332 773 1375 caena
792 1317 1361 1385 communicaverat,
1393 1316 1645 1373 traditus
1675 1322 1761 1373 est
1784 1316 2257 1384 insidiatoribus;

597 1411 662 1464 ut
686 1412 890 1464 autem
910 1406 1372 1477 cruciﬁgeretur,
1396 1406 1649 1463 traditus
1671 1411 1761 1463 est
1775 1411 1905 1478 post
1929 1406 2084 1463 duos
2102 1405 2255 1472 dies,

594 1496 995 1553 duodecimun
1039 1496 1262 1553 scilicet
1290 1512 1361 1552 ac
1403 1496 1707 1553 decimum
1758 1495 2011 1551 tertium.
2046 1495 2128 1551 De
2155 1496 2255 1552 de-

592 1588 753 1643 cimo
780 1592 991 1659 quarto
1010 1587 1172 1643 enim
1203 1585 1351 1642 dixit
1378 1585 1756 1656 Evangelista
1780 1603 1794 1641 :
1817 1585 1978 1642 Tum:
2002 1585 2254 1643 absolvit

588 1676 712 1733 illis
739 1676 1069 1734 Barabbam
1109 1692 1122 1743 ;
1165 1677 1358 1733 Jesum
1394 1684 1583 1733 autem
1600 1676 1862 1748 ﬂagellis
1891 1690 2101 1733 casum
2134 1681 2255 1732 tra-

590 1765 747 1826 didit
770 1772 834 1825 ut
864 1768 1318 1840 cruciﬁgeretur
1346 1766 1391 1803 ⁸¹
1408 1808 1424 1825 .

668 2068 831 2130 Vers.
869 2069 1034 2130 Tunc
1054 2070 1386 2145 congregati
1404 2076 1538 2129 sunt
1554 2102 1623 2112 —
1640 2070 1797 2127 Vers.
1822 2071 1875 2127 4.
1899 2069 2247 2129 occiderent.

592 2159 739 2218 Cum
783 2161 878 2218 lex
911 2162 1167 2234 juberet,
1219 2167 1286 2218 ut
1330 2178 1483 2217 unus
1536 2160 1814 2235 princeps
1862 2160 2249 2217 sacerdotum

586 2252 1040 2309 constitueretur
1070 2252 1267 2324 quoad
1296 2252 1537 2317 viveret,
1586 2250 1702 2307 hoc
1749 2257 1945 2308 autem
1984 2254 2243 2316 mortuo,

581 2340 729 2397 alter
756 2340 889 2398 loco
915 2342 1046 2413 ejus
1076 2345 1399 2412 crearetur,
1425 2340 1613 2397 Judaei
1661 2339 1858 2411 legem
1884 2342 2243 2404 everterunt,

582 2433 641 2486 et
666 2445 935 2488 annuam
964 2430 1226 2488 fecerunt
1261 2430 1483 2488 summi
1509 2428 1824 2486 sacerdotii
1866 2427 2242 2498 dignitatem.

584 2516 747 2574 Unde
805 2518 1123 2575 verisimile
1152 2524 1241 2575 est
1297 2517 1463 2591 quod
1508 2516 1679 2573 multi
1724 2521 1861 2573 tunc
1907 2521 2093 2585 erant,
2146 2516 2243 2590 qui

583 2623 826 2665 summo
852 2607 1037 2665 functi
1059 2608 1294 2665 fuerant
1318 2605 1668 2674 sacerdotio,
1698 2606 1802 2662 sed
1836 2607 1965 2678 jam
1985 2608 2243 2680 comple-

580 2701 794 2750 verant
810 2694 1200 2751 ministerium
1231 2696 1397 2768 quod
1423 2694 1882 2764 fuerantsortiti,
1904 2712 2058 2770 quos
2084 2712 2242 2753 nunc

583 2782 885 2856 principes
900 2785 1275 2840 sacerdotum
1298 2783 1675 2854 Evangelista
1712 2785 2061 2842 nominavit.
2094 2786 2243 2843 Scri-

584 2869 690 2927 bas
728 2876 931 2927 autem
964 2871 1101 2929 dicit
1128 2871 1274 2943 legis
1302 2871 1579 2930 doctores
1621 2891 1638 2941 ;
1673 2874 1936 2931 seniores
1965 2890 2105 2931 vero
2137 2892 2241 2948 po-

584 2959 733 3033 puli,
766 2960 1048 3033 antiquos
1086 2976 1157 3018 ac
1187 2961 1573 3035 sapientiores
1625 2964 1765 3035 :qui
1807 2979 2017 3020 omnes
2062 2964 2241 3023 simul

586 3056 727 3106 tunc
757 3052 1095 3122 congregati
1126 3057 1264 3109 sunt
1291 3052 1371 3109 ad
1401 3052 1752 3126 Caiapham,
1780 3054 1884 3127 qui
1915 3059 2057 3111 tunc
2082 3061 2238 3113 sorte

586 3139 1007 3213 pontiﬁcatum
1051 3142 1442 3213 gubernabat,
1493 3143 1573 3200 ab
1602 3144 1717 3201 hoc
1763 3144 2022 3201 volentes
2061 3146 2238 3203 caadis

2380 621 2544 673 γαιον,
2587 604 2657 663 ὡς
2703 601 2811 673 μετ’
2858 599 2917 653 ού
2963 600 3092 653 πολὺ
3140 596 3492 672 δειχθήσεται
3517 621 3530 635 ·
3560 606 3697 656 κατὰ
3725 609 3821 665 τὴν
3866 626 3991 661 τεσ-

2380 686 2865 765 σαρεσκαιδεκάτην
2916 684 2974 741 δε
3024 692 3083 741 τὸ
3143 689 3345 760 Πάσχα
3393 691 3691 748 συνέπεσεν.
3742 690 3871 749 Εἶπε
3928 692 3990 750 δε

2374 788 2544 847 τοῦτο,
2605 784 2870 852 σημαίνων
2918 778 3074 850 ἔγγὺς
3120 775 3283 831 οὖσαν
3328 782 3421 837 την
3474 779 3661 833 ἑαυτοῦ
3722 782 3984 845 τελευτήν.

2376 870 2460 925 Ἐν
2509 870 2648 940 αὐτῷ
2686 871 2786 943 γὰρ
2831 876 2902 939 τῷ
2950 876 3117 941 καιρῷ
3149 874 3241 920 τοῦ
3286 876 3503 940 νομικοῦ
3547 872 3750 945 Πάσχα
3799 877 3986 929 παθεῖν

2373 958 2543 1032 ἔμελλε
2594 963 2683 1011 καὶ
2732 957 2909 1019 αύτός.
2958 956 3069 1009 Οὐκ
3126 952 3234 1010 εἷπε
3283 954 3343 1010 δε
3391 956 3561 1020 ἁπλῶς
3608 962 3690 1013 ὅτι
3742 961 3985 1036 Παραδί-

2374 1044 2546 1113 δοται,
2612 1045 2720 1099 ἀλλ’
2785 1048 2866 1099 ὅτι
2936 1044 3007 1107 εἰς
3062 1048 3120 1098 τὸ
3181 1047 3569 1119 σταυρωθῆναι.
3626 1047 3830 1114 Ἀπλῶς

2368 1140 2471 1210 γὰρ
2537 1132 2807 1211 παρεδόθη
2884 1142 2993 1197 τοῖς
3052 1130 3326 1196 Ἰουδαίοις
3389 1138 3521 1209 μετὰ
3574 1141 3699 1209 μίαν
3759 1142 3980 1215 ἡμέραν,

2369 1229 2535 1297 ἤγουν
2581 1225 2633 1278 έν
2663 1233 2724 1298 τῇ
2754 1220 3195 1301 τρισκαιδεκάτῃ.
3243 1227 3449 1286 Ταύτης
3476 1228 3577 1300 γὰρ
3621 1224 3981 1304 ἐνισταμένης,

2364 1318 2496 1389 μετὰ
2558 1317 2617 1367 τὸ
2681 1322 2997 1373 κοινωνῆσαι
3066 1320 3177 1375 τοῖς
3230 1315 3496 1386 μαθηταῖς
3552 1324 3646 1369 τοῦ
3712 1330 3981 1391 μυστικοῦ

2367 1401 2578 1459 δείπνου
2635 1400 2902 1479 παρεδόθη
2952 1409 3061 1464 τοῖς
3111 1400 3435 1463 έπιϐούλοις”
3478 1402 3548 1465 εἰς
3593 1401 3654 1458 δε
3699 1410 3759 1459 τὸ
3811 1428 3977 1463 σταυ-

2363 1496 2596 1568 ρωθῆναι
2646 1489 2937 1567 παρεδόθη,
3003 1494 3135 1565 μετὰ
3184 1487 3282 1545 δύο
3330 1495 3528 1557 ταύτας
3585 1494 3802 1571 ἡμέρας,
3853 1503 3973 1557 ἤτοι

2362 1587 2495 1658 μετὰ
2548 1589 2643 1643 τὴν
2697 1578 3003 1641 δωδεκάτην
3056 1585 3147 1635 καὶ
3197 1586 3294 1641 τήν
3344 1580 3813 1658 τρισκαιδεκάτην.
3885 1589 3969 1646 Ἐν

2360 1682 2423 1746 τῇ
2489 1667 3039 1748 τεσσαρεσκαιδεκάτη
3095 1672 3197 1745 γὰρ
3261 1676 3419 1743 φησιν
3473 1674 3499 1725 ό
3557 1674 3962 1748 εὐαγγελιστής.

2360 1768 2486 1817 Τότε
2517 1761 2768 1816 ἂπελυσεν
2794 1760 2993 1833 εαύτοῖς
3023 1762 3107 1813 τόν
3158 1759 3431 1836 Βαραϐϐᾶν
3486 1762 3599 1835 (73)
3629 1766 3654 1817 ὁ
3696 1766 3918 1830 Πιλάτος
3938 1782 3954 1798 ⁸

2280 1865 2325 1922 Β
2360 1854 2447 1904 τὸν
2510 1847 2569 1904 δέ
2632 1850 2837 1911 Ἰησοῦν
2904 1848 3241 1925 φραγελώσας
3306 1849 3423 1923 (74)
3481 1848 3785 1927 παρέδωκεν,
3864 1857 3948 1909 ἵνα

2360 1942 2638 2016 σταυρωθῇ
2649 1981 2663 1995 .

2427 2052 2557 2100 Τότε
2623 2048 2972 2119 συνήχθησαν
3035 2076 3090 2088 -
3152 2045 3551 2104 ἀποκτείνωσιν.
3622 2054 3725 2103 ΙΙιοῦ
3797 2054 3957 2125 νόμου

2358 2136 2644 2200 κελεύοντος
2674 2137 2760 2190 ἕνα
2808 2135 3059 2211 ἀρχιερέα
3107 2137 3468 2191 καθίστασθαι
3517 2141 3729 2214 μέχρις
3762 2140 3825 2192 ἄν
3872 2143 3965 2213 ζῇ,

2358 2230 2546 2281 τούτου
2628 2222 2689 2280 δὴ
2745 2224 3160 2292 τελευτήσαντος,
3229 2225 3394 2300 ἕτερον
3461 2224 3962 2301 ἀντικαθίστασθαι,

2356 2317 2657 2391 παρέλυσαν
2703 2311 2954 2370 Ἰουδαῖοι
3007 2317 3093 2367 τὸν
3134 2318 3310 2387 νόμον,
3340 2319 3431 2369 καὶ
3483 2314 3816 2372 ἓνιαυσιαέαν
3869 2323 3965 2378 τὴν

2354 2405 2752 2483 ἀρχιερωσύνην
2804 2404 3077 2465 Iratam.
3139 2403 3291 2458 Ὀθεν
3356 2404 3491 2466 εἰκὸς
3540 2405 3769 2469 πολλοὺς
3835 2406 3965 2462 εἶναι

2352 2500 2475 2558 τούς
2536 2496 3046 2572 ἀρχιερατεύσαντες
3110 2496 3222 2568 μὶν,
3278 2493 3683 2566 πεπληρωκότας
3741 2491 3804 2549 δε
3860 2502 3961 2555 τὴν

2350 2584 2625 2659 λαχοῦσαν
2674 2584 3017 2659 λειτουργίαν,
3072 2584 3159 2645 οῦς
3206 2590 3293 2636 νῦν
3335 2579 3596 2655 ἆρχερεῖς
3643 2582 3673 2635 ό
3732 2582 3954 2656 uia-,7.-

2349 2674 2538 2738 λιστὴς
2588 2674 2843 2747 ὠνόμασε.
2901 2680 3229 2750 Γραμματεῖς
3280 2668 3341 2725 δ⁴ε
3380 2670 3521 2744 λέγει
3559 2674 3683 2735 τοὺς
3730 2670 3953 2747 νομοδι-

2352 2761 2685 2826 δασκάλους’
2780 2762 3160 2839 πρεσϐυτέρους
3251 2758 3309 2815 δί
3403 2768 3497 2815 τοῦ
3591 2761 3745 2830 λαοῦ,
3830 2765 3956 2827 τοὺς

2348 2858 2600 2928 γηραιοὺς
2640 2854 2752 2926 (75)
2783 2857 2873 2906 καὶ
2921 2855 3317 2927 συνετωτέρους,
3343 2852 3394 2905 οἶ
3444 2852 3629 2914 πάντες
3659 2853 3792 2924 ὁμοῦ
3835 2857 3959 2907 τότε

2352 2946 2701 3015 συνήχθησαν
2761 2944 2906 3016 παρὰ
2955 2950 3027 3013 τῷ
3089 2942 3319 3014 Καϊάφᾳ,
3388 2945 3482 2999 τὴν
3554 2940 3952 3016 ἁρχιερωσῦνην

2345 3041 2634 3093 τηνικαῦτα
2691 3031 3057 3105 κεκληρωμένῳ
3123 3031 3239 3103 (76)
3314 3027 3511 3083 διέπειν
3590 3031 3689 3083 ύπό
3763 3032 3950 3083 τούτου

2349 3124 2570 3183 θέλοντες
2599 3125 2657 3175 τὸ
2698 3129 2789 3173 τοῦ
2820 3125 2972 3193 φόνου
3006 3118 3179 3172 λαϐεῖν
3222 3116 3519 3193 ένδόσιμον,
3566 3118 3651 3192 ὑφ’
3690 3118 3752 3172 οὗ
3780 3117 3952 3171 κωλυ-

584 3204 803 3288 ansam
820 3204 1107 3305 capere,'a
1132 3248 1252 3306 quo
1269 3204 1467 3306 potius
1497 3250 1600 3291 eos
1630 3234 1931 3307 prohiberi
1953 3237 2234 3309 oportuit.

2349 3213 2501 3272 θῆναι
2559 3210 2748 3284 μᾶλλον
2798 3209 2984 3285 ἐχρῆν.
3044 3208 3181 3281 Δόλῳ
3252 3205 3312 3262 δι
3368 3210 3626 3283 κράτησεν
3683 3204 3792 3261 εἶπε
3854 3212 3949 3267 τὴν

578 3319 862 3379 Dolosam
916 3328 1119 3379 autem
1166 3323 1704 3396 apprehensionem
1752 3325 1897 3382 dixit
1941 3325 2236 3384 occultam

575 3412 916 3483 captionem
948 3428 960 3467 :
994 3428 1132 3470 eam
1161 3413 1322 3470 enim
1352 3430 1485 3488 quas
1510 3415 1572 3471 in
1622 3416 1943 3489 propatulo
1974 3416 2141 3474 ﬁeret
2170 3416 2235 3473 ti-

570 3500 837 3571 mebant,
886 3508 1128 3576 propter
1167 3503 1299 3575 ejus
1343 3504 1692 3577 discipulos,
1734 3510 1792 3563 et
1820 3522 1924 3565 eos
1954 3509 2055 3580 qui
2086 3506 2232 3565 alias

565 3589 737 3647 illum
769 3592 1195 3664 sequebantur.

638 3680 861 3736 Vers.5.
890 3680 1172 3737 Dicebant
1192 3711 1262 3721 --
1282 3682 1523 3751 populo.
1556 3682 1843 3740 Dicebant
1861 3688 2083 3752 autem,
2103 3688 2230 3744 Non

566 3765 628 3824 in
657 3768 754 3823 die
782 3769 956 3839 festo,
1003 3768 1276 3825 videlicet
1303 3768 1428 3826 ﬁat.
1470 3772 1757 3828 Omnibus
1785 3774 1944 3830 enim
1986 3774 2047 3831 in
2077 3774 2230 3834 festo

566 3854 810 3913 Paschee
849 3858 1118 3932 undique
1172 3860 1546 3931 congregatis
1593 3862 1958 3933 contingeret
2008 3864 2228 3924 multos

565 3946 780 4004 adesse
825 3948 931 4021 qui
966 3951 1168 4005 Iesum
1212 3956 1619 4022 sequerentur.
1664 3952 1955 4012 Preterea
1988 3971 2228 4031 quoque

564 4035 681 4093 nisi
713 4036 939 4095 factum
964 4042 1121 4095 esset
1167 4040 1491 4108 occultum,
1540 4046 1769 4099 certum
1812 4042 1897 4100 eis
1944 4050 2069 4103 erat
2110 4050 2227 4103 tur-

560 4122 832 4184 bandum
858 4128 1165 4201 populum,
1197 4128 1302 4203 qui
1323 4129 1453 4187 illos
1482 4131 1949 4201 abominaretur,
1977 4150 2101 4193 non
2130 4152 2225 4193 so-

557 4214 684 4274 lum
713 4218 882 4291 quod
928 4219 1233 4277 insontem
1278 4220 1654 4290 occidissent,
1704 4224 1812 4279 sed
1842 4223 2024 4282 etiam
2052 4224 2222 4299 quod

553 4306 611 4363 in
637 4306 789 4366 festo
815 4307 1106 4381 fecissent,
1139 4326 1263 4383 quo
1299 4318 1652 4370 consuetum
1704 4317 1831 4373 erat
1854 4314 2036 4372 etiam
2083 4331 2222 4373 con-

551 4396 907 4456 demnatum
927 4399 989 4455 in
1009 4398 1142 4473 ejus
1164 4400 1455 4457 honorem
1476 4401 1806 4461 absolvere.
1846 4405 2046 4477 Itaque
2092 4421 2215 4464 non

2343 3302 2595 3377 λαθραίαν
2660 3301 3025 3371 κατάσχεσιν
3084 3302 3179 3357 τὴν
3239 3300 3342 3373 γὰρ
3408 3298 3463 3351 έκ
3514 3304 3606 3351 τοῦ
3659 3302 3949 3371 προφανοῦς

2344 3390 2696 3463 έφυλάσσοντο
2734 3385 2828 3442 διὰ
2856 3391 2975 3449 τοὺς
3010 3388 3253 3461 μαθητὰς
3282 3388 3441 3441 αὐτοῦ
3481 3392 3571 3441 καὶ
3606 3388 3729 3449 τοὺς
3782 3385 3947 3447 ἄλλως

2344 3479 2587 3553 ἑπομένου
2597 3498 2636 3541 ς.

2411 3604 2620 3677 Ἔλεγον
2676 3634 2744 3644 -
2789 3601 2918 3673 λαῷ,
2980 3598 3187 3673 Ἔλεγον
3248 3597 3328 3668 δε,
3384 3604 3469 3659 Μὴ
3528 3598 3577 3652 ἓν
3634 3607 3697 3673 τῇ
3764 3599 3938 3674 έορτῇ,

2342 3690 2551 3754 δηλαδὴ
2617 3694 2859 3766 γενέσθω.
2918 3698 3125 3745 Παντων
3187 3692 3287 3762 γὰρ
3344 3688 3672 3758 πανταχόθεν
3753 3686 3803 3738 έν
3870 3695 3934 3761 τῇ

2339 3784 2487 3859 έορτῇ
2544 3790 2635 3836 τοῦ
2694 3784 2893 3853 Πάσχα
2943 3777 3353 3849 συνειλεγμένων,
3410 3772 3673 3827 συνέϐαίνε
3714 3772 3937 3835 πολλοὺς

2339 3871 2469 3928 εἶναι
2498 3877 2616 3948 περὶ
2644 3874 2730 3925 τὸν
2782 3871 3002 3940 Ἰησοῦν,
3035 3866 3199 3928 ἄλλως
3245 3884 3299 3919 τε
3344 3868 3457 3934 καὶ,
3489 3866 3558 3939 μὴ
3599 3862 3932 3924 λανθάνόντος

2335 3973 2425 4019 τοῦ
2454 3964 2781 4037 πράγματος,
2832 3960 2927 4014 οῦκ
2980 3952 3379 4035 ἀπροσδόκητον
3433 3950 3494 4015 ἧν
3536 3952 3734 4018 αὐτοῖς,
3771 3971 3937 4030 ταρα-

2333 4056 2536 4128 χθῆναι
2561 4055 2649 4104 τὸν
2705 4050 2848 4116 λαόν,
2905 4049 3253 4123 μυσαχθέντα
3301 4047 3538 4111 τούτους,
3584 4042 3642 4097 ού
3674 4046 3826 4117 μόνον
3856 4043 3941 4095 ὅτι

2335 4144 2500 4197 ἀθῶον
2532 4139 2750 4207 annos,
2800 4138 2907 4191 ἀλλ’
2938 4140 3019 4192 ὅτι
3049 4142 3139 4191 καὶ
3180 4136 3228 4190 ἄν
3272 4143 3335 4209 τῇ
3388 4134 3558 4209 έορτῇ,
3606 4131 3724 4185 καθ’
3756 4134 3817 4192 ἦν
3846 4136 3939 4185 καὶ

2331 4227 2615 4285 κατάδικον
2687 4229 2754 4290 εἰς
2824 4232 2980 4301 τιμὴν
3039 4226 3197 4289 αὐτῆς
3270 4224 3508 4279 ἀπολύειν
3567 4223 3785 4284 σύνηθες
3853 4217 3935 4280 ἦν,

2330 4322 2509 4383 Οὕτως
2557 4319 2615 4373 οὐ
2645 4320 2733 4371 τὸν
2781 4320 2922 4383 Θεὸν,
2976 4315 3105 4369 ἀλλὰ
3148 4318 3264 4376 τοὺς
3308 4313 3611 4391 ἀνθρώπους
3656 4317 3937 4383 πανταχοῦ

2327 4410 2624 4485 φοϐοῦνται.
2675 4407 2814 4463 Ἀλλ’
2844 4406 2888 4460 εἰ
2924 4410 3014 4459 καὶ
3044 4412 3198 4459 τοῦτο
3244 4402 3377 4457 οὕτω
3423 4406 3746 4478 κεκρίκασιν,
3794 4401 3937 4473 ὅμως

549 4485 899 4580 Deum,Ased
938 4488 1216 4547 homines
1260 4490 1479 4565 ubique
1523 4493 1749 4550 timent.
1782 4495 1993 4550 Verum
2022 4510 2213 4568 quan-

2346 4501 2415 4552 ιῦι
2473 4498 2756 4573 ἀνέμειναν,
2812 4494 2915 4549 ἀλλ’
2980 4494 3202 4569 εύρόντες
3250 4496 3336 4545 τὸν
3399 4487 3683 4565 προδότην,
3762 4491 3930 4565 ἣρπα-

549 4591 737 4649 quam
768 4577 851 4633 ita
885 4583 1240 4650 statuerunt,
1279 4596 1405 4637 non
1444 4586 1644 4640 tamen
1685 4589 2205 4658 exspectaverunt,

550 4665 657 4723 sed
702 4664 944 4723 invento
988 4668 1293 4740 proditore
1339 4672 1723 4730 occasionem
1768 4678 2117 4745 rapuerunt,
2151 4679 2209 4732 et

546 4753 778 4812 invidiae
808 4755 973 4812 rabie
1016 4757 1095 4814 ad
1136 4758 1436 4817 insaniam
1468 4762 1795 4834 redigente,
1834 4762 1983 4835 quid
2026 4779 2207 4836 expe-

548 4843 718 4912 diret,
747 4860 868 4903 non
895 4846 1195 4905 viderunt:
1227 4850 1333 4907 sed
1363 4850 1525 4907 hunc
1557 4850 1789 4908 infesto
1823 4852 2203 4912 immolantes

546 4933 759 4992 furoris
786 4936 1283 5009 magnitudinem,
1314 4956 1496 5013 quem
1535 4941 1825 4997 adversus
1851 4957 1989 4999 eum
2034 4959 2200 5016 gere-

543 5020 713 5090 bant,
756 5023 1266 5084 demonstrarunt.
1301 5027 1625 5100 Oportebat
1656 5030 1839 5099 enim,
1874 5033 2198 5105 oportebat,

2323 4609 2417 4643 σαν
2470 4591 2557 4642 τὸν
2610 4590 2791 4660 καιρόν
2845 4583 2977 4657 (77),
3033 4586 3123 4635 καὶ
3189 4587 3282 4642 τῆς
3337 4587 3430 4633 τοῦ
3478 4582 3665 4653 φθόνου
3722 4577 3931 4641 λύσσης

2319 4677 2795 4751 ἀναϐακχευσάσης
2848 4672 3056 4740 αὐτοὺς,
3105 4674 3195 4724 καὶ
3234 4672 3292 4723 τὸ
3339 4673 3604 4743 μσυφέρον
3635 4668 3924 4740 ἠγνόησαν,

2315 4774 2405 4822 καὶ
2463 4766 2513 4819 έν
2562 4774 2623 4839 τῇ
2679 4765 2825 4842 ἑορτῇ
2890 4769 3071 4816 τοῦτον
3122 4761 3527 4824 καταθύσαντες,
3583 4754 3783 4820 ἔδειξαν
3835 4763 3927 4818 τῆς

2314 4855 2431 4910 κατ’
2482 4854 2643 4909 αὐτοῦ
2694 4859 2882 4928 μανίας
2932 4856 3027 4913 τὴν
3082 4848 3390 4924 ὑπερϐολήν.
3448 4844 3596 4902 Ἔδει
3639 4848 3763 4920 γὰρ,
3817 4842 3928 4899 ἴδει

2314 4948 2400 4999 τόν
2449 4949 2706 5020 σωτήριον
2756 4942 2944 5016 Ἀμνὸν
2994 4940 3042 4994 έν
3091 4948 3152 5014 τῇ
3208 4940 3378 5015 ἡμέρᾳ
3418 4946 3513 5000 τῆς
3565 4944 3657 4990 τοῦ
3710 4942 3927 5009 νομικοῦ

2313 5034 2479 5110 ἀμνοῦ
2529 5036 2718 5095 θυσίας
2752 5030 3128 5097 θυσιασθῆναι,
3178 5035 3271 5082 τοῦ
3312 5035 3548 5101 Σωτῆρος
3577 5028 3925 5102 χρησαμένου

544 5110 645 5186 inq
657 5116 1139 5183 uam,salutarem
1152 5119 1377 5187 Agnum
1392 5117 1450 5173 in
1465 5115 1559 5173 die
1573 5115 1981 5177 immolationis
1994 5121 2200 5193 legalis

2346 5134 2371 5199 ᾗ
2424 5125 2626 5180 έκείνων
2679 5126 2908 5199 πονηρίᾳ
2930 5123 3058 5197 πρὸς
3114 5122 3207 5179 τὴν
3239 5118 3427 5171 οἰκείαν
3472 5116 3789 5189 οἰκονομίαν,
3844 5115 3929 5169 ἵνα

542 5203 683 5274 agni
706 5205 1003 5264 immolari
1036 5225 1049 5266 :
1082 5210 1281 5263 utente
1315 5205 1376 5261 in
1400 5205 1515 5263 hoc
1544 5208 1769 5266 malitia
1800 5209 2039 5270 illorum
2078 5212 2201 5270 Sal-

612 5380 657 5422 "
683 5380 883 5444 Matth.
918 5398 1091 5449 xxvu,
1118 5384 1210 5441 26.

2310 5217 2511 5278 πάντως
2564 5216 2590 5269 ό
2618 5217 2787 5279 τύπος
2831 5210 3160 5271 καταλλήλως
3200 5207 3331 5282 λαϐῇ
3384 5206 3496 5281 (78)
3550 5210 3645 5265 τὴν
3686 5203 3921 5260 ἔκϐασιν.

1760 5501 1983 5575 Variae
2014 5500 2341 5581 lectiones
2372 5512 2660 5577 etnotae.

608 5618 719 5685 (73)
752 5612 1008 5689 Βαραϐἄν,
1040 5609 1183 5670 Cod.
1206 5613 1279 5689 VA.

634 5690 724 5758 74)
747 5686 835 5743 lta'
858 5691 1111 5759 uterque
1141 5688 1321 5749 etiam
1346 5686 1408 5749 in
1442 5692 1739 5751 contextu.

634 5690 724 5758 74)
747 5691 832 5743 Ita
865 5691 1111 5759 uterque
1141 5689 1261 5745 etia

610 5689 724 5840 (75)
754 5758 898 5819 Cod.
924 5758 993 5826 Α,
1023 5761 1261 5835 γηρωύς.

2374 5624 2489 5844 (76)
2529 5620 2676 5683 Cod.
2698 5626 2763 5688 Δ,
2790 5618 3197 5709 {mlum-mire».

2398 5703 2465 5754 77
2527 5695 2671 5753 Cod.
2710 5694 2779 5762 Α,
2808 5711 3055 5768 ηρπασαν
3080 5695 3171 5745 καὶ

2374 5771 2463 5843 (78
2525 5764 2773 5844 Ἐκεεὶλῃ,
2799 5780 2914 5841 pro
2935 5763 3095 5840 Μέθη,
3126 5763 3197 5824 CC

2398 5692 2489 5768 77)
2527 5694 2779 5768 ΟοᾷηΛ,
2808 5692 3055 5768 ἣρπασάν
3080 5695 3171 5768 κα]
3199 5692 3287 5768 τόν
3314 5693 3515 5768 καιρόν.

2371 5763 2488 5844 (7s)
2525 5764 2773 5845 meas,
2799 5763 2914 5841 pro
2935 5763 3095 5840 nep,
3126 5763 3272 5824 Cod.
3302 5767 3372 5821 Α.
