4198 6440
248 373 356 436 645
1352 359 1726 423 COMMENT.
1767 350 1837 420 IN
1875 344 2324 418 MATI‘HEUM.
2372 381 2440 392 —
2477 349 2633 408 CAP.
2672 342 2873 407 XXVI.
3521 345 3628 405 646

251 504 368 576 Χρὴ
401 496 460 554 δε
508 501 598 552 καὶ
639 503 796 551 τοῦτο
830 488 1060 548 συνιδεῖν
1108 493 1210 562 ὅτι,
1272 491 1518 553 πολλάκις
1571 493 1662 564 μὲν
1709 487 1909 542 αύτόνι

1973 483 2178 538 vatore
2208 477 2287 535 ad
2318 493 2488 534 suam
2519 474 3017 546 gubernationem
3061 489 3075 528 :
3108 474 3174 529 ut
3201 471 3417 544 ﬁgura,
3445 472 3626 529 modo

251 562 547 663 κατασχεῖν
626 587 946 650 θελήσαντες,
1029 582 1124 635 οὐκ
1205 579 1571 641 ἠδυνήθησαν·
1645 580 1704 632 ού
1760 580 1861 651 γὰρ

1972 570 2107 640 hoc,
2133 569 2308 625 modo
2336 565 2478 622 illud
2528 563 2903 636 disponendo
2959 562 3050 635 (δ),
3098 566 3353 619 sumeret
3383 563 3629 618 omnino

253 651 446 741 αὐτός’
466 677 640 737 ἠθελεν
674 695 686 709 ·
718 677 801 728 ὅτε
860 670 919 726 δέ
975 672 1133 734 αὐτὸς
1191 671 1436 741 ἠθέλησε,
1492 675 1606 723 τότε
1661 673 1749 720 καὶ
1787 672 1858 741 μὴ

1973 666 2271 717 eventum.
2305 658 2593 712 Prmterea
2641 653 2966 724 intelligere
3003 656 3264 741 ioportet,
3313 653 3472 724 quod
3515 651 3631 708 fre-

254 767 480 830 θέλοντες
530 765 701 831 αὐτοὶ,
777 767 866 817 καὶ
936 764 1037 836 γὰρ
1093 760 1442 834 ἐφυλάσσοντο
1511 764 1603 818 τὴν
1657 758 1860 831 ἑορτὴν,

1973 753 2220 822 quenter
2256 761 2394 802 eum
2430 741 2880 817 apprehendere
2926 740 3254 806 voluerunt,
3288 755 3396 796 nec
3431 743 3631 812 potue-

251 860 320 920 ὡς
359 860 584 933 εἴρηται,
621 857 880 926 συνέσχον
919 851 1101 909 αὐτὸν,
1154 853 1231 903 Τὰ
1288 849 1422 902 αὐτὰ
1470 845 1530 902 δὲ
1559 853 1648 900 καὶ
1696 849 1721 899 6
1750 845 1861 918 (79)

1971 843 2128 904 runt,
2156 836 2300 910 quia
2324 835 2450 906 ipse
2479 832 2667 888 noluit
2696 850 2709 888 :
2739 830 2842 886 ubi
2866 836 3064 887 autem
3093 830 3219 902 ipse
3251 828 3458 894 voluit,
3491 836 3629 885 tunc

247 918 465 1022 Μάρκιος
496 948 614 1018 περὶ
652 945 839 996 τούτου
893 945 1072 1015 φησίν.
1118 939 1175 991 Ὁ
1204 936 1264 992 δέ
1307 959 1368 1011 γε
1417 944 1643 1003 Λουκᾶς,
1689 935 1862 1022 ἐπιτό-

1971 928 2150 983 etiam
2191 924 2460 981 nolentes
2497 920 2816 994 (siquidem
2851 919 2962 992 ipsi
2998 921 3159 975 diem
3190 918 3404 976 festum
3456 934 3629 976 cave-

245 1007 355 1110 μως
407 1007 578 1099 εἰπὼν⁹
659 1035 785 1108 πρὸς
863 1007 950 1084 τόν
1008 1024 1212 1082 Ἰούδαν
1268 1007 1632 1102 μεταϐέϐηκεν.
1695 1027 1757 1078 Ὀ
1810 1020 1861 1078 δ’

1969 1015 2136 1080 bant,
2164 1018 2223 1069 ut
2243 1012 2470 1068 dictum
2492 1010 2600 1081 est)
2632 1007 3211 1081 comprehenderunt
3229 1023 3389 1064 eum.
3414 1009 3625 1065 Eadem

251 1097 488 1185 zlwéwn;
516 1129 671 1175 τοῦτο
699 1097 814 1195 ’μὲν
870 1121 930 1172 τὸ
968 1117 1242 1191 κεφάλαιον
1313 1125 1562 1190 παρῆκεν.
1623 1117 1692 1178 ὡς
1753 1121 1864 1175 τοῖς

1971 1107 2029 1160 et
2057 1105 2285 1160 Marcus
2312 1099 2387 1156 de
2424 1098 2539 1155 hoc
2570 1097 2714 1154 dicit
2743 1098 2811 1150 ⁸³.
2850 1097 3043 1153 Lucas
3079 1112 3219 1153 vero
3261 1097 3518 1154 breviter
3546 1097 3625 1156 lo-

248 1213 424 1276 οῖλλοις
455 1185 740 1288 εἰρημένον,
775 1211 800 1263 ὅ
841 1213 931 1262 καὶ
982 1185 1046 1261 ἐν-
1087 1207 1294 1269 πολλοῖς
1348 1185 1518 1268 ἄλλοις
1567 1202 1864 1278 κεφαλαίοις
1970 1189 2288 1288 quensrad
2314 1185 2838 1288 JUdam‘tm‘IPiVi‘t.
2864 1187 2934 1288 'fo
2974 1185 3240 1288 Joaﬂn-ﬁs
3511 1186 3630 1288 hoc

251 1303 466 1362 ἓποίησε
499 1273 540 1329 ’⁸
571 1273 582 1286 .
594 1298 1023 1376 μακροϐιώτατος
1052 1299 1152 1372 γὰρ
1201 1299 1463 1370 γενόμενος
1499 1294 1707 1366 ἐνέτυχε
1747 1301 1864 1356 ταῖς

1972 1284 2154 1352 caput
2191 1283 2479 1351 tanquam
2503 1275 2580 1333 ab
2610 1274 2741 1332 aliis
2780 1273 3003 1331 dictum
3044 1274 3326 1348 prmteriit
3357 1275 3423 1344 ",
3460 1276 3627 1350 quod

254 1391 459 1467 βίϐλοις
516 1364 714 1459 αὐτῶν,
766 1391 835 1450 ὡς
894 1387 944 1440 ἓν
993 1394 1064 1458 τῷ
1119 1391 1376 1460 προοιμίῳ
1424 1392 1520 1448 τῆς
1591 1386 1866 1458 παρούσης

1974 1369 2225 1426 etiamin
2245 1366 2447 1423 multis
2460 1365 2591 1422 aliis
2605 1364 2766 1421 fecit:
2785 1378 2926 1421 nam
2940 1379 3078 1420 cum
3093 1364 3402 1435 longaevus
3415 1364 3626 1424 admo-

256 1454 444 1556 βίϐλου
474 1454 1076 1556 παρεσημειωσάμεθαλ
1111 1454 1284 1543 ἑτέρου
1325 1454 1384 1528 δὲ
1426 1474 1578 1548 λόγου
1622 1454 1864 1544 ἅπτεται,

1976 1458 2122 1515 dum
2152 1457 2338 1521 fuerit,
2366 1455 2551 1511 libros
2594 1454 2831 1556 illorum
2866 1459 3178 1510 assecutus
3203 1459 3295 1511 est
3333 1455 3423 1528 (ι),
3451 1455 3631 1514 veluti

260 1575 350 1624 καὶ
393 1573 460 1624 τὰ
500 1573 618 1646 περὶ
647 1575 740 1622 τοῦ
785 1574 1036 1641 νιπτῆρος
1089 1562 1356 1636 διέξεισιν,
1412 1567 1481 1628 ὡς
1531 1563 1869 1640 παραλελειμ-
1901 1625 1918 1646 1

1977 1548 2038 1604 in
2082 1545 2381 1603 Prommio
2419 1543 2726 1617 praesentis
2767 1541 2903 1598 libri
2947 1543 3454 1614 signiﬁcavimus:
3503 1545 3633 1602 reli-

265 1664 392 1734 μένα
416 1661 635 1721 τούτοις.
1901 1625 1923 1680 Ι

1977 1651 2165 1710 quum
2187 1650 2325 1692 vero
2352 1647 2692 1690 sermonem
2715 1632 3114 1705 prosequitur,
3139 1637 3194 1688 et
3213 1631 3289 1690 de
3311 1633 3464 1707 pelvi
3485 1651 3632 1708 quo-

1977 1741 2096 1800 que
2124 1729 2349 1792 narrat,
2377 1727 2579 1795 utpote
2603 1721 2682 1778 ab
2712 1721 2805 1777 his
2847 1721 3345 1794 praetermissum.

261 1875 415 1931 Κεφ.
464 1872 573 1930 ΞΒ’.
607 1877 731 1948 Περὶ
791 1880 885 1934 τῆς
941 1869 1236 1943 ἀλειψάσης
1306 1874 1392 1925 τὸν
1451 1873 1643 1946 Κύριον
1697 1871 1867 1946 μύρῳ.

1980 1859 2142 1918 CAP.
2176 1859 2330 1917 LXII.
2381 1858 2468 1915 De
2507 1871 2574 1914 ea
2612 1871 2743 1929 qua
2779 1855 2943 1912 unci:
2980 1856 3286 1914 Dominum
3312 1865 3626 1931 unguento.

326 1971 434 2018 Τοῦ
476 1960 534 2017 δε
589 1963 767 2022 Ἰησοῦ
825 1992 895 2003 -
956 1959 1313 2034 ἀνακειμένου.
1370 1967 1521 2036 Τρεῖς
1566 1962 1681 2034 (80)
1739 1963 1870 2017 εἰσιν

2051 1968 2215 2024 Vers.
2244 1970 2296 2022 6.
2331 1966 2480 2022 Cum
2503 1967 2692 2022 autem
2704 1964 2896 2022 Iesus.
2922 1993 2994 2006 —
3013 1964 3174 2021 Vere.
3201 1969 3254 2021 7.
3282 1967 3627 2026 Recumben-

264 2055 321 2106 αἱ
356 2059 591 2125 γυναῖκες
637 2053 692 2105 αἱ
735 2054 821 2104 τὸν
875 2051 1072 2126 Κύριον
1137 2049 1420 2121 ἀλείψασαι
1463 2053 1631 2124 μύρῳ.
1681 2057 1868 2128 Πρώτη

1983 2057 2070 2112 tis.
2103 2056 2263 2113 Scire
2305 2059 2508 2112 autem
2542 2057 2776 2126 oportet
2812 2057 2928 2110 tres
2957 2053 3137 2110 fuisse
3180 2055 3463 2113 mulieres
3489 2071 3627 2132 quae

273 2145 362 2216 μὶν
409 2143 440 2200 ἡ
473 2144 614 2216 παρὰ
665 2149 737 2212 τῷ
789 2145 986 2211 Λουκᾷ,
1020 2142 1140 2202 ἣτις
1191 2144 1284 2191 καὶ
1327 2139 1629 2213 ἁμαρτωλός
1660 2137 1742 2208 ἦν,
1783 2162 1874 2226 καὶ

1981 2145 2302 2202 Dominum
2322 2147 2619 2216 unguento
2648 2147 2962 2199 unxerunt.
2985 2142 3183 2200 Prima
3196 2144 3445 2218 quidem
3469 2148 3631 2220 apud

271 2235 392 2304 περὶ
439 2231 507 2282 τὰ
554 2234 692 2302 μέσα
740 2237 832 2282 τοῦ
866 2232 1204 2302 κηρύγματος
1255 2237 1411 2283 τοῦτο
1459 2235 1728 2299 πεποίηκε,
1784 2249 1876 2298 καὶ

1984 2237 2206 2293 Lucam
2235 2237 2304 2300 ⁷⁵,
2332 2250 2464 2308 quae
2493 2233 2672 2290 etiam
2699 2232 2996 2304 peccatrix
3014 2239 3160 2298 erat,
3187 2239 3246 2290 et
3265 2235 3460 2291 medio
3482 2253 3633 2310 prae-

271 2317 320 2372 ἓν
345 2327 410 2392 τῇ
443 2319 583 2391 οἰκίᾳ
629 2323 850 2392 Σίμωνος
891 2326 982 2371 τοῦ
1033 2322 1346 2391 Φαρισαίου,
1402 2320 1485 2372 ὅτε
1521 2325 1612 2373 καὶ
1645 2319 1878 2376 σκανδα-

1985 2323 2302 2383 dicationis
2324 2328 2589 2395 tempore
2618 2321 2730 2377 hoc
2755 2319 2891 2377 fecit
2915 2320 2978 2376 in
2997 2319 3182 2377 domo
3204 2321 3462 2380 Simonis
3489 2324 3635 2382 Pha-

270 2409 471 2472 λίζεται
501 2412 659 2481 μόνος
689 2409 716 2461 ό
757 2415 1055 2484 Φαρισαῖος,
1101 2408 1240 2481 ᾗτινι
1281 2412 1372 2461 καὶ
1417 2411 1608 2482 μισθὸν
1648 2407 1876 2466 δίδωσιν

1985 2414 2166 2480 risaai,
2205 2412 2448 2486 quando
2490 2410 2669 2468 etiam
2711 2413 2877 2466 solus
2928 2424 3001 2466 ex
3043 2411 3160 2467 hoc
3210 2411 3637 2474 offendiculum

267 2501 294 2552 6
350 2503 525 2572 Σωτὴρ
579 2503 672 2558 τὴν
719 2499 904 2571 ἄφεσιν
973 2506 1074 2551 τῶν
1151 2497 1544 2574 ἁμαρτημάτων
1590 2517 1603 2530 ⁶
1655 2497 1878 2576 δευτέρα

1986 2503 2171 2561 sumit
2189 2503 2548 2568 Pharisaeus,
2571 2500 2668 2557 cui
2692 2499 3026 2558 mercedem
3048 2501 3323 2573 rependit
3345 2502 3633 2574 Salvator,

267 2584 327 2642 δι
373 2588 403 2646 ἠ
461 2589 607 2663 παρὰ
655 2595 730 2660 τῷ
764 2589 998 2662 Ἰωάννῃ,
1051 2591 1164 2650 ἣτις
1231 2590 1412 2662 Μαρίά
1455 2585 1538 2662 ᾖν,
1594 2590 1623 2648 ὴ
1680 2587 1874 2665 ἀδελφὴ

1984 2598 2370 2669 peccatorum
2408 2589 2684 2648 videlicet
2709 2589 3145 2646 remissionem.
3180 2591 3456 2650 Secunda
3493 2609 3636 2652 vero

265 2681 357 2728 τοῦ
388 2679 658 2750 Λαζάρου,
690 2674 807 2749 βίον
834 2679 1042 2749 ἔχουσα
1079 2681 1288 2750 σεμνόν·
1329 2682 1420 2730 καὶ
1447 2681 1547 2752 πρὸ
1588 2678 1642 2742 ἕξ
1671 2681 1874 2757 ἡμερῶν

1984 2682 2151 2757 apud
2177 2684 2470 2738 Joannem
2512 2683 2624 2746 est,
2655 2694 2792 2752 quas
2835 2683 2960 2735 erat
2996 2679 3176 2736 Maria
3225 2695 3398 2737 soror
3427 2681 3635 2739 Lazari

263 2771 358 2818 τοῦ
407 2767 609 2838 Πὰσχα
654 2773 809 2819 τοῦτο
874 2771 1145 2834 πεποίηκε,
1199 2770 1288 2818 καὶ
1331 2765 1379 2818 ἄν
1427 2774 1500 2838 τῷ
1559 2764 1681 2840 ἰδίῳ
1723 2771 1869 2842 οἴκῳ,

1978 2773 2165 2830 vitam
2194 2769 2424 2827 habens
2451 2767 2766 2842 probatam
2800 2784 2814 2824 :
2841 2773 2898 2824 et
2928 2772 3066 2825 ante
3097 2783 3200 2825 sex
3229 2767 3360 2825 dies
3391 2770 3635 2829 Pascha

265 2858 356 2907 καὶ
405 2859 762 2929 χαριστήριον
809 2862 900 2916 τῆς
942 2863 1036 2908 τοῦ
1093 2851 1316 2927 ἀδελφοῦ
1342 2853 1662 2918 παλινζωίας
1699 2878 1871 2934 προσ-

1981 2861 2192 2934 legalis
2222 2861 2283 2917 in
2315 2857 2561 2932 propria
2584 2857 2770 2914 domo
2793 2856 2909 2913 hoc
2938 2857 3094 2924 fecit,
3122 2863 3181 2914 et
3211 2858 3273 2914 in
3305 2860 3635 2929 gratiarum

265 2947 435 3015 ἠγαγε
469 2947 528 2997 τὸ
551 2946 716 3018 μύρον
748 2963 762 2977 ο
797 2941 882 2997 διὸ
912 2941 1037 2997 οὐδε
1079 2945 1270 3032 μισθός
1307 2944 1438 3018 αὐτῇ
1485 2944 1869 3018 ἐπαγγέλλεται,
1906 2974 1923 3032 (

1981 2953 2282 3009 actionem
2320 2949 2766 3005 resurrectionis
2807 2946 3023 3014 fratris,
3081 2948 3329 3020 protulit
3363 2965 3633 3021 unguen-

265 3033 348 3086 ὅτε
393 3037 484 3086 καὶ
557 3033 808 3106 γογγύζει
883 3038 1032 3105 μόνος
1086 3029 1288 3094 Ἰούδας
1341 3051 1356 3064 ⁸
1409 3039 1556 3110 τρίτη
1620 3032 1680 3088 δέ
1730 3035 1873 3090 ἔστιν
1917 3029 1923 3032 ἤ

1981 3048 2129 3107 tum,
2179 3043 2422 3112 propter
2456 3036 2624 3110 quod
2675 3035 2758 3092 illi
2811 3037 3150 3093 mercedem
3205 3037 3292 3108 (ιι)
3335 3039 3630 3110 promisit,

267 3121 427 3190 αὕτη,
473 3127 590 3199 περὶ
631 3123 697 3185 ἧς
769 3125 1035 3184 Ματθαίος
1083 3127 1172 3176 καὶ
1242 3125 1455 3198 Μάρκος
1508 3126 1695 3196 ὁμοίως
1751 3122 1872 3178 δια-

1977 3129 2229 3204 quando
2255 3128 2434 3184 etiam
2467 3125 2633 3181 solus
2662 3129 3002 3180 murmurat
3019 3125 3048 3179 J
3057 3125 3207 3181 udas
3226 3126 3296 3182 “.
3319 3127 3510 3184 Tertia
3531 3143 3634 3185 au-

266 3209 642 3286 λαμϐάνουσιν,
667 3213 784 3274 ἣτις
811 3215 911 3286 πρὸ
948 3210 1047 3266 δύο
1101 3215 1304 3287 ἡμερῶν
1350 3221 1442 3266 τοῦ
1495 3215 1693 3286 Πάσχα
1716 3234 1874 3288 προσ-

1981 3224 2103 3276 tem
2129 3221 2220 3273 est
2242 3217 2386 3284 haec,
2411 3213 2488 3270 de
2517 3229 2642 3286 qua
2675 3213 2981 3268 Matthseus
3011 3217 3066 3270 et
3093 3215 3323 3269 Marcus
3366 3215 3635 3274 similiter

270 3299 393 3359 ἦλθε
448 3305 538 3353 καὶ
584 3301 633 3353 ἐν
708 3309 770 3374 τῇ
849 3303 991 3375 οἰκίᾳ
1011 3307 1238 3375 Σίμωνος
1314 3309 1407 3354 τοῦ
1463 3309 1692 3376 Λεπροῦ.
1744 3308 1874 3380 πρὸς

1984 3311 2241 3365 tractant
2259 3307 2306 3342 ⁸³
2331 3321 2343 3360 :
2368 3319 2505 3377 quae
2531 3307 2667 3358 ante
2696 3301 2851 3357 duos
2877 3301 3004 3357 dies
3039 3302 3285 3359 Pascha
3302 3305 3552 3362 accessit
3573 3306 3633 3363 in

272 3385 676 3450 ἆντιδιαστολὴν
715 3393 818 3464 γὰρ
864 3399 956 3444 τοῦ
986 3395 1275 3466 Φαρισαίου
1319 3395 1376 3444 τὸ
1405 3391 1508 3444 ἀπὸ
1549 3401 1646 3454 τῆς
1688 3393 1874 3468 λέπρας

1982 3395 2168 3451 domo
2186 3391 2452 3453 Simonis
2475 3390 2717 3462 Leprosi
2736 3404 2748 3445 :
2772 3390 2846 3446 ad
2857 3389 3299 3446 distinctionem
3312 3393 3474 3448 enim
3489 3392 3637 3452 Pha-

270 3476 529 3552 ἔπίσημον
579 3482 1016 3554 προστεθείκασιν
1067 3497 1081 3512 ⁸
1133 3479 1244 3554 ἅμα
1307 3476 1617 3548 δεικνύντες,
1659 3488 1748 3536 καὶ
1795 3484 1876 3537 ὅτι

1983 3483 2142 3541 risaai
2167 3499 2198 3538 a
2226 3482 2392 3554 lepra
2415 3478 2648 3550 insigne
2677 3478 2759 3535 illi
2787 3483 3196 3551 apposuerunt
3220 3495 3234 3533 :
3255 3479 3432 3535 simul
3455 3481 3634 3539 etiam

273 3567 370 3622 ούκ
415 3565 722 3633 ἄϐδελύξατο
774 3571 866 3628 τὴν
915 3569 1238 3644 ἀκαθορσίαν
1281 3577 1373 3624 τοῦ
1431 3577 1667 3645 σώματος
1713 3572 1875 3626 αὐτοῦ

1981 3573 2383 3636 ostendentes,
2405 3569 2573 3643 quod
2602 3568 2870 3642 corporis
2890 3568 3022 3640 ejus
3042 3567 3493 3627 immunditiam
3514 3587 3639 3628 non

277 3658 304 3710 6
357 3661 583 3730 Χριστὸς
637 3655 730 3712 διὰ
768 3663 861 3717 τὴν
907 3668 1005 3723 τῆς
1041 3659 1228 3732 ψυχῆς
1277 3660 1436 3713 αὐτοῦ
1479 3663 1814 3737 καθαρότητα
1851 3677 1867 3693 ⁶

1983 3662 2368 3722 abominetur
2412 3659 2701 3726 Christus,
2753 3664 2995 3732 propter
3052 3659 3376 3732 puritatem
3421 3661 3634 3717 animae

272 3751 365 3799 καὶ
393 3745 475 3800 ἐπὶ
503 3752 594 3807 τὴν
631 3747 852 3821 κεφαλὴν
886 3755 978 3801 τοῦ
1032 3757 1266 3823 Χριστοῦ
1308 3753 1367 3803 τὸ
1409 3753 1573 3826 μύρον
1607 3755 1872 3825 κατέχεεν,

1985 3753 2142 3810 illius
2171 3769 2184 3810 :
2214 3757 2272 3809 et
2294 3765 2473 3824 super
2513 3753 2692 3823 caput
2728 3749 2941 3806 Christi
2979 3755 3352 3820 unguentum
3405 3749 3634 3819 effudit,

271 3835 368 3890 οὐκ
411 3834 493 3890 ἐπὶ
572 3841 696 3898 τούς
740 3834 934 3903 πόδας,
989 3840 1060 3900 ὡς
1123 3839 1331 3905 ὶκεῖναι,
1377 3841 1460 3892 ὅτε
1502 3846 1592 3894 καὶ
1653 3840 1876 3914 ἀγανακ-

1983 3859 2108 3901 non
2137 3857 2318 3916 super
2342 3839 2530 3914 pedes
2562 3846 2624 3896 ut
2653 3838 2787 3904 illae,
2823 3840 3067 3912 quando
3095 3838 3372 3912 discipuli
3399 3855 3639 3914 quoque

269 3932 450 3979 τοῦσιν
500 3927 547 3979 οἱ
595 3928 857 3999 μαθηταί·
909 3927 973 4000 ᾗς
1009 3931 1100 3980 καὶ
1148 3931 1208 3980 τὸ
1259 3933 1590 4002 μνημόσυνον
1662 3930 1732 3993 εἷς
1782 3937 1876 3991 τὴν

1983 3930 2474 4004 indignabantur.
2491 3928 2674 4000 Cujus
2690 3929 2869 3985 etiam
2887 3929 3240 3986 memoriam
3262 3928 3324 3986 in
3343 3931 3638 3987 mundum

267 4015 576 4089 οἰκουμένην
633 4011 860 4087 ᾄδεσθαι
923 4015 1309 4089 ἐπαγγέλλεται.
1377 4025 1594 4094 Φανεραὶ
1648 4023 1738 4093 μὲν
1789 4017 1876 4074 οὖν

1989 4022 2252 4095 promisit
2264 4019 2726 4093 praedicandam.
2743 4018 3060 4074 Manifesta
3074 4024 3212 4075 sunt
3231 4019 3434 4092 itaque
3451 4019 3635 4076 trium

266 4107 325 4160 αἱ
357 4101 609 4181 διαφοραὶ
661 4113 758 4158 τῶν
827 4113 1002 4179 τριῶν.
1071 4107 1219 4166 Αὕτη
1269 4104 1348 4175 δε,
1419 4108 1744 4182 λελπρωμένη
1789 4115 1878 4170 τὴν

1985 4110 2353 4167 differentiis.
2403 4111 2534 4164 Haec
2564 4115 2768 4164 autem
2806 4123 2944 4179 qum
2973 4107 3242 4163 animam
3289 4107 3458 4179 lepra
3497 4109 3640 4164 infe-

266 4195 457 4268 ψυχὴν
503 4214 658 4262 ουσα,
710 4193 916 4271 ἐπείπερ
983 4191 1091 4250 εἶδε
1132 4199 1219 4249 τὸν
1270 4197 1454 4272 λεπρὸν
1505 4203 1708 4271 Σίμωνα
1744 4203 1880 4254 τεθε-

1987 4203 2144 4256 ctam
2178 4196 2463 4260 habebat,
2510 4195 2613 4252 ubi
2641 4195 2946 4251 Simonem
2991 4197 3313 4267 Leprosum
3365 4201 3638 4252 curatum

265 4288 610 4362 ραπευμένον,
661 4283 966 4359 ἐθάρρησεν,
1023 4287 1104 4339 ὅτι
1164 4291 1254 4338 καὶ
1327 4286 1456 4346 αύτὴ
1509 4287 1743 4350 τεύξεται
1787 4295 1923 4384 τῆς1

1986 4287 2155 4352 vidit,
2209 4284 2496 4342 ﬁduciam
2557 4283 2834 4356 sumpsit,
2889 4284 3058 4354 quod
3099 4288 3157 4338 et
3203 4283 3340 4354 ipsa
3385 4283 3639 4342 salutem

271 4375 479 4435 ἰάσεως.
529 4371 880 4449 Ἀλάϐαστρον
925 4375 1037 4447 (8t)
1086 4373 1147 4428 δέ
1189 4375 1326 4430 ἔστιν
1359 4373 1494 4437 εἶδος
1534 4375 1747 4448 ἀγγείου
1777 4396 1882 4448 μυ-
1908 4371 1929 4384 ⁸

1989 4378 2472 4448 consequeretur.
2513 4371 2896 4430 Alabastrum
2940 4386 3078 4428 vero
3116 4386 3306 4443 genus
3353 4376 3440 4430 est
3482 4373 3641 4429 vasis

274 4459 538 4536 ροδόχου.
583 4464 792 4535 Μάρκος
821 4459 882 4516 δὴ
909 4469 998 4517 καὶ
1038 4467 1097 4518 τὸ
1152 4472 1244 4518 τοῦ
1299 4469 1467 4542 μύρου
1511 4461 1648 4526 εἶδος
1689 4467 1877 4540 προσί-

1991 4469 2340 4538 unguentum
2359 4460 2728 4520 continentis.
2748 4463 2974 4519 Marcus
2986 4464 3178 4518 autem
3195 4459 3484 4532 unguenti
3499 4477 3642 4534 quo-

281 4552 428 4609 οηκι.
458 4548 672 4624 Νάρδου
701 4553 820 4626 γὰρ,
856 4559 1007 4625 φησὶ,
1038 4563 1290 4617 πιστικῆς
1341 4555 1666 4621 πολυτελοῦς,
1705 4572 1882 4608 πιστιο

1990 4571 2108 4629 que
2121 4569 2310 4626 genus
2328 4552 2563 4611 addidit
2581 4567 2593 4608 :
2612 4551 2821 4618 Nardi,
2846 4551 3037 4625 inquit
3048 4551 3270 4624 pisum
3282 4552 3549 4622 pretiosa
3570 4553 3639 4622 ³³,

279 4643 380 4700 κῆν
432 4639 618 4712 καλῶν,
663 4647 726 4709 ὡς
773 4649 923 4716 ἔοικε,
977 4649 1070 4705 τὴν
1159 4646 1382 4718 ἄκρατον
1455 4649 1546 4698 καὶ
1595 4662 1883 4699 καταπεπι-

1993 4645 2273 4720 pisticum
2298 4658 2524 4702 vocans
2553 4657 2786 4717 purum,
2817 4641 2908 4699 vel
2934 4656 3060 4698 non
3097 4645 3497 4714 temperatum
3536 4658 3643 4702 seu

351 4767 400 4803 "
427 4765 604 4827 Marc.
659 4787 775 4843 xiv,
832 4775 886 4828 2.
913 4774 961 4810 ⁸³
985 4772 1123 4831 Luc.
1172 4788 1314 4840 xxn,
1353 4777 1401 4843 1,
1435 4776 1489 4830 2.
1547 4773 1595 4810 ⁸⁸
1626 4774 1805 4832 Joan.
1835 4787 1952 4844 xm,
2004 4796 2009 4827 τ

2004 4772 2031 4830 1
2071 4787 2238 4848 seqq.
2273 4773 2321 4810 ³⁸
2352 4771 2494 4830 Luc.
2524 4785 2622 4838 vn,
2672 4768 2759 4828 37.
2812 4768 2860 4806 ⁸⁸
2889 4769 3063 4828 Joan.
3097 4784 3196 4840 xu,
3241 4769 3298 4830 3.
3351 4768 3395 4806 ³⁷
3465 4771 3639 4830 Marc.

274 4881 392 4936 xiv,
425 4867 480 4925 3.
515 4869 562 4906 ⁸⁸
587 4868 738 4929 ibid.

1491 4997 1716 5072 Variae
1743 4997 2077 5069 lectiones
2113 5005 2181 5070 et
2208 5007 2413 5069 nota.

371 5136 1036 5222 ZQ)§od.A_omittit6.
1143 5215 1159 5222 _
1242 5216 1256 5222 _
1599 5213 1631 5222 __
1994 5163 2028 5222 σ

1994 5163 2168 5222 6-1-963-
2214 5140 2763 5222 pupopﬁatnjniqtvog
2811 5142 2840 5203 ἦ
2886 5136 3132 5222 λίρινος..
3166 5137 3644 5222 Aliud‘Lexicon

373 5213 462 5283 80)
494 5213 812 5271 Heutenius
867 5215 1092 5273 videtur
1143 5215 1403 5288 legisse:
1459 5222 1542 5272 Δει
1588 5213 1648 5272 δὴ
1695 5213 1886 5272 εἰδέναι
1991 5217 2031 5292 ir

1991 5213 2326 5292 ipéditu'm':
2352 5213 2754 5292 Ἀλλάϐᾲστροψ
2788 5216 3061 5289 μυροθηκη
3097 5213 3322 5292 ψηρφινος
3354 5216 3384 5276 ἦ
3426 5216 3640 5292 λίθινος.

275 5285 604 5364 ὅτιᾌτρεζςχ.
645 5355 689 5364 __
945 5357 977 5364 _
1039 5358 1056 5364 _
1206 5285 1229 5288 ’
1473 5362 1483 5364 Α
1995 5288 2288 5364 ἰιλάϐαστόν
2318 5311 2368 5364 τι
2411 5293 2484 5356 ὄν,
2516 5285 2822 5364 πλερῂασμῷ
2849 5285 2940 5341 τοῦ
2968 5307 3020 5358 ρ,
3054 5285 3412 5364 Λλάϐαστρον,
3455 5285 3516 5342 οὗ
3547 5289 3642 5344 λα-

351 5355 462 5434 (ξὶ)
495 5355 903 5434 ξᾼλλάϐαστρον,
936 5357 1177 5434 Cod._A.
1199 5362 1617 5434 Apographum
1651 5361 1888 5434 Glossa-
1995 5362 2009 5413 ε

1216 5362 1617 5434 tpographum
1651 5361 1888 5434 Glossa-
1995 5360 2180 5416 ϐέσοαι
2205 5359 2299 5416 διά
2326 5355 2570 5421 λειότητα
2595 5355 2874 5417 ἀδύνατον.

272 5423 352 5484 rii
377 5423 593 5500 Cyrilli,
618 5423 908 5502 quod'est
950 5431 1108 5504 apud
1139 5423 1263 5504 me;
1289 5423 1373 5491 sic
1408 5423 1588 5492 habet
1620 5451 1634 5490 :
1669 5433 1889 5490 ’Δλάϐα-

353 5599 438 5689 (ε).
562 5605 883 5689 βθυηαΑττ
920 5608 1301 5689 disponendo.
1340 5616 1409 5689 [_J_t
1438 5613 1628 5686 ﬁgura
1665 5615 1886 5689 (agnus
2067 5617 2135 5689 (ι)
2159 5616 2472 5674 Assecutus
2499 5619 2597 5672 est.
2633 5610 2814 5689 Legit.

275 5675 724 5765 paschalis,'qui
753 5675 1046 5765 Christum
1086 5675 1685 5765 praesigniﬁcaVerat)‘
1707 5675 1886 5765 plane
2067 5675 2150 5762 (ά)
2172 5690 2410 5765 Propter
2433 5689 2590 5761 quod
2618 5675 2745 5746 ειιῖ
2743 5683 3072 5746 mercedem.
3097 5678 3341 5763 Propter
3367 5687 3532 5762 Quod
3564 5679 3647 5746 illi

277 5748 553 5808 similiter
581 5748 759 5809 suum
786 5752 1032 5811 haberet
1057 5748 1363 5816 e'ventu'm.
1650 5748 1663 5761 ’
1707 5748 1726 5765 ⁸
1991 5748 2104 5822 nec
2131 5748 2501 5820 mercedem.
