4198 6440
619 379 724 439 647

1965 363 2311 430 summa
2348 340 2672 429 ZlGABENI
3888 378 3981 439 διε

621 509 883 572 mistum,
913 507 975 561 ut
1004 507 1274 576 apparet,
1299 511 1355 559 et
1374 500 1452 559 ad
1471 502 1781 574 puritatem
1813 503 2139 557 servatum:
2167 516 2253 556 au

2385 500 2663 569 στευμένην
2717 497 2784 558 εἰς
2847 499 3184 573 καθαρότητα
3214 514 3226 529 ⁰
3279 501 3310 558 ἦ
3367 502 3458 553 καὶ
3518 510 3857 578 προσηγορία
3910 511 3980 570 τίς

619 596 766 652 forte
781 596 906 651 haec
918 593 1220 666 appellatio
1234 594 1485 665 quaedam
1501 597 1621 646 erat
1637 591 1922 662 unguenti.
1942 589 2089 645 Dicit
2102 588 2270 645 etiam

618 685 778 757 quod
799 701 904 740 vas
943 683 1382 750 comminuerit,
1419 698 1542 754 prae
1571 681 1942 737 festinatione
1985 678 2266 744 videlicet,

617 776 762 847 quia
783 779 1101 846 angustum
1120 777 1262 836 erat,
1287 777 1343 828 et
1363 771 1423 826 in
1440 777 1618 842 caput
1636 769 2012 826 Dominicum
2031 769 2266 824 infudit.

691 865 849 920 Vers.
891 865 944 917 8.
998 862 1205 917 Intuiti
1242 868 1517 918 autem—
1574 859 1732 916 Vers.
1791 860 1845 916 9.
1885 859 2266 929 pauperibus.

619 953 918 1024 Indignati
941 958 1098 1017 sunt,
1122 967 1330 1007 verum
1343 950 1503 1022 apud
1523 965 1674 1013 sese,
1693 949 1999 1004 sicutdixit
2020 952 2265 1013 Marcus,

618 1043 722 1117 qui
753 1041 985 1098 addidit
1007 1057 1109 1097 eos
1137 1040 1355 1096 dixisse
1389 1055 1402 1094 :
1431 1040 1621 1094 Potuit
1649 1040 1758 1095 hoc
1787 1038 2044 1094 distrahi
2070 1038 2268 1107 pluris

619 1148 793 1205 quam
807 1131 1072 1188 trecentis
1090 1130 1352 1186 denariis
1367 1148 1381 1197 ;
1395 1133 1452 1184 et
1471 1128 1632 1202 quod
1653 1128 2057 1198 Infremebant
2073 1128 2268 1184 adver-

615 1237 714 1278 sus
744 1222 915 1278 illam
949 1223 995 1256 ³ο
1016 1220 1131 1276 hoc
1162 1223 1248 1276 est
1278 1217 1696 1290 Objurgabant
1723 1234 1858 1273 eam
1893 1224 1950 1274 et
1995 1217 2269 1289 indigna-

615 1310 839 1367 bantur
856 1310 938 1366 illi
957 1315 1198 1381 propter
1213 1307 1468 1364 abusum
1498 1308 1800 1378 unguenti.
1825 1307 1911 1362 Ad
1932 1308 2044 1364 hoc
2065 1313 2265 1364 autem

617 1399 856 1457 adducti
894 1402 1029 1455 sunt
1057 1399 1461 1454 humanitate:
1497 1413 1635 1452 cum
1676 1395 2017 1469 frequenter
2051 1414 2266 1470 prince-

612 1496 843 1564 ptorem
857 1489 1163 1546 audissent
1179 1487 1364 1544 multa
1375 1486 1448 1542 de
1462 1487 1846 1559 eleemosyna
1859 1487 2261 1554 disserentem,

612 1584 668 1635 et
672 1579 799 1651 jam
813 1594 1100 1650 magnam
1117 1592 1456 1649 pauperum
1479 1592 1672 1632 curam
1693 1576 1980 1634 haberent
1998 1575 2265 1636 Scientes

2381 582 2442 643 ἦν
2475 593 2624 638 τοῦτο
2653 589 2842 659 μύρου.
2881 591 3034 658 Λέγει
3065 585 3124 640 δε
3159 593 3246 640 καὶ
3273 590 3354 641 ὅτι
3406 591 3686 665 συνέτριψε
3740 598 3799 647 τὸ
3829 597 3976 668 ἄγγος

2380 675 2479 726 ὑπὸ
2503 671 2764 743 σπουδῆς,
2797 676 2881 727 οἶα
2909 680 3232 750 στενόπορον.

2450 760 2668 826 ’ἰδόντες
2755 761 2814 817 δι
2879 797 2946 805 —-
3020 774 3275 839 πτῶχοῖς.
3356 766 3782 840 Ἠγανάκτησαν,
3860 772 3974 827 ἀλλὰ

2378 857 2507 928 πρὸς
2573 853 2808 922 ἑαυτούς,
2862 857 2931 916 ὡς
2991 856 3017 907 ὁ
3083 857 3293 930 Μάρκος
3370 855 3528 923 εἶπεν,
3589 862 3644 923 ὃς
3693 865 3973 937 προσέθηκε

2376 948 2465 994 καὶ
2517 945 2596 995 ὅτι
2673 940 2810 996 εἶπον
2841 962 2853 973 ·
2910 941 3168 998 Ἠδύνατο
3257 954 3410 999 τοῦτο
3486 952 3753 1022 πραθῆναι
3815 951 3968 1006 ἐπάνω

2376 1036 2688 1104 τριακοσίων
2772 1030 3056 1109 δηναρίων,
3114 1036 3223 1106 καὶί⁵
3270 1037 3351 1088 ὃτι
3431 1042 3520 1090 καὶ
3589 1039 3968 1115 Ἐνεϐριμῶντον

2377 1122 2529 1193 αὐτῇ,
2611 1125 2878 1174 τουτέστέν
2963 1121 3296 1193 ἐπέπληττον,
3375 1124 3676 1199 ἐμέμφοντο,
3732 1128 3842 1201 [dcit
3910 1138 3964 1191 τη

2374 1214 2738 1286 παράχρησιν.
2801 1212 2884 1273 Εἰς
2938 1220 3091 1266 τοῦτο
3132 1210 3192 1267 δι
3235 1217 3591 1288 προήχθησαν
3644 1220 3744 1272 ύπό
3810 1221 3966 1293 φιλαν-

2377 1301 2627 1372 θρωπίας,
2673 1300 2916 1362 πολλάκις
2961 1311 3053 1354 τοῦ
3109 1299 3439 1358 διδασκάλου
3495 1305 3662 1360 πολλὰ
3689 1314 3802 1382 περὶ
3832 1311 3962 1371 ίλιη-

2373 1392 2603 1462 μοσύνης
2635 1386 3020 1463 διαλεχθέντος,
3063 1397 3152 1444 καὶ
3182 1392 3339 1445 πολὺν
3381 1391 3490 1454 ἤδη
3529 1395 3684 1469 λόγον
3738 1408 3831 1452 τῶν
3879 1418 3959 1453 πε-

2371 1484 2538 1538 νήτων
2600 1482 2826 1551 ἔχοντες,
2908 1486 2994 1533 καί
3049 1485 3386 1554 γίνὼσκοντες
3461 1485 3539 1537 ὅτι
3593 1487 3619 1538 ό
3680 1492 3800 1551 Θεὸς
3834 1489 3954 1542 ἔλεον

2375 1570 2504 1622 θέλει
2555 1574 2644 1622 καὶ
2695 1570 2754 1622 οὐ
2831 1573 3038 1628 θυσίαν.
3096 1571 3546 1646 ’Δξιοθαύμαστος
3614 1573 3676 1630 δέ
3731 1577 3860 1632 ἐστιν
3919 1580 3945 1637 ἡ

2371 1664 2526 1730 γυνη,
2571 1664 2642 1732 μὴ
2713 1664 2992 1734 φεισαμένη
3076 1661 3387 1720 τηλικούτου
3442 1661 3764 1739 ἀναλώματος
3831 1668 3942 1739 ὑπὲρ

611 1669 787 1725 etiam
809 1668 971 1741 quod
1001 1667 1156 1724 Deus
1183 1665 1653 1723 misericordiam
1680 1665 1805 1722 vult
1831 1671 1886 1722 et
1907 1682 2027 1722 non
2043 1666 2265 1723 sacriﬁ-

612 1759 772 1814 cium
802 1760 870 1812 θο.
899 1759 991 1812 Est
1015 1761 1215 1814 autem
1243 1755 1636 1812 admiratione
1665 1755 1850 1826 digna
1878 1755 2006 1812 haec
2031 1756 2261 1824 mulier,

610 1864 746 1921 quae
778 1852 938 1905 tanto
964 1847 1221 1918 sumptui
1246 1861 1367 1902 non
1397 1846 1726 1918 pepercerit
1761 1846 1840 1902 ob
1867 1846 2084 1903 animae
2112 1846 2253 1904 salu-

2375 1845 2528 1891 τοῦτο
2557 1843 2826 1897 πεποίηκε.

613 1943 732 1993 tem
765 1955 779 2004 ;
812 1953 1007 2010 neque
1035 1935 1198 1994 enim
1220 1940 1456 2008 propter
1479 1935 1854 2009 corporalem
1881 1935 1996 1994 hoc
2020 1936 2159 1994 fecit
2180 1953 2268 1993 sa-

611 2027 879 2084 nitatem.

687 2117 846 2172 Vers.
884 2117 969 2170 10.
1017 2115 1142 2184 Quo
1171 2117 1406 2186 cognito
1436 2144 1506 2156 —
1541 2114 1826 2172 mulieri?
1876 2117 2023 2173 Cum
2054 2117 2156 2174 illa
2185 2116 2262 2174 ef-

612 2205 857 2261 fundere
913 2209 1285 2274 unguentum
1335 2203 1691 2266 festinasset,
1737 2205 2021 2277 deinceps
2071 2210 2266 2262 tuetur

611 2311 734 2352 eam
767 2295 1050 2358 Christus,
1071 2309 1195 2350 non
1221 2293 1387 2366 quod
1411 2299 1717 2364 unguento
1739 2294 1852 2349 sibi
1881 2310 2037 2366 opus
2065 2293 2259 2359 fuerit,

611 2385 716 2440 sed
747 2400 820 2440 ne
849 2383 1006 2439 illius
1037 2383 1219 2438 ﬁdem
1261 2382 1656 2439 retunderent.
1705 2388 1762 2438 et
1799 2383 1941 2455 quia
1985 2382 2262 2454 discipuli

606 2473 919 2530 mulierem
955 2473 1348 2544 increpabant
1391 2471 1762 2542 impellentes
1794 2487 1930 2527 eam
1959 2471 2037 2528 ad
2078 2474 2262 2546 paeni-

604 2563 853 2622 tentiam
877 2563 1004 2633 ejus
1034 2563 1199 2634 quod
1230 2561 1465 2627 fecerat,
1515 2561 1852 2616 audientem
1883 2561 1961 2617 ab
1985 2563 2069 2618 eis
2095 2563 2261 2636 quod

601 2669 759 2708 vane
793 2650 1226 2721 consumpserit
1257 2649 1581 2721 pretiosam
1623 2649 2046 2719 substantiam,
2083 2667 2114 2707 e
2163 2652 2259 2707 di-

608 2756 779 2796 verso
797 2740 923 2794 illos
943 2739 1240 2808 objurgat,
1267 2737 1602 2793 molestiam
1625 2737 1830 2794 dicens
1851 2739 2087 2796 dolores
2105 2743 2261 2813 quia

606 2828 950 2902 paenitentia
991 2829 1346 2898 sequuntur,
1378 2826 1601 2882 docens
1631 2829 1798 2898 quod
1832 2844 1952 2884 non
1991 2835 2262 2902 oporteat

608 2916 940 2974 obtundere
967 2916 1270 2972 hominum
1309 2914 1489 2970 ﬁdem
1513 2931 1645 2987 qua:
1674 2917 2008 2986 germinare
2035 2918 2256 2992 incipit,

610 3007 710 3063 sed
752 3006 969 3078 pariter
997 3021 1134 3061 eam
1165 3005 1355 3076 potius
1385 3005 1661 3070 enutrirc,
1691 3021 1885 3079 neque
1915 3008 2074 3065 circa
2102 3011 2253 3082 prin-

2369 3010 2562 3084 μᾶλλον
2605 3010 2788 3079 αὐτὴν,
2847 3014 2934 3061 καὶ
2979 3014 3051 3082 μή
3119 3013 3264 3085 παρὰ
3320 3017 3413 3071 τὴν
3468 3014 3640 3086 ἀρχὴν
3704 3012 3954 3075 ἐπιζητεῖν

609 3095 770 3168 cipia
793 3101 996 3153 exacte
1021 3094 1370 3167 disquirere,
1397 3100 1502 3151 aut
1526 3094 1845 3152 excelsiora
1871 3095 1949 3153 ab
1975 3097 2253 3158 inﬁrmio-

2368 3100 2579 3154 ἅπασαν
2623 3099 2908 3174 ἀκρίϐειαν,
2958 3095 3096 3171 μηδὶ
3143 3103 3210 3152 τὰ
3261 3100 3558 3177 ὑψηλότερα
3602 3107 3722 3165 τοὺς
3757 3103 3955 3158 ἀσθενε-

607 3185 775 3242 ribus
806 3185 1055 3254 exigere.
1092 3183 1316 3240 Deinde
1342 3184 1681 3240 consolatur
1710 3185 1888 3242 etiam
1919 3187 2253 3262 mulierem,

2371 3195 2581 3264 στέρους
2638 3188 2892 3244 ἀπαιτεῖν.
2970 3185 3096 3242 Εἶτα
3168 3193 3554 3265 παραμυθεῖται
3606 3198 3694 3246 καὶ
3746 3198 3836 3253 τὴν
3871 3214 3958 3266 γυ-

605 3275 812 3332 dicens
836 3291 848 3330 :

2366 3288 2537 3346 ναῖκα,
2566 3279 2744 3350 λέγων.

659 3365 820 3423 Vers.
855 3365 942 3422 10.
987 3365 1139 3438 Opus
1185 3395 1251 3407 -
1292 3365 1357 3421 in
1404 3382 1506 3421 me.
1555 3365 1662 3423 Ubi
1705 3365 2052 3440 simpliciter
2102 3385 2252 3442 Opus

599 3454 753 3512 illius
781 3455 1064 3520 laudavit,
1089 3456 1352 3528 primum
1372 3457 1614 3528 quidem
1639 3456 1808 3513 solvit
1825 3457 2253 3530 discipulorum

596 3545 671 3601 de
724 3545 1088 3618 pauperibus
1125 3550 1474 3617 praetextum
1503 3561 1520 3604 :
1554 3551 1761 3618 postea
1805 3562 1945 3603 vero
1983 3547 2251 3606 defendit

2377 1754 2641 1824 σωτηρίας
2683 1749 2871 1821 ψυχῆς
2898 1767 2914 1784 ο
2946 1750 3006 1803 οὗ
3053 1752 3154 1826 γὰρ
3215 1753 3342 1826 ὑπὲρ
3396 1765 3689 1826 σωματικῆς
3740 1756 3939 1826 ἰατρείας

2447 2120 2603 2178 Γνοὺς
2678 2147 2746 2156 -
2808 2121 3074 2188 γυναικί;
3135 2120 3274 2170 Ἐπεὶ
3339 2120 3531 2192 ἔφθασε
3609 2123 3948 2194 καταχυθῆναι

2373 2210 2431 2258 τὸ
2487 2209 2669 2280 μύρον,
2729 2206 2984 2277 ἠνέσχετο
3032 2205 3208 2259 λοιπὸν
3275 2208 3302 2260 ὁ
3351 2211 3558 2284 Κύριος,
3613 2211 3714 2283 οὐχ
3768 2213 3827 2271 ὡς
3867 2215 3950 2262 τοῦ

2371 2299 2538 2368 μύρου
2603 2293 2862 2367 δεόμενος,
2932 2294 3039 2347 ἀλλ’
3080 2297 3162 2347 ἶνα
3214 2301 3287 2368 μη
3338 2295 3569 2372 ἀμϐλύνῃ
3645 2305 3734 2359 τὴν
3786 2305 3950 2352 πίστιν

2372 2385 2552 2448 αὐτῆς.
2616 2385 2754 2438 Ἐπεὶ
2796 2381 2855 2438 δι
2911 2387 2962 2437 οἱ
3017 2386 3268 2458 μαθηταὶ,
3321 2394 3383 2459 τῇ
3423 2394 3629 2458 γυναικὶ
3691 2389 3951 2462 ἐπιτιμῶν-

2370 2494 2470 2541 τες,
2539 2474 2606 2534 εἰς
2652 2473 2987 2547 μεταμέλειαν
3030 2474 3190 2534 αὐτὴν
3248 2483 3340 2527 τοῦ
3390 2481 3740 2551 πεπραγμένου
3796 2479 3947 2536 συνὴ-

2368 2563 2574 2632 λαυνον,
2638 2565 3002 2636 μανθάνουσαν
3067 2565 3189 2639 παρ’
3267 2563 3428 2616 αὐτῶν
3484 2566 3563 2617 ότι
3614 2567 3776 2638 μάτην
3827 2563 3944 2617 ἀνά-

2367 2652 2501 2706 λωσε
2564 2652 2847 2725 πολύτιμον
2916 2653 3027 2724 (82)
3081 2661 3292 2726 χρῆμα,
3350 2651 3653 2727 ἀντεπιτιμᾷ
3725 2657 3943 2720 τούτοις,

2369 2747 2557 2803 κόπους
2804 2742 2964 2814 λέγων
3052 2745 3142 2804 τὰς
3240 2744 3296 2796 ἐκ
3371 2744 3695 2818 μεταμελείας
3749 2741 3946 2812 ὀδύνας,

2369 2827 2643 2886 διδάσκων
2688 2827 2748 2885 δι
2777 2833 2857 2884 ὅτι
2898 2831 2956 2884 ού
2995 2836 3103 2903 χρὴ
3155 2841 3353 2907 πηροῦν
3410 2832 3701 2908 ἀρχομένην
3733 2833 3950 2906 βλαστά-

2367 2941 2467 2974 νειν
2497 2926 2590 2979 τὴν
2659 2925 2839 2973 πίστιν
2903 2929 3002 2972 τῶν
3078 2919 3379 2995 ἀνθρώπων,
3427 2921 3556 2976 ἀλλὰ
3615 2928 3952 2999 συνεκτρέφειν

2437 3369 2627 3444 ⁵Ἐργον
2673 3399 2742 3408 -
2813 3367 2886 3430 εἰς
2936 3365 3041 3440 ἐμέ.
3107 3367 3411 3432 Ἐπαινέσας
3461 3370 3632 3434 ἅπλῶς
3705 3375 3764 3425 τὸ
3814 3373 3955 3448 ἔργον

2362 3459 2541 3532 αὐτῆς,
2592 3467 2793 3534 πρῶτον
2841 3460 2931 3530 μεν
2972 3456 3081 3510 λύει
3134 3462 3228 3517 τὴν
3257 3465 3374 3534 περὶ
3420 3469 3518 3513 τῶν
3564 3470 3791 3533 πτωχῶν
3836 3468 3956 3538 πρό-

2361 3569 2517 3624 φασιν
2557 3558 2656 3602 τῶν
2712 3549 2980 3621 μαθητῶν,
3027 3550 3204 3602 ἔπειτα
3243 3549 3704 3622 ύπεραπολογεῖται
3750 3557 3838 3605 καὶ
3867 3561 3954 3606 τοῦ

593 3633 775 3691 etiam
795 3651 950 3706 opus
979 3633 1127 3703 ejus.

664 3725 824 3778 Vers.
862 3724 948 3777 11.
979 3723 1283 3788 Pauperes
1312 3752 1382 3762 —
1406 3721 1571 3777 Vers.
1609 3727 1693 3779 l2.
1730 3723 1889 3779 f'ecit.
1927 3727 2002 3780 De
2025 3741 2248 3798 paupe-

591 3811 760 3868 ribus
792 3810 1031 3882 scripsit
1061 3813 1286 3866 Marcus
1319 3828 1332 3866 :
1368 3811 1511 3866 Cum
1543 3811 1756 3883 inquit,
1806 3814 2123 3884 volueritis,
2147 3833 2246 3889 ρο.

595 3900 752 3957 testis
781 3899 902 3955 illis
929 3899 1065 3955 bene
1090 3899 1288 3967 facere
1313 3900 1382 3954 οι.
1419 3898 1675 3955 Dicendo
1707 3906 1908 3958 autem
1937 3920 1950 3958 :
1982 3905 2080 3962 Me
2108 3922 2245 3964 vero

593 4006 714 4046 non
766 4004 992 4058 semper
1043 3989 1268 4053 habetis,
1327 3988 1505 4045 caedis
1545 4006 1667 4045 sum
1715 4007 1849 4062 quae
1887 3995 2062 4065 paulo
2109 4003 2245 4068 post

591 4077 796 4134 futura
825 4083 949 4134 erat
984 4077 1347 4134 mentionem
1371 4079 1456 4134 eis
1484 4078 1705 4151 injecit.
1729 4082 1828 4137 Ad
1845 4085 2241 4152 sepeliendum

588 4185 676 4226 me
691 4170 850 4238 fecit,
881 4169 995 4224 hoc
1022 4173 1126 4232 est,
1169 4168 1258 4224 Ad
1289 4168 1657 4240 sepulturam
1689 4186 1908 4238 meam,
1952 4178 2237 4247 tanquam

586 4274 723 4331 qum
763 4258 1208 4330 praepnetizavit
1237 4261 1488 4315 mortem
1520 4275 1716 4316 meam
1742 4259 1906 4317 brevi
1950 4261 2238 4322 futuram.

585 4349 654 4404 Et
705 4348 818 4404 hoc
870 4349 1046 4403 etiam
1109 4345 1474 4403 manifestius
1534 4347 1686 4404 dixit
1735 4352 1960 4406 Marcus
2003 4369 2017 4405 :
2077 4354 2240 4420 Quod

584 4437 786 4494 habuit
815 4438 959 4503 haec,
983 4437 1127 4506 fecit
1157 4452 1168 4491 :
1193 4436 1469 4505 praevenit
1494 4444 1552 4492 ut
1577 4445 1809 4509 ungeret
1829 4455 2038 4510 corpus
2057 4458 2237 4500 meum

582 4526 657 4584 ad
697 4527 1054 4594 sepulturam
1092 4527 1139 4560 ⁹²
1184 4526 1358 4581 Moris
1389 4525 1550 4582 enim
1587 4533 1710 4585 erat
1753 4544 1892 4585 cum
1927 4534 2236 4601 unguentis

580 4614 831 4686 sepelire
842 4630 1115 4686 corpora,
1141 4620 1205 4670 ut
1225 4615 1446 4670 diutius
1466 4615 1805 4688 incorrupta
1819 4619 2230 4685 perdurarent.

581 4703 741 4770 Qnod
793 4704 1018 4769 habuit,
1071 4703 1136 4758 id
1187 4711 1288 4769 est,
1326 4706 1494 4770 Quod
1537 4705 1747 4776 potuit.
1785 4709 1846 4762 Et
1875 4712 1937 4761 tu
1987 4724 2128 4778 ergo
2185 4712 2229 4766 si

578 4792 813 4862 aliquos
843 4796 1252 4848 construentes
1279 4794 1552 4849 ecclesias
1580 4799 1681 4850 aut
1702 4797 2085 4865 monasteria,
2112 4800 2230 4858 sive

581 4897 779 4938 sacras
821 4882 1110 4954 imagines
1153 4882 1387 4950 videris,
1428 4897 1504 4937 ne
1543 4883 1767 4938 factum
1807 4884 1960 4940 dirui
1986 4886 2222 4958 jubeas,

578 4987 654 5028 ne
705 4971 892 5027 animi
938 4971 1176 5028 illorum
1226 4971 1757 5044 promptitudinem
1801 4977 2132 5035 retundas:
2180 4982 2229 5036 si

576 5077 716 5118 vero
742 5062 1091 5134 priusquam
1117 5060 1385 5126 aediﬁcet,
1411 5067 1467 5117 te
1490 5062 1791 5135 quispiam
1831 5064 2225 5141 interrogave-

576 5149 670 5216 rit,
687 5149 893 5222 jubeto
915 5151 1053 5208 dare
1079 5149 1462 5224 pauperibus.

2359 3642 2510 3712 ἔργου
2538 3639 2667 3698 αὐτῆ
2678 3659 2720 3700 ς.

2427 3732 2555 3789 Τοὺς
2615 3731 2864 3800 πτωχοὺς
2927 3757 2996 3768 _
3055 3726 3279 3783 ἐποίησε.
3371 3729 3495 3800 Περὶ
3562 3733 3662 3777 τῶν
3715 3739 3944 3802 πτωχῶν

2356 3815 2691 3891 ἐκδηλότερον
2775 3816 2992 3892 ἔγραψεν
3059 3816 3084 3866 ὁ
3124 3816 3354 3890 Μάρκος.
3417 3812 3573 3867 ὀταν
3637 3818 3757 3892 γύρ,
3813 3825 3943 3891 φησι

2357 3909 2550 3974 θελητε,
2599 3907 2787 3969 αὐτοὺς
2846 3904 3069 3958 δύνασθε
3122 3903 3233 3976 (83)
3284 3905 3601 3964 εὗποιῆσαι.
3655 3906 3822 3960 Εἰπὼν
3866 3905 3945 3977 δι,

2355 4000 2434 4051 ὅτι
2489 3997 2609 4069 Ἐμὲ
2666 3993 2725 4048 δὲ
2794 3995 2852 4047 ού
2907 3997 3125 4048 πάντοτε
3199 3996 3366 4066 ἔχετε,
3434 3996 3728 4066 ὑπόμνησιν
3779 3998 3954 4062 αὐτοῖς

2355 4085 2553 4140 ἐνέϐαλε
2603 4093 2700 4147 τῆς
2769 4085 2878 4158 μετ’
2934 4084 3106 4155 ὀλίγον
3195 4091 3402 4156 σφαγῆς
3463 4084 3647 4142 αὐτοῦ.
3708 4091 3846 4164 Πρὸς
3897 4092 3954 4142 τὸ

2353 4176 2659 4248 ἐνταφιάσαι
2764 4169 2891 4247 μεδί
2989 4172 3253 4244 ἐποίησεν,
3380 4172 3492 4226 ἀντὶ
3590 4183 3705 4248 τοῦ,
3825 4182 3959 4253 Πρὸς

2351 4265 2698 4338 ἐνταφιασμόν
2751 4282 2872 4336 μου,
2941 4265 3173 4337 καθάπερ
3241 4266 3644 4336 προφητεύουσα
3693 4270 3782 4320 τόν
3833 4269 3960 4328 πλη-

2352 4356 2605 4416 σιάζοντά
2660 4372 2759 4426 μου
2813 4352 3050 4406 θάνατον.
3133 4356 3234 4404 Καὶ
3286 4359 3437 4405 τοῦτο
3490 4350 3554 4407 δὲ
3617 4364 3958 4433 φανερώτερον

2349 4448 2547 4519 εἷρηκεν
2599 4445 2625 4496 ὁ
2682 4445 2909 4516 Μάρκος,
2990 4441 3070 4492 ὅτι
3137 4438 3204 4492 Ὀ
3292 4443 3449 4512 ἴσχέν
3532 4445 3669 4504 αὕτη
3730 4446 3958 4508 ἐποίησε.

2347 4532 2592 4608 προέλαϐε
2643 4534 2744 4605 γὰρ
2803 4533 3023 4604 μυρίσαι
3088 4547 3188 4600 μου
3263 4532 3322 4580 τὸ
3410 4538 3577 4603 σῶμα
3630 4536 3704 4599 εἰς
3756 4541 3842 4591 τὸν
3893 4538 3964 4591 ἄν-

2344 4626 2658 4697 ταφιασμόν.
2735 4620 2888 4681 Ἐθος
2962 4619 3064 4693 γὰρ
3146 4616 3208 4674 ἧν
3265 4619 3453 4692 μύροις
3533 4625 3861 4698 ἐνταφιάζειν
3904 4631 3967 4681 τὰ

2345 4720 2561 4785 σώματα
2612 4714 2737 4784 πρὸς
2793 4712 2850 4761 τὸ
2889 4704 3144 4778 διαρκεῖν.
3203 4704 3268 4758 Ὀ
3333 4703 3392 4759 δί
3451 4708 3578 4784 (84)
3630 4717 3790 4790 ἔσχεν
3829 4718 3962 4790 (85),

2341 4801 2453 4855 ἀντὶ
2505 4809 2618 4868 τοῦ,
2661 4798 2680 4814 ⁸
2709 4806 2750 4851 Ο
2799 4794 3051 4857 ἠδύνατο.
3096 4800 3195 4848 Καὶ
3251 4798 3316 4847 σὺ
3346 4801 3546 4868 τοίνυν,
3595 4803 3683 4857 ἐὰν
3723 4811 3814 4878 μὲν
3845 4804 3962 4881 ἴδῃς

2338 4894 2478 4952 τινὰς
2530 4888 3018 4948 κατασκευάζοντας
3083 4883 3380 4956 ἐκκλησίας,
3437 4887 3468 4948 ἣ
3526 4901 3880 4971 μοναστὴρια,
3928 4897 3955 4957 ἦ

2339 4981 2669 5054 ἀναθήματα,
2711 4982 2781 5049 μὴ
2842 4977 3012 5029 κέλευε
3064 4972 3338 5026 καταλύειν
3399 4979 3461 5028 τὸ
3521 4987 3818 5057 γινόμενον,
3883 4988 3962 5040 ἶνα

2337 5076 2408 5145 μὴ
2445 5075 2696 5146 πηρώσῃς
2743 5066 2912 5120 αὐτῶν
2961 5067 3050 5122 τὴν
3098 5064 3390 5138 προθυμίαν
3425 5081 3440 5094 °
3503 5067 3592 5122 ἐὰν
3636 5070 3698 5128 δε
3732 5079 3835 5151 πρὸ
3874 5083 3962 5130 τοῦ

2335 5161 2732 5214 κατασκευάσαι
2793 5175 2876 5217 τις
2933 5152 3196 5229 ἐρωτήσῃ,
3236 5151 3407 5206 κέλευε
3449 5152 3644 5216 δοῦναι
3705 5173 3960 5240 πτωχοῖς.

648 5281 694 5343 ⁸⁵
735 5307 905 5362 Marc.
941 5319 1058 5372 xw,
1082 5305 1132 5369 4,
1164 5303 1218 5357 5.
1243 5304 1290 5339 6°
1311 5301 1455 5387 Osee
1481 5319 1558 5373 vi,
1591 5307 1623 5364 6
1645 5324 1664 5379 ς
1695 5307 1889 5366 Matth.
1921 5326 2001 5383 ix,
2039 5316 2120 5370 13.
2160 5314 2204 5352 ⁸1
2229 5315 2406 5374 Marc.
2427 5330 2546 5381 11v,
2577 5317 2631 5370 7.
2673 5312 2722 5348 "
2751 5307 2900 5366 ibid.
2938 5309 2992 5365 8.

1802 5516 2024 5586 Variae
2055 5519 2379 5589 lectiones
2423 5531 2486 5590 et
2528 5525 2734 5588 notae.

651 5676 766 5755 (8‘2)
794 5683 863 5735 Τὸ
904 5675 1206 5806 πολύτέμον,
1248 5679 1376 5736 Cod.
1417 5682 1483 5736 A.

651 5755 763 5806 t83l
796 5752 1041 5806 Θέληται.
1112 5755 1336 5806 ύνασηαι
1358 5753 1483 5806 αὐτο

649 5752 763 5826 (83)
796 5752 1041 5821 Θέληται,
1075 5752 1336 5823 δύνασθαι
1358 5753 1567 5820 αύτούς,
1599 5754 1740 5812 Cod.
1771 5757 1836 5811 Α.

2438 5690 2524 5752 8ῖ)
2559 5693 2640 5752 Δί,
2667 5685 2886 5742 omittit
2908 5679 3022 5738 cod

2438 5693 2500 5745 83
2559 5693 2640 5752 Δί,
2667 5690 2886 5742 omittit
2908 5697 2988 5738 COt

2412 5690 2528 5835 $85;
2554 5766 2623 5815 Τὸ
2657 5755 2716 5812 δι
2750 5761 2908 5829 ἔσχεν
2951 5760 2988 5806 Β
