4198 6470
175 417 301 472 649
1163 416 1532 473 COMMENT.
1575 415 1647 471 IN
1680 413 2122 472 MATTH/EUM.
2163 445 2232 454 —
2272 415 2428 470 CAP.
2458 416 2659 471 XXVI.
3455 423 3560 478 650

263 541 436 616 Ἀμην
473 574 546 586 —-
621 542 803 606 αὐτῆς.
861 549 1024 596 Τοῦτο
1075 546 1167 594 καὶ
1230 549 1325 604 τῆς
1379 545 1629 614 γυναικός
1701 561 1798 594 πα·
1829 541 1876 595 Α

1977 542 2138 599 Vers.
2193 545 2275 598 13.
2327 542 2506 598 Amen
2554 572 2623 583 —
2665 542 2877 612 ipsius.
2910 543 3042 601 Hoc
3087 548 3144 600 et
3193 543 3326 602 laus
3367 551 3454 604 est
3492 564 3562 607 ac

159 632 450 704 ροξκλησις
497 637 587 686 καὶ
629 635 831 694 ἔπαινος
896 628 976 698 ἦν,
1025 635 1116 684 καὶ
1165 639 1266 684 τῶν
1335 633 1582 703 μαθητῶν
1637 651 1802 705 παρα-

1908 629 2237 687 consolatio
2286 629 2567 696 mulieris,
2627 635 2684 688 et
2753 631 3187 704 discipulorum
3259 634 3559 706 solatium,

159 723 361 794 μυθία
395 737 408 751 ⁸
443 731 539 786 τῆς
582 725 693 795 μὲν,
749 724 831 774 ὅτι
868 723 1016 774 ἔσται
1063 722 1199 773 κατὰ
1241 726 1417 774 πᾶσαν
1448 717 1674 794 ᾀδομένη
1709 725 1800 778 την

1907 719 2064 775 illius
2087 719 2355 792 quidem,
2383 720 2528 792 quia
2548 734 2654 792 per
2680 720 3026 778 universum
3068 721 3264 779 orbem
3289 723 3565 782 decanta-

161 809 502 884 οἰκουμένην
537 831 551 845 υ
584 820 686 864 τῶν
745 807 824 879 δε,
886 811 967 863 ὅτι
1023 813 1082 863 τὸ
1128 813 1376 885 κήρυγμα
1431 816 1606 863 πᾶσαν
1660 828 1802 883 περι-

1906 808 2086 875 bitur;
2121 809 2329 865 horum
2363 814 2585 874 autem,
2619 809 2762 882 quia
2792 810 3139 882 praedicatio
3174 815 3366 869 totum
3404 830 3564 871 com-

160 899 324 974 λοὶϐῃ
387 901 599 973 (86-87)
665 904 760 959 τὴν
839 899 1163 972 οἰκουμένην.
1238 902 1307 952 Τό
1374 899 1685 972 Εύαγγίλιον
1740 896 1800 952 δὶ

1906 897 2234 970 prehendet
2254 899 2551 954 mundum
2566 939 2580 954 .
2611 897 2733 955 Hoc
2755 899 3166 970 Evangelium,
3191 900 3254 958 id
3276 906 3386 967 est,
3411 919 3564 976 opus

165 997 368 1058 τοῦτο,
402 988 516 1043 ἀντὶ
567 987 682 1058 τού,
733 991 764 1049 ἠ
817 993 1152 1063 πραγματεία
1197 990 1227 1047 ἡ
1277 987 1398 1060 ἐμὴ,
1429 994 1458 1048 ἡ
1485 984 1736 1059 διήγησις
1765 989 1795 1047 ἡ

1910 1002 2111 1042 meum
2142 992 2197 1042 et
2227 986 2486 1043 narratio
2515 985 2676 1044 facta
2727 987 2802 1044 de
2833 1004 2952 1044 me.
3002 989 3078 1047 Et
3106 1005 3237 1046 vere
3267 997 3565 1065 quotquot

168 1079 314 1132 κατ’
342 1077 449 1151 ἐμέ.
505 1083 606 1132 Καὶ
659 1082 832 1144 ὅντως,
887 1079 1004 1130 ὅσοι
1048 1083 1372 1150 γινώσκουσι
1416 1079 1483 1129 τὰ
1528 1079 1661 1130 κατὰ
1710 1079 1797 1129 τόν

1907 1080 2277 1145 cognoscunt
2322 1091 2394 1130 ea
2421 1091 2558 1147 quas
2603 1074 2764 1133 circa
2809 1075 3106 1135 Christum
3161 1081 3559 1151 contigerunt,

173 1172 450 1243 Χριστόν,
491 1173 816 1240 γινώσκουσι
867 1172 957 1219 καὶ
1016 1167 1042 1229 ὃ
1101 1165 1342 1224 ἐποίησιν
1401 1165 1554 1233 αὕτη,
1592 1171 1682 1218 καὶ
1725 1173 1798 1236 τῷ

1907 1163 2084 1220 etiam
2136 1164 2197 1218 id
2227 1169 2443 1219 norunt
2485 1164 2651 1236 quod
2697 1163 2826 1220 huic
2878 1164 3014 1223 fecit
3045 1183 3059 1232 ;
3087 1171 3144 1224 et
3197 1168 3375 1225 simul
3425 1186 3561 1227 cum

177 1257 480 1329 εὐαγγελίῳ
556 1258 927 1330 συνεκηρύχθη
987 1259 1045 1309 τό
1095 1259 1252 1330 ἕρχον
1300 1254 1484 1326 αὐτῆς,
1561 1259 1652 1307 καὶ
1727 1253 1798 1316 εἰς

1908 1252 2226 1323 Evangelio
2272 1252 2666 1324 praedicatum
2699 1258 2791 1310 est
2829 1253 3011 1325 hujus
3042 1271 3218 1329 opus,
3253 1263 3309 1316 et
3336 1259 3402 1316 in
3433 1261 3565 1318 uni-

181 1350 407 1400 ἅπασαν
453 1351 547 1405 τὴν
593 1356 693 1420 γῆν
745 1343 1026 1420 διέδραμεν
1101 1345 1256 1408 αὐτῆς
1314 1349 1373 1398 τὸ
1445 1349 1792 1418 μνημόσυνον.

1906 1358 2148 1400 versum
2174 1342 2463 1414 percurrit
2490 1343 2694 1398 orbem
2721 1341 2905 1414 hujus
2932 1345 3245 1403 memoria.
3277 1347 3393 1404 Sed
3416 1365 3563 1422 quo-

189 1443 301 1491 Καὶ
337 1445 446 1498 πῶς
513 1433 666 1490 οὐδὲν
723 1438 1068 1509 πνευματικόν
1121 1437 1382 1508 ύπίσχετο
1443 1431 1506 1507 τῇ
1565 1438 1798 1506 γυναικὶ,

1910 1431 2093 1489 modo
2122 1430 2272 1487 nihil
2301 1430 2600 1502 spirituale
2630 1430 2864 1488 mulieri
2895 1433 3190 1505 promisit,
3225 1436 3325 1492 sed
3355 1453 3565 1512 perpe-

194 1525 329 1578 ἀλλά
357 1530 516 1598 μόνην
571 1530 667 1584 τὴν
721 1525 884 1578 εἰσαεὶ
940 1529 1148 1598 μνήμην
1212 1524 1398 1590 ςἈπό
1455 1526 1652 1584 ταύτης
1711 1527 1802 1575 καὶ

1909 1526 2074 1579 tuam
2104 1520 2400 1576 duntaxat
2427 1520 2786 1577 memoriam
2824 1522 2853 1578 ?
2874 1523 2956 1577 Ex
2985 1521 3101 1579 hoc
3132 1539 3277 1582 sane
3303 1531 3368 1582 ut
3409 1527 3565 1586 illius

201 1620 324 1689 περὶ
365 1614 554 1669 ἑκείνου
607 1613 812 1690 θαῤῥεῖν
875 1610 1084 1668 ἔδωκεν.
1131 1613 1192 1667 Εἰ
1236 1616 1338 1688 γὰρ
1419 1613 1572 1665 καλὸν
1657 1615 1804 1686 ἔργον

1911 1625 2154 1685 quoque
2169 1609 2453 1666 ﬁduciam
2465 1609 2715 1666 haberet
2731 1609 2925 1681 dedit;
2945 1627 3088 1668 nam
3109 1612 3161 1668 si
3172 1613 3398 1671 bonum
3411 1617 3566 1674 illius

225 1703 353 1777 αὐτῇ
393 1707 880 1780 προσεμαρτύρησε,
933 1699 1216 1776 πρόδηλον,
1267 1704 1347 1755 ὅτι
1396 1698 1557 1756 δώσει
1603 1704 1806 1754 καὶτὸν

1913 1700 2099 1758 fuisse
2153 1715 2308 1771 opus
2354 1703 2599 1756 testatus
2645 1702 2752 1766 est,
2810 1699 3198 1758 manifestum
3259 1709 3347 1759 est
3401 1707 3567 1777 quod

213 1793 336 1866 ὑπὲρ
393 1797 577 1846 τούτου
620 1794 832 1867 μισθόν.
890 1794 1186 1866 Προετύπου
1242 1787 1301 1844 δὲ
1356 1793 1386 1850 ἡ
1433 1794 1522 1863 μὶν
1552 1794 1680 1863 γυνὴ
1715 1794 1806 1848 την

1914 1788 2093 1845 etiam
2121 1787 2408 1859 rependet
2437 1803 2545 1860 pro
2577 1787 2710 1858 ipso
2764 1789 3125 1846 mercedem.
3164 1790 3571 1864 Prasﬂguravit

212 1880 540 1949 Ἐκκλησίαν,
572 1887 668 1940 τὴν
705 1886 952 1956 πρότερον
1010 1880 1171 1933 οὖσαν
1220 1879 1522 1953 ἁμαρτωλὸν
1561 1897 1574 1911 ⁶
1631 1883 1691 1932 τὸ
1749 1875 1809 1932 δί
1843 1885 1870 1938 E

1914 1884 2115 1935 autem
2167 1877 2296 1933 haec
2370 1875 2585 1932 mulier
2637 1875 2981 1944 Ecclesiam,
3035 1894 3170 1950 quas
3226 1881 3394 1952 prius
3445 1889 3570 1941 erat

210 1973 392 2045 μύρον,
463 1976 556 2030 τὴν
611 1977 812 2038 πίστιν,
866 1970 926 2028 ἣν
978 1968 1176 2042 ἐξέχειν
1230 1969 1302 2032 εἰς
1355 1976 1606 2044 Χριστόν.
1659 1968 1804 2021 ’Υπόο

1913 1966 2621 2040 peccatrix.Unguentum
2635 1963 2984 2030 vero,ﬁdem
2997 1983 3182 2040 quam
3195 1968 3256 2024 in
3267 1970 3568 2030 Christum

213 2079 404 2130 μνησιν
479 2057 538 2114 δὴ
596 2068 700 2121 τοῖς
756 2061 1030 2133 μαθηταῖς,
1083 2061 1148 2120 ὡς
1207 2059 1501 2134 εἰρήκαμεν,
1575 2057 1806 2131 ἐμϐαλὼν

1914 2056 2146 2114 effudit.
2203 2054 2851 2111 Commemorationem
2895 2061 3093 2112 autem
3163 2057 3465 2133 discipulis
3505 2066 3569 2120 ut

213 2158 313 2210 τῆς
363 2148 471 2221 μετ’
531 2149 699 2221 ὀλίγον
732 2158 935 2222 σφαγῆς
973 2149 1154 2214 αύτοῡ,
1212 2153 1302 2201 καὶ
1342 2152 1427 2200 τὸν
1459 2144 1664 2202 Ἰούδαν
1689 2150 1807 2201 ύπέ-

1913 2146 2176 2202 diximus
2201 2143 2574 2215 suggerendo
2615 2143 2966 2216 propinque:
2996 2145 3177 2202 credis
3209 2165 3352 2214 suae,
3386 2151 3567 2209 etiam

215 2237 383 2303 νυξεν,
451 2240 518 2298 ὡς
573 2238 632 2290 ού
677 2237 851 2295 λέληθε
919 2240 1114 2311 πονηρά
1171 2242 1532 2310 σκεπτόμενος,
1599 2239 1808 2290 ύπανοί-

1913 2237 2132 2292 ludam
2163 2235 2319 2290 clam
2347 2232 2663 2305 percussit,
2697 2238 2900 2304 utpote
2927 2234 3092 2306 quod
3123 2236 3418 2296 Christum
3445 2257 3567 2298 non

211 2347 317 2399 γων
381 2326 525 2380 αὐτῶ
589 2332 858 2399 μετανοίας
917 2330 1102 2400 θύραν.
1176 2327 1235 2382 Ὀ
1316 2323 1374 2380 δὲ
1436 2331 1807 2400 καὶπρότερον

1913 2325 2332 2396 lateretipsum
2354 2322 2562 2395 iniqua
2588 2328 2839 2378 tractare
2865 2344 2876 2376 :
2900 2327 3190 2396 tanquam
3210 2329 3569 2397 paenitentia:

213 2419 304 2488 μὶν
366 2418 451 2468 ἐπὶ
498 2424 592 2477 τῆς
643 2412 866 2488 ἀδελφῆς
908 2424 1000 2468 τοῦ
1045 2418 1294 2492 Λαζάρου
1345 2412 1676 2488 διεγόγγυσι,
1733 2415 1809 2468 λέ-

1914 2415 2164 2486 januam
2196 2413 2275 2468 illi
2325 2411 2669 2485 aperiendo.
2704 2411 2801 2467 Ille
2838 2417 3040 2468 autem
3088 2415 3265 2470 etiam
3297 2417 3462 2488 prius
3497 2419 3572 2476 de

212 2525 318 2576 γων
369 2521 382 2535 ⁶
457 2509 607 2558 Διατί
657 2513 806 2558 τοῦτο
855 2508 914 2558 τὸ
966 2508 1127 2578 μύρον
1194 2505 1288 2558 ούκ
1346 2503 1544 2580 ἐπράθη
1599 2524 1810 2577 τριακο-

1919 2519 2118 2560 sorore
2152 2503 2348 2558 Lazari
2393 2505 2892 2567 murmuraverat.
2926 2501 3132 2558 dicens
3165 2520 3178 2559 :
3225 2505 3422 2573 Quare
3466 2509 3577 2566 hoc

214 2597 338 2645 σίων
383 2589 666 2666 δηναρίων,
725 2599 814 2646 καὶ
865 2591 1024 2652 ἐδόθη
1078 2601 1316 2667 πτωχοῖς
1346 2591 1508 2663 ;Εἷπε
1539 2591 1617 2660 δι,
1656 2599 1808 2666 φησὶ,

1918 2599 2289 2664 unguentum
2317 2607 2435 2647 non
2462 2590 2644 2648 veniit
2672 2591 2944 2648 trecentis
2971 2592 3237 2650 denariis
3277 2602 3330 2652 et
3369 2597 3576 2655 datum

209 2690 379 2749 τοῦτο,
445 2683 551 2756 οὐχ
616 2685 698 2736 ὅτι
773 2689 892 2758 περὶ
959 2692 1057 2736 τῶν
1123 2692 1355 2756 πτωχῶν
1418 2683 1584 2756 ἔμελεν
1646 2684 1810 2755 αύτῷ,

1921 2690 2000 2741 est
2041 2683 2238 2753 egenis
2269 2683 2297 2736 ?
2328 2681 2494 2738 Dixit
2525 2687 2722 2737 autem
2752 2681 2882 2745 hoc,
2918 2681 3110 2754 inquit
3148 2683 3427 2757 Joannes,
3459 2703 3579 2744 non

211 2771 317 2824 ἀλλ’
381 2775 461 2825 ὅτι
522 2772 746 2834 κλέπτης
811 2769 895 2837 ἦν,
971 2777 1060 2825 καὶ
1117 2775 1174 2826 τὸ
1239 2772 1608 2846 γλωσσόκομον
1674 2770 1812 2846 εἶχε,

1925 2773 2078 2844 quod
2106 2772 2178 2828 de
2212 2772 2406 2842 egenis
2455 2769 2748 2826 sollicitus
2798 2776 2963 2836 esset,
2997 2771 3102 2827 sed
3131 2775 3273 2844 quia
3302 2781 3408 2846 fur
3453 2781 3583 2835 erat

209 2866 300 2914 καὶ
354 2864 421 2915 τά
482 2859 774 2935 βαλλόμενα
836 2860 1111 2923 ἕϐάσταζε.
1186 2865 1256 2916 Τὸ
1317 2860 1689 2934 γλωσσόκομον
1753 2858 1812 2915 δὲ

1921 2867 1974 2918 et
1993 2862 2214 2919 locutos
2247 2859 2506 2923 habebat,
2529 2875 2600 2916 ac
2621 2875 2688 2917 ea
2715 2875 2840 2932 quae
2865 2858 3255 2918 mittebantur
3277 2866 3579 2934 portabat.

213 2947 274 3009 ἦν
307 2949 608 3024 βαλάντιον,
650 2950 764 3022 (88)
823 2949 933 3021 ὶνῷ
962 2954 1026 3003 τὰ
1072 2955 1441 3026 προσαγόμενα
1496 2953 1658 3026 χάριν
1711 2960 1810 3003 τῶν
1851 3021 1871 3026 _

1926 2950 2123 3008 Loculi
2143 2956 2344 3006 autem
2375 2954 2544 3005 erant
2569 2947 2945 3020 marsupium
2971 2949 3032 3005 in
3079 2967 3201 3024 quo
3223 2955 3584 3014 recondebat

215 3021 444 3099 πενητων
487 3021 1053 3114 ἐναπιθησαυρίζοντο.
1112 3021 1216 3093 ⁷’Ὡν
1368 3021 1806 3113 βαλανειοφύλαξ,
1842 3021 1873 3080 C

1923 3055 2137 3113 eaquae
2153 3053 2492 3111 pauperum
2507 3039 2694 3107 gratia
2709 3037 2893 3094 ascita
2905 3021 3170 3111 (v)erant
3189 3058 3202 3097 :
3220 3059 3360 3099 cum
3377 3050 3581 3104 autem

214 3129 447 3182 ἐϐούλετο
469 3135 558 3182 καὶ
584 3133 642 3182 τό
666 3135 874 3202 τίμημα
891 3137 982 3182 τοῦ
1012 3132 1180 3205 μύρου
1212 3127 1711 3202 ἓναποταμιευθῆναι
1739 3139 1811 3201 τῷ

1920 3129 2144 3186 loculos
2176 3131 2456 3191 servaret,
2514 3127 2752 3183 volebat
2777 3128 2956 3183 etiam
3002 3130 3293 3199 unguenti
3323 3135 3578 3204 pretium

215 3217 494 3292 βαλαντίῳ,
528 3221 610 3272 ἵνα
640 3215 854 3272 δύναιτο
903 3218 1104 3290 κλέψαι.
1135 3218 1457 3294 Φιλαργυρίᾳ
1498 3221 1596 3294 γὰρ
1641 3219 1810 3286 ἁλοὺς,

1921 3218 1985 3274 in
2005 3216 2213 3274 loculis
2231 3217 2498 3286 recondi,
2519 3232 2641 3286 quo
2666 3215 2848 3272 furari
2870 3217 3009 3272 inde
3031 3225 3248 3290 posset.
3272 3222 3578 3294 Siquidem

215 3308 288 3369 εἰς
327 3307 521 3366 κλοπὴν
579 3309 731 3382 ἐώρα.
764 3313 886 3360 Τότε
944 3308 1002 3360 δὲ
1029 3312 1209 3380 τυχὼν
1251 3307 1553 3379 ἀπολογίας,
1586 3306 1694 3360 ἐπεὶ
1723 3313 1813 3360 καὶ

1921 3308 2168 3365 avaritia
2201 3312 2410 3378 captus
2436 3307 2497 3360 in
2542 3305 2768 3360 furtum
2800 3304 3167 3364 intendebat.
3199 3311 3264 3364 Et
3290 3315 3429 3366 tunc
3449 3313 3578 3384 qui-

213 3405 304 3449 νῦν
332 3402 390 3450 τὸ
419 3398 542 3450 αύτό
571 3400 780 3468 γεγονός
807 3393 930 3465 εἶδε,
974 3402 1064 3449 καὶ
1092 3405 1185 3457 τῆς
1229 3399 1470 3471 ἀφορμῆς
1496 3405 1586 3448 τοῦ
1625 3395 1812 3468 κλέψαι

1921 3399 2060 3452 dem
2087 3395 2167 3450 illi
2188 3409 2541 3466 responsum
2565 3397 2654 3448 est
2680 3391 2788 3464 (cr),
2820 3393 2926 3448 sed
2953 3396 3094 3467 quia
3125 3412 3284 3452 nunc
3309 3396 3466 3455 idem
3495 3401 3579 3458 fa-

213 3485 371 3539 πάλιν
397 3485 674 3560 ἀπέτυχεν,
704 3487 772 3548 εἰς
801 3485 960 3558 ὀργὴν
1011 3486 1188 3538 λοιπόν
1229 3485 1503 3550 ἐξεκαύθη,
1553 3491 1641 3539 καὶ
1674 3487 1812 3539 εἰσε-

1922 3491 2082 3543 ctum
2116 3483 2278 3549 vidit,
2311 3497 2379 3538 ac
2406 3481 2643 3537 furandi
2672 3481 2986 3538 occasione
3017 3499 3222 3540 rursus
3267 3487 3579 3546 fraudatus

213 3575 422 3636 λθόντος
451 3576 517 3638 εἰς
565 3576 722 3629 αὐτόν
751 3583 843 3628 τοῦ
887 3582 1106 3642 Σατανᾶ,
1138 3577 1308 3638 καθὼς
1349 3572 1484 3628 εἶπεν
1523 3577 1550 3628 ό
1582 3581 1808 3644 Λουκᾶς,

1923 3581 2028 3642 est,
2053 3577 2182 3647 jam
2217 3577 2277 3629 in
2317 3571 2469 3627 iram
2500 3572 2755 3627 exarsit:
2797 3587 3055 3646 cumque
3081 3573 3386 3644 ingressus
3425 3585 3581 3637 esset

216 3666 444 3740 ἄρχεται
468 3675 526 3726 τῆ
539 3687 559 3728 ς
589 3664 832 3724 ἔπιϐουλῆ
845 3685 884 3728 ς.

1926 3666 1986 3722 in
2045 3681 2186 3721 eum
2245 3666 2516 3732 Satanas,
2591 3661 2740 3718 sicut
2821 3662 2969 3720 dixit
3049 3666 3254 3732 Lucas,
3332 3667 3581 3728 insidias

1487 3810 1493 3815 .
1927 3756 2170 3828 appeuL

288 3848 412 3898 Τότε
473 3875 543 3885 -
605 3840 910 3918 παραδώσω
985 3842 1140 3896 αὐτόν
1207 3859 1222 3910 ;
1288 3841 1410 3897 Ὀτι
1471 3846 1501 3902 ἠ
1571 3842 1816 3918 ἀλλοτρία

1996 3847 2163 3901 Vers.
2215 3845 2294 3898 14.
2352 3842 2503 3898 Tunc
2555 3873 2624 3883 —
2679 3843 2840 3898 Vers.
2908 3847 2990 3899 15.
3052 3844 3208 3902 Eum
3261 3849 3500 3907 tradam
3553 3850 3583 3908 τ

217 3934 479 4007 ᾠκειὼθη,
527 3939 642 3987 τότε
681 3935 706 3986 ό
759 3933 946 3994 οἰκεῖος
1010 3931 1354 4009 ἠλλοτριώθη,
1408 3939 1499 3987 καὶ
1560 3933 1812 4008 ἐπορεύθη

1925 3933 2074 3991 Cum
2127 3933 2323 3989 aliena
2375 3935 2462 3986 est
2519 3929 2728 3988 eﬂecta
2785 3931 3138 3991 domestica.
3186 3940 3329 3994 tunc
3384 3939 3581 3997 dome-

218 4028 350 4098 πρός
405 4023 614 4091 αὐτοὺς,
663 4023 768 4096 ούχ
799 4023 886 4075 ὑπ’
939 4021 1107 4074 αὐτῶν
1143 4023 1451 4095 μετακληθη.
1511 4026 1816 4097 Προστίθει-

1926 4026 2108 4081 sticus
2151 4021 2444 4078 alienatus
2474 4026 2583 4087 est,
2611 4028 2668 4076 et
2698 4021 2776 4076 ad
2805 4020 2936 4078 illos
2987 4023 3152 4094 abiit,
3184 4040 3308 4082 non
3359 4028 3438 4084 ab
3467 4029 3581 4086 illis

217 4133 310 4167 ται
359 4110 417 4167 δὲ
467 4117 527 4166 τὸ
584 4111 684 4166 ἀπὸ
734 4120 822 4172 τῆς
874 4109 1206 4184 ἐνεγκαμένης
1247 4112 1359 4184 (89)
1405 4111 1686 4186 ἐπώνυμοι,
1735 4111 1875 4186 διον

1923 4117 2170 4170 vocatus
2198 4116 2304 4166 est.
2337 4109 2620 4165 Additum
2653 4113 2740 4164 est
2764 4111 2943 4166 etiam
2979 4112 3181 4183 patriae
3220 4130 3581 4186 cognomen,

219 4208 304 4257 ότι
357 4209 448 4256 καὶ
494 4202 644 4264 οἶλλος
700 4197 908 4262 Ἰούδας
939 4197 1000 4258 ἦν
1049 4201 1075 4252 ό
1119 4200 1388 4255 Ἰακώϐου.
1447 4201 1555 4254 Ούκ
1596 4199 1704 4255 εἷπε
1733 4199 1814 4272 δὲ,
1842 4197 1877 4220 ⁸

1926 4203 2066 4275 quia
2089 4199 2243 4256 alius
2270 4199 2442 4254 etiam
2473 4198 2657 4252 Judas
2707 4203 2832 4253 erat
2860 4199 2964 4270 qui
2993 4200 3198 4256 Jacobi
3247 4202 3581 4261 dicebatur.

216 4294 302 4347 ὅτι
331 4297 418 4345 τόν
468 4292 694 4356 Ἰησοῦν,
747 4292 776 4350 ἡ
819 4293 906 4342 τὸν
935 4293 1186 4364 Χριστὸν,
1219 4289 1327 4342 ἀλλ’
1358 4291 1440 4342 ὅτι
1469 4291 1642 4345 αὐτόν.
1680 4291 1820 4364 Ἐμί-

1927 4293 2054 4348 Non
2080 4287 2228 4344 dixit
2257 4293 2457 4343 autem
2502 4284 2703 4341 Jesum
2738 4285 3058 4352 Christum,
3094 4287 3201 4342 sed
3232 4289 3384 4344 Eum
3416 4307 3430 4356 ;
3452 4291 3585 4363 jam

221 4401 305 4435 σει
359 4384 459 4454 γὰρ
519 4381 696 4433 λοιπὸν
762 4380 921 4432 αὐτοῦ
975 4383 1066 4431 καὶ
1129 4382 1187 4432 τὸ
1250 4383 1428 4452 ὄνομα.
1489 4386 1695 4442 Λουκᾶς
1759 4377 1819 4434 δὲ

1929 4379 2088 4436 enim
2111 4383 2168 4432 et
2187 4390 2409 4432 nomen
2435 4373 2562 4446 ejus
2593 4373 2818 4430 oderat.
2855 4376 3043 4429 Lucas
3068 4390 3207 4431 vero
3237 4375 3388 4433 dixit
3420 4380 3587 4451 quod

222 4468 384 4536 εἶπεν,
453 4470 533 4521 ὅτι
582 4468 892 4528 συνελάλησε
935 4473 1026 4521 καὶ
1071 4475 1181 4531 τοῖς
1240 4477 1549 4544 στρατηγοῖς
1604 4473 1662 4522 τό
1709 4478 1819 4533 πῶς

1929 4469 2107 4528 etiam
2135 4465 2370 4522 locutus
2398 4467 2486 4520 est
2515 4478 2654 4518 cum
2699 4461 3151 4532 magistratibus
3182 4463 3267 4536 (ῃ)
3299 4468 3587 4538 quemad-

227 4557 390 4611 αὐτὸν
451 4554 674 4632 παραδῷ
729 4555 920 4620 αὐτοῖς.
978 4559 1045 4610 Οἱ
1093 4560 1196 4632 γὰρ
1255 4557 1522 4635 ἀρχιερεῖς
1572 4563 1815 4632 παρέπειο

1932 4557 2184 4616 modum
2215 4553 2385 4611 illum
2414 4551 2610 4610 tradat
2625 4551 2708 4609 eis
2723 4551 2791 4606 9°.
2812 4551 3110 4625 Principes
3133 4553 3295 4612 enim
3313 4557 3590 4615 sacerdo-

304 4736 372 4792 ”.
397 4735 546 4792 Joan
570 4751 708 4803 xxn,
738 4740 789 4801 5,
816 4739 866 4794 6.
945 4738 994 4774 9‘
1024 4737 1160 4794 Luc.
1187 4753 1330 4803 xxu,
1357 4742 1410 4796 3.
1487 4740 1535 4775 π
1565 4739 1714 4796 ibid.
1737 4739 1791 4796 4.

1427 4918 1650 4987 Variae
1680 4918 2006 4987 lectiones
2059 4925 2124 4983 et
2163 4925 2364 4984 notae.

303 5111 508 5196 (85:87)
542 5111 797 5196 Uterque
827 5112 1016 5196 codex
1040 5113 1221 5196 habet
1235 5114 1526 5196 περιλάϐῃ..
1537 5115 1654 5196 Sed
1684 5130 1829 5196 con_-_-
1935 5134 1961 5168 τ

1935 5111 2218 5196 τιορύλαξ,“
2265 5115 2320 5168 et
2365 5109 2566 5196 paulo.
2605 5113 2745 5196 post
2786 5125 3012 5195 rursus,
3063 5107 3374 5196 ξαλλοεντίερ.
3422 5112 3590 5196 Addo

220 5179 526 5260 junctiyu's
551 5179 858 5260 _hi_c_—_non
895 5185 1073 5260 habet
1100 5179 1338 5260 locum.
1386 5179 1609 5258 Co'njici
1637 5187 1828 5260 possit
1934 5179 2260 5260 obiter_de
2311 5179 3035 5260 vocabulg'liaaaéxapm:
3063 5179 3595 5260 pyri11_iGloss._in-

223 5203 526 5255 juncuvus
585 5203 681 5240 me
739 5203 858 5240 non
896 5203 1073 5242 nanet
1112 5203 1335 5242 locum.
1386 5203 1609 5258 UODJIOI
1637 5203 1828 5260 possit

223 5253 510 5330 περιϐαλεῖ.
545 5254 661 5312 Sed
689 5257 1009 5313 Hentenius
1038 5257 1217 5314 etiam
1241 5258 1425 5316 habet
1440 5274 1573 5315 com
1617 5258 1830 5316 rehen-

223 5325 350 5380 det.
391 5329 537 5380 Erlzo
566 5324 954 5380 πεοιλαϐεἰ.ὃὶο
976 5329 1133 5380 infra
1158 5329 1337 5380 etiam
1364 5330 1444 5380 ad
1473 5275 1828 5380 Matgjxn.

1936 5203 2131 5244 onuer
2184 5203 2260 5240 αθ
2311 5203 2610 5238 vocuouro
2691 5203 2927 5234 Αωσσοκο
2971 5203 3024 5234 ον
3068 5203 3258 5254 υγτωι
3290 5203 3594 5241 [11088.11]-

1936 5257 2077 5314 edit.
2111 5255 2510 5326 Γλωσσόκομον·
2538 5203 2968 5380 ίξαλλάντιον,ἱι
3007 5253 3182 5316 ξυλίνη
3226 5257 3388 5316 θήκη,
3428 5256 3594 5314 Idem

1936 5327 2120 5380 habet
2144 5341 2390 5380 auoaue
2414 5324 2534 5380 aliu
2607 5324 2858 5380 Lexicon
2883 5325 3190 5380 ineditum.
3393 5361 3396 5366 -

221 5324 366 5408 d_e't._
391 5329 537 5408 Ergo
566 5324 954 5408 περιλεξιῑβὶο
976 5329 1134 5388 infra
1158 5329 1337 5388 etiam
1364 5330 1444 5388 ad
1472 5324 1828 5398 Matinum,
1934 5327 2120 5408 habet
2144 5324 2580 5408 queque'aliud
2607 5324 3190 5408 Lexiconineditum.
3393 5361 3396 5366 -

222 5395 914 5486 ³²εη¹39¹2δᾘπρδλα⁶ῶλλ
1323 5475 1326 5480 .
1397 5473 1412 5486 .
1478 5473 1492 5486 .
1559 5472 1642 5486 .-
1681 5472 1729 5486 ..
1764 5395 1820 5486 ,⁷

1398 5473 1412 5486 .
1478 5473 1492 5486 .
1559 5477 1570 5486 ,
1613 5472 1642 5486 Α
1681 5472 1729 5486 ,,
1764 5473 1777 5486 ,
1813 5395 1820 5398 7
2010 5398 2124 5471 (89)
2147 5395 2311 5454 ᾹῙίῧῖ
2330 5395 2640 5460 ἕνεκκούσης
2670 5397 2790 5453 fere
2823 5396 3056 5455 dicitur.

299 5469 409 5540 (88)
435 5468 764 5536 Βαλλάντιον,
795 5469 938 5527 Cod.
971 5471 1378 5531 A.idem~mOx
1397 5473 1580 5531 habet
1606 5472 1830 5547 βαλλάν-

323 5647 384 5720 υ)
405 5648 613 5724 ᾼΑειξὶια
643 5647 880 5706 Oblata.
1089 5723 1123 5724 ί
1348 5721 1358 5724 _
1593 5685 1630 5724 Α.
1682 5720 1693 5724 Α
1769 5721 1778 5724 Α
1829 5687 1834 5690 -
1939 5648 2034 5709 nis
2065 5649 2312 5724 qccepit,
2335 5647 2552 5724 nonde
2572 5647 2863 5724 prefectis
2888 5649 3114 5724 templi.
3141 5652 3314 5723 Ergo,
3332 5649 3602 5717 ducibus,

318 5719 380 5796 αξ)
411 5719 520 5796 [ili
555 5734 908 5796 responsuri}
952 5725 1052 5796 est.
1088 5721 1542 5796 Excusationem
1593 5719 1849 5796 habuit“
1939 5720 2548 5796 praefectisgmititum,
2576 5719 2674 5778 hic
2705 5724 2764 5778 et
2791 5737 2952 5780 mox.

318 5791 373 5863 ν)
403 5789 1214 5862 Μασίειναιίόιιεειιὼγωὶιιε
1233 5791 1309 5851 de
1321 5792 1610 5851 militibus
1623 5795 1844 5852 Roma?
1941 5789 1950 5793 ⁷

616 5791 1214 5862 ratibus.Euthymius
1233 5791 1844 5852 demilitibusRomai'
1941 5789 1950 5793 ⁷
2061 5789 2068 5792 ⁷
2151 5811 2154 5814 ’
2252 5793 2273 5798 ’“

508 5887 744 5945 ΡΑτεοι..
785 5887 891 5946 Gn.
933 5888 1178 5947 CXXIX.
3250 5892 3316 5946 21
