4198 6458
241 401 348 459 ωδ

1179 397 1539 455 COMMENT.
1581 398 1654 454 IN
1696 396 2137 455 MATTHASUM.’
2177 429 2248 440 —
2289 398 2450 457 CAP.
2491 399 2686 456 XXVI.

3502 400 3608 456 654

245 528 529 602 συντάξῃς,
595 525 724 578 ἀλλὰ
769 528 897 599 πρὸς
943 523 1104 582 αὐτὴν
1165 528 1260 591 τὴν
1307 533 1406 577 τῶν
1453 524 1666 599 ἀζύμὼν
1725 518 1849 598 ἠμέ-

1981 524 2116 580 !dim
2139 523 2375 581 decimo
2395 524 2588 588 tertio;
2625 524 2732 580 sed
2755 521 2992 580 deoitno
3021 525 3240 594 quarto
3259 521 3612 580 immolaba-

244 634 365 690 ραν.
413 616 490 669 Ού
541 617 644 689 γὰρ
690 613 737 666 ἐν
781 621 843 684 τῇ
890 609 1326 686 τρισκαιδεκάτῃ,
1378 612 1485 664 ἀλλ’
1537 612 1586 665 ἄν
1630 621 1693 686 τῇ
1734 628 1848 668 τεσ-

247 701 705 780 σαρεσκαιδεκάτῃ
750 701 944 754 ἐθύετο.
995 705 1132 757 Φησὶ
1185 703 1286 772 γὰρ
1327 702 1352 752 ὀ
1395 706 1590 773 νόμοςο
1639 704 1724 755 Ἐν
1779 711 1851 773 τῷ

247 802 441 870 πρώτῳ
542 797 688 865 μηνὶ,
770 789 822 842 ἐν
912 797 975 862 τῇ
1054 787 1599 864 τεσσαρεσκαιδεκάτῇ
1687 793 1853 864 δμέρα

249 891 341 935 τοῦ
415 885 598 954 μηνὸς,
681 878 778 930 ἀνὰ
857 883 1014 949 μέσον
1089 885 1186 929 τῶν
1265 879 1561 952 ἑσπερινῶν,
1655 881 1854 951 Πάσχα

247 979 322 1042 τῷ
368 974 563 1042 Κυρίῳ.
611 973 713 1022 Καὶ
768 965 878 1019 ἐπεὶ
938 966 1034 1018 ἀενὰ
1073 971 1228 1038 μέσον
1276 974 1363 1027 τῆς
1400 967 1620 1041 ἑσπέρας
1657 971 1716 1020 τὸ
1759 971 1854 1021 πά-

250 1077 367 1131 σχα
394 1059 597 1126 ἰθύετο,
625 1065 734 1116 πῶς
758 1062 846 1114 τὴν
876 1057 1074 1128 ἡμέραν
1117 1058 1320 1128 Πάσχα
1357 1063 1447 1109 καὶ
1496 1056 1713 1130 ’Ἂζυμα
1747 1057 1857 1110 ὄνο-

249 1150 556 1220 μάζουσιν;
612 1149 754 1197 Διὸτι
795 1148 892 1203 τὴν
952 1144 1172 1218 ἑσπέραν
1220 1152 1282 1218 τῇ
1344 1149 1444 1220 πρὸ
1485 1147 1644 1207 αὐτῆς
1691 1149 1860 1220 ἡμέρᾳ

251 1238 531 1290 συνάπτειν
584 1235 831 1287 εἰώθασιν
876 1230 1151 1290 Ἰουδαῖοι.
1212 1239 1310 1287 Καὶ
1360 1235 1536 1288 λοιπὸν
1593 1233 1694 1289 ἀπὸ
1769 1235 1861 1297 τῆς

254 1326 474 1398 εσπέρας
519 1331 614 1376 τού
665 1325 868 1395 Πάσχα
909 1328 1000 1375 καὶ
1039 1332 1140 1374 τῶν
1184 1323 1426 1396 Ἀζύμων
1462 1330 1552 1377 καὶ
1595 1330 1689 1384 τὴν
1737 1327 1862 1398 ὴμέ-

257 1433 348 1488 pars
375 1415 534 1474 αὐτῆς
561 1412 780 1485 Ἃζυμα
806 1411 1146 1484 ὀνομάζουσι.

333 1506 432 1555 Καὶ
480 1510 586 1561 πῶς
629 1500 712 1553 ὀπὶ
768 1509 861 1560 τῆς
912 1497 1353 1576 τρισκαιδεκάτης
1397 1510 1488 1555 τοῦ
1547 1507 1709 1576 μηνὸς
1757 1500 1862 1556 εἷπε

265 1592 490 1654 Λουκᾶς,
541 1592 621 1642 ὅτι
676 1589 864 1642 Ἦλθεν
923 1591 953 1648 ἡ
1010 1589 1182 1662 ἡμέρα
1241 1599 1340 1642 τῶν
1385 1591 1663 1664 Ἀζύμων;
1722 1597 1863 1646 Διότι

265 1683 344 1746 τὸ,
390 1676 532 1745 ἦλθε,
591 1683 831 1750 σημαίνει
875 1683 967 1730 καὶ
1035 1682 1094 1730 τὸ
1177 1678 1483 1750 ἐπλησίασε,
1548 1687 1636 1734 καὶ
1696 1685 1863 1754 τούτῳ

264 1767 439 1820 λοιπὸν
466 1766 736 1839 ἐχρήσατο
759 1775 830 1837 τῷ
871 1772 1249 1839 σημαινομένῳ.
1299 1774 1413 1842 Χρὴ
1466 1766 1526 1822 δὲ
1570 1777 1860 1842 γινώσκειν,

1963 619 2076 668 tur.
2093 614 2236 670 Dicit
2251 616 2410 670 enim
2424 613 2520 670 lex
2539 631 2552 667 :
2576 615 2644 669 In
2657 614 2851 684 primo
2869 627 3081 677 memet
3095 611 3158 668 in
3173 611 3388 668 decimo
3403 619 3612 683 quarto

1961 704 2056 758 die
2092 704 2300 759 mensis
2339 703 2420 759 ad
2470 719 2768 773 vesperam
2811 717 2913 773 per
2951 701 3203 759 medium
3238 714 3613 770 vesperamm

1961 792 2188 849 Pascha
2219 793 2331 849 erit
2357 793 2601 848 Domino
2631 793 2675 845 ⁴.
2713 794 2927 848 Verum
2961 790 3012 847 si
3057 791 3135 847 ad
3177 805 3494 862 vesperam
3538 791 3614 862 (z)

1963 897 2069 952 per
2090 881 2354 937 medium
2375 897 2757 952 vesperarum
2781 880 3008 951 pascha
3028 879 3445 945 immolabant,
3470 895 3618 951 quo-

1965 970 2146 1025 modo
2176 969 2334 1024 diem
2361 969 2663 1042 appellant
2688 970 2918 1026 Pascha
2947 975 3003 1024 et
3030 969 3255 1040 Azyma
3274 967 3302 1022 ‘i
3333 967 3486 1036 Quia
3515 983 3617 1024 ve-

1966 1063 2202 1130 speram
2235 1056 2352 1114 diei
2395 1058 2755 1130 prae-aedon“
2784 1058 3150 1129 conjungere
3176 1057 3362 1114 solent
3405 1057 3615 1113 Judaei.

1967 1148 2171 1219 Itaque
2192 1161 2228 1203 ει
2259 1153 2508 1218 vespera
2531 1146 2772 1204 Paschse
2796 1150 2856 1203 et
2873 1145 3259 1219 azymorum,
3286 1145 3449 1203 diem
3473 1155 3619 1219 quo-

1969 1245 2086 1307 que
2114 1236 2302 1308 ipsius
2332 1242 2593 1308 Vespera!
2618 1239 2841 1293 vocant
2870 1237 3116 1307 Azyma.

2042 1483 2352 1552 Quomodo
2369 1489 2569 1541 autem
2585 1483 2652 1540 de
2664 1484 2896 1541 decimo
2919 1485 3087 1542 tertio
3107 1484 3204 1540 die
3227 1485 3456 1540 mensis
3479 1485 3623 1542 dixit

1976 1573 2167 1630 Lucas
2197 1589 2210 1628 :
2238 1575 2398 1630 Venit
2411 1575 2534 1631 dies
2546 1575 2910 1645 Azymorum
2929 1577 2950 1609 ⁸
2963 1575 2991 1630 ‘i
3005 1574 3154 1639 Quia
3166 1573 3350 1630 dictio
3367 1573 3509 1645 ἦλθε,
3531 1589 3621 1632 ve-

1973 1665 2084 1733 nit,
2113 1664 2411 1734 signiﬁcat
2451 1664 2622 1721 etiam
2665 1663 2949 1729 instabat.
2981 1663 3377 1720 imminebat:
3409 1668 3467 1740 et
3505 1664 3621 1720 hoc

1972 1769 2134 1809 nunc
2153 1769 2296 1809 usus
2316 1759 2404 1810 est
2415 1754 2773 1823 signiﬁcato.
2798 1754 2958 1809 Scire
2974 1759 3176 1810 autem
3200 1757 3452 1825 oportet,
3466 1754 3623 1826 quod

261 1858 346 1921 ὡς,
397 1856 440 1908 εὶ
482 1861 572 1907 καὶ
611 1864 711 1907 τῶν
768 1855 981 1928 ἀζύμων
1029 1859 1165 1908 κατὰ
1215 1861 1308 1915 τὴν
1357 1859 1866 1932 τεσσαρεσκαιδεκά-

1981 1843 2081 1898 etsi
2111 1859 2323 1915 azyma
2352 1843 2588 1899 decimo
2613 1846 2825 1914 quarto
2854 1841 2950 1898 die
2991 1842 3214 1898 mensis
3239 1841 3624 1918 incipiebant,

259 1964 350 2004 την
395 1952 486 1996 τοῦ
535 1948 695 2016 μηνὸς
740 1944 1063 2019 ἀπήρχοντο,
1119 1944 1227 1998 ἀλλ’
1265 1943 1353 1998 οἷν
1399 1952 1490 2006 τὴν
1539 1949 1718 2022 ἑορτὴν
1766 1961 1864 2004 τῶν

262 2034 500 2106 Ἀξύμων
557 2036 695 2086 κατὰ
757 2038 850 2092 τὴν
916 2032 1384 2093 πεντεκαιδεκάτην
1441 2036 1658 2091 ἐτέλουν.
1731 2046 1866 2098 Φησὶ

261 2125 360 2196 γὰρ
432 2125 458 2174 ὁ
527 2127 710 2195 νόμος⁶
772 2121 851 2176 Ἐν
914 2131 976 2196 τῇ
1041 2121 1476 2198 πεντεκαιδεκάτη
1548 2130 1718 2203 ἡμέρα
1775 2138 1866 2182 τοῦ

265 2215 427 2284 μηνὸς
492 2210 640 2286 ἑορτὴ
696 2219 794 2263 τῶν
840 2211 1080 2284 Ἀζύμων
1147 2221 1218 2283 τῷ
1283 2218 1484 2288 Κυρίῳ.
1548 2220 1751 2276 Ταύτην
1808 2217 1867 2272 δὲ

266 2306 356 2354 καὶ
407 2307 617 2377 πρώτην
668 2310 767 2354 τῶν
811 2303 1053 2376 Ἀζύμων
1108 2301 1338 2370 ἐκάλουν,
1392 2308 1459 2368 ὡς
1501 2309 1864 2380 προαριθμου-

264 2395 422 2463 μένην
477 2399 577 2442 τῶν
634 2394 750 2462 (91)
811 2391 941 2444 ἑπτὰ
1013 2394 1217 2465 ἡμερῶν
1281 2402 1378 2445 τῶν
1435 2397 1752 2468 ὡρισμένων,
1818 2397 1867 2450 ἂν

262 2477 344 2540 αἷς
382 2476 532 2532 οὐδὲν
574 2481 814 2553 ζυμωτὸν
861 2481 1074 2538 ἠσθίετο
1099 2498 1112 2511 ⁸
1157 2480 1317 2535 Ἐπτὰ
1348 2485 1470 2556 γὰρ,
1517 2489 1693 2556 φησιν,
1745 2489 1869 2559 ἠμί.

255 2588 358 2642 ρας
387 2569 569 2641 ἄζυμα
599 2565 805 2626 ἴδεσθε.

335 2657 468 2710 Ἀλλ’
535 2657 592 2709 ού
656 2661 770 2732 περὶ
828 2660 1028 2722 ταύτης
1082 2668 1172 2720 τῆς
1228 2660 1405 2736 ἑορτῆς
1451 2670 1550 2714 τῶν
1605 2663 1864 2736 Ἀζύμων,

253 2743 384 2800 οὐδὲ
429 2751 547 2821 περὶ
591 2749 782 2808 ταύτης
831 2755 925 2810 τῆς
967 2753 1174 2823 πρώτης
1222 2758 1320 2802 τῶν
1363 2750 1575 2824 ἀζύμων
1629 2750 1768 2807 εἷπον
1821 2756 1869 2807 οἱ

249 2835 644 2908 εύαγγελισταὶ,
707 2838 877 2898 καθὼς
951 2834 1346 2894 ἀποδέδεικται.
1408 2842 1548 2898 Αὕτη
1617 2846 1706 2914 μὲν
1765 2846 1866 2917 γὰρ

247 2927 391 2978 κατὰ
423 2929 534 2984 ,τὴν
586 2921 1056 2983 πεντεκαιδεκάτην
1121 2931 1275 2998 ἤγετο
1332 2937 1423 2981 τοῦ
1472 2935 1672 3001 μηνός’
1743 2931 1866 2985 ἐκεῖ·

248 3035 333 3087 νοι
379 3010 439 3066 δὲ
499 3017 615 3085 περὶ
652 3023 748 3076 τῆς
794 3011 1242 3087 τρισκαιδεκάτης
1295 3018 1553 3091 ἔγραψαν.
1633 3021 1868 3083 Εἰπόντες

251 3099 316 3157 δὲ
384 3105 434 3156 οἱ
501 3104 776 3175 μαθηταί·
832 3111 940 3156 Ποῦ
990 3104 1163 3170 θελεις,
1228 3106 1584 3180 ἑτοιμάσωμέν
1631 3129 1715 3163 σοι
1781 3131 1872 3182 γα-

250 3197 366 3265 γεῖν
391 3195 451 3244 τὸ
495 3191 728 3266 Πάσχα;
759 3189 982 3261 ἔδειξαν,
1015 3195 1096 3246 ὅτι
1136 3194 1230 3247 ούκ
1274 3192 1414 3268 εἶχεν
1451 3194 1588 3250 ἴδιον
1635 3206 1874 3271 καταγώ-

256 3299 398 3358 γιον.
432 3277 596 3353 Οἶμαι
627 3277 708 3348 δὲ,
755 3283 833 3334 ὃτὶ
879 3279 996 3336 οὐδ’
1045 3282 1212 3352 αὐτοὶ,
1260 3291 1422 3336 πᾶσιν
1469 3284 1873 3362 ἀποταξάμενοι.

258 3371 333 3425 Ἦ
369 3373 471 3444 γὰρ
523 3370 582 3422 ἂν
622 3369 724 3424 ἐκεῖ
765 3380 944 3425 τοῦτον
997 3371 1156 3426 ἐλθεῖν
1205 3375 1579 3446 παρεκάλεσαν.
1629 3380 1877 3434 Ἐπιτελεῖ

262 3459 328 3514 δὲ
359 3463 418 3513 τὸ
450 3463 668 3532 Πάσχα,
721 3457 946 3528 δεικνὺς,
994 3462 1071 3512 ὅτι
1115 3465 1280 3534 μέχρι
1321 3463 1558 3527 τελευτῆς
1589 3470 1674 3519 τὸν
1723 3473 1874 3540 νόμον

262 3549 460 3624 ἐτήρει.
494 3554 630 3606 Φησὶ
663 3545 722 3601 δὲ
758 3550 783 3601 ὁ
826 3556 1049 3616 Λουκᾶς,
1090 3559 1294 3625 πρῶτον
1335 3553 1493 3606 εἰπεῖν
1522 3558 1609 3608 τὸν
1644 3562 1874 3631 Χριστὸν

263 3644 381 3700 τοίς
455 3640 752 3710 μαθηταῖς’
824 3641 1160 3713 Πορευθέντες
1236 3641 1546 3714 ἑτοιμάσατε
1621 3649 1744 3718 ἡμῖν
1816 3652 1873 3700 τὸ

262 3729 480 3800 πάσχα,
514 3730 596 3780 ἵνα
637 3729 878 3801 φάγωμεν
910 3746 922 3758 ⁸
957 3728 1070 3781 εἷτα
1111 3735 1232 3792 τοὺς
1288 3735 1526 3804 μαθητὰς
1577 3734 1869 3812 ἐρωτῆσαι·

260 3825 376 3872 Ποῦ
409 3817 562 3879 eam
593 3818 698 3871 ἑτοι
729 3821 976 3891 μάσωμεν
1001 3835 1016 3886 ;

338 3915 396 3968 Ὀ
442 3911 502 3968 δὲ
541 3946 612 3957 -
667 3924 768 3967 τῶν
803 3917 1050 3984 μαθητῶν
1098 3936 1228 3988 μου.
1285 3923 1500 3994 Μάρκος
1538 3920 1598 3976 δὲ
1651 3930 1742 3977 καὶ
1787 3929 1874 3978 τὸν

259 4007 488 4080 ἀριθμὸν
526 4001 637 4058 εἶπε
680 4013 780 4057 τῶν
829 4002 1238 4077 ἀποσταλέντων,
1282 4010 1362 4062 ὃτι
1409 4007 1524 4068 δύο.
1573 4019 1777 4075 Λουκᾶς
1817 4013 1876 4068 δὴ

255 4100 358 4148 καὶ
403 4096 471 4147 τὰ
508 4093 736 4166 ὀνόματα
795 4096 987 4146 τούτων
1034 4099 1376 4170 προσέθηκεν,
1425 4101 1598 4168 εἰπὼν,
1659 4105 1740 4156 ὅτι
1787 4110 1875 4158 καὶ

257 4183 537 4238 ἀπέστειλε
589 4188 779 4254 Πέτρον
830 4187 921 4234 καὶ
1000 4183 1271 4244 Ἰωάννην⁶
1322 4188 1469 4241 πόλιν
1525 4187 1583 4242 δὲ
1635 4197 1730 4251 τὴν
1777 4201 1875 4245 τῶν

253 4272 633 4344 Ἱεροσολύμων
690 4271 1030 4329 ὑποληπτέον.
1097 4273 1234 4347 Ὅρα
1295 4272 1374 4342 δὲ,
1425 4286 1530 4338 πῶς
1592 4283 1678 4332 τὸν
1732 4278 1878 4334 δεῖνα

257 4361 502 4431 πλαγίως
565 4359 740 4426 εἰπὼν,
795 4367 1168 4435 παρεσιὼπησε
1221 4366 1310 4436 μὲν
1362 4373 1454 4418 τοῦ
1529 4365 1715 4443 ἀνδρὸς
1783 4376 1876 4429 τὴν

261 4449 482 4511 κλῆσιν,
523 4449 660 4510 ὅπως
699 4450 810 4520 (9'2)
849 4456 919 4522 μὴ
961 4454 1140 4524 μαθὼν
1180 4457 1275 4512 τὴν
1324 4454 1491 4508 οὶκίαν
1545 4455 1746 4520 Ἰούδας
1793 4459 1876 4512 ἔκ-

1974 1931 2188 1988 festum
2222 1940 2420 1986 tamen
2450 1934 2808 2002 Azymorum
2841 1929 3075 1986 decimo
3119 1930 3328 2002 quinto
3358 1929 3624 2001 perlicie-

1975 2018 2142 2074 bant.
2177 2018 2320 2074 Dicit
2344 2019 2502 2073 enim
2551 2017 2686 2074 lex:
2743 2019 2975 2076 Decimo
3019 2018 3226 2090 quinto
3270 2019 3366 2075 die
3411 2019 3628 2075 mensis

1975 2109 2190 2178 festum
2215 2110 2576 2178 Azymorum
2617 2109 2726 2164 erit
2756 2108 3006 2164 Domino
3035 2109 3078 2162 δ.
3125 2108 3190 2162 Et
3238 2107 3401 2164 hunc
3448 2108 3628 2164 etiam

1977 2195 2241 2268 primum
2271 2200 2631 2269 Amymorum
2651 2196 2965 2262 vocabant,
2999 2199 3202 2268 utpote
3232 2205 3628 2267 pranume‘ra-

1974 2288 2100 2341 tam
2130 2289 2358 2358 septem
2393 2286 2799 2344 determinatis
2824 2285 3048 2352 diebus,
3085 2284 3309 2358 quibus
3345 2283 3492 2340 nihil
3520 2283 3627 2342 ier-

1975 2378 2310 2431 mentatum
2339 2374 2644 2432 edebatur.

2047 2619 2163 2675 Sed
2191 2635 2314 2676 non
2344 2621 2411 2675 de
2449 2620 2563 2676 hoc
2606 2619 2756 2676 festo
2787 2619 3150 2692 Azymorum
3188 2633 3382 2691 neque
3412 2619 3486 2676 de
3515 2621 3631 2678 hoc

1977 2710 2172 2782 primo
2195 2725 2538 2781 azymorum
2569 2709 2848 2765 dixerunt
2873 2708 3271 2780 evangelistse,
3301 2694 3364 2765 ut
3387 2709 3633 2767 demon-

1978 2802 2229 2856 stratum
2280 2802 2389 2854 est.
2444 2793 2613 2866 Illud,
2665 2796 2962 2871 siquidem
3015 2795 3246 2853 decimo
3290 2798 3499 2870 quinto
3537 2799 3634 2856 die

1979 2888 2203 2944 mensis
2223 2887 2552 2954 accidebat,
2575 2887 2656 2942 illi
2680 2903 2821 2944 vero
2839 2887 2912 2943 de
2935 2886 3169 2942 decimo
3189 2887 3358 2944 tertio
3380 2887 3474 2944 die
3498 2888 3636 2944 scri-

1979 2982 2244 3050 pserunt.
2298 2978 2566 3033 Dicentes
2626 2992 2761 3032 vero
2805 2975 3121 3048 discipuli:
3177 2977 3287 3033 Ubi
3335 2964 3420 3033 vis
3463 2993 3635 3047 pare-

1981 3082 2109 3122 mus
2141 3065 2248 3121 tibi
2273 3066 2353 3122 ad
2389 3065 2680 3122 edendum
2703 3065 2927 3134 pascha
2953 3066 2971 3098 7
2999 3063 3027 3118 ‘i
3075 3063 3637 3121 demonstraverunt

1909 3204 1949 3258 Ο
1983 3156 2148 3227 quod
2177 3155 2489 3258 proprium
2539 3152 2952 3249 habitaculum
2997 3167 3130 3258 non,
3169 3151 3446 3250 habebat.
3484 3156 3636 3258 I‘u‘t‘o

1984 3248 2184 3300 autem
2221 3242 2401 3324 quod.
2430 3256 2626 3313 neque
2669 3239 2796 3312 ipsi,
2857 3257 2995 3295 cum
3044 3233 3208 3312 prius
3245 3241 3453 3296 omnia
3501 3231 3639 3296 reli-

1983 3331 2292 3406 quissent:
2352 3328 2576 3402 alioqui
2632 3344 2771 3406 eum
2827 3326 2964 3382 illuc
3014 3327 3359 3382 invitassent
3417 3332 3480 3383 ut
3539 3344 3633 3384 ve-

1984 3403 2154 3476 niret.
2200 3419 2428 3475 Perﬁcit
2448 3433 2587 3474 vero
2612 3403 2861 3488 Pascha,
2894 3414 3219 3470 ostendens
3248 3413 3411 3488 quod
3444 3432 3636 3489 usque

1984 3509 2064 3567 ad
2085 3513 2339 3564 mortem
2361 3488 2554 3578 iegem
2577 3504 2954 3563 observabat.
2976 3504 3067 3560 Ait
3083 3509 3286 3561 autem
3307 3504 3498 3560 Lucas
3521 3488 3638 3577 pri-

1982 3615 2153 3655 mum
2197 3598 2414 3654 dixisse
2459 3595 2754 3653 Christum
2790 3591 3131 3667 discipulis:
3175 3595 3398 3651 Euntes
3427 3585 3640 3666 parate

1983 3689 2148 3761 nobis
2168 3687 2389 3761 pascha
2410 3693 2474 3743 ut
2500 3671 2770 3758 edamus;
2795 3683 3013 3741 deinde
3034 3681 3363 3758 discipulos
3393 3671 3638 3742 interro-

1984 3794 2192 3854 gasse:
2220 3767 2324 3836 Ubi
2343 3779 2426 3834 vis
2440 3779 2721 3848 paremus
2745 3777 2765 3810 ⁸
2788 3773 2815 3830 ε)

2053 3921 2588 3981 Vers.18.Atille—-
2602 3919 2902 3990 discipulis
2916 3919 3311 3976 meis.Marcus
3325 3927 3637 3975 numerum

1984 4030 2227 4089 quoque
2244 4011 2600 4068 diXiteorum
2623 4009 2724 4083 qui
2743 4009 2912 4065 missi
2933 4013 3088 4074 sunt,
3105 4012 3250 4080 puta
3269 4008 3434 4081 quod
3459 4009 3636 4064 duo”.

1989 4107 2172 4160 Lucas
2217 4111 2356 4157 vero
2395 4101 2573 4156 etiam
2610 4101 2827 4155 horum
2861 4097 3088 4152 addidit
3123 4097 3371 4152 nomina
3410 4097 3637 4162 dicens,

1986 4192 2150 4264 quod
2176 4191 2335 4246 misit
2355 4188 2594 4244 Petrum
2613 4191 2669 4243 et
2697 4187 2990 4242 Joannem
3011 4187 3080 4236 ιο.
3113 4184 3420 4240 Civitatem
3447 4190 3641 4240 autem

1985 4297 2116 4354 pro.
2151 4277 2578 4349 Hierosolymis
2626 4274 2901 4346 accipito.
2945 4273 3010 4327 Et
3048 4271 3181 4326 vids
3215 4273 3524 4344 quomodo
3557 4271 3642 4326 di-

1987 4385 2147 4426 cens.
2178 4365 2494 4435 Quemdam
2521 4368 2578 4421 in
2606 4364 2862 4436 obliquo,
2897 4362 3004 4417 viri
3036 4375 3248 4416 nomen
3275 4359 3642 4431 conticuerit,

1987 4476 2060 4516 ne
2099 4458 2285 4514 Judas
2326 4455 2567 4526 cognita
2595 4453 2778 4509 domo
2817 4452 2895 4508 ad
2932 4449 3309 4506 insidiatores
3349 4453 3640 4514 cacurrat,

271 4533 458 4609 δράμῃ
509 4539 638 4610 πρὸς
681 4540 795 4598 τούς
849 4538 1171 4610 ἐπιϐούλους,
1220 4548 1310 4597 καὶ
1365 4543 1601 4618 ἐπαγάγῃ
1661 4551 1867 4611 τούτους

1987 4553 2044 4606 et
2081 4547 2206 4603 illos
2245 4547 2318 4604 ad
2368 4561 2429 4601 se
2471 4542 2824 4606 introducat,
2861 4539 3219 4613 priusquam
3250 4554 3484 4594 coenam
3521 4556 3642 4613 my-

271 4623 422 4695 αύτῷ
467 4627 564 4698 πρὸ
608 4633 698 4678 τοῦ
740 4626 1068 4701 παραδοῦναι
1105 4634 1166 4683 τὸ
1204 4638 1462 4704 μυστικὸν
1513 4636 1627 4710 (93)
1672 4634 1877 4693 δεῖπνον

268 4719 391 4774 τοῖς
429 4714 691 4785 μαθηταῖς
717 4732 729 4745 ·
776 4714 890 4770 ἀντὶ
928 4714 987 4772 δὲ
1027 4722 1224 4782 ταύτης
1273 4717 1498 4777 δέδωκεν
1546 4726 1714 4798 ἕτερον
1743 4734 1877 4800 γνὼ-

261 4822 462 4878 ρισμα,
514 4804 636 4878 ὅπερ
683 4806 709 4857 ὁ
761 4809 975 4880 Μάρκος
1031 4809 1338 4884 ἀνέγραψεν,
1383 4813 1560 4885 εἰπὼν,
1625 4819 1706 4870 ὅτι
1779 4825 1879 4872 Καὶ

265 4892 564 4980 ἀπαντήσει
629 4897 750 4968 ὑμῖν
821 4897 1091 4970 ἄνθρωπος
1172 4903 1417 4976 κεράμιον
1500 4901 1698 4970 ὕδατος
1781 4909 1878 4982 βα-

263 4982 503 5050 στάζων,
563 4982 958 5045 ἀκολουθήσατε
1020 4987 1163 5060 αύτῷ
1188 5007 1200 5019 ·
1257 4995 1348 5044 καὶ
1421 4994 1550 5048 ὅπου
1624 4995 1711 5049 ἰὰν
1775 4999 1879 5050 εἱσ-

1987 4638 2196 4695 sticam
2225 4634 2536 4707 discipulis
2577 4631 2901 4689 tradiderit.
2936 4631 3044 4686 Pro
3085 4628 3270 4685 domo
3303 4643 3441 4684 vero
3483 4627 3649 4684 dedit

1987 4727 2149 4786 aliud
2163 4725 2472 4790 indicium,
2487 4722 2649 4795 quod
2662 4719 2897 4793 scripsit
2912 4721 3144 4776 Marcus
3161 4719 3366 4776 dicens
3394 4735 3407 4773 :
3430 4719 3647 4774 Occur-

1987 4822 2078 4875 ret
2107 4818 2266 4874 vobis
2297 4816 2468 4872 homo
2498 4813 2771 4884 hydriam
2801 4825 2974 4881 aqua:
3003 4809 3309 4880 bajutans,
3339 4808 3650 4879 sequimini

1989 4911 2154 4965 eum:
2186 4911 2238 4963 ει
2265 4918 2604 4977 quocunque
2622 4901 2916 4974 ingressus
2939 4900 3150 4970 fuerit,
3183 4898 3360 4956 dicite
3389 4897 3647 4969 patrifa-

1987 4997 2219 5055 milias:
2253 4996 2536 5066 Magister
2563 4992 2730 5058 dicit,
2762 4990 2868 5048 Ubi
2894 5001 2976 5051 est
3002 4989 3393 5048 diversorium
3425 4989 3489 5044 in
3529 5001 3646 5059 quo

277 5135 580 5234 ,-‘L8Yiio
621 5179 791 5250 mn.
927 5145 948 5200 ⁸
992 5166 1126 5250 Luc.
1170 5184 1316 5236 XXII;
1345 5173 1402 5228 7..
1450 5175 1472 5208 ⁸
1528 5151 1706 5232 Levit.
1740 5178 1898 5248 xxiii,
1927 5178 2028 5234 δι”
2063 5175 2264 5235 Matth.
2296 5189 2446 5241 nm
2503 5173 2589 5229 l1;
2644 5172 2667 5206 ⁸
2718 5171 2854 5227 Luc.
2895 5184 3041 5233 nm
3099 5174 3153 5226 9.
3209 5168 3232 5203 ⁹
3291 5168 3466 5224 Marc.
3529 5181 3647 5234 xxv,

268 5255 367 5308 13.
405 5251 452 5288 ¹⁰
491 5252 632 5309 Luc.
674 5245 814 5324 ivu,
847 5252 900 5310 8.

1476 5385 1704 5455 Variae
1730 5387 2054 5457 lectiones
2082 5397 2150 5456 et
2183 5395 2387 5456 ndtm'.

349 5520 464 5588 (91)
495 5521 652 5604 Inter
675 5521 1020 5604 159.9.t-‘8'11'Tﬁ
1049 5523 1215 5604 addit
1243 5527 1376 5604 cod.
1409 5531 1452 5583 A
1481 5531 1806 5604 ὡρισμένων,

262 5593 429 5670 Mog
443 5594 647 5670 autem
677 5593 898 5670 omittit
934 5603 1034 5670 τῶν
1056 5598 1388 5670 ρρισμένων.

352 5662 465 5733 (92)
499 5666 561 5714 Δέ
588 5667 726 5734 post
764 5665 922 5731 ὅπως,
955 5662 1123 5723 ειᾶάἰί
1150 5662 1292 5744 cod.
1334 5673 1390 5726 Β.
1433 5671 1600 5728 Forte
1646 5693 1719 5739 τε,
1759 5673 1888 5734 loco

2000 5529 2062 5585 δὴ
2091 5529 2439 5604 legendum.

2071 5597 2183 5676 (937
2211 5605 2308 5655 Τὸν
2338 5603 2620 5674 μυστικόν,
2653 5597 2791 5655 Cod.
2824 5601 2890 5652 Α.

350 5788 426 5857 (z)
452 5787 536 5842 Ad
565 5803 881 5861 vesperam.
917 5787 1036 5848 Hoc
1060 5801 1138 5849 ex
1166 5789 1416 5865 Vulgata
1443 5787 1650 5856 [latina
1683 5799 1914 5858 videtur
1942 5799 2244 5856 addidisse
2271 5799 2581 5870 interpres.
