4198 6440
635 409 743 465 655

636 602 899 679 ostendet
934 620 980 655 ¹¹
1013 616 1373 675 camaculum
1397 610 1631 685 grande
1654 610 1975 665 inslratum
2000 620 2013 658 :
2040 602 2168 658 illic
2184 616 2289 671 pa-

636 714 767 768 rate
798 709 982 767 nobis.
1013 704 1294 764 Proxima
1319 703 1414 759 his
1436 700 1617 759 etiam
1641 696 1874 770 scripsit
1901 694 2088 750 Lucas
2112 694 2180 745 υ.

713 962 968 1032 Tempus
984 962 1185 1016 autem
1197 955 1327 1027 ejus
1342 945 2136 1027 propinquum,intelligimus
2150 948 2291 999 tem-

646 1065 763 1124 pus
791 1049 1003 1106 mortis
1041 1046 1229 1120 ipsius
1262 1044 1405 1101 Cum
1440 1039 1745 1111 discipulis
1772 1038 1922 1103 meis,
1956 1033 2200 1124 addidit,
2233 1037 2294 1087 ut

626 1123 757 1212 ~pro
783 1138 879 1195 his
902 1152 1140 1211 quoque
1165 1133 1465 1190 suﬂlciens
1494 1133 1932 1203 praepararetur
1957 1123 2292 1181 convivium

647 1228 935 1301 Κατάλυμα
963 1242 1101 1284 vero
1129 1223 1292 1298 quod
1322 1224 1566 1280 Marcus
1596 1219 1744 1275 dixit
1770 1222 1848 1289 (et
1873 1233 1985 1272 nos
2018 1214 2294 1270 vertimus

644 1300 1061 1389 diversorium)
1082 1319 1173 1371 est
1191 1311 1590 1370 ccenaculum.
1617 1310 1879 1380 Apparet
1898 1309 2097 1361 autem
2128 1300 2294 1373 quod

644 1406 838 1465 ﬁdelis
853 1406 946 1463 hic
960 1402 1399 1478 paterfamilias,
1414 1401 1536 1456 sive
1553 1397 1757 1455 divina
1774 1394 2149 1456 revelatione,
2171 1390 2293 1445 sive

643 1494 934 1570 corporali
983 1491 1306 1550 Salvatoris
1353 1486 1770 1555 collocutione,
1829 1487 2077 1540 noverat
2128 1478 2289 1570 quod

643 1568 810 1659 apud
854 1600 915 1640 se
946 1582 1211 1640 facturus
1258 1584 1417 1636 esset
1463 1577 1561 1636 ille
1619 1574 1874 1647 pascha:
1931 1577 1987 1628 et
2035 1570 2171 1659 ideo
2220 1568 2292 1625 ad

642 1658 1081 1747 susceptionem
1132 1672 1537 1743 praparatum
1584 1664 1848 1721 habebat
1896 1658 2289 1717 caanaculum.

642 1762 938 1820 Praeterea
965 1762 1027 1818 in
1057 1762 1168 1817 hoc
1197 1760 1376 1817 etiam
1403 1757 1536 1813 loco
1567 1770 1704 1811 cum
1742 1752 2088 1810 auctoritate
2114 1749 2292 1819 signi-

641 1852 802 1922 ﬁcat,
835 1857 1123 1924 tanquam
1147 1847 1416 1907 omnium
1457 1844 1766 1901 Dominus.

713 1941 950 2014 Mystice
971 1954 1110 1996 vero
1142 1937 1525 2009 signiﬁcatur,
1556 1932 1717 2007 quod
1754 1930 1834 1988 ad
1870 1941 2295 2014 quemcunque

644 2012 916 2083 divinum
947 2024 1251 2097 baptisma
1286 2022 1627 2093 ingressum
1656 2016 1863 2073 fuerit:
1904 2030 2048 2071 nam
2094 2012 2153 2068 id
2182 2012 2296 2085 hy-

644 2115 792 2173 dria
820 2130 982 2189 aqua
1008 2113 1320 2186 ﬁguratur,
1352 2109 1518 2184 apud
1557 2108 1719 2164 hunc
1756 2106 2018 2162 Christus
2066 2102 2296 2173 requie-

643 2204 769 2273 scit,
825 2203 1082 2261 maxime
1132 2202 1180 2259 si
1238 2201 1549 2257 instratum
1617 2196 1841 2253 habeat
1896 2191 2291 2256 cmnaculum,

644 2295 769 2353 sive
794 2294 1174 2369 puriﬁcatam
1200 2296 1484 2357 mentem,
1517 2291 1573 2345 et
1602 2287 1957 2345 adornatam
1985 2281 2295 2355 splendore

643 2383 1217 2458 contemplationum
1266 2376 1825 2453 supernaturalium.
1878 2373 2033 2442 Illic,
2080 2370 2290 2443 inquit,

639 2481 852 2547 parate
878 2472 1067 2539 nobis,
1099 2487 1172 2529 ea
1213 2468 1487 2526 videlicet
1512 2482 1650 2540 quas
1681 2464 1763 2522 ad
1799 2462 2035 2519 Pascha
2074 2460 2293 2516 festum

643 2563 1021 2629 conveniunt,
1067 2575 1317 2632 agnum,
1362 2572 1598 2631 azyma,
1641 2554 1905 2611 lactucas
1934 2555 2198 2623 agrestes
2223 2565 2294 2605 ac

640 2653 918 2714 baculos.

715 2744 757 2813 ·ι-
783 2741 998 2800 Civitas
1023 2739 1264 2812 quidem
1290 2737 1464 2809 juxta
1508 2747 1841 2805 anagogen,
1884 2729 2178 2787 sensibilis
2210 2733 2297 2785 est

645 2830 926 2891 mundus.
972 2828 1163 2885 Homo
1205 2842 1368 2894 vero,
1406 2823 1760 2897 generaliter
1810 2827 2026 2878 natura
2069 2824 2155 2875 est
2188 2819 2296 2874 hu-

645 2936 851 2978 mana.
878 2922 1004 2975 Duo
1026 2922 1226 2975 autem
1248 2916 1351 2990 qui
1382 2914 1460 2972 ad
1484 2914 1646 2970 hunc
1676 2913 1992 2969 mittuntur
2021 2907 2296 2981 discipuli

644 3008 741 3067 lex
784 3009 1008 3066 Veteris
1039 3024 1109 3064 ac
1140 3007 1284 3063 Novi
1326 3002 1682 3062 Testamenti
1721 3007 2011 3073 tanquam
2042 3014 2297 3072 praecur—

647 3115 815 3157 sores
858 3097 1110 3172 quidam
1138 3095 1368 3152 Christo
1410 3092 1733 3167 mysticum
1778 3090 2117 3148 convivium
2149 3104 2297 3160 prae-

1955 386 2301 446 EUTHYMII
2344 383 2672 440 ZIGABENI

632 531 858 603 pascha
907 544 1038 587 cum
1082 522 1391 596 discipulis
1432 522 1574 579 meis
1616 520 1803 577 edam.
1849 517 1925 572 Et
1974 515 2081 570 ille
2126 510 2288 603 nobis

2405 507 2540 579 ἑλθη,
2604 510 2775 560 εἴπατε
2873 513 2945 577 τῷ
3054 499 3404 578 οἰκοδεσπότῃ
3463 524 3477 538 ο

3903 385 3998 440 656

3552 504 3611 559 Ὀ
3685 504 3999 570 διδάσκαλος

2396 596 2552 669 λέγει*
2614 603 2722 649 Ποῦ
2794 594 2905 648 ἔστι
2981 597 3040 647 τὸ
3112 594 3407 667 κατάλυμα,
3489 597 3617 648 ὅπου
3697 600 3758 650 τὸ
3818 600 3997 671 πάσχα

2396 688 2528 758 μετά
2582 695 2681 737 τῶν
2757 686 3002 757 μαθητῶν
3079 704 3180 756 μου
3257 685 3450 756 φάγως
3524 690 3625 739 Καὶ
3674 686 3835 749 αὐτὸς
3888 688 3995 759 ὑμῖν

2398 771 2559 838 δείξει
2608 772 2841 846 ἀνώγεων
2896 778 3030 846 μέγα
3109 772 3447 847 ἐστρωμένον·
3531 773 3637 827 ἐκεῖ
3699 774 3994 849 ἑτοιμάσατε

2398 865 2542 937 ἡμῖν.
2573 865 2651 918 Τά
2688 862 3033 937 παραπλήσια
3062 858 3122 915 δι
3145 866 3236 914 καὶ
3266 864 3292 913 ὁ
3324 870 3533 927 Λουκᾶς
3565 866 3837 940 ἱστόρησε.

2473 956 2663 1027 Καιρὸν
2716 948 2773 1006 δὲ
2822 952 2935 1024 (94)
2997 951 3157 1005 αὐτοῦ
3211 959 3422 1024 νοοῦμεν
3484 952 3760 1024 ἕγγίζοντα
3794 958 3877 1007 τόν
3912 962 3992 1007 τοῦ

2402 1044 2643 1096 θανάτου.
2703 1044 2843 1095 Μετά
2888 1050 2988 1093 τῶν
3036 1043 3285 1113 μαθητῶν
3336 1060 3437 1113 μου
3493 1038 3552 1095 δι
3580 1040 3738 1114 εἶπεν,
3791 1045 3873 1097 ἱνα
3916 1048 3994 1096 καὶ

2400 1135 2529 1204 πρὸς
2584 1133 2799 1191 τούτους
2850 1132 3114 1204 αὐτάρκης
3163 1132 3190 1189 ἡ
3249 1127 3498 1201 ὑποδοχὴ
3551 1137 3790 1203 γένηται.
3833 1136 3992 1187 Κατά-

2400 1219 2538 1293 λυμα
2595 1217 2654 1273 δι
2699 1220 2900 1292 λέγεται
2966 1224 3023 1271 τὸ
3083 1226 3431 1290 καταγώγιον.
3495 1226 3737 1275 Φαίνεται
3793 1218 3869 1288 δὲ,
3923 1224 3991 1275 ὅτι

2400 1313 2587 1371 πιστός
2651 1314 2718 1360 ὧν
2776 1308 2957 1369 ἐκεῖνος
3006 1310 3031 1360 ό
3085 1306 3484 1373 οἰκοδεσπότης,
3535 1313 3636 1363 εἴτε
3694 1314 3824 1365 κατά
3876 1310 3988 1363 ἀπο-

2402 1399 2626 1470 κάλυψιν
2681 1400 2959 1472 θειοτέραν,
3018 1401 3117 1450 εῖτε
3168 1401 3432 1450 καὶκατὰ
3484 1406 3777 1473 συντυχίαν
3830 1419 3987 1472 σωμα-

2401 1494 2545 1547 τικὴν
2594 1496 2684 1540 τοῦ
2738 1495 2994 1562 Σωτῆρος,
3054 1486 3302 1557 ἐγίνωσκε
3346 1495 3529 1541 τοῦτον
3578 1490 3703 1563 παρ’
3732 1490 3863 1558 αύτῷ
3914 1508 3983 1542 τε·

2401 1577 2616 1631 λεσοντα
2660 1580 2719 1629 τὸ
2766 1580 2978 1648 πάσχα,
3039 1581 3125 1629 καὶ
3197 1573 3290 1629 διά
3341 1585 3494 1630 τοῦτο
3545 1583 3677 1653 πρὸς
3727 1576 3980 1650 ὑποδοχὴν

2404 1667 2806 1740 ηύτρεπισμένον
2861 1663 2972 1737 εἶχε
3010 1670 3100 1718 καὶ
3158 1670 3219 1717 τό
3270 1664 3525 1737 ἀνώγεων.
3586 1669 3707 1722 Μετ’
3760 1668 3977 1731 ἐξουσίας

2406 1753 2465 1810 δε
2493 1758 2759 1809 κάνταῦθα
2786 1758 2990 1828 μηνύει,
3023 1757 3092 1816 ὡς
3125 1754 3364 1807 ἀπάντων
3397 1760 3603 1831 Κύριος.

2474 1950 2912 2021 ’Υποσημαίνεται
2960 1944 3019 2000 δι
3071 1951 3161 2001 καί
3216 1967 3267 1999 τι
3322 1952 3573 2021 μυστικὸν
3623 1948 3844 2011 ἐντεῦθεν,
3887 1944 3962 1996 ὅτι

2406 2040 2471 2101 εἰς
2496 2041 2549 2093 ὃν
2580 2038 2641 2090 ἀν
2667 2038 2868 2095 εἰσελθη
2906 2041 2964 2089 τὸ
2997 2039 3130 2090 θεῖον
3179 2035 3482 2110 βάπτισμα·
3521 2046 3670 2091 τοῦτο
3699 2039 3791 2109 γὰρ
3824 2032 3970 2086 αἰνίτ-

2404 2148 2546 2183 τεται
2600 2132 2657 2180 τὸ
2710 2136 2801 2179 τοῦ
2858 2131 3106 2201 κεραμίου
3165 2122 3332 2199 ὕδωρ·
3420 2130 3566 2203 παρὰ
3616 2130 3771 2197 τούτῳ
3820 2127 3898 2175 καὶ
3952 2121 3975 2172 ὀ

2403 2222 2631 2293 Χριστὸς
2699 2216 3017 2270 ἀναπαύεται
3072 2233 3084 2246 ·
3155 2222 3243 2269 καὶ
3308 2217 3517 2289 μᾶλλον,
3593 2218 3636 2270 εἰ
3689 2215 3979 2287 ἐστρωμένον

2405 2311 2517 2380 ἔχει
2546 2311 2605 2359 τό
2650 2306 2904 2378 ἀνώγεων,
2957 2310 3137 2377 ἤγουν,
3200 2307 3578 2381 κεκαθαρμένον
3615 2310 3699 2359 τὸν
3747 2310 3857 2358 νοῦν
3902 2304 3983 2352 καὶ

2404 2401 2785 2470 κεκοσμημένον
2886 2402 2949 2467 τῇ
3025 2391 3338 2470 φαιδρότητι
3416 2405 3512 2448 τῶν
3584 2397 3685 2447 ἅνω
3754 2395 3981 2464 θεωριῶν.

2404 2486 2539 2539 Ἐκεῖ
2599 2482 2678 2553 δι,
2748 2490 2927 2558 φησὶν,
3005 2484 3312 2557 ἑτοιμάσατε
3389 2486 3511 2556 ἡμῖν
3590 2484 3652 2536 τὰ
3716 2484 3843 2556 πρὸς
3895 2482 3985 2535 τὴν

2402 2580 2496 2628 τόῦ
2528 2576 2726 2646 Πάσχα
2778 2574 2956 2649 ἑορτὴν
2987 2570 3279 2640 ἐπιτήδεια,
3310 2576 3393 2626 τὸν
3445 2572 3619 2646 ἀμνὸν,
3671 2572 3735 2623 τά
3787 2568 3980 2639 ἄζυμα,

2404 2666 2498 2727 τὰς
2526 2660 2795 2739 πικρίδας,
2819 2665 2912 2725 τάς
2945 2661 3260 2736 βακτηρίας.

2482 2753 2610 2827 [Τοῦ
2641 2752 2792 2824 ἀγίου
2839 2753 2954 2824 (95)
3003 2752 3266 2824 Μαξίμου.
3324 2751 3479 2813 Πόλις
3534 2755 3620 2824 μὶν
3649 2748 3756 2803 κατ’
3802 2746 3989 2816 ἀναγω-

2404 2848 2501 2916 γὴν
2532 2844 2557 2895 ό
2606 2843 2860 2903 αἰσθητὸς
2914 2846 3129 2913 κόσμος·
3190 2842 3462 2916 ἄνθρωπος
3518 2836 3577 2894 δὲ
3615 2839 3723 2913 (96)
3772 2838 3801 2897 ἠ
3846 2835 3990 2887 καθό-

2405 2932 2494 2986 λου
2543 2936 2694 3005 φύσις
2759 2940 2859 2984 τῶν
2930 2930 3226 3005 ἀνθρώπων·
3306 2927 3403 2983 δύο
3479 2926 3538 2983 δι
3596 2930 3823 3002 μαθηται
3871 2924 3990 2997 πρὸς

2407 3030 2587 3075 τοῦτον
2681 3019 3126 3093 ἀποστελλόμενοι,
3186 3020 3212 3071 ό
3266 3028 3363 3081 τῆς
3447 3020 3672 3079 Παλαιᾶς
3744 3015 3991 3071 metu);

2405 3118 2557 3186 νόμος
2603 3116 2691 3164 καὶ
2729 3112 2754 3162 ό
2810 3118 2905 3172 τῆς
2959 3116 3172 3179 Καινῆς,
3233 3111 3339 3162 οἷόν
3401 3129 3534 3171 τινες
3584 3104 3872 3182 πρόδρομοι
3911 3104 3993 3153 καὶ

643 3192 944 3278 parantes.
973 3186 1078 3278 Illa
1098 3185 1344 3260 quidem
1366 3200 1471 3257 per
1502 3181 1946 3257 philosophiam
1970 3177 2295 3252 practicam

2408 3202 2717 3275 ἑτοιμασταὶ
2762 3208 2858 3260 τῆς
2908 3207 2999 3251 τοῦ
3058 3177 3293 3273 Χριστοῦ
3372 3177 3635 3272 μυστικῆς
3686 3177 3905 3267 εύωχίας
3950 3189 3993 3241 ἕν

645 3293 746 3336 eos
763 3277 843 3336 ab
859 3277 1015 3334 omni
1031 3275 1442 3349 inquinatione
1454 3287 1798 3346 expurgans
1814 3287 1827 3338 ;
1842 3271 1969 3327 haec
1982 3273 2173 3325 autem
2193 3283 2298 3339 per

642 3367 969 3426 theoricam
984 3381 1290 3423 sacrorum
1320 3362 1703 3437 disciplinam
1728 3377 1764 3417 a
1783 3357 2196 3433 corporalibus
2220 3355 2300 3413 ad

643 3461 928 3529 cognatas
939 3454 1337 3526 intelligibiles
1350 3453 1607 3510 visiones
1622 3451 1837 3509 animae
1852 3454 2113 3505 mentem
2129 3445 2299 3504 attol—

640 3546 790 3605 lens.
810 3545 1090 3604 Practicae
1105 3544 1352 3618 quidem
1376 3543 1616 3613 signum
1634 3540 1744 3597 fuit
1769 3540 1991 3609 Petrus,
2023 3535 2299 3593 theoricas

643 3650 782 3694 vero
811 3638 1093 3693 Joannes.
1138 3633 1431 3689 Praeterea
1478 3629 1598 3695 illa,
1646 3629 1927 3701 lagenam
1975 3640 2149 3699 aquas
2196 3624 2299 3681 ba-

642 3725 845 3797 julans
875 3739 1003 3781 esse
1030 3725 1237 3795 potest,
1259 3735 1391 3793 quae
1404 3716 2006 3792 peroperationemin
2032 3712 2299 3771 humeris

647 3814 957 3877 virtutum,
980 3816 1275 3882 tanquam
1298 3808 1358 3863 in
1376 3808 1610 3877 lagena,
1640 3805 1823 3874 idest,
1848 3804 2301 3862 mortiﬁcatione

649 3899 1058 3959 membrorum
1120 3897 1388 3970 corporis
1445 3911 1581 3969 qum
1642 3898 1783 3952 sunt
1823 3909 2004 3967 super
2061 3898 2298 3959 terram,

650 3988 937 4047 excubias
1004 3991 1220 4057 servat,
1275 4001 1423 4059 puta
1483 3986 1739 4058 gratiam
1787 3984 2031 4057 Spiritus
2088 3983 2297 4050 sancti,

648 4095 787 4154 qum
815 4094 923 4152 per
956 4076 1141 4134 ﬁdem
1182 4076 1457 4149 puriﬁcat
1488 4092 1501 4131 :
1544 4076 1669 4132 haec
1699 4091 1841 4132 vero
1868 4073 2300 4148 paterfamilias

649 4169 898 4241 intelligi
926 4171 1142 4243 potest,
1170 4184 1303 4241 quae
1335 4182 1441 4240 per
1485 4166 2005 4240 contemplationis
2048 4164 2302 4220 altitudi-

646 4276 808 4327 nem,
864 4259 1122 4332 seipsam
1177 4256 1411 4315 excelsa
1458 4256 1847 4327 intelligentia
1890 4254 2182 4322 instravit,
2239 4256 2303 4308 ut

648 4350 769 4407 Deo
798 4348 994 4419 dignis
1014 4346 1479 4418 cogitationibus
1504 4360 1574 4402 ac
1590 4343 1987 4417 dogmatibus,
2028 4342 2300 4400 divinum

648 4436 931 4510 suscipiat
968 4452 1330 4494 sermonem.

720 4636 763 4705 -ι-
791 4633 970 4690 Aliter
993 4633 1074 4690 ad
1096 4631 1276 4689 idem.
1310 4631 1522 4690 Civitas
1544 4634 1837 4706 cujusque
1858 4632 2063 4690 anima
2085 4635 2190 4698 est,
2223 4630 2303 4689 ad

652 4738 841 4797 quam
853 4738 890 4779 a
904 4722 1023 4777 Deo
1040 4722 1376 4788 mittuntur;
1392 4721 1485 4779 hic
1498 4723 1756 4796 quidem,
1773 4738 1961 4779 sermo
1974 4722 2048 4778 de
2060 4721 2297 4793 virtute;

651 4813 748 4869 ille
764 4815 965 4870 autem
975 4809 1050 4867 de
1072 4810 1425 4883 cognitione.
1442 4813 1550 4878 Qui
1561 4827 1704 4869 vero
1714 4812 1992 4882 lagenam
2008 4826 2183 4884 aqum
2199 4811 2302 4871 ba-

649 4901 823 4974 julat,
841 4904 929 4956 est
946 4898 1113 4956 fortis
1130 4901 1428 4972 cogitatio,
1451 4918 1586 4974 quae
1607 4901 2012 4974 temperantiae
2036 4901 2300 4961 humeris

652 4988 841 5047 defert
852 4988 1056 5047 datam
1070 4988 1185 5046 sibi
1198 4990 1256 5046 in
1268 4990 1570 5063 baptisma
1582 4989 2072 5060 gratiam.Domus
2084 4996 2297 5062 autem,

651 5093 789 5152 quas
810 5094 880 5134 ex
900 5077 1100 5136 multis
1127 5095 1198 5137 ac
1224 5080 1428 5149 variis,
1442 5078 1628 5135 ﬁrmis
1646 5094 1718 5137 ac
1746 5079 2010 5137 virilibus
2031 5081 2300 5139 moribus

652 5171 709 5227 et
719 5167 1200 5239 cogitationibus,
1218 5174 1512 5242 tanquam
1526 5166 1827 5242 lapidibus
1842 5169 2193 5238 aediﬁcatur,
2212 5174 2299 5229 est

720 5376 766 5413 ¹¹
795 5376 970 5434 Marc.
1003 5390 1123 5444 xlv,
1178 5379 1265 5443 £3,
1292 5374 1376 5431 l5.
1409 5375 1455 5412 η
1484 5374 1625 5432 Luc.
1655 5377 1794 5445 xxii,
1830 5376 1914 5450 10,
1947 5380 2034 5437 11.

2407 3300 2517 3353 τοῖς
2563 3291 2729 3354 ἀξίοις
2762 3297 2856 3351 τῆς
2922 3284 3204 3358 ἇπιδημίας
3274 3289 3453 3342 αὐτοῦ’
3514 3291 3539 3341 ό
3588 3290 3699 3360 μεν,
3762 3279 3856 3336 διὰ
3907 3284 3995 3336 τῆς

2407 3389 2703 3455 πρακτικῆς
2792 3377 3094 3451 φιλοσοφίας
3183 3382 3371 3440 παντὸς
3453 3378 3721 3452 μολυσμοῦ
3798 3371 3999 3424 τούτους

2410 3470 2795 3545 ἀποκαθαίρω*
2852 3469 2878 3520 ὀ
2933 3464 3010 3535 δε,
3072 3464 3166 3521 διά
3217 3477 3307 3529 τῆς
3362 3470 3690 3542 θεωρητικῆς
3741 3475 4005 3534 μυσταγω·

2407 3566 2531 3634 γίας
2573 3558 2675 3612 ἀπὸ
2723 3566 2822 3611 τῶν
2881 3566 3186 3629 σωματικῶν
3270 3560 3399 3632 πρὸς
3455 3560 3520 3609 τά
3578 3558 3810 3625 συγγενῆ
3863 3544 4014 3603 νοητὰ

2412 3653 2646 3723 θεάματα
2680 3655 2982 3721 γνωστικῶς
3058 3645 3378 3708 ἀναϐιϐάζων
3450 3649 3536 3696 τὸν
3596 3648 3730 3694 νοῦν.
3791 3644 4012 3709 Πρακτί-

2409 3719 2512 3801 κῆς-
2571 3719 2697 3813 {Livi
2740 3740 2842 3813 γὰρ
2928 3735 3179 3809 σύμϐολον
3252 3735 3276 3784 ό
3332 3736 3535 3805 Πέτροςο
3614 3729 3929 3813 θεωρητικῆς
3962 3719 4000 3813 ,ὁ

2412 3805 2667 3890 Ἰωάννης.
2702 3805 2822 3882 κὰν
2859 3828 2885 3880 ό
2939 3805 3027 3899 μεν
3060 3828 3118 3877 τὸ
3165 3823 3406 3897 κεράμιον
3456 3828 3545 3874 τοῦ
3572 3812 3762 3873 ὕδατος
3798 3805 3997 3883 βαστά-

2415 3923 2513 3984 ζων
2540 3922 2616 3977 εἶη
2683 3919 2745 3970 ἄν
2799 3918 2825 3969 ό
2876 3913 2970 3969 διὰ
3029 3921 3124 3975 τῆς
3186 3919 3475 3987 πρακτικῆς
3528 3915 3637 3969 τοῖς
3683 3907 3843 3975 ὤμοις
3900 3900 3999 3946 τῶν

2410 4009 2621 4083 ἀρετῶν,
2677 4010 2745 4069 ὡς
2813 4006 2861 4057 ἐν
2920 4008 3171 4080 κεραμίῳ,
3229 4010 3289 4075 τῇ
3342 4006 3587 4076 νεκρώσει
3646 4002 3739 4047 τῶν
3784 3988 3868 4041 ἐπὶ
3906 3990 4004 4057 γῆς

2410 4074 2572 4173 μελῶν
2631 4104 2721 4150 τοῦ
2792 4074 3056 4168 σώματος,
3107 4074 3491 4168 φρουρουμένην
3554 4082 3837 4163 βαστάζων
3913 4074 4004 4130 τὴν

2412 4170 2507 4242 διὰ
2556 4194 2647 4248 τῆς
2700 4190 2923 4246 πίστεως
2972 4184 3293 4257 καθαρτικην
3347 4182 3507 4255 χάριν
3562 4182 3653 4231 τοῦ
3693 4170 4001 4257 Πνεύματοςι

2407 4278 2466 4331 Ὀ
2500 4275 2558 4331 δὲ
2584 4271 2961 4334 οἰκοδεσπότης
2998 4255 3205 4331 νοηθείη
3237 4272 3318 4338 οἶν,
3370 4271 3395 4323 ὁ
3428 4266 3462 4323 δ
3468 4270 3523 4322 ιά
3566 4274 3664 4327 τῆς
3702 4255 4007 4330 θεωρητικῆς

2410 4372 2468 4421 τὸ
2499 4366 2627 4439 ὕψος
2673 4373 2767 4428 τῆς
2811 4364 2995 4417 ἑαυτοῦ
3050 4361 3408 4435 μεγαλοφυοῦς
3437 4355 3679 4415 διανοίας
3716 4342 4007 4439 κατασξρώ

2412 4477 2509 4519 σας
2544 4430 2859 4532 ’θεοπρεπίσι
2918 4430 3147 4524 νοήμασί
3176 4430 3377 4503 τενκαὶ
3438 4445 3681 4523 δόγμασι
3722 4439 3852 4513 πρὸς
3885 4430 4008 4483 ὑπο·

2332 4567 2379 4625 D
2413 4542 2586 4619 δοχὴν
2623 4553 2713 4599 τοῦ
2738 4546 2964 4618 μεγάλου
2988 4540 3165 4612 λόγου.

2481 4614 2570 4699 lii;
2615 4638 2673 4687 τὸ
2738 4614 2901 4688 ἀύτό.
2972 4629 3127 4692 Πόλις
3199 4630 3309 4701 μὶν,
3369 4629 3400 4685 ἠ
3452 4636 3555 4681 τοῦ
3634 4618 3757 4676 καθ’
3810 4614 4008 4701 ἕκαστον

2410 4725 2587 4798 ψυχὴ,
2619 4726 2745 4798 πρὸς
2800 4726 2863 4783 ἣν
2917 4698 3317 4775 ἀποστελλόνται
3363 4718 3519 4793 παρὰ
3568 4720 3663 4770 τοῦ
3716 4708 3850 4763 Θεοῦ
3895 4698 3921 4749 ὃ
3964 4707 4009 4744 τι

2575 4790 2759 4889 ἀρετῆς
2814 4816 2904 4865 καὶ
2950 4812 2976 4863 ὀ
3027 4812 3145 4885 περὶ
3195 4790 3646 4881 γνὼσεωςλὸγοςο
3680 4801 3708 4853 ὁ
3744 4793 3805 4849 δὲ
3832 4790 3888 4844 τὸ
3932 4794 4012 4890 κξ·

2408 4876 2715 4980 ράιμιονίτοῦ
2763 4898 2951 4962 ὕδατος
3004 4876 3288 4972 βαστάζων
3333 4894 3495 4967 ἐστὶν,
3538 4876 3707 4951 ότοῖς
3749 4886 3903 4980 ὦμοῗῖ
3927 4876 4013 4980 ἷῆϋς

2408 4962 2705 5069 ἔγκρατείας
2744 4990 2943 5064 ἀνέχων
2987 4962 3082 5048 τὴν
3140 4984 3235 5041 διὰ
3292 4992 3385 5039 τοῦ
3438 4962 3832 5058 βωιπτίσματος
3862 4962 4013 5069 δοριξ

2409 5049 2511 5139 οἵαν⁸
2547 5086 2709 5158 χάριν
2782 5049 3079 5158 κάρτερικός
3146 5080 3338 5151 τρόπος
3382 5049 3472 5128 κάλ
3540 5049 3819 5146 ληιᾷμόςν
3890 5049 4018 5145 οἰκία

2408 5170 2468 5230 δ”ε
2510 5152 2649 5235 ἡ-
2693 5152 2893 5227 πολλάέν
2936 5152 3031 5224 καὶ
3074 5164 3359 5241 διαφόρων,
3416 5166 3603 5240 ὥσπερ
3648 5158 3826 5222 λίθων,
3877 5152 4016 5211 στερ-

1854 5531 2071 5601 Variae
2110 5533 2443 5603 lectiones
2500 5540 2569 5603 et
2605 5541 2806 5601 notae.

740 5699 831 5772 94)
858 5700 922 5772 Al
940 5695 1154 5754 omittit
1183 5696 1326 5772 Cod,
1360 5705 1423 5755 Δ.

741 5770 830 5841 95)
878 5770 1206 5842 Utrumque
1248 5770 1543 5831 scholium
1574 5772 1810 5832 Maximi
1834 5774 2023 5833 codex
2048 5779 2301 5848 uterque

2402 5704 2764 5791 ingeram?
2803 5702 3060 5791 emes-

2475 5779 2588 5849 (96)
2627 5771 2928 5847 Ἄνθρωπος
2952 5771 3034 5842 δέ,
3060 5771 3277 5833 omittit
3305 5772 3369 5828 Β.
