4198 6468
246 373 354 430 657

1251 366 1622 427 COMMENT.
1660 364 1732 422 IN
1768 363 2222 422 MATTHIEUM.
2250 395 2319 406 —-
2343 363 2500 422 CAP.
2527 364 2725 422 XXVI.

3516 366 3624 426 658

247 502 350 578 ῥῶν
378 519 433 556 τε
460 504 552 554 καὶ
597 498 713 572 (97)
747 495 1008 572 ἀνδρικῶν
1054 496 1194 556 ἠθῶν
1252 497 1344 546 καί
1383 493 1669 566 λογισμῶν,
1716 496 1848 578 οἱκο-

1965 491 2156 546 status
2181 487 2540 563 habitusque
2567 489 2883 578 virtutum.
2905 489 3292 551 Cmnaculum
3317 495 3403 552 est
3429 494 3622 552 subli-

252 588 553 665 δομηθεῖσα
593 589 924 649 κατάστασις
978 590 1068 638 καὶ
1114 585 1213 648 ἕξις
1267 591 1366 637 τῶν
1415 582 1625 655 ἀρετῶν⁶
1686 583 1745 634 τὸ
1797 577 1855 633 δί

254 681 490 754 ἀνώγεων
545 681 576 738 ἠ
619 677 793 750 ὑψηλὴ
847 672 1055 729 διάνοια
1100 679 1190 726 καί
1248 676 1374 747 πρὸς
1428 680 1648 744 γνῶσιν
1678 669 1856 728 ἐπιτη-

257 767 485 838 δειότης,
530 768 822 843 ἐστρωμένη
871 766 1028 825 θείοις
1071 767 1160 816 καὶ
1214 760 1522 837 ἀπορρήτοις
1568 759 1741 832 λογοις
1800 777 1853 811 τε

253 864 340 912 κκὶ
374 860 651 930 θεάμασιν⁹
700 858 726 908 6
777 851 837 908 δὲ
879 849 1279 917 οἰκοδεσπότης,
1313 852 1339 904 6
1368 857 1507 919 νοῦς,
1547 851 1574 902 6
1612 857 1684 920 τῷ
1725 847 1852 922 λαμ-

249 955 364 1022 πρῷ
403 954 495 1007 τῆς
521 945 638 998 κατ’
685 943 872 1020 ἀρετὴν
920 943 1084 1004 οἰκίας
1112 941 1231 1013 ὕψει
1279 945 1470 1010 καὶτῷ
1514 940 1718 1012 μεγέθει
1756 946 1851 999 τῆς

245 1041 486 1107 γνώσεως
543 1033 1014 1107 ἐμπλατυνόμενος,
1069 1034 1200 1106 πρὸς
1245 1033 1300 1085 ὃν
1359 1036 1498 1083 ποιεῖ
1532 1032 1592 1081 τὸ
1650 1029 1852 1098 Πάσχα

247 1124 272 1176 6
320 1125 530 1198 Κύριος,
574 1125 821 1176 τουτέστι
870 1119 1144 1187 διάϐασιν,
1201 1115 1471 1191 ἐπιδημῶν
1527 1117 1667 1188 αύτῷ
1717 1117 1850 1189 μετὰ

247 1221 346 1266 τῶν
396 1213 642 1285 μαθητῶν
696 1211 878 1277 αὐτοῦ,
947 1209 1080 1282 λέγω
1128 1205 1197 1268 δὴ
1261 1217 1360 1261 τῶν
1411 1211 1530 1282 περὶ
1585 1211 1710 1260 Θεοῦ
1759 1208 1848 1259 καὶ

249 1303 396 1356 θείων
425 1300 757 1374 ὑψηλοτέρων
784 1299 952 1372 λόγων
991 1318 1046 1352 τε
1082 1303 1172 1352 καὶ
1201 1297 1486 1372 μυήσεων.]

324 1395 424 1447 Καὶ
452 1391 703 1450 ἐποίησαν
741 1421 811 1431 -
840 1391 867 1442 6
896 1389 1121 1452 Ἰησοῦςο
1162 1388 1251 1451 Ὠς
1279 1387 1394 1461 (98)
1423 1383 1764 1460 παρήγγειλε.

332 1599 433 1648 Καὶ
483 1597 775 1668 ἡτοίμασαν
825 1597 882 1648 τὸ
948 1595 1167 1666 Πάσχα.
1225 1591 1312 1646 Τὰ
1375 1599 1466 1646 τοῦ
1521 1593 1738 1665 Πάσχα,
1782 1594 1849 1645 τὰ

257 1688 388 1760 πρὸς
426 1687 521 1742 τὴν
559 1692 649 1737 τοῦ
700 1686 897 1755 Πάσχα
938 1683 1110 1757 ἑορτὰν
1157 1678 1450 1751 ἐπιτήδεια,
1494 1684 1662 1743 καθὼς
1701 1684 1848 1755 εῖρη-

255 1794 362 1828 ται.
417 1777 635 1847 Φανερόν
683 1773 791 1838 οῦν,
845 1774 923 1825 ὅτι
967 1774 992 1825 6
1052 1777 1283 1846 Χριστὸς
1330 1775 1482 1844 ἔφαγε
1528 1775 1586 1824 τὸ
1638 1774 1848 1843 νομικὸν

1964 577 2079 635 mis
2124 577 2510 650 intelligentia
2553 581 2610 636 et
2659 577 2933 650 aptitudo
2987 578 3067 636 ad
3109 579 3440 648 scientiam,
3481 597 3619 656 quas

1963 667 2242 726 sternitur
2261 668 2478 724 divinis
2507 671 2562 725 et
2599 666 3002 724 ineﬂ‘abilibus
3023 669 3408 728 sermonibus
3437 686 3508 729 ac
3527 687 3621 730 re-

1961 756 2379 822 velationibus,
2421 755 2850 814 Paterfamilias
2895 772 3066 814 mens
3109 761 3223 828 est,
3257 774 3392 832 quae
3428 758 3618 832 ipsius

1960 846 2182 904 domus
2209 863 2310 919 per
2343 846 2618 903 virtutem
2658 849 3036 912 constructa),
3073 845 3234 906 clara
3270 847 3617 907 celsitudine

1961 939 2017 993 et
2059 935 2410 1006 cognitionis
2446 934 2855 1005 magnitudine
2883 935 3165 994 dilatatur
3195 953 3208 994 :
3238 939 3398 1010 apud
3431 953 3616 1011 quem

1958 1023 2096 1081 facit
2132 1025 2420 1082 Dominus
2459 1024 2706 1091 Pascha,
2746 1024 2862 1080 hoc
2905 1028 3015 1090 est,
3060 1025 3377 1084 transitum
3406 1041 3419 1082 :
3447 1041 3612 1086 acce-

1956 1114 2106 1171 dens
2136 1113 2215 1171 ad
2233 1129 2374 1170 eum
2404 1128 2520 1170 una
2538 1129 2678 1170 cum
2703 1111 3011 1186 discipulis
3041 1115 3183 1180 suis,
3206 1113 3270 1170 id
3289 1118 3401 1181 est,
3433 1114 3616 1173 subli-

1957 1203 2156 1260 mibus
2185 1202 2564 1260 sermonibus
2582 1217 2650 1258 ac
2669 1200 3180 1268 instructionibus,
3219 1218 3362 1277 quas
3393 1203 3469 1262 de
3490 1205 3614 1263 Deo

1953 1295 2011 1352 et
2034 1308 2075 1353 a
2093 1293 2216 1350 Deo
2245 1296 2408 1349 sunt.

2026 1401 2186 1458 Vers.
2220 1401 2308 1457 49.
2349 1400 2429 1456 Et
2451 1400 2732 1471 fecerunt
2755 1429 2825 1442 —
2859 1399 3051 1457 Iesus.
3083 1398 3245 1457 Sicut
3282 1399 3612 1466 constituit,

1953 1490 2070 1548 hoc
2089 1493 2182 1548 est
2200 1488 2503 1564 praecepit.

2027 1582 2186 1636 Vers.
2226 1583 2306 1636 t9.
2334 1581 2423 1636 Ac
2449 1583 2947 1651 praeparaverunt
2972 1577 3218 1649 pascha.
3251 1580 3619 1636 Paraverunt

1959 1668 2206 1742 pascha,
2235 1668 2291 1724 id
2311 1673 2398 1724 est
2417 1683 2488 1725 ea
2511 1683 2646 1742 quae
2660 1667 2738 1724 ad
2758 1667 3004 1725 Pascha
3021 1667 3234 1724 festum
3251 1682 3406 1741 opus
3423 1672 3612 1735 erant,

1960 1759 2116 1815 sicut
2163 1757 2384 1814 dictum
2433 1762 2543 1815 est.
2587 1756 2970 1814 Manifestum
3008 1770 3152 1827 ergo
3189 1759 3279 1814 est
3319 1755 3616 1813 Christum

251 1864 454 1934 Πάσχα
503 1865 644 1918 τότε.
687 1862 762 1915 Ού
805 1863 905 1934 γὰρ
946 1863 1006 1914 ἄν
1051 1864 1220 1934 μάτην
1267 1864 1330 1913 τά
1359 1865 1484 1935 πρὸς
1522 1865 1615 1919 τὴν
1663 1865 1848 1933 χρείαν

1965 1852 2098 1904 tunc
2124 1847 2311 1917 legale
2335 1846 2566 1917 pascha
2585 1845 2990 1902 manducasse
3017 1861 3030 1901 :
3054 1860 3250 1919 neque
3271 1844 3437 1903 enim
3468 1844 3616 1902 frus-

247 1951 557 2024 ἡτοίμαζον.

319 2039 508 2112 ⁶οψίας
583 2069 640 2082 -
721 2036 950 2094 δώδεκα.
1020 2039 1211 2110 Ὀψίαν
1277 2044 1371 2098 τὴν
1437 2040 1656 2115 ἑσπέραν
1720 2037 1846 2094 εἶπε.

252 2133 353 2183 Καὶ
399 2131 425 2181 ὁ
470 2134 675 2190 Λουκᾶς
723 2125 783 2182 δί
825 2148 1002 2201 φησιν,
1045 2130 1125 2181 ὅτι
1159 2133 1258 2182 Καὶ
1309 2130 1386 2181 ὅτε
1425 2127 1619 2200 ἐγένετο
1653 2129 1682 2187 ἠ
1717 2129 1845 2204 ὥρα,

251 2215 494 2278 δηλονότι
530 2219 560 2277 ἡ
593 2227 688 2280 τῆς
728 2218 964 2293 ἑσπέρας.
1006 2218 1264 2272 Ἐντεῦθέν
1303 2237 1432 2280 τινες
1478 2218 1849 2292 ἰσχυρίζονται

249 2311 324 2381 μή
376 2314 549 2381 φαγεῖν
589 2311 700 2360 τότε
747 2311 806 2360 τὸ
848 2310 1059 2381 νομικὸν
1095 2309 1290 2380 πάσχα
1333 2311 1419 2360 τὸν
1467 2311 1717 2382 Χριστὸν,
1759 2314 1848 2362 καὶ

250 2399 580 2471 παράγουσιν
629 2393 937 2460 ἀποδείξεις·
995 2399 1074 2449 ὅτι
1123 2393 1537 2472 τρισκαιδεκάτη
1594 2401 1709 2450 τότε
1758 2404 1847 2451 τοῦ

246 2489 413 2561 μηνὸς
459 2482 540 2544 ἧν·
582 2481 690 2538 ἔδει
728 2481 788 2538 δι
838 2489 974 2539 κατὰ
1023 2490 1114 2545 τὴν
1164 2482 1744 2562 τεσσαρεσκαιδεκάτην
1789 2489 1847 2540 1'6

251 2578 454 2648 Πάσχα
497 2582 694 2648 φαγεῖν.
740 2579 836 2630 Καὶ
883 2576 963 2628 ὅτι
1007 2575 1033 2628 6
1062 2577 1152 2648 μὶν
1181 2580 1331 2649 νόμος
1361 2575 1592 2639 ἑστῶτας
1629 2575 1847 2630 ἐκεἹευεν

251 2663 442 2718 ἐσθίειν
491 2668 550 2717 τὸ
595 2666 816 2737 Πάσχα·
863 2664 1009 2726 οὗτος
1057 2661 1116 2718 δέ
1173 2663 1402 2720 ἀνέπεσε.
1457 2671 1556 2720 Καὶ
1617 2667 1697 2718 ὃτι
1746 2672 1850 2728 πᾶς

248 2757 408 2830 οἰρτος
469 2755 712 2827 ζυμωτὸς
757 2753 984 2828 ἐξῃρεῖτο
1030 2757 1130 2829 πρὸ
1183 2763 1276 2818 τῆς
1331 2757 1534 2822 θυσίας,
1586 2760 1675 2809 καὶ
1720 2761 1849 2832 πυρὶ

247 2848 568 2897 κατεκαίετο’
611 2851 700 2896 νῦν
753 2840 812 2896 δὶ
858 2848 948 2897 καὶ
987 2843 1143 2918 ἄρτος
1188 2847 1498 2921 παράκειται
1539 2851 1628 2898 καὶ
1661 2843 1851 2920 διαμε-

245 2937 470 3009 ρίζεται.
508 2938 609 2988 Καὶ
637 2933 718 2986 ὃτι
744 2932 899 2986 ὀπτὸν
928 2937 1081 3007 μόνον
1109 2937 1250 3008 θέμις
1287 2932 1349 2994 ἦν
1386 2942 1589 3008 φαγεῖν’
1631 2934 1850 2990 ἐνταῦθα

250 3020 310 3077 δε
338 3028 428 3076 καὶ
461 3027 633 3096 ζωμὸς
652 3025 1015 3098 παρατίθεται.

323 3116 518 3168 Λοιπὸν
558 3111 646 3166 οὖν
693 3116 820 3186 πρὸς
861 3113 1082 3173 ἑκάστην
1127 3113 1406 3187 ἀπολογίαν
1446 3114 1556 3187 (99)
1587 3113 1848 3188 ἀπολογη-

1960 1941 2044 1994 tra
2071 1953 2204 2010 quae
2225 1935 2567 1993 necessaria
2593 1938 2762 1992 erant
2790 1937 3221 2007 prcpararnnt.

2028 2045 2187 2100 νοτε.
2209 2043 2298 2098 20.
2341 2043 2591 2112 Vespera
2620 2072 2690 2083 —
2722 2040 3056 2098 duodecim.
3089 2042 3272 2098 Lucas
3297 2043 3498 2098 autem
3523 2040 3616 2097 di-

1956 2133 2038 2190 xit
2067 2150 2081 2189 :
2112 2133 2251 2188 Cum
2282 2133 2432 2188 hora
2455 2131 2788 2189 advenisset
2809 2132 2876 2202 ³³,
2900 2129 3172 2188 videlicet
3199 2129 3458 2188 serotina
3489 2130 3614 2187 sive

1959 2222 2308 2295 vespertina.
2341 2220 2488 2277 Hinc
2526 2219 2827 2277 afﬁrmant
2854 2218 3105 2293 quidam
3133 2234 3255 2276 non
3280 2217 3615 2276 comedisse

1957 2315 2092 2368 tunc
2136 2311 2432 2368 Christum
2457 2309 2650 2382 legale
2675 2309 2925 2382 pascha,
2958 2312 3015 2366 et
3037 2323 3250 2366 causas
3278 2307 3611 2372 adducunt,

1956 2401 2119 2474 quod
2143 2400 2416 2457 decimus
2433 2399 2638 2458 tertius
2659 2403 2802 2457 tunc
2817 2397 2945 2454 dies
2962 2396 3188 2454 mensis
3209 2400 3361 2455 esset
3394 2415 3409 2466 ;
3443 2411 3616 2471 opor-

1957 2491 2118 2549 tebat
2133 2493 2330 2547 autem
2354 2488 2591 2546 decimo
2603 2494 2811 2561 quarto
2826 2486 3055 2559 pascha
3069 2486 3384 2544 comedere
3401 2507 3414 2552 ;
3432 2485 3616 2560 quod-

1955 2596 2074 2653 que
2102 2579 2197 2636 lex
2228 2582 2453 2635 stantes
2483 2578 2658 2635 edere
2674 2577 2912 2650 juberet
2934 2593 2948 2633 :
2971 2575 3098 2650 ipse
3115 2591 3258 2633 vero
3287 2575 3613 2633 discubuit.

1956 2670 2242 2726 Praeterea
2269 2668 2466 2724 omnis
2489 2667 2669 2741 panis
2689 2665 3080 2723 fermentatus
3101 2669 3239 2723 ante
3259 2663 3618 2723 immolatio-

1957 2773 2094 2815 nem
2109 2757 2522 2829 abjiciebatur,
2539 2755 2798 2829 igneque
2815 2753 3287 2812 comburebatnr
3302 2770 3317 2822 ;
3331 2769 3491 2812 nunc
3510 2769 3614 2813 au-

1957 2853 2076 2906 tem
2101 2853 2158 2905 et
2185 2848 2356 2920 panis
2382 2847 2571 2913 adest,
2602 2848 2676 2917 :et
2711 2845 3013 2903 dividitur.
3061 2844 3154 2902 Ad
3185 2844 3312 2902 haec
3342 2848 3610 2902 assatum

1958 2942 2188 2996 tantum
2213 2937 2388 2994 edere
2419 2935 2510 2994 fas
2538 2939 2664 2993 erat
2689 2951 2706 3003 ;
2732 2935 2828 2992 his
2855 2950 2996 2992 vero
3034 2934 3217 2992 etiam
3245 2934 3346 3008 jus
3372 2949 3496 3008 quo
3523 2933 3614 2992 in-

1957 3027 2199 3098 tingitur
2216 3026 2414 3099 panis,
2443 3024 2788 3098 apponitur.

2027 3114 2531 3188 Respondendum
2570 3129 2713 3185 ergo
2751 3115 2841 3170 est
2865 3112 2944 3171 ad
2972 3127 3468 3186 unamquamque
3497 3112 3612 3170 hae-

247 3207 376 3258 τίον.
427 3201 684 3275 Προελαϐε
722 3207 813 3276 μέν
860 3207 946 3256 τὸν
989 3208 1169 3278 καιρὸν
1199 3207 1370 3279 ἡμέρᾳ
1418 3210 1516 3278 μιᾷ
1556 3205 1675 3257 κατ’
1714 3204 1848 3258 οἰκος

1965 3205 2318 3262 sitationem.
2346 3207 2604 3276 Tempus
2623 3199 2870 3276 quidem
2893 3201 3298 3275 dispensative
3324 3201 3611 3276 anticipa-

248 3297 451 3364 νομίαν.
505 3288 718 3350 Ἐπειδὴ
777 3294 878 3368 γὰρ
928 3291 1219 3365 ἐγίνωσκεν,
1273 3295 1352 3345 ὅτι
1403 3295 1534 3346 κατά
1587 3297 1680 3352 τὴν
1728 3313 1850 3347 τεσ-

251 3377 736 3455 σαρεσκαιδεκάτην
799 3380 1156 3436 ἁποθανεῖταν
1236 3387 1325 3434 καὶ
1398 3385 1499 3456 γὰρ
1580 3382 1716 3445 εἰκὸς
1785 3380 1847 3442 ἦν

247 3473 386 3524 κατὰ
431 3475 524 3529 τὴν
577 3472 773 3546 ἡμέραν
818 3479 910 3532 τῆς
955 3470 1034 3544 (1)
1079 3478 1170 3524 τοῦ
1206 3478 1426 3524 τυπικοῦ
1465 3468 1628 3544 ἀμνοῦ
1661 3473 1849 3532 θυσίας

254 3561 604 3620 θυσιασθῆναι
647 3564 739 3613 καὶ
777 3563 863 3614 τὸν
894 3559 1134 3620 ἀληθινὸν
1181 3558 1359 3632 ἀμνὸν,
1406 3561 1543 3622 ὅπως
1587 3561 1850 3620 καταλλή-

250 3647 355 3711 λως
396 3647 638 3722 ἐπενεχθῇ
681 3658 753 3721 τῷ
794 3652 940 3722 τύπῳ
979 3651 1008 3708 ἡ
1061 3647 1296 3708 ἀλήθειά
1347 3648 1524 3703 λοιπὸν
1573 3653 1703 3704 κατὰ
1752 3656 1846 3710 τὴν

253 3734 690 3810 τρισκαιδεκάτην
744 3737 905 3792 ἐσθίει
961 3742 1018 3791 τὸ
1075 3741 1294 3811 Πάσχα,
1353 3743 1424 3812 μὴ
1489 3737 1846 3814 ἐγχωροῦντος

249 3827 432 3902 ἑτέρως
486 3835 576 3882 τοῦ
633 3829 962 3903 πράγματος.
1020 3828 1171 3881 Ούτω
1235 3831 1336 3902 γὰρ
1395 3833 1484 3882 καὶ
1529 3833 1586 3882 τὸ
1637 3833 1845 3903 νομικὸν

249 3915 515 3992 ἐπλήρωσε
589 3919 800 3988 πάσχα,
881 3921 969 3970 καὶ
1028 3920 1086 3970 τὸ
1146 3921 1488 3991 πνευματικὸν
1552 3916 1840 3992 παρέδωκε,

246 4011 338 4059 καὶ
404 4006 592 4060 αὐτίκα
644 4004 692 4058 ἐν
744 4005 875 4080 αύτῇ
933 4013 995 4080 τῇ
1054 4012 1202 4060 νυκτὶ
1261 4007 1545 4080 συνελήφθη
1573 4011 1718 4083 παρά
1744 4019 1844 4062 τῶν

242 4092 532 4152 Ἰουδαίων.
583 4099 671 4149 Διὸ
729 4097 818 4148 κᾶὶ
862 4099 992 4170 πρὸς
1033 4099 1150 4159 τούς
1189 4099 1430 4169 μαθητὰς
1481 4103 1639 4150 εἰπεῖν
1692 4099 1844 4152 αύτόν

248 4188 446 4258 ἱστορεῖ
520 4191 746 4249 Λουκᾶς,
836 4185 912 4238 ὅτι
986 4184 1270 4258 Ἐπιθυμίᾳ
1320 4184 1625 4258 ἐπεθύμησα
1693 4187 1845 4240 τούτο

243 4277 304 4327 τὸ
360 4276 562 4347 Πάσχα
603 4281 782 4348 φαγεῖν
832 4273 946 4348 μεθ’
1009 4276 1152 4346 ὑμῶν
1201 4279 1299 4347 πρὸ
1373 4281 1466 4328 τοῦ
1521 4294 1584 4343 με
1641 4277 1842 4343 παθεῖν,

243 4367 506 4431 τουτέστι,
553 4360 760 4438 Σπουδῇ
812 4360 1125 4418 ἐσπούδασα
1156 4366 1215 4417 τὸ
1262 4370 1354 4416 τοῦ
1397 4363 1632 4417 ἐνιαυτοῦ
1661 4367 1844 4418 τούτου

245 4455 446 4524 πάσχα
489 4458 666 4524 φαγεῖν
712 4451 822 4525 μεθ’
871 4455 1034 4526 ὑμῶν,
1079 4457 1148 4526 μὴ
1195 4451 1470 4518 ἀνάμείνας
1513 4456 1598 4506 τὸν
1651 4473 1844 4526 νενομι-

1955 3295 2036 3351 vit
2064 3309 2188 3350 uno
2212 3293 2326 3349 die.
2342 3292 2492 3361 Quia
2507 3291 2668 3347 enim
2693 3293 2938 3347 noverat
2961 3305 3022 3346 se
3033 3289 3270 3346 decimo
3282 3295 3494 3363 quarto
3515 3290 3612 3348 die

1957 3383 2311 3440 moriturum
2345 3399 2360 3437 :
2389 3378 2687 3452 siquidem
2717 3393 2955 3451 aequum
2995 3381 3122 3434 erat
3145 3381 3210 3435 ut
3231 3377 3329 3434 die
3348 3393 3471 3452 quo
3502 3377 3610 3435 im-

1957 3470 2291 3529 molabatur
2318 3468 2663 3540 ﬁgurativus
2689 3481 2904 3538 agnus,
2938 3471 2995 3524 et
3024 3481 3205 3523 verus
3241 3481 3486 3540 quoque
3516 3482 3613 3539 ag-

1956 3577 2070 3618 nus
2099 3559 2528 3624 immolaretur,
2553 3559 2618 3614 ut
2644 3555 2904 3614 invicem
2945 3555 3380 3629 responderent
3418 3558 3613 3626 ﬁgura

1955 3657 2012 3708 et
2067 3649 2301 3707 veritas.
2334 3647 2462 3705 Edit
2505 3647 2688 3718 igitur
2733 3645 2972 3703 decimo
3026 3645 3198 3702 tertio
3245 3644 3343 3702 die
3392 3644 3611 3719 pacha,

1953 3741 2136 3798 rebus
2166 3738 2336 3796 aliter
2357 3753 2479 3794 non
2509 3735 2844 3794 sinentibus
2872 3754 2886 3807 ;
2910 3751 3054 3793 nam
3088 3735 3171 3794 ita
3208 3742 3264 3794 et
3292 3734 3484 3807 legale
3504 3735 3615 3793 im-

1953 3831 2138 3906 plevit
2171 3829 2418 3902 pascha,
2457 3831 2513 3885 et
2542 3825 2840 3900 spirituale
2870 3825 3133 3891 tradidit,
3196 3826 3514 3901 statimque
3551 3826 3610 3883 id

1954 3924 2043 3978 est
2056 3937 2128 3978 ea
2151 3924 2324 3976 nocte
2342 3935 2378 3976 a
2404 3917 2624 3975 Iudaeis
2650 3916 3121 3990 comprehensus
3142 3920 3252 3973 est.
3274 3916 3409 3974 Ideo
3429 3916 3611 3974 etiam

1952 4009 2165 4067 dixisse
2206 4024 2342 4064 eum
2373 4005 2674 4077 discipulis
2703 4005 2907 4063 scribit
2933 4006 3140 4074 Lucas,
3187 4006 3488 4064 Desiderio
3516 4005 3612 4063 de-

1952 4099 2212 4156 sideravi
2245 4099 2354 4155 hoc
2379 4095 2608 4166 pascha
2635 4095 2944 4154 comedere
2967 4101 3288 4166 antequam
3310 4096 3517 4165 patiar
3537 4097 3608 4162 1⁸,

1953 4187 2064 4244 hoc
2107 4190 2214 4251 est,
2269 4185 2655 4242 Festinatione
2705 4183 2978 4241 festinavi
3026 4184 3136 4240 hoc
3184 4197 3346 4239 anno
3386 4183 3614 4254 pascha

1953 4275 2128 4332 edere
2166 4273 2481 4331 vobiscum
2507 4277 2833 4347 antequam
2860 4270 3051 4344 patiar
3083 4285 3098 4336 ;
3125 4269 3188 4326 id
3207 4275 3319 4337 est,
3334 4285 3456 4326 non
3484 4285 3614 4328 exs-

1953 4362 2184 4438 pectavi
2211 4367 2446 4433 tempus
2459 4361 2635 4432 alege
2654 4364 2962 4427 statutum,
2975 4373 3053 4416 ne
3069 4356 3470 4432 passioprucis
3482 4373 3619 4432 pro-

1952 4453 2184 4510 hiberet
2209 4449 2454 4521 legalem
2485 4465 2718 4508 coenam
2746 4463 2818 4508 ac
2845 4448 3186 4521 mysticam.
3229 4449 3297 4504 Et
3324 4443 3456 4503 haec
3484 4447 3616 4520 qui-

252 4543 438 4612 σμένον
484 4542 687 4612 καιρὸν,
727 4540 808 4592 ἱνα
843 4544 915 4614 μὴ
951 4545 1010 4593 τὸ
1043 4542 1207 4604 πάθος
1244 4548 1336 4594 τοῦ
1369 4549 1598 4616 σταυροῦ
1636 4544 1843 4616 κωλύσῃ

1965 4542 2095 4601 dem
2125 4540 2200 4598 de
2225 4543 2515 4612 tempore.

251 4630 343 4678 καὶ
389 4629 476 4678 τόν
504 4630 712 4700 νομικὸν
742 4625 945 4684 δεῖπνον
984 4634 1074 4683 καὶ
1112 4632 1200 4683 τὸν
1229 4633 1506 4702 μυστικόν.
1536 4637 1716 4684 Ταῦτα
1759 4634 1848 4704 μὲν

251 4718 368 4790 περὶ
400 4721 491 4768 τοῦ
524 4723 724 4792 καιροῦ.

325 4809 448 4880 Περὶ
489 4802 548 4860 δὲ
598 4813 689 4860 τοῦ
731 4812 924 4884 τρόπου
971 4816 1067 4871 τῆς
1118 4807 1388 4884 βρώσεως
1451 4809 1584 4872 εἰκὸς
1647 4819 1850 4886 πρῶτον

2031 4815 2110 4869 De
2129 4808 2312 4868 modo
2336 4811 2538 4866 autem
2554 4804 2986 4870 manducandi,
3005 4803 3320 4863 verisimile
3343 4807 3616 4880 estquod

246 4897 340 4969 μὶν
379 4893 605 4960 ἐστῶτας
652 4904 832 4971 φαγεῖν
878 4900 938 4951 τὸ
981 4899 1175 4970 πάσχα
1223 4901 1358 4951 κατὰ
1399 4901 1484 4952 τὸν
1525 4905 1698 4974 νόμον,
1741 4898 1848 4955 εἶτα

1965 4905 2182 4958 stantes
2246 4898 2511 4971 primum
2558 4894 3071 4953 manducaverunt
3127 4895 3348 4968 pascha
3405 4910 3614 4954 secun-

248 4983 521 5038 ἀναπεσεῖν
551 4990 642 5039 καὶ
673 4981 923 5044 δειπνεῖν.
965 4986 1025 5040 Ὀ
1057 4983 1110 5041 δ’
1135 4987 1291 5060 ἄρτος
1318 4991 1409 5041 καὶ
1435 4989 1463 5041 6
1495 4988 1670 5062 ζωμὸς
1697 5009 1851 5063 παρε-

1959 4989 2108 5046 dum
2141 4988 2335 5060 legem
2374 4984 2624 5046 :deinde
2649 4983 3084 5042 discnbuernnt
3111 4989 3167 5041 et
3206 4989 3612 5042 caanaverunt.

246 5075 472 5133 τέθησαν
493 5077 625 5148 μετὰ
652 5077 712 5129 τὸ
738 5083 916 5148 φαγεῖν
945 5075 1132 5139 αύτούς
1159 5080 1219 5130 τὸ
1241 5079 1437 5150 πάσχα
1459 5083 1550 5132 καὶ
1578 5077 1848 5133 ἀναπεσειν

1965 5078 2135 5136 Panis
2185 5080 2384 5134 autem
2433 5082 2491 5132 et
2535 5076 2639 5147 jus
2686 5072 2964 5148 apposita
3008 5076 3148 5132 sunt
3194 5081 3502 5148 postquam
3532 5075 3614 5134 illi

322 5229 368 5264 ¹³
399 5229 537 5286 an.
569 5244 717 5297 χιιι,
750 5231 835 5286 14.
950 5229 998 5266 ¹⁴
1029 5227 1174 5286 Ibid.
1209 5230 1297 5285 l5.

1468 5352 1694 5423 Variae
1732 5337 2060 5425 lectiones
2090 5367 2155 5424 et
2186 5365 2389 5424 notae.

322 5522 434 5595 (97)
468 5522 583 5595 Pro
620 5539 675 5575 τι
693 5524 800 5589 καὶ,
827 5521 962 5595 cod.
989 5523 1058 5578 Α.
1091 5523 1195 5595 dat
1216 5530 1334 5595 τῶν.

1961 5524 2207 5608 arseius.
2259 5520 2716 5608 ’Anoetagetiam
2755 5519 3006 5608 propius
3047 5520 3280 5608 accedit
3310 5519 3391 5578 ad
3419 5519 3621 5608 simili:

323 5591 438 5666 (98')
473 5594 594 5670 Hoc
633 5597 690 5650 et
737 5593 1074 5665 proximum
1118 5593 1410 5651 scholinm
1459 5597 1854 5670 coniunxerat
1959 5591 2523 5670 tudinemvocabuli
2552 5591 2854 5670 ἀπολογίαν,
2870 5591 3434 5670 quamadi'vcracw,
3451 5593 3620 5667 quod

249 5665 596 5722 Hentenins.

326 5736 438 5810 (99)
469 5735 916 5804 Haesitationem,
965 5735 1306 5796 Hentenius.
1357 5739 1526 5797 Forte
1572 5739 1855 5798 invenerit

1961 5667 2247 5737 cuiquam
2278 5667 2340 5723 in
2365 5667 2626 5722 mentem
2655 5663 3098 5737 ve‘niregpossit.

2035 5684 2059 5724 l
2105 5683 2247 5724 nam
2278 5683 2340 5723 ιη
2365 5683 2626 5722 mentem
2655 5683 2856 5721 venire
2885 5683 3063 5737 ροεειι

2035 5683 2111 5812 ὦ
2136 5746 2242 5800 Τῆς
2267 5742 2323 5796 et
2342 5753 2482 5796 mox
2515 5737 2718 5806 θυσίας,
2757 5734 2972 5792 omittit
3000 5735 3063 5792 B.
