4198 6466
527 371 640 428 659

1864 352 2155 414 EUTHYH
2167 351 2214 407 Il
2253 349 2579 407 ZIGABENI

3806 349 3915 406 660

522 497 746 572 pascha
777 495 1308 559 manducaverant,
1335 496 1392 548 et
1419 492 1482 546 in
1513 504 1686 546 coena
1714 485 2181 548 discubuerant;

2325 499 2349 529 ν
2395 485 2468 548 τῷ
2510 474 2726 547 δείπνῳ.
2764 478 2910 528 οὔπω
2944 478 3047 548 γὰρ
3094 473 3278 534 ἧλθινή
3328 471 3914 549 τεσσαρεσκαιδεκάτη,

529 587 802 645 nondum
829 585 990 641 enim
1032 587 1272 639 venerat
1296 581 1564 637 decimus
1601 582 1852 652 quartus
1891 573 2039 642 dies,
2070 587 2192 644 quo

529 690 705 732 omne
734 674 1155 730 fermentatum
1196 672 1495 742 abjectum
1530 673 1674 725 erat.
1703 670 1819 723 Nec
1863 662 2196 738 quidquam

531 753 776 822 vetabat
795 763 1098 836 jurulenta
1126 776 1370 834 quoque
1398 759 1600 816 edere.

605 856 674 911 Et
714 868 894 926 quam
924 853 1004 908 ob
1035 865 1282 908 causam
1315 851 1618 906 tacuerunt
1647 844 2027 914 evangelista
2055 842 2197 897 Pas-

538 944 668 1000 cha
690 941 1086 1000 mutationem
1118 940 1238 1012 (aa)
1267 937 1296 993 'i
1322 937 1473 1004 Quia
1488 935 1896 992 necessarium
1928 947 2051 988 non
2075 934 2202 987 erat

540 1034 618 1090 de
646 1033 761 1090 hac
798 1047 861 1088 re
904 1031 1102 1086 dicere
1134 1045 1147 1084 :
1175 1028 1321 1102 quid
1353 1028 1512 1084 enim
1542 1025 1889 1082 Christianis
1939 1023 2202 1079 confere-

541 1123 649 1179 bat
677 1121 782 1192 huj
793 1118 1230 1176 usreinarratio
1253 1119 1282 1174 ?
1316 1117 1479 1173 Hanc
1496 1131 1638 1185 ergo
1653 1113 2196 1187 prastermiserunt;

543 1225 854 1267 sermones
880 1213 1079 1266 tamen
1105 1223 1291 1263 coenae
1315 1203 1936 1278 mysticaidiligentius
1949 1206 2203 1274 pertrac-

541 1304 770 1366 tarunt,
815 1302 1018 1370 utpote
1051 1297 1312 1352 maxime
1356 1293 1730 1351 necessarios
1765 1308 1835 1348 ae
1873 1291 2201 1364 plurimum

539 1388 942 1446 conducentes
968 1386 1048 1445 ad
1067 1385 1251 1442 ﬁdem
1273 1388 1561 1440 nostram.
1588 1385 1653 1442 Et
1677 1381 1900 1454 ubique
1930 1380 2200 1448 regulam

536 1479 695 1534 hanc
726 1477 1069 1538 observant,
1105 1478 1168 1530 ut
1201 1489 1335 1545 quas
1363 1472 1694 1527 necessaria
1725 1486 1847 1534 non
1876 1475 2015 1524 sunt
2055 1484 2202 1539 prte-

536 1569 885 1629 tercurrant,
909 1565 1000 1622 vel
1029 1563 1087 1622 in
1107 1561 1352 1618 transitu
1376 1561 1574 1620 solum
1593 1561 1964 1618 mentionem
1991 1573 2201 1614 eorum

538 1655 777 1718 faciant,
809 1668 1055 1712 omnem
1076 1650 1448 1722 diligentiam
1469 1665 1538 1706 ac
1565 1649 1830 1706 studium
1861 1647 2014 1704 circa
2038 1645 2203 1704 utilia

541 1745 883 1813 dirigentes.

620 1833 840 1888 Verum
865 1847 1005 1888 cum
1031 1833 1164 1890 ante
1181 1828 1515 1899 legitimum
1544 1831 1784 1899 tempus
1805 1826 2073 1884 Christus
2106 1827 2204 1882 Pa-
2237 1829 2280 1883 Β

549 1921 694 1977 scha
732 1919 1059 1992 perfecerit,
1085 1917 1394 1991 quomodo
1421 1916 1609 1974 Judaei
1637 1915 1953 1977 manifesta
1974 1915 2089 1976 hac
2113 1929 2208 1970 ac-

552 2009 860 2074 cusatione
895 2007 1116 2080 relicta,
1161 2006 1507 2082 quaerebant
1535 2005 1753 2080 falsum
1809 2003 2210 2072 testimonium

554 2097 1059 2162 adversuslesum
1075 2097 1103 2152 ‘2
1124 2096 1276 2166 Quia
1297 2094 1566 2164 sciebant
1589 2093 1814 2162 nullam
1842 2108 1968 2150 esse
1995 2092 2209 2168 legem,

556 2202 688 2259 qua:
746 2185 1176 2244 condemnaret
1202 2200 1342 2242 eum
1371 2184 1474 2260 qui
1507 2183 1740 2252 Pascha
1791 2187 1927 2240 ante
1975 2186 2212 2254 tempus

551 2276 908 2342 celebrasset
941 2291 954 2341 ;
985 2273 1350 2354 praesidente
1399 2274 1540 2344 olim
1569 2275 1688 2342 Deo
1739 2271 1904 2344 quod
1948 2273 2212 2330 futurum

554 2370 700 2436 erat,
733 2365 1000 2438 nihilque
1041 2365 1112 2436 de
1151 2363 1266 2422 hoc
1296 2366 1613 2436 statuente.
1665 2364 1729 2430 Et
1758 2360 1889 2430 vide
1938 2376 2063 2424 rem
2111 2359 2214 2416 ad-

550 2454 866 2512 miratione
891 2453 1163 2526 dignam,
1209 2452 1376 2528 quod
1406 2457 1613 2518 contra
1643 2466 1802 2516 eum,
1836 2449 1937 2521 qui
1970 2455 2106 2522 post
2137 2449 2215 2506 le-

554 2544 830 2616 gitimum
871 2548 1108 2620 tempus
1127 2542 1493 2618 celebrasset
1521 2544 1742 2598 statum
1766 2545 1908 2607 erat,
1942 2538 2054 2596 nisi
2087 2537 2214 2602 talis

555 2634 924 2704 occasionem
950 2632 1212 2704 maxime
1229 2629 1622 2696 necessariam
1650 2627 2015 2700 prtelexissel
2042 2644 2054 2682 :
2079 2644 2215 2684 con-

557 2727 652 2786 tra
695 2739 834 2786 eum
891 2737 1030 2776 vero
1058 2721 1161 2794 qui
1192 2724 1428 2792 tempus
1466 2719 1867 2794 praevenisset,
1902 2717 2064 2774 nulla
2096 2721 2218 2774 erat

559 2811 807 2882 definita
835 2825 1036 2884 poena.
1067 2811 1328 2876 Joannes
1360 2814 1561 2884 autem
1581 2807 1721 2864 dicit
1742 2809 1809 2872 1⁵,
1834 2806 1997 2880 quod
2017 2822 2155 2862 cum
2181 2821 2218 2862 a

563 2915 738 2964 omne
768 2899 1137 2974 surrexisset,
1162 2897 1465 2971 pedesque
1495 2895 1923 2969 discipulorum
1952 2895 2214 2972 lavisset,

561 3004 770 3044 rursus
791 2986 1090 3042 discubuit
1119 3003 1133 3052 ;
1169 3001 1311 3042 nam
1336 2985 1449 3062 hoc
1475 2991 1654 3057 caput
1683 2984 1760 3042 ab
1807 2985 1936 3046 aliis
1967 2998 2216 3054 evange-

562 3077 710 3144 listis
743 3080 832 3136 est
851 3076 1324 3150 praetermissum
1360 3092 1374 3130 :
1403 3075 1604 3144 etjideo
1620 3075 1855 3152 scripsit
1883 3074 1979 3130 ille
2010 3090 2218 3148 quem-

2303 569 2419 620 καθ’
2450 571 2512 626 ἦν
2557 567 2692 618 ἅπαν
2724 566 2961 637 ζυμωτὸν
2993 565 3351 638 ἐξηφανίζετο.
3385 569 3486 618 Καὶ
3514 561 3668 620 οὐδὲν
3695 565 3913 620 ἐκώλυεν

2305 659 2380 710 ἐτι
2416 662 2508 708 καὶ
2548 659 2718 728 ζωμὸν
2744 654 2955 710 ἇσθίειν.

2381 855 2483 904 Καὶ
2534 847 2682 903 διατί
2726 855 3141 924 παρεσιώπησαν
3176 851 3227 900 οἱ
3265 848 3634 920 εὐαγγελισταὶ
3683 854 3778 909 τὴν
3827 858 3918 903 τοῦ

2311 941 2511 1012 Πάσχα
2555 938 2874 1011 μετάληψιν;
2907 943 3049 991 Διότι
3096 937 3190 990 οὐκ
3232 939 3294 996 ἦν
3352 935 3633 1010 ἀναγκαῖον
3684 942 3744 990 τὸ
3795 945 3918 1012 περὶ

2308 1031 2504 1090 ταύτης
2546 1027 2720 1080 εἰπεῖν.
2778 1031 2843 1079 Τί
2889 1029 2987 1099 γὰρ
3045 1027 3107 1078 ἄν
3164 1030 3255 1078 καὶ
3313 1027 3605 1080 συνετέλεσε
3661 1035 3918 1101 Χριστια-

2308 1125 2414 1180 νοῖς
2459 1119 2490 1176 ἠ
2549 1119 2749 1178 ταύτης
2794 1112 3084 1186 διήγησις;
3139 1118 3226 1169 Διό
3265 1118 3458 1174 ταύτην
3515 1120 3606 1188 μεν
3653 1112 3918 1190 παρέδρα-

2309 1223 2424 1280 μον⁶
2484 1213 2590 1268 τοῖς
2646 1202 2705 1257 δε
2752 1204 2920 1276 λόγοις
2973 1212 3066 1256 τοῦ
3123 1212 3384 1276 μυστικοῦ
3441 1201 3656 1257 δείπνου
3707 1205 3919 1278 φιλοπο-

2310 1303 2522 1370 νωτερον
2607 1291 3048 1367 προσδιέτριψαν,
3153 1297 3216 1354 ὡς
3321 1293 3740 1366 ἀναγκαιοτάτου
3830 1299 3921 1347 καὶ

2314 1385 2755 1438 συνεκτικωτάτου
2819 1391 2912 1445 τῆς
2973 1385 3118 1454 ἡμῶν
3175 1388 3420 1445 πίστεως.
3481 1389 3584 1436 Καὶ
3639 1392 3919 1456 πανταχοῦ

2313 1471 2372 1528 δὲ
2411 1478 2496 1526 τὸν
2545 1478 2735 1525 κανόνα
2769 1481 2946 1524 τοῦτον
2996 1480 3237 1544 τηροῦσι,
3289 1475 3356 1524 τὰ
3399 1478 3470 1545 μὴ
3515 1472 3775 1544 ἀναγκαῖα
3829 1478 3920 1545 μὲν

2313 1567 2752 1638 παρατρέχοντες,
2813 1567 2839 1618 ἦ
2901 1566 3034 1614 κατὰ
3098 1558 3330 1635 πάροδον
3395 1561 3918 1635 ἐπιμιμνησκόμενοι·

2315 1660 2488 1706 πᾶσαν
2523 1650 2580 1706 δε
2612 1657 2697 1711 τὴν
2735 1650 2998 1725 ἀκρίϐειαν
3029 1656 3118 1704 καὶ
3162 1647 3394 1708 σπονδὴν
3430 1659 3547 1726 περὶ
3576 1656 3638 1705 τὰ
3665 1657 3919 1724 χρήσιμα

2323 1760 2688 1804 συντείνοντες.

2393 1835 2493 1884 Καὶ
2541 1829 2647 1883 ἐπεὶ
2689 1833 2790 1904 πρὸ
2843 1839 2933 1884 του
2980 1831 3181 1900 Πάσχα
3226 1833 3284 1882 τὸ
3349 1832 3538 1899 Πάσχα
3578 1828 3819 1880 τετιλεκεν
3872 1829 3900 1880 6

2321 1923 2560 1992 Χριστός,
2616 1927 2723 1979 πῶς
2763 1913 3013 1970 Ἰουδαῖοι
3061 1922 3154 1975 τὴν
3210 1925 3441 1990 προφανῆ
3495 1920 3676 1974 ταύτην
3730 1936 3896 1974 κατη-

2319 2014 2500 2081 γορίαν
2563 2006 2786 2078 ἀφέντες,
2851 2007 3060 2069 έξὴτουν
3125 2004 3578 2081 ψευδομαρτυρίαν
3628 2008 3760 2058 κατὰ
3813 2012 3906 2057 τοῦ

2319 2099 2533 2164 ἰησοῦ;
2589 2101 2730 2148 Διότι
2787 2095 3082 2167 ἐγίνωσκον,
3133 2097 3197 2156 ὡς
3242 2096 3300 2148 οὐ
3350 2103 3518 2148 κεῖται
3562 2099 3726 2166 νόμος-
3750 2113 3914 2146 κατα-

2323 2183 2555 2249 δικάζων
2610 2190 2697 2237 τόν
2756 2186 3172 2257 προεορτάζοντα
3221 2188 3277 2237 τὸ
3333 2189 3553 2257 Πάσχα,
3614 2183 3776 2237 πάλαι
3827 2190 3920 2235 τοῦ

2323 2281 2456 2328 Θεοῦ
2495 2269 2800 2349 προειδότος
2837 2276 2894 2326 τό
2939 2273 3140 2345 μέλλον,
3179 2279 3270 2326 καὶ
3299 2273 3466 2346 μηδὲν
3498 2293 3550 2328 τι
3591 2278 3708 2346 περὶ
3736 2275 3921 2325 τούτου

2322 2366 2781 2436 νομοθετήσαντος.
2835 2367 2936 2418 Καὶ
2984 2365 3080 2437 ὅρα
3132 2365 3455 2435 θαυμαστόν,
3507 2364 3585 2416 ὅτι
3634 2366 3771 2416 κατὰ
3834 2364 3924 2434 μιν

2323 2461 2414 2507 τοῦ
2476 2453 2905 2528 μεθεορτάξοντος
2966 2455 3352 2526 νενομοθέτητο,
3412 2452 3457 2507 εἰ
3526 2455 3600 2524 μὴ
3660 2455 3927 2526 πρόφασιν

2324 2543 2474 2604 οὗτος
2528 2541 2940 2614 ἀναγκαιοτάτην
2996 2541 3306 2615 προϐάλοιτό
3515 2543 3654 2593 κατὰ
3708 2537 3770 2598 δε
3833 2547 3926 2593 τοῦ

2323 2633 2760 2706 προεορτάζοντος
2817 2629 2966 2686 οὐδεν
3020 2634 3212 2704 ὥριστο
3261 2631 3536 2704 ἐπιτίμιον.
3609 2637 3653 2682 Ο
3712 2628 3772 2683 6‘s
3822 2628 3930 2685 Ἰω-

2326 2724 2481 2783 άννης
2541 2727 2723 2794 φησιν,
2797 2723 2876 2774 ὅτι
2932 2719 3164 2782 ἀναστὰς
3220 2720 3320 2774 ἀπὸ
3378 2729 3467 2773 τοῦ
3536 2717 3772 2788 δείπνου,
3835 2723 3928 2774 καὶ

2325 2810 2481 2881 νίψας
2556 2815 2672 2870 τοὺς
2745 2807 2916 2870 πόδας
2981 2830 3082 2862 των
3137 2813 3408 2883 μαθητῶν,
3475 2809 3625 2863 πάλιν
3693 2808 3924 2863 ἀνέπεσε.

2330 2901 2555 2974 Παρείθη
2627 2903 2726 2974 γὰρ
2797 2903 2908 2962 τοῖς
2957 2899 3128 2962 ἄλλοις
3199 2899 3593 2971 ε-ἆαγγελισταῐς
3658 2904 3803 2952 τουτὶ
3867 2902 3926 2952 τὸ

2326 2989 2618 3061 κεφάλαιον,
2673 2989 2733 3040 οὗ
2789 2991 2950 3061 χάριν
3019 2989 3176 3049 αὐτὸς
3229 2991 3479 3062 ἱστόρησε
3522 2991 3586 3041 τὰ
3636 2993 3754 3060 περὶ
3811 2990 3929 3040 τού-

2325 3097 2439 3147 του,
2492 3079 2659 3138 καθὼς
2710 3075 2758 3128 ἐν
2811 3085 2883 3148 τῷ
2942 3077 3211 3150 Εὐαγγείῳ
3269 3078 3452 3144 αὐτοῦ,
3525 3085 3657 3142 Θεοῦ
3722 3074 3924 3142 δόντος,

564 3165 900 3235 admodum
936 3166 997 3222 in
1038 3165 1418 3242 enarratione
1442 3163 1747 3240 Evangelii
1793 3164 1924 3238 ejus
1971 3166 2088 3230 Deo
2114 3161 2214 3218 do-

2327 3165 2713 3239 ἐξηγησόμεθα.

565 3259 744 3313 nante
767 3254 1118 3328 referemus.

633 3365 795 3421 νει-ε.
847 3367 935 3422 2t.
977 3363 1054 3424 Et
1096 3361 1399 3422 edmtibus
1451 3391 1521 3414 -.—
1569 3377 1664 3420 me
1711 3361 2048 3422 traditurus
2099 3368 2207 3420 est.

636 3453 872 3514 Marcus
899 3467 1044 3511 vero
1072 3451 1306 3514 addidit
1335 3469 1350 3508 :
1381 3451 1490 3522 Qui
1528 3452 1859 3516 ’παπαί-αι
1895 3468 2118 3510 naccam
2146 3454 2214 3518 “5,

561 3558 638 3600 ne
685 3544 1132 3615 suspicarentur
1175 3541 1343 3614 quod
1391 3557 1580 3600 unum
1619 3541 1838 3598 diceret
1875 3557 2086 3600 eorum
2116 3542 2218 3613 qui

561 3632 957 3696 crediderant,
986 3630 1089 3703 qui
1120 3646 1243 3686 non
1268 3635 1425 3688 esset
1450 3645 1608 3688 unus
1637 3630 1714 3686 de
1746 3630 2065 3690 duodecim
2095 3630 2220 3686 dis-

564 3721 797 3792 cipulis.
831 3720 1021 3778 Simul
1051 3733 1293 3790 quoque
1315 3718 1482 3778 Iuda
1507 3717 1851 3777 clanculum
1881 3719 2216 3776 testabatur

569 3825 634 3866 se
673 3824 852 3868 nosse
890 3822 994 3866 cor
1024 3807 1172 3877 ejus.
1201 3807 1427 3864 Etenim
1459 3806 1647 3877 pedes
1677 3807 1857 3866 etiam
1888 3807 2017 3878 ejus
2061 3809 2219 3878 lavit,

570 3897 651 3954 ad
675 3895 1084 3968 paenitentiam
1129 3910 1270 3951 eum
1301 3909 1616 3963 revocans,
1645 3910 1998 3968 quanquam
2040 3896 2134 3954 ille
2159 3897 2222 3956 in

569 3984 788 4040 duritia
813 3982 1580 4056 permansit.Traditionem
1599 3988 1797 4042 autem
1818 3985 2075 4056 intelligo
2089 4003 2222 4058 pro-

568 4074 878 4134 ditionem.
905 4073 1170 4136 Tradidit
1206 4073 1367 4132 enim
1410 4090 1544 4134 eum
1573 4074 1634 4134 in
1665 4079 1940 4145 mortem,
1986 4081 2042 4133 et
2069 4077 2223 4134 insi-

567 4163 899 4234 diatoribus
929 4165 1086 4226 hunc
1110 4163 1392 4238 prodidit.

635 4273 796 4329 νοτε.
830 4275 919 4327 22.
943 4272 1020 4327 Et
1047 4272 1652 4332 contristati-Domine
1679 4273 1710 4327 7
1733 4275 1863 4329 Haac
1879 4273 2058 4330 etiam
2081 4275 2222 4329 Mar-

562 4379 666 4419 cus
702 4363 851 4420 dixit
878 4364 946 4418 ιτ.
983 4362 1167 4433 Elegit
1208 4366 1410 4419 autem
1450 4361 1736 4427 Christus,
1782 4367 1848 4419 ut
1877 4365 2067 4420 cateri
2093 4380 2221 4420 om-

561 4468 668 4508 nes
688 4453 966 4512 timerent
1006 4467 1076 4508 ac
1106 4451 1613 4522 contristarentur,
1660 4467 1782 4524 quo
1814 4454 2079 4525 perditus
2110 4455 2220 4509 dis-

565 4541 795 4613 cipulus
840 4545 1299 4597 converteretur.
1348 4541 1540 4605 Quare
1582 4546 1782 4598 autem
1825 4545 2012 4599 caeteri
2060 4543 2221 4598 anxii

566 4635 754 4696 erant,
778 4647 918 4686 cum
946 4629 1093 4686 nihil
1114 4629 1226 4686 tale
1252 4628 1364 4685 sibi
1390 4629 1614 4686 conscii
1637 4637 1833 4688 essent
1860 4633 1888 4688 ‘I
1910 4633 2060 4696 Quia
2081 4649 2222 4703 prae-

565 4718 790 4790 ceptori
819 4718 1081 4773 maxime
1129 4717 1456 4775 crededant
1493 4724 1779 4790 tanquam
1828 4722 2219 4788 veracissimo,

567 4811 624 4863 et
669 4806 921 4862 timebat
961 4806 1216 4880 quisque
1255 4821 1330 4864 ne
1369 4807 1518 4866 forte
1548 4809 1680 4865 talis
1710 4808 1985 4866 evaderet
2029 4817 2223 4868 mente

569 4899 922 4953 excmcatus.

637 4988 800 5042 Vers.
830 4983 918 5042 23.
952 4985 1030 5042 At
1058 4985 1253 5044 ille—
1281 4986 1501 5043 tradet.
1520 4985 1693 5041 Ponit
1719 5001 1962 5060 quoque
1993 4989 2222 5060 insigne

565 5089 688 5148 quo
717 5077 926 5147 posset
948 5073 1044 5130 ille
1064 5075 1366 5146 dignosci.
1407 5074 1642 5134 Marcus
1668 5090 1810 5131 vero
1839 5075 1985 5132 dixit
2017 5094 2030 5132 :
2064 5079 2221 5135 Unus

558 5177 630 5220 ea.
663 5161 966 5220 duodecim
983 5163 1084 5234 qui
1108 5161 1354 5233 intingit
1380 5176 1608 5218 mecum
1623 5162 1689 5218 in
1711 5163 1976 5219 catinum
2001 5166 2071 5222 ¹⁸.
2099 5169 2218 5224 Hoc

635 5289 682 5325 ιι
711 5288 885 5346 Joan.
916 5302 1037 5353 xm,
1065 5289 1119 5353 4,
1151 5289 1240 5344 12.
1357 5287 1404 5322 ⁸⁸
1438 5287 1606 5343 Marc.
1646 5302 1766 5343 xlv.
1801 5289 1888 5344 18.

2256 4496 2304 4551 D

2003 5290 2051 5326 ιτ
2082 5289 2228 5349 Ibid.
2256 5293 2346 5378 ιθ.

2401 3385 2501 3434 Καὶ
2554 3381 2830 3433 ισθιόντων
2889 3410 2954 3421 -
3010 3376 3323 3453 παραδώσει
3371 3401 3454 3454 με.
3507 3381 3566 3434 Ὀ
3611 3378 3672 3434 δε
3723 3382 3933 3457 Μάρκος

2326 3472 2668 3543 προσέθηκεν,
2722 3471 2803 3521 ὅτι
2868 3470 2895 3520 ό
2949 3468 3134 3521 ἐσθίων
3188 3471 3301 3542 μετ’
3354 3470 3496 3544 ἐμοῦ,
3545 3473 3628 3523 ἶνα
3681 3475 3753 3543 μὴ
3786 3473 3929 3529 ,ὑπο-

2325 3559 2576 3625 λάϐωσιν,
2632 3561 2698 3619 ὡς
2751 3557 2838 3610 ἱνα
2889 3557 3025 3630 λέγει
3093 3567 3192 3612 τῶν
3241 3562 3632 3612 πιστευσάντων
3693 3563 3786 3631 μὲν
3860 3560 3937 3621 εἰς

2328 3648 2503 3716 αὐτὸν,
2536 3653 2608 3721 μὴ
2645 3649 3106 3721 συνηριθμημένων
3138 3645 3196 3700 δε
3234 3655 3337 3707 τοῖς
3385 3644 3594 3698 δώδεκα
3637 3650 3924 3717 μαθηταῖς.

2326 3738 2468 3810 ’Δμα
2530 3735 2590 3790 δι
2640 3741 2730 3790 καὶ
2781 3741 2911 3812 πρὸς
2957 3741 3044 3789 τὸν
3089 3732 3290 3788 Ἰούδαν
3344 3733 3542 3805 ἀφανῶς
3595 3733 3922 3807 ἐμαρτύρατο

2331 3828 2410 3880 ὃτι
2465 3830 2593 3899 ἔγνω
2651 3832 2744 3885 τὴν
2800 3822 3022 3898 καρδίαν
3087 3823 3266 3877 αὐτοῦ.
3339 3827 3442 3876 Καὶ
3489 3825 3590 3896 γὰρ
3647 3828 3734 3875 καὶ
3801 3824 3919 3882 τοὺς

2331 3917 2490 3969 αὐτοῦ
2532 3913 2704 3977 πόδας
2753 3915 2940 3986 ἔνιψεν,
2993 3914 3062 3976 εἰς
3111 3912 3444 3986 μεταμέλειαν
3491 3912 3640 3964 αὐτὸν
3687 3910 3931 3964 ἐκκαλού-

2330 4025 2494 4079 μενος,
2546 4006 2590 4060 εἰ
2632 4011 2721 4057 καὶ
2767 4004 2990 4077 σκληρὸς
3039 4007 3195 4077 ἔμενε.
3239 3999 3548 4076 Παράδοσιν
3593 4001 3651 4055 δὲ
3691 4007 3793 4054 νόει
3834 4006 3939 4060 τὴν

2331 4093 2640 4170 προδοσίαν.
2712 4091 2993 4168 Παρέδωκε
3056 4096 3158 4166 γὰρ
3213 4093 3366 4145 αὐτὸν
3418 4092 3488 4154 εἰς
3549 4094 3784 4159 θάνατον,
3842 4098 3947 4146 καὶ

2329 4181 2634 4261 προδέδωκε
2665 4192 2843 4236 τοῦτον
2868 4189 2977 4244 τοῖς
3003 4181 3419 4236 ἆπιϐουλεύουσι.

2403 4278 2503 4326 Καὶ
2572 4273 2882 4345 λυπούμενοι
2951 4302 3021 4314 -
3097 4275 3292 4346 Κύριε;
3325 4275 3504 4328 Ταῦτα
3552 4276 3641 4324 καὶ
3722 4272 3956 4344 Μάρκος

2331 4366 2549 4436 εἴρηκεν.
2607 4362 2780 4415 Εἵλετο
2831 4364 2930 4436 γὰρ
2988 4362 3014 4412 ὁ
3063 4365 3298 4434 Χριστὸς
3353 4359 3583 4432 φοϐῆσαι
3628 4365 3718 4412 καὶ
3773 4359 3960 4421 λυπῆ-

2334 4471 2425 4504 σαι
2479 4453 2676 4512 πάντας
2729 4454 2846 4511 τοὺς
2896 4449 3101 4518 ἄλλους,
3158 4451 3285 4524 ὑπὲρ
3338 4456 3432 4501 τοῦ
3487 4448 3798 4522 ἑπιστρέψαι
3851 4455 3962 4503 τὸν

2333 4541 2676 4614 ἀπολλύμενον
2735 4542 2997 4612 μαθητήν.
3051 4544 3198 4591 Διατί
3253 4535 3312 4590 δε
3366 4541 3414 4591 οἰ
3462 4538 3632 4592 λοιποὶ
3679 4540 3962 4611 ἠγωνίων,

2333 4627 2498 4704 μηδὲν
2537 4650 2588 4682 τι
2634 4638 2866 4683 τοιοῦτον
2916 4625 3212 4689 συνειδότες
3255 4626 3371 4680 ἐαυτ
3387 4634 3503 4694 atq;
3541 4632 3682 4680 Διότι
3732 4625 3970 4704 σφόδρα

2331 4729 2402 4790 τῷ
2490 4717 2801 4790 διδασκάλῳ
2876 4719 3161 4780 ἐπίστευον,
3229 4719 3294 4776 ὡς
3368 4713 3767 4789 ἀψευδεστάτῳ,
3855 4726 3971 4774 καὶ

2334 4806 2604 4863 ἐδεδίεσαν
2642 4809 2877 4876 ἕκαστος,
2924 4812 3126 4879 μήποτε
3153 4813 3389 4867 τοιοῦτος
3429 4804 3622 4878 ἀποϐῇ,
3663 4805 3974 4878 τυφλωθεὶς

2334 4903 2419 4953 τὸν
2443 4908 2580 4955 νοῦν.

2401 4989 2461 5042 Ὀ
2514 4989 2574 5042 ὸε
2618 5019 2688 5029 —-
2736 4984 3066 5065 παραδώσει.
3123 4987 3318 5045 Τίθησι
3369 4990 3460 5039 καὶ
3509 4988 3832 5059 παράσημον
3894 4993 3979 5054 εἰς

2335 5077 2618 5152 διάγνωσιν
2660 5079 2840 5134 αὐτοῦ.
2891 5079 3105 5150 Μάρκος
3153 5071 3214 5128 δὲ
3262 5073 3416 5142 εἶπεν,
3468 5077 3548 5128 ὅτι
3607 5076 3694 5138 Εἷς
3741 5075 3798 5128 ἔκ
3849 5091 3978 5136 τῶν

2333 5165 2544 5221 δώδεκα
2623 5169 2650 5220 6
2721 5166 3104 5240 ἔμϐαπτόμενος
3169 5165 3282 5242 μετ’
3348 5165 3472 5238 ἐμοῦ
3547 5165 3617 5230 εἰς
3695 5168 3753 5218 τὸ
3827 5187 3982 5246 τρυ-

2455 5293 2502 5329 ³⁸
2532 5291 2684 5350 Ibid.
2719 5295 2810 5350 20.

1777 5441 1999 5522 Variae
2042 5444 2372 5520 lectiones
2404 5457 2470 5514 et
2490 5454 2693 5512 notae.

635 5602 714 5676 (2)
729 5649 732 5652 .
749 5597 1123 5677 Προϐάλλοιτο.
1154 5595 1300 5653 God.
1329 5598 1395 5652 A.

636 5727 755 5798 (aa)
784 5722 1195 5793 Mutationem,
1226 5723 1860 5784 Communicationem.
1893 5728 2214 5786 Hentenius
2245 5729 2495 5786 fortasse
2523 5731 2833 5786 invenerat
2861 5727 3194 5802 μετάμειψιν.
