4198 6450
639 325 746 381 663

641 465 808 519 nore,
849 451 905 506 et
929 449 1065 522 quia
1086 447 1228 506 boni
1253 448 1395 506 facti
1412 452 1571 519 sunt,
1594 424 1806 523 etquis
1827 444 2049 504 amalis
2068 443 2302 501 nullum
2332 441 2380 495 A

642 543 1100 612 reportaverunt
1130 538 1446 598 damnum.

715 738 875 792 Vers.
894 735 986 794 25.
1017 737 1395 806 Respondens
1412 767 1482 776 —
1503 734 1684 794 Rabbi
1712 736 1741 791 ?
1768 735 1810 792 Ο
1827 731 2266 806 impudentiam
2288 731 2300 787 l

643 827 972 895 interrogat
1033 830 1267 882 tentans
1322 824 1555 882 interim
1614 825 1795 880 latere
1858 822 2208 895 discipulos.
2259 822 2306 876 Α

647 915 941 988 principio
985 914 1278 984 siquidem
1303 930 1424 970 non
1456 914 1839 982 interrogavit
1875 913 2124 985 quando
2165 911 2310 968 dixit

649 1003 912 1060 Christus
972 1020 984 1059 :
1035 1004 1192 1060 Unus
1237 1017 1306 1058 ex
1349 1003 1552 1073 vobis;
1599 1001 1852 1075 putabat
1912 1001 2071 1056 enim
2132 1000 2307 1056 latere

648 1097 1074 1164 praeceptorem
1099 1109 1113 1158 ;
1141 1091 1245 1148 ubi
1263 1107 1397 1147 vero
1413 1091 1699 1148 indicium
1727 1090 1977 1155 addidit,
1997 1091 2159 1146 novit
2180 1090 2308 1160 jam

649 1182 816 1256 quod
846 1181 1121 1252 cognitus
1151 1186 1306 1238 esset
1338 1197 1352 1248 ;
1388 1182 1490 1237 sed
1522 1181 1746 1238 caeteris
1776 1178 2304 1249 interrogantibus,

647 1274 973 1344 interrogat
1005 1277 1062 1329 et
1085 1273 1236 1345 ipse,
1275 1271 1583 1328 conﬁdens
1620 1270 1695 1326 de
1721 1269 2109 1344 praceptoris
2147 1269 2309 1326 beni-

651 1363 892 1434 gnitate,
925 1361 1092 1435 quod
1122 1361 1328 1433 palam
1372 1376 1512 1417 eum
1548 1360 1798 1416 omnino
1828 1374 1952 1416 non
1977 1363 2250 1432 argueret
2290 1374 2305 1425 ;

651 1451 788 1508 ideo
816 1466 1061 1524 quoque
1096 1449 1287 1507 Rabbi
1316 1450 1484 1508 illum
1513 1453 1703 1516 vocat,
1730 1449 1844 1506 hoc
1873 1453 1961 1506 est
2006 1449 2304 1520 magister.

722 1645 886 1702 Vers.
917 1646 1005 1702 25.
1043 1645 1199 1702 Dicit
1229 1646 1327 1701 illi
1359 1661 1372 1700 :
1410 1646 1497 1700 Tu
1525 1645 1759 1701 dixisti.
1794 1643 1933 1700 Vide
1980 1659 2167 1716 quam
2199 1643 2311 1700 cle-

650 1741 882 1792 menter
906 1740 1119 1805 arguat
1138 1751 1298 1800 eum,
1327 1735 1613 1791 terminos
1631 1735 1806 1792 nobis
1827 1750 1899 1790 ac
1914 1734 2152 1806 regulas
2180 1734 2312 1791 lon-

1991 315 2336 376 EUTHYMII
2375 313 2708 372 ZIGABENI

3903 319 3986 376 664

2414 440 2625 514 ἀγαθοὶ,
2670 437 2858 503 διπλῆς
2901 440 3034 495 εἰσιν
3075 441 3216 505 ἄξιοι
3242 448 3424 514 τιμῆς,
3475 437 3618 495 διότι
3644 461 3701 496 τε
3739 447 3985 516 γεγόνασιν

2414 531 2620 604 ἁγαθοὶ,
2673 531 2763 584 κᾶὶ
2815 527 2956 584 διότι
2999 531 3094 585 οὐκ
3151 531 3267 604 (l0)
3324 529 3378 583 ἓν.
3425 539 3526 585 τῶν
3579 541 3819 606 πονηρῶν

2415 622 2606 680 ϐησαν.

2487 713 2814 787 Ἀποκριθεὶς
2867 741 2939 754 -
3016 709 3236 777 Ῥαϐϐίς
3310 709 3383 763 Ὠ
3427 719 3524 773 τῆς
3591 709 3980 786 ἁναισχυντίαςξ

2416 800 2600 877 ἰρωτᾴ,
2664 801 2834 854 λαθεῖν
2882 803 3004 861 τοὺς
3068 801 3309 872 μαθητὰς
3359 804 3484 862 τίως
3537 808 3865 875 πειρώμενος.
3916 805 3985 866 Ἐξ

2418 889 2595 966 ἀρχῆς
2641 893 2730 963 μεν
2773 893 2875 963 γὰρ
2915 889 3009 942 οὐκ
3062 890 3354 963 ἠρώτησεν,
3401 892 3483 943 ὅτε
3513 892 3539 942 ὁ
3579 897 3811 967 Χριστὸς
3838 891 3978 947 εἶπεν

2417 981 2501 1042 Εἷς
2547 979 2600 1043 ἕξ
2637 982 2798 1052 ὑμῶν.
2854 979 3004 1052 ’ῼετο
3050 982 3152 1054 ’γὰρ
3193 981 3267 1032 ἔτι
3308 979 3574 1033 λανθάνειν
3619 985 3708 1033 τὸν
3755 979 3982 1036 διδάσκα-

2417 1069 2522 1124 λον.
2588 1067 2708 1122 Ὀτε
2793 1065 2851 1121 δε
2934 1073 3025 1120 καὶ
3087 1070 3404 1142 παράσημον
3466 1072 3806 1143 προσέθηκεν,
3860 1075 3979 1144 ἔγνω,

2417 1160 2496 1211 ὅτι
2549 1155 2884 1230 διέγνωσται,
2941 1162 3031 1210 καὶ
3077 1157 3276 1226 λοιπὸν,
3327 1167 3425 1212 τῶν
3493 1158 3656 1212 ἄλλων
3719 1161 3981 1237 ἕρωτησάν-

2417 1267 2537 1314 των,
2587 1246 2754 1320 ἔρωτᾷ
2799 1252 2888 1300 καὶ
2916 1245 3085 1313 αὐτὸς,
3148 1246 3348 1322 θαρῥῶν
3385 1256 3480 1321 τῇν
3528 1247 3773 1324 ὶπιεικείᾳ
3799 1258 3879 1304 τοῦ
3919 1247 3984 1304 διο

2419 1333 2710 1402 δασκάλου,
2770 1339 2851 1390 ὅτι
2893 1339 3095 1398 πάντως
3143 1336 3239 1389 οὐκ
3287 1335 3477 1409 ίλίγξει
3525 1336 3791 1412 προδήλως
3832 1341 3978 1394 αὐτόν.

2417 1429 2513 1480 Διὰ
2576 1434 2730 1479 τοῦτο
2794 1429 2895 1500 γὰρ
2940 1431 3030 1479 καὶ
3091 1424 3268 1479 Ῥαϐεὶ
3331 1433 3510 1480 τοῦτον
3559 1426 3804 1496 ἐκάλεσεν,
3865 1433 3977 1495 ἦτοι,

2419 1512 2763 1569 διδάσκαλον.

2490 1627 2644 1694 Λέγει
2711 1622 2872 1693 αὐτῷ,
2942 1625 3009 1676 Σὺ
3073 1619 3240 1684 εἶπας.
3309 1621 3467 1697 Ὀρα,
3546 1633 3655 1686 πῶς
3705 1624 3975 1688 ἀνεξικάκως

2419 1712 2573 1764 αὑτὸν
2631 1711 2857 1784 ἕλίγχει,
2904 1714 3054 1781 ὄρους
3103 1714 3227 1783 ἡμῖν
3268 1716 3358 1764 καὶ
3401 1717 3618 1776 κανόνας
3654 1717 3971 1788 μακροθυμίας

649 1796 1024 1896 εαηίωἱιιιιῇ
1072 1796 1439 1879 describens.
1492 1825 1583 1880 Ait
1611 1824 1808 1880 enim:
1839 1826 1920 1879 Tu
1969 1796 2220 1880 tostatus
2250 1840 2305 1879 es

2419 1805 2634 1873 πηγνύς.
2669 1807 2806 1861 Φησὶ
2844 1803 2966 1875 γὰρ,
3015 1805 3082 1853 Σὺ
3138 1803 3379 1868 κατέθου,
3433 1804 3510 1855 ὅτι
3565 1807 3624 1854 σύ
3671 1800 3724 1856 εἶ.
3777 1809 3958 1875 ligarat-

650 1918 705 1968 te
751 1928 906 1970 esse.
953 1912 1291 1968 Auferendo
1337 1912 1522 1979 enim,
1569 1913 1886 1984 Numquid,
1917 1911 2307 1984 relinquitur;

647 2001 775 2072 Ego
799 2017 928 2058 sum
955 2002 1162 2066 Rabbi,
1211 2001 1376 2074 quod
1407 2001 1835 2075 depositionem
1865 2017 1935 2058 ac
1988 2002 2313 2059 confessio-

648 2105 790 2147 nem
849 2091 1159 2160 signiﬁcat.
1211 2091 1470 2148 Christus
1501 2091 1703 2164 itaque
1733 2091 1878 2147 nihil
1929 2092 2309 2164 praetermisit

649 2195 856 2236 eorum
869 2195 1007 2252 quas
1020 2182 1098 2235 ad
1125 2181 1552 2237 correctionem
1575 2185 1848 2253 spectant
1879 2181 1988 2237 :ob
2017 2181 2133 2240 hoc
2147 2182 2308 2238 enim

646 2268 1356 2341 diversimodesuggessit
1383 2285 1454 2326 ac
1493 2270 1750 2334 retinuit,
1779 2274 1835 2325 et
1869 2285 1976 2342 per
2019 2285 2205 2342 opera
2251 2275 2310 2327 et

647 2374 748 2431 per
810 2375 1140 2425 sermones,
1205 2374 1311 2431 per
1348 2360 1627 2416 timorem
1666 2364 1725 2414 et
1774 2374 1881 2431 per
1924 2359 2305 2432 obsequium.

647 2448 941 2514 Quoniam
971 2461 1110 2504 vero
1132 2447 1283 2504 nihil
1306 2446 1474 2503 illum
1499 2449 1578 2504 ab
1607 2449 1958 2516 aegritudine
1983 2449 2304 2514 revocavit,

648 2538 755 2594 sed
789 2539 1024 2610 penitus
1051 2536 1399 2594 incurabilis
1449 2537 1798 2609 permansit,
1844 2552 1916 2594 eo
1940 2538 2072 2609 jam
2100 2538 2303 2598 relicto

647 2628 841 2701 pergit
863 2628 943 2686 ad
971 2631 1200 2683 catera.

994 2750 1150 2808 CAP.
1183 2750 1370 2806 LXIV.
1407 2750 1494 2807 De
1520 2766 1672 2808 cena
1693 2751 1964 2823 mystica.

717 2859 882 2916 Vers.
914 2861 1004 2914 26.
1036 2858 1360 2916 Edentibus
1379 2888 1449 2902 --
1477 2874 1693 2929 corpus
1717 2875 1931 2917 meum.
1983 2863 2304 2934 Postquam

643 2948 830 3020 legale
843 2947 1069 3020 pascha
1080 2947 1507 3019 comedissent,
1521 2947 1965 3006 discumbentes
1983 2951 2306 3009 casnabant

644 3042 712 3096 ut
747 3037 1099 3111 prmdictum
1147 3042 1236 3094 est
1267 3055 1282 3107 ;
1311 3037 1528 3094 deinde
1579 3055 1716 3095 cum
1759 3040 2107 3096 surrexisset
2161 3039 2305 3098 lavit

645 3127 830 3200 pedes
883 3142 1112 3194 eorum,
1167 3131 1231 3184 ut
1279 3127 1362 3184 ait
1415 3129 1676 3185 Joannes
1723 3129 1791 3194 ιθ,
1843 3132 1901 3183 et
1932 3145 2132 3184 rursus
2188 3131 2373 3209 dis-c

644 3215 992 3274 cumbentes
1051 3216 1328 3273 edebant.
1405 3216 1799 3273 Postmodum
1871 3235 2107 3276 cmnam
2175 3237 2304 3296 my-

644 3306 853 3363 sticam
919 3304 1160 3363 tradidit
1243 3305 1477 3363 interim
1548 3305 1880 3379 discipulis.
1957 3309 2300 3376 Edentibus,

643 3395 840 3468 inquit
887 3394 1026 3463 illis,
1090 3400 1328 3468 sumpto
1373 3411 1547 3468 pane,
1596 3396 1701 3470 qui
1767 3396 2041 3454 videlicet
2115 3415 2307 3474 appo-

644 3486 795 3542 situs
816 3489 960 3552 erat,
989 3488 1092 3542 aut
1117 3485 1302 3542 altero
1329 3485 1436 3558 qui
1458 3485 1729 3542 similiter
1757 3486 1808 3542 ei
1839 3492 2133 3560 tanquam
2173 3505 2303 3546 ma-

643 3576 828 3648 gistro
877 3579 1004 3632 erat
1045 3575 1381 3648 appositus,
1439 3573 1610 3646 fregit
1661 3575 1783 3631 sive
1814 3577 2187 3642 comminuit,
2246 3583 2300 3636 et

644 3664 888 3722 tradidit
912 3663 1043 3720 illis.
1067 3664 1258 3720 Lucas
1290 3677 1434 3718 vero
1468 3668 1792 3735 postquam
1837 3665 2073 3737 scripsit
2125 3684 2139 3723 :
2172 3667 2302 3724 Hoc

644 3757 724 3810 est
759 3768 975 3822 corpus
1002 3767 1209 3822 meum,
1249 3749 1483 3807 addidit
1512 3769 1529 3807 :
1561 3751 1730 3818 Quod
1762 3768 1872 3824 pro
1902 3754 2062 3811 vobis
2091 3755 2296 3825 datur,

643 3842 764 3898 sive
787 3842 1052 3898 traditur
1073 3841 1137 3896 in
1168 3845 1416 3896 mortem
1442 3841 1514 3895 ³ο.

713 3929 845 4000 Egit
872 3934 1071 3985 autem
1098 3929 1320 4000 gratias
1343 3934 1400 3984 et
1426 3945 1588 3986 nunc
1619 3935 1755 3988 ante
1780 3947 2022 4005 panem,
2052 3939 2108 3992 et
2133 3941 2298 4009 post-

641 4018 894 4076 modum
919 4024 1056 4074 ante
1077 4017 1362 4090 poculum
1388 4035 1400 4072 :
1427 4019 1653 4075 docens
1681 4021 1845 4094 quod
1867 4024 2092 4094 gratias
2119 4041 2297 4096 agere

639 4114 873 4182 oportet
901 4113 1040 4166 ante
1070 4109 1417 4181 hujusmodi
1452 4110 1833 4183 mysterium,
1878 4114 2038 4186 quod
2079 4115 2299 4188 perfec-

638 4205 766 4257 tum
783 4204 872 4257 est
897 4199 974 4256 ad
990 4200 1402 4273 prmstandum
1422 4205 1652 4257 natura
1675 4207 1892 4258 nostrae
1918 4203 2293 4263 beneﬁcium.

639 4291 699 4348 Si
728 4291 888 4346 enim
929 4291 1070 4360 agni
1094 4289 1394 4360 ﬁgurativi
1425 4289 1760 4347 immolatio
1785 4291 1865 4347 ab
1891 4292 2296 4354 interiectione

636 4380 1070 4446 liberationem,
1099 4384 1158 4436 et
1185 4379 1516 4436 aservitute
1541 4380 1873 4438 libertatem
1902 4383 2125 4440 Judmis
2155 4402 2298 4458 prm-

2418 1896 2669 1968 ρουμίνου
2719 1890 2821 1964 γὰρ
2879 1898 2970 1943 τοῦ
3015 1894 3167 1963 μήτι,
3211 1893 3269 1942 τὸ
3324 1891 3458 1962 Ἐγώ
3511 1891 3611 1963 εἰμι
3635 1889 3808 1954 Ῥαϐεἱ,
3836 1908 3956 1960 περιο

2419 1982 2666 2048 λείπεται,
2722 1982 3005 2033 κατάθεσιν
3055 1985 3144 2032 καὶ
3191 1979 3462 2052 ὁμολογίαν
3511 1979 3748 2053 ἄμφαῖνον.
3791 1979 3842 2031 ’0
3887 1981 3964 2051 μιν

2419 2068 2508 2124 οὖν
2569 2073 2796 2143 Χριστὸς
2862 2066 3014 2122 οὑδὶν
3079 2069 3354 2143 παρίλειψε
3428 2079 3528 2121 τῶν
3593 2070 3654 2130 εἰς
3723 2065 3971 2143 διόρθωσιν

2423 2165 2801 2214 συντεινόντων.
2861 2161 2954 2211 Διά
3010 2165 3162 2211 τοῦτο
3230 2161 3330 2233 γὰρ
3385 2163 3476 2211 καὶ
3526 2156 3770 2233 διαφόρως
3819 2159 3976 2229 ὑπεμί-

2419 2268 2638 2322 μνησκε,
2671 2253 2760 2301 καὶ
2785 2255 3016 2320 κατεῖχε,
3056 2252 3146 2300 καὶ
3177 2244 3250 2300 δι’
3280 2249 3459 2321 ἔργων,
3489 2253 3578 2300 καὶ
3604 2245 3692 2302 διὰ
3714 2247 3879 2319 λογων,
3902 2249 3981 2298 καὶ

2421 2335 2512 2392 διὰ
2557 2337 2735 2411 φόϐου,
2785 2343 2872 2390 καὶ
2906 2334 2941 2390 δ
2947 2339 2998 2389 ιὰ
3030 2339 3322 2410 θεραπείας,
3353 2342 3442 2389 καὶ
3474 2334 3569 2391 διὰ
3619 2339 3827 2391 πάντων.
3861 2336 3982 2387 Ἐπεὶ

2421 2425 2480 2481 δι
2505 2425 2656 2480 οὐδὶν
2684 2427 2838 2480 αὑτὸν
2871 2426 3070 2500 ἁφίστα
3090 2446 3181 2480 του
3211 2431 3520 2500 νοσήματος,
3567 2433 3655 2480 καὶ
3677 2428 3984 2478 παντάπασιν

2417 2518 2622 2578 ἀνίατος
2695 2519 2853 2590 ῖμενε,
2918 2516 3094 2570 λοιπὸν
3156 2515 3339 2569 ἐκεῖνον
3391 2515 3556 2590 ἀφεὶς,
3621 2515 3701 2568 ἐπὶ
3759 2517 3824 2566 τὰ
3875 2514 3987 2579 ἑξῆς

2416 2610 2678 2682 τρέπεται.

2740 2755 2886 2806 ΚΕΦ.
2907 2747 3017 2804 ΞΔ’.
3051 2753 3176 2823 Περὶ
3198 2744 3410 2804 δείπνου
3440 2755 3697 2822 μυστικοῦ

2485 2857 2790 2912 Ἐσθιόντων
2818 2886 2890 2898 —
2921 2858 3073 2930 σῶμά
3102 2876 3223 2929 μου.
3256 2859 3403 2910 Μετὰ
3429 2860 3486 2910 τὸ
3515 2865 3687 2930 φαγεῖν
3712 2859 3768 2910 τὸ
3797 2859 3988 2930 νομικὸν

2417 2949 2637 3019 Πάσχα,
2718 2946 3109 3009 κατακλιθέντες
3169 2943 3455 3012 ἕδείπνουν,
3523 2950 3593 3010 ὡς
3665 2951 3987 3023 προείρηται·

2416 3033 2527 3088 εἶτα
2579 3034 2804 3096 ἀναστὰς
2851 3036 2961 3107 (Η)
3011 3035 3151 3107 ενιψε
3204 3039 3328 3097 τοὺς
3375 3032 3544 3098 πόδας
3588 3045 3685 3090 τῶν
3740 3039 3990 3110 μαθητῶν,

2415 3125 2484 3186 ὡς
2531 3126 2556 3176 ὁ
2607 3125 2842 3186 Ἰωάννης
2898 3129 3050 3197 φησι,
3081 3129 3171 3178 καὶ
3227 3121 3376 3187 αὖθις
3419 3124 3746 3187 ἁναπεσόντες
3787 3126 3990 3186 ἤσθιον.

2413 3217 2591 3267 ἔπειτα
2645 3214 2839 3288 μεταξὺ
2892 3210 3164 3288 παρέδωκε
3219 3218 3279 3268 τὸ
3336 3219 3588 3288 μυστικὸν
3641 3212 3844 3270 δεῖπνον
3900 3222 3997 3276 τοῖς

2413 3307 2694 3379 μαθηταῖς.
2773 3305 3084 3359 Ἐσθιόντων
3143 3307 3264 3379 γὰρ,
3335 3311 3513 3379 φησιν,
3587 3306 3772 3376 αὐτῶν,
3839 3304 3995 3358 λαϐὼν

2413 3397 2587 3471 ἄρτον,
2645 3391 2853 3453 δηλαδὴ
2910 3397 2997 3446 τὸν
3035 3400 3410 3468 παρακείμενον
3458 3396 3616 3467 αὐτῷ,
3649 3399 3682 3454 ἦ
3720 3400 3811 3448 καὶ
3839 3397 3996 3468 ἕτερον

2415 3489 2912 3559 συμπαρακείμενον,
2999 3485 3064 3545 ὡς
3128 3481 3460 3557 διδασκάλῳ,
3547 3483 3775 3551 ἔκλασεν,
3842 3486 3998 3536 εἶτουν

2415 3573 2722 3650 συνίθρυψε,
2740 3578 2829 3626 καὶ
2850 3569 3136 3646 μετέδωκεν
3153 3574 3350 3636 αὐτοῖς.
3375 3574 3432 3626 Ὀ
3455 3571 3514 3626 δε
3534 3579 3744 3635 Λουκᾶς
3755 3572 3964 3646 γραψας
3981 3593 3995 3606 ο

2409 3670 2574 3718 Τοῦτο
2639 3662 2752 3716 ἔστι
2815 3667 2872 3716 τὸ
2942 3666 3093 3736 σῶμά
3177 3681 3278 3734 μου
3356 3663 3490 3731 (i2),
3558 3663 3870 3733 προσέθηκε,
3939 3665 3997 3713 τὸ

2409 3755 2536 3826 ὑπερ
2613 3753 2756 3826 ὐμῶν
2823 3748 3113 3825 διδόμενον,
3189 3752 3369 3820 ἤγουν,
3443 3742 3860 3821 παραδιδόμενον
3927 3749 3994 3809 εἰς

2411 3845 2645 3897 θάνατον.

2481 3941 2862 4015 Ηῦχαρίστησε
2919 3934 2978 3992 δι
3042 3943 3130 3990 νῦν
3187 3938 3275 4010 μὶν
3322 3937 3423 4009 πρὸ
3476 3941 3567 3988 τοῦ
3636 3935 3823 4007 ἄρτου,
3875 3937 4004 4008 μετὰ

2407 4032 2560 4084 τὸῦτο
2593 4028 2650 4083 δε
2697 4035 2787 4082 κοι)⁵
2838 4031 2937 4103 πρὸ
2982 4035 3075 4080 τοῦ
3104 4030 3382 4102 ποτηρίου,
3441 4021 3735 4096 διδάσκων,
3791 4027 3872 4078 ὅτι
3929 4026 4005 4079 εὐ-

2406 4127 2684 4195 χαριστεῖν
2733 4115 2818 4172 δεῖ
2861 4120 2960 4190 πρὸ
3023 4124 3117 4169 τοῦ
3177 4119 3412 4169 τοιούτου
3466 4119 3789 4189 μυστηρίου,
3839 4115 4007 4170 τελου-

2407 4215 2558 4284 μένου
2603 4212 2728 4284 πρὸς
2782 4208 3074 4283 εὐεργεσίαν
3125 4213 3223 4268 τῆς
3280 4207 3426 4278 ἡμῶν
3476 4207 3700 4277 φύσεως.
3742 4205 3805 4260 Εἰ
3834 4209 3935 4282 γὰρ
3977 4208 4005 4265 ἡ

2406 4308 2496 4352 τοῦ
2542 4305 2764 4352 τυπικοῦ
2809 4298 2972 4369 ἀμνοῦ
3026 4297 3188 4348 θυσία
3245 4300 3334 4347 καὶ
3389 4293 3740 4369 ὄλοθρεύσεως
3788 4294 4009 4349 ἀπαλλα-

2405 4395 2525 4462 γὴν,
2579 4394 2669 4442 καὶ
2719 4384 2956 4448 δουλείας
3017 4383 3304 4459 ἕλευθερίαν
3365 4391 3471 4445 τοῖς
3525 4383 3793 4461 Ἑϐραίοις
3844 4386 4012 4460 ἐχαρί-

639 4471 799 4535 stitit,
817 4474 1046 4543 quanto
1065 4469 1302 4541 majora
1316 4469 1614 4540 praestabit
1639 4471 1981 4528 Christianis
2006 4473 2125 4529 veri
2145 4476 2295 4545 Agni

2410 4498 2558 4542 σατο,
2590 4477 2759 4549 πολλῷ
2799 4475 2988 4548 μᾶλλον
3018 4477 3048 4533 ἠ
3087 4482 3179 4527 τοῦ
3209 4472 3457 4531 ἀληθινοῦ
3488 4482 3601 4538 τοῖς
3645 4483 4010 4552 Χριστιανοῖςο

639 4559 992 4615 immolatio.
1018 4557 1201 4613 Simul
1225 4559 1403 4614 etiam
1435 4559 1773 4626 ostendens,
1800 4561 1959 4632 quod
1991 4561 2297 4620 ultroneus

641 4647 722 4704 ad
751 4646 1095 4719 passionem
1114 4646 1360 4713 veniret,
1391 4651 1749 4719 etprseterea
1775 4648 2000 4705 docens
2027 4666 2137 4707 nos
2167 4667 2300 4722 gra-

641 4736 754 4793 tias
782 4749 957 4807 agere
987 4733 1051 4789 in
1079 4735 1361 4792 omnibus
1389 4752 1525 4810 quas
1551 4737 1832 4810 patimur.

715 4823 876 4880 Sicut
935 4826 1135 4880 autem
1183 4823 1437 4896 pictores
1479 4826 1541 4882 in
1594 4840 1718 4881 una
1763 4825 1971 4885 tabula
2027 4833 2084 4886 et
2111 4830 2300 4890 lineas

640 4917 1005 4986 supponunt,
1042 4918 1100 4970 et
1139 4913 1404 4986 picturas
1463 4914 1841 4981 adumbrant,
1871 4919 1929 4973 et
1948 4917 2176 4977 colores
2204 4939 2302 4981 su-

637 5003 1038 5078 perinducunt
1085 5020 1155 5062 ac
1195 5004 1603 5062 formantzita
1634 5020 1874 5079 quoque
1929 5005 2196 5069 Christus
2235 5014 2298 5072 in

707 5128 757 5165 ¹⁶
779 5129 949 5186 Joan.
970 5132 1096 5198 χιιι,
1125 5127 1182 5183 4.
1259 5129 1308 5164 ³ο
1337 5127 1480 5184 Luc.
1505 5141 1647 5193 nn,
1687 5131 1779 5187 t9.

2394 4569 2517 4642 μάμα
2545 4565 2606 4621 δι
2629 4572 2720 4620 καὶ
2768 4562 3034 4629 δεικνύων,
3068 4564 3148 4615 ὅτι
3191 4562 3316 4615 ἑκὼν
3355 4564 3440 4614 ἐπὶ
3482 4567 3546 4616 τὸ
3585 4567 3756 4629 πάθος
3787 4571 4011 4641 ἔρχεται,

2406 4663 2496 4712 καὶ
2564 4661 2780 4732 προσέτι
2835 4650 3097 4708 παιδεύων
3161 4652 3323 4724 ἡμᾶς,
3384 4650 3738 4728 εὐχαριστεῖν
3813 4657 3889 4732 ἐφ’
3951 4658 4016 4718 οἷς

2407 4749 2708 4820 πάσχομεν.

2476 4836 2676 4912 Ὠσπερ
2709 4831 2770 4889 δε
2820 4836 2870 4887 οἱ
2899 4833 3166 4908 ζωγράφοι
3200 4829 3286 4884 ἰπὶ
3327 4835 3420 4881 τοῦ
3466 4831 3639 4887 αὐτοῦ
3681 4840 3900 4902 πίνακος
3937 4841 4018 4890 καὶ

2407 4929 2498 4988 τὰς
2542 4927 2791 4999 γραμμὰς
2841 4924 3178 4976 ὑποτιθέασιν
3246 4917 3363 4990 (l3)
3413 4924 3511 4973 καὶ
3582 4935 4018 5002 σκιαγραφοῦσιν,

2408 5021 2498 5070 καὶ
2549 5018 2614 5069 τὰ
2660 5019 2923 5089 χρώματα
2968 5009 3304 5065 ἐπιϐάλλουσι
3355 5010 3446 5060 καὶ
3498 5023 3808 5087 μορφοῦσιν
3840 5033 3856 5050 “
3900 5017 4020 5072 οὕτω

1855 5253 2073 5326 Variae
2111 5241 2437 5333 lectiones
2469 5271 2536 5331 et
2564 5270 2770 5330 notae.

837 5423 965 5497 Οὔκ.
977 5403 1162 5497 habet
1181 5419 1316 5497 cod.
1345 5422 1394 5478 Α
1432 5423 1573 5497 ante
1597 5420 1783 5497 ἐϐλάϐη
1794 5443 1910 5482 σαν.

840 5494 1006 5552 Unde
1057 5493 1155 5549 hic
1177 5495 1234 5565 et
1263 5507 1449 5565 supra
1500 5493 1578 5551 ad
1607 5493 1848 5552 versum
1874 5497 1964 5565 20,
2009 5497 2232 5562 ἀναστάς
2259 5501 2288 5556 ?

698 5426 816 5569 te;

698 5498 813 5571 (11)
840 5498 1006 5552 Unde
1057 5498 1155 5549 hic
1177 5498 1232 5549 et
1263 5507 1449 5565 supra
1500 5498 1578 5551 ad
1607 5509 1848 5552 versum
1874 5498 1964 5565 20,
2009 5498 2232 5562 ἀναστάς
2259 5501 2286 5556 ?

625 5573 766 5643 Nam
802 5569 866 5643 i9
899 5567 1180 5643 ορηῐθκίιι
1206 5564 1455 5643 ἷρᾶῐωὶε
1483 5569 1732 5643 uterque
1770 5568 2286 5643 codex_Euthymii

623 5637 1091 5710 Ιιιὼθῐγίγείρεται
1116 5635 1367 5693 :scilicet
1397 5635 1935 5710 ex,Chrisostomo.
1963 5640 2050 5698 Ita
2099 5635 2281 5708 enim,

624 5713 790 5768 hunc
817 5708 1015 5766 locum
1031 5708 1445 5781 interpretans,
1470 5708 1696 5777 laudat,
1720 5715 1865 5767 tom.
1889 5712 2033 5780 VIII,
2059 5727 2122 5784 p.
2154 5715 2278 5782 414,

2399 5435 2454 5515 ρ.
2469 5427 2980 5515 consentientibus
3003 5425 3187 5485 etiam
3212 5425 3533 5489 codicibus
3561 5436 4022 5515 ﬂosquengibus

2399 5501 2825 5581 chrysostomi.
2897 5570 2929 5581 η
3046 5557 3064 5581 _.

2465 5570 2578 5645 (f2)
2619 5582 2754 5641 Mea,
2789 5570 3005 5645 omittit
3046 5570 3107 5645 Β.

2434 5640 2577 5728 fta)
2620 5647 2762 5728 god.
2860 5642 3115 5728 ﬂuctuat
3143 5640 3297 5728 inter
3324 5641 3654 5723 ἔπιτίθίασι,
3691 5655 4017 5728 ἁποτιθίασι,

2392 5722 2450 5776 et
2475 5713 2640 5792 quod
2669 5716 2818 5774 nihil
2848 5721 2958 5786 est,
2990 5713 3340 5772 εὐπιτιθίασι.
