  <div class='ocr_page' id='page_1' title='image "/cluster/home/n/w/nwhite01/storage/ocr_20150623/129/hvd.32044019208511/360.png"; bbox 0 0 4198 6480; ppageno 0'>
   <div class='ocr_carea' id='block_1_1' title="bbox 289 384 396 441">
    <p class='ocr_par' dir='ltr' id='par_1_1' title="bbox 289 384 396 441">
     <span class='ocr_line' id='line_1_1' title="bbox 289 384 396 441; baseline 0 0"><span class='ocrx_word' id='word_1_1' title='bbox 289 384 396 441; x_wconf 88' lang='grc'><strong>665</strong></span> 
     </span>
    </p>
   </div>
   <div class='ocr_carea' id='block_1_2' title="bbox 1261 365 2734 433">
    <p class='ocr_par' dir='ltr' id='par_1_2' title="bbox 1261 365 2734 433">
     <span class='ocr_line' id='line_1_2' title="bbox 1261 365 2734 433; baseline -0.005 0"><span class='ocrx_word' id='word_1_2' title='bbox 1261 371 1615 433; x_wconf 83' lang='lat' dir='ltr'><strong>COMMENT.</strong></span> <span class='ocrx_word' id='word_1_3' title='bbox 1656 368 1729 426; x_wconf 82' lang='lat' dir='ltr'><strong>IN</strong></span> <span class='ocrx_word' id='word_1_4' title='bbox 1764 365 2218 427; x_wconf 71' lang='grc' dir='ltr'><strong>ΜΛΤΤΗΛΕΠΜ.</strong></span> <span class='ocrx_word' id='word_1_5' title='bbox 2258 397 2327 410; x_wconf 86' lang='grc'><strong>--</strong></span> <span class='ocrx_word' id='word_1_6' title='bbox 2357 367 2510 425; x_wconf 86' lang='lat' dir='ltr'><strong>CAP.</strong></span> <span class='ocrx_word' id='word_1_7' title='bbox 2543 367 2734 425; x_wconf 83' lang='lat' dir='ltr'><strong>XXVI.</strong></span> 
     </span>
    </p>
   </div>
   <div class='ocr_carea' id='block_1_3' title="bbox 3563 365 3671 422">
    <p class='ocr_par' dir='ltr' id='par_1_3' title="bbox 3563 365 3671 422">
     <span class='ocr_line' id='line_1_3' title="bbox 3563 365 3671 422; baseline 0 0"><span class='ocrx_word' id='word_1_8' title='bbox 3563 365 3671 422; x_wconf 88' lang='lat'><strong>666</strong></span> 
     </span>
    </p>
   </div>
   <div class='ocr_carea' id='block_1_4' title="bbox 292 488 1896 582">
    <p class='ocr_par' dir='ltr' id='par_1_4' title="bbox 292 500 1896 582">
     <span class='ocr_line' id='line_1_4' title="bbox 292 500 1896 582; baseline -0.01 -18"><span class='ocrx_word' id='word_1_9' title='bbox 292 515 384 564; x_wconf 82' lang='grc' dir='ltr'>καὶ</span> <span class='ocrx_word' id='word_1_10' title='bbox 416 510 441 563; x_wconf 89' lang='lat'><strong>6</strong></span> <span class='ocrx_word' id='word_1_11' title='bbox 475 508 713 582; x_wconf 80' lang='grc' dir='ltr'>Χριστός</span> <span class='ocrx_word' id='word_1_12' title='bbox 755 506 840 559; x_wconf 76' lang='grc' dir='ltr'><strong>ἐπὶ</strong></span> <span class='ocrx_word' id='word_1_13' title='bbox 880 512 973 566; x_wconf 85' lang='grc' dir='ltr'>τῆς</span> <span class='ocrx_word' id='word_1_14' title='bbox 1014 502 1179 565; x_wconf 76' lang='grc' dir='ltr'>αὐτῆς</span> <span class='ocrx_word' id='word_1_15' title='bbox 1225 500 1491 577; x_wconf 76' lang='grc' dir='ltr'><strong>τραπέζης</strong></span> <span class='ocrx_word' id='word_1_16' title='bbox 1519 503 1609 552; x_wconf 84' lang='grc' dir='ltr'>καὶ</span> <span class='ocrx_word' id='word_1_17' title='bbox 1661 500 1721 551; x_wconf 84' lang='grc' dir='ltr'>τὸ</span> <span class='ocrx_word' id='word_1_18' title='bbox 1748 515 1896 552; x_wconf 85' lang='grc' dir='ltr'>τυπι-</span> 
     </span>
    </p>
   </div>
   <div class='ocr_carea' id='block_1_5' title="bbox 2011 488 3668 582">
    <p class='ocr_par' dir='ltr' id='par_1_5' title="bbox 2013 488 3668 582">
     <span class='ocr_line' id='line_1_5' title="bbox 2013 488 3668 582; baseline -0.002 -32"><span class='ocrx_word' id='word_1_19' title='bbox 2013 492 2229 582; x_wconf 88' lang='lat' dir='ltr'><strong>eadem</strong></span> <span class='ocrx_word' id='word_1_20' title='bbox 2256 508 2470 551; x_wconf 90' lang='lat' dir='ltr'><strong>mensa</strong></span> <span class='ocrx_word' id='word_1_21' title='bbox 2497 498 2554 551; x_wconf 85' lang='lat' dir='ltr'><strong>et</strong></span> <span class='ocrx_word' id='word_1_22' title='bbox 2580 491 2958 563; x_wconf 80' lang='lat' dir='ltr'><strong>ﬂgurativum</strong></span> <span class='ocrx_word' id='word_1_23' title='bbox 2998 506 3064 547; x_wconf 84' lang='lat' dir='ltr'><strong>ac</strong></span> <span class='ocrx_word' id='word_1_24' title='bbox 3094 488 3406 546; x_wconf 75' lang='lat' dir='ltr'><strong>umbratile</strong></span> <span class='ocrx_word' id='word_1_25' title='bbox 3435 489 3668 547; x_wconf 88' lang='lat' dir='ltr'><strong>Pascha</strong></span> 
     </span>
    </p>
   </div>
   <div class='ocr_carea' id='block_1_6' title="bbox 295 586 1903 666">
    <p class='ocr_par' dir='ltr' id='par_1_6' title="bbox 295 586 1903 666">
     <span class='ocr_line' id='line_1_6' title="bbox 295 586 1903 666; baseline -0.008 -16"><span class='ocrx_word' id='word_1_26' title='bbox 295 602 382 651; x_wconf 77' lang='grc' dir='ltr'>κόν</span> <span class='ocrx_word' id='word_1_27' title='bbox 421 603 513 652; x_wconf 84' lang='grc' dir='ltr'>καὶ</span> <span class='ocrx_word' id='word_1_28' title='bbox 563 592 785 658; x_wconf 78' lang='grc' dir='ltr'><strong>σκιῶδες</strong></span> <span class='ocrx_word' id='word_1_29' title='bbox 837 595 1036 665; x_wconf 84' lang='grc' dir='ltr'>Πάσχα</span> <span class='ocrx_word' id='word_1_30' title='bbox 1086 589 1378 666; x_wconf 75' lang='grc' dir='ltr'>ὑπέγραψε,</span> <span class='ocrx_word' id='word_1_31' title='bbox 1423 593 1513 642; x_wconf 86' lang='grc' dir='ltr'><strong>καὶ</strong></span> <span class='ocrx_word' id='word_1_32' title='bbox 1551 591 1610 641; x_wconf 87' lang='grc' dir='ltr'>τὸ</span> <span class='ocrx_word' id='word_1_33' title='bbox 1655 586 1903 645; x_wconf 68' lang='grc' dir='ltr'>ἀληθινὴν</span> 
     </span>
    </p>
   </div>
   <div class='ocr_carea' id='block_1_7' title="bbox 297 678 1898 762">
    <p class='ocr_par' dir='ltr' id='par_1_7' title="bbox 297 678 1898 762">
     <span class='ocr_line' id='line_1_7' title="bbox 297 678 1898 762; baseline -0.007 -22"><span class='ocrx_word' id='word_1_34' title='bbox 297 693 389 741; x_wconf 85' lang='grc' dir='ltr'>καὶ</span> <span class='ocrx_word' id='word_1_35' title='bbox 430 689 619 742; x_wconf 85' lang='grc' dir='ltr'>τέλειον</span> <span class='ocrx_word' id='word_1_36' title='bbox 671 686 926 762; x_wconf 77' lang='grc' dir='ltr'><strong>προέθηκε</strong></span> <span class='ocrx_word' id='word_1_37' title='bbox 990 682 1124 754; x_wconf 70' lang='grc'>(14).</span> <span class='ocrx_word' id='word_1_38' title='bbox 1189 684 1289 734; x_wconf 85' lang='grc' dir='ltr'>Καὶ</span> <span class='ocrx_word' id='word_1_39' title='bbox 1355 678 1558 753; x_wconf 72' lang='grc' dir='ltr'>ἐπείπερ</span> <span class='ocrx_word' id='word_1_40' title='bbox 1632 679 1660 736; x_wconf 80' lang='grc' dir='ltr'>ἡ</span> <span class='ocrx_word' id='word_1_41' title='bbox 1725 680 1898 749; x_wconf 75' lang='grc' dir='ltr'>σφαγὴ</span> 
     </span>
    </p>
   </div>
   <div class='ocr_carea' id='block_1_8' title="bbox 302 764 1900 850">
    <p class='ocr_par' dir='ltr' id='par_1_8' title="bbox 302 764 1900 850">
     <span class='ocr_line' id='line_1_8' title="bbox 302 764 1900 850; baseline -0.009 -20"><span class='ocrx_word' id='word_1_42' title='bbox 302 785 394 830; x_wconf 88' lang='grc' dir='ltr'><strong>τοῦ</strong></span> <span class='ocrx_word' id='word_1_43' title='bbox 442 784 654 850; x_wconf 84' lang='grc' dir='ltr'>νομικοῦ</span> <span class='ocrx_word' id='word_1_44' title='bbox 700 775 863 848; x_wconf 85' lang='grc' dir='ltr'>ἀμνοῦ</span> <span class='ocrx_word' id='word_1_45' title='bbox 914 776 1008 831; x_wconf 81' lang='grc' dir='ltr'>τήν</span> <span class='ocrx_word' id='word_1_46' title='bbox 1062 773 1268 843; x_wconf 73' lang='grc' dir='ltr'>σφαγὴν</span> <span class='ocrx_word' id='word_1_47' title='bbox 1323 775 1416 822; x_wconf 87' lang='grc' dir='ltr'><strong>τοῦ</strong></span> <span class='ocrx_word' id='word_1_48' title='bbox 1468 768 1680 838; x_wconf 88' lang='grc' dir='ltr'>λογικοῦ</span> <span class='ocrx_word' id='word_1_49' title='bbox 1736 764 1900 839; x_wconf 80' lang='grc' dir='ltr'>ἀμνοῦ</span> 
     </span>
    </p>
   </div>
   <div class='ocr_carea' id='block_1_9' title="bbox 298 855 1898 940">
    <p class='ocr_par' dir='ltr' id='par_1_9' title="bbox 298 855 1898 940">
     <span class='ocr_line' id='line_1_9' title="bbox 298 855 1898 940; baseline -0.007 -21"><span class='ocrx_word' id='word_1_50' title='bbox 298 872 633 940; x_wconf 71' lang='grc' dir='ltr'><strong>προεμήνυεν,</strong></span> <span class='ocrx_word' id='word_1_51' title='bbox 684 860 790 916; x_wconf 72' lang='grc' dir='ltr'>ἔδει</span> <span class='ocrx_word' id='word_1_52' title='bbox 819 864 1016 921; x_wconf 85' lang='grc' dir='ltr'>πάντως</span> <span class='ocrx_word' id='word_1_53' title='bbox 1047 860 1158 932; x_wconf 79' lang='lat' dir='ltr'><strong>(l5)</strong></span> <span class='ocrx_word' id='word_1_54' title='bbox 1201 863 1293 918; x_wconf 77' lang='grc' dir='ltr'>τὴν</span> <span class='ocrx_word' id='word_1_55' title='bbox 1337 860 1488 911; x_wconf 81' lang='grc' dir='ltr'>σκιὰν</span> <span class='ocrx_word' id='word_1_56' title='bbox 1528 855 1898 928; x_wconf 71' lang='grc' dir='ltr'>ἀφανισθῆναι,</span> 
     </span>
    </p>
   </div>
   <div class='ocr_carea' id='block_1_10' title="bbox 293 948 1900 1026">
    <p class='ocr_par' dir='ltr' id='par_1_10' title="bbox 293 948 1900 1026">
     <span class='ocr_line' id='line_1_10' title="bbox 293 948 1900 1026; baseline -0.005 -21"><span class='ocrx_word' id='word_1_57' title='bbox 293 958 538 1026; x_wconf 75' lang='grc' dir='ltr'><strong>φανέντος</strong></span> <span class='ocrx_word' id='word_1_58' title='bbox 580 960 670 1006; x_wconf 86' lang='grc' dir='ltr'><strong>τοῦ</strong></span> <span class='ocrx_word' id='word_1_59' title='bbox 721 952 892 1017; x_wconf 73' lang='grc' dir='ltr'>ἡλίου,</span> <span class='ocrx_word' id='word_1_60' title='bbox 949 954 1038 1002; x_wconf 79' lang='grc' dir='ltr'>καὶ</span> <span class='ocrx_word' id='word_1_61' title='bbox 1079 952 1166 1001; x_wconf 87' lang='grc' dir='ltr'><strong>τόν</strong></span> <span class='ocrx_word' id='word_1_62' title='bbox 1195 951 1356 1001; x_wconf 82' lang='grc' dir='ltr'>τύπον</span> <span class='ocrx_word' id='word_1_63' title='bbox 1397 948 1769 1022; x_wconf 79' lang='grc' dir='ltr'>ὑποχωρῆσαι,</span> <span class='ocrx_word' id='word_1_64' title='bbox 1804 954 1900 1007; x_wconf 86' lang='grc' dir='ltr'>τῆς</span> 
     </span>
    </p>
   </div>
   <div class='ocr_carea' id='block_1_11' title="bbox 290 1041 837 1103">
    <p class='ocr_par' dir='ltr' id='par_1_11' title="bbox 290 1041 837 1103">
     <span class='ocr_line' id='line_1_11' title="bbox 290 1041 837 1103; baseline 0.002 -10"><span class='ocrx_word' id='word_1_65' title='bbox 290 1041 535 1103; x_wconf 83' lang='grc' dir='ltr'>ἀληθείας</span> <span class='ocrx_word' id='word_1_66' title='bbox 566 1041 786 1100; x_wconf 75' lang='grc' dir='ltr'>ἑλθούση</span> <span class='ocrx_word' id='word_1_67' title='bbox 797 1060 837 1101; x_wconf 84' lang='grc' dir='ltr'><strong>ς.</strong></span> 
     </span>
    </p>
   </div>
   <div class='ocr_carea' id='block_1_12' title="bbox 361 1120 1899 1203">
    <p class='ocr_par' dir='ltr' id='par_1_12' title="bbox 361 1120 1899 1203">
     <span class='ocr_line' id='line_1_12' title="bbox 361 1120 1899 1203; baseline -0.005 -18"><span class='ocrx_word' id='word_1_68' title='bbox 361 1130 507 1203; x_wconf 79' lang='grc' dir='ltr'><strong>[Ἐπὶ</strong></span> <span class='ocrx_word' id='word_1_69' title='bbox 551 1130 662 1203; x_wconf 76' lang='grc'>(16)</span> <span class='ocrx_word' id='word_1_70' title='bbox 709 1131 903 1183; x_wconf 79' lang='grc' dir='ltr'>τούτων</span> <span class='ocrx_word' id='word_1_71' title='bbox 968 1126 1259 1201; x_wconf 72' lang='grc' dir='ltr'><strong>μετάληψις</strong></span> <span class='ocrx_word' id='word_1_72' title='bbox 1328 1129 1418 1199; x_wconf 67' lang='grc' dir='ltr'>μὲν</span> <span class='ocrx_word' id='word_1_73' title='bbox 1479 1125 1698 1197; x_wconf 82' lang='grc' dir='ltr'>λέγεται,</span> <span class='ocrx_word' id='word_1_74' title='bbox 1761 1120 1899 1179; x_wconf 79' lang='grc' dir='ltr'>διότι</span> 
     </span>
    </p>
   </div>
   <div class='ocr_carea' id='block_1_13' title="bbox 290 1211 1897 1293">
    <p class='ocr_par' dir='ltr' id='par_1_13' title="bbox 290 1211 1897 1293">
     <span class='ocr_line' id='line_1_13' title="bbox 290 1211 1897 1293; baseline -0.004 -20"><span class='ocrx_word' id='word_1_75' title='bbox 290 1218 744 1293; x_wconf 76' lang='grc' dir='ltr'>μεταλαμϐάνομεν</span> <span class='ocrx_word' id='word_1_76' title='bbox 810 1217 979 1271; x_wconf 75' lang='grc' dir='ltr'>αὐτῶν</span> <span class='ocrx_word' id='word_1_77' title='bbox 1012 1233 1026 1249; x_wconf 84' lang='lat'><strong><em>°</em></strong></span> <span class='ocrx_word' id='word_1_78' title='bbox 1072 1220 1311 1269; x_wconf 77' lang='grc' dir='ltr'>κοινωνία</span> <span class='ocrx_word' id='word_1_79' title='bbox 1369 1212 1449 1285; x_wconf 66' lang='grc' dir='ltr'>δι,</span> <span class='ocrx_word' id='word_1_80' title='bbox 1508 1211 1647 1268; x_wconf 84' lang='grc' dir='ltr'>διότι</span> <span class='ocrx_word' id='word_1_81' title='bbox 1710 1232 1897 1268; x_wconf 78' lang='grc' dir='ltr'>κοινω-</span> 
     </span>
    </p>
   </div>
   <div class='ocr_carea' id='block_1_14' title="bbox 287 1301 1898 1383">
    <p class='ocr_par' dir='ltr' id='par_1_14' title="bbox 287 1301 1898 1383">
     <span class='ocr_line' id='line_1_14' title="bbox 287 1301 1898 1383; baseline -0.003 -22"><span class='ocrx_word' id='word_1_82' title='bbox 287 1310 470 1383; x_wconf 83' lang='grc' dir='ltr'>νοῦμεν</span> <span class='ocrx_word' id='word_1_83' title='bbox 515 1314 601 1362; x_wconf 78' lang='grc' dir='ltr'>καὶ</span> <span class='ocrx_word' id='word_1_84' title='bbox 647 1317 721 1380; x_wconf 83' lang='grc' dir='ltr'>τῷ</span> <span class='ocrx_word' id='word_1_85' title='bbox 765 1314 985 1382; x_wconf 76' lang='grc' dir='ltr'>Χριστῷ</span> <span class='ocrx_word' id='word_1_86' title='bbox 1032 1311 1123 1360; x_wconf 84' lang='grc' dir='ltr'>καὶ</span> <span class='ocrx_word' id='word_1_87' title='bbox 1168 1305 1397 1368; x_wconf 73' lang='grc' dir='ltr'>ἀλλήλοις</span> <span class='ocrx_word' id='word_1_88' title='bbox 1446 1301 1522 1358; x_wconf 83' lang='grc' dir='ltr'><strong>δι’</strong></span> <span class='ocrx_word' id='word_1_89' title='bbox 1571 1304 1761 1372; x_wconf 76' lang='grc' dir='ltr'>αὐτῶν,</span> <span class='ocrx_word' id='word_1_90' title='bbox 1807 1309 1898 1357; x_wconf 85' lang='grc' dir='ltr'>καὶ</span> 
     </span>
    </p>
   </div>
   <div class='ocr_carea' id='block_1_15' title="bbox 295 1392 1892 1471">
    <p class='ocr_par' dir='ltr' id='par_1_15' title="bbox 295 1392 1892 1471">
     <span class='ocr_line' id='line_1_15' title="bbox 295 1392 1892 1471; baseline -0.004 -20"><span class='ocrx_word' id='word_1_91' title='bbox 295 1401 578 1471; x_wconf 82' lang='grc' dir='ltr'>σύσσωμοι</span> <span class='ocrx_word' id='word_1_92' title='bbox 623 1398 872 1470; x_wconf 88' lang='grc' dir='ltr'>γινόμεθα</span> <span class='ocrx_word' id='word_1_93' title='bbox 922 1395 1037 1468; x_wconf 80' lang='grc'>(17)</span> <span class='ocrx_word' id='word_1_94' title='bbox 1082 1402 1317 1468; x_wconf 80' lang='grc' dir='ltr'>Χριστοῦ</span> <span class='ocrx_word' id='word_1_95' title='bbox 1344 1399 1434 1448; x_wconf 82' lang='grc' dir='ltr'>καὶ</span> <span class='ocrx_word' id='word_1_96' title='bbox 1471 1393 1598 1467; x_wconf 83' lang='grc' dir='ltr'>μέλη</span> <span class='ocrx_word' id='word_1_97' title='bbox 1644 1392 1892 1452; x_wconf 83' lang='grc' dir='ltr'>ἀλλήλων.</span> 
     </span>
    </p>
   </div>
   <div class='ocr_carea' id='block_1_16' title="bbox 298 1480 1896 1559">
    <p class='ocr_par' dir='ltr' id='par_1_16' title="bbox 298 1480 1896 1559">
     <span class='ocr_line' id='line_1_16' title="bbox 298 1480 1896 1559; baseline -0.003 -20"><span class='ocrx_word' id='word_1_98' title='bbox 298 1490 433 1540; x_wconf 82' lang='grc' dir='ltr'>Οῦτε</span> <span class='ocrx_word' id='word_1_99' title='bbox 500 1483 558 1540; x_wconf 64' lang='grc' dir='ltr'><strong>δὲ</strong></span> <span class='ocrx_word' id='word_1_100' title='bbox 611 1488 925 1559; x_wconf 74' lang='grc' dir='ltr'>φθείρονται,</span> <span class='ocrx_word' id='word_1_101' title='bbox 991 1488 1109 1538; x_wconf 75' lang='grc' dir='ltr'>οὔτε</span> <span class='ocrx_word' id='word_1_102' title='bbox 1155 1484 1227 1547; x_wconf 84' lang='grc' dir='ltr'><strong>εἰς</strong></span> <span class='ocrx_word' id='word_1_103' title='bbox 1279 1480 1551 1557; x_wconf 76' lang='grc' dir='ltr'>ἀφεδρῶνα</span> <span class='ocrx_word' id='word_1_104' title='bbox 1606 1491 1896 1557; x_wconf 81' lang='grc' dir='ltr'>χωροῦσιν,</span> 
     </span>
    </p>
   </div>
   <div class='ocr_carea' id='block_1_17' title="bbox 304 1570 1896 1647">
    <p class='ocr_par' dir='ltr' id='par_1_17' title="bbox 304 1570 1896 1647">
     <span class='ocr_line' id='line_1_17' title="bbox 304 1570 1896 1647; baseline 0 -20"><span class='ocrx_word' id='word_1_105' title='bbox 304 1575 409 1627; x_wconf 84' lang='grc' dir='ltr'>ἀλλ’</span> <span class='ocrx_word' id='word_1_106' title='bbox 460 1575 532 1636; x_wconf 83' lang='grc' dir='ltr'>εἰς</span> <span class='ocrx_word' id='word_1_107' title='bbox 583 1578 835 1628; x_wconf 81' lang='grc' dir='ltr'>σύστασιν</span> <span class='ocrx_word' id='word_1_108' title='bbox 884 1573 1252 1627; x_wconf 74' lang='grc' dir='ltr'>ἀναλίσκονται</span> <span class='ocrx_word' id='word_1_109' title='bbox 1297 1570 1533 1632; x_wconf 75' lang='grc' dir='ltr'>οὐσιὼδη</span> <span class='ocrx_word' id='word_1_110' title='bbox 1584 1582 1683 1627; x_wconf 85' lang='grc' dir='ltr'>τῶν</span> <span class='ocrx_word' id='word_1_111' title='bbox 1738 1593 1896 1647; x_wconf 87' lang='grc' dir='ltr'>μετα-</span> 
     </span>
    </p>
   </div>
   <div class='ocr_carea' id='block_1_18' title="bbox 303 1663 1898 1738">
    <p class='ocr_par' dir='ltr' id='par_1_18' title="bbox 303 1663 1898 1738">
     <span class='ocr_line' id='line_1_18' title="bbox 303 1663 1898 1738; baseline 0 -21"><span class='ocrx_word' id='word_1_112' title='bbox 303 1663 684 1737; x_wconf 84' lang='grc' dir='ltr'>λαμϐανόντων.</span> <span class='ocrx_word' id='word_1_113' title='bbox 742 1668 840 1717; x_wconf 76' lang='grc' dir='ltr'><strong>Καὶ</strong></span> <span class='ocrx_word' id='word_1_114' title='bbox 885 1665 1058 1737; x_wconf 81' lang='grc' dir='ltr'>ὥσπερ</span> <span class='ocrx_word' id='word_1_115' title='bbox 1112 1664 1218 1735; x_wconf 75' lang='grc' dir='ltr'>οὐχ</span> <span class='ocrx_word' id='word_1_116' title='bbox 1265 1666 1433 1737; x_wconf 75' lang='grc' dir='ltr'>ἕτερον</span> <span class='ocrx_word' id='word_1_117' title='bbox 1481 1665 1625 1738; x_wconf 88' lang='grc' dir='ltr'><strong>παρά</strong></span> <span class='ocrx_word' id='word_1_118' title='bbox 1666 1666 1725 1716; x_wconf 97' lang='lat'><strong>1&#39;6</strong></span> <span class='ocrx_word' id='word_1_119' title='bbox 1769 1669 1898 1737; x_wconf 89' lang='grc' dir='ltr'>πρό-</span> 
     </span>
    </p>
   </div>
   <div class='ocr_carea' id='block_1_19' title="bbox 303 1751 1898 1827">
    <p class='ocr_par' dir='ltr' id='par_1_19' title="bbox 303 1751 1898 1827">
     <span class='ocr_line' id='line_1_19' title="bbox 303 1751 1898 1827; baseline -0.001 -21"><span class='ocrx_word' id='word_1_120' title='bbox 303 1772 446 1827; x_wconf 86' lang='grc' dir='ltr'>τερον</span> <span class='ocrx_word' id='word_1_121' title='bbox 480 1762 633 1826; x_wconf 85' lang='grc' dir='ltr'>σῶμα</span> <span class='ocrx_word' id='word_1_122' title='bbox 672 1758 761 1805; x_wconf 79' lang='grc' dir='ltr'><strong>καὶ</strong></span> <span class='ocrx_word' id='word_1_123' title='bbox 803 1754 932 1825; x_wconf 83' lang='grc' dir='ltr'>αἷμα</span> <span class='ocrx_word' id='word_1_124' title='bbox 973 1759 1065 1806; x_wconf 90' lang='grc' dir='ltr'><strong>τοῦ</strong></span> <span class='ocrx_word' id='word_1_125' title='bbox 1111 1751 1592 1826; x_wconf 85' lang='grc' dir='ltr'>μεταλαμϐάνοντος</span> <span class='ocrx_word' id='word_1_126' title='bbox 1645 1757 1898 1825; x_wconf 83' lang='grc' dir='ltr'>γίνονται,</span> 
     </span>
    </p>
   </div>
   <div class='ocr_carea' id='block_1_20' title="bbox 2015 576 3663 655">
    <p class='ocr_par' dir='ltr' id='par_1_20' title="bbox 2015 576 3663 655">
     <span class='ocr_line' id='line_1_20' title="bbox 2015 576 3663 655; baseline -0.004 -17"><span class='ocrx_word' id='word_1_127' title='bbox 2015 580 2392 655; x_wconf 80' lang='lat' dir='ltr'><strong>subscripsit,</strong></span> <span class='ocrx_word' id='word_1_128' title='bbox 2423 587 2480 640; x_wconf 91' lang='lat' dir='ltr'><strong>et</strong></span> <span class='ocrx_word' id='word_1_129' title='bbox 2506 598 2708 638; x_wconf 91' lang='lat' dir='ltr'><strong>verum</strong></span> <span class='ocrx_word' id='word_1_130' title='bbox 2740 597 2811 639; x_wconf 89' lang='lat' dir='ltr'><strong>ac</strong></span> <span class='ocrx_word' id='word_1_131' title='bbox 2838 580 3166 653; x_wconf 86' lang='lat' dir='ltr'><strong>perfectum</strong></span> <span class='ocrx_word' id='word_1_132' title='bbox 3202 576 3481 651; x_wconf 89' lang='lat' dir='ltr'><strong>apposuit</strong></span> <span class='ocrx_word' id='word_1_133' title='bbox 3526 576 3663 648; x_wconf 87' lang='lat' dir='ltr'><strong>(bb).</strong></span> 
     </span>
    </p>
   </div>
   <div class='ocr_carea' id='block_1_21' title="bbox 2013 665 3667 745">
    <p class='ocr_par' dir='ltr' id='par_1_21' title="bbox 2013 665 3667 745">
     <span class='ocr_line' id='line_1_21' title="bbox 2013 665 3667 745; baseline -0.003 -19"><span class='ocrx_word' id='word_1_134' title='bbox 2013 671 2079 727; x_wconf 91' lang='lat' dir='ltr'><strong>Et</strong></span> <span class='ocrx_word' id='word_1_135' title='bbox 2108 672 2254 745; x_wconf 89' lang='lat' dir='ltr'><strong>quia</strong></span> <span class='ocrx_word' id='word_1_136' title='bbox 2288 672 2481 729; x_wconf 70' lang='lat' dir='ltr'><strong>caedes</strong></span> <span class='ocrx_word' id='word_1_137' title='bbox 2520 672 2661 741; x_wconf 91' lang='lat' dir='ltr'><strong>agni</strong></span> <span class='ocrx_word' id='word_1_138' title='bbox 2685 670 2886 741; x_wconf 76' lang='lat' dir='ltr'><strong>legalis</strong></span> <span class='ocrx_word' id='word_1_139' title='bbox 2922 669 3147 726; x_wconf 69' lang='lat' dir='ltr'><strong>credam</strong></span> <span class='ocrx_word' id='word_1_140' title='bbox 3174 665 3480 723; x_wconf 75' lang='lat' dir='ltr'><strong>rationalis</strong></span> <span class='ocrx_word' id='word_1_141' title='bbox 3515 665 3667 735; x_wconf 82' lang='lat' dir='ltr'><strong>Agni</strong></span> 
     </span>
    </p>
   </div>
   <div class='ocr_carea' id='block_1_22' title="bbox 2010 755 3670 834">
    <p class='ocr_par' dir='ltr' id='par_1_22' title="bbox 2010 755 3670 834">
     <span class='ocr_line' id='line_1_22' title="bbox 2010 755 3670 834; baseline -0.005 -17"><span class='ocrx_word' id='word_1_142' title='bbox 2010 759 2447 833; x_wconf 73' lang='lat' dir='ltr'><strong>praeﬁgurabat,</strong></span> <span class='ocrx_word' id='word_1_143' title='bbox 2468 760 2781 834; x_wconf 78' lang='lat' dir='ltr'><strong>oportebat</strong></span> <span class='ocrx_word' id='word_1_144' title='bbox 2797 759 3043 815; x_wconf 85' lang='lat' dir='ltr'><strong>omnino</strong></span> <span class='ocrx_word' id='word_1_145' title='bbox 3064 755 3335 814; x_wconf 83' lang='lat' dir='ltr'>umbram</span> <span class='ocrx_word' id='word_1_146' title='bbox 3353 768 3670 810; x_wconf 89' lang='lat' dir='ltr'><strong>evanesce-</strong></span> 
     </span>
    </p>
   </div>
   <div class='ocr_carea' id='block_1_23' title="bbox 2008 844 3666 922">
    <p class='ocr_par' dir='ltr' id='par_1_23' title="bbox 2008 844 3666 922">
     <span class='ocr_line' id='line_1_23' title="bbox 2008 844 3666 922; baseline -0.005 -17"><span class='ocrx_word' id='word_1_147' title='bbox 2008 864 2092 914; x_wconf 90' lang='lat' dir='ltr'><strong>re,</strong></span> <span class='ocrx_word' id='word_1_148' title='bbox 2107 855 2428 922; x_wconf 88' lang='lat' dir='ltr'><strong>apparente</strong></span> <span class='ocrx_word' id='word_1_149' title='bbox 2448 850 2591 919; x_wconf 84' lang='lat' dir='ltr'><strong>sole,</strong></span> <span class='ocrx_word' id='word_1_150' title='bbox 2612 854 2669 907; x_wconf 89' lang='lat' dir='ltr'><strong>et</strong></span> <span class='ocrx_word' id='word_1_151' title='bbox 2684 850 2942 918; x_wconf 88' lang='lat' dir='ltr'><strong>ﬁguram</strong></span> <span class='ocrx_word' id='word_1_152' title='bbox 2956 847 3182 912; x_wconf 86' lang='lat' dir='ltr'><strong>cedere,</strong></span> <span class='ocrx_word' id='word_1_153' title='bbox 3199 844 3551 902; x_wconf 80' lang='lat' dir='ltr'><strong>adveniente</strong></span> <span class='ocrx_word' id='word_1_154' title='bbox 3572 857 3666 898; x_wconf 88' lang='lat' dir='ltr'><strong>ve-</strong></span> 
     </span>
    </p>
   </div>
   <div class='ocr_carea' id='block_1_24' title="bbox 2008 939 2204 997">
    <p class='ocr_par' dir='ltr' id='par_1_24' title="bbox 2008 939 2204 997">
     <span class='ocr_line' id='line_1_24' title="bbox 2008 939 2204 997; baseline 0.015 -4"><span class='ocrx_word' id='word_1_155' title='bbox 2008 939 2204 997; x_wconf 81' lang='lat' dir='ltr'><strong>ritate.</strong></span> 
     </span>
    </p>
   </div>
   <div class='ocr_carea' id='block_1_25' title="bbox 2079 1040 3671 1118">
    <p class='ocr_par' dir='ltr' id='par_1_25' title="bbox 2079 1040 3671 1118">
     <span class='ocr_line' id='line_1_25' title="bbox 2079 1040 3671 1118; baseline -0.003 -17"><span class='ocrx_word' id='word_1_156' title='bbox 2079 1048 2122 1117; x_wconf 67' lang='grc' dir='ltr'><strong>ιι-</strong></span> <span class='ocrx_word' id='word_1_157' title='bbox 2145 1046 2366 1103; x_wconf 86' lang='lat' dir='ltr'><strong>Dicitur</strong></span> <span class='ocrx_word' id='word_1_158' title='bbox 2384 1047 2498 1103; x_wconf 91' lang='lat' dir='ltr'><strong>hoc</strong></span> <span class='ocrx_word' id='word_1_159' title='bbox 2530 1051 2878 1118; x_wconf 83' lang='lat' dir='ltr'><strong>mysterium</strong></span> <span class='ocrx_word' id='word_1_160' title='bbox 2893 1045 3072 1101; x_wconf 90' lang='lat' dir='ltr'><strong>etiam</strong></span> <span class='ocrx_word' id='word_1_161' title='bbox 3101 1041 3500 1115; x_wconf 90' lang='lat' dir='ltr'><strong>partioipatio,</strong></span> <span class='ocrx_word' id='word_1_162' title='bbox 3524 1040 3671 1113; x_wconf 85' lang='lat' dir='ltr'><strong>quia</strong></span> 
     </span>
    </p>
   </div>
   <div class='ocr_carea' id='block_1_26' title="bbox 2008 1132 3671 1209">
    <p class='ocr_par' dir='ltr' id='par_1_26' title="bbox 2008 1132 3671 1209">
     <span class='ocr_line' id='line_1_26' title="bbox 2008 1132 3671 1209; baseline -0.004 -18"><span class='ocrx_word' id='word_1_163' title='bbox 2008 1137 2434 1209; x_wconf 88' lang='lat' dir='ltr'><strong>partioipamus</strong></span> <span class='ocrx_word' id='word_1_164' title='bbox 2461 1136 2591 1192; x_wconf 69' lang='lat' dir='ltr'><strong>hinc</strong></span> <span class='ocrx_word' id='word_1_165' title='bbox 2625 1139 3027 1191; x_wconf 89' lang='lat' dir='ltr'><strong>sacramenta.</strong></span> <span class='ocrx_word' id='word_1_166' title='bbox 3068 1132 3287 1189; x_wconf 87' lang='lat' dir='ltr'><strong>Dicitur</strong></span> <span class='ocrx_word' id='word_1_167' title='bbox 3313 1136 3370 1187; x_wconf 91' lang='lat' dir='ltr'><strong>et</strong></span> <span class='ocrx_word' id='word_1_168' title='bbox 3399 1145 3671 1187; x_wconf 83' lang='lat' dir='ltr'><strong>commu-</strong></span> 
     </span>
    </p>
   </div>
   <div class='ocr_carea' id='block_1_27' title="bbox 2006 1217 3667 1297">
    <p class='ocr_par' dir='ltr' id='par_1_27' title="bbox 2006 1217 3667 1297">
     <span class='ocr_line' id='line_1_27' title="bbox 2006 1217 3667 1297; baseline -0.004 -17"><span class='ocrx_word' id='word_1_169' title='bbox 2006 1224 2128 1290; x_wconf 91' lang='lat' dir='ltr'><strong>nio,</strong></span> <span class='ocrx_word' id='word_1_170' title='bbox 2162 1225 2306 1297; x_wconf 86' lang='lat' dir='ltr'><strong>quia</strong></span> <span class='ocrx_word' id='word_1_171' title='bbox 2335 1224 2857 1281; x_wconf 82' lang='lat' dir='ltr'><strong>communicamus</strong></span> <span class='ocrx_word' id='word_1_172' title='bbox 2886 1228 2944 1280; x_wconf 90' lang='lat' dir='ltr'><strong>et</strong></span> <span class='ocrx_word' id='word_1_173' title='bbox 2971 1221 3200 1279; x_wconf 84' lang='lat' dir='ltr'><strong>Christo</strong></span> <span class='ocrx_word' id='word_1_174' title='bbox 3231 1225 3288 1277; x_wconf 91' lang='lat' dir='ltr'><strong>et</strong></span> <span class='ocrx_word' id='word_1_175' title='bbox 3311 1218 3486 1276; x_wconf 90' lang='lat' dir='ltr'><strong>nobis</strong></span> <span class='ocrx_word' id='word_1_176' title='bbox 3515 1217 3667 1275; x_wconf 87' lang='lat' dir='ltr'><strong>invi-</strong></span> 
     </span>
    </p>
   </div>
   <div class='ocr_carea' id='block_1_28' title="bbox 2005 1306 3665 1386">
    <p class='ocr_par' dir='ltr' id='par_1_28' title="bbox 2005 1306 3665 1386">
     <span class='ocr_line' id='line_1_28' title="bbox 2005 1306 3665 1386; baseline -0.003 -16"><span class='ocrx_word' id='word_1_177' title='bbox 2005 1329 2137 1371; x_wconf 89' lang='lat' dir='ltr'><strong>cem</strong></span> <span class='ocrx_word' id='word_1_178' title='bbox 2167 1329 2273 1386; x_wconf 87' lang='lat' dir='ltr'><strong>per</strong></span> <span class='ocrx_word' id='word_1_179' title='bbox 2307 1330 2377 1371; x_wconf 90' lang='lat' dir='ltr'><strong>ea</strong></span> <span class='ocrx_word' id='word_1_180' title='bbox 2405 1331 2419 1371; x_wconf 92' lang='lat'><strong>:</strong></span> <span class='ocrx_word' id='word_1_181' title='bbox 2453 1318 2509 1371; x_wconf 92' lang='lat' dir='ltr'><strong>et</strong></span> <span class='ocrx_word' id='word_1_182' title='bbox 2533 1315 2989 1386; x_wconf 86' lang='lat' dir='ltr'><strong>incorporamur</strong></span> <span class='ocrx_word' id='word_1_183' title='bbox 3018 1311 3268 1375; x_wconf 82' lang='lat' dir='ltr'><strong>Christo,</strong></span> <span class='ocrx_word' id='word_1_184' title='bbox 3301 1314 3358 1365; x_wconf 90' lang='lat' dir='ltr'><strong>et</strong></span> <span class='ocrx_word' id='word_1_185' title='bbox 3388 1306 3665 1365; x_wconf 86' lang='lat' dir='ltr'><strong>membra</strong></span> 
     </span>
    </p>
   </div>
   <div class='ocr_carea' id='block_1_29' title="bbox 2007 1402 3667 1460">
    <p class='ocr_par' dir='ltr' id='par_1_29' title="bbox 2007 1402 3667 1460">
     <span class='ocr_line' id='line_1_29' title="bbox 2007 1402 3667 1460; baseline -0.004 0"><span class='ocrx_word' id='word_1_186' title='bbox 2007 1402 2161 1460; x_wconf 89' lang='lat' dir='ltr'><strong>inter</strong></span> <span class='ocrx_word' id='word_1_187' title='bbox 2202 1419 2313 1460; x_wconf 91' lang='lat' dir='ltr'><strong>nos</strong></span> <span class='ocrx_word' id='word_1_188' title='bbox 2348 1404 2599 1460; x_wconf 89' lang='lat' dir='ltr'><strong>invicem</strong></span> <span class='ocrx_word' id='word_1_189' title='bbox 2653 1403 2955 1459; x_wconf 76' lang='lat' dir='ltr'><strong>efﬁcimur.</strong></span> <span class='ocrx_word' id='word_1_190' title='bbox 2998 1404 3125 1458; x_wconf 85' lang='lat' dir='ltr'><strong>Non</strong></span> <span class='ocrx_word' id='word_1_191' title='bbox 3151 1404 3353 1456; x_wconf 85' lang='lat' dir='ltr'><strong>autem</strong></span> <span class='ocrx_word' id='word_1_192' title='bbox 3394 1413 3667 1455; x_wconf 91' lang='lat' dir='ltr'><strong>corrum-</strong></span> 
     </span>
    </p>
   </div>
   <div class='ocr_carea' id='block_1_30' title="bbox 2005 1487 3667 1567">
    <p class='ocr_par' dir='ltr' id='par_1_30' title="bbox 2005 1487 3667 1567">
     <span class='ocr_line' id='line_1_30' title="bbox 2005 1487 3667 1567; baseline -0.002 -19"><span class='ocrx_word' id='word_1_193' title='bbox 2005 1498 2232 1565; x_wconf 88' lang='lat' dir='ltr'><strong>puntur</strong></span> <span class='ocrx_word' id='word_1_194' title='bbox 2260 1494 2396 1560; x_wconf 88' lang='lat' dir='ltr'><strong>ista,</strong></span> <span class='ocrx_word' id='word_1_195' title='bbox 2441 1508 2633 1567; x_wconf 88' lang='lat' dir='ltr'><strong>neque</strong></span> <span class='ocrx_word' id='word_1_196' title='bbox 2660 1493 2720 1548; x_wconf 89' lang='lat' dir='ltr'><strong>in</strong></span> <span class='ocrx_word' id='word_1_197' title='bbox 2746 1507 3048 1548; x_wconf 86' lang='lat' dir='ltr'><strong>secessum</strong></span> <span class='ocrx_word' id='word_1_198' title='bbox 3074 1488 3427 1554; x_wconf 84' lang='lat' dir='ltr'><strong>abscedunt,</strong></span> <span class='ocrx_word' id='word_1_199' title='bbox 3470 1487 3576 1544; x_wconf 92' lang='lat' dir='ltr'><strong>sed</strong></span> <span class='ocrx_word' id='word_1_200' title='bbox 3606 1487 3667 1544; x_wconf 90' lang='lat' dir='ltr'><strong>in</strong></span> 
     </span>
    </p>
   </div>
   <div class='ocr_carea' id='block_1_31' title="bbox 2009 1577 3666 1653">
    <p class='ocr_par' dir='ltr' id='par_1_31' title="bbox 2009 1577 3666 1653">
     <span class='ocr_line' id='line_1_31' title="bbox 2009 1577 3666 1653; baseline -0.002 -16"><span class='ocrx_word' id='word_1_201' title='bbox 2009 1582 2399 1640; x_wconf 85' lang='lat' dir='ltr'><strong>substantiam</strong></span> <span class='ocrx_word' id='word_1_202' title='bbox 2452 1586 2913 1639; x_wconf 87' lang='lat' dir='ltr'><strong>coassumuntur</strong></span> <span class='ocrx_word' id='word_1_203' title='bbox 2962 1579 3327 1653; x_wconf 89' lang='lat' dir='ltr'><strong>spiritualem</strong></span> <span class='ocrx_word' id='word_1_204' title='bbox 3371 1578 3500 1649; x_wconf 88' lang='lat' dir='ltr'><strong>ejus</strong></span> <span class='ocrx_word' id='word_1_205' title='bbox 3565 1577 3666 1651; x_wconf 87' lang='lat' dir='ltr'><strong>qui</strong></span> 
     </span>
    </p>
   </div>
   <div class='ocr_carea' id='block_1_32' title="bbox 2009 1666 3667 1745">
    <p class='ocr_par' dir='ltr' id='par_1_32' title="bbox 2009 1666 3667 1745">
     <span class='ocr_line' id='line_1_32' title="bbox 2009 1666 3667 1745; baseline -0.004 -18"><span class='ocrx_word' id='word_1_206' title='bbox 2009 1672 2342 1745; x_wconf 85' lang='lat' dir='ltr'><strong>participat.</strong></span> <span class='ocrx_word' id='word_1_207' title='bbox 2393 1676 2455 1729; x_wconf 87' lang='lat' dir='ltr'><strong>Et</strong></span> <span class='ocrx_word' id='word_1_208' title='bbox 2505 1673 2659 1727; x_wconf 87' lang='lat' dir='ltr'><strong>sicut</strong></span> <span class='ocrx_word' id='word_1_209' title='bbox 2706 1686 2828 1727; x_wconf 90' lang='lat' dir='ltr'><strong>non</strong></span> <span class='ocrx_word' id='word_1_210' title='bbox 2870 1668 3029 1725; x_wconf 90' lang='lat' dir='ltr'><strong>aliud</strong></span> <span class='ocrx_word' id='word_1_211' title='bbox 3068 1684 3287 1742; x_wconf 87' lang='lat' dir='ltr'><strong>corpus</strong></span> <span class='ocrx_word' id='word_1_212' title='bbox 3320 1670 3376 1722; x_wconf 91' lang='lat' dir='ltr'><strong>et</strong></span> <span class='ocrx_word' id='word_1_213' title='bbox 3420 1666 3667 1735; x_wconf 81' lang='lat' dir='ltr'><strong>sanguis</strong></span> 
     </span>
    </p>
   </div>
   <div class='ocr_carea' id='block_1_33' title="bbox 2009 1754 3666 1835">
    <p class='ocr_par' dir='ltr' id='par_1_33' title="bbox 2009 1754 3666 1835">
     <span class='ocr_line' id='line_1_33' title="bbox 2009 1754 3666 1835; baseline -0.003 -19"><span class='ocrx_word' id='word_1_214' title='bbox 2009 1761 2162 1817; x_wconf 87' lang='lat' dir='ltr'><strong>ﬁunt</strong></span> <span class='ocrx_word' id='word_1_215' title='bbox 2191 1777 2227 1817; x_wconf 87' lang='lat' dir='ltr'><strong>a</strong></span> <span class='ocrx_word' id='word_1_216' title='bbox 2252 1778 2499 1835; x_wconf 90' lang='lat' dir='ltr'><strong>corpore</strong></span> <span class='ocrx_word' id='word_1_217' title='bbox 2524 1769 2580 1817; x_wconf 91' lang='lat' dir='ltr'><strong>et</strong></span> <span class='ocrx_word' id='word_1_218' title='bbox 2609 1760 2903 1830; x_wconf 90' lang='lat' dir='ltr'><strong>sanguine</strong></span> <span class='ocrx_word' id='word_1_219' title='bbox 2928 1759 2977 1831; x_wconf 93' lang='lat' dir='ltr'><strong>ej</strong></span> <span class='ocrx_word' id='word_1_220' title='bbox 2991 1775 3057 1815; x_wconf 90' lang='lat' dir='ltr'><strong>us</strong></span> <span class='ocrx_word' id='word_1_221' title='bbox 3074 1757 3176 1830; x_wconf 87' lang='lat' dir='ltr'><strong>qui</strong></span> <span class='ocrx_word' id='word_1_222' title='bbox 3208 1755 3558 1828; x_wconf 89' lang='lat' dir='ltr'><strong>participat;</strong></span> <span class='ocrx_word' id='word_1_223' title='bbox 3584 1754 3666 1811; x_wconf 85' lang='lat' dir='ltr'><strong>ita</strong></span> 
     </span>
    </p>
   </div>
   <div class='ocr_carea' id='block_1_34' title="bbox 299 1839 1896 1923">
    <p class='ocr_par' dir='ltr' id='par_1_34' title="bbox 299 1839 1896 1917">
     <span class='ocr_line' id='line_1_34' title="bbox 299 1839 1896 1917; baseline 0.001 -22"><span class='ocrx_word' id='word_1_224' title='bbox 299 1843 461 1903; x_wconf 76' lang='grc' dir='ltr'>οὕτως</span> <span class='ocrx_word' id='word_1_225' title='bbox 508 1839 632 1895; x_wconf 73' lang='grc' dir='ltr'><strong>οὐδὲ</strong></span> <span class='ocrx_word' id='word_1_226' title='bbox 678 1842 830 1895; x_wconf 85' lang='grc' dir='ltr'>πάλιν</span> <span class='ocrx_word' id='word_1_227' title='bbox 881 1843 1044 1917; x_wconf 78' lang='grc' dir='ltr'>ἕτερον</span> <span class='ocrx_word' id='word_1_228' title='bbox 1103 1850 1255 1915; x_wconf 87' lang='grc' dir='ltr'>σῶμα</span> <span class='ocrx_word' id='word_1_229' title='bbox 1312 1847 1401 1896; x_wconf 82' lang='grc' dir='ltr'>καὶ</span> <span class='ocrx_word' id='word_1_230' title='bbox 1464 1843 1596 1915; x_wconf 83' lang='grc' dir='ltr'>αἷμα</span> <span class='ocrx_word' id='word_1_231' title='bbox 1643 1845 1787 1917; x_wconf 88' lang='grc' dir='ltr'><strong>παρά</strong></span> <span class='ocrx_word' id='word_1_232' title='bbox 1840 1847 1896 1896; x_wconf 85' lang='grc' dir='ltr'>τὸ</span> 
     </span>
    </p>
   </div>
   <div class='ocr_carea' id='block_1_35' title="bbox 2011 1839 3666 1923">
    <p class='ocr_par' dir='ltr' id='par_1_35' title="bbox 2011 1842 3666 1923">
     <span class='ocr_line' id='line_1_35' title="bbox 2011 1842 3666 1923; baseline -0.004 -18"><span class='ocrx_word' id='word_1_233' title='bbox 2011 1866 2243 1906; x_wconf 89' lang='lat' dir='ltr'><strong>rursum</strong></span> <span class='ocrx_word' id='word_1_234' title='bbox 2271 1866 2465 1923; x_wconf 91' lang='lat' dir='ltr'><strong>neque</strong></span> <span class='ocrx_word' id='word_1_235' title='bbox 2497 1849 2662 1906; x_wconf 87' lang='lat' dir='ltr'><strong>aliud</strong></span> <span class='ocrx_word' id='word_1_236' title='bbox 2693 1865 2912 1921; x_wconf 89' lang='lat' dir='ltr'><strong>corpus</strong></span> <span class='ocrx_word' id='word_1_237' title='bbox 2942 1853 2996 1904; x_wconf 92' lang='lat' dir='ltr'><strong>et</strong></span> <span class='ocrx_word' id='word_1_238' title='bbox 3027 1845 3380 1916; x_wconf 86' lang='lat' dir='ltr'><strong>sanguinem</strong></span> <span class='ocrx_word' id='word_1_239' title='bbox 3411 1842 3666 1899; x_wconf 88' lang='lat' dir='ltr'><strong>dicimus</strong></span> 
     </span>
    </p>
   </div>
   <div class='ocr_carea' id='block_1_36' title="bbox 292 1932 1898 2007">
    <p class='ocr_par' dir='ltr' id='par_1_36' title="bbox 292 1932 1898 2007">
     <span class='ocr_line' id='line_1_36' title="bbox 292 1932 1898 2007; baseline 0 -22"><span class='ocrx_word' id='word_1_240' title='bbox 292 1940 382 1986; x_wconf 91' lang='grc' dir='ltr'><strong>τοῦ</strong></span> <span class='ocrx_word' id='word_1_241' title='bbox 436 1935 700 1984; x_wconf 86' lang='grc' dir='ltr'>Δεσπὸτου</span> <span class='ocrx_word' id='word_1_242' title='bbox 756 1936 905 1985; x_wconf 84' lang='grc' dir='ltr'>τοῦτο</span> <span class='ocrx_word' id='word_1_243' title='bbox 958 1932 1069 2005; x_wconf 77' lang='grc'>(18)</span> <span class='ocrx_word' id='word_1_244' title='bbox 1117 1951 1296 2005; x_wconf 70' lang='grc' dir='ltr'>φαμεν·</span> <span class='ocrx_word' id='word_1_245' title='bbox 1351 1938 1516 1986; x_wconf 86' lang='grc' dir='ltr'>Τοῦτο</span> <span class='ocrx_word' id='word_1_246' title='bbox 1566 1933 1691 2007; x_wconf 82' lang='grc' dir='ltr'>γὰρ,</span> <span class='ocrx_word' id='word_1_247' title='bbox 1746 1936 1898 2004; x_wconf 72' lang='grc' dir='ltr'>φησὶ,</span> 
     </span>
    </p>
   </div>
   <div class='ocr_carea' id='block_1_37' title="bbox 293 2018 1898 2095">
    <p class='ocr_par' dir='ltr' id='par_1_37' title="bbox 293 2018 1898 2095">
     <span class='ocr_line' id='line_1_37' title="bbox 293 2018 1898 2095; baseline -0.001 -20"><span class='ocrx_word' id='word_1_248' title='bbox 293 2025 406 2075; x_wconf 82' lang='grc' dir='ltr'>ἔστι</span> <span class='ocrx_word' id='word_1_249' title='bbox 466 2025 525 2075; x_wconf 88' lang='grc' dir='ltr'><strong>τό</strong></span> <span class='ocrx_word' id='word_1_250' title='bbox 586 2024 738 2095; x_wconf 84' lang='grc' dir='ltr'>σῶμά</span> <span class='ocrx_word' id='word_1_251' title='bbox 792 2042 914 2095; x_wconf 90' lang='grc' dir='ltr'>μου.</span> <span class='ocrx_word' id='word_1_252' title='bbox 985 2021 1113 2095; x_wconf 79' lang='grc' dir='ltr'><strong>[Καὶ</strong></span> <span class='ocrx_word' id='word_1_253' title='bbox 1168 2022 1283 2093; x_wconf 82' lang='grc'>(19)</span> <span class='ocrx_word' id='word_1_254' title='bbox 1340 2018 1528 2083; x_wconf 78' lang='grc' dir='ltr'>αὖθιςο</span> <span class='ocrx_word' id='word_1_255' title='bbox 1580 2028 1746 2075; x_wconf 85' lang='grc' dir='ltr'>Τοῦτο</span> <span class='ocrx_word' id='word_1_256' title='bbox 1795 2024 1898 2095; x_wconf 80' lang='grc' dir='ltr'><strong>γὰρ</strong></span> 
     </span>
    </p>
   </div>
   <div class='ocr_carea' id='block_1_38' title="bbox 292 2108 1900 2185">
    <p class='ocr_par' dir='ltr' id='par_1_38' title="bbox 292 2108 1900 2185">
     <span class='ocr_line' id='line_1_38' title="bbox 292 2108 1900 2185; baseline 0 -22"><span class='ocrx_word' id='word_1_257' title='bbox 292 2110 409 2163; x_wconf 74' lang='grc' dir='ltr'>ἐστι</span> <span class='ocrx_word' id='word_1_258' title='bbox 440 2115 497 2163; x_wconf 88' lang='grc' dir='ltr'>τὸ</span> <span class='ocrx_word' id='word_1_259' title='bbox 527 2112 659 2174; x_wconf 82' lang='grc' dir='ltr'>αἷμά</span> <span class='ocrx_word' id='word_1_260' title='bbox 707 2112 853 2185; x_wconf 90' lang='grc' dir='ltr'>μου.]</span> <span class='ocrx_word' id='word_1_261' title='bbox 893 2110 1178 2184; x_wconf 77' lang='grc' dir='ltr'>’Υπερφνής</span> <span class='ocrx_word' id='word_1_262' title='bbox 1208 2108 1268 2165; x_wconf 68' lang='grc' dir='ltr'>δε</span> <span class='ocrx_word' id='word_1_263' title='bbox 1312 2113 1337 2164; x_wconf 97' lang='lat'><strong>6</strong></span> <span class='ocrx_word' id='word_1_264' title='bbox 1379 2111 1548 2183; x_wconf 89' lang='grc' dir='ltr'>λόγος.</span> <span class='ocrx_word' id='word_1_265' title='bbox 1593 2111 1654 2164; x_wconf 85' lang='grc' dir='ltr'><strong>Εἰ</strong></span> <span class='ocrx_word' id='word_1_266' title='bbox 1698 2108 1758 2165; x_wconf 76' lang='grc' dir='ltr'>δε</span> <span class='ocrx_word' id='word_1_267' title='bbox 1808 2115 1900 2163; x_wconf 76' lang='grc' dir='ltr'><strong>καὶ</strong></span> 
     </span>
    </p>
   </div>
   <div class='ocr_carea' id='block_1_39' title="bbox 291 2198 1897 2277">
    <p class='ocr_par' dir='ltr' id='par_1_39' title="bbox 291 2198 1897 2277">
     <span class='ocr_line' id='line_1_39' title="bbox 291 2198 1897 2277; baseline 0.001 -24"><span class='ocrx_word' id='word_1_268' title='bbox 291 2203 317 2253; x_wconf 89' lang='grc' dir='ltr'><strong>ό</strong></span> <span class='ocrx_word' id='word_1_269' title='bbox 365 2204 528 2273; x_wconf 85' lang='grc' dir='ltr'>μέγας</span> <span class='ocrx_word' id='word_1_270' title='bbox 577 2200 843 2264; x_wconf 76' lang='grc' dir='ltr'>Βασίλειος</span> <span class='ocrx_word' id='word_1_271' title='bbox 894 2200 1154 2254; x_wconf 81' lang='grc' dir='ltr'>ἀντίτυπα</span> <span class='ocrx_word' id='word_1_272' title='bbox 1199 2207 1366 2254; x_wconf 87' lang='grc' dir='ltr'>ταῦτα</span> <span class='ocrx_word' id='word_1_273' title='bbox 1418 2198 1545 2269; x_wconf 85' lang='grc' dir='ltr'>εἶπε,</span> <span class='ocrx_word' id='word_1_274' title='bbox 1614 2201 1743 2254; x_wconf 80' lang='grc' dir='ltr'>ἀλλὰ</span> <span class='ocrx_word' id='word_1_275' title='bbox 1795 2205 1897 2277; x_wconf 89' lang='grc' dir='ltr'>πρὸ</span> 
     </span>
    </p>
   </div>
   <div class='ocr_carea' id='block_1_40' title="bbox 289 2289 1899 2366">
    <p class='ocr_par' dir='ltr' id='par_1_40' title="bbox 289 2289 1899 2366">
     <span class='ocr_line' id='line_1_40' title="bbox 289 2289 1899 2366; baseline 0.001 -24"><span class='ocrx_word' id='word_1_276' title='bbox 289 2297 384 2342; x_wconf 89' lang='grc' dir='ltr'><strong>τοῦ</strong></span> <span class='ocrx_word' id='word_1_277' title='bbox 417 2289 756 2361; x_wconf 85' lang='grc' dir='ltr'>ἀγιασθῆναι,</span> <span class='ocrx_word' id='word_1_278' title='bbox 788 2294 880 2343; x_wconf 84' lang='grc' dir='ltr'><strong>καὶ</strong></span> <span class='ocrx_word' id='word_1_279' title='bbox 922 2293 1022 2364; x_wconf 85' lang='grc' dir='ltr'>πρὸ</span> <span class='ocrx_word' id='word_1_280' title='bbox 1060 2290 1151 2343; x_wconf 82' lang='grc' dir='ltr'><strong>τοῦ</strong></span> <span class='ocrx_word' id='word_1_281' title='bbox 1204 2295 1293 2350; x_wconf 81' lang='grc' dir='ltr'><strong>την</strong></span> <span class='ocrx_word' id='word_1_282' title='bbox 1334 2292 1497 2366; x_wconf 82' lang='grc' dir='ltr'>χάριν</span> <span class='ocrx_word' id='word_1_283' title='bbox 1524 2290 1716 2344; x_wconf 85' lang='grc' dir='ltr'>λαϐεῖν.</span> <span class='ocrx_word' id='word_1_284' title='bbox 1760 2290 1899 2366; x_wconf 88' lang='grc' dir='ltr'>Ὀρα</span> 
     </span>
    </p>
   </div>
   <div class='ocr_carea' id='block_1_41' title="bbox 291 2375 1895 2454">
    <p class='ocr_par' dir='ltr' id='par_1_41' title="bbox 291 2375 1895 2454">
     <span class='ocr_line' id='line_1_41' title="bbox 291 2375 1895 2454; baseline 0.001 -22"><span class='ocrx_word' id='word_1_285' title='bbox 291 2375 371 2442; x_wconf 73' lang='grc' dir='ltr'>δε,</span> <span class='ocrx_word' id='word_1_286' title='bbox 419 2387 529 2442; x_wconf 87' lang='grc' dir='ltr'>πῶς</span> <span class='ocrx_word' id='word_1_287' title='bbox 576 2377 630 2432; x_wconf 70' lang='grc' dir='ltr'>ἐκ</span> <span class='ocrx_word' id='word_1_288' title='bbox 674 2387 774 2433; x_wconf 86' lang='grc' dir='ltr'>τῶν</span> <span class='ocrx_word' id='word_1_289' title='bbox 824 2382 961 2433; x_wconf 87' lang='grc' dir='ltr'><strong>κατά</strong></span> <span class='ocrx_word' id='word_1_290' title='bbox 1008 2382 1162 2452; x_wconf 77' lang='grc' dir='ltr'>φύσιν</span> <span class='ocrx_word' id='word_1_291' title='bbox 1210 2378 1258 2432; x_wconf 76' lang='grc' dir='ltr'>ἓν</span> <span class='ocrx_word' id='word_1_292' title='bbox 1306 2387 1415 2442; x_wconf 87' lang='grc' dir='ltr'>τοῖς</span> <span class='ocrx_word' id='word_1_293' title='bbox 1458 2381 1583 2453; x_wconf 72' lang='grc' dir='ltr'>ὑπερ</span> <span class='ocrx_word' id='word_1_294' title='bbox 1625 2384 1779 2453; x_wconf 76' lang='grc' dir='ltr'>φύσιν</span> <span class='ocrx_word' id='word_1_295' title='bbox 1811 2402 1895 2454; x_wconf 85' lang='grc' dir='ltr'>γι-</span> 
     </span>
    </p>
   </div>
   <div class='ocr_carea' id='block_1_42' title="bbox 291 2470 1894 2545">
    <p class='ocr_par' dir='ltr' id='par_1_42' title="bbox 291 2470 1894 2545">
     <span class='ocr_line' id='line_1_42' title="bbox 291 2470 1894 2545; baseline 0.002 -25"><span class='ocrx_word' id='word_1_296' title='bbox 291 2471 499 2541; x_wconf 89' lang='grc' dir='ltr'>νόμεθα.</span> <span class='ocrx_word' id='word_1_297' title='bbox 536 2471 681 2522; x_wconf 82' lang='grc' dir='ltr'>Κατὰ</span> <span class='ocrx_word' id='word_1_298' title='bbox 713 2472 868 2542; x_wconf 71' lang='grc' dir='ltr'>φύσιν</span> <span class='ocrx_word' id='word_1_299' title='bbox 1021 2470 1146 2544; x_wconf 83' lang='grc' dir='ltr'>γὰρ,</span> <span class='ocrx_word' id='word_1_300' title='bbox 1186 2470 1217 2527; x_wconf 84' lang='grc' dir='ltr'><strong>ἠ</strong></span> <span class='ocrx_word' id='word_1_301' title='bbox 1249 2476 1343 2523; x_wconf 88' lang='grc' dir='ltr'><strong>τοῦ</strong></span> <span class='ocrx_word' id='word_1_302' title='bbox 1370 2473 1706 2544; x_wconf 73' lang='grc' dir='ltr'>προκειμένου</span> <span class='ocrx_word' id='word_1_303' title='bbox 1735 2472 1894 2545; x_wconf 76' lang='grc' dir='ltr'>ἄρτου</span> 
     </span>
    </p>
   </div>
   <div class='ocr_carea' id='block_1_43' title="bbox 287 2556 1897 2634">
    <p class='ocr_par' dir='ltr' id='par_1_43' title="bbox 287 2556 1897 2634">
     <span class='ocr_line' id='line_1_43' title="bbox 287 2556 1897 2634; baseline 0.001 -24"><span class='ocrx_word' id='word_1_304' title='bbox 287 2564 380 2611; x_wconf 78' lang='grc' dir='ltr'>καὶ</span> <span class='ocrx_word' id='word_1_305' title='bbox 418 2561 556 2611; x_wconf 78' lang='grc' dir='ltr'>οἴνου</span> <span class='ocrx_word' id='word_1_306' title='bbox 586 2556 790 2633; x_wconf 82' lang='grc' dir='ltr'>βρῶσις</span> <span class='ocrx_word' id='word_1_307' title='bbox 816 2562 906 2611; x_wconf 81' lang='grc' dir='ltr'>καὶ</span> <span class='ocrx_word' id='word_1_308' title='bbox 954 2562 1132 2621; x_wconf 70' lang='grc' dir='ltr'>πόσις*</span> <span class='ocrx_word' id='word_1_309' title='bbox 1172 2559 1297 2634; x_wconf 64' lang='grc' dir='ltr'>ὑπὲρ</span> <span class='ocrx_word' id='word_1_310' title='bbox 1337 2561 1456 2612; x_wconf 79' lang='grc' dir='ltr'>ύσιν</span> <span class='ocrx_word' id='word_1_311' title='bbox 1496 2556 1573 2625; x_wconf 71' lang='grc' dir='ltr'>δε,</span> <span class='ocrx_word' id='word_1_312' title='bbox 1628 2556 1659 2619; x_wconf 77' lang='grc' dir='ltr'><em>ἧ</em></span> <span class='ocrx_word' id='word_1_313' title='bbox 1703 2562 1897 2614; x_wconf 79' lang='grc' dir='ltr'>τούτων</span> 
     </span>
    </p>
   </div>
   <div class='ocr_carea' id='block_1_44' title="bbox 291 2644 1900 2722">
    <p class='ocr_par' dir='ltr' id='par_1_44' title="bbox 291 2644 1900 2722">
     <span class='ocr_line' id='line_1_44' title="bbox 291 2644 1900 2722; baseline 0.003 -23"><span class='ocrx_word' id='word_1_314' title='bbox 291 2645 522 2722; x_wconf 78' lang='grc' dir='ltr'>ἐνέργειά</span> <span class='ocrx_word' id='word_1_315' title='bbox 548 2667 602 2701; x_wconf 87' lang='grc' dir='ltr'><strong>τε</strong></span> <span class='ocrx_word' id='word_1_316' title='bbox 650 2652 739 2700; x_wconf 79' lang='grc' dir='ltr'>καὶ</span> <span class='ocrx_word' id='word_1_317' title='bbox 766 2644 1010 2720; x_wconf 82' lang='grc' dir='ltr'>δύναμις.</span> <span class='ocrx_word' id='word_1_318' title='bbox 1036 2646 1218 2720; x_wconf 75' lang='grc' dir='ltr'>Ἐνιψε</span> <span class='ocrx_word' id='word_1_319' title='bbox 1255 2645 1315 2701; x_wconf 70' lang='grc' dir='ltr'><strong>δὲ</strong></span> <span class='ocrx_word' id='word_1_320' title='bbox 1338 2656 1541 2722; x_wconf 82' lang='grc' dir='ltr'>πρῶτον</span> <span class='ocrx_word' id='word_1_321' title='bbox 1569 2652 1687 2711; x_wconf 80' lang='grc' dir='ltr'>τοὺς</span> <span class='ocrx_word' id='word_1_322' title='bbox 1731 2647 1900 2712; x_wconf 81' lang='grc' dir='ltr'>πόδας</span> 
     </span>
    </p>
   </div>
   <div class='ocr_carea' id='block_1_45' title="bbox 285 2734 1896 2811">
    <p class='ocr_par' dir='ltr' id='par_1_45' title="bbox 285 2734 1896 2811">
     <span class='ocr_line' id='line_1_45' title="bbox 285 2734 1896 2811; baseline 0.002 -21"><span class='ocrx_word' id='word_1_323' title='bbox 285 2744 390 2790; x_wconf 85' lang='grc' dir='ltr'>τῶν</span> <span class='ocrx_word' id='word_1_324' title='bbox 448 2738 718 2809; x_wconf 75' lang='grc' dir='ltr'>μαθητῶν,</span> <span class='ocrx_word' id='word_1_325' title='bbox 783 2734 892 2790; x_wconf 87' lang='grc' dir='ltr'>εἶτα</span> <span class='ocrx_word' id='word_1_326' title='bbox 947 2740 1151 2800; x_wconf 80' lang='grc' dir='ltr'>τούτοις</span> <span class='ocrx_word' id='word_1_327' title='bbox 1205 2744 1298 2791; x_wconf 90' lang='grc' dir='ltr'><strong>τοῦ</strong></span> <span class='ocrx_word' id='word_1_328' title='bbox 1359 2743 1654 2811; x_wconf 80' lang='grc' dir='ltr'>μυστηρίου</span> <span class='ocrx_word' id='word_1_329' title='bbox 1711 2743 1896 2794; x_wconf 84' lang='grc' dir='ltr'>τούτου</span> 
     </span>
    </p>
   </div>
   <div class='ocr_carea' id='block_1_46' title="bbox 286 2823 1895 2904">
    <p class='ocr_par' dir='ltr' id='par_1_46' title="bbox 286 2823 1895 2904">
     <span class='ocr_line' id='line_1_46' title="bbox 286 2823 1895 2904; baseline 0.003 -25"><span class='ocrx_word' id='word_1_330' title='bbox 286 2823 601 2899; x_wconf 80' lang='grc' dir='ltr'>μετέδωκεν,</span> <span class='ocrx_word' id='word_1_331' title='bbox 634 2829 718 2879; x_wconf 80' lang='grc' dir='ltr'>ἶνα</span> <span class='ocrx_word' id='word_1_332' title='bbox 741 2828 1005 2900; x_wconf 80' lang='grc' dir='ltr'>μάθωμεν,</span> <span class='ocrx_word' id='word_1_333' title='bbox 1048 2828 1126 2880; x_wconf 80' lang='grc' dir='ltr'>ὅτι</span> <span class='ocrx_word' id='word_1_334' title='bbox 1153 2832 1263 2904; x_wconf 74' lang='grc' dir='ltr'>χρὴ</span> <span class='ocrx_word' id='word_1_335' title='bbox 1295 2836 1497 2903; x_wconf 85' lang='grc' dir='ltr'>πρῶτον</span> <span class='ocrx_word' id='word_1_336' title='bbox 1526 2831 1895 2904; x_wconf 72' lang='grc' dir='ltr'>καθαίρεσθαι,</span> 
     </span>
    </p>
   </div>
   <div class='ocr_carea' id='block_1_47' title="bbox 284 2911 859 2989">
    <p class='ocr_par' dir='ltr' id='par_1_47' title="bbox 284 2911 859 2989">
     <span class='ocr_line' id='line_1_47' title="bbox 284 2911 859 2989; baseline 0.005 -20"><span class='ocrx_word' id='word_1_337' title='bbox 284 2911 400 2969; x_wconf 81' lang='grc' dir='ltr'>εἶτα</span> <span class='ocrx_word' id='word_1_338' title='bbox 428 2914 859 2989; x_wconf 85' lang='grc' dir='ltr'>μεταλαμϐάνειν.</span> 
     </span>
    </p>
   </div>
   <div class='ocr_carea' id='block_1_48' title="bbox 352 3126 1892 3207">
    <p class='ocr_par' dir='ltr' id='par_1_48' title="bbox 352 3126 1892 3207">
     <span class='ocr_line' id='line_1_48' title="bbox 352 3126 1892 3207; baseline 0.001 -22"><span class='ocrx_word' id='word_1_339' title='bbox 352 3129 630 3206; x_wconf 75' lang='grc' dir='ltr'>Ἀνθρακα</span> <span class='ocrx_word' id='word_1_340' title='bbox 681 3130 795 3203; x_wconf 80' lang='lat'><strong>(‘20)</strong></span> <span class='ocrx_word' id='word_1_341' title='bbox 851 3126 983 3185; x_wconf 83' lang='grc' dir='ltr'>εἶδεν</span> <span class='ocrx_word' id='word_1_342' title='bbox 1030 3130 1271 3195; x_wconf 82' lang='grc' dir='ltr'>Ἡσαΐας·</span> <span class='ocrx_word' id='word_1_343' title='bbox 1323 3133 1520 3207; x_wconf 78' lang='grc' dir='ltr'>ἄνθραξ</span> <span class='ocrx_word' id='word_1_344' title='bbox 1572 3130 1650 3205; x_wconf 65' lang='grc' dir='ltr'>δε,</span> <span class='ocrx_word' id='word_1_345' title='bbox 1698 3134 1755 3187; x_wconf 71' lang='grc' dir='ltr'>οὔ</span> <span class='ocrx_word' id='word_1_346' title='bbox 1802 3135 1892 3198; x_wconf 80' lang='grc' dir='ltr'><strong>ξύ-</strong></span> 
     </span>
    </p>
   </div>
   <div class='ocr_carea' id='block_1_49' title="bbox 2010 1936 3665 2012">
    <p class='ocr_par' dir='ltr' id='par_1_49' title="bbox 2010 1936 3665 2012">
     <span class='ocr_line' id='line_1_49' title="bbox 2010 1936 3665 2012; baseline -0.005 -16"><span class='ocrx_word' id='word_1_347' title='bbox 2010 1956 2047 1996; x_wconf 89' lang='lat' dir='ltr'><strong>a</strong></span> <span class='ocrx_word' id='word_1_348' title='bbox 2076 1956 2322 2012; x_wconf 91' lang='lat' dir='ltr'><strong>corpore</strong></span> <span class='ocrx_word' id='word_1_349' title='bbox 2349 1946 2404 1996; x_wconf 91' lang='lat' dir='ltr'><strong>et</strong></span> <span class='ocrx_word' id='word_1_350' title='bbox 2432 1938 2723 2009; x_wconf 84' lang='lat' dir='ltr'><strong>sanguine</strong></span> <span class='ocrx_word' id='word_1_351' title='bbox 2747 1938 2983 1994; x_wconf 90' lang='lat' dir='ltr'><strong>Domini</strong></span> <span class='ocrx_word' id='word_1_352' title='bbox 3014 1938 3174 1993; x_wconf 77' lang='lat' dir='ltr'><strong>:Hoc</strong></span> <span class='ocrx_word' id='word_1_353' title='bbox 3187 1936 3340 1992; x_wconf 84' lang='lat' dir='ltr'><strong>enim</strong></span> <span class='ocrx_word' id='word_1_354' title='bbox 3354 1940 3436 1991; x_wconf 88' lang='lat' dir='ltr'><strong>est</strong></span> <span class='ocrx_word' id='word_1_355' title='bbox 3456 1949 3665 2004; x_wconf 81' lang='lat' dir='ltr'><strong>corpus</strong></span> 
     </span>
    </p>
   </div>
   <div class='ocr_carea' id='block_1_50' title="bbox 2008 2024 3663 2103">
    <p class='ocr_par' dir='ltr' id='par_1_50' title="bbox 2008 2024 3663 2103">
     <span class='ocr_line' id='line_1_50' title="bbox 2008 2024 3663 2103; baseline -0.004 -18"><span class='ocrx_word' id='word_1_356' title='bbox 2008 2044 2218 2097; x_wconf 87' lang='lat' dir='ltr'><strong>meum,</strong></span> <span class='ocrx_word' id='word_1_357' title='bbox 2254 2029 2464 2103; x_wconf 88' lang='lat' dir='ltr'><strong>inquit.</strong></span> <span class='ocrx_word' id='word_1_358' title='bbox 2494 2034 2554 2083; x_wconf 85' lang='lat' dir='ltr'><strong>Et</strong></span> <span class='ocrx_word' id='word_1_359' title='bbox 2572 2044 2775 2085; x_wconf 87' lang='lat' dir='ltr'><strong>rursus</strong></span> <span class='ocrx_word' id='word_1_360' title='bbox 2806 2027 3037 2083; x_wconf 86' lang='lat' dir='ltr'><strong>:Hicest</strong></span> <span class='ocrx_word' id='word_1_361' title='bbox 3054 2026 3204 2081; x_wconf 82' lang='lat' dir='ltr'><strong>enim</strong></span> <span class='ocrx_word' id='word_1_362' title='bbox 3218 2024 3463 2094; x_wconf 80' lang='lat' dir='ltr'><strong>sanguis</strong></span> <span class='ocrx_word' id='word_1_363' title='bbox 3483 2038 3663 2080; x_wconf 76' lang='lat' dir='ltr'><strong>meus.</strong></span> 
     </span>
    </p>
   </div>
   <div class='ocr_carea' id='block_1_51' title="bbox 2009 2114 3665 2191">
    <p class='ocr_par' dir='ltr' id='par_1_51' title="bbox 2009 2114 3665 2191">
     <span class='ocr_line' id='line_1_51' title="bbox 2009 2114 3665 2191; baseline -0.004 -19"><span class='ocrx_word' id='word_1_364' title='bbox 2009 2119 2106 2172; x_wconf 89' lang='lat' dir='ltr'><strong>Est</strong></span> <span class='ocrx_word' id='word_1_365' title='bbox 2145 2123 2346 2174; x_wconf 90' lang='lat' dir='ltr'><strong>autem</strong></span> <span class='ocrx_word' id='word_1_366' title='bbox 2392 2115 2843 2191; x_wconf 90' lang='lat' dir='ltr'><strong>supernaturale</strong></span> <span class='ocrx_word' id='word_1_367' title='bbox 2897 2114 3164 2171; x_wconf 85' lang='lat' dir='ltr'><strong>verbum.</strong></span> <span class='ocrx_word' id='word_1_368' title='bbox 3203 2115 3268 2169; x_wconf 85' lang='lat' dir='ltr'><strong>Et</strong></span> <span class='ocrx_word' id='word_1_369' title='bbox 3313 2126 3665 2185; x_wconf 87' lang='lat' dir='ltr'><strong>quanquam</strong></span> 
     </span>
    </p>
   </div>
   <div class='ocr_carea' id='block_1_52' title="bbox 2006 2201 3666 2278">
    <p class='ocr_par' dir='ltr' id='par_1_52' title="bbox 2006 2201 3666 2278">
     <span class='ocr_line' id='line_1_52' title="bbox 2006 2201 3666 2278; baseline -0.002 -18"><span class='ocrx_word' id='word_1_370' title='bbox 2006 2206 2265 2276; x_wconf 89' lang='lat' dir='ltr'><strong>Magnus</strong></span> <span class='ocrx_word' id='word_1_371' title='bbox 2290 2206 2535 2263; x_wconf 90' lang='lat' dir='ltr'><strong>Basilius</strong></span> <span class='ocrx_word' id='word_1_372' title='bbox 2581 2204 2950 2278; x_wconf 80' lang='lat' dir='ltr'><strong>exemplaria</strong></span> <span class='ocrx_word' id='word_1_373' title='bbox 2991 2203 3119 2259; x_wconf 69' lang='lat' dir='ltr'><strong>haec</strong></span> <span class='ocrx_word' id='word_1_374' title='bbox 3150 2218 3278 2259; x_wconf 88' lang='lat' dir='ltr'><strong>esse</strong></span> <span class='ocrx_word' id='word_1_375' title='bbox 3325 2201 3474 2257; x_wconf 92' lang='lat' dir='ltr'><strong>dixit</strong></span> <span class='ocrx_word' id='word_1_376' title='bbox 3507 2217 3519 2256; x_wconf 91' lang='lat'>:</span> <span class='ocrx_word' id='word_1_377' title='bbox 3550 2201 3666 2257; x_wconf 91' lang='lat' dir='ltr'><strong>hoc</strong></span> 
     </span>
    </p>
   </div>
   <div class='ocr_carea' id='block_1_53' title="bbox 2007 2289 3667 2368">
    <p class='ocr_par' dir='ltr' id='par_1_53' title="bbox 2007 2289 3667 2368">
     <span class='ocr_line' id='line_1_53' title="bbox 2007 2289 3667 2368; baseline -0.004 -17"><span class='ocrx_word' id='word_1_378' title='bbox 2007 2298 2209 2351; x_wconf 86' lang='lat' dir='ltr'><strong>tamen</strong></span> <span class='ocrx_word' id='word_1_379' title='bbox 2239 2300 2327 2351; x_wconf 91' lang='lat' dir='ltr'><strong>est</strong></span> <span class='ocrx_word' id='word_1_380' title='bbox 2355 2292 2709 2368; x_wconf 89' lang='lat' dir='ltr'><strong>priusquam</strong></span> <span class='ocrx_word' id='word_1_381' title='bbox 2738 2293 3175 2351; x_wconf 83' lang='lat' dir='ltr'><strong>sanctificantur</strong></span> <span class='ocrx_word' id='word_1_382' title='bbox 3200 2296 3255 2346; x_wconf 86' lang='lat' dir='ltr'><strong>et</strong></span> <span class='ocrx_word' id='word_1_383' title='bbox 3294 2289 3546 2360; x_wconf 86' lang='lat' dir='ltr'><strong>gratiam</strong></span> <span class='ocrx_word' id='word_1_384' title='bbox 3572 2304 3667 2345; x_wconf 88' lang='lat' dir='ltr'><strong>ac-</strong></span> 
     </span>
    </p>
   </div>
   <div class='ocr_carea' id='block_1_54' title="bbox 2006 2378 3667 2457">
    <p class='ocr_par' dir='ltr' id='par_1_54' title="bbox 2006 2378 3667 2457">
     <span class='ocr_line' id='line_1_54' title="bbox 2006 2378 3667 2457; baseline -0.005 -17"><span class='ocrx_word' id='word_1_385' title='bbox 2006 2383 2244 2457; x_wconf 90' lang='lat' dir='ltr'><strong>cipiant.</strong></span> <span class='ocrx_word' id='word_1_386' title='bbox 2276 2384 2424 2439; x_wconf 89' lang='lat' dir='ltr'><strong>Vide</strong></span> <span class='ocrx_word' id='word_1_387' title='bbox 2468 2388 2669 2440; x_wconf 87' lang='lat' dir='ltr'><strong>autem</strong></span> <span class='ocrx_word' id='word_1_388' title='bbox 2714 2381 3025 2457; x_wconf 90' lang='lat' dir='ltr'><strong>quomodo</strong></span> <span class='ocrx_word' id='word_1_389' title='bbox 3069 2397 3099 2437; x_wconf 92' lang='lat' dir='ltr'><strong>e</strong></span> <span class='ocrx_word' id='word_1_390' title='bbox 3141 2378 3520 2436; x_wconf 84' lang='lat' dir='ltr'><strong>naturalibus</strong></span> <span class='ocrx_word' id='word_1_391' title='bbox 3570 2393 3667 2432; x_wconf 87' lang='lat' dir='ltr'><strong>su-</strong></span> 
     </span>
    </p>
   </div>
   <div class='ocr_carea' id='block_1_55' title="bbox 2005 2468 3666 2546">
    <p class='ocr_par' dir='ltr' id='par_1_55' title="bbox 2005 2468 3666 2546">
     <span class='ocr_line' id='line_1_55' title="bbox 2005 2468 3666 2546; baseline -0.005 -16"><span class='ocrx_word' id='word_1_392' title='bbox 2005 2472 2405 2546; x_wconf 88' lang='lat' dir='ltr'><strong>pernaturalia</strong></span> <span class='ocrx_word' id='word_1_393' title='bbox 2428 2473 2600 2531; x_wconf 87' lang='lat' dir='ltr'><strong>fiant.</strong></span> <span class='ocrx_word' id='word_1_394' title='bbox 2642 2471 2935 2529; x_wconf 85' lang='lat' dir='ltr'><strong>Naturalis</strong></span> <span class='ocrx_word' id='word_1_395' title='bbox 2969 2470 3259 2544; x_wconf 87' lang='lat' dir='ltr'><strong>siquidem</strong></span> <span class='ocrx_word' id='word_1_396' title='bbox 3291 2468 3461 2525; x_wconf 84' lang='lat' dir='ltr'><strong>cibus</strong></span> <span class='ocrx_word' id='word_1_397' title='bbox 3485 2470 3571 2523; x_wconf 88' lang='lat' dir='ltr'><strong>est</strong></span> <span class='ocrx_word' id='word_1_398' title='bbox 3595 2482 3666 2523; x_wconf 90' lang='lat' dir='ltr'><strong>ac</strong></span> 
     </span>
    </p>
   </div>
   <div class='ocr_carea' id='block_1_56' title="bbox 2006 2559 3667 2637">
    <p class='ocr_par' dir='ltr' id='par_1_56' title="bbox 2006 2559 3667 2637">
     <span class='ocr_line' id='line_1_56' title="bbox 2006 2559 3667 2637; baseline -0.004 -19"><span class='ocrx_word' id='word_1_399' title='bbox 2006 2568 2184 2637; x_wconf 91' lang='lat' dir='ltr'><strong>potus</strong></span> <span class='ocrx_word' id='word_1_400' title='bbox 2209 2562 2386 2637; x_wconf 88' lang='lat' dir='ltr'><strong>panis</strong></span> <span class='ocrx_word' id='word_1_401' title='bbox 2399 2578 2469 2619; x_wconf 92' lang='lat' dir='ltr'><strong>ac</strong></span> <span class='ocrx_word' id='word_1_402' title='bbox 2499 2562 2617 2619; x_wconf 89' lang='lat' dir='ltr'><strong>vini</strong></span> <span class='ocrx_word' id='word_1_403' title='bbox 2647 2577 2782 2636; x_wconf 70' lang='lat' dir='ltr'><strong>quae</strong></span> <span class='ocrx_word' id='word_1_404' title='bbox 2804 2562 3238 2634; x_wconf 68' lang='lat' dir='ltr'><strong>praeponuntur</strong></span> <span class='ocrx_word' id='word_1_405' title='bbox 3270 2575 3282 2613; x_wconf 89' lang='lat'><strong>:</strong></span> <span class='ocrx_word' id='word_1_406' title='bbox 3317 2559 3667 2630; x_wconf 89' lang='lat' dir='ltr'><strong>supernatu-</strong></span> 
     </span>
    </p>
   </div>
   <div class='ocr_carea' id='block_1_57' title="bbox 2004 2647 3664 2723">
    <p class='ocr_par' dir='ltr' id='par_1_57' title="bbox 2004 2647 3664 2723">
     <span class='ocr_line' id='line_1_57' title="bbox 2004 2647 3664 2723; baseline -0.005 -15"><span class='ocrx_word' id='word_1_407' title='bbox 2004 2652 2147 2708; x_wconf 89' lang='lat' dir='ltr'><strong>ralis</strong></span> <span class='ocrx_word' id='word_1_408' title='bbox 2176 2668 2334 2721; x_wconf 85' lang='lat' dir='ltr'><strong>vero,</strong></span> <span class='ocrx_word' id='word_1_409' title='bbox 2365 2652 2579 2709; x_wconf 86' lang='lat' dir='ltr'><strong>efﬁcax</strong></span> <span class='ocrx_word' id='word_1_410' title='bbox 2598 2651 2817 2708; x_wconf 90' lang='lat' dir='ltr'><strong>horum</strong></span> <span class='ocrx_word' id='word_1_411' title='bbox 2852 2648 3140 2723; x_wconf 86' lang='lat' dir='ltr'><strong>operatio.</strong></span> <span class='ocrx_word' id='word_1_412' title='bbox 3165 2647 3429 2704; x_wconf 86' lang='lat' dir='ltr'><strong>Primum</strong></span> <span class='ocrx_word' id='word_1_413' title='bbox 3463 2649 3664 2703; x_wconf 86' lang='lat' dir='ltr'><strong>autem</strong></span> 
     </span>
    </p>
   </div>
   <div class='ocr_carea' id='block_1_58' title="bbox 2004 2734 3665 2814">
    <p class='ocr_par' dir='ltr' id='par_1_58' title="bbox 2004 2734 3665 2814">
     <span class='ocr_line' id='line_1_58' title="bbox 2004 2734 3665 2814; baseline -0.005 -16"><span class='ocrx_word' id='word_1_414' title='bbox 2004 2740 2151 2800; x_wconf 86' lang='lat' dir='ltr'><strong>lavit</strong></span> <span class='ocrx_word' id='word_1_415' title='bbox 2188 2742 2371 2814; x_wconf 90' lang='lat' dir='ltr'><strong>pedes</strong></span> <span class='ocrx_word' id='word_1_416' title='bbox 2396 2741 2854 2814; x_wconf 89' lang='lat' dir='ltr'><strong>discipulorum,</strong></span> <span class='ocrx_word' id='word_1_417' title='bbox 2888 2739 3104 2795; x_wconf 89' lang='lat' dir='ltr'><strong>deinde</strong></span> <span class='ocrx_word' id='word_1_418' title='bbox 3134 2754 3244 2794; x_wconf 89' lang='lat' dir='ltr'><strong>eos</strong></span> <span class='ocrx_word' id='word_1_419' title='bbox 3267 2734 3530 2810; x_wconf 87' lang='lat' dir='ltr'><strong>mysterii</strong></span> <span class='ocrx_word' id='word_1_420' title='bbox 3552 2735 3665 2791; x_wconf 86' lang='lat' dir='ltr'><strong>hu-</strong></span> 
     </span>
    </p>
   </div>
   <div class='ocr_carea' id='block_1_59' title="bbox 2000 2824 3665 2905">
    <p class='ocr_par' dir='ltr' id='par_1_59' title="bbox 2000 2824 3665 2905">
     <span class='ocr_line' id='line_1_59' title="bbox 2000 2824 3665 2905; baseline -0.004 -18"><span class='ocrx_word' id='word_1_421' title='bbox 2000 2831 2099 2902; x_wconf 90' lang='lat' dir='ltr'><strong>jus</strong></span> <span class='ocrx_word' id='word_1_422' title='bbox 2128 2829 2265 2888; x_wconf 82' lang='lat' dir='ltr'><strong>fecit</strong></span> <span class='ocrx_word' id='word_1_423' title='bbox 2304 2848 2434 2889; x_wconf 90' lang='lat' dir='ltr'><strong>esse</strong></span> <span class='ocrx_word' id='word_1_424' title='bbox 2484 2831 2815 2905; x_wconf 87' lang='lat' dir='ltr'><strong>participes,</strong></span> <span class='ocrx_word' id='word_1_425' title='bbox 2860 2836 2921 2886; x_wconf 93' lang='lat' dir='ltr'><strong>ut</strong></span> <span class='ocrx_word' id='word_1_426' title='bbox 2957 2828 3288 2892; x_wconf 90' lang='lat' dir='ltr'><strong>discamus,</strong></span> <span class='ocrx_word' id='word_1_427' title='bbox 3329 2824 3495 2899; x_wconf 89' lang='lat' dir='ltr'><strong>quod</strong></span> <span class='ocrx_word' id='word_1_428' title='bbox 3550 2824 3665 2898; x_wconf 90' lang='lat' dir='ltr'><strong>pri-</strong></span> 
     </span>
    </p>
   </div>
   <div class='ocr_carea' id='block_1_60' title="bbox 2004 2914 3665 2995">
    <p class='ocr_par' dir='ltr' id='par_1_60' title="bbox 2004 2914 3665 2995">
     <span class='ocr_line' id='line_1_60' title="bbox 2004 2914 3665 2995; baseline -0.004 -19"><span class='ocrx_word' id='word_1_429' title='bbox 2004 2937 2174 2978; x_wconf 91' lang='lat' dir='ltr'><strong>mum</strong></span> <span class='ocrx_word' id='word_1_430' title='bbox 2232 2921 2536 2995; x_wconf 84' lang='lat' dir='ltr'><strong>puriﬁcari</strong></span> <span class='ocrx_word' id='word_1_431' title='bbox 2610 2938 2713 2979; x_wconf 89' lang='lat' dir='ltr'><strong>eos</strong></span> <span class='ocrx_word' id='word_1_432' title='bbox 2771 2924 3055 2993; x_wconf 90' lang='lat' dir='ltr'><strong>oporteat,</strong></span> <span class='ocrx_word' id='word_1_433' title='bbox 3133 2916 3352 2975; x_wconf 89' lang='lat' dir='ltr'><strong>deinde</strong></span> <span class='ocrx_word' id='word_1_434' title='bbox 3434 2914 3665 2990; x_wconf 90' lang='lat' dir='ltr'><strong>partici-</strong></span> 
     </span>
    </p>
   </div>
   <div class='ocr_carea' id='block_1_61' title="bbox 2003 3025 2169 3082">
    <p class='ocr_par' dir='ltr' id='par_1_61' title="bbox 2003 3025 2169 3082">
     <span class='ocr_line' id='line_1_61' title="bbox 2003 3025 2169 3082; baseline -0.006 -16"><span class='ocrx_word' id='word_1_435' title='bbox 2003 3025 2169 3082; x_wconf 90' lang='lat' dir='ltr'><strong>pare.</strong></span> 
     </span>
    </p>
   </div>
   <div class='ocr_carea' id='block_1_62' title="bbox 2074 3114 3665 3188">
    <p class='ocr_par' dir='ltr' id='par_1_62' title="bbox 2074 3114 3665 3188">
     <span class='ocr_line' id='line_1_62' title="bbox 2074 3114 3665 3188; baseline -0.003 -15"><span class='ocrx_word' id='word_1_436' title='bbox 2074 3119 2116 3188; x_wconf 73' lang='grc' dir='ltr'><strong>-ι-</strong></span> <span class='ocrx_word' id='word_1_437' title='bbox 2148 3117 2484 3174; x_wconf 88' lang='lat' dir='ltr'><strong>Carbonem</strong></span> <span class='ocrx_word' id='word_1_438' title='bbox 2515 3116 2863 3173; x_wconf 85' lang='lat' dir='ltr'><strong>viditlsaias</strong></span> <span class='ocrx_word' id='word_1_439' title='bbox 2885 3118 2928 3153; x_wconf 82' lang='grc'>²¹</span> <span class='ocrx_word' id='word_1_440' title='bbox 2958 3132 2972 3181; x_wconf 91' lang='grc'>;</span> <span class='ocrx_word' id='word_1_441' title='bbox 3008 3114 3191 3171; x_wconf 90' lang='lat' dir='ltr'><strong>carbo</strong></span> <span class='ocrx_word' id='word_1_442' title='bbox 3213 3118 3412 3171; x_wconf 87' lang='lat' dir='ltr'><strong>autem</strong></span> <span class='ocrx_word' id='word_1_443' title='bbox 3438 3128 3559 3170; x_wconf 91' lang='lat' dir='ltr'><strong>non</strong></span> <span class='ocrx_word' id='word_1_444' title='bbox 3579 3116 3665 3169; x_wconf 88' lang='lat' dir='ltr'><strong>est</strong></span> 
     </span>
    </p>
   </div>
   <div class='ocr_carea' id='block_1_63' title="bbox 273 3193 1896 3296">
    <p class='ocr_par' dir='ltr' id='par_1_63' title="bbox 273 3219 1894 3296">
     <span class='ocr_line' id='line_1_63' title="bbox 273 3219 1894 3296; baseline 0.001 -21"><span class='ocrx_word' id='word_1_445' title='bbox 273 3220 367 3275; x_wconf 78' lang='grc' dir='ltr'><strong>λον</strong></span> <span class='ocrx_word' id='word_1_446' title='bbox 437 3219 584 3274; x_wconf 75' lang='grc' dir='ltr'>ἐστὶν</span> <span class='ocrx_word' id='word_1_447' title='bbox 648 3219 843 3287; x_wconf 80' lang='grc' dir='ltr'>ἁπλῶς,</span> <span class='ocrx_word' id='word_1_448' title='bbox 922 3220 1051 3273; x_wconf 84' lang='grc' dir='ltr'><strong>ἀλλά</strong></span> <span class='ocrx_word' id='word_1_449' title='bbox 1125 3227 1609 3296; x_wconf 60' lang='grc' dir='ltr'>πεπυρακτωμένον</span> <span class='ocrx_word' id='word_1_450' title='bbox 1682 3225 1894 3295; x_wconf 69' lang='grc' dir='ltr'>φωτίζει</span> 
     </span>
    </p>
   </div>
   <div class='ocr_carea' id='block_1_64' title="bbox 2011 3193 3665 3296">
    <p class='ocr_par' dir='ltr' id='par_1_64' title="bbox 2011 3201 3665 3278">
     <span class='ocr_line' id='line_1_64' title="bbox 2011 3201 3665 3278; baseline -0.002 -17"><span class='ocrx_word' id='word_1_451' title='bbox 2011 3206 2353 3278; x_wconf 89' lang='lat' dir='ltr'><strong>simpliciter</strong></span> <span class='ocrx_word' id='word_1_452' title='bbox 2371 3206 2624 3278; x_wconf 88' lang='lat' dir='ltr'><strong>lignum,</strong></span> <span class='ocrx_word' id='word_1_453' title='bbox 2658 3205 2763 3260; x_wconf 90' lang='lat' dir='ltr'><strong>sed</strong></span> <span class='ocrx_word' id='word_1_454' title='bbox 2788 3205 3021 3275; x_wconf 90' lang='lat' dir='ltr'><strong>lignum</strong></span> <span class='ocrx_word' id='word_1_455' title='bbox 3056 3203 3331 3274; x_wconf 88' lang='lat' dir='ltr'><strong>ignitum.</strong></span> <span class='ocrx_word' id='word_1_456' title='bbox 3362 3201 3665 3257; x_wconf 88' lang='lat' dir='ltr'><strong>Illuminat</strong></span> 
     </span>
    </p>
   </div>
   <div class='ocr_carea' id='block_1_65' title="bbox 275 3308 1897 3385">
    <p class='ocr_par' dir='ltr' id='par_1_65' title="bbox 275 3308 1897 3385">
     <span class='ocr_line' id='line_1_65' title="bbox 275 3308 1897 3385; baseline 0.002 -22"><span class='ocrx_word' id='word_1_457' title='bbox 275 3313 373 3384; x_wconf 70' lang='grc' dir='ltr'><strong>μεν</strong></span> <span class='ocrx_word' id='word_1_458' title='bbox 404 3314 528 3371; x_wconf 85' lang='grc' dir='ltr'>τοὺς</span> <span class='ocrx_word' id='word_1_459' title='bbox 556 3308 756 3376; x_wconf 81' lang='grc' dir='ltr'>ἀξίους,</span> <span class='ocrx_word' id='word_1_460' title='bbox 806 3308 1002 3383; x_wconf 77' lang='grc' dir='ltr'>[φλέγει</span> <span class='ocrx_word' id='word_1_461' title='bbox 1046 3311 1157 3381; x_wconf 81' lang='lat' dir='ltr'><strong>(2i)</strong></span> <span class='ocrx_word' id='word_1_462' title='bbox 1203 3308 1263 3365; x_wconf 74' lang='grc' dir='ltr'>δε</span> <span class='ocrx_word' id='word_1_463' title='bbox 1290 3316 1408 3374; x_wconf 80' lang='grc' dir='ltr'>τοὺς</span> <span class='ocrx_word' id='word_1_464' title='bbox 1438 3311 1728 3385; x_wconf 83' lang='grc' dir='ltr'>ἀναξίους,]</span> <span class='ocrx_word' id='word_1_465' title='bbox 1761 3316 1897 3367; x_wconf 87' lang='grc' dir='ltr'><strong>κατά</strong></span> 
     </span>
    </p>
   </div>
   <div class='ocr_carea' id='block_1_66' title="bbox 277 3395 1896 3477">
    <p class='ocr_par' dir='ltr' id='par_1_66' title="bbox 277 3395 1896 3477">
     <span class='ocr_line' id='line_1_66' title="bbox 277 3395 1896 3477; baseline 0.001 -24"><span class='ocrx_word' id='word_1_466' title='bbox 277 3404 379 3458; x_wconf 75' lang='grc' dir='ltr'>τὴν</span> <span class='ocrx_word' id='word_1_467' title='bbox 412 3395 602 3458; x_wconf 80' lang='grc' dir='ltr'>διπλῆν</span> <span class='ocrx_word' id='word_1_468' title='bbox 630 3406 724 3454; x_wconf 83' lang='grc' dir='ltr'><strong>τοῦ</strong></span> <span class='ocrx_word' id='word_1_469' title='bbox 757 3402 923 3476; x_wconf 88' lang='grc' dir='ltr'>πυρὸς</span> <span class='ocrx_word' id='word_1_470' title='bbox 952 3398 1222 3477; x_wconf 73' lang='grc' dir='ltr'>ἐνέργειαν·</span> <span class='ocrx_word' id='word_1_471' title='bbox 1258 3401 1426 3475; x_wconf 77' lang='grc' dir='ltr'>φλέγει</span> <span class='ocrx_word' id='word_1_472' title='bbox 1452 3397 1531 3470; x_wconf 69' lang='grc' dir='ltr'>δε,</span> <span class='ocrx_word' id='word_1_473' title='bbox 1564 3410 1635 3474; x_wconf 82' lang='grc' dir='ltr'>τῷ</span> <span class='ocrx_word' id='word_1_474' title='bbox 1660 3402 1896 3467; x_wconf 82' lang='grc' dir='ltr'>κολάζειν</span> 
     </span>
    </p>
   </div>
   <div class='ocr_carea' id='block_1_67' title="bbox 279 3508 583 3549">
    <p class='ocr_par' dir='ltr' id='par_1_67' title="bbox 279 3508 583 3549">
     <span class='ocr_line' id='line_1_67' title="bbox 279 3508 583 3549; baseline 0.003 -5"><span class='ocrx_word' id='word_1_475' title='bbox 279 3508 583 3549; x_wconf 87' lang='grc' dir='ltr'>συντηκειν.</span> 
     </span>
    </p>
   </div>
   <div class='ocr_carea' id='block_1_68' title="bbox 365 3702 1901 3780">
    <p class='ocr_par' dir='ltr' id='par_1_68' title="bbox 365 3702 1901 3780">
     <span class='ocr_line' id='line_1_68' title="bbox 365 3702 1901 3780; baseline 0.001 -22"><span class='ocrx_word' id='word_1_476' title='bbox 365 3708 462 3758; x_wconf 77' lang='grc' dir='ltr'><strong>Καὶ</strong></span> <span class='ocrx_word' id='word_1_477' title='bbox 489 3702 657 3757; x_wconf 87' lang='grc' dir='ltr'>λαϐων</span> <span class='ocrx_word' id='word_1_478' title='bbox 685 3732 753 3745; x_wconf 94' lang='grc'><strong>-</strong></span> <span class='ocrx_word' id='word_1_479' title='bbox 781 3705 1062 3766; x_wconf 84' lang='grc' dir='ltr'>Διαθήκης.</span> <span class='ocrx_word' id='word_1_480' title='bbox 1095 3711 1201 3768; x_wconf 80' lang='grc' dir='ltr'><strong>Τῆς</strong></span> <span class='ocrx_word' id='word_1_481' title='bbox 1240 3714 1425 3768; x_wconf 80' lang='grc' dir='ltr'>καινῆς</span> <span class='ocrx_word' id='word_1_482' title='bbox 1466 3710 1747 3780; x_wconf 80' lang='grc' dir='ltr'>Διαθήκης,</span> <span class='ocrx_word' id='word_1_483' title='bbox 1780 3717 1901 3773; x_wconf 80' lang='grc' dir='ltr'>ἤτοι</span> 
     </span>
    </p>
   </div>
   <div class='ocr_carea' id='block_1_69' title="bbox 277 3795 1898 3870">
    <p class='ocr_par' dir='ltr' id='par_1_69' title="bbox 277 3795 1898 3870">
     <span class='ocr_line' id='line_1_69' title="bbox 277 3795 1898 3870; baseline 0.007 -24"><span class='ocrx_word' id='word_1_484' title='bbox 277 3801 378 3855; x_wconf 79' lang='grc' dir='ltr'>τῆς</span> <span class='ocrx_word' id='word_1_485' title='bbox 427 3796 543 3856; x_wconf 81' lang='grc' dir='ltr'>νέας</span> <span class='ocrx_word' id='word_1_486' title='bbox 583 3795 911 3867; x_wconf 89' lang='grc' dir='ltr'>νομοθεσίας.</span> <span class='ocrx_word' id='word_1_487' title='bbox 969 3797 1039 3849; x_wconf 87' lang='grc' dir='ltr'><strong>Τὸ</strong></span> <span class='ocrx_word' id='word_1_488' title='bbox 1083 3798 1173 3867; x_wconf 65' lang='grc' dir='ltr'>μὲν</span> <span class='ocrx_word' id='word_1_489' title='bbox 1221 3797 1323 3869; x_wconf 85' lang='grc' dir='ltr'><strong>γὰρ</strong></span> <span class='ocrx_word' id='word_1_490' title='bbox 1371 3797 1504 3870; x_wconf 89' lang='grc' dir='ltr'>αἷμα</span> <span class='ocrx_word' id='word_1_491' title='bbox 1544 3806 1634 3853; x_wconf 86' lang='grc' dir='ltr'><strong>τοῦ</strong></span> <span class='ocrx_word' id='word_1_492' title='bbox 1677 3813 1898 3859; x_wconf 87' lang='grc' dir='ltr'>τοπικοῦ</span> 
     </span>
    </p>
   </div>
   <div class='ocr_carea' id='block_1_70' title="bbox 276 3880 1895 3957">
    <p class='ocr_par' dir='ltr' id='par_1_70' title="bbox 276 3880 1895 3957">
     <span class='ocr_line' id='line_1_70' title="bbox 276 3880 1895 3957; baseline 0.006 -20"><span class='ocrx_word' id='word_1_493' title='bbox 276 3883 467 3957; x_wconf 85' lang='grc' dir='ltr'>ἀμνοῦ,</span> <span class='ocrx_word' id='word_1_494' title='bbox 524 3891 619 3946; x_wconf 81' lang='grc' dir='ltr'>τῆς</span> <span class='ocrx_word' id='word_1_495' title='bbox 672 3882 899 3945; x_wconf 84' lang='grc' dir='ltr'>παλαιᾶς</span> <span class='ocrx_word' id='word_1_496' title='bbox 928 3880 988 3943; x_wconf 82' lang='grc' dir='ltr'>ἧν</span> <span class='ocrx_word' id='word_1_497' title='bbox 1029 3886 1312 3949; x_wconf 78' lang='grc' dir='ltr'>Διαθήκηςο</span> <span class='ocrx_word' id='word_1_498' title='bbox 1346 3889 1404 3940; x_wconf 87' lang='grc' dir='ltr'>τὸ</span> <span class='ocrx_word' id='word_1_499' title='bbox 1430 3883 1491 3941; x_wconf 71' lang='grc' dir='ltr'>δε</span> <span class='ocrx_word' id='word_1_500' title='bbox 1518 3896 1610 3943; x_wconf 85' lang='grc' dir='ltr'><strong>τοῦ</strong></span> <span class='ocrx_word' id='word_1_501' title='bbox 1651 3889 1895 3951; x_wconf 81' lang='grc' dir='ltr'>ἀληθινοῦ</span> 
     </span>
    </p>
   </div>
   <div class='ocr_carea' id='block_1_71' title="bbox 271 3972 937 4046">
    <p class='ocr_par' dir='ltr' id='par_1_71' title="bbox 271 3972 937 4046">
     <span class='ocr_line' id='line_1_71' title="bbox 271 3972 937 4046; baseline 0.005 -20"><span class='ocrx_word' id='word_1_502' title='bbox 271 3975 495 4046; x_wconf 83' lang='grc' dir='ltr'>Ἀμνοῦ,</span> <span class='ocrx_word' id='word_1_503' title='bbox 520 3981 611 4035; x_wconf 78' lang='grc' dir='ltr'>τῆς</span> <span class='ocrx_word' id='word_1_504' title='bbox 636 3977 748 4034; x_wconf 86' lang='grc' dir='ltr'>νέας</span> <span class='ocrx_word' id='word_1_505' title='bbox 774 3972 937 4029; x_wconf 74' lang='grc' dir='ltr'>ἐστίν.</span> 
     </span>
    </p>
   </div>
   <div class='ocr_carea' id='block_1_72' title="bbox 350 4059 1895 4138">
    <p class='ocr_par' dir='ltr' id='par_1_72' title="bbox 350 4059 1895 4138">
     <span class='ocr_line' id='line_1_72' title="bbox 350 4059 1895 4138; baseline 0.006 -22"><span class='ocrx_word' id='word_1_506' title='bbox 350 4062 420 4116; x_wconf 85' lang='grc' dir='ltr'>Ἤ</span> <span class='ocrx_word' id='word_1_507' title='bbox 471 4065 581 4134; x_wconf 79' lang='lat'><strong>(22)</strong></span> <span class='ocrx_word' id='word_1_508' title='bbox 630 4070 787 4116; x_wconf 87' lang='grc' dir='ltr'>τοῦτο</span> <span class='ocrx_word' id='word_1_509' title='bbox 831 4059 939 4117; x_wconf 85' lang='grc' dir='ltr'>εἷπε</span> <span class='ocrx_word' id='word_1_510' title='bbox 987 4060 1081 4116; x_wconf 86' lang='grc' dir='ltr'><strong>διὰ</strong></span> <span class='ocrx_word' id='word_1_511' title='bbox 1129 4067 1189 4117; x_wconf 86' lang='grc' dir='ltr'>τὸ</span> <span class='ocrx_word' id='word_1_512' title='bbox 1229 4063 1363 4138; x_wconf 82' lang='grc' dir='ltr'>αἷμα</span> <span class='ocrx_word' id='word_1_513' title='bbox 1415 4070 1471 4120; x_wconf 88' lang='grc' dir='ltr'>τὸ</span> <span class='ocrx_word' id='word_1_514' title='bbox 1526 4077 1625 4131; x_wconf 83' lang='grc' dir='ltr'>τῆς</span> <span class='ocrx_word' id='word_1_515' title='bbox 1660 4069 1895 4134; x_wconf 85' lang='grc' dir='ltr'>Παλαιᾶς</span> 
     </span>
    </p>
   </div>
   <div class='ocr_carea' id='block_1_73' title="bbox 272 4148 1892 4228">
    <p class='ocr_par' dir='ltr' id='par_1_73' title="bbox 272 4148 1892 4228">
     <span class='ocr_line' id='line_1_73' title="bbox 272 4148 1892 4228; baseline 0 -16"><span class='ocrx_word' id='word_1_516' title='bbox 272 4154 564 4215; x_wconf 79' lang='grc' dir='ltr'>Διαθήκης-</span> <span class='ocrx_word' id='word_1_517' title='bbox 614 4152 695 4205; x_wconf 81' lang='grc' dir='ltr'>Ἐν</span> <span class='ocrx_word' id='word_1_518' title='bbox 757 4159 819 4225; x_wconf 69' lang='grc' dir='ltr'><strong>τῇ</strong></span> <span class='ocrx_word' id='word_1_519' title='bbox 855 4148 1050 4223; x_wconf 81' lang='grc' dir='ltr'><strong>Ἐξόδῳ</strong></span> <span class='ocrx_word' id='word_1_520' title='bbox 1091 4155 1193 4226; x_wconf 76' lang='grc' dir='ltr'>γὰρ</span> <span class='ocrx_word' id='word_1_521' title='bbox 1229 4157 1504 4228; x_wconf 65' lang='grc' dir='ltr'>μοσχάρια</span> <span class='ocrx_word' id='word_1_522' title='bbox 1545 4159 1703 4219; x_wconf 83' lang='grc' dir='ltr'>θύσας</span> <span class='ocrx_word' id='word_1_523' title='bbox 1733 4166 1892 4213; x_wconf 83' lang='grc' dir='ltr'>Μωῦ-</span> 
     </span>
    </p>
   </div>
   <div class='ocr_carea' id='block_1_74' title="bbox 276 4241 1888 4323">
    <p class='ocr_par' dir='ltr' id='par_1_74' title="bbox 276 4241 1888 4323">
     <span class='ocr_line' id='line_1_74' title="bbox 276 4241 1888 4323; baseline 0.005 -29"><span class='ocrx_word' id='word_1_524' title='bbox 276 4250 396 4310; x_wconf 87' lang='grc' dir='ltr'>σῆς,</span> <span class='ocrx_word' id='word_1_525' title='bbox 428 4244 487 4295; x_wconf 85' lang='grc' dir='ltr'>τὸ</span> <span class='ocrx_word' id='word_1_526' title='bbox 532 4245 702 4313; x_wconf 82' lang='grc' dir='ltr'>ἣμισυ</span> <span class='ocrx_word' id='word_1_527' title='bbox 740 4247 832 4294; x_wconf 87' lang='grc' dir='ltr'><strong>τοῦ</strong></span> <span class='ocrx_word' id='word_1_528' title='bbox 873 4242 1094 4314; x_wconf 75' lang='grc' dir='ltr'>αἳματος</span> <span class='ocrx_word' id='word_1_529' title='bbox 1137 4241 1332 4315; x_wconf 81' lang='grc' dir='ltr'>ἐνέχεεν</span> <span class='ocrx_word' id='word_1_530' title='bbox 1368 4243 1438 4307; x_wconf 84' lang='grc' dir='ltr'><strong>εἰς</strong></span> <span class='ocrx_word' id='word_1_531' title='bbox 1468 4244 1581 4318; x_wconf 80' lang='grc'>(23)</span> <span class='ocrx_word' id='word_1_532' title='bbox 1628 4258 1888 4323; x_wconf 81' lang='grc' dir='ltr'>κρατῆρα,</span> 
     </span>
    </p>
   </div>
   <div class='ocr_carea' id='block_1_75' title="bbox 2004 3290 3661 3367">
    <p class='ocr_par' dir='ltr' id='par_1_75' title="bbox 2004 3290 3661 3367">
     <span class='ocr_line' id='line_1_75' title="bbox 2004 3290 3661 3367; baseline -0.004 -17"><span class='ocrx_word' id='word_1_533' title='bbox 2004 3294 2251 3367; x_wconf 89' lang='lat' dir='ltr'><strong>quidem</strong></span> <span class='ocrx_word' id='word_1_534' title='bbox 2300 3296 2476 3351; x_wconf 89' lang='lat' dir='ltr'><strong>carbo</strong></span> <span class='ocrx_word' id='word_1_535' title='bbox 2507 3294 2683 3364; x_wconf 88' lang='lat' dir='ltr'><strong>hujus</strong></span> <span class='ocrx_word' id='word_1_536' title='bbox 2734 3292 3001 3365; x_wconf 88' lang='lat' dir='ltr'><strong>mysterii</strong></span> <span class='ocrx_word' id='word_1_537' title='bbox 3029 3307 3130 3348; x_wconf 90' lang='lat' dir='ltr'><strong>eos</strong></span> <span class='ocrx_word' id='word_1_538' title='bbox 3158 3290 3261 3363; x_wconf 89' lang='lat' dir='ltr'><strong>qui</strong></span> <span class='ocrx_word' id='word_1_539' title='bbox 3294 3290 3460 3360; x_wconf 89' lang='lat' dir='ltr'><strong>digni</strong></span> <span class='ocrx_word' id='word_1_540' title='bbox 3504 3294 3661 3354; x_wconf 89' lang='lat' dir='ltr'><strong>sunt,</strong></span> 
     </span>
    </p>
   </div>
   <div class='ocr_carea' id='block_1_76' title="bbox 2004 3378 3664 3455">
    <p class='ocr_par' dir='ltr' id='par_1_76' title="bbox 2004 3378 3664 3455">
     <span class='ocr_line' id='line_1_76' title="bbox 2004 3378 3664 3455; baseline -0.004 -16"><span class='ocrx_word' id='word_1_541' title='bbox 2004 3382 2280 3455; x_wconf 87' lang='lat' dir='ltr'><strong>indignos</strong></span> <span class='ocrx_word' id='word_1_542' title='bbox 2334 3398 2479 3439; x_wconf 85' lang='lat' dir='ltr'><strong>vero</strong></span> <span class='ocrx_word' id='word_1_543' title='bbox 2533 3381 2889 3446; x_wconf 87' lang='lat' dir='ltr'><strong>inﬂammat,</strong></span> <span class='ocrx_word' id='word_1_544' title='bbox 2927 3382 3095 3451; x_wconf 78' lang='lat' dir='ltr'><strong>juxta</strong></span> <span class='ocrx_word' id='word_1_545' title='bbox 3137 3378 3439 3451; x_wconf 90' lang='lat' dir='ltr'><strong>duplicem</strong></span> <span class='ocrx_word' id='word_1_546' title='bbox 3506 3378 3664 3448; x_wconf 90' lang='lat' dir='ltr'><strong>ignis</strong></span> 
     </span>
    </p>
   </div>
   <div class='ocr_carea' id='block_1_77' title="bbox 2005 3467 3667 3545">
    <p class='ocr_par' dir='ltr' id='par_1_77' title="bbox 2005 3467 3667 3545">
     <span class='ocr_line' id='line_1_77' title="bbox 2005 3467 3667 3545; baseline -0.005 -16"><span class='ocrx_word' id='word_1_547' title='bbox 2005 3472 2433 3545; x_wconf 88' lang='lat' dir='ltr'><strong>operationem.</strong></span> <span class='ocrx_word' id='word_1_548' title='bbox 2477 3470 2817 3527; x_wconf 87' lang='lat' dir='ltr'><strong>Inﬂammat</strong></span> <span class='ocrx_word' id='word_1_549' title='bbox 2843 3472 3045 3527; x_wconf 87' lang='lat' dir='ltr'><strong>autem</strong></span> <span class='ocrx_word' id='word_1_550' title='bbox 3066 3467 3369 3543; x_wconf 88' lang='lat' dir='ltr'><strong>puniendo</strong></span> <span class='ocrx_word' id='word_1_551' title='bbox 3416 3471 3471 3523; x_wconf 92' lang='lat' dir='ltr'><strong>et</strong></span> <span class='ocrx_word' id='word_1_552' title='bbox 3496 3467 3667 3523; x_wconf 89' lang='lat' dir='ltr'><strong>absu-</strong></span> 
     </span>
    </p>
   </div>
   <div class='ocr_carea' id='block_1_78' title="bbox 2003 3560 2249 3621">
    <p class='ocr_par' dir='ltr' id='par_1_78' title="bbox 2003 3560 2249 3621">
     <span class='ocr_line' id='line_1_78' title="bbox 2003 3560 2249 3621; baseline -0.008 0"><span class='ocrx_word' id='word_1_553' title='bbox 2003 3560 2249 3621; x_wconf 90' lang='lat' dir='ltr'><strong>mendo.</strong></span> 
     </span>
    </p>
   </div>
   <div class='ocr_carea' id='block_1_79' title="bbox 2080 3694 3665 3768">
    <p class='ocr_par' dir='ltr' id='par_1_79' title="bbox 2080 3694 3665 3768">
     <span class='ocr_line' id='line_1_79' title="bbox 2080 3694 3665 3768; baseline -0.002 -12"><span class='ocrx_word' id='word_1_554' title='bbox 2080 3702 2241 3756; x_wconf 86' lang='lat' dir='ltr'><strong>Vers.</strong></span> <span class='ocrx_word' id='word_1_555' title='bbox 2294 3698 2382 3755; x_wconf 85' lang='lat'><strong>27.</strong></span> <span class='ocrx_word' id='word_1_556' title='bbox 2414 3698 2492 3755; x_wconf 84' lang='lat' dir='ltr'><strong>Et</strong></span> <span class='ocrx_word' id='word_1_557' title='bbox 2546 3701 2774 3768; x_wconf 81' lang='lat' dir='ltr'><strong>sumpto</strong></span> <span class='ocrx_word' id='word_1_558' title='bbox 2832 3727 2900 3737; x_wconf 92' lang='lat'><strong>——</strong></span> <span class='ocrx_word' id='word_1_559' title='bbox 2929 3694 3091 3752; x_wconf 90' lang='lat' dir='ltr'><strong>Vers.</strong></span> <span class='ocrx_word' id='word_1_560' title='bbox 3147 3697 3237 3752; x_wconf 86' lang='lat'><strong>28.</strong></span> <span class='ocrx_word' id='word_1_561' title='bbox 3294 3694 3665 3753; x_wconf 85' lang='lat' dir='ltr'><strong>Testamenti.</strong></span> 
     </span>
    </p>
   </div>
   <div class='ocr_carea' id='block_1_80' title="bbox 2004 3782 3667 3858">
    <p class='ocr_par' dir='ltr' id='par_1_80' title="bbox 2004 3782 3667 3858">
     <span class='ocr_line' id='line_1_80' title="bbox 2004 3782 3667 3858; baseline -0.002 -13"><span class='ocrx_word' id='word_1_562' title='bbox 2004 3789 2155 3848; x_wconf 90' lang='lat' dir='ltr'><strong>Novi</strong></span> <span class='ocrx_word' id='word_1_563' title='bbox 2181 3787 2561 3858; x_wconf 85' lang='lat' dir='ltr'><strong>Testamenti,</strong></span> <span class='ocrx_word' id='word_1_564' title='bbox 2585 3786 2708 3843; x_wconf 88' lang='lat' dir='ltr'><strong>sive</strong></span> <span class='ocrx_word' id='word_1_565' title='bbox 2732 3801 2905 3844; x_wconf 64' lang='lat' dir='ltr'><strong>novas</strong></span> <span class='ocrx_word' id='word_1_566' title='bbox 2925 3784 3330 3857; x_wconf 86' lang='lat' dir='ltr'><strong>legislationis.</strong></span> <span class='ocrx_word' id='word_1_567' title='bbox 3361 3782 3667 3858; x_wconf 88' lang='lat' dir='ltr'><strong>Siquidem</strong></span> 
     </span>
    </p>
   </div>
   <div class='ocr_carea' id='block_1_81' title="bbox 2007 3874 3663 3951">
    <p class='ocr_par' dir='ltr' id='par_1_81' title="bbox 2007 3874 3663 3951">
     <span class='ocr_line' id='line_1_81' title="bbox 2007 3874 3663 3951; baseline -0.002 -16"><span class='ocrx_word' id='word_1_568' title='bbox 2007 3880 2257 3951; x_wconf 87' lang='lat' dir='ltr'><strong>sanguis</strong></span> <span class='ocrx_word' id='word_1_569' title='bbox 2296 3876 2600 3949; x_wconf 90' lang='lat' dir='ltr'><strong>ﬁgurativi</strong></span> <span class='ocrx_word' id='word_1_570' title='bbox 2654 3875 2815 3946; x_wconf 90' lang='lat' dir='ltr'><strong>agni,</strong></span> <span class='ocrx_word' id='word_1_571' title='bbox 2848 3876 3061 3932; x_wconf 88' lang='lat' dir='ltr'><strong>veteris</strong></span> <span class='ocrx_word' id='word_1_572' title='bbox 3100 3878 3227 3933; x_wconf 92' lang='lat' dir='ltr'><strong>erat</strong></span> <span class='ocrx_word' id='word_1_573' title='bbox 3262 3874 3663 3933; x_wconf 89' lang='lat' dir='ltr'><strong>Testamenti:</strong></span> 
     </span>
    </p>
   </div>
   <div class='ocr_carea' id='block_1_82' title="bbox 2007 3964 3141 4040">
    <p class='ocr_par' dir='ltr' id='par_1_82' title="bbox 2007 3964 3141 4040">
     <span class='ocr_line' id='line_1_82' title="bbox 2007 3964 3141 4040; baseline -0.004 -15"><span class='ocrx_word' id='word_1_574' title='bbox 2007 3969 2255 4040; x_wconf 87' lang='lat' dir='ltr'><strong>sanguis</strong></span> <span class='ocrx_word' id='word_1_575' title='bbox 2285 3972 2486 4026; x_wconf 89' lang='lat' dir='ltr'><strong>autem</strong></span> <span class='ocrx_word' id='word_1_576' title='bbox 2513 3966 2633 4024; x_wconf 90' lang='lat' dir='ltr'><strong>veri</strong></span> <span class='ocrx_word' id='word_1_577' title='bbox 2666 3966 2837 4037; x_wconf 88' lang='lat' dir='ltr'><strong>Agni,</strong></span> <span class='ocrx_word' id='word_1_578' title='bbox 2870 3970 2956 4023; x_wconf 88' lang='lat' dir='ltr'><strong>est</strong></span> <span class='ocrx_word' id='word_1_579' title='bbox 2975 3964 3141 4024; x_wconf 86' lang='lat' dir='ltr'><strong>novi.</strong></span> 
     </span>
    </p>
   </div>
   <div class='ocr_carea' id='block_1_83' title="bbox 2073 4071 3668 4145">
    <p class='ocr_par' dir='ltr' id='par_1_83' title="bbox 2073 4071 3668 4145">
     <span class='ocr_line' id='line_1_83' title="bbox 2073 4071 3668 4145; baseline -0.001 -15"><span class='ocrx_word' id='word_1_580' title='bbox 2073 4077 2110 4144; x_wconf 72' lang='grc' dir='ltr'><strong>ει-</strong></span> <span class='ocrx_word' id='word_1_581' title='bbox 2135 4076 2239 4131; x_wconf 88' lang='lat' dir='ltr'><strong>Vel</strong></span> <span class='ocrx_word' id='word_1_582' title='bbox 2289 4076 2405 4133; x_wconf 91' lang='lat' dir='ltr'><strong>hoc</strong></span> <span class='ocrx_word' id='word_1_583' title='bbox 2429 4074 2596 4145; x_wconf 90' lang='lat' dir='ltr'><strong>dixit,</strong></span> <span class='ocrx_word' id='word_1_584' title='bbox 2648 4078 2890 4145; x_wconf 90' lang='lat' dir='ltr'><strong>propter</strong></span> <span class='ocrx_word' id='word_1_585' title='bbox 2929 4074 3280 4143; x_wconf 88' lang='lat' dir='ltr'><strong>sanguinem</strong></span> <span class='ocrx_word' id='word_1_586' title='bbox 3334 4073 3409 4130; x_wconf 92' lang='lat' dir='ltr'><strong>de</strong></span> <span class='ocrx_word' id='word_1_587' title='bbox 3438 4087 3561 4145; x_wconf 91' lang='lat' dir='ltr'><strong>quo</strong></span> <span class='ocrx_word' id='word_1_588' title='bbox 3605 4071 3668 4129; x_wconf 90' lang='lat' dir='ltr'><strong>in</strong></span> 
     </span>
    </p>
   </div>
   <div class='ocr_carea' id='block_1_84' title="bbox 2003 4160 3670 4221">
    <p class='ocr_par' dir='ltr' id='par_1_84' title="bbox 2003 4160 3670 4221">
     <span class='ocr_line' id='line_1_84' title="bbox 2003 4160 3670 4221; baseline -0.004 0"><span class='ocrx_word' id='word_1_589' title='bbox 2003 4164 2192 4221; x_wconf 87' lang='lat' dir='ltr'><strong>Veteri</strong></span> <span class='ocrx_word' id='word_1_590' title='bbox 2220 4166 2598 4220; x_wconf 89' lang='lat' dir='ltr'><strong>Testamento</strong></span> <span class='ocrx_word' id='word_1_591' title='bbox 2628 4163 2695 4218; x_wconf 86' lang='lat' dir='ltr'><strong>ﬁt</strong></span> <span class='ocrx_word' id='word_1_592' title='bbox 2738 4178 2958 4218; x_wconf 89' lang='lat' dir='ltr'><strong>sermo.</strong></span> <span class='ocrx_word' id='word_1_593' title='bbox 2994 4166 3057 4217; x_wconf 92' lang='lat' dir='ltr'><strong>ln</strong></span> <span class='ocrx_word' id='word_1_594' title='bbox 3088 4161 3293 4217; x_wconf 87' lang='lat' dir='ltr'><strong>Exodo</strong></span> <span class='ocrx_word' id='word_1_595' title='bbox 3343 4160 3500 4216; x_wconf 90' lang='lat' dir='ltr'><strong>enim</strong></span> <span class='ocrx_word' id='word_1_596' title='bbox 3529 4160 3670 4215; x_wconf 88' lang='lat' dir='ltr'><strong>dici-</strong></span> 
     </span>
    </p>
   </div>
   <div class='ocr_carea' id='block_1_85' title="bbox 2004 4247 3666 4325">
    <p class='ocr_par' dir='ltr' id='par_1_85' title="bbox 2004 4247 3666 4325">
     <span class='ocr_line' id='line_1_85' title="bbox 2004 4247 3666 4325; baseline -0.004 -15"><span class='ocrx_word' id='word_1_597' title='bbox 2004 4258 2096 4311; x_wconf 90' lang='lat' dir='ltr'><strong>tur</strong></span> <span class='ocrx_word' id='word_1_598' title='bbox 2125 4253 2288 4325; x_wconf 88' lang='lat' dir='ltr'><strong>quod</strong></span> <span class='ocrx_word' id='word_1_599' title='bbox 2312 4256 2635 4323; x_wconf 89' lang='lat' dir='ltr'><strong>postquam</strong></span> <span class='ocrx_word' id='word_1_600' title='bbox 2663 4253 2852 4305; x_wconf 89' lang='lat' dir='ltr'><strong>Moses</strong></span> <span class='ocrx_word' id='word_1_601' title='bbox 2881 4250 3100 4306; x_wconf 89' lang='lat' dir='ltr'><strong>vitulos</strong></span> <span class='ocrx_word' id='word_1_602' title='bbox 3146 4247 3536 4313; x_wconf 89' lang='lat' dir='ltr'><strong>immolasset,</strong></span> <span class='ocrx_word' id='word_1_603' title='bbox 3581 4247 3666 4303; x_wconf 88' lang='lat' dir='ltr'><strong>di-</strong></span> 
     </span>
    </p>
   </div>
   <div class='ocr_carea' id='block_1_86' title="bbox 272 4327 1896 4409">
    <p class='ocr_par' dir='ltr' id='par_1_86' title="bbox 272 4329 1893 4406">
     <span class='ocr_line' id='line_1_86' title="bbox 272 4329 1893 4406; baseline 0.004 -21"><span class='ocrx_word' id='word_1_604' title='bbox 272 4336 369 4385; x_wconf 80' lang='grc' dir='ltr'>κοιὶ</span> <span class='ocrx_word' id='word_1_605' title='bbox 420 4329 590 4383; x_wconf 85' lang='grc' dir='ltr'>λαϐὼν</span> <span class='ocrx_word' id='word_1_606' title='bbox 637 4333 697 4383; x_wconf 87' lang='grc' dir='ltr'><strong>τό</strong></span> <span class='ocrx_word' id='word_1_607' title='bbox 746 4329 951 4403; x_wconf 83' lang='grc' dir='ltr'>βιϐλίον</span> <span class='ocrx_word' id='word_1_608' title='bbox 994 4339 1086 4392; x_wconf 83' lang='grc' dir='ltr'>τῆς</span> <span class='ocrx_word' id='word_1_609' title='bbox 1146 4334 1428 4399; x_wconf 84' lang='grc' dir='ltr'>Διαθήκης,</span> <span class='ocrx_word' id='word_1_610' title='bbox 1474 4334 1664 4406; x_wconf 81' lang='grc' dir='ltr'>ἀνέγνω</span> <span class='ocrx_word' id='word_1_611' title='bbox 1708 4337 1779 4399; x_wconf 82' lang='grc' dir='ltr'>εἰς</span> <span class='ocrx_word' id='word_1_612' title='bbox 1825 4340 1893 4391; x_wconf 86' lang='grc' dir='ltr'><strong>τά</strong></span> 
     </span>
    </p>
   </div>
   <div class='ocr_carea' id='block_1_87' title="bbox 2011 4327 3673 4409">
    <p class='ocr_par' dir='ltr' id='par_1_87' title="bbox 2011 4336 3673 4409">
     <span class='ocr_line' id='line_1_87' title="bbox 2011 4336 3673 4409; baseline -0.005 -11"><span class='ocrx_word' id='word_1_613' title='bbox 2011 4342 2257 4399; x_wconf 90' lang='lat' dir='ltr'><strong>midium</strong></span> <span class='ocrx_word' id='word_1_614' title='bbox 2278 4338 2634 4409; x_wconf 87' lang='lat' dir='ltr'><strong>sanguinem</strong></span> <span class='ocrx_word' id='word_1_615' title='bbox 2673 4336 2879 4394; x_wconf 74' lang='lat' dir='ltr'><strong>effudit</strong></span> <span class='ocrx_word' id='word_1_616' title='bbox 2913 4338 2973 4393; x_wconf 86' lang='lat' dir='ltr'><strong>in</strong></span> <span class='ocrx_word' id='word_1_617' title='bbox 3004 4340 3316 4401; x_wconf 86' lang='lat' dir='ltr'><strong>craterem,</strong></span> <span class='ocrx_word' id='word_1_618' title='bbox 3341 4339 3673 4406; x_wconf 85' lang='lat' dir='ltr'><strong>sumptum-</strong></span> 
     </span>
    </p>
   </div>
   <div class='ocr_carea' id='block_1_88' title="bbox 278 4416 1891 4484">
    <p class='ocr_par' dir='ltr' id='par_1_88' title="bbox 278 4416 1891 4484">
     <span class='ocr_line' id='line_1_88' title="bbox 278 4416 1891 4484; baseline 0.004 -12"><span class='ocrx_word' id='word_1_619' title='bbox 278 4428 394 4472; x_wconf 83' lang='grc' dir='ltr'>ὦτα</span> <span class='ocrx_word' id='word_1_620' title='bbox 441 4426 534 4471; x_wconf 92' lang='grc' dir='ltr'><strong>τοῦ</strong></span> <span class='ocrx_word' id='word_1_621' title='bbox 573 4417 720 4471; x_wconf 89' lang='grc' dir='ltr'>λαοῦ·</span> <span class='ocrx_word' id='word_1_622' title='bbox 774 4424 863 4474; x_wconf 79' lang='grc' dir='ltr'>καὶ</span> <span class='ocrx_word' id='word_1_623' title='bbox 917 4416 1090 4473; x_wconf 84' lang='grc' dir='ltr'>εἶπαν·</span> <span class='ocrx_word' id='word_1_624' title='bbox 1145 4422 1321 4475; x_wconf 85' lang='grc' dir='ltr'>Πάντὰ</span> <span class='ocrx_word' id='word_1_625' title='bbox 1376 4424 1477 4475; x_wconf 87' lang='grc' dir='ltr'>ὅσα</span> <span class='ocrx_word' id='word_1_626' title='bbox 1528 4422 1746 4484; x_wconf 78' lang='grc' dir='ltr'>έλάλησε</span> <span class='ocrx_word' id='word_1_627' title='bbox 1790 4429 1891 4480; x_wconf 81' lang='grc' dir='ltr'><strong>Κύ-</strong></span> 
     </span>
    </p>
   </div>
   <div class='ocr_carea' id='block_1_89' title="bbox 283 4508 1890 4583">
    <p class='ocr_par' dir='ltr' id='par_1_89' title="bbox 283 4508 1890 4583">
     <span class='ocr_line' id='line_1_89' title="bbox 283 4508 1890 4583; baseline 0.006 -24"><span class='ocrx_word' id='word_1_628' title='bbox 283 4527 398 4583; x_wconf 84' lang='grc' dir='ltr'>ριος</span> <span class='ocrx_word' id='word_1_629' title='bbox 445 4511 734 4580; x_wconf 83' lang='grc' dir='ltr'>ποιήσομεν</span> <span class='ocrx_word' id='word_1_630' title='bbox 776 4514 864 4562; x_wconf 84' lang='grc' dir='ltr'>καὶ</span> <span class='ocrx_word' id='word_1_631' title='bbox 916 4508 1267 4583; x_wconf 86' lang='grc' dir='ltr'>ἀκουσόμεθα.</span> <span class='ocrx_word' id='word_1_632' title='bbox 1317 4510 1505 4565; x_wconf 87' lang='grc' dir='ltr'>Λαϐὼν</span> <span class='ocrx_word' id='word_1_633' title='bbox 1553 4509 1613 4567; x_wconf 70' lang='grc' dir='ltr'>δε</span> <span class='ocrx_word' id='word_1_634' title='bbox 1660 4521 1890 4577; x_wconf 85' lang='grc' dir='ltr'>Μωῦσῆς</span> 
     </span>
    </p>
   </div>
   <div class='ocr_carea' id='block_1_90' title="bbox 286 4595 1889 4670">
    <p class='ocr_par' dir='ltr' id='par_1_90' title="bbox 286 4595 1889 4670">
     <span class='ocr_line' id='line_1_90' title="bbox 286 4595 1889 4670; baseline 0.006 -22"><span class='ocrx_word' id='word_1_635' title='bbox 286 4600 348 4649; x_wconf 88' lang='grc' dir='ltr'>τὸ</span> <span class='ocrx_word' id='word_1_636' title='bbox 402 4597 556 4669; x_wconf 85' lang='grc' dir='ltr'>αἷμα,</span> <span class='ocrx_word' id='word_1_637' title='bbox 610 4595 959 4653; x_wconf 79' lang='grc' dir='ltr'>κατεσκέδασε</span> <span class='ocrx_word' id='word_1_638' title='bbox 1021 4606 1116 4653; x_wconf 90' lang='grc' dir='ltr'><strong>τοῦ</strong></span> <span class='ocrx_word' id='word_1_639' title='bbox 1161 4599 1309 4670; x_wconf 91' lang='grc' dir='ltr'>λαοῦ,</span> <span class='ocrx_word' id='word_1_640' title='bbox 1368 4606 1458 4656; x_wconf 80' lang='grc' dir='ltr'>καὶ</span> <span class='ocrx_word' id='word_1_641' title='bbox 1530 4600 1683 4657; x_wconf 81' lang='grc' dir='ltr'>εἶπεν·</span> <span class='ocrx_word' id='word_1_642' title='bbox 1747 4601 1889 4659; x_wconf 78' lang='grc' dir='ltr'><strong>Γδοὺ</strong></span> 
     </span>
    </p>
   </div>
   <div class='ocr_carea' id='block_1_91' title="bbox 286 4684 1927 4768">
    <p class='ocr_par' dir='ltr' id='par_1_91' title="bbox 286 4684 1927 4768">
     <span class='ocr_line' id='line_1_91' title="bbox 286 4684 1927 4768; baseline 0.007 -30"><span class='ocrx_word' id='word_1_643' title='bbox 286 4689 348 4739; x_wconf 90' lang='grc' dir='ltr'>τὸ</span> <span class='ocrx_word' id='word_1_644' title='bbox 395 4684 526 4759; x_wconf 86' lang='grc' dir='ltr'>αἷμα</span> <span class='ocrx_word' id='word_1_645' title='bbox 571 4693 664 4750; x_wconf 84' lang='grc' dir='ltr'>τῆς</span> <span class='ocrx_word' id='word_1_646' title='bbox 694 4685 973 4761; x_wconf 79' lang='grc' dir='ltr'>διαθήκης,</span> <span class='ocrx_word' id='word_1_647' title='bbox 1008 4691 1067 4751; x_wconf 83' lang='grc' dir='ltr'>ἧς</span> <span class='ocrx_word' id='word_1_648' title='bbox 1106 4687 1306 4745; x_wconf 83' lang='grc' dir='ltr'>διέθετο</span> <span class='ocrx_word' id='word_1_649' title='bbox 1352 4693 1540 4766; x_wconf 80' lang='grc' dir='ltr'>Κύριος</span> <span class='ocrx_word' id='word_1_650' title='bbox 1588 4697 1720 4768; x_wconf 88' lang='grc' dir='ltr'>πρὸς</span> <span class='ocrx_word' id='word_1_651' title='bbox 1758 4697 1890 4768; x_wconf 83' lang='grc' dir='ltr'>ὑμᾶς</span> <span class='ocrx_word' id='word_1_652' title='bbox 1924 4748 1927 4749; x_wconf 65' lang='lat'>,</span> 
     </span>
    </p>
   </div>
   <div class='ocr_carea' id='block_1_92' title="bbox 282 4777 1888 4852">
    <p class='ocr_par' dir='ltr' id='par_1_92' title="bbox 282 4777 1888 4852">
     <span class='ocr_line' id='line_1_92' title="bbox 282 4777 1888 4852; baseline 0.007 -23"><span class='ocrx_word' id='word_1_653' title='bbox 282 4779 402 4851; x_wconf 87' lang='grc' dir='ltr'>περὶ</span> <span class='ocrx_word' id='word_1_654' title='bbox 458 4777 661 4829; x_wconf 88' lang='grc' dir='ltr'>πάντων</span> <span class='ocrx_word' id='word_1_655' title='bbox 731 4786 829 4833; x_wconf 86' lang='grc' dir='ltr'>τῶν</span> <span class='ocrx_word' id='word_1_656' title='bbox 903 4779 1063 4852; x_wconf 88' lang='grc' dir='ltr'>λόγων</span> <span class='ocrx_word' id='word_1_657' title='bbox 1111 4782 1331 4839; x_wconf 85' lang='grc' dir='ltr'>τούτων.</span> <span class='ocrx_word' id='word_1_658' title='bbox 1401 4781 1498 4837; x_wconf 87' lang='grc' dir='ltr'>Ἦν</span> <span class='ocrx_word' id='word_1_659' title='bbox 1567 4780 1654 4838; x_wconf 76' lang='grc' dir='ltr'>οὖν</span> <span class='ocrx_word' id='word_1_660' title='bbox 1729 4784 1888 4840; x_wconf 78' lang='grc' dir='ltr'>έκεῖνο</span> 
     </span>
    </p>
   </div>
   <div class='ocr_carea' id='block_1_93' title="bbox 350 4884 1442 4960">
    <p class='ocr_par' dir='ltr' id='par_1_93' title="bbox 350 4884 1442 4960">
     <span class='ocr_line' id='line_1_93' title="bbox 350 4884 1442 4960; baseline 0.007 -21"><span class='ocrx_word' id='word_1_661' title='bbox 350 4886 397 4923; x_wconf 82' lang='grc'><strong>²¹</strong></span> <span class='ocrx_word' id='word_1_662' title='bbox 426 4884 542 4942; x_wconf 85' lang='lat' dir='ltr'><strong>Isa.</strong></span> <span class='ocrx_word' id='word_1_663' title='bbox 576 4900 655 4952; x_wconf 78' lang='lat' dir='ltr'><strong>vi,</strong></span> <span class='ocrx_word' id='word_1_664' title='bbox 680 4885 734 4942; x_wconf 90' lang='lat'><strong>6.</strong></span> <span class='ocrx_word' id='word_1_665' title='bbox 814 4889 862 4924; x_wconf 75' lang='grc'><strong><em>³²</em></strong></span> <span class='ocrx_word' id='word_1_666' title='bbox 901 4887 1089 4946; x_wconf 77' lang='lat' dir='ltr'><strong>Exod.</strong></span> <span class='ocrx_word' id='word_1_667' title='bbox 1121 4903 1279 4956; x_wconf 77' lang='lat' dir='ltr'><strong>xxiv,</strong></span> <span class='ocrx_word' id='word_1_668' title='bbox 1308 4892 1442 4960; x_wconf 64' lang='lat'><strong>6,7.</strong></span> 
     </span>
    </p>
   </div>
   <div class='ocr_carea' id='block_1_94' title="bbox 2001 4422 3668 4504">
    <p class='ocr_par' dir='ltr' id='par_1_94' title="bbox 2001 4422 3668 4504">
     <span class='ocr_line' id='line_1_94' title="bbox 2001 4422 3668 4504; baseline -0.005 -17"><span class='ocrx_word' id='word_1_669' title='bbox 2001 4446 2119 4504; x_wconf 86' lang='lat' dir='ltr'><strong>que</strong></span> <span class='ocrx_word' id='word_1_670' title='bbox 2164 4427 2517 4486; x_wconf 83' lang='lat' dir='ltr'><strong>Testamenti</strong></span> <span class='ocrx_word' id='word_1_671' title='bbox 2578 4427 2800 4482; x_wconf 88' lang='lat' dir='ltr'><strong>librum</strong></span> <span class='ocrx_word' id='word_1_672' title='bbox 2852 4425 2993 4498; x_wconf 90' lang='lat' dir='ltr'><strong>legit</strong></span> <span class='ocrx_word' id='word_1_673' title='bbox 3017 4424 3292 4481; x_wconf 90' lang='lat' dir='ltr'><strong>audiente</strong></span> <span class='ocrx_word' id='word_1_674' title='bbox 3322 4422 3570 4495; x_wconf 91' lang='lat' dir='ltr'><strong>populo,</strong></span> <span class='ocrx_word' id='word_1_675' title='bbox 3614 4428 3668 4479; x_wconf 90' lang='lat' dir='ltr'><strong>et</strong></span> 
     </span>
    </p>
   </div>
   <div class='ocr_carea' id='block_1_95' title="bbox 2000 4508 3668 4589">
    <p class='ocr_par' dir='ltr' id='par_1_95' title="bbox 2000 4508 3668 4589">
     <span class='ocr_line' id='line_1_95' title="bbox 2000 4508 3668 4589; baseline -0.005 -12"><span class='ocrx_word' id='word_1_676' title='bbox 2000 4520 2320 4576; x_wconf 86' lang='lat' dir='ltr'><strong>dixerunt:</strong></span> <span class='ocrx_word' id='word_1_677' title='bbox 2356 4516 2567 4573; x_wconf 86' lang='lat' dir='ltr'><strong>Omnia</strong></span> <span class='ocrx_word' id='word_1_678' title='bbox 2587 4530 2956 4589; x_wconf 76' lang='lat' dir='ltr'><strong>qurecunque</strong></span> <span class='ocrx_word' id='word_1_679' title='bbox 3001 4516 3230 4571; x_wconf 80' lang='lat' dir='ltr'><strong>locutus</strong></span> <span class='ocrx_word' id='word_1_680' title='bbox 3260 4518 3344 4570; x_wconf 85' lang='lat' dir='ltr'><strong>est</strong></span> <span class='ocrx_word' id='word_1_681' title='bbox 3383 4508 3668 4569; x_wconf 77' lang='lat' dir='ltr'><strong>Dominus</strong></span> 
     </span>
    </p>
   </div>
   <div class='ocr_carea' id='block_1_96' title="bbox 1995 4604 3665 4681">
    <p class='ocr_par' dir='ltr' id='par_1_96' title="bbox 1995 4604 3665 4681">
     <span class='ocr_line' id='line_1_96' title="bbox 1995 4604 3665 4681; baseline -0.007 -13"><span class='ocrx_word' id='word_1_682' title='bbox 1995 4609 2308 4681; x_wconf 77' lang='lat' dir='ltr'><strong>faciemus,</strong></span> <span class='ocrx_word' id='word_1_683' title='bbox 2342 4613 2395 4664; x_wconf 89' lang='lat' dir='ltr'><strong>et</strong></span> <span class='ocrx_word' id='word_1_684' title='bbox 2440 4605 2765 4663; x_wconf 81' lang='lat' dir='ltr'><strong>obedientes</strong></span> <span class='ocrx_word' id='word_1_685' title='bbox 2796 4605 3012 4662; x_wconf 82' lang='lat' dir='ltr'><strong>erimus</strong></span> <span class='ocrx_word' id='word_1_686' title='bbox 3033 4606 3110 4661; x_wconf 84' lang='grc'><strong>²².</strong></span> <span class='ocrx_word' id='word_1_687' title='bbox 3169 4604 3421 4675; x_wconf 88' lang='lat' dir='ltr'><strong>Sumpto</strong></span> <span class='ocrx_word' id='word_1_688' title='bbox 3472 4606 3665 4659; x_wconf 90' lang='lat' dir='ltr'><strong>autem</strong></span> 
     </span>
    </p>
   </div>
   <div class='ocr_carea' id='block_1_97' title="bbox 1998 4692 3666 4769">
    <p class='ocr_par' dir='ltr' id='par_1_97' title="bbox 1998 4692 3666 4769">
     <span class='ocr_line' id='line_1_97' title="bbox 1998 4692 3666 4769; baseline -0.005 -12"><span class='ocrx_word' id='word_1_689' title='bbox 1998 4704 2188 4758; x_wconf 83' lang='lat' dir='ltr'><strong>Moses</strong></span> <span class='ocrx_word' id='word_1_690' title='bbox 2214 4696 2508 4769; x_wconf 88' lang='lat' dir='ltr'><strong>sanguine</strong></span> <span class='ocrx_word' id='word_1_691' title='bbox 2530 4693 2784 4768; x_wconf 87' lang='lat' dir='ltr'><strong>aspersit</strong></span> <span class='ocrx_word' id='word_1_692' title='bbox 2802 4695 3120 4768; x_wconf 90' lang='lat' dir='ltr'><strong>populum,</strong></span> <span class='ocrx_word' id='word_1_693' title='bbox 3149 4697 3205 4751; x_wconf 88' lang='lat' dir='ltr'><strong>et</strong></span> <span class='ocrx_word' id='word_1_694' title='bbox 3225 4694 3304 4749; x_wconf 87' lang='lat' dir='ltr'><strong>ait</strong></span> <span class='ocrx_word' id='word_1_695' title='bbox 3332 4708 3345 4749; x_wconf 93' lang='lat'>:</span> <span class='ocrx_word' id='word_1_696' title='bbox 3369 4692 3666 4751; x_wconf 77' lang='lat' dir='ltr'><strong>Eccesan-</strong></span> 
     </span>
    </p>
   </div>
   <div class='ocr_carea' id='block_1_98' title="bbox 1997 4784 3665 4862">
    <p class='ocr_par' dir='ltr' id='par_1_98' title="bbox 1997 4784 3665 4862">
     <span class='ocr_line' id='line_1_98' title="bbox 1997 4784 3665 4862; baseline -0.005 -15"><span class='ocrx_word' id='word_1_697' title='bbox 1997 4791 2237 4862; x_wconf 79' lang='lat' dir='ltr'><strong>guinem</strong></span> <span class='ocrx_word' id='word_1_698' title='bbox 2266 4787 2597 4847; x_wconf 80' lang='lat' dir='ltr'><strong>testamenti</strong></span> <span class='ocrx_word' id='word_1_699' title='bbox 2624 4785 2781 4859; x_wconf 80' lang='lat' dir='ltr'><strong>quod</strong></span> <span class='ocrx_word' id='word_1_700' title='bbox 2806 4785 3036 4857; x_wconf 79' lang='lat' dir='ltr'><strong>pepigit</strong></span> <span class='ocrx_word' id='word_1_701' title='bbox 3058 4785 3350 4842; x_wconf 78' lang='lat' dir='ltr'><strong>vobiscum</strong></span> <span class='ocrx_word' id='word_1_702' title='bbox 3372 4784 3665 4841; x_wconf 77' lang='lat' dir='ltr'><strong>Dominus</strong></span> 
     </span>
    </p>
   </div>
   <div class='ocr_carea' id='block_1_99' title="bbox 1514 4999 2419 5074">
    <p class='ocr_par' dir='ltr' id='par_1_99' title="bbox 1514 4999 2419 5074">
     <span class='ocr_line' id='line_1_99' title="bbox 1514 4999 2419 5074; baseline 0.003 -6"><span class='ocrx_word' id='word_1_703' title='bbox 1514 4999 1739 5071; x_wconf 74' lang='lat' dir='ltr'><strong>Variae</strong></span> <span class='ocrx_word' id='word_1_704' title='bbox 1759 5003 2090 5074; x_wconf 90' lang='lat' dir='ltr'><strong>lectiones</strong></span> <span class='ocrx_word' id='word_1_705' title='bbox 2123 5013 2187 5072; x_wconf 88' lang='lat' dir='ltr'><strong>et</strong></span> <span class='ocrx_word' id='word_1_706' title='bbox 2213 5012 2419 5073; x_wconf 78' lang='lat' dir='ltr'><strong>notae.</strong></span> 
     </span>
    </p>
   </div>
   <div class='ocr_carea' id='block_1_100' title="bbox 374 5120 1101 5259">
    <p class='ocr_par' dir='ltr' id='par_1_100' title="bbox 374 5120 1101 5259">
     <span class='ocr_line' id='line_1_100' title="bbox 374 5120 1101 5259; baseline 0.003 -83"><span class='ocrx_word' id='word_1_707' title='bbox 374 5121 465 5259; x_wconf 78' lang='grc'>14)</span> <span class='ocrx_word' id='word_1_708' title='bbox 504 5120 828 5195; x_wconf 78' lang='grc' dir='ltr'>Προσίθηκε,</span> <span class='ocrx_word' id='word_1_709' title='bbox 857 5120 1000 5177; x_wconf 92' lang='lat' dir='ltr'><strong>Cod.</strong></span> <span class='ocrx_word' id='word_1_710' title='bbox 1029 5129 1101 5177; x_wconf 77' lang='grc' dir='ltr'>Α.</span> 
     </span>
     <span class='ocr_line' id='line_1_101' title="bbox 374 5190 1007 5259; baseline 0.005 -12"><span class='ocrx_word' id='word_1_711' title='bbox 374 5193 438 5247; x_wconf 82' lang='grc'><strong>15</strong></span> <span class='ocrx_word' id='word_1_712' title='bbox 495 5194 729 5259; x_wconf 81' lang='grc' dir='ltr'>Πάντων,</span> <span class='ocrx_word' id='word_1_713' title='bbox 758 5190 903 5248; x_wconf 89' lang='lat' dir='ltr'><strong>Cod.</strong></span> <span class='ocrx_word' id='word_1_714' title='bbox 935 5194 1007 5250; x_wconf 78' lang='grc' dir='ltr'>Α.</span> 
     </span>
    </p>
   </div>
   <div class='ocr_carea' id='block_1_101' title="bbox 372 5190 1007 5259">
    <p class='ocr_par' dir='ltr' id='par_1_101' title="bbox 372 5190 1007 5259">
     <span class='ocr_line' id='line_1_102' title="bbox 372 5190 1007 5259; baseline 0.005 -12"><span class='ocrx_word' id='word_1_715' title='bbox 372 5190 462 5259; x_wconf 79' lang='grc'>15)</span> <span class='ocrx_word' id='word_1_716' title='bbox 495 5190 729 5259; x_wconf 80' lang='grc' dir='ltr'>Πάντων,</span> <span class='ocrx_word' id='word_1_717' title='bbox 758 5190 903 5248; x_wconf 89' lang='lat' dir='ltr'><strong>Cod.</strong></span> <span class='ocrx_word' id='word_1_718' title='bbox 935 5194 1007 5250; x_wconf 78' lang='grc' dir='ltr'>Α.</span> 
     </span>
    </p>
   </div>
   <div class='ocr_carea' id='block_1_102' title="bbox 370 5262 1573 5350">
    <p class='ocr_par' dir='ltr' id='par_1_102' title="bbox 370 5262 1573 5350">
     <span class='ocr_line' id='line_1_103' title="bbox 370 5262 1573 5350; baseline 0.004 -32"><span class='ocrx_word' id='word_1_719' title='bbox 370 5264 462 5350; x_wconf 52' lang='grc' dir='ltr'><strong>ξς)</strong></span> <span class='ocrx_word' id='word_1_720' title='bbox 500 5263 742 5350; x_wconf 65' lang='lat' dir='ltr'><strong>inclusa</strong></span> <span class='ocrx_word' id='word_1_721' title='bbox 861 5262 1133 5350; x_wconf 72' lang='lat' dir='ltr'><strong>margine</strong></span> <span class='ocrx_word' id='word_1_722' title='bbox 1155 5263 1383 5323; x_wconf 87' lang='lat' dir='ltr'><strong>habent</strong></span> <span class='ocrx_word' id='word_1_723' title='bbox 1405 5266 1472 5334; x_wconf 86' lang='lat' dir='ltr'><strong>A,</strong></span> <span class='ocrx_word' id='word_1_724' title='bbox 1506 5266 1573 5323; x_wconf 89' lang='grc' dir='ltr'><strong>Β.</strong></span> 
     </span>
    </p>
   </div>
   <div class='ocr_carea' id='block_1_103' title="bbox 376 5334 1611 5489">
    <p class='ocr_par' dir='ltr' id='par_1_103' title="bbox 376 5334 1611 5489">
     <span class='ocr_line' id='line_1_104' title="bbox 378 5334 1215 5407; baseline 0.004 -18"><span class='ocrx_word' id='word_1_725' title='bbox 378 5334 448 5389; x_wconf 79' lang='lat' dir='ltr'><strong>i7</strong></span> <span class='ocrx_word' id='word_1_726' title='bbox 502 5336 777 5407; x_wconf 84' lang='grc' dir='ltr'>Γενόμεθα,</span> <span class='ocrx_word' id='word_1_727' title='bbox 802 5334 927 5391; x_wconf 89' lang='lat' dir='ltr'><strong>Cod</strong></span> <span class='ocrx_word' id='word_1_728' title='bbox 953 5334 1044 5391; x_wconf 60' lang='grc' dir='ltr'>Α..</span> <span class='ocrx_word' id='word_1_729' title='bbox 1212 5380 1215 5383; x_wconf 91' lang='grc'><strong>-</strong></span> 
     </span>
     <span class='ocr_line' id='line_1_105' title="bbox 376 5342 1611 5489; baseline 0.006 -32"><span class='ocrx_word' id='word_1_730' title='bbox 502 5411 687 5489; x_wconf 51' lang='grc' dir='ltr'>Τοῦτο,</span> <span class='ocrx_word' id='word_1_731' title='bbox 723 5409 854 5477; x_wconf 87' lang='lat' dir='ltr'><strong>post</strong></span> <span class='ocrx_word' id='word_1_732' title='bbox 874 5411 1146 5489; x_wconf 50' lang='grc' dir='ltr'>ᾉεσπότον</span> <span class='ocrx_word' id='word_1_733' title='bbox 1175 5407 1343 5489; x_wconf 78' lang='lat' dir='ltr'><strong>abest</strong></span> <span class='ocrx_word' id='word_1_734' title='bbox 1374 5407 1511 5465; x_wconf 90' lang='lat' dir='ltr'><strong>Cod.</strong></span> <span class='ocrx_word' id='word_1_735' title='bbox 1543 5412 1611 5467; x_wconf 78' lang='grc' dir='ltr'>Α.</span> 
     </span>
    </p>
   </div>
   <div class='ocr_carea' id='block_1_104' title="bbox 374 5477 1253 5541">
    <p class='ocr_par' dir='ltr' id='par_1_104' title="bbox 374 5477 1253 5541">
     <span class='ocr_line' id='line_1_106' title="bbox 374 5477 1253 5541; baseline 0.005 -10"><span class='ocrx_word' id='word_1_736' title='bbox 374 5478 462 5541; x_wconf 86' lang='grc'>19)</span> <span class='ocrx_word' id='word_1_737' title='bbox 500 5477 738 5533; x_wconf 87' lang='lat' dir='ltr'><strong>Inclusa</strong></span> <span class='ocrx_word' id='word_1_738' title='bbox 766 5477 981 5535; x_wconf 89' lang='lat' dir='ltr'><strong>omittit</strong></span> <span class='ocrx_word' id='word_1_739' title='bbox 1011 5479 1156 5535; x_wconf 91' lang='lat' dir='ltr'><strong>Cod.</strong></span> <span class='ocrx_word' id='word_1_740' title='bbox 1185 5481 1253 5535; x_wconf 90' lang='lat' dir='ltr'><strong>A.</strong></span> 
     </span>
    </p>
   </div>
   <div class='ocr_carea' id='block_1_105' title="bbox 370 5547 1876 5636">
    <p class='ocr_par' dir='ltr' id='par_1_105' title="bbox 370 5547 1876 5636">
     <span class='ocr_line' id='line_1_107' title="bbox 370 5547 1876 5636; baseline 0.005 -34"><span class='ocrx_word' id='word_1_741' title='bbox 482 5635 485 5636; x_wconf 11' lang='grc' dir='ltr'><em>ν</em></span> <span class='ocrx_word' id='word_1_742' title='bbox 500 5547 676 5636; x_wconf 83' lang='lat' dir='ltr'><strong>Aliud</strong></span> <span class='ocrx_word' id='word_1_743' title='bbox 691 5548 988 5636; x_wconf 57' lang='lat' dir='ltr'><strong>spholium</strong></span> <span class='ocrx_word' id='word_1_744' title='bbox 1014 5550 1282 5636; x_wconf 42' lang='lat' dir='ltr'><strong>i‘ncipit‘a</strong></span> <span class='ocrx_word' id='word_1_745' title='bbox 1302 5551 1594 5636; x_wconf 77' lang='lat' dir='ltr'><strong>vocabulo</strong></span> <span class='ocrx_word' id='word_1_746' title='bbox 1620 5553 1876 5636; x_wconf 62' lang='grc' dir='ltr'>ἄνθρακα,</span> 
     </span>
    </p>
   </div>
   <div class='ocr_carea' id='block_1_106' title="bbox 267 5619 1879 5698">
    <p class='ocr_par' dir='ltr' id='par_1_106' title="bbox 267 5619 1879 5698">
     <span class='ocr_line' id='line_1_108' title="bbox 267 5619 1879 5698; baseline 0.006 -24"><span class='ocrx_word' id='word_1_747' title='bbox 267 5619 575 5676; x_wconf 89' lang='lat' dir='ltr'><strong>diversum</strong></span> <span class='ocrx_word' id='word_1_748' title='bbox 589 5636 624 5676; x_wconf 88' lang='lat' dir='ltr'><strong>a</strong></span> <span class='ocrx_word' id='word_1_749' title='bbox 644 5619 827 5692; x_wconf 89' lang='lat' dir='ltr'><strong>priori</strong></span> <span class='ocrx_word' id='word_1_750' title='bbox 848 5621 903 5677; x_wconf 88' lang='lat' dir='ltr'><strong>in</strong></span> <span class='ocrx_word' id='word_1_751' title='bbox 922 5620 1065 5679; x_wconf 89' lang='lat' dir='ltr'><strong>Cod.</strong></span> <span class='ocrx_word' id='word_1_752' title='bbox 1086 5619 1153 5678; x_wconf 73' lang='lat' dir='ltr'><strong>AI</strong></span> <span class='ocrx_word' id='word_1_753' title='bbox 1175 5622 1239 5679; x_wconf 87' lang='lat' dir='ltr'><strong>1d</strong></span> <span class='ocrx_word' id='word_1_754' title='bbox 1256 5627 1457 5680; x_wconf 90' lang='lat' dir='ltr'><strong>autem</strong></span> <span class='ocrx_word' id='word_1_755' title='bbox 1474 5619 1879 5698; x_wconf 78' lang='lat' dir='ltr'><strong>superioribus</strong></span> 
     </span>
    </p>
   </div>
   <div class='ocr_carea' id='block_1_107' title="bbox 346 5336 369 5620">
    <p class='ocr_par' dir='ltr' id='par_1_107' title="bbox 346 5336 369 5620">
     <span class='ocr_line' id='line_1_109' title="bbox 346 5336 369 5620; baseline 0 0"><span class='ocrx_word' id='word_1_756' title='bbox 346 5336 369 5620; x_wconf 64' lang='grc' dir='ltr'>ἓ</span> 
     </span>
    </p>
   </div>
   <div class='ocr_carea' id='block_1_108' title="bbox 1992 5131 3671 5285">
    <p class='ocr_par' dir='ltr' id='par_1_108' title="bbox 1992 5131 3671 5285">
     <span class='ocr_line' id='line_1_110' title="bbox 1992 5131 3671 5285; baseline -0.002 -29"><span class='ocrx_word' id='word_1_757' title='bbox 1992 5131 2450 5285; x_wconf 44' lang='grc' dir='ltr'>ἰῗῖᾗιξιῗιηὶιιεᾳ</span> <span class='ocrx_word' id='word_1_758' title='bbox 2478 5197 2693 5285; x_wconf 72' lang='lat' dir='ltr'><strong>omittit</strong></span> <span class='ocrx_word' id='word_1_759' title='bbox 2718 5196 2870 5285; x_wconf 45' lang='lat' dir='ltr'><strong>qod;</strong></span> <span class='ocrx_word' id='word_1_760' title='bbox 2884 5196 3435 5285; x_wconf 33' lang='lat' dir='ltr'><strong>VA.‘H~entenius‘ita</strong></span> <span class='ocrx_word' id='word_1_761' title='bbox 3474 5196 3671 5285; x_wconf 80' lang='lat' dir='ltr'><strong>reddi-</strong></span> 
     </span>
    </p>
   </div>
   <div class='ocr_carea' id='block_1_109' title="bbox 1997 5268 3669 5362">
    <p class='ocr_par' dir='ltr' id='par_1_109' title="bbox 1997 5268 3669 5362">
     <span class='ocr_line' id='line_1_111' title="bbox 1997 5268 3669 5362; baseline -0.004 -35"><span class='ocrx_word' id='word_1_762' title='bbox 1997 5268 2100 5362; x_wconf 57' lang='lat' dir='ltr'><strong>dit,</strong></span> <span class='ocrx_word' id='word_1_763' title='bbox 2134 5268 2205 5329; x_wconf 66' lang='lat' dir='ltr'><strong>ac</strong></span> <span class='ocrx_word' id='word_1_764' title='bbox 2226 5272 2279 5362; x_wconf 52' lang='lat' dir='ltr'><strong>si</strong></span> <span class='ocrx_word' id='word_1_765' title='bbox 2294 5275 2433 5362; x_wconf 75' lang='lat' dir='ltr'><strong>post</strong></span> <span class='ocrx_word' id='word_1_766' title='bbox 2462 5274 2553 5353; x_wconf 80' lang='grc' dir='ltr'><strong>μέν</strong></span> <span class='ocrx_word' id='word_1_767' title='bbox 2577 5270 2806 5362; x_wconf 74' lang='lat' dir='ltr'><strong>legerit,</strong></span> <span class='ocrx_word' id='word_1_768' title='bbox 2833 5268 2937 5362; x_wconf 59' lang='lat'><strong>9‘61:</strong></span> <span class='ocrx_word' id='word_1_769' title='bbox 2968 5270 2994 5321; x_wconf 88' lang='lat'><strong>6</strong></span> <span class='ocrx_word' id='word_1_770' title='bbox 3023 5268 3220 5362; x_wconf 61' lang='grc' dir='ltr'>οἶνθραξ</span> <span class='ocrx_word' id='word_1_771' title='bbox 3247 5277 3340 5323; x_wconf 89' lang='grc' dir='ltr'><strong>τοῦ</strong></span> <span class='ocrx_word' id='word_1_772' title='bbox 3368 5273 3669 5362; x_wconf 46' lang='grc' dir='ltr'>μιέστηρίου</span> 
     </span>
    </p>
   </div>
   <div class='ocr_carea' id='block_1_110' title="bbox 1994 5340 3666 5400">
    <p class='ocr_par' dir='ltr' id='par_1_110' title="bbox 1994 5340 3666 5400">
     <span class='ocr_line' id='line_1_112' title="bbox 1994 5340 3666 5400; baseline -0.001 -4"><span class='ocrx_word' id='word_1_773' title='bbox 1994 5340 2206 5399; x_wconf 84' lang='grc' dir='ltr'>τούτου.</span> <span class='ocrx_word' id='word_1_774' title='bbox 2241 5340 2404 5400; x_wconf 81' lang='lat' dir='ltr'><strong>Certe</strong></span> <span class='ocrx_word' id='word_1_775' title='bbox 2430 5340 2560 5399; x_wconf 88' lang='lat' dir='ltr'><strong>sine</strong></span> <span class='ocrx_word' id='word_1_776' title='bbox 2589 5341 2714 5398; x_wconf 90' lang='lat' dir='ltr'><strong>istis</strong></span> <span class='ocrx_word' id='word_1_777' title='bbox 2758 5340 2919 5398; x_wconf 89' lang='lat' dir='ltr'><strong>nulla</strong></span> <span class='ocrx_word' id='word_1_778' title='bbox 2956 5346 3045 5398; x_wconf 91' lang='lat' dir='ltr'><strong>est</strong></span> <span class='ocrx_word' id='word_1_779' title='bbox 3097 5340 3571 5399; x_wconf 46' lang='lat' dir='ltr'><strong>accomm‘odatio</strong></span> <span class='ocrx_word' id='word_1_780' title='bbox 3594 5340 3666 5397; x_wconf 89' lang='lat' dir='ltr'><strong>ad</strong></span> 
     </span>
    </p>
   </div>
   <div class='ocr_carea' id='block_1_111' title="bbox 1994 5414 3480 5631">
    <p class='ocr_par' dir='ltr' id='par_1_111' title="bbox 1994 5414 3480 5631">
     <span class='ocr_line' id='line_1_113' title="bbox 1994 5414 2412 5471; baseline -0.005 0"><span class='ocrx_word' id='word_1_781' title='bbox 1994 5414 2160 5471; x_wconf 89' lang='lat' dir='ltr'><strong>hunc</strong></span> <span class='ocrx_word' id='word_1_782' title='bbox 2190 5415 2412 5471; x_wconf 92' lang='lat' dir='ltr'><strong>locum.</strong></span> 
     </span>
     <span class='ocr_line' id='line_1_114' title="bbox 2068 5482 3480 5556; baseline -0.001 -14"><span class='ocrx_word' id='word_1_783' title='bbox 2068 5489 2161 5556; x_wconf 84' lang='lat'><strong>(22</strong></span> <span class='ocrx_word' id='word_1_784' title='bbox 2215 5485 2452 5542; x_wconf 92' lang='lat' dir='ltr'><strong>Inclusa</strong></span> <span class='ocrx_word' id='word_1_785' title='bbox 2472 5484 2530 5540; x_wconf 91' lang='lat' dir='ltr'><strong>in</strong></span> <span class='ocrx_word' id='word_1_786' title='bbox 2549 5483 2710 5540; x_wconf 91' lang='lat' dir='ltr'><strong>calce</strong></span> <span class='ocrx_word' id='word_1_787' title='bbox 2780 5500 2817 5541; x_wconf 87' lang='lat' dir='ltr'><strong>a</strong></span> <span class='ocrx_word' id='word_1_788' title='bbox 2864 5484 2973 5540; x_wconf 60' lang='lat' dir='ltr'><strong>inte</strong></span> <span class='ocrx_word' id='word_1_789' title='bbox 3000 5483 3182 5543; x_wconf 87' lang='lat' dir='ltr'><strong>habet</strong></span> <span class='ocrx_word' id='word_1_790' title='bbox 3220 5482 3368 5543; x_wconf 87' lang='lat' dir='ltr'><strong>Cod.</strong></span> <span class='ocrx_word' id='word_1_791' title='bbox 3410 5487 3480 5540; x_wconf 84' lang='lat' dir='ltr'><strong>A.</strong></span> 
     </span>
     <span class='ocr_line' id='line_1_115' title="bbox 2069 5487 2945 5631; baseline -0.007 -18"><span class='ocrx_word' id='word_1_792' title='bbox 2069 5487 2187 5631; x_wconf 71' lang='grc'>(25)</span> <span class='ocrx_word' id='word_1_793' title='bbox 2218 5556 2313 5621; x_wconf 84' lang='grc' dir='ltr'><strong>Εἰς</strong></span> <span class='ocrx_word' id='word_1_794' title='bbox 2336 5560 2424 5610; x_wconf 88' lang='grc' dir='ltr'>τὸν</span> <span class='ocrx_word' id='word_1_795' title='bbox 2443 5564 2701 5630; x_wconf 77' lang='grc' dir='ltr'>κρατῇρα,</span> <span class='ocrx_word' id='word_1_796' title='bbox 2727 5499 2860 5612; x_wconf 55' lang='grc' dir='ltr'><strong>(ἓοὲ</strong></span> <span class='ocrx_word' id='word_1_797' title='bbox 2880 5558 2945 5610; x_wconf 82' lang='grc' dir='ltr'>Α.</span> 
     </span>
    </p>
   </div>
   <div class='ocr_carea' id='block_1_112' title="bbox 2069 5556 2945 5630">
    <p class='ocr_par' dir='ltr' id='par_1_112' title="bbox 2069 5556 2945 5630">
     <span class='ocr_line' id='line_1_116' title="bbox 2069 5556 2945 5630; baseline -0.006 -18"><span class='ocrx_word' id='word_1_798' title='bbox 2069 5556 2187 5630; x_wconf 79' lang='grc'>(25)</span> <span class='ocrx_word' id='word_1_799' title='bbox 2218 5556 2313 5621; x_wconf 85' lang='grc' dir='ltr'><strong>Εἰς</strong></span> <span class='ocrx_word' id='word_1_800' title='bbox 2336 5560 2424 5610; x_wconf 89' lang='grc' dir='ltr'>τὸν</span> <span class='ocrx_word' id='word_1_801' title='bbox 2443 5564 2701 5630; x_wconf 76' lang='grc' dir='ltr'>κρατῇρα,</span> <span class='ocrx_word' id='word_1_802' title='bbox 2727 5556 2850 5612; x_wconf 91' lang='lat' dir='ltr'><strong>Cod</strong></span> <span class='ocrx_word' id='word_1_803' title='bbox 2880 5558 2945 5610; x_wconf 82' lang='grc' dir='ltr'>Α.</span> 
     </span>
    </p>
   </div>
   <div class='ocr_carea' id='block_1_113' title="bbox 349 5734 2202 5822">
    <p class='ocr_par' dir='ltr' id='par_1_113' title="bbox 349 5734 2202 5822">
     <span class='ocr_line' id='line_1_117' title="bbox 349 5734 2202 5822; baseline 0.006 -32"><span class='ocrx_word' id='word_1_804' title='bbox 349 5734 472 5808; x_wconf 88' lang='lat' dir='ltr'><strong>(bb)</strong></span> <span class='ocrx_word' id='word_1_805' title='bbox 504 5736 817 5806; x_wconf 82' lang='lat' dir='ltr'><strong>Apposuit.</strong></span> <span class='ocrx_word' id='word_1_806' title='bbox 852 5738 1023 5796; x_wconf 87' lang='lat' dir='ltr'><strong>Forte</strong></span> <span class='ocrx_word' id='word_1_807' title='bbox 1054 5738 1240 5796; x_wconf 85' lang='lat' dir='ltr'><strong>codex</strong></span> <span class='ocrx_word' id='word_1_808' title='bbox 1268 5740 1605 5814; x_wconf 86' lang='lat' dir='ltr'><strong>interpretis</strong></span> <span class='ocrx_word' id='word_1_809' title='bbox 1627 5742 1893 5804; x_wconf 83' lang='lat' dir='ltr'><strong>habebat</strong></span> <span class='ocrx_word' id='word_1_810' title='bbox 1918 5747 2202 5822; x_wconf 81' lang='grc' dir='ltr'>παρέθηκε.</span> 
     </span>
    </p>
   </div>
  </div>
