4198 6444
586 342 686 402 671
1906 337 2256 396 EUTHYMII
2294 334 2626 393 ZIGABENI

3848 335 3956 392 672

589 469 828 543 quidem
865 469 1189 538 discamus,
1230 469 1326 528 ille
1363 485 1507 528 vero
1552 467 1795 527 doceat:
1838 471 1896 525 et
1935 481 2058 523 una
2095 480 2236 522 cum

2350 465 2404 516 τό
2451 463 2649 535 μαθεῖν,
2711 460 2898 516 έκείνου
2949 459 3010 516 δί
3064 465 3124 516 τό
3181 458 3402 525 διδάξαι
3451 464 3542 514 καὶ
3588 460 3952 514 κοινῶσασθαι

587 561 672 616 eis
690 560 839 632 ipsis
859 559 990 631 ejus
1013 559 1327 633 discipulis
1346 558 1595 617 verbum
1618 556 2062 630 participemus,
2085 556 2237 611 sicut

587 651 666 706 ait
695 649 1005 721 Gregorius
1035 649 1388 720 Theologus.
1433 647 1839 705 Pulcherrima
1886 648 1995 718 (ee)
2027 651 2114 702 est
2161 645 2236 700 de

589 739 682 796 tali
711 738 938 795 Pascha
967 737 1371 813 philosophia.
1407 737 1523 796 Sed
1551 737 1625 793 de
1656 738 1749 793 his
1785 737 2091 793 hactenus.

659 938 824 992 Nunc
838 939 1038 993 autem
1066 936 1236 991 Lucae
1262 935 1444 991 verba
1467 935 1777 993 tractanda
1791 937 1928 991 sunt
1948 947 2018 989 ac
2041 931 2235 988 conci-

586 1023 810 1092 lianda,
834 1030 1126 1098 quatenus
1142 1023 1432 1096 possibile
1458 1022 1652 1079 fuerit.
1676 1025 1768 1079 Ait
1789 1023 1950 1080 enim
1967 1021 2062 1078 ille
2084 1019 2238 1077 Chri-

590 1119 749 1169 stum
774 1113 970 1185 primo
990 1113 1232 1186 quidem
1271 1111 1599 1185 sumpsisse
1628 1113 1911 1186 poculum
1939 1115 1994 1167 et
2021 1109 2239 1184 gratias

588 1202 782 1274 egisse
793 1217 863 1259 ac
875 1202 1120 1259 dixisse:
1144 1203 1405 1274 Accipite
1421 1202 1529 1259 hoc
1541 1210 1599 1259 et
1612 1201 2021 1258 dividitein’tcr
2040 1215 2136 1258 vos
2158 1199 2201 1235 εί
2222 1216 2236 1266 ;

588 1291 807 1348 deinde
837 1292 1164 1364 sumpsisse
1189 1307 1408 1365 panem
1431 1297 1486 1348 et
1512 1291 1734 1362 gratias
1767 1290 1957 1361 egisse
1987 1305 2058 1346 ac
2091 1289 2236 1345 divi-

591 1381 740 1437 sisse
771 1380 813 1417 ³¹
846 1400 860 1449 ;
895 1380 1161 1437 similiter
1179 1386 1368 1437 autem
1396 1385 1452 1437 et
1479 1380 1763 1454 poculum
1796 1378 1998 1451 ipsum
2028 1397 2042 1435 :
2079 1378 2238 1434 unde

588 1470 818 1526 videtur
845 1470 915 1526 de
937 1470 1173 1527 duobus
1192 1469 1356 1543 loqui
1377 1469 1627 1543 poculis.
1651 1473 1776 1527 Non
1805 1474 1894 1525 est
1915 1473 2116 1526 autem
2138 1470 2235 1534 ita,

589 1559 692 1615 sed
723 1557 985 1632 primum
1007 1558 1252 1631 quidem
1280 1559 1532 1631 sumpsit
1553 1557 1839 1632 poculum
1861 1563 1913 1614 et
1934 1557 2240 1614 benedixit

589 1661 660 1702 ac
698 1646 845 1703 dixit
873 1663 886 1702 :
926 1647 1192 1717 Accipite
1222 1647 1332 1703 hoc
1356 1653 1410 1703 et
1440 1647 1678 1703 dividite
1699 1647 1858 1703 inter
1884 1662 1996 1702 vos.
2019 1645 2238 1702 Deinde

589 1751 726 1792 cum
759 1735 1086 1792 addidisset
1114 1753 1128 1792 :
1161 1737 1545 1810 Nequaquam
1577 1737 1770 1793 bibam
1801 1736 1875 1794 de
1906 1736 2010 1792 hoc
2038 1739 2239 1802 fructu

587 1826 733 1884 vitis
767 1825 950 1882 donec
984 1840 1232 1896 regnum
1256 1827 1364 1882 Dei
1389 1826 1602 1896 veniat,
1645 1827 1850 1882 timore
1881 1825 2085 1882 mortis
2116 1842 2238 1881 suae

591 1915 851 1972 turbavit
887 1931 1009 1970 eos.
1061 1917 1131 1971 Ut
1169 1920 1368 1972 autem
1401 1915 1718 1972 verisimile
1756 1920 1865 1987 est,
1907 1915 2062 1972 facta
2101 1931 2240 1971 con-

592 2004 909 2060 certatione
924 2005 1013 2076 (m
1028 2021 1097 2060 ac
1119 2004 1486 2073 confusione,
1509 2005 1831 2078 repositum
1851 2010 1938 2062 est
1953 2005 2238 2079 poculum

593 2092 816 2149 Deinde
859 2092 1164 2166 aliquanto
1220 2099 1358 2165 post
1412 2100 1680 2167 tempore
1727 2094 1883 2150 facta
1922 2098 2063 2150 sunt
2109 2111 2240 2168 quae

592 2186 942 2256 sequuntur,
1015 2184 1134 2239 sive
1212 2184 1386 2256 panis
1477 2185 1599 2240 sive
1691 2183 1892 2256 poculi
1979 2184 2238 2240 traditio.

592 2273 739 2327 Cum
773 2271 934 2328 enim
965 2271 1177 2328 dixerit
1205 2271 1574 2343 evangelista
1603 2271 1678 2328 de
1724 2287 1898 2344 pane,
1941 2271 2106 2344 quod
2137 2272 2239 2327 ubi

591 2361 814 2433 gratias
841 2361 1058 2433 egisset
1087 2361 1257 2431 fregit
1295 2377 1364 2418 ac
1393 2362 1558 2419 dedit
1586 2361 1670 2417 eis
1698 2378 1710 2417 :
1744 2361 1961 2418 deinde
1997 2361 2241 2431 subjun-

590 2451 759 2507 xerit.
789 2450 1071 2507 Similiter
1095 2457 1151 2506 et
1164 2452 1444 2520 poculum
1467 2452 1661 2520 ipsum
1689 2453 1736 2488 ³²
1762 2470 1774 2507 :
1800 2449 2062 2506 ostendit
2080 2450 2240 2523 quod

591 2539 736 2596 illud
759 2539 956 2612 ipsum
975 2539 1082 2596 fuit
1101 2540 1380 2612 poculum
1403 2540 1560 2612 quod
1581 2541 1745 2613 prius
1762 2543 2089 2612 acceperat.
2115 2543 2241 2596 Non

591 2629 748 2686 enim
784 2629 1126 2702 simpliciter
1155 2629 1323 2696 dixit,
1355 2629 1635 2686 Similiter
1661 2633 1718 2686 et
1754 2630 2038 2702 poculum
2069 2648 2081 2686 :
2113 2629 2239 2695 sed,

592 2718 872 2775 Similiter
908 2726 961 2775 et
1007 2720 1280 2788 poculum
1308 2720 1525 2788 ipsum,
1557 2718 1762 2775 addito
1805 2718 2076 2776 videlicet
2101 2719 2239 2776 arti-

593 2806 748 2870 culo,
777 2812 834 2862 et
861 2822 988 2863 rem
1019 2809 1089 2862 de
1114 2823 1237 2880 qua
1261 2807 1416 2864 facta
1440 2812 1531 2863 est
1567 2807 1790 2864 mentio
1821 2807 2236 2878 signiﬁcando.

593 2895 884 2952 Praeterea
910 2897 1075 2970 quod
1120 2896 1499 2969 subjungitur
1526 2915 1540 2954 :
1570 2899 1696 2955 Hoc
1726 2899 1920 2969 ipsum
1958 2899 2240 2969 poculum

593 3000 805 3041 novum
840 2987 1272 3043 Testamentum
1297 2993 1381 3044 est
1406 2989 1471 3043 in
1499 3005 1621 3045 meo
1655 2990 1956 3059 sanguine,
1981 2988 2090 3044 etsi
2117 3004 2244 3045 sca-

2344 559 2448 614 τοῖς
2523 552 2705 605 ἑαυτοῦ
2779 553 3044 625 μαθηταῖς
3115 555 3202 606 τόν
3262 551 3434 624 λόγον,
3489 551 3558 611 ὡς
3613 551 3640 602 ό
3695 549 3950 622 Θεολόγος

2346 647 2476 715 φησὶ
2507 645 2812 716 Γρηγόριος,
2864 641 3120 695 κάλλιστα
3167 646 3286 717 περὶ
3335 647 3425 694 τοῦ
3474 641 3715 692 τοιούτου
3748 642 3952 712 Πάσχα

2346 731 2721 804 φιλοσοφήσας.
2779 729 2930 783 Ἀλλὰ
3003 734 3094 784 καὶ
3145 735 3264 805 περὶ
3341 732 3538 783 τούτων
3740 729 3811 792 εἰς
3869 749 3950 782 το-

2347 828 2530 874 σοῡτον
2539 862 2554 878 .

2414 931 2492 982 Τὰ
2544 925 2603 981 δε
2644 935 2734 981 τοῦ
2791 933 2970 981 Λουκᾶ
3022 928 3160 1002 ῥητὰ
3215 930 3643 1000 μεταχειριστέον
3692 932 3784 980 καὶ
3821 946 3952 1000 συμ-

2345 1017 2634 1083 ϐιϐαστέον,
2685 1021 2753 1080 ὡς
2810 1018 2916 1070 οἶόν
2967 1036 3038 1070 τε.
3087 1019 3236 1088 Λέγει
3285 1018 3387 1090 γὰρ
3443 1015 3632 1078 ἐκεῖνος
3685 1019 3773 1068 τόν
3825 1025 3954 1092 Χρι-

2348 1113 2469 1162 στόν
2527 1116 2728 1182 πρῶτον
2927 1105 3100 1159 λαϐεῖν
3151 1111 3419 1179 ποτήριον,
3479 1110 3571 1157 καὶ
3629 1105 3953 1180 εύχαριστῆο

2349 1217 2460 1265 σαι,
2531 1202 2620 1250 καὶ
2672 1197 2848 1250 εἰπεῖν.
2922 1195 3118 1250 Λάϐετε
3193 1202 3365 1262 τοῦτο,
3441 1199 3532 1247 καὶ
3608 1191 3953 1268 διαμερίσατε

2348 1288 2568 1350 έαυτοίς·
2639 1284 2750 1341 εἶτα
2798 1284 2969 1340 λαϐεῖν
3026 1288 3202 1360 ἄρτον,
3253 1290 3341 1338 καὶ
3402 1283 3821 1359 εύχαριστῇσαι,
3863 1290 3951 1338 καὶ

2349 1375 2632 1451 διανεῖμαι·
2693 1380 2936 1438 ὡσαύτως
2993 1372 3052 1429 δι
3105 1376 3218 1446 (31)
3265 1379 3355 1427 καὶ
3404 1377 3462 1427 τὸ
3511 1380 3783 1450 ποτήριον.
3850 1380 3951 1429 Καὶ

2349 1464 2497 1521 δοκεῖ
2539 1471 2651 1542 περὶ
2708 1467 2822 1538 (32)
2871 1463 2968 1518 δύο
3021 1469 3283 1538 ποτηρίων
3325 1463 3510 1536 λέγειν,
3564 1465 3675 1518 Ούκ
3731 1467 3843 1518 ἔστι
3893 1461 3951 1518 δὲ

2347 1564 2521 1622 τοῦτο,
2580 1554 2707 1608 ἀλλὰ
2757 1563 2958 1630 πρῶτον
3187 1553 3333 1608 ἱλαϐε
3383 1559 3660 1626 ποτήριον,
3719 1560 3808 1608 καὶ
3861 1555 3950 1614 ηύ-

2347 1651 2664 1721 χαρίστησε,
2719 1649 2809 1696 καὶ
2858 1641 2983 1697 εἶπε·
3039 1642 3234 1697 Λάϐετε
3280 1650 3453 1708 τοῦτο,
3510 1649 3598 1696 καὶ
3629 1640 3944 1718 διαμερίσα-

2347 1755 2400 1789 τε
2452 1736 2667 1795 έαυτοῖς.
2723 1731 2848 1787 Εἶτα
2899 1734 3162 1806 προσθεὶς,
3219 1735 3298 1785 ὅτι
3334 1732 3410 1784 Ού
3457 1737 3529 1805 μὴ
3574 1738 3674 1785 πίω
3702 1731 3800 1784 ἀπὸ
3848 1740 3938 1784 τοῦ

2347 1829 2660 1897 γεννήματος
2729 1831 2825 1884 τῆς
2900 1820 3150 1894 ἀμπέλου,
3221 1821 3310 1882 ἕως
3394 1823 3507 1873 ὅτου
3575 1822 3604 1878 ἡ
3691 1817 3931 1890 βασιλεία

2350 1921 2441 1966 τοῦ
2499 1921 2632 1966 Θεοῦ
2691 1912 2832 1985 ἴλθηο
2883 1921 2954 1982 τῷ
3005 1910 3144 1983 φόϐῳ
3207 1918 3297 1963 τοῦ
3357 1911 3564 1963 θανάτου
3616 1908 3769 1961 αὐτοῦ
3828 1904 3931 1960 διε-

2349 2003 2564 2078 τάραξεν
2620 2002 2824 2063 αὐτούς’
2865 2003 2950 2054 οἶα
3019 1997 3077 2053 δε
3130 2000 3283 2066 εἰκός,
3343 1996 3617 2074 διατριϐῆς
3661 2002 3753 2050 καὶ
3807 2017 3938 2068 συγ-

2349 2096 2561 2165 χύσεως
2615 2096 2910 2165 γενομένης,
2967 2088 3182 2142 ἀπέθετο
3229 2092 3286 2141 τό
3345 2093 3613 2161 ποτήριον·
3667 2084 3796 2153 εἶτα,
3834 2106 3942 2138 και-

2349 2190 2443 2257 ρού
2499 2201 2632 2243 τινος
2687 2178 2995 2246 διελθόντος,
3053 2183 3302 2251 γεγόνασι
3357 2180 3425 2230 τὰ
3481 2177 3620 2250 έξῇς,
3670 2178 3700 2235 ἣ
3761 2195 3814 2229 τε
3861 2184 3946 2228 τοὺ

2351 2274 2512 2347 ἄρτου
2579 2277 2667 2324 καὶ
2727 2273 2755 2330 ἠ
2808 2278 2899 2323 τοῦ
2963 2273 3216 2344 ποτηρίου
3271 2261 3578 2341 μετάδοσις.
3627 2266 3798 2321 Εἰπὼν
3848 2268 3946 2340 ’γὰρ

2351 2365 2377 2417 ό
2427 2361 2796 2434 εύαγγελιστής
2848 2363 2965 2433 περὶ
3022 2366 3112 2412 τοῦ
3165 2359 3346 2432 ἄρτου,
3415 2359 3497 2409 ὃτι
3550 2355 3949 2428 εὐχαριστήσας

2350 2452 2553 2516 ἔκλεισε,
2629 2456 2718 2504 καὶ
2788 2446 2975 2502 ἔδωκεν
3067 2448 3262 2509 αύτοίς’
3344 2443 3451 2499 εἶτα
3516 2444 3812 2518 ἐπαγαγὼν,
3869 2448 3950 2498 ὅτι

2351 2546 2596 2603 ὡσαύτως
2651 2545 2738 2593 καὶ
2795 2544 2852 2592 τό
2922 2544 3188 2614 ποτήριον,
3261 2533 3469 2606 ἔδειξεν,
3538 2539 3620 2589 ὅτι
3678 2535 3833 2589 έκεῖνο
3889 2539 3948 2589 τό

2351 2638 2620 2706 ποτήριον,
2701 2630 2727 2682 ὃ
2780 2634 3022 2704 πρότερον
3096 2625 3286 2681 ἔλαϐεν.
3349 2627 3459 2678 Ούκ
3534 2622 3644 2678 εἶπε
3697 2627 3818 2700 γὰρ,
3867 2628 3952 2678 ὅτι

2348 2723 2616 2784 Ὡσαύτως
2666 2725 2756 2773 καὶ
2811 2723 3079 2792 ποτῇριον,
3131 2715 3258 2782 ἀλλ’,
3312 2718 3393 2769 ὅτι
3441 2715 3712 2778 Ὡσαύτως
3762 2719 3852 2767 καὶ
3887 2719 3953 2768 τὸ

2349 2818 2607 2884 ποιήριον·
2686 2817 2748 2882 τῇ
2823 2810 3099 2884 προσθήκη
3154 2813 3246 2858 τοῦ
3315 2807 3510 2878 ἄρθρου
3568 2807 3625 2857 τό
3693 2823 3954 2877 προεγνωο

2354 2905 2535 2974 σμένον
2614 2896 2875 2960 δηλώσας.
2950 2900 3019 2950 Τό
3079 2892 3157 2962 δί,
3232 2903 3396 2949 Τοῦτο
3452 2898 3511 2948 τό
3577 2900 3845 2970 ποτήριον,
3920 2897 3952 2954 ἠ

2352 2995 2502 3049 καινή
2581 2991 2836 3056 Διαθήκη,
2896 2986 2945 3040 έν
2997 2995 3068 3058 τῷ
3122 2990 3305 3059 αίματί
3381 3004 3502 3059 μου,
3562 2985 3607 3038 εἰ
3657 2990 3747 3037 καὶ
3805 2981 3962 3038 δοκεῖ

592 3078 775 3134 brosa
802 3075 1024 3133 locutio
1050 3075 1338 3142 videatur,
1375 3077 1519 3133 nihil
1551 3082 1752 3134 tamen
1776 3077 1973 3135 differt
2011 3093 2048 3134 a
2085 3077 2240 3134 dicto

2354 3079 2709 3156 δύσφραστον,
2770 3077 2878 3130 ἀλλ’
2931 3073 3081 3130 ούδὶν
3135 3073 3372 3149 διαφέρει
3409 3082 3500 3128 τοῦ
3551 3074 3708 3147 λόγόυ
3738 3081 3831 3127 τοῦ
3861 3076 3960 3150 ῥη-

592 3181 867 3224 sermone
905 3180 1085 3238 quem
1138 3165 1446 3223 Matthaeus
1491 3171 1547 3223 et
1590 3168 1820 3223 Marcus
1859 3167 2240 3240 scripserunt.

2355 3173 2526 3230 θέντος
2571 3172 2672 3222 ύπό
2751 3169 3024 3222 Ματθαίου
3096 3169 3184 3218 κάξ
3260 3168 3498 3240 Μάρκου.
3584 3164 3800 3217 Ἐκεῖνοι
3863 3169 3959 3239 μεν

591 3256 683 3316 Illi
722 3255 1021 3329 siquidem
1051 3255 1363 3312 dixerunt:
1405 3257 1513 3314 Hic
1542 3263 1624 3314 est
1669 3257 1915 3329 sanguis
1943 3273 2102 3314 meus
2140 3258 2244 3329 qui

592 3353 674 3404 est
699 3346 839 3403 novi
869 3347 1240 3412 Testamenti,
1269 3346 1382 3402 hoc
1417 3351 1522 3416 est,
1555 3345 1653 3418 qui
1680 3363 1904 3403 novum
1938 3346 2108 3404 tradit
2143 3349 2242 3403 Te-

591 3439 976 3492 stamentum.
1041 3435 1142 3490 Hic
1195 3439 1394 3491 autem
1445 3435 1566 3492 ait:
1623 3436 1755 3494 Hoc
1807 3436 2006 3510 ipsum
2060 3452 2240 3510 pocu-

591 3523 716 3580 lum
769 3540 994 3580 novum
1044 3525 1485 3580 Testamentum
1538 3529 1646 3593 est,
1677 3527 1840 3598 quod
1897 3540 2009 3596 ego
2082 3540 2243 3581 nunc

591 3617 774 3670 testor
796 3613 1142 3685 praecipiens
1173 3612 1366 3676 vobis,
1393 3618 1456 3668 ut
1486 3613 1568 3668 ita
1607 3613 1854 3671 faciatis.
1887 3615 2011 3671 Hoc
2041 3619 2242 3670 autem

593 3718 820 3758 novum
845 3705 1285 3757 Testamentum
1313 3705 1401 3757 est
1438 3701 1498 3757 in
1530 3717 1664 3758 meo
1695 3705 2020 3773 sanguine;
2072 3708 2242 3760 vetus

594 3790 753 3846 enim
764 3793 1206 3846 Testamentum
1224 3789 1584 3846 irrationalis
1603 3791 1879 3848 animalis
1897 3792 2243 3862 sanguinem

593 3877 870 3936 habebat.
901 3876 1176 3934 Similiter
1202 3882 1260 3933 ct
1281 3878 1446 3950 quod
1477 3879 1743 3952 sequitur
1770 3896 1782 3935 :
1830 3881 2243 3939 Verumtamen

593 3982 726 4025 ecce
743 3981 951 4022 manus
990 3965 1275 4022 tradentis
1301 3983 1392 4023 me
1430 3983 1657 4026 mecum
1701 3977 1784 4026 est
1828 3972 1890 4026 in
1930 3987 2134 4029 mensa
2171 3973 2240 4039 ³³,

596 4054 788 4112 simile
809 4055 992 4112 estilli
1020 4055 1185 4128 quod
1215 4055 1432 4114 dicitur
1455 4075 1469 4114 :
1495 4057 1610 4126 Qui
1627 4061 1945 4118 manducat
1977 4077 2240 4128 mecum;

595 4150 697 4202 aut
721 4161 733 4202 :
759 4145 868 4212 Qui
886 4145 1134 4202 intinxit
1151 4161 1376 4204 mecum
1405 4163 1649 4205 manum
1670 4149 1731 4204 in
1753 4153 1970 4208 catino.
1995 4152 2116 4209 Hoc
2141 4169 2243 4209 au-

594 4239 712 4293 tem
743 4235 946 4308 posuit
962 4235 1154 4293 Lucas
1178 4241 1313 4309 post
1341 4238 1514 4310 panis
1543 4243 1599 4295 et
1627 4239 1823 4312 poculi
1849 4240 2240 4311 divisionem;

594 4324 897 4382 Matthaaus
916 4329 973 4381 et
993 4326 1217 4382 Marcus
1237 4330 1375 4384 ante
1395 4326 1572 4385 illam.
1593 4328 1758 4385 Unde
1779 4335 2050 4403 apparet,
2075 4332 2242 4404 quod

592 4413 706 4470 bon
737 4413 830 4470 bis
858 4413 1071 4471 dixerit
1100 4413 1386 4483 Christus,
1419 4421 1476 4474 et
1513 4421 1645 4474 ante
1671 4420 2094 4492 mysteriorum
2131 4425 2242 4478 tra-

2351 3263 2452 3334 γὰρ
2502 3257 2658 3330 εἷπον,
2711 3262 2872 3312 Τοῦτό
2926 3255 3037 3308 ἔστι
3089 3259 3147 3308 τό
3206 3257 3337 3328 αἷμά
3394 3274 3514 3328 μου,
3573 3259 3632 3307 τὸ
3687 3261 3778 3314 τῆς
3833 3273 3963 3307 και-

2350 3359 2442 3413 νῆς
2500 3351 2779 3413 Διαθήκης,
2824 3351 3084 3414 τουτέστι,
3137 3345 3162 3398 ὁ
3212 3347 3243 3404 ἡ
3289 3350 3440 3404 καινὴ
3501 3346 3732 3403 Διαθηκη
3786 3363 3964 3419 παρα-

2352 3436 2598 3493 δίδωσιν*
2649 3438 2799 3500 οὗτος
2855 3433 2914 3490 δέ
2971 3455 3150 3509 φησιν,
3191 3436 3271 3487 ὅτι
3307 3442 3472 3489 Τοῦτο
3527 3437 3584 3486 τὸ
3625 3438 3870 3508 ποτήριον
3924 3435 3958 3492 ἠ

2351 3533 2502 3589 καινὴ
2536 3530 2768 3586 Διαθήκη
2827 3525 2987 3591 έστὶν,
3050 3524 3110 3583 ἢν
3159 3523 3258 3597 έγὼ
3312 3521 3613 3596 διατίθεμαι
3645 3530 3751 3589 νῦν,
3795 3521 3964 3574 ἐντελ-

2350 3621 2556 3693 λόμενος
2602 3621 2722 3690 ύμῖν
2769 3616 2903 3670 οὕτω
2954 3622 3144 3670 ποιεῖν.
3207 3617 3368 3671 Καινὴ
3423 3609 3482 3664 δὲ
3510 3618 3661 3663 τοῦτο
3712 3613 3962 3670 Διαθήκη

2353 3709 2516 3774 ἐστὶν,
2570 3707 2617 3760 έν
2670 3715 2742 3778 τῷ
2793 3707 2979 3777 αἵματί
3042 3721 3160 3776 μου·
3217 3703 3245 3758 ἠ
3298 3702 3400 3773 ’γὰρ
3454 3697 3649 3750 παλαιὰ
3708 3701 3958 3758 Anconam

2354 3798 2542 3870 ἀλόγου
2594 3798 2729 3858 ζώου
2788 3797 2920 3867 αἷμα
2973 3789 3127 3864 εἶχεν
3184 3791 3370 3862 ὁμοίως
3426 3783 3484 3840 δι
3533 3789 3623 3838 καὶ
3669 3788 3751 3846 τό,
3800 3782 3956 3843 Πλὴν

2355 3884 2492 3952 ἰδοὺ,
2555 3889 2584 3945 ἡ
2640 3890 2761 3958 χεὶρ
2812 3891 2904 3936 τοῦ
2936 3876 3334 3957 παραδιδόντος⁹
3389 3895 3468 3950 με,
3527 3874 3631 3948 μετ’
3683 3872 3805 3946 έμού
3861 3871 3962 3929 ἐπὶ

2352 3985 2442 4037 τῆς
2523 3978 2806 4048 τραπέζης,
2880 3975 3056 4045 ὅμοιόν
3141 3968 3252 4022 ἔστι
3309 3974 3403 4038 τῷ,
3464 3965 3523 4018 Ὀ
3601 3963 3784 4016 ἐσθίων
3839 3965 3966 4035 μετ’

2353 4065 2497 4138 ἐμοῦ,
2557 4066 2586 4124 ἦ
2647 4071 2739 4134 τῷ,
2765 4063 2823 4114 Ὀ
2881 4058 3119 4134 ἱμϐάψας
3176 4058 3286 4131 μετ’
3341 4055 3462 4130 ἐμοῦ
3507 4053 3554 4106 έν
3601 4061 3671 4124 τῷ
3728 4050 3976 4128 τρυϐλίῳ

2352 4160 2445 4214 τὴν
2501 4162 2680 4229 χεῖρα.
2719 4154 2923 4206 Τέθεικε
2977 4147 3036 4204 δι
3087 4155 3241 4202 τοῦτο
3289 4151 3498 4207 Λουκᾶς
3544 4147 3633 4216 μὶν
3685 4145 3812 4215 μετὰ
3867 4149 3978 4205 τὴν

2350 4252 2442 4298 τοῦ
2490 4247 2743 4316 ποτηρίου
2790 4245 2880 4294 καὶ
2930 4246 3022 4292 τοῦ
3062 4240 3223 4314 ἄρτου
3278 4232 3552 4308 διανομὴν,
3598 4233 3874 4296 Mati-Gaio;
3913 4231 3982 4288 δὲ

2351 4339 2440 4388 καὶ
2489 4336 2698 4408 Μάρκος
2756 4334 2856 4405 πρὸ
2903 4332 3124 4390 ταύτης.
3184 4331 3279 4381 Κοὶ
3331 4330 3586 4399 φαίνεται,
3645 4324 3727 4375 ὃτι
3771 4317 3871 4386 δὶς
3905 4323 3982 4379 εἴ.

2351 4443 2414 4478 πε
2458 4431 2609 4476 τοῦτο
2667 4423 2692 4474 ό
2739 4421 2986 4496 Χριστὸς,
3043 4421 3144 4492 πρό
3199 4434 3252 4470 τε
3319 4422 3408 4475 τῆς
3473 4408 3806 4485 μεταδόσεως
3870 4424 3985 4468 τῶν

593 4503 877 4560 ditionem
902 4503 1149 4576 quando
1177 4505 1239 4562 in
1270 4506 1536 4562 catinum
1557 4485 1919 4578 intingentes
1949 4510 2240 4578 edebant;

2352 4517 2669 4588 μυστηρίων,
2751 4513 2833 4563 ὃτι
2919 4513 3009 4561 καὶ
3091 4504 3140 4558 έν
3219 4512 3292 4576 τῷ
3362 4501 3586 4576 τρυϐλίῳ
3675 4498 3988 4573 βάπτοντες

594 4595 651 4648 et
670 4596 800 4662 post
817 4592 1197 4652 traditionem
1215 4596 1466 4668 quando
1483 4611 1690 4652 rursus
1710 4598 2021 4671 appositus
2043 4606 2133 4656 est
2151 4617 2244 4658 ca-

594 4681 774 4738 tinus.

667 4788 731 4845 Et
757 4789 868 4848 hoc
893 4790 1074 4849 etiam
1096 4806 1382 4863 magnam
1412 4791 1590 4851 habet
1612 4793 2046 4852 dubitationem
2071 4815 2084 4854 :
2122 4813 2244 4871 quo

667 4917 710 4956 ³¹
746 4919 879 4975 Luc.
910 4933 1010 4984 xx,
1043 4919 1131 4985 l7,
1168 4917 1252 4987 l9,
1283 4919 1375 4975 20.
1408 4920 1456 4955 ³³
1485 4917 1624 4976 Luc.
1653 4935 1755 4987 xx,
1787 4923 1876 4977 20.
1906 4925 1953 4958 ³³
1977 4922 2128 4980 Ibid.
2153 4925 2245 4982 21.

2353 4604 2561 4668 ἤσθιον,
2623 4604 2712 4652 καὶ
2764 4601 2893 4672 μετά
2948 4601 3042 4655 τὴν
3102 4589 3411 4668 μετάδοσιν,
3466 4593 3549 4643 ὅτε
3597 4592 3656 4642 τὸ
3713 4590 3989 4662 τρυϐλίον

2355 4689 2506 4755 αὖθις
2529 4691 2779 4766 παρετέθη
2811 4689 2945 4761 (33).

2427 4805 2528 4854 Και
2583 4804 2735 4851 τούτο
2809 4793 2868 4849 δὲ
2915 4792 3106 4855 πολλῆς
3179 4789 3324 4854 ἄξιον
3391 4786 3630 4863 ἀπορίας,
3682 4795 3826 4859 πῶς,
3894 4801 3994 4847 τοῦ

1811 5029 2034 5099 Variae
2074 5031 2396 5103 lectiones
2429 5041 2497 5102 et
2542 5039 2744 5102 notae.

665 5152 780 5224 (at)
813 5155 894 5224 Δί,
928 5151 1147 5206 omittit
1176 5149 1308 5224 cod.
1336 5152 1401 5206 Α.

668 5201 780 5294 ξέὲᾖ
812 5201 1028 5294 Miror—
1016 5201 1288 5294 5:53.535
1296 5201 1610 5280 codicibus
1649 5224 1862 5282 Graecis
1901 5201 1978 5283 .N.
2019 5229 2102 5294 T.,
2153 5227 2248 5284 hic

596 5293 830 5350 tantum
863 5293 1230 5364 deprehendi
1259 5308 1640 5361 consensum,
1672 5295 1735 5352 in
1763 5297 1896 5354 loco
1927 5313 2070 5356 sane
2090 5293 2244 5357 diﬂi-

596 5365 836 5440 cillimo.
872 5363 1041 5420 Modo
1067 5370 1283 5440 autem
1308 5367 1387 5422 ad
1418 5382 1629 5423 manus
1655 5372 1744 5424 est
1768 5370 2246 5440 Evangeliarium

597 5436 933 5493 Gotbanum
965 5451 1102 5504 ms.,
1129 5437 1290 5510 quod
1319 5452 1559 5496 versum
1589 5440 1653 5495 17
1680 5443 1735 5497 et
1779 5440 1840 5496 18
1870 5436 2106 5501 omittit.
2149 5445 2247 5499 Le-

668 5649 771 5723 (ee)
814 5652 1243 5726 Pulcherrima
1296 5657 1407 5710 etc.
1442 5653 1998 5726 Quiﬁpulcherrime
2035 5655 2112 5714 de
2140 5656 2244 5714 hu-

588 5721 854 5795 juSmodi
883 5725 1109 5784 Pascha
1137 5724 1436 5792 disseruit,
1470 5721 1928 5798 philosophatus
1956 5731 2063 5782 est.

2357 5158 2470 5230 ctio
2490 5161 2578 5215 est
2608 5173 2622 5212 :
2653 5163 2726 5229 Τῇ
2759 5153 2958 5230 μεγάλη
2990 5151 3032 5206 ί.
3065 5153 3222 5228 πρωῒ.
3251 5148 3463 5222 Incipit
3500 5147 3561 5204 in
3590 5147 3708 5205 hoc
3744 5153 4002 5212 codiom

2357 5229 2742 5374 “inﬁget.
2771 5297 3048 5374 immin
3082 5293 3224 5352 C°d°
3256 5292 3332 5348 Α·
3391 5288 3590 5348 θθάίθί
3639 5289 3679 5344 Β
3744 5298 4009 5357 ⁸⁰⁰⁸ἀί¹

2357 5367 2535 5430 etiam
2557 5371 2752 5428 versio
2770 5367 3063 5426 Hentenii.

2425 5656 2520 5728 (θ’)
2563 5652 3032 5712 Concertatione.
3074 5651 3258 5708 Mora.
