4198 6474
270 408 378 464 6Ἱ3

1224 402 1579 461 COMMENT.
1621 402 1689 458 IN
1727 392 2162 458 MATTHIEUM.
2203 428 2271 443 --
2300 405 2456 461 CAP.
2487 404 2684 461 XXVI.

3533 404 3640 469 674

273 535 551 587 Ματθαίου
612 536 876 606 φήσαντος
917 533 996 585 ὃτι
1054 533 1080 584 6
1117 534 1350 604 Χριστὸς
1397 534 1498 604 πρὸ
1550 538 1645 593 τῆς
1697 526 1878 583 διανο-

1989 528 2165 586 modo
2186 546 2324 587 cum
2348 530 2657 587 Matthasus
2695 526 2909 588 dixerit
2951 528 3249 591 Christum
3301 542 3437 593 ante
3468 537 3641 594 tradi-

275 631 382 695 μῆς
429 632 528 676 τῶν
571 627 877 696 μυστηρίων
927 621 1212 695 ἐφανέρωσε
1277 625 1364 674 τὸν
1418 617 1705 695 προδότην,
1748 619 1876 672 ἀπο-

276 714 475 787 κριθεὶς
522 716 653 787 πρός
690 711 846 763 αὐτὸν
892 713 948 763 τὸ
1002 714 1067 762 Σύ
1121 706 1286 775 εἶπας,
1343 706 1497 771 αὖθις
1539 711 1565 760 6
1616 710 1874 775 Ἰωάννης,

277 805 406 874 μετά
443 806 530 859 τὴν
589 797 865 874 διανομὴν,
914 798 1226 872 ἀγνοοῦντας
1286 801 1483 871 ἱστορεί
1538 801 1654 858 τούς
1711 797 1880 869 μαθη-

276 892 391 955 τάς,
448 895 536 942 καὶ
580 888 984 962 ἀπορουμένους,
1034 892 1115 941 ὅτε
1156 892 1248 941 καὶ
1295 887 1498 956 ἑαυτὸν,
1551 888 1651 939 ὑπὸ
1683 889 1879 959 Πέτρου

274 980 697 1052 παρορμηθέντα,
760 974 1084 1053 διερωτῆσαι
1147 976 1283 1049 λέγει
1362 980 1449 1028 τὸν
1530 971 1877 1038 Διδάσκαλον,

272 1072 364 1120 καὶ
410 1064 631 1125 δοθῆναι
673 1073 887 1140 σημεῖον
930 1069 991 1119 τὸ
1050 1065 1212 1139 βαφεν
1263 1065 1492 1138 ψωμίον.
1559 1064 1718 1123 Δῆλον
1760 1064 1879 1133 (34)

272 1159 393 1231 γὰρ,
448 1159 517 1219 ὡς
566 1157 785 1231 ὕστερον
842 1163 996 1208 τοῦτο
1037 1160 1215 1227 γέγονε
1263 1176 1278 1189 υ
1339 1153 1525 1208 Λαϐὼν
1554 1156 1677 1226 γὰρ,
1726 1156 1878 1223 φησὶ,

274 1249 333 1298 τὸ
394 1245 597 1319 ψωμίον
664 1244 875 1309 ἐκεῖνος,
961 1245 1145 1308 εύθέως
1218 1244 1415 1308 ἐξῆλθε.
1470 1250 1591 1304 Τοῖς
1646 1245 1735 1313 μεν
1792 1238 1879 1293 οὖν

277 1334 449 1396 ἄλλοις
497 1334 775 1406 ἐξηγηταῖς
853 1331 1105 1407 οὐδεμιᾶς
1184 1333 1496 1395 έπιστασίας
1575 1330 1769 1394 ἠξιώθη
1821 1332 1880 1382 τὸ

278 1429 443 1496 παρὸν
492 1424 723 1497 ζήτημαο
773 1422 1156 1496 φιλοπονήσασι
1207 1420 1265 1476 δε
1320 1424 1466 1495 ἡμῖν,
1498 1421 1523 1473 ὃ
1561 1416 1881 1491 διεγνώσθης

282 1512 595 1585 ῥηθήσεται.
625 1517 954 1585 Νωοήκαμεν
1005 1515 1131 1588 γὰρ,
1181 1514 1262 1564 ὅτι
1301 1515 1402 1587 πρὸ
1451 1518 1543 1563 τοῦ
1581 1512 1741 1583 ἄρτου
1792 1512 1882 1560 καὶ

283 1608 380 1652 τοῦ
436 1606 689 1676 ποτηρίου
748 1611 845 1654 τῶν
914 1605 1160 1675 μαθητῶν
1243 1610 1425 1663 κοινῶς
1486 1600 1878 1674 έρωτησοὶντων,

287 1690 313 1742 6
366 1694 598 1764 Χριστὸς
651 1700 850 1767 πρῶτον
908 1695 994 1764 μεν
1049 1688 1211 1744 ἔδωκε
1261 1696 1540 1765 γνώρισμα
1593 1692 1881 1762 κοινότερον

284 1782 363 1844 τὸ,
430 1779 488 1832 Ὀ
553 1779 790 1853 ἐμϐάψας
845 1781 954 1854 μετ’
1026 1780 1172 1854 ἐμοῦ,
1227 1786 1315 1833 καὶ
1367 1779 1427 1832 Ὀ
1479 1778 1877 1852 έμϐαπτόμενος.

1985 617 2213 676 tionem
2249 621 2677 692 mysteriorum
2705 620 3113 679 manifestasse
3140 623 3526 697 proditorem,
3551 640 3642 682 re-

1988 708 2295 780 spondens
2324 708 2428 774 illi,
2471 711 2558 765 Tu
2586 709 2797 767 dixisti
2839 711 2907 766 3‘.
2938 714 3159 767 Rursus
3197 712 3456 770 Joannes
3510 721 3642 785 post

1988 797 2403 868 mysteriorum
2420 798 2799 856 traditionem
2815 800 3159 871 ignorantes
3172 802 3643 875 scribitdiscipu-

1986 884 2077 942 los
2107 902 2175 942 ac
2204 887 2543 944 haesitantes
2571 904 2582 943 :
2610 890 2850 957 quando
2879 895 2935 946 et
2983 890 3248 963 seipsum
3297 907 3333 948 a
3362 895 3529 948 Petro
3559 891 3645 948 in-

1988 973 2253 1039 citatum,
2296 975 2691 1047 interrogasse
2737 978 2878 1034 dicit
2929 979 3379 1051 Prasceptorem,
3434 988 3491 1037 et
3530 981 3642 1037 sibi

1987 1065 2185 1118 datum
2200 1079 2327 1119 esse
2346 1064 2573 1135 signum
2595 1065 2905 1122 intinctam
2923 1066 3173 1124 offulam
3187 1070 3255 1123 ³⁸.
3270 1069 3642 1126 Manifestum

1988 1152 2149 1208 enim
2178 1158 2285 1217 est,
2302 1154 2466 1225 quod
2489 1154 2598 1209 hoc
2611 1159 2819 1227 postea
2846 1156 3073 1212 factum
3092 1163 3198 1213 est.
3219 1161 3367 1214 Nam
3387 1165 3639 1229 accepta,

1987 1239 2195 1313 inquit,
2211 1242 2311 1297 ille
2326 1242 2521 1312 offula,
2539 1243 2722 1300 exivit
2743 1244 3019 1301 continuo
3037 1247 3109 1302 ³⁸.
3145 1246 3380 1303 Casteris
3396 1247 3642 1320 quidem

1988 1330 2433 1388 enarratoribus
2464 1332 2625 1388 nulla
2665 1348 2809 1389 cura
2847 1333 3033 1405 digna
3059 1336 3335 1408 apparuit
3375 1352 3641 1409 praesens

1988 1420 2231 1492 quaestio
2264 1436 2275 1475 :
2301 1436 2411 1479 nos
2436 1426 2636 1479 autem
2664 1424 2829 1495 quod
2860 1429 2992 1496 post
3029 1425 3248 1483 multos
3274 1425 3515 1484 labores
3557 1427 3643 1483 in-

1990 1508 2341 1574 telleximus,
2360 1510 2421 1565 in
2443 1510 2712 1568 medium
2734 1511 3074 1570 aﬂ'eremus.
3100 1515 3476 1586 Percepimus
3498 1530 3642 1573 sane

1989 1599 2154 1671 quod
2205 1605 2341 1656 ante
2371 1616 2590 1672 panem
2650 1605 2707 1657 et
2734 1601 3016 1673 poculum
3073 1602 3372 1675 discipulis
3423 1604 3644 1675 pariter

1990 1688 2521 1757 interrogantibus,
2543 1689 2807 1746 Christus
2832 1692 3069 1762 signum
3092 1692 3254 1749 dedit
3275 1708 3598 1750 commune
3626 1710 3639 1745 :

1993 1777 2104 1845 Qui
2130 1778 2401 1843 intinxit,
2453 1779 2665 1851 inquit,
2724 1795 2950 1837 mecum
2984 1797 2997 1836 :
3031 1786 3126 1840 et:
3155 1782 3265 1848 Qui
3293 1782 3639 1853 intingitur.

281 1872 385 1921 Καὶ
458 1871 561 1944 γὰρ
632 1872 818 1931 πάντες
879 1876 969 1923 καὶ
1049 1870 1298 1941 ένέϐαψαν
1392 1874 1479 1922 καὶ
1553 1868 1881 1922 ένεϐάπτοντο

1991 1866 2298 1939 Siquidem
2326 1883 2539 1923 omnes
2571 1873 2629 1925 et
2671 1868 3047 1936 intinxerant,
3079 1877 3134 1926 et
3162 1870 3362 1928 adhuc
3396 1870 3644 1942 intinge-

276 1960 348 2011 ἔτι
384 1958 522 2029 (35)’
553 1954 664 2011 εἶτα
685 1966 776 2011 τοῦ
813 1956 1077 2033 προδότου
1123 1956 1307 2022 ἰδικῶς
1342 1958 1719 2033 ἐρωτήσαντος,
1747 1977 1881 2033 προ-

280 2048 495 2105 σέθηκεν
536 2043 840 2123 ἰδικώτερον
888 2052 966 2114 τὸ,
1015 2052 1080 2101 Σύ
1112 2046 1277 2111 εἶπας.
1330 2047 1485 2101 Ἀλλά
1530 2051 1588 2100 τὸ
1619 2050 1708 2120 μεν
1738 2054 1881 2119 πρῶ-

278 2155 363 2189 τον
403 2142 682 2210 γνώρισμα
736 2137 909 2191 πλεῖον
975 2142 1343 2203 συνεσκίαστο,
1416 2140 1474 2189 τὸ
1541 2133 1778 2210 δεύτερον
1824 2133 1883 2190 δὲ

280 2225 508 2279 ἔλαττον.
557 2225 733 2300 Ὅμως
773 2224 832 2280 δὲ
879 2232 970 2281 καὶ
1017 2235 1170 2281 τοῦτο
1240 2230 1606 2292 συνεσκίαστο,
1659 2222 1753 2279 διὰ
1798 2246 1885 2297 φι-

278 2314 627 2390 λανθρωπίαν,
671 2318 740 2379 ὡς
796 2317 878 2383 οἷν,
936 2316 1036 2370 ἀπὸ
1078 2336 1130 2371 τε
1172 2326 1263 2370 τοῦ
1316 2320 1605 2391 κοινοτέρου
1658 2320 1747 2367 καὶ
1791 2322 1884 2367 τοῦ

281 2402 361 2458 ἰδι
427 2409 615 2479 ωτέρου
674 2409 830 2478 γνοὺς
904 2408 929 2459 6
979 2406 1093 2479 (36)
1170 2402 1375 2469 Ἰούδας
1432 2408 1512 2459 ὅτι
1577 2406 1635 2458 ού
1686 2404 1884 2474 λεληθε,

273 2494 653 2567 μεταμεληθείη
732 2498 831 2569 πρὸ
924 2503 1016 2548 τοῦ
1094 2492 1489 2567 διαγνωσθῆναι
1549 2502 1657 2556 τοῖς
1718 2493 1889 2570 οἴλλοις

273 2585 557 2656 μαθηταῖς.
618 2583 756 2637 Ἀλλ’
810 2585 954 2639 οὗτοι
1000 2587 1111 2657 μεν,
1168 2588 1282 2637 οὔτε
1349 2583 1449 2638 ἀπὸ
1530 2591 1621 2637 τοῦ
1677 2588 1886 2657 πρώτου

272 2677 658 2747 γνωρίσματος,
744 2676 860 2727 οὔτε
932 2673 1034 2727 ἀπὸ
1108 2682 1200 2727 τοῦ
1275 2670 1519 2749 δευτέρου
1584 2670 1886 2734 δυνηθέντες

275 2770 489 2829 νοῆσαι,
540 2767 621 2824 τίς
660 2764 686 2815 6
715 2760 982 2836 προδότης
1031 2762 1162 2816 έστί·
1217 2766 1273 2816 τὸ
1307 2767 1431 2839 γὰρ,
1475 2768 1541 2815 Σύ
1586 2760 1753 2828 εἶπας,
1798 2762 1884 2814 αἰ-

278 2856 499 2925 νίγματι
551 2851 716 2924 ἇῴκεν
773 2849 897 2905 ούδε
946 2855 1045 2927 γὰρ
1100 2852 1155 2905 έκ
1202 2860 1293 2906 τοῦ
1349 2860 1642 2929 προφανοῦς
1692 2851 1886 2924 ὡμολό-

278 2961 460 3013 γησεν,
512 2944 593 2994 ὅτι
645 2942 775 3013 Ἐγώ
841 2942 967 3014 εἰμι,
1018 2941 1146 2994 ἀλλὰ
1222 2943 1335 2994 κατ’
1395 2942 1667 3017 ἐρώτησιν,
1741 2947 1884 3000 Μήτι

279 3029 381 3103 ἐγὼ
433 3030 580 3104 εἰμι;
632 3034 938 3103 ἡσύχασαν,
992 3038 1191 3104 μήποτε
1238 3037 1328 3085 καὶ
1381 3032 1492 3103 (37)
1554 3027 1882 3107 προσονειδί-

282 3122 502 3183 σθῶσιν,
543 3123 613 3183 ὡς
656 3119 884 3180 ἀνοητοιο
940 3126 1030 3174 καὶ
1070 3124 1169 3195 γὰρ
1232 3126 1320 3174 καὶ
1364 3121 1543 3174 ἄλλοτε
1585 3129 1736 3172 τοῦτο
1785 3139 1879 3173 πε-

1987 1956 2228 2013 bantur.
2247 1956 2465 2013 Deinde
2483 1956 2785 2029 proditore
2821 1958 3207 2030 singulariter
3241 1960 3642 2031 interrogante

1988 2044 2221 2102 addidit
2240 2045 2656 2118 particUlarius
2684 2046 2890 2103 dicens
2920 2064 2933 2113 ;
2966 2049 3051 2104 Tu
3089 2049 3305 2106 dixisti.
3336 2050 3451 2107 Sed
3477 2050 3642 2123 prius

1987 2134 2230 2207 quidem
2251 2134 2539 2192 indicium
2556 2136 2747 2206 magis
2761 2136 3161 2203 obumbravit,
3190 2141 3520 2197 secundum
3542 2155 3642 2197 au-

1990 2230 2129 2292 tem,
2152 2224 2353 2280 minus
2366 2224 2635 2297 quidem,
2660 2230 2922 2283 attamen
2939 2227 3119 2284 etiam
3136 2227 3251 2285 hoc
3274 2228 3641 2299 benignitate

1990 2313 2372 2371 obumbravit
2403 2330 2417 2381 ;
2446 2320 2506 2371 ut
2533 2314 2719 2372 Judas
2746 2317 2987 2388 cognito
3016 2322 3137 2374 tam
3170 2334 3202 2374 a
3243 2317 3641 2375 communiori

1993 2402 2183 2475 signo,
2203 2419 2389 2476 quam
2404 2419 2440 2460 a
2454 2403 2887 2476 particulariori
2905 2408 3066 2479 quod
3081 2422 3202 2463 non
3214 2406 3441 2472 lateret,
3461 2408 3641 2480 paeni-

1992 2492 2175 2551 tentia
2215 2493 2532 2550 duceretur
2563 2499 2886 2566 antequam
2915 2498 3141 2553 cmteris
3196 2496 3504 2570 discipulis
3532 2514 3639 2551 ma-

1993 2582 2389 2640 nifestaretur.
2424 2585 2636 2639 Verum
2675 2584 2736 2640 hi
2765 2600 2962 2657 neque
2987 2602 3023 2641 a
3060 2586 3241 2658 priori
3271 2586 3514 2654 indicio,
3543 2601 3643 2643 ne-

1992 2688 2110 2745 que
2153 2688 2189 2729 a
2228 2672 2537 2744 posteriori
2589 2673 2914 2744 intelligere
2964 2680 3286 2746 potuerunt
3325 2676 3461 2748 quis
3490 2679 3645 2733 esset

1993 2762 2264 2833 proditor
2296 2778 2309 2829 ;
2341 2763 2490 2819 illud
2520 2762 2679 2820 enim
2715 2780 2727 2819 :
2764 2766 2852 2820 Tu
2876 2763 3102 2831 dixisti,
3130 2764 3435 2837 tenigmati
3452 2764 3644 2821 simile

1990 2854 2133 2907 erat.
2190 2853 2305 2907 Nec
2350 2850 2507 2907 enim
2563 2851 2877 2909 manifeste
2916 2852 3231 2910 confessus
3282 2858 3408 2910 erat
3452 2871 3465 2909 :
3523 2856 3643 2925 Ego

1992 2956 2149 3006 sum,
2176 2940 2283 2996 sed
2314 2956 2415 3013 per
2444 2940 2969 3011 interrogationem
2994 2943 3329 3016 :Numquid
3346 2959 3452 3015 ego
3472 2942 3643 2999 sum?

1988 3028 2190 3101 itaque
2219 3034 2549 3095 tacuerunt,
2581 3046 2657 3086 ne
2694 3046 2817 3102 quo
2847 3032 3027 3088 modo
3056 3037 3347 3103 tanquam
3377 3032 3642 3088 insensa-

1991 3118 2061 3175 tis
2118 3118 2504 3189 exprobraret
2555 3117 2857 3178 Christus:
2891 3136 3034 3176 nam
3069 3125 3125 3176 et
3162 3121 3278 3177 hoc
3307 3120 3449 3177 alibi
3478 3120 3643 3192 passi

280 3212 552 3263 πόνθασιν’
613 3208 819 3272 Ἰούδας
871 3207 951 3279 δε,
1001 3209 1101 3263 ἀπὸ
1156 3218 1249 3263 τοῦ
1292 3207 1535 3284 δευτέρου
1586 3214 1883 3284 γνωρίσμα-

1991 3211 2146 3262 sunt.
2161 3208 2189 3261 J
2200 3207 2347 3263 udas
2364 3224 2501 3263 vero
2515 3224 2550 3263 a
2564 3208 2829 3264 secundo
2840 3208 3087 3280 quidem
3098 3208 3323 3265 indicio
3341 3209 3640 3278 intellexit,

278 3319 368 3362 τος
422 3306 613 3359 συνῆκε
640 3302 751 3373 μὲν,
798 3301 878 3353 ὅτι
927 3296 1219 3373 διεγνώσθη
1255 3308 1327 3371 τῷ
1375 3307 1617 3375 Χριστῷ’
1668 3299 1880 3370 λογισά-

278 3407 429 3461 μενος
490 3386 568 3458 δε,
622 3390 699 3441 ὅτι
752 3392 894 3442 οῦπω
950 3393 1077 3453 τέως
1125 3396 1230 3450 τοῖς
1286 3391 1551 3462 μαθηταῖς
1596 3392 1883 3462 πεφανέρω-

280 3498 389 3542 ται,
438 3483 509 3550 μὴ
558 3482 855 3537 νηοηκόσιν
904 3482 1003 3549 ἔτι,
1034 3482 1123 3531 τὸν
1164 3478 1445 3551 ἀγνοοῦντα
1496 3486 1880 3552 προσεποιεῖτο,

277 3576 376 3629 τῆς
428 3575 518 3621 τοῦ
567 3564 896 3621 δὶδασκάλου
954 3568 1292 3644 κατάθαῤῥῶν
1351 3568 1692 3632 ἀνεξικακίας
1753 3571 1885 3641 μετά

285 3651 347 3709 δέ
387 3676 444 3728 γε
490 3662 581 3716 τὴν
625 3666 723 3710 τῶν
761 3662 1065 3731 μυστηρίων
1112 3655 1388 3732 διανομὴν,
1439 3657 1592 3712 πάλιν
1632 3659 1656 3711 6
1705 3661 1881 3730 Σωτὴρ

282 3743 659 3822 έμαρτύρησεν,
721 3748 900 3820 ἧγουν,
950 3743 1329 3823 διεμαρτύρατο
1398 3754 1516 3825 περὶ
1559 3757 1655 3812 τῆς
1690 3745 1882 3823 προδο-

283 3840 425 3902 σίας,
475 3838 545 3899 ὡς
599 3838 625 3889 6
658 3836 900 3898 Ἰωάννης
941 3836 1184 3911 ἔγραψεν,
1229 3839 1311 3891 ἱνα
1356 3840 1382 3891 6
1415 3834 1633 3906 Ἰούδας,
1685 3842 1881 3892 τοσαύ-

278 3946 377 3988 της
465 3925 702 3990 ἀξιωθεὶς
807 3929 1187 4001 μακροθυμίας,
1278 3933 1367 3982 καὶ
1454 3933 1525 4002 μὴ
1604 3927 1881 4003 προδήλως

276 4011 843 4091 παραδειγματισθεὶς,
900 4016 1009 4088 (38)
1061 4014 1201 4090 μηδὲ
1250 4027 1349 4069 τῶν
1407 4024 1711 4092 μυστηρίων
1760 4018 1881 4072 ἀπε-

274 4104 467 4171 λαθεὶς,
515 4106 641 4159 ἀλλά
697 4111 787 4159 καὶ
838 4108 1030 4158 τούτων
1066 4106 1253 4170 ἐπίσης
1303 4116 1415 4171 τοῖς
1455 4110 1717 4182 μαθηταῖς
1767 4109 1880 4181 (39)

274 4201 584 4271 μετασχὼν,
690 4200 904 4269 γένηται
984 4195 1199 4269 βελτίων
1283 4203 1371 4251 καὶ
1447 4203 1878 4273 σωφρονέστερος’

275 4286 426 4349 εὐθὺς
485 4282 543 4339 δε
600 4287 648 4338 οἱ
699 4288 954 4359 μαθηταὶ,
1021 4291 1211 4360 μηκέτι
1268 4283 1567 4348 δυνηθέντες
1618 4293 1880 4363 καρτερεῖν

275 4375 363 4429 ἐπὶ
420 4375 611 4427 πλεῖον·
663 4380 752 4429 καὶ
804 4379 903 4452 γὰρ
960 4376 1216 4449 ἠγωνίων,
1282 4381 1373 4429 καὶ
1430 4374 1637 4429 ἔϐλεπον
1689 4376 1755 4439 εἰς
1796 4374 1880 4428 ἀλ-

274 4464 485 4533 λήλους,
542 4460 899 4539 ἀπορούμενοι,
970 4471 1088 4541 περὶ
1141 4470 1280 4529 τίνος
1348 4464 1504 4538 λέγει*
1561 4464 1710 4519 αὐτοὶ
1789 4468 1879 4540 μὶν

1990 3294 2448 3369 quodaCbristo
2462 3296 2738 3366 cognitus
2749 3302 2931 3352 esset:
2952 3302 3171 3368 putans
3184 3303 3374 3354 tamen
3386 3297 3645 3370 discipu-

1989 3384 2061 3440 lis
2092 3384 2366 3440 nondum
2398 3383 2847 3441 manifestatum
2873 3400 3021 3449 esse,
3054 3400 3193 3441 cum
3220 3384 3302 3441 illi
3328 3401 3450 3442 non
3480 3386 3645 3443 intel-

1991 3473 2292 3543 lexissent,
2310 3472 2685 3545 ignorantem
2705 3490 2766 3529 se
2791 3474 2980 3541 ﬁnxit,
3006 3480 3248 3546 sumpta
3267 3491 3304 3531 a
3332 3474 3647 3534 clementia

1990 3561 2372 3637 praeceptoris
2395 3562 2634 3620 fiducia.
2656 3564 2794 3620 Post
2818 3564 3179 3622 divisionem
3211 3570 3413 3622 autem
3434 3571 3644 3637 myste-

1991 3653 2214 3711 riorum
2245 3669 2450 3711 rursus
2480 3653 2751 3712 Salvator
2779 3652 2854 3711 de
2883 3654 3215 3728 proditione
3247 3658 3495 3712 testatur
3524 3654 3643 3712 sive

1991 3749 2348 3817 protestatus
2395 3748 2501 3811 est,
2549 3743 2727 3800 veluti
2757 3744 2991 3818 scripsit
3031 3746 3315 3811 Joannes,
3348 3751 3412 3802 ut
3440 3743 3534 3802 vel
3562 3744 3645 3803 sic

1988 3836 2015 3890 J
2024 3835 2174 3892 udas
2204 3840 2433 3893 tantam
2459 3840 2739 3908 expertus
2760 3834 3300 3907 longanimitatem,
3322 3852 3433 3893 nec
3459 3833 3648 3894 mani-

1990 3924 2136 3982 feste
2188 3924 2515 3989 traductus,
2558 3940 2752 3997 neque
2808 3925 3105 3996 mysteriis
3148 3925 3485 3994 frustratus,
3537 3924 3645 3983 sed

1990 4031 2161 4087 usque
2191 4031 2329 4071 cum
2352 4013 2657 4086 discipulis
2678 4014 2893 4070 horum
2920 4012 3214 4087 particeps
3236 4015 3501 4085 effectus,
3524 4032 3646 4073 me-

1988 4103 2099 4161 lior
2127 4121 2196 4160 ac
2223 4108 2416 4160 mente
2446 4103 2646 4158 sanior
2676 4102 3026 4160 efﬁceretur.
3056 4105 3268 4161 Statim
3298 4121 3440 4175 ergo
3465 4105 3647 4162 disci-

1989 4192 2133 4265 puli,
2163 4193 2289 4263 jam
2340 4192 2581 4247 ulterius
2611 4190 2863 4247 tolerare
2892 4198 3283 4264 nequeuntes,
3318 4194 3645 4264 plurimum

1990 4280 2151 4336 enim
2199 4280 2360 4336 anxii
2390 4284 2578 4343 erant,
2625 4283 2681 4334 et
2710 4279 2789 4334 ad
2820 4294 2884 4333 se
2923 4280 3179 4336 invicem
3224 4279 3644 4351 respiciebant,

1988 4368 2334 4426 bassitantes
2357 4368 2432 4424 de
2458 4382 2579 4440 quo
2609 4366 2865 4435 diceret;
2898 4367 3010 4440 ipsi
3049 4367 3294 4439 quidem
3321 4367 3647 4440 interroga-

1990 4457 2211 4515 tionem
2242 4456 2436 4513 facere
2472 4456 2603 4513 ausi
2631 4470 2753 4511 non
2798 4460 2955 4522 sunt,
2984 4454 3063 4513 ob
3089 4474 3223 4513 eam
3252 4473 3436 4530 quam
3464 4458 3645 4529 paulo

279 4556 373 4604 καὶ
418 4549 580 4615 οὕτως
636 4552 729 4606 ούκ
775 4554 1062 4628 ἐτόλμησαν
1123 4560 1214 4615 τὴν
1273 4554 1546 4631 ἐρώτησιν,
1581 4552 1657 4609 δι’
1704 4560 1765 4616 ἤν
1809 4556 1880 4610 εἰ-

1991 4552 2127 4606 ante
2179 4547 2440 4603 diximus
2491 4560 2786 4603 causam:
2828 4544 2934 4602 sed
2974 4545 3129 4603 hanc
3181 4547 3386 4603 Petrus
3432 4549 3646 4605 Joanni

280 4646 512 4715 ρὴκαμεν
590 4642 775 4697 αἰτίαν·
840 4652 912 4715 τῷ
974 4644 1181 4719 Ἰωάννη
1250 4641 1308 4698 δε
1356 4648 1551 4705 ταύτην
1609 4644 1879 4720 ἐπέτρεψεν

280 4727 308 4784 6
359 4734 568 4806 Πέτρος,
623 4735 690 4795 ὡς
745 4734 1064 4808 ἠγαπημένῳ
1116 4733 1349 4808 μάλιστα
1420 4742 1493 4807 τῷ
1544 4730 1876 4809 διδασκάλῳ,

276 4826 370 4875 καὶ
426 4819 736 4896 ἀνακειμένῳ
810 4830 1102 4882 τηνικαῦτα
1183 4822 1231 4875 έν
1314 4831 1385 4895 τῷ
1442 4823 1613 4897 κόλπῳ
1692 4825 1876 4878 αὐτοῦ’

274 4911 301 4963 ὁ
335 4908 395 4965 δε
439 4917 837 4988 μεταστραφεὶς,
880 4918 969 4966 καὶ
1017 4912 1271 4967 έπιπεσὼν
1324 4912 1410 4967 ἐπὶ
1452 4917 1510 4967 τὸ
1560 4917 1749 4976 στῆθος
1792 4914 1881 4968 αύ-

272 5008 387 5073 τοῦ,
419 5002 529 5075 μετ’
576 5001 838 5064 εὐλαϐείας
882 5003 1148 5075 ἠρώτησεν
1199 5002 1265 5064 εἰς
1311 5006 1369 5055 τὸ
1424 5000 1528 5070 οὖς,
1573 5008 1663 5057 καὶ
1704 5004 1882 5058 λοιπὸν

272 5092 301 5144 ὁ
332 5095 511 5166 Σωτήρ
560 5088 811 5160 συνιδὼν,
866 5093 947 5146 ὅτι
1005 5090 1211 5157 ἀνίατος
1258 5094 1284 5145 6
1333 5090 1537 5156 Ἰούδας
1564 5096 1723 5167 μένει,
1766 5092 1881 5149 οὐδ’

1989 4637 2312 4706 commisit,
2343 4641 2634 4709 tanquam
2667 4635 2920 4691 maxime
2959 4651 2995 4693 a
3019 4635 3387 4710 Prteceptore
3407 4636 3642 4706 dilecto,

1990 4733 2047 4786 et
2074 4734 2217 4785 tunc
2245 4728 2305 4783 in
2336 4727 2461 4799 ejus
2490 4725 2626 4783 sinu
2649 4724 3053 4783 recumbenti:
3084 4730 3146 4784 at
3173 4726 3269 4783 ille
3295 4742 3641 4796 conversus,

1989 4822 2215 4875 etcum
2263 4816 2586 4873 reverentia
2634 4830 2808 4887 super
2848 4822 3057 4887 pectus
3087 4816 3217 4888 ejus
3246 4817 3535 4887 recidens,
3582 4819 3641 4875 in

1989 4923 2199 4965 aurem
2224 4905 2630 4976 interrogavit.
2660 4907 2884 4961 Ettunc
2912 4904 3186 4963 Salvator
3213 4907 3452 4977 cognito
3478 4906 3641 4980 quod

1988 5006 2016 5060 J
2025 5004 2173 5062 udas
2190 5003 2536 5061 incurabilis
2556 5006 2953 5076 permaneret,
2972 5018 3083 5060 nec
3099 5003 3181 5061 sic
3192 5003 3439 5077 quidem
3452 5006 3644 5079 publi-

1991 5095 2150 5153 cavit
2164 5109 2326 5160 eum,
2346 5092 2447 5151 sed
2475 5091 2788 5167 respondit
2817 5096 2874 5150 et
2896 5092 3029 5166 ipse
3053 5092 3119 5150 in
3143 5109 3350 5154 aurem
3385 5095 3539 5154 :Ille
3570 5100 3653 5154 est

345 5272 392 5307 ³⁸
422 5270 620 5330 Matth.
646 5287 803 5342 xxvx,
844 5271 935 5331 25.
1012 5272 1059 5309 ⁸⁸
1087 5274 1256 5330 Joan.
1286 5287 1409 5343 xm,
1434 5274 1524 5341 23,
1557 5272 1646 5328 26.
1716 5274 1763 5310 ³⁸
1791 5273 1944 5332 Ibid.
1970 5277 2058 5332 30.

1503 5412 1731 5484 Variae
1744 5415 2073 5485 lectiones
2093 5425 2160 5484 et
2180 5425 2385 5485 notae.

344 5572 459 5718 £34;
476 5573 654 5659 ’.Δῆλον
682 5577 926 5657 γάρ,.ὡς.
958 5577 1094 5633 Haec
1124 5578 1337 5634 omittit
1361 5575 1495 5633 cod.
1528 5580 1611 5659 Α..
1768 5646 1781 5660 ⁹

369 5646 437 5718 35
503 5651 615 5718 Ετι,
636 5648 1004 5718 omittitcod.
1037 5650 1104 5704 A.
1134 5649 1304 5706 Forte
1334 5648 1690 5718 Euthymius
1707 5652 1781 5707 eti

369 5646 615 5720 βῦγετι,
636 5646 853 5720 omittit
871 5648 1004 5705 cod.
1034 5649 1304 5720 A._Forte
1334 5646 1690 5720 Euthymius
1707 5646 1881 5707 etiam

265 5714 540 5794 dederat,
572 5714 867 5794 ένέϐαπτον,
889 5736 998 5794 pro
1024 5718 1380 5774 ένεϐάπτοντο.

347 5788 463 5862 (36)
489 5785 572 5855 Ὀ,
603 5789 819 5849 omittit
843 5785 905 5847 BI

2090 5577 2180 5636 37)
2213 5580 2315 5631 Καί
2340 5575 2558 5634 omittit
2586 5575 2723 5636 cod.
2752 5578 2819 5634 Δ.

2090 5580 2154 5633 37
2213 5580 2315 5631 Καί
2340 5577 2558 5634 omittit
2586 5577 2723 5636 cod.
2752 5609 2762 5632 Α

2063 5577 2180 5793 Ξ38ξ
2199 5652 2299 5737 καὶ
2323 5640 2481 5722 μηδέ,
2516 5646 2659 5737 βοά.
2688 5648 2762 5708 Α.

2087 5723 2154 5777 39
2181 5726 2291 5775 Των
2325 5722 2593 5793 μαθητῶν,
2621 5720 2762 5780 Cod.

2087 5720 2291 5792 39)Τῶν
2324 5720 2593 5794 μαθητῶν,
2621 5720 2767 5780 Cod.
2795 5721 2863 5777 Α.
