4198 6468
639 351 748 418 6579
1523 393 1534 403 -
1940 356 2296 415 EUTHYMII
2334 356 2662 416 ZIGABENI
3886 361 3978 423 680

639 486 786 542 Dicit
802 485 962 541 enim
973 485 1164 542 Lucas
1185 504 1198 544 :
1216 485 1350 542 Non
1365 490 1534 542 canet
1549 484 1723 543 hodie
1734 485 1932 558 gallus
1947 484 2297 556 priusquam
2325 483 2370 539 Α
2404 488 2630 558 σήμερον

642 581 732 633 ter
760 575 1031 646 abneges,
1064 580 1120 631 te
1147 590 1314 632 nosse
1337 589 1426 631 me
1465 575 1534 631 “.

711 665 871 720 Vers.
926 665 1014 720 35.
1085 665 1236 720 Dicit
1281 694 1351 705 —
1397 663 1718 735 abnegabo.
1765 664 1999 730 Quanto
2058 662 2289 718 ﬁrmius

638 753 900 809 afﬁrmat
923 753 1209 820 Christus,
1243 757 1405 809 tanto
1436 755 1637 809 Petrus
1667 766 1700 809 θ
1726 751 1964 808 diverso
1993 751 2286 822 majorem

635 841 898 899 ostendit
924 841 1322 898 fortitudinem
1357 858 1371 909 ;
1399 841 1723 898 vehemens
1743 840 1905 897 enim
1926 841 2134 898 eratin
2155 840 2285 912 ipso

637 931 881 990 affectus
907 933 1157 1004 proprias
1177 929 1573 996 conﬁdentius,
1597 930 1734 988 ideo
1755 931 2044 986 miserum
2065 929 2286 1002 patitur

636 1023 1014 1092 naufragium
1050 1037 1064 1086 ;
1097 1037 1133 1077 a
1185 1021 1386 1076 divino
1425 1020 1644 1075 auxilio
1695 1019 1858 1076 solus
1913 1019 2170 1088 relictus,
2224 1023 2286 1074 ut

637 1112 766 1183 ejus
785 1115 1070 1181 arguatur
1084 1109 1418 1166 infirmitas.
1438 1109 1575 1165 Vide
1594 1114 1794 1165 autem
1814 1107 2124 1179 quomodo
2151 1112 2285 1180 post

636 1198 764 1256 haec
790 1201 862 1255 sit
887 1199 961 1255 ad
1012 1198 1358 1254 modestiam
1398 1202 1734 1254 revocatus.
1781 1196 2090 1270 Siquidem
2145 1211 2282 1252 cum

636 1294 774 1361 post
801 1289 1306 1344 Resurrectionem
1338 1286 1413 1341 de
1441 1289 1668 1344 Joanne
1697 1285 1945 1341 dixisset
1976 1302 1988 1340 :
2029 1285 2280 1352 Domine,

637 1376 726 1434 hic
755 1385 947 1434 autem
969 1377 1107 1450 quid
1139 1378 1183 1414 ⁸⁵
1213 1377 1242 1433 ?
1265 1382 1323 1433 et
1345 1375 1694 1449 impositum
1719 1379 1876 1431 esset
1903 1373 1954 1431 ei
1984 1375 2283 1431 silentium

634 1466 792 1524 illico
817 1467 1081 1525 obticuit.
1116 1469 1181 1523 Et
1224 1471 1359 1523 ante
1402 1467 1884 1538 Assumptionem
1915 1480 2053 1520 cum
2083 1463 2284 1520 audis-

635 1561 723 1614 set
750 1574 763 1613 :
795 1557 930 1613 Non
956 1563 1038 1614 est
1069 1563 1326 1613 vestrum
1351 1569 1516 1612 nosse
1545 1561 1809 1624 tempora
1840 1555 1933 1611 vet
1955 1554 2282 1611 occasiones

631 1653 960 1717 temporum
1017 1647 1084 1715 ιι,
1120 1645 1384 1702 similiter
1407 1643 1704 1700 conticuit.
1748 1646 1813 1699 Et
1851 1648 1985 1716 post
2031 1643 2160 1700 haec
2212 1642 2282 1698 de

631 1735 810 1792 linteo
835 1751 969 1790 cum
988 1733 1251 1790 audisset
1276 1750 1289 1789 :
1319 1733 1455 1800 Quia
1474 1734 1626 1789 Deus
1647 1733 2012 1804 purificavtt,
2043 1739 2106 1788 tu
2132 1747 2282 1788 com-

2716 483 2965 560 ἇλὶκτωρ,
3049 490 3168 560 πρὶν
3242 485 3273 546 ἤ
3342 491 3457 562 τρὶς
3535 489 3835 564 ἂπαρνήση,
3910 496 3970 564 μὴ

2400 569 2593 627 εἰδέναι
2630 593 2714 646 με.

2469 667 2625 735 Λέγει
2676 693 2746 705 —
2798 662 2998 740 ἀπαρνή
3009 683 3190 735 σομαι.

2396 756 2646 824 Χριστὸς,
2695 761 2942 808 τοσοῦτον
3001 755 3028 806 ὁ
3082 757 3270 830 Ιιετρος
3345 753 3802 830 ἀντισχυρίζεται.
3861 766 3968 832 Σφο-

2395 836 2519 914 δρόν
2547 844 2649 913 γὰρ
2681 841 2730 895 ἐν
2757 851 2899 914 αυτῷ
2927 846 2985 896 τὸ
3035 846 3197 906 πάθος
3251 852 3345 906 τῆς
3391 843 3469 917 ἐφ’
3527 845 3695 917 ἑαυτῷ
3748 851 3968 907 πεποιθή-

2395 948 2542 992 σεως.
2595 934 2684 985 Διό
2735 937 2826 985 καὶ
2873 931 3104 1004 χαλεπὸν
3153 935 3438 1006 ὑφίσταται
3489 937 3762 1008 ναυάγιον,
3802 941 3967 1014 ἕρημος

2391 1028 2486 1083 τῆς
2514 1025 2658 1096 παρὰ
2705 1028 2832 1076 Θεοῦ
2882 1020 3126 1096 βοηθείας
3180 1022 3522 1096 ἀπολειφθεὶς,
3557 1031 3649 1079 καὶ
3706 1025 3960 1100 ἐλεγχθεὶς,

2391 1111 2470 1162 ὃτι
2501 1109 2715 1174 ἀσθενής
2743 1110 2899 1168 ἔστιν.
2931 1112 3068 1188 Ὀρα
3118 1121 3240 1185 γοῦν
3286 1117 3418 1186 μετὰ
3469 1123 3655 1184 ταῦτα,
3716 1126 3813 1179 πῶς
3864 1138 3964 1171 κατ-

2392 1199 2698 1273 εσταλμένος
2736 1199 2868 1255 ἐστί.
2922 1208 3022 1256 Καὶ
3076 1205 3178 1278 γὰρ
3218 1207 3350 1276 μετὰ
3398 1209 3492 1263 τὴν
3537 1205 3864 1274 Ἀνοίστασιν,
3907 1207 3961 1259 si-

2390 1293 2499 1341 πων
2552 1295 2670 1362 περὶ
2721 1298 2813 1343 τοῦ
2858 1291 3114 1358 Ἰωάννου,
3183 1294 3296 1363 (44)
3361 1297 3539 1369 Κύριε,
3591 1295 3740 1359 οὗτος
3792 1293 3846 1349 δε
3884 1300 3960 1360 τί;

2390 1383 2481 1431 καὶ
2533 1378 2943 1454 ὶπιστομισθεὶς,
3000 1380 3192 1435 αὐτίκα
3239 1401 3507 1454 σεσιγηκε.
3586 1391 3688 1438 Καὶ
3746 1389 3836 1458 πρὸ
3882 1393 3959 1445 τῆς

2391 1464 2710 1537 ἀναλήψεως,
2797 1466 3068 1532 ἀκούσας·
3151 1469 3273 1542 Οὐχ
3376 1473 3518 1544 ὑμῶν
3607 1472 3716 1527 ἐστι
3793 1483 3956 1546 γνῶναι

2389 1560 2616 1628 χρόνους
2671 1557 2702 1616 ἦ
2765 1561 3002 1633 καιροὺς,
3074 1559 3264 1631 ὁμοίως
3337 1562 3607 1634 ἡσύχασε.
3679 1569 3768 1617 Καὶ
3839 1565 3954 1635 μετὰ

2391 1653 2576 1714 ταῦτα,
2632 1643 2717 1699 ἐπὶ
2775 1655 2865 1708 τῆς
2913 1646 3097 1709 ὀθόνης
3152 1647 3472 1718 ἕνωτισθεὶς,
3531 1653 3608 1704 ὃτι
3665 1651 3720 1706 ’Δ
3773 1654 3948 1714 όΘεὸς

2391 1732 2687 1810 ἄκαθοὶρισε,
2729 1739 2794 1788 σὺ
2838 1740 2911 1808 μη
2947 1742 3139 1808 κοίνου,
3174 1744 3262 1792 και
3321 1735 3446 1793 οὐδε
3504 1750 3674 1814 σαφῶς
3714 1738 3845 1800 εἰδὼς
3887 1743 3937 1791 τό

3274 672 3433 719 Ὅσον
3515 662 3902 722 διαϐεϐαιοῦται
3949 671 3971 723 ὁ

631 1828 831 1883 munia
859 1839 929 1880 ne
953 1824 1178 1882 dixeris
1228 1824 1298 1890 ‘7,
1349 1837 1706 1896 quanquam
1757 1838 1881 1878 non
1931 1821 2271 1892 intelligeret

2385 1824 2560 1899 ῥηθὲν,
2631 1825 2768 1898 ὅμως
2839 1825 2933 1878 οὐκ
2995 1826 3274 1900 ἐτόλμησεν
3333 1828 3591 1884 ἀντειπεῖν.
3665 1837 3816 1882 Ταῦτα
3876 1824 3929 1879 δε

629 1913 940 1970 manifeste
985 1913 1147 1986 quod
1197 1911 1528 1980 dicebatur,
1560 1927 1682 1967 non
1727 1917 1926 1967 tamen
1971 1927 2155 1967 ausus
2193 1915 2280 1968 est

629 2003 1004 2074 respondere.
1029 2003 1165 2057 Hmc
1189 2005 1384 2058 autem
1408 1999 1615 2057 omnia
1639 2016 1817 2058 casus
1832 1999 1927 2056 ille
1943 2000 2276 2071 negationis

629 2094 901 2149 correxit.
931 2094 997 2147 Et
1010 2096 1145 2148 ante
1166 2090 1280 2147 hoc
1295 2091 1561 2163 quidem,
1584 2089 1880 2162 quidquid
1899 2096 2026 2148 erat
2054 2089 2191 2146 fidei
2216 2090 2277 2148 in

630 2197 694 2238 se
720 2182 1066 2254 reponebat,
1094 2179 1300 2237 dicens
1333 2195 1344 2232 :
1381 2179 1498 2250 Ego
1531 2187 1726 2236 tamen
1765 2195 2064 2251 nunquam
2095 2180 2277 2250 offen-

626 2271 743 2327 dar
780 2271 826 2305 ⁴³
879 2288 893 2337 ;
947 2275 1049 2326 et:
1107 2269 1496 2340 Nequaquam
1546 2274 1602 2325 te
1646 2267 1952 2339 abnegabo
2006 2270 2052 2303 δ’
2089 2284 2103 2334 ;
2137 2281 2276 2326 cum

625 2359 976 2416 addendum
1023 2357 1230 2414 fuisset
1281 2374 1294 2412 :
1342 2357 1401 2412 Si
1473 2362 1526 2414 te
1595 2356 1866 2413 habuero
1916 2357 2272 2428 adiutorem.

626 2447 1004 2504 Postmodum
1059 2453 1257 2503 autem
1309 2447 1386 2501 de
1453 2445 1651 2502 claudi
1713 2445 2021 2502 sanatione
2073 2445 2273 2517 palam

623 2536 862 2594 dicebat
889 2554 904 2592 :
932 2536 1087 2602 Quid
1127 2551 1230 2591 nos
1268 2535 1583 2591 intuemini
1627 2535 1802 2604 quasi
1829 2540 2032 2590 nostra
2059 2536 2276 2592 virtute

623 2629 730 2683 aut
756 2627 976 2695 pietate
1017 2624 1377 2695 elfecerimus
1409 2629 1472 2678 ut
1499 2623 1596 2680 hic
1627 2624 1960 2680 ambularet
1991 2625 2039 2660 ⁸ο
2069 2623 2098 2678 ?

694 2713 839 2770 Hinc
855 2729 996 2784 ergo
1017 2727 1307 2782 magnum
1328 2711 1616 2767 discimus
1632 2711 2082 2778 documentum,
2105 2713 2272 2785 quod

622 2817 809 2874 neque
833 2803 1103 2858 humana
1120 2799 1528 2873 promptitudo
1555 2800 1885 2874 quidquam
1907 2800 2127 2859 efﬁciat
2143 2803 2270 2859 abs-

620 2906 740 2964 que
756 2891 961 2947 divino
981 2889 1222 2955 auxilio,
1247 2905 1436 2961 neque
1457 2888 1733 2946 divinum
1767 2890 2053 2947 auxilium
2081 2891 2270 2964 prosit

621 2979 852 3052 absque
895 2978 1362 3052 promptitudine
1391 2979 1681 3036 humana.
1717 2979 2030 3052 Utriusque
2059 2981 2141 3036 rei
2172 2997 2269 3038 ex-

620 3069 822 3142 empla
869 3073 1008 3126 sunt
1039 3072 1241 3126 Petrus
1288 3075 1344 3125 et
1371 3069 1576 3126 ludas.
1623 3068 1862 3142 Oportet
1905 3085 2046 3140 ergo
2078 3085 2267 3142 neque

618 3158 981 3228 obdormire,
1009 3159 1175 3216 omni
1205 3159 1442 3230 negotio
1489 3161 1550 3214 in
1583 3161 1766 3254 Deum
1805 3160 2043 3231 rejecto,
2074 3175 2266 3233 neque

615 3265 850 3306 rursum
866 3254 1070 3322 putare
1082 3249 1308 3321 seipsos
1324 3264 1504 3305 omne
1522 3264 1674 3322 opus
1687 3248 1938 3306 efficere.
1964 3249 2266 3323 Siquidem

613 3353 724 3396 nec
746 3342 934 3397 totum
949 3344 1230 3412 operatur
1252 3335 1426 3405 Deus,
1462 3354 1534 3394 ne
1562 3338 1736 3396 otiosi
1765 3354 2263 3411 permaneamus;

613 3443 723 3486 nec
754 3434 944 3486 totum
997 3428 1166 3484 nobis
1197 3427 1498 3500 permittit,
1547 3444 1621 3484 ne
1653 3428 1996 3499 gloriemur,
2041 3429 2147 3485 sed
2185 3429 2264 3486 ab

613 3535 973 3594 unoquoque
1040 3517 1203 3592 quod
1250 3519 1534 3576 nocivum
1600 3525 1688 3575 est
1742 3519 2039 3587 auferens,
2099 3517 2264 3591 quod

611 3607 752 3665 utile
781 3615 873 3665 est
900 3606 1076 3664 nobis
1103 3607 1356 3679 reliquit.
1389 3606 1663 3662 Permisit
1683 3606 1882 3680 itaque
1914 3613 2262 3664 casterorum

611 3696 943 3768 principem
974 3692 1208 3761 cadere,
1237 3711 1358 3751 non
1388 3697 1632 3767 propter
1655 3693 1842 3751 dictas
1871 3701 2102 3752 tantum
2129 3712 2264 3752 cau-

611 3799 732 3852 sas,
764 3799 975 3840 verum
1004 3782 1186 3838 etiam
1235 3786 1301 3837 ut
1346 3781 1603 3855 amplius
1653 3789 1923 3851 amaret;
1956 3783 2052 3840 cui
2101 3785 2260 3842 enim

611 3870 928 3927 dimissum
949 3871 1119 3926 fuerit
1138 3869 1398 3942 amplius
1420 3871 1518 3927 hic
1539 3870 1796 3944 amplius
1825 3872 2046 3944 diliget.

683 3963 746 4016 Et
779 3976 892 4016 nos
934 3959 1134 4032 itaque
1177 3959 1492 4016 credamus
1543 3960 1760 4034 ubique
1797 3963 1937 4029 Deo,
1978 3979 2088 4020 nec
2123 3980 2255 4021 con-

609 4048 995 4119 tradicamus,
1023 4049 1254 4106 etiamsi
1276 4049 1433 4122 quod
1465 4049 1543 4106 ab
1563 4066 1635 4108 eo
1658 4049 1873 4109 dicitur
1893 4055 2256 4112 contrarium

607 4154 737 4196 esse
754 4138 1024 4196 videatur
1050 4138 1267 4195 nostris
1297 4139 1762 4211 cogitationibus
1785 4147 1844 4198 et
1869 4144 2212 4216 aspectibus
2242 4161 2254 4201 :

605 4229 678 4287 sit
705 4233 906 4287 tamen
925 4227 1156 4286 ﬁrmior
1174 4245 1370 4286 sermo
1397 4230 1524 4301 ejus
1549 4231 1767 4288 nostris
1806 4233 2257 4304 cogitationibus

603 4321 662 4376 et
702 4317 1062 4393 aspectibus.
1106 4319 1188 4374 Ita
1216 4334 1453 4391 quoque
1482 4318 1543 4375 in
1591 4319 1918 4389 adorandis
1961 4324 2257 4396 mysteriis

601 4404 911 4475 faciamus,
945 4423 1067 4465 non
1095 4422 1165 4465 ea
1195 4405 1392 4465 solum
1421 4424 1558 4481 quae
1591 4418 1999 4484 proponuntur
2027 4414 2255 4470 intuen-

604 4499 707 4565 tes,
740 4497 842 4554 sed
891 4497 1269 4554 sermonibus
1318 4497 1447 4569 ejus
1477 4499 1802 4557 credentes.
1849 4502 2114 4574 Cumque
2160 4502 2255 4558 ille

2385 1916 2554 1966 πάντα
2603 1916 2662 1966 τὸ
2712 1923 2899 1988 πτῶμα
2959 1914 3116 1970 ἐκεῖνο
3177 1926 3272 1980 τῆς
3334 1917 3580 1994 ἀρνήσεως
3630 1918 3922 1992 κατώρθωσε.

2387 2007 2489 2056 Καὶ
2527 2005 2626 2078 πρὸ
2654 2006 2837 2056 τούτου
2867 2008 2956 2078 μεν
2997 2005 3158 2077 ἐαυτῷ
3206 2010 3263 2059 τὸ
3312 2013 3412 2060 πᾶν
3465 2017 3554 2070 τῆς
3600 2012 3797 2068 πίστεως
3838 2007 3932 2056 ἁνε-

2384 2093 2538 2161 τίθει,
2618 2091 2776 2165 λέγων
2821 2110 2834 2124 ο
2915 2095 3043 2166 Ἐγὼ
3130 2090 3188 2149 d‘s
3267 2093 3516 2150 οὐδέποτε
3591 2092 3938 2150 σκανδαλισθή-

2387 2200 2569 2254 σομαι,
2613 2186 2722 2248 καὶ,
2776 2182 2852 2235 οὐ
2919 2189 2991 2255 μή
3077 2203 3135 2238 σε
3193 2183 3578 2261 ἀπαρνήσωμαι
3657 2186 3779 2258 (45),
3844 2178 3944 2235 ὃέον

2383 2276 2704 2343 παρακιρνᾲν
2756 2279 2861 2332 τοῖς
2916 2269 3112 2344 λόγοις,
3179 2275 3259 2327 ὃτι
3314 2275 3430 2328 Ἐὰν
3499 2278 3610 2347 ἔχω
3670 2294 3722 2328 σε
3759 2271 3946 2347 βοηθόν.

2381 2356 2621 2431 ’Υστερον
2660 2355 2740 2428 δε,
2800 2357 2884 2412 ἐπὶ
2934 2370 3026 2414 τοῦ
3074 2362 3272 2434 χωλοῦ,
3321 2360 3621 2439 διαρρήδην
3667 2364 3834 2435 ὒεσγεν,
3884 2363 3952 2413 ὄτι

2385 2444 2536 2518 Ἠμῖν
2592 2451 2643 2500 τί
2699 2445 2975 2520 ἀτενίζετε,
3046 2453 3113 2514 ὡς
3183 2449 3296 2525 ἰδίᾳ
3373 2449 3592 2527 δυνάμει
3655 2455 3681 2515 ἡ
3749 2450 3956 2524 εὐσεϐείᾳ

2382 2540 2698 2594 πεποιηκὸσι
2725 2544 2815 2590 τοῦ
2845 2547 3146 2614 περιπατεῖν
3176 2541 3329 2593 αὐτόν
3361 2560 3374 2612 ;

2451 2710 2707 2764 Ἐντεῦθεν
2759 2709 2846 2765 οὖν
2921 2719 3057 2787 μέγα
3114 2711 3290 2788 δόγμα
3349 2718 3674 2791 μανθάνομεν
3725 2719 3849 2790 (46),
3899 2718 3958 2779 ὡς

2379 2801 2495 2851 οὔτε
2557 2798 2849 2874 ἀνθρωπίνη
2930 2805 3198 2876 προθυμία
3262 2807 3510 2878 κατορθοῖ
3555 2826 3610 2859 τι
3679 2812 3839 2882 χωρὶς
3879 2815 3959 2867 τῆς

2380 2889 2518 2948 θείας
2545 2889 2731 2962 ῥοπῆς,
2764 2893 2879 2943 οὔτε
2925 2892 3033 2944 θεία
3082 2893 3216 2967 ῥοπὴ
3266 2890 3451 2967 κέρδος
3485 2900 3624 2968 φέρει
3676 2903 3840 2970 χωρὶς
3883 2894 3957 2947 ἀν-

2378 2977 2635 3050 θρωπίνης
2687 2980 3000 3052 προθυμίας.
3060 2986 3159 3034 Καὶ
3203 2980 3499 3056 ἀμφοτέρων
3567 2982 3957 3061 παραδείγματα

2378 3068 2564 3137 Πέτρος
2620 3071 2710 3118 καὶ
2765 3065 2992 3130 Ἰούδας.
3045 3068 3196 3123 Ὀθεν
3263 3077 3374 3147 χρὴ
3429 3079 3562 3146 μήτε
3625 3079 3683 3127 τὸ
3737 3080 3834 3126 πᾶν
3883 3073 3955 3126 ἐπὶ

2376 3155 2462 3204 τὸν
2514 3157 2636 3208 Θεὸν
2684 3155 2939 3229 ῥίψαντας
3005 3155 3299 3228 καθεύδειν,
3363 3168 3492 3234 μήτε
3553 3159 3956 3228 σπουδάζοντας,

2377 3245 2433 3294 τό
2464 3249 2564 3296 πᾶν
2605 3243 2817 3308 ὶαυτοῦς
2847 3249 3049 3300 οἴεσθαι
3102 3252 3386 3323 κατορθοῦν
3413 3273 3425 3286 ·
3475 3255 3589 3305 οὔτε
3631 3256 3731 3327 γὰρ
3770 3256 3826 3305 τὸ
3868 3259 3959 3304 πᾶν

2375 3332 2401 3384 ὁ
2454 3336 2576 3395 Θεὸς
2651 3332 2950 3407 ἆργάζεται,
3008 3339 3109 3405 ἶνα,
3169 3343 3240 3412 μὴ
3325 3341 3476 3414 ἀργοὶ
3535 3347 3793 3414 μένωμεν
3853 3344 3962 3394 οὔτε

2374 3425 2432 3474 τὸ
2483 3429 2584 3474 πᾶν
2624 3425 2748 3496 ἡμῖν
2787 3422 3013 3496 ἐφίησιν,
3066 3428 3149 3479 ἵνα
3194 3433 3266 3501 μὴ
3317 3431 3675 3504 καυχώμεθαο
3715 3429 3822 3483 ἀλλ’
3855 3431 3965 3483 ἐκα-

2373 3513 2521 3586 τέρου
2550 3515 2607 3565 τὸ
2639 3510 2891 3588 βλαϐερὸν
2918 3513 3133 3588 ἀφελὼν,
3187 3520 3245 3570 τὸ
3293 3525 3560 3593 χρήσιμον
3609 3521 3732 3591 ἡμῖν
3782 3518 3964 3572 ἀπολέ-

2371 3599 2562 3658 λοιπεν.
2619 3603 2839 3674 Ἀφῆκεν
2892 3599 2979 3656 οὖν
3029 3608 3116 3658 τὸν
3188 3616 3464 3681 κορυφαῖον
3516 3616 3705 3675 πεσεῖν,
3762 3609 3820 3661 οὗ
3876 3614 3966 3682 μό·

2370 3709 2452 3743 νον
2505 3687 2600 3744 διὰ
2650 3694 2744 3754 τὰς
2797 3692 3052 3768 ῥηθείσας
3095 3695 3285 3766 αἰτίας,
3339 3695 3461 3748 ἀλλὰ
3516 3699 3598 3747 καὶ
3647 3697 3730 3746 ῖνα
3790 3697 3962 3749 πλεῖον

2371 3777 2646 3855 ἀγαπήσῃ.
2752 3781 2822 3855 ’ῼι
2887 3783 2999 3857 (47)
3073 3786 3170 3857 γὰρ
3235 3783 3403 3837 πλεῖον
3506 3780 3688 3856 ἀφεθῇ,
3785 3783 3958 3837 πλεῖον

2371 3868 2654 3942 ἀγαπήσει.

2442 3964 2541 4013 Καὶ
2603 3961 2748 4032 ἡμεῖς
2810 3963 2866 4012 τὸ
2918 3970 3006 4013 νῦν
3051 3963 3344 4038 πειθώμεθα
3392 3968 3668 4035 πανταχοῦ
3725 3969 3800 4035 τῷ
3856 3967 3965 4036 Θεῷ

2366 4052 2555 4121 καὶμὴ
2611 4048 2970 4122 ἁντιλίγωμεν,
3024 4056 3114 4104 καὶ
3157 4051 3201 4105 εἰ
3252 4055 3311 4105 τὸ
3359 4053 3482 4127 παρ’
3537 4051 3701 4106 αὐτοῦ
3753 4051 3968 4128 λεγόμε-

2365 4156 2447 4190 νον
2491 4135 2716 4190 ίναντίον
2772 4135 2899 4190 εἶναι
2958 4135 3106 4192 δοκεῖ
3180 4148 3290 4204 τοῖς
3367 4143 3627 4216 ἡμετέροις
3695 4141 3970 4218 λογισμοῖς

2365 4231 2456 4279 καὶ
2493 4234 2606 4289 ταῖς
2665 4226 2818 4299 ὄψεσι
2842 4243 2855 4257 ·
2887 4232 2976 4280 καὶ
3024 4231 3159 4282 ἔστω
3207 4235 3295 4283 καὶ
3352 4230 3618 4304 λογισμῶν
3671 4237 3764 4286 καὶ
3807 4233 3970 4307 ἅψεων

2365 4320 2677 4391 κυριώτερος
2723 4317 2751 4369 ὁ
2788 4315 2940 4388 λόγος
2988 4317 3171 4374 αὐτοῦ.
3222 4319 3374 4373 Οὕτω
3429 4325 3519 4374 καὶ
3573 4320 3660 4376 ἐπὶ
3707 4331 3811 4377 τῶν
3860 4345 3972 4402 φρι·

2364 4412 2498 4456 κτῶν
2541 4410 2846 4478 μυστηρίων
2904 4415 3146 4480 ποιῶμεν,
3191 4412 3265 4482 μὴ
3329 4412 3395 4461 τὰ
3448 4416 3775 4486 προκείμενα
3827 4419 3974 4486 μόνον

2365 4490 2663 4565 βλέποντες,
2713 4493 2842 4580 ἀλλὰ
2887 4502 2992 4558 τοῖς
3043 4495 3218 4569 λόγοις
3263 4505 3356 4550 τοῦ
3409 4505 3684 4557 Δεσπὸτου
3736 4507 3976 4580 πειθόμε-

601 4585 760 4644 dicat
791 4603 805 4642 :
837 4588 966 4642 Hoc
991 4593 1074 4642 est
1116 4601 1328 4656 corpus
1361 4602 1553 4645 meum
1586 4605 1600 4655 ;
1630 4594 1686 4645 et
1718 4602 1731 4644 :
1760 4588 1872 4646 Hic
1899 4595 1983 4647 est
2010 4592 2255 4663 sanguis

2368 4600 2463 4640 νοι.
2497 4587 2598 4637 Καὶ
2627 4579 2809 4643 ἐπειδή
2845 4604 2972 4658 φησι
2998 4602 3011 4616 ⁶
3043 4590 3208 4639 Τοῦτό
3238 4583 3351 4640 ἔστι
3387 4591 3448 4641 τὸ
3481 4595 3648 4666 σῶμά
3688 4614 3816 4668 μου,
3869 4579 3974 4664 καὶ,

601 4690 780 4740 meus,
812 4679 868 4730 et
913 4690 1239 4747 pareamus
1266 4677 1324 4732 et.
1353 4677 1690 4735 credamus.
1725 4678 2022 4751 Siquidem
2075 4680 2252 4740 etiam

600 4762 661 4818 in
677 4762 1001 4835 baptismo,
1022 4763 1322 4822 sensibilis
1350 4767 1594 4840 quidem
1620 4771 1902 4841 estaqua,
1925 4769 2030 4826 sed
2047 4770 2254 4829 intelli-

600 4850 782 4923 gibile
810 4851 1037 4910 donum
1067 4859 1154 4912 est
1203 4856 1595 4926 regeneratio.
1629 4855 1776 4925 Quia
1827 4858 1986 4915 enim
2017 4863 2251 4935 corpori

600 4946 872 4998 conserta
902 4947 992 5000 est
1034 4943 1097 5000 in
1134 4942 1310 5001 nobis
1341 4946 1564 5011 anima,
1614 4945 1676 5004 in
1727 4947 2112 5008 seusibilibus
2162 4951 2250 5011 in-

597 5029 926 5101 telligibilia
953 5033 1195 5092 tradidit
1220 5031 1398 5092 nobis
1431 5036 1602 5091 Deus.

595 5337 646 5374 '°
673 5338 800 5396 Act.
829 5354 912 5407 ui,
940 5339 1032 5395 12.

2360 4675 2524 4726 Τοῦτό
2595 4671 2708 4726 ἔστι
2784 4677 2844 4727 τὸ
2927 4673 3060 4749 αἷμά
3125 4694 3248 4749 μου,
3335 4681 3427 4730 καὶ
3512 4685 3832 4760 ποιθώμεθα
3890 4692 3976 4741 καὶ

2358 4763 2708 4852 πιστεύωμεν.
2771 4769 2872 4817 Καὶ
2931 4767 3034 4852 γὰρ
3089 4769 3180 4819 καὶ
3256 4763 3340 4819 ἔπι
3413 4776 3513 4822 τοῦ
3601 4771 3976 4852 βαπτίσματος

2359 4849 2624 4945 αἰσθητὸν,
2817 4871 2877 4906 το
2924 4850 3124 4945 Δὕδωρ,
3177 4852 3304 4908 ἀλλὰ
3378 4863 3574 4917 νοητὸν
3643 4869 3707 4919 τὸ
3792 4849 3973 4945 δῶρον,

2357 4941 2388 4999 ἡ
2469 4939 2836 5014 ἁναγίννησιςο
2916 4941 3023 4996 ἐπεὶ
3091 4945 3192 5019 γὰρ
3276 4949 3490 5018 σώματι
3571 4939 3975 5028 συμπέπλεκται

2355 5031 2500 5127 ἡμῶν
2550 5031 2581 5089 ἡ
2630 5029 2820 5127 taxa,
2896 5031 2947 5085 ἐν
3012 5031 3284 5096 αἰσθητοῖς
3349 5037 3416 5088 τὰ
3489 5046 3668 5102 νοητὰ
3737 5045 3976 5127 παρέδυ.

2355 5136 2438 5173 κεν
2464 5120 2590 5193 ἡμῖν
2619 5120 2646 5172 ὀ
2676 5124 2815 5182 Θεός.

668 5228 718 5264 ⁸⁸
771 5230 908 5285 Luc.
957 5229 1186 5299 xxu,34.
1244 5230 1492 5286 "Joan.
1553 5245 1666 5297 xxx,
1711 5234 1800 5290 22.
1853 5234 1902 5270 ⁴⁶
1952 5236 2077 5294 Act.
2139 5254 2180 5307 ι,
2231 5247 2287 5308 7,
2336 5243 2382 5280 ⁸⁷
2415 5243 2542 5302 Act.
2574 5259 2631 5312 x,
2678 5249 2763 5303 f5.
2812 5245 2862 5282 ⁴⁸
2914 5245 3113 5305 Matth.
3169 5261 3333 5320 xxvr,
3390 5249 3487 5308 33,
3548 5257 3600 5294 ιο
3679 5261 3836 5325 Ibid;
3897 5265 3980 5324 35.

1796 5439 2018 5514 Variae
2057 5446 2382 5517 lectiones
2422 5459 2488 5518 et
2520 5459 2723 5522 note.

663 5559 781 5701 £44;
805 5558 926 5657 ’Pro
955 5560 1133 5648 Κιξριε,
1162 5558 1266 5619 dat
1291 5565 1381 5616 καί
1411 5563 1552 5622 Cod.
1585 5569 1650 5623 A.

688 5633 755 5685 45
823 5635 1229 5701 Δπαρνησομαι,
1256 5633 1400 5692 Cod.
1430 5638 1491 5694 Β.
1538 5637 1626 5697 Ita

593 5633 1229 5762 cog%)x’tt1sapvécopm,
1256 5633 1400 5692 Cod.
1430 5638 1491 5694 Β.
1538 5637 1626 5697 Ita
1653 5654 1898 5712 quoque
1925 5643 2157 5703 variant
2183 5643 2246 5703 in

2426 5574 2543 5718 £46)
2583 5577 2951 5650 Μανθάνωμεν,
2979 5577 3124 5636 Cod.
3153 5581 3220 5634 Α.

2451 5646 2550 5718 47)
2579 5648 2836 5718 Respicit
2857 5648 2996 5708 Luc.
3033 5666 3130 5718 νη,
3145 5653 3269 5715 47.

2530 5650 2550 5718 )
2579 5648 2847 5720 Respicit
2857 5648 2996 5708 Luc.
3033 5666 3130 5719 vu,
3145 5653 3250 5715 47,
3264 5652 3364 5708 '48.
