4198 6468
205 366 305 428 681
1103 354 1478 420 COMMENT.
1527 360 1598 417 IN
1640 352 2086 418 MATTHAEUM.
2132 392 2201 402 —
2239 358 2399 416 CAP.
2439 354 2632 414 XXVI.
3459 353 3561 414 68‘2

277 492 500 565 Ὁμοίως
562 517 631 529 -
694 483 854 543 εἶπον.
920 487 1293 559 Μιμησάμενοι
1356 490 1445 540 καὶ
1512 485 1661 539 αὐτοὶ
1725 488 1856 541 τόνλ

277 600 427 629 ῐτοον-

1998 488 2138 542 Vers
2167 486 2253 542 35.
2285 484 2574 541 Similiter
2601 514 2670 525 —-
2703 482 3009 541 dixerunt.
3036 482 3337 539 Imitantes
3366 482 3423 536 et
3451 480 3567 552 ipsi

1977 578 2183 629 etrum.

210 586 427 657 Πέτρον.

1977 578 2183 631 etrum.

283 670 413 724 Τότε
429 698 497 708 -
517 664 642 722 ἐκεῖ.
661 669 829 725 Μόνος
853 665 1061 717 ἄπεισιν
1083 662 1151 724 εἰς
1179 667 1506 738 προσευχὴν,
1541 658 1815 717 διδάσκων

217 758 296 810 ὅτι
325 760 436 831 χρὴ
467 758 553 807 τὸν
572 757 771 830 θερμῶς
789 753 1183 826 προσευχεσθαι
1207 752 1453 825 μέλλοντα
1477 757 1816 825 μεμονωνένον

217 846 637 918 προσεύχεσθαι.

290 931 400 1004 [Ὠς
454 933 573 1001 (48)
630 932 901 1004 άνθρώπος
950 929 1304 1005 προσηύξατο,
1365 925 1636 983 διδάσκων
1700 932 1821 992 τοὺς

218 1018 522 1094 ἀνθρώπους
553 1017 602 1071 ἐν
632 1025 948 1092 πειρασμοῖς
990 1020 1403 1093 προσεύχεσθαι,
1449 1023 1540 1071 καὶ
1590 1018 1656 1079 εἰς
1700 1022 1819 1071 Θεόν

219 1106 601 1178 ἀνατείνεσθαι,
629 1112 720 1160 καὶ
750 1106 1098 1182 ἐκτενέστερον
1128 1104 1487 1160 ἐπικαλεῖσθαι
1509 1110 1600 1165 τὴν
1630 1104 1821 1159 ἐκείνου

221 1193 464 1267 βοήθειαν

294 1287 396 1336 Καὶ
446 1281 760 1357 παραλαϐὼν
808 1313 869 1325 -
918 1278 1218 1356 ἀδημονεῖν.
1269 1282 1448 1357 [Ἔστι
1493 1283 1608 1354 (49)
1655 1279 1824 1337 δειλία

223 1375 444 1445 φυσικὴ,
504 1376 575 1445 μὴ
639 1371 890 1432 θελούσης
954 1381 1050 1434 τῆς
1103 1370 1292 1444 ψυχῆς
1351 1368 1679 1445 διαιρεθῆναι
1732 1377 1824 1424 τοῦ

229 1466 493 1531 σώματος,
553 1456 646 1512 διὰ
698 1464 785 1519 τήν
835 1458 891 1523 ἐξ
942 1458 1117 1533 ἀρχῆς
1170 1460 1458 1514 έντεθεῖσαν
1509 1460 1639 1533 αύτῇ
1685 1460 1828 1531 παρὰ

229 1554 325 1599 τοῦ
376 1553 703 1623 Δημιουργόῦ
759 1552 982 1620 φυσικὴν
1042 1551 1368 1622 συμπάθειάν
1414 1568 1465 1602 τε
1510 1554 1600 1601 καὶ
1642 1552 1825 1600 οἰκειό-

232 1655 389 1693 τητα.
432 1640 535 1688 Καὶ
564 1640 673 1688 ἔστι
724 1633 891 1689 δειλία
916 1640 1059 1710 παρὰ
1105 1641 1280 1710 φύσιν,
1327 1638 1382 1690 ἐκ
1414 1634 1701 1713 προδοσίας
1747 1635 1829 1687 λο-

234 1732 446 1795 γισμῶν
495 1730 586 1776 καὶ
644 1724 886 1788 ἀπιστίας
946 1732 1317 1799 συνισταμένη,
1371 1730 1438 1789 ὡς
1483 1728 1602 1779 ὅταν
1659 1745 1740 1787 τις
1782 1723 1829 1775 ἐν

1998 665 2139 719 Vere
2163 664 2254 720 36.
2289 663 2535 718 Tunc—
2573 659 2718 717 illic.
2746 658 2918 718 Solus
2961 658 3086 715 abit
3128 657 3206 715 ad
3252 654 3572 713 orationem

1924 750 2150 807 docens
2202 756 2473 823 oportere
2521 765 2660 805 eum
2702 750 2809 821 qui
2842 748 3135 805 ferventer
3158 750 3435 803 oraturus
3464 744 3569 807 est,

1927 840 2253 896 solitarium
2288 854 2480 895 orare.

1998 929 2039 998 -ι-
2069 929 2110 997 ·ι-
2145 930 2213 983 Ut
2276 926 2460 983 homo
2508 925 2880 997 precabatur,
2912 925 3131 981 docens
3177 922 3457 979 homines
3514 918 3577 974 in

1930 1014 2356 1072 tentationibus
2388 1014 2613 1086 precari
2645 1019 2702 1069 et
2744 1013 2820 1070 ad
2870 1016 3050 1069 Deum
3075 1011 3379 1068 intendere
3415 1022 3579 1066 men-

1930 1109 2049 1162 tem
2075 1108 2252 1175 atque
2281 1101 2588 1160 ardentius
2618 1102 2747 1174 ejus
2772 1100 3095 1173 implorare
3124 1098 3434 1157 auxilium.

2002 1290 2164 1349 Vers.
2196 1289 2287 1348 37.
2331 1288 2409 1345 Et
2440 1294 2730 1359 assumpto
2782 1317 2851 1326 —
2900 1288 3129 1342 mastus
3167 1300 3301 1342 esse.
3334 1285 3376 1355 -ι-
3407 1286 3449 1354 -ι-
3486 1284 3584 1340 Est

1933 1379 2109 1437 timor
2154 1378 2405 1451 quidam
2446 1376 2774 1433 secundum
2812 1380 3114 1441 naturam,
3160 1390 3299 1430 cum
3345 1373 3585 1429 animus

1935 1484 2053 1527 non
2096 1469 2218 1524 vult
2265 1466 2528 1539 disjungi
2577 1482 2615 1523 a
2651 1480 2916 1537 corpore,
2968 1468 3206 1537 propter
3252 1462 3491 1519 insitam
3531 1461 3586 1517 ei

1935 1559 1998 1614 in
2052 1557 2345 1629 principio
2406 1572 2442 1611 a
2494 1554 2769 1611 Creatore
2817 1552 3300 1623 compassionem
3350 1555 3407 1605 et
3446 1565 3587 1605 con-

1933 1644 2324 1718 junctionem.
2380 1645 2475 1699 Est
2530 1658 2662 1698 vero
2703 1641 2877 1697 etiam
2932 1642 3105 1696 timor
3160 1643 3360 1695 contra
3411 1643 3590 1693 natu-

1938 1750 2071 1791 ram
2100 1732 2202 1805 qui
2231 1748 2303 1788 ex
2333 1731 2609 1801 neglectu
2653 1745 2818 1785 senm
2861 1728 3107 1785 rationis
3137 1732 3194 1783 et
3244 1724 3590 1782 inﬁdelitate

233 1816 384 1864 νυκτὶ
438 1808 611 1883 δειλιᾷ
666 1810 759 1865 διὰ
826 1816 889 1866 τὰ
952 1816 1198 1888 φάσματα
1266 1820 1356 1867 καὶ
1427 1819 1544 1875 τοὺς
1610 1814 1830 1886 ψόφους.

1981 1822 2145 1888 ritur,
2178 1820 2381 1887 veluti,
2406 1835 2542 1875 cum
2573 1818 2708 1891 quis
2740 1822 2911 1873 nocte
2936 1817 3119 1884 timet,
3166 1818 3411 1887 propter
3461 1828 3591 1885 spe-

233 1902 443 1958 Ταύτην
473 1896 533 1953 δὲ
563 1906 655 1959 τὴν
702 1898 915 1974 δειλίαν,
950 1906 1013 1965 ὡς
1042 1906 1187 1979 παρὰ
1224 1906 1398 1977 φύσιν,
1447 1906 1474 1956 ό
1516 1906 1746 1977 Χριστός
1775 1906 1834 1954 οὐ

233 1987 595 2062 προσήκατο]

312 2079 420 2130 Ούκ
468 2077 535 2138 εἰς
599 2082 693 2136 τὴν
749 2082 1056 2152 προσευχὴν
1108 2079 1389 2154 παρέλαϐεν
1451 2080 1657 2147 αύτούς,
1712 2078 1841 2132 ἀλλὰ

241 2169 344 2239 πρὸ
386 2174 481 2228 τῆς
520 2175 847 2241 προσευχῆς,
905 2164 1020 2241 ἰδίᾳ
1061 2176 1162 2220 τῶν
1204 2168 1368 2221 ἄλλων
1410 2171 1675 2241 μαθητῶν,
1708 2170 1842 2222 ὥστε

244 2259 400 2327 μόνον
448 2251 779 2318 ένδείξασθαὶ
827 2256 1005 2318 αὐτοῖς
1048 2259 1114 2309 τὰ
1156 2265 1250 2320 τῆς
1295 2257 1481 2320 λύπης.
1523 2259 1734 2331 Μάρκος
1784 2253 1844 2310 δέ

247 2363 408 2416 φησιν
485 2344 564 2395 ὅτι
629 2343 824 2416 ἤρξατο
910 2343 1302 2418 έκθαμϐεἰσθαι,
1384 2350 1544 2417 ἤγουν
1625 2342 1840 2416 δειλιᾷν.

246 2433 436 2504 Ἐφῆκε
481 2434 578 2505 γὰρ
627 2440 689 2505 τῇ
746 2434 897 2505 φύσει
944 2435 1177 2505 πάσχειν
1216 2437 1273 2486 τό
1320 2431 1484 2491 ἴδιον.
1538 2431 1846 2507 Ἀδημονεῖν

248 2515 309 2572 δὲ
354 2526 442 2570 νῦν
493 2522 551 2571 τὸ
607 2522 930 2593 Βαρυθυμεῖν
991 2530 1201 2577 νοεῖται.
1255 2526 1360 2581 Τὴν
1408 2525 1498 2595 μεν
1547 2518 1634 2574 οὖν
1681 2521 1848 2581 λύπην

245 2612 337 2660 καὶ
386 2605 722 2681 βαρυθυμίαν
776 2606 1115 2675 ἐνδείκνυται,
1159 2606 1425 2678 δεικνύων,
1472 2611 1549 2662 ὅτι
1582 2612 1755 2685 ὥσπερ
1785 2613 1852 2663 τὰ

248 2698 421 2748 πάντα
469 2701 594 2757 Θεὸς
650 2695 811 2767 ἔστιν,
880 2699 1011 2751 οὕτω
1064 2704 1152 2751 καὶ
1202 2701 1270 2751 τὰ
1318 2700 1488 2752 πάντα
1552 2701 1840 2776 ἄνθρωπος.

250 2780 419 2838 Ἰδιον
454 2781 513 2837 δὲ
565 2783 886 2859 ἀνθρωπίνης
932 2789 1132 2859 φύσεως
1176 2786 1455 2840 λυπεῖσθαι
1499 2784 1593 2840 διὰ
1632 2794 1717 2841 τόν
1763 2791 1853 2841 θά-

254 2892 427 2940 νατον,
460 2878 550 2925 καὶ
579 2873 810 2947 μάλιστα
853 2878 937 2927 τόν
971 2873 1165 2948 βίαιον,
1215 2881 1305 2929 καὶ
1336 2875 1607 2949 φοϐεῖσθαι
1647 2884 1852 2929 τοῦτον.

257 2966 452 3023 Μόνοις
505 2958 564 3014 δε
624 2964 825 3023 τούτοις
879 2959 1217 3030 ένδείκνυται,
1291 2967 1354 3025 ὡς
1420 2970 1594 3037 μόνοις
1653 2968 1857 3039 θεωροῖς

260 3056 507 3122 γεγονόσι
557 3055 647 3104 καὶ
697 3058 792 3114 τῆς
845 3050 893 3103 έν
945 3060 1006 3124 τῇ
1064 3058 1457 3128 μεταμορφώσει
1511 3055 1645 3115 θείας
1698 3051 1860 3116 δόξης

1943 1916 2069 1969 ctra
2097 1914 2199 1966 aut
2222 1909 2470 1965 sonitus.
2502 1906 2671 1962 Hunc
2700 1906 2973 1962 timorem
3004 1909 3227 1971 autem,
3261 1902 3358 1975 qui
3388 1909 3596 1959 contra

1944 2009 2213 2058 naturam
2243 2002 2352 2063 est,
2389 1996 2653 2053 Christus
2684 2009 2807 2051 non
2836 1992 3064 2050 habuit.

2017 2090 2149 2144 Non
2178 2086 2250 2143 ad
2276 2086 2599 2142 orationem
2636 2099 2739 2140 eos
2768 2082 3115 2155 assumpsit,
3145 2079 3250 2137 sed
3277 2083 3597 2153 autequam

1949 2180 2161 2243 oraret,
2227 2178 2292 2230 ut
2338 2172 2587 2229 seorsim
2642 2170 2932 2243 separatis
2980 2170 3059 2227 ab
3110 2169 3243 2226 aliis
3293 2167 3602 2241 discipulis

1951 2281 2125 2322 suam
2178 2263 2514 2319 ostenderet
2557 2259 2873 2317 tristitiam.
2926 2260 3158 2315 Marcus
3191 2261 3387 2313 autem
3440 2256 3600 2321 dicit,

1952 2352 2118 2427 quod
2148 2350 2322 2423 coepit
2345 2363 2759 2421 expavescere,
2792 2347 2854 2404 id
2876 2350 2971 2404 est
3000 2346 3206 2401 timere
3227 2346 3295 2400 δι.
3325 2342 3605 2402 Permisit

1954 2443 2109 2499 enim
2160 2446 2389 2496 naturae
2445 2438 2571 2510 pati
2627 2436 2792 2509 quod
2859 2452 3038 2491 suum
3096 2439 3239 2492 erat.
3298 2430 3604 2504 Ἀδημονεῖν

1956 2536 2154 2588 autem
2177 2531 2307 2603 (pro
2354 2544 2471 2602 quo
2500 2533 2769 2583 maestum
2794 2541 2922 2582 esse
2970 2525 3272 2594 vertimus)
3306 2523 3608 2593 significat

1956 2636 2117 2678 nunc
2172 2618 2386 2675 acerbo
2435 2631 2567 2673 esse
2617 2616 2841 2671 animo.
2904 2614 3235 2671 Mmstitiam
3297 2612 3496 2685 itaque
3551 2615 3608 2666 et

1957 2709 2138 2767 animi
2192 2705 2580 2763 acerbitatem
2624 2704 3036 2760 demonstrat:
3070 2701 3392 2759 ostendens
3442 2698 3609 2773 quod

1960 2799 2115 2855 sicut
2159 2798 2407 2853 omnino
2462 2798 2615 2851 Deus
2670 2798 2777 2859 est,
2836 2793 2919 2849 ita
2948 2792 3196 2848 omnino
3237 2790 3423 2847 homo
3476 2792 3608 2845 est:

1962 2886 2270 2962 proprium
2299 2889 2386 2940 est
2431 2888 2633 2940 autem
2664 2882 2947 2938 humanm
2996 2886 3222 2937 natura:
3267 2877 3615 2935 mmstitiam

1961 2976 2085 3049 pati
2109 2978 2352 3047 propter
2376 2977 2652 3039 mortem,
2680 2970 2944 3026 maxime
2965 2970 3310 3037 vnolentam,
3336 2968 3618 3039 hancque

1962 3064 2189 3122 timere.
2223 3061 2372 3118 Solis
2402 3065 2601 3117 autem
2631 3058 2724 3114 his
2754 3058 3217 3125 demonstratur,
3267 3061 3331 3112 ut
3360 3056 3465 3129 qui
3505 3052 3620 3109 soli

266 3139 450 3204 αὐτοῦ,
496 3142 585 3191 καὶ
625 3138 812 3212 μᾶλλον
841 3148 941 3194 τῶν
993 3140 1155 3194 ἄλλων
1201 3138 1502 3214 δυναμένοις
1530 3147 1602 3215 μὴ
1638 3142 1856 3218 θορυϐη-

1977 3154 2325 3225 spectatores
2355 3147 2582 3204 fuerant
2609 3146 2828 3202 divinae
2868 3146 3070 3216 glorias
3108 3144 3297 3217 ipsius
3342 3144 3404 3199 in
3435 3148 3621 3198 trans-

269 3229 424 3287 θῆναι
452 3231 542 3280 καὶ
571 3235 900 3284 καταπεσεῖν.

339 3408 465 3457 Τότε
515 3435 583 3444 -
643 3405 752 3479 μετ’
806 3403 951 3479 ἐμοῦ.
1008 3411 1355 3483 Φανερώτερον
1428 3405 1714 3481 έξαγορεύει
1772 3411 1865 3466 τήν

271 3492 539 3546 ἀσθένειαν
590 3501 687 3555 τῆς
738 3496 956 3566 φύσεως,
1016 3497 1080 3555 ὡς
1143 3496 1433 3570 ἄνθρωπος.
1492 3498 1561 3551 Τό
1611 3492 1688 3562 δι,
1741 3493 1869 3555 Ἐως

274 3584 520 3651 θανάτου,
567 3580 681 3635 ἀντὶ
721 3590 833 3649 τοῦ,
865 3584 933 3644 ὡς
976 3581 1024 3635 έν
1058 3583 1284 3655 θανάτῳ.
1342 3587 1620 3659 Γρηγορεῖν
1670 3580 1729 3637 δὲ
1758 3583 1867 3657 μετ’

277 3670 439 3723 αύτοῦ
505 3670 696 3724 κελεύει
748 3674 1084 3746 παραμυθίας
1131 3675 1314 3738 ἕνεκεν,
1363 3675 1433 3733 ὡς
1488 3675 1603 3734 ἔθος
1656 3680 1766 3736 τοῖς
1822 3672 1870 3725 έν

274 3762 669 3833 περιστάσεσιν.
703 3755 829 3813 Εἶτα
857 3766 947 3813 καὶ
974 3764 1190 3824 τούτους
1213 3760 1427 3834 ἀφίησιν
1457 3760 1577 3835 έκεῖ,
1601 3767 1691 3816 καὶ
1719 3767 1872 3837 μόνος

277 3850 490 3903 ἄπεισιν
520 3848 590 3910 εἰς
613 3853 705 3907 τὴν
725 3853 1059 3924 προσευχήν,

356 4028 461 4083 Και
507 4025 763 4101 προελθὼν
807 4056 877 4066 -
920 4025 1100 4079 αὐτοῦ.
1153 4032 1357 4089 Λουκᾶς
1388 4024 1447 4081 δι
1474 4033 1564 4082 καὶ
1606 4032 1665 4082 τὸ
1694 4034 1878 4108 μέτρον

279 4123 377 4170 τοῦ
404 4111 769 4188 διαστήματος
798 4112 952 4183 εἶπεν,
979 4116 1060 4168 ὅτι
1088 4113 1404 4175 ἀπεσπάσθη
1443 4117 1530 4170 ἀπ’
1561 4118 1729 4171 αὐτῶν
1756 4121 1881 4173 ὡσεὶ

280 4206 433 4259 λίθου
470 4203 649 4278 βολήν.

360 4297 790 4368 Προσευχόμενος
844 4321 912 4333 --
965 4294 1034 4353 ὡς
1082 4294 1168 4348 σύ.
1226 4292 1396 4347 Εἰπὼν
1448 4296 1539 4366 μὶν
1580 4296 1659 4347 ὅτι
1696 4296 1754 4349 Ei
1794 4293 1885 4349 δυ-

284 4387 441 4437 νατόν
524 4380 656 4447 έστι,
740 4380 1036 4454 παρελθέτω
1114 4380 1201 4434 ἀπ’
1287 4380 1410 4455 ίμου
1493 4386 1551 4436 τὸ
1641 4390 1887 4459 ποτήριον

1963 3238 2339 3311 ﬁguratione,
2390 3240 2449 3291 et
2496 3234 2600 3307 qui
2650 3234 2843 3304 magis
2895 3234 3047 3290 inter
3096 3246 3298 3287 omnes
3347 3233 3624 3303 poterant

1969 3343 2092 3386 non
2122 3324 2349 3383 turbari
2379 3328 2483 3379 aut
2507 3322 2801 3378 decidere.

2038 3418 2198 3472 Vers.
2243 3416 2333 3470 38.
2398 3412 2563 3467 Tum:
2592 3441 2660 3451 —
2699 3424 2934 3465 mecum.
2976 3407 3335 3465 Manifestius
3397 3411 3625 3462 naturae

1971 3504 2178 3579 pandit
2203 3499 2612 3558 inﬁrmitatem
2642 3503 2935 3570 tanquam
2966 3500 3172 3554 homo.
3206 3494 3378 3561 Quod
3424 3497 3625 3550 autem

1978 3595 2092 3651 ait:
2135 3592 2324 3663 Usque
2353 3590 2434 3647 ad
2462 3596 2724 3652 mortem,
2759 3585 3139 3643 tantumdem
3169 3590 3257 3642 est
3287 3600 3357 3640 ac
3391 3582 3440 3639 si
3469 3581 3631 3639 dicat

1980 3682 2139 3740 Sicut
2194 3682 2253 3737 in
2305 3683 2514 3744 morte,
2564 3676 2816 3747 Vigilare
2860 3691 3000 3732 vero
3050 3690 3258 3731 secum
3308 3672 3481 3745 jubet
3528 3686 3631 3729 eos

1979 3768 2402 3829 consolationis
2451 3766 2659 3837 gratia,
2710 3764 2863 3821 sicut
2892 3764 3075 3820 moris
3120 3768 3210 3819 est
3262 3762 3322 3818 in
3372 3760 3637 3817 afﬂictio-

1980 3860 2176 3916 nibus.
2208 3856 2431 3913 Deinde
2458 3856 2638 3913 etiam
2666 3854 2778 3911 hos
2809 3852 2889 3910 ibi
2911 3852 3208 3926 relinquit,
3233 3855 3289 3909 et
3319 3851 3483 3908 solus
3513 3849 3639 3906 abit

1985 3948 2063 4006 ad
2087 3946 2411 4004 orandum.

2057 4038 2213 4092 Vers.
2270 4034 2359 4090 39.
2411 4032 2489 4089 Et
2526 4045 2971 4102 progressus—
3021 4045 3211 4087 suam.
3261 4030 3450 4085 Lucas
3502 4042 3645 4084 vero

1989 4125 2168 4180 etiam
2244 4121 2420 4195 spatii
2495 4120 2643 4175 dixit
2710 4133 3081 4181 mensuram,
3154 4120 3317 4188 quod
3402 4115 3647 4173 avulsus

1991 4217 2078 4268 est
2102 4211 2180 4266 ab
2211 4212 2294 4265 eis
2323 4212 2618 4279 quantum
2638 4206 2833 4277 jactus
2863 4210 2950 4260 est
2972 4203 3191 4276 lapidis
3223 4205 3293 4259 δ’.

2064 4301 2225 4355 Vers.
2251 4298 2337 4353 39.
2372 4295 2557 4351 Orans
2596 4324 2665 4334 —
2689 4292 2840 4348 sicut
2872 4297 2956 4346 tu.
2994 4292 3202 4346 Dicens
3232 4307 3249 4345 :
3288 4291 3361 4346 Si
3380 4288 3652 4359 possibile

1994 4393 2095 4453 est,
2130 4390 2392 4442 transeat
2437 4398 2474 4439 a
2504 4397 2595 4438 me
2630 4380 2903 4450 poculum
2932 4378 3113 4448 istud,
3163 4377 3503 4432 humanum
3553 4375 3654 4431 de-

287 4479 469 4534 τοῦτο,
546 4466 707 4532 ἔδειξε
772 4474 865 4529 τὴν
944 4469 1269 4544 ἀνθρωπίνην
1350 4468 1566 4541 δειλίαν,
1642 4478 1856 4547 ποτήρια

1998 4474 2349 4533 monstravit
2400 4471 2689 4537 timorem,
2744 4466 3026 4540 poculum
3090 4481 3316 4522 vocans
3370 4469 3650 4519 mortem.

290 4559 457 4629 λέγων
509 4559 568 4609 τό
618 4564 709 4609 τοῦ
767 4559 1003 4611 θανάτου·
1059 4559 1213 4611 εἰπὼν
1254 4555 1313 4612 δὲ
1365 4560 1446 4612 ὅτι
1489 4560 1623 4619 Πλὴν
1671 4561 1776 4634 οὐχ
1823 4565 1856 4614 ὡ

2000 4566 2206 4621 Dicens
2246 4565 2466 4627 autem,
2525 4560 2935 4615 Verumtamen
2988 4570 3107 4611 non
3160 4554 3313 4611 sicut
3342 4569 3443 4625 ego
3492 4552 3653 4621 volo,

299 4649 401 4718 ἐγὼ
447 4644 592 4714 θέλω,
640 4644 834 4708 ἀλλ’ὡς
882 4650 971 4717 σὺ,
1021 4644 1262 4711 έδίδαξεν
1306 4649 1382 4700 ὃνι
1425 4653 1513 4701 καὶ
1557 4658 1647 4711 τῆς
1694 4653 1892 4723 φύσεως

298 4733 646 4796 ἄνθελκούσης
701 4739 807 4810 χρὴ
860 4736 1076 4789 ἔπεσθαι
1133 4744 1206 4808 τῷ
1261 4736 1509 4810 θελήματι
1578 4747 1669 4792 τοῦ
1737 4748 1889 4806 Θεοῦ,

298 4826 392 4875 καὶ
430 4828 688 4896 προτιμᾷν
726 4824 852 4905 αὐτὸ
881 4832 973 4878 τοῦ
1021 4821 1161 4878 ἰδίου
1208 4825 1511 4899 θελήματος,
1545 4831 1613 4891 ὡς
1637 4828 1894 4883 λυσιτελέ-

302 4930 501 4985 στερον.
533 4915 602 4966 Τό
653 4909 732 4978 δι,
784 4913 923 4972 Πλὴν
977 4913 1071 4966 ούκ
1121 4917 1191 4977 ὡς
1238 4913 1334 4987 έγώ
1376 4916 1520 4983 θέλω,
1560 4922 1894 4994 σαφέστερον,

300 5001 327 5054 ὁ
387 5005 595 5063 Λουκᾶς
656 5000 981 5075 ἆπὴγγειλεν,
1039 5003 1211 5073 εἰπὼν,
1266 5003 1407 5081 Πλὴν
1462 5010 1535 5079 μὴ
1584 5009 1643 5060 τό
1703 5008 1901 5081 θέλημά

376 5141 421 5179 ⁵³
455 5141 636 5201 Marc.
675 5158 799 5212 xiv,
831 5142 921 5202 38.
949 5145 997 5181 ³³
1030 5145 1166 5202 Luc.
1192 5161 1327 5213 xxu,
1358 5146 1450 5203 41.

2000 4654 2101 4711 sed
2128 4653 2282 4709 sicut
2311 4654 2395 4716 tu,
2428 4647 2628 4705 docuit
2658 4645 2844 4719 qnod,
2878 4646 3100 4703 natura
3127 4643 3263 4702 licet
3292 4641 3653 4710 retrahente,

2002 4741 2171 4815 sequi
2215 4743 2486 4813 oporteat
2534 4735 2634 4791 Dei
2680 4733 3051 4790 voluntatem
3093 4733 3372 4804 illamque
3394 4729 3653 4804 propriae

2004 4831 2291 4887 voluntati
2337 4839 2706 4900 praeponere,
2762 4828 3054 4892 tanquam
3117 4822 3378 4877 maxime
3428 4818 3652 4874 utilem.

2007 4919 2178 4985 Quod
2204 4933 2342 4973 vero
2389 4916 2505 4972 ait:
2562 4915 2973 4969 Verumtamen
3016 4927 3124 4964 non
3164 4910 3313 4966 sicut
3358 4923 3462 4979 ego
3514 4906 3657 4971 volo,

2006 5008 2109 5065 sed
2149 5009 2303 5063 sicut
2357 5011 2443 5075 tu,
2493 5001 2737 5075 planius
2779 4997 2979 5056 retulit
3029 5000 3214 5057 Lucas
3248 4997 3500 5055 dicens:
3560 4996 3663 5053 Ve-

1507 5321 1733 5395 Varim
1780 5326 2111 5398 lectiones
2155 5335 2221 5396 et
2260 5333 2464 5395 notas.

386 5510 496 5599 (4_8)
538 5513 676 5574 Haec
713 5518 964 5599 uterque
998 5511 1187 5599 codex
1228 5517 1406 5599 habet
1448 5517 1829 5599 in_margin_e_,
1876 5520 1921 5575 A

312 5586 560 5719 ρειξριρεω
589 5588 771 5662 paulo
796 5586 1060 5654 inferius,
1088 5589 1129 5644 Β
1158 5588 1275 5647 hoc
1298 5588 1457 5650 loco.
1495 5591 1665 5648 Caret
1676 5586 1751 5649 Eo
1773 5592 1922 5649 Hen-

602 5755 823 5818 Paraos
860 5754 965 5817 Ga.
1006 5754 1254 5816 CXXIX.

2096 5519 2205 5591 (49)
2237 5515 2424 5574 Etiam
2448 5515 2579 5591 haec
2603 5518 2851 5591 uterque
2878 5515 3061 5578 habet
3085 5515 3149 5575 in
3191 5512 3476 5587 margine.
3511 5509 3678 5585 Apud

2030 5588 2382 5648 Hentenium
2410 5604 2532 5647 non
2556 5588 2789 5661 legitur.
2878 5598 2881 5601 '

3333 5752 3404 5810 g2
3462 5718 3465 5721 .
