4198 6440
673 377 776 441 683

671 600 868 650 autem
922 593 1060 649 dicit
1116 592 1280 665 quod
1352 591 1558 647 orabat
1593 595 1670 656 ut,
1727 590 1774 644 si
1806 587 2088 660 possibile
2145 592 2318 650 esset,

669 683 945 741 transiret
1005 699 1040 738 a
1095 698 1156 737 se
1208 681 1372 746 hora,
1429 679 1698 736 videlicet
1749 679 1977 734 mortis.
2037 676 2102 730 Et
2165 675 2322 746 quod

670 771 931 828 dicebat:
978 771 1144 826 Abba
1193 770 1398 836 Pater,
1438 770 1635 825 omnia
1679 767 1788 823 tibi
1828 765 2124 836 possibilia
2159 769 2318 827 sunt,

673 861 940 930 transfer
960 861 1241 929 poculum
1271 859 1373 914 hoc
1399 874 1435 914 a
1459 874 1568 922 me,
1597 858 1697 913 sed
1721 872 1837 911 non
1868 855 2026 928 quod
2047 869 2142 924 ego
2174 852 2318 918 volo,

673 951 773 1007 sed
800 950 958 1020 quod
1001 957 1064 1004 tu
1117 949 1184 1002 “.
1212 947 1391 1003 Dictio
1423 947 1589 1002 Abba
1625 945 1902 1002 Hebraica
1937 949 2045 1008 est,
2100 941 2324 1011 signiﬁ-

675 1054 818 1095 cans
845 1038 1004 1093 idem
1035 1037 1198 1109 quod
1230 1038 1444 1092 Pater:
1474 1036 1609 1092 ideo
1636 1049 1878 1108 quoque
1909 1047 2017 1087 sua
2042 1031 2320 1102 interpre-

674 1129 820 1184 tatio
863 1128 1140 1198 apposita
1169 1129 1274 1180 est.
1309 1123 1480 1190 Quod
1511 1128 1709 1180 autem
1741 1122 1997 1186 additur,
2045 1119 2164 1175 Sed
2202 1135 2320 1174 non

672 1216 828 1288 quod
854 1231 957 1286 ego
980 1214 1242 1281 volo,sed
1251 1213 1404 1284 quod
1425 1219 1510 1278 tu,
1530 1212 1820 1268 defectiva
1835 1209 2024 1266 oratio
2046 1212 2137 1264 est
2161 1227 2172 1266 :
2199 1207 2322 1263 Fiat

669 1319 794 1361 non
819 1303 983 1376 quod
1015 1317 1127 1372 ego
1157 1302 1311 1371 volo,
1342 1301 1445 1357 sed
1471 1301 1632 1373 quod
1662 1305 1743 1356 tu.

740 1393 910 1464 Apud
958 1394 1174 1447 Lucam
1223 1405 1364 1446 vero
1409 1391 1695 1461 scriptum
1729 1391 1857 1445 est:
1909 1387 2109 1450 Pater,
2143 1385 2195 1440 si
2231 1384 2320 1440 vis

672 1482 997 1550 transferre
1035 1481 1313 1549 poculum
1347 1478 1456 1535 hoc
1493 1494 1529 1535 a
1563 1493 1655 1534 me
1683 1479 1793 1543 lW;
1827 1481 1882 1532 et
1931 1474 2195 1530 similiter
2236 1474 2321 1528 est

671 1570 862 1625 oratio
903 1568 1194 1624 defectiva
1249 1566 1450 1622 deﬁcit
1485 1566 1666 1632 enim,
1721 1563 2013 1621 Transfer.
2049 1564 2118 1618 Ut
2145 1561 2320 1616 homo

671 1663 872 1715 autem
902 1657 1159 1725 dicebat,
1192 1657 1261 1712 Si
1293 1655 1570 1726 possibile
1594 1660 1697 1720 est,
1730 1655 1845 1710 hoc
1875 1657 1980 1716 est,
2029 1650 2320 1717 Quatenus

669 1745 797 1802 ﬁeri
825 1749 1060 1818 potest;
1091 1745 1430 1801 humanum
1475 1747 1565 1800 est
1593 1743 1752 1799 enim
1795 1741 1999 1797 timere
2033 1739 2136 1810 (ii).
2172 1738 2324 1794 Veri-

4119 90 4131 350 l

1983 365 2330 428 summa
2366 365 2696 427 ZIGABENI
3915 375 4005 436 634
4125 345 4131 436 l

669 512 994 562 rumtamen
1016 519 1132 560 non
1157 517 1286 560 mea
1307 503 1604 568 voluntas,
1628 501 1730 559 sed
1755 507 1857 557 tua
1877 500 1980 569 ﬁat
2007 501 2053 534 ⁸³
2094 499 2322 553 Marcus

2430 519 2552 570 μου,
2610 498 2739 550 ἀλλὰ
2779 501 2834 550 τὸ
2889 501 2978 550 σὸν
3025 499 3249 570 γινέσθω
3300 499 3443 570 (50).
3499 502 3711 576 Μάρκος
3758 499 3823 556 δέ
3869 525 3998 578 φησιν

2429 589 2503 638 ὅτι
2555 589 2898 660 προσηύχετο
2945 585 3028 638 ἱνα
3087 588 3218 658 (51),
3259 587 3303 639 εἰ
3348 584 3570 641 δυνατόν
3619 589 3756 657 ἐστι,
3799 595 3996 667 παρελθῄ

2431 673 2518 726 ἀπ’
2566 675 2726 727 αὑτοῦ
2757 676 2786 732 ἡ
2834 677 2960 748 ὧροι,
2995 677 3172 746 ἣγουν,
3207 677 3235 733 ἠ
3269 683 3362 728 τοῦ
3395 679 3638 731 θανάτου·
3673 687 3764 734 καὶ
3803 684 3879 735 ὅτι
3908 683 3998 755 (52)

2427 765 2609 834 ἔλεγεν,
2661 763 2826 816 Ἀϐϐἁ
2878 765 2902 814 ὁ
2967 769 3168 837 Πατὴρ,
3231 767 3402 817 πάντα
3450 763 3650 820 δυνατά
3703 789 3814 822 σοι’
3869 777 3998 844 παρέ-

2427 872 2572 923 νεγκε
2646 857 2704 904 τὸ
2769 858 3016 924 ποτήριον
3088 852 3173 904 ἀπ’
3247 852 3372 926 ἐμοῦ
3441 864 3612 909 τοῦτο·
3685 857 3798 910 ἀλλ’
3858 861 3908 912 οὐ
3957 866 3996 912 τί

2429 940 2530 1012 ἐγὼ
2581 940 2725 1006 θέλω,
2781 940 2908 992 ἀλλὰ
2953 947 3002 993 τί
3051 945 3136 996 σύ.
3187 945 3257 995 Τὸ
3309 946 3398 1015 μὲν
3451 964 3539 997 ουν
3582 945 3765 1015 Ἀϐϐἁ,
3813 947 3988 1024 ἐϐραῖκό

2427 1029 2560 1092 λέξις
2603 1029 2736 1095 ἐστὶ,
2781 1037 3033 1101 σημαῖνον
3089 1033 3146 1082 τὸ
3192 1029 3250 1082 Ὀ
3299 1036 3497 1108 Πατήρ·
3540 1031 3627 1086 διὸ
3666 1041 3756 1089 καὶ
3789 1039 3818 1096 ἦ
3854 1037 3987 1112 ἑρμη-

2426 1123 2535 1171 νεία
2585 1121 2770 1170 τούτου
2823 1120 3137 1193 χροσετέθη.
3191 1123 3260 1172 Τὸ
3326 1117 3406 1184 δι,
3469 1121 3544 1174 Οὐ
3601 1128 3654 1176 τί
3707 1124 3810 1196 ἐγὼ
3870 1126 3988 1196 θελω,

2428 1206 2556 1258 ἀλλὰ
2625 1212 2677 1258 τί
2751 1210 2840 1273 σὺ,
2921 1206 3098 1266 ἐλλιπῆ
3183 1212 3339 1265 εἰσιν.
3435 1209 3681 1266 Ἐλλείπει
3765 1216 3858 1287 γάρ
3923 1217 3983 1280 τὸ,

2429 1297 2678 1352 Γινέσθω.
2733 1295 2888 1348 Ἐστι
2937 1299 3038 1368 ’γὰρ
3084 1299 3140 1349 τὸ
3188 1296 3394 1373 πλῆρες,
3439 1298 3521 1351 ὃτι
3565 1303 3807 1372 Γινέσθω,
3847 1303 3987 1375 οὖχὸ

2427 1383 2524 1456 ἑγὼ
2554 1383 2698 1451 eam,
2732 1382 2838 1436 ἀλλ’
2871 1386 2898 1437 δ
2930 1387 3016 1440 σύ.

2500 1476 2649 1546 Παρὰ
2707 1469 2766 1526 δὲ
2820 1480 2890 1543 τῷ
2940 1478 3120 1544 Λουκᾷ
3179 1477 3492 1547 γέγραπταιο
3551 1479 3740 1552 Πάτερ,
3795 1479 3833 1532 εἰ
3880 1477 3985 1551 βού-

2426 1561 2501 1614 λει
2584 1570 2910 1636 παρενεγκεῖν
2994 1565 3052 1614 τὸ
3135 1568 3382 1637 ποτήριον
3466 1569 3620 1618 τοῦτο
3705 1567 3785 1620 ἀπ’
3857 1567 3978 1641 ἐμοῦ.

2432 1656 2533 1704 Καὶ
2585 1652 2697 1703 ἔστι
2767 1656 2856 1702 καὶ
2927 1658 3079 1702 τοῦτο
3155 1649 3371 1713 ἐλλιπές.
3451 1652 3692 1708 Ἐλλείπει
3754 1659 3842 1726 γὰρ
3908 1659 3975 1721 τό,

2815 1739 2877 1791 Ὢ.
2947 1741 3215 1811 ἄνθρωπος
3293 1735 3352 1792 δί
3431 1738 3580 1797 εἶπεν.
3652 1743 3708 1796 Εἰ
3779 1740 3972 1795 δυνατόν

4125 437 4132 882 1

2767 1656 2856 1702 καὶ
2927 1658 3079 1702 τοῦτο

2431 1743 2735 1814 Παρένεσγκε.

671 1833 865 1891 simile
890 1839 980 1890 est
1009 1838 1210 1890 autem
1239 1833 1443 1889 omnia
1472 1848 1578 1905 per
1608 1835 1807 1904 partes
1832 1830 1994 1886 dicta
2021 1843 2176 1884 esse.
2222 1829 2324 1884 So-

2432 1828 2591 1894 ἐστιν,
2642 1827 2755 1880 ἀντὶ
2785 1836 2896 1894 τοῦ,
2952 1827 2995 1880 εἰ
3024 1825 3387 1900 ἐνδεχόμενον,
3431 1829 3750 1904 Ἀνθρώπινον
3789 1832 3875 1901 γὰρ
3914 1830 3964 1879 τό

670 1923 865 1980 lemus
896 1922 1057 1979 enim
1083 1923 1144 1978 in
1182 1921 1626 1995 precationibus
1671 1935 1860 1976 unum
1887 1923 1944 1975 et
1973 1917 2132 1974 idem
2163 1915 2323 1972 vario

676 2012 861 2069 modo
890 2011 1106 2068 dicere.

747 2253 913 2310 Vers.
940 2255 1030 2309 40.
1070 2252 1151 2307 Et
1173 2257 1328 2309 venit
1358 2281 1426 2291 —
1455 2251 1580 2307 sic?
1615 2249 1712 2306 Sic
1733 2264 1841 2321 per
1864 2247 2116 2304 modum
2149 2247 2325 2302 inter-

673 2343 1002 2412 rogationis
1064 2340 1382 2411 legendum
1409 2343 1498 2395 est
1560 2338 1791 2411 pudore
1825 2351 2084 2407 namque
2132 2333 2325 2391 aﬁ‘ecit

676 2447 837 2488 eum.
879 2431 1053 2502 Atqui
1090 2431 1268 2485 etiam
1313 2428 1409 2483 alii
1440 2427 1838 2483 dormiebant.
1873 2425 1983 2482 Sed
2025 2424 2188 2480 hunc
2230 2438 2322 2478 ve-

677 2519 1011 2576 hementius
1027 2517 1365 2588 objurgavit
1387 2521 1673 2588 tanquam
1697 2514 1890 2584 magis
1922 2513 2320 2579 temerarium,

677 2611 877 2664 dicens
910 2625 923 2662 :
959 2607 1051 2663 Sic
1081 2613 1134 2662 te
1165 2603 1498 2677 promisisti
1528 2604 1827 2658 facturum
1854 2603 1880 2657 ‘l

747 2699 982 2752 VersJO
997 2696 1126 2751 Non
1147 2724 1215 2734 —
1234 2709 1458 2749 mecum
1485 2694 1512 2749 7
1532 2695 1756 2748 Mecum
1774 2691 1925 2747 mori
1946 2691 2319 2762 promisistis,

669 2790 735 2841 .et
761 2800 877 2840 non
903 2783 1176 2855 potuistis
1203 2797 1324 2837 una
1342 2781 1492 2836 hora
1517 2779 1764 2848 vigilare
1796 2796 2028 2835 mecum
2048 2782 2076 2834 ?
2100 2783 2324 2836 Marcus

677 2876 878 2930 autem
909 2872 990 2928 ait
1019 2871 1239 2926 dixisse
1269 2871 1436 2924 Petro
1460 2886 1473 2924 :
1517 2869 1740 2937 Simon,
1769 2869 1990 2924 dormis
2012 2867 2039 2922 i’
2066 2869 2198 2925 Non
2227 2884 2325 2937 po-

679 2961 848 3018 tuisti
867 2976 988 3016 una
1004 2960 1147 3016 hora
1168 2958 1406 3030 vigilare
1422 2960 1469 2994 ⁵⁵
1487 2957 1516 3012 Ῡ
1534 2957 1836 3030 Praecipue
1867 2958 2028 3012 enim
2049 2958 2127 3013 ad
2157 2957 2322 3013 illum

675 3049 889 3106 direxit
913 3062 1273 3112 sermonem,
1305 3045 1524 3102 deinde
1555 3045 1738 3101 etiam
1767 3045 1848 3101 ad
1877 3045 2046 3101 alios.

747 3141 905 3193 Vers.
970 3140 1059 3193 41.
1125 3137 1364 3208 Vigilate
1396 3166 1464 3177 —
1523 3137 1918 3192 tentationem.
1971 3138 2096 3190 Non
2151 3133 2322 3190 vobis

672 3226 819 3300 ipsis
848 3225 1182 3290 conﬁdatis,
1212 3240 1408 3297 neque
1439 3240 1665 3295 magna
1693 3223 2070 3296 promittatis,
2104 3224 2211 3279 sed
2242 3227 2324 3279 at-

672 3316 884 3373 tendite
909 3320 965 3372 et
990 3319 1152 3372 orate
1183 3329 1258 3370 ne
1280 3314 1507 3370 intretis
1535 3315 1593 3370 in
1627 3313 2033 3370 tentationem.
2065 3311 2324 3381 Quidam

672 3420 815 3462 vero
883 3405 1274 3462 tentationem
1339 3404 1804 3476 interpretantur
1855 3402 1953 3460 hic
2003 3403 2078 3458 de
2144 3417 2326 3472 nega-

675 3493 853 3551 tione.

750 3725 909 3778 Vers.
966 3722 1054 3776 Η.
1109 3721 1361 3791 Spiritus
1408 3720 1637 3791 quidem
1684 3750 1751 3762 —
1803 3721 2065 3790 inﬁrma.
2126 3724 2328 3782 Anima

679 3810 927 3882 quidem
959 3817 1238 3881 prompta
1288 3813 1376 3865 est
1421 3813 1478 3864 et
1525 3807 1810 3866 audenter
1839 3811 2066 3867 accedit
2104 3815 2329 3885 pericu-

681 3898 809 3953 lum
836 3913 857 3965 ,'
885 3913 1024 3953 caro
1072 3912 1214 3952 vero
1259 3913 1396 3952 cum
1448 3896 1688 3953 inﬁrma
1739 3899 1829 3968 sit,
1887 3898 2188 3967 formidat,
2223 3919 2329 3959 nec

681 3987 832 4044 adeo
862 3989 1144 4042 constans
1182 3990 1273 4041 est
1301 4002 1314 4051 ;
1352 3985 1488 4040 ideo
1519 3987 1789 4042 convenit
1819 4003 1890 4043 ne
1921 3991 2329 4062 promptitudi-

681 4091 819 4132 nem
868 4074 1084 4130 animm
1123 4073 1490 4130 attendentes
1543 4074 1920 4144 insolescant,
1971 4078 2077 4134 sed
2135 4082 2330 4137 carnis

679 4163 1085 4220 inﬁrmitatem
1117 4163 1491 4219 advertentes
1524 4162 1773 4220 modesti
1803 4166 1938 4222 sint.

750 4255 911 4309 Vers.
942 4252 1034 4310 42.
1067 4253 1289 4308 Rursus
1315 4283 1383 4293 —-
1410 4253 1679 4308 voluntas
1711 4260 1834 4311 tua.
1866 4257 2096 4313 Marcus
2129 4264 2328 4315 autem

681 4342 919 4415 scripsit
947 4342 1107 4414 quod
1138 4341 1418 4398 eumdem
1464 4341 1674 4398 dixerit
1706 4359 2043 4402 sermonem
2080 4349 2148 4402 ⁵⁸.
2179 4349 2331 4406 Veri-

681 4433 872 4488 simile
898 4437 987 4488 est
1012 4447 1154 4503 ergo
1184 4436 1241 4487 et
1265 4432 1426 4487 hunc
1455 4441 1511 4487 et
1540 4431 1706 4487 illum
1737 4432 1972 4490 dixisse.

751 4523 916 4577 Vers.
950 4523 1038 4576 43.
1066 4521 1145 4576 Et
1177 4522 1327 4574 venit
1357 4551 1426 4560 —
1462 4521 1720 4590 gravati.
1751 4523 2167 4582 Gravabantur
2209 4544 2331 4584 non

683 4613 919 4665 tantum
936 4623 1170 4673 somno,
1196 4608 1298 4662 sed
1315 4613 1370 4663 et
1396 4624 1669 4673 maerore,
1701 4609 1849 4666 sicut
1869 4611 2016 4668 dixit
2040 4615 2229 4671 Lucas
2261 4619 2329 4669 ⁸⁷.

683 4698 814 4752 Jam
858 4695 1014 4751 enim
1057 4696 1334 4751 certiores
1375 4696 1511 4752 facti
1555 4704 1725 4754 erant
1753 4700 1828 4755 de
1880 4709 2069 4759 morte
2120 4705 2329 4777 ipsius.

683 4785 917 4840 Marcus
941 4799 1084 4840 vero
1115 4783 1294 4844 dixit:
1330 4786 1403 4842 Et
1425 4787 1760 4845 nesciebant
1781 4790 1927 4861 quid
1954 4793 2009 4849 ei
2028 4798 2334 4865 responde-

685 4878 821 4931 rent
851 4874 924 4930 ⁵⁸.

2433 1913 2749 1979 ἕπιδοιὰζειν
2797 1916 2938 1988 (53).
2998 1915 3084 1977 Ὠς
3136 1920 3236 1989 γὰρ
3293 1921 3422 1978 Θεὸς
3462 1916 3716 1988 ὶγίνωσκεν
3750 1921 3836 1970 εἶτε
3878 1913 3967 1968 δυ-

2431 2009 2582 2058 νατὸν
2613 2002 2694 2072 ἦν,
2727 2008 2822 2057 εἴτε
2861 2001 3138 2061 ἀδύνανον,
3182 2005 3332 2067 Εἰκὸς
3363 2002 3441 2078 δι,
3472 2008 3636 2058 πάντα
3673 2007 3868 2080 ῥηθῆναι
3891 2003 3979 2055 imit

2432 2098 2604 2167 μέρος.
2651 2093 2916 2166 Εἰώθαμεν
2953 2096 3054 2169 γὰρ
3085 2091 3134 2145 ἕν
3164 2100 3279 2155 ταῖς
3324 2102 3649 2168 προσευχαῖς
3679 2091 3909 2167 διαφόρως
3932 2094 3983 2144 τὸ

2433 2183 2558 2235 αὐτὸ
2589 2182 2771 2254 λέγειν.

2506 2276 2604 2324 Καὶ
2662 2274 2874 2342 ἔρχεται
2932 2301 2998 2311 -
3057 2272 3215 2331 οὕτως
3262 2286 3276 2337 ;
3331 2272 3400 2324 Τὸ
3467 2268 3670 2338 οὕτως
3721 2271 3825 2323 κατ’
3884 2267 3990 2344 ἆρὼ·

2430 2379 2584 2418 τησιν
2663 2361 2852 2417 ἠθικὴν
2924 2359 3296 2430 ἀναγνωστέον.
3359 2358 3623 2434 Ἐνέτριψε
3679 2363 3776 2435 γὰρ
3841 2358 3991 2422 αὐτὸν,

2430 2453 2601 2500 καίτοι
2673 2452 2760 2500 καὶ
2827 2456 2925 2499 τῶν
2991 2448 3153 2499 ἄλλων
3214 2442 3592 2500 καθευδόντων·
3657 2447 3781 2500 ἀλλὰ
3836 2449 3998 2500 τούτου

2433 2534 2776 2610 διαφερόντως
2848 2537 3146 2608 καθήψατο,
3219 2539 3287 2598 ὡς
3358 2542 3788 2614 προπετεστερου,
3841 2535 3998 2608 λέγων·

2433 2628 2610 2686 Οὕτως
2649 2627 2889 2698 ὑπέσχου
2917 2643 2929 2692 ;

2507 2716 2618 2767 Οὐκ
2671 2745 2740 2756 —
2797 2715 2906 2786 μετ’
2954 2715 3242 2788 ἐμοῦςΣὺν
3290 2716 3404 2788 ἑμοὶ
3451 2711 3724 2768 ἀποθανεῖν
3781 2714 4006 2786 ἐπηγγεί-

2432 2803 2614 2873 λασθε,
2690 2807 2778 2856 καὶ
2844 2803 2936 2856 οὐκ
2998 2802 3259 2875 ἰσχύσατε
3327 2808 3449 2875 μίαν
3507 2805 3646 2875 ὤραν
3698 2804 4010 2878 ’γρηγορῆσαι

2433 2894 2545 2966 μετ’
2601 2892 2756 2965 ium};
2787 2895 2994 2964 Μάρκος
3048 2889 3106 2944 δι
3157 2911 3335 2965 φησιν,
3397 2893 3477 2944 ὅτι
3514 2891 3649 2964 λέγει
3703 2901 3774 2963 τῷ
3821 2897 4002 2966 Πέτρον

2434 2987 2620 3055 Σίμων,
2679 2977 2990 3045 καθεύδειςς
3051 2980 3162 3033 Οὔκ
3218 2983 3458 3053 ἴσχυσας
3523 2985 3652 3053 μίαν
3707 2982 3841 3055 ὤραν
3887 2999 4012 3055 γρη-

2362 3079 2698 3146 ργορῆσαι;
2742 3071 3146 3143 Προηγόυμένως
3190 3072 3280 3141 μεν
3331 3071 3432 3144 γὰρ
3481 3072 3613 3143 πρὸς
3665 3067 3850 3123 ἐκεῖνον
3902 3066 4013 3121 ἀπε-

2432 3164 2654 3228 τείνατο,
2683 3154 2793 3211 εἶτα
2823 3163 2910 3210 καὶ
2941 3161 3070 3232 πρὸς
3103 3161 3222 3219 τοὺς
3252 3157 3456 3220 ἄλλους.

2506 3253 2811 3322 Γρηγορεῖτε
2862 3276 2934 3288 -—
2989 3251 3296 3319 πειρασμὸν.
3362 3250 3447 3305 Μὴ
3511 3244 3743 3320 θαρῥεῖτε
3809 3246 4016 3313 ἔαυτοῖς,

2435 3338 2573 3410 μηὸε
2655 3335 3024 3407 ἕπαγγίλλεσθε
3100 3334 3318 3406 μεγάλα,
3389 3333 3515 3387 ἀλλὰ
3579 3339 3869 3408 προσέχετε
3940 3336 4020 3385 καὶ

2435 3426 2798 3500 προσεύχεσθε
2861 3428 2931 3496 μὴ
2993 3422 3233 3476 εἰσελθεῖν
3286 3423 3355 3484 εἰς
3406 3429 3719 3496 πειρασμόν.
3777 3427 3920 3486 Τινες
3971 3419 4023 3474 δι

2437 3519 2726 3589 πειρασμόν
2766 3513 2983 3566 ἐνταῦθα
3010 3514 3098 3566 τὸν
3128 3521 3216 3574 τῆς
3241 3509 3500 3584 ἀρνήσεως
3532 3511 3902 3584 ἑρμηνεύουσι.

2506 3739 2576 3790 T6
2601 3737 2690 3808 μὶν
2723 3741 2922 3808 πνεῦμα
2945 3765 3015 3776 -
3041 3735 3274 3796 ἀσθενής.
3306 3730 3364 3788 Ἦ
3393 3737 3485 3808 μὶν
3504 3730 3655 3806 ψυχὴ
3687 3733 4025 3808 προθυμεῖται

2436 3830 2526 3877 καὶ
2584 3824 2886 3896 κατατολμᾷ
2931 3832 3022 3877 τοῦ
3077 3821 3340 3877 κινδύνου·
3403 3827 3433 3884 ἡ
3499 3821 3555 3877 δι
3605 3822 3760 3898 σὰρξ,
3809 3821 4025 3883 ἀσθενὴς

2437 3912 2590 3968 οὖσα.
2623 3913 2989 3966 ὑποστελλεται
3023 3919 3112 3966 καὶ
3143 3913 3236 3966 οὐκ
3264 3914 3472 3966 aurove?
3520 3909 3604 3965 διὸ
3641 3917 3901 3987 προσήκει
3937 3916 4031 3985 μή,

2436 4006 2562 4076 πρὸς
2609 4007 2702 4061 τὴν
2764 4011 2860 4064 τῆς
2895 4001 3079 4073 ψυχῆς
3135 4005 3430 4078 προθυμίαν
3485 4000 3793 4074 βλέποντας,
3847 4004 4040 4078 θρασύ-

2436 4093 2638 4160 νεσθαι,
2680 4089 2824 4161 ἀλλὰ,
2864 4093 2988 4166 πρὸς
3015 4095 3110 4149 τὴν
3144 4098 3240 4154 τῆς
3270 4092 3458 4165 σαρκὸς
3488 4088 3763 4144 ἀσθένειαν
3795 4092 4039 4165 ὁρῶντας,

2437 4186 2834 4254 μετριοφρονεῖν.

2512 4267 2670 4321 Πάλιν
2720 4298 2792 4309 -
2849 4266 3048 4339 θελημά
3100 4286 3215 4322 σου.
3282 4266 3341 4320 ⁸0
3397 4263 3456 4320 δι
3514 4269 3744 4342 Μάρκος
3807 4269 4044 4346 ἔγραψεν,

2439 4359 2520 4410 ὅτι
2566 4361 2652 4409 τὸν
2705 4356 2860 4409 αὐτέν
2902 4357 3051 4429 λόγον
3098 4353 3255 4422 εἶπεν,
3305 4358 3360 4409 ὃν
3424 4359 3514 4408 καὶ
3570 4362 3856 4434 πρότερον.
3913 4360 4052 4420 Εἰκὸς

2364 4437 2411 4492 Ῑ)
2442 4442 2501 4500 δι
2538 4451 2628 4500 καὶ
2657 4444 2863 4511 ἐκεῖνον,
2895 4451 2985 4498 καὶ
3014 4453 3195 4499 τοῦτον
3221 4445 3401 4498 εἰπεῖν.

2515 4539 2616 4588 Καὶ
2689 4534 2842 4588 ὶλθὼν
2922 4565 2992 4576 --
3065 4533 3431 4607 βεϐαρημένοι.
3492 4533 3803 4611 Βεϐοἱρηντο
3863 4539 3923 4594 οὗ
3994 4546 4055 4608 τῷ

2441 4624 2582 4696 ὕπνῳ
2630 4628 2802 4696 μόνον,
2853 4621 2983 4676 ἀλλὰ
3032 4625 3120 4678 καὶ
3154 4629 3215 4695 τῇ
3255 4620 3418 4692 λύπῃ,
3459 4625 3644 4686 καθὼς
3681 4623 3796 4681 εἶπε
3840 4633 4056 4688 Λουκᾶς.

2439 4710 2582 4770 Ἤδη
2631 4715 2732 4788 γὰρ
2782 4711 3280 4786 ἔπληροφορήθησαν
3314 4713 3430 4783 περὶ
3469 4719 3572 4764 τοῦ
3609 4715 3847 4770 θανάτου
3879 4717 4054 4771 αὐτοῦ.

2440 4801 2500 4856 '0
2549 4798 2608 4854 δι
2659 4804 2870 4874 Μάρκος
2920 4800 3056 4856 εἶπεν
3108 4803 3190 4855 ὅτι
3238 4803 3340 4855 Καὶ
3385 4797 3483 4852 οὐκ
3529 4799 3796 4875 ᾔδεισαν,
3847 4805 4062 4874 τι

2446 4891 2822 4968 ἀποκριθῶσιν.

753 5025 804 5059 ⁸³
859 5027 995 5097 Luc,
1043 5027 1301 5094 xxn,42.
1360 5027 1610 5087 “Marc.
1667 5046 1783 5100 x1v,
1831 5037 1918 5090 35.
1978 5037 2048 5074 5"
2104 5039 2242 5098 Luc.
2276 5057 2415 5111 xm,
2470 5045 2558 5099 42.
2619 5045 2667 5080 ⁸⁸
2707 5045 2878 5101 Marc.
2939 5041 3025 5110 14,
3075 5023 3168 5099 37.
3207 5040 3257 5077 “
3313 5037 3596 5114 lbid.39,
3650 5047 3703 5085 ⁸⁷
3764 5049 4062 5111 Luc.xxn.

683 5112 772 5170 45.
807 5113 854 5150 ⁸⁸
884 5117 1059 5173 Marc.
1095 5132 1208 5188 XIV,
1249 5120 1340 5174 40.

1913 5270 2128 5342 Variae
2175 5273 2508 5347 lectiones
2559 5286 2625 5347 et
2671 5285 2876 5347 notas.

755 5400 871 5474 (50)
896 5402 1152 5474 γΓενέσθω.
1183 5402 1326 5460 Cod.
1357 5406 1426 5462 Α.

753 5473 862 5536 (51)
891 5473 1004 5527 Ἵνα
1032 5475 1246 5531 omittit
1277 5476 1414 5532 cod.
1453 5477 1519 5533 A.

754 5477 834 5536 (51
891 5474 1004 5527 Ἵνα
1032 5475 1246 5531 omittit
1277 5476 1414 5532 cod.
1453 5477 1519 5533 A.

754 5474 869 5617 (526
897 5543 1019 5598 *Οτι
1048 5543 1266 5603 omittit
1294 5547 1429 5604 cod.
1461 5552 1528 5632 Ατ

2520 5421 2639 5491 (53)
2691 5417 3085 5491 Frequentius
3117 5415 3349 5491 “legitur
3401 5413 3744 5489 ἐνδοιάζειν.
3809 5429 3926 5491 Sed
3975 5428 4071 5489 hoc

2448 5507 2694 5566 quoque
2727 5505 3000 5565 pronum.

761 5715 851 5791 (ii)
889 5717 1139 5806 Mere.
1162 5717 1456 5780 Dubitare.
1492 5724 1564 5784 Ut
1591 5726 1745 5784 Deus
1776 5729 1959 5800 enim,
1986 5737 2160 5792 norat
2189 5738 2382 5794 utrum
2413 5735 2540 5798 ﬁeri
2577 5743 2782 5815 posset
2809 5753 3020 5799 necne.
3057 5735 3114 5786 -l-
3348 5749 3376 5779 -π
