4198 6504
640 429 743 490 687

1956 418 2301 480 EUTHYMII
2341 420 2647 479 ZIGABEN
2652 417 2674 474 Ι
3877 417 3963 475 688

706 553 870 609 Vers.
926 554 1012 608 45.
1057 550 1138 607 Et
1181 578 1244 591 --
1287 555 1675 621 peccatorum.
1732 551 1850 606 Hoc
1897 547 2277 605 manifestum

2463 547 2567 602 Καὶ
2596 574 2665 587 -
2697 542 3038 618 ἁμαρτωλῶν.
3069 546 3234 596 Τοῦτο
3263 544 3445 613 σαφές.

635 645 743 701 est.

962 755 1111 811 CAP.
1145 755 1296 811 LXV.
1328 754 1416 810 De
1446 752 1770 810 traditione
1796 753 1954 809 Jesu.

702 864 867 921 Vers.
904 865 997 919 46.
1015 862 1245 933 Surgite
1265 893 1333 903 —
1362 878 1452 917 me
1473 862 1675 917 tradit.
1711 860 1899 917 Etiam
1924 859 2063 916 hinc
2084 862 2283 916 osten-

631 951 738 1018 dit,
785 951 949 1025 quod
1002 950 1327 1007 voluntarie
1380 954 1702 1021 pateretur.
1760 948 2069 1004 Praesciens
2123 948 2280 1003 enim

631 1056 735 1099 eos
765 1041 870 1114 qui
892 1056 1031 1095 cum
1058 1039 1357 1110 proditore
1384 1039 1671 1106 venirent,
1704 1053 1825 1093 non
1848 1037 2016 1107 fugit,
2041 1036 2148 1091 sed
2173 1052 2283 1108 po-

630 1132 751 1191 tius
794 1131 857 1188 in
899 1146 1220 1187 occursum
1265 1145 1473 1185 eorum
1524 1130 1678 1184 exire
1728 1128 1984 1193 festinat,
2035 1127 2276 1182 dicens:

632 1222 857 1277 Eamus
886 1219 963 1275 ad
994 1218 1147 1285 illos,
1176 1218 1364 1274 Lucas
1402 1222 1603 1274 autem
1632 1216 1712 1273 ait
1748 1232 1887 1273 eum
1916 1216 2133 1271 dixisse
2162 1216 2282 1271 dis-

632 1310 849 1384 cipulis
875 1326 888 1365 :
927 1311 996 1367 Ut
1028 1310 1173 1381 quid
1200 1308 1461 1364 dormitis
1486 1308 1513 1363 ‘I
1541 1309 1763 1378 surgite
1778 1312 1831 1363 et
1854 1313 2036 1376 orate,
2074 1313 2139 1362 ut
2164 1322 2279 1362 non

629 1400 865 1457 intretis
904 1400 968 1455 in
1003 1398 1372 1455 Mutationem
1403 1398 1471 1449 ⁸⁸.
1508 1395 1831 1452 Verisimile
1858 1402 1944 1451 est
1973 1411 2114 1466 ergo
2149 1395 2279 1451 haec

627 1488 890 1562 primum
922 1487 1157 1552 dixisse,
1182 1485 1393 1543 deinde
1425 1482 1773 1541 addidisse:
1807 1484 2033 1557 Surgite
2060 1499 2273 1542 eamus.

693 1685 853 1739 Vera.
885 1682 973 1738 47.
1002 1682 1080 1738 Et
1099 1681 1293 1738 adhuc
1319 1711 1388 1721 —
1410 1680 1628 1751 populi.
1660 1680 1826 1735 Unus
1851 1679 1922 1735 de
1954 1680 2277 1737 duodecim

623 1771 986 1843 additurpro
1014 1770 1231 1826 indicio
1254 1769 1334 1825 ad
1359 1769 1821 1839 signiﬁcandum
1852 1769 2015 1841 quod
2036 1785 2066 1824 e
2090 1769 2277 1841 primo

2535 806 2680 855 ΚΕΦ.
2718 798 2828 853 ΞΕ“.
2861 801 2987 871 Περὶ
3020 804 3110 857 τῆς
3136 791 3479 868 παραδόσεως
3520 802 3612 848 τοῦ
3644 795 3839 855 Ἰησοῦ.

2460 890 2753 964 Ἐγείρεσθε
2811 919 2880 928 -
2948 882 3277 958 παραδιδούς
3340 903 3423 956 με.
3504 883 3787 938 Κάντεῦθεν
3850 882 3957 938 ἔδει·

2390 979 2469 1041 ξεν
2512 980 2592 1031 ὅτι
2654 977 2778 1029 ἑκὼν
2839 974 3201 1030 ἀποθανεῖται,
3278 969 3538 1047 Προιιδὼς
3588 977 3689 1047 γὰρ
3759 973 3953 1047 ἐρχομέ-

2389 1086 2501 1128 νους
2540 1070 2661 1128 τούς
2701 1069 2820 1137 περί
2863 1068 2950 1116 τὸν
2996 1059 3283 1138 προδότην,
3328 1061 3387 1113 ού
3436 1067 3590 1133 μόνον
3642 1062 3739 1114 ούκ
3785 1066 3951 1135 ἔφυγεν,

2390 1154 2517 1209 ἀλλὰ
2570 1160 2659 1208 καὶ
2716 1154 2789 1215 εἰς
2846 1152 3133 1210 ἀπάντησιν
3189 1152 3353 1204 αὐτῶν
3412 1150 3594 1213 ἐξιέναι
3652 1156 3952 1227 παρασκευά-

2389 1245 2556 1312 ζεται,
2603 1244 2799 1315 λέγων·
2855 1241 3094 1314 ’Ἄγωμεν
3173 1243 3301 1315 πρὸς
3367 1239 3575 1301 αύτούς.
3654 1248 3848 1303 Λουκᾶς
3904 1237 3952 1293 δέ

2388 1353 2545 1406 φησιν
2603 1332 2759 1385 εἰπεῖν
2814 1330 2970 1383 αύτόν
3031 1337 3140 1391 τοῖς
3195 1331 3495 1401 μαθηταῖςο
3552 1335 3617 1382 Ti
3674 1326 3948 1396 καθεύδετε;

2386 1421 2697 1482 ἀναστάντες
2780 1420 3161 1491 προσεύχεσθε,
3247 1419 3329 1469 ἱνα
3413 1422 3485 1489 μή
3568 1417 3818 1476 εἰσελθητε
3890 1417 3949 1479 εἰς

2384 1514 2692 1583 πειρασμόν.
2775 1508 2926 1568 Εἰκὸς
2980 1503 3039 1559 δε
3106 1513 3257 1559 τοῦτο
3335 1514 3538 1578 πρῶτον
3609 1506 3778 1574 εἰπεῖν,
3854 1503 3949 1560 εἶτα

2386 1597 2608 1652 ἐπειπεῖν
2633 1601 2689 1651 τὸ
2723 1596 3034 1669 Ἐγείρεσθε,
3068 1597 3295 1667 ἄγωμεν.

2458 1692 2559 1740 Καὶ
2588 1690 2663 1739 ἔτι
2693 1716 2760 1725 -
2793 1693 2885 1737 τοῦ
2914 1684 3059 1737 λαοῦ.
3116 1684 3201 1744 Εἰς
3252 1690 3350 1734 τῶν
3410 1678 3620 1736 δώδεκα
3671 1684 3770 1755 (57)
3805 1687 3942 1757 πρόσ-

2386 1795 2550 1829 κειται
2586 1780 2883 1849 γνώρισμα,
2940 1770 3130 1830 δηλοῦν
3179 1774 3257 1824 ὅτι
3310 1770 3365 1823 ἔκ
3420 1779 3510 1824 τοῦ
3556 1778 3747 1846 πρώτου
3788 1780 3937 1844 χοροῦ

624 1859 1063 1931 discipulorum
1111 1858 1294 1914 choro
1347 1862 1491 1913 erat.
1534 1860 1599 1913 Et
1635 1857 1900 1929 positum
1946 1863 2033 1913 est
2066 1858 2178 1913 hoc
2216 1858 2275 1913 in

2388 1873 2485 1917 τῶν
2522 1866 2768 1937 μαθητῶν
2821 1859 2905 1920 ἦν,
2938 1862 3038 1915 Καὶ
3068 1864 3180 1913 ἔστι
3209 1862 3292 1933 ρεν
3339 1867 3486 1912 τοῦτο
3540 1864 3807 1930 κατηγορία
3850 1866 3928 1910 τοῦ

2387 1940 2399 1957 .
2507 1950 2525 1957 -
2741 1953 2797 1957 -_
3067 1947 3100 1957 -.
3240 1954 3249 1957 _
3490 1948 3552 1957 ...
3753 1950 3769 1957 -
3845 1955 3861 1957 _

624 1948 793 2005 Judaa
824 1948 1290 2004 accusationem.
1319 1946 1524 2016 Tangit
1550 1950 1751 2001 autem
1780 1946 1895 2001 hoc
1924 1949 1981 2001 et
2008 1945 2156 2002 alios
2187 1946 2277 2001 di-

628 2036 914 2109 scipulos,
947 2051 1069 2092 non
1101 2042 1300 2092 tamen
1331 2035 1639 2106 pudeﬁunt
1659 2034 1979 2090 scribentes
2004 2050 2077 2091 ea
2102 2051 2280 2092 evan-

624 2127 852 2199 gelista
872 2144 885 2194 ;
907 2126 1132 2199 ubique
1154 2126 1311 2182 enim
1329 2124 1553 2181 veritati
1577 2124 1834 2181 student.
1851 2126 2113 2181 Joannes
2134 2142 2276 2181 vero

622 2216 698 2274 de
721 2218 749 2273 Ι
755 2217 875 2274 uda
894 2217 1053 2283 dicit,
1084 2215 1250 2289 quod
1265 2219 1505 2287 sumpta
1519 2215 1761 2271 cohorte
1777 2219 1833 2270 et
1847 2231 1880 2269 a
1895 2214 2277 2285 pontiﬁcibus

621 2310 678 2364 et
706 2306 1012 2363 Pharisaais
1034 2304 1343 2371 ministris,
1367 2304 1524 2361 venit
1541 2303 1676 2360 illuc
1698 2320 1835 2360 cum
1859 2302 2097 2360 laternis
2119 2309 2175 2361 et
2194 2304 2277 2363 fa-

619 2394 791 2451 cibus
825 2410 895 2451 ac
925 2393 1109 2451 armis
1138 2395 1206 2448 “.

2406 1950 2565 2007 ἰούδα
2592 1970 2605 1983 ⁸
2660 1953 2984 2004 καθάπτεται
3054 1947 3114 2002 δε
3169 1954 3258 2001 καὶ
3326 1958 3422 2002 τῶν
3477 1948 3632 1999 ἄλλων
3681 1950 3926 2019 μαθητῶν

2385 2041 2495 2095 ἀλλ’
2540 2040 2634 2094 ούκ
2687 2042 3100 2110 ἐπαισχύνονται
3156 2045 3309 2090 τούτο
3353 2040 3620 2111 γράφοντες
3662 2039 3704 2089 οἱ
3747 2036 3939 2107 εὐαγγε-

2384 2130 2581 2185 λισταί.
2638 2136 2919 2201 Ιιανταχού
2965 2132 3066 2200 γὰρ
3132 2137 3228 2189 τῆς
3303 2126 3547 2189 ἀληθείας
3597 2127 3946 2199 φροντίζουσιν.

2382 2220 2442 2271 Ὀ
2496 2216 2548 2272 δ’
2583 2218 2823 2279 Ἰωάννης
2883 2222 3001 2291 περὶ
3058 2224 3149 2268 τού
3202 2212 3378 2269 Ἰούδα
3433 2220 3591 2286 φησὶν
3656 2217 3748 2281 ὃτι,
3804 2212 3951 2265 λαϐὼν

2384 2310 2476 2365 τὴν
2534 2314 2771 2381 σπεῖραν,
2821 2312 2910 2358 καὶ
2967 2306 3023 2358 ἔκ
3079 2313 3179 2357 τῶν
3218 2304 3506 2378 ἀρχιερέων
3552 2309 3641 2356 καὶ
3688 2306 3955 2377 Φαρισαίων

2386 2397 2666 2469 ὑπηρέτας,
2721 2398 2933 2469 ἔρχεται
2988 2392 3093 2445 ἐκεῖ
3143 2395 3272 2465 μετὰ
3324 2400 3492 2464 patioch
3547 2398 3639 2445 καὶ.
3696 2388 3959 2463 λαμπάδων

618 2497 709 2546 καὶ
759 2492 945 2545 ὃπλων.
991 2491 1049 2545 Ἠ
1111 2498 1301 2567 σπεῖρα
1352 2490 1466 2564 (58)
1519 2492 1609 2564 μεν
1657 2487 1745 2543 οὖν
1784 2488 1845 2549 ἦν
1874 2492 2053 2563 τάγμα
2102 2496 2497 2568 στρατιωτικὸν,
2537 2498 2815 2566 χρήμασιν
2863 2490 3256 2545 ἁναπεισθεῖσα.
3312 2495 3467 2543 ⁴Ιιανοὶ
3517 2487 3577 2544 δί
3630 2494 3695 2545 τὰ
3740 2489 3964 2563 λεγόμενα

619 2582 783 2657 φανάρ
792 2601 865 2637 ια.

688 2680 846 2734 Vere.
886 2680 976 2734 48.
1016 2677 1129 2746 Qui
1170 2708 1240 2719 —
1293 2691 1438 2733 eum.
1496 2678 1538 2747 ιχ-
1563 2678 1604 2747 1-
1650 2675 1918 2732 Proditor
1964 2678 2041 2733 ad
2080 2694 2274 2735 exem-
2304 2681 2345 2739 C

619 2765 789 2839 plum
819 2765 984 2821 Iudas
1026 2769 1132 2831 est,
1168 2766 1272 2837 qui
1307 2765 1598 2821 rationem
1637 2764 1836 2837 prodit
1872 2765 2183 2822 aﬁ‘ectibus
2220 2773 2275 2823 et

622 2853 981 2910 modestiam
1020 2854 1238 2909 mentis
1279 2852 1673 2910 immodestiae
1709 2854 2034 2910 actionum.
2060 2858 2275 2927 Negrat

621 2947 825 3000 autem
845 2941 1034 3009 illum,
1065 2942 1237 2999 sicuti
1271 2942 1497 3007 Petrus,
1520 2942 1624 3015 qui
1648 2947 1891 3015 propter
1915 2948 2141 3000 metum
2167 2944 2274 3000 ho-

620 3036 792 3089 nesta
826 3031 1066 3090 deserit.

691 3121 834 3179 Post
873 3126 1035 3179 tanta
1074 3124 1430 3192 argumenta
1467 3121 1759 3177 occultare
1798 3121 2071 3178 studebat
2107 3121 2274 3195 quod

617 3209 747 3284 ipse
768 3226 905 3267 eum
936 3210 1213 3285 proderet
1235 3229 1248 3279 ;
1272 3210 1407 3266 ideo
1426 3210 1628 3283 palam
1648 3210 1893 3283 quidem
1911 3227 2031 3267 non
2054 3211 2270 3283 prodit,

617 3300 724 3356 sed
752 3300 1029 3357 osculum
1054 3299 1301 3371 efﬁngit,
1334 3299 1620 3356 ﬁduciam
1646 3299 1874 3356 habens
1902 3300 1970 3355 de
1999 3315 2269 3355 mensue-

617 3389 822 3446 tudine
845 3389 1192 3451 Salvatoris.
1216 3388 1382 3461 quod
1400 3405 1539 3445 eum
1566 3405 1687 3445 non
1703 3388 2029 3461 repelleret,
2052 3406 2188 3445 cum
2211 3388 2272 3444 id

620 3479 814 3549 magis
865 3481 1175 3549 suﬁiceret,
1232 3483 1294 3535 ut
1337 3495 1472 3535 eum
1524 3479 1931 3545 confunderet,
1984 3479 2272 3551 omnique

618 3569 796 3624 venia
834 3569 1109 3640 privaret,
1145 3569 1249 3640 qui
1281 3567 1434 3623 adeo
1463 3566 1799 3623 humanum
1836 3567 2152 3639 prodebat.
2186 3567 2274 3622 Ti-

622 3670 796 3711 mens
830 3660 1029 3711 autem
1062 3670 1137 3710 ne
1180 3654 1328 3710 forte
1362 3653 1738 3710 insidiatores
1771 3654 2075 3724 effugeret,
2108 3654 2275 3726 quod

624 3742 965 3814 frequenter
985 3742 1224 3807 fecerat,
1258 3742 1544 3797 admonet
1564 3742 1764 3797 dicens
1789 3759 1801 3797 :
1831 3744 2275 3811 Apprehendite

628 3846 755 3886 eum
781 3836 835 3886 et
856 3830 1117 3886 abducite
1146 3836 1316 3887 caute
1341 3831 1388 3866 °°
1412 3849 1425 3900 ;
1450 3830 1564 3886 hoc
1586 3830 1746 3886 enim
1769 3830 2000 3887 addidit
2022 3832 2271 3887 Marcus.

699 4087 813 4146 Sed
829 4087 1088 4145 Christus
1107 4087 1269 4144 hunc
1288 4087 1590 4155 evincens,
1618 4089 1783 4161 quod
1805 4088 2024 4147 frustra
2050 4106 2110 4147 se
2140 4090 2277 4148 ﬁcto

623 4178 795 4249 signo
826 4177 1119 4241 munierit,
1153 4192 1224 4233 ac
1254 4177 1579 4234 ostendens
1601 4178 1767 4250 quod
1797 4195 1857 4235 se
1894 4179 2146 4236 invitum
2178 4195 2277 4236 ne-

621 4283 917 4341 quaquam
932 4272 1169 4340 possent
1184 4266 1706 4339 comprehendere,
1721 4283 1997 4337 egressus
2013 4269 2159 4325 dixit
2171 4268 2274 4333 eis,

620 4356 778 4414 sicut
804 4356 1039 4428 scripsit
1072 4354 1367 4414 Joannes:
1406 4356 1582 4423 Quem
1613 4357 1875 4427 quwritis
1895 4357 1924 4413 7
1964 4358 2275 4429 Responde-

617 4446 845 4511 runtei,
860 4445 1059 4502 Iesum
1072 4444 1465 4501 Nazarenam.
1486 4444 1637 4501 Dicit
1664 4445 1745 4501 eis
1762 4445 1945 4511 Iesus,
1965 4446 2089 4516 Ego
2122 4462 2271 4502 sum.

616 4535 834 4592 Stabat
857 4542 1043 4589 autem
1072 4538 1127 4588 et
1150 4533 1327 4589 ludas
1352 4532 1452 4604 qui
1477 4534 1747 4589 tradebat
1773 4549 1924 4599 eum,
1955 4549 2088 4589 cum
2108 4534 2271 4604 ipsis.

627 4623 699 4681 Ut
729 4637 868 4691 ergo
897 4621 1056 4677 dixit
1073 4620 1174 4687 eis,
1211 4622 1341 4691 Ego
1370 4637 1519 4688 sum,
1546 4621 1816 4678 abierunt
1848 4628 2185 4691 retrorsum,
2220 4630 2274 4680 et

618 4708 1025 4767 cecideruntin
1050 4714 1265 4764 terram
1291 4710 1359 4764 ⁸⁷.
1382 4710 1424 4764 0
1450 4710 1609 4765 verbi
1633 4710 1962 4781 potentiam
1990 4727 2003 4776 ;
2028 4726 2147 4766 non
2172 4727 2275 4784 po-

2451 2679 2511 2734 Ὁ
2558 2709 2628 2719 -
2658 2677 2810 2730 αὐτόν
2842 2674 3137 2751 [Προδότης
3178 2676 3294 2747 (59)
3339 2678 3430 2749 μεν
3479 2680 3618 2731 κατὰ
3663 2681 3749 2731 τὸν
3778 2673 3968 2731 Ἰούδαν

2383 2769 2409 2820 6
2432 2763 2724 2843 προδιδούς
2750 2768 2868 2839 (69)
2913 2770 2998 2818 τὸν
3027 2765 3176 2836 λόγον
3204 2772 3311 2827 τοῖς
3339 2767 3553 2831 πάθεσι,
3588 2772 3679 2819 καὶ
3716 2771 3808 2826 τὴν
3837 2766 3966 2819 εύνο·

2382 2861 2508 2929 μίαν
2566 2863 2663 2917 τῆς
2712 2854 2895 2926 ψυχῆς
2952 2862 3012 2927 τῇ
3057 2858 3356 2928 παρανομία
3409 2862 3508 2906 τῶν
3568 2857 3823 2931 πράξεων.
3864 2855 3972 2927 ’Δρ-

2381 2952 2540 2997 νεῖται
2587 2941 2646 2997 δε
2694 2944 2868 3013 αὐτὸν,
2921 2946 3056 2995 κατὰ
3108 2947 3195 2995 τὸν
3256 2947 3465 3017 Πέτρον,
3509 2945 3536 2997 6
3587 2942 3682 2997 διὰ
3733 2944 3884 3017 φόϐον
3919 2946 3972 2995 τὸ

2382 3033 2538 3085 καλὸν
2578 3030 3037 3106 παραιτούμενος.]

2454 3122 2599 3174 Μετὰ
2646 3127 2889 3173 τοσοῦτον
2928 3116 2987 3171 δε
3048 3120 3165 3190 (61)
3221 3118 3453 3191 ἴλεγχον,
3509 3118 3683 3175 λαθεῖν
3727 3120 3980 3175 ἐσπούδα-

2384 3209 2487 3275 ζεν,
2547 3210 2625 3261 ὅτι
2684 3208 2866 3270 αύτοὸς
2904 3207 3059 3259 αύτὸν
3122 3203 3444 3279 προδίδωσι.
3499 3213 3585 3262 Διό
3634 3214 3728 3263 καὶ
3784 3209 3839 3263 ἐκ
3897 3216 3982 3263 τοῦ

2382 3304 2598 3373 φανεροῦ
2840 3296 2899 3349 ού
2948 3292 3272 3368 προδίδωσι,
3358 3299 3756 3369 σχηματίξεται
3814 3296 3875 3352 δὶ
3931 3303 3985 3351 τὸ

2382 3386 2600 3459 φίλημα,
2665 3384 2930 3460 θαρρήσας
2985 3392 3045 3457 τῇ
3107 3386 3390 3457 ἠμερότητι
3439 3394 3531 3439 τού
3600 3394 3861 3462 Σωτῆρος,
3915 3390 3990 3441 ὅτι

2382 3475 2475 3527 ούκ
2523 3474 2786 3527 ἀπώσεται
2838 3473 3012 3539 αὐτὸν,
3072 3473 3099 3524 ὃ
3146 3478 3236 3526 καὶ
3283 3477 3395 3544 (62)
3444 3474 3636 3545 μᾶλλον
3702 3479 3881 3530 ἰκανὸν
3934 3474 3991 3535 ἦν

2382 3562 2623 3636 ἕντρὲψαι
2679 3570 2859 3614 τοῦτον
2929 3566 3018 3614 καὶ
3082 3563 3255 3623 πάσης
3332 3560 3696 3634 ἀποστερῆσαι
3756 3571 3994 3637 συγγνώ.

2383 3664 2504 3725 μης,
2556 3654 2637 3704 ὅτι
2688 3654 2777 3703 τὸν
2828 3651 2964 3703 οὕτω
3024 3655 3311 3725 πραότατον
3367 3646 3679 3720 προεδίδου,
3744 3654 3998 3716 Φοϐηθεὶς

2386 3737 2444 3793 δε
2510 3745 2711 3813 μήποτε
2788 3736 3019 3813 διαφύγῃ
3079 3743 3196 3800 τούς
3244 3736 3683 3803 ἓπιϐούλεύοντας,
3718 3739 3745 3789 ὃ
3795 3741 3996 3794 πολλὰ-

2384 3848 2466 3890 κις
2553 3828 2782 3894 ἐποίησε,
2855 3833 3194 3902 παρήγγειλεν
3263 3827 3341 3878 ὅτι
3414 3829 3725 3898 Κρατησατε

2383 3922 2473 3970 καὶ
2554 3916 2852 3989 ἀπαγάγετε
2930 3916 3173 3991 ἀσφαλῶς
3208 3933 3220 3946 ·
3278 3922 3425 3969 τοῦτο
3488 3916 3591 3990 γὰρ
3661 3916 3690 3968 6
3779 3920 4001 3993 Μάρκος

3806 3829 3993 3900 αὐτὸν,

2308 4025 2353 4080 D
2384 4008 2722 4081 προσέθηκεν.

2454 4094 2596 4147 Ἀλλ’
2649 4096 2674 4146 ὀ
2733 4096 2979 4167 Χριστὸς,
3038 4092 3266 4167 ίλίγχων
3327 4092 3480 4146 αὐτὸν
3530 4096 3715 4165 μάτην
3779 4096 4011 4172 ign”-

2384 4182 2671 4255 λιζόμενον,
2717 4188 2806 4235 καὶ
2843 4179 3112 4249 δεικνύων,
3166 4185 3245 4235 ὅτι
3297 4182 3391 4234 ούκ
3446 4180 3507 4233 ἄν
3561 4191 3760 4238 τοῦτον
3816 4189 4015 4244 ἄκοντα

2384 4271 2663 4337 καθίξοιεν,
2740 4270 2948 4333 ἐξελθὼν
3032 4268 3166 4324 εἶπεν
3238 4270 3416 4332 αὐτοῖς
3486 4272 3562 4332 ὡς
3658 4274 3685 4326 6
3767 4276 4015 4341 Ἰωάννης

2388 4360 2659 4435 ἱστόρησε.
2725 4363 2852 4411 Τίνα
2922 4358 3158 4427 Cui-sire;
3222 4358 3621 4431 Ἀπεκρίθησαν
3680 4364 3863 4438 αὐτῷ,
3921 4370 4021 4429 ’Ῑη.

2388 4456 2511 4500 σοῦν
2588 4451 2677 4500 τὸν
2769 4447 3095 4520 Ναζωραῖον.
3187 4450 3343 4519 Λέγει
3417 4448 3614 4511 αὐτοῖς
3686 4454 3714 4505 6
3768 4455 4015 4519 Tuam);-

2384 4536 2521 4609 Ἐγώ
2594 4536 2719 4610 εἰμι.
2801 4537 3043 4596 Είστήκει
3101 4531 3160 4588 dt
3222 4539 3311 4587 καὶ
3380 4536 3500 4608 (63)
3576 4539 3799 4607 Ἰούδας
3854 4549 3881 4601 6
3924 4568 4019 4603 πα.

2381 4621 2640 4699 ραδιδούς
2704 4624 2858 4678 αὐτὸν
2930 4624 3042 4698 μετ’
3095 4623 3281 4679 αὐτῶν.
3362 4622 3453 4684 Ὠς
3530 4628 3657 4704 (64.)
3726 4632 3821 4688 οὖν
3896 4635 4023 4691 εἶπεν

2383 4713 2561 4775 αύτοῖς
2641 4715 2721 4766 ὅτι
2805 4715 2937 4786 Ἐγώ
3003 4712 3129 4786 εἰμι,
3210 4710 3443 4771 ἀπῆλθον
3532 4718 3615 4782 εἰς
3688 4725 3763 4778 τὰ
3836 4726 4023 4794 ὀπίσω,

619 4800 857 4854 tuerunt
867 4797 1157 4853 sustinere
1174 4801 1425 4863 tantum,
1448 4799 1567 4869 Ego
1580 4814 1703 4854 sum
1718 4816 1732 4865 ;
1758 4798 1893 4854 ideo
1908 4814 2036 4854 cum
2049 4804 2104 4855 et
2120 4798 2274 4856 faces

2383 4808 2471 4855 καὶ
2524 4805 2702 4855 ἔπεσον
2740 4806 2938 4875 χαμαί.
2993 4801 3063 4854 Ὠ
3117 4801 3270 4873 λόγου
3326 4795 3667 4875 δυνάμεωςι
3701 4813 3805 4867 οὐχ
3861 4819 4026 4889 ἶσχυ..

619 4886 911 4945 haberent
958 4889 1015 4942 et
1063 4884 1395 4958 lampades,
1452 4888 1733 4943 excaecati
1783 4892 1919 4945 sunt
1975 4904 2093 4945 una
2133 4907 2272 4947 cum

2384 4910 2479 4945 σαν
2533 4892 2824 4963 ὑπενεγκεῖν
2869 4894 2949 4957 τὸ,
3004 4891 3133 4962 Ἐγώ
3187 4888 3313 4962 εἰμι,
3360 4892 3485 4963 (65)
3542 4902 3740 4968 μόνον.
3795 4908 3887 4961 Διὸ
3924 4884 4026 4960 ⁷καὶ

622 4976 941 5051 proditore.
974 4975 1259 5034 Prmterea
1288 4992 1422 5033 cum
1453 4976 1666 5047 gladiis
1690 4981 1747 5034 et
1775 4977 2030 5034 fustibus
2058 4981 2270 5037 armati

2383 4984 2568 5054 φανοὺς
2625 4984 2716 5053 μεν
2772 4985 2862 5035 καὶ
2910 4976 3193 5054 λαμπάδας
3254 4980 3467 5052 ἔχοντες
3530 4985 3663 5063 (66)
3719 4992 4024 5071 ἕτυφλοῦντο

697 5102 745 5139 ⁶⁴
773 5104 907 5159 Luc.
937 5117 1078 5170 xxii,
1110 5101 1199 5159 46.
1237 5102 1282 5137 ⁸⁵
1312 5102 1486 5159 Joan.
1517 5117 1670 5169 xvm,
1698 5105 1749 5158 3.
1784 5104 1831 5139 ⁸⁸
1857 5102 2038 5159 Marc.
2068 5120 2183 5168 xiv,
2220 5107 2277 5160 44

2412 5106 2585 5163 Joan.
2612 5122 2769 5175 xvm,
2803 5108 2853 5174 ε,
2888 5106 2940 5162 6.

1819 5208 2043 5279 Variae
2080 5210 2413 5281 lectiones
2454 5223 2518 5280 et
2548 5223 2748 5281 notae.

718 5333 806 5409 57)
840 5334 1140 5409 Πρὸκειται.
1167 5332 1301 5409 ch.
1807 5407 1815 5409 _
2112 5406 2121 5409 Α

2450 5337 2563 5409 (62)
2606 5338 2907 5409 Chrysost.
2942 5335 3230 5409 tom.,VIl,
3256 5352 3317 5409 p.
3354 5337 3503 5403 793.

716 5403 807 5478 58)
887 5403 1143 5460 Lexicon
1213 5403 1419 5461 inedit.
1502 5410 1691 5478 σπεῖρα
1755 5405 1985 5473 σύνάξις,
2072 5406 2268 5470 πλῆθος

2450 5403 2563 5478 (63)
2606 5403 2948 5478 Καῖοωὶηίῐ
2976 5406 3109 5463 cod.
3139 5409 3205 5461 Α.

619 5476 1040 5551 στραῖτβυμάῖων·
1209 5545 1224 5551 -
1350 5545 1423 5551 .-
1492 5545 1507 5551 -
1580 5476 1631 5551 νζ
1890 5548 1899 5551 _

2447 5476 2561 5551 (64)
2603 5476 2706 5531 Οὖν
2738 5478 2950 5551 omittit
2987 5480 3124 5551 codt
3164 5478 3230 5533 Α.

662 5545 1304 5648 [Ξοὲξῖἷιοοᾱθι
1334 5546 1379 5601 Α
1407 5545 1591 5604 habet
1612 5547 1675 5604 in
1713 5548 2001 5621 margine.
2050 5550 2266 5609 Hente-
2447 5545 2566 5639 (65').
2597 5555 2783 5616 Μόνον,
2814 5549 2992 5637 habet
3016 5548 3149 5606 cod.
3180 5550 3228 5604 Α
3252 5550 3447 5621 paulo
3501 5568 3688 5641 ante,
3749 5581 3897 5648 post
3946 5579 4029 5631 ὑπο

615 5611 753 5676 nius
783 5611 906 5673 non
926 5616 1128 5671 habet.
1846 5611 1877 5621 “’

2383 5611 2611 5676 ενεῖνκεῖν.
2934 5632 2939 5637 ’
3252 5611 3271 5621 -
3506 5611 3593 5620 ἡ-
3603 5611 3688 5641 ,ν’

713 5687 803 5834 60)
837 5683 1131 5775 Παραδούς.
1174 5686 1312 5744 Cod.
1344 5688 1416 5746 A.

713 5762 773 5817 61
843 5763 903 5813 Δε
928 5763 1146 5819 omittit
1175 5758 1312 5819 Cod.
1340 5760 1412 5821 Α.

2443 5683 2560 5767 (66)
2584 5693 2723 5751 Post
2752 5694 2982 5766 ἔχοντες,
3009 5691 3179 5752 addit
3207 5690 3342 5750 cod.
3373 5698 3423 5750 Δ
3459 5709 3590 5766 καὶ,

2447 5408 2469 5622 Ξ

713 5758 803 5821 61)
843 5762 903 5813 Δὶ
919 5758 1146 5819 omittit
1175 5758 1312 5819 Cod.
1340 5760 1412 5821 Α.
