4198 6440
301 342 409 403 689
1269 338 1605 397 ΟΟΜΝΕΝΤ
1618 383 1631 396 .
1678 336 1749 394 ΙΝ
1799 334 1888 391 MA

2001 332 2243 391 HEUM.
2287 365 2350 378 -—
2393 334 2548 392 CAP.
2590 336 2789 393 XXVI.
3557 334 3665 393 690

302 471 435 542 μετὰ
488 474 584 522 τοῦ
635 464 916 543 προδότουο
954 469 1251 541 μαχαίραις
1298 462 1358 519 δε
1402 470 1491 519 καὶ
1542 464 1711 529 ξύλοις
1741 463 1888 517 ὠπλιι

2005 464 2218 526 essent,
2250 460 2519 517 dissoluti
2543 464 2680 516 sunt
2710 465 2765 517 et
2792 459 3152 517 ceciderunt.
3194 461 3517 534 Postquam
3555 476 3662 518 au-

306 563 488 626 σμένοι
569 559 895 629 τυχάνοντες,
991 555 1303 630 παρελύοντο
1385 560 1475 607 καὶ
1562 560 1888 608 κατέπιπτον.

2005 553 2125 605 tem
2155 565 2330 605 suam
2373 548 2632 605 ostendit
2676 550 2977 614 virtutem,
3025 549 3309 621 deinceps
3353 550 3655 623 permittit,

306 648 451 701 Ἐπεὶ
492 643 551 700 δε
596 643 762 709 ἔδειξε
806 650 899 703 τὴν
935 644 1094 716 ἰσχύν
1144 644 1325 712 αὐτοῦ,
1355 648 1470 697 τότε
1525 644 1702 696 λοιπὸν
1744 661 1888 696 συνε-

2003 653 2073 693 ac
2102 638 2315 693 iterum
2342 636 2730 707 interrogavit
2750 654 2854 694 eos
2882 657 2894 694 :
2923 640 3098 707 Quem
3125 640 3391 711 quaeritis
3417 640 3445 695 ἵ
3464 642 3535 695 At
3566 638 3658 695 illi

304 742 543 810 χώρησε,
594 740 683 787 καὶ
727 733 880 786 πάλιν
926 733 1117 795 αὐτοὺς
1151 733 1456 807 ἐπηρώτησε
1491 751 1502 762 ·
1549 738 1676 785 Τίνα
1714 732 1888 793 ζητέῖ-

2001 727 2310 791 dixerunt,
2338 729 2530 783 Jesum
2542 728 2613 787 Ν
2614 728 3275 797 αωνεηιιιτι.ῌεεροηάίι
3295 728 3462 785 Jesus
3483 747 3494 786 :
3514 728 3654 783 Dixi

301 842 398 891 rs;
447 828 513 878 Oi
580 821 646 877 ’δὲ
694 822 870 876 εἶπον·
937 822 1142 881 Ἰησοῦν
1210 826 1296 875 τὸν
1365 822 1693 897 Ναζωραῖον.
1748 820 1888 874 ’Δπε-

1998 816 2176 884 vobis,
2204 816 2360 886 quod
2386 830 2486 885 ego
2508 831 2665 872 sum.
2702 816 2769 872 Si
2791 832 2915 887 ergo
2935 831 3026 872 me
3048 816 3336 887 quaeritis,
3362 816 3536 872 sinite
3555 815 3651 873 hos

295 916 455 988 κρίθη
505 913 712 974 Ἰησοῦς
745 928 759 942 ·
821 908 976 964 Εἶπον
1012 911 1154 983 ύμῖν,
1196 913 1273 964 ὃτι
1330 911 1461 983 Ἐγώ
1516 911 1638 983 εἰμι.
1699 910 1760 962 Εἰ
1806 907 1888 962 οὖν

1999 904 2167 961 abire
2202 905 2270 959 ⁵⁸.
2300 905 2326 957 «Ι
2337 904 2483 960 udas
2508 920 2643 959 vero
2672 904 2765 959 his
2796 920 3039 977 quoque
3068 906 3147 961 ita
3176 904 3365 971 factis,
3396 920 3519 961 non
3556 908 3649 962 est

297 999 384 1072 ἐμὲ
457 997 679 1069 ζητεῖτε,
734 1001 886 1073 ἄφετε
953 1002 1165 1061 τούτους
1238 1000 1473 1071 ὑπάγειν.
1530 1000 1589 1052 Ὁ
1642 996 1701 1051 δε
1763 998 1888 1051 Ἰού-

1998 996 2266 1049 mutatus
2298 1011 2311 1051 :
2339 1007 2450 1047 nec
2475 992 2726 1049 minimo
2751 994 2991 1065 quidem
3029 997 3254 1067 puncto
3284 993 3359 1051 ab
3387 993 3483 1051 his
3508 1009 3644 1067 qum

300 1085 415 1158 δας,
466 1094 555 1142 καὶ
627 1091 823 1142 τούτων
896 1092 1030 1141 οὕτω
1100 1094 1397 1163 γινομένων,
1466 1089 1525 1142 οὐ
1598 1086 1887 1160 μετεϐλήθη

1997 1080 2393 1153 disposuerat,
2429 1080 2725 1137 discessit.

298 1184 393 1230 κᾶν
416 1186 540 1250 γοῦν
569 1182 775 1253 μικρὸν,
808 1174 932 1231 οὐδε
954 1186 1055 1230 τῶν
1083 1175 1408 1252 δεδογμένων
1432 1176 1718 1250 ἀπέσχετο.

375 1274 475 1321 Καὶ
533 1268 712 1330 εὐθέως
752 1298 821 1308 -
878 1267 1051 1323 αὐτόν.
1086 1274 1223 1326 Φησὶ
1276 1266 1336 1321 ὀὶ
1386 1273 1471 1321 καὶ
1510 1268 1645 1339 (67).
1682 1272 1889 1327 Λουκᾶς

299 1356 459 1409 εἰπεῖν
523 1360 608 1409 τὸν
657 1360 886 1429 Χριστὸν
940 1359 1069 1431 πρὸς
1126 1354 1353 1423 Ἰούδαν,
1413 1356 1694 1429 έγγίσαντα
1740 1356 1887 1429 φιλῆ-

295 1464 389 1497 σαι
423 1444 600 1498 αὐτόν’
658 1442 850 1512 Ἰούδα,
912 1444 1164 1517 φιληματι
1217 1449 1304 1498 τὸν
1361 1449 1481 1499 Υίὸν
1541 1452 1632 1498 τοῦ
1692 1443 1884 1517 ἀνθρώ-

285 1552 389 1587 που
465 1531 816 1609 παραδίδως;
870 1537 1233 1608 Μακροθύμως
1291 1538 1393 1608 γὰρ
1473 1534 1662 1598 ἐξεῖπεν
1741 1534 1881 1604 αὐτῷ

286 1626 375 1674 καὶ
422 1626 510 1675 τὸν
564 1627 757 1676 σκοπὸν
814 1631 906 1675 τοῦ
968 1623 1275 1696 φιλήματος,
1325 1627 1413 1675 καὶ
1480 1618 1878 1696 προσωνείδισε,

284 1716 567 1770 ποιήσαντι
623 1716 681 1765 τὸ
737 1712 990 1785 σύμϐολον
1041 1720 1133 1774 τῆς
1183 1712 1393 1784 ἀγάπης
1444 1711 1699 1785 σύμϐολον
1751 1730 1883 1786 προ-

286 1796 473 1862 δοσίας
501 1821 513 1834 ·
562 1806 651 1854 καὶ
703 1804 836 1874 ὅμως
894 1802 987 1854 οὐκ
1040 1800 1308 1866 ἀπώσατο,
1370 1800 1498 1853 ἀ).λὰ
1548 1806 1638 1854 καὶ
1690 1803 1749 1853 τό
1802 1804 1881 1872 φί-
1911 1802 1955 1858 Β

283 1888 423 1962 λημα
490 1886 725 1957 ἐδέξατο,
766 1896 856 1944 καὶ
911 1894 1175 1963 παρέσχεν
1227 1890 1407 1943 ἑαυτὸν
1460 1890 1532 1951 εἰς
1581 1889 1694 1961 (68)
1748 1888 1879 1941 ἀπα-

285 1984 476 2049 γωγήν.
535 1979 595 2031 Ὀ
655 1976 733 2045 δὲ,
796 1985 885 2032 καὶ
948 1988 1042 2042 τῆς
1102 1977 1364 2052 δυνάμεως
1416 1980 1572 2032 αὐτοῦ
1619 1982 1875 2037 τοσαύτην

287 2065 451 2118 λαϐὼν
504 2064 795 2134 ἀπόδειξιν,
856 2072 945 2121 καὶ
1000 2076 1091 2129 τῆς
1146 2068 1423 2131 ἐπιεικείας
1472 2073 1561 2121 καὶ
1622 2068 1871 2141 ἡμερότη-

289 2172 389 2219 τος,
415 2158 592 2229 θηρίου
622 2160 813 2219 παντὸς
841 2156 1202 2232 χαλεπώτερος
1233 2160 1415 2230 ἔμενεν.

359 2242 419 2297 Ὀ
485 2241 542 2298 δε
614 2244 813 2307 Ἰησοῦς
873 2276 941 2287 —
1015 2231 1187 2320 πάρει.
1263 2246 1399 2321 Ὀρα
1481 2246 1871 2319 εύσπλαγχνίαν

286 2329 675 2405 ἆνεκδιήγητον.
728 2333 901 2407 Ἄχρι
960 2337 1059 2407 γὰρ
1137 2339 1226 2387 καὶ
1303 2333 1592 2409 παρεδόθη,
1655 2333 1869 2395 ἐκήδετο

2048 2345 2472 2403 Vers.50.Jesus
2486 2344 2982 2403 autem—venisti.
3003 2345 3141 2401 Vide
3157 2344 3631 2403 misericordiam

278 2428 370 2472 τοῦ
427 2418 705 2495 προδότου.
765 2427 852 2476 Διὸ
927 2428 1016 2476 καὶ
1081 2430 1167 2475 νῦν
1230 2423 1431 2496 ἑταῖρον
1490 2425 1726 2498 ὠνόμασε
1781 2431 1868 2479 τὸν

1999 2435 2461 2492 nenarrabilem.
2505 2434 2811 2508 Siquidem
2854 2434 3047 2490 donec
3084 2435 3338 2491 traditus
3382 2439 3488 2501 est,
3523 2435 3631 2493 fuit

268 2511 547 2581 ἔχθιστον.
602 2514 672 2564 Τὸ
727 2508 805 2578 δί,
857 2510 968 2585 Ἐφ’
1119 2515 1291 2585 πάρει,
1336 2513 1429 2566 οὐκ
1472 2512 1868 2589 ἐρωτηματικῶς

2000 2525 2062 2583 lli
2110 2541 2255 2582 cura
2300 2525 2375 2581 de
2419 2524 2737 2596 proditore.
2783 2525 2919 2581 ldeo
2966 2524 3127 2601 enim
3173 2540 3329 2580 nunc
3361 2524 3629 2581 amicum

266 2596 642 2670 ἀναγνωστέον·
707 2599 953 2672 ἐγίνωσκε
996 2605 1118 2674 γὰρ,
1165 2601 1238 2674 ἐφ’
1387 2608 1707 2678 παρεγένετω
1757 2604 1864 2657 ἀλλ’

1996 2613 2303 2669 nominavit
2336 2628 2496 2681 eum,
2544 2612 2648 2684 qui
2690 2616 2816 2667 erat
2852 2596 3153 2669 inimicus.
3204 2611 3377 2678 Quod
3424 2617 3629 2669 autem

262 2688 648 2759 ἀποφαντικῶς.
690 2690 848 2748 Δηλοῖ
887 2686 946 2743 δι
984 2692 1063 2743 ὅτι
1103 2690 1177 2743 Δι’
1211 2690 1236 2743 ὃ
1266 2696 1644 2766 παραγέγονας,
1679 2698 1859 2766 ἤγουν,

1996 2702 2144 2758 deit
2172 2718 2183 2758 :
2208 2701 2301 2757 Ad
2323 2701 2483 2774 quod
2503 2701 2711 2758 venisti
2735 2702 2763 2757 7
2786 2716 2907 2756 non
2928 2704 3019 2756 est
3043 2716 3151 2773 per
3178 2701 3429 2757 modum
3452 2702 3629 2757 inter-

260 2780 322 2829 τὸ
373 2780 509 2831 κατά
549 2781 744 2831 σκοπὸν
793 2784 1006 2853 πρᾶττε,
1039 2787 1129 2832 τοῦ
1182 2786 1566 2853 προσχήματος
1593 2782 1859 2855 ἀφέμενος.

1996 2790 2299 2861 'ogationis
2311 2789 2633 2860 legendum
2649 2806 2663 2851 ;
2684 2788 2907 2845 sciebat
2919 2789 3078 2844 enim
3093 2788 3171 2845 ad
3186 2788 3329 2861 quid
3357 2793 3624 2856 venerat;

258 2869 462 2927 Σκοπὸς
514 2870 606 2939 μεν
654 2870 755 2941 γὰρ
806 2865 867 2927 ἧν
919 2870 949 2927 ἡ
1004 2865 1288 2943 προδοσία,
1340 2875 1637 2944 πρόσχημα
1693 2870 1753 2926 δὲ
1802 2878 1860 2927 τὸ

1996 2880 2078 2935 ιθά
2122 2879 2477 2935 enuntiative
2528 2894 2542 2945 ;
2590 2877 2886 2949 significat
2914 2878 3074 2933 enim
3126 2898 3139 2934 :
3174 2878 3263 2933 Ad
3293 2877 3354 2933 id
3385 2882 3628 2950 propter

257 2956 465 3030 φίλημα
485 2960 576 3009 καὶ
605 2957 631 3008 ό
660 2955 831 3028 λόγος’

1996 2966 2136 3040 [uod
2153 2967 2465 3032 advenisti,
2484 2966 2547 3023 id
2564 2971 2669 3032 est,
2680 2967 2847 3037 juxta
2861 2966 3156 3023 intentum
3175 2971 3344 3023 tuum
3375 2981 3624 3040 operare

1967 3056 2169 3112 relicto
2220 3055 2585 3113 velamento.
2624 3055 2783 3110 Finis
2836 3055 3134 3127 siquidem
3165 3059 3293 3111 erat
3338 3055 3620 3128 proditio,

1893 3150 1941 3209 ο
1964 3144 2373 3201 velamentum
2404 3148 2628 3207 autem,
2655 3143 2931 3199 osculum
2955 3148 3012 3199 et
3036 3160 3252 3199 sermo.

2036 3234 2205 3289 Vers.
2240 3237 2326 3288 50.
2351 3234 2732 3288 Tunc—eum.
2758 3231 3098 3289 Secundum
3124 3232 3333 3287 datum
3355 3231 3617 3302 signum.

331 3299 436 3348 Καὶ
493 3293 610 3348 ἰδοὺ
662 3326 731 3336 -
786 3299 957 3348 ὠτίον.
1014 3296 1073 3349 Ὀ
1129 3293 1188 3350 δε
1255 3304 1457 3359 Λουκᾶς
1508 3299 1728 3372 ἔγραψεν
1778 3302 1856 3353 ὅτι

2035 3322 2202 3378 Vers.
2263 3322 2349 3375 5i.
2399 3322 2477 3375 Et
2538 3334 2667 3376 ecce
2715 3350 2785 3359 —
2822 3320 3173 3376 auriculam.
3205 3320 3387 3375 Lucas
3409 3293 3618 3377 autem

248 3381 479 3445 Ἰδόντες
537 3388 585 3437 οί
662 3388 778 3458 περὶ
861 3385 1014 3438 αὐτὸν
1072 3390 1130 3438 τό
1221 3385 1458 3459 ἐσόμενον
1530 3385 1668 3440 εἷπον
1742 3389 1854 3461 (69)

300 3474 315 3489 ,
371 3482 391 3489 -
497 3475 567 3489 ...
754 3472 767 3489 .
948 3473 992 3489 ,ν
1177 3474 1189 3489 .
1440 3481 1450 3489 .
1601 3483 1637 3489 ..
1683 3481 1693 3489 .
1742 3475 1754 3489 .
1819 3478 1831 3489 .

1996 3409 2200 3482 cripsit
2233 3425 2245 3464 :
2290 3409 2561 3465 Videntes
2617 3408 2681 3464 hi
2707 3408 2800 3479 qui
2842 3408 2996 3464 circa
3038 3409 3226 3477 ipsum
3268 3414 3435 3463 erant
3466 3409 3619 3480 quod

246 3474 435 3543 αὐτῷ’
497 3475 675 3548 Κύριε,
719 3473 769 3525 οἰ
819 3473 1111 3547 πατάξομεν
1169 3474 1216 3527 έν
1273 3481 1559 3549 μαχαίρᾳ;
1601 3481 1700 3529 Καὶ
1735 3475 1855 3529 ἐπά-

318 3562 349 3579 ν
481 3560 502 3577 ν
742 3560 787 3579 ιν
910 3562 922 3579 ,
974 3570 994 3579 -
1140 3567 1149 3579 .
1272 3561 1295 3579 .
1336 3564 1377 3579 -.
1582 3572 1601 3579 -
1683 3563 1694 3579 .

1996 3473 2230 3555 'uturum
2268 3499 2425 3561 erat,
2465 3497 2750 3553 dixerunt
2782 3498 2852 3563 ei,
2882 3497 3129 3553 Domine
3166 3496 3617 3567 percuticmusne

240 3562 401 3625 ταξεν
455 3561 522 3622 εἶς
579 3581 658 3623 τις
734 3561 787 3625 ἐξ
861 3562 1028 3614 αὐτῶν
1099 3567 1185 3615 τὸν
1260 3561 1443 3617 δοῦλον
1512 3572 1603 3617 τοῦ
1672 3563 1854 3639 ἀρχιε-

290 3656 304 3669 ρ
539 3656 549 3669 ε
627 3648 640 3664 ν
715 3647 753 3669 Ἠ
916 3651 927 3668 ³
1007 3659 1026 3668 ν
1116 3655 1125 3667 ε
1220 3649 1242 3667 7
1370 3656 1378 3667 ι
1458 3650 1480 3669 ﬁ
1511 3653 1536 3669 ν
1572 3658 1580 3667 ι
1691 3653 1743 3669 CA
1812 3651 1852 3669 In

1998 3587 2193 3645 (adio?
2221 3588 2300 3644 Et
2324 3586 2602 3658 percussit
2641 3602 2792 3642 unus
2843 3585 3140 3658 quispiam
3172 3600 3247 3642 ex
3283 3584 3362 3639 eis
3391 3599 3615 3640 servum

240 3656 403 3725 ρέως,
467 3656 556 3703 καὶ
618 3647 813 3723 ἀφεῖλεν
866 3651 1028 3704 αὐτοῦ
1074 3655 1133 3704 τό
1186 3649 1275 3713 οὖς
1328 3656 1386 3705 τό
1446 3650 1633 3717 δεξιόν.
1691 3653 1749 3707 Ὀ
1799 3651 1852 3707 δ’

1996 3677 2250 3747 »νίηοίρίε
2274 3677 2659 3743 sacerdotum,
2689 3683 2739 3731 et
2768 3674 3101 3747 amputavit
3121 3674 3458 3731 auriculam
3484 3675 3613 3743 eius

239 3741 495 3801 Ἰωάννης
546 3737 774 3798 ἐδήλωσε
830 3744 919 3792 καὶ
975 3744 1063 3793 τὸν
1114 3742 1435 3808 πατάξαντα,
1490 3743 1630 3796 εἰπόν
1684 3744 1799 3815 (70)
1834 3761 1845 3773 ·

1996 3768 2235 3823 ’extram
2285 3766 2355 3821 7°.
2406 3766 2667 3821 Joannes
2724 3780 2865 3821 vero
2918 3779 3057 3819 eum
3087 3778 3330 3836 quoque
3360 3761 3611 3818 manife-

238 3834 423 3901 Σίμων
500 3824 587 3881 οὖν
658 3833 851 3903 Πέτρος
922 3831 1059 3900 ἔχων
1120 3832 1413 3905 μάχαιραν,
1466 3831 1696 3886 εἵλκυσεν
1759 3834 1844 3885 αὖ·

1996 3855 2127 3911 tavit
2147 3854 2254 3927 qui
2270 3853 2578 3926 percussit,
2603 3852 2808 3909 dicens
2825 3872 2839 3913 :
2859 3854 3057 3909 Simon
3080 3824 3217 3925 ergo
3231 3824 3453 3907 .Petrus
3474 3866 3608 3908 cum

236 3924 368 3985 τὴν,
442 3921 532 3970 καὶ
595 3918 778 3971 ἔπαισε
850 3921 938 3969 τὸν
1008 3926 1096 3970 τοῦ
1155 3918 1438 3995 ἀρχιερέως
1498 3918 1702 3987 δοῦλον,
1757 3928 1846 3975 καὶ

246 4004 441 4023 ,.,
606 4006 985 4023 .-.,.
1153 4004 1836 4023 ..ν..--...,-..

2000 3918 2195 4001 αοενεῖ
2213 3918 2497 4013 gladium,
2516 3918 2929 4007 exseruiteum,
2950 3945 3002 3997 et
3018 3918 3299 4012 percussit
3307 3939 3607 4011 pontificis

234 4004 506 4076 ἀπέκοψεν
556 4006 718 4058 αὐτοῦ
782 4008 840 4058 τὸ
892 4007 1041 4058 ὠτίον
1112 4010 1170 4059 τὸ
1228 4004 1415 4071 δεξιόν.
1476 4008 1572 4063 Ἠν
1626 4006 1685 4062 δε
1734 4010 1843 4081 (Ἠ)

246 4100 269 4109 -
536 4102 557 4109 -
655 4091 678 4109 ι
721 4093 760 4109 ,κ
884 4094 993 4109 --.ς
1200 4095 1258 4109 ._
1428 4099 1438 4109 .
1578 4107 1596 4109 η
1695 4098 1760 4109 ...

1996 4030 3018 4103 ervum,amputavitque,auriculam
3031 4030 3158 4098 ejus
3176 4029 3606 4085 dextramErat

235 4100 412 4167 ὄνομα
493 4102 565 4165 τῷ
642 4091 813 4165 δούλῳ
884 4094 1120 4166 Μάλχος.
1200 4095 1315 4149 Ἔτι
1383 4099 1481 4170 γὰρ
1531 4107 1631 4151 τῶν
1680 4098 1843 4152 ἄλλων

1996 4128 2149 4177 utem
2179 4136 2393 4176 nomen
2438 4135 2606 4176 servo
2634 4118 2907 4174 Mulchus
2941 4119 3011 4172 ⁷1.
3039 4120 3186 4173 Nam
3237 4133 3375 4173 cum
3406 4117 3606 4172 adhuc

2064 1310 2230 1368 Vers.
2262 1309 2351 1366 49.
2384 1310 2461 1366 Et
2490 1309 2773 1379 confestim
2805 1339 2860 1352 —
2893 1324 3044 1368 eum.
3077 1310 3171 1368 Ait
3200 1314 3402 1369 autem
3448 1313 3643 1371 Lucas

1992 1399 2210 1456 dixisse
2228 1399 2523 1455 Christum
2534 1398 2562 1454 J
2573 1398 2705 1455 udae
2719 1415 2858 1456 cum
2872 1400 3265 1470 accederet,ut
3276 1402 3645 1460 oscularetur

1990 1506 2130 1547 eum
2158 1491 2359 1555 :Juda,
2378 1490 2564 1546 osculo
2578 1490 2797 1546 Filium
2816 1490 3071 1546 hominis
3093 1492 3281 1548 tradis
3298 1493 3344 1528 ⁶⁹
3367 1494 3396 1549 ‘I
3414 1493 3644 1549 Patien-

1988 1583 2075 1636 ter
2099 1579 2257 1635 enim
2289 1578 2582 1651 expressit
2611 1578 2663 1634 ei
2695 1578 2790 1651 (ῃ)
2822 1594 2944 1650 quo
2976 1578 3095 1634 fine
3126 1578 3298 1635 fuerit
3341 1580 3437 1636 ille
3466 1596 3640 1637 oscu-

1985 1666 2141 1724 latus
2170 1684 2183 1735 ;
2216 1672 2271 1723 et
2300 1666 2678 1739 exprobravit
2723 1666 2888 1740 quod
2936 1667 3156 1724 amoris
3188 1668 3430 1740 signum
3474 1668 3641 1725 fecis-

1991 1761 2079 1814 set
2116 1757 2358 1828 signum
2418 1755 2812 1828 proditionis;
2866 1760 2923 1813 et
2969 1760 3172 1813 tamen
3224 1772 3347 1813 non
3399 1757 3635 1830 repulit,

1989 1846 2096 1903 sed
2122 1850 2178 1902 et
2201 1845 2477 1902 osculum
2503 1844 2780 1917 suscepit,
2804 1848 2861 1901 et
2884 1860 2946 1901 se
2974 1849 3038 1902 ut
3062 1844 3459 1902 abduceretur
3485 1862 3638 1919 prie-

1984 1935 2131 1992 buit.
2178 1934 2278 1991 Ille
2328 1938 2527 1990 autem
2577 1950 2716 1989 cum
2765 1938 2995 1991 tantum
3047 1935 3368 2007 accepisset
3414 1937 3637 2008 experi-

1983 2030 2253 2081 mentum
2299 2022 2534 2080 virtutis
2567 2022 2723 2078 illius
2748 2027 2805 2080 et
2832 2022 3220 2080 humanitatis
3246 2040 3313 2080 ac
3359 2040 3635 2081 mansue-

1983 2114 2218 2181 tudinis,
2271 2113 2439 2171 omni
2492 2116 2693 2171 tamen
2748 2113 3076 2186 permansit
3130 2112 3257 2171 fera
3312 2113 3630 2171 crudelior.

329 3190 457 3241 Τότε
485 3217 553 3229 -
584 3186 758 3243 αὐτόν.
794 3190 941 3242 Κατά
963 3191 1021 3242 τὸ
1064 3190 1325 3263 σύνθημα.

233 4185 568 4259 ἐρωτώντων,
627 4184 783 4246 αὐτός
861 4184 954 4237 οὐκ
1031 4184 1301 4257 ἀναμείνας
1373 4192 1467 4245 τὴν
1541 4188 1840 4262 ἀπόκρισιν,

1996 4209 2145 4263 ueteri
2170 4209 2619 4275 interrogarent,
2650 4207 2777 4277 ipse
2813 4221 2934 4260 non
2967 4209 3307 4273 exspectata
3352 4219 3604 4275 respon-

232 4277 330 4328 οἶα
387 4274 719 4347 θερμότατος,
802 4272 1047 4336 ἐπάταξεν
1104 4278 1193 4346 μεν
1270 4277 1406 4327 κατά
1452 4284 1541 4336 τῆς
1597 4277 1836 4348 κεφαλῆς,

1996 4311 2135 4360 one,
2174 4300 2373 4366 utpote
2395 4272 2893 4361 ierventis'simus,
2920 4272 3211 4363 percussit
3268 4272 3516 4363 quidem
3542 4292 3604 4347 in

232 4362 475 4431 ἀπέκοψε
534 4358 593 4414 δε
639 4366 698 4414 τό
752 4362 917 4417 ὠτίον.
952 4359 1116 4433 Εἶχον
1162 4366 1263 4438 γὰρ
1324 4359 1419 4415 δύο
1464 4370 1749 4438 μαχαίρας,
1778 4369 1888 4481 ὠς1

232 4454 335 4481 ι’...
417 4456 609 4481 Α-.....·;,
690 4448 790 4481 2...).
860 4457 952 4481 --.π
1030 4447 1238 4481 ,θλ-υ-..
1304 4454 1495 4481 -.η’.-.η
1578 4456 1640 4481 .⁴’.-
1690 4456 1817 4481 2-..“

1996 4358 2151 4455 aput,
2185 4358 2289 4438 sed
2320 4382 2646 4437 auriculam
2678 4358 3038 4452 amputavit.
3103 4358 3414 4433 Habebunt
3442 4377 3603 4435 enim

230 4454 335 4524 ἔφη
406 4456 630 4515 Λουκᾶς,
690 4448 791 4502 ἀπὸ
860 4457 952 4502 τοῦ
1029 4447 1238 4504 δείπνου
1304 4454 1515 4516 ταύτας,
1576 4456 1640 4513 ὡς
1687 4447 1888 4519 ἔοικε,¹

1996 4489 2102 4527 uos
2132 4471 2383 4543 gladios,
2437 4471 2589 4526 sicut
2637 4470 2781 4524 dixit
2826 4468 3015 4523 Lucas
3064 4468 3137 4533 τ’,
3169 4482 3341 4539 quos,
3365 4471 3429 4521 ut
3456 4466 3604 4522 veri-

227 4537 505 4607 λαϐόντες,
530 4538 755 4610 μεγάλας
809 4542 989 4606 οὔσας,
1043 4542 1177 4593 ὥστε
1230 4542 1476 4615 χρῆσθαι
1525 4544 1655 4615 πρὸς
1702 4544 1839 4615 ἄμυ-

2002 4537 2272 4631 mile'est,
2302 4576 2337 4615 a
2361 4574 2534 4616 coena
2550 4560 2966 4631 sumpserant:
2997 4537 3218 4628 quibus
3244 4558 3447 4626 utpote
3477 4570 3602 4611 ma-

232 4644 339 4678 νοιν
362 4634 459 4677 τῶν
489 4626 680 4680 ἐπιέναι
704 4626 1003 4700 μελλόντων.

1996 4650 2080 4706 nis
2110 4649 2195 4706 uti
2244 4626 2489 4723 possent
2537 4649 2596 4704 in
2663 4626 2950 4704 auxilium
3012 4626 3305 4703 abversus
3360 4659 3464 4701 eos
3496 4644 3601 4718 qui

1947 4739 2212 4795 invasuri
2242 4741 2430 4795 erant.

318 4815 453 4873 Ιδών
510 4816 569 4873 δὲ
621 4823 679 4874 τὸ
729 4823 939 4893 γεγονὸς
981 4822 1007 4873 ό
1037 4827 1288 4898 Χριστὸς,
1322 4821 1493 4879 εἶπεν·
1546 4827 1689 4881 Ἐᾶτε
1745 4832 1836 4891 ἕως

2021 4828 2241 4886 Videns
2288 4830 2484 4884 autem
2532 4826 2702 4882 Jesus
2745 4823 2904 4895 quod
2947 4822 3173 4880 factum
3226 4826 3369 4887 erat,
3428 4822 3594 4888 dixit,

227 4911 450 4963 τούτου.
508 4914 607 4964 Καὶ
688 4909 950 4983 ἁψάμενος
1014 4920 1105 4965 τοῦ
1191 4913 1346 4966 ὠτίου
1413 4914 1593 4981 αὐτοῦ,
1653 4917 1837 4971 ἰάσατο

1996 4919 2140 4975 mite
2168 4918 2285 4974 huc
2315 4930 2515 4988 usque,
2558 4919 2832 4988 tactaque
2876 4912 3035 4969 illius
3066 4911 3333 4969 auricula
3362 4911 3598 4969 sanavit

310 5034 357 5070 ⁸⁸
379 5035 537 5091 Joan.
569 5048 734 5101 xvm,
762 5035 815 5101 7,
842 5035 900 5093 8.
986 5037 1032 5072 θ’
1060 5035 1197 5093 Luc.
1230 5053 1372 5108 χιιι,
1402 5039 1490 5095 48.
1568 5041 1616 5076 ⁷ο
1644 5042 1787 5097 Luc.
1825 5059 1888 5100 x1

1996 5041 2085 5111 49,
2115 5040 2204 5097 50.
2282 5040 2326 5076 ⁷¹
2359 5040 2506 5097 Joan
2534 5055 2696 5107 xvm,
2728 5039 2818 5109 40,
2865 5038 2950 5095 11.
3026 5038 3077 5073 τί
3117 5038 3253 5094 Luc.
3308 5050 3454 5093 xxii.
3489 5034 3584 5094 38.

1449 5214 1663 5286 Variis
1682 5217 2016 5289 lectiones
2058 5226 2124 5285 et
2153 5224 2350 5285 notae.

305 5405 424 5544 (67)
457 5410 559 5460 Καί
585 5404 802 5461 omittit
831 5405 964 5461 cod.
992 5408 1056 5461 Α.

305 5480 393 5539 (68
443 5476 771 5544 ’Υπαγωγὴν.
808 5475 951 5532 Cod.
985 5478 1050 5531 A.

2013 5410 2130 5544 (7οζ
2171 5410 2340 5464 Εἰπών
2396 5408 2613 5492 οῃιίῑιὶῑ
2638 5407 2702 5463 Β.

2010 5488 2093 5544 (7t
2162 5486 2383 5544 Τόνομα,
2410 5496 2511 5544 810,
2543 5495 2654 5544 pro
2679 5500 2702 5533 τ

305 5411 398 5476 (67
457 5411 559 5460 Καί
585 5411 802 5461 omittit
831 5411 964 5461 cod.
992 5411 1056 5461 Α.

302 5411 424 5558 (ἐὲί
443 5476 772 5558 ’ϊτῖαῖωγὴητ
788 5475 951 5558 ,Ωοάο
974 5478 1050 5558 ,Αο
1070 5551 1080 5558 .

2013 5411 2108 5482 (70
2171 5411 2340 5464 Εἰπών
2396 5411 2613 5467 omittit
2638 5411 2702 5463 Β.

2010 5411 2130 5555 (71)
2162 5486 2383 5553 Τόνομα,
2410 5481 2511 5546 sic,
2543 5495 2654 5554 pro
2679 5482 2924 5557 τοῦνομα.
2970 5480 3114 5539 COd.
3150 5487 3211 5539 Δ.

303 5548 423 5619 (69)
456 5548 606 5619 Αὐτῷ
632 5548 846 5603 omittit
874 5549 1015 5604 cod.
1053 5551 1118 5603 A.

297 5671 404 5745 (jﬂ
434 5671 735 5730 Patienter
758 5673 916 5730 enim
941 5671 1221 5745 expressit
1249 5673 1320 5731 ei.
1365 5673 1740 5749 Indulgenter
1771 5676 2050 5751 patefecit
2073 5676 2145 5734 ei.
