4198 6444
635 335 734 396 691
1951 333 2297 394 auram"
2335 336 2663 398 ZIGABENI
3883 355 3974 417 ωε

633 479 772 520 cum
795 461 866 518 ⁷³.
899 463 1048 520 Nam
1083 463 1142 518 et
1168 459 1284 519 hoc
1314 458 1545 518 addidit
1591 458 1804 519 Lucas.
1835 461 2050 518 Dicens
2081 462 2260 535 itaqut

2390 463 2565 530 αύτόν,
2609 465 2668 519 Ὁ
2715 465 2873 530 αὐτὸς
2909 464 2970 523 δέ
3015 474 3104 525 καὶ
3152 474 3302 526 τοῦτό
3354 492 3485 545 φησι
3533 477 3763 542 Λουκᾶς.
3821 481 3971 536 Εἰπὼν

626 552 896 622 Christus
928 571 940 607 :
973 550 1152 606 Sinite
1179 551 1292 607 huc
1340 565 1543 622 usque,
1597 550 1853 606 ostendit
1899 551 2065 626 quod
2107 552 2282 622 juxta

629 640 1138 714 dispensationem
1170 639 1366 696 ablata
1393 636 1469 695 'sit
1495 655 1660 695 servo
1691 639 1975 712 principis
2006 642 2278 696 sacerdo-

628 733 754 786 tum
773 729 1128 795 auricula,in
1147 730 1385 798 signum
1400 728 1563 802 quod
1584 729 1879 800 principes
1895 729 2277 785 sacerdotum

626 835 750 893 prae
789 818 1015 874 invidia
1045 817 1252 873 auditu
1296 818 1504 890 privati
1535 823 1750 882 essent,
1800 833 1874 872 ne
1921 817 2192 874 audirent
2223 824 2279 874 et

625 907 1012 977 intelligerent
1063 923 1164 961 eas
1193 923 1323 978 quae
1384 907 1458 960 de
1511 905 1643 976 ipso
1695 910 1863 961 erant
1909 906 2273 978 prophetiae.

627 996 862 1051 Sanans
885 1001 1085 1050 autem
1109 994 1299 1059 illum,
1324 994 1580 1050 ostendit
1603 994 2064 1049 misericordiam
2089 1011 2276 1066 quam

626 1099 770 1152 erga
815 1083 946 1138 illos
993 1083 1262 1151 haberet,
1315 1083 1600 1154 quodque
1648 1082 1722 1137 de
1749 1081 1878 1149 illis,
1909 1083 1958 1137 si
1996 1082 2278 1138 libuisset

625 1187 838 1244 pmnas
888 1171 1240 1242 sumpsisset
1290 1189 1303 1238 ;
1336 1187 1546 1225 verum
1587 1171 1846 1225 ostendit
1874 1176 2142 1241 oportere
2175 1188 2276 1243 po-

628 1261 745 1317 tius
767 1259 1060 1316 beneﬁcio
1092 1259 1319 1315 afﬁcere
1348 1258 1808 1314 malefacientes.
1836 1259 1949 1314 Sed
1970 1261 2276 1331 quomodo

627 1350 696 1420 is,
729 1349 834 1420 qui
865 1349 939 1403 de
985 1364 1107 1403 non
1152 1347 1492 1403 ulciscendo
1539 1348 1895 1403 mandatum
1944 1354 2272 1420 acceperat,

626 1437 827 1509 gladio
858 1437 1154 1508 percutit?
1181 1437 1448 1493 Primum
1505 1437 1751 1508 quidem
1802 1452 1918 1492 non
1952 1452 2054 1510 pro
2081 1438 2274 1509 seipso

623 1526 740 1583 hoc
767 1525 923 1591 fecit,
962 1525 1066 1580 sed
1121 1541 1231 1598 pro
1277 1528 1639 1596 Prmceptore
1676 1523 1953 1590 ;deinde,
2002 1526 2274 1580 nondum

629 1615 928 1688 perfectus
979 1619 1147 1670 erat:
1181 1613 1569 1686 postmodum
1612 1619 1812 1669 autem
1861 1613 2062 1669 videas
2117 1613 2276 1671 hunc

629 1708 938 1760 sexcentas
970 1703 1091 1775 pati
1119 1702 1381 1774 injurias,
1413 1706 1593 1775 atque
1625 1702 1830 1759 omnia
1856 1707 2160 1759 mansuete
2191 1707 2276 1759 to-

621 1791 933 1850 lerantem.

689 1881 986 1937 Admirart
1037 1880 1217 1936 etiam
1283 1877 1590 1954 quispiam
1671 1880 1902 1953 poterit,
1963 1881 2272 1954 quomodo

618 1985 743 2027 non
773 1969 1330 2040 comprehenderint
1390 1968 1719 2042 discipulos
1751 1985 1822 2025 ac
1855 1969 2273 2027 trucidaverint

618 2065 863 2131 propter
889 2059 950 2114 id
1001 2057 1166 2131 quod
1197 2058 1422 2114 factum
1477 2059 1655 2115 estin
1704 2075 1937 2115 servum
1988 2059 2271 2132 principis

618 2147 1014 2204 sacerdotum.
1051 2146 1164 2203 Sed
1191 2163 1326 2203 vere
1375 2147 1508 2218 ipsa
1538 2148 1724 2203 virtus
1781 2164 1917 2219 qua:
1952 2148 2061 2204 hos
2093 2165 2273 2204 excae-

618 2241 858 2292 caverat
878 2252 948 2292 ac
971 2235 1505 2307 prostraverat,illa
1527 2237 1705 2292 etiam
1728 2241 1868 2292 tunc
1891 2237 2065 2306 iram,
2082 2253 2270 2308 quam

615 2323 690 2380 de
720 2324 1002 2380 auricula
1051 2325 1464 2397 amputatione
1506 2329 1926 2396 conceperant,
1960 2325 2262 2396 dispersit.

687 2431 850 2487 Vers.
910 2435 994 2486 52.
1075 2432 1240 2488 Tunc
1287 2433 1370 2486 ait
1413 2462 1482 2471 —
1557 2432 1904 2488 morientur.
1976 2430 2089 2486 Ubi
2132 2446 2272 2488 eum

613 2515 980 2590 increpasset
1001 2519 1422 2592 docuit,neque
1438 2519 1618 2574 etiam
1642 2535 1748 2590 pro
1766 2520 1885 2574 Deo
1896 2518 2274 2577 defendendo

611 2607 901 2662 utendum
917 2624 1046 2662 esse
1065 2608 1202 2677 glad
1215 2609 1291 2662 io.
1316 2608 1422 2662 Per
1449 2607 1715 2676 gladium
1731 2623 1870 2663 vero
1883 2609 2089 2664 omnia
2102 2625 2269 2665 arma

608 2694 936 2764 prohibuit.
961 2695 1133 2760 Quod
1163 2702 1365 2751 autem
1397 2695 1538 2750 dicit
1565 2713 1578 2750 :
1611 2697 1817 2751 Omnes
1848 2698 1947 2767 qui
1967 2699 2268 2767 accipiunt

606 2782 885 2852 gladium,
919 2782 1226 2855 prophetia
1251 2788 1337 2838 est
1381 2783 1734 2854 perditionis
1784 2785 2126 2841 Iudaeorum
2161 2789 2263 2858 qui

607 2869 900 2926 adversus
939 2872 1140 2943 ipsum
1193 2878 1501 2941 venerant,
1532 2875 1788 2929 Joannes
1818 2889 1960 2929 vero
1990 2875 2073 2931 ait
2122 2892 2260 2932 eum

606 2957 828 3015 dixisse
861 2982 872 3016 :
908 2961 996 3014 An
1046 2977 1160 3016 non
1195 2961 1381 3018 bibam
1425 2963 1698 3031 poculum
1729 2963 1879 3034 quod
1908 2964 2065 3019 dedit
2110 2965 2256 3020 mihi

604 3049 784 3106 Pater
805 3049 882 3105 7‘?
897 3050 1218 3105 ostendens
1239 3051 1365 3106 hinc
1383 3065 1503 3106 non
1518 3067 1553 3106 a
1574 3056 1862 3123 potestate
1876 3051 2110 3108 illorum
2130 3052 2255 3109 ﬁeri

2388 555 2478 624 μεν
2529 551 2617 606 οὖν
2672 557 2698 607 ὁ
2752 562 2981 629 Χριστὸς
3053 563 3134 613 ὃτι
3184 561 3316 624 Ἐως
3363 565 3570 630 τούτου,
3625 569 3854 640 ἑνέφηνεν
3904 575 3968 627 ὅτι

2387 643 2502 693 κατ’
2536 643 2832 716 οἰκονομίαν
2883 646 3112 720 ἀφῃρέθη
3157 652 3217 702 τό
3269 647 3357 712 οὖς
3402 652 3428 703 ὀ
3460 648 3646 716 δοῦλος
3675 665 3771 709 τοῦ
3803 657 3968 733 ἀρχιε-

2385 734 2534 804 ρέως,
2587 732 2658 794 εὶς
2716 742 2928 805 σημεῖον
2983 745 3075 789 τοῦ
3132 737 3474 813 ἀφαιρεθῆναι
3538 746 3661 804 τοὺς
3719 732 3966 821 ἀρχιερεῖς

2386 820 2487 870 ύπό
2536 822 2721 891 φθόνου
2769 825 2827 874 τὸ
2878 822 3079 878 ἀκούειν
3127 835 3228 878 τῶν
3275 833 3392 900 περὶ
3447 830 3606 883 αὑτοῦ
3638 820 3960 906 προφητειῶν,

2386 911 2567 978 ἤγουν,
2647 914 2706 962 τό
2759 915 2987 964 συνιέναι
3055 918 3266 977 ταύτας.
3327 916 3623 990 ’ἰασάμενος
3681 919 3742 975 δε
3808 925 3960 994 αὐτὸν,

2386 992 2547 1058 ἔδειξε
2599 1001 2689 1070 μὲν
2741 1005 2830 1053 καὶ
2885 1005 2972 1053 τόν
3021 1003 3093 1064 εἰς
3154 1005 3344 1066 αὐτοὺς
3395 1005 3550 1070 ἔλεον,
3592 1014 3683 1062 καὶ
3727 1013 3810 1064 ὅτι
3849 1016 3962 1084 ἠμύ-

2384 1103 2506 1136 νατο
2558 1084 2618 1136 ἀν
2670 1087 2855 1148 αὐτούς
2912 1092 3050 1161 εἴπερ
3103 1092 3296 1154 ἤθελεν,
3359 1091 3606 1158 Ἐδίδαξε
3665 1095 3726 1150 δὲ
3773 1106 3855 1153 καὶ
3896 1103 3960 1154 ὅτι

2384 1177 2481 1244 κρὴ
2525 1174 2726 1244 μᾶλλον
2775 1177 3050 1250 εὐεργετεῖν
3095 1183 3215 1242 τοὺς
3262 1190 3435 1245 κακῶς
3478 1193 3776 1249 ποιοῦντας.
3818 1189 3959 1244 Ἀλλὰ

2383 1270 2494 1321 πῶς
2523 1264 2548 1313 ό
2591 1269 2662 1335 μὴ
2729 1263 3016 1336 ἀμύνεσθαι
3071 1271 3429 1342 προσταχθεὶς
3476 1276 3740 1328 πατάσσει
3784 1276 3828 1329 ἐν
3869 1299 3958 1349 μα-

2383 1355 2551 1424 χαίρᾳ
2585 1370 2599 1414 ;
2635 1359 2842 1424 Πρῶτον
2883 1354 2973 1426 μέν
3022 1356 3125 1426 οὐχ
3172 1358 3297 1429 ὑπερ
3343 1358 3528 1412 ἑαυτοῦ
3574 1370 3726 1416 τοῦτο
3765 1372 3956 1424 πεποίη-

2384 1457 2486 1505 κεν,
2539 1437 2645 1491 ἀλλ’
2697 1443 2822 1514 ὑπὲρ
2875 1451 2966 1495 τοῦ
3039 1441 3369 1499 Διδασκάλου
3404 1465 3417 1476 ⁸
3469 1451 3647 1503 ἔπειτα
3697 1459 3781 1505 καὶ
3828 1459 3954 1507 οὔπω

2383 1527 2572 1591 τέλειος
2625 1526 2685 1587 ἦν
2720 1551 2733 1564 ο
2788 1531 2999 1606 ὕστερον
3066 1529 3127 1586 δε
3203 1533 3360 1606 βλέπε
3419 1545 3600 1591 τοῦτον
3665 1547 3820 1617 μυρία
3867 1545 3951 1598 πά·

2387 1635 2607 1688 σχοντα,
2640 1622 2729 1670 καὶ
2757 1621 2933 1693 πράως
2968 1620 3172 1674 ἅπαντα
3191 1623 3530 1696 ὑπομένοντα.

2455 1867 2757 1937 Θαυμάσειε
2808 1863 2860 1921 δ’
2908 1869 2968 1920 ἄν
3022 1888 3122 1938 τις,
3161 1878 3266 1932 πῶς
3307 1872 3366 1925 ού
3411 1873 3669 1927 συνέλαϐον
3715 1880 3794 1928 καὶ
3830 1877 3933 1936 τούς

2383 1955 2638 2025 μαθητὰς,
2711 1961 2800 2008 καὶ
2852 1957 3161 2029 κατέκοψαν,
3232 1956 3326 2013 διὰ
3394 1965 3451 2015 τὸ
3505 1969 3816 2037 γεγενημένον
3877 1963 3938 2025 εἰς

2381 2045 2468 2095 τόν
2530 2040 2714 2096 δοῦλον
2784 2055 2875 2097 τοῦ
2945 2046 3251 2121 ἀρχιερέως.
3308 2050 3442 2102 Ἀλλ’
3501 2055 3652 2114 ὄντως
3706 2050 3733 2112 ἦ
3783 2058 3942 2126 πηρώ-

2385 2148 2526 2182 σασα
2570 2138 2659 2184 καὶ
2713 2133 2920 2207 ῥίψασα
2973 2138 3188 2198 τούτους
3235 2134 3458 2210 δύναμις
3502 2138 3662 2198 ἐκείνη
3715 2145 3797 2193 καὶ
3847 2146 3951 2194 τότε

2383 2215 2696 2275 διεσκέδασε
2764 2226 2848 2275 τόν
2915 2221 2998 2276 ἐπὶ
3064 2233 3126 2298 τῇ
3187 2224 3423 2300 ἀποκοπῇ
3472 2236 3563 2281 τοῦ
3609 2229 3758 2282 ὠτίου
3808 2230 3952 2302 θυμὸν

2383 2327 2446 2359 αυ
2452 2327 2550 2360 των
2559 2350 2571 2363 .

2452 2403 2578 2451 Τότε
2648 2398 2780 2471 λέγει
2833 2432 2898 2444 --
2950 2400 3348 2474 ἀποθανοῦνται,
3405 2406 3758 2479 Ἐπιτιμήσας
3810 2406 3952 2478 αύτῷ,

2382 2483 2597 2550 έδίδαξε
2665 2485 2796 2560 μηδ’
2871 2491 2996 2563 ὑπερ
3062 2500 3152 2544 τοῦ
3205 2499 3338 2546 Θεοῦ
3393 2499 3638 2568 χρῆσθαι
3697 2502 3950 2571 μαχαίρᾳ.

2383 2578 2478 2628 Διὰ
2529 2572 2587 2630 δι
2633 2585 2724 2638 τῆς
2778 2584 3052 2651 μαχαίρας
3102 2586 3191 2634 καὶ
3239 2591 3338 2635 παν
3393 2583 3545 2636 ὅπλον
3603 2584 3840 2640 ἐκώλυσε.
3895 2587 3956 2638 Τό

2381 2661 2440 2716 δε
2509 2667 2695 2726 Πάντες
2764 2669 2814 2718 οὶ
2879 2667 3118 2730 λαϐόντες
3187 2672 3472 2744 μάγαιραν,
3525 2675 3813 2747 προφητεία
3859 2673 3958 2726 ἐστὶ

2376 2760 2470 2814 τῆς
2545 2750 2802 2830 διαφορᾶς
2851 2765 2950 2809 τῶν
3007 2757 3314 2811 ἐπελθόντων
3384 2761 3524 2832 αύτῷ
3575 2760 3861 2818 Ἰουδαίων.
3904 2761 3957 2815 Ὀ

2376 2837 2428 2892 δ’
2478 2842 2715 2906 Ἰωάννης
2772 2845 2927 2897 εἰπεῖν
2972 2845 3126 2899 αὑτὸν
3179 2847 3313 2918 λέγει
3356 2854 3444 2902 καὶ
3488 2852 3568 2902 ὃτι
3597 2856 3670 2904 Τὸ
3701 2857 3957 2924 ποτήριον,

2373 2927 2398 2980 ὁ
2456 2925 2654 2983 δέδωκέ
2703 2933 2814 3002 (72)
2865 2953 2952 3005 μοι
3027 2936 3053 2986 ὁ
3111 2941 3316 3008 Πατὴρ,
3370 2937 3427 2990 ού
3499 2944 3572 3011 μὴ
3642 2946 3744 2994 πίω
3799 2941 3958 3010 αὐτός

2371 3012 2671 3071 δεικνύοντα
2720 3022 2799 3072 ὅτι
2855 3021 2914 3073 ού
2980 3031 3075 3083 τῆς
3147 3023 3346 3076 έκείνων
3422 3022 3688 3100 δυνάμεως
3743 3029 3852 3082 ἔστι
3905 3034 3958 3082 τό

605 3138 713 3194 sed
736 3138 926 3194 Patris
946 3139 1357 3211 permissione,
1382 3107 1667 3213 quodque
1694 3140 1845 3197 Patri
1872 3107 1946 3198 sit
1967 3107 2254 3198 obediens

2368 3111 2648 3178 γινόμενον,
2700 3107 2826 3161 ἀλλά
2868 3118 2958 3170 τῆς
3001 3119 3092 3163 τοῦ
3131 3117 3330 3187 Πατρός
3376 3124 3824 3192 παραχωρήσεως,
3875 3123 3958 3170 καὶ

601 3242 796 3300 usque
819 3227 896 3282 ad
926 3233 1198 3284 mortem.

671 3315 836 3372 Vers.
871 3321 956 3374 53.
982 3317 1073 3372 An
1098 3323 1277 3386 putas
1304 3349 1366 3356 —
1389 3319 1741 3389 angelorum
1763 3319 1792 3375 ?
1821 3319 2000 3388 Legio
2031 3335 2251 3391 agmen

599 3411 686 3461 est
734 3405 984 3461 militare
1035 3405 1282 3461 maximi
1334 3406 1589 3464 numeri.
1644 3409 1772 3463 Non
1821 3408 1967 3463 dixit
2026 3414 2248 3476 autem,

599 3493 856 3550 Possum
884 3511 986 3550 eos
1017 3494 1284 3567 perdere,
1314 3510 1389 3551 ne
1422 3495 1690 3552 absurda
1743 3495 1903 3567 loqui
1951 3497 2245 3564 videatur,

597 3588 839 3654 propter
870 3588 1178 3654 susceptas
1211 3583 1571 3649 affectiones,
1615 3599 1930 3639 maerorem
1959 3585 2246 3654 videlicet,

595 3687 906 3744 pavorem,
939 3670 1242 3740 agoniam,
1295 3670 1564 3737 sudores,
1593 3678 1647 3725 et
1667 3687 2040 3744 quaecunque
2070 3675 2250 3746 paulo

598 3763 733 3814 ante
756 3763 1044 3830 tanquam
1069 3759 1253 3813 homo
1273 3773 1488 3830 passus
1506 3763 1596 3814 est
1634 3760 1910 3815 Nondum
1933 3763 2091 3818 enim
2115 3779 2250 3821 eam

596 3862 783 3919 quam
807 3845 1076 3908 decebat,
1134 3852 1531 3918 conceperant
1583 3847 1657 3902 de
1683 3863 1753 3903 eo
1793 3849 2160 3920 opinionem,
2192 3857 2251 3910 et

598 3934 820 3989 idcirco
869 3933 1120 3989 humilia
1168 3934 1242 3989 de
1274 3950 1335 3989 se
1377 3934 1659 4006 loquitur.
1720 3937 1784 3992 In
1837 3942 2002 3994 tanto
2047 3946 2248 3998 autem

597 4037 849 4078 numero
879 4021 1141 4094 legiones
1167 4022 1312 4078 dixit
1359 4023 1711 4093 angelorum
1743 4030 1808 4082 ut
1838 4027 2080 4084 abunde
2112 4044 2250 4086 con-

595 4111 766 4168 fortet
792 4127 914 4175 eos,
965 4112 1068 4184 qui
1118 4111 1322 4167 timore
1373 4120 1540 4168 erant
1569 4129 1721 4186 pene
1773 4117 2046 4173 emortui.
2084 4121 2246 4174 Unus

594 4201 882 4274 siquidem
907 4201 1155 4270 angelus
1181 4201 1488 4273 quondam
1511 4207 1747 4259 centum
1770 4205 2249 4279 octogintaquin-

594 4306 709 4365 que
751 4289 934 4345 millia
969 4290 1283 4345 hominum
1329 4291 1494 4346 brevi
1538 4296 1805 4364 tempore
1836 4293 2127 4352 interfecit
2171 4298 2244 4351 ⁷⁸.

663 4381 824 4434 Vers.
851 4379 940 4434 5i.
971 4379 1338 4447 Quomodo—
1360 4379 1506 4449 fieri
1540 4383 1568 4435 ?
1591 4381 1709 4436 Nisi
1749 4381 1833 4438 ita
1857 4383 2247 4455 interemptus

2366 3196 2445 3245 ὅτι
2477 3196 2701 3257 ὑπήκοός
2731 3196 2844 3250 ἔστι
2875 3207 2947 3269 τῷ
2979 3205 3145 3274 Πατρὶ
3177 3206 3340 3275 μέχρι
3369 3205 3612 3263 θανάτου.

2435 3283 2500 3336 Ἦ
2586 3281 2760 3346 δοκεῖς
2832 3317 2900 3328 -
2974 3287 3259 3359 ἀγγέλων;
3312 3297 3514 3363 Λεγιών
3599 3293 3708 3348 ἔστι
3786 3298 3960 3368 τάγμα

2365 3377 2745 3447 στρατιωτνκὸν
2793 3375 3167 3450 πολυάριθμόν.
3227 3380 3337 3432 Οὐκ
3387 3379 3493 3435 εἶπε
3549 3379 3626 3447 δι,
3669 3386 3749 3437 ὅτι
3806 3388 3959 3438 Δύνα-

2361 3481 2458 3533 μαι
2500 3462 2684 3524 αὐτοὺς
2735 3464 3004 3530 ἀπολέσαι,
3053 3469 3138 3520 ἵνα
3182 3472 3255 3540 μὴ
3314 3465 3442 3542 δόξῃ
3488 3470 3647 3542 λέγειν
3707 3471 3954 3541 ἀπίθανα,

2363 3546 2457 3602 διὰ
2494 3553 2559 3602 τὰ
2609 3551 2932 3622 προλαϐόντα
2977 3557 3140 3622 πάθη,
3197 3561 3290 3616 τὴν
3341 3557 3527 3624 λύπην,
3585 3564 3679 3618 τὴν
3735 3557 3954 3628 δειλίαν,

2361 3643 2454 3696 τὴν
2506 3640 2754 3709 ἀγωνίαν,
2805 3645 2926 3702 τοὺς
2995 3639 3240 3716 ἱδρῶτας,
3309 3651 3395 3696 καὶ
3463 3648 3560 3697 ὅσα
3605 3651 3706 3717 πρὸ
3758 3658 3956 3724 μικροῦ

2364 3729 2606 3780 πέπονθεν
2660 3731 2729 3790 ὣς
2783 3731 3072 3804 ἄνθρωπος.
3138 3736 3293 3785 Οὔπω
3347 3735 3446 3805 γὰρ
3504 3737 3593 3792 τὴν
3651 3741 3958 3806 προσήκου-

2362 3834 2457 3867 σαν
2495 3821 2611 3887 περὶ
2662 3817 2820 3870 αὐτοῦ
2873 3819 3130 3890 ὑπόληψιν
3184 3821 3347 3892 εἶχον.
3409 3824 3504 3875 Διά
3543 3828 3692 3874 τοῦτο
3737 3821 3825 3876 οὖν
3865 3844 3956 3877 τα-

2359 3907 2507 3956 πεινά
2554 3907 2846 3978 φθέγγεται.
2896 3912 3164 3970 Τοσαύτας
3212 3906 3270 3962 δι
3316 3910 3561 3981 λεγιῶνας
3609 3907 3746 3964 εἶπεν
3807 3913 3959 3987 ἀγγέ·

2359 3990 2478 4057 λων,
2554 3995 2634 4044 ἱνα
2737 3993 2791 4046 έκ
2866 4003 3170 4068 περιουσίας
3267 3999 3639 4073 παραθαρῥύνη
3722 4005 3964 4072 τούτους,

2361 4079 2768 4145 ἀποτεθνηκότας
2826 4092 2897 4153 τῷ
2954 4082 3078 4140 δέει.
3136 4091 3236 4139 Καὶ
3295 4089 3396 4161 γὰρ
3453 4089 3525 4149 εἷς
3573 4089 3796 4161 ἄγγελος
3856 4092 3970 4146 ἑκα-

2359 4174 2444 4221 τὸν
2521 4168 2990 4241 ὀγδοηκονταπέντε
3061 4172 3316 4246 χιλιάδας
3395 4175 3582 4230 ἀνεῖλεν
3655 4177 3704 4231 ἓν
3771 4179 3974 4256 βραχεῖ

2360 4258 2544 4312 πάλαι.

2430 4354 2547 4409 Πῶς
2621 4379 2692 4390 —
2767 4353 3071 4420 γενέσθαι;
3150 4352 3211 4405 Εἰ
3291 4357 3362 4425 μὴ
3451 4354 3619 4417 οὕτως
3693 4355 3970 4434 ἀναιρεθῶ,

593 4465 779 4531 fuero,
821 4437 1028 4539 inquit,
1066 4437 1377 4539 quomodo
1422 4437 2244 4542 complebunturScriptrur—ae

2368 4441 2508 4506 ρησὶ,
2561 4445 2666 4498 πῶς
2715 4437 3058 4510 πληρωθῶσιν
3118 4441 3174 4492 αἱ
3244 4446 3446 4513 Γραφαὶ
3514 4443 3574 4495 αἰ
3627 4454 3968 4522 προφητικαὶ,

593 4556 966 4627 propheticae,
1011 4559 1306 4628 quotquot
1359 4555 1432 4611 de
1483 4562 1671 4613 morte
1715 4574 1850 4614 mea
1896 4558 2240 4631 loquuntur,

592 4658 728 4714 quae
752 4643 1015 4697 scribunt
1034 4643 1199 4713 quod
1221 4644 1302 4699 ita
1322 4649 1585 4715 oporteat
1609 4645 1758 4713 ﬁeri,
1782 4647 1946 4718 quod
1970 4648 2048 4703 ita
2069 4664 2244 4721 opor-

594 4734 714 4786 teat
744 4747 838 4786 me
867 4731 1019 4785 mori
1063 4730 1090 4784 ‘I

666 4817 828 4873 Vers.
866 4823 949 4874 55.
987 4819 1057 4874 In
1087 4819 1198 4877 illa
1226 4850 1294 4862 —
1323 4823 1799 4892 apprehendislis
1825 4838 1932 4880 me.
1977 4825 2244 4882 Ostendit

591 4905 682 4961 his
711 4921 969 4979 quoque,
1004 4909 1165 4979 quod
1194 4924 1316 4965 non
1346 4926 1455 4966 sua
1495 4910 1709 4965 virtute
1739 4912 2242 4983 apprehenderint

592 5009 750 5050 eum.
785 4995 945 5052 Sicut
969 4997 1127 5052 enim
1166 5001 1306 5054 tunc
1335 5013 1456 5054 non
1502 5002 1821 5070 potuerunt
1866 5017 1993 5056 eum
2040 5018 2241 5074 appre-

587 5082 868 5149 hendere,
917 5084 999 5141 ita
1041 5101 1236 5158 neque
1283 5101 1460 5149 nunc,
1494 5086 1604 5141 nisi
1635 5087 1884 5144 omnino
1929 5089 2232 5146 voluisset.

589 5173 775 5228 Lucas
803 5187 944 5229 vero
974 5172 1058 5229 ait
1094 5173 1225 5230 haec
1258 5189 1398 5230 eum
1435 5173 1652 5229 dixisse
1676 5174 1788 5243 his,
1816 5177 1920 5247 qui
1950 5184 2236 5237 venerant

2356 4526 2477 4576 ὅσαι
2524 4531 2640 4598 περὶ
2694 4535 2784 4579 τοῦ
2840 4529 3060 4580 θανάτου
3112 4547 3212 4600 μου
3254 4525 3548 4599 διεξίασιη
3582 4537 3642 4586 αἱ
3671 4541 3974 4612 γράφουσαι

2356 4614 2436 4665 ὅτι
2465 4613 2600 4666 οὕτω
2626 4610 2707 4668 δεῖ
2734 4617 2994 4686 γενέσθαι,
3025 4617 3104 4668 ὃτι
3134 4617 3268 4668 ούτω
3296 4622 3408 4690 χρὴ
3441 4610 3732 4678 ἀποθανεῖν
3763 4646 3847 4700 με.

2427 4825 2508 4878 Ἐν
2583 4827 2746 4899 ἐκείνη
2829 4857 2898 4868 -
2975 4827 3301 4900 έκρατησατέ
3381 4849 3468 4902 με.

2349 5022 2502 5076 μεως.
2553 5003 2752 5077 ’Ὠσπερ
2807 5005 2905 5076 γὰρ
2960 5009 3075 5057 τότε
3115 5013 3406 5078 κατασχεῖν
3458 5009 3628 5064 αὑτὸν
3689 5019 3788 5070 οὐκ
3848 5017 3972 5079 ἠδυ-

2351 5095 2605 5157 νήθησαν,
2661 5094 2820 5154 οὕτως
2869 5089 2992 5146 οὐδὲ
3040 5099 3147 5157 νῦν,
3199 5094 3243 5146 εἰ
3297 5099 3370 5167 μὴ
3420 5099 3640 5166 πάντως
3699 5108 3970 5171 ἠθέλησα,

2344 5186 2550 5252 Λουκᾶς
2599 5177 2658 5235 δέ
2707 5201 2866 5254 φησιν
2903 5181 3060 5234 εἰπεῖν
3104 5189 3272 5235 ταῦτα
3321 5186 3445 5258 πρὸς
3484 5194 3617 5253 τοὺς
3651 5195 3772 5271 (73)
3797 5218 3966 5273 παρα-

655 5377 703 5413 ⁷⁸
736 5378 871 5433 Luc.
902 5391 1042 5439 xxu,
1073 5376 1164 5431 51.
1240 5376 1288 5411 ⁷⁸
1318 5375 1488 5432 Joan.
1518 5391 1670 5443 xvm,
1703 5378 1788 5436 il.
1865 5378 1914 5416 ⁷⁸
1941 5379 2016 5436 IV
2047 5383 2185 5453 Reg.
2211 5399 2334 5453 xix,
2368 5387 2458 5441 35.

1921 5530 2138 5600 Variae
2177 5532 2529 5603 lectiones.

654 5669 766 5746 (72)
795 5667 860 5722 ⁸0
902 5663 1082 5736 ἔδωκε,
1131 5667 1272 5727 Cod.
1301 5668 1372 5732 Α,

2411 5677 2528 5750 (73)
2567 5681 2892 5751 Γενομένους,
2921 5675 3072 5734 ϐοά.
3110 5677 3169 5733 Β.
3204 5677 3498 5754 Ποιπρὸς
3531 5691 3723 5767 αὐτόν,

3578 4841 3830 4894 Δείκνυσι
3891 4847 3978 4895 καὶ

2352 4917 2555 4976 τούτοις
2610 4917 2689 4967 ὅτι
2740 4915 2845 4986 οὐχ
2905 4917 3005 4968 ύπό
3063 4924 3155 4977 τῆς
3208 4917 3374 4970 αὐτῶν
3437 4930 3762 4997 κατεσχέθη
3823 4929 3977 4984 δυνά-
