4198 6440
205 353 322 414 603
1177 353 1540 412 COMMENT.
1584 355 1654 411 ΙΝ
1695 354 1863 413 ΜΛΤἾ

1921 352 2122 411 [Ᾰζυὶί.
2159 383 2229 394 ——
2259 351 2414 408 CAP.
2457 349 2660 407 XXVI.
3474 347 3579 408 696

216 482 524 553 γενομένους
573 477 652 532 ἐπ’
707 477 860 532 αὐτὸν
913 478 1173 554 ἀρχιερεῖς
1223 485 1313 533 καὶ
1357 484 1685 554 στρατηγοὺς
1722 486 1813 532 τοῦ
1843 480 1874 536 Α

1926 479 2001 536 ad
2014 478 2236 552 ipsum,
2252 475 2616 550 principibus
2631 472 3014 533 sacerdotum
3033 487 3103 530 ac
3125 470 3580 544 magistratibus

219 571 358 642 ἱεροῦ
405 572 495 620 καὶ
540 565 941 642 πρεσϐυτέρους.
986 568 1135 629 Εἰκὸς
1183 564 1244 620 δὲ
1285 573 1375 621 καὶ
1420 573 1548 642 πρὸς
1600 571 1813 630 τούτους

1924 566 2127 638 templi
2153 571 2206 623 et
2235 565 2563 622 senioribus
2589 565 2660 622 ⁷⁸.
2691 561 3010 619 Verisimile
3041 564 3128 618 est
3154 567 3378 629 autem,
3407 565 3464 618 et
3483 560 3577 617 his

215 659 501 716 κάκείνους.
545 660 784 708 Φαίνεται
838 653 914 727 δε,
969 657 1048 708 ὅτι
1103 659 1129 708 6
1203 659 1292 729 μεν
1353 654 1580 726 Ἰούδας,
1645 657 1813 709 λαϐὼν

1922 661 1977 713 et
1999 656 2115 712 illis
2147 671 2276 712 eum
2302 654 2539 710 dixisse.
2570 656 2836 725 Apparet
2871 667 3014 724 ergo
3043 650 3203 723 quod
3235 650 3419 707 Judas
3448 649 3578 722 qui-

217 751 312 804 τήν
357 752 597 820 σπεῖραν,
651 749 741 798 καὶ
785 744 841 796 ἐκ
896 753 996 796 τῶν
1048 744 1332 819 ἀρχιερέων
1380 750 1469 798 καὶ
1517 751 1812 820 Φαρισαίων

1921 745 2060 800 dem
2087 750 2322 816 sumpta
2343 743 2604 806 cohorte,
2629 747 2684 797 et
2708 757 2743 796 a
2764 741 3147 814 pontiﬁcibus
3181 746 3238 796 et
3262 739 3574 796 Pharisais

217 836 496 909 ὑπηρέτας,
539 841 784 908 προῆγεν
828 835 1028 886 εἵποντο
1078 831 1137 886 δὲ
1187 839 1277 887 καί
1323 853 1450 895 τινες
1492 845 1590 886 τῶν
1621 833 1812 907 ἀρχιε-

1925 833 2228 901 ministris,
2256 833 2619 904 praeesserit
2649 847 2662 896 ;
2690 831 2874 885 secuti
2899 836 3036 884 sunt
3060 835 3255 884 autem
3279 845 3418 884 eum
3441 828 3571 900 qui-

217 930 342 998 ρέων
395 927 486 974 καὶ
547 930 853 997 στρατηγῶν
919 929 1007 974 τοῦ
1062 924 1198 994 ἱεροῦ
1267 928 1356 976 καὶ
1427 922 1810 998 πρεσϐυτέρων,

1923 922 2066 978 dam
2081 921 2259 976 etiam
2274 919 2498 975 summi
2512 918 2850 974 sacerdotes
2870 933 2940 973 ac
2963 917 3341 987 magistratus
3365 916 3570 988 templi

223 1012 311 1074 ούς
350 1018 436 1063 νῦν
490 1011 516 1063 6
562 1009 680 1082 (74)
739 1017 946 1072 Λουκᾶς
1005 1007 1284 1069 ἐδήλωσεν·
1332 1011 1442 1084 ἃμα
1502 1016 1594 1084 μὲν
1647 1031 1814 1086 παρα-

1921 1016 1978 1066 et
2024 1011 2307 1073 seniores,
2351 1024 2505 1080 quos
2547 1023 2703 1063 nunc
2733 1009 2918 1062 Lucas
2958 1004 3353 1076 signiﬁcavit;
3389 1004 3570 1062 simul

228 1102 464 1171 θήγοντες
511 1103 629 1161 τοὺς
685 1097 1119 1172 ἀπεσταλμένους,
1172 1100 1283 1173 ἅμα
1330 1097 1389 1153 δὲ
1426 1105 1516 1152 καὶ
1571 1103 1814 1174 θεωρούν-

1921 1099 2160 1172 quidem
2191 1102 2255 1154 ut
2297 1113 2399 1152 eos
2441 1096 2545 1169 qui
2588 1095 2760 1151 missi
2805 1099 2972 1151 erant
3015 1095 3345 1158 incitarent,
3391 1093 3569 1150 simul

228 1209 329 1256 τες,
402 1191 485 1241 ’ίνα
566 1193 636 1261 μὴ
712 1184 1146 1262 δωροδοκηθῶσι.
1207 1193 1536 1265 Στρατηγοὺς
1593 1186 1652 1242 δε
1721 1196 1811 1242 τοῦ

1921 1189 2102 1244 etiam
2126 1203 2201 1242 ne
2228 1185 2578 1241 muneribus
2599 1183 2987 1247 allicerentur.
3020 1182 3393 1254 Magistratus
3428 1197 3569 1240 vero

232 1281 369 1352 ἱεροῦ
443 1277 574 1349 λέγει
661 1277 782 1338 τούς
845 1277 1206 1350 φυλάσσοντας
1287 1278 1412 1331 αύτὸ
1486 1281 1616 1350 μετὰ
1697 1279 1809 1350 (75)

1921 1276 2124 1349 templi
2152 1275 2291 1331 dicit
2309 1290 2431 1339 eos,
2460 1273 2563 1345 qui
2588 1272 2736 1329 illud
2757 1288 2890 1327 cum
2927 1270 3207 1327 militibus
3229 1271 3569 1338 servabant.

225 1375 324 1419 τῶν
378 1374 722 1441 στρατιωτῶν,
781 1365 855 1428 οἷς
910 1371 1000 1420 καὶ
1059 1365 1292 1443 ἀνωτέρω
1379 1366 1719 1425 συνελάλησεν
1785 1369 1810 1420 ό

1921 1383 2059 1424 cum
2098 1364 2316 1438 quibus
2346 1364 2525 1420 etiam
2574 1362 2847 1434 superius
2911 1361 3139 1418 locutus
3179 1375 3314 1418 esse
3358 1360 3575 1420 dicitur

219 1451 445 1516 Ἰούδας.

1918 1458 1943 1512 J
1951 1455 2119 1511 udas.

287 1549 452 1597 Τοῦτο
500 1539 561 1596 δε
609 1573 677 1584 -
731 1551 1029 1617 προφητῶν,
1082 1545 1245 1600 Τοῦτο
1294 1540 1353 1598 δι
1399 1543 1532 1611 ὅλον,
1575 1541 1807 1615 δηλαδὴ,

1991 1544 2150 1599 Vers.
2186 1543 2272 1597 56.
2296 1542 2424 1598 Hoc
2436 1547 2631 1597 autem
2659 1539 3188 1610 —prophetarum.
3222 1538 3344 1594 Hoc
3360 1541 3575 1609 totum,

223 1635 276 1684 τὸ
330 1632 548 1690 Θελῆσαι
618 1634 1016 1704 κατασχεθῆναί
1088 1651 1170 1705 με,
1237 1635 1464 1704 γέγονεν,
1531 1635 1613 1685 ἶνα
1675 1633 1812 1694 τελος

1921 1640 2064 1704 puta
2091 1631 2255 1703 quod
2303 1646 2398 1686 me
2442 1628 2729 1685 voluerim
2779 1627 3166 1700 apprehendi,
3217 1627 3437 1683 factum
3487 1631 3577 1683 est

220 1719 446 1773 λάϐωσιν
495 1722 551 1773 αἱ
608 1725 811 1794 Γραφαὶ
871 1729 972 1773 τῶν
1034 1730 1332 1796 προφητῶν,
1384 1723 1506 1775 ὅσαι
1556 1726 1674 1796 περὶ
1721 1729 1811 1774 τοῦ
1846 1791 1878 1796 _

1923 1725 1986 1777 ut
2004 1719 2434 1792 complerentur
2455 1733 2525 1774 ac
2548 1719 2965 1789 perficerentur
2992 1716 3304 1787 Scriptura
3328 1715 3576 1788 prophe-

226 1812 442 1862 θανάτου
471 1829 574 1882 μου
607 1805 641 1862 δ
647 1791 1044 1881 ιαλαμϐάνουσι.
1074 1791 1083 1796 1
1146 1791 1154 1794 ν
1620 1791 1629 1796 ’

1620 1791 1629 1796 ’
1843 1791 1890 1862 Β
1923 1791 2145 1874 tarum,
2178 1811 2472 1880 quotquot
2519 1810 2758 1862 narrant
2795 1805 2869 1860 de
2901 1811 3088 1860 morte
3119 1820 3262 1859 mea.

289 1905 414 1952 Τότε
479 1930 550 1939 -
605 1901 816 1971 ἔφυγον,
881 1898 1240 1964 Ἀκούσαντες,
1300 1900 1380 1952 ὅτι
1451 1898 1574 1951 ἑκὼν
1631 1897 1810 1952 ἑαυτὸν

1994 1900 2151 1972 vers.
2179 1899 2264 1952 56.
2301 1897 2462 1952 Τιιηι·
2493 1927 2558 1936 -
2581 1896 2894 1964 fugerunt.
2935 1893 3154 1950 Audito
3183 1893 3347 1965 quod
3375 1892 3573 1949 volun-

227 1985 490 2060 παρέδωκε
519 1990 656 2040 κατά
684 1990 778 2049 τὰς
826 1990 1050 2061 Γραφὰς,
1091 1992 1180 2040 καὶ
1227 1983 1444 2052 ἰδόντες,
1493 1989 1572 2040 ὅτι
1601 1988 1694 2040 ούκ
1735 1989 1809 2040 ἔτι

1918 1985 2064 2042 tarie
2114 1986 2378 2057 seipsum
2423 1984 2677 2039 traderet
2719 1981 3056 2038 secundum
3102 1982 3456 2053 Scripturas,
3515 1986 3571 2039 et

234 2073 573 2149 διαφεύξεται,
621 2075 798 2129 λοιπὸν
839 2079 1042 2149 ἔφυγον,
1092 2079 1226 2129 κατά
1269 2081 1362 2136 τὴν
1411 2073 1615 2148 ἀψευδῆ
1648 2076 1809 2152 πρόρ-

1921 2075 2047 2131 viso
2073 2073 2239 2146 quod
2269 2074 2548 2144 deinceps
2574 2071 2837 2127 futurum
2868 2085 2988 2126 non
3013 2077 3144 2128 erat
3173 2075 3235 2126 ut
3264 2069 3564 2139 effugeret,

233 2165 380 2240 ῥησιν
425 2165 600 2234 αὑτοῦ,
646 2167 856 2238 Μάρκος
900 2161 959 2218 δε
996 2166 1313 2237 προσέθηκεν
1361 2166 1441 2218 ὃτι
1479 2170 1567 2218 καὶ
1615 2162 1685 2226 εἷς
1731 2185 1812 2227 τις

1920 2168 2060 2219 tunc
2090 2163 2368 2232 fugerunt
2389 2163 2562 2235 juxta
2604 2159 2914 2216 infallibiIe
2966 2159 3159 2231 ipsius
3199 2158 3562 2216 vaticinium.

235 2258 487 2314 νεανίσκος
555 2253 902 2312 ἠκολούθησεν
972 2253 1133 2324 αύτῷ,
1216 2253 1640 2326 περιϐεϐλημένος
1699 2273 1810 2306 σιν-

1919 2255 2139 2308 Marcus
2170 2267 2310 2306 vero
2340 2249 2584 2319 addidit,
2625 2249 2790 2321 quod
2821 2263 2974 2328 unus
3005 2247 3309 2319 quispiam
3341 2246 3565 2303 adoles-

235 2339 359 2395 δόνα
396 2341 476 2395 ἐπὶ
520 2349 734 2415 γυμνοῦ.
787 2347 888 2395 Καὶ
934 2350 1216 2416 κρατοῦσιν
1251 2343 1404 2394 αύτὸν
1434 2345 1483 2395 οὶ
1519 2348 1801 2395 νεανίσκοιο

1918 2341 2192 2399 centulus
2215 2340 2574 2412 sequebatur
2599 2338 2766 2393 illum
2800 2338 3282 2393 circumamictus
3316 2335 3569 2392 sindone

229 2432 255 2483 6
311 2429 368 2484 δὲ
423 2431 714 2484 καταλιπὼν
778 2435 871 2490 τὴν
931 2427 1164 2501 σινδόνα,
1232 2435 1429 2503 γυμνὸς
1484 2436 1663 2505 ἔφυγεν
1721 2432 1808 2484 ἀπ’

1919 2446 2096 2504 super
2121 2428 2373 2494 nudum,
2407 2433 2463 2483 et
2487 2427 2942 2499 apprehendunt
2961 2441 3099 2480 eum
3120 2423 3568 2483 adolescentuli.

223 2519 406 2572 αὐτῶν.
457 2523 602 2582 Τινὲς
647 2523 736 2592 μεν
790 2527 876 2572 οὐν
926 2539 1081 2592 φασιν
1130 2519 1230 2572 ἀπὸ
1280 2529 1370 2582 τῆς
1417 2522 1585 2582 οἰκίας
1614 2519 1808 2583 ἐκείνης

1921 2524 1992 2578 At
2019 2518 2114 2574 ille
2131 2517 2330 2574 relicta
2357 2516 2604 2571 sindone
2629 2515 2828 2570 nudus
2848 2513 3088 2585 fugitab
3111 2515 3195 2570 eis
3216 2515 3285 2568 ⁷⁷.
3313 2513 3569 2579 Quidam

220 2606 346 2662 dum
392 2613 479 2662 τόν
527 2613 812 2674 νεανίσκον,
862 2607 909 2660 ἕν
1043 2612 1100 2661 τό
1147 2610 1340 2681 πάσχα
1386 2613 1567 2682 ἔφαγεν
1615 2611 1640 2661 6
1680 2618 1809 2684 Χρι-

1917 2607 2118 2680 itaque
2143 2607 2311 2663 aiunt
2339 2622 2376 2662 a
2400 2604 2582 2661 domo
2603 2603 2706 2659 illa
2730 2602 2909 2659 fuisse
2935 2601 3469 2669 adolescentulum,
3509 2602 3570 2658 in

219 2704 355 2759 στος⁹
440 2697 604 2770 ἕτεροι
678 2693 738 2751 δε
815 2696 1056 2768 λέγουσιν
1120 2699 1249 2750 εἶναι
1322 2707 1501 2751 τοῦτον
1569 2697 1810 2752 Ἰάκωϐον

1917 2713 2040 2766 qua
2084 2696 2350 2752 Christus
2407 2693 2634 2766 pascha
2679 2691 3162 2747 manducaverat.
3215 2689 3320 2746 Alii
3370 2693 3569 2746 autem

215 2791 298 2840 τόν
350 2784 571 2860 ἀδελφὸν
634 2794 726 2839 τοῦ
801 2791 1017 2861 Κυρίου,
1077 2789 1133 2849 ὃς
1193 2792 1280 2840 καὶ
1335 2787 1456 2862 παρ’
1520 2789 1641 2847 ὅλην
1715 2793 1809 2846 τὴν

1917 2785 2077 2842 hunc
2119 2784 2306 2840 fuisse
2335 2782 2543 2838 dicunt
2571 2780 2866 2838 Jacobum
2906 2780 3146 2836 fratrem
3177 2778 3434 2842 Domini,
3467 2777 3570 2851 qui

215 2874 404 2928 ἑαυτοῦ
495 2876 635 2936 ζωὴν
715 2874 787 2928 ἐνὶ
862 2873 1172 2951 περιϐολαίῳ
1268 2874 1542 2947 ἐκέχρητο.
1639 2883 1810 2949 Περιε-

1917 2875 2094 2931 etiam
2125 2876 2249 2928 tota
2279 2871 2396 2928 vita
2424 2886 2531 2928 sua
2558 2871 2732 2926 unica
2761 2873 2924 2924 veste
2951 2868 3244 2924 utebatur.
3280 2867 3570 2922 Circuma-

214 2962 434 3022 ϐέϐλητο
480 2961 540 3017 δι
591 2969 686 3022 τὴν
746 2959 962 3016 σινδόνα
1016 2962 1100 3016 ἐπὶ
1150 2972 1370 3037 γυμνοῦ,
1421 2973 1512 3018 τοῦ
1571 2971 1812 3038 σώματος

1921 2963 2132 3018 mictus
2159 2965 2354 3018 autem
2382 2963 2506 3016 erat
2526 2958 2778 3014 sindone
2810 2972 2991 3030 super
3016 2957 3272 3025 nudum,
3299 2954 3570 3011 videlicet

213 3047 459 3110 δηλονότι

1919 3065 2160 3116 corpus.

282 3145 356 3194 Οἱ
398 3138 457 3194 δὲ
479 3173 547 3182 -
575 3143 942 3213 συνήχθησαν.
975 3141 1052 3194 Τὰ
1079 3142 1234 3213 ὅμοια
1262 3145 1350 3194 καὶ
1379 3142 1592 3217 Μάρκος
1619 3141 1811 3217 ἔγραψε
1848 3128 1889 3186 C

1991 3142 2152 3194 Vers.
2173 3138 2259 3192 57.
2282 3137 2359 3192 At
2384 3135 2480 3192 illi
2497 3165 2565 3176 —
2595 3132 2938 3204 congregati
2963 3137 3156 3188 erant.
3181 3130 3406 3189 Similia
3421 3146 3568 3203 quo-

210 3237 299 3284 καὶ
373 3237 598 3292 Λουκᾶς·
655 3232 680 3282 6
727 3227 774 3283 δ’
809 3229 1048 3292 Ἰωάννης
1088 3229 1403 3304 πλατύτερον
1454 3235 1544 3283 καὶ
1607 3230 1809 3304 ἀκριϐέ-

1918 3243 2035 3300 que
2063 3227 2422 3297 scripserunt
2453 3227 2675 3280 Marcus
2707 3224 2751 3256 ⁷⁷
2787 3226 2844 3277 et
2875 3223 3058 3276 Lucas
3082 3222 3132 3255 ⁷⁸
3168 3237 3180 3274 :
3215 3224 3275 3274 at
3311 3222 3568 3274 Joannes

212 3339 398 3388 στερον
449 3321 515 3371 τὰ
561 3318 786 3371 ἕντεῖθεν
827 3320 1058 3390 γράφων,
1103 3319 1188 3370 οἵα
1232 3323 1408 3391 παρὼν
1447 3319 1644 3383 αὐτοῖς,
1677 3320 1810 3370 οὕτω

1919 3317 2092 3372 latius
2128 3331 2198 3370 ac
2228 3313 2566 3382 diligentius
2607 3310 2865 3365 scribens
2899 3325 2968 3364 ea
3008 3324 3144 3379 qua
3185 3307 3263 3362 ab
3293 3307 3408 3362 hoc
3437 3307 3568 3364 loco

207 3414 394 3480 φησίν
446 3405 505 3460 Ἠ
547 3403 634 3459 οὖν
671 3415 858 3482 σπεῖρα
887 3413 975 3459 καὶ
1013 3408 1038 3458 6
1075 3407 1366 3480 χιλίαρχος
1406 3413 1496 3460 καὶ
1535 3410 1584 3460 οἱ
1622 3409 1811 3478 ὑπηρέ-

1920 3409 2273 3475 sequuntur,
2329 3405 2533 3471 utpote
2574 3398 2678 3471 qui
2734 3397 2914 3452 rebus
2955 3395 3068 3450 illis
3115 3395 3326 3458 adfuit,
3379 3393 3565 3452 dicit:

204 3505 404 3550 ταιτών
458 3492 730 3549 Ἰουδαίων
790 3495 1063 3548 συνέλαϐον
1109 3500 1194 3548 τὸν
1263 3495 1484 3562 Ἰησοῦν,
1538 3502 1627 3549 καὶ
1689 3493 1810 3553 ἔδη-

1919 3493 2138 3550 Cohors
2153 3492 2341 3561 igitur
2354 3495 2406 3544 et
2423 3487 2691 3543 tribunus
2707 3501 2777 3542 ac
2797 3484 3056 3540 ministri
3066 3483 3410 3538 Judaorum
3423 3498 3570 3538 com-

207 3605 300 3639 σαν
367 3584 543 3652 αύτὸν,
590 3589 679 3637 καὶ
735 3583 1007 3656 ἀπήγαγον
1055 3585 1210 3636 αὑτὸν
1257 3588 1384 3659 πρὸς
1441 3584 1626 3636 ’Ἄνναν
1673 3593 1810 3658 πρῶ-

1916 3580 2348 3649 prehenderunt
2365 3578 2584 3641 Jesum,
2599 3582 2652 3631 et
2668 3575 2995 3646 ligaverunt
3007 3587 3161 3635 eum,
3183 3586 3250 3628 ac
3268 3572 3570 3628 duxerunt

201 3692 314 3727 τον·
405 3681 468 3745 ᾖν
533 3676 634 3746 γὰρ
704 3675 944 3748 πενθερός
1012 3681 1104 3726 τοῦ
1178 3675 1402 3745 Καὶάφα,
1481 3675 1531 3734 ὃς
1587 3674 1648 3747 ᾖν
1723 3672 1810 3748 ἀρ-

1917 3687 2048 3728 eum
2075 3670 2158 3725 ad
2185 3669 2415 3724 Annam
2442 3665 2704 3735 primum
2734 3682 2747 3720 :
2777 3669 2905 3720 erat
2933 3663 3083 3718 enim
3112 3676 3274 3717 socer
3307 3659 3564 3728 Caipha,

199 3765 425 3837 χιερεύς
499 3769 590 3814 τού
667 3759 904 3814 ἐνιαυτοῦ
979 3759 1198 3817 ἐκείνου.
1284 3759 1413 3814 Εἶτα
1467 3765 1598 3814 κατὰ
1657 3767 1810 3836 μέρος

1917 3761 2023 3834 qui
2039 3762 2168 3816 erat
2186 3757 2457 3829 pontifex
2481 3754 2624 3812 anni
2642 3753 2810 3810 illius
2837 3753 2905 3806 7'.
2933 3750 3156 3807 Deinde
3182 3749 3282 3805 ubi
3313 3748 3569 3821 particu-

201 3850 537 3923 ἀπαγγείλας
623 3852 690 3902 τὰ
743 3849 790 3902 ἐν
846 3857 918 3920 τῷ
984 3849 1108 3920 οἶκῳ
1165 3855 1256 3901 τού
1328 3849 1486 3904 Ἀννα
1541 3855 1805 3923 γενόμενα,

1917 3849 2116 3906 lariter
2129 3845 2390 3902 recitavit
2409 3860 2544 3918 qua
2567 3843 2627 3899 in
2647 3843 2832 3898 domo
2854 3841 3041 3896 Anna
3069 3839 3227 3896 facta
3248 3841 3406 3904 sunt,
3435 3854 3569 3916 quas

198 3940 332 4013 ἅπερ
398 3941 446 3990 οἱ
500 3938 614 4010 (76)
654 3938 798 3991 ἄλλοι
845 3934 1180 4012 παρέδραμον
1232 3937 1616 4010 εύαγγελισταὶ,
1669 3939 1810 4001 τέλος

1919 3939 2013 3994 alii
2053 3935 2558 4009 pratermiserunt
2604 3929 3001 3999 evangelista,
3060 3927 3304 3983 tandem
3361 3926 3502 3983 dicit
3551 3946 3564 3985 :

195 4028 364 4100 λέγει’
425 4025 745 4081 Ἀπέστειλεν
799 4025 952 4078 αύτόν
1010 4027 1036 4078 ό
1095 4025 1281 4088 ⁴⁵Αννας
1344 4024 1617 4100 δεδεμένον
1681 4031 1808 4102 πρὸς

1917 4028 1995 4082 Ει
2030 4027 2183 4082 misit
2215 4039 2344 4080 eum
2393 4022 2602 4078 Annas
2634 4020 2876 4090 ligatum
2926 4018 3007 4074 ad
3055 4017 3344 4086 Caipham
3371 4015 3570 4087 ponti-

201 4120 454 4188 Καῑάφαν
474 4118 560 4167 τὸν
592 4113 860 4189 ἀρχιερέα.
1916 4117 2088 4187 ﬁcem
2121 4115 2189 4166 so.

267 4206 334 4259 Ὀ
394 4201 452 4256 δὲ
501 4207 690 4278 Πέτρος
742 4235 810 4246 -
849 4203 1153 4278 ἀρχιερέως.
1199 4203 1640 4276 ’Υποστρέψαντες
1694 4205 1806 4275 (77)

1987 4204 2152 4257 Vers.
2188 4201 2280 4256 58.
2317 4198 2526 4254 Petrus
2556 4200 2751 4250 autem
2774 4225 2840 4234 -—
2864 4193 3151 4262 principis
3176 4191 3565 4248 sacerdotum.

198 4295 367 4356 εὐθὺς
427 4293 579 4354 αύτός
632 4298 721 4345 καὶ
767 4294 792 4345 ὁ
853 4293 1088 4353 Ἰωάννης
1141 4293 1587 4366 παρηκολούθουν.
1636 4293 1693 4345 Ὀ
1761 4289 1808 4344 δ’

1918 4289 2152 4347 Reversi
2209 4286 2427 4350 statim,
2486 4284 2614 4355 ipse
2657 4287 2713 4338 et
2787 4284 3046 4336 Joannes
3099 4279 3502 4350 sequebantur
3551 4295 3565 4334 :

194 4383 452 4444 Ἰωάννης
515 4388 862 4455 συνεχωρεῖτο
913 4386 1005 4433 καὶ
1066 4381 1396 4448 πλησιάζειν,
1443 4377 1527 4432 οἷα
1583 4384 1807 4452 γνωστὸς

1915 4381 2174 4434 Joannes
2202 4389 2340 4429 vero
2372 4371 2696 4444 permissus
2727 4382 2970 4441 quoque
3008 4371 3093 4422 est
3126 4366 3571 4437 appropinqua-

197 4473 273 4542 τῷ
307 4471 574 4545 ἀρχιερεῖ,
625 4453 793 4531 καθήὼς
817 4470 970 4532 αὐτὸς
1019 4472 1231 4545 ἱστορεῖ.
1278 4468 1414 4523 Ἀλλ’
1447 4471 1495 4521 οἱ
1542 4473 1630 4536 μὲν
1675 4477 1807 4543 τρεῖς
1843 4472 1855 4525 Ι

1916 4485 1999 4532 re,
2033 4470 2232 4537 utpote
2258 4469 2436 4518 notus
2466 4458 2752 4532 pontifici,
2783 4459 2936 4511 sicut
2963 4454 3094 4526 ipse
3117 4455 3313 4509 scribit
3343 4455 3410 4506 ⁸³.
3445 4453 3568 4509 Ca-

197 4557 584 4632 εύαγγελισταὶ
635 4566 726 4610 τοῦ
784 4561 978 4631 Πέτρου
1032 4560 1203 4630 μόνον’
1238 4561 1619 4630 μνημονεύουσι
1674 4578 1805 4631 συμσ

1918 4556 2021 4612 teri
2051 4558 2254 4611 autem
2297 4557 2413 4606 tres
2443 4546 2829 4619 evangelista
2860 4541 3231 4600 concorditer
3261 4543 3416 4598 Petri
3447 4547 3569 4600 tan-

197 4656 392 4720 φώνως
457 4645 550 4699 διὰ
605 4650 662 4700 τὸ
714 4645 1014 4718 ἀναγκαῖον,
1061 4649 1144 4698 ἵνα
1201 4665 1255 4698 τε
1303 4643 1516 4709 δείξωσι
1557 4651 1648 4705 τὴν
1691 4653 1807 4721 περὶ

1919 4650 2039 4703 tum
2068 4640 2486 4703 meminerunt,
2519 4637 2866 4692 necessitate
2897 4632 3078 4698 ducti,
3108 4636 3169 4688 ut
3189 4631 3572 4688 ostenderent

195 4747 301 4800 τῆς
367 4734 632 4808 ἀρνήσεως
686 4735 845 4787 αύτοῦ
923 4733 1209 4808 πρόρρησιν
1285 4742 1376 4786 τού
1441 4742 1675 4809 Σωτῆρος
1738 4735 1809 4798 εἰς

1921 4732 2236 4792 Salvatoris
2287 4727 2629 4786 vaticinium
2675 4725 2749 4780 de
2784 4723 2936 4779 illius
2992 4722 3313 4791 negatione
3388 4721 3571 4778 fuisse

198 4825 354 4888 τέλος
415 4823 771 4890 ἐκϐεϐηκυῖαν,
815 4828 906 4875 καὶ
963 4825 1044 4874 ἱνα
1096 4819 1408 4888 διδάξωσιν,
1465 4825 1640 4876 ὁποῖόν
1698 4823 1809 4876 ἐστι

1918 4821 2279 4893 completum
2307 4836 2320 4870 :
2347 4823 2528 4889 utque
2545 4813 2925 4870 ostenderent
2946 4817 3233 4878 quantum
3257 4811 3329 4866 sit
3346 4809 3571 4866 malum

195 4918 375 4967 κακὸν
429 4917 486 4964 τὸ
543 4911 742 4988 θαρῥεῐν
804 4911 878 4984 ἐφ’
933 4911 1096 4982 ἐαυτῷ
1148 4931 1284 4978 τινα,
1337 4917 1427 4964 καὶ
1474 4918 1544 4984 μὴ
1605 4913 1688 4964 ἐπὶ
1738 4922 1810 4985 τῷ

1918 4911 1978 4966 in
1997 4910 2192 4980 seipso
2206 4905 2575 4979 quempiam,
2601 4918 2720 4958 non
2741 4901 2802 4956 in
2823 4901 2941 4955 Deo
2963 4899 3282 4955 confidere.
3314 4899 3573 4956 Joannes

197 5010 357 5074 Θεῷ.
410 5001 470 5054 Ὀ
519 4997 570 5054 δ’
625 5001 864 5060 Ἰωάννης
902 5005 990 5052 καὶ
1029 4999 1212 5052 ἑαυτοῦ
1262 4998 1631 5072 ἐμνημόνευσεν
1667 4999 1813 5074 ἀκρι-

1920 5014 2062 5056 vero
2092 4997 2182 5052 sui
2213 4995 2403 5067 ipsius
2437 4995 2612 5049 etiam
2667 4989 2803 5047 fecit
2850 4987 3217 5044 mentionem
3254 4987 3573 5058 diligentia

276 5127 333 5164 ⁷⁸
359 5123 498 5182 Luc.
527 5125 768 5191 “11,52.
847 5124 893 5159 ⁷⁷
917 5126 1214 5193 Μωδαχιν,
1242 5123 1331 5190 51,
1353 5128 1439 5180 52.
1515 5125 1564 5160 ⁷⁷
1582 5123 1730 5180 lbid.
1756 5125 1849 5182 53.
1931 5125 1934 5136 '

1931 5123 1980 5158 ⁷³
2005 5124 2140 5178 Luc.
2167 5134 2306 5185 χχιι,
2333 5119 2422 5174 54.
2501 5117 2734 5174 "Joan.
2761 5129 2924 5185 xvm,
2960 5114 3046 5183 l2,
3075 5110 3165 5170 13.
3247 5113 3297 5150 ⁸ο
3320 5111 3576 5172 Ιὺίά.24.

191 5215 243 5253 ⁸³
322 5212 474 5268 Ibid.
537 5217 618 5268 15.

1629 5387 1854 5456 Varia
1884 5385 2238 5454 lectiones.

305 5644 404 5722 75’)
427 5655 566 5710 Post
592 5656 724 5726 μετᾲ
751 5653 967 5726 omittit
988 5660 1088 5705 τῶν
1118 5651 1253 5711 cod.
1282 5656 1348 5708 Α.
1924 5655 1963 5724 ες

1924 5644 2130 5724 ἔφυεγονό
2168 5650 2318 5711 αὐτός
2349 5652 2572 5716 autem,
2601 5648 2850 5704 refertur
2879 5644 2958 5701 ad
2999 5647 3251 5701 Petrum.

301 5583 400 5658 74)
427 5582 575 5658 _Cod.
609 5586 655 5638 Α
682 5581 901 5658 omittit
926 5583 972 5658 ῥ.
1216 5651 1227 5658 .
1300 5656 1306 5658 _
1928 5655 1947 5658 _

1928 5655 1947 5658 _
2013 5580 2128 5652 (77)
2190 5581 2310 5658 Hoc
2377 5575 2626 5658 refertur
2671 5573 2766 5658 ad.
2809 5571 3106 5658 superius,
3179 5571 3385 5644 ἀφέντες
3430 5572 3584 5658 αύτὸν

301 5585 400 5654 74)
431 5585 575 5639 Cod.
609 5586 655 5638 Α
682 5585 829 5639 omit

273 5585 404 5798 (75)
427 5655 566 5738 Post
592 5656 724 5735 μετά
751 5667 834 5709 0n

303 5726 404 5796 ‘76)
438 5732 504 5778 Οι
532 5729 753 5782 omittit
777 5725 834 5779 B.
