4198 6472
622 390 726 452 695

1934 380 2285 444 EUTHYMII
2324 380 2636 441 ZIGABEN
2642 380 2664 437 Ι

3873 384 3982 447 696

618 531 803 575 causa
825 532 838 571 :
859 530 933 573 ne
957 517 1160 573 tamen
1181 512 1449 587 seipsum
1478 510 1729 570 laudare
1749 510 2038 580 videatur,
2064 514 2269 582 utpote

2387 505 2622 579 Βολογίας
2680 506 2842 560 ἕνεκα·
2892 504 3024 566 πλὴν
3082 505 3163 559 ἶνα
3213 509 3285 580 μὴ
3338 502 3465 581 δόξῃ
3519 514 3741 562 επαινιῖν
3774 510 3976 577 έαυτὸν,

615 605 781 679 quod
812 605 872 661 in
921 602 1271 677 hujusmodi
1324 601 1590 675 periculis
1637 605 1876 657 secutus
1916 601 2011 663 sit,
2058 613 2271 654 nomen

614 694 928 767 proprium
980 692 1259 748 conticuit
1303 696 1360 747 et
1406 690 1549 746 dixit
1587 706 1600 745 :
1657 689 2021 761 Sequebatur
2071 692 2268 743 autem

616 783 813 839 Iesum
843 782 1045 838 Simon
1082 782 1291 837 Petrus
1332 785 1387 837 et
1412 779 1570 837 alius
1599 779 1928 849 discipulus
1950 780 2017 832 η.

687 962 855 1016 Vers.
891 962 977 1015 58.
1029 960 1109 1015 Et
1159 960 1451 1031 ingressus
1508 988 1574 998 —
1600 959 1799 1027 ﬁnem.
1831 959 1970 1012 Tres
2022 956 2269 1029 quidem

619 1048 1001 1120 evangelistee
1031 1055 1147 1104 tres
1173 1048 1320 1103 Petri
1354 1046 1699 1118 negationes
1729 1047 1787 1102 in
1817 1046 2055 1117 Caiphae
2086 1045 2269 1101 domo

622 1137 811 1193 factas
840 1153 970 1193 esse
1001 1138 1225 1208 dicunt,
1270 1138 1522 1191 Joannes
1548 1141 1749 1191 autem
1781 1135 1841 1190 in
1872 1135 2055 1190 domo
2086 1140 2269 1190 Anna;

624 1228 814 1284 soceri
842 1229 1051 1299 ipsius,
1080 1242 1190 1281 nec
1224 1231 1423 1283 tamen
1455 1226 1534 1281 ob
1573 1226 1687 1281 hoc
1726 1225 1876 1280 inter
1905 1241 2006 1281 eos
2036 1229 2123 1280 est
2152 1225 2272 1281 dis-

624 1317 920 1373 sonantia.
976 1315 1281 1387 Siquidem
1337 1314 1656 1371 amborum
1711 1331 1831 1370 una
1868 1315 2085 1370 domus
2125 1320 2268 1379 erat,

625 1404 907 1478 idemque
937 1404 1168 1468 atrium,
1197 1404 1423 1459 habens
1449 1404 1509 1459 in
1548 1419 1612 1459 se
1638 1403 1759 1459 duo
1786 1402 2179 1460 habitaculaa
2210 1419 2271 1459 se

623 1494 880 1551 invicem
920 1498 1207 1565 separata.

698 1584 855 1640 Scire
867 1586 1065 1638 autem
1079 1583 1328 1653 oportet,
1342 1581 1505 1653 quod
1520 1579 1821 1637 Matthaaus
1835 1579 1977 1637 dicit
1992 1579 2271 1636 ancillam

621 1671 884 1744 primum
902 1671 1175 1727 terruisse
1194 1671 1423 1725 Petrum
1445 1670 1689 1738 ;exinde
1707 1669 1956 1725 alteram
1980 1688 1994 1737 ;
2014 1673 2275 1741 postmo-

620 1761 757 1818 dum
774 1776 913 1816 vero
931 1762 1442 1817 astantes.Marcus
1454 1774 1594 1815 vero
1607 1758 1857 1831 primum
1873 1759 2274 1825 ancillam,ex-

2378 596 2447 657 ὡς
2523 594 2571 647 ἓν
2646 597 2902 656 τοιούτοις
2980 592 3170 656 δεινοῖς
3234 594 3617 649 ἀκολουθοῦντα
3672 606 3744 669 τῷ
3822 597 3980 655 διδα-

2381 684 2577 755 σκάλῳ,
2634 690 3007 755 παρισιὼπησε
3067 688 3124 737 τὸ
3198 682 3336 738 ἴδιον
3405 689 3583 759 ὄνομα,
3660 692 3751 740 καὶ
3818 686 3976 758 εἶπεν,

2378 772 2677 826 ’Ἠκολούθει
2746 770 2805 826 δε
2878 782 2950 846 τῷ
3030 774 3209 832 Ἰησοῦ
3277 779 3446 848 Σίμων
3517 779 3707 851 Πέτρος
3784 783 3875 831 καὶ
3946 782 3975 833 ὁ

2378 860 2523 921 ἄλλος
2547 864 2811 934 μαθητής.

2451 955 2551 1004 Καὶ
2608 950 2845 1003 εἰσελθὼν
2900 981 2969 991 -
3016 950 3177 1013 τέλος.
3238 952 3304 1003 Οἱ
3502 959 3639 1026 τρεῖς
3701 953 3973 1027 eda-77d,”

2382 1043 2503 1092 σταὶ
2532 1042 2621 1099 τὰς
2645 1046 2783 1113 τρεῖς
2804 1038 3041 1114 ἀρνήσεις
3076 1046 3167 1092 τοῦ
3203 1044 3401 1114 Πέτρου
3440 1048 3503 1111 τῇ
3543 1040 3591 1092 έν
3630 1049 3721 1094 τοῦ
3760 1047 3975 1117 Καΐαφα

2379 1128 2507 1199 αὐλῇ
2564 1130 2804 1200 γενέσθαι
2865 1128 3123 1199 λέγουσιν,
3178 1129 3204 1180 ὀ
3259 1124 3308 1180 δ’
3361 1128 3595 1190 Ἰωάννης
3660 1129 3709 1183 έν
3764 1140 3826 1205 τῇ
3879 1143 3974 1187 τοῦ

2377 1214 2559 1283 Ἀννα,
2624 1223 2715 1267 τοῦ
2771 1218 3015 1287 πενθεροῦ
3071 1216 3256 1274 αὐτοῦ.
3336 1221 3437 1270 Καὶ
3494 1218 3587 1269 οὐκ
3640 1221 3755 1272 ἔστι
3819 1230 3974 1275 τοῦτο

2382 1300 2657 1375 διαφωνία.
2721 1309 2821 1357 Καὶ
2877 1306 2979 1378 γὰρ
3034 1306 3146 1375 (78)
3204 1304 3503 1378 ἀμφοτέρων
3561 1308 3633 1368 εἷς
3690 1306 3830 1370 οἶκος
3885 1315 3977 1362 καὶ

2380 1397 2479 1463 μία
2524 1392 2676 1459 αὐλὴ,
2714 1395 2919 1465 ἔχουσα
2960 1391 3008 1445 έν
3053 1392 3208 1466 ἑαυτῇ
3253 1390 3350 1446 δύο
3391 1390 3603 1458 διαίτας
3657 1397 3771 1468 (79)
3816 1394 3980 1450 ίδιαι-

2380 1500 2555 1541 τατας.

2454 1574 2568 1642 Χρὴ
2626 1566 2685 1622 δέ
2721 1574 2994 1640 γινώσκειν
3037 1570 3117 1621 ὅτι
3148 1569 3261 1640 (80)
3291 1571 3316 1623 ὁ
3345 1574 3614 1636 Ματθαῖος
3640 1575 3731 1646 μὲν
3775 1584 3978 1650 πρῶτον

2383 1655 2675 1716 παιδίσκην
2735 1657 2870 1730 λέγει
2933 1667 3165 1717 πτοῆσαι
3220 1663 3307 1711 τὸν
3367 1666 3577 1734 Πέτρον·
3631 1660 3738 1716 εἶτα
3792 1664 3975 1722 ἄλλην·

2383 1750 2561 1799 ἔπειτα
2614 1750 2736 1809 τοὺς
2783 1748 3028 1808 έστῶτας·
3083 1749 3312 1823 [Μάρκος
3357 1750 3468 1821 (81)
3502 1748 3560 1803 δε
3596 1759 3796 1825 πρῶτον
3842 1773 3973 1805 παι-

619 1849 761 1907 inde
778 1864 984 1905 rursus
1003 1847 1275 1904 eamdem
1296 1847 1902 1920 ipsam,postmodum
1922 1852 2183 1903 astantes
2202 1850 2270 1903 θ’.

2387 1832 2598 1903 δίσκην,
2655 1833 2765 1889 εἶτα
2831 1841 2925 1896 τὴν
2976 1836 3137 1895 αὐτὴν
3193 1836 3366 1904 πάλιν,
3417 1840 3588 1890 ἔπειτα
3639 1842 3759 1900 τοὺς
3810 1858 3966 1914 παρε-

621 1941 695 1994 At
709 1938 894 1993 Lucas
910 1936 1171 2009 primum
1196 1936 1497 2001 ancillam,
1513 1936 1727 1991 deinde
1748 1936 2021 2003 alterum,
2036 1941 2093 1992 et
2118 1942 2275 2006 post-

625 2026 877 2083 modum
894 2024 1075 2081 alium
1089 2024 1414 2097 quemdam
1430 2025 1477 2060 ⁸³
1490 2070 1503 2083 .
1516 2026 1777 2081 Joannes
1799 2029 1997 2081 autem
2014 2025 2274 2096 primum

627 2113 907 2171 ancillam
921 2114 1232 2170 ostiariam
1244 2114 1289 2149 ³⁴
1309 2114 1547 2170 :exinde
1559 2113 1857 2186 quosdam
1878 2130 1888 2169 :
1908 2113 2074 2169 tertio
2091 2129 2276 2170 unum

630 2218 703 2261 ex
726 2203 913 2259 servis
932 2202 1249 2276 pontiﬁcis,
1279 2204 1411 2276 ejus
1437 2208 1759 2275 cognatum
1786 2205 1879 2260 cui
1903 2204 2105 2261 Petrus
2132 2204 2279 2261 auri-

630 2292 832 2349 culam
886 2292 1242 2350 absciderat.

704 2381 764 2439 Si
805 2386 1009 2439 tamen
1066 2382 1471 2449 advertamus,
1511 2397 1621 2437 nec
1653 2381 1739 2438 sic
1770 2381 2129 2439 dissonantia
2161 2382 2283 2440 ulla

628 2470 937 2542 reperitur.
968 2473 1027 2525 ln
1055 2470 1249 2541 prima
1276 2468 1573 2538 siquidem
1600 2471 1916 2540 negatione
1939 2470 2148 2526 eadem
2180 2487 2283 2527 an-

628 2557 762 2615 cilla
792 2560 956 2630 apud
977 2562 1239 2630 quatuor
1259 2557 1651 2627 evangelistas
1678 2558 1856 2613 fuisse
1880 2565 2241 2615 memoratur
2265 2575 2278 2612 :

629 2646 691 2703 in
723 2646 989 2701 secunda
1019 2661 1155 2700 vero
1185 2646 1482 2717 quosdam
1534 2646 1790 2701 ostendit
1822 2646 2084 2703 Joannes
2111 2650 2285 2704 inter-

633 2749 874 2803 rogasse
918 2734 1152 2787 Petrum
1183 2748 1195 2787 :
1234 2738 1294 2788 at
1330 2732 1392 2788 hi
1430 2733 1696 2805 quidam,
1738 2740 1908 2790 erant
1958 2736 2175 2791 ancilla
2212 2736 2284 2791 de

628 2836 753 2893 qua
809 2820 956 2875 dixit
1006 2820 1331 2886 Matthaeus,
1413 2824 1469 2876 et
1534 2821 1697 2893 prior
1765 2822 1978 2879 ancilla
2035 2824 2109 2879 de
2166 2840 2286 2895 qua

627 2910 710 2965 ait
740 2909 991 2975 Marcus,
1017 2913 1073 2964 et
1098 2908 1243 2964 alter
1267 2908 1340 2964 de
1365 2925 1487 2982 quo
1518 2910 1757 2982 scripsit
1785 2910 1989 2967 Lucas.
2025 2912 2084 2967 ln
2118 2914 2285 2970 tertia

628 3000 832 3055 autem
861 2997 1179 3067 negatione
1204 2997 1417 3053 eodem
1441 2998 1622 3053 modo
1644 3001 1869 3055 Marcus
1896 3006 1951 3055 et
1982 3002 2166 3056 Lucas
2199 3002 2286 3057 di-

628 3090 862 3150 xerunt.
898 3092 1163 3143 astantes
1217 3086 1439 3142 scilicet
1476 3086 1877 3158 interrogasse
1936 3092 2189 3157 Petrum,
2224 3091 2283 3146 in

2385 1922 2634 1997 στῶτας.]
2684 1930 2885 1985 Λουκᾶς
2937 1922 2996 1977 δι
3041 1934 3241 1999 πρῶτον
3280 1922 3589 1995 παιδίσκην,
3627 1923 3738 1979 εἶτα
3772 1930 3965 2003 ἕτερον,

2383 2016 2557 2065 ἔπειτα
2606 2013 2755 2066 ἄλλον
2800 2015 2941 2066 τινά’
3010 2013 3245 2077 Ἰωάννης
3305 2011 3364 2067 δι
3405 2022 3601 2087 πρῶτον
3650 2012 3969 2080 παιδίσκην,

2382 2108 2477 2161 την
2534 2106 2780 2177 θυρωρόν’
2842 2100 2953 2156 εἶτα
3007 2105 3164 2164 τινάς⁶
3230 2106 3405 2156 ἔπειτα
3469 2105 3556 2156 ἕνα
3609 2112 3707 2155 τῶν
3774 2101 3975 2158 δούλων

2384 2199 2475 2243 τοῦ
2544 2190 2846 2265 ἀρχιερέως,
2939 2200 3183 2264 συγγενῆ,
3248 2192 3309 2245 οὗ
3381 2190 3610 2265 ἀπέκοψε
3666 2197 3854 2269 Πέτρος
3918 2197 3977 2247 τὸ

2387 2280 2560 2336 ὠτίον.

2460 2379 2599 2437 Πλὴν
2658 2376 2742 2431 έάν
2797 2381 3159 2454 προσέχωμεν,
3211 2375 3323 2431 οὐδ’
3388 2378 3524 2431 οὕτω
3586 2376 3848 2453 διαφωνία
3908 2401 3986 2443 τις

2390 2468 2744 2541 εὑρεθήσεται.
2824 2468 2939 2520 Ἐπὶ
3003 2471 3092 2539 μεν
3146 2469 3247 2542 γὰρ
3307 2475 3397 2529 τῆς
3452 2473 3663 2542 πρώτης
3732 2468 3988 2543 ἀρνήσεως

2390 2559 2421 2615 ἡ
2464 2556 2593 2614 αὐτὴ
2645 2552 2905 2614 παιδίσκη
2939 2555 3103 2621 εστὶν,
3138 2558 3166 2614 ἠ
3200 2558 3344 2631 παρά
3385 2564 3490 2617 τοῖς
3520 2561 3805 2632 τέσσαρσιν
3834 2559 3987 2631 εὐαγο

2396 2645 2656 2717 γελισταίς
2708 2648 3144 2717 μνημονευομένη·
3196 2643 3279 2698 ἐπὶ
3333 2642 3391 2698 δι
3454 2653 3544 2705 τῆς
3611 2642 3849 2721 δευτέρας
3908 2668 3989 2700 τι-

2390 2737 2481 2795 νάς
2530 2736 2556 2786 ὀ
2606 2734 2842 2794 Ἰωάννης
2885 2732 3111 2806 ἐνέφηνεν
3161 2731 3423 2808 έρωτῆσαι
3470 2736 3556 2785 τὸν
3598 2738 3807 2809 Πέτρον,
3851 2738 3993 2789 οἰτι-

2390 2842 2469 2883 νες
2505 2820 2639 2881 ἦσαν
2669 2824 2698 2881 ἠ
2732 2818 2994 2880 παιδίσκη
3034 2841 3103 2888 τε,
3154 2827 3269 2896 περὶ
3316 2822 3376 2883 ἧς
3423 2829 3530 2875 εἰπε
3574 2826 3864 2889 Ματθαίος,
3897 2831 3996 2879 καὶ

2391 2913 2421 2969 ἠ
2474 2917 2649 2985 πρώτη
2697 2911 2809 2981 (82)
2856 2906 3143 2975 παιδίσκη,
3179 2914 3298 2982 περὶ
3337 2911 3398 2972 ἧς
3447 2913 3538 2982 ἔφη
3572 2915 3804 2986 Μάρκος,
3840 2918 3929 2967 καὶ
3964 2916 3995 2968 ὁ

2390 3000 2579 3074 ἔτερος,
2611 3004 2728 3074 περὶ
2768 2999 2828 3051 οὗ
2872 3001 3121 3071 ἱστόρησε
3170 3005 3396 3059 Λουκᾱς’
3456 2998 3540 3052 έπὶ
3587 2996 3644 3053 δι
3674 3009 3760 3062 τῆς
3808 3008 3997 3077 τρίτης

2392 3087 2656 3161 ἀρνήσεως
2720 3089 2911 3160 ὁμοίως
2964 3089 3172 3161 Μάρκος
3241 3092 3330 3140 καὶ
3548 3090 3815 3152 Ματθαῖος
3864 3095 3996 3154 τοὺς

630 3174 854 3248 quibus
886 3179 1013 3231 erat
1033 3178 1088 3231 et
1108 3174 1259 3230 alius
1284 3177 1358 3230 de
1384 3190 1506 3247 quo
1536 3176 1700 3248 apud
1726 3177 1966 3243 Lucam,
1993 3183 2048 3234 et
2076 3179 2170 3235 hic
2197 3183 2279 3235 est

2392 3185 2728 3247 παρεστῶτας
2804 3174 2941 3228 εἷπον
3007 3174 3267 3250 έρωτῆσαι
3316 3176 3490 3239 αὐτὸν,
3551 3176 3599 3228 έν
3653 3178 3729 3239 οἷς
3785 3179 3995 3252 έμελλεν

631 3263 737 3337 qui
768 3279 804 3320 a
831 3264 1061 3319 Joanne
1092 3264 1307 3320 dicitur
1346 3279 1554 3320 servus
1604 3264 1921 3337 pontiﬁcis.
1956 3270 2283 3339 Postquam

630 3366 775 3423 ergo
794 3367 865 3409 ea
884 3366 1021 3424 quae
1044 3352 1377 3407 necessaria
1402 3356 1571 3408 erant
1587 3352 2281 3423 signiﬁcavimus,decla-

626 3440 823 3499 randa
851 3446 988 3497 sunt
1011 3456 1146 3513 quas
1170 3440 1410 3497 ulterius
1451 3447 1800 3513 sequuntur.
1836 3444 1977 3508 Quae
2009 3445 2068 3499 in
2099 3444 2284 3501 domo

627 3529 868 3603 Caiphaa
896 3528 1053 3585 facta
1082 3534 1235 3597 sunt,
1268 3544 1392 3586 non
1423 3534 1563 3585 sunt
1595 3531 1838 3587 recitata
1867 3547 1903 3589 a
1931 3530 2181 3601 Joanne,
2214 3547 2283 3589 eo

627 3618 795 3693 quod
825 3634 861 3675 a
885 3617 1109 3674 steteris
1134 3617 1287 3674 dicta
1327 3623 1548 3675 essent.

701 3794 863 3849 Vers.
908 3797 994 3848 59.
1030 3792 1327 3863 Principes
1359 3799 1546 3849 autem
1599 3794 1966 3851 sacerdotum
2019 3826 2088 3837 —-
2116 3797 2280 3854 Vers.

629 3881 721 3937 60.
753 3880 1146 3936 inveniebant.
1182 3882 1249 3936 Ut
1292 3880 1410 3935 illis
1439 3880 1685 3952 quidem
1717 3881 2045 3951 videbatur,
2076 3900 2284 3942 verum

633 3967 1039 4024 testimonium
1073 3984 1085 4024 :
1113 3972 1176 4024 ut
1204 3973 1404 4024 autem
1434 3968 1516 4024 rei
1534 3970 1750 4025 veritas
1780 3977 1923 4037 erat,
1957 3971 2180 4029 falsum
2208 3978 2286 4030 te-

636 4056 1010 4113 stimonium.
1046 4056 1145 4113 Vel
1174 4057 1354 4113 etiam
1384 4073 1522 4113 cum
1554 4059 1771 4115 scirent
1799 4061 1960 4133 quod
1992 4062 2285 4119 adversus

633 4143 1012 4201 innocentem
1037 4161 1247 4202 verum
1296 4146 1699 4203 testimonium
1755 4164 1876 4205 non
1928 4150 2283 4221 invenirent,

630 4234 759 4307 jam
780 4235 994 4291 falsum
1012 4251 1244 4309 quoque
1261 4236 1651 4308 exquirebant
1678 4239 2103 4295 testimonium.
2125 4241 2288 4297 Vole-

633 4324 784 4381 bant
813 4340 957 4381 sane
987 4331 1277 4398 tanquam
1308 4341 1476 4380 reum
1503 4326 1905 4383 condemnare
1931 4328 2118 4397 illum,
2151 4329 2286 4388 ideo

632 4416 814 4472 etiam
831 4413 1027 4470 forum
1047 4414 1329 4485 judiciale
1360 4414 1666 4484 efﬁngunt,
1699 4432 1769 4472 ac
1787 4416 1997 4473 falsum
2022 4418 2283 4475 testimo-

2392 3267 2522 3318 εἶναι
2564 3269 2652 3317 καὶ
2689 3266 2714 3317 ὁ
2745 3263 2915 3330 ἄλλος,
2952 3265 2978 3316 ὀ
3009 3267 3151 3338 παρὰ
3179 3272 3250 3334 τῷ
3293 3270 3497 3335 Λουκᾷ,
3549 3265 3713 3329 Οὗτος
3754 3264 3814 3320 δέ
3842 3267 3994 3321 ἔστιν

2393 3355 2418 3406 ὁ
2449 3356 2591 3429 παρὰ
2637 3362 2707 3423 τῷ
2743 3352 2946 3426 Ἰωάννη
3000 3348 3183 3416 δοῦλος
3221 3361 3313 3406 τοῦ
3358 3352 3659 3429 ἀρχιερέως.
3701 3353 3838 3411 Ἐπεὶ
3871 3354 3990 3431 οὖν,

2393 3443 2521 3518 οἷπερ
2613 3440 2719 3495 ἔδει
2813 3443 3237 3514 σημειώσασθαι,
3331 3448 3788 3518 παρετηρήσαμεν,
3880 3444 3999 3497 λοι-

2393 3535 2486 3585 πὸν
2547 3530 2876 3606 έρμηνευτέον
2942 3533 3009 3583 τά
3072 3530 3210 3599 ἑξῆς,
3271 3532 3399 3607 ἅπερ
3458 3534 3505 3584 ἂν
3572 3540 3643 3602 τῷ
3707 3536 3830 3604 οῖκῳ
3893 3537 3999 3606 μὲν

2392 3627 2485 3672 τοῦ
2562 3622 2771 3691 Καίάφα
2850 3623 3147 3691 γεγόνασιν,
3225 3619 3317 3671 οὐκ
3388 3618 3839 3690 έμνημονεύθησαν
3927 3620 4001 3677 δὲ

2392 3710 2535 3782 παρά
2558 3715 2650 3760 τοῦ
2678 3707 2933 3777 Ἰωάννου,
2966 3704 3059 3761 διὰ
3087 3710 3144 3760 τὸ
3170 3707 3391 3781 ῥηθῆναι
3420 3709 3562 3779 παρά
3590 3714 3689 3759 τῶν
3720 3706 3905 3762 ἄλλων,

2465 3816 2531 3867 Oi
2578 3810 2637 3866 δι
2702 3811 2965 3887 ἀρχιερεις
3016 3843 3086 3855 —
3140 3808 3302 3885 εὖρον.
3346 3813 3437 3875 Ὠς
3484 3814 3571 3884 μεν
3614 3810 3820 3873 ἐκείνοις
3860 3808 3996 3865 ἐδό-

2392 3922 2490 3968 κει,
2540 3906 2852 3977 μαρτυρίαν,
2892 3905 2960 3963 ὡς
3010 3898 3067 3955 δε
3109 3909 3170 3975 τῇ
3213 3900 3447 3973 ἀληθείᾳ,
3484 3896 3988 3975 ψευδομαρτυρίαν,

2393 3989 2458 4043 Ἥ
2512 3995 2601 4042 καὶ
2651 3997 2988 4062 γινώσκοντες
3051 3992 3132 4044 ὅτι
3184 3994 3477 4065 μαρτυρίαν
3535 3989 3639 4061 οὐχ
3695 3990 4006 4065 εὑρήσουσι

2394 4080 2529 4131 κατὰ
2575 4086 2666 4132 τοῦ
2738 4078 3103 4150 ἀνεπιλήπτόυ,
3162 4079 3341 4131 λοιπὸν
3407 4077 3623 4139 ἄζητουν
3678 4074 4006 4153 ψευδομαρ-

2395 4170 2594 4242 τυρίαν.
2650 4166 2967 4239 [Ἐϐουλοντο
3035 4167 3147 4239 (84)
3205 4170 3304 4243 γὰρ
3359 4169 3427 4229 ὡς
3483 4168 3763 4219 ὑπεύθυνον
3830 4186 4008 4220 κατοι-

2395 4252 2618 4309 δικάσαι
2666 4256 2839 4310 αὐτὸν.
2899 4258 2985 4308 Διὸ
3041 4260 3130 4307 καὶ
3185 4255 3586 4327 σχηματίζουσι
3641 4251 4009 4330 δικαστήριον

2394 4348 2483 4396 καὶ
2541 4343 2763 4404 ζητοῦσι
2811 4338 3316 4417 ψευδομαρτυρίαν,]
3376 4341 3526 4394 αὐτοὶ
3582 4346 3671 4394 καὶ
3734 4338 4013 4397 δικασταὶ

2394 4437 2483 4484 καὶ
2560 4438 2844 4505 κατήγοροι
2912 4436 3190 4503 γινόμενοι,
3263 4435 3353 4483 καὶ
3422 4426 3810 4492 σπουδάζοντες
3871 4433 4015 4507 παρ’

629 4504 800 4560 nium
821 4508 1110 4575 quaerunt,
1135 4503 1247 4574 ipsi
1265 4507 1320 4558 et
1328 4503 1561 4574 judices
1592 4509 1651 4559 et
1670 4513 2048 4561 accusatores
2073 4506 2279 4575 effecti,

2395 4521 2591 4581 ἑαυτοῖς
2660 4528 2839 4573 τοῦτον
2904 4515 3283 4573 καταδικάσαι.
3363 4518 3676 4571 Ἠπίσταντο
3739 4521 3843 4592 γὰρ
3915 4522 4017 4575 ὅτι

630 4597 686 4649 et
710 4590 1028 4647 studebant
1050 4607 1185 4645 eum
1206 4591 1370 4662 apud
1398 4607 1462 4647 se
1488 4592 1925 4649 condemnare:
1957 4609 2099 4650 nam
2121 4597 2279 4667 apud

2392 4610 2514 4684 παρ’
2572 4609 2761 4682 έτίροις
2836 4604 3113 4668 δίκασταῑς
3190 4606 3285 4659 οὐκ
3339 4607 3401 4658 ἄν
3457 4624 3581 4659 ποτε
3634 4606 3746 4678 (85)
3801 4590 4016 4662 τούτου

623 4679 859 4751 judices
887 4679 1013 4749 (kk)
1037 4678 1409 4749 difﬁdebant,
1438 4679 1598 4753 quod
1629 4680 1808 4751 hujus
1840 4681 2060 4753 negotii
2091 4688 2285 4742 essent

625 4766 988 4840 reportaturi
1036 4766 1365 4825 victoriam.

2392 4720 2483 4776 περ
2494 4702 2625 4771 ιγένο
2633 4715 2737 4750 ιντο
2750 4740 2763 4754 .

702 4890 749 4927 ⁸³
776 4890 947 4948 Joan.
973 4891 1253 4958 "111,15.
1331 4891 1377 4929 ⁸³
1399 4894 1571 4950 Marc.
1607 4890 1739 4958 XIV,
1769 4895 1857 4951 66.
1935 4894 1982 4929 ⁸³
2010 4894 2147 4954 Luc.
2174 4912 2314 4964 nn,
2342 4895 2414 4953 56
2446 4909 2615 4967 seqq.
2692 4892 2740 4928 “
2771 4892 2940 4948 Joan.
2971 4903 3134 4960 xvm,
3175 4892 3237 4946 t7

2062 5019 2290 5090 Varias
2320 5019 2670 5089 lectiones.

703 5132 816 5219 (.2?)
843 5130 1174 5219 Ῑᾼέιφὲτιρονι
1221 5132 1293 5219 εἷς
1314 5128 1480 5219 sine
1510 5130 1572 5215 Βτ

703 5152 793 5206 (ιδ
855 5152 899 5187 A
946 5152 1174 5219 φοτερον,
1221 5152 1293 5193 εις
1321 5152 1480 5216 οικος.
1511 5152 1572 5215 ει,

701 5152 818 5272 (79)
843 5152 1198 5266 Ἰδῒαξουσας,
1225 5218 1335 5272 pro
1369 5198 1424 5254 ιδ
1430 5221 1687 5263 ιαιτατας.
1733 5203 1867 5259 Cod.
1901 5203 1967 5257 A.

730 5218 818 5348 ’19)
845 5218 1198 5285 Ἱσιαςουσας,
1225 5218 1335 5328 Ero

725 5279 790 5354 §Q
942 5279 1173 5354 omittit.

727 5342 815 5416 81)
856 5347 1094 5402 Inclusa
1147 5342 1363 5399 omittit
1400 5342 1533 5401 cod.
1572 5343 1639 5399 Α.
1682 5344 1855 5401 Error
1905 5348 2069 5401 ortus
2096 5349 2184 5405 est
2208 5362 2281 5405 ex

628 5416 857 5480 ἑστῶτας
887 5425 944 5472 et
989 5422 1348 5488 παρεστῶτας.

698 5489 811 5562 (82)
866 5483 1083 5562 Πρώτην
1140 5485 1299 5551 dixit,
1353 5483 1497 5557 quia
1548 5483 1753 5541 eadem
1785 5489 1956 5544 estet
1989 5488 2274 5547 secunda.

698 5661 823 5732 (kk)
852 5660 1007 5717 Nam
1044 5659 1199 5732 apud
1225 5660 1468 5731 iudices,
1515 5664 1623 5716 etc.
1679 5660 1957 5732 Sciebant
2002 5665 2181 5731 enim,
2215 5681 2277 5723 se

626 5730 791 5813 apud
817 5733 964 5790 alios
993 5731 1224 5807 judices
1253 5748 1324 5789 eo
1354 5747 1475 5789 non
1505 5730 1842 5804 superiores
1874 5734 2018 5791 fore.
2053 5730 2276 5810 Ἑτέρως

2391 5133 2576 5221 Pa‘ulo
2606 5132 2763 5189 enim
2786 5134 2924 5188 ante
2952 5129 3028 5187 de
3054 5127 3321 5186 secunda
3343 5126 3511 5198 dixit,
3553 5124 3678 5181 Εἶτα
3703 5131 3799 5187 την
3828 5130 4021 5193 αὐτὴν

2389 5205 2563 5259 πάλιν.

2462 5275 2574 5345 (83)
2604 5275 2689 5330 Ita
2716 5272 2930 5345 scripsi
2959 5286 3063 5345 pro
3099 5275 3326 5345 Λουκᾶς.

2462 5277 2550 5342 (83
2604 5275 2689 5330 Ita
2718 5275 2930 5345 scripsi
2959 5286 3063 5344 pro
3099 5275 3326 5332 Λουκᾶς.

2461 5275 2574 5418 (84)
2613 5344 2846 5418 Inclusa
2875 5342 3091 5418 omittit
3120 5341 3263 5418 Cod.
3306 5341 3372 5395 A.
3409 5340 3589 5418 Error
3619 5338 3831 5397 scriba
3873 5358 4025 5404 rut-

2390 5409 2495 5475 sua
2517 5409 2679 5475 ortus
2710 5432 2783 5472 ex
2810 5414 3025 5487 duplici
3049 5409 3533 5485 ψευδομαρτυρίαν.

2458 5593 2572 5665 (85)
2604 5594 2749 5649 Ante
2778 5593 2963 5665 τούτου
2991 5589 3125 5646 cod.
3261 5586 3430 5665 addit
3456 5592 3596 5661 περί.

2384 5657 2630 5740 prorsus
2664 5662 3028 5740 neglectum.
3071 5663 3268 5740 Τούτου
3299 5657 3669 5740 autem'non
3702 5657 3783 5718 ad
3819 5677 4025 5740 nego.

2384 5731 2552 5802 iium,
2578 5734 2683 5791 sed
2712 5731 2791 5791 ad
2819 5733 3116 5791 Christum
3148 5731 3416 5789 refertur.
