4198 6456
295 412 403 470 697

1198 396 1567 459 COMMENT.
1608 394 1679 452 IN
1713 386 2157 452 MATTHEUM.
2198 418 2269 432 —
2306 388 2463 445 CAP.
2503 386 2703 445 XXVI.

3540 387 3646 445 698

366 539 473 593 Kal.
543 530 739 589 πολλῶν
800 560 871 573 -
943 527 1110 605 εὖρον.
1175 526 1416 579 Ἐναντία
1478 524 1578 595 γὰρ
1654 517 1891 605 ἀλλήλοις

2070 514 2228 568 Vers.
2281 515 2366 570 60.
2418 511 2678 584 Cumque
2718 511 2897 569 multi
2940 541 3009 552 —-
3052 512 3443 570 inveniebant.
3492 516 3641 571 Nam

294 623 637 699 ἐμαρτύρουν.
685 624 822 679 Φησὶ
860 621 960 693 γὰρ
1000 604 1040 670 γό
1085 617 1299 691 Μάρκος
1339 614 1418 665 ὅτι
1458 611 1570 699 (86)
1626 612 1723 662 Καὶ
1780 604 1893 659 ἶσαι

297 696 354 767 αἱ
392 696 680 787 μαρτυρίαι
730 708 825 762 ούκ
876 705 1031 766 ἦσαν.
1093 704 1410 777 Ἐπληροῦτο
1449 696 1509 753 δε
1552 703 1641 751 καὶ
1679 700 1709 756 ἠ
1744 703 1895 749 Δαυῑ-

295 785 418 860 τική
464 785 751 876 προφητεία
800 798 829 855 ἠ
883 796 1147 867 λέγουσα⁸
1218 792 1585 851 Ζητηθήσεται
1637 788 1667 845 ή
1731 785 1894 860 ἀμαρ-

295 895 385 943 τία
413 889 595 953 αύτοῦ,
632 891 721 939 καὶ
757 885 816 938 ού
842 890 913 957 μή
946 886 1147 959 εὑρεθῇ.

366 986 612 1050 Ὕστερον
660 1006 729 1015 -
786 974 960 1027 αὐτόν.
1011 968 1183 1037 Εἶπεν,
1250 967 1358 1021 ἀλλ’
1410 966 1504 1020 οὐκ
1561 962 1687 1031 εἶπε,
1746 964 1891 1029 Λύω,

302 1066 449 1135 ἀλλὰ,
484 1068 711 1129 Λύσατε,
757 1060 881 1115 ούδε
918 1065 1036 1135 περὶ
1064 1067 1156 1113 τοῦ
1184 1066 1307 1111 ναοῦ
1352 1063 1445 1110 τοῦ
1497 1056 1893 1127 χειροποιήτου,

305 1154 431 1206 ἀλλὰ
480 1157 594 1225 περὶ
644 1159 736 1203 τοῦ
795 1147 934 1203 ἰδίου
994 1154 1258 1221 σώματος.
1325 1148 1418 1199 Διά
1463 1152 1615 1196 τοῦτο
1662 1138 1750 1193 οὖν
1806 1144 1896 1192 καὶ

305 1245 518 1303 τούτους
578 1236 1015 1312 ψευδομάρτυρας
1091 1239 1117 1290 ὁ
1192 1234 1556 1307 εύαγγελιστὴς
1638 1230 1893 1303 ὠνόμασε.

302 1334 509 1403 Μάρκος
547 1325 605 1381 δέ
647 1344 810 1401 φησι·
864 1332 966 1381 Καί
1014 1345 1140 1386 τινες
1186 1324 1516 1386 ἀναστάντες,
1568 1318 1896 1393 έψευὸομαρ-

295 1422 483 1491 τύρουν
552 1417 669 1469 κατ’
740 1416 922 1483 αὑτοῦ,
975 1415 1222 1487 λέγοντες,
1282 1415 1359 1465 ὃνι
1427 1411 1601 1483 Ἡμεῖς
1670 1410 1898 1467 ἠκούσα-

293 1527 387 1581 μεν
469 1505 631 1558 αύτοῦ
723 1504 976 1576 λέγοντος,
1053 1505 1132 1556 ὅτι
1220 1502 1352 1573 Ἐγὼ
1445 1499 1721 1552 καταλύσω
1808 1500 1895 1549 τὸν

291 1598 415 1648 ναὸν
502 1602 685 1647 τοῦτον
757 1597 843 1647 τὸν
926 1596 1317 1666 χειροποίητον,
1392 1593 1478 1641 καὶ
1562 1586 1654 1641 διὰ
1739 1594 1895 1662 τριῶν

291 1686 497 1759 ἡμερῶν
592 1682 743 1735 ἄλλον
843 1680 1246 1757 ἀχειροποίητον
1331 1676 1689 1750 οἰκοδομήσω.
1796 1680 1894 1730 Καὶ

291 1770 418 1827 οὐδὲ
467 1773 633 1834 οὕτως
678 1774 769 1829 ἴση
826 1767 887 1829 ἧν
941 1773 970 1830 ἠ
1026 1773 1292 1843 μαρτυρία
1333 1767 1521 1820 αύτῶν.
1577 1766 1758 1819 Ηολλοὶ
1805 1768 1895 1837 μὲν

2001 603 2297 658 contraria
2309 601 2419 657 sibi
2442 605 2649 656 mutuo
2661 602 3050 657 testabantur.
3067 601 3161 657 Ait
3191 601 3350 657 enim
3376 604 3603 658 Marcus
3625 618 3637 656 :

2001 692 2074 747 Et
2121 691 2324 747 idonea
2361 690 2683 747 testimonia
2721 705 2841 745 non
2880 694 3054 747 erant
3095 692 3165 746 ⁸⁵.
3205 692 3512 763 Completa
3559 694 3645 748 est

2002 785 2199 837 autem
2228 786 2282 837 et
2311 780 2593 835 Davidica
2621 780 2935 851 prophetia
2962 795 3098 851 quae
3129 780 3300 836 dicit:
3336 781 3646 849 Quaeretur

1998 875 2311 939 peccatum
2335 869 2502 924 illius
2531 874 2585 923 et
2610 883 2730 924 non
2755 867 3083 925 invenietur
3113 869 3183 921 ⁸⁸.

2073 976 2237 1031 Vers.
2278 978 2365 1029 60.
2406 974 2766 1030 Postmodum
2792 1005 2861 1014 —
2906 974 3065 1030 Vers.
3118 976 3201 1031 6t.
3253 974 3423 1031 illud.
3470 974 3643 1039 Dixit,

2004 1068 2066 1121 at
2123 1080 2246 1120 non
2294 1063 2459 1129 dixit,
2512 1062 2776 1128 Solvam,
2836 1062 2964 1132 sed,
3019 1062 3272 1130 Solvite;
3322 1079 3517 1135 neque
3572 1063 3647 1119 de

2004 1153 2227 1224 templo
2310 1151 2672 1221 manufacto,
2734 1151 2837 1206 sed
2910 1151 2986 1207 de
3046 1151 3292 1223 proprio
3373 1166 3642 1223 corpore.

2006 1242 2249 1313 Propter
2296 1241 2409 1296 hoc
2457 1240 2615 1295 enim
2667 1240 2845 1295 etiam
2897 1239 3011 1295 hos
3056 1239 3421 1310 evangelista
3466 1238 3648 1296 falsos

2002 1333 2178 1387 testes
2201 1329 2544 1401 appellavit.
2566 1332 2793 1385 Marcus
2808 1344 2948 1383 vero
2964 1328 3069 1385 ait:
3100 1330 3170 1384 Et
3191 1329 3425 1401 quidam
3449 1343 3650 1385 assur-

2001 1420 2227 1491 gebant,
2250 1425 2300 1473 et
2311 1419 2532 1489 falsum
2554 1418 2945 1475 testimonium
2979 1418 3261 1474 adversus
3290 1419 3463 1474 illum
3490 1418 3650 1486 fere-

2004 1509 2164 1577 bant,
2203 1508 2495 1564 dicentes:
2541 1508 2661 1564 Nos
2707 1508 3036 1563 audivimus
3100 1508 3289 1577 ipsum
3336 1507 3647 1563 dicentem.

2002 1600 2124 1670 Ego
2167 1600 2481 1655 dissolvam
2527 1599 2811 1668 templum
2868 1598 2977 1654 hoc
3017 1597 3452 1667 manu/actum.
3491 1602 3545 1652 et
3586 1596 3650 1650 in

2005 1689 2200 1745 triduo
2263 1688 2425 1744 aliud
2501 1702 2615 1743 non
2700 1687 3109 1757 manufactum
3188 1684 3493 1754 aediﬁcabo.
3569 1684 3649 1740 Et

2004 1793 2111 1835 nec
2135 1778 2213 1833 sic
2240 1778 2503 1833 idoneum
2533 1782 2659 1833 erat
2698 1776 3089 1833 testimonium
3121 1775 3363 1831 illorum
3394 1775 3461 1827 ⁸⁷.
3492 1772 3650 1830 Multi

289 1866 392 1936 γὰρ
432 1866 553 1935 περὶ
598 1869 692 1923 τῆς
742 1862 989 1922 τοιαύτης
1044 1860 1336 1917 ὑποθέσεως
1388 1855 1745 1930 ἐμαρτύρουν·
1800 1852 1891 1907 δύο

2008 1866 2303 1938 siquidem
2346 1866 2421 1921 de
2470 1865 2573 1921 tali
2624 1865 2872 1921 materia
2912 1864 3299 1927 testabantur,
3340 1862 3460 1919 duo
3505 1875 3648 1917 vero

294 1948 355 2004 δέ
400 1952 781 2023 ὡμοφὼνησαν,
821 1948 905 2009 οὓς
958 1945 1065 2001 εἶπε
1118 1948 1387 2007 Ματθαῖος
1414 1963 1427 1979 ⁸
1461 1946 1509 1997 οἰ
1540 1941 1593 1997 δ’
1612 1943 1755 1995 ἄλλοι
1787 1940 1891 1995 διε-

2008 1956 2377 2012 concorditer
2412 1953 2703 2018 ferebant,
2742 1970 2896 2026 quos
2945 1953 3095 2009 dixit
3142 1950 3454 2009 Matthteus
3488 1969 3502 2019 ;
3552 1948 3651 2007 alii

296 2046 513 2112 φωνουν,
580 2034 655 2091 δι’
703 2037 792 2101 οὒς
839 2040 1038 2109 εἴρηκεν
1090 2038 1116 2089 ὁ
1163 2038 1391 2110 Μάρκος,
1441 2036 1519 2086 ὅτι
1565 2029 1689 2085 οὐδὲ
1735 2032 1891 2094 οὕτως

2008 2061 2145 2102 vero
2158 2044 2280 2101 duo
2292 2044 2527 2100 diversa
2541 2043 2634 2115 (ιι)
2649 2042 3069 2116 loquebantur,
3085 2046 3322 2114 propter
3336 2040 3490 2114 quod
3505 2038 3651 2096 dixit

296 2132 389 2186 ἶση
422 2125 481 2187 ἧν
502 2129 531 2187 ἡ
562 2131 826 2202 μαρτυρία
855 2126 1043 2180 αὐτῶν.

377 2218 477 2270 Keil
541 2215 762 2277 ἀναστὰς
830 2245 897 2255 -
962 2214 1180 2268 ἐσιώπα.
1251 2211 1451 2265 Βλέπων
1521 2213 1610 2283 μεν
1685 2214 1774 2263 καὶ
1834 2211 1891 2262 τὸ

307 2302 640 2379 δικαστήριον
712 2305 1008 2380 παράνομον
1033 2320 1045 2334 ⁸
1103 2306 1248 2375 ἑῴκει
1296 2305 1394 2376 γὰρ
1449 2300 1652 2374 λῃστῶν
1709 2319 1892 2375 κριτη-

297 2399 399 2469 ρίῳ
467 2399 552 2446 καὶ
618 2401 904 2468 τυραννικῷ
971 2391 1213 2465 βήματι·
1283 2388 1433 2454 εἰδὼς
1516 2387 1574 2443 δε
1650 2394 1739 2444 καὶ
1813 2391 1893 2441 ὃτι

291 2483 466 2557 μάτην
494 2481 849 2559 ἀποκρινεῖται
877 2483 1020 2555 παρὰ
1048 2483 1322 2551 τοιούτοις,
1357 2480 1578 2532 έσιὼπα.

361 2717 464 2766 Καὶ
512 2710 812 2786 ἀποκριθεὶς
870 2740 936 2751 —
989 2716 1081 2762 τοῦ
1129 2715 1285 2763 Θεοῦ.
1341 2707 1647 2783 Ἐξορκίζει,
1709 2706 1894 2781 βουλό-

284 2821 435 2876 μενος
481 2801 635 2853 αὐτὸν
684 2801 758 2862 εἰς
808 2798 1089 2871 ἀπολογίαν
1140 2806 1497 2863 καταστῆσαι,
1542 2800 1642 2866 ἶνα,
1698 2801 1893 2856 ταύτης

288 2887 631 2962 δραξάμενος,
691 2888 746 2942 ἐκ
787 2892 984 2950 ταύτης
1038 2896 1216 2941 τοῦτον
1255 2884 1613 2960 καταδεκάση.
1671 2892 1892 2960 Προστί-

292 2980 421 3037 θησε
452 2975 512 3031 δι
553 2982 632 3047 τὸ,
658 2977 718 3031 Ὀ
743 2980 862 3040 Υἱὸς
907 2985 999 3031 τοῦ
1035 2984 1189 3046 Θεοῦ,
1236 2972 1378 3029 διότι
1429 2980 1519 3028 καὶ
1563 2978 1611 3028 οἱ
1655 2974 1891 3048 βασιλεῖς

290 3070 382 3118 καὶ
420 3067 470 3119 οἱ
520 3076 782 3141 προφῆται
826 3071 1046 3143 χριστοὶ
1090 3064 1191 3118 ἀπο
1246 3073 1338 3118 τοῦ
1387 3066 1641 3137 χρίεσθαι
1688 3066 1891 3136 ὠνομά-

296 3154 468 3215 ζοντο.
523 3158 736 3228 Μάρκος
772 3152 832 3209 δέ
879 3176 1037 3229 φησιν
1084 3158 1165 3208 ὅτι
1202 3156 1228 3207 ὁ
1276 3157 1391 3215 Υἱὸς
1440 3161 1532 3206 τοῦ
1589 3153 1890 3225 εὐλογητοῦ,

297 3245 433 3310 ἤτοι,
465 3251 557 3296 τοῦ
589 3251 743 3311 Θεοῦ,
774 3251 865 3297 τοῦ
896 3244 1198 3317 εὐλογητοῦ,
1236 3251 1326 3297 τοῦ
1359 3244 1605 3316 ύμνητοῦ.

370 3337 525 3403 Λέγει
558 3364 622 3373 -
653 3332 814 3394 εἶπας.
849 3335 1144 3404 Κάνταῦθα,
1194 3336 1621 3407 περιαιρουμένου
1650 3339 1741 3384 τοῦ
1782 3332 1893 3404 (8'7)

293 3420 376 3485 Εἰ,
442 3420 874 3493 ύπολεμπάνεται,
933 3426 999 3475 σὺ
1065 3419 1112 3475 εἴ
1162 3423 1188 3473 ὁ
1244 3424 1497 3493 Χριστὸς,
1556 3422 1582 3472 ὁ
1634 3423 1749 3481 Υἱὸς
1803 3428 1896 3473 τοῦ

296 3513 445 3564 Θεοῦ.
496 3514 650 3581 Λέγει
694 3506 753 3563 δε
799 3512 1012 3584 Μάρκος
1060 3510 1217 3563 εἰπεῖν
1264 3509 1417 3562 αύτόν
1463 3511 1544 3561 ὅτε
1587 3509 1720 3581 Ἐγώ
1768 3509 1893 3581 εἰμι.

296 3597 399 3651 Καὶ
437 3599 593 3671 ἄμφω
645 3601 747 3674 γὰρ
802 3597 926 3664 εἶπε,
975 3602 1041 3652 Σὺ
1100 3597 1241 3658 εἶπας
1292 3600 1371 3651 ὅτι
1418 3596 1518 3669 ἐγώ
1564 3598 1691 3670 εἰμι.
1742 3604 1871 3650 Γινώ

296 3705 434 3738 σκων
485 3683 573 3739 οὖν
623 3688 705 3739 ὅτι
760 3687 817 3739 ού
865 3688 1298 3749 πιστευθήσεται,
1351 3689 1485 3759 ὅμως
1535 3688 1889 3751 κατατιθεται,

294 3775 381 3827 ἶνα
408 3779 480 3847 μὴ
533 3771 787 3828 δύνωνται
822 3775 985 3847 λέγειν
1012 3776 1225 3850 ὕστερον
1256 3778 1337 3828 ὅτι
1380 3776 1442 3828 Εἰ
1479 3779 1609 3849 μετὰ
1644 3780 1703 3829 τὸ
1756 3775 1895 3849 ἔξορ-

292 3866 545 3923 κισθῆναε
565 3863 915 3936 ὡμολόγησεν,
942 3864 1321 3937 ὶπιστεύσαμεν
1347 3866 1428 3921 ἄν,

369 4058 509 4116 Πλὴν
558 4089 625 4099 -
679 4057 917 4129 ούρανοῦ.
980 4056 1223 4131 Ἀπάρτε,
1289 4056 1401 4112 ἀντὶ
1457 4067 1569 4132 τοῦ,
1604 4064 1748 4114 Μετὰ
1800 4082 1893 4133 μι-

293 4152 440 4221 κρόν.
474 4146 626 4205 Δηλοῖ
657 4143 717 4200 δε
762 4150 847 4199 τὸν
885 4150 1049 4220 μέχρι
1079 4154 1175 4209 τῆς
1222 4146 1554 4210 ἀναστάσεως
1593 4149 1751 4202 αὑτοῦ
1781 4170 1894 4201 και-

293 4240 405 4311 ρόν.
449 4234 683 4307 Ὀψεσθέ
725 4254 807 4307 με,
864 4239 948 4287 τὸν
1000 4236 1122 4308 παρ’
1173 4236 1315 4307 ὑμῶν
1366 4236 1751 4310 ἀναιρούμενον,
1802 4258 1893 4289 κα-

295 4328 514 4396 θήμενον
570 4323 622 4376 ἔκ
682 4320 865 4386 δεξιῶν
928 4332 1019 4384 τῆς
1078 4321 1346 4396 δυνάμεως
1415 4334 1507 4385 τῆς
1575 4333 1665 4377 τοῦ
1736 4334 1886 4391 Θεοῦ,

298 4413 488 4487 [ἤγουν
520 4413 654 4485 (88),
703 4414 978 4485 σύνθρονον
1025 4421 1097 4483 τῷ
1138 4420 1252 4483 Θεῷ
1307 4418 1397 4465 καὶ
1454 4419 1637 4486 Πατρί.
1683 4414 1797 4467 Ἔτι
1835 4411 1893 4467 δὲ

292 4508 386 4556 καὶ
415 4505 694 4577 ἕρχόμενον
738 4504 874 4554 κατὰ
920 4506 1013 4561 τήν
1045 4498 1289 4574 δευτέραν
1336 4507 1629 4577 παρουσίαν
1682 4502 1764 4556 ἀπὶ
1795 4513 1892 4556 τῶν

291 4591 507 4664 νεφελῶν
564 4598 655 4643 τοῦ
712 4591 950 4664 ούρανοῦ,
1019 4593 1083 4651 ὡς
1135 4596 1283 4645 Θεὸν.
1338 4590 1570 4662 Ὀψεσθε
1625 4588 1683 4645 δὲ
1734 4591 1887 4664 εἶπεν,

292 4680 404 4752 όύχ
437 4683 506 4741 ὡς
555 4677 849 4753 δυναμένων
892 4680 1054 4740 οὕτως
1107 4676 1236 4732 ἰδεῖν
1288 4679 1460 4746 αύτόν,
1517 4679 1623 4732 ἀλλ’
1664 4683 1733 4741 ὡς
1778 4677 1892 4733 δια-

290 4774 712 4845 μαρτυρόμενος
751 4770 781 4829 ἢ
832 4774 921 4821 καὶ
967 4773 1099 4842 πρὸς
1142 4773 1263 4832 τοὺς
1301 4769 1572 4841 μέλλοντας
1625 4768 1678 4833 ἕξ
1724 4769 1890 4822 αὐτῶν

2002 2135 2250 2201 Marcus,
2268 2134 2429 2207 quod
2446 2150 2557 2189 non
2576 2138 2700 2188 erat
2712 2132 2980 2188 idoneum
2997 2130 3385 2187 testimonium
3398 2129 3647 2186 illorum.

2073 2226 2232 2279 Vers.
2265 2223 2353 2278 62.
2386 2224 2463 2278 Et
2492 2237 2741 2292 surgens
2769 2254 2838 2262 —
2866 2223 3026 2277 Vers.
3060 2225 3110 2277 6.
3144 2220 3393 2277 tacebat.
3433 2218 3651 2275 Videns

2002 2316 2057 2369 et
2079 2312 2287 2385 judicii
2316 2312 2514 2368 forum
2551 2312 2827 2383 iniquum
2858 2327 2871 2378 ;
2912 2326 3053 2366 nam
3093 2309 3393 2365 latronum
3419 2306 3650 2379 judicio

2001 2402 2193 2458 simile
2232 2401 2566 2468 videbatur,
2607 2406 2664 2457 et
2700 2401 3079 2474 tyrannicum
3119 2397 3400 2454 tribunal.
3448 2397 3650 2453 Sciens

2001 2492 2180 2547 etiam
2218 2490 2384 2563 quod
2431 2490 2590 2563 apud
2628 2489 2975 2561 huiusmodi
2996 2488 3216 2545 frustra
3247 2502 3650 2561 responsurus

2001 2585 2173 2649 esset,
2204 2578 2454 2636 tacebat.

2072 2690 2230 2743 Vers.
2264 2691 2350 2743 63.
2379 2687 2457 2742 Et
2476 2685 2827 2755 respondens
2852 2685 3061 2756 —|Dei.
3094 2682 3420 2755 Adjuravit,
3443 2681 3651 2738 volens

2002 2792 2140 2832 eum
2198 2775 2276 2831 ad
2326 2774 2783 2847 responsionem
2836 2773 3150 2838 attrahere,
3206 2777 3271 2828 ut
3317 2771 3429 2827 hac
3468 2770 3645 2835 facta,

1999 2864 2161 2921 hunc
2189 2881 2261 2920 ex
2286 2880 2356 2920 ea
2373 2864 2819 2920 condemnaret.
2846 2862 3086 2918 Addidit
3103 2866 3303 2917 autem
3327 2860 3505 2915 Filius
3528 2858 3647 2923 Dei,

2000 2953 2144 3026 quia
2173 2954 2352 3009 etiam
2382 2969 2552 3023 reges
2581 2959 2637 3008 et
2662 2952 2971 3025 prophetae
3001 2951 3203 3007 christi
3234 2948 3587 3005 dicebantur
3615 2962 3652 3003 a

2000 3044 2275 3117 χρίεσθαι,
2314 3042 2430 3097 hoc
2468 3046 2560 3098 est
2608 3041 2767 3112 ungi.
2820 3041 3052 3097 Marcus
3099 3055 3242 3095 vero
3300 3039 3413 3095 ait:
3456 3036 3651 3094 Filius

2004 3131 2289 3189 benedicti
2312 3132 2377 3196 ⁸⁸,
2409 3132 2548 3197 sive,
2593 3129 2693 3185 Dei
2731 3129 2837 3201 qui
2862 3128 3212 3185 benedictus
3240 3132 3327 3183 est
3355 3132 3411 3183 et
3441 3126 3654 3183 lauda-

1931 3210 1970 3266 C
2003 3222 2119 3277 tus.

2074 3324 2237 3380 Vers.
2280 3324 2368 3380 64.
2407 3323 2559 3379 Dicit
2585 3354 2653 3364 —
2691 3321 2918 3379 dixisti.
2961 3320 3149 3377 Etiam
3184 3319 3281 3377 hic
3321 3320 3525 3378 ablata
3561 3321 3654 3377 di-

2004 3413 2217 3475 ctione.
2250 3414 2380 3482 An,
2407 3411 2780 3484 relinquitur,
2813 3418 2875 3466 tu
2906 3426 2959 3467 es
2994 3409 3267 3466 Christus
3306 3410 3492 3465 Filius
3523 3411 3650 3465 Dei.

2004 3502 2095 3557 Ait
2118 3506 2311 3557 autem
2342 3504 2567 3557 Marcus
2586 3516 2725 3556 eum
2746 3499 2984 3564 dixisse,
3016 3499 3139 3568 Ego
3154 3514 3282 3553 sum
3306 3498 3353 3533 "
3380 3516 3394 3566 ;
3423 3501 3650 3554 utrum-

2002 3606 2121 3663 que
2151 3591 2311 3645 enim
2340 3589 2523 3650 dixit;
2561 3591 2645 3646 Tu
2684 3588 2913 3654 dixisti,
2945 3586 3105 3659 quod
3133 3602 3230 3657 ego
3262 3601 3406 3642 sum.
3450 3586 3651 3643 Sciens

2004 3694 2146 3748 ergo
2174 3678 2340 3751 quod
2375 3693 2497 3734 non
2538 3677 2871 3733 crediturus
2902 3680 3080 3740 esset,
3113 3680 3313 3731 tamen
3343 3675 3651 3731 veritatem

2002 3768 2250 3839 deponit
2285 3767 2457 3839 (mm),
2499 3782 2573 3823 ne
2610 3765 2997 3841 postmodum
3036 3766 3227 3821 dicere
3266 3768 3513 3837 possent
3545 3782 3558 3820 :
3595 3764 3650 3822 Si

2002 3861 2170 3929 poste
2185 3873 2220 3913 a
2235 3872 2417 3930 quam
2447 3856 2545 3927 adj
2556 3861 2759 3914 uratus
2780 3860 2870 3912 est
2886 3853 3424 3920 confessusfuisset,
3454 3853 3652 3927 utique

2003 3946 2484 4002 credidissemus.

2072 4062 2235 4117 Vers.
2269 4064 2354 4118 64.
2384 4063 2792 4117 Verumtamen
2822 4088 2893 4101 —
2919 4059 3060 4125 eali,
3096 4058 3141 4114 Α
3185 4058 3507 4125 modo,hoc
3537 4063 3649 4129 est,

2004 4152 2130 4205 Non
2159 4149 2338 4219 longo
2359 4152 2498 4220 post
2538 4152 2823 4220 tempore.
2864 4147 3167 4217 Signiﬁcat
3198 4152 3387 4203 autem
3415 4153 3652 4220 tempus

2002 4242 2141 4309 post
2187 4235 2700 4291 resurrectionem.
2757 4234 3038 4289 Videbitis
3096 4248 3192 4288 me
3243 4234 3341 4305 qui
3396 4248 3432 4288 a
3480 4235 3651 4289 vobis

2002 4324 2310 4380 interimor
2339 4323 2643 4377 sedentem
2668 4339 2705 4377 a
2733 4322 2989 4376 dexteris
3008 4321 3233 4376 virtutis
3259 4337 3395 4392 quae
3417 4325 3504 4375 est
3526 4322 3648 4389 Dei,

2003 4414 2066 4483 (-1-
2106 4412 2327 4467 Eodem
2369 4409 2638 4465 videlicet
2676 4410 2889 4465 throno
2921 4424 3057 4464 cum
3092 4411 3209 4464 Deo
3248 4413 3305 4463 et
3342 4408 3529 4463 Patre.
3561 4410 3650 4465 In-

2004 4517 2184 4573 super
2214 4498 2549 4555 venientem
2579 4513 2822 4571 quoque
2852 4497 3114 4553 secundo
3141 4512 3248 4551 suo
3288 4496 3549 4553 adventu
3586 4498 3648 4553 in

2002 4589 2267 4647 nubibus
2295 4587 2425 4645 cceli
2448 4594 2735 4659 tanquam
2760 4586 2966 4642 Deum.
3008 4584 3284 4641 Videbitis
3311 4589 3515 4642 autem
3560 4586 3646 4643 di-

2000 4681 2103 4743 xit,
2136 4694 2257 4735 non
2287 4677 2453 4749 quod
2480 4676 2542 4732 hi
2571 4692 2709 4731 eum
2741 4679 2935 4732 essent
2963 4674 3042 4731 ita
3076 4674 3275 4741 visuri,
3318 4674 3420 4731 sed
3451 4680 3649 4749 prote-

2001 4774 2189 4826 status
2216 4770 2306 4825 est
2333 4766 2494 4840 quod
2524 4765 2603 4822 ita
2627 4770 2909 4822 venturus
2938 4768 3113 4831 esset,
3146 4768 3249 4821 aut
3278 4764 3355 4823 ad
3385 4780 3488 4822 eos
3508 4764 3646 4822 diri-

362 4912 411 4947 ⁸⁵
439 4913 612 4970 Marc.
639 4926 750 4977 xrv,
783 4913 868 4967 56.
898 4909 945 4947 ⁸⁸
984 4910 1137 4976 Psal,
1165 4926 1243 4967 x1.
1270 4910 1357 4966 36.
1386 4910 1686 4976 Marc.xiv,
1718 4915 1806 4976 57,
1842 4916 1925 4967 59.
1956 4911 2003 4947 ⁸⁸
2034 4913 2210 4968 Marc.
2238 4925 2354 4976 xiv,
2383 4909 2470 4965 61.
2514 4910 2561 4945 ⁸⁸
2592 4906 2743 4965 Ibid.
2773 4910 2861 4964 62.

1517 5031 1744 5100 Variae
1781 5032 2112 5101 lectiones
2143 5040 2209 5100 et
2247 5038 2451 5098 notae.

362 5175 480 5248 (86)
508 5175 634 5248 Ὀτι
664 5175 893 5248 omittit
909 5174 1040 5248 cod.
1078 5179 1143 5231 Α.

365 5243 479 5318 (87)
534 5247 796 5319 Refertur
825 5246 902 5303 ad
933 5247 1151 5319 priora,
1200 5245 1303 5303 ubi
1349 5244 1583 5317 legitur,
1618 5244 1660 5298 εἰ
1690 5248 1749 5297 οὐ
1791 5243 1833 5298 εἶ
1864 5247 1888 5298 ὁ

284 5317 543 5393 Χριστὸς,
578 5338 629 5371 κ.
660 5317 789 5393 1.}.

364 5389 479 5462 (88)
502 5391 645 5456 Qua:
673 5388 769 5445 hic
794 5388 1170 5454 inclusimus,
1194 5403 1265 5444 ea
1287 5386 1602 5445 Hentenius
1627 5386 1890 5444 habebat

363 5602 459 5674 (ιι)
492 5603 622 5658 Duo
650 5601 1064 5674 diversa._Duo
1092 5614 1215 5655 non
1246 5603 1332 5656 est
1361 5599 1422 5674 in
1461 5599 1681 5674 Graeco.

360 5669 528 5743 ('m'm)
554 5669 1885 5743 Veritatemdeponit.Assentitur,ait,afﬁrmat.

289 5741 681 5801 κατατίθεσθαι
706 5749 794 5802 est
814 5742 1110 5813 assentiri,
1137 5741 1535 5813 comprobare,
1561 5743 1885 5814 affirmare.

1997 5174 2061 5256 in
2092 5174 3053 5256 ﬁne,.postjguqaopmhtanqua‘m
3076 5170 3371 5256 scholium
3392 5186 3463 5256 e_x
3492 5188 3649 5256 mar:-

2000 5247 2139 5316 gine
2168 5242 2502 5301 sui'codicis
2528 5242 2646 5300 huc
2670 5242 2942 5301 relatum.
2968 5244 3138 5300 Forte
3152 5243 3381 5303 omissa
3408 5243 3649 5304 fuerant

1998 5317 2078 5374 ob
2108 5316 2331 5389 duplex
2358 5323 2450 5369 τοῦ
2477 5322 2630 5370 Θεοῦ.

1997 5600 2481 5727 ξυὶγκατατίθεσθαι
2516 5596 2694 5681 habet
2721 5597 2863 5667 Luc,
2895 5613 3047 5667 XXIII,
3083 5603 3171 5668 57,
3226 5601 3282 5657 et
3318 5598 3413 5657 hic
3461 5600 3645 5673 paulo

1996 5686 2057 5728 1n
2084 5687 2240 5727 erius
2265 5670 2626 5728 Euthvmlus.

2000 5670 2240 5728 inferius
2265 5670 2626 5743 Euthymius.
