4198 6448
541 358 650 417 699

1845 349 2218 415 EUTHYMIJJ.
2237 345 2590 416 EAGABENI

3791 341 3901 399 700

543 484 704 554 gitur
740 497 935 542 sermo
971 481 1070 554 qui
1106 497 1181 539 ex
1217 482 1306 539 eis
1347 480 1625 538 credituri
1662 482 1853 536 erant.
1893 477 2187 534 Praeterea

2296 472 2554 524 πιστεύω
2611 469 2636 520 6
2682 466 2848 538 λόγος.
2900 469 2971 520 Τό
3023 461 3083 518 δε
3140 463 3374 537 ὀψεσθε
3426 459 3582 522 δηλοί
3647 468 3739 520 καὶ
3812 469 3886 520 τὸ.

541 571 816 635 verbum,
867 571 1151 634 Videbitis,
1195 569 1490 640 signiﬁcat
1534 569 1738 630 etiam,
1784 565 2182 636 Cognoscetis.

544 660 690 719 Dicit
722 665 920 716 autem
970 659 1134 732 apud
1183 662 1402 715 Lucam
1437 675 1450 715 :
1501 659 1595 715 Ex
1627 658 1732 714 hoc
1779 662 2033 726 tempore
2073 655 2184 711 erit

541 749 728 806 Filius
746 749 994 804 hominis
1023 748 1222 805 sedens
1247 764 1284 805 a
1314 748 1540 804 dextris
1564 748 1799 803 virtutis
1823 747 1928 802 Dei
1949 747 2045 810 9°),
2073 743 2186 799 hoc

540 844 647 903 est,
676 840 856 894 Breve
894 841 1003 893 erit
1030 845 1267 909 tempus
1295 838 1643 892 insidiarum
1668 852 1804 908 qua
1831 839 1891 891 in
1919 850 2014 890 me
2047 833 2189 889 inci-

539 931 678 983 tatas
707 931 845 982 sunt
877 943 892 992 ;
931 942 1118 998 parvo
1150 926 1310 982 enim
1349 926 1579 998 expleto
1611 931 1878 998 tempore
1918 923 2189 997 superior

543 1015 819 1073 omnibus
854 1014 1106 1071 inimicis
1136 1015 1285 1072 meis
1313 1015 1552 1072 eﬂieiar.

613 1107 772 1161 Vers.
816 1109 903 1159 65.
944 1105 1101 1160 Tunc
1126 1136 1197 1145 —
1230 1105 1466 1160 testibus
1496 1105 1524 1158 i’
1563 1104 1732 1161 Moris
1771 1105 1897 1159 erat
1942 1101 2184 1165 Judmis,

541 1208 683 1250 cum
721 1192 947 1264 aliquid
973 1193 1135 1248 triste
1165 1191 1560 1248 vidissentvel
1588 1191 1914 1255 audissent,
1955 1190 2189 1246 descin-

541 1281 684 1338 dere
712 1281 1071 1337 vestimenta
1095 1297 1237 1337 sua:
1272 1281 1438 1354 quod
1476 1281 1653 1336 etiam
1701 1295 1862 1335 nunc
1912 1294 2188 1334 summus

542 1369 824 1428 sacerdos
847 1369 998 1438 fecit,
1029 1374 1314 1441 tanquam
1344 1369 1553 1425 audita
1581 1367 1955 1440 blasphemia
1982 1367 2187 1423 intole-

541 1459 738 1517 rabili.
784 1463 847 1516 Et
873 1459 987 1515 hoc
1016 1459 1192 1527 facto,
1221 1459 1354 1515 licet
1391 1459 1631 1526 invitus,
1664 1458 1843 1514 simul
1873 1457 2188 1530 propheta-

541 1549 626 1604 vit
657 1548 826 1620 quod
862 1547 1288 1604 discindendus
1328 1554 1482 1604 esset
1520 1547 1905 1620 pontiﬁcatus
1941 1547 1969 1602 J
1991 1546 2186 1602 udteo-

539 1650 697 1692 rum.

612 1727 765 1781 Vere.
835 1728 921 1780 65.
983 1725 1133 1781 Ecce
1169 1754 1237 1766 —
1297 1726 1456 1780 Vers.
1523 1728 1611 1782 66.
1673 1724 1950 1780 videtur?
2013 1723 2188 1780 Auxit

2295 559 2580 613 Γνώσεσθε.
2641 560 2778 614 Φησὶ
2842 550 2903 608 δε
2957 558 3045 607 καὶ
3100 555 3126 606 6
3186 560 3394 616 Λουκᾶς
3469 554 3549 607 ὅτι
3607 554 3744 608 Ἀπὸ
3800 562 3891 607 τού

2293 657 2380 700 νῦν
2462 650 2611 700 εσται
2663 646 2688 696 6
2750 646 2865 705 Υἱός
2946 650 3037 696 τοῦ
3117 641 3388 715 ἀνθρώπου
3476 643 3768 714 καθήμενος
3837 639 3893 694 ἐκ

2296 733 2478 799 δεξιῶν
2524 742 2618 796 τῆς
2677 729 2945 805 δυνάμεως
2994 738 3085 784 τοῦ
3143 729 3318 804 Θεού,]
3372 735 3631 797 τουτέστι,
3681 733 3894 804 Βραχύς

2294 826 2320 876 6
2374 826 2551 895 καιρός
2618 830 2713 883 τῆς
2772 821 2888 872 κατ’
2949 818 3074 891 ἐμοῦ
3137 820 3250 889 (89)
3298 817 3612 880 ἐπιϐουλῆς·
3671 817 3766 870 ούκ
3824 817 3895 877 εἰς

2294 914 2498 986 μακρὰν
2535 913 2636 983 γὰρ
2681 908 2930 984 ἀνώτερος
2970 916 3070 960 τῶν
3112 905 3538 960 ἐπιϐουλευόντων
3580 911 3891 979 γενήσομαι.

2363 1095 2489 1141 Τοτε
2541 1117 2610 1127 —
2661 1087 2975 1161 μαρτύρων;
3035 1083 3188 1147 Ἐθος
3256 1091 3364 1146 τοῖς
3428 1079 3729 1149 Ἰουδαίοις,
3774 1085 3896 1136 ὅταν

2293 1197 2346 1230 τι
2382 1176 2612 1250 χαλεπόν
2642 1180 2732 1228 καὶ
2761 1177 2972 1247 φρικτόν
2999 1170 3189 1226 ἴδωσιν
3219 1174 3249 1232 ἣ
3291 1171 3580 1239 ἀκούσωσι,
3629 1169 3664 1225 δ
3670 1173 3899 1248 ιαρρήσ-

2299 1285 2404 1318 σειν
2458 1269 2524 1316 τὰ
2581 1266 2765 1336 ἱμάτια
2811 1261 3002 1332 αὐτῶν,
3065 1262 3186 1333 ὅπερ
3245 1266 3334 1314 καὶ
3385 1269 3474 1312 νῦν
3531 1263 3556 1312 6
3624 1260 3900 1334 ἀρχιερεύς

2295 1353 2556 1421 ἐποίησεν,
2610 1354 2675 1412 ὡς
2719 1349 2948 1411 ἀκούσας
3001 1346 3157 1410 δῆθεν
3221 1347 3562 1422 βλασφημίας
3621 1350 3715 1402 ούκ
3791 1348 3900 1402 ἀνε-

2294 1452 2442 1505 κτῆς.
2473 1441 2614 1514 ’Δμα
2644 1437 2703 1493 δε
2750 1445 2837 1492 καὶ
2877 1441 3036 1504 ἄκων,
3082 1437 3167 1510 ἀφ’
3199 1438 3266 1488 ὧν
3297 1436 3534 1504 ἐποίησε,
3586 1445 3902 1514 προεφήτευ-

2296 1550 2400 1601 σεν,
2461 1533 2541 1583 ὃτι
2586 1526 3049 1605 διαῤῥηχθήσεται
3101 1529 3131 1585 ἡ
3187 1525 3555 1602 ἀρχιερωσύνη
3610 1536 3710 1580 τῶν
3760 1528 3897 1583 Ἰου-

2296 1615 2476 1675 δαίων.

2364 1703 2574 1761 Ἵδε-
2617 1702 2800 1773 dorsi;
2853 1704 3097 1769 Αύξήσας
3153 1707 3248 1762 τὴν
3295 1710 3614 1780 κατηγορίαν
3664 1712 3754 1758 τοῦ
3805 1703 3892 1757 λε-

540 1812 720 1869 etiam
776 1829 886 1868 suo
933 1812 1092 1868 dicto
1131 1813 1596 1876 accusationem,
1649 1817 1706 1868 et
1743 1811 2185 1885 blasphemiam

2296 1797 2532 1868 χθέντος,
2573 1800 2662 1847 καὶ
2701 1793 3042 1866 βλασφημίαν
3072 1801 3224 1845 τοῦτο
3265 1792 3503 1861 καλέσας,
3556 1798 3644 1845 καὶ
3691 1811 3882 1866 προκα-

540 1917 762 1958 vocans
780 1917 1161 1974 responsum,
1185 1907 1242 1958 et
1263 1901 1610 1974 prtejudicio
1635 1902 1933 1958 damnans
1953 1917 2112 1966 eum,
2131 1904 2188 1958 et

543 1990 748 2047 exinde
775 1990 1005 2047 caeteris
1037 1993 1196 2046 viam
1229 1991 1450 2047 faciens
1491 1991 1565 2047 ad
1603 2007 1741 2047 eum
1781 1991 2188 2046 condemnan-

542 2079 711 2144 dum,
739 2080 914 2152 quasi
944 2079 1166 2136 scilicet
1194 2081 1570 2136 manifestato
1595 2081 1680 2137 eis
1707 2080 1944 2150 delicto,
1969 2094 2186 2149 cogens

542 2183 645 2225 eos
696 2168 775 2225 ad
812 2169 1320 2242 pronuntiandam
1361 2169 1738 2235 sententiam,
1777 2174 1840 2225 ut
1891 2170 1971 2225 ita
2009 2168 2187 2225 robo-

543 2262 701 2316 retur
730 2259 1166 2326 condemnatio,
1195 2264 1251 2315 et
1271 2275 1342 2315 ex
1357 2259 1490 2325 hoc,
1507 2265 1794 2332 tanquam
1812 2273 1979 2315 reum
1997 2257 2186 2315 Pilato

543 2347 779 2404 tradant
806 2352 867 2404 ut
885 2348 1280 2404 interimatur.

612 2437 779 2492 Vers.
822 2440 908 2493 66.
950 2437 1023 2491 At
1070 2438 1170 2492 illi
1193 2468 1262 2478 —
1304 2444 1409 2494 est.
1449 2437 1616 2503 Quod
1655 2436 1939 2493 volebant
1968 2439 2187 2491 statue-

543 2530 698 2581 runt.
741 2529 890 2581 Nam
923 2530 1202 2597 corrupta
1243 2541 1414 2580 mens
1445 2531 1788 2597 corruptam
1826 2525 1936 2581 fert
1964 2531 2020 2580 et
2056 2541 2188 2581 sen-

543 2615 809 2669 tentiam.
846 2617 1031 2670 Lucas
1061 2630 1196 2670 vero
1223 2613 1474 2686 scripsit,
1505 2614 1671 2686 quod
1701 2614 1996 2670 duxerunt
2021 2613 2185 2670 illum

543 2700 604 2755 in
631 2700 938 2756 concilium
965 2718 1143 2757 suum
1169 2702 1455 2767 dicentes,
1488 2703 1555 2758 Si
1581 2709 1644 2757 tu
1684 2718 1738 2757 es
1769 2702 2059 2765 Christus,
2091 2703 2188 2758 die

543 2789 725 2843 nobis.
759 2791 862 2844 Ait
883 2796 1081 2846 autem
1110 2790 1231 2846 illis
1249 2807 1261 2845 :
1281 2790 1346 2846 Si
1359 2791 1564 2847 dixero
1579 2791 1752 2856 vobis,
1773 2807 1892 2847 non
1906 2792 2148 2848 credetis
2172 2808 2183 2845 :

545 2877 704 2950 quod
726 2878 777 2933 si
795 2878 968 2934 etiam
987 2879 1454 2949 interrogauero,
1471 2896 1589 2936 non
1603 2881 2010 2952 respondebitis
2022 2880 2186 2945 mihi,

545 2980 734 3038 neque
761 2966 1096 3023 absolvetis.
1112 2968 1210 3024 Ex
1219 2969 1330 3025 hoc
1343 2975 1594 3040 tempore
1611 2970 1722 3026 erit
1740 2970 1926 3025 Filius
1941 2970 2189 3026 hominis

545 3055 748 3111 sedens
765 3071 800 3112 a
818 3055 1046 3114 dextris
1058 3057 1287 3113 virtutis
1306 3059 1428 3115 Dei.
1449 3058 1740 3116 Dixerunt
1758 3066 1951 3116 autem
1965 3075 2156 3116 omnes
2173 3078 2186 3113 :

2292 1880 2585 1944 ταδικάσας
2614 1883 2790 1950 αὐτὸν,
2822 1887 2910 1933 καὶ
2961 1879 3078 1943 ὁδός
3123 1881 3235 1954 (90)
3289 1877 3393 1940 ἤδη
3432 1885 3656 1942 καὶτοῖς
3707 1880 3881 1942 ἄλλοις

2295 1973 2366 2034 εἰς
2425 1976 2484 2025 τό
2539 1967 2900 2026 καταδικάσαι
2953 1975 3230 2042 γενόμενος,
3301 1969 3497 2034 λοιπόν,
3548 1972 3617 2030 ὡς
3667 1977 3885 2044 φανεροῦ

2292 2070 2384 2114 τοῦ
2440 2060 2878 2133 πλημμελήματος
2944 2063 3104 2128 ὄντος,
3186 2057 3471 2130 ἀναγκάζει
3548 2063 3638 2109 καὶ
3702 2057 3895 2119 αὐτούς

2294 2148 2681 2221 ἀποφήνασθαι,
2729 2150 2828 2216 ίνα,
2879 2148 3204 2219 κυρωθείσης
3255 2148 3390 2200 οὕτω
3437 2155 3533 2209 τῆς
3582 2142 3895 2210 καταδίκης,

2295 2239 2575 2291 ὑπεύθυνον
2629 2235 2929 2290 ἀπεντεύθεν
2987 2235 3141 2287 αὐτόν
3209 2232 3494 2310 παραδοῖεν
3550 2243 3624 2307 τῷ
3690 2233 3899 2307 Πιλάτῳ

2294 2332 2426 2403 πρὸς
2474 2326 2758 2400 ἀναίρεσιν.

2367 2418 2433 2469 Oi
2464 2412 2619 2468 δέ-
2667 2417 2827 2471 ἐστίν.
2882 2411 3044 2488 Ὀπερ
3096 2411 3380 2479 ἐϐούλοντο,
3433 2419 3586 2466 τοῦτο
3639 2415 3729 2464 καὶ
3779 2409 3901 2464 ἀπε-

2296 2510 2541 2576 φήναντο,
2632 2504 3012 2577 Διεφθαρμένης
3093 2497 3180 2552 οὖν
3261 2507 3474 2572 γνώμης
3546 2497 3897 2574 διεφθαρμένη

2294 2598 2383 2645 καὶ
2435 2595 2464 2650 ἠ
2525 2591 2804 2663 ἀπόφασις.
2857 2590 2915 2642 Ὀ
2980 2587 3039 2643 δὲ
3088 2596 3294 2651 Λουκᾶς
3366 2589 3590 2664 ἔγραψεν
3646 2591 3727 2641 ὅτι
3809 2593 3900 2640 καὶ

2297 2680 2557 2752 ἀνήγαγον
2623 2680 2775 2732 αύτόν
2823 2679 2896 2741 εἰς
2939 2682 2996 2731 τό
3051 2675 3321 2751 συνέδριον
3379 2678 3569 2742 αὐτῶν,
3626 2677 3857 2748 λέγοντες
3882 2695 3896 2706 ·

2296 2770 2357 2822 Εἰ
2403 2774 2468 2822 σὺ
2531 2767 2578 2821 si
2631 2770 2657 2821 6
2715 2771 2966 2843 Χριστὸς,
3019 2767 3126 2820 εἰπέ
3182 2769 3330 2839 ἡμῖν.
3382 2768 3507 2820 Eius
3571 2763 3632 2819 δε
3679 2766 3896 2826 αὐτοῖς·

2296 2859 2417 2914 Ἐὰν
2464 2858 2586 2930 ύμῖν
2639 2860 2785 2924 εῖπω,
2848 2857 2908 2909 ού
2982 2860 3051 2928 μὴ
3123 2857 3480 2914 πιστεύσητεο
3531 2853 3617 2908 ἐὰν
3683 2851 3744 2908 δι
3808 2859 3902 2908 καὶ

2296 2945 2560 3019 ἐρωτήσω,
2633 2947 2693 2998 ού
2763 2950 2834 3018 μὴ
2921 2943 3240 3018 ἀποκριθῆτί
3308 2964 3400 3016 μοι
3467 2945 3496 3004 ἣ
3579 2942 3894 3001 ἀπολύσητε.

2297 3035 2432 3089 Ἀπὸ
2489 3043 2582 3087 τού
2654 3043 2741 3086 νῦν
2798 3037 2948 3087 ἔσται
3003 3035 3030 3086 6
3087 3033 3202 3093 Υἱὸς
3266 3040 3358 3086 ⁴υόύ
3420 3035 3692 3106 ἀνθρώπου
3740 3035 3900 3091 καθή-

552 3144 639 3198 Tu
659 3160 786 3215 ergo
811 3161 868 3201 es
898 3145 1084 3201 Filius
1105 3147 1212 3202 Dei
1230 3147 1258 3201 γ
1281 3149 1404 3218 Ipse
1423 3163 1550 3204 vero
1571 3149 1658 3204 ait
1675 3148 1752 3204 ad
1772 3148 1920 3214 illos,
1967 3149 2072 3204 Vos
2100 3148 2188 3203 di-

2297 3143 2463 3196 μενος,
2532 3122 2587 3176 ἐκ
2648 3119 2830 3186 δεξιῶν
2882 3130 2977 3183 τῆς
3043 3119 3316 3194 δυνάμεως
3372 3129 3463 3174 τοῦ
3528 3130 3681 3174 Θεοῦ.
3733 3119 3896 3175 Εἶπαν

543 3232 670 3288 citis
698 3233 851 3304 quod
877 3249 981 3305 ego
1011 3250 1154 3290 sum.
1181 3237 1260 3290 At
1289 3235 1388 3292 illi
1417 3236 1726 3301 dixerunt,
1757 3237 1912 3304 Quid
1935 3237 2190 3307 amplius

541 3322 704 3377 nobis
735 3338 877 3391 opus
902 3330 986 3379 est
1013 3324 1245 3380 testibus
1265 3330 1290 3380 .9
1319 3325 1434 3394 ipsi
1467 3327 1622 3382 enim
1660 3326 1987 3382 audivimus
2003 3341 2079 3382 ex
2094 3340 2192 3382 ore

545 3412 754 3480 eius".
773 3411 1098 3468 Verisimile
1119 3416 1210 3468 est
1228 3415 1387 3470 enim
1413 3417 1470 3469 et
1499 3429 1785 3470 summun
1817 3414 2188 3470 sacerdotem

543 3514 922 3556 consessores
951 3501 1346 3572 interrogasse
1371 3508 1426 3558 et
1465 3503 1845 3559 examinasse
1871 3519 2025 3569 eum,
2058 3519 2191 3559 rur-

545 3603 799 3662 sumque
829 3589 1028 3661 ipsum
1053 3595 1110 3646 et
1137 3589 1218 3646 illi
1244 3596 1301 3646 et
1325 3590 1450 3646 istis
1479 3590 1882 3662 respondisse.

617 3817 810 3882 Quare
835 3820 1038 3873 autem
1058 3817 1284 3873 occulte
1314 3817 1512 3889 ipsum
1547 3832 1668 3875 non
1689 3818 2035 3876 occiderunt
2059 3820 2086 3876 ’ί
2108 3819 2190 3877 Ne

546 3904 763 3960 invidia
794 3906 940 3960 moti
971 3905 1252 3961 occidisse
1282 3921 1421 3960 eum
1470 3905 1828 3963 viderentur.
1862 3908 2193 3966 Studebant

547 4007 689 4062 ergo
719 3993 955 4066 publice
984 3994 1144 4052 illum
1185 3999 1474 4068 tanquam
1506 3995 1844 4053 maleficum
1875 3998 2146 4055 occidere
2174 4015 2186 4052 :

547 4081 794 4154 perdere
843 4082 1096 4140 nitentes
1149 4085 1490 4156 opinionem
1541 4101 1725 4159 quam
1773 4085 1848 4142 de
1893 4103 1964 4143 eo
2003 4087 2191 4144 turbas

546 4178 958 4244 conceperant.
987 4173 1125 4230 ldeo
1150 4175 1329 4230 etiam
1349 4174 1665 4246 petierunt,
1691 4181 1754 4232 ut
1781 4176 2193 4247 cruciﬁgerent

545 4276 722 4316 eum:
756 4266 813 4318 et
840 4261 1018 4318 simul
1047 4279 1185 4319 cum
1211 4278 1282 4320 eo
1302 4263 1560 4320 latrones
1591 4264 2028 4322 cruciﬁxerunt.
2062 4266 2192 4322 Edi-

545 4365 718 4407 verso
745 4355 944 4407 autem
966 4351 1190 4409 factum
1220 4357 1513 4425 estquam
1540 4352 1621 4408 illi
1643 4359 2012 4426 optaverant.
2041 4358 2190 4412 Nam

545 4437 686 4510 quia
717 4439 952 4512 publice
997 4439 1390 4512 interemptus
1440 4446 1546 4506 est,
1595 4442 1786 4512 magis
1828 4443 2192 4516 resplenduit

546 4526 736 4599 gloria
785 4528 938 4599 ejus.
990 4531 1365 4601 Rursumque
1405 4529 1467 4584 in
1503 4529 1776 4602 sepulcro
1808 4531 2000 4603 sigilla
2037 4531 2193 4588 mill-

546 4620 794 4688 tumque
833 4617 1105 4675 custodia
1133 4617 1444 4674 veritatem
1491 4619 1686 4690 magis
1723 4619 2005 4693 effulgere
2048 4619 2193 4677 fece-

545 4710 702 4760 runt.

618 4795 778 4847 Vers.
813 4795 899 4848 67.
926 4794 1090 4849 Tunc
1118 4825 1186 4835 —
1215 4794 1354 4865 ejus.
1388 4798 1651 4866 Horreto,
1677 4795 1890 4852 coelum
1925 4800 1982 4853 et
2017 4800 2186 4862 terra,

547 4881 944 4954 universaque
972 4887 1257 4949 creatura,
1288 4884 1350 4939 in
1379 4900 1564 4957 quam
1581 4884 1816 4950 faciem,
1839 4901 2024 4958 quam
2043 4885 2190 4942 intu-

547 4968 738 5026 lerunt
767 4969 1065 5041 injuriam.

619 5059 777 5115 Vers.
805 5063 892 5116 67.
919 5059 996 5116 Et
1025 5091 1082 5102 —
1137 5061 1300 5116 Vers.
1351 5060 1438 5116 68.
1483 5061 1581 5132 qui
1608 5068 1662 5119 te
1686 5063 2012 5135 percussit?
2043 5065 2191 5130 Quia

621 5236 670 5273 ὀ
698 5236 840 5294 Luc.
867 5253 1008 5303 xxu,
1041 5236 1128 5294 69.
1163 5239 1207 5274 ⁶¹
1240 5239 1378 5294 Luc.
1411 5252 1550 5305 xxu,
1575 5237 1759 5294 66-71.

2299 3210 2358 3266 δέ
2388 3215 2602 3273 πάντες⁶
2654 3219 2720 3264 Συ
2773 3211 2860 3264 οὗν
2900 3209 2943 3264 si
2993 3211 3018 3264 6
3066 3213 3185 3272 Υἱός
3214 3218 3305 3263 τοῦ
3363 3215 3520 3272 Θεούς
3564 3210 3621 3264 Ὀ
3680 3207 3740 3262 δε
3770 3214 3898 3285 πρὸς

2297 3303 2484 3364 αύτούς
2563 3304 2699 3373 ἔφη·
2754 3300 2923 3372 Ὑμεῖς
2968 3298 3135 3371 λέγετε
3201 3301 3282 3352 ὃτι
3338 3298 3441 3371 ἐγώ
3512 3299 3636 3371 εἰμι.
3705 3301 3773 3352 0i
3843 3297 3902 3352 δέ

2298 3392 2456 3444 εἶπονθ
2529 3394 2593 3443 Τί
2677 3391 2751 3441 ἔτι
2824 3393 3010 3460 χρείαν
3085 3390 3274 3461 ἔχομεν
3358 3394 3680 3462 μαρτυρίας;
3750 3387 3902 3440 αύτοὶ

2294 3483 2396 3551 γὰρ
2472 3479 2769 3549 ἠκούσαμεν
2851 3475 2951 3528 ἀπὸ
3012 3483 3107 3528 τοῦ
3190 3481 3446 3548 στόματος
3511 3477 3691 3530 αύτού.
3751 3476 3904 3536 Εἰκὸς

2294 3570 2396 3642 γὰρ
2477 3571 2566 3619 καὶ
2627 3569 2715 3617 τόν
2772 3563 3042 3639 ἀρχιερέα,
3127 3569 3218 3618 καὶ
3272 3568 3388 3624 τοὺς
3465 3561 3902 3638 συνεδριάζοντας

2297 3653 2553 3729 ἐπερωτᾷν
2582 3658 2671 3706 καὶ
2713 3652 3000 3727 ἀνακρίνειν
3040 3651 3214 3718 αὑτὸν,
3262 3651 3412 3704 πάλιν
3451 3669 3504 3702 τε
3562 3651 3718 3702 αὐτόν
3765 3654 3898 3704 ἁπο-

2295 3745 2564 3817 κρίνεσθαι
2593 3747 2682 3794 καὶ
2704 3744 2829 3812 πρὸς
2859 3740 3067 3807 ἐκεῖνον,
3093 3744 3179 3792 καὶ
3204 3741 3333 3814 πρὸς
3371 3737 3582 3800 αύτούς.

2369 3833 2472 3886 Καὶ
2521 3827 2668 3882 διατί
2714 3834 2785 3901 μὴ
2855 3830 3020 3902 λάθρα
3070 3835 3247 3882 τοῦτον
3305 3825 3532 3891 ἀνεῖλον;
3578 3827 3672 3878 Διά
3713 3827 3770 3878 τὸ
3817 3829 3889 3897 μὴ

2299 3916 2453 3982 δόξαι
2508 3921 2644 3971 κατά
2700 3920 2883 3991 φθόνον
2932 3917 3086 3969 αὐτόν
3141 3915 3347 3970 ἀνελεῖν.
3401 3911 3757 3977 Ἑσπούδοὶζον
3807 3910 3896 3966 οὖν

2299 4005 2537 4080 δημοσίᾳ
2598 4014 2778 4060 τοῦτον
2841 4009 2908 4068 ὡς
2959 4013 3250 4078 κακοῦργον
3307 4003 3656 4076 ἀναιρεθῆναι,
3715 4022 3901 4076 μηχα-

2296 4103 2508 4170 νώμενοι
2548 4093 2753 4168 βλάψαι
2789 4099 2882 4152 την
2923 4093 3182 4164 ὑπόληψιν
3238 4092 3416 4147 αύτού.
3467 4095 3562 4144 Διά
3597 4098 3748 4145 τοῦτο
3797 4095 3898 4165 γὰρ

2296 4191 2386 4239 κοιὶ⁵
2435 4191 2646 4257 σταυρῷ
2693 4190 2872 4236 τοῦτον
2927 4179 3259 4256 ἀναιρεθῆναι
3321 4182 3607 4245 ἠτησαντο,
3657 4184 3747 4231 καὶ
3801 4178 3899 4251 λη-

2300 4276 2424 4334 στὰς
2487 4272 2628 4343 αύτῷ
2690 4274 3144 4342 συνεσταύρωσαν.
3222 4273 3402 4341 Γέγονε
3466 4265 3524 4322 δε
3585 4271 3899 4336 τούναντίον,

2298 4360 2374 4424 οἷς
2439 4359 2727 4414 ἐϐούλοντο.
2810 4363 3050 4430 Δημοσίᾳ
3111 4360 3210 4431 γὰρ
3283 4358 3649 4432 ἀναιρεθέντος,
3711 4355 3900 4428 μᾶλλον

2298 4448 2578 4522 ἐξελαμψεν
2627 4449 2655 4506 ἠ
2710 4443 2842 4510 δόξα
2915 4446 3094 4502 αὑτοῦ.
3159 4450 3259 4499 Καὶ
3319 4443 3404 4498 ἐπὶ
3475 4453 3568 4497 τοῦ
3623 4446 3786 4516 τάφου
3845 4439 3903 4497 δέ

2298 4537 2450 4590 πάλιν
2515 4539 2571 4589 αἱ
2649 4531 2937 4608 σφραγῖδες
2993 4539 3082 4586 καὶ
3171 4535 3200 4591 ἠ
3283 4533 3630 4606 παραφυλαχή
3708 4531 3900 4605 μᾶλλον

2301 4622 2601 4697 διαλάμψαι
2631 4629 2725 4683 τὴν
2755 4622 2997 4682 ἀληθειαν
3024 4626 3366 4680 πεποιήκασι.

2369 4805 2495 4853 Τότε
2538 4831 2606 4841 -
2647 4799 2827 4854 αύτού.
2887 4799 3089 4874 Φρίξον,
3144 4797 3325 4872 ούρανε
3375 4800 3464 4849 καὶ
3503 4805 3570 4867 γῆ
3619 4801 3709 4848 καὶ
3770 4798 3901 4868 σύμ-

2298 4907 2447 4940 πασα
2501 4893 2692 4953 κτίσις,
2742 4886 2814 4950 είς
2861 4889 2965 4940 οἷον
3007 4891 3284 4963 πρόσωπον
3339 4886 3452 4938 οἷαν
3510 4883 3724 4958 ἀτιμίαν
3779 4883 3904 4943 ἐπη-

2298 4996 2462 5049 γαγον
2494 4977 2508 5034 ι

2374 5071 2475 5119 Καὶ
2520 5097 2590 5108 -
2649 5070 2848 5128 παίσας
2907 5081 2996 5132 σε;
3059 5063 3199 5117 Ἐπεὶ
3254 5061 3394 5136 παρά
3448 5061 3651 5124 πολλοῖς
3704 5068 3904 5136 προφή-

1792 5417 2013 5488 Variae
2042 5419 2366 5488 lectiones
2396 5428 2462 5488 et
2502 5428 2698 5487 notae.

621 5607 736 5751 £89;
770 5605 896 5660 Κατ’
926 5603 1033 5679 ἐμὶ.
1064 5604 1207 5664 Cod.
1238 5607 1304 5663 Α.

647 5683 714 5735 90
770 5680 993 5734 Durum
1022 5679 1304 5751 quodam:

647 5677 736 5751 90)
770 5677 993 5734 Durum
1022 5678 1477 5752 quodammodo
1505 5683 1564 5735 τὸ
1591 5677 1736 5744 ὁδός,
1774 5683 1971 5742 Malim
2003 5681 2194 5757 ὁδηγός

2302 5614 2558 5688 Uterque
2588 5618 2790 5688 tamen
2821 5610 3007 5688 codex
3044 5609 3340 5688 consentit
3371 5609 3430 5668 in
3463 5606 3602 5673 ὁδός.
3638 5610 3912 5671 Hentenii

2300 5683 2700 5759 interpretatio
2728 5683 3018 5756 ambigua
3045 5686 3158 5741 est.
