4198 6450
237 367 348 428 ’701
1191 369 1568 430 COMMENT.
1615 367 1687 426 IN
1724 367 2176 430 MATTHEUM.
2218 401 2282 414 --
2325 372 2486 431 CAP.
2534 373 2736 432 XXVI.
3494 367 3604 426 702

233 512 340 556 της
395 492 616 568 ἕλέγετο,
671 491 942 560 διέπαιζον
997 495 1173 564 αὐτὸν,
1231 499 1302 560 ὡς
1377 492 1826 568 ψευδοπροφήτην

1948 511 1985 552 a
2012 496 2215 552 multis
2238 497 2525 570 propheta
2544 498 2870 563 dicebatur,
2887 493 3282 552 verberabant
3301 508 3443 551 eum
3469 496 3600 550 tan-

232 583 695 656 Περικαλύψαντες
748 589 846 658 γὰρ
935 586 1122 658 ίματίῳ
1196 588 1255 638 τὸ
1327 589 1605 657 πρόσωπον
1658 583 1826 647 αὐτοῦ,

1949 601 2130 657 quam
2158 585 2364 642 falsum
2382 587 2754 659 prophetam,
2785 586 2933 642 facie
2953 588 3082 656 ejus
3108 589 3273 640 veste
3300 586 3592 645 contecta,

229 676 376 746 πρὸς
419 677 477 725 τό
533 678 606 745 μὴ
655 673 881 746 βλέπειν,
932 678 1002 737 ὡς
1052 677 1260 750 Μάρκος
1301 679 1392 726 καὶ
1435 680 1636 732 Λουκᾶς
1679 669 1826 735 εἶπον1

1948 689 2023 728 ne
2061 674 2304 738 videret,
2354 675 2520 731 slcuti
2583 677 2813 732 Marcus
2863 679 2920 730 et
2967 676 3152 730 Lucas
3190 672 3468 728 dixerunt
3523 673 3596 737 θ’,

226 769 391 814 τοῦτο
421 765 512 834 μὲν
557 761 879 834 ἐκολάφιζον,
935 772 1087 817 τοῦτο
1135 760 1196 816 δί
1250 762 1544 838 ἐρράπιζον,
1594 761 1826 831 λέγοντες

1950 763 2114 817 Nunc
2151 768 2344 818 autem
2383 763 2714 828 credebant,
2755 778 2915 818 nunc
2945 777 3085 817 vero
3131 760 3331 832 alapas
3369 759 3601 816 dabant

231 855 616 922 Προφήτευσον
697 853 845 923 ἡμῖν,
925 855 1139 924 Χριστὶ,
1214 857 1294 913 τίς
1367 851 1505 903 ἔστιν
1564 851 1589 901 ὁ
1642 854 1826 902 παίσαι

1948 849 2208 905 dicentes
2243 867 2254 906 :
2281 851 2639 920 Prophetiza
2663 852 2850 916 nobis,
2875 851 3123 915 Christe,
3152 851 3284 921 quis
3310 853 3393 904 est
3422 847 3524 918 qui
3543 853 3599 904 te

234 958 301 992 σε
333 958 346 1006 ;
378 942 533 993 Ἔστι
592 935 652 992 δὲ
703 945 1022 1013 κολαφισμός
1074 945 1162 1013 μὲν
1211 945 1270 993 τὸ
1334 945 1502 993 παίειν
1558 941 1695 991 κατὰ
1747 944 1826 990 τοί

1945 939 2227 1008 percussit
2256 939 2285 994 ?
2317 942 2412 996 Est
2448 945 2640 995 autem
2670 939 2958 1011 colaphus
2993 937 3325 994 verberatio
3367 952 3505 1008 quas
3534 935 3598 992 in

229 1027 514 1101 τραχήλου
557 1027 705 1100 κοίλη
756 1029 882 1101 ἁφῇ,
940 1034 1071 1105 πρὸς
1119 1033 1177 1082 τὸ
1225 1037 1388 1082 ποιεῖν
1440 1028 1606 1100 ψόφον
1639 1048 1652 1061 ·
1685 1028 1826 1101 ῥαπι·

1947 1026 2099 1082 collo
2118 1028 2182 1082 ﬁt
2201 1043 2388 1084 vacua
2405 1029 2535 1100 (nn)
2548 1044 2732 1086 manu
2753 1035 2815 1084 ut
2828 1043 3048 1084 sonum
3069 1026 3208 1083 edat
3228 1043 3240 1081 :
3261 1025 3440 1097 alapa
3459 1039 3597 1080 vero

240 1120 377 1188 σμὸς
410 1113 443 1168 δ
446 1119 466 1168 ξ
495 1119 551 1168 τὸ
582 1121 753 1170 παίειν
781 1120 917 1170 κατὰ
944 1126 1041 1170 τοῦ
1070 1123 1374 1189 προσώπου.

1944 1113 2008 1170 in
2049 1114 2260 1172 faciem
2294 1117 2491 1174 datur.

318 1207 456 1261 Μετά
509 1208 609 1278 γὰρ
638 1210 734 1264 τήν
775 1204 961 1259 ἄδικον
1013 1203 1325 1277 καταδίκην,
1379 1209 1447 1269 ὡς
1493 1206 1675 1277 ἄτιμόν
1721 1224 1826 1256 τινο

2014 1223 2150 1276 Post
2175 1221 2460 1292 injustam
2515 1223 2674 1279 enim
2704 1221 3268 1279 condamnationem
3307 1223 3598 1291 tanquam

238 1298 334 1344 καὶ
374 1293 484 1364 (91)
533 1294 928 1366 τριωϐολιμαῖον
979 1296 1213 1356 λαϐόντες
1259 1299 1414 1368 μέσον
1446 1295 1620 1359 αὑτὸν,
1661 1296 1709 1346 οἱ
1747 1296 1826 1365 μὲν

1942 1309 2244 1380 abjectum
2275 1312 2613 1384 quempiam
2645 1317 2702 1368 et
2725 1312 3125 1368 'triobolarem
3173 1311 3236 1365 in
3266 1309 3462 1365 medio
3500 1325 3603 1365 su-

235 1387 416 1432 πᾶσαν
468 1381 539 1442 εἰς
595 1383 752 1434 αὐτὸν
810 1379 1152 1436 ἐνεδείκνυντο
1203 1387 1496 1457 παροινίαν,
1553 1383 1646 1434 οὐκ
1702 1381 1826 1434 ἐλεύ-

1943 1379 2192 1464 mentes,
2233 1379 2563 1471 hiquidem
2602 1401 2900 1474 quidquid
2942 1400 3002 1456 in
3042 1400 3293 1456 buccam
3321 1397 3600 1456 veniebat

235 1470 380 1542 θεροι
434 1474 608 1541 μόνον,
658 1470 786 1523 ἀλλά
831 1476 921 1524 καὶ
980 1468 1179 1540 δοῦλοι,
1212 1478 1300 1524 καὶ
1337 1477 1586 1524 παντοίαν
1639 1470 1826 1523 ἐκίνουν

1943 1468 2473 1543 debacchabantur
2501 1489 2562 1544 in
2609 1468 2921 1553 eum,-non
2968 1488 3136 1544 liberi
3165 1487 3377 1555 solum,
3406 1486 3512 1542 sed
3541 1490 3598 1545 et

230 1557 352 1609 κατ’
427 1561 590 1610 αὐτοῦ
654 1565 862 1631 μανίαν,
928 1564 1018 1613 καὶ
1069 1556 1239 1622 ἡδέως
1289 1569 1386 1622 τῆς
1431 1561 1620 1622 λύττης
1674 1559 1826 1631 ἕνεφο⁴

1943 1575 2094 1630 servi
2135 1593 2148 1630 :
2177 1575 2274 1631 alii
2301 1592 2438 1632 vero
2469 1577 2883 1635 omnimodam
2912 1578 3201 1634 adversus
3231 1592 3369 1631 eum
3399 1589 3596 1631 move-

230 1654 420 1722 ροῦντο
449 1663 463 1678 ⁶
510 1649 538 1698 ὁ
568 1643 629 1700 δὲ
679 1650 848 1700 πάντα
881 1647 1266 1722 μεγαλοψύχως
1294 1650 1526 1721 ὑπέμενε,
1561 1645 1826 1700 διδάσκων

1940 1663 2089 1719 bant
2110 1663 2429 1732 insaniam,
2453 1665 2857 1738 gaudentique
2877 1666 3084 1722 animo
3106 1664 3336 1721 rabiem
3359 1678 3594 1718 evome-

235 1733 542 1806 ἀνέχεσθαι.
605 1738 706 1792 Καὶ
761 1733 823 1795 ἧν
876 1737 1001 1808 παρ’
1048 1736 1260 1800 ἐκείνοις
1311 1740 1420 1810 μὲν,
1453 1741 1635 1798 κακίας
1682 1738 1826 1810 ὑπερ-

1942 1743 2108 1808 bant.
2177 1733 2691 1812 Universavautem
2733 1733 2958 1826 magno
3016 1754 3222 1810 animo
3270 1751 3596 1809 sustinebat

234 1822 384 1895 ϐολὴ,
410 1826 559 1899 παρὰ
585 1827 753 1896 τούτῳ
785 1821 864 1891 δε,
893 1823 1235 1888 ἀνεξικακίας.

1941 1841 2161 1898 docens
2191 1857 2301 1898 nos
2352 1843 2602 1913 injurias
2662 1821 2932 1899 tolerare.
2964 1844 3031 1899 Et
3059 1847 3186 1899 erat
3239 1841 3406 1913 apud
3457 1839 3595 1896 illos

1938 1931 2262 1986 vehemens
2290 1931 2594 2002 pravitatis
2632 1930 3018 1999 abundantia,
3067 1930 3237 2002 apud
3265 1929 3426 1986 hunc
3452 1943 3594 1986 vero

1937 2019 2268 2076 tolerantia.

2008 2109 2104 2163 Est
2125 2112 2324 2164 autem
2355 2108 2747 2164 admiratione
2772 2109 3044 2179 dignum,
3093 2107 3402 2181 quomodo
3425 2121 3597 2164 evan-

1937 2196 2156 2266 gelistte
2193 2200 2480 2269 tanquam
2536 2199 2796 2254 veritatis
2835 2205 3154 2266 amatores,
3215 2213 3346 2270 quas
3413 2195 3592 2253 etiam

1938 2285 2199 2340 maxime
2246 2285 2535 2353 probrosa
2585 2286 2873 2352 videntur,
2933 2286 3213 2349 referunt,
3271 2290 3326 2341 et
3397 2298 3594 2356 neque

1935 2373 2151 2430 Iudam
2182 2379 2284 2430 aut
2311 2374 2550 2430 Iudaeos
2580 2381 2868 2446 tanquam
2897 2375 3170 2430 inimicos
3198 2373 3481 2430 conviciis
3510 2373 3596 2430 la-

1938 2468 2207 2518 cessunt:
2229 2479 2421 2535 neque
2444 2465 2805 2533 Magistrum,
2831 2469 3121 2536 tanquam
3140 2469 3595 2535 praeceptorem:

1939 2551 2257 2607 sublimem
2288 2552 2555 2617 efferunt,
2591 2553 2697 2608 sed
2735 2553 2910 2625 quasi
2961 2552 3123 2608 nullo
3176 2553 3322 2608 moti
3379 2552 3594 2608 affectu

304 2073 480 2137 Ἀξιον
529 2070 588 2128 δὲ
654 2076 922 2147 θαυμάσαι
976 2080 1066 2129 καὶ
1111 2079 1229 2137 τοὺς
1284 2075 1670 2148 εὐαγγελιστάκ,
1719 2083 1830 2137 πῶς

239 2168 326 2216 καὶ
377 2167 442 2216 τὰ
513 2161 768 2218 δοκοῦντα
841 2162 1177 2219 ἐπονείδιστα
1244 2166 1530 2238 φιλαληθῶς
1587 2165 1828 2238 ἐπαγγέλ-

235 2251 412 2319 λουσι,
463 2257 549 2305 καὶ
595 2256 708 2306 οὔτε
763 2257 850 2306 τόν
909 2251 1112 2308 Ἰούδαν
1169 2259 1198 2313 ἤ
1258 2259 1381 2317 τοὺς
1430 2251 1723 2316 Ἰουδαίους
1759 2258 1828 2317 ὡς

236 2339 466 2415 ἐχθροὺς
519 2338 879 2416 διασύρουσιν,
933 2347 1050 2396 οὔτε
1093 2347 1181 2396 τὸν
1212 2341 1536 2398 Διδάσκαλον
1575 2347 1643 2406 ὡς
1673 2340 1828 2396 διδοί-

239 2429 429 2481 σκαλον
479 2429 701 2500 ὑψοῦσιν
735 2447 748 2460 ·
801 2429 908 2483 ἀλλ’
966 2431 1176 2493 ἀπαθῶς
1238 2433 1444 2485 ἅπαντα
1494 2429 1824 2503 διηγοῦνται,

230 2523 321 2570 καὶ
366 2522 529 2590 μόνης
584 2527 679 2580 τῆς
722 2518 966 2583 ἀληθείας
1017 2522 1372 2594 φροντίζουσι,
1426 2527 1515 2574 καὶ
1553 2528 1830 2593 πανταχοῦ

228 2612 466 2679 γίνονταί
490 2615 587 2669 τῆς
615 2612 824 2683 χυμίαῄ
1939 2641 2144 2696 omnia
2181 2646 2446 2707 narrant,
2480 2657 2551 2697 ac
2597 2612 2779 2696 solius
2814 2657 3023 2696 curam
3053 2641 3277 2696 habent
3305 2641 3591 2706 veritatis,

1940 2734 1997 2785 et
2017 2729 2240 2802 ubique
2269 2729 2348 2786 ad
2367 2729 2430 2786 id
2454 2732 2612 2802 quod
2638 2745 2731 2786 res
2759 2729 3018 2801 postulat
3057 2745 3118 2785 se
3149 2728 3482 2785 conferunt.

414 2831 563 2880 ΚΕΦ,
596 2825 706 2890 Ξς·’.
745 2830 869 2900 Περὶ
898 2833 995 2887 τῆς
1028 2823 1282 2900 ἀρνήσεως
1310 2830 1400 2878 τοῦ
1434 2828 1650 2899 Πέτρου.

2295 2864 2452 2922 CAP.
2476 2863 2658 2919 LXVI.
2688 2864 2771 2920 De
2795 2864 3106 2935 negatione
3153 2863 3331 2920 Petri.

303 2937 345 2982 Ο
393 2927 452 2984 δε
500 2936 690 3006 Πέτρος
745 2964 812 2974 —-
867 2936 920 2984 τί
955 2931 1130 3002 λέγεις.
1191 2935 1393 2996 Σκόπει,
1451 2940 1557 2992 πῶς
1604 2935 1690 2984 τὸν
1728 2936 1826 3004 πρὸ

311 3039 345 3041 ,_
368 3040 374 3041 ,
398 3027 419 3037 η-
583 3020 602 3041 \
715 3028 735 3037 -
918 3040 926 3041 κ
1001 3020 1020 3041 \
1163 3026 1172 3037 ι
1203 3040 1212 3041 ,
1293 3040 1310 3041 κ
1439 3022 1486 3041 Λ.
1698 3017 1747 3041 o9
1783 3040 1788 3041 ,

2009 2975 2172 3029 Vers.
2203 2973 2292 3028 69.
2326 2973 2536 3027 Petrus
2563 2976 2760 3028 autem
2791 3001 2860 3011 —
2908 2973 3066 3026 Vers.
3100 2973 3194 3027 70.
3233 2969 3380 3041 quid
3404 2969 3587 3026 dicas.

226 3027 420 3092 μικροῦ
514 3020 804 3080 τηλικαῦτα
866 3020 1350 3093 μεγαλαυχήσαντα
1438 3017 1827 3094 θεραπαινίδιον

226 3106 438 3171 ἀσθενὲς
471 3109 743 3176 ἐπτόησεν,
789 3111 860 3172 ὡς
907 3111 1006 3162 ὑπὸ
1045 3118 1135 3170 τῆς
1177 3111 1311 3171 θείας
1341 3111 1560 3182 χάριτος
1612 3107 1826 3181 ἔγκατα-

226 3196 513 3269 λειφθέντα.

304 3286 599 3349 Ἐξελθὸντα
653 3284 712 3340 δε
783 3287 938 3340 αὐτὸν
1019 3319 1087 3327 -
1154 3290 1241 3340 τὸν
1328 3288 1616 3362 ἄνθρωπον.
1694 3287 1820 3340 ﬁt)!

229 3377 316 3426 οἱα
365 3371 604 3434 διέθηκεν
639 3376 793 3428 αὐτὸν
825 3377 850 3428 ὁ
881 3374 1055 3448 φόϐος.
1090 3374 1166 3428 Od
1214 3381 1365 3447 μόνον
1407 3377 1508 3450 ’γὰρ
1541 3377 1823 3450 ἠρνήσατο,

230 3461 360 3516 ἀλλά
403 3470 493 3517 καὶ
541 3465 652 3537 μεθ’
705 3467 879 3540 ὅρκου.
913 3463 1127 3527 Ἐξῆλθε
1176 3461 1254 3531 δὲ,
1283 3469 1377 3516 οὐκ
1405 3464 1501 3527 ἔξω
1531 3472 1620 3517 τοῦ
1663 3465 1826 3517 πυλῶ-

229 3573 331 3617 νος,
387 3551 498 3604 ἀλλ’
576 3553 646 3615 εἰς
707 3557 794 3605 τὸν
845 3553 1072 3621 πυλῶνα,
1129 3557 1416 3618 τουτέστιν,
1472 3557 1542 3616 είς
1597 3556 1653 3606 τὸ
1700 3574 1826 3627 προ-

231 3641 428 3711 αύλιον,
461 3643 530 3704 ὡς
562 3643 587 3694 ὁ
615 3644 828 3715 Μάρκος
855 3638 982 3696 εἶπε.

1937 3061 2082 3117 Vide
2106 3060 2414 3134 quomodo
2441 3075 2600 3125 eum,
2632 3060 2735 3132 qui
2761 3059 2939 3131 paulo
2972 3063 3108 3115 ante
3155 3059 3308 3114 adeo
3335 3073 3462 3114 sese
3492 3058 3591 3129 ja-

1857 3158 1896 3213 c
1937 3150 2157 3218 ctabat,
2183 3148 2420 3204 infirma
2440 3164 2519 3204 an
2530 3147 2724 3203 sillula
2743 3153 3163 3220 praeceptorem
3185 3162 3406 3219 negare
3431 3146 3590 3214 fecit,

1936 3243 2140 3310 utpote
2168 3236 2369 3292 divina
2399 3235 2748 3290 destitutum
2781 3234 2999 3304 gratia.

2007 3328 2168 3380 Vers.
2182 3326 2276 3382 71.
2299 3325 2448 3380 Cum
2465 3328 2662 3379 autem
2675 3323 2873 3379 exisset
2893 3354 2951 3364 —-
2965 3322 3126 3378 Vers.
3142 3325 3230 3376 72.
3252 3321 3580 3378 Hominem.

1936 3414 2055 3469 lleu
2081 3412 2329 3485 qualem
2357 3411 2614 3467 reddidit
2651 3411 2763 3482 (oo)
2793 3426 2930 3465 eum
2963 3411 3135 3466 timor
3176 3409 3188 3461 ι
3224 3412 3348 3466 Non
3396 3409 3592 3468 solum

1934 3502 2093 3560 enim
2125 3501 2382 3573 negavit,
2440 3501 2548 3557 sed
2575 3501 2753 3557 etiam
2803 3515 2941 3555 cum
2987 3500 3347 3570 juramento.
3404 3499 3594 3556 Exivit

1933 3598 2134 3649 autem
2163 3607 2285 3648 non
2310 3595 2474 3647 extra
2520 3588 2900 3655 vestibulum,
2953 3589 3053 3643 sed
3089 3588 3152 3644 in
3204 3586 3587 3652 vestibulum,

1931 3682 2046 3738 hoc
2076 3685 2182 3748 est,
2215 3680 2477 3752 priorem
2506 3679 2639 3736 atrii
2672 3684 2925 3752 partem.
2958 3680 3108 3734 Nam
3140 3680 3368 3735 Marcus
3395 3678 3589 3750 προαύ-

1932 3771 2040 3824 λιον
2074 3771 2248 3826 dixit.

303 3856 447 3906 Μετὰ
513 3857 698 3926 μικρὸν
763 3885 832 3894 -
888 3856 976 3906 τὸν
1035 3855 1322 3926 ἄνθρωπον.
1390 3853 1448 3906 Ὀ
1506 3849 1566 3906 δί
1617 3855 1824 3924 Μάρκος

374 3943 386 3958 Ι
505 3944 524 3958 ιν
626 3949 660 3958 —
708 3947 717 3958 ι
823 3946 834 3958 \
926 3949 960 3958 -ι
996 3942 1014 3958 λ
1048 3942 1066 3958 ἢ
1118 3949 1137 3958 u
1265 3939 1287 3956 ν
1417 3947 1427 3958 ο
1475 3945 1486 3958 η
1536 3942 1555 3958 \
1601 3943 1618 3958 κ
1675 3946 1686 3958 1

2005 3881 2164 3934 Vers.
2189 3881 2281 3934 '73.
2305 3877 2379 3932 Et
2405 3881 2532 3946 post
2555 3877 2838 3946 pusillum
2871 3905 2937 3915 —
2964 3877 3124 3930 Vers.
3156 3878 3248 3932 74.
3277 3873 3590 3931 Hominem

225 3943 451 4018 ἔγραψεν
497 3944 574 3995 ὃτι
626 3947 726 3996 Καὶ
775 3946 876 4016 ’γὰρ
922 3942 1186 4003 Γαλιλαῖος
1240 3942 1300 4008 εἰ,
1347 3947 1435 3994 καὶ
1466 3945 1494 4001 ἡ
1536 3942 1687 3994 λαλιά
1729 3961 1822 3995 σου

1935 3970 2159 4024 Marcus
2184 3970 2382 4022 autem
2405 3942 2592 4020 dixit:
2619 3965 2766 4020 Nam
2796 3971 2849 4020 et
2878 3963 3169 4020 Galilwus
3189 3971 3336 4027 es,et
3361 3963 3592 4035 loquela

223 4032 467 4104 ὁμοιάζει
495 4047 508 4060 ⁶
541 4031 686 4104 εἶχον
719 4034 820 4106 ’γάρ
870 4051 920 4083 τι
970 4034 1284 4106 παράσημον
1339 4031 1519 4092 στολῆς
1572 4034 1620 4084 οἱ
1670 4031 1824 4084 Γαλι-

1935 4062 2035 4111 tua
2075 4054 2346 4112 convenit
2376 4055 2446 4110 ’⁵.
2480 4053 2794 4109 Habebant
2823 4053 2982 4107 enim
3017 4052 3325 4124 quidpiam
3356 4031 3592 4121 insigne

219 4121 381 4188 λαίοι,
413 4125 497 4172 ναὶ
544 4125 648 4192 μὴν
695 4124 784 4172 καὶ
842 4116 1103 4191 ἰδιώματά
1152 4139 1270 4172 τινα
1314 4116 1610 4174 διαλέκτου.
1656 4127 1822 4172 Κατα-

1935 4144 2158 4199 Galiliei
2197 4143 2259 4197 in
2289 4147 2468 4210 veste,
2524 4146 2581 4195 et
2608 4141 2908 4211 quasdam
2951 4116 3237 4210 prasterea
3290 4116 3590 4194 idiomatis

222 4209 518 4282 θεματίζειν
567 4210 683 4278 (93)
732 4205 793 4260 δέ
838 4207 952 4260 ἐστι
994 4212 1051 4260 τὸ
1095 4207 1506 4280 ἀναθεματίζειν.
1540 4208 1690 4259 Οὕτω
1719 4211 1820 4280 γὰρ

1935 4231 2343 4304 proprietates.
2374 4227 2676 4283 Exsecrari
2705 4233 2902 4283 autem
2937 4230 3031 4280 est
3076 4227 3385 4282 devovere.
3419 4225 3585 4280 Unde

218 4301 244 4352 ὁ
284 4301 500 4372 Μᾶρκος
557 4296 683 4364 εἶπε,
739 4301 828 4349 καὶ
888 4299 1041 4370 ἄμφω
1092 4293 1150 4350 δὲ
1201 4301 1352 4349 ταυτὶ
1403 4300 1462 4348 τὸ
1494 4299 1822 4368 καταρᾶσθαι

1935 4293 2158 4377 idarcus
2211 4317 2449 4388 scripsit
2488 4315 2879 4387 ἀναθεματίζειν
2919 4316 2987 4368 9⁵.
3023 4313 3214 4369 Ambo
3251 4328 3390 4368 vero
3438 4313 3585 4382 hac,

222 4384 473 4445 δηλοῦσι.
1937 4384 2380 4464 maledictiones
2409 4403 2622 4459 inferre
2642 4384 2651 4387 ⁷
2673 4403 3032 4473 signiﬁcant.

297 4497 398 4546 Καὶ
461 4492 644 4553 εὐθέως
700 4522 768 4532 -
819 4511 900 4564 με.
969 4494 1183 4560 Μάρκος
1235 4488 1296 4544 δέ
1345 4511 1524 4564 φησιν,
1593 4493 1677 4544 ὅτε
1731 4495 1820 4563 μὲν

2001 4496 2168 4552 Vers.
2224 4494 2314 4550 74.
2341 4493 2670 4564 Statimque
2721 4521 2791 4533 —
2837 4491 3002 4546 Vers.
3061 4489 3154 4545 75.
3205 4504 3320 4547 me.
3359 4491 3592 4547 Marcus

219 4580 364 4643 ἅπαξ
409 4582 434 4633 6
482 4585 676 4655 Πέτρος
726 4581 1013 4654 ἠρνήσατο,
1057 4585 1170 4632 τότε
1221 4584 1307 4633 τὸν
1355 4581 1604 4656 ἀλέκτορα
1656 4589 1793 4653 φωνῆ

1935 4589 2132 4641 autem
2164 4583 2330 4650 dixit,
2357 4581 2521 4655 quod
2547 4597 2686 4637 cum
2712 4583 2911 4637 Petrus
2931 4578 3115 4635 semel
3140 4578 3400 4648 negavit,
3445 4581 3590 4633 tunc

221 4689 317 4722 σαι
341 4671 399 4721 τὸ
424 4677 626 4742 πρῶτον
660 4689 672 4701 ·
706 4670 789 4721 ὅτε
819 4665 879 4721 δὲ
906 4673 1099 4743 τρίτον,
1130 4673 1243 4721 τότε
1283 4673 1343 4721 τὸ
1376 4667 1632 4743 δεύτερον.
1669 4677 1816 4732 Ἐση-

1935 4676 2120 4746 gallus
2149 4673 2414 4746 primum
2445 4671 2655 4727 cecinit
2687 4687 2699 4726 :
2733 4669 2980 4742 quando
3017 4684 3160 4724 vero
3208 4668 3374 4724 tertio
3402 4681 3587 4737 nega-

217 4763 482 4831 μειώσατο
531 4753 591 4810 δι
634 4764 805 4822 τοῦτο,
848 4753 1018 4815 δηλῶν
1075 4759 1151 4808 ὅτι
1199 4761 1315 4810 οὔτε
1363 4761 1394 4817 ἡ
1450 4765 1626 4831 πρώτη
1677 4767 1816 4832 φωνὴ

1935 4766 2024 4830 vit,
2056 4770 2194 4818 tunc
2225 4761 2494 4818 secundo
2544 4759 2757 4815 cecinit
2781 4761 2849 4812 9'.
2907 4757 3140 4814 Notavit
3191 4762 3393 4813 autem
3443 4757 3582 4823 hoc,

215 4853 314 4900 τοῦ
366 4844 638 4918 ἀλέκτορος
689 4845 969 4917 ἀνέμνησεν
1024 4845 1198 4900 αὐτόν.
1255 4852 1356 4900 Καὶ
1414 4849 1439 4899 ὁ
1496 4855 1704 4914 Λουκᾶς
1759 4848 1817 4905 δὲ

1935 4851 2318 4908 manifestans
2343 4848 2506 4921 quod
2549 4849 2805 4919 primum
2833 4845 3200 4917 gallicinium
3234 4861 3355 4901 non
3383 4845 3583 4901 admo-

212 4935 354 5007 λέγει
431 4934 582 4987 πάλιν
656 4936 734 4986 ὃτι
814 4936 946 5005 μετὰ
1012 4937 1070 4985 τό
1129 4942 1365 5006 φωνῆσαι
1412 4939 1500 4988 τὸν
1546 4935 1812 5012 ἀλέκτορα,

1935 4942 2054 4998 nuit
2081 4956 2240 4996 eum.
2270 4941 2525 4994 Rursum
2547 4941 2737 4992 autem
2758 4935 2945 4991 Lucas
2975 4935 3195 5001 scribit,
3229 4934 3394 5008 quod
3422 4938 3580 5007 post-

289 5061 337 5096 "
369 5061 538 5118 Marc.
579 5074 700 5124 11v,
732 5057 846 5124 65;
889 5058 1026 5112 Luc.
1060 5073 1205 5128 χχιι,
1251 5058 1341 5112 64.
1422 5061 1469 5094 ⁸³
1519 5061 1694 5128 Marc.
1753 5081 1826 5120 xli

1935 5065 1998 5121 38.
2078 5067 2126 5101 9"
2174 5063 2317 5119 Ibid.
2375 5065 2469 5118 70.
2555 5063 2602 5097 9⁵
2661 5059 2815 5116 Ibid.
2872 5061 2963 5116 71.
3040 5061 3089 5096 ⁸⁵
3130 5057 3281 5129 ibid.
3337 5062 3423 5124 68,
3479 5063 3567 5115 72.

1422 5174 1645 5244 Variae
1683 5177 2011 5248 lectiones
2051 5189 2120 5247 et
2157 5187 2360 5245 notae.

282 5307 398 5379 (91)
436 5308 521 5364 lta
545 5306 846 5380 Chrysost.
875 5305 981 5363 sed
1002 5305 1075 5363 de
1097 5321 1159 5363 re
1185 5305 1322 5374 alia,
1343 5311 1488 5365 tom.
1519 5310 1639 5381 VII,
1669 5327 1806 5384 pag.
1987 5315 2099 5382 (93)
2129 5312 2215 5369 Ita
2244 5310 2422 5367 etiam
2449 5314 2700 5384 uterque
2730 5309 2807 5384 in
2845 5311 3118 5384 contextu
3146 5307 3426 5384 Mattheei.
3465 5309 3580 5384 lie:

205 5378 346 5455 421.
379 5450 389 5455 _
427 5449 439 5455 _
550 5449 562 5455 Δ
606 5445 626 5455 _
664 5378 726 5455 ξ,
833 5447 850 5455 -
972 5448 1008 5455 __
1626 5378 1633 5381 ⁷
1670 5378 1687 5383 “
1752 5378 1781 5384 ⁷
1914 5378 2023 5442 cte.
2053 5378 2336 5450 Alteram,
2361 5381 2528 5455 quod
2565 5378 2676 5437 nec
2715 5379 3150 5455 Complutensis
3181 5379 3358 5437 editio
3387 5378 3586 5436 habet

282 5450 400 5523 (92)
427 5449 510 5511 Ὡς
540 5449 566 5502 6
595 5445 938 5511 διδάσκαλος.
972 5448 1034 5503 Β.

1935 5473 1985 5512 ιι
2016 5473 2121 5512 suo
2146 5445 2354 5510 Lexico
2380 5445 2772 5525 'deprompsit
2815 5445 3120 5508 Erasmus.

280 5629 413 5701 (nn)
435 5629 668 5758 tVacua.
701 5630 827 5686 lmo
855 5641 1024 5686 cava.
1054 5627 1222 5684 Forte
1251 5645 1369 5700 κενῃ
1404 5644 1512 5700 pro
1543 5629 1687 5704 κοίλη
1716 5631 1804 5688 in-
1982 5634 2092 5706 (oo)
2124 5633 2369 5701 Qualem
2408 5630 2690 5690 reddidit.
2741 5627 3060 5697 Quomodo
3119 5629 3334 5687 affecit.

285 5716 432 5758 nera
461 5741 475 5756 .

203 5716 475 5768 venerat.
