4198 6440
622 371 729 427 703

1932 352 2284 416 EUTHYMII
2334 349 2657 407 ZIGABENI

3876 344 3987 405 704

624 512 807 569 quam
844 494 1033 567 gallus
1054 493 1279 560 cecinit,
1323 507 1645 550 conversus
1696 486 1981 545 Dominus
2014 479 2268 553 respexit

2389 480 2631 549 στραφεὶς
2709 474 2735 527 ό
2820 475 3029 548 Κύριος,
3076 470 3305 544 irim;
3349 477 3421 543 τῷ
3474 474 3673 546 Πέτρῳ,
3734 465 3829 523 διὰ
3889 476 3983 524 τοῦ

623 588 878 651 Petrum,
912 600 1017 656 per
1040 587 1341 655 aspectum
1374 582 1451 637 ad
1502 578 1855 635 memoriam
1904 590 2043 631 eum
2102 570 2274 627 redu-

624 690 766 731 cens
811 675 877 728 °".
929 672 1091 728 Adeo
1139 672 1300 728 enim
1376 671 1535 726 illum
1586 667 1885 724 devicerat
1959 663 2155 728 timor,
2214 663 2276 714 ut

621 761 1008 835 paulominus
1038 761 1208 817 fuerit
1236 764 1543 816 emortuus
1572 774 1586 812 :
1615 769 1873 827 cumque
1920 750 2115 822 gallus
2151 762 2272 803 non

624 850 808 908 semel
831 855 1081 917 tantum,
1109 850 1213 905 sed
1264 853 1320 905 et
1364 848 1457 904 bis
1482 846 1808 909 cecinisset,
1836 856 2029 912 neque
2076 840 2153 894 ita
2194 838 2272 893 ad

624 955 867 997 sensum
896 939 1164 1004 redierat,
1195 939 1295 993 sed
1320 953 1472 1009 opus
1502 935 1679 991 etiam
1716 933 1902 988 fuerat
1946 926 2271 984 Salvatoris

625 1033 886 1101 aspectu.
927 1027 1073 1083 Vide
1129 1042 1271 1097 ergo
1319 1026 1719 1081 inﬁrmitatem
1772 1022 1831 1076 in
1876 1034 2064 1091 quam
2106 1013 2269 1072 brevi

624 1121 893 1188 tempore
922 1116 1090 1172 tertio
1122 1116 1519 1185 negaverit,et
1550 1111 1880 1168 successive
1912 1113 2029 1164 tres
2059 1104 2273 1162 emise-

624 1205 699 1262 rit
731 1204 1229 1276 negationes,non
1258 1202 1690 1275 qumstionibus
1721 1197 2111 1262 examinatus,
2141 1194 2269 1250 sed-

625 1293 775 1351 Iorte
801 1294 1041 1350 fortuna
1066 1294 1127 1348 in
1174 1294 1429 1349 transitu
1472 1290 1809 1362 requisitus.

698 1384 857 1439 Vers.
889 1384 983 1439 75.
1053 1383 1129 1437 Et
1167 1397 1428 1451 egressus
1478 1412 1544 1421 —
1588 1393 1812 1435 amare.
1867 1379 2151 1445 Egressus
2181 1377 2269 1429 est

626 1471 803 1537 foras,
861 1487 937 1527 ne
986 1471 1134 1527 forte
1198 1470 1348 1526 ﬂens
1397 1476 1455 1525 et
1508 1468 1633 1540 ipse
1688 1464 2258 1538 apprehenderetur.

624 1560 811 1616 Flevit
838 1564 1061 1624 autem,
1093 1574 1214 1615 non
1257 1564 1577 1630 utcunque,
1628 1557 1732 1611 sed
1766 1554 1995 1610 acerbe.
2042 1555 2270 1608 Marcus

626 1655 826 1705 autem
848 1648 988 1703 dicit
1011 1649 1079 1712 ⁸⁸,
1109 1647 1274 1720 quod
1301 1647 1587 1717 adjiciens
1608 1645 1798 1709 ﬂevit;
1819 1642 2128 1713 adjiciens,
2156 1640 2270 1695 hoc

623 1740 714 1793 est
746 1736 1055 1809 incipiens.
1088 1736 1351 1792 Joannes
1380 1750 1518 1791 vero
1547 1734 1681 1801 hoc,
1714 1738 2004 1804 tanquam
2034 1730 2112 1787 ab
2140 1729 2268 1785 aliis

624 1825 850 1882 dictum
879 1824 1272 1897 praetermisit.

696 1914 899 1969 Vidisti
941 1916 1252 1985 peccatum
1272 1913 1301 1968 Ἰ
1330 1911 1460 1967 vide
1484 1916 1537 1967 et
1568 1910 1999 1984 paenitentiam.
2033 1908 2121 1964 0b
2154 1906 2268 1963 hoc

626 2002 786 2059 enim
832 2007 1077 2073 peccata
1125 2006 1181 2057 et
1230 2001 1586 2073 paenitentiae
1651 2004 1993 2055 sanctorum
2050 1999 2270 2068 scripta

627 2095 783 2146 sunt.
835 2090 1165 2146 Permissus
1217 2093 1305 2145 est
1348 2096 1547 2145 autem
1600 2088 1811 2145 cadere
1867 2090 2091 2151 Petrus,
2145 2100 2268 2141 non

624 2183 867 2252 propter
902 2179 1085 2234 dictas
1121 2182 1353 2234 tantum
1383 2193 1620 2243 causas,
1651 2178 1749 2231 sed
1789 2175 1968 2232 etiam
1998 2180 2062 2229 ut
2104 2174 2269 2247 igno-

624 2283 785 2323 scere
814 2267 1009 2323 discat
1045 2266 1139 2323 his
1168 2282 1407 2339 quoque
1438 2265 1543 2337 qui
1574 2265 1866 2328 labuntur,
1901 2264 2115 2320 borum
2158 2264 2265 2318 im-

621 2355 997 2413 becillitatem
1026 2370 1095 2410 ex
1129 2370 1243 2410 sua
1271 2370 1640 2424 cognoscens
1666 2370 1678 2408 :
1710 2370 1851 2410 nam
1889 2358 2089 2425 pastor
2125 2366 2265 2407 con-

622 2444 953 2500 stituendus
988 2448 1115 2500 erat
1148 2460 1159 2497 :
1195 2448 1251 2499 et
1282 2448 1342 2499 ut
1374 2458 1735 2512 magnorum
1775 2442 1966 2498 factus
1991 2445 2267 2513 operator

620 2532 1068 2598 miraculorum,
1112 2531 1421 2588 modestus
1447 2532 1538 2596 sit,
1571 2546 1641 2587 ac
1666 2533 1757 2586 sui
1789 2546 1965 2586 casus
1994 2529 2267 2585 recorda-

620 2625 736 2685 tus,
769 2624 882 2676 Deo
912 2635 1039 2676 rem
1064 2635 1306 2675 omnem
1338 2619 1613 2676 ascribat.
1649 2618 1953 2692 Siquidem
1974 2623 2032 2675 et
2050 2617 2265 2674 Paulus

621 2724 758 2765 cum
775 2708 1197 2765 teutationibus
1221 2709 1549 2780 permissus
1569 2713 1657 2764 est
1682 2723 1973 2779 pugnare,
1990 2722 2065 2763 ne
2086 2724 2151 2763 ex
2163 2706 2265 2763 tol-

619 2795 856 2865 leretur,
888 2801 953 2853 ut
979 2798 1106 2868 ipse
1144 2798 1226 2853 ait
1262 2800 1330 2852 θ’.
1373 2798 1751 2854 Potissimum
1781 2802 2003 2863 autem,
2036 2802 2097 2851 ut
2128 2810 2255 2867 pec-

619 2884 923 2942 catoribus
967 2884 1192 2941 clarum
1223 2891 1374 2942 esset
1401 2886 1762 2958 paanitentiaa
1794 2885 2153 2957 exemplum.
2204 2885 2264 2939 Si

618 2973 779 3030 enim
805 2977 1156 3030 caeterorum
1205 2975 1482 3047 princeps
1508 2974 1939 3046 apostolorum,
1990 2973 2090 3045 qui
2120 2972 2263 3028 tales

617 3062 860 3119 virtutes
885 3068 941 3119 et
977 3062 1206 3120 viderat
1252 3068 1308 3119 et
1331 3064 1567 3133 fecerat,
1605 3062 1849 3119 tandem
1895 3063 1953 3118 in
1998 3061 2261 3131 negatio-

618 3166 756 3207 nem
787 3151 993 3224 lapsus
1023 3157 1147 3209 est:
1176 3152 1391 3209 deinde
1414 3152 1616 3222 agnito
1646 3151 1853 3208 delicto
1883 3151 2049 3207 illum
2079 3150 2263 3223 paeni-
2297 3167 2336 3223 α

615 3240 743 3307 tuit,
760 3246 816 3298 et
840 3257 958 3298 non
992 3242 1188 3299 solum
1206 3242 1370 3298 brevi
1404 3246 1665 3313 tempore
1690 3240 1987 3297 maculam
2018 3255 2263 3296 omnem

616 3329 916 3396 abstersit,
948 3332 1051 3387 sed
1092 3336 1145 3388 et
1195 3338 1538 3388 casterorum
1579 3336 1782 3403 pastor
1832 3329 2262 3403 discipulorum

618 3426 854 3476 creatus
884 3425 991 3487 est,
1033 3425 1089 3477 et
1130 3421 1441 3477 multorum
1473 3436 1539 3476 ac
1592 3436 1950 3491 magnorum
1989 3423 2266 3491 operator

618 3508 1043 3565 miraculorum
1062 3509 1395 3580 appellatus
1421 3515 1505 3565 est
1540 3526 1554 3575 ;
1588 3509 1817 3564 nullum
1849 3508 1953 3580 qui
1985 3506 2266 3564 ceciderit

614 3596 937 3669 desperare
968 3598 1260 3661 convenit,
1294 3597 1401 3652 sed
1436 3597 1591 3652 illico
1622 3597 2032 3667 paenitentiam
2090 3611 2264 3664 agere

618 3699 757 3741 cum
815 3684 1048 3741 divitias
1116 3690 1435 3755 cognoscat
1475 3685 1951 3741 mansuetudinis
2012 3683 2261 3741 Domini.

691 3927 759 3984 Et
803 3928 895 3984 hic
950 3944 1192 4001 quoque
1243 3930 1712 3997 observandum,
1765 3930 1927 4002 quod
1956 3930 2267 3988 Matthmus

618 4016 866 4087 quidem
906 4019 924 4054 ¹
958 4022 1013 4074 et
1036 4019 1258 4074 Marcus
1287 4022 1309 4056 ²
1358 4021 1719 4092 scripserunt
1748 4020 2009 4091 primum
2046 4020 2267 4076 factam

618 4118 751 4160 esse
776 4121 807 4160 a
832 4105 1098 4177 principe
1125 4107 1503 4164 sacerdotum
1527 4109 2072 4178 interrogationem,
2102 4108 2265 4164 dein-

617 4194 693 4251 de
721 4195 1062 4251 Judaaorum
1092 4195 1362 4267 injurias,
1398 4202 1456 4253 et
1486 4198 1874 4270 postmodum
1906 4199 2051 4254 Petri
2090 4214 2269 4269 nega-

618 4282 828 4339 tiones.
858 4284 1049 4340 Lucas
1077 4300 1216 4341 vero
1242 4285 1507 4357 primum
1530 4287 1684 4343 Petri
1709 4287 2076 4356 negationes,
2105 4286 2267 4342 dein-

617 4370 687 4427 de
708 4372 980 4443 injurias,
996 4373 1383 4445 postmodum
1405 4374 1560 4431 facto
1577 4375 1707 4446 jam
1734 4376 1828 4431 die
1855 4376 2268 4446 interrogatio-

2384 565 2677 638 βλέμματος
2772 564 3182 635 ὑπομιμνήσκων
3267 561 3443 616 αὐτόν.
3526 567 3788 614 Τοσοῦτον
3881 562 3981 633 γὰρ

2382 654 2542 707 αὑτοῦ
2615 654 2997 727 κατεκράτησαν
3079 653 3104 704 ό
3190 650 3361 723 φόϐος,
3440 653 3509 711 ὡς
3579 648 3988 708 ἀποτεθνηκέναι

2380 751 2591 815 μικροῦ,
2647 748 2737 795 καὶ
2804 749 2894 794 τοῦ
2974 740 3245 814 ἀλέκτορος
3322 744 3651 811 φωνήσαντος
3712 739 3771 791 οὗ
3825 744 3980 811 μόνον

2380 832 2540 899 άπαξ,
2571 830 2697 883 ἀλλὰ
2739 836 2827 883 καὶ
2873 826 2977 895 δὶς,
3010 826 3141 902 μηδ’
3180 830 3342 890 οὕτως
3388 830 3460 889 εἰς
3508 829 3758 885 αἴσθησιν
3795 826 3977 891 ἐλθεῖν,

2381 919 2506 973 ἀλλά
2550 916 2801 978 δεηθῆναι
2849 924 2936 971 καὶ
2990 926 3081 970 τοῦ
3113 917 3407 991 βλέμματος
3452 924 3545 970 τοῦ
3581 924 3833 991 Σωτῆρος.
3867 913 3981 970 Ἴδε

2377 1018 2502 1081 γοῦν
2534 1008 2818 1074 ἀσθένειαν,
2871 1016 2976 1068 πῶς
3035 1012 3084 1060 έν
3140 1006 3336 1080 βραχεῖ
3387 1025 3552 1076 καιρῳ
3601 1010 3777 1077 τρίτον
3817 1006 3980 1080 ἠρνήο

2382 1119 2529 1165 σατο,
2562 1103 2651 1151 καὶ
2690 1097 2744 1149 ἐκ
2776 1094 3047 1169 διαδοχῆς
3096 1099 3190 1158 τὰς
3230 1104 3363 1170 τρεῖς
3389 1094 3628 1168 ἀρνήσεις
3668 1094 3976 1161 ἐποιήσατο,

2378 1191 2465 1239 καὶ
2512 1186 2605 1239 οὐκ
2657 1185 2977 1258 έταζόμενος,
3028 1183 3156 1249 ἀλλ’,
3211 1186 3282 1247 ὡς
3332 1186 3514 1255 ἔτυχε,
3560 1185 3699 1237 κατὰ
3743 1180 3979 1257 πάροδον

2379 1274 2430 1349 έρ
2437 1280 2696 1347 ωτὼμενος
2709 1315 2721 1327 .

2452 1368 2552 1417 Καὶ
2620 1362 2831 1425 έεελθὼν
2882 1392 2951 1402 -
3006 1369 3225 1436 πικρῶς.
3282 1360 3520 1423 Ἐξῆλθεν
3592 1360 3707 1428 ἔξω,
3794 1359 3981 1433 φοϐού-

2378 1471 2524 1525 μενος
2599 1455 2799 1523 μήποτε
2876 1449 3065 1502 κλαίων
3127 1451 3436 1521 κατασχιθῇ
3513 1453 3603 1501 καὶ
3664 1448 3841 1511 αὐτός.
3892 1449 3978 1504 Ἐ-

2378 1540 2571 1593 κλαυσε
2602 1537 2661 1592 δε
2690 1540 2796 1611 οὐχ
2826 1538 3016 1601 ἁπλῶς,
3054 1537 3179 1590 ἀλλὰ
3208 1546 3421 1610 πικρῶς.
3443 1537 3502 1590 Ὀ
3528 1534 3587 1591 δε
3611 1540 3825 1610 Μάρκος
3841 1535 3979 1591 εἶπεν

2378 1632 2457 1683 ὅτι
2531 1628 2781 1681 ἐπιϐαλὼν
2856 1627 3087 1680 ἔκλαιεν·
3122 1626 3395 1692 έπιϐαλων,
3461 1625 3574 1679 ἀντὶ
3637 1634 3748 1691 τοῦ,
3818 1626 3978 1699 ἀρξάο

2378 1737 2549 1790 μενος.
2598 1718 2839 1778 Ἰωάννης
2887 1714 2947 1769 δι
2998 1720 3087 1769 καὶ
3129 1723 3283 1769 τοῦτο
3340 1712 3686 1789 παρέδραμεν,
3737 1719 3808 1777 ὡς
3860 1723 3971 1776 τοῖς

2378 1807 2551 1868 ἄλλοις
2581 1806 2867 1879 εἰρημένον.

2449 1891 2594 1955 Εἶδες
2647 1899 2740 1951 τήν
2789 1892 3067 1967 ἁμαρτίαν,
3121 1888 3205 1944 ἴδε
3264 1896 3354 1944 καὶ
3406 1895 3493 1949 τήν
3535 1892 3821 1963 μετάνοιαν.
3862 1893 3959 1944 Διά

2376 1992 2527 2036 τοῦτο
2582 1987 2683 2055 γὰρ
2748 1986 2837 2034 καὶ
2902 1986 2956 2034 αἱ
3005 1981 3257 2053 ἁμαρτίαι
3302 1985 3386 2032 καὶ
3442 1982 3493 2032 αἱ
3542 1982 3798 2051 μετάνοιαι
3860 1990 3963 2032 τῶν

2377 2072 2537 2144 ἀγίων
2602 2070 2918 2145 έγράφησαν,
2974 2071 3075 2134 ἶνα,
3130 2071 3250 2121 ὅταν
3305 2068 3630 2141 ἀμάρτωμεν,
3688 2070 3974 2141 μιμώμεθα

2375 2166 2469 2219 τήν
2534 2164 2728 2213 τοὺτων
2799 2161 3093 2231 μετάνοιαν.
3147 2160 3511 2232 Παρεχωρήθη
3585 2154 3643 2209 δε
3697 2165 3876 2209 πεσεῖν
3946 2159 3973 2209 ό

2378 2254 2567 2321 Πέτρος
2606 2248 2665 2301 οὐ
2714 2252 2866 2319 μόνον
2919 2244 3013 2299 διὰ
3059 2248 3149 2306 τάς
3196 2245 3429 2318 ἀνωτέρω
3475 2247 3721 2320 ῥηθείσας
3778 2246 3971 2312 αἰτίας,

2374 2337 2502 2391 ἀλλά
2538 2342 2625 2389 καὶ
2678 2340 2759 2389 ἶνα
2800 2338 2939 2409 μάθη
2984 2342 3361 2407 συγγνωμονεὴ
3416 2342 3526 2397 τοῖς
3565 2334 3975 2401 ὀλισθαίνουσιν,

2375 2426 2429 2479 έκ
2484 2436 2581 2489 τῆς
2635 2427 2827 2487 οἰκείας
2871 2424 3136 2485 ἀσθενείας
3191 2428 3281 2476 καὶ
3336 2428 3431 2481 τὴν
3485 2426 3680 2476 τούτων
3737 2423 3981 2496 ἐπιγινώ-

2375 2535 2531 2568 σκων*
2587 2515 2754 2587 ἔμελλε
2808 2517 2909 2586 γὰρ
2967 2518 3159 2585 ποιμήν
3215 2520 3561 2570 καταστῆναιο
3618 2518 3707 2565 καὶ
3763 2515 3846 2565 ἶνα
3888 2533 3977 2567 τε-

2372 2604 2671 2679 λεσιουργὸς
2739 2602 2972 2675 μεγάλων
3054 2602 3329 2673 θαυμάτων
3410 2606 3694 2674 γενόμενος,
3766 2621 3979 2677 πετριο-

2374 2701 2553 2766 φρονῇ⁶
2606 2696 2695 2745 καὶ
2742 2699 2833 2743 τοῦ
2884 2696 3153 2762 πτώματος
3213 2692 3560 2761 μνημονεύων,
3619 2698 3691 2760 τῷ
3747 2698 3860 2761 Θεῷ
3914 2694 3977 2743 τὸ

2372 2788 2472 2835 πᾶν
2518 2780 2887 2853 ἐπιγράφηται.
2945 2783 3043 2832 Καὶ
3094 2777 3293 2838 Παῦλος
3339 2780 3440 2851 γάρ
3497 2787 3806 2851 πειρασμοῖς
3856 2780 3977 2851 (94)

2374 2869 2532 2942 ἀφέθη
2592 2868 2845 2934 παλαίειν,
2907 2869 2990 2919 ἶνα
3037 2872 3132 2939 μή,
3200 2870 3264 2927 ὡς
3322 2867 3478 2928 αὐτός
3534 2887 3714 2939 φησιν,
3764 2869 3980 2942 ὑπεραί-

2370 2978 2548 3034 ρηται.
2601 2962 2659 3010 τὸ
2710 2954 2768 3010 δε
2820 2957 3018 3029 μεῖζον,
3066 2958 3147 3007 ἶνα
3189 2963 3298 3017 τοῖς
3337 2955 3695 3029 ἁμαρτάνουσι
3734 2956 3975 3029 λαμπρὸν

2372 3051 2449 3106 εἴη
2494 3043 2832 3119 πάράδειγμα
2874 3049 3164 3118 μετανοίας.
3220 3044 3279 3096 Εἰ
3330 3044 3445 3114 (95)
3486 3048 3587 3118 γὰρ
3632 3046 3657 3097 ὁ
3690 3053 3974 3117 κορυφαῖος

2372 3145 2470 3189 τῶν
2518 3138 2782 3209 μαθητῶν,
2830 3135 2856 3186 ὁ
2904 3133 3219 3191 τηλικούτων
3264 3129 3531 3205 δυνάμεων
3561 3136 3649 3195 τὰς
3695 3136 3786 3206 μὶν
3820 3131 3971 3199 ἰδὼν,

2372 3229 2461 3287 τὰς
2510 3222 2569 3278 δε
2613 3224 2841 3288 τελέσας,
2873 3223 3088 3296 ὕστερον
3133 3222 3423 3279 ὠλίσθησεν
3462 3222 3534 3285 εἰς
3577 3224 3817 3295 ἄρνησιν,
3864 3219 3982 3276 εἶτα

2372 3319 2431 3367 τὸ
2492 3312 2983 3385 πεπλημμελημένον
3050 3310 3289 3381 έπιγνούς
3346 3315 3436 3362 καὶ
3508 3318 3857 3383 μετανοήσας,
3914 3311 3981 3364 οὐ

2372 3408 2525 3476 μόνον
2576 3401 2624 3454 έν
2681 3401 2838 3472 ὀλίγῳ
2889 3407 3053 3472 καιρῷ
3104 3398 3268 3451 τέλεον
3312 3399 3448 3451 ἅπαν
3506 3399 3784 3470 ἐπήλειψεν
3830 3401 3982 3472 (96),

2373 3491 2500 3544 ἀλλά
2528 3496 2617 3543 καὶ
2651 3494 2844 3562 ποιμήν
2898 3498 2995 3541 τῶν
3043 3486 3206 3539 ἄλλων
3236 3489 3483 3559 μαθητῶν
3528 3488 3840 3562 προεϐλήθη,
3886 3495 3987 3542 καὶ

2372 3581 2567 3634 πολλῶν
2624 3585 2713 3631 καὶ
2775 3576 3006 3650 μεγάλων
3066 3578 3341 3647 θαυμάτων
3390 3576 3677 3648 αὐτουργὸς
3732 3576 3986 3651 έχρημά-

2373 3688 2513 3721 τισεν
2543 3687 2554 3699 ⁸
2588 3664 2775 3721 οὐδένα
2805 3671 3030 3718 πεσόντα
3075 3669 3185 3738 χρὴ
3242 3671 3561 3729 καταπεσεῖν,
3612 3663 3721 3714 ἀλλ’
3778 3665 3990 3719 αὐτίκα

2374 3765 2652 3827 μετανοεῖν,
2706 3756 2971 3807 ἐννοοῦντα
3030 3756 3117 3806 τὸν
3172 3751 3385 3805 πλοῦτον
3434 3757 3529 3811 τῆς
3570 3756 3661 3802 τοῦ
3695 3755 3979 3804 Δεσπότου

2374 3850 2765 3920 χρηστότητος.

2448 3935 2726 3988 Κάνταῦθα
2798 3928 2858 3984 δι
2932 3933 3327 4002 παρατηρητέον
3407 3930 3487 3981 ὃτι
3554 3928 3817 3988 Ματθαῖος

2375 4028 2463 4076 καὶ
2507 4025 2715 4095 Μάρκος
2765 4018 2997 4093 ἔγραψαν
3053 4027 3253 4092 πρῶτον
3288 4018 3528 4089 γενέσθαι
3570 4020 3662 4073 τήν
3692 4018 3833 4089 παρὰ
3878 4023 3994 4068 τοῦ

2375 4110 2661 4185 ἀρχιερέως
2717 4108 2989 4181 έρώτησιν,
3042 4104 3153 4160 εἶτα
3203 4109 3294 4167 τὰς
3346 4104 3449 4158 ἀπό
3529 4114 3630 4157 τῶν
3700 4100 3995 4158 Ἰουδαίων

2375 4199 2604 4272 ἀτιμίας,
2660 4201 2837 4250 ἔπειτα
2884 4200 2978 4257 τὰς
3034 4194 3275 4268 ἀρνήσεις
3320 4202 3411 4246 τοῦ
3473 4198 3668 4266 Πέτρου
3701 4214 3713 4226 ·
3767 4199 4000 4257 Λουκᾶς

2376 4284 2434 4340 δι
2475 4296 2677 4361 πρῶτον
2720 4289 2813 4346 τάς
2862 4284 3102 4359 ἀρνήσεις
3132 4300 3144 4313 ·
3199 4280 3308 4335 εἶτα
3356 4284 3451 4341 τάς
3502 4279 3735 4352 ἀτιμίας,
3775 4283 3999 4350 ἔπειτα,

2372 4381 2639 4448 γενομένης
2687 4378 2886 4446 ἡμέρας
2943 4372 3141 4437 λοιπόν,
3173 4376 3267 4429 τὴν
3317 4369 3590 4444 έρώτησιν.
3633 4372 3699 4421 Οἱ
3736 4372 3827 4441 μεν
3876 4374 4004 4445 γὰρ

614 4475 722 4516 nes
756 4465 798 4515 ³.
840 4460 924 4517 Illi
964 4462 1262 4534 siquidem
1293 4479 1413 4519 non
1447 4462 1642 4520 solum
1672 4480 1743 4520 ea
1775 4481 1910 4537 qua:
1949 4464 2099 4519 facta
2130 4470 2265 4520 sunt

2375 4466 2432 4519 οῦ
2472 4470 2623 4537 μόνον
2682 4462 3001 4533 ἀπήγγειλαν
3054 4464 3119 4512 τά
3166 4459 3525 4532 πεπραγμένα,
3562 4457 3688 4509 ἀλλά
3737 4462 3829 4510 καὶ
3894 4470 4011 4523 τῆς

614 4548 957 4620 retulerunt,
991 4551 1098 4606 sed
1127 4557 1183 4606 et
1208 4551 1437 4608 ordinis
1466 4568 1667 4607 rerum
1718 4559 2024 4622 gestarum
2058 4569 2265 4609 curam

613 4633 955 4693 habuerunt
986 4655 1000 4694 :
1028 4638 1123 4695 hic
1163 4646 1364 4696 autem
1396 4639 1554 4697 facta
1605 4645 1835 4697 tantum
1866 4641 2152 4697 relatione
2181 4658 2267 4698 re-

615 4738 750 4778 rum
780 4730 1274 4795 perpetratarum,
1306 4728 1532 4784 ordinis
1557 4744 1762 4784 curam
1784 4744 1905 4785 non
1931 4730 2160 4787 habuit.

692 4814 833 4887 Cap.
864 4815 1060 4870 XXVII.
1092 4815 1260 4873 Vers.
1304 4818 1351 4871 l.
1392 4818 1568 4875 Mane
1597 4847 1663 4858 —
1694 4818 1854 4874 Vers.
1890 4822 1948 4873 2.
1986 4819 2265 4877 Prass’di.

615 4901 892 4959 Similiter
913 4906 971 4960 et
998 4906 1227 4961 Marcus
1258 4907 1315 4962 et
1359 4905 1550 4964 Lucas
1595 4904 1922 4964 dixerunt‘
1965 4910 2268 4975 ;Joannes

2375 4554 2565 4616 τάξεως
2612 4552 2781 4604 αὐτῶν
2841 4550 3181 4625 ἐφρόντισαν·
3218 4548 3243 4598 ὀ
3277 4543 3357 4614 δε,
3386 4551 3550 4618 μόνης
3598 4553 3689 4606 τῆς
3745 4544 4012 4620 ἀπαγγε-

2373 4643 2486 4703 λίας
2537 4649 2636 4693 τῶν
2686 4644 3055 4711 πεπραγμένων
3102 4640 3389 4708 γενόμενος,
3420 4643 3516 4697 τῆς
3571 4635 3761 4698 τάξεως
3810 4636 4008 4690 αὐτῶν

2377 4731 2470 4785 οῦκ
2501 4731 2812 4803 ἐφρόντισεν.

2451 4820 2659 4891 Πρωῖας
2731 4846 2796 4856 -
2878 4816 3113 4886 ἡγεμόνι.
3159 4812 3383 4885 Ὁμοίως
3467 4815 3558 4863 καὶ
3624 4813 3842 4885 Μάρκος
3910 4821 4015 4868 καὶ

2382 4913 2591 4969 Λουκᾶς
2638 4902 2795 4959 εἶπον.
2857 4904 3092 4964 Ἰωάννης
3162 4897 3221 4955 δι
3274 4919 3431 4973 φησιν
3480 4901 3557 4953 ὅτι
3609 4898 3844 4972 ¹Δγουσι
3914 4908 4014 4957 τὸν

686 5099 730 5134 ⁸⁷
764 5099 897 5155 Luc.
938 5115 1072 5168 χιιι,
1102 5102 1188 5156 61.
1266 5101 1314 5136 ⁸⁸
1344 5102 1512 5157 Marc.
1544 5117 1661 5157 XIV.
1687 5104 1801 5157 72..
1879 5104 1926 5138 ὀ
1949 5103 1996 5159 lI
2021 5105 2153 5160 Cor.
2186 5121 2267 5161 xu

2375 5149 2377 5157 .
2451 5105 2469 5140 ί
2514 5100 2717 5159 Matth.
2746 5115 2906 5163 xxvi,
2940 5101 3026 5167 59,
3058 5098 3151 5168 67,
3178 5097 3265 5153 69.
3344 5098 3366 5132 ⁸
3399 5094 3725 5161 Marc.x1v,
3763 5096 3871 5164 55,
3913 5103 4015 5168 65,

618 5188 707 5243 66.
786 5191 805 5223 ³
838 5186 977 5244 Luc.
1018 5203 1160 5254 xxii,
1204 5191 1288 5254 56,
1315 5188 1402 5256 63,
1444 5188 1533 5245 66.
1611 5191 1632 5225 ⁴
1671 5192 1845 5247 Marc.
1881 5193 2035 5258 xv,l
2084 5210 2098 5259 ;
2143 5195 2275 5250 Luc.
2308 5209 2429 5260 xm,
2466 5193 2517 5247 1.
3552 5192 3557 5197 ’

1828 5366 2049 5436 Variae
2087 5368 2416 5437 lectiones
2455 5376 2521 5436 et
2559 5376 2762 5434 notae.

687 5559 800 5634 (94)
827 5558 1061 5634 ’Λ-φείθη,
1091 5558 1238 5616 Cod.
1288 5554 1453 5634 A._In
1482 5556 1599 5634 hoc
1643 5558 1985 5634 plerumque
2014 5562 2265 5619 variant.

688 5628 807 5702 (95)
837 5628 1010 5702 Εἰκὸς,
1042 5646 1152 5702 pro
1184 5636 1243 5694 εὶ,
1274 5629 1378 5702 dat
1407 5628 1544 5702 _co_d.
1572 5628 1841 5688 A.'Male.

689 5698 807 5773 (96)
837 5698 1152 5773 Λπήλειψεν,
1184 5704 1246 5770 Β,
1281 5698 1581 5773 ἀπείληφεν,
1636 5704 1706 5757 Α.
1760 5702 1910 5760 Illud
1960 5703 2137 5762 etiam
2189 5704 2273 5761 in-

2378 5560 2536 5617 venit
2561 5558 2894 5617 Hentenius.
2931 5559 3081 5629 Ergo
3121 5555 3315 5612 scriba
3352 5552 3487 5608 cod.
3513 5551 3557 5629 Α
3589 5549 3885 5612 confudit
3918 5574 4020 5614 vo-

2382 5633 2561 5699 cales,
2597 5636 2659 5687 ut
2693 5630 2857 5686 alibi.
2896 5623 3055 5685 Alias
3088 5628 3148 5684 in
3181 5629 3440 5682 mentem
3467 5623 3751 5696 cuiquam
3790 5630 4017 5688 venire

2384 5704 2570 5777 possit
2602 5701 2897 5774 ἀπείληφεν.
