4198 6440
224 397 345 455 705

1091 375 1457 442 COMMENT.
1502 384 1569 440 IN
1608 363 2055 439 MATTHAEUM.
2093 407 2162 417 —
2200 361 2359 431 CAP.
2398 360 2627 430 XXVII.

3482 364 3589 421 706

218 521 436 581 Ἰησοῦν
489 515 591 569 ἀπὸ
647 520 740 568 τοῦ
805 512 1016 585 Καὶάφα
1077 510 1149 573 εἰς
1219 513 1276 562 τὸ
1332 514 1668 584 πραιτώριον.
1728 506 1825 558 Ἦν

1965 517 2070 556 ’ΘΓΟ
2100 499 2214 556 ait:
2250 501 2483 555 Ducunt
2511 497 2703 554 Jesum
2733 510 2771 552 a
2801 492 3069 562 Caiapha
3107 489 3186 547 ad
3215 487 3586 560 praetorium.

226 608 296 665 δὲ
366 608 566 680 πρωῖα,
636 607 735 657 Καὶ
807 602 952 654 αὐτοὶ
1006 600 1101 653 οὐκ
1152 599 1387 658 εἰσῆλθον
1441 599 1512 660 εἰς
1562 601 1619 649 τὸ
1675 613 1829 667 πραι-

223 704 441 772 τώριον,
517 696 601 747 ἶνα
665 696 737 765 μή
808 691 1117 764 μιανθῶσιν,
1193 687 1296 740 ἀλλ’
1372 688 1454 739 ἵνα
1508 688 1713 759 φάγωσι
1771 685 1830 734 τὸ

225 790 450 859 πάσχα.
505 788 563 836 Δι
601 782 718 841 ὅλης
763 782 865 854 γὰρ
913 787 1004 839 τῆς
1055 781 1232 838 νυκτὸς
1288 776 1479 837 ἤταζον
1524 778 1696 845 αὐτὸν,
1742 776 1832 825 καὶ

225 879 526 952 μετέφερον.
576 871 707 925 Ἀλλ’
756 874 797 920 ὦ
847 877 943 929 τῆς
992 866 1167 927 ἀνοίας
1214 867 1226 922 ι
1285 874 1525 938 φονῶντες
1581 866 1692 936 μὲν,
1744 866 1833 913 καὶ

232 966 307 1028 εἰς
358 966 575 1017 θάνατον
625 953 1024 1033 παραδιδόντες,
1080 956 1175 1008 ούκ
1229 951 1443 1008 εδὸκουν
1510 954 1829 1026 μιαίνεσθαι·

237 1060 302 1108 1'6
350 1050 401 1107 δ’
449 1049 689 1108 ἐπιϐῆναι
738 1054 829 1100 τοῦ
874 1042 1220 1121 δικαστηρίου
1251 1046 1482 1115 μιασμόν
1526 1041 1760 1113 ἐνόμιζον
1786 1040 1835 1091 οἱ

243 1145 335 1195 τὸν
385 1145 604 1192 κώνωπα
658 1132 975 1197 διυλίζοντες
1030 1137 1121 1186 καὶ
1178 1136 1273 1191 τήν
1326 1130 1559 1204 κάμηλον
1610 1135 1835 1181 καταπί-

245 1249 440 1292 νοντες.

451 1372 602 1424 ΚΕΦ.
628 1363 749 1422 ΞΖ’.
789 1366 915 1438 Περὶ
944 1369 1040 1423 τῆς
1072 1357 1247 1415 Ἰούδα
1276 1359 1630 1434 μεταμελείας.

310 1478 439 1528 Τότε
494 1503 566 1516 -
609 1470 794 1525 ἀθῶον.
844 1466 990 1522 Ἰδὼν
1029 1470 1110 1521 ὃτι
1142 1469 1421 1543 κατεκρίθη
1470 1468 1669 1538 θανάτῳ
1698 1468 1840 1536 παρὰ

240 1572 339 1618 τῶν
377 1557 649 1617 Ἰουδαίων
693 1560 719 1612 ὁ
763 1561 1014 1633 Χριστός.
1070 1553 1218 1610 Ἔδει
1263 1553 1322 1608 δε
1368 1558 1468 1629 πρὸ
1512 1564 1609 1617 τῆς
1644 1552 1840 1627 προδο-

242 1657 359 1713 σίας
408 1647 847 1723 μεταμεληθῆναι.
904 1644 1059 1699 Ἀλλὰ
1095 1652 1324 1705 τοιοῦτος
1375 1645 1400 1696 ὁ
1441 1640 1698 1704 διάϐολος
1740 1646 1840 1717 πρὸ

243 1742 333 1812 μὶν
375 1746 472 1800 τῆς
523 1737 785 1812 ἁμαρτίας
836 1734 929 1787 οὐκ
972 1733 1187 1805 ἀφίησιν
1235 1730 1364 1785 ἰδεῖν
1408 1736 1465 1784 τὸ
1522 1737 1702 1801 κακὸν,
1762 1734 1844 1784 ἱνα

244 1832 313 1901 μή
351 1831 570 1899 γίνηται
611 1827 875 1897 μετάνοια·
936 1825 1066 1895 μετά
1111 1820 1169 1874 6's
1207 1826 1265 1873 1'6
1312 1819 1702 1893 ἀπαρτισθῆναι
1748 1826 1842 1879 τήν

246 1916 526 1989 ἁμαρτίαν,
579 1917 795 1986 ἀφίησιν
851 1909 1001 1977 ἰδεῖν,
1059 1911 1141 1963 ἵνα
1196 1910 1406 1983 λυπήσῃ
1461 1915 1551 1962 καὶ
1609 1910 1679 1971 εἰς
1718 1910 1842 1963 ἀπὸ·

248 2024 437 2077 γνωσιν
487 2002 769 2074 συνελάσῃ.
826 2000 1113 2074 Ἥμαρτον,
1167 2004 1318 2071 φησὶ,
1376 1995 1648 2072 παραδούς
1713 2000 1845 2072 αἷμα

257 2092 441 2163 ἀθῶον,
481 2091 549 2155 εἰς
578 2093 636 2143 τὸ
664 2091 920 2163 χυθῆναι.

334 2338 402 2390 Οἱ
440 2332 499 2389 δὲ
534 2366 599 2377 --
632 2335 767 2408 ὄψει.
819 2341 920 2389 Καὶ
963 2336 988 2388 ὁ
1011 2331 1217 2397 Ἰούδας
1254 2334 1408 2388 εἰπὼν
1437 2336 1514 2388 ὅτι
1557 2335 1842 2410 Ἥμαρτον,

258 2422 529 2500 παραδούς
590 2425 721 2497 αἷμα
782 2423 968 2495 ἀθῶον,
1038 2421 1235 2485 ἀδίκως
1293 2424 1448 2477 αὐτὸν
1504 2424 1846 2484 ἀποθνήσκειν

254 2514 603 2589 ἐμαρτύρησε·
668 2518 758 2566 καὶ
826 2515 874 2566 οἱ
933 2509 1201 2581 Ἰουδαῖοι,
1267 2520 1537 2586 φήσαντες,
1591 2519 1653 2567 Τί
1718 2519 1849 2589 πρὸς

248 2605 429 2676 ἠμᾶς;
486 2606 552 2655 σὺ
610 2601 745 2673 ὄψει,
794 2609 857 2674 τῇ
917 2607 1179 2675 μαρτυρίᾳ
1224 2606 1406 2655 τούτου
1457 2606 1847 2675 συγκατίθεντο·

247 2696 341 2744 καὶ
394 2693 425 2749 ἡ
489 2690 705 2747 ἀλήθεια
750 2692 894 2764 παρὰ
943 2696 1041 2742 τὼν
1095 2690 1297 2766 ἐχθρῶν
1364 2691 1696 2764 ὡμολογήθη.
1746 2699 1849 2745 Τοῦ

254 2783 426 2853 θυμοῦ
486 2776 546 2832 δε
598 2780 866 2850 θήγοντος,
918 2778 1053 2831 ἅπαν
1102 2783 1160 2831 τὸ
1214 2779 1449 2852 ἔγκλημα
1486 2780 1852 2853 προσαψαντες

249 2877 327 2941 τῷ
357 2865 557 2940 Ἰούδᾳ,
600 2866 777 2920 λοιπὸν
823 2867 995 2937 αὐτοὶ,
1036 2875 1107 2920 τῶ
1137 2870 1289 2921 πάθει
1326 2871 1616 2942 μεθύοντες,
1651 2869 1732 2922 ἐπὶ
1766 2874 1850 2923 τὸν

252 2962 406 3031 φόνον
432 2957 704 3029 ἀπείγοντο
741 2956 875 3028 (97).

330 3086 429 3136 Καὶ
485 3112 556 3122 -
606 3080 896 3153 ἀπήγξατο.
943 3082 1013 3134 Τὸ
1064 3083 1154 3153 μεν
1212 3080 1699 3154 ἐξομολογήσασθαι
1758 3087 1853 3142 τήν

1935 591 2087 646 Erat
2126 594 2314 645 autem
2348 601 2535 655 mane,
2566 592 2618 641 et
2648 584 2769 654 ipsi
2795 598 2915 639 non
2947 579 3305 637 introierunt
3333 576 3396 632 in
3432 590 3586 645 prat-

1940 678 2178 743 tom‘um,
2229 683 2300 732 ut
2340 692 2451 732 non
2498 675 3072 735 contaminarentur,
3111 668 3205 723 sed
3247 670 3313 723 ut
3359 665 3588 721 ederent

1936 766 2161 837 pascha
2194 766 2235 817 ⁸.
2270 765 2378 821 Per
2409 769 2591 820 totam
2625 762 2785 817 enim
2815 766 3052 815 noctem
3092 755 3589 813 examinaverant

1940 872 2099 921 eum,
2133 859 2189 911 et
2214 869 2373 909 nunc
2401 853 2520 924 (pp)
2546 849 3000 907 transferebant.
3026 845 3159 915 Sed,
3194 861 3226 899 ο
3248 840 3584 899 insaniam!

1942 944 2167 1000 caedem
2194 945 2597 1014 perpetrantes
2628 942 2685 995 et
2718 937 2796 993 ad
2828 941 3083 992 mortem
3111 933 3433 998 tradentes,
3464 945 3589 985 non

1944 1031 2236 1104 putabant
2276 1045 2338 1085 se
2384 1026 2723 1099 inquinari:
2768 1023 2999 1094 ingredi
3045 1026 3247 1078 autem
3289 1019 3367 1075 ad
3408 1017 3590 1074 tribu-

1944 1121 2058 1185 nal,
2092 1118 2665 1176 contaminationem
2677 1113 2998 1176 ducebant,
3014 1107 3587 1181 culicemliquantes,

1945 1214 2001 1266 et
2026 1206 2324 1265 camelum
2360 1204 2694 1275 glutientes.

2222 1330 2371 1387 CAP.
2399 1328 2609 1385 LXVII.
2640 1326 2716 1383 De
2742 1325 2916 1383 Judz
2949 1320 3307 1394 paenitentia.

2018 1441 2180 1496 Vers.
2212 1438 2267 1493 3.
2320 1439 2479 1493 Tunc
2508 1470 2579 1482 -
2620 1431 2783 1491 Vers.
2833 1435 2886 1487 4.
2943 1432 3324 1486 innocentem.
3371 1424 3593 1501 Videns

1946 1528 2112 1599 quod
2158 1529 2237 1583 ad
2284 1534 2536 1584 mortem
2577 1525 3016 1585 condemnatus
3061 1522 3215 1575 esset
3272 1532 3309 1573 a
3371 1515 3593 1571 Iudaeis

1949 1618 2228 1673 Christus.
2276 1615 2598 1689 Oportebat
2626 1619 2825 1673 autem
2868 1615 3005 1667 ante
3051 1606 3442 1681 proditionem
3472 1618 3592 1676 poe-

1950 1708 2195 1762 nitentia
2232 1706 2389 1762 duci.
2431 1707 2545 1762 Sed
2582 1706 2718 1762 talis
2761 1706 2848 1758 est
2869 1699 3143 1756 diabolus
3178 1702 3351 1752 :ante
3390 1707 3595 1765 pecca-

1950 1803 2077 1851 tum
2104 1811 2224 1852 nou
2254 1796 2535 1867 permittit
2558 1794 2754 1851 videre
2793 1789 3043 1851 malum,
3088 1801 3161 1841 ne
3193 1789 3477 1857 sequatur
3505 1796 3593 1836 re-

1951 1887 2326 1958 sipiscentia:
2364 1892 2683 1958 postquam
2723 1885 2925 1938 autem
2956 1882 3270 1951 peccatum
3310 1871 3596 1930 omnibus

1949 1975 2214 2031 numeris
2258 1980 2348 2030 est
2393 1974 2716 2046 expletum,
2767 1969 2961 2025 videre
3000 1964 3304 2038 permittit,
3339 1967 3402 2018 ut
3443 1976 3595 2016 ma:-

1948 2079 2081 2120 rore
2120 2064 2351 2128 atticiat,
2395 2068 2450 2118 et
2480 2064 2538 2116 in
2577 2059 3054 2132 desperationem
3084 2051 3424 2125 praecipitet.
3455 2049 3596 2105 Pec-

1950 2154 2097 2217 cavi,
2154 2153 2365 2224 inquit,
2425 2150 2655 2206 tradens
2703 2148 3047 2220 sanguinem
3098 2143 3483 2206 innocentem,
3535 2138 3600 2193 ut

1952 2241 2376 2297 ettunderetur.

2024 2347 2186 2403 Vers.
2229 2348 2280 2402 4.
2310 2349 2392 2402 At
2431 2346 2526 2401 illi
2556 2376 2621 2387 —
2659 2341 2895 2401 videris.
2936 2339 3125 2396 Etiam
3161 2336 3189 2392 ,Ι
3199 2336 3343 2393 udas
3373 2335 3597 2399 dicens,

1956 2437 2213 2502 Peccavi,
2263 2435 2506 2492 tradens
2551 2432 2900 2504 sanguinem
2951 2430 3331 2491 innocentem,
3383 2423 3601 2494 injuste

1955 2540 2093 2581 eum
2127 2523 2275 2581 mori
2308 2529 2552 2580 testatus
2585 2527 2688 2578 est.
2733 2519 2917 2576 Judaei
2947 2532 3191 2591 quoque
3234 2511 3601 2585 responden-

1959 2621 2065 2679 tes,
2109 2614 2266 2677 Quid
2303 2614 2383 2669 ad
2410 2627 2509 2668 nos
2541 2613 2569 2667 Υ
2607 2618 2670 2666 tu
2701 2608 2921 2666 videris
2948 2628 2959 2673 ς
2994 2604 3335 2662 testimonio
3365 2600 3491 2673 ejus
3516 2614 3606 2654 as-

1958 2708 2287 2769 senserunt,
2347 2706 2402 2758 et
2462 2700 2789 2763 veritatem,
2846 2696 2981 2751 licet
3048 2692 3297 2757 inimici,
3347 2684 3606 2745 confessi

1962 2797 2142 2846 sunt:
2184 2791 2500 2862 instigante
2532 2793 2733 2845 autem
2782 2784 3000 2849 furore,
3042 2797 3219 2837 omne
3273 2778 3501 2834 crimen
3543 2774 3607 2830 in

1959 2882 2173 2938 ludam
2204 2879 2593 2943 declinantes,
2625 2875 2738 2948 ipsi
2781 2872 3092 2931 atfectione
3131 2871 3260 2942 jam
3306 2866 3475 2934 ebrii,
3528 2865 3608 2922 ad

1961 2972 2183 3028 caedem
2222 2968 2439 3025 Christi
2479 2965 2888 3039 impelluntur.

2031 3082 2194 3137 Vers.
2236 3083 2286 3134 5.
2335 3078 2409 3133 Et
2439 3106 2508 3115 —
2546 3089 2606 3131 se
2648 3071 2972 3142 suspendit.
3014 3069 3327 3123 Peccatum
3366 3063 3610 3136 quidem

254 3169 519 3243 ἁμαρτίαν
563 3167 770 3222 ἐνώπιον
811 3170 1033 3236 πάντων,
1084 3173 1173 3221 καὶ
1221 3172 1277 3221 τὸ
1314 3170 1469 3244 ῥίψαι
1512 3173 1578 3223 τά
1608 3170 1852 3245 ἀργύρια,

1965 3185 2165 3226 coram
2194 3166 2478 3223 omnibus
2508 3161 2795 3224 conﬁteri,
2829 3175 2900 3215 ac
2943 3157 3231 3230 projicere
3278 3158 3606 3225 argenteos,

252 3258 593 3333 μεταμελείας
663 3257 787 3310 εἰσί·
841 3260 900 3309 τὸ
965 3254 1024 3309 δὲ
1090 3256 1429 3329 ἀπάγξασθαι
1496 3258 1851 3332 ἀπογνώσεως.

252 3347 486 3419 Ἐπέγνω
558 3349 649 3419 μεν
710 3348 812 3420 γὰρ
876 3349 935 3397 τὸ
988 3348 1168 3412 κακὸν,
1227 3350 1316 3399 καὶ
1366 3348 1706 3420 μετεμελήθη,
1766 3354 1857 3403 καὶ

258 3434 718 3508 ἐξωμολογήσατο’
791 3433 885 3487 ούκ
949 3433 1175 3495 ἕζήτησε
1239 3432 1298 3487 δὲ
1358 3441 1671 3510 συγγνώμην
1718 3441 1863 3513 παρὰ

256 3531 356 3577 τοῦ
405 3519 692 3595 δυναμένου
742 3519 925 3575 δοῦναι
961 3525 1181 3581 ταύτην.
1230 3523 1305 3576 Ού
1339 3527 1440 3598 γὰρ
1482 3523 1673 3598 ἀφῆκεν
1709 3526 1862 3579 αὐτὸν

259 3614 291 3665 ὁ
342 3609 588 3673 διάϐολος
624 3619 944 3683 μετανοῆσαι
984 3611 1098 3682 (98)
1137 3615 1270 3686 πρὸς
1316 3616 1401 3665 τὸν
1440 3618 1686 3689 Χριστὸν,
1716 3616 1781 3677 εἰς
1811 3616 1863 3669 ὅν

261 3700 573 3773 ἐξήμαρτεν
629 3697 757 3752 ἀλλά
805 3700 1131 3774 προεξήγαγε
1190 3708 1370 3755 τοῦτον
1422 3709 1516 3765 τῆς
1569 3710 1859 3778 μετανοίας,

263 3792 333 3850 ὡς
372 3793 444 3863 μὴ
494 3791 706 3864 φέροντα
742 3792 828 3841 τὸν
869 3788 968 3840 ἀπὸ
1016 3796 1107 3841 τοῦ
1148 3788 1443 3853 συνειδότος
1480 3792 1714 3866 ἔλεγχον.
1750 3798 1866 3849 Δέον

262 3874 358 3931 οὖν
412 3877 499 3930 ἐπὶ
573 3880 659 3929 τὸν
724 3875 1016 3940 ἀνεξίκακον
1072 3885 1252 3931 τοῦτον
1304 3891 1644 3954 καταφυγεῖν·
1715 3885 1740 3936 ὁ
1809 3880 1867 3937 δὲ

262 3966 463 4042 μᾶλλον
540 3964 622 4018 ἰπὶ
695 3968 781 4018 τὸν
864 3965 1081 4018 θάνατον
1141 3971 1444 4041 κατέφυγεν,
1498 3972 1631 4033 ὅπως
1685 3973 1867 4026 θᾶττον

265 4054 594 4126 ἆωαλλαγείη
644 4060 740 4115 τῆς
791 4059 1214 4128 κατεγνωσμένης
1260 4062 1350 4109 καὶ
1398 4056 1664 4113 ἑπωδύνου
1706 4062 1866 4124 ζωῆς.

266 4149 376 4201 Καὶ
414 4140 539 4196 οὐδὲ
588 4146 773 4195 τούτου
818 4149 1119 4219 παραυτίκα
1152 4147 1460 4218 τετύχηκεν,
1494 4151 1562 4211 ὡς
1606 4148 1863 4221 ἐγλίχετοο

266 4231 623 4305 διάγνωσθεὶς
658 4234 760 4307 γὰρ
791 4232 892 4285 ύπό
935 4252 1106 4299 τινων,
1150 4236 1415 4308 καθῃρέθη
1456 4243 1549 4299 τῆς
1599 4236 1859 4309 ἀγχόνηςο

266 4318 387 4376 εἶτα
414 4319 463 4372 ἓν
494 4316 757 4380 ἐδιάξοντι
782 4324 923 4392 τόπῳ
950 4316 1166 4382 διέζησε
1194 4326 1374 4397 καιρὸν
1405 4320 1594 4396 ὀλίγον,
1626 4331 1716 4378 καὶ
1755 4327 1867 4400 (99)

266 4414 478 4487 πρηνὴς
568 4413 850 4481 γενόμενος,
943 4413 1127 4474 εἶτουν,
1235 4416 1614 4485 πεπρησμένος,
1715 4414 1869 4488 ἐξωγ-

943 4411 1127 4474 εἶτουν,
1235 4416 1564 4485 πεπρησμένο
1573 4434 1614 4484 ς,

270 4503 516 4572 κωμένος,
566 4496 769 4549 ἕλάκισε
808 4498 890 4567 (1)
943 4502 1032 4552 καὶ
1089 4495 1340 4574 διεῤῥάγη
1399 4505 1573 4574 μέσος,
1630 4508 1720 4556 καὶ
1766 4504 1868 4568 ἕξε-
1900 4537 1947 4595 D

273 4590 424 4660 γύθη
468 4587 546 4659 (2)
575 4588 641 4639 τά
688 4584 973 4658 σπλάγχνα
1015 4587 1195 4653 αὐτοῦ,
1236 4592 1408 4652 καθώς
1437 4611 1593 4665 φησιν
1624 4595 1653 4652 ἠ
1688 4591 1871 4666 βίϐλος

278 4684 386 4728 τῶν
441 4674 703 4749 Ηράξεων,
778 4675 836 4728 Εἰ
890 4672 948 4727 δὲ
1002 4681 1092 4728 καὶ
1155 4680 1446 4750 γέγραπται
1502 4679 1550 4733 ἓν
1604 4682 1733 4757 αὐτῇ
1789 4685 1869 4737 ὅτι

356 4774 378 4809 ⁵
400 4772 571 4830 Joan.
601 4789 762 4840 xvm,
792 4772 885 4830 28.
917 4774 938 4808 °
973 4774 1096 4831 Act.
1129 4789 1170 4841 ι,
1204 4774 1287 4831 t8.

1964 3254 2383 3328 resipiscentim
2434 3250 2674 3306 fuerunt
2713 3265 2726 3303 :
2780 3247 2998 3317 laqueo
3052 3257 3186 3299 vero
3236 3257 3298 3297 se
3351 3254 3613 3311 suspen-

1967 3325 2126 3412 dere,
2158 3338 2611 3414 desperationis.
2655 3334 2912 3406 Agnovit
2941 3330 3237 3403 siquidem
3267 3334 3324 3384 et
3364 3325 3615 3399 penituit

1969 3450 2129 3499 eum,
2156 3448 2226 3488 ac
2256 3413 2562 3486 confessus
2591 3430 2714 3481 est:
2764 3421 3008 3479 veniam
3047 3424 3247 3475 autem
3273 3415 3347 3471 ab
3395 3431 3466 3471 eo
3507 3413 3614 3486 qui

1970 3524 2122 3579 hanc
2151 3521 2295 3577 dare
2342 3519 2589 3590 poterat,
2638 3528 2761 3569 non
2808 3508 3147 3581 requisivit:
3208 3518 3406 3575 neque
3454 3502 3614 3558 enim

1972 3609 2237 3687 permisit
2257 3589 2395 3664 eum
2422 3603 2697 3662 diabolus
2723 3602 2805 3657 sic
2830 3595 3178 3670 pcenitentia
3205 3593 3367 3663 duci,
3394 3605 3516 3664 quo
3538 3589 3618 3647 ad

1975 3683 2273 3759 Christum
2302 3699 2408 3753 iret
2437 3697 2499 3751 in
2529 3709 2711 3768 quem
2735 3691 3120 3765 peccaverat:
3158 3684 3266 3740 sed
3292 3683 3453 3739 hunc
3484 3685 3617 3737 ante

1975 3792 2298 3865 perfectam
2322 3785 2727 3859 paenitentiam
2748 3777 3010 3844 abduxit,
3026 3779 3228 3848 utpote
3243 3770 3617 3829 conscientiae

1974 3858 2473 3938 remorsuminon
2512 3874 2815 3930 ferentem.
2849 3868 2998 3924 Cum
3038 3879 3181 3934 ergo
3209 3862 3285 3919 ad
3315 3861 3476 3917 hunc
3503 3858 3622 3916 cle-

1976 3969 2419 4027 mentissimum
2450 3961 2769 4031 confugere
2800 3959 3114 4030 oporteret,
3143 3952 3238 4007 ille
3267 3950 3344 4007 ad
3369 3952 3622 4005 mortem

1978 4060 2174 4132 potius
2203 4054 2488 4123 confugit,
2520 4055 2584 4107 ut
2609 4067 2645 4106 a
2673 4049 2992 4119 desperata
3012 4043 3284 4113 tristique
3307 4038 3427 4095 vita
3448 4037 3622 4094 citius

1977 4128 2338 4204 liberaretur.
2368 4145 2436 4197 Et
2476 4153 2673 4211 neque
2715 4136 2776 4191 id
2822 4132 3103 4191 continuo
3153 4132 3463 4184 assecutus
3510 4128 3620 4190 est,

1976 4239 2154 4309 prout
2184 4230 2497 4303 cupiebat:
2532 4226 2767 4295 agnitus
2797 4222 2957 4277 enim
2985 4235 3020 4275 a
3044 4215 3413 4288 quibusdam
3441 4213 3625 4283 depo-

1978 4303 2124 4380 situs
2156 4320 2278 4393 (qq)
2319 4322 2405 4374 est
2441 4331 2515 4371 ne
2545 4310 3001 4386 praefocaretur:
3046 4303 3264 4393 deinde
3302 4306 3625 4374 postquam

1977 4413 2039 4469 in
2065 4414 2282 4467 secreto
2311 4404 2580 4479 quodam
2609 4401 2760 4463 loco,
2796 4395 3035 4452 modico
3054 4392 3302 4447 vixisset
3336 4394 3622 4459 tempore,

1977 4516 2244 4577 praeceps
2262 4476 2452 4553 factus
2483 4492 2601 4548 sive
2623 4487 3046 4562 praecipitatus,
3069 4479 3333 4547 inﬂatus,
3355 4476 3627 4547 diruptus

1979 4567 2047 4649 ac
2063 4567 2326 4646 difﬁssus
2346 4589 2434 4641 est
2455 4579 2713 4643 medius,
2736 4581 2791 4633 et
2807 4573 2996 4631 eﬂ‘usa
3017 4574 3158 4627 sunt
3178 4567 3384 4625 omnia
3401 4567 3629 4622 viscera

1978 4682 2124 4755 ejus,
2154 4679 2305 4734 sicut
2347 4675 2430 4733 ait
2466 4671 2616 4729 liber
2648 4670 2925 4724 Actorum
2964 4663 3009 4721 °.
3058 4658 3229 4727 Quod
3257 4656 3305 4713 si
3358 4655 3537 4713 etiam
3565 4652 3629 4709 in

1481 4866 1703 4939 Variae
1748 4870 2077 4944 lectiones
2130 4878 2195 4939 et
2231 4874 2430 4934 noue.

354 4968 470 5040 (97)
510 4966 811 5053 ’Υπείγοντα
855 4971 922 5038 Α,
967 4969 1133 5044 quod
1158 4973 1319 5031 nihili
1349 4979 1459 5033 est.
1509 4981 1707 5053 Neque
1743 4980 1876 5041 ὑπή-

275 5059 433 5113 γοντο
458 5044 916 5113 conjiciendum.

357 5112 473 5195 (9Q)
533 5112 855 5195 Hentenius
903 5112 1151 5195 videtur
1188 5117 1407 5187 [egisse
1462 5130 1852 5193 μετανοστῆσαι

325 5166 484 5266 u‘od'.
504 5183 646 5266 mihi
685 5184 864 5266 etiam
903 5166 1280 5265 inmerita—ii:
1289 5166 1877 5259 $é£er2‘t’,”£6h&u"xﬁ

349 5255 950 5327 iusinterpretatione
977 5255 1264 5327 inspecta.

356 5323 471 5395 (99)
517 5323 725 5398 Πρηνής
754 5330 851 5408 est
864 5323 1114 5408 pronus.
1148 5329 1299 5408 Ergg
1322 5331 1723 5408 interpretatio
1747 5335 1880 5408 huic

275 5392 416 5452 loco
434 5392 571 5484 non"
586 5392 876 5484 convenit:
894 5392 1252 5484 Gredoergo
1262 5392 1647 5484 E‘uthymium
1665 5406 1881 5476 legisse

278 5467 563 5544 πρησθείς,
599 5472 661 5522 ut
699 5473 786 5544 est
822 5468 882 5525 in
914 5468 1141 5544 scholio
1166 5467 1534 5544 Apollinarii,
1563 5476 1624 5533 in
1656 5467 1884 5534 codici-

276 5537 400 5596 b'us
416 5539 865 5611 Mosquensibus
895 5541 971 5597 ad
1004 5540 1165 5597 hunc
1189 5537 1408 5602 locum.
1431 5537 1578 5604 Nam
1608 5547 1885 5621 adjectivi
1964 5595 1973 5599 ρ
2065 5537 2073 5609 ἶ

356 5634 487 5707 (pp)
525 5635 720 5693 Nunc.
749 5639 871 5695 Non
910 5642 1000 5697 est
1027 5638 1091 5697 in
1116 5641 1339 5700 Graeco.

1969 5393 1973 5401 ι
1989 5335 2103 5401 scri

1982 4980 2226 5055 πρησξής
2244 4971 2532 5055 equidem
2546 4963 2825 5055 exempla
2846 4961 3077 5031 ignoro.
3097 4953 3240 5055 Vci‘de
3266 4952 3444 5055 etia'm
3467 4948 3631 5055 MP3:

2120 5020 3120 5115 Fragmenta-Patrum‘Grm‘corum.‘
3135 5020 3629 5115 Fascic.pl.Lp.lt7~

1985 5091 2268 5178 iiéidiiaé"?
2489 5091 2704 5167 Nititur
2727 5111 2930 5179 autem
2949 5102 3079 5179 hinc
3108 5105 3226 5179 tota
3241 5112 3336 5151 res
3359 5091 3636 5179 fabulosa

1984 5164 2344 5263 QT't‘ElEiciq'
2357 5164 2697 5263 ᾀδῖιέςξὶίίοῐιθ.
2725 5168 3236 5263 Ρδφρωηὶιοωξξξὶδ
3288 5164 3543 5263 ηιλεᾶοξῖ
3563 5176 3635 5218 ac

1984 5234 2560 5320 nell-iugii‘deiZ—Nec
2592 5234 2767 5307 enim
2808 5234 3086 5318 ἐξηγήσεις
3126 5240 3244 5308 ille,
3276 5236 3385 5293 sed
3439 5234 3635 5308 μύθους

2094 5336 2249 5548 :Elslltta
2273 5399 2477 5468 legunt
2496 5393 2679 5451 etiam
2704 5385 2975 5447 nonnulli
3005 5385 3066 5442 in
3086 5380 3351 5439 Actibus.

2094 5480 2116 5529 2
2173 5474 2368 5538 Πάντα,
2397 5464 2714 5538 interponit
2742 5466 2811 5518 Α.

2094 5414 2104 5458 t
2167 5407 2249 5458 lta
2273 5399 2477 5468 legunt
2496 5398 2679 5451 etiam
2704 5405 2811 5447 nor

2060 5398 2139 5549 ἓξὲξ
2173 5474 2368 5538 Πάντα,
2397 5464 2714 5538 interponit
2742 5466 2811 5518 Α.

357 5722 468 5797 (qq)
499 5722 827 5797 Depositus,
858 5732 968 5787 etc.
1002 5730 1235 5803 Laqueo
1260 5729 1488 5791 solutus
1510 5737 1625 5796 est.
1657 5733 1855 5796 Forte:

1965 5733 2096 5796 ιτίθη
2124 5730 2299 5806 legite
