4198 6444
646 374 752 442 ⁸⁷οῆ

1998 363 2347 436 summit
2386 368 2722 442 ZIGABENI
3883 379 3978 444 tos

638 525 707 565 eo
729 508 1015 580 scriptum
1027 509 1137 571 est,
1151 506 1314 579 quod
1327 507 1623 579 praedium
1637 506 2009 579 comparavit
2021 507 2096 562 de
2125 521 2280 562 mer-

2389 509 2645 566 ὶκτήσατο
2698 511 2895 581 χωρίον
2946 515 3000 561 εκ
3059 511 3256 582 μισθου
3316 515 3411 569 τῆς
3478 505 3710 577 ἀδικίας,
3775 510 3873 564 ἀλλ’
3924 514 3974 565 οὗ

637 597 780 654 cede
809 596 1155 668 iniquitatis,
1184 611 1305 651 non
1332 602 1529 652 tamen
1558 597 1673 652 hoc
1705 596 1813 651 fuit
1842 600 1976 667 post
2007 601 2284 664 strangu-

632 685 932 749 lationem,
975 689 1038 740 ut
1077 683 1325 756 quidam
1370 689 1603 756 putant.
1655 683 1719 739 Id
1765 683 1924 739 enim
1968 682 2283 738 declarans

634 775 1109 848 Chrysostomus,
1141 788 1355 843 agrum
1393 774 1557 844 ﬁguli
1595 774 1776 848 fuisse
1807 773 1947 829 dicit
1986 773 2283 844 praedium

631 847 794 920 illud.
825 862 1084 934 Triginta
1113 861 1412 933 siquidem
1445 847 1706 932 argentei
1737 861 1955 934 quibus
1983 861 2080 916 hic
2111 876 2285 933 para-

633 957 728 1011 tus
775 957 865 1008 est
912 966 1073 1021 ager,
1104 951 1216 1022 ipsi
1259 950 1428 1006 Judas
1481 966 1706 1006 merces
1754 957 1880 1005 erat
1927 950 2280 1020 iniquitatis,

631 1057 818 1115 quam
875 1040 1160 1096 adversus
1213 1044 1640 1111 praeceptorem
1696 1041 2075 1110 perpetravit.
2128 1039 2282 1104 Quid

635 1129 797 1186 enim
834 1127 1015 1198 hujus
1033 1127 1366 1200 proditione
1389 1128 1646 1199 iniquius
1666 1126 1694 1181 ?
1711 1126 2121 1197 intelligamus
2141 1142 2283 1198 ergo

632 1218 738 1291 qui
767 1217 995 1286 argenti
1020 1232 1231 1272 sumus
1284 1221 1604 1282 amatores,
1649 1215 1960 1287 quomodo
2004 1215 2190 1271 ludas
2227 1219 2284 1271 et

635 1309 949 1378 peccatum
967 1303 1347 1376 perpetravit,
1369 1308 1427 1359 et
1455 1305 1720 1375 pecuniae
1743 1302 2003 1360 fructum
2030 1317 2150 1359 non
2182 1319 2279 1359 ac-

635 1393 809 1468 cepit,
837 1396 892 1450 et
915 1393 1218 1466 propriam
1251 1393 1515 1448 animam
1549 1391 1826 1463 perdidit.

703 1501 863 1556 Vers.
911 1500 965 1556 9.
1006 1497 1397 1568 Principes—
1441 1501 1545 1553 est.
1606 1496 1982 1568 Impudenter
2026 1495 2283 1551 fatentur

633 1589 890 1660 pretium
928 1602 1055 1642 esse
1103 1587 1413 1654 sanguinis
1469 1586 1594 1640 sive
1652 1585 1833 1641 caadis
1892 1590 2277 1657 emptionem.

633 1675 935 1732 Corbonas
981 1680 1179 1730 autem
1233 1680 1360 1730 erat
1431 1673 1690 1730 thesauri
1743 1672 2160 1745 repositorium
2220 1673 2280 1728 in

632 1764 875 1838 templo,
907 1765 1020 1821 hoc
1040 1771 1150 1829 est,
1183 1764 1483 1820 donorum
1510 1765 1974 1836 receptaculum.
2001 1763 2147 1818 Puto
2179 1779 2280 1817 au-

632 1860 751 1912 tem
776 1855 839 1910 id
869 1853 1052 1910 fuisse
1069 1853 1234 1924 quod
1247 1853 1556 1908 dicebatur
1573 1852 2096 1925 Ga20phylacium.
2121 1851 2280 1907 Gaza

634 1943 793 2000 enim
820 1942 1108 1999 Romanis
1136 1940 1354 1997 divitite
1379 1941 1779 2012 appellantur.

704 2049 866 2104 Vers.
898 2050 951 2102 7.
986 2047 1242 2104 Consilio
1271 2050 1465 2103 autem
1499 2047 1648 2102 inito
1677 2076 1744 2086 -—
1773 2045 1933 2100 Vers.
1969 2048 2021 2100 8.
2055 2044 2282 2101 hodier-

633 2153 777 2194 num
806 2137 980 2193 diem.
1012 2136 1193 2192 Multo
1231 2135 1445 2191 melius
1480 2151 1563 2190 eis
1603 2135 1804 2190 fuisset
1841 2134 1950 2190 hos
1979 2135 2042 2188 in
2072 2133 2281 2189 corbo-

633 2241 774 2283 nam
796 2225 1028 2282 misisse
1058 2241 1070 2280 :
1097 2239 1478 2296 nequaquam
1500 2223 1658 2279 enim
1681 2222 1844 2294 quod
1879 2227 2281 2294 perpetratum

633 2319 721 2372 est
736 2313 890 2370 adeo
918 2311 1293 2382 divulgatum
1316 2312 1537 2368 fuisset.
1561 2313 1675 2382 Ipsi
1713 2327 1851 2366 vero
1890 2310 1968 2366 ad
2002 2311 2282 2378 redargu-

633 2401 857 2460 tionem
894 2402 1034 2460 {uadi
1086 2399 1393 2457 homicidii
1421 2400 1510 2455 sui
1541 2415 1755 2470 agrum
1785 2403 2073 2464 emerunt,
2109 2399 2280 2468 cujus

631 2505 854 2548 nomen
907 2490 1052 2546 tuba
1113 2489 1330 2545 clarius
1379 2488 1523 2544 illud
1550 2488 1899 2560 publicaret.
1943 2490 2137 2558 Neque
2167 2487 2279 2541 hoc

633 2584 938 2652 utcunque
981 2578 1225 2642 faciunt,
1263 2577 1368 2632 sed
1411 2582 1654 2648 sumpto
1694 2577 1841 2630 inter
1887 2591 1951 2631 se
1997 2574 2274 2631 consilio:

632 2668 860 2740 ubique
883 2667 1040 2722 enim
1074 2665 1386 2722 consilium
1419 2666 1642 2732 ineunt,
1691 2670 1750 2720 ut
1785 2680 1963 2719 nemo
1996 2665 2279 2719 immunis

631 2756 1020 2828 relinquatur.
1045 2754 1218 2809 Liber
1243 2770 1479 2826 quoque
1504 2757 1784 2808 Actorum
1811 2752 1892 2808 ait
1911 2754 1952 2816 ⁷,
1990 2752 2279 2824 prtedium

632 2844 782 2902 illud
823 2849 1101 2900 vocatum
1139 2859 1270 2899 esse
1309 2843 1648 2904 Aceldema,
1693 2841 1802 2895 hoc
1834 2847 1938 2905 est,
1985 2840 2277 2912 praedium

634 2933 962 3002 sanguinis.
997 2933 1108 2991 Hic
1139 2934 1339 3003 itaque
1366 2938 1451 2987 est
1476 2946 1618 3001 ager
1647 2930 1722 2986 de
1751 2946 1874 3002 quo
1900 2929 1993 2985 ille
2025 2929 2173 2986 liber
2199 2930 2280 2986 lo-

633 3021 861 3094 quitur.

705 3127 865 3182 Vers.
885 3127 937 3180 9.
970 3125 1131 3181 Tunc
1160 3155 1227 3164 -—-
1246 3123 1405 3179 Vers.
1436 3125 1518 3179 t0.
1547 3123 1839 3179 Dominus.
1882 3123 1945 3178 In
1980 3122 2130 3179 libro
2156 3123 2280 3196 qui-

629 3213 770 3273 dem
785 3214 1051 3271 Jeremite
1065 3213 1168 3286 qui
1183 3212 1820 3282 communiterlegitur,
1854 3212 1967 3268 hoc
1994 3212 2276 3284 scriptum

626 3318 752 3362 non
782 3310 888 3368 est,
921 3307 1101 3358 restat
1130 3316 1271 3371 ergo
1299 3306 1360 3358 ut
1387 3304 1446 3356 in
1479 3301 1825 3374 apocrypha
1839 3300 1966 3372 ejus
1992 3303 2278 3372 scriptum

629 3393 702 3449 sit
727 3391 1077 3462 (Verisimile
1109 3392 1286 3447 etiam
1331 3396 1418 3446 est
1448 3390 1840 3461 postmodum
1885 3390 2120 3461 abjecta
2152 3391 2278 3446 haec

627 3496 756 3539 esse
778 3481 857 3537 ab
881 3497 952 3538 eo
978 3480 1132 3536 libro
1164 3480 1260 3552 qui
1291 3479 1522 3549 legitur,
1549 3479 1688 3535 dolo
1710 3495 1779 3535 ac
1803 3479 2025 3535 malitia
2045 3480 2277 3534 Iudaeo-

625 3585 786 3634 rum,
813 3571 966 3625 sicut
995 3569 1176 3625 etiam
1208 3570 1267 3624 in
1296 3569 1504 3623 multis
1535 3567 1661 3624 aliis
1691 3568 1890 3622 verbis
1920 3568 2032 3639 (rr)
2056 3567 2278 3623 factum

627 3659 764 3730 est.)
795 3661 1166 3729 Acceperunt
1201 3671 1342 3725 ergo
1386 3656 1606 3710 summi
1646 3655 1984 3710 sacerdotes
2025 3656 2276 3727 pretium

627 3745 842 3801 Christi
875 3743 1287 3816 pretiosissimi
1314 3759 1494 3814 quem
1529 3743 1972 3799 aestimaverunt
2000 3745 2104 3815 qui
2143 3748 2281 3799 sunt

629 3848 668 3890 a.
695 3833 837 3888 ﬁliis
859 3831 1058 3895 Israel,
1093 3829 1366 3886 videlicet
1395 3829 1676 3885 lsraelitze.
1712 3830 1856 3885 Dicit
1904 3838 2103 3886 autem
2150 3848 2279 3886 eos-

626 3921 768 3977 dem
799 3935 1074 3975 summos
1101 3918 1463 3982 sacerdotes,
1497 3918 1743 3990 quando
1774 3919 1850 3974 ad
1882 3935 1984 3974 eos
2013 3919 2158 3976 dixit
2183 3920 2280 3975 Ju-

627 4009 734 4064 das
762 4025 776 4063 :
801 4009 952 4075 Quid
978 4008 1156 4063 vultis
1187 4006 1333 4062 mihi
1361 4007 1528 4070 dare,
1561 4014 1612 4063 et
1662 4023 1760 4078 ego
1795 4009 1952 4065 vobis
1982 4024 2110 4066 eum
2158 4016 2280 4066 tra-

627 4097 767 4155 dam
795 4099 816 4132 ⁸
843 4097 870 4154 ?
910 4100 980 4153 At
1008 4095 1092 4152 illi
1130 4095 1564 4152 constituerunt
1593 4096 1645 4152 ei
1680 4097 1917 4165 triginta
1948 4104 2275 4168 argenteos.

631 4185 937 4244 Constituit
963 4186 1121 4251 mihi,
1155 4185 1269 4240 hoc
1289 4189 1393 4250 est,
1423 4184 1573 4240 dixit
1599 4186 1732 4241 mihi
1755 4187 2063 4242 Dominus.

697 4278 856 4333 Vers.
884 4276 943 4330 tt
959 4317 974 4333 .
997 4277 1164 4331 Jesus
1184 4283 1382 4330 autem
1410 4305 1470 4314 -
1491 4275 1762 4343 praeside.
1793 4274 1899 4331 Ubi
1930 4292 2068 4332 eum
2089 4276 2281 4333 addu-

625 4363 852 4421 xissent
888 4363 967 4420 ad
998 4362 1364 4436 praetorium,
1397 4362 1537 4418 dicit
1568 4364 1847 4429 Joannes,
1889 4364 2054 4436 quod
2101 4366 2280 4422 exivit

626 4454 708 4511 ad
734 4469 836 4510 eos
862 4453 1100 4520 Pilatus,
1131 4458 1187 4508 et
1217 4452 1299 4508 ait
1325 4469 1336 4507 :
1379 4451 1566 4519 Quam
1595 4455 2026 4509 accusationem
2057 4454 2277 4524 offertis

628 4543 908 4600 adversus
932 4542 1214 4597 hominem
1235 4541 1388 4598 hunc
1407 4540 1434 4596 ?
1455 4541 1903 4609 Responderunt
1917 4547 1970 4597 et
1994 4542 2277 4598 dixerunt

627 4631 683 4688 ei
703 4649 714 4690 :
743 4629 877 4686 Nisi
896 4636 1033 4685 esset
1057 4630 1153 4684 hic
1172 4629 1545 4699 male/actor,
1566 4644 1684 4684 non
1709 4629 1814 4683 tibi
1839 4629 2277 4687 tradidissemus

629 4732 783 4774 eum.
816 4716 980 4772 Dixit
1012 4730 1157 4786 ergo
1188 4716 1266 4771 eis
1285 4717 1512 4771 Pilatus
1545 4736 1557 4775 :
1590 4717 1818 4772 Sumite
1838 4733 1966 4772 eum
2000 4734 2097 4773 vos
2124 4724 2175 4774 et
2200 4735 2278 4774 se-

627 4805 872 4860 cundum
899 4805 1070 4875 legem
1101 4810 1352 4859 vestram
1382 4803 1640 4871 iudicate
1669 4820 1801 4860 eum
1843 4807 1885 4872 °,
1915 4811 2026 4861 etc.
2061 4807 2148 4862 Illi
2174 4809 2275 4864 ita-

629 4906 748 4965 que
773 4891 1139 4947 tradiderant
1163 4907 1297 4947 eum
1327 4891 1513 4948 Pilato
1534 4892 1611 4948 ad
1633 4891 2136 4960 interﬁciendum,
2155 4909 2274 4952 non

611 5037 651 5104 ⁵⁸⁸
682 5067 808 5126 Act.
841 5083 881 5136 ι,
910 5069 999 5128 19.
1034 5069 1055 5105 ³
1085 5069 1286 5128 Matth.
1319 5085 1474 5136 uri,
1506 5068 1591 5124 15.
1621 5071 1640 5105 ο
1673 5070 1843 5128 Joan.
1883 5088 2035 5142 xvm,
2062 5070 2251 5135 29.31.

2311 4177 2358 4233 D

2387 599 2518 666 μετὰ
2558 601 2653 655 τὴν
2691 596 2950 667 ἀγχόνην,
2977 597 3046 658 ὥς
3075 616 3208 659 τινες
3238 600 3458 654 οἴονται.
3494 603 3658 651 Τοῦτο
3689 603 3795 672 γὰρ
3825 599 3974 674 ἑρμη-

2387 687 2542 736 νεύων
2619 687 2644 737 6
2720 690 3119 757 Χρυσόστομος,
3195 689 3282 738 τὸν
3363 684 3522 759 ἀγρὸν
3589 695 3682 740 τοῦ
3735 693 3977 762 κεραμέως

2390 773 2518 823 εἶναι
2554 776 2613 824 τὸ
2651 779 2852 848 χωρίον
2891 772 3049 826 ἐκεῖνο
3087 773 3244 844 λέγει.
3295 777 3375 827 Τὰ
3411 776 3694 847 τριάκοντα
3745 780 3847 851 γὰρ
3894 776 3977 850 ἆρ-

2388 863 2565 932 γύρια,
2611 861 2663 923 ἐξ
2709 863 2776 912 ὧν
2807 862 3077 936 ἠγοράσθη
3121 863 3292 926 οὗτος,
3323 865 3515 933 μισθὸς
3544 865 3678 921 ἦσαν
3708 873 3787 936 τῷ
3817 862 3977 938 Ἰούδᾳ

2389 957 2479 1008 τῆς
2514 945 2726 1010 ἀδικίας
2782 958 2875 1011 τῆς
2911 950 2982 1011 εἰς
3030 954 3115 1002 τὸν
3165 947 3511 1006 Διδάσκαλον.
3551 957 3615 1004 Τί
3649 956 3754 1027 γὰρ
3802 951 3976 1006 ἀδικώ-

2390 1055 2532 1108 τερον
2583 1046 2676 1099 τῆς
2723 1035 3016 1112 προδοσίας
3058 1039 3262 1106 αύτού;
3314 1039 3668 1112 Ἐννοήσωμεν
3721 1047 3890 1094 τοίνυν
3930 1044 3974 1094 οἱ

2389 1125 2717 1199 φιλάργυροι,
2768 1135 2877 1189 πῶς
2923 1128 2948 1178 6
2995 1123 3202 1189 Ἰούδας
3248 1133 3338 1180 καὶ
3371 1132 3464 1186 τὴν
3518 1129 3782 1202 ἁμαρτίαν
3821 1130 3974 1204 εἰργά-

2392 1232 2537 1276 σατο,
2595 1219 2684 1264 καὶ
2742 1223 2840 1265 τῶν
2895 1217 3187 1289 χρημάτων
3249 1215 3344 1268 ούκ
3397 1215 3694 1286 ἀπήλαυσε,
3751 1224 3842 1272 καὶ
3892 1223 3974 1276 τὴν

2393 1298 2534 1354 ἰδίαν
2571 1301 2758 1374 ψυχὴν
2799 1301 3078 1362 ἀπώλεσεν.

2460 1481 2525 1531 Οἱ
2583 1509 2648 1519 -
2709 1478 2867 1534 ἔστιν.
2945 1479 3405 1552 Ἀνεπαισχύντως
3475 1482 3838 1555 ὁμολογοῦσιν,
3899 1485 3971 1536 ὅτι

2388 1573 2512 1639 τιμή
2568 1569 2784 1629 αἳματος
2848 1567 3007 1634 ἔστιν,
3069 1573 3251 1633 εῖτουν,
3309 1570 3411 1627 ὠνὴ
3479 1577 3651 1642 φόνου.
3732 1571 3968 1631 Κοοϐονᾱς

2313 1628 2356 1682 Β
2391 1654 2448 1709 δι
2490 1654 2549 1714 ἧν
2597 1660 2654 1708 τὸ
2685 1665 2777 1708 τοῦ
2805 1666 2930 1708 ναοῦ
2963 1658 3471 1730 θησαυροφυλάκιον,
3513 1665 3570 1710 τὸ
3605 1658 3962 1733 δωροδοχεῖον.

2390 1743 2553 1816 Οἶμαι
2597 1743 2656 1798 δε
2686 1753 2837 1798 τοῦτο
2883 1743 3010 1798 εἶναι
3045 1750 3103 1798 τὸ
3150 1743 3428 1817 λεγόμενον
3458 1748 3833 1818 γαζοφυλάκιον

2389 1836 2532 1895 Γάζα
2554 1838 2652 1910 γὰρ
2681 1837 2822 1907 παρὰ
2843 1834 3118 1906 Ῥωμαίοις
3147 1836 3172 1886 ὁ
3200 1835 3413 1896 πλοῦτος
3439 1836 3682 1891 καλεῖται.

2458 2026 2772 2100 Συμϐούλιον
2825 2023 2883 2080 δέ
2921 2025 3163 2090 λαϐόντες
3202 2059 3270 2068 -
3311 2032 3559 2102 σήμερον.
3605 2028 3741 2081 Πολὺ
3771 2028 3964 2080 κάλλιον

2389 2114 2448 2175 ἦν
2489 2117 2666 2178 αύτοῖς
2713 2117 2780 2176 εἰς
2817 2120 2901 2169 τὸν
2945 2116 3192 2191 κορϐονᾶν
3234 2124 3402 2169 ταῦτα
3444 2115 3645 2189 βαλεῖν
3693 2116 3751 2169 ού
3781 2120 3877 2191 γὰρ
3914 2118 3969 2168 ἄν

2389 2206 2522 2257 οὕτω
2566 2201 2861 2262 κατάδηλον
2901 2209 2958 2257 τὸ
2991 2206 3066 2276 (4)
3114 2212 3333 2278 πρᾶγμα
3380 2204 3601 2277 ἇγίνετο,
3661 2208 3726 2258 Οἱ
3772 2202 3828 2258 δε
3854 2208 3974 2279 πρὸς

2388 2294 2599 2364 ΰεγχον
2630 2302 2718 2353 τῆς
2759 2294 2928 2345 αύτών
2958 2299 3254 2366 μιαιφονίας
3285 2295 3556 2367 ἠγόρασαν
3587 2298 3674 2346 τὸν
3720 2292 3895 2367 ἀγρὸν,
3921 2293 3976 2346 οὗ

2390 2386 2446 2432 τὸ
2489 2386 2647 2452 ὄνομα
2675 2381 2956 2453 σάλπιγγος
2987 2382 3340 2456 λαμπρότερον
3380 2385 3579 2440 ταύτην
3611 2381 3966 2457 ἅνακηρύττει.

2393 2475 2490 2522 Καὶ
2543 2466 2667 2522 ούδε
2724 2470 2895 2530 ἁπλῶς
2950 2479 3099 2523 τοῦτο
3161 2478 3423 2534 ποιοῦσιν,
3480 2470 3609 2523 ἀλλὰ
3674 2471 3976 2544 συμϐούλιον

2388 2558 2646 2620 λαϐόντες
2696 2564 2784 2610 καὶ
2820 2567 3095 2629 πανταχοῦ
3142 2558 3453 2628 συμϐούλιον
3488 2559 3841 2633 λαμϐάνουσιν
3880 2561 3974 2631 (5),

2388 2648 2471 2698 ίνα
2511 2643 2695 2718 μηδεὶς
2744 2645 2910 2708 ὰθώος
2958 2648 3260 2720 ὑπολειφθῇ.
3322 2653 3421 2701 Καὶ
3475 2650 3503 2705 ἡ
3557 2647 3739 2720 βίϐλος
3793 2645 3851 2702 δὲ
3885 2657 3978 2700 τῶν

2392 2736 2628 2808 Πράξεὼν
2673 2756 2801 2807 φησι
2843 2736 3097 2795 κληθῆναι
3148 2741 3203 2788 τὸ
3235 2742 3433 2811 χωρίον
3474 2740 3632 2790 ἑκεῖνο
3665 2735 3976 2810 ’Διελδαμὰ,

2388 2830 2642 2887 τουτέστι,
2674 2830 2872 2898 χωρίον
2916 2826 3154 2897 αἳματος.
3196 2824 3356 2878 Ὠστε
3400 2830 3553 2878 τοῦτό
3597 2824 3730 2893 ἔστι,
3773 2831 3888 2901 περὶ
3927 2825 3982 2878 οὗ

2387 2911 2597 2970 κάκείνη
2628 2911 2784 2984 λέγει.

2457 3133 2584 3179 Τοτε
2626 3156 2696 3167 -
2750 3129 2958 3202 Κύριος.
3007 3123 3086 3179 Ἐν
3133 3133 3195 3198 τῇ
3248 3124 3703 3201 ἀναγινωσκομένη
3760 3130 3849 3200 μεν
3891 3126 3985 3200 βί-

2387 3212 2490 3286 ϐλῳ
2542 3222 2632 3266 τοῦ
2668 3212 2912 3287 Ἰερεμίου
2958 3222 3110 3267 τοῦτο
3165 3213 3223 3266 ού
3265 3218 3584 3289 γέγραπται.
3647 3220 3842 3269 Λοιπὸν
3899 3212 3984 3268 οὖν

2388 3301 2435 3355 ἓν
2484 3310 2543 3374 τῇ
2597 3300 2878 3376 ἀποκρύφῳ
2925 3301 3083 3354 αύτοῦ
3132 3305 3425 3374 ἱστόρηται,
3477 3302 3656 3376 [Εἰκὸς
3687 3306 3766 3375 (6)
3812 3301 3871 3356 δι
3900 3307 3986 3356 καὶ

2387 3392 2601 3463 ὕστερον
2659 3390 2971 3449 ἐκϐληθῆναι
3025 3399 3192 3443 ταῦτα
3247 3389 3348 3443 ἀπὸ
3414 3399 3509 3454 τῆς
3575 3391 3986 3466 ἀναγινωσκομέ-

2386 3499 2478 3540 νης
2521 3480 2576 3532 ἐκ
2623 3484 2936 3553 κακουργίας
2974 3488 3074 3531 τῶν
3125 3475 3419 3547 Ἰουδαίων,
3475 3482 3597 3552 ὅπερ
3638 3486 3728 3532 καὶ
3777 3480 3862 3533 ἐπὶ
3902 3481 3988 3532 ἆλ-

2385 3569 2482 3621 λων
2537 3569 2706 3642 ῥητῶν
2762 3567 3004 3639 ἐγένετο]
3060 3565 3274 3620 Ἐλαϐον
3329 3567 3418 3619 οὖν
3476 3570 3523 3620 οἱ
3576 3567 3840 3643 ἀρχιερεῖς
3892 3573 3986 3627 τήν

2387 3657 2512 3715 ὧνην
2569 3664 2660 3708 τοῦ
2709 3661 2967 3728 παντίμου
3029 3663 3284 3727 Χριστοῦ,
3338 3658 3391 3707 ὄν
3455 3652 3827 3727 διετιμήσαντο
3881 3655 3985 3710 ἀπὸ

2385 3749 2508 3797 υἱῶν
2553 3744 2792 3816 Ἰσραὴλ,
2825 3748 3006 3814 ἤγουν,
3041 3747 3089 3796 οἱ
3128 3743 3462 3816 Ἰσραηλῖται.
3496 3747 3646 3814 Λέγει
3685 3739 3746 3795 δι
3784 3743 3980 3806 αὐτοὺς

2385 3839 2502 3894 τοὺς
2551 3836 2838 3907 ἀρχιερεῖς,
2893 3834 2975 3884 ὅτε
3022 3836 3144 3906 πρὸς
3197 3833 3382 3894 αύτούς
3440 3828 3570 3884 εἶπεν
3631 3827 3852 3892 Ἰούδας·
3910 3837 3977 3884 Τί

2389 3925 2551 3975 θέλιτί
2615 3941 2705 3994 μοι
2775 3918 2978 3987 δοῦναι,
3037 3919 3183 3991 κάγώ
3237 3923 3358 3994 ύμῖν
3422 3916 3724 3995 παραδώσω
3782 3920 3984 3986 αὐτὸν;

2389 4015 2452 4063 Οἱ
2485 4008 2542 4064 δι
2582 4014 2806 4068 ἔστησαν
2841 4009 2980 4080 αύτῷ
3013 4012 3292 4083 τριάκοντα
3332 4008 3577 4084 ἀργύρια.
3621 4008 3862 4071 Συνίταξί
3897 4027 3991 4082 μοι

2390 4097 2447 4153 δὲ
2476 4098 2590 4151 ἀντὶ
2629 4107 2744 4170 του,
2776 4094 2885 4151 εἶπί
2913 4117 3024 4170 μοι.

2457 4278 2515 4330 Ὀ
2569 4274 2626 4330 δὴ
2666 4276 2872 4339 Ἰησοῦς
2910 4307 2976 4316 -
3025 4277 3298 4347 ἡγεμόνος.
3347 4274 3677 4346 Ἀγαγὸντων
3723 4272 3879 4326 αύτὸν
3922 4271 3998 4334 εἰς

2386 4370 2443 4418 τὸ
2489 4371 2822 4439 πραιτώριον,
2865 4369 3022 4436 φησὶν
3071 4365 3096 4415 ὁ
3129 4365 3369 4424 Ἰωάννης
3403 4365 3482 4414 ὅτι
3532 4361 3738 4424 ἐξῆλθεν
3770 4362 3795 4412 6
3828 4360 3996 4414 Πιλά-

2386 4473 2472 4517 τος
2519 4458 2651 4528 πρὸς
2698 4452 2906 4520 αύτούς,
2960 4457 3050 4504 καὶ
3099 4448 3224 4504 εἷπε⁶
3275 4456 3403 4504 Τίνα
3453 4454 3771 4523 κατηγορίαν
3821 4453 3998 4524 φέρετε

2387 4545 2522 4595 κατὰ
2603 4547 2694 4594 τοῦ
2782 4539 3052 4612 ἀνθρώπου
3132 4542 3358 4606 τούτου;
3435 4537 3819 4611 ’Δπεκρίθησαν
3901 4542 3999 4589 καὶ

2388 4628 2526 4683 εἶπον
2591 4629 2751 4699 αύτῷ⁶
2822 4629 2881 4681 Εἰ
2944 4633 3014 4700 μὴ
3073 4623 3134 4685 ἦν
3197 4627 3344 4688 οὗτος
3404 4628 3706 4689 κάκοποιὸς,
3768 4623 3861 4677 ούκ
3931 4626 3996 4676 ἄν

2391 4738 2473 4771 σοι
2528 4714 2904 4792 παρεδώκαμεν
2980 4715 3154 4770 αύτόν.
3211 4711 3360 4769 Εἶπεν
3417 4710 3504 4766 οὖν
3558 4713 3737 4774 αὐτοῖς
3792 4714 3819 4764 6
3885 4719 3996 4765 Πι-

2386 4807 2558 4868 λάτοςο
2617 4804 2809 4858 Λάϐετε
2877 4804 3030 4856 αύτόν
3106 4805 3271 4875 ὑμεῖς,
3344 4807 3433 4854 καὶ
3495 4802 3630 4854 κατὰ
3671 4805 3776 4852 τὸν
3835 4806 3994 4873 νόμον

2387 4897 2530 4968 ὑμῶν
2577 4899 2784 4968 κρίνατε
2838 4892 2918 4965 (7)
2967 4895 3144 4958 αὑτὸν,
3197 4895 3285 4944 καὶ
3336 4893 3401 4943 τὰ
3450 4889 3587 4953 ἑξῆς.
3643 4891 3710 4942 Oi
3751 4892 3843 4962 μεν
3887 4892 3993 4962 γὰρ

1835 5195 2053 5265 Variae
2083 5163 2409 5267 lectiones
2439 5206 2501 5266 et
2535 5207 2739 5265 notae.

700 5335 777 5410 (3)
809 5335 973 5402 Quod
997 5333 1359 5392 vocabulum
1389 5335 1689 5394 multoties
1718 5336 1781 5394 in
1808 5340 1874 5395 N.
1908 5340 1966 5396 Τ.
1999 5341 2272 5400 occurrit.

722 5411 778 5481 4)
817 5412 896 5460 Τὸ·
917 5410 1293 5481 πεπραγμένον,
1326 5412 1392 5464 Α.

722 5411 754 5462 4
817 5412 896 5460 Τὸ·
917 5411 1282 5481 ·ιιέτι’ραγμ.ένονΤ

697 5411 778 5621 ἓόζ
811 5478 1189 5559 Λαμϐάνοντες,
1221 5484 1282 5533 Α.

725 5551 784 5619 6)
839 5551 978 5615 Quae
1018 5549 1282 5604 thlncll

2361 5339 2530 5413 “lium
2559 5354 2636 5413 ex
2664 5337 2932 5413 margine
2969 5339 3060 5413 sui
3108 5333 3338 5396 Codicis
3365 5340 3702 5413 repetitum,
3751 5339 4001 5400 exhibet

2381 5412 2442 5469 in
2473 5411 2590 5466 ﬁne
2622 5411 2806 5480 hujus
2833 5411 3060 5468 scholii.

2355 5499 2378 5550 τ
2456 5483 2535 5556 (7)
2568 5488 2829 5550 Κτιίνατι,
2857 5487 2913 5540 Β.

725 5548 784 5619 6)
839 5548 978 5615 Quae
1018 5549 1114 5604 hic
1141 5548 1515 5620 inclusimus,
1541 5564 1615 5609 ea
1646 5551 1988 5621 Hentenius,
2020 5558 2078 5612 ut
2107 5553 2276 5612 scho-
2359 5548 2364 5592 ἓ

699 5725 812 5801 (rr)
833 5726 1040 5784 Multi:
1061 5725 1200 5785 aliis
1224 5727 1404 5786 vobis.
1432 5727 1575 5786 Aliis
1595 5728 1786 5787 dictis.
1817 5730 2029 5791 Multis
2047 5744 2171 5790 non
2188 5731 2386 5791 astans
2404 5731 2629 5792 timeo.
