4198 6444
249 373 364 438 709

1203 377 1578 440 COMMENT.‘
1609 379 1684 437 IN
1724 366 2165 436 MATTHEUM.
2206 411 2274 424 —
2312 381 2472 438 CAP.
2503 366 2734 438 XXVII.

3516 375 3623 440 710

243 500 567 580 παρέδωκαν
651 503 804 559 αὐτόν
857 525 930 578 τῳ
1000 505 1204 578 Πιλάτῳ
1251 509 1380 580 πρὸς
1438 504 1723 582 ἀναίρεσιν,
1799 505 1858 558 οῦ

1973 505 2051 560 ad
2079 505 2530 578 inquirendum.
2592 507 2663 560 At
2700 505 2797 562 ille
2828 519 2950 561 non
2975 505 3122 571 tulit,
3173 509 3236 562 ut
3265 506 3616 578 priusquam

244 599 386 668 πρὸς
439 592 713 656 ἐξέτασιν·
757 596 782 646 ό
841 591 901 647 δε
963 598 1064 669 πρὸ
1121 595 1397 659 ἐξετάσεως
1457 595 1551 648 οῦκ
1604 597 1859 668 ἠνέσχετο

245 690 436 735 τοῦτον
479 680 692 740 ἀνελεῖν.
725 683 820 735 Δίἁ
847 691 1001 736 τοῦτο
1053 687 1198 748 ζητεῖ
1249 686 1449 756 μαθεῖν,
1503 688 1583 745 τίς
1612 686 1642 742 ἡ
1705 703 1866 743 κατη-

243 776 411 845 γορία
435 789 446 800 ⁸
489 771 538 822 οἱ
569 766 648 837 δὲ,
681 775 752 844 μὴ
809 773 1109 847 θαρροῦντες
1162 772 1382 839 ἑαυτοῖς,
1416 772 1475 825 οῦ
1530 772 1741 844 λέγουσι
1771 776 1863 845 μὲν

247 863 600 933 κατηγορίαν,
624 864 754 931 φασὶ
786 855 844 912 δε
871 865 1047 932 μόνον,
1097 862 1176 913 ὅτι
1227 861 1285 914 Εἰ
1340 866 1410 933 μὴ
1462 858 1522 920 ἧν
1575 861 1726 924 οὗτος
1772 881 1864 913 κα-

250 955 499 1020 κοῦργος,
576 947 670 998 οὐκ
727 949 788 999 ἄν
849 968 934 1001 σοι
993 945 1366 1024 παρεδώκαμεν
1428 950 1504 1022 (8)
1556 949 1731 1016 αὐτόν,
1796 952 1863 1012 ὡς

257 1033 421 1096 δῆθεν
451 1031 601 1088 οὐδὲν
631 1031 818 1088 ἄδικον
847 1044 1124 1099 ποιοῦντες.
1159 1037 1218 1090 Ὀ
1265 1034 1322 1090 δὲ
1376 1037 1592 1098 Πιλάτος
1630 1035 1864 1090 δυσανασ-

265 1129 550 1197 σχετήσας,
597 1126 662 1184 ὡς
694 1122 1015 1197 βουλομένων
1043 1122 1182 1198 δίχα
1232 1133 1328 1188 τῆς
1379 1125 1538 1178 αὐτοῦ
1595 1125 1864 1188 ἇξετάσεως

263 1219 446 1264 τοῦτον
497 1211 704 1278 ἀνελεῖν,
759 1213 934 1273 αὐτοῖς
986 1212 1245 1289 ἐπιτρέπει
1295 1218 1387 1273 τὴν
1431 1215 1714 1290 ἀναίρεσιν.
1775 1214 1862 1268 Ἀ-

261 1305 576 1372 ποτυχόντες
624 1297 684 1353 δε
734 1309 828 1364 τῆς
883 1298 1230 1378 προσδοκίας,
1279 1301 1456 1355 λοιπόν
1509 1310 1862 1378 κατηγοροῦσι

257 1392 350 1440 καὶ
380 1389 608 1457 ἄκοντες,
662 1389 791 1463 οἷπερ
831 1391 857 1441 ό
907 1395 1115 1452 Λουκᾶς
1172 1392 1438 1463 ἱστόρησε,
1496 1391 1723 1465 γράψας,
1780 1392 1861 1444 ὅτι

258 1474 524 1549 Ἤρξαντο
620 1485 929 1551 κατηγορεῖν
1023 1477 1202 1549 αὐτοῦ,
1307 1478 1533 1551 λέγοντες
1564 1497 1577 1510 ·
1665 1482 1859 1533 Τοῦτον

255 1564 470 1638 εὕρομεν
544 1560 928 1639 διαστρέφοντα
1003 1571 1062 1619 τὸ
1137 1569 1273 1627 ἔθνος
1345 1569 1512 1640 ἡμῶν,

251 1652 444 1706 λύοντα
515 1657 746 1726 Καίσαρι
827 1658 1014 1727 φόρους
1081 1652 1312 1722 διδόναι,
1386 1656 1598 1728 λέγοντα
1679 1657 1858 1710 ἑαυτὸν

253 1745 486 1815 Χριστὸν
545 1740 770 1814 βασιλέα
826 1740 973 1796 εἶναι.
1043 1748 1144 1797 Καὶ
1209 1746 1304 1818 ὅρα
1377 1750 1717 1820 κακουργίαν.
1773 1750 1858 1800 Θέ-

1598 1573 1686 1621 καὶ
1755 1589 1856 1620 κω-

1972 595 2340 668 perquireret
2376 595 2744 652 occideretur
2777 617 2790 650 :
2823 594 2958 651 ideo
2988 594 3210 651 discere
3237 595 3360 650 vult
3387 612 3520 668 quae
3545 598 3619 654 sit

1973 684 2299 742 accusatio.
2331 685 2452 757 Ipsi
2477 689 2678 740 autem
2709 683 2983 741 ﬁduciam
3011 684 3086 740 de
3120 684 3335 757 seipsis
3358 686 3492 756 {non
3518 685 3620 741 ha-

1971 772 2197 840 bentes,
2240 773 2680 830 accusationem
2720 773 2950 845 quidem
2982 788 3105 828 non
3153 773 3377 836 dicunt,
3408 774 3511 829 sed
3535 789 3622 830 re-

1974 863 2266 932 spondent
2292 878 2305 916 :
2329 863 2460 918 Nisi
2485 868 2628 919 esset
2656 863 2748 918 hic
2764 862 3134 931 malefactor,
3157 877 3276 918 non
3308 863 3420 918 tibi
3438 863 3617 919 tradi-

1973 949 2252 1007 dissemus
2299 967 2441 1016 eum,
2477 956 2677 1022 utpote
2729 953 2834 1024 qui
2881 950 3025 1008 nihil
3079 950 3296 1022 injuste
3348 951 3610 1020 agimus.

1973 1038 2195 1095 Pilatus
2219 1055 2359 1096 vero
2382 1040 2638 1111 graviter
2672 1040 2885 1104 ferens,
2919 1039 3085 1112 quod
3115 1041 3312 1112 ipsum
3343 1040 3615 1096 occidere

1970 1127 2183 1184 vellent
2212 1128 2442 1201 absque
2479 1146 2590 1185 sua
2618 1129 3016 1202 inquisitione,
3049 1127 3512 1185 interfectionem
3533 1129 3616 1185 eis

1969 1221 2270 1294 permittit.
2295 1221 2500 1294 Itaque
2523 1238 2630 1294 spe
2646 1238 2755 1279 sua
2775 1221 3061 1288 frustrati,
3089 1221 3219 1291 jam
3240 1221 3406 1278 inviti
3436 1221 3618 1278 etiam

1970 1313 2256 1367 accusant
2276 1326 2436 1379 eum,
2465 1311 2540 1367 de
2556 1311 2648 1368 his
2675 1327 2810 1385 quin
2839 1310 3078 1384 scripsit
3101 1310 3313 1382 Lucas,
3371 1311 3470 1383 qui
3496 1311 3612 1368 ait:

1971 1398 2277 1470 Coeperunt
2327 1407 2518 1458 autem
2560 1402 2731 1457 illum
2776 1415 3059 1458 accusare
3097 1399 3345 1456 dicentes
3385 1419 3398 1459 :
3444 1400 3618 1458 Hunc

1966 1488 2293 1546 invenimus
2321 1496 2746 1560 pervertentem
2771 1496 2994 1560 gentem
3023 1495 3306 1556 nostram,
3335 1494 3390 1545 et
3415 1489 3618 1559 prohi-

1971 1579 2196 1635 bentem
2223 1579 2452 1634 tributa
2481 1578 2615 1634 dari
2637 1580 2881 1645 Caesari,
2909 1577 3193 1634 dicentem
3223 1593 3284 1634 se
3315 1579 3616 1634 Christum

1968 1682 2146 1739 regem
2174 1681 2294 1724 esse
2312 1668 2380 1722 ¹⁰.
2407 1669 2470 1722 Ει
2499 1667 2634 1722 vide
2662 1665 2870 1722 dolum
2900 1681 2971 1721 ac
2999 1664 3312 1722 malitiam.
3347 1665 3618 1721 Volentes

1969 1758 2130 1812 enim
2157 1755 2320 1812 Pilati
2347 1756 2498 1812 iram
2555 1769 2844 1812 exacuere
2887 1754 3175 1810 adversus
3208 1753 3525 1820 Christum,
3563 1757 3621 1810 et

253 1829 424 1892 λοντες
476 1833 579 1905 γὰρ
639 1828 837 1902 ἀνάψαι
890 1835 977 1884 τόν
1041 1833 1201 1904 θυμὸν
1268 1840 1358 1884 τοῦ
1429 1833 1655 1886 Πιλάτου
1726 1836 1860 1886 κατὰ

1972 1845 2256 1901 abducere
2269 1845 2369 1916 (ss)
2383 1860 2500 1917 quo
2511 1859 2639 1900 eum
2654 1843 2746 1900 citi
2755 1861 2823 1900 us
2835 1842 3537 1912 occiderent,defectionis
3549 1857 3619 1898 ac

254 1925 513 1991 Χριστοῦ,
561 1923 651 1971 καὶ
718 1922 1052 1994 συναρπάσαι
1103 1924 1229 1996 πρὸς
1285 1923 1343 1974 τὸ
1397 1926 1604 1994 ταχέως
1673 1920 1858 1976 ἀνελεῖν

259 2007 432 2077 αὐτόν,
490 2007 820 2070 ἁποστασίας
879 2012 969 2061 καὶ
1033 2006 1336 2084 τυραννίδος
1400 2010 1634 2083 ἔγκλημα
1693 2013 1858 2083 τούτῳ

262 2097 676 2169 προσάπτουσιν,
711 2095 823 2168 ἅμα
870 2093 930 2149 δε
971 2102 1079 2162 καὶ,
1149 2099 1251 2166 ἱνα,
1304 2097 1548 2171 φοϐηθεὶς
1594 2102 1680 2152 τὸν
1729 2104 1861 2152 Καί-

270 2202 409 2258 σαρα
455 2183 692 2253 Πιλάτος,
733 2180 874 2255 μηδὲ
903 2183 1212 2259 βουλόμενος
1270 2182 1470 2260 δυνηθῇ
1519 2195 1699 2240 τοῦτον
1756 2187 1860 2251 ἕξε-

265 2270 454 2325 λέσθαι
482 2279 572 2324 τοῦ
598 2273 815 2325 Θανάτου
829 2317 842 2330 ,

343 2363 444 2413 Καὶ
503 2390 570 2401 -
609 2359 786 2432 λέγεις.
839 2363 909 2414 Τὸ
954 2365 1020 2414 Σὺ
1076 2360 1257 2434 λέγεις,
1317 2369 1407 2416 καὶ
1461 2367 1519 2416 τό
1569 2368 1634 2417 Σὺ
1689 2361 1854 2432 εἶπας,

260 2451 352 2501 καὶ
408 2449 473 2500 τὰ
534 2455 771 2518 τοιαῦτα,
825 2448 1075 2522 ὁμολογία
1137 2453 1214 2512 τῖς
1279 2451 1421 2504 ἐστιν
1494 2452 1854 2519 ἀνεπίληπτος,

254 2541 343 2589 καὶ
418 2533 584 2609 μεστῆ
642 2541 1103 2611 μετριοφροσύνης.
1181 2539 1424 2603 Ἰωάννης
1485 2537 1544 2594 δι
1608 2541 1858 2596 πλατύτε-

1967 1934 2300 2006 tyrannidis
2329 1933 2554 1989 crimen
2587 1933 2726 1989 huic
2757 1933 3054 2003 aﬂingunt
3079 1947 3094 1999 ;
3136 1931 3318 1987 simul
3345 1931 3526 1988 etiam
3557 1934 3622 1987 ut

1966 2023 2182 2080 timens
2228 2024 2521 2080 Cmsarem
2565 2022 2808 2090 Pilatus,
2840 2020 3077 2079 etiamsi
3129 2020 3322 2091 vellet,
3366 2019 3530 2077 hunc
3582 2035 3621 2077 a

1967 2120 2156 2170 morte
2184 2113 2410 2186 eripere
2435 2126 2558 2169 non
2586 2115 2822 2184 posset.

2036 2347 2204 2405 Vers.
2241 2347 2324 2402 tt.
2351 2346 2430 2404 Et
2454 2377 2522 2386 —
2547 2344 2714 2402 dicis.
2745 2341 2928 2412 Istud,
2963 2342 3050 2398 Tu
3080 2341 3240 2404 dicis,
3265 2345 3340 2408 et,
3370 2340 3451 2397 Tu
3467 2339 3622 2398 dixi-

1964 2437 2058 2504 sti,
2085 2435 2321 2508 aliaque
2354 2433 2725 2506 hujusmodi,
2769 2430 2976 2487 similis
3003 2430 3096 2502 (tt)
3135 2429 3454 2502 cujusdam
3481 2432 3620 2486 sunt

1965 2524 2210 2581 rationis
2251 2520 2779 2595 irreprehensibilis
2808 2520 3114 2592 plenaeque
3158 2518 3479 2574 modestiae.
3517 2519 3618 2573 Jo-

1965 2629 2154 2670 annes
2183 2613 2258 2668 de
2295 2612 2408 2668 hoc
2460 2627 2702 2683 quoque
2738 2610 2931 2681 capite
2968 2608 3141 2664 latius
3201 2606 3465 2664 scribens
3513 2607 3615 2673 ait,

246 2713 400 2774 ῆλθεν
482 2714 555 2776 εἰς
620 2725 679 2766 τό
758 2721 1076 2790 πραιτώριον
1148 2717 1302 2769 πάλιν
1357 2719 1382 2769 ὁ
1448 2718 1686 2784 Πιλάτος,
1767 2726 1857 2773 καὶ

1972 2703 2128 2775 quod
2151 2702 2452 2772 ingressus
2471 2703 2550 2756 est
2571 2715 2807 2754 rursum
2826 2701 2890 2753 ιή
2900 2696 3243 2766 praetorium
3265 2695 3496 2752 Pilatus
3521 2711 3533 2750 :
3562 2701 3617 2750 et

249 2803 484 2876 ἕφὼνησε
549 2806 637 2856 τὸν
702 2804 926 2873 Ἰησοῦν,
977 2810 1067 2857 καὶ
1129 2803 1263 2859 εἶπεν
1347 2805 1524 2878 αὐτῷ·
1581 2813 1647 2861 Σὺ
1709 2805 1757 2862 εἷ
1831 2812 1856 2862 ό

1972 2792 2191 2850 vocavit
2242 2792 2458 2854 .lesum,
2493 2788 2764 2860 dixitque
2792 2787 2864 2854 ei,
2895 2788 2969 2841 Tu
2996 2802 3053 2842 es
3083 2801 3192 2842 rex
3218 2785 3558 2840 Judxorum
3589 2782 3618 2840 ?

249 2874 501 2964 βασιλεὺς
557 2900 658 2944 τῶν
727 2889 998 2946 Ἰουδαίων
1057 2911 1071 2961 ;
1143 2892 1421 2970 ’Δπεκρίθη
1458 2874 1618 2967 αὐτῷ
1674 2899 1700 2950 ὁ
1757 2898 1855 2956 Ἰη-

1972 2879 2618 2950 Responditeilesus:A
2644 2876 2944 2946 temetipso
2967 2882 3031 2931 tu
3051 2877 3162 2932 hoc
3186 2875 3333 2931 dicis
3357 2893 3370 2932 :
3391 2889 3468 2930 an
3506 2874 3616 2970 alii

250 2987 417 3040 σοῦς·
477 2979 592 3052 Ἀφ’
648 2979 834 3034 ἑαυτοῦ
886 2983 951 3034 σὺ
1008 2989 1160 3034 τοῦτο
1230 2982 1412 3056 λέγεις,
1466 2984 1496 3044 ἣ
1550 2985 1694 3039 ἄλλοι
1771 3005 1855 3040 σοι

1972 2971 2072 3027 tibi
2100 2969 2480 3026 dixerunttde
2507 2967 2639 3023 me?
2667 2965 2979 3036 Respondit
3005 2965 3234 3021 Pilatus
3264 2980 3278 3018 :
3307 2959 3618 3056 Numquid

903 3069 1183 3144 Ἀπεκρίθη
1271 3050 1302 3123 ό
1364 3050 1623 3137 Πιλάτος·
1708 3080 1852 3133 Μήτι

1972 3075 2059 3130 ego
2078 3059 2317 3115 Iudaeus
2337 3073 2467 3113 sum
2490 3060 2515 3109 t
2539 3056 2684 3112 Gens
2705 3062 2810 3110 tua
2849 3057 2901 3109 et
2915 3052 3211 3124 pontiﬁces
3233 3050 3615 3106 tradiderunt

241 3161 324 3229 γὼ
375 3138 648 3219 Ἰουδαῖός
682 3138 861 3229 iam;
926 3161 996 3212 T6
1054 3138 1196 3221 έθνος
1245 3162 1302 3212 τὸ
1350 3165 1460 3226 σὸν,
1513 3166 1603 3214 καὶ
1659 3164 1707 3215 οί
1759 3162 1852 3240 ἆρ-

1972 3156 2016 3206 Ie
2041 3147 2210 3204 mihi.
2264 3145 2409 3212 Quid
2457 3143 2705 3214 fecisti?
2750 3141 3069 3210 Respondit
3111 3142 3277 3240 :Iesus
3309 3156 3322 3194 :
3357 3138 3614 3240 Regnum

245 3227 448 3319 χιερεῖς
523 3227 835 3318 παρέδωκάν
907 3265 964 3300 σε
1021 3245 1156 3320 ἐμοί.
1231 3253 1294 3302 Τί
1366 3249 1652 3318 ἐποίησας;
1704 3227 1854 3306 Ἀπε-

1972 3252 2149 3293 meum
2179 3251 2295 3290 non
2311 3239 2396 3290 est
2415 3247 2491 3290 ex
2521 3232 2624 3288 hoc
2650 3231 2871 3286 mundo
2900 3230 2982 3284 :si
3007 3244 3076 3284 ex
3105 3228 3215 3284 hoc
3233 3227 3447 3281 mundo
3471 3230 3616 3282 esset

235 3314 401 3410 κρίθη
470 3314 726 3398 Ἰησοῦςε
776 3333 836 3388 ’Π
895 3314 1142 3409 βασιλεία
1197 3337 1227 3396 ἠ
1287 3336 1382 3410 ἐμὴ
1437 3338 1530 3391 οὐκ
1582 3314 1723 3392 ἔστιν
1798 3339 1852 3394 ἐκ

1972 3341 2202 3396 regnum
2232 3337 2443 3390 meum,
2471 3319 2728 3376 ministri
2752 3317 2957 3388 utique
2995 3315 3108 3372 mei
3136 3314 3515 3378 decertarent,
3543 3327 3617 3369 ne

235 3429 336 3475 τοῦ
397 3428 600 3495 κόσμου
661 3425 871 3476 τοῦτον
931 3423 975 3476 εί
1040 3424 1095 3476 ἐκ
1151 3432 1243 3478 τοῦ
1293 3430 1493 3500 κόσμου
1544 3430 1730 3482 τούτου
1790 3427 1850 3490 ἧν

1972 3413 2227 3471 traderer
2253 3411 2473 3467 Iudaeis
2507 3427 2520 3465 :
2553 3424 2710 3463 nunc
2740 3410 2934 3464 autem
2970 3420 3222 3474 regnum
3252 3417 3445 3458 meum
3493 3416 3614 3456 non

235 3510 270 3568 ἡ
331 3508 582 3584 βασιλεία
642 3513 673 3570 ἠ
730 3510 850 3586 ἐμὴ,
913 3514 963 3565 οἱ
1019 3514 1271 3588 ὑπηρέται
1330 3492 1403 3567 ἃν·
1443 3517 1492 3568 οἱ
1543 3515 1656 3590 ἐμοὶ
1714 3519 1849 3591 ἠγωο

1972 3510 2041 3561 zst
2074 3503 2233 3560 hinc.
2260 3499 2428 3556 Dixit
2460 3513 2588 3570 ergo
2616 3498 2666 3552 ei
2689 3495 2915 3552 Pilatus
2943 3509 2959 3549 :
2989 3492 3145 3548 Num
3182 3492 3383 3561 itaque
3419 3503 3529 3544 rex
3543 3502 3614 3591 ‘es

233 3597 464 3667 νιζοντο,
537 3600 622 3653 ἵνα
690 3604 763 3673 μὴ
836 3598 1124 3677 παραδοθῶ
1199 3611 1308 3666 τοῖς
1381 3602 1682 3670 Ἰουδαίοις’
1759 3618 1846 3663 νῦν

1972 3606 2026 3657 tu
2048 3601 2077 3656 ‘1
2100 3589 2416 3664 Respondit
2429 3589 2601 3644 Jesus
2629 3603 2642 3643 :
2673 3587 2760 3642 Tu
2779 3584 2950 3677 dicis,
2972 3580 3129 3677 quod
3151 3595 3258 3636 rex
3279 3591 3525 3677 sumego
3543 3576 3613 3677 1}.

235 3683 301 3740 δὲ
331 3689 362 3746 ἡ
407 3685 654 3760 βασιλεία
771 3687 866 3762 ἐμὴ
911 3667 1011 3743 ὀὐκ
1051 3693 1191 3744 ἔστιν
1238 3691 1484 3748 ἐντεῦθεν.
1518 3667 1668 3751 Εἶπεν
1714 3695 1800 3752 οὖν
1843 3695 1986 3770 αὐτῷ
2027 3695 2053 3747 ὁ
2085 3688 2327 3746 Πιλάτος’
2368 3678 2572 3736 Οὐκοῦν
2609 3675 2858 3751 βασιλεὺς
2885 3668 2932 3727 εἶ
2959 3674 3045 3726 σύ.
3081 3669 3358 3745 ’Δπεκρίθη
3391 3667 3617 3733 Ἰησοῦς,

234 3778 308 3829 Σὺ
331 3775 509 3847 λέγεις,
536 3777 615 3829 ὅτι
647 3774 923 3850 βασιλεύς,
958 3777 1066 3852 εἰμι
1096 3778 1213 3852 ἐγώ.
2739 3854 2752 3856 _
2865 3853 2879 3856 _
2932 3851 2949 3856 _
3026 3849 3054 3856 ν,
3263 3852 3271 3856 _
3306 3852 3313 3856 _
3525 3845 3537 3856 .

311 3863 372 3916 Ὀ
429 3865 522 3937 μεν
593 3864 682 3918 οὖν
747 3865 993 3936 Πιλάτος,
1052 3865 1283 3932 ἀκούσας
1342 3875 1461 3947 περὶ
1524 3872 1853 3940 ἆποστασίας

2034 3871 2258 3928 Pilatus
2287 3879 2430 3934 ergo
2481 3858 2687 3917 audita
2719 3854 2794 3912 de
2845 3849 3176 3911 defectione
3213 3852 3280 3947 et
3303 3842 3619 3947 tyrannide

235 3957 333 4007 καὶ
380 3948 710 4028 τυραννίδος,
765 3959 856 4008 καὶ
900 3955 1166 4028 φοϐηθεὶς,
1212 3955 1326 4032 ἰδίᾳ
1369 3938 1548 4016 τοῦτον
1587 3938 1850 4041 ἠρώτησε,

1972 3958 2366 4020 accusatione,
2389 3967 2460 4010 ac
2480 3951 2717 4015 timens,
2743 3943 3021 4017 privatim
3047 3956 3186 3996 eum
3210 3938 3614 4041 interrogavit,

234 4024 636 4118 μυστικώτερόν
698 4061 753 4094 τι
817 4024 1000 4116 μαθεῖν
1052 4024 1383 4120 βουλόμενος·
1431 4052 1457 4103 ό
1501 4047 1561 4105 δε
1621 4024 1854 4129 ipsa-r6;-

1972 4050 2244 4106 secretius
2272 4040 2499 4115 aliquid
2527 4038 2605 4094 ab
2635 4051 2707 4092 eo
2749 4033 2976 4088 discere
3028 4030 3292 4101 cupiens.
3351 4024 3617 4145 Christus

2553 4120 2928 4145 2,-A-‘_-..-..:.
2998 4118 3021 4145 Α
3075 4118 3364 4145 “mnum”.
3392 4119 3453 4145 4,.
3548 4126 3615 4145 ηι,

239 4129 629 4203 ἀντηρώτησεν,
707 4133 788 4184 ὅτι
861 4133 975 4206 Ἀφ’
1054 4134 1242 4188 ἑαυτοῦ
1315 4140 1375 4190 οὐ
1447 4146 1598 4194 τοῦτο
1667 4143 1848 4216 λέγεῖς,

1972 4154 2103 4194 vero
2132 4150 2333 4192 rursus
2375 4113 2520 4186 eum
2550 4120 2951 4191 interrogavit,
2981 4118 3029 4173 A
3073 4118 3364 4187 temetipso
3389 4119 3463 4216 tu.
3504 4113 3615 4193 hoc

238 4219 273 4279 ᾖ
332 4218 482 4271 ἄλλοι
544 4238 627 4273 σοι
691 4217 830 4274 εἶπον
892 4227 1012 4298 περὶ
1079 4223 1204 4297 ἐμοῦ
1255 4241 1270 4292 ς
1321 4225 1424 4299 οὐχ
1494 4229 1561 4291 ὡς
1632 4200 1848 4303 ἀγνοῶν,

1972 4225 2116 4291 ticis,
2147 4239 2224 4278 an
2249 4219 2357 4276 atii
2387 4216 2494 4273 tibi
2522 4213 2804 4270 dixerunt
2823 4209 2888 4264 de
2913 4221 3006 4303 me
3036 4203 3066 4259 ?
3097 4207 3225 4259 Non
3251 4200 3421 4303 quod
3449 4200 3615 4303 igno:

957 4285 966 4298 .
1101 4285 1113 4297 .
1257 4285 1267 4292 .
1380 4285 1424 4299 ι.
1546 4285 1559 4291 -
1671 4285 1686 4303 ι
1833 4285 1848 4302 ι

237 4307 373 4361 ἀλλὰ
442 4309 828 4384 καθαπτόμενος
912 4309 1093 4379 αὐτοῦ,
1158 4309 1297 4366 διότι
1359 4314 1419 4367 οῦ
1482 4323 1851 4393 συμπαρέστη-

1972 4285 2135 4381 raret,
2167 4309 2272 4366 sed
2298 4306 2631 4376 objurgans
2654 4313 2814 4362 eum,
2837 4293 3002 4368 quod
3024 4296 3404 4393 accusatores
3431 4285 3613 4393 simul

581 4375 584 4378 .
681 4375 693 4384 ,
1080 4375 1089 4379 -
1550 4375 1561 4388 .
1665 4375 1676 4393 .
1814 4375 1822 4378 τ

241 4415 331 4450 σεν
409 4396 547 4468 αὐτῷ
630 4402 756 4462 τοὺς
826 4402 1175 4476 κατηγόρους,
1261 4397 1384 4455 οὐδὲ
1459 4409 1848 4478 κατηνάγκασεν

1972 4375 2280 4473 praesentes
2318 4375 2451 4451 esse
2479 4405 2603 4448 non
2628 4388 2845 4445 faceret
2876 4399 2890 4439 :
2927 4395 3126 4452 neque
3158 4378 3394 4476 cogeret
3407 4375 3613 4478 .eos‘ut

239 4485 434 4547 αὐτοὺς
479 4483 651 4549 δεῖξαι
692 4495 888 4560 σημεῖα
940 4460 1040 4551 τῆς
1093 4488 1425 4554 ἁποστασίας
1474 4498 1563 4547 καὶ
1613 4460 1849 4568 τυραννί-

1972 4460 2133 4560 tigna
2155 4481 2504 4543 defectionis
2530 4475 2896 4568 exhiberent,
2919 4485 3041 4568 quo
3067 4466 3261 4568 magis
3285 4460 3613 4568 confunde-

240 4570 360 4641 δός,
399 4575 481 4626 ἵνα
516 4580 606 4628 καὶ
647 4554 844 4648 μᾶλλον
887 4580 1376 4650 καταισχυνθῶσιν.
1417 4578 1477 4633 Ὀ
1521 4579 1580 4635 δε
1631 4554 1848 4646 Πιλάτος

1972 4554 2180 4635 rentur.
2213 4574 2432 4630 Pilatus
2458 4573 2660 4626 autem
2687 4562 2848 4627 dicit,
2880 4558 3040 4633 quod
3067 4557 3183 4614 hoc
3213 4571 3250 4612 a
3287 4554 3611 4650 semetipso

239 4660 676 4736 ἀπολογούμενος,
740 4666 821 4717 ὃτι
903 4666 998 4718 οὐκ
1073 4665 1157 4740 ἀφ’
1215 4667 1401 4721 ἑαυτοῦ
1471 4678 1624 4724 τοῦτο
1688 4672 1844 4745 λέγει,

1972 4682 2078 4724 son
2103 4666 2317 4722 diceret
2345 4679 2359 4715 :
2392 4663 2536 4717 Num
2563 4671 2671 4729 ego
2699 4651 2945 4709 Judmus
2977 4663 3107 4704 sum
3139 4650 3202 4701 ut
3232 4659 3326 4701 res
3357 4645 3490 4698 tuas
3509 4654 3612 4746 co-

241 4755 395 4825 φησί,
423 4757 568 4810 Μήτι
605 4751 705 4825 ἐγὼ
749 4749 1009 4816 Ἰουδαῖός
1058 4755 1184 4828 εἰμι,
1236 4757 1319 4809 ἵνα
1358 4764 1600 4830 γινώσκω
1627 4763 1693 4813 τὰ
1737 4729 1844 4830 σάξ

1972 4770 2248 4828 ζειοεοιιω
2273 4753 2302 4807 ‘I
2325 4750 2436 4817 Qui
2457 4746 2646 4820 gentis
2667 4748 2784 4801 tum
2811 4745 2949 4797 sunt
2969 4735 3340 4836 tradiderunt
3361 4729 3608 4836 temihi,

239 4842 309 4894 Οἱ
363 4841 616 4912 ὁμοεθνεῖς
686 4862 780 4895 σου
838 4840 1148 4916 παρέδωκάν
1199 4865 1256 4898 σε
1313 4845 1445 4920 ἔμοι,
1502 4852 1592 4901 καὶ
1651 4851 1844 4903 τούτων

1972 4818 2012 4902 ξι
2051 4845 2267 4901 horum
2307 4818 2484 4912 primi
2538 4835 2855 4904 magisque
2885 4826 3179 4924 honorati,
3237 4827 3295 4924 et
3327 4819 3440 4893 ipsi
3489 4818 3612 4924 ‘hoc

235 4930 290 4984 οἱ.
326 4937 529 5008 πρῶτοι
571 4935 661 4984 καὶ
702 4935 1002 5004 τιμιώτεροι
1049 4938 1139 4986 καὶ
1184 4933 1333 4988 αὐτοὶ
1379 4943 1532 4990 τοῦτο
1579 4936 1839 5011 λέγουσιν.

1972 4935 2180 4992 licunt.
2219 4905 2443 4988 Deinde
2503 4924 2848 4994 interrogat,
2883 4917 3040 4985 Quid
3088 4913 3299 4978 fecisti,
3344 4907 3512 4984 quod
3534 4905 3611 4964 de

247 2643 338 2698 ρον
386 2629 476 2677 καὶ
533 2631 652 2700 περὶ
707 2629 894 2679 τούτου
937 2635 1030 2679 τοῦ
1076 2626 1354 2702 κεφαλαίου
1416 2635 1574 2702 φησὶν
1626 2632 1705 2683 ὃτι
1745 2631 1856 2684 εἰσ-

249 3076 394 3122 εἷπον
457 3072 577 3140 περὶ
660 3067 823 3141 ἐμοῦς

315 5105 368 5144 ίο
391 5100 531 5166 Luc.
566 5122 732 5177 nm,
759 5109 784 5166 1
794 5150 812 5197 ,
835 5114 888 5168 2.
967 5109 1010 5149 “
1041 5109 1215 5171 Joan.
1245 5129 1412 5183 mu,
1444 5115 1632 5173 33-37.

1475 5264 1704 5339 Variae
1731 5264 2060 5337 lectiones
2088 5268 2387 5339 etnotae.
2464 5333 2468 5338 ,

315 5431 397 5506 (8)
423 5423 904 5508 Παραδεδώκαμεν,
936 5437 994 5494 Β.
1821 5451 1824 5456 ·

2025 5433 2106 5506 (9)
2139 5430 2314 5505 Ἧμῶν
2358 5422 2593 5486 addunt
2622 5421 2804 5480 etiam
2836 5418 2898 5476 in
2929 5417 3212 5475 contextu
3248 5411 3416 5468 Lucis
3449 5407 3514 5462 Α.
3542 5405 3608 5460 Β.

313 5615 420 5685 (ss)
439 5613 494 5692 Λᾼ
504 5613 776 5692 bducere.
798 5589 1136 5692 Συναρπάσαι
1150 5629 1277 5692 non
1298 5618 1385 5675 est
1399 5611 1717 5692 abducere,
1739 5612 1847 5692 sed

1972 5609 2348 5692 ιοῐὶρεςιῐειίη..
2915 5663 3185 5692 -..μω
3221 5601 3381 5692 ητέ

232 5657 1848 5761 ηδ’ἑῇίίῖὄᾶᾆὸἆεὶἇῖἱὲέὲἴυᾜὲὗῖἔῖἑξέᾌῖῦξιιῖτῖἆ
1919 5657 2396 5761 ’ξ“ἰῐῆξξζξῆἰιξε,
2429 5679 2548 5761 τοῖο.
2580 5663 3190 5761 Ριοῐεξεξξρῃιιυεθᾶαω
3220 5661 3312 5754 est
3361 5657 3612 5730 impre-

235 5743 1850 5833 opprimerealiquemmtaliquidfaéiatForteédducere
1956 5743 2269 5811 hehsibilis
2300 5752 2358 5807 et
2386 5747 2566 5822 plena
2604 5743 2934 5802 modestius.
3301 5751 3306 5754 ·
3524 5763 3534 5774 .
