4198 6454
627 345 726 402 711

627 468 844 526 talibus
877 466 929 523 te
959 469 1241 523 accusent
1275 461 1304 524 ?
1335 468 1401 523 Et
1425 465 1642 524 deinde
1692 465 1864 525 solvit
1891 467 2154 524 Christus
2185 470 2271 540 ty-

625 555 896 613 rannidis
935 555 1360 627 suspicionem,
1405 554 1612 611 dicens
1642 570 1886 626 regnum
1927 572 2103 612 suum
2147 569 2270 610 non

625 659 754 701 esse
790 659 860 700 ex
881 642 1110 700 mundo
1139 642 1254 700 hoc
1295 659 1308 699 :
1342 647 1395 700 et
1426 643 1677 700 Pilatum
1705 643 1912 700 timore
1937 644 2130 701 solvit.
2165 644 2270 700 Po-

623 732 713 790 nit
739 737 938 789 autem
964 737 1022 788 et
1051 732 1608 801 considerationem,
1631 749 1768 806 quas
1797 738 1855 790 et
1879 733 1993 790 hoc
2023 733 2269 789 demon-

625 826 784 878 stret.
817 825 964 878 Nam
985 836 1236 891 regnum
1266 821 1434 893 quod
1459 838 1532 878 ex
1547 823 1660 878 hoc
1677 823 1907 879 mundo
1937 827 2044 888 est,
2069 822 2129 878 in
2160 821 2268 878 mi-

623 910 823 967 nistris
848 909 1023 966 habet
1060 909 1465 974 fortitudinem
1499 927 1510 965 :
1539 911 1721 982 hujus
1753 916 1952 967 autem
1998 926 2263 982 regnum,

624 1015 762 1055 cum
781 999 1018 1054 cceleste
1032 998 1125 1065 sit,
1151 1013 1188 1055 a
1207 999 1406 1071 seipso
1427 998 1611 1055 robur
1623 1000 1866 1056 obtinet.
1886 999 2091 1056 Dicens
2104 1015 2264 1068 vero,

623 1090 883 1158 Regnum
910 1103 1103 1144 meum
1123 1103 1240 1144 non
1269 1094 1350 1144 est
1385 1103 1460 1146 ea:
1489 1088 1596 1145 hoc
1617 1090 1851 1154 mundo,
1876 1104 1990 1144 non
2017 1088 2270 1146 detrahit

621 1191 810 1248 regno
839 1175 1150 1233 mundano
1180 1192 1351 1234 suam
1401 1176 1825 1243 fortitudinem,
1879 1177 1982 1234 sed
2015 1177 2271 1234 ostendit

621 1265 791 1339 quod
818 1281 996 1322 suum
1024 1280 1146 1322 non
1189 1265 1266 1322 sit
1293 1270 1356 1322 ut
1379 1281 1566 1336 regna
1592 1266 1806 1322 mundi
1856 1266 2057 1340 hujus,
2099 1267 2269 1322 mini-

625 1355 762 1411 stris
790 1354 1084 1427 indigens,
1118 1353 1428 1428 timorique
1475 1353 1830 1427 subjectum,
1863 1371 1933 1413 ac
1959 1354 2143 1412 ﬁnem
2173 1370 2268 1412 ca-

623 1457 795 1516 piens
810 1486 823 1500 .

693 1641 909 1697 Deinde
946 1657 1218 1713 egressus
1269 1640 1488 1697 Pilatus
1521 1641 1764 1698 tentavit
1803 1641 2053 1700 liberare
2104 1659 2263 1700 eum.

621 1729 722 1788 Ait
750 1729 912 1786 enim
941 1703 1127 1787 Lucas
1145 1730 1304 1802 quod
1329 1729 1543 1786 dixerit
1565 1729 1645 1786 ad
1670 1731 1968 1804 principes
1995 1733 2268 1789 sacerdo-

2378 1705 2550 1759 αὐτόν.
2605 1708 2740 1760 Φησὶ
2787 1705 2886 1774 γὰρ
2934 1703 2960 1753 ὁ
3006 1707 3208 1760 Λουκᾶς

619 1820 749 1874 tum
779 1822 837 1874 et
865 1818 1069 1875 turbas
1093 1819 1294 1875 :Nihil
1317 1819 1553 1875 invenio
1588 1834 1750 1874 noxae
1775 1819 1836 1875 in
1869 1819 1978 1877 hoc
2012 1821 2264 1879 homine.

623 1906 704 1960 At
722 1904 819 1961 illi
831 1905 1268 1963 invalescebant
1305 1906 1568 1963 dicentes
1583 1921 1604 1961 .·
1627 1905 1954 1964 Commovet
1984 1910 2265 1978 populum

620 1993 830 2051 docens
838 2010 950 2064 per
959 1996 1292 2052 universam
1305 1996 1594 2061 Judmam,
1615 2010 1861 2052 exorsus
1873 2012 1909 2052 a
1923 1997 2158 2054 Galilwa
2175 2013 2266 2054 us-

622 2097 736 2154 que
763 2082 839 2140 ad
869 2084 1028 2140 hunc
1059 2085 1264 2140 locum.
1297 2084 1522 2141 Pilatus
1547 2090 1739 2141 autem
1767 2085 1969 2142 audita
1996 2087 2264 2158 Galilaea,

618 2171 1004 2243 interrogavit
1017 2179 1216 2228 utrum
1231 2173 1400 2229 homo
1415 2173 1689 2228 Galilzus
1701 2180 1866 2231 esset.
1879 2175 1958 2230 Et
1975 2179 2038 2230 ut
2059 2190 2267 2246 cogno-

620 2259 706 2318 vit
734 2260 886 2333 quod
909 2262 987 2316 ad
1036 2262 1287 2318 Herodis
1326 2262 1605 2318 ditionem
1653 2262 1999 2332 pertineret,
2046 2264 2268 2320 remisit

620 2348 791 2406 illum
821 2351 904 2406 ad
929 2349 1228 2417 Herodem,
1260 2351 1360 2422 qui
1385 2357 1440 2407 et
1480 2350 1600 2420 ipse
1641 2350 2008 2422 Jerosolymis
2045 2359 2169 2408 erat
2206 2353 2268 2409 in

620 2436 739 2493 iliis
776 2437 976 2495 diebus
1008 2440 1074 2506 η,
1121 2444 1230 2495 etc.
1296 2438 1510 2494 Pilatus
1565 2439 1765 2512 itaque
1815 2455 1953 2495 cum
2011 2439 2272 2498 audisset

622 2526 904 2584 aChristo
933 2527 1008 2583 de
1028 2542 1214 2598 regno
1235 2527 1422 2600 ipsius
1442 2527 1606 2598 quod
1637 2543 1707 2583 ex
1736 2527 1964 2584 mundo
1993 2529 2107 2585 hoc
2148 2544 2271 2585 non

623 2619 777 2672 esset
807 2631 821 2670 ε
855 2619 913 2670 et
933 2615 1170 2688 cognito
1193 2615 1358 2688 quod
1379 2631 1500 2670 non
1518 2615 1760 2671 haberet
1781 2622 2134 2689 apparatum
2161 2617 2273 2673 ali-

621 2719 804 2776 quem
827 2705 1204 2776 tyrannicum
1230 2705 1348 2759 sive
1369 2704 1599 2776 insigne
1629 2705 1841 2760 terreni
1869 2706 2032 2776 regni
2057 2727 2069 2761 :
2096 2710 2152 2762 et
2176 2721 2271 2762 co-

620 2804 916 2862 gnoscens
947 2808 1071 2849 non
1101 2808 1231 2848 esse
1260 2790 1638 2864 probabilem
1677 2793 2120 2849 accusationem
2151 2794 2270 2850 :in-

621 2879 919 2952 culpatum
943 2897 1082 2937 eum
1112 2880 1456 2936 declaravit.
1484 2879 1606 2951 Ipsi
1632 2895 1770 2936 vero
1813 2896 1946 2936 cum
1979 2882 2269 2938 dictarum

619 2968 1076 3025 accusationum
1125 2969 1297 3038 signa
1348 2982 1467 3024 non
1513 2974 1759 3041 possent
1804 2972 2137 3037 ostendere,
2195 2971 2268 3026 ad

619 3055 863 3113 alteram
887 3057 1292 3127 digrediuntur
1315 3056 1761 3113 accusationem
1787 3057 2082 3115 dicentes:
2112 3059 2269 3115 Com-
2304 3082 2343 3138 ρ

619 3149 828 3209 movet,
859 3144 986 3200 sive
1013 3145 1338 3217 perturbat,
1364 3146 1647 3217 populum
1677 3146 1911 3203 docens.
1939 3146 2005 3203 Et
2027 3148 2267 3218 quidem

619 3233 786 3305 quod
806 3232 1018 3290 doceat
1046 3238 1322 3290 astruunt
1350 3250 1364 3290 :
1387 3249 1510 3291 non
1539 3233 1742 3291 dicunt
1767 3240 1970 3292 autem
1990 3236 2139 3310 quid
2167 3237 2270 3294 do-

621 3325 768 3388 ceat,
834 3336 909 3379 ne
959 3323 1285 3381 rideantur.

694 3581 803 3638 Ubi
850 3586 1052 3638 autem
1092 3582 1326 3639 fecisset
1363 3582 1624 3639 Herodes
1661 3599 1798 3656 qum
1850 3583 2024 3642 refert
2061 3585 2266 3642 Lucas.

620 3685 834 3728 rursus
846 3684 980 3725 eum
997 3670 1223 3726 remisit
1235 3671 1310 3726 ad
1327 3670 1599 3739 Pilatum,
1628 3672 2082 3744 insequentibus
2093 3674 2269 3730 etiam

619 3756 991 3830 principibus
1011 3757 1384 3833 sacerdotum
1407 3773 1476 3813 ac
1496 3757 1725 3824 scribis,
1745 3765 1801 3815 et
1825 3761 2115 3816 adversus
2134 3777 2272 3818 eum

619 3844 1084 3902 vociferantibus
1113 3846 1180 3900 υ.
1210 3845 1427 3901 Pilatus
1462 3862 1594 3903 vero
1614 3849 1954 3905 convocatis
1986 3850 2276 3924 principi-

620 3932 739 3990 bus
763 3932 1141 3989 sacerdotum
1167 3937 1224 3989 et
1240 3935 1699 4005 magistratibus,
1714 3952 1783 3993 ac
1807 3937 1996 4009 plebe,
2027 3939 2176 3996 dixit
2195 3940 2274 3996 ad

620 4020 758 4078 illos
792 4039 806 4075 :
833 4036 978 4078 nam
1007 4021 1068 4077 id
1089 4037 1329 4094 quoque
1355 4023 1527 4080 refert
1555 4025 1740 4081 Lucas
1767 4042 1781 4082 :
1811 4027 2105 4086 obtulistis
2123 4029 2274 4087 mihi

625 4109 788 4168 hunc
823 4109 1126 4179 hominem,
1167 4115 1449 4184 tanquam
1483 4121 1832 4171 avertentem
1876 4117 2172 4189 populum,
2217 4125 2272 4176 et

623 4214 754 4258 ecce
781 4215 885 4271 ego
912 4216 1111 4257 coram
1140 4200 1293 4256 vobis
1313 4217 1437 4258 cum
1472 4202 1856 4274 inquisissem,
1897 4206 2050 4263 nihil
2077 4207 2273 4264 inveni

624 4289 964 4347 criminisin
988 4289 1211 4347 homine
1223 4290 1333 4346 isto
1345 4305 1416 4347 ex
1426 4290 1512 4346 his
1523 4292 1596 4348 de
1616 4293 1828 4364 quibus
1843 4298 2133 4352 accusatis
2143 4313 2270 4353 eum

622 4380 725 4437 sed
747 4395 818 4436 ne
845 4379 1104 4436 Herodes
1132 4380 1388 4452 quidem.
1413 4380 1565 4436 Nam
1594 4382 1796 4438 remisi
1818 4398 1912 4438 vos
1935 4385 2013 4439 ad
2034 4385 2224 4454 ipsum
2250 4405 2270 4451 ,-

1968 338 2317 401 EUTHYMII
2345 336 2706 420 .ZIGABENI

3866 338 3965 402 713

2377 465 2504 522 Εἶτα
2533 466 2718 539 έρωτᾷ.
2771 467 2835 518 Τί
2869 461 3139 534 έποίησας,
3189 461 3270 515 ὅτι
3319 463 3539 516 τοιαῦτά
3593 479 3678 516 σοι
3740 462 3964 535 ἄγκαλοῡ.

2381 572 2476 623 at;
2519 560 2619 609 Καὶ
2665 554 2841 606 λοιπὸν
2889 552 2996 606 λύει
3043 556 3136 611 τὴν
3184 551 3414 622 ύποψίαν
3462 559 3558 613 τῆς
3613 550 3965 626 τυραννίδοςὸ

2377 648 2628 720 Χριστός,
2681 642 2840 714 λέγων
2896 645 2989 700 τὴν
3053 639 3325 714 βασιλείαν
3391 639 3550 693 αὐτοῦ
3612 644 3685 712 μὴ
3750 639 3872 695 εἶναι
3914 643 3963 697 ἐκ

2375 741 2467 786 τού
2510 737 2710 804 κόσμου
2740 733 2948 796 τούτου,
2980 734 3069 782 καὶ
3117 727 3330 780 ἀπολύει
3385 735 3478 781 τοῦ
3509 727 3672 801 φόϐου
3702 733 3788 782 τὸν
3818 731 3966 784 Πιλά-

2375 841 2480 876 τον.
2521 823 2716 879 Τίθησι
2749 817 2807 872 δε
2852 823 2941 871 καὶ
2987 818 3258 891 λογισμὸν,
3313 817 3439 870 αύτό
3490 836 3544 870 τε
3585 824 3738 872 τοῦτο
3781 816 3963 873 δεικνύ.

2375 930 2516 976 οντα,
2575 914 2666 962 καὶ
2716 909 2797 961 ὅτι
2852 909 2882 965 ἡ
2945 905 2999 959 έκ
3047 913 3139 960 τοῦ
3186 910 3388 979 κόσμου
3454 904 3706 978 βασιλεία
3757 905 3805 960 ἂν
3865 916 3966 972 τοῖς

2375 1001 2658 1073 ὑπηρέταις
2711 1000 2822 1069 ἔχει
2879 1000 2967 1054 τὴν
3037 995 3218 1067 ἰσχύν⁶
3275 997 3304 1053 ἠ
3359 991 3419 1047 δὲ
3470 997 3660 1048 τούτου
3713 994 3960 1068 βασιλεία,

2376 1088 2608 1161 ούράνιος
2657 1082 2810 1151 οὖσα,
2863 1083 2947 1156 ἀφ’
3004 1083 3187 1144 έαυτῆς
3242 1088 3488 1142 κέκτηται
3538 1086 3601 1138 τὸ
3651 1087 3850 1160 κράτος.
3881 1086 3963 1138 Ei-

2375 1180 2483 1227 πὼν
2534 1171 2592 1226 δε
2653 1175 2732 1225 ὅτι
2776 1172 2834 1224 Ἠ
2896 1169 3146 1244 βασιλεία
3197 1172 3226 1229 ἡ
3275 1170 3372 1242 ἐμὴ
3433 1168 3528 1222 ούκ
3589 1172 3729 1224 ἔστιν
3777 1171 3830 1224 ἐκ
3880 1179 3964 1225 τοῦ

2377 1268 2578 1334 κόσμου
2631 1263 2834 1327 τούτου,
2890 1259 2995 1330 ούχ
3061 1258 3355 1330 ὑπεξήγαγε
3409 1267 3503 1320 τῆς
3564 1257 3750 1312 ἑαυτοῦ
3801 1264 3966 1336 κυριὸ⁹

2375 1370 2530 1412 τητος
2568 1354 2654 1402 τὸν
2703 1353 2919 1421 κόσμον,
2982 1346 3090 1400 ἀλλ’
3143 1345 3370 1418 ἐνέφηνεν
3423 1348 3505 1400 ὅτι
3550 1347 3650 1400 οὐκ
3701 1350 3857 1417 ἔστιν,
3902 1350 3965 1411 ὡς

2380 1442 2555 1491 αἰτοῦ
2600 1443 2800 1509 κόσμου
2840 1438 3028 1488 τούτου
3075 1433 3364 1507 βασιλεῖαι,
3423 1432 3644 1509 δεομένη
3695 1437 3961 1512 ὑπηρετῶν,

2377 1533 2465 1580 καὶ
2496 1529 2802 1597 ὑποκειμένη
2843 1523 3039 1597 φόϐοις,
3072 1528 3160 1575 καὶ
3191 1523 3332 1585 τέλος
3359 1526 3586 1596 ἔχουσα.

2449 1613 2574 1668 Εἶτα
2624 1614 2832 1677 ἐξελθὼν
2885 1615 2910 1664 ὀ
2970 1612 3190 1672 Πιλάτος
3243 1611 3487 1686 ἐπειράθη
3535 1613 3652 1685 (10)
3717 1613 3960 1676 ἄξελέσθαι

3262 1702 3339 1752 ὅτι
3396 1709 3505 1754 εἰπε
3553 1705 3681 1775 πρὸς
3715 1705 3827 1762 τούς
3869 1699 3960 1776 ἀρ-

2374 1801 2571 1868 χιερεῖς
2633 1797 2722 1844 καὶ
2789 1795 2910 1851 τούς
2956 1789 3150 1861 ὄχλους
3199 1785 3368 1842 Ούδεν
3433 1791 3650 1864 εὑρίσκω
3708 1792 3864 1841 αῖτιον
3903 1791 3951 1840 έν

2375 1892 2447 1953 τῷ
2525 1880 2776 1954 ἀνθρώπῳ
2847 1881 3030 1949 τούτῳ·
3112 1879 3160 1929 οἱ
3237 1873 3295 1930 δι
3367 1876 3634 1949 έπίσχυον,
3706 1875 3944 1948 λέγοντες,

2375 1974 2455 2024 ὅτι
2512 1970 2767 2025 Ἀνασείει
2829 1971 2914 2018 τὸν
2970 1967 3114 2032 λαὸν,
3188 1961 3458 2018 διδάσκων
3521 1965 3636 2018 καθ’
3692 1964 3809 2026 ὅλης
3861 1971 3951 2023 τῆς

2378 2056 2661 2125 Ἰουδαίας,
2762 2056 3046 2132 ἀρξάμενος
3129 2053 3229 2106 ἀπὸ
3334 2063 3428 2116 τῆς
3519 2052 3786 2114 Γαλιλαίας
3869 2051 3962 2112 ἕως

2375 2149 2497 2203 ὧὸε.
2580 2146 2802 2208 Πιλάτος
2878 2141 2958 2208 δε,
3044 2141 3270 2203 ἀκούσας
3340 2140 3636 2210 Γαλιλαίαν,
3706 2139 3967 2214 έπηρὼτη-

2379 2257 2483 2301 σεν,
2569 2236 2612 2287 εἰ
2687 2236 2712 2286 ὁ
2787 2234 3053 2308 ἄνθρωπος
3131 2230 3402 2293 Γαλιλαίός
3481 2228 3618 2288 ἔστι.
3694 2231 3796 2283 Καὶ
3867 2225 3973 2280 im-

2376 2329 2550 2396 7vob;,
2621 2326 2702 2376 ὅτι
2766 2321 2818 2374 ἐκ
2880 2330 2972 2381 τῆς
3036 2320 3273 2383 ἐξουσίας
3345 2315 3586 2391 Ἡρώδου
3651 2315 3810 2387 έστὶν,
3870 2314 3973 2368 ἀνί·

2378 2413 2574 2485 πεμψεν
2647 2411 2800 2463 αὐτὸν
2868 2412 2994 2485 πρὸς
3040 2404 3300 2481 Ἡρώδην,
3360 2411 3483 2459 ὄντα
3550 2409 3639 2459 καὶ
3710 2403 3861 2458 αὐτὸν
3929 2405 3976 2457 ἑν

2376 2500 2755 2575 Ἱεροσολύμοις
2827 2497 2876 2549 έν
2949 2499 3160 2557 ταύταις
3235 2502 3352 2557 ταῖς
3434 2496 3674 2567 ἡμέραις,
3756 2496 3847 2544 καὶ
3916 2493 3981 2543 τὰ

2379 2590 2515 2652 ἑξῆς.
2557 2589 2615 2640 '0
2675 2591 2764 2659 μεν
2813 2586 2900 2638 οὖν
2953 2585 3184 2648 Πιλάτος,
3239 2582 3470 2645 ἀκούσας
3522 2585 3665 2658 παρὰ
3712 2588 3806 2634 τοῦ
3846 2586 3982 2655 Χρι-

2382 2686 2507 2730 στοῦ
2539 2682 2771 2751 περὶτῆς
2804 2673 3080 2747 βασιλείας
3133 2673 3310 2738 αὐτοῦ,
3358 2673 3436 2725 ὃτι
3476 2671 3571 2724 οὐκ
3610 2673 3752 2724 ἔστιν
3795 2668 3852 2722 ix
3896 2673 3985 2721 τοῦ

2378 2771 2580 2836 κόσμου
2634 2769 2840 2828 τούτου,
2894 2767 2982 2815 καὶ
3040 2765 3195 2834 γνούς
3244 2762 3324 2813 ὅτι
3375 2759 3469 2813 ούκ
3517 2762 3631 2832 ἔχει
3687 2775 3987 2834 παρασκευ-

2381 2854 2441 2911 ἠν
2495 2873 2610 2904 τινα
2665 2856 2996 2925 τυραννικὴν,
3055 2851 3084 2908 ἣ
3142 2853 3199 2901 τὸ
3256 2851 3453 2901 οἱονοῦν
3505 2849 3832 2922 παράσημον
3885 2847 3992 2898 επι-

2377 2946 2518 3014 γείου
2559 2940 2854 3013 βασιλείας,
2904 2945 2993 2991 καὶ
3041 2935 3288 3010 διαγνούς
3337 2935 3587 2990 ἀπίθανον
3621 2942 3720 2996 τήν
3763 2953 3992 3008 κατηγο-

2375 3050 2511 3103 ριαν,
2555 3032 2783 3082 ἀναίτιον
2833 3027 2988 3080 αὐτὸν
3045 3025 3311 3099 ἀπέφηνεν·
3363 3025 3514 3079 αὐτοὶ
3568 3022 3650 3092 δί,
3701 3029 3779 3098 μὴ
3834 3019 3996 3077 dmid-

2377 3139 2520 3192 μενοι
2573 3115 2745 3181 δεῖξαι
2803 3123 2996 3190 σημεῖα
3046 3124 3145 3169 τῶν
3182 3115 3436 3189 ῥηθέντων
3489 3113 3857 3188 έγκλημάτων,
3907 3129 3993 3184 με·

2377 3206 2602 3266 τέϐησαν
2659 3210 2730 3279 ἕν’
2781 3206 2951 3279 ἑτέραν
3008 3209 3347 3278 κατηγορίαν,
3405 3202 3638 3275 λέγοντες
3693 3204 3783 3256 ὅτι
3845 3201 3994 3256 Ἀνα-

2381 3301 2506 3349 σείει
2555 3298 2640 3348 τὸν
2702 3294 2845 3361 λαὸν⁹
2911 3297 3072 3366 ἤγουν
3139 3292 3441 3358 ἀναστατοῖ,
3515 3287 3822 3346 διδάσκων.
3896 3293 3998 3344 Καὶ

2377 3386 2458 3438 ὅτι
2495 3387 2585 3457 μεν
2635 3379 2884 3437 διδάσκει
2925 3381 3157 3454 λέγουσι’
3191 3385 3242 3434 τί
3287 3377 3347 3433 δε
3381 3376 3655 3451 διδάσκει,
3696 3378 3762 3433 ού
3806 3378 4003 3452 λέγου-

2382 3493 2484 3540 σιν,
2515 3473 2596 3525 ἶνα
2623 3476 2694 3546 μὴ
2719 3471 3196 3544 καταγελασθῶσιν.

2448 3561 2507 3613 Ὀ
2555 3557 2614 3614 δε
2666 3556 2929 3635 Ἡρώδης,
2978 3564 3206 3621 ποιήσας
3253 3559 3355 3611 ὅσα
3401 3562 3533 3631 φησί
3589 3561 3830 3619 Λουκᾶς,
3885 3553 4006 3627 (Η)

2381 3648 2671 3724 ἀντέπεμψε
2722 3657 2902 3702 τοῦτον
2965 3648 3117 3702 πάλιν
3168 3650 3297 3721 πρὸς
3361 3651 3448 3699 τὸν
3499 3646 3744 3713 Πιλάτον,
3814 3643 4010 3716 byma-

2381 3743 2542 3813 μένων
2601 3743 2690 3790 καὶ
2759 3746 2858 3790 τῶν
2938 3735 3222 3811 ἀρχιερέων
3287 3739 3373 3788 καὶ
3437 3741 3533 3786 τῶν
3601 3733 4008 3807 Γραμματέων,

2381 3834 2470 3880 καὶ
2523 3825 2911 3881 καταϐοώντων.
2965 3825 3186 3886 Πιλάτος
3230 3820 3308 3892 δε,
3357 3821 3807 3894 συνκαλεσάμενος
3868 3820 4010 3878 τοὺς

2382 3915 2643 3990 ἀρχιερεῖς
2693 3919 2783 3968 καὶ
2857 3917 2974 3976 τούς
3041 3915 3306 3989 ἄρχοντας
3366 3916 3456 3965 καὶ
3515 3913 3601 3963 τὸν
3658 3907 3816 3978 λαὸν⁹
3891 3901 4014 3959 εἷπε

2379 4009 2509 4079 πρὸς
2545 4004 2750 4065 αύτούς·
2811 4005 2838 4056 ὁ
2894 4009 3100 4065 Λουκᾶς
3147 4007 3237 4054 καὶ
3279 4001 3444 4055 ταῦτά
3491 4019 3640 4074 φησι.
3681 3999 4022 4071 Προσηνέγ-

2379 4096 2504 4144 κατέ
2586 4111 2677 4165 μοι
2762 4095 2850 4144 τὸν
2938 4093 3205 4167 ἄνθρωπον
3297 4097 3496 4158 τοῦτον,
3579 4089 3649 4149 ὡς
3735 4088 4020 4161 ἀποστρέ-

2381 4201 2541 4254 φοντα
2604 4182 2691 4234 τὸν
2767 4181 2910 4246 λαὸν,
2986 4185 3076 4232 καὶ
3153 4175 3270 4232 ἰδού
3359 4177 3478 4250 byth,
3546 4175 3767 4229 ένὼπιον
3866 4177 4026 4248 ὑμῶν

2381 4267 2678 4345 ἀνακρίνας,
2760 4265 2913 4322 ούδεν
2987 4268 3131 4340 εὗρον
3197 4266 3246 4320 έν
3333 4274 3406 4338 τῷ
3478 4263 3738 4338 ἀνθρώπῳ
3837 4271 4025 4334 τοῦτῳ

2379 4358 2564 4429 αἴτιον,
2648 4357 2716 4408 ὧν
2801 4363 3133 4432 κατηγορεῖτε
3201 4355 3318 4408 κατ’
3404 4353 3566 4406 αὐτοῦ
3609 4371 3622 4385 ο
3669 4350 3795 4404 ἀλλ’
3893 4346 4030 4406 οὐδὲ

624 4475 678 4526 et
694 4483 817 4525 ecce
837 4469 998 4524 nihil
1011 4426 1255 4540 digrium
1274 4475 1464 4524 morte
1487 4475 1685 4526 actum
1707 4477 1790 4528 est
1816 4471 1882 4526 ei.
1919 4426 2266 4543 Corrreptun;

2378 4426 2632 4520 Ἠρώδής.
2707 4426 3012 4518 ’Δνέπεμφα
3071 4447 3172 4517 γὰρ
3251 4443 3383 4515 ύμᾶς
3448 4443 3578 4515 πρὸς
3643 4440 3850 4508 αὐτὸν,
3933 4443 4030 4492 καὶ

624 4570 757 4626 ergo
783 4556 972 4626 ipsum
1002 4557 1302 4613 absolvam
1336 4557 1384 4593 ¹⁴
1417 4573 1430 4612 :
1459 4560 1889 4631 correptionem
1930 4561 2025 4617 hic
2057 4577 2270 4618 vocans

623 4643 986 4701 mediocrem
999 4643 1477 4715 ﬂagellationem,
1490 4647 1569 4702 ad
1593 4647 1868 4703 solatium
1882 4653 1939 4704 et
1953 4651 2272 4721 repressio—

624 4746 766 4788 nem
803 4731 904 4787 irm
941 4731 1199 4798 illorum,
1231 4737 1296 4788 ut
1341 4734 1448 4788 visi
1489 4733 1654 4791 illum
1712 4735 2004 4792 devicisse
2027 4737 2270 4794 cohibe-

624 4824 829 4877 rentur
853 4819 932 4876 ab
959 4819 1214 4877 ulteriori
1235 4820 1490 4878 insania.
1515 4827 1587 4878 At
1605 4823 1686 4879 illi
1708 4838 1816 4880 nec
1859 4824 2026 4882 sicin
2069 4826 2272 4900 aliquo

624 4909 826 4965 minus
854 4907 1098 4980 eﬂerati,
1143 4909 1530 4967 immobiliter
1590 4911 1670 4967 ad
1716 4911 1778 4968 id
1807 4921 2158 4988 spectantes,
2206 4921 2274 4974 ut

629 4997 894 5056 velociter
921 4998 1366 5066 interﬁceretur,
1427 5015 1635 5057 rursus
1679 5001 1984 5061 oblatrant.

698 5266 744 5303 ¹²
769 5265 910 5324 Luc.
936 5282 1098 5334 mu,
1129 5267 1242 5324 4-7.
1320 5266 1366 5302 ¹³
1394 5266 1530 5323 Luc.
1563 5281 1728 5340 mu,
1761 5269 1846 5326 11.
1926 5271 1974 5308 ¹⁴
2003 5271 2149 5330 ibid-
2178 5275 2363 5336 13-16.

2627 4530 2779 4587 ούδεν
2868 4533 3012 4596 ἄξιον
3108 4535 3328 4586 θανάτου
3427 4529 3536 4583 ἐστὶ
3627 4533 4036 4603 πεπραγμένον

3896 4622 4036 4671 Παί-

2381 4533 2520 4601 ἰδού,

2382 4623 2493 4696 (12)
2548 4623 2707 4695 αύτῷ.
2765 4618 3068 4682 Παιδεύσας
3130 4617 3217 4673 οὖν
3293 4618 3448 4672 αύτόν
3517 4616 3809 4674 ἀπολύσω.

2382 4708 2562 4764 δευσιν
2620 4711 2838 4764 ἐνταῦθα
2886 4714 2978 4769 τὴν
3047 4714 3260 4784 μετρίαν
3315 4711 3649 4780 μαστίγωσιν
3698 4704 3900 4779 λέγων
3964 4700 4041 4769 εἷς

2379 4800 2715 4875 παραμυθίαν
2761 4805 2850 4852 καὶ
2895 4796 3218 4856 καταστολην
3283 4802 3375 4848 τοῦ
3437 4797 3605 4867 θυμοῦ
3655 4792 3884 4861 αὐτῶν,
3928 4796 4038 4861 ἵνα,

2382 4883 2642 4955 δόξαντες,
2698 4889 3060 4962 περιγενέσθαι
3120 4885 3302 4951 αὐτοῦ,
3369 4885 3679 4936 παύσωνται
3761 4890 3884 4947 τῆς
3948 4902 4046 4937 πε·

2379 4981 2600 5052 ραιτέρω
2635 4981 2840 5050 μανίας,
2890 4978 2956 5028 Oi
2999 4972 3059 5028 δε
3087 4979 3178 5028 καὶ
3207 4973 3366 5034 οὕτως
3413 4967 3563 5024 ούδεν
3616 4969 3867 5026 ἔλαττον
3933 4972 4045 5036 ἒξε-

2384 5067 2678 5140 θηριοῦντο,
2746 5067 2875 5138 πρὸς
2943 5063 2992 5116 ἓν
3069 5067 3222 5136 μόνον
3284 5060 3502 5121 ἀκλινῶς
3562 5059 3836 5134 ὁρῶντες,
3916 5059 4044 5136 (15)

2383 5151 2572 5207 ἀνελεῖν
2591 5153 2745 5207 αύτόν
2776 5154 3032 5227 τάχιστα.
3062 5154 3150 5206 Διό
3187 5151 3340 5206 πάλιν
3370 5147 3816 5210 καθυλακτοῦσι.

1849 5395 2065 5469 Variae
2101 5398 2428 5472 lectiones
2467 5413 2533 5472 et
2562 5411 2744 5472 notae

694 5535 812 5608 (10)
848 5534 1208 5608 ΔἘπηρώτων),
1261 5538 1338 5608 ᾼ.

696 5605 815 5680 (11)
847 5605 1132 5680 Ἀνέπεμψε
1162 5605 1566 5680 scribendum,
1600 5612 1666 5668 ut
1688 5609 1871 5671 habet
1896 5612 2087 5672 codex
2116 5620 2268 5674 uter-

623 5677 744 5756 que
782 5677 940 5736 intra
965 5677 1036 5735 in
1059 5677 1337 5766 contextu
1369 5679 1560 5738 Lucae.
1641 5699 1646 5706 δ

2477 5545 2560 5603 12)
2590 5547 2670 5601 Ἐν
2705 5544 3029 5603 interponit
3056 5545 3124 5600 Α.

2477 5546 2538 5602 12
2590 5547 2670 5601 Ἐν
2705 5546 2825 5603 inte
2940 5546 3029 5602 nit
3056 5546 3124 5600 A.

2471 5546 2560 5694 13;
2587 5560 2938 5692 ιυωψωῖἷω
2910 5620 3101 5691 potest
3127 5618 3211 5676 rb.
