4198 6534
218 381 326 438 713
1097 371 1466 431 COMMENT.
1506 367 1575 428 IN
1613 365 2066 427 MATTHEUM.
2117 399 2184 408 -—
2223 365 2380 423 CAP.
2419 361 2645 422 XXVII.
3485 365 3590 420 714

297 509 394 560 Καὶ
447 534 513 547 --
550 507 876 576 ἀπεκρίνατο.
920 496 1165 573 Σφοδρῶς
1216 501 1318 572 γὰρ
1373 495 1478 556 ἢδη
1530 497 1864 554 λυττησάνη

2005 494 2168 550 Vers.
2201 492 2287 547 12.
2320 491 2398 547 Ει
2420 521 2488 532 ——
2509 488 2834 561 respondit.
2863 490 3012 546 Cum
3035 487 3197 546 enim
3217 487 3594 546 vehementer

220 615 322 646 των
375 593 445 653 εἰς
496 595 582 645 τὸν
640 596 788 664 φόνον
845 591 1024 654 αὐτοῦ,
1075 593 1164 641 καὶ
1217 587 1514 641 ἀχαθέκτων
1568 587 1690 647 ὅλως
1743 605 1824 656 γε-

1964 582 2013 640 .d
2041 582 2172 653 ejus
2221 580 2452 637 caedem
2507 579 2858 645 insanirent,
2897 593 3007 634 nec
3046 579 3295 635 omnino
3323 577 3595 634 revocari

219 689 469 756 γονότων,
555 684 684 752 ἔγνω
753 685 978 753 ματαίαν
1049 676 1179 731 εἶναι
1243 685 1332 731 τοῦ
1390 677 1573 730 λοιποῦ
1649 681 1824 728 πᾶσαν

1964 674 2206 738 possent,
2239 670 2464 726 sciebat
2505 668 2724 725 frustra
2753 667 3020 724 dandum
3051 666 3120 724 iri
3154 667 3438 739 deinceps
3472 682 3600 724 om-

223 773 530 844 ἀπολογίαν.

1964 776 2074 816 lem
2101 759 2586 832 responsionem.

292 867 423 916 Τότε
500 892 569 902 -
638 866 1139 933 καταμαρτυρούσι;
1235 865 1400 911 Τοῦτο
1453 856 1589 928 λέγει
1664 875 1828 929 παρα-

2008 872 2167 924 Vers.
2210 869 2292 923 13.
2361 869 2526 924 Tunc
2581 895 2651 906 —
2689 866 2890 922 dicunt
2943 865 3271 923 testimonia
3303 864 3332 919 *ἲ
3365 867 3485 921 Hoc
3515 863 3599 922 ait

221 962 378 1005 κινῶν
426 951 584 1003 αὐτὸν
643 949 714 1010 εἰς
769 952 827 1002 τὸ
885 948 1322 1019 ἀπολογήσασθαι
1371 951 1458 998 καὶ
1522 944 1826 1017 ἀπαλλαγῆ-

1964 958 2246 1014 :oncitaus
2285 972 2425 1012 eum
2454 961 2514 1012 ut
2546 957 2948 1027 responderet,
2992 971 3062 1012 ac
3089 955 3172 1010 sic
3203 954 3593 1011 liberaretur:

224 1059 330 1094 ναιο
381 1040 472 1092 καὶ
526 1041 630 1113 γὰρ
692 1037 966 1109 ἐγίνωσκεν
1019 1039 1100 1090 ὃτι
1139 1037 1262 1111 ῥᾷον
1313 1031 1555 1088 διαλύσει
1600 1036 1691 1096 τὰς
1732 1054 1826 1086 συ-

1964 1047 2162 1103 ciebat
2185 1047 2346 1102 enim
2371 1045 2533 1118 quod
2563 1044 2738 1102 facile
2768 1049 2968 1116 posset
2994 1044 3233 1102 illorum
3255 1043 3481 1101 diluere
3501 1059 3596 1101 ca-

227 1135 508 1203 κοφαντίας
536 1128 725 1180 αὐτῶν.
1938 1136 2224 1192 lumnias.

311 1222 411 1271 Καὶ
462 1249 528 1258 —
570 1217 736 1291 ῥῆμα.
792 1220 861 1268 Τὸ
912 1215 1026 1278 ἑξῆς
1072 1217 1172 1289 γὰρ
1224 1218 1468 1288 περιττὴν
1525 1215 1702 1284 ἠγεῖτο
1741 1217 1829 1265 καὶ

236 1312 332 1366 τὴν
394 1310 515 1379 πρὸς
554 1306 711 1358 αὑτὸν
743 1304 1040 1380 ἀπόκρισιν,
1087 1306 1152 1364 ὡς
1198 1309 1267 1376 μή
1319 1300 1598 1375 δυνάμενον
1641 1301 1831 1363 αύτούς

237 1395 553 1449 ἁναστεᾶαι.
621 1400 722 1448 Καὶ
771 1397 873 1468 γαρ
927 1391 988 1452 ἧν
1054 1397 1143 1466 μὶν
1200 1398 1554 1468 μισοπόνηρος
1595 1393 1620 1443 ό
1665 1390 1829 1444 Πιλά-

229 1506 333 1551 τος,
398 1491 489 1538 καὶ
558 1481 767 1559 σφόδρα
819 1483 1068 1542 ἠθέλησεν
1127 1481 1383 1544 ἐξελέσθαι
1446 1485 1532 1534 τὸν
1601 1481 1826 1539 Ἰησοῦν·

226 1575 462 1648 patiar/.6;
496 1571 556 1627 δὲ
585 1575 673 1640 ὢν,
707 1569 943 1627 ἐνεδίδου
965 1579 1076 1633 ταῖς
1108 1570 1308 1624 ἕκείνων
1338 1573 1544 1646 ὁρμαῖς.

2011 1245 2171 1300 Vers.
2201 1245 2282 1298 14.
2299 1243 2377 1298 Et
2393 1273 2461 1282 —
2477 1243 2730 1299 verbum.
2749 1241 3034 1314 Deinceps
3053 1241 3210 1297 enim
3229 1240 3600 1313 superﬂuam

1938 1331 2350 1388 fore’ducebat
2386 1332 2840 1404 responsionem
2867 1345 3003 1402 quae
3034 1330 3145 1402 ipsi
3176 1329 3438 1396 daretur,
3463 1344 3600 1385 cum

1941 1437 2062 1478 non
2088 1421 2436 1493 possetillos
2454 1421 2872 1493 comprimere.
2894 1419 3188 1492 Siquidem
3213 1418 3440 1475 malum
3463 1418 3604 1475 ode-

1940 1515 2032 1568 rat
2059 1510 2309 1579 Pilatus,
2341 1515 2398 1567 et
2434 1510 2637 1566 Jesum
2678 1507 2942 1565 maxime
3001 1511 3270 1580 optasset
3307 1507 3554 1564 liberare
3587 1521 3601 1562 :

1941 1615 2151 1656 verum
2183 1615 2311 1656 cum
2351 1598 2548 1655 mollis
2583 1603 2756 1664 esset,
2789 1597 3028 1654 illorum
3072 1596 3324 1654 cedebat
3351 1595 3605 1655 affectio-

1943 1689 2118 1746 nibus
2133 1732 2146 1745 .
3370 1701 3374 1704 ·

297 1791 460 1842 Ὠστε
519 1819 583 1830 -—
632 1786 767 1841 λίαν.
825 1787 1147 1859 Θαυμάζειν,
1191 1794 1296 1847 πῶς
1334 1781 1652 1838 ἐνδείκνυται
1711 1803 1834 1836 τοσ-

2015 1781 2183 1835 Vers.
2223 1778 2311 1834 14.
2329 1777 2490 1834 Adeo
2511 1783 2576 1834 ut
2602 1807 2669 1816 —
2686 1791 2872 1846 supra
2897 1776 3161 1833 modum.
3199 1773 3604 1832 Admiraretur

236 1882 392 1936 αὐτην
425 1877 726 1942 ἐπιείκειαν,
752 1883 880 1942 πῶς,
915 1872 1198 1947 δυνάμενος
1227 1873 1600 1946 ἀπολογεῖσθαι
1629 1879 1719 1926 καὶ
1745 1893 1835 1925 κα-

1964 1867 2254 1942 ιιιοωοάο
2285 1867 2722 1923 demonstraret
2772 1870 3000 1922 tantam
3026 1865 3554 1921 mansuetudinem
3587 1878 3601 1918 :

237 1970 541 2040 ταισχύνειν
569 1966 782 2034 αύτούς,
815 1964 940 2016 ἑκὼν
973 1969 1102 2035 σιγᾴ
1129 1968 1218 2016 καὶ
1249 1961 1512 2035 ἀνέχεται.

1964 1957 2269 2030 ιιιοωοάο,
2291 1971 2429 2012 cum
2454 1953 2820 2026 respondere
2850 1961 3054 2025 posset
3074 1953 3328 2026 illosque
3353 1951 3603 2011 confun-

1946 2046 2106 2111 dere,
2147 2044 2481 2100 voluntarie
2511 2043 2708 2100 sileret
2735 2059 2807 2101 ac
2829 2043 3165 2100 sustineret.

315 2183 461 2232 Κατὰ
512 2176 567 2232 δὲ
627 2179 807 2251 ἑορτὴν
870 2209 931 2218 -—
979 2182 1247 2253 Χριστόνς
1309 2180 1454 2231 Κατὰ
1519 2175 1576 2231 δὲ
1636 2177 1835 2252 ἑορτὴν,

2018 2153 2180 2209 Vers.
2227 2156 2309 2207 15.
2345 2151 2416 2206 In
2455 2151 2601 2222 festo
2622 2157 2814 2206 autem
2845 2181 2917 2192 —
2955 2149 3118 2206 Vers.
3149 2149 3230 2205 17.
3269 2147 3541 2207 Christus
3578 2144 3606 2205 ἳ

254 2275 344 2329 τὴν
411 2277 501 2322 τοῦ
555 2272 747 2340 ῐιάσσχα
796 2266 1055 2327 δηλονότι.
1102 2274 1238 2328 Φησὶ
1285 2272 1386 2340 γὰρ
1433 2271 1458 2320 ό
1487 2269 1721 2329 Ἰωάννης
1763 2269 1838 2321 εἰ-

1964 2244 2012 2298 ζη
2039 2241 2188 2297 festo
2210 2240 2461 2298 Pascha:
2488 2239 2772 2294 videlicet.
2804 2239 2895 2296 Ait
2914 2239 3071 2295 enim
3099 2239 3361 2295 Joannes
3388 2238 3608 2295 dixisse

265 2321 1172 2340 η
1291 2321 1366 2342 ,,
1504 2321 1519 2323 κ
1681 2321 1721 2329 ..

254 2368 367 2414 πεῖν
430 2363 515 2411 τὸν
588 2359 810 2413 Πιλάτου.
872 2358 1023 2411 ’Ἐστι
1077 2355 1134 2410 δὲ
1205 2361 1454 2416 συνήθεια
1517 2361 1633 2430 (14)
1698 2361 1838 2430 ύμῖν,

1964 2332 2200 2388 Pilatum
2238 2351 2253 2387 :
2285 2331 2391 2385 Est
2419 2336 2608 2386 autem
2636 2329 2992 2385 consuetudo
3025 2328 3207 2398 vobis,
3230 2336 3293 2384 ut
3320 2337 3498 2384 unum
3513 2328 3611 2384 ab-

257 2404 361 2414 .--"
437 2404 509 2411 η-
897 2404 1023 2411 ..-η
1080 2404 1133 2410 η
1208 2404 1454 2416 ,νη---η
1518 2404 1631 2430 \..,
1702 2404 1838 2432 -τ--η

257 2452 339 2501 ἶνα
387 2450 474 2501 ἕνα
528 2450 642 2521 ύμῖν
701 2447 946 2500 ἀπολύσω
1003 2448 1113 2520 (15)
1184 2446 1230 2499 ἐν
1294 2456 1364 2518 τῷ
1441 2450 1657 2520 Πάσχα.
1718 2455 1842 2522 Περὶ

1964 2423 2170 2477 :olvam
2200 2420 2356 2475 vobis
2388 2421 2452 2474 in
2476 2419 2709 2475 Pascha
2736 2420 2803 2474 ³⁸.
2827 2421 2904 2473 De
2926 2418 3222 2489 'Barabba
3260 2434 3398 2474 vero
3427 2418 3614 2474 mani-

557 2506 567 2521 .
1007 2506 1018 2517 ι
1096 2506 1108 2520 ι
1335 2506 1344 2518 .
1559 2506 1602 2520 ι..
1789 2506 1798 2522 .

255 2536 312 2592 δὲ
358 2546 450 2590 τοῦ
505 2536 742 2610 Βαραϐϐοἱ
796 2536 932 2608 λέγει
991 2542 1334 2611 φανερώτερον
1393 2539 1418 2589 ὁ
1493 2544 1696 2598 Λουκᾶς
1761 2541 1841 2591 ὅτι

1964 2510 2153 2566 festiue
2169 2510 2303 2564 dicit
2336 2509 2526 2565 Lucas
2550 2507 3004 2580 quod,.propter
3020 2506 3379 2564 seditionem
3405 2524 3615 2592 quam-

249 2624 308 2684 ἦν
357 2624 449 2680 διὰ
505 2628 692 2678 στάσιν
753 2629 869 2678 τινα
913 2630 1186 2698 γενομένην
1232 2625 1280 2677 ἐν
1327 2634 1389 2698 τῇ
1445 2627 1588 2680 πόλει
1626 2633 1712 2680 καὶ
1746 2632 1842 2700 φό-

1964 2599 2094 2655 iam
2125 2597 2342 2654 factam
2375 2598 2434 2652 in
2453 2597 2686 2653 civitate
2716 2603 2771 2652 et
2796 2597 3044 2667 cmdem,
3078 2597 3386 2667 conjectus
3413 2597 3610 2654 eratin

243 2736 323 2768 νον
397 2714 712 2789 βεϐλημένος
777 2714 850 2776 εἰς
907 2715 1157 2786 φυλακήν.
1211 2715 1268 2768 Ὀ
1331 2685 1549 2777 [ίιλάτος
1601 2713 1710 2782 οὖν,
1753 2681 1840 2789 Ιμὴ

1964 2699 2255 2740 carcerem
2286 2684 2356 2737 ιο.
2382 2681 2603 2738 Pilatus
2619 2697 2760 2752 ergo
2787 2696 2926 2736 cum
2953 2696 3076 2736 non
3102 2685 3306 2753 poeset
3327 2686 3612 2754 tanquam

397 2769 408 2789 ι
543 2769 573 2788 ἰ
698 2769 711 2776 ·
835 2769 850 2776 '
913 2769 924 2786 ι
1094 2769 1103 2773 '
1150 2769 1153 2770 '
1535 2769 1549 2777 '
1696 2769 1709 2782 ι
1770 2769 1779 2789 ι
1827 2769 1838 2776 '

243 2802 492 2867 δυνηθεὶς
529 2807 597 2867 ὡς
657 2803 823 2857 ἀθῶον
886 2801 1146 2867 ἐξελέσθαι
1197 2807 1281 2857 τὸν
1324 2809 1578 2878 Χριστὸν,
1636 2805 1846 2878 ἐπεχεί-

1964 2776 2327 2829 innocentem
2349 2771 2601 2826 liberare
2630 2770 2952 2835 Christum,
2983 2770 3382 2826 tentaviteum
3399 2769 3612 2828 saltem

251 2857 259 2858 ,
581 2857 597 2867 ,
921 2857 935 2867 ,
1067 2857 1073 2858 ,
1330 2857 1383 2878 η
1482 2857 1487 2858 ,
1565 2857 1578 2875 ,

240 2913 377 2969 ρησε
415 2897 512 2946 κᾶν
559 2901 687 2966 γοῦν
735 2899 799 2954 ὡς
850 2890 1136 2946 κατάδικον
1188 2897 1528 2969 χαρίσασθαι
1557 2903 1737 2949 τοῦτον
1782 2905 1843 2956 τῆ

1964 2867 2016 2919 ut
2048 2861 2277 2934 judicio
2315 2861 2673 2917 damnatum
2713 2859 2939 2938 donare
2977 2860 3182 2932 ipsum
3208 2857 3378 2917 festo.

242 2985 424 3058 ἑορτῇ.

319 3070 475 3126 Ἔδει
522 3104 592 3114 —
643 3072 818 3126 αὐτόν.
880 3076 1066 3144 Διέγνω
1119 3081 1294 3141 τοῦτο,
1348 3079 1438 3127 καὶ
1487 3075 1721 3140 ἤλπιζεν,
1769 3075 1851 3128 ὃτι

239 3164 346 3216 οὐκ
398 3161 458 3214 ἆν
516 3168 890 3234 προτιμήσωσι
940 3165 1025 3214 τὸν
1064 3159 1376 3236 ἀνδροφόνον
1417 3163 1707 3238 Βαραϐϐᾶν.
1757 3169 1852 3217 Δίὰ

236 3260 406 3306 τοῦτο
488 3256 660 3304 τοίνυν
729 3249 997 3325 θαῤῥὴσας
1073 3250 1256 3324 ἐρωτᾷ,
1321 3257 1449 3306 Τίνα
1503 3253 1665 3306 θέλετε
1727 3252 1851 3306 ἀπο-

233 3343 392 3394 λύσω
460 3342 619 3412 ύμίν;
664 3340 752 3403 Ὠς
814 3335 872 3393 δὲ
917 3339 1051 3412 λέγει
1110 3343 1340 3416 Μάρκος,
1381 3347 1480 3415 πρὸ
1524 3351 1618 3404 τῆς
1663 3342 1860 3416 ἐρωτήτ

237 3449 385 3491 σεως
429 3428 726 3491 ἀναϐοήσας
775 3429 800 3480 ὁ
854 3429 1043 3501 ὄχλος,
1099 3430 1290 3502 ἤρξατο
1346 3431 1627 3502 αἰτεῖσθαι,
1680 3435 1852 3496 καθὼς

235 3517 330 3571 ἀεὶ
382 3516 542 3570 ἐποίει
593 3518 790 3586 αὐτοῖς,
847 3523 1028 3590 ἤγουν,
1088 3520 1350 3573 αἰτεῖσθαι
1409 3522 1519 3590 (16)
1577 3524 1843 3593 γενέσθαι,

232 3608 352 3661 Ἠν
407 3603 469 3659 δὲ
524 3609 554 3666 ἡ
596 3611 811 3671 αἴτησις
850 3613 967 3682 περὶ
1019 3616 1107 3662 τοῦ
1157 3609 1416 3663 ἁπολύσαι
1459 3611 1546 3662 ἕνα
1591 3619 1662 3682 τῷ
1711 3612 1852 3683 ὄχλῳ

232 3694 496 3768 δέσμιον.
540 3695 694 3749 Ὀθεν
744 3695 1059 3770 δραξάμενος
1107 3697 1345 3773 ἀφορμῆς
1395 3701 1420 3752 ὁ
1474 3699 1710 3769 Πιλάτος,
1763 3701 1857 3754 ἐπ-

236 3790 558 3860 εχείρησεν,
585 3788 654 3848 ὡς
685 3789 907 3861 εἳρηταὶ,
936 3793 1026 3840 καὶ
1057 3793 1320 3862 ἠρώτησε.

2031 3107 2189 3160 Vers.
2228 3104 2317 3161 18.
2367 3102 2606 3159 Sciebat
2643 3131 2712 3141 ——
2755 3116 2908 3157 eum.
2944 3102 3178 3158 Sciebat
3224 3100 3360 3169 hoc,
3397 3105 3454 3159 et
3483 3118 3614 3176 spe-

1959 3193 2132 3249 rabat
2146 3190 2311 3264 quod
2329 3205 2716 3263 nequaquam
2745 3195 3159 3261 praeponerent
3174 3189 3227 3246 ei
3247 3190 3617 3247 homicidam

1960 3283 2316 3337 Barabbam.
2348 3281 2590 3351 Propter
2617 3280 2734 3333 hoc
2759 3293 2903 3348 ergo
2930 3284 3171 3349 sumpta
3195 3279 3416 3336 ﬁducia
3446 3281 3620 3336 inter-

1960 3376 2130 3438 rogat
2158 3387 2170 3425 :
2207 3369 2380 3436 Quem
2413 3367 2589 3423 vultis
2614 3367 2909 3423 absolvam
2949 3367 3106 3422 vobis
3143 3365 3171 3420 ?
3203 3369 3273 3423 Ut
3307 3372 3507 3423 autem
3534 3369 3621 3424 di-

1962 3461 2038 3516 cit
2064 3460 2312 3522 Marcus,
2340 3462 2476 3512 ante
2501 3455 3030 3524 interrogationem
3060 3470 3198 3510 cum
3231 3455 3633 3513 acclamasset'

1963 3548 2138 3606 turba
2167 3547 2341 3618 coepit
2370 3551 2585 3618 petere,
2629 3545 2780 3599 sicut
2811 3560 3048 3614 semper
3077 3544 3334 3601 faciebat
3355 3546 3444 3600 eis
3480 3561 3492 3600 :
3521 3562 3620 3617 pe-

1965 3644 2082 3694 tere
2110 3631 2385 3692 videlicet
2429 3637 2491 3690 ut
2537 3634 2702 3689 fieret
2733 3634 2850 3706 (uu)
2907 3633 3062 3690 sicut
3105 3647 3334 3707 semper
3367 3635 3624 3692 faciebat

1965 3729 2049 3784 eis
2079 3729 2147 3782 ¹⁷.
2181 3728 2314 3781 Erat
2351 3729 2551 3781 autem
2599 3723 2820 3796 petitio,
2869 3728 2932 3779 ut
2962 3740 3117 3779 unus
3156 3740 3229 3780 ex
3259 3724 3465 3780 vinctis
3515 3723 3623 3782 ab-

1966 3814 2511 3875 solvereturturbte.
2536 3814 2697 3870 Unde
2727 3817 2939 3870 nactus
2971 3814 3348 3871 occasionem
3376 3813 3633 3883 Pilatus,

1967 3906 2234 3970 tentavit,
2277 3909 2339 3961 ut
2369 3903 2599 3960 dictum
2624 3907 2732 3969 est,
2766 3910 2822 3960 et
2850 3903 3254 3975 interrogavit.
3329 3933 3335 3940 -

330 4002 645 4074 Καθημένου
699 4033 763 4042 —
818 4006 992 4056 αὐτόν.
1051 4002 1229 4066 Ἀύτὸς
1280 4008 1369 4079 μὲν
1432 4007 1525 4060 οὐκ
1573 4009 1688 4081 (l7)
1757 4008 1862 4064 εἶδε

2040 4017 2199 4070 Vers.
2232 4014 2318 4067 19.
2351 4011 2584 4068 Sedente
2610 4042 2678 4051 —
2707 4011 2922 4080 ipsum.
2976 4012 3105 4083 Ipse
3145 4012 3392 4086 quidem
3417 4013 3630 4085 hujus-

231 4099 495 4148 τοιοῦτον
553 4095 695 4166 ὄναρ,
753 4092 781 4150 ἦ
837 4095 904 4155 ὡς
959 4093 1186 4160 ἀνάξιος,
1244 4096 1272 4154 ᾖ
1335 4098 1416 4148 ὅτι
1465 4097 1635 4170 ἔμελλε
1687 4107 1860 4172 σιγᾷν,

1974 4103 2137 4160 modi
2161 4103 2464 4158 somnium
2490 4115 2613 4155 non
2634 4100 2887 4164 viderat,
2910 4099 3000 4155 vel
3019 4106 3301 4171 tanquam
3329 4101 3628 4172 indignus,

235 4188 321 4244 ὡς
382 4185 584 4254 κριτὴς,
643 4181 673 4238 ἢ
731 4183 810 4234 ὅτι
867 4182 1062 4255 ἔμελλεν
1123 4182 1481 4253 ἀπιστεῖσθαι,
1533 4190 1596 4248 ὡς
1646 4189 1864 4241 πλαττο-

1976 4193 2066 4249 vel
2098 4191 2242 4264 quia
2289 4191 2570 4245 taciturus
2603 4188 2826 4253 fuisset,
2869 4195 3067 4259 utpote
3115 4190 3323 4258 judex,
3370 4191 3460 4245 vel
3491 4193 3636 4262 quia

235 4291 416 4348 μενος
470 4271 625 4332 αὐτὸς
698 4274 829 4346 πρὸς
900 4276 959 4323 τὸ
1031 4272 1208 4335 ἐξελεῖν
1262 4279 1433 4331 αὐτόν.
1492 4277 1550 4328 Ἠ
1619 4284 1745 4349 γυνὴ
1811 4275 1864 4331 δὲ

1978 4282 2125 4336 ﬁdes
2151 4281 2202 4335 ei
2233 4277 2501 4333 adhibita
2530 4292 2652 4332 non
2680 4276 2900 4340 fuisset,
2929 4276 3098 4346 quasi
3137 4277 3197 4332 id
3217 4279 3295 4333 ad
3319 4293 3454 4332 eum
3497 4279 3636 4334 libe-

239 4362 450 4437 βλέπει
493 4359 702 4432 μᾶλλον.
783 4364 851 4423 ὡς
917 4359 1038 4424 ἀξία
1093 4368 1181 4415 καὶ
1234 4366 1300 4424 ὡς
1352 4367 1677 4441 πιθανωτέρα
1740 4371 1864 4439 πρὸς

1981 4370 2236 4428 randum
2251 4365 2572 4437 efﬁngenti.
2590 4367 2740 4420 Uxor
2761 4371 2959 4420 autem
2980 4367 3180 4436 potius
3206 4366 3385 4432 videt,
3416 4366 3502 4421 vel
3517 4373 3642 4422 tan-

239 4455 391 4510 τοὺς
449 4445 763 4514 Ἰουδαίους,
836 4452 917 4502 ἶνα
968 4454 1032 4511 ὡς
1087 4449 1363 4524 ἁνυπὸπτῳ
1431 4457 1595 4527 ταύτῃ
1651 4460 1864 4509 πιστεύ-

1983 4474 2166 4532 quam
2187 4456 2411 4518 melior,
2426 4454 2520 4510 vel
2535 4459 2823 4526 tauquam
2841 4453 3002 4525 apud
3017 4453 3042 4506 J
3056 4453 3255 4510 udaaos
3273 4455 3391 4511 fide
3404 4455 3643 4524 dignior

249 4559 451 4600 σαντες
509 4538 984 4610 ἀναχαιτισθῶσιν.
1045 4546 1146 4593 Καὶ
1207 4542 1264 4593 ού
1316 4541 1493 4614 βλέπει
1533 4548 1706 4616 μόνον,
1750 4545 1864 4598 ἀλλά

1989 4554 2050 4604 ut
2076 4547 2215 4603 huic
2253 4546 2424 4618 quasi
2464 4559 2585 4600 non
2613 4548 2904 4615 suspectae
2931 4543 3107 4598 ﬁdem
3133 4544 3444 4610 habentes,
3469 4545 3645 4600 refre-

242 4636 363 4685 καὶ
415 4631 639 4701 πάσχει,
686 4633 977 4695 τουτέστιν,
1023 4628 1280 4701 ἐταζεται,
1330 4633 1413 4684 ἵνα
1458 4642 1516 4707 τῇ
1578 4639 1864 4710 συμπαθείᾳ

1987 4641 2289 4694 narentur.
2321 4635 2436 4689 Nec
2467 4633 2620 4688 videt
2652 4633 2868 4700 solum,
2894 4632 3000 4688 sed
3026 4640 3080 4687 et
3111 4636 3350 4706 patitur,
3386 4633 3498 4690 hoc
3535 4640 3640 4702 est,

245 4727 372 4777 τῆς
409 4721 651 4787 γυναικὸς
700 4719 725 4769 ὁ
765 4719 895 4791 ἀνὴρ
944 4718 1126 4784 αὐτῆς,
1175 4725 1264 4772 καὶ
1315 4727 1385 4794 μὴ
1434 4725 1748 4797 πειθομένων
1789 4726 1864 4778 αύ·

1990 4731 2279 4784 tormento
2291 4723 2561 4786 afﬁcitur,
2579 4729 2640 4778 ut
2656 4722 2859 4778 uxoris
2877 4723 3316 4794 sompassione,
3333 4723 3442 4779 illis
3464 4725 3646 4780 etiam

251 4815 404 4871 τῶν,
474 4805 677 4880 κωλύσῃ
738 4812 824 4860 τόν
865 4812 1032 4880 φόνον.
1087 4812 1157 4862 Τὸ
1200 4807 1260 4862 δε
1311 4809 1491 4870 Μηδέν
1537 4832 1621 4867 σοι
1666 4822 1756 4868 καὶ
1807 4825 1864 4889 re;

1990 4812 2660 4887 nouacquiescentibus,
2676 4811 2759 4866 vir
2772 4811 2822 4883 ej
2835 4830 2900 4866 us
2914 4811 3490 4884 prohiberetceedem
3508 4834 3520 4873 :
3541 4815 3648 4871 Νί-

253 4894 479 4967 δικαίῳ
539 4894 730 4968 ἐκείνῳ,
800 4895 914 4950 ἀντὶ
964 4905 1076 4970 τοῦ,
1142 4896 1323 4958 Μηδὲν
1410 4921 1494 4954 σοι
1566 4909 1652 4956 καὶ
1713 4904 1864 4977 ἐκείνᾳ

1992 4906 2085 4962 hil
2106 4904 2211 4960 tibi
2240 4920 2373 4960 cum
2413 4905 2563 4970 iusto
2594 4903 2721 4966 illo,
2748 4901 2861 4956 hoc
2892 4906 3001 4967 est,
3027 4902 3173 4957 nihil
3203 4904 3646 4959 contentiosum

247 4982 774 5060 ἀμφισϐητήσιμον,
868 4984 1072 5058 ἀπέχου
1143 4987 1322 5043 αὐτού.
1405 4998 1719 5065 Σημειωτέον
1799 4992 1864 5062 δὲ,

1994 4997 2066 5050 sit
2107 4993 2258 5048 inter
2303 4999 2359 5048 te
2399 4997 2455 5048 et
2491 4991 2679 5056 illum,
2740 4990 2971 5047 abstine
3004 4991 3081 5046 ab
3130 4991 3250 5048 illo.
3307 4989 3649 5049 Notandum

243 5079 360 5132 ὅτι
383 5077 444 5126 τὸ
475 5078 701 5148 Σήμερον
725 5080 816 5127 καὶ
845 5074 930 5128 επὶ
960 5075 1144 5139 νυκτός
1168 5077 1393 5150 λέγεται.

1995 5088 2082 5141 est
2112 5092 2332 5146 autem,
2373 5080 2536 5153 quod
2561 5084 2786 5153 σήμερον
2818 5079 3061 5152 (hodie),
3100 5080 3174 5136 de
3205 5088 3376 5138 nocte
3415 5081 3649 5138 dicitur.

350 5201 402 5236 ¹⁵
432 5198 604 5256 Joan.
638 5216 791 5270 xvm,
824 5205 911 5259 39.
991 5203 1036 5238 ¹⁶
1063 5203 1200 5259 Luc.
1233 5207 1506 5277 xxm,19.
1585 5209 1628 5245 ¹⁷
1665 5213 1837 5268 Marc.
1871 5229 1972 5277 xv,
2005 5214 2054 5266 8.

1533 5323 1750 5395 Varize
1799 5328 2120 5396 lectiones
2145 5336 2209 5392 et
2241 5334 2438 5391 notae.

354 5434 478 5508 (14)
500 5431 674 5508 Ἡμῖν.
715 5442 769 5488 Β·
2077 5445 2173 5502 θώς
2203 5443 2281 5492 άεί
2311 5444 2471 5493 ἐποίει
2501 5441 2700 5503 αύτοίς.

355 5506 481 5650 ξ15)
510 5506 896 5581 ’Δπολύσωμεω
925 5515 981 5562 Β.
2077 5514 2189 5587 (17)
2229 5508 2376 5567 Οἵδε.
2420 5513 2495 5570 Α.

384 5578 480 5650 16)
506 5577 618 5636 Pro
647 5579 944 5637 vocabulo
971 5583 1236 5650 γενέσθαι,
1267 5587 1328 5650 Α,
1357 5584 1718 5650 repetithaac
1745 5604 1758 5644 :
1794 5593 1898 5642 Κα-

384 5577 480 5652 16)
506 5577 618 5636 Pro
647 5577 944 5653 vocabulo
971 5583 1236 5654 γενέσθαι,
1267 5587 1328 5651 Α,
1357 5584 1718 5657 repetithaac
1745 5604 1758 5644 :
1794 5593 1898 5642 Κα-

360 5704 496 5778 (uu)
524 5705 679 5776 Ergo
708 5705 1028 5764 Hentenius
1059 5713 1192 5780 post
1220 5710 1462 5780 γενέσθαι
1482 5707 1697 5770 iterum
1730 5711 1863 5772 inve

1982 5713 2151 5775 καθὼς
2182 5709 2260 5764 ἀεὶ
2285 5707 2443 5764 ἐποίει
2475 5708 2669 5774 αὐτοῖς.

621 5802 865 5865 PATROL.
913 5805 1018 5866 Gn.
1057 5805 1292 5867 CXXIX.
1804 5835 1814 5844 -
1953 5805 1966 5846 λ
2001 5813 2030 5842 η’
3297 5807 3366 5866 23
