4198 6476
660 339 766 396 τιδ
2006 337 2351 394 summa
2389 336 2712 395 ZlGABENI
3311 321 3316 328 ’
3916 353 4006 407 7l6

731 465 886 519 Vers.
901 460 1490 534 20.Mncipesautem
1509 464 1868 521 sacerdotum
1893 495 1961 504 —
1981 463 2314 534 perderent.
2348 465 2392 520 Α

658 551 984 610 Homicida!
995 551 1363 608 homicidam
1380 553 1432 608 ei
1448 553 1553 625 qui
1567 554 1752 610 vitam
1769 554 1970 609 tribuit
1984 568 2319 624 praeposue-

655 646 820 698 runt:
843 656 954 700 nec
970 640 1317 715 simpliciter
1335 641 1728 708 homicidam,
1749 643 1852 698 sed
1877 642 2172 712 insignem
2195 642 2316 698 sive

654 730 1025 802 divulgatum
1055 747 1115 786 in
1144 730 1402 787 malitia:
1436 731 1589 788 adeo
1619 731 2019 788 inﬂammavit
2048 747 2150 786 eos
2172 731 2317 786 iuvi-

651 818 772 876 dia.
806 819 1082 892 Corrupti
1110 824 1311 878 autem
1345 820 1461 892 ipsi
1491 827 1887 893 corruperunt
1917 826 1971 876 et
2000 820 2230 886 turbas,
2253 824 2314 874 ut

652 908 764 966 illae
787 925 1032 984 quoque
1043 909 1270 967 fraudis
1288 925 1413 966 sua:
1441 925 1651 982 pinnas
1667 909 1913 968 luerent.
1929 913 2153 968 Marcus
2178 924 2316 966 vero

653 999 810 1068 dicit,
825 1001 992 1074 quod
1002 999 1454 1058 concitaverunt
1465 998 1586 1058 sive
1597 999 1973 1070 agitaverunt
1987 999 2225 1056 turbam
2244 1000 2261 1034 ¹
2271 999 2314 1052 ⁸.

2503 466 2567 516 οε
2633 461 2693 517 δὲ
2762 463 3028 540 ἀρχιερεῖς
3081 497 3149 508 -—
3202 465 3546 522 ἀπολέσωσιν.
3604 472 3672 522 0i
3733 479 3888 542 φονεῖς
3931 495 4005 528 τον

2426 558 2577 624 φονέα
2625 559 3038 627 προτετιμήκασι
3083 564 3174 608 τοῦ
3219 553 3509 625 ζωοδοτου,
3564 564 3654 610 καὶ
3707 560 3810 633 οὐχ
3857 563 4008 626 ἁπλῶς

2425 646 2594 714 φονέα,
2666 642 2771 694 ἀλλ’
2820 643 3098 716 ἐπίσημον,
3159 649 3344 710 εῖτουν,
3395 645 3709 719 περιϐόητον
3758 649 3840 703 ἐπὶ
3893 672 4005 704 κακ-

2426 736 2631 803 ουργίᾳ.
2724 739 2983 784 Τοσοῦτον
3073 735 3097 784 ὁ
3181 736 3360 805 φθόνος
3452 735 3729 798 ἐξέκαυσεν
3815 740 4000 802 αὐτούς,

2426 823 2755 895 Διεφθορότες
2822 819 2880 874 δι
2932 823 3102 886 αὐτοι,
3160 821 3455 899 διέφθειραν
3507 831 3597 878 καὶ
3653 831 3772 890 τοὺς
3834 831 4003 902 ὄχλους

2425 913 2507 964 ἱνα
2544 916 2633 962 καὶ
2675 920 2770 973 τῆς
2800 914 2994 964 τούτων
3033 912 3235 973 ἀπάτης
3279 910 3435 973 δίκην
3477 913 3836 975 ἁπαιτηθῶσι.
3871 923 4002 995 Μάρ-

2423 1019 2513 1061 κος
2564 996 2624 1052 δέ
2686 1018 2843 1072 φησιν
2901 1003 2979 1054 ὅτι
3028 999 3299 1055 ἀνέσεισαν
3351 1007 3438 1055 τὸν
3477 1004 3657 1076 ὄχλον,
3716 1011 3890 1079 ἤγουν,
3929 1007 4001 1061 ἆν-

2025 1145 2033 1150 ,
2424 1108 2684 1147 εκινησαν,

725 1179 890 1236 Vers.
909 1178 1000 1236 2t.
1023 1177 1392 1248 Respondeas
1406 1208 1473 1219 —
1487 1175 1646 1234 vobis
1667 1176 1695 1233 ?
1716 1175 1978 1233 Primum
1992 1175 2285 1245 interroga

2493 1178 2820 1252 Ἀποκριθεὶς
2874 1209 2941 1219 -
3001 1181 3122 1252 ὑμῖν
3180 1199 3192 1248 ;

652 1272 835 1337 verat,
862 1267 968 1324 sed
993 1273 1318 1341 antequam
1341 1266 1739 1340 respondisset
1761 1271 2090 1338 occupatus
2117 1271 2205 1322 est
2235 1264 2315 1322 ad

649 1357 1095 1430 suggestionem
1126 1355 1326 1413 uxoris
1357 1371 1482 1412 suae
1519 1355 1759 1428 :itaque
1798 1370 1961 1412 nunc
1989 1369 2196 1411 rursus
2226 1355 2310 1411 in-

649 1447 1109 1518 terrogationem
1137 1445 1368 1520 repetit.

720 1537 882 1594 Vers.
911 1535 998 1591 21.
1025 1539 1107 1592 At
1129 1535 1677 1592 illi—Barabbam.
1711 1534 1868 1592 Sicut
1895 1533 2088 1591 edocti
2119 1541 2306 1593 erant.

716 1624 882 1682 Vers.
915 1624 1004 1680 22.
1043 1626 1146 1681 Ait
1181 1656 1251 1665 —
1281 1624 1556 1682 Christus
1593 1624 1622 1679 ?
1677 1626 1792 1696 Spe
1842 1623 2156 1682 frustratus
2186 1641 2285 1682 rur

2489 1630 2642 1696 Λέγει
2717 1656 2782 1666 —
2853 1630 3078 1699 Χριστόν
3139 1643 3152 1693 ;
3222 1627 3564 1700 Ἀστοχὴσας
3628 1639 3720 1692 τῆς
3777 1627 3992 1700 ἐλπίδος,

646 1729 783 1772 sum
812 1713 888 1772 de
918 1729 990 1774 eo
1027 1715 1370 1785 interrogat,
1416 1729 1650 1786 ponens
1680 1729 1807 1771 rem
1845 1715 1906 1772 in
1937 1714 2173 1771 illorum
2205 1731 2282 1788 po

2415 1714 2582 1789 ἐρωτᾷ
2632 1713 2785 1767 πάλιν
2837 1719 2954 1790 περὶ
2998 1715 3181 1781 αὑτοῦ,
3239 1721 3329 1769 καὶ
3386 1724 3593 1792 κυρίους
3647 1719 3827 1781 αὐτοὺς
3882 1740 3993 1773 ποι-

644 1807 880 1863 testate:
904 1805 987 1862 ita
1010 1802 1310 1877 obsequio
1334 1802 1468 1860 illos
1495 1808 1746 1876 captans
1773 1819 1844 1860 ac
1867 1803 2166 1874 mitigans,
2190 1804 2283 1876 ips

2415 1811 2546 1856 εῖται
2563 1811 2654 1855 τοῦ
2682 1805 3006 1877 πράγματος,
3035 1805 3326 1879 θεραπεύων
3345 1806 3475 1859 οὕτω
3495 1813 3581 1859 καὶ
3607 1807 3982 1879 μειλισσόμενος

3260 1180 3460 1255 ἰἰρὼτη
3470 1201 3527 1235 σε
3579 1193 3807 1257 πρῶτον,
3871 1189 3998 1239 οὔπω

2423 1265 2484 1321 δι
2541 1266 2939 1342 ἀποκριθέντων,
3008 1267 3328 1341 ἀσχοληθεὶς
3378 1275 3507 1344 πρὸς
3556 1277 3616 1325 τὸ
3669 1279 3881 1348 μήνυμα
3920 1286 4001 1338 τῆς

2419 1362 2668 1429 γυναικὸς
2696 1356 2877 1421 αὐτοῦ,
2910 1357 3061 1409 πάλιν
3089 1358 3359 1412 ἐπανελαϐε
3393 1361 3486 1419 τὴν
3517 1359 3797 1436 ὶρώτησιν,

2489 1539 2554 1589 Οἱ
2586 1533 2645 1588 δι
2678 1566 2741 1577 —-
2769 1534 3056 1610 Βαραϐϐᾶν.
3093 1534 3599 1610 Ὠςέδιδάχθησαν.

642 1898 845 1954 tamen
879 1907 1046 1966 eaque
1085 1896 1278 1949 truces
1303 1896 1678 1964 permanent.

713 1980 878 2036 Vers.
895 1985 983 2037 22.
1005 1981 1306 2037 Dicunt—
1323 1979 1750 2051 Cruciﬁgatur.
1777 1981 2015 2042 Omnes,
2037 1995 2158 2037 non
2186 1984 2302 2036 tur-

638 2069 734 2134 bm
758 2069 976 2137 solum,
1001 2069 1108 2128 sed
1129 2075 1184 2126 et
1210 2071 1510 2142 principes
1538 2069 1913 2125 sacerdotum
1940 2075 1994 2126 et
2016 2071 2298 2127 seniores.

636 2161 752 2216 Nec
776 2158 984 2216 dicunt
1015 2157 1372 2230 :Occidatur,
1405 2158 1510 2215 sed
1562 2158 2006 2230 :Cruciﬁgatur,
2061 2164 2124 2216 ut
2149 2175 2304 2216 mor-

634 2249 707 2306 tis
738 2266 981 2325 quoque
1007 2265 1222 2320 genere
1244 2248 1586 2306 maleﬁcum
1613 2265 1750 2304 eum
1770 2266 1897 2304 esse
1917 2249 2294 2306 convincant.

702 2335 869 2396 Vers.
897 2339 986 2396 23.
1012 2341 1229 2398 Praeses
1254 2345 1453 2396 autem
1485 2339 1695 2409 —fecil
1720 2340 1748 2392 i’
1772 2338 1922 2394 Cum
1942 2337 2176 2410 placare
2191 2355 2298 2395 eos

628 2443 751 2486 non
781 2433 996 2501 posset,
1029 2434 1232 2502 aperte
1259 2429 1621 2486 contradicit.

702 2517 1255 2576 Vers.23.Atilli—
1286 2517 1713 2589 Cruci/agatur.
1751 2515 2145 2582 Vehementer,
2179 2517 2294 2574 hoc

628 2605 1170 2672 estvehementius,
1190 2608 1446 2664 itaenim
1476 2607 1710 2680 scripsit
1740 2607 1970 2664 Marcus
2001 2608 2068 2660 1°.
2100 2607 2289 2664 Lucas

627 2700 829 2754 autem
847 2697 1009 2762 dixit,
1035 2695 1200 2770 quod
1219 2695 1521 2752 instabant
1541 2694 1789 2751 vocibus
1815 2695 2068 2768 magnis,
2088 2702 2288 2769 postu-

625 2785 814 2842 lantes
847 2790 908 2842 ut
935 2783 1379 2858 cruciﬁgeretur
1407 2787 1469 2841 ’°.
1512 2787 1575 2840 Et
1612 2785 2060 2841 invalescebant
2109 2801 2286 2842 voces

627 2889 838 2932 eorum
863 2873 935 2931 ac
964 2889 1344 2931 summorum
1377 2875 1775 2931 sacerdotum.

698 2963 868 3022 Vers.
900 2964 990 3021 24.
1031 2963 1232 3021 Videas
1257 2970 1456 3022 autem
1478 2994 1544 3004 —
1573 2963 1858 3020 videritis.
1889 2966 2094 3021 Manus
2122 2979 2279 3037 aqua

621 3054 918 3127 purgavit,
942 3053 1266 3112 ostendens
1287 3053 1452 3128 quod
1480 3057 1852 3126 purusesset,
1879 3059 1934 3109 et
1957 3067 2078 3110 non
2107 3055 2283 3126 parti-

2413 1893 2617 1953 αὐτούς’
2647 1889 2785 1962 οὶξδὲ
2813 1897 3054 1964 μένουσιν
3086 1890 3368 1948 ἀνένδοτοι.

2485 1987 2741 2052 Λέγουσιν
2790 2012 2858 2022 —
2924 1985 3299 2055 Σταυρωθήτω.
3356 1985 3553 2050 Πάντες,
3603 1983 3704 2055 οὐχ
3750 1987 3798 2036 οἱ
3835 1984 3985 2056 ὄχλοι

2410 2075 2577 2142 μόνοι,
2622 2069 2749 2122 ἀλλὰ
2786 2076 2874 2122 καὶ
2908 2074 2956 2122 οἱ
2997 2070 3274 2146 ἀρχιερεῖς,
3309 2078 3399 2125 καὶ
3430 2075 3478 2124 οἱ
3508 2071 3853 2146 πρεσϐύτεροι.
3895 2077 3996 2125 Καὶ

2411 2159 2469 2212 οὐ
2516 2159 2750 2230 λέγουσι,
2800 2161 3116 2224 Φονευθήτω,
3173 2160 3300 2212 ἀλλὰ
3352 2163 3722 2234 Σταυρωθήτω,
3777 2160 3863 2212 ἳνα
3911 2166 3998 2212 καὶ

2410 2251 2467 2300 τὸ
2495 2245 2635 2310 εἶδος
2659 2256 2750 2300 τοῦ
2781 2250 3001 2300 θανάτου
3032 2257 3322 2322 κακοῦργον
3355 2249 3621 2322 ἀπελέγχη
3654 2250 3826 2302 αὐτόν.

2477 2337 2536 2389 Ὀ
2564 2334 2624 2390 δε
2647 2339 2850 2410 ἡγεμὼν
2877 2369 2944 2377 —
2968 2337 3178 2396 ἐποίησε
3202 2355 3214 2403 ;
3249 2344 3332 2398 Μὴ
3369 2335 3654 2412 δυνάμενος
3687 2335 4003 2394 δυσωπῆσαι

2407 2430 2640 2490 τούτους,
2675 2425 2925 2497 ἀντιλέγει
2953 2427 3154 2485 λοιπον,

2475 2519 2540 2567 Οἱ
2591 2512 2649 2568 δὲ
2710 2547 2772 2556 —-
2829 2518 3207 2590 Σταυρωθήτω.
3263 2548 3326 2558 -
3381 2524 3676 2592 Περισσῶς,
3731 2515 3847 2568 ἀντὶ
3894 2521 4003 2578 τοῦ,

2403 2609 2817 2678 Περισσοτέρως.
2907 2604 3057 2656 Οὒτω
3123 2608 3224 2680 γὰρ
3308 2606 3499 2678 ἔγραψε
3561 2608 3794 2680 Μάρκος
3865 2605 3890 2656 ὁ
3948 2599 4006 2655 δι

2401 2699 2608 2754 Λουκᾶς
2669 2691 2802 2746 εἶπεν
2869 2695 2947 2746 ὃτι
3015 2693 3268 2747 ἐπέκειντο
3337 2703 3530 2768 φωναῖς
3587 2695 3855 2767 μεγάλαις,
3931 2691 4007 2744 αἰ·

2397 2786 2628 2855 τοῦμενοι
2677 2783 2830 2834 αὐτόν
2881 2785 3264 2858 σταυρωθῆναι,
3311 2790 3400 2836 καὶ
3427 2789 3722 2856 κατίσχυον
3756 2785 3814 2836 αἱ
3842 2785 4006 2854 φωναὶ

2393 2872 2563 2924 αὐτῶν
2593 2877 2681 2924 καὶ
2712 2881 2810 2924 τῶν
2841 2871 3142 2945 ἀρχιερέων.

2463 2959 2616 3014 Ἰδὼν
2673 2958 2732 3014 δι
2785 2993 2851 3001 -
2927 2961 3134 3032 ὄψεσθε.

2391 3047 2569 3108 ὕδατι,
2629 3047 2877 3103 δεικνύων
2937 3051 3017 3102 ὃτι
3087 3053 3312 3123 καθαρὸς
3386 3056 3474 3103 καὶ
3543 3051 3814 3124 ἀμέτοχος

3209 2962 3461 3035 Ἐκάθηρε
3525 2965 3614 3023 τὰς
3679 2969 3872 3035 χεῖρας
3932 2966 4000 3030 τῷ

3893 3068 4005 3102 εστι

619 3158 762 3216 cepe
791 3143 994 3202 credis.
1026 3144 1251 3234 Namid
1278 3143 1750 3234 iudaicimortis
1772 3149 1917 3234 erat,
1949 3143 2064 3200 hoc
2098 3144 2280 3234 modo

2390 3147 2484 3192 τοῦ
2531 3145 2702 3212 φόνου.
2757 3136 3050 3192 Ὶουδαῖκὸν
3103 3143 3203 3214 γὰρ
3257 3141 3371 3202 ἓθος
3417 3137 3477 3199 ἦν
3527 3141 3661 3193 οὕτω
3706 3142 3832 3214 (18)
3886 3136 4003 3191 δια-

616 3234 935 3306 protestari
957 3248 1061 3292 eos
1088 3233 1191 3306 qui
1219 3233 1445 3291 nollent
1471 3231 1727 3303 alicujus
1773 3232 1921 3290 cadi
1947 3233 2281 3290 communi-

615 3337 771 3380 care.
803 3323 896 3380 Ait
922 3323 1082 3381 enim
1126 3327 1184 3380 et
1219 3323 1411 3382 David
1455 3345 1468 3377 :
1507 3323 1740 3380 Lavabo
1768 3322 1924 3380 inter
1952 3322 2276 3379 innocentes

615 3427 831 3471 manus
861 3428 1021 3472 meas
1053 3414 1123 3467 ²¹.

684 3501 850 3560 Vers.
884 3507 972 3560 25.
999 3503 1078 3560 Et
1106 3532 1176 3544 —
1215 3508 1468 3561 nostros.
1501 3501 1870 3572 Sanguinem
1903 3505 2115 3558 vocant
2144 3516 2279 3558 san-

615 3591 811 3663 guinis
836 3592 1424 3649 condemnationem.
1447 3593 1490 3647 Ο
1513 3590 1825 3647 scelestam
1849 3605 2058 3646 vocem
2084 3590 2097 3645 ἰ
2123 3592 2274 3646 Oex-

615 3685 868 3738 tremam
899 3679 1248 3737 audaciam!
1281 3679 1452 3750 Atqui
1473 3695 1594 3735 non
1616 3679 1815 3734 solum
1847 3679 2136 3735 adversus
2168 3680 2276 3735 sei-

616 3783 784 3841 psos,
813 3767 917 3822 sed
936 3767 1120 3824 etiam
1140 3767 1426 3824 adversus
1449 3767 1602 3823 ﬁlios
1627 3782 1772 3823 suos
1801 3766 2039 3822 trahunt
2062 3767 2276 3838 impre-

618 3858 938 3912 cationem.
981 3855 1247 3912 Christus
1306 3870 1442 3912 vero
1495 3860 1551 3910 et
1609 3855 1683 3912 de
1749 3855 1855 3924 eis,
1912 3861 1967 3912 et
2015 3856 2090 3913 de
2139 3856 2271 3913 ﬁliis

616 3959 827 4001 eorum
865 3943 1274 4016 resipiscentes
1333 3944 1592 4017 suscepit
1619 3963 1637 4015 ;
1672 3959 1782 4000 nec
1832 3944 2028 4000 solum
2067 3946 2272 4016 hujus-

614 4032 780 4091 modi
808 4033 1020 4091 liberat
1047 4033 1488 4107 imprecatione,
1542 4035 1648 4090 sed
1702 4039 1758 4090 et
1787 4034 1946 4090 mille
1983 4035 2156 4091 bonis
2187 4035 2271 4090 di-

611 4136 765 4194 gnos
791 4123 971 4180 ducit.
997 4125 1146 4179 Nam
1175 4129 1230 4180 et
1259 4122 1474 4180 Paulus
1505 4140 1576 4180 ex
1605 4124 1690 4179 eis
1716 4130 1862 4192 erat,
1887 4130 1942 4181 et
1967 4125 2267 4181 innumeri

607 4213 932 4288 eorumgqui
953 4213 1339 4288 postmodum
1377 4213 1809 4286 Hierosolymis
1865 4214 2263 4272 crediderunt.

676 4304 838 4362 Vers.
870 4307 958 4360 26.
985 4305 1143 4361 Tunc
1167 4336 1236 4344 —
1262 4304 1732 4375 crucifigeretur.
1765 4306 1987 4360 Marcus
2017 4304 2167 4360 dixit
2195 4308 2264 4373 ",

601 4392 769 4466 quod
825 4393 1032 4450 volens
1070 4393 1297 4466 populo
1338 4392 1678 4450 satisfacere
1714 4409 1726 4459 ;
1777 4393 1968 4449 Lucas
2025 4409 2161 4449 vero
2192 4396 2260 4458 ³³,

599 4482 766 4558 quod
791 4482 1164 4554 adjudicavit
1196 4482 1324 4539 ﬁeri
1379 4482 1726 4555 petitionem
1770 4498 2002 4538 eorum.
2043 4482 2260 4556 Φραγέλ-

597 4568 706 4623 λιον
750 4576 952 4628 autem
999 4571 1189 4644 (quod
1237 4587 1347 4628 nos
1386 4572 1674 4643 ﬂagellum
1719 4571 1998 4643 dicimus)
2053 4572 2259 4628 verber

597 4662 782 4716 crate
827 4658 1108 4716 funiculis
1153 4664 1255 4718 aut
1293 4660 1434 4717 loris
1475 4667 1841 4727 contextum,
1899 4676 2020 4732 quo
2073 4662 2255 4719 dorsa

597 4747 1140 4806 condemnatorum
1160 4749 1578 4806 verberabant.
1615 4750 2094 4822 Flagellationem
2117 4766 2257 4808 vero

595 4834 1274 4895 manifestavitJoannes
1287 4837 1495 4895 dicens
1517 4855 1530 4893 :
1551 4838 1788 4907 Accepit
1806 4838 2035 4894 Pilatus
2060 4838 2252 4896 Jesum

592 4931 647 4983 et
680 4926 1006 4997 ﬂagellauit
1036 4929 1103 4982 ³⁸.
1138 4930 1269 4985 Hac
1296 4933 1499 4985 autem
1539 4927 1694 4992 fecit,
1733 4933 1792 4983 ut
1819 4928 2077 4998 rigorem
2100 4929 2250 4987 infa-

587 5013 726 5070 mias
755 5013 1100 5073 Judaaorum
1121 5022 1245 5074 arte
1266 5015 1750 5088 retraheret(vv),
1776 5022 1839 5073 ut
1869 5018 1999 5074 visa
2027 5018 2248 5090 injuria

585 5117 724 5177 quae
753 5103 815 5161 in
853 5121 994 5163 eum
1037 5105 1194 5164 facta
1231 5112 1388 5162 esset
1433 5105 1752 5178 auditaque
1804 5108 2096 5164 sententia
2125 5123 2248 5180 qua

659 5231 703 5266 ¹⁸
742 5233 919 5290 Marc.
965 5249 1061 5298 xv,
1104 5233 1194 5288 11.
1283 5233 1327 5268 ¹⁹
1359 5230 1502 5287 ibid.
1532 5235 1615 5288 14.
1695 5234 1742 5268 ²⁰
1770 5235 1887 5289 Luc
1916 5249 2076 5300 mn,
2111 5238 2203 5291 23.

578 5334 698 5386 nx,
729 5321 784 5377 ὅ.
818 5337 974 5393 mu,
1000 5321 1089 5377 24.

2365 4769 2478 4803 νισε

2364 4837 2538 4892 ἔλαϐεν
2583 4839 2607 4890 ὁ
2657 4837 2878 4899 Πιλάτος
2910 4840 2995 4889 τὸν
3039 4837 3267 4902 Ἰησοῦν,
3311 4839 3400 4887 καὶ
3436 4834 3807 4908 ἕμαστίγωσε.
3851 4846 4020 4893 Ταῦ-

2364 4948 2430 4980 τα
2476 4925 2534 4980 δὲ
2581 4932 2877 4991 πεποίηκεν,
2929 4925 3143 4978 ἐκλῦσαι
3182 4928 3269 4980 τὸν
3315 4928 3457 4977 τόνον
3501 4932 3590 4984 τῆς
3639 4931 3860 4996 μανίας
3908 4938 4024 4982 τῶν

2361 5014 2634 5071 ,Ιουδαίων
2685 5021 3079 5090 μηχανώμενος,
3151 5014 3304 5080 ὃπως,
3372 5009 3566 5074 ἰδόντες
3631 5018 3729 5073 τὴν
3813 5017 4018 5094 ὓϐριν,

2359 5113 2454 5166 τὴν
2526 5107 2592 5169 εἰς
2671 5107 2826 5158 αὐτὸν
2897 5109 3260 5178 γεγενημένην,

2389 3231 2750 3304 μαρτύρεσθαι
2810 3233 2925 3289 τοὺς
2989 3233 3061 3301 μὴ
3118 3229 3352 3291 θελοντας
3411 3235 3564 3302 φόνου
3629 3233 3772 3290 τινὸς
3824 3249 4007 3281 κοινω-

2389 3330 2566 3379 νῆσαι.
2611 3324 2747 3377 Φησὶ
2775 3321 2876 3391 γὰρ
2909 3323 2996 3370 καὶ
3026 3320 3051 3369 ὁ
3096 3315 3281 3371 Δαυίδο
3314 3319 3554 3392 Νίψομαι
3586 3320 3634 3371 ἐν
3669 3318 3866 3379 ἀθώοις
3913 3319 4006 3378 τὰς

2388 3412 2576 3482 χεῖράς
2603 3428 2723 3482 μου.

2464 3504 2562 3551 Καὶ
2619 3529 2686 3538 -—
2739 3500 2906 3569 ἡμῶν.
2981 3495 3118 3569 Αἷμα
3191 3497 3405 3567 λέγουσι
3462 3502 3554 3557 τὴν
3611 3505 3701 3550 τοῦ
3770 3496 4008 3570 αἳματος

2387 3585 2698 3646 καταδίκην.
2733 3587 2800 3638 Ὠ
2831 3593 3020 3659 μιαρᾶς
3056 3595 3226 3658 φωνῆς
3259 3586 3270 3640 !
3306 3587 3344 3638 ὦ
3380 3587 3665 3659 τολμηρίας
3695 3585 3957 3658 ἐσχάτης
3992 3584 4008 3638 1

2390 3676 2522 3727 Ἀλλ’
2553 3678 2600 3728 οἱ
2658 3679 2747 3747 μὶν
2802 3674 2860 3726 οὗ
2925 3681 3076 3746 μόνον
3126 3676 3244 3727 καθ’
3291 3675 3498 3737 ἑαυτῶν,
3543 3675 3667 3726 ἀλλὰ
3708 3681 3806 3726 καὶ
3859 3678 4011 3727 κατὰ

2384 3774 2484 3816 τῶν
2532 3770 2716 3817 τέκνων
2767 3764 2973 3816 ἕλκουσι
3011 3769 3106 3822 τὴν
3155 3764 3303 3838 ἀράν·
3353 3765 3377 3815 ὁ
3431 3760 3488 3815 δὲ
3529 3766 3748 3835 Χριστὸς
3793 3768 3899 3815 καὶ
3948 3763 4011 3827 ἓξ

2385 3854 2571 3919 αὐτῶν,
2616 3858 2705 3906 καὶ
2771 3853 2825 3904 ἐκ
2883 3862 2981 3904 τῶν
3037 3858 3220 3905 τέκνων
3281 3851 3492 3925 δέχεται
3541 3855 3654 3912 τοὺς
3719 3856 4003 3923 μετανοή-

2385 3964 2590 4004 σαντας·
2642 3949 2730 3996 καὶ
2781 3942 2838 3996 οὐ
2878 3947 3030 4015 μόνον
3074 3941 3352 4015 ἐξαιρεῖται
3400 3951 3488 4003 τῆς
3537 3945 3777 4002 τοιαύτης
3831 3941 4010 4016 ἀρᾶς,

2382 4034 2507 4086 ἀλλὰ
2545 4039 2634 4086 καὶ
2683 4037 2880 4108 μυρίων
2930 4031 3135 4103 ἀγαθῶν
3167 4031 3328 4094 ἀξιοῖ.
3382 4038 3480 4085 Καὶ
3508 4035 3608 4106 γὰρ
3644 4036 3730 4084 καὶ
3779 4033 4018 4096 Παῦλος

2381 4125 2432 4188 έξ
2460 4124 2625 4177 αὐτῶν
2657 4120 2736 4194 ἦν,
2773 4126 2856 4174 καὶ
2901 4118 3155 4196 μυριάδες
3187 4130 3284 4173 τῶν
3315 4127 3730 4174 πεπιστευκότων
3766 4120 3825 4174 ἐν
3883 4122 4018 4194 (l9)

2375 4215 2410 4268 Ὶ
2421 4212 2752 4288 εροσολύμοις
2767 4257 2777 4268 .

2447 4307 2573 4356 Τότε
2628 4333 2696 4342 —
2758 4302 3057 4375 σταυρωθῇ.
3121 4301 3334 4371 Μάρκος
3388 4302 3477 4367 μὲν
3535 4297 3670 4352 εἶπεν
3721 4300 3813 4353 ὁτι
3876 4301 4010 4376 βου-

2374 4393 2582 4466 λόμενος
2623 4399 2692 4461 τῷ
2733 4390 2874 4462 ὄχλῳ
2925 4393 2981 4442 τὸ
3019 4391 3190 4441 ἰκανὸν
3231 4397 3470 4448 ποιῆσαι·
3515 4395 3724 4450 Λουκᾶς
3785 4387 3884 4453 δὲ,
3933 4395 4021 4448 ὅτι

2375 4481 2600 4556 ἐπέκρινε
2652 4481 2892 4552 γενέσθαι
2948 4482 3006 4530 τὸ
3070 4482 3269 4549 αἴτημα
3314 4478 3502 4532 αὐτῶν.
3559 4483 3628 4532 Τὸ
3670 4475 3730 4530 δὲ
3790 4487 4020 4554 φραγέ-

2371 4571 2477 4626 λιον
2533 4570 2730 4643 μάστιξ
2782 4566 2841 4628 ἦν
2907 4567 2962 4626 ἐκ
3019 4573 3247 4640 σχοίνων
3301 4569 3329 4627 ᾖ
3400 4567 3572 4640 λώρων
3627 4568 4019 4644 πεπλεγμένη,

2369 4661 2485 4734 μεθ’
2538 4661 2596 4721 ἧς
2652 4662 2866 4711 ἔτυπτον
2919 4660 2985 4710 τὰ
3022 4667 3157 4709 νῶτα
3214 4666 3312 4708 τῶν
3362 4653 3683 4712 καταδίκων.
3743 4659 4020 4733 Ἐσαφή-

2554 4747 2613 4801 δὲ
2693 4753 2788 4806 τὴν
2854 4747 3174 4820 φραγελωσιν
3234 4747 3260 4798 ὁ
3335 4745 3569 4807 Ἰωάννης
3621 4748 3864 4819 γράψας
3933 4753 4024 4804 ὅτι

3338 5107 3427 5155 καὶ
3493 5101 3835 5169 ἀκούσαντες
3918 5117 4025 5171 τῆς

2283 5235 2327 5271 ²¹
2361 5233 2520 5290 Psal.
2551 5237 2762 5301 xxv,6.
2839 5233 2886 5267 ”
2924 5232 3108 5287 Marc.
3146 5245 3248 5298 xv,
3282 5230 3363 5286 l5.
3442 5231 3489 5266 ³³
3539 5229 3681 5288 Luc.
3718 5233 3775 5269 “
3809 5233 4023 5292 Joan.

1819 5449 2042 5520 Variae
2069 5451 2405 5524 lectiones
2444 5464 2510 5522 et
2535 5459 2716 5523 notae

647 5591 767 5664 (18)
798 5590 1292 5666 Διαμαρτύρασθαι.
1322 5592 1392 5648 Α.

2430 5600 2544 5676 (l9)
2569 5599 2834 5679 Ὕστερον,
2862 5604 3001 5658 ante
3038 5597 3107 5672 ἕν,
3145 5597 3306 5657 addit
3333 5598 3406 5657 Α.

639 5741 760 5822 (vv)
788 5744 1151 5808 Retraheret.
1183 5745 1351 5804 Forte
1378 5761 1489 5822 pro
1519 5746 1736 5802 ἐκλύσαι
1765 5747 1946 5807 inven
1967 5749 2014 5809 it
2033 5719 2271 5810 ἑλκύσαι.
2296 5749 2467 5814 Male.
