4198 6468
182 405 275 464 717

1206 395 1575 460 COMMENT.
1618 395 1688 453 IN
1728 392 2176 457 MATTH/EUM.
2219 430 2284 443 —
2323 397 2479 457 CAP.
2523 395 2743 459 XXVII.

3408 401 3515 460 718
3537 398 3556 448 ι’

181 532 480 605 ἀποφάσεως,
536 526 884 605 παραδούσης
943 536 1124 583 τοῦτον
1208 535 1280 598 τῷ
1356 526 1608 599 θελήματι
1661 521 1752 575 αύ·

1873 537 2001 581 sum
2039 525 2362 583 tradiderat
2380 526 2670 584 voluntati
2695 542 2926 595 eorum,
2948 524 3016 585 ut
3049 527 3198 586 dixit
3220 528 3412 587 Lucas
3440 531 3511 596 ³⁵,

179 631 292 691 τῶν,
337 625 398 684 ὡς
451 622 476 672 ὁ
536 626 741 680 Λουκᾶς
797 618 949 690 εἶπεν,
993 623 1176 690 ἤγουν,
1209 625 1280 685 τῷ
1340 615 1748 690 σταυρωθῆναι·

179 719 320 764 τοῦτο
361 711 457 785 γὰρ
519 706 580 768 ἦν
607 712 664 760 τὸ
724 708 920 780 θέλημα
972 708 1141 760 αὐτῶν
1165 724 1178 738 ο
1213 705 1500 779 χαλάσωσι
1541 708 1632 762 τὴν
1663 703 1751 778 ὀρ-

177 805 288 872 γὴν,
326 804 405 852 καὶ
447 797 704 870 έμέσωσιν
752 796 847 868 ὀψέ
887 816 1012 850 ποτε
1068 797 1184 866 (νο)
1227 799 1314 848 τὸν
1353 795 1445 848 ἰόν.
1476 798 1570 846 Δια
1600 800 1752 846 τοῦτο

178 893 272 962 γὰρ
317 893 394 940 καὶ
443 889 511 940 τὰ
562 886 680 949 έξῆς
737 891 1078 960 συνεχώρησε
1118 886 1375 956 γενέσθαι,
1410 888 1504 942 τὴν
1543 885 1752 956 περίθεο

185 998 259 1031 σιν
301 986 382 1039 τῆς
428 972 730 1048 χλαμύδος,
781 979 874 1032 τὴν
929 973 1159 1027 ἐπίθεσιν
1206 981 1299 1025 τοῦ
1354 974 1626 1044 στεφάνου,
1657 977 1752 1030 τὴν

183 1063 322 1119 δόσιν
345 1073 428 1120 τού
457 1064 715 1136 καλάμου,
745 1069 836 1115 καὶ
863 1067 952 1115 τὸν
980 1061 1130 1115 ἄλλον
1151 1061 1465 1134 έμπαιγμόν.

248 1161 360 1208 Τότε
404 1185 474 1195 —
525 1151 610 1206 έπὶ
683 1156 778 1211 τὴν
845 1147 1021 1214 δεξιὰν
1101 1150 1282 1205 αὐτοῦ.
1339 1155 1444 1208 Τὴν
1496 1145 1754 1222 χλαμύδα

190 1250 360 1305 ταύτην
419 1249 627 1321 Μάρκος
691 1247 782 1316 μεν
845 1245 1116 1318 πορφύραν
1191 1239 1349 1310 εἶπεν,
1409 1241 1645 1303 Ἰωάννης
1693 1239 1754 1295 δὲ

190 1339 371 1408 ἱμάτιον
395 1341 684 1409 πορφυροῦν
704 1350 717 1364 ·
749 1333 975 1405 Ἰμάτιον
1007 1327 1066 1384 δε
1096 1328 1157 1390 ἧν
1183 1335 1581 1406 πορφυρόχροον
1617 1332 1748 1402 (2|).

183 1424 236 1478 Ὀ
304 1422 354 1478 δε
408 1425 679 1484 Ματθαίος
747 1419 1042 1494 ἀδιαφόρως
1099 1424 1344 1478 κοκκίνην
1401 1418 1610 1472 έκάλισε
1657 1425 1754 1480 την

179 1516 400 1572 τοιαύτην
474 1511 670 1581 βαφὴν,
723 1514 794 1573 ὡς
847 1509 1095 1565 ἐοικυῖαν.
1159 1509 1234 1562 Ού
1289 1512 1392 1582 γὰρ
1443 1508 1642 1572 ἀληθὴς
1690 1507 1754 1569 ἦν

178 1607 412 1679 πορφύρα.
463 1604 606 1656 Ἐπεὶ
642 1604 744 1674 γὰρ
792 1598 1041 1673 βασιλεύς
1087 1607 1188 1652 τῶν
1234 1595 1503 1652 Ἰουδαίων
1535 1597 1750 1670 ἐλέγετο,

180 1693 353 1758 λοιπόν,
407 1694 473 1752 ὡς
526 1689 770 1764 βασιλέα,
829 1696 1008 1742 τοῦτον
1067 1685 1102 1741 δ
1108 1688 1358 1755 ιέπαιζον,
1415 1692 1510 1746 τὴν
1560 1691 1756 1761 πορφύ-

183 1802 263 1854 ραν
321 1782 508 1839 ἐκείνην
571 1780 854 1854 περιθέντες
927 1776 1038 1832 ἀντὶ
1112 1774 1446 1849 ἁλουργίδος,
1505 1781 1595 1828 καὶ
1667 1778 1754 1827 τόν

1863 612 1987 670 sive
2032 619 2096 671 ut
2144 616 2590 686 cruciﬁgeretur
2613 618 2780 688 (nam
2809 617 2938 674 haec
2989 633 3199 674 eorum
3231 618 3513 676 voluntas
3551 653 3554 656 ~

1861 704 2008 774 erat)
2028 703 2363 774 mitigarent
2382 705 2554 772 iram,
2583 721 2654 763 ac
2675 707 2763 762 vel
2795 723 2927 764 sero
2945 707 3189 764 tandem
3215 722 3513 769 venenum

1861 797 2222 849 evomerent.
2249 796 2491 867 Pmpter
2510 795 2623 852 hoc
2644 797 2804 852 enim
2825 797 3004 853 etiam
3027 813 3164 870 quae
3181 802 3514 870 sequuntur

1861 879 1988 936 ﬁeri
2008 883 2294 953 permisit,
2324 883 2595 941 videlicet
2615 889 2682 940 ut
2700 885 3140 943 circumdarent
3159 887 3213 943 ei
3243 886 3513 960 chlamyo

1861 967 2021 1036 dem,
2037 970 2476 1043 etimponerent
2487 988 2784 1041 coronam,
2799 974 3128 1048 darentque
3140 974 3508 1040 arundinem,

1861 1073 1931 1113 ac
1959 1058 2254 1132 reliquam
2285 1061 2588 1130 explerent
2615 1061 2976 1120 illusionem.

1932 1148 2097 1204 Vers.
2152 1153 2241 1204 27.
2289 1151 2453 1207 Tunc
2489 1181 2559 1216 -τ
2593 1153 2751 1208 Vers.
2798 1153 2886 1208 29.
2937 1153 3010 1209 In
3039 1152 3328 1216 dexteram
3367 1156 3514 1224 ejus.

1863 1234 2257 1310 Chlamydem
2283 1239 2438 1296 hanc
2462 1240 2697 1298 Marcus
2723 1241 2872 1298 dixit
2901 1257 3236 1316 purpuram
3265 1245 3314 1280 ²⁶
3329 1241 3514 1300 Joan-

1861 1341 1968 1382 nes
1997 1342 2140 1384 vero
2178 1333 2402 1385 vestem
2441 1345 2810 1404 purpuream
2839 1332 2910 1386 ²”¹.
2940 1332 3076 1389 Erat
3104 1337 3307 1390 autem
3336 1332 3514 1390 vestis

1864 1417 2150 1488 purpurei
2196 1417 2432 1475 coloris.
2473 1420 2782 1478 Mattheus
2825 1425 3026 1478 autem
3072 1422 3308 1496 absque
3350 1421 3516 1480 diffe-

1862 1505 2071 1571 rentia,
2119 1507 2418 1564 coccinum
2481 1510 2714 1566 vocavit
2760 1509 3112 1583 hujusmodi
3171 1513 3516 1577 tincturam,

1862 1599 2068 1666 utpote
2113 1611 2393 1668 purpurm
2437 1597 2696 1654 similem
2730 1615 2742 1654 :
2774 1613 2968 1672 neque
3007 1599 3168 1655 enim
3212 1614 3365 1656 vera
3392 1605 3520 1656 erat

1864 1697 2144 1755 purpura.
2187 1685 2338 1750 Quia
2374 1692 2576 1743 autem
2607 1703 2711 1743 rex
2760 1689 3098 1744 Judmorum
3136 1687 3333 1744 dictus
3369 1692 3514 1754 erat,

1864 1771 1998 1828 ideo
2021 1778 2305 1846 tanqaum
2328 1774 2452 1845 regi
2481 1775 2831 1843 illudebant,
2859 1792 3124 1849 purpura
3149 1776 3249 1833 illa
3265 1776 3518 1833 circum-

185 1870 231 1934 ἐξ
289 1869 512 1922 ἀκανθῶν
583 1871 829 1939 στέφανον
900 1865 1151 1927 έπιθέντες
1218 1863 1332 1918 ἀντὶ
1395 1861 1750 1938 διαδήματος,

1873 1860 2076 1918 dantes
2089 1877 2198 1933 pro
2212 1868 2698 1936 vestepurpurea,
2715 1869 3068 1922 etcoronam
3080 1865 3155 1922 de
3168 1865 3357 1938 spinis
3377 1879 3517 1922 con-

184 1965 260 2012 καὶ
295 1964 371 2012 τόν
427 1957 662 2030 κάλαμον
711 1954 1106 2028 έγχειρίσαντες
1159 1953 1270 2008 ἀντὶ
1336 1959 1622 2029 σκήπιρου,
1665 1958 1754 2006 καὶ

189 2051 362 2110 ἄκοντες
393 2045 451 2102 δε
474 2051 570 2106 τήν
602 2045 839 2104 ἀλήθειαν
869 2043 1254 2117 έσχημιίτιζον.

259 2228 347 2278 Καὶ
391 2254 458 2265 -
508 2229 599 2282 τήν
660 2222 882 2296 κεφαλὴν
936 2222 1118 2276 αὐτοῦ.
1173 2221 1242 2275 Ὢ
1287 2223 1594 2276 ἁνεικάστου
1660 2241 1758 2294 μαε-

197 2312 487 2385 κροθυμίαςὶ
540 2313 578 2364 ὦ
638 2314 807 2364 πάντα
887 2311 1038 2382 λόγον
1101 2317 1333 2372 νικώσης
1395 2309 1752 2374 ἁνεξικακίαςῘ

195 2403 416 2463 Ἰωάννης
463 2398 523 2454 δέ
571 2421 720 2474 φησιν
773 2403 856 2454 ὅτι
911 2406 1002 2454 καὶ
1051 2397 1266 2454 ἆδίδουν
1305 2400 1448 2471 αύτῷ
1490 2401 1755 2474 ῥαπίσμα-

191 2511 261 2547 τα.
309 2497 477 2544 Πᾶσαν
538 2494 634 2565 γὰρ
713 2489 863 2563 ὕϐριν
914 2490 1056 2560 αύτῷ
1110 2497 1379 2562 προσῆγον
1439 2491 1488 2542 οἱ
1546 2495 1748 2562 μιαροὶ,

180 2582 501 2655 χαριζόμενοι
573 2588 685 2642 τοῖς
753 2582 1086 2651 θεοστυγέσιν
1141 2576 1439 2640 Ἰουδαίοις.
1497 2578 1556 2631 Ὀ
1606 2578 1756 2639 αὐτὸς

179 2667 232 2722 δὲ
293 2670 525 2730 Ἰωάννης
590 2673 683 2720 καὶ
753 2671 818 2720 τὰ
887 2666 1112 2721 έντεῦθεν
1173 2670 1471 2742 ἱστόρησεν,
1528 2670 1597 2728 ὡς
1646 2676 1755 2731 τοῖς

173 2759 332 2820 ἄλλοις
403 2758 865 2832 παραλελειμμένα,
941 2756 1100 2828 λέγων
1132 2776 1145 2790 ο
1202 2756 1442 2820 Ἐξῆλθεν
1513 2757 1602 2808 οὖν
1659 2759 1756 2810 πά-

171 2849 244 2902 λιν
309 2848 399 2912 ἔξω
469 2852 495 2901 ό
568 2847 814 2910 Πιλᾶτος,
871 2851 960 2900 καὶ
1013 2850 1144 2916 λέγει
1205 2846 1380 2906 αὐτοῖς
1409 2864 1422 2878 ·
1480 2843 1590 2900 Ἴδε
1645 2846 1757 2918 ἄγω

168 2940 285 3011 ὑμῖν
341 2937 494 2990 αὐτόν
553 2937 670 3004 ἔξω,
725 2941 814 2989 καὶ
859 2938 925 2988 τὰ
972 2934 1093 2999 ἑξῆς
1154 2934 1290 3008 ἄχρι
1334 2943 1446 3003 τοῦ,
1496 2940 1624 2988 Τότε
1669 2933 1757 2989 οὖν

167 3024 454 3103 παρέδωκεν
479 3026 636 3080 αὐτόν
669 3025 868 3093 αὐτοῖς,
902 3025 984 3077 ἵνα
1015 3026 1317 3100 σταυρωθῇ.

235 3220 474 3269 Φαίνεται
540 3217 645 3288 γὰρ
707 3215 788 3268 ὅτι
854 3209 936 3275 δὶς
995 3213 1148 3267 αὐτὸν
1208 3209 1507 3288 παρέδωκεν
1580 3215 1648 3277 εἰς
1699 3219 1759 3269 τὸ

163 3306 530 3380 σταυρωθῆναι
567 3320 580 3333 °

159 3389 258 3446 διὰ
304 3399 396 3451 τὴν
453 3397 830 3467 προειρημένην
887 3393 1056 3445 αἰτίαν
1083 3409 1095 3423 ·
1130 3391 1238 3445 ἐπεὶ
1286 3393 1420 3463 ('21')
1470 3389 1550 3461 δὲ,
1592 3397 1761 3446 πάντα

155 3484 625 3555 μηχανησάμενος,
702 3480 839 3534 εἶδεν
908 3481 1098 3544 αὐτούς
1166 3484 1498 3534 παντάπασιν
1547 3480 1760 3536 ἀνενδό-

155 3591 304 3637 τους,
357 3575 552 3630 ἤκουσε
614 3567 674 3623 δε
743 3576 832 3622 καὶ
886 3571 1002 3642 (22)
1076 3571 1362 3625 τελευταῖον
1416 3573 1538 3645 παρ’
1590 3573 1758 3626 αὐτῶν

154 3663 239 3714 ὃτι
288 3662 410 3712 Ἐὰν
460 3668 638 3712 τοῦτον
693 3658 982 3732 ἀπολύσῃς,
1039 3661 1134 3713 οὐκ
1190 3657 1238 3712 εἷ
1290 3661 1430 3733 φίλος
1484 3670 1574 3714 τοῦ
1626 3668 1758 3716 Καί-

643 3303 769 3357 ἆλλά
831 3307 891 3356 τό
942 3312 1144 3378 πρῶτον
1217 3307 1308 3376 μὶν
1380 3303 1430 3356 ἓν
1486 3305 1760 3379 ὑποκρίσει

157 3769 324 3825 σαρος
386 3770 399 3782 ·
444 3755 546 3810 πᾶς
621 3749 648 3800 ὁ
720 3747 945 3821 βασιλέα
1022 3749 1203 3803 έαυτόν
1285 3759 1445 3804 ποιῶν
1513 3749 1762 3824 ἀντιλέγει

157 3848 231 3909 τῷ
286 3843 521 3913 Καίσαρι
552 3855 564 3867 ⁸
613 3843 729 3890 τότε
799 3838 978 3891 λοιπὸν
1043 3837 1090 3890 έν
1169 3838 1388 3913 ἀληθείᾳ
1461 3838 1762 3916 παρέδωκεν

154 3928 319 3981 αὐτὸν
371 3927 568 3992 αὐτοῖς,
625 3928 710 3979 ἱνα
763 3928 1060 4001 σταυρωθῇ.
1112 3931 1200 3981 Διό
1269 3935 1360 3982 καὶ
1427 3933 1488 3984 τὸ
1560 3940 1764 4006 πρῶτον

150 4022 248 4090 μὲν
303 4017 486 4079 ἁπλῶς
527 4017 682 4070 αὐτὸν
737 4013 1010 4091 παρέδωκα
1043 4034 1056 4047 ·
1113 4021 1172 4070 τὸ
1231 4015 1470 4096 δεύτερον
1519 4017 1579 4076 δί
1624 4041 1765 4094 παρ-

150 4104 354 4160 έδωκεν
383 4105 540 4159 αὐτόν
569 4105 768 4168 αὐτοῖς.

226 4200 421 4270 Μυρία
473 4199 564 4268 μιν
606 4191 694 4248 οὖν
763 4197 790 4247 ό
849 4195 1071 4259 Πιλᾶτος
1128 4195 1610 4272 ἐπραγματεύσατο,
1666 4203 1766 4254 πά-

152 4305 252 4348 σης
305 4285 526 4345 εὐθύνης
584 4287 672 4336 τὸν
716 4289 944 4359 Χριστὸν
1007 4284 1364 4354 ἀπαλλάττων,
1419 4293 1510 4341 καὶ
1557 4295 1769 4343 παντοί-

145 4396 244 4442 ως,
305 4379 382 4448 μή
448 4373 783 4449 ἀναιρεθῆναι
829 4382 1030 4442 τοῦτον,
1074 4373 1488 4450 ἀγωνιζόμενος⁹
1548 4375 1657 4432 ἔδει
1710 4376 1770 4433 δι

149 4465 318 4517 αὐτὸν
365 4463 677 4522 ἀντιστῆναι
733 4459 1192 4539 δικαστικὼτερον,
1253 4471 1342 4519 καὶ
1395 4470 1465 4539 μὴ
1515 4487 1770 4540 παραχω-

1865 1955 2084 2008 textam
2099 1957 2568 2025 superponentes
2580 1969 2690 2027 pro
2701 1954 3058 2020 diademate,
3075 1970 3148 2013 ac
3158 1954 3519 2011 arundinem

1863 2056 1974 2113 pro
1990 2046 2228 2115 sceptro
2246 2041 2306 2097 in
2317 2057 2566 2100 manum
2584 2043 2949 2116 porrigentes
2970 2059 2984 2100 :
3001 2049 3058 2102 et
3069 2043 3154 2102 ita
3171 2059 3518 2117 quanquam

1864 2129 2153 2195 nolentes,
2183 2131 2489 2189 veritatem
2516 2132 2947 2204 ﬁguraverunt.

1903 2221 2104 2276 .Vers.
2130 2222 2218 2275 29.
2245 2220 2326 2276 Et
2359 2251 2426 2264 -
2457 2223 2617 2278 Vers.
2658 2225 2750 2280 30.
2799 2221 2994 2293 Caput
3041 2225 3183 2294 ejus.
3210 2223 3256 2280 0
3292 2221 3520 2280 incom-

1866 2308 2149 2380 parabilis
2163 2310 2445 2380 patientia
2459 2311 2471 2366 ι
2507 2311 2550 2365 Ο
2571 2313 2911 2369 innocentia
2927 2328 3063 2385 qua:
3076 2327 3320 2369 omnem
3344 2327 3520 2385 supe-

1864 2404 1954 2454 rat
1983 2413 2323 2455 sermonem
2355 2398 2370 2452 l
2401 2400 2661 2457 Joannes
2691 2405 2893 2458 autem
2933 2401 3095 2469 dicit,
3141 2401 3308 2474 quod
3338 2400 3519 2460 etiam

1864 2487 2093 2544 dabant
2139 2487 2192 2543 ei
2235 2488 2438 2560 alapas
2482 2491 2551 2545 ³³.
2586 2491 2840 2547 Omnem
2889 2490 3052 2548 enim
3101 2490 3438 2549 inferebant
3465 2490 3522 2546 ei

1866 2574 2096 2654 scelesti
2151 2575 2456 2648 injuriam,
2498 2594 2625 2634 rem
2664 2586 2895 2651 gratam
2929 2579 3154 2636 Judmis
3203 2579 3308 2636 Dei
3337 2579 3522 2640 osori-

1865 2662 1980 2719 bus
2034 2665 2313 2722 exhibere
2365 2667 2691 2739 cupientes.
2740 2670 2868 2741 Ipse
2911 2684 3056 2726 vera
3089 2669 3353 2728 Joannes
3383 2683 3521 2742 qum

1866 2753 2088 2810 abhinc
2117 2761 2446 2828 sequuntur
2479 2758 2737 2830 scripsit,
2772 2764 3061 2831 tanquam
3087 2758 3166 2816 ab
3196 2757 3330 2816 aliis
3360 2773 3523 2830 prae-

1869 2843 2158 2914 lermissa,
2182 2845 2387 2902 dicens
2411 2863 2424 2902 :
2447 2847 2653 2905 Exivit
2679 2863 2818 2918 ergo
2835 2849 3052 2905 iterum
3071 2849 3234 2918 foras
3273 2847 3521 2912 Pilatus,

1866 2937 1918 2988 et
1942 2935 2036 2992 ait
2058 2934 2179 2991 illis
2206 2956 2218 2992 :
2246 2935 2396 2993 Ecce
2418 2937 2652 2994 adduco
2677 2938 2835 2994 vobis
2863 2953 2996 2995 eum
3018 2941 3203 3009 foras,
3236 2941 3348 2996 etc.
3385 2953 3524 3010 qua:

1869 3031 2200 3096 sequuntur
2219 3041 2414 3098 usque
2425 3026 2503 3082 ad
2525 3043 2665 3082 eum
2679 3025 2904 3087 locum:
2940 3028 3114 3086 Tunc
3129 3043 3263 3100 ergo
3277 3026 3523 3084 tradidit

1868 3110 1944 3167 eis
1964 3110 2135 3167 illum
2164 3118 2230 3167 ut
2253 3114 2691 3184 cruciﬁgeretur
2719 3116 2790 3169 ³³.
3136 3151 3160 3189 ι,

1792 3233 1833 3290 c
1911 3203 2198 3290 _f‘IlPaJ'et
2233 3172 2437 3274 ίιειςιιὲ
2460 3172 2631 3274 ἷιιιοά
2668 3201 2764 3258 bis
2803 3218 2942 3259 eum
2971 3172 3277 3262 tradiderit
3306 3207 3372 3259 ut
3393 3172 3546 3261 cru-V

1870 3287 2200 3357 ciﬁgeretur
2249 3306 2262 3344 :
2315 3289 2419 3346 sed
2451 3291 2716 3362 primum
2747 3291 2996 3363 quidem
3042 3291 3104 3349 in
3145 3291 3523 3358 simulatione

1871 3382 2110 3450 propter
2133 3393 2317 3450 supra
2331 3377 2556 3434 dictam
2573 3395 2841 3436 causam.
2856 3379 3008 3448 Quia
3030 3396 3167 3437 vero
3198 3384 3522 3452 postquam

1870 3466 2071 3522 omnia
2129 3467 2533 3538 excogitasset,
2562 3468 2704 3524 vidit
2730 3485 2833 3524 eos
2876 3469 3124 3528 omnino
3159 3469 3521 3538 immobiles,

1872 3555 2236 3630 tandemque
2253 3556 2572 3614 audivitab
2595 3557 2706 3614 illis
2744 3575 2758 3613 :
2784 3559 2853 3615 Si
2870 3559 3022 3616 hunc
3045 3558 3381 3627 absolveris,
3411 3575 3526 3629 non

1871 3661 1927 3702 es
1955 3645 2176 3702 amicus
2211 3647 2455 3703 Cwsaris
2484 3665 2499 3702 :
2532 3649 2871 3721 quicunque
2889 3665 2946 3704 se
2977 3664 3172 3720 regem
3195 3649 3363 3720 facit,
3392 3663 3526 3706 con—

1872 3735 2102 3792 tradicit
2121 3736 2338 3792 Caesari
2368 3739 2414 3772 ³⁰
2442 3752 2456 3792 :
2489 3741 2628 3792 tunc
2639 3737 2767 3808 jam
2787 3737 2849 3793 in
2874 3738 3116 3810 veritate
3137 3737 3525 3809 tradiditeum

1873 3824 1986 3880 illis
2013 3830 2078 3882 ut
2100 3826 2566 3898 cruciﬁgererur.
2589 3827 2731 3883 Ideo
2755 3843 2996 3901 quoque
3016 3829 3281 3901 primum
3304 3827 3528 3902 simpli-

1874 3914 2018 3972 citer
2038 3915 2425 3974 tradiditeum
2459 3939 2470 3984 ;
2505 3917 2774 3975 secundo
2803 3934 2941 3976 vero
2962 3918 3200 3976 tradidit
3217 3935 3357 3977 eum
3387 3917 3523 3975 illis.

1947 4200 2095 4257 Mille
2124 4199 2319 4272 itaque
2358 4199 2571 4256 modos
2609 4199 2969 4270 excogitavit
2992 4201 3240 4268 Pilatus,
3273 4205 3338 4258 ut
3369 4201 3527 4260 Chri-

1877 4293 2033 4344 stum
2063 4288 2229 4344 omni
2254 4302 2438 4359 poena
2479 4287 2773 4354 liberaret,
2797 4293 2855 4344 et
2897 4289 3146 4345 omnino
3188 4304 3263 4345 ne
3295 4289 3526 4345 occide-

1878 4383 2038 4436 retur
2060 4376 2368 4434 laboravit.
2398 4378 2619 4433 Verum
2657 4378 2920 4449 oportuit
2952 4393 3088 4434 eum
3113 4378 3319 4434 fortius
3360 4393 3526 4435 more

1876 4466 2093 4540 judicis
2119 4465 2405 4533 resistere,
2439 4481 2548 4521 nec
2587 4465 2818 4538 injustis
2868 4466 3152 4523 assentire
3184 4483 3198 4523 :
3241 4471 3343 4523 aut
3389 4482 3529 4523 eum

139 4561 328 4628 ρῆσαι
368 4559 482 4615 τοῖς
519 4549 792 4620 ἀδικοῦσι,
831 4549 972 4625 μηδε
1011 4550 1302 4628 προδοῦναι
1348 4559 1434 4608 τὸν
1476 4556 1567 4609 ὑπ’
1609 4557 1765 4610 αὑτοῦ

1880 4557 2149 4630 prodere,
2183 4555 2286 4630 qui
2327 4555 2404 4612 ab
2435 4555 2692 4627 ipsomet
2720 4554 2898 4612 Pilato
2926 4554 3330 4612 testimonium
3372 4573 3534 4612 acce-

139 4641 360 4696 ἐκείνου
427 4645 844 4717 μαρτυρούμενον
926 4640 1153 4698 ἀναίτιον
1225 4645 1294 4706 εἰς
1366 4647 1602 4700 θάνατον.
1650 4647 1772 4702 Ὀτι

136 4734 260 4803 γὰρ
314 4726 573 4797 ἠδύνατο,
627 4727 786 4792 δῆλον
835 4730 937 4785 ἀπὸ
985 4740 1076 4786 τοῦ
1121 4733 1276 4788 εἰπεῖν
1319 4735 1475 4789 αὐτόν
1506 4755 1519 4770 ο
1552 4737 1662 4790 Ούκ
1700 4734 1772 4792 οἶ-

137 4817 282 4888 δας,
368 4819 449 4872 ὅτι
498 4819 737 4884 ἐξουσίαν
811 4823 922 4894 ἔχω
981 4828 1286 4896 σταυρωσαί
1361 4844 1438 4888 σε,
1483 4832 1573 4880 καὶ
1633 4826 1774 4890 ἐξου-

138 4912 277 4960 σίαν
351 4911 470 4981 ἔχω
537 4909 799 4963 ἀπολῦσαί
854 4927 962 4978 ae;
1017 4915 1104 4964 Διό
1175 4918 1265 4966 καὶ
1320 4915 1346 4965 ὁ
1395 4920 1625 4988 Χριστὸς
1679 4917 1773 4982 ορκ

135 4995 426 5052 ἀπελυσεν
499 4999 655 5053 αὐτὸν
720 4997 1034 5064 καταδίκης,
1087 5001 1238 5055 εἰπὼν
1291 5004 1372 5056 ὅτι
1427 5004 1485 5058 Ὀ
1539 4997 1809 5082 παραδιέ

213 5154 272 5191 ³³
342 5152 501 5211 Luc.
567 5167 728 5222 xxm,
769 5157 860 5210 25.
934 5156 984 5191 ³⁸
1027 5155 1200 5212 Marc.
1241 5173 1340 5225 xv,
1396 5159 1484 5214 l7.
1561 5163 1608 5198 ⁸⁷
1670 5164 1842 5222 Joan.
1901 5172 2012 5229 xix,
2053 5163 2106 5216 2.
2182 5160 2233 5196 ³⁵³
2279 5134 2436 5214 ibid.

130 5244 182 5279 ³³
216 5242 381 5299 ibid.
426 5242 512 5300 10.

1882 4652 2070 4720 perat,
2098 4646 2265 4719 quod
2323 4645 2531 4701 mortis
2588 4645 2769 4702 noxia
2800 4646 3044 4701 carebat
3067 4647 3137 4698 δι.
3175 4646 3345 4712 Quod
3371 4645 3534 4702 enim

1882 4737 2139 4810 potuerit
2190 4753 2328 4793 eum
2377 4751 2496 4792 non
2538 4736 2770 4792 tradere
2806 4735 3188 4791 manifestum
3229 4741 3409 4792 estex
3439 4752 3532 4806 eo,

1882 4827 2046 4900 quod
2075 4828 2202 4898 ipse
2232 4825 2420 4881 dixit:
2452 4825 2651 4881 Nescis
2692 4825 2851 4896 quod
2889 4829 3226 4895 potestatem
3287 4825 3531 4882 habeam

1882 4916 2264 4986 cruciﬁgendi
2292 4924 2362 4981 te,
2395 4923 2448 4972 et
2464 4921 2801 4984 potestatem
2818 4914 3066 4973 habe’am
3088 4915 3417 4971 absolvendi
3443 4913 3536 4972 te?

1883 5007 2022 5062 Ideo
2041 5005 2221 5061 etiam
2246 5004 2510 5060 Christus
2539 5019 2577 5060 a
2605 5004 3102 5061 condemnatione
3119 5019 3249 5060 eum
3280 5019 3404 5061 non
3434 5003 3538 5061 ab-

2479 5161 2531 5213 3.
2609 5159 2656 5194 η
2689 5157 2834 5214 ibid.
2889 5155 3042 5214 me.
3121 5159 3169 5194 ιο
3224 5156 3374 5232 ibid.
3449 5130 3580 5244 ίόη

1383 5403 1608 5477 Varias
1653 5405 1986 5479 lectiones
2029 5415 2097 5474 et
2136 5413 2338 5473 notas.

207 5568 356 5647 (20)
389 5567 592 5649 Malim
618 5587 778 5630 nunc
806 5571 952 5649 ερψι
979 5581 1105 5649 γοῦν
1135 5594 1278 5649 ποτε.
1295 5576 1483 5649 Forte
1498 5577 1671 5649 enim
1697 5577 1784 5637 ita

120 5642 810 5710 invaderuinterpres.
836 5642 1003 5704 certe
1021 5647 1183 5706 istud
1212 5647 1305 5707 vel
1324 5647 1386 5705 id
1413 5647 1678 5710 indicare
1701 5649 1784 5708 vi-

121 5661 650 5708 mveneruinter
697 5661 810 5702 res.
836 5661 870 5703 ι.

121 5713 362 5782 detur.
419 5711 525 5773 Ea:
551 5661 870 5776 Adsendis.

203 5777 349 5861 (21)
382 5790 844 5870 Πορφυρόχροιον.
877 5790 950 5857 Α.

1987 5577 2076 5644 2|)
2108 5573 2342 5638 Ἔπειτα,
2371 5571 2504 5644 loco
2528 5569 2662 5630 ἐπεί.
2698 5578 2758 5644 Β.

2113 5649 2362 5722 Τούτους,
2416 5643 2737 5722 interponit
2794 5645 2861 5700 A.
2923 5646 2978 5701 et
3032 5647 3168 5722 post
3234 5642 3545 5722 τελευταῖον³

1890 5715 2064 5790 addit
2083 5718 2335 5782 εἰπόντας⁸
2367 5717 2488 5792 παρ’
2517 5715 2685 5770 αὐτῶν
2709 5721 2910 5786 autem
2941 5715 3182 5786 omittit.
