4198 6500
595 423 704 480 719

597 639 766 697 habet
789 641 836 675 ³³
861 657 874 694 :
907 640 1106 710 majus
1130 640 1402 696 videlicet
1436 657 1621 713 quam
1645 642 1719 697 sit
1736 647 1929 696 tuum.

667 731 867 800 Neque
904 729 1066 784 enim
1120 745 1318 785 sermo
1348 729 1418 786 de
1449 729 1764 801 tyrannide
1813 730 2023 786 liberat
2061 745 2199 785 eum
2237 744 2248 783 :

597 817 910 889 oportebat
938 818 1098 874 enim
1148 835 1285 875 cum
1325 819 1384 875 id
1430 819 1718 884 audisset,
1751 824 2120 874 accusatores
2150 817 2254 873 ad-

599 921 833 972 vocare,
865 923 936 964 ac
966 907 1508 965 demonstrationes
1537 909 1854 980 inquirere,
1889 914 1945 964 et
1967 923 2252 980 quaecun-

601 1010 719 1068 que
764 995 1099 1068 tyrannidis
1128 997 1298 1068 signa
1335 1002 1548 1063 essent,
1582 1001 1784 1070 utpote
1837 996 1886 1052 si
1927 997 2250 1053 exercitum

603 1085 1024 1153 conscriberet,
1058 1086 1105 1141 si
1137 1087 1418 1158 pecunias
1447 1086 1767 1156 colligeret,
1803 1086 1852 1141 si
1883 1101 2052 1142 arma
2078 1085 2255 1141 fabri-

606 1178 786 1240 caret,
820 1181 877 1232 et
895 1175 945 1231 si
972 1175 1120 1247 quid
1151 1182 1240 1232 est
1271 1176 1646 1248 hujusmodi.
1681 1175 1783 1232 Ille
1823 1182 2023 1231 autem
2055 1176 2252 1231 statim

603 1266 669 1318 ut
697 1263 915 1320 audivit
943 1264 1232 1334 ignaviter
1265 1265 1478 1337 timuit,
1532 1271 1590 1320 et
1631 1264 2032 1320 indiscussam
2084 1263 2256 1319 relin-

602 1367 791 1424 quens
804 1351 983 1410 talem
1005 1355 1451 1410 accusationem
1485 1370 1811 1426 persuasus
1832 1357 1920 1409 est
1947 1360 2003 1408 et
2026 1353 2255 1426 percul-

601 1457 727 1508 sus,
761 1443 995 1508 Quanto
1025 1445 1176 1500 enim
1192 1443 1462 1500 duriores
1482 1448 1652 1500 erant
1674 1441 1859 1498 Judaei
1890 1447 1944 1498 et
1975 1442 2256 1498 audacio-

599 1545 715 1596 res,
741 1536 908 1588 tanto
933 1531 1029 1588 ille
1061 1533 1295 1589 mollior
1336 1537 1463 1590 erat
1492 1549 1562 1590 ac
1593 1532 1878 1596 timidior,
1921 1536 1977 1587 et
2001 1531 2136 1588 ideo
2177 1532 2258 1588 le-

599 1619 689 1676 vis
717 1620 1009 1694 facileque
1038 1622 1299 1678 mobilis.
1319 1624 1527 1688 Quaere
1547 1638 1792 1696 quoque
1813 1621 2253 1678 enarrationem

599 1725 832 1779 eorum,
858 1726 1015 1782 quat,
1035 1716 1100 1768 ut
1123 1712 1350 1769 dictum
1367 1718 1474 1779 est,
1490 1729 1525 1769 a
1547 1715 1775 1769 Joanne
1794 1717 2214 1785 proponuntur
2237 1725 2250 1764 :

600 1798 928 1873 plurimum
946 1801 1107 1856 enim
1131 1802 1443 1858 conferunt
1458 1802 1534 1858 ad
1549 1819 1621 1858 ea
1633 1818 1768 1874 quae
1784 1803 2080 1875 proposita
2093 1807 2252 1856 sunt.

1913 423 2258 481 EUTHYMlI
2309 422 2639 481 ZIGABENI

595 549 786 618 solvit,
817 548 1023 606 dicens
1056 547 1167 619 Qui
1191 549 1437 606 tradidit
1469 565 1560 608 me
1589 551 1695 607 tibi
1723 553 1918 621 majus
1944 556 2251 621 peccatum

2366 546 2489 611 δούς
2527 555 2591 622 μέ
2653 570 2737 602 σοι
2783 551 2995 622 μείζονα
3051 551 3310 624 ἁμαρτίαν
3358 556 3471 625 ἔχει
3505 571 3517 583 ⁸

3864 433 3957 489 720

3573 555 3809 627 μείζονα⁵
3865 553 3954 616 δη-

2360 635 2519 703 λαδὴ,
2545 646 2635 700 τῆς
2668 647 2732 698 σῆ
2746 661 2787 701 ς.

2435 726 2575 782 Οὐδὲ
2620 733 2722 800 γὰρ
2779 731 2804 780 6
2835 735 2948 801 περὶ
2999 738 3094 791 τῆς
3122 727 3424 803 τυραννίδος
3465 731 3618 804 λόγος
3652 732 3959 789 ἀπαλλάττει

2361 825 2542 870 τοῦτον
2591 833 2604 846 ·
2673 819 2836 892 ἐχρῆν
2890 822 3018 893 γὰρ,
3075 818 3394 884 ἀκούσαντα,
3453 830 3802 895 παραστῆσαι
3850 832 3958 886 τοὺς

2362 911 2706 980 κατηγόρους,
2774 913 2862 959 καὶ
2922 904 3209 970 ἀποδείξεις
3284 908 3626 977 ἐπιζητῆσαι,
3695 919 3786 966 καὶ
3865 917 3959 967 ὅσα

2363 992 2667 1067 τυραννίδος
2719 1002 2995 1070 τεκμήρια,
3056 999 3160 1049 οἷον
3213 997 3257 1050 εἰ
3296 997 3633 1072 στρατόπεδα
3675 1003 3954 1074 κατέλεγεν,

2365 1084 2406 1136 εἰ
2463 1090 2722 1158 χρήματα
2770 1085 3049 1157 συνελεγεν,
3085 1087 3128 1138 εἰ
3183 1087 3316 1139 ὅπλα
3367 1087 3636 1160 ἐχάλκευε,
3678 1097 3772 1144 καὶ
3819 1095 3864 1144 εἶ
3909 1112 3959 1144 τι

2363 1181 2614 1226 τοιοῦτον.
2667 1174 2726 1226 Ὀ
2775 1171 2852 1238 δι,
2913 1181 3064 1248 μόνον
3137 1175 3385 1244 ἀκούσας,
3449 1180 3660 1242 ἔπτηξεν
3719 1179 3957 1252 ἀγεννῶς,

2362 1267 2450 1314 καὶ
2537 1262 2866 1326 ἀνεξέταστον
2951 1264 3096 1337 ἀφεὶς
3166 1272 3258 1324 την
3336 1271 3586 1326 τοιαύτην
3648 1277 3960 1345 κατηγορίαν

2362 1351 2584 1422 ὑπήχθη
2667 1359 2756 1404 καὶ
2822 1357 3116 1428 παρεσύρη.
3169 1354 3330 1408 Ὅσον
3377 1359 3482 1430 γὰρ
3548 1354 3683 1415 ἦσαν
3733 1363 3781 1412 οἱ
3840 1362 3960 1414 Ἰου-

2365 1436 2508 1492 δαῖοι
2559 1441 2775 1515 σκληροὶ
2825 1449 2914 1495 καὶ
2956 1443 3498 1517 τολμηροὶ,τοσούτον
3544 1447 3694 1510 οὗτος
3734 1449 3963 1522 μαλακὸς

2363 1535 2452 1582 καὶ
2505 1527 2688 1594 δειλός,
2717 1537 2806 1583 καὶ
2863 1529 2956 1585 διὰ
2998 1541 3152 1585 τοῦτο
3195 1542 3384 1606 κοῦφος
3427 1542 3520 1588 καὶ
3570 1537 3960 1611 εὐπαράγωγος.

2363 1623 2602 1676 Ζήτησον
2653 1617 2711 1672 δε
2754 1627 2844 1673 καὶ
2895 1627 2988 1680 τὴν
3045 1622 3295 1694 ἐξήγησιν
3337 1634 3460 1693 τῶν,
3495 1627 3564 1688 ὡς
3593 1630 3792 1701 εἴρηται
3831 1633 3959 1694 (23),

2364 1710 2742 1781 προστεθέντων
2812 1714 2954 1784 παρὰ
3030 1720 3118 1764 τοῦ
3179 1715 3434 1780 Ἰωάννου,
3507 1713 3712 1791 σφόδρα
3788 1736 3959 1770 συντε-

2365 1795 2582 1849 λούντων
2610 1799 2676 1858 εἰς
2706 1803 2771 1851 τὰ
2799 1805 3137 1872 προκείμενα.

675 1889 838 1946 Vers.
899 1893 986 1946 3t.
1017 1891 1100 1946 Et
1139 1922 1208 1931 —
1238 1895 1302 1946 ut
1334 1866 1802 1961 cruciﬁgeretur:
1831 1866 1911 1946 Ex
1942 1907 2061 1964 quo
2099 1891 2254 1946 chla-

2441 1892 2542 1940 Καὶ
2595 1919 2660 1928 -
2714 1888 2785 1950 εἰς
2837 1894 2894 1940 τό
2963 1899 3289 1964 σταυρῶσαι.
3344 1891 3478 1944 Ἐπεὶ
3543 1889 3788 1954 ἐξέδυσαν
3835 1893 3946 1965 (24)

607 1979 767 2034 mide
795 1993 934 2035 eum
956 1985 1260 2048 exuerent,
1313 1982 1517 2054 utique
1545 1982 1726 2037 etiam
1757 1997 2040 2038 coronam
2077 1981 2261 2053 depo-

610 2074 876 2125 suerunt.
929 2071 1187 2126 Joannes
1237 2075 1435 2127 autem
1503 2071 1644 2127 dicit
1694 2071 1861 2143 quod
1917 2075 2262 2142 acceperunt

609 2156 808 2214 Iesum
833 2162 888 2215 et
915 2159 1223 2216 duxerunt
1238 2161 1303 2215 in
1317 2160 1660 2230 praetorium
1693 2162 1740 2196 ³³
1772 2178 1787 2231 ;
1816 2159 2038 2215 Judaeis
2061 2165 2118 2216 et
2146 2161 2262 2216 hoc

610 2246 980 2321 optantibus,
998 2253 1062 2305 ut
1074 2249 1213 2306 inde
1229 2249 1477 2306 eductus
1489 2250 1925 2307 condemnatus
1943 2250 2258 2306 videretur.

681 2446 843 2502 Vers.
876 2448 970 2506 32.
998 2447 1290 2504 Exeuntes
1314 2478 1368 2490 -
1410 2463 1639 2505 erucem
1689 2449 1841 2517 ejus.
1882 2448 2110 2503 Marcus
2135 2445 2260 2520 qui-

607 2534 746 2591 dem
777 2535 1008 2592 addidit
1039 2558 1051 2590 :
1092 2538 1325 2593 Patrem
1346 2537 1686 2593 Alexandri
1715 2540 1767 2592 et
1793 2535 1991 2605 Ruﬁ"
2027 2553 2039 2602 ;
2074 2537 2261 2592 Lucas

606 2630 809 2681 autem
849 2625 1180 2682 Venientem
1209 2627 1284 2682 ab
1312 2641 1452 2696 agro
1483 2628 1550 2680 ⁸⁵.
1581 2627 1841 2681 Joannes
1883 2642 2023 2682 vero
2061 2626 2209 2681 dixit
2243 2642 2254 2680 :

606 2713 892 2782 Bajulans
920 2728 1151 2770 crucem
1179 2729 1346 2770 suam
1372 2715 1554 2770 exivit
1596 2716 1643 2748 ³⁸
1669 2715 1927 2769 Primum
1963 2714 2255 2787 siquidem

605 2802 1027 2873 imposuerunt
1047 2803 1160 2875 ipsi
1185 2818 1422 2858 crucem
1454 2807 1730 2874 tanquam
1750 2804 2171 2869 condemnato,
2205 2809 2262 2861 et

607 2889 891 2961 bajulans
923 2906 1057 2947 eam
1084 2892 1281 2948 exivit.
1305 2892 1525 2948 Deinde
1550 2893 1774 2948 Simoni
1801 2892 2042 2949 obviant
2065 2912 2076 2950 :
2100 2893 2259 2950 hunc

2368 1981 2461 2035 τὴν
2517 1975 2792 2050 χλαμύδα,
2852 1981 3101 2052 περιεὶλον
3158 1985 3354 2042 πάντας
3400 1987 3485 2032 καὶ
3540 1985 3624 2033 τόν
3681 1986 3946 2054 στέφανον.

2369 2067 2611 2129 Ἰωάννης
2703 2064 2763 2120 δέ
2831 2088 2987 2140 φησιν
3066 2071 3145 2121 ὅτι
3229 2068 3516 2142 Παρίλαϐον
3593 2073 3678 2122 τὸν
3749 2070 3956 2127 Ἰησοῦν

2369 2161 2458 2209 καὶ
2511 2162 2706 2228 ἤγαγον
2755 2158 2824 2220 εἰς
2884 2163 2991 2227 (‘25)
3045 2163 3101 2210 τὸ
3158 2165 3495 2234 πραιτώριον,
3549 2168 3646 2211 τῶν
3693 2157 3961 2213 Ἰουδαίων

2369 2251 2458 2298 καὶ
2529 2255 2682 2298 τοῦτο
2759 2244 3184 2314 σπουδασάντων,
3241 2250 3324 2301 ἶνα
3404 2247 3592 2302 ἐκεῖθεν
3670 2248 3965 2321 ἐξαγόμενος

2373 2331 2502 2408 δοκῇ
2536 2338 2862 2409 κατάκριτος.

2440 2424 2801 2499 Ἐξερχόμενοι
2879 2456 2947 2468 -
3021 2429 3106 2479 τὸν
3196 2430 3412 2500 σιαυρὸν
3509 2426 3690 2480 αὐτοῦ.
3757 2428 3967 2499 Μάρκος

2369 2518 2459 2587 μὲν
2523 2517 2860 2588 προσέθηκεν,
2912 2517 2992 2567 ὅτι
3053 2518 3151 2568 Τὸν
3207 2521 3410 2588 Πατέρα
3473 2512 3816 2588 Ἀλεξάνδρου
3879 2521 3968 2567 καὶ

2368 2605 2578 2676 Ῥούφου
2613 2622 2625 2634 '
2681 2611 2887 2665 Λουκᾶς
2955 2601 3034 2669 δε,
3095 2606 3175 2656 ὅτι
3226 2605 3544 2679 Ἐρχόμενος
3602 2603 3689 2657 ἀπ’
3743 2603 3908 2677 ἀγροῦ
3953 2626 3967 2637 ο

2369 2693 2395 2743 ό
2456 2689 2513 2744 δε
2559 2694 2790 2753 Ἰωάννης
2846 2690 2980 2746 εἶπεν
3034 2695 3113 2745 ὅτι
3175 2699 3272 2747 Καὶ
3323 2692 3604 2766 βαστάζων
3657 2698 3742 2746 τὸν
3811 2712 3976 2746 σταυ-

2368 2786 2456 2858 ρόν
2495 2785 2677 2845 αὑτοῦ,
2728 2782 2924 2845 ἐξηλθε.
2972 2790 3180 2858 Πρῶτον
3227 2787 3316 2855 μεν
3354 2787 3456 2859 γὰρ
3502 2783 3640 2854 αὐτῷ
3690 2787 3778 2835 τὸν
3812 2803 3979 2836 σταυ-

2368 2876 2456 2946 ρὸν
2511 2871 2786 2939 ἐπέθηκαν,
2841 2875 2909 2933 ὡς
2980 2869 3270 2944 καταδίκῳ,
3318 2878 3408 2925 καὶ
3476 2871 3762 2945 βαστάζων
3816 2874 3978 2926 αὐτὸν

609 2960 932 3050 coegerunt
961 2983 1024 3036 ut
1038 2995 1173 3036 eam
1205 2979 1447 3037 tolleret.
1472 2983 1662 3038 Lucas
1703 2997 1843 3038 vero
1880 2982 2125 3054 insuper
2159 2983 2254 3039 ad-

2371 2960 2618 3023 ἐξῆλθεν’
2656 2964 2784 3026 εἶτα,
2854 2971 2925 3032 τῷ
3004 2967 3193 3034 Σίμωνι
3269 2968 3704 3028 συναντήσαντες,
3787 2969 3982 3017 τοῦτὸν

2380 3051 2390 3061 ,
2502 3054 2510 3065 ,
2762 3053 2777 3065 .
2904 3052 2924 3065 .
3073 3051 3084 3065 .
3137 3057 3141 3063 .
3273 3059 3281 3065 .
3413 3058 3431 3065 ε
3498 3048 3530 3065 ε..
3656 3055 3727 3065 .-

609 3068 778 3125 didit.
801 3070 963 3142 quod
981 3072 1372 3143 sequebantur
1398 3087 1524 3129 eum
1544 3089 1752 3144 magna
1775 3074 2098 3129 multitudo
2130 3090 2259 3128 mu-

614 3158 841 3227 lierum,
857 3161 1170 3232 qua-etiam
1182 3163 1536 3232 plangebant
1550 3168 1603 3218 et
1624 3163 2101 3218 lamentabantur
2112 3163 2256 3218 eum.

614 3248 938 3306 Conversus
956 3254 1150 3307 autem
1171 3249 1245 3307 ad
1259 3251 1401 3307 illas
1419 3253 1586 3308 Jesus
1609 3251 1757 3307 dixit
1779 3268 1790 3305 :
1819 3251 1993 3307 Filiae
2015 3253 2262 3308 Jerusa-

613 3338 743 3404 lem,
760 3354 834 3396 ne
845 3340 1123 3408 ﬂeveritis
1144 3355 1319 3410 super
1335 3356 1444 3411 me,
1465 3341 1560 3396 sed
1595 3357 1770 3411 super
1786 3341 1933 3397 vobis
1950 3343 2083 3412 ipsis
2105 3342 2257 3411 ﬂete,

607 3433 663 3484 et
689 3430 1024 3498 super/iliis
1063 3429 1268 3485 vestris
1295 3446 1308 3484 :
1335 3429 1600 3501 quoniam
1630 3445 1758 3486 ecce
1800 3430 2026 3486 venient
2051 3431 2256 3497 dies",

605 3523 715 3573 etc.
736 3519 976 3575 Dicens:
1010 3520 1098 3575 Ne
1121 3519 1397 3588 ﬂeveritis
1416 3535 1591 3589 super
1634 3533 1742 3587 me,
1774 3523 1890 3575 Hoc
1913 3525 1995 3575 est
2019 3527 2260 3592 propter

603 3623 722 3674 me,
755 3609 860 3664 sed
885 3614 1126 3680 propter
1142 3607 1442 3681 vosipsas,
1469 3614 1524 3664 et
1549 3615 1796 3680 propter
1820 3609 1974 3664 filios
2000 3616 2253 3664 vestros:

603 3698 1146 3770 quiaeccevenient
1179 3697 1326 3762 dies,
1349 3697 1705 3768 signiﬁcavit
1733 3696 1863 3752 dies
1905 3697 2256 3770 captivitatis

608 3786 1183 3858 Hierosolymorum.

680 4089 840 4146 Vers.
869 4091 956 4146 33.
973 4087 1232 4160 Cumque
1248 4089 1620 4146 venissent—
1645 4090 1950 4162 Golgotha.
1974 4090 2255 4149 Hiclocus

603 4179 826 4237 civitati
847 4179 1226 4254 propinquus
1267 4187 1412 4245 erat,
1455 4181 1605 4236 sicut
1633 4181 1864 4254 scripsit
1901 4184 2160 4239 Joannes
2184 4185 2250 4238 ³⁸.

673 4271 833 4326 Vers.
861 4273 948 4326 33.
984 4269 1146 4337 Quod
1182 4299 1251 4309 —
1292 4275 1470 4325 locus.
1507 4270 1697 4336 Quod,
1733 4271 2003 4327 videlicet
2031 4287 2251 4329 nomen

599 4358 890 4430 Golgotha
915 4357 1140 4415 dictum
1167 4359 1289 4415 sive
1317 4375 1551 4414 versum
1596 4360 1674 4415 ab
1724 4359 2014 4417 Hebraica
2045 4361 2250 4432 lingua

593 4449 654 4504 in
684 4449 974 4514 Latinam,
1007 4450 1176 4504 estet
1204 4446 1435 4514 dicitur,
1458 4447 1739 4503 Calvariaa
1771 4449 1938 4504 locus
1971 4453 2037 4504 ³ο.
2073 4451 2250 4506 Aiunt

595 4543 796 4594 autem
836 4537 1087 4611 quidam
1110 4536 1192 4592 ibi
1220 4536 1409 4592 Adam
1436 4542 1737 4593 mortuum
1764 4554 1891 4593 esse
1917 4554 1985 4594 ac
2012 4538 2207 4610 jacere
2232 4557 2244 4596 :

590 4719 857 4784 mortem,
891 4715 972 4770 ibi
1009 4715 1186 4770 etiam
1217 4716 1356 4772 novi
1381 4715 1574 4771 Adam
1605 4723 1894 4788 tropaeum
1923 4718 2248 4787 erigeretur

591 4809 796 4861 contra
823 4810 1100 4869 mortem,
1132 4803 1270 4862 dico
1301 4821 1443 4861 sane
1477 4819 1739 4861 crucem.

2282 4313 2328 4367 Γ)
2361 4343 2529 4396 μενον,
2583 4327 2720 4387 ἦτοι,
2790 4324 3306 4394 μεθερμηνευόμενον,
3366 4322 3432 4380 ὡς
3505 4321 3532 4371 6
3616 4321 3838 4394 Μάρκος

593 4633 650 4684 et
693 4610 1052 4699 dispositum
1087 4631 1201 4692 est,
1251 4632 1313 4680 ut
1353 4626 1458 4681 ubi
1502 4631 1671 4681 vetus
1701 4626 1893 4683 Adam
1939 4628 2148 4684 cecidit
2186 4629 2246 4685 in
2317 4610 2436 4698 ‘7’".
2487 4610 2586 4697 fx“

2371 3051 2724 3123 ἠγγάρευσαν,
2760 3053 2842 3102 ἱνα
2888 3052 2988 3124 ἄρῃ
3023 3051 3177 3103 αὐτόν
3208 3072 3220 3084 ·
3255 3058 3458 3112 Λουκᾶς
3485 3048 3545 3104 δε
3583 3057 3672 3104 καὶ
3703 3055 3779 3104 ἔτι
3809 3073 3986 3125 προσ-

2371 3141 2568 3206 έθηκεν,
2645 3142 2725 3192 ὅτι
2797 3140 3094 3193 Ἠκολούθει
3169 3140 3306 3210 αὐτῷ
3386 3140 3515 3192 πολὺ
3598 3140 3794 3202 πλῆθος
3878 3152 3988 3196 τοῦ

2369 3227 2492 3281 λαοῦ
2550 3234 2638 3281 καὶ
2700 3239 2976 3300 γυναικῶν,
3053 3228 3106 3282 αἱ
3177 3234 3258 3281 καὶ
3318 3228 3592 3282 ἐκόπτοντο
3663 3236 3751 3283 καὶ
3817 3231 3987 3304 εθρή-

2369 3339 2485 3371 νουν
2543 3319 2722 3375 αὐτόν,
2795 3323 3041 3392 Στραφεὶς
3099 3315 3158 3372 δι
3230 3323 3358 3392 πρὸς
3417 3319 3582 3380 αὐτὰς
3657 3321 3682 3372 6
3737 3321 3992 3386 Ἰησοῦς,

2632 3413 2917 3480 Θυγατέρες
3025 3407 3383 3480 Ἰερουσαλὴμ,
3461 3414 3531 3480 μὴ
3628 3408 3827 3462 κλαίετε
3899 3410 3994 3463 ἐπ’

2368 3498 2473 3570 ἔμε,
2535 3498 2658 3556 πλην
2729 3498 2804 3570 ἐφ’
2879 3498 3061 3558 ἑαυτὰς
3133 3497 3350 3561 κλαίετε,
3411 3503 3501 3550 καὶ
3557 3497 3640 3552 ἐπὶ
3694 3502 3763 3550 τὰ
3820 3504 4004 3553 τέκνα

2371 3405 2476 3461 εἶπε
2532 3423 2543 3434 ·

2368 3590 2508 3659 ὑμῶν
2548 3603 2560 3614 ·
2613 3589 2693 3640 ὅτι
2753 3583 2870 3640 ἰδοὺ
2932 3590 3176 3662 ἔρχονται
3256 3589 3466 3659 ἡμέραι,
3524 3593 3614 3640 καὶ
3695 3590 3760 3640 τὰ
3831 3588 3996 3651 ἑξῆς.

2366 3682 2451 3735 Μὴ
2511 3676 2708 3729 κλαίετε
2759 3677 2916 3747 λέγων
2974 3676 3050 3728 ἐπ’
3109 3675 3213 3749 ἐμὲ,
3275 3679 3457 3747 ἤγουν,
3519 3673 3591 3728 δι’
3655 3676 3744 3748 ἐμέ
3777 3695 3789 3706 '
3839 3678 4008 3732 ἀλλὰ

2366 3767 2439 3820 Δι’
2493 3766 2678 3827 ἑαυτὰς
2717 3772 2806 3819 καὶ
2855 3763 2949 3818 διὰ
2983 3769 3052 3818 τὰ
3110 3770 3262 3818 τέκνα
3308 3766 3464 3836 ὑμῶν,
3498 3765 3576 3816 ὅτι
3610 3763 3726 3816 ἰδοὺ
3772 3767 4006 3837 ἔρχου-

2365 3877 2451 3909 ται
2533 3859 2743 3931 ἡμέραι,
2800 3857 2855 3908 αἱ
2933 3864 3025 3918 τῆς
3105 3855 3342 3915 ἁλώσεως
3412 3861 3510 3906 τῶν
3589 3852 4011 3925 Ἰεροσολύμων

2367 3943 2626 4004 δηλονότι.

2439 4041 2537 4088 Καὶ
2585 4035 2804 4097 ἐλθόντες
2873 4066 2940 4076 -
3015 4033 3299 4106 Γολγοθάν.
3367 4033 3530 4093 Οὗτος
3593 4033 3618 4084 6
3670 4035 3828 4094 τόπος
3904 4037 4022 4110 ἔγ-

2363 4129 2457 4197 γὺς
2484 4121 2543 4183 ἦν
2573 4134 2666 4187 τῆς
2692 4125 2898 4190 πόλεως,
2932 4127 3000 4186 ὡς
3030 4125 3055 4175 6
3087 4124 3324 4183 Ἰωάννης
3351 4121 3593 4196 ἔγραψεν.

2431 4232 2490 4285 Ὀ
2525 4265 2584 4275 —
2629 4237 2803 4294 τόπος.
2849 4230 3032 4306 Ὀπερ,
3088 4235 3146 4284 τὸ
3205 4229 3455 4302 Γολγοθά,
3511 4226 3776 4293 δηλονότι,
3827 4229 4026 4306 λιγύ-

3941 4325 4030 4378 εἶ-

2361 4433 2468 4478 πεν,
2522 4411 2622 4465 ἀπὸ
2676 4420 2766 4472 τῆς
2811 4407 3086 4481 Ἑϐραίδος
3139 4407 3415 4462 διαλέκτου
3469 4413 3597 4482 πρὸς
3646 4414 3737 4467 τὴν
3787 4412 4030 4474 Ἐλλη-

2357 4499 2502 4569 νίδα,
2556 4504 2664 4554 ἔστι
2714 4506 2803 4553 καὶ
2850 4501 3053 4572 λέγεται
3111 4503 3334 4574 Κρανίου
3382 4503 3558 4559 τόπος.
3613 4502 3748 4552 Φασὶ
3808 4497 3894 4554 δέ
3934 4524 4036 4557 τι-

2835 4587 3008 4662 Ἀδάμ
3086 4588 3515 4657 τετελευτηκέναι,
3563 4593 3652 4639 καὶ
3726 4594 4033 4661 κεῖσθαι,

2355 4686 2443 4733 καὶ
2486 4682 2808 4753 ᾠκονόμήθη,
2866 4680 2947 4731 ἱνα
3001 4681 3128 4732 ὅπου
3183 4680 3208 4729 6
3266 4677 3482 4738 παλαιὸς
3549 4674 3727 4748 Ἀδὰμ.
3789 4682 4038 4737 ἔπεσεν

2355 4772 2455 4824 ὑπὸ
2502 4778 2590 4823 τοῦ
2641 4771 2883 4835 θανάτου,
2925 4768 3029 4822 ἐκεῖ
3068 4773 3156 4820 καὶ
3205 4771 3262 4820 τὸ
3319 4774 3412 4819 τοὺ
3463 4771 3576 4820 νέου
3625 4763 3829 4841 Ἀδὰμ
3885 4782 4039 4848 τρὸ-

2353 4879 2506 4914 παιον
2557 4867 2653 4933 στῇ
2713 4862 2848 4912 κατὰ
2892 4867 2985 4911 τοῦ
3040 4860 3283 4924 θανάτου,
3331 4855 3463 4929 λέγω
3522 4852 3613 4921 δὴ,
3651 4858 3742 4908 τὸν
3821 4879 4082 4918 arm--

2351 4959 2462 5031 ρόν.

659 5156 706 5192 ³³
735 5157 908 5228 Joan,
952 5171 1069 5225 xix,
1106 5154 1191 5210 11.
1269 5155 1315 5188 ⁸³
1346 5152 1491 5212 idid.
1523 5155 1612 5212 16.
1691 5156 1737 5192 ³⁴
1767 5159 1940 5215 Marc.
1979 5175 2080 5226 xv,
2134 5164 2226 5217 2t.

2405 5161 2541 5217 Luc.
2571 5175 2734 5228 χχιιι,
2762 5159 2850 5216 26.
2927 5159 2976 5196 ⁸⁸
3001 5160 3166 5218 Joan.
3216 5161 3338 5224 xix.
3374 5162 3458 5214 l7.
3536 5158 3579 5194 ³⁷
3613 5153 3780 5216 Luc.
3813 5179 4040 5232 χχιιι,

582 5226 772 5306 25-29.
849 5226 900 5284 ³⁸⁵
920 5249 1096 5304 Joan.
1124 5245 1356 5313 xxx,20.
1437 5245 1483 5280 ⁸³
1515 5246 1690 5302 Marc.
1720 5262 1820 5314 xv,
1849 5247 1942 5305 22.

1807 5426 2031 5497 Variae
2056 5427 2392 5500 lectiones.
2405 5437 2473 5499 et
2493 5438 2696 5498 notae.

673 5622 738 5674 23

672 5693 740 5744 24

671 5764 739 5816 25

575 5838 856 5894 contextu
867 5835 1138 5893 Joannis.
1155 5838 1233 5893 Ex
1264 5835 1622 5896 lectionariis
1639 5838 1798 5895 venit
1819 5838 1880 5894 in
1896 5839 2218 5897 nonnullos

797 5620 1168 5693 Προτεθίντων.
1193 5621 1264 5677 Α.
1298 5620 1391 5677 Sic
1411 5617 1766 5680 ‘Hentenius.

783 5690 971 5756 Αὑτὸν,
1002 5690 1325 5764 interponit
1353 5694 1418 5748 A.

744 5619 765 5833 ξ

816 5765 902 5837 Εἰς
956 5761 1014 5816 τό
1070 5761 1384 5837 πραιτώριον
1433 5765 1658 5822 addunt
1711 5765 1890 5823 etiam
1923 5769 1968 5822 Α
2004 5764 2128 5824 etB
2158 5765 2219 5824 in
2263 5785 2270 5796 '

2339 5627 2571 5684 codices
2605 5629 2668 5683 N.
2700 5624 3081 5689 Testamenti,
3110 5621 3430 5682 instructos
3465 5621 3750 5682 scholiis.

2341 5631 2571 5684 codices
2605 5631 2668 5683 N.
2700 5631 3081 5689 Testamenti,
3110 5631 3430 5682 instructos
3453 5631 3750 5707 .scholiis.
3840 5631 4055 5710 ειη-γ

2341 5703 2483 5755 sOst.
2521 5706 2557 5754 t.
2581 5698 2703 5767 VII,
2728 5715 2792 5767 p.
2839 5697 2940 5754 503
2970 5699 3032 5764 D,
3067 5712 3188 5753 non
3222 5698 3656 5767 agnoscn._Nec
3697 5699 4055 5767 Cyrinus

2727 5715 2792 5774 p.
2839 5697 3052 5774 503_D,_
3060 5712 3188 5774 non
3209 5696 3528 5774 agnoscit._
3544 5698 3660 5774 Nec
3697 5696 4056 5774 Cyrillu's

2327 5776 2499 5860 εοωοη
2527 5770 2620 5860 Ii.
2653 5765 2884 5860 p'-'10§z
2932 5771 3000 5856 Ας
3034 5769 3224 5860 Hebe:
3250 5765 3432 5860 suis
3459 5765 3905 5860 ξῗὲττάνοῖισι

2326 5843 2391 5903 ὡς
2417 5837 2777 5916 τεθνηξόμενον
2807 5837 2914 5902 ἤδη
2947 5843 3035 5896 τὸν
3060 5847 3156 5904 τῆς
3189 5841 3326 5902 ζωῆς
3356 5839 3620 5914 ἀρχηγόν.
