4198 6444
200 381 308 440 721

1158 377 1531 437 COMMENT.
1572 377 1642 434 IN
1683 375 2135 438 MATTHASUM.
2172 407 2240 422 —
2272 379 2436 440 CAP.
2475 380 2695 439 XXVII.

3481 387 3591 444 722

269 507 522 565 Ἐδωκαν
563 539 634 550 -—
673 517 829 562 πιεῖν.
890 509 949 562 Ὀ
1002 505 1064 562 δὶ
1114 510 1329 583 Μάρκος
1381 503 1516 561 εἶπεν
1571 508 1652 560 6'1:
1702 505 1805 577 (26]

1922 519 1924 523 ·
1997 508 2164 565 Vers.
2197 509 2283 566 34.
2318 509 2625 567 Dederunt
2653 539 2722 550 ——
2765 509 2972 567 bibere.
3005 513 3232 568 Marcus
3261 515 3461 569 autem
3498 513 3588 569 di-

197 607 292 654 καὶ
350 597 568 654 ἐδίδουν
623 599 763 669 αύτῷ
819 607 952 653 πιεῖν
1019 598 1424 672 ἐσμυρνισμένον
1483 595 1634 650 οἶνον
1689 599 1714 648 ό
1757 593 1816 650 δὲ

195 691 296 744 ούκ
371 689 538 743 ᾒαϐε.
607 693 704 743 Καὶ
783 688 1046 765 ἀμφότερα
1113 686 1170 742 δι
1243 693 1601 762 προσήνεγκαν
1673 687 1813 757 αύτῷ

196 781 502 850 παίζοντες,
575 783 666 830 καὶ
729 778 1140 852 λειποθυμοῦντα
1209 776 1366 838 δῆθεν
1446 777 1810 850 ἀνακτώμενοι.

196 879 287 942 Τῷ
338 871 442 934 ὄξει
497 873 586 942 μὲν
635 869 722 921 οὖν
776 874 869 928 τὴν
919 869 1082 940 χολήν
1144 869 1342 942 ἔμιξαν,
1397 870 1479 921 ἱνα
1533 871 1591 920 τὸ
1651 865 1813 942 δριμὺ

202 968 425 1033 γένηται
491 964 581 1013 καὶ
647 964 850 1032 πικρόν.
911 959 1165 1032 Ἐνέφαινε
1222 959 1334 1030 (27)
1395 955 1454 1011 δὲ
1503 965 1671 1010 ταῦτα
1718 966 1816 1016 τῆς

203 1059 310 1103 τῶν
368 1046 642 1104 Ἰουδαίων
697 1049 881 1121 ψυχῆς
937 1054 1027 1107 τὴν
1081 1045 1383 1121 δριμύτητα
1435 1052 1524 1100 καὶ
1579 1051 1811 1118 πικρίαν.

212 1144 321 1193 Καὶ
351 1140 478 1198 αὕτη
513 1136 572 1191 δὲ
591 1141 620 1197 ἡ
653 1141 857 1212 σμύρνα
881 1141 1168 1212 πικροτάτη
1201 1139 1361 1193 ἐστίν.

289 1229 450 1282 Ἀλλὰ
499 1232 596 1301 πρό
648 1231 738 1300 μὲν
795 1235 888 1279 τοῦ
937 1226 1157 1280 ἀνελθεῖν
1211 1228 1279 1290 εἰς
1331 1231 1416 1280 τόν
1473 1230 1696 1301 σταυρόν
1749 1229 1813 1279 16:

209 1319 437 1394 ῥηθέντα
506 1319 950 1391 προσηνέχθησαν
1043 1318 1206 1388 αὐτῷ,
1295 1319 1466 1380 καθὼς
1546 1319 1812 1379 Ματθαῖος

206 1413 299 1460 καὶ
357 1409 568 1483 Μάρκος
618 1406 777 1460 εἷπον·
830 1411 962 1480 μετὰ
1010 1404 1068 1460 δὲ
1118 1411 1176 1460 τό
1233 1406 1476 1476 ἀνελθεῖν,
1531 1406 1646 1478 (28)
1701 1406 1811 1469 ὅξος

202 1501 381 1570 μόνον,
432 1500 504 1558 ὡς
572 1497 722 1549 αὐτοὶ
770 1497 922 1550 πάλιν
971 1497 1135 1562 οὗτοι,
1188 1501 1278 1549 καὶ
1331 1503 1538 1560 Λουκᾶς
1589 1501 1678 1549 καὶ
1705 1496 1809 1550 Ἰω-

200 1589 355 1648 άννης
387 1592 534 1660 φασί.

273 1680 682 1751 Παρατηρητέον
761 1672 820 1729 δὲ
893 1681 982 1729 καὶ
1075 1677 1174 1743 61:,
1242 1680 1328 1728 τὸν
1404 1676 1807 1751 ἐσμυρνισμένον

205 1764 359 1834 οἶνον,
415 1770 484 1826 ὡς
526 1767 765 1840 ἄκαιρον,
823 1770 894 1838 μὴ
951 1765 1138 1830 λαϐὼν,
1198 1774 1284 1818 νῦν
1332 1769 1420 1839 μεν
1472 1774 1564 1820 τού
1613 1771 1809 1840 μίγμα-

1925 598 2004 655 cit
2029 601 2096 664 ‘0,
2129 599 2296 672 quod
2321 599 2496 654 etiam
2521 598 2814 655 dederunt
2833 599 2886 655 ei
2917 599 2997 655 ad
3027 599 3340 656 bibendum
3370 602 3581 658 vinum

1923 688 2167 759 myrrha
2210 688 2489 754 mistum;
2522 690 2585 742 at
2630 687 2724 743 ille
2750 703 2872 750 non
2912 689 3141 760 accepit
3180 707 3194 756 ;
3256 694 3579 763 utrumque

1924 783 2124 833 autem
2157 777 2501 834 obtulerunt
2529 777 2581 832 ei
2619 776 2909 840 ludentes,
2963 782 3018 834 et
3047 781 3335 850 tanquam
3373 780 3578 836 animo

1923 866 2298 924 deﬁcientem
2320 866 2742 923 refocillantes.
2780 871 2959 922 Aceto
2988 865 3193 939 itaque
3223 867 3296 923 fel
3323 868 3576 926 miscue-

1922 963 2080 1022 runt,
2115 962 2174 1012 ut
2205 956 2400 1012 acrius
2429 957 2595 1012 ﬁeret
2624 960 2682 1011 et
2711 955 2996 1012 amarius.
3040 959 3173 1012 Haec
3201 961 3400 1014 autem
3444 974 3571 1015 ma-

1923 1048 2560 1102 niiestautludeeorum
2584 1044 2971 1102 acerbitatem
2994 1049 3051 1101 et
3075 1046 3568 1104 amaritudinem:

1922 1151 2064 1190 nam
2093 1135 2229 1207 ipsa
2266 1135 2442 1191 etiam
2475 1133 2722 1205 myrrha
2741 1133 3121 1191 amarissima
3150 1139 3260 1192 est.

1993 1225 2108 1281 Sed
2134 1224 2421 1297 praedicta
2457 1223 2700 1295 quidem
2731 1223 3087 1295 priusquam
3117 1223 3180 1280 in
3210 1240 3449 1282 crucem
3483 1241 3579 1282 as-

1919 1313 2218 1380 cenderet,
2249 1311 2594 1370 obtulerunt
2622 1313 2694 1378 ei,
2728 1311 2878 1369 sicut
2903 1312 3217 1370 Matthreus
3259 1319 3316 1371 et
3345 1314 3577 1372 Marcus

1918 1403 2198 1460 dixerunt
2224 1405 2267 1439 ὀι
2305 1421 2318 1469 ;
2351 1406 2669 1474 postquam
2716 1417 2858 1458 vero
2909 1403 3197 1475 ascendit,
3226 1403 3422 1461 solum
3445 1420 3577 1462 ace-

1919 1497 2048 1550 tum
2075 1491 2140 1548 ut
2161 1491 2222 1550 hi
2247 1491 2358 1564 ipsi
2385 1506 2592 1548 rursus
2617 1489 2914 1564 simulque
2947 1493 3127 1550 Lucas
3161 1496 3218 1550 et
3235 1493 3500 1550 Joannes
3527 1495 3574 1530 “

1917 1582 2142 1639 dicunt.

1990 1671 2444 1730 Observandum
2465 1673 2557 1726 est
2572 1672 2795 1736 autem,
2818 1669 2982 1743 quod
3011 1685 3152 1732 cum
3179 1670 3388 1728 vinum
3414 1687 3574 1745 myr-

1917 1762 2027 1818 rha
2044 1761 2291 1820 mistum
2322 1768 2611 1832 tanquam
2641 1758 3132 1831 intempestivum
3155 1774 3280 1816 non
3309 1761 3571 1834 accepis-

207 1876 286 1917 τος
346 1864 441 1908 τοῦ
503 1855 650 1918 ὄξους
699 1860 790 1907 καὶ
841 1864 936 1916 τῆς
986 1855 1154 1928 χολῆς
1202 1854 1449 1927 ἐγεύσατο
1507 1853 1600 1909 διὰ
1647 1861 1805 1929 μόνην

1922 1854 2020 1915 set,
2056 1866 2216 1906 nunc
2242 1850 2558 1905 misturam
2589 1848 2740 1904 aceti
2769 1853 2825 1904 et
2862 1847 3012 1903 fellis
3039 1848 3303 1919 gustavit
3324 1854 3572 1923 propter

211 1951 297 2005 τήν
346 1945 537 2018 χολὴν,
590 1947 724 2005 ὅπως
769 1943 1016 2018 πληρωθῇ
1081 1950 1161 2011 16,
1217 1947 1324 1999 Καὶ
1376 1943 1574 1999 ἔδωκαν
1632 1947 1703 2008 εἰς
1748 1948 1806 1997 16

223 2034 402 2110 βρῶμά
432 2056 531 2108 μου
585 2035 753 2106 χολήν
788 2055 799 2066 ·
837 2037 1150 2109 σταυρωθεὶς
1204 2033 1280 2102 δὲ,
1331 2041 1482 2109 μόνον
1530 2037 1652 2100 ὄξως
1695 2035 1808 2088 ἐπο-

223 2126 398 2188 τίσθη,
437 2121 528 2176 διὰ
571 2127 626 2176 16
675 2123 866 2191 λεῖπον,
901 2124 1032 2196 λέγω
1078 2122 1144 2182 δὴ
1193 2129 1271 2195 τό,
1326 2130 1424 2178 Καὶ
1476 2126 1544 2188 εἰς
1588 2131 1681 2184 τὴν
1727 2122 1809 2178 δί-

227 2212 325 2282 ψαν
383 2232 477 2284 μου
511 2212 748 2265 ἐπότισάν
801 2233 864 2285 με
915 2214 1054 2276 ὄξος.
1119 2219 1218 2268 Καὶ
1270 2220 1372 2288 μὴν
1429 2214 1478 2266 ἓν
1515 2223 1687 2285 ταυτῷ
1719 2220 1809 2268 καὶ

228 2301 368 2363 ὄξους
396 2307 486 2352 καὶ
524 2301 679 2373 χολῆς
707 2301 976 2373 ἐγεύσατο,
1024 2309 1111 2355 καὶ
1142 2303 1190 2356 ἐν
1246 2305 1417 2376 ταύτῷ
1458 2301 1678 2357 δοκοῦσι
1717 2309 1806 2356 καὶ

226 2392 378 2463 ἄμφω
436 2395 499 2442 τὰ
539 2393 670 2465 ῥητὰ
723 2395 782 2444 16
822 2396 976 2466 πέρας
1032 2392 1220 2446 λαϐεῖν’
1258 2393 1395 2446 Ἀλλ’
1445 2395 1531 2455 Εἰς
1578 2401 1671 2453 την
1722 2392 1808 2447 δί-

221 2479 318 2551 ψαν
365 2500 466 2552 μου
522 2486 832 2554 γέγραπται·
889 2483 983 2535 οὐκ
1026 2479 1189 2554 ἐδίψα
1254 2480 1313 2536 δὲ
1360 2487 1458 2558 πρὸ
1524 2492 1615 2536 τοῦ
1665 2484 1803 2538 ἀνελ-

214 2570 311 2621 θεῖν
362 2569 430 2629 εἱς
480 2573 566 2621 τόν
627 2575 871 2646 σταυρόν,
927 2569 1052 2624 ἀλλά
1096 2574 1226 2644 μετὰ
1275 2576 1329 2624 τό
1375 2571 1617 2627 ἀνελθεῖν.
1667 2579 1804 2630 Φησὶ

202 2660 298 2732 γὰρ
375 2661 400 2710 6
470 2660 707 2721 Ἰωάννης
766 2662 844 2712 ὅτι
907 2658 1056 2714 Ἰδὼν
1112 2663 1137 2712 6
1211 2663 1415 2723 Ἰησοῦς
1485 2663 1565 2714 ὅτι
1635 2664 1805 2715 πάντα

198 2744 302 2806 ἤδη
381 2749 697 2814 τετῦεσται,
779 2757 860 2802 ῑνα
933 2751 1180 2826 πληρωθῇ
1255 2753 1285 2810 ἡ
1373 2756 1572 2826 Γραφὴ,
1645 2751 1799 2824 λέγει’

199 2837 359 2908 Διψὼ.

269 2933 478 3000 Πρῶτον
546 2932 637 3001 μὲν
710 2932 812 3005 γὰρ
880 2933 1078 2983 οἴκοθεν
1149 2931 1298 2984 αὐτοὶ
1368 2933 1432 2984 τὰ
1505 2928 1804 2990 δηλωθέντα

201 3019 410 3089 πόματα
463 3023 776 3094 προσέφερον
844 3021 1134 3086 παίζοντες,
1189 3024 1255 3082 ὡς
1315 3021 1602 3096 εἰρήκαμεν·
1655 3023 1803 3074 ὕστε-

201 3125 285 3180 ρον
341 3102 420 3171 δὲ,
475 3105 794 3170 ἀκούσαντες
841 3111 920 3162 ὄτι
981 3107 1134 3181 διψᾷ,
1196 3117 1528 3184 προσήγαγον
1575 3115 1633 3164 16
1667 3112 1799 3174 ὄξος·

1921 1939 2118 1996 solum
2175 1939 2272 2005 fel,
2330 1943 2392 1995 ut
2420 1937 2819 2010 compleretur
2859 1937 3026 2010 quod
3069 1937 3297 1994 dictum
3328 1944 3416 1996 est
3449 1941 3572 1997 :Et

1919 2031 2205 2087 dederunt
2230 2030 2290 2084 in
2333 2043 2522 2086 escam
2576 2043 2764 2084 meam
2790 2028 2882 2097 fel
2923 2028 3016 2093 ⁴³;
3065 2026 3383 2084 crucifixus
3432 2045 3570 2086 vero

1921 2120 2107 2175 solum
2139 2125 2372 2174 acetum
2407 2118 2740 2188 potandum
2778 2117 3022 2188 accepit,
3056 2122 3297 2189 propter
3323 2116 3381 2173 id
3411 2118 3574 2189 quod

1904 2211 2182 2280 sequitur
2215 2226 2228 2263 :
2258 2209 2336 2263 Et
2365 2208 2424 2264 in
2456 2208 2559 2262 siti
2596 2222 2729 2263 mea
2757 2206 3076 2277 potandum
3106 2206 3397 2271 dederunt.
3423 2207 3574 2264 mihi

1919 2306 2170 2358 acetum.
2201 2297 2378 2370 Atqui
2397 2297 2458 2353 in
2483 2312 2601 2352 uno
2618 2302 2674 2352 et
2693 2296 2907 2352 eodem
2938 2295 3085 2352 felet
3114 2300 3344 2352 acetum
3377 2301 3575 2368 gusta-

1917 2389 2014 2457 vit,
2035 2393 2091 2443 et
2111 2387 2170 2443 in
2198 2403 2319 2442 uno
2339 2392 2395 2442 et
2427 2386 2638 2442 eodem
2660 2384 2892 2441 videtur
2917 2385 3238 2441 terminum
3271 2385 3572 2458 accepisse

1915 2483 2238 2549 utrumque
2276 2476 2522 2532 dictum.
2555 2475 2776 2530 Verum
2830 2474 2976 2545 quia
3006 2473 3292 2546 scriptum
3334 2478 3460 2532 est:
3499 2476 3572 2532 In

1913 2567 2016 2624 siti
2038 2581 2187 2630 mea,
2219 2581 2340 2622 non
2373 2564 2606 2627 sitiebat
2629 2567 2832 2620 autem
2862 2563 3212 2635 priusquam
3248 2563 3310 2620 in
3331 2579 3573 2621 crucem

1915 2655 2274 2720 ascenderet,
2325 2654 2430 2709 sed
2473 2658 2799 2726 postquam
2846 2651 3242 2711 ascendisset.
3280 2653 3372 2710 Ait
3408 2654 3571 2710 enim

1912 2746 2171 2802 Joannes
2205 2760 2217 2799 :
2250 2744 2510 2800 Intuitus
2547 2744 2719 2800 Jesus
2743 2742 2899 2814 quod
2918 2742 3114 2798 omnia
3132 2743 3260 2812 jam
3302 2757 3574 2800 consum-

1910 2840 2066 2892 mata
2076 2840 2284 2900 essent,
2301 2839 2365 2890 ut
2378 2834 2776 2902 compleretur
2784 2831 3130 2901 Scriptura,
3145 2831 3290 2888 dicit
3305 2849 3320 2889 :
3335 2832 3488 2890 Sitio
3500 2833 3569 2887 “.

1985 2924 2252 2982 Primum
2293 2922 2586 2995 siquidem
2623 2938 2660 2978 a
2690 2920 2899 2993 seipsis
2923 2921 3039 2993 ipsi
3068 2921 3259 2978 dictas
3298 2921 3572 2993 potiones

1914 3014 2080 3070 lusus
2110 3012 2304 3083 gratia
2333 3011 2693 3077 obtulerant,
2748 3015 2809 3066 ut
2856 3009 3141 3066 diximus.
3179 3010 3572 3068 Postmodum

1915 3108 2113 3159 autem
2131 3101 2335 3158 audito
2348 3101 2513 3174 quod
2532 3101 2734 3165 sitiret,
2751 3099 3165 3172 produxerunt
3180 3104 3436 3156 acetum.
3458 3101 3576 3159 Sed

202 3199 289 3246 καὶ
359 3193 467 3248 ἐπεὶ
536 3201 831 3270 γέγραπται
895 3200 974 3252 ὅτι
1045 3197 1283 3254 Ἐδωκαν
1356 3201 1422 3260 εἰς
1490 3205 1547 3253 τὸ
1615 3199 1804 3275 βρῶμά

1922 3209 2053 3250 cum
2108 3191 2395 3262 scriptum
2446 3189 2560 3246 sit:
2605 3189 2886 3246 Dederunt
2937 3189 2997 3244 in
3022 3203 3212 3245 escam
3259 3205 3450 3246 meam
3467 3190 3573 3260 fel,

203 3303 302 3356 μου
354 3284 543 3356 χολὴν,
596 3291 778 3358 ἤγουν,
825 3289 895 3350 εἰς
951 3293 1009 3342 τό
1056 3299 1232 3362 φαγεῖν
1286 3311 1368 3364 με,
1424 3301 1532 3352 πῶς
1561 3293 1707 3345 αὐτοὶ
1735 3293 1804 3354 εἰς

204 3377 260 3424 16
310 3382 445 3426 πιεῖν
502 3381 591 3428 καὶ
643 3380 837 3436 ταύτην
891 3375 1236 3447 δεδώκασιν;
1280 3381 1442 3454 Οἶμαι
1490 3385 1659 3457 τρύφη
1715 3385 1804 3446 ξη-

203 3469 300 3532 ρᾶς
335 3463 502 3534 χολῆς
551 3464 882 3540 ἐντεθρύφθαι
929 3477 1000 3540 τῷ
1043 3469 1165 3536 ὄξει,
1200 3472 1281 3523 ἵνα
1313 3474 1370 3523 16
1417 3475 1509 3543 μεν
1549 3475 1626 3530 εἰη
1688 3472 1800 3526 ἀντὶ

204 3559 293 3604 τοῦ
341 3556 501 3619 οἴνου,
560 3557 626 3607 τὰ
698 3552 757 3609 δὲ
805 3555 914 3610 ἀντὶ
965 3558 1172 3631 ψωμοῡ.
1245 3566 1344 3613 Καὶ
1407 3567 1804 3636 προηγουμένως

204 3645 290 3713 μὲν
321 3643 438 3713 (29)
492 3649 636 3716 πόμα
667 3641 983 3713 δεδώκασιν,
1018 3649 1310 3712 ἀκολούθως
1349 3647 1408 3704 δὲ
1461 3658 1549 3704 καὶ
1590 3652 1797 3728 βρῶμα.

207 3737 322 3793 Τοῖς
391 3737 492 3806 γαρ
567 3732 970 3808 λειποθυμοῦσιν
1057 3739 1251 3812 ὀρέγειν
1335 3744 1584 3815 εἰώθαμεν
1646 3741 1800 3809 οἶνον,

206 3822 358 3895 ἄρτον
454 3820 776 3894 ἐμϐαλόντες,
858 3828 958 3892 ἱνα,
1037 3838 1238 3903 πρῶτον
1320 3837 1542 3896 πιόντες,
1628 3837 1804 3886 ἔπειτα

205 3915 292 3962 καὶ
348 3912 576 3981 φάγοιεν.
629 3912 688 3964 Εἰ
743 3917 843 3985 γὰρ
901 3921 972 3988 μὴ
1023 3918 1157 3970 οὕτω
1202 3925 1486 3995 νοήσωμεν,
1541 3923 1654 3994 (30)
1698 3923 1803 3995 ούχ

205 3997 490 4070 εὑρήσομεν
566 4003 842 4077 ἱστορικώς
917 4005 1151 4079 ἀλλαχοῦ
1231 4006 1514 4084 δεδομένην
1597 4013 1668 4074 εἰς
1745 4016 1802 4065 τὸ

205 4085 400 4160 βρῶμα
445 4089 605 4142 αὐτοῦ
654 4092 841 4163 χολὴν,
902 4096 946 4147 εἰ
1002 4101 1073 4169 μή
1127 4118 1204 4160 τις
1254 4101 1418 4170 χολὴν
1473 4101 1805 4174 ἀναγωγικῶς

205 4180 538 4249 ερμηνεύσοι,
582 4185 674 4238 τὴν
725 4189 956 4257 πικρίαν,
1011 4186 1071 4245 ἢν
1125 4185 1325 4241 ἔδωκαν
1382 4191 1453 4253 εἰς
1502 4195 1560 4243 τὸ
1615 4190 1806 4264 βρῶμα

205 4266 388 4332 αὐτοῦ,
462 4273 748 4336 τουτέστιν,
821 4272 934 4328 ἀντὶ
1006 4275 1286 4351 βρώματος
1342 4280 1502 4332 αύτού
1571 4301 1803 4355 παραπο-

202 4359 494 4430 κραίνοντες
522 4357 677 4411 αὐτόν
708 4365 1054 4424 καθεκάστην.

276 4452 676 4520 Σταυρὼσαντες
761 4448 820 4504 δὲ
891 4483 957 4494 -
1033 4456 1238 4532 κλῆρον.
1307 4463 1384 4512 Τὰ
1459 4460 1808 4534 παραπλήσια

203 4532 340 4624 λέγει
369 4541 458 4588 καὶ
495 4536 668 4606 6(31)
713 4547 935 4603 Λουκᾶς
971 4546 995 4596 6
1027 4543 1086 4599 δι
1129 4551 1338 4622 Μάρκος
1373 4549 1506 4602 εἶπεν
1537 4532 1630 4602 γὸτι
1679 4550 1806 4624 βάλ-

200 4623 376 4685 λοντες
417 4625 605 4701 κλῆρον
654 4628 732 4681 ἐπ’
780 4631 931 4697 αὐτὰ,
984 4641 1060 4692 τίς
1102 4642 1154 4688 1i
1205 4639 1330 4711 ἄρῃ.
1369 4639 1502 4692 Ἀλλ’
1532 4642 1676 4694 οὗτοι
1714 4645 1803 4714 μὲν

206 4714 259 4763 οἱ
330 4713 692 4786 εύαγγελισταὶ
764 4720 938 4783 ἁπλῶς
1002 4730 1092 4777 καὶ
1172 4725 1494 4790 ἁδιαστόλως
1572 4713 1803 4806 ἔγραψαν

205 4803 286 4854 61:
337 4799 718 4879 διεμερίσαντο,
778 4816 866 4864 καὶ
917 4815 994 4865 61:
1045 4813 1253 4868 ἔϐαλλον
1299 4819 1506 4892 κλῆρον·
1565 4799 1805 4886 Ἰωάννης

203 4888 265 4944 δὲ
323 4900 637 4970 σαφέστερον
686 4905 800 4972 περὶ
852 4910 942 4955 τοῦ
987 4913 1320 4980 προκειμένου
1363 4911 1574 4984 γράψας
1622 4917 1800 4984 φησίν

201 4985 271 5034 Οἱ
325 4983 414 5036 οὖν
474 4999 814 5063 στρατιῶται,
883 4995 962 5047 ὅτε
1029 4996 1362 5072 ἐσταύρωσαν
1429 5004 1513 5052 τὸν
1575 5003 1799 5068 Ἰησοῦν,

274 5166 318 5198 ⁴ο
347 5164 528 5220 Marc.
559 5184 660 5232 xv,
687 5169 773 5226 23.
853 5173 1110 5232 “Matth.
1145 5193 1320 5244 xxvii,
1343 5178 1412 5236 48
1446 5196 1459 5246 ;

196 5255 291 5312 22.
376 5257 423 5291 “
451 5259 625 5314 Joan.
666 5277 764 5328 xv,
805 5263 893 5318 28.
972 5265 1019 5299 ‘5
1059 5265 1195 5334 Luc,
1220 5283 1383 5334 xxtn,
1420 5273 1506 5326 34.

1535 5183 1710 5240 Marc.
1731 5198 1832 5249 xv,
1852 5185 1949 5242 36.

1585 5272 1632 5308 ‘5
1673 5274 1844 5329 Marc.
1865 5287 1961 5339 xv,
1995 5273 2083 5326 24.

1915 3283 2034 3338 sive
2067 3286 2130 3336 ut
2156 3280 2384 3335 ederem
2417 3295 2429 3333 :
2461 3277 2766 3349 quomodo
2823 3276 2984 3332 idem
3029 3276 3106 3332 fel
3143 3276 3256 3348 ipsi
3280 3277 3577 3336 dederunt

1916 3377 1977 3428 ut
2007 3370 2234 3426 biberet
2265 3367 2293 3422 ‘I
2321 3367 2583 3423 Arbitror
2607 3366 2946 3434 fragmenta
2973 3364 3124 3420 aridi
3149 3364 3298 3420 fellis
3313 3365 3375 3420 in
3407 3370 3574 3424 aceto

1915 3459 2175 3516 emollita
2205 3457 2408 3521 fuisse,
2442 3461 2505 3511 ut
2535 3457 2768 3511 acetum
2808 3452 3052 3524 quidem
3086 3452 3219 3509 loco
3249 3453 3372 3509 vini
3394 3460 3568 3520 esset,

1913 3549 2015 3606 illa
2036 3564 2174 3604 vero
2202 3547 2535 3616 fragmenta
2559 3558 2667 3616 pro
2686 3541 2955 3598 buccella
2968 3541 3162 3614 panis.
3189 3543 3254 3598 Et
3275 3543 3572 3615 praecipue

1915 3654 2060 3694 sane
2100 3642 2310 3710 potum
2341 3634 2654 3704 dederunt,
2694 3631 3072 3688 consecutive
3101 3647 3241 3689 vero
3280 3631 3462 3688 etiam
3493 3633 3574 3689 ci-

1912 3729 2074 3784 bum.
2143 3725 2244 3782 His
2297 3723 2454 3780 enim
2503 3722 2607 3796 qui
2643 3723 2846 3778 animo
2886 3720 3312 3786 destituuntur,
3353 3721 3569 3780 vinum

1911 3817 2178 3891 praebere
2199 3815 2484 3880 solemus,
2513 3812 2732 3884 injecto
2753 3827 2912 3884 pane
2936 3827 2950 3866 :
2973 3817 3039 3866 ut
3066 3811 3332 3883 primum
3361 3811 3570 3868 biben-

1913 3913 2019 3975 tes,
2060 3905 2447 3979 postmodum
2469 3902 2650 3960 etiam
2675 3900 2906 3974 possint
2935 3900 3131 3958 edere.
3172 3900 3342 3970 Quod
3373 3901 3422 3957 si
3445 3916 3567 3959 non

1912 3999 1995 4054 ita
2022 3994 2499 4055 intellexerimus,
2537 4007 2656 4048 non
2686 3990 3055 4047 inveniemus
3099 3990 3244 4048 alibi
3283 3990 3492 4048 datum
3519 3991 3572 4048 ei

1918 4086 1990 4143 fel
2010 4086 2069 4142 in
2100 4086 2323 4142 cibum.
2351 4083 2474 4139 Nisi
2498 4081 2636 4154 quis
2657 4079 2752 4147 fel,
2781 4080 3109 4151 anagogice
3133 4080 3569 4153 interpretetur,

1915 4173 2376 4232 amaritudinem
2399 4186 2585 4244 quam
2597 4169 2649 4225 ei
2675 4170 2737 4224 in
2759 4168 2964 4225 cibum
2985 4169 3296 4235 dederunt,
3324 4169 3436 4226 hoc
3457 4174 3567 4236 est,

1914 4265 2046 4320 loco
2076 4262 2193 4319 cibi
2221 4262 2368 4333 ejus,
2411 4257 2676 4332 quotidie
2716 4273 2855 4314 eum
2894 4256 3190 4313 irritantes
3224 4260 3282 4314 et
3310 4256 3391 4313 ad
3417 4256 3572 4313 iram

1838 4345 1886 4401 D
1915 4356 2326 4426 provocantes.

1989 4463 2146 4517 Vers.
2179 4463 2266 4516 35.
2310 4459 2569 4528 Cumque
2605 4453 3028 4524 cruciﬁxerunt
3055 4483 3126 4494 —
3171 4457 3402 4509 sortem.
3436 4454 3571 4510 Pro-

1914 4552 2079 4608 xima
2114 4550 2209 4606 his
2241 4548 2323 4606 ait
2379 4551 2435 4602 et
2490 4546 2680 4601 Lucas
2711 4546 2756 4581 ⁸⁵
2795 4545 3063 4612 ;Marcus
3113 4545 3317 4598 autem
3364 4541 3511 4598 dixit
3551 4557 3567 4598 :

1914 4642 2204 4699 Mittentes
2219 4641 2430 4696 sortem
2448 4651 2626 4706 super
2652 4635 2764 4692 illa
2783 4633 2911 4706 quis
2937 4631 3080 4705 quid
3101 4632 3332 4689 tolleret
3354 4633 3424 4687 ‘9.
3452 4631 3569 4689 Sed

1914 4733 1972 4789 hi
2006 4732 2253 4805 quidem
2297 4726 2688 4798 Evangelistaa
2737 4723 3078 4796 simpliciter
3116 4726 3174 4778 et
3228 4720 3568 4779 indistincte

1915 4823 2293 4895 scripserunt,
2327 4817 2482 4890 quod
2504 4815 2701 4872 divisa
2730 4815 2864 4880 sint,
2896 4813 3182 4886 quodque
3210 4816 3430 4869 sortem
3459 4812 3565 4869 mi-

1913 4913 2090 4969 serint
2107 4931 2123 4983 ;
2154 4912 2559 4967 Joannesvero
2587 4903 2958 4961 manifestius
2987 4902 3062 4959 de
3082 4903 3196 4960 hac
3208 4917 3269 4984 re
3299 4901 3568 4958 scribens

1915 5002 2018 5058 ait:
2036 5001 2252 5058 Milites
2264 5014 2396 5070 ergo
2410 5013 2542 5054 cum
2557 4994 2986 5064 cruciﬁxissent
2998 4994 3569 5062 Jesum,acceperunt

2031 5182 2077 5216 ⁸³
2099 5181 2239 5246 Luc,
2260 5193 2423 5247 mu,
2442 5177 2510 5234 36
2536 5193 2550 5244 ;
2580 5175 2754 5234 Joan.
2779 5189 2902 5242 xix,
2937 5171 3028 5232 20.
3103 5169 3152 5207 ⁴³
3177 5167 3331 5229 Psal.
3370 5183 3572 5241 vam,

1422 5448 1647 5520 Variae
1668 5448 1997 5518 lectiones
2038 5456 2104 5516 et
2136 5455 2339 5514 notae.

273 5647 394 5716 (26)
438 5649 560 5710 Καὶ,
601 5645 836 5701 omittit.
866 5648 931 5703 Α.

274 5720 400 5788 (27)
437 5718 692 5789 Ἐνέφηνε.
719 5716 787 5771 Α.

276 5787 396 5864 (28)
436 5788 525 5852 Εἰς
555 5787 642 5841 τὸν
675 5792 918 5863 σταυρόν,
948 5787 1132 5846 addit.
1161 5789 1227 5845 A.

1993 5645 2108 5716 (29)
2148 5650 2251 5696 Μεν
2281 5644 2338 5694 16
2369 5645 2514 5716 πόμα
2537 5646 2599 5696 Α.

1998 5715 2109 5784 (30)
2133 5719 2419 5785 Νοησομεν.
2447 5715 2504 5768 Β.
2522 5752 2546 5785 ς

2000 5787 2113 5860 (31)
2141 5791 2241 5842 Καὶ
2265 5784 2489 5848 Λουκᾶς.
2516 5784 2576 5841 Β.
