4188 6484
569 403 590 454 ἱ
606 402 712 461 723

1924 389 2278 454 EUTHYMII
2316 387 2651 448 ZIGABENI

3879 395 3993 455 724

573 558 586 567 -
608 529 957 588 uestimenta
977 528 1116 599 ejus,
1147 533 1204 586 et
1220 527 1494 600 fecerunt
1519 529 1780 600 quatuor
1793 531 2014 596 partes,
2037 521 2264 580 unicui-

2373 516 2555 571 ὒαϐον
2617 521 2684 573 τὰ
2754 523 2940 595 ἱμάτια
2987 523 3165 590 αὑτοῦ,
3248 526 3341 575 καὶ
3415 520 3670 595 ἇμοίησαν
3746 527 3995 600 τέσσαρα

604 635 714 691 que
735 618 921 674 militi
956 622 1204 689 partem,
1232 623 1287 674 et
1315 618 1593 673 tunicam.
1635 616 1782 672 Erat
1819 619 2015 671 autem
2065 611 2264 669 tunica

606 706 1000 772 inconsutilis,
1022 722 1059 763 a
1079 721 1303 763 summo
1321 722 1427 762 con
1437 712 1602 763 texta
1615 719 1725 775 per
1738 709 1938 760 totum.
1963 703 2263 759 Dixerunt

607 799 808 868 itaque
832 797 986 852 inter
1001 810 1122 852 sese
1153 796 1272 851 :Ne
1291 794 1627 851 scindamus
1652 808 1801 858 eam,
1826 793 1921 849 sed
1949 792 2264 848 sortiamur

607 887 675 944 de
700 887 815 942 illa
825 886 992 956 cujus
1007 887 1086 940 sit
1110 902 1128 951 ;
1158 891 1219 941 ut
1240 886 1561 955 Scriptura
1573 883 1977 954 compleretur,
1998 897 2120 953 quas
2139 882 2258 940 ait:

607 976 830 1034 Partiti
845 982 978 1032 sunt
1000 977 1339 1032 vestimenta
1359 989 1491 1031 mea
1519 975 1650 1042 sibi,
1676 980 1730 1030 et
1752 975 1814 1029 in
1842 980 2052 1030 vestem
2073 987 2262 1029 meam

591 1066 899 1123 miserunt
943 1071 1153 1122 sortem
1201 1066 1270 1119 ‘1.
1308 1063 1444 1121 Sola
1480 1077 1622 1133 ergo
1672 1062 1882 1118 Christi
1915 1063 2266 1118 vestimenta

609 1154 803 1211 divisa
818 1159 975 1220 sunt,
988 1169 1128 1210 cum
1146 1157 1346 1210 tamen
1359 1152 1661 1210 latronum
1676 1152 2045 1209 vestimentis
2071 1155 2269 1206 essent

586 1244 842 1310 -viliora,
892 1248 958 1300 ut
1017 1242 1300 1300 Davidica
1361 1242 1679 1315 prophetia
1735 1257 1872 1313 quas
1911 1241 1986 1297 de
2022 1241 2115 1296 his
2145 1248 2270 1298 erat

611 1331 1038 1406 conpleretur;
1058 1330 1354 1405 siquidem
1369 1331 1427 1387 in
1444 1331 1538 1387 his
1548 1346 1792 1404 quoque
1805 1329 2266 1396 subsannantes,

610 1423 786 1497 quasi
813 1422 972 1496 regis
1021 1422 1369 1479 vestimenta
1419 1426 1635 1487 essent,
1693 1435 1764 1477 ea
1807 1419 2182 1476 diviserunt:
2215 1426 2272 1477 et

609 1512 694 1570 ita
733 1511 1073 1568 ordinatum
1103 1518 1194 1567 est
1225 1516 1289 1568 ut
1317 1510 1632 1584 prophetia
1664 1525 1797 1583 quas
1835 1509 1909 1565 de
1934 1508 2030 1564 his
2064 1509 2266 1577 fuerat,

610 1605 674 1658 ut
697 1601 922 1658 dictum
949 1605 1056 1668 est,
1087 1599 1500 1674 compleretur.
1546 1603 1613 1656 Et
1648 1599 2002 1656 vestimenta
2022 1598 2270 1670 quidem

589 1689 807 1748 sdivisa
835 1696 973 1747 sunt
1005 1689 1117 1746 :de
1143 1690 1343 1747 tunica
1372 1703 1514 1746 vero
1541 1687 1881 1745 inconsutili
1909 1703 2095 1760 quam
2134 1703 2269 1761 pro-

615 1780 816 1856 phetia
843 1781 1129 1854 ίματισμόν
1149 1777 1449 1852 spoliavit,
1482 1782 1706 1836 sortem
1737 1777 2041 1836 miserunt.

682 2049 797 2107 Sed
832 2049 980 2122 quot
1001 2046 1219 2104 fuerint
1244 2047 1598 2106 vestimenta
1633 2048 1836 2105 nullus
1868 2049 2268 2124 Evangelista-

612 2155 746 2196 rum
769 2137 1153 2210 signiﬁcavit.
1177 2136 1574 2210 Ideoquidam
1600 2137 1781 2195 fuisse
1793 2139 2071 2196 dixerunt
2095 2142 2266 2214 quin-

611 2241 729 2302 que
762 2243 774 2285 :
830 2231 1094 2301 quatuor
1129 2225 1368 2300 quidem
1407 2231 1665 2300 quatuor
1693 2229 1978 2285 militibus
2025 2230 2262 2296 divisa;

609 2318 887 2391 quintum
909 2331 1052 2374 vero
1073 2317 1337 2373 tunicam
1351 2315 1796 2376 inconsutilem.
1810 2318 2052 2375 Videtur
2064 2325 2263 2376 autem

611 2405 958 2464 incredibile
1005 2405 1253 2471 dictum,
1287 2420 1360 2461 eo
1404 2406 1570 2478 quod
1623 2407 1911 2464 indecens
1976 2409 2266 2466 Salvatori

613 2495 822 2553 fuisset
850 2496 987 2568 (xz)
1019 2511 1032 2552 ε
1076 2510 1257 2551 nemo
1295 2494 1475 2561 enim,
1505 2510 1580 2551 ne
1609 2496 1862 2552 aliorum
1897 2497 2144 2570 quidem
2167 2499 2265 2555 ho—

609 2587 844 2642 minum
900 2588 985 2640 tot
1021 2583 1284 2639 vestibus
1334 2583 1624 2642 induitur.
1673 2586 2082 2656 Conjectantes
2125 2603 2264 2659 ergo

605 2674 877 2740 dicimus,
909 2689 1019 2729 nec
1038 2672 1244 2745 procul
1262 2672 1512 2730 fortasse
1542 2673 1621 2729 ab
1642 2689 1712 2730 eo
1733 2675 1898 2747 quod
1927 2691 2262 2746 congruum

608 2769 712 2829 est,
745 2762 857 2819 tria
881 2761 1064 2818 fuisse
1091 2762 1368 2819 universa
1399 2779 1414 2819 :
1449 2778 1635 2818 unum
1677 2763 1923 2836 quidem
1967 2764 2141 2820 fuisse
2179 2771 2264 2821 tu-

610 2853 807 2909 nicam
838 2851 1065 2922 corpori
1104 2851 1464 2924 applicatam
1523 2851 1583 2907 in
1637 2853 1889 2910 modum
1929 2854 2256 2926 subucula,

607 2943 745 2999 dico
771 2955 914 2998 sane
938 2941 1193 2998 tunicam
1219 2941 1376 2998 hanc
1395 2942 1815 2999 inconsutilem
1838 2962 1855 3014 ;
1879 2944 2131 3000 alterum
2157 2959 2262 3002 au-

606 3038 730 3090 tem
759 3047 883 3106 quo
909 3046 1089 3104 super
1111 3031 1379 3105 primum
1404 3031 1781 3101 vestiebatur,
1811 3038 1868 3091 et
1897 3034 2130 3092 tertium
2160 3049 2260 3093 ex-

609 3123 790 3181 terius
820 3121 1264 3179 indumentum.

2372 612 2524 680 μέρη,
2585 609 2787 683 ἑκάστῳ
2864 619 3158 688 στρατιώτῃ
3214 617 3387 685 μέρος,
3457 618 3546 665 καὶ
3601 616 3690 666 τόν
3753 623 3982 686 χιτῶνα,

2370 696 2570 764 ἔλαϐον,
2625 696 2886 758 δηλονότι.
2942 702 3039 754 Ἤν
3088 698 3147 755 δι
3203 703 3230 753 ὀ
3271 706 3427 753 χιτὼν
3475 701 3724 776 ἄρῥαφος,
3784 702 3841 755 ἐκ
3879 713 3987 756 τῶν

2371 788 2561 839 ἄνωθεν
2629 790 2846 861 ὑφαντὸς
2926 787 3124 843 διόλου.
3218 788 3372 844 Εἶπον
3447 787 3536 842 οὖν
3614 795 3747 866 πρὸς
3820 791 3988 852 ἀλλή-

2370 875 2512 938 λους.
2583 883 2669 936 Μὴ
2747 885 3020 952 σχίσωμεν
3095 880 3270 944 αὐτόν,
3346 878 3475 932 ἀλλὰ
3541 880 3787 954 λάχωμεν
3863 888 3985 956 περὶ

2372 966 2554 1029 αὐτοῦ,
2635 973 2767 1029 τίνος
2841 971 3012 1021 ἔσται·
3091 970 3174 1021 ἶνα
3229 971 3258 1028 ἡ
3321 975 3496 1042 Γραφὴ
3557 971 3674 1040 (32)
3724 970 3978 1044 πληρωθῇ

2373 1055 2403 1111 ἠ
2463 1054 2706 1126 λέγουσα·
2777 1063 3140 1130 Διεμερίσαντο
3210 1061 3276 1110 τὰ
3355 1060 3541 1131 ἱμάτιά
3599 1079 3700 1130 μου
3753 1060 3976 1128 έαυτοίς,

2375 1146 2462 1194 καὶ
2526 1142 2609 1197 ἐπὶ
2663 1149 2748 1198 τόν
2807 1148 3090 1218 ἱματισμόν
3154 1165 3255 1219 μου
3326 1146 3506 1199 ἔϐαλον
3564 1147 3772 1223 κλῆρον,
3833 1155 3983 1203 Μόνα

2373 1240 2501 1303 γοῦν
2557 1236 2623 1286 τὰ
2676 1243 2769 1287 τοῦ
2821 1243 3056 1311 Χριστοῦ
3115 1237 3299 1309 ἱμάτια
3359 1233 3746 1312 διεμερίσαντο,
3808 1245 3982 1293 καίτοι

2379 1321 2703 1398 εὼεῆστερα
2757 1334 2858 1377 τῶν
2917 1328 3133 1398 ἱματίων
3188 1335 3289 1378 τῶν
3355 1325 3563 1400 λῃστῶν
3618 1331 3758 1394 ὄντα,
3820 1330 3903 1381 ἶνα
3949 1331 3979 1389 ἡ

2377 1417 2495 1484 περὶ
2549 1415 2744 1466 τούτων
2791 1420 3080 1488 προφητεία
3134 1422 3226 1468 τοῦ
3282 1412 3452 1468 Δαυίδ
3507 1415 3641 1489 λάϐῃ
3689 1417 3846 1479 τέλος.
3915 1421 3980 1472 Oi

2378 1504 2468 1572 μὶν
2522 1506 2624 1574 γὰρ
2672 1508 2764 1556 καὶ
2815 1502 2898 1556 ἐπὶ
2951 1507 3152 1564 τούτοις
3193 1503 3558 1575 χλευάζοντες,
3607 1509 3672 1568 ὡς
3719 1505 3980 1580 βασιλέως

2380 1586 2538 1649 δῆθεν
2570 1593 2772 1664 ἱμάτια,
2815 1601 2981 1645 ταῦτα
3032 1591 3406 1668 διεμερίζοντο*
3462 1595 3769 1668 ᾠκονομεῖτο
3817 1593 3880 1650 δε
3920 1601 3979 1650 τό

2377 1679 2519 1742 τέλος
2583 1688 2679 1743 τῆς
2739 1686 2857 1756 περὶ
2920 1685 3131 1750 τούτων,
3201 1685 3270 1744 ὡς
3340 1684 3566 1758 εἴρηται,
3635 1690 3972 1760 προφητείας.

2379 1773 2479 1822 Καὶ
2531 1772 2596 1822 τὰ
2642 1773 2733 1842 μεν
2778 1772 2962 1842 ἱμάτια
3001 1768 3390 1844 διεμερίσαντο·
3443 1772 3528 1825 ἰπὶ
3558 1769 3618 1826 δὶ
3653 1776 3736 1826 τόν
3761 1783 3972 1844 χιτῶνα

2299 1869 2344 1926 Β
2376 1861 2463 1910 τόν
2515 1858 2744 1933 ἆρῤαφον
2813 1858 2990 1912 ἔϐαλον
3047 1860 3255 1935 κλῆρον.
3313 1867 3496 1914 Τοῦτον
3548 1863 3648 1934 γὰρ
3699 1861 3962 1934 ὠνόμασεν

2377 1950 2662 2020 ἱματισμόν
2693 1950 2722 2007 ἡ
2753 1954 3064 2024 προφητεία.

2447 2037 2608 2092 Ἀλλὰ
2663 2043 2804 2091 πόσα
2856 2042 2922 2091 τὰ
2985 2040 3169 2110 ἱμάτια
3223 2040 3381 2106 ἦσαν,
3447 2037 3619 2101 οὐδεὶς
3688 2048 3788 2092 τῶν
3858 2041 3977 2111 (33)

2375 2126 2754 2198 εὐαγγιλιστῶν
2827 2124 3079 2187 ἐδήλωσε.
3132 2133 3220 2182 Διό
3272 2147 3402 2190 τινες
3452 2133 3596 2181 πέντε
3655 2131 3820 2181 ταῦτά
3887 2149 3980 2201 φα-

2378 2235 2433 2268 σι
2465 2235 2477 2248 ·
2562 2222 2798 2290 τέσσαρα
2880 2221 2972 2289 μὶν
3059 2220 3126 2270 τὰ
3208 2225 3314 2279 τοίς
3392 2223 3653 2290 τέσσαρσι
3729 2237 3983 2292 στρατιω-

2375 2324 2490 2367 ταις
2550 2301 2972 2380 διαμερισθέντα·
3029 2312 3258 2380 πέμπτον
3338 2304 3398 2360 δι
3468 2311 3556 2360 τόν
3635 2316 3842 2379 χιτῶνα
3894 2311 3980 2359 τόν

2374 2393 2626 2469 ᾶρραφον.
2664 2402 2810 2448 Δοκεί
2841 2391 2900 2447 δὲ
2930 2393 3175 2456 ἀπίθανος
3221 2397 3248 2448 ό
3296 2395 3445 2467 λόγος
3499 2393 3597 2449 διὰ
3638 2400 3697 2448 τό
3748 2404 3839 2448 τοῦ
3883 2403 3985 2448 2e»-

2373 2491 2532 2557 τῆρος
2583 2482 2854 2557 ἀπέριττον
2901 2501 2913 2514 ·
2963 2481 3139 2547 οὐδεὶς
3187 2488 3289 2560 γὰρ
3346 2481 3470 2538 οὐδε
3525 2494 3625 2536 τῶν
3672 2483 3836 2537 ἄλλων
3892 2483 3982 2536 διν-

2376 2574 2590 2644 θρωπων
2659 2582 2894 2626 τοσαῦτα
2967 2572 3349 2648 περιϐάλλεται.
3429 2575 3814 2646 Στοχαζόμενοι
3892 2570 3984 2626 οὗν

2374 2662 2522 2715 αὐτοὶ
2577 2661 2805 2734 λέγομεν,
2865 2667 2954 2716 καὶ
3006 2666 3136 2723 ἴσως
3205 2662 3264 2716 οὐ
3328 2662 3507 2738 πόρρω
3551 2671 3643 2716 τοῦ
3690 2669 3983 2738 προσήκον-

2371 2771 2476 2816 τος,
2529 2756 2651 2824 τρία
2688 2748 2817 2804 εἶναι
2870 2756 2934 2805 τὰ
2982 2754 3171 2805 πάνταο
3221 2751 3270 2805 ἓν
3322 2756 3412 2825 μεν
3465 2756 3552 2805 τὸν
3597 2751 3682 2805 ini
3728 2761 3819 2805 τοῦ
3866 2759 3969 2805 σὼο

2372 2860 2531 2914 ματος
2570 2850 2793 2912 χιτῶνα,
2847 2841 2979 2913 λέγω
3032 2838 3124 2907 δὴ,
3169 2849 3351 2894 ⁴Ιὀῡτον
3398 2845 3487 2894 τόν
3539 2842 3788 2917 ἄρῥαφογ
3849 2838 3976 2895 δεύ-

2373 2949 2515 3004 τιρον
2573 2926 2632 2982 δε
2692 2934 2752 2982 τό
2801 2929 2883 2982 ἐπὶ
2931 2933 3100 3002 τούτῳ
3145 2929 3491 3004 περιϐόλαιον
3551 2936 3724 3006 τρίτον
3776 2927 3857 2999 δε,
3915 2934 3973 2985 τὸ

2373 3018 2610 3083 έξωτάτω
2639 3017 2818 3078 έπίϐλη
2825 3039 2920 3092 μα.

677 3215 841 3272 Hanc
886 3227 1027 3268 vero
1067 3211 1330 3268 tunicam
1361 3224 1394 3266 e
1420 3207 1738 3269 traditione
1777 3213 2009 3270 Patrum
2037 3214 2263 3288 accepi-

2443 3222 2637 3269 Τοῦτον
2689 3212 2747 3269 δι
2815 3220 2901 3269 τὸν
2961 3225 3165 3288 χιτῶνα
3228 3215 3284 3270 ἄδι
3339 3214 3682 3292 παραδόσεως
3737 3222 3979 3294 Πατέρων

605 3317 910 3376 musopus
940 3301 1122 3357 fuisse
1139 3301 1242 3356 Dei
1271 3300 1464 3357 Matris
1486 3317 1521 3357 ο.
1549 3302 1962 3374 superioribus
1987 3306 2258 3378 partibus

603 3396 968 3462 contextam,
989 3389 1171 3446 veluti
1195 3393 1334 3445 sunt
1359 3390 1522 3463 apud
1545 3406 1658 3448 nos
1684 3393 1896 3466 capitis
1913 3399 2014 3450 aut
2038 3393 2262 3467 pedum

599 3481 911 3556 hyemalia
939 3481 1326 3554 operimenta.
1363 3481 1526 3538 Unde
1557 3483 1876 3538 commode
1907 3483 1981 3539 de
2020 3500 2092 3541 ea
2125 3485 2260 3540 alle-

607 3573 805 3646 gorice
834 3570 1182 3643 loquuntur,
1217 3570 1321 3642 qui
1357 3570 1557 3626 dicunt
1589 3571 1785 3628 solum
1818 3571 1875 3628 id
1903 3572 2069 3644 quod
2108 3589 2144 3628 a
2166 3573 2266 3628 Dei

593 3663 793 3718 Matre
849 3666 1150 3730 sumptum
1202 3663 1310 3714 est‘
1343 3673 1577 3730 corpus,
1621 3661 1875 3733 desuper
1923 3661 2100 3717 fuisse
2129 3678 2268 3718 con-

607 3755 837 3807 textum
869 3765 882 3804 :
911 3747 1028 3803 hoc
1057 3751 1168 3811 est,
1199 3762 1236 3802 a
1266 3747 1416 3802 cmlo
1454 3752 1790 3820 coeptatam
1822 3749 1933 3805 sibi
1981 3749 2266 3808 habuisse

612 3838 971 3895 divinitatem
1003 3851 1016 3891 :
1048 3835 1141 3891 vel
1168 3850 1204 3892 a
1223 3835 1344 3891 Deo
1370 3835 1552 3892 fuisse
1582 3837 1644 3893 in
1673 3853 1870 3894 rerum
1891 3845 2102 3896 natura
2133 3854 2267 3913 pro-

613 3927 874 3991 ductum,
903 3928 956 3980 et
981 3939 1100 3980 non
1127 3938 1163 3980 a
1188 3924 1417 3979 semine
1439 3924 1724 3983 humano.
1760 3926 2048 3984 Eduobus
2065 3935 2263 3986 autem

613 4015 858 4088 reliquis
887 4012 1250 4070 vestimentis
1281 4018 1540 4085 quatuor
1563 4020 1764 4087 partes
1791 4016 2059 4074 fecerunt
2088 4020 2267 4077 disse-

615 4109 817 4161 cantes
841 4119 932 4161 ea.
962 4101 1272 4176 Siquidem
1302 4117 1434 4158 cum
1474 4103 1547 4159 de
1593 4103 1932 4162 inconsutili
1963 4108 2161 4165 tunica
2182 4109 2267 4165 di-

611 4194 842 4252 xissent
865 4209 878 4250 :
901 4193 990 4250 Ne
1018 4192 1358 4249 scindamus
1387 4206 1538 4259 eam,
1563 4194 2070 4264 signiﬁcaverunt,
2099 4197 2264 4270 quod

611 4283 844 4357 reliqua
877 4281 1192 4339 sciderant.
1234 4283 1432 4354 Neque
1471 4281 1633 4338 enim
1675 4290 1963 4357 tanquam
2004 4287 2266 4358 pretiosa

612 4373 943 4431 diviserunt
972 4388 1063 4439 ea,
1092 4375 1157 4428 ut
1183 4387 1220 4428 a
1256 4370 1548 4428 faciendis
1581 4374 1853 4444 partibus
1879 4375 2260 4444 abstinerent,

613 4480 720 4521 seu
761 4463 1098 4528 illudentee,
1129 4465 1195 4519 ut
1249 4461 1599 4533 pmdictum
1654 4468 1761 4520 est.
1807 4464 1875 4519 Et
1913 4465 1973 4521 hi
2018 4466 2264 4538 quidem

2375 3305 2673 3377 ἠκούσαμεν
2740 3308 2885 3378 ἔργον
2948 3304 3077 3358 εἶναι
3154 3314 3243 3367 τῆς
3330 3313 3681 3383 Θεομὴτορος,
3746 3306 3802 3360 ἑκ
3877 3317 3978 3360 τῶν

2373 3395 2566 3447 ἄνωθεν
2627 3403 2792 3467 μερῶν
2849 3396 3090 3467 ὑφαντόν,
3155 3398 3335 3466 ἤγουν,
3395 3396 3497 3448 ἀπὸ
3563 3404 3655 3449 τοὺ
3704 3396 3978 3471 τραχήλου

2374 3488 2464 3541 τὴν
2522 3482 2698 3557 ἀρχὴν
2758 3492 2850 3546 τῆς
2909 3485 3043 3556 ὑφῆς
3094 3482 3332 3549 λαϐόντα,
3386 3490 3477 3538 καὶ
3528 3485 3743 3538 πλεκτὸν
3796 3483 3976 3538 διόλου

2375 3574 2732 3643 τυγχάνοντα,
2781 3575 3010 3647 καθάπερ
3060 3575 3125 3625 τὰ
3173 3576 3447 3647 χειμερινὰ
3498 3576 3620 3648 παρ’
3658 3577 3782 3646 ἡμῖν
3823 3594 3975 3647 περι-

2384 3660 2568 3713 ϐόλαια
2626 3670 2726 3714 τῶν
2804 3658 2980 3714 ποδῶν
3040 3667 3128 3715 καὶ
3197 3671 3296 3714 τῶν
3348 3662 3598 3735 κεφαλῶν,
3667 3661 3818 3715 Ὀθεν
3883 3668 3976 3716 καὶ

2375 3759 2656 3824 προσφυῶς
2711 3749 3088 3823 ἀλληγοροῦσιν
3160 3751 3335 3818 αὐτὸν,
3399 3751 3622 3820 λέγοντες
3677 3752 3758 3802 ότι
3811 3757 3974 3822 μόνον

2374 3844 2432 3892 τό
2473 3839 2528 3892 ἐκ
2567 3848 2662 3902 τῆς
2709 3844 3042 3912 Θεομήτορος
3085 3839 3274 3911 ληφοεν
3324 3847 3471 3911 σῶμα
3525 3839 3579 3890 ἐκ
3631 3846 3726 3890 τῶν
3773 3841 3968 3892 ἄνωθεν

2376 3927 2438 3988 ἦν
2485 3931 2727 3994 ὑφαντόν,
2780 3932 3070 3997 τουτέστιν,
3115 3927 3170 3980 ἐκ
3213 3937 3304 3981 τοῦ
3346 3929 3562 4002 οὐρανοῦ
3614 3925 3727 4000 εἶχε
3775 3947 3972 4001 συνυφ-

2375 4024 2603 4091 ασμένην
2660 4018 2844 4072 ἑαυτοῦ
2917 4023 3012 4076 τὴν
3086 4019 3326 4084 θεότητα,
3372 4019 3402 4078 ἢ
3459 4017 3513 4069 in
3578 4027 3668 4070 τοῦ
3737 4023 3862 4071 Θεοῦ
3911 4019 3975 4076 ἧν

2375 4111 2629 4179 ὑφεστὼς,
2662 4113 2751 4159 καὶ
2799 4107 2893 4159 οὐκ
2937 4107 2994 4158 in
3035 4111 3329 4179 σπέρματος
3369 4105 3710 4179 ἀνθρωπίνου.
3759 4110 3836 4159 Τὰ
3877 4103 3979 4159 δύο

2376 4196 2436 4251 δι
2503 4199 2685 4269 ἱμάτια
2754 4200 2988 4268 τέσσαρα
3063 4199 3193 4268 μέρη
3263 4201 3606 4264 πεποιήκασι,
3693 4200 3980 4267 σχίσαντες

2377 4287 2526 4342 αὐτοὶ.
2578 4291 2677 4340 Καὶ
2712 4287 2815 4360 γὰρ
2861 4285 2977 4356 (34)
3024 4284 3250 4345 εἰπόντες
3305 4290 3423 4356 περὶ
3462 4293 3552 4336 τοῦ
3606 4283 3836 4359 ἆῤῥοὲφου
3883 4305 3982 4356 χι-

2376 4386 2529 4437 τῶνος
2589 4378 2668 4428 ὃτι
2735 4381 2820 4432 Μὴ
2875 4379 3148 4446 σχίσωμεν
3205 4375 3381 4441 αὐτόν,
3434 4371 3724 4437 ἐδήλωσαν,
3777 4375 3855 4426 ὅτι
3912 4377 3981 4425 τὰ

2376 4465 2506 4519 οἴλλα
2549 4468 2795 4537 ἓσχισαν.
2831 4461 2972 4516 Οὑδε
3013 4466 3116 4535 γὰρ
3156 4466 3226 4525 ὡς
3256 4463 3507 4522 πολυτελῆ
3540 4471 3708 4515 ταῦτα
3752 4459 3983 4535 διιμερί-

601 4551 1010 4624 ignominiosa
1056 4565 1194 4623 quas
1243 4550 1503 4622 pretiosa
1531 4557 1699 4609 erant
1754 4552 2125 4615 diviserunt:
2161 4571 2264 4628 per

2378 4574 2557 4624 σαντο,
2590 4556 2673 4607 ἱνα
2726 4559 2815 4606 καὶ
2853 4549 3133 4625 φείδωνται
3174 4560 3273 4604 τῶν
3324 4548 3572 4626 μερίδων,
3611 4551 3741 4603 ἀλλὰ
3785 4551 3981 4624 χλευά-

614 4658 754 4716 quin
778 4640 919 4698 talia
946 4639 1104 4696 facta
1133 4643 1269 4697 sunt
1301 4639 1610 4708 miracula,
1643 4641 1751 4700 sed
1779 4647 1914 4700 tunc
1951 4643 2133 4701 virtus
2162 4661 2266 4702 eo-

616 4745 753 4789 rum
782 4728 1175 4787 detinebatur.

694 4945 738 4982 ⁸⁷
778 4943 948 5003 Joan.
979 4958 1103 5012 nx,
1132 4940 1225 5014 23,
1264 4943 1353 5000 24.

2379 4646 2564 4709 ζοντις,
2623 4645 2693 4704 ὡς
2751 4646 3077 4716 προείρηται.
3151 4645 3250 4693 Καὶ
3304 4640 3449 4692 οὗτοι
3519 4644 3610 4712 μεν
3663 4639 3855 4712 ἀτίμως
3909 4643 3984 4692 τὰ

2376 4739 2530 4808 τίμια
2579 4729 2955 4808 διεμερίζοντο,
3013 4727 3085 4782 δι’
3137 4730 3205 4781 ὧν
3257 4728 3549 4786 τηλικαυτα
3601 4731 3842 4802 θαύματα
3897 4748 3982 4802 γε-

2375 4829 2592 4898 γόνασιν
2623 4841 2636 4853 ο
2665 4824 2696 4882 ἡ
2740 4819 2800 4876 δι
2826 4823 3017 4874 τούτων
3048 4815 3268 4892 δύναμις
3297 4817 3556 4892 ἕπείχετο.

1849 5071 2070 5142 Varias
2095 5073 2424 5144 lectiones
2465 5083 2533 5143 et
2554 5082 2756 5143 nota.

598 5220 616 5250 ‘
690 5213 803 5289 (32)
835 5214 951 5273 Soli
982 5230 1126 5343 ergo
1179 5214 1395 5272 Joanni
1447 5213 1576 5271 haec
1629 5213 1832 5271 tribuit
1895 5215 2268 5289 Euthymius.

615 5291 788 5343 Recte
836 5303 978 5343 emo
1031 5288 1131 5343 11a
1175 5286 1340 5343 apud
1397 5286 1738 5342 Matthmum
1795 5286 2052 5343 delenda
2110 5293 2268 5343 sunt.

615 5286 791 5345 Recte
836 5303 978 5359 ergo
1031 5286 1131 5344 illa
1175 5286 1340 5358 apud
1397 5286 1738 5342 Matthmum
1795 5286 2061 5344 delenda
2110 5293 2270 5353 sunt,

613 5365 1048 5506 νθῐζξέ)3⁴ξλλλων,
1079 5428 1267 5488 addit.
1301 5431 1367 5486 B.
1421 5427 1585 5485 Male.
1619 5427 1734 5486 Nec
1770 5430 1930 5486 enim
1957 5431 2268 5488 Mattheus

684 5645 815 5715 (xz)
843 5645 932 5701 Eo
960 5643 1120 5716 quod
1157 5643 1432 5700 indecens
1484 5642 1786 5716 Saluatori
1832 5645 2062 5715 fuisset.
2096 5643 2260 5710 Quod

613 5717 891 5774 Servator
918 5715 1127 5790 paucis
1152 5721 1464 5790 contentus
1504 5715 1629 5772 fuit.
1652 5721 1765 5772 Aut
1788 5724 2033 5786 propter
2056 5717 2265 5790 fruga-

617 5791 865 5859 litatem,
889 5787 1143 5863 propter
1159 5787 1602 5863 simplicitatem
1621 5790 1971 5848 Servatoris.
2000 5787 2177 5847 Forte
2197 5789 2261 5846 in

2382 5217 2497 5274 hac
2525 5217 2600 5274 de
2624 5234 2706 5285 re,
2745 5221 2848 5273 aut
2883 5213 3042 5271 ullus
3071 5213 3224 5271 alius
3257 5209 3648 5283 evangelista,
3681 5211 3994 5269 memorie

2379 5289 2663 5363 prodidit:

2474 5362 2564 5416 34)
2597 5359 2775 5416 Εἶπον.
2805 5359 2871 5414 Α.

2474 5363 2542 5416 34
2597 5363 2775 5416 Εἶπον.
2805 5363 2871 5414 Α.

2449 5363 2566 5507 ἒὲὃζ
2608 5435 2946 5507 ’Δποροῦσιν.
2987 5430 3051 5484 Δ.

2371 5643 2816 5724 siglamincidit
2836 5641 3159 5724 Hentenius
3177 5654 3249 5723 ac
3271 5613 3789 5724 οοιιροοίιᾶπριπες,
3815 5642 3996 5715 quod

2369 5721 2566 5774 tamen
2596 5717 2740 5774 huic
2765 5717 3190 5774 constructioni
3227 5726 3350 5770 non
3379 5717 3675 5774 convenit.
