4188 6440
205 414 311 471 728

1114 401 1487 461 COMMENT.
1534 399 1603 455 IN
1643 391 2092 454 MATTHASUM.
2133 419 2202 433 --
2241 387 2400 445 CAP.
2441 386 2667 443 XXVII.

3471 375 3581 431 726

273 541 424 601 Τινὲς
452 534 511 590 δε
541 536 654 608 (35)
688 532 1054 607 διαποροῦσιν,
1097 533 1162 591 ὡς
1207 532 1316 582 ἐπεὶ
1351 533 1463 590 τοῖς
1502 524 1808 586 ἀποστόλοις

1999 515 2256 586 Quidam
2307 528 2445 570 vero
2491 509 2796 578 dubitant,
2825 501 3140 608 quomodo
3171 499 3440 600 Christus.
3472 498 3581 572 qui

203 631 579 703 ἐνομοθέτησεν
629 627 654 677 6
707 626 937 698 Χριστὸς
989 626 1061 694 μὴ
1115 621 1343 672 κτᾶσθαι
1401 615 1497 670 δύο
1554 625 1807 688 χιτῶνας,

203 729 316 782 πῶς
380 717 541 778 αὐτὸς
587 714 801 787 εὕρηται
856 711 1065 766 πλείονα
1130 712 1474 780 κεκτημένος;
1521 708 1659 779 Πρός
1721 702 1810 764 οὓς

203 808 576 878 ἀπολογητέον,
613 805 692 856 ὅτι
723 808 812 855 καὶ
842 801 993 862 αὐτὸς
1040 800 1124 852 ἕνα
1175 806 1380 872 χιτῶνα
1417 791 1548 867 εἶχε,
1599 797 1686 846 τόν
1725 791 1810 844 ἐπὶ

202 907 302 951 τοῦ
367 901 608 968 σώματος
639 911 651 922 ·
703 892 864 944 τᾶλλα
923 892 1024 964 γὰρ
1071 888 1163 941 ούκ
1211 884 1344 946 ἦσαν
1400 893 1642 959 χιτῶνες,
1698 881 1808 933 ἀλλ’

204 991 414 1061 ἱμάτια.
468 989 639 1040 Χιτὼν
694 985 796 1057 γὰρ
848 985 1038 1056 κυρίως
1093 981 1150 1032 τὸ
1203 973 1482 1031 ἐνδοτάτω.
1536 977 1636 1028 Καὶ
1688 975 1806 1047 περὶ

201 1082 298 1154 μὲν
335 1079 528 1131 τούτων
559 1074 738 1136 οὕτως.

281 1277 414 1351 Ὀρα
468 1271 526 1328 δὲ
578 1278 676 1326 πᾶν
713 1274 771 1324 τό
832 1277 986 1342 σῶμα
1025 1274 1118 1320 τοῦ
1173 1273 1410 1338 Σωτῆρος
1445 1262 1800 1338 ὑϐριζόμενον.

204 1374 303 1428 τὴν
357 1365 577 1438 κεφαλὴν
625 1365 714 1435 μεν
765 1358 860 1412 διὰ
923 1366 1012 1410 τοῦ
1075 1358 1347 1408 ακανθίνου
1408 1355 1658 1425 στεφάνου
1715 1355 1804 1402 καὶ

201 1467 298 1512 τοῦ
333 1456 617 1510 τύπτεσθαι
655 1461 727 1522 τῷ
765 1450 1000 1521 καλάμῳ,
1042 1450 1100 1500 τό
1152 1449 1428 1520 πρόσωπον
1465 1440 1523 1496 δὲ
1569 1438 1663 1494 διὰ
1702 1448 1802 1493 τῶν

197 1545 610 1622 ἐμπτυσμάτων,
674 1545 767 1602 τὰς
825 1543 1073 1609 σιαγόνας
1132 1533 1191 1588 δι
1251 1531 1346 1587 διὰ
1390 1541 1488 1584 τῶν
1535 1531 1804 1606 ῥαπισμά-

193 1647 320 1702 τῶν,
352 1639 411 1688 τό
447 1637 619 1705 στόμα
658 1626 716 1683 δὲ
754 1627 846 1682 διὰ
881 1637 970 1688 τῆς
1021 1625 1184 1698 χολῆς
1217 1629 1306 1677 καὶ
1357 1630 1447 1674 τοῦ
1497 1622 1676 1684 ὄξους·
1710 1623 1803 1682 τὰς

199 1725 358 1785 ἀκοὰς
390 1720 450 1776 δὲ
482 1719 578 1774 διὰ
622 1728 721 1772 τῶν
753 1718 1123 1792 βλασφημιῶν,
1168 1718 1254 1767 τὸν
1294 1711 1558 1786 τράχηλον
1599 1707 1658 1762 δε
1711 1707 1805 1762 διὰ

200 1824 299 1868 τῶν
356 1811 784 1884 κολαφισμάτών,
846 1810 912 1859 τὰ
960 1815 1096 1858 νῶτα
1144 1801 1202 1857 δε
1245 1808 1334 1855 καὶ
1385 1804 1450 1854 τὰ
1489 1803 1675 1873 στέρνα
1712 1795 1805 1850 διὰ

201 1912 297 1956 τῶν
350 1882 791 1977 φραγελωμάτων,
843 1900 956 1955 ἤτοι
1003 1898 1298 1967 μαστίγων,
1355 1893 1447 1951 τὰς
1499 1896 1687 1961 χεῖρας
1745 1882 1804 1938 δι

205 1998 292 2046 καὶ
339 1996 462 2053 τοὺς
498 1985 687 2058 πόδας,
733 1983 826 2040 διὰ
871 1993 970 2038 τῶν
1009 1983 1165 2050 ἥλων,
1214 1987 1302 2040 τὴν
1351 1979 1572 2054 πλευρὰν
1613 1973 1671 2030 δε
1711 1972 1806 2029 διὰ

212 2090 302 2144 τῆς
365 2081 593 2152 λόγχης,
671 2078 736 2137 ὡς
816 2077 842 2128 ὁ
900 2075 1014 2146 (36)
1093 2073 1334 2133 Ἰωάννης
1414 2072 1640 2142 ἱστορεῖο
1714 2069 1804 2118 καὶ

218 2174 279 2223 τὰ
301 2131 604 2242 λοιπόιῖιέρη
639 2163 734 2220 διὰ
763 2173 858 2228 τῆς
898 2131 1177 2237 χλαμύδος
1223 2164 1314 2213 καὶ
1361 2166 1458 2221 τῆς
1515 2131 1851 2230 γυμνωσεωςο
1904 2131 1993 2203 καὶ
2047 2146 2214 2206 ἁπλῶς
2266 2147 2325 2196 τὸ
2379 2141 2490 2195 ὅλον
2542 2146 2696 2212 σῶμα
2747 2131 2843 2189 διὰ
2893 2139 2991 2196 τῆς

221 2257 609 2334 θριαμϐεύσιως.

286 2348 449 2401 Ὀταν
531 2343 611 2398 οὖν
671 2347 701 2405 ἣ
789 2343 1272 2417 βλασφημηθῶμεν,
1339 2340 1370 2399 ἣ
1457 2338 1797 2409 αᾶισθῶμεν,

219 2439 247 2498 ἦ
300 2435 727 2510 θριαμϐευθὼμεν,
792 2433 938 2486 ταῦτ’
982 2432 1257 2492 ἐννοοῦντες
1333 2435 1508 2482 πᾶσαν
1575 2425 1802 2480 ἐκϐάλω-

211 2547 301 2600 μεν
347 2525 445 2577 ἀπὸ
496 2534 584 2585 τῆς
630 2524 813 2596 ψυχῆς
856 2522 1157 2594 φλεγμονὴν,
1211 2519 1536 2591 λογιζόμενοι
1585 2521 1675 2569 καὶ
1722 2517 1802 2567 ὅτι

208 2619 232 2668 6
258 2620 351 2689 μὲν
394 2619 517 2675 Θεὸς
555 2611 640 2682 ἦν,
679 2616 830 2685 ἡμεῖς
871 2608 928 2664 δε
966 2613 1229 2684 ἄνθρωποι
1253 2627 1264 2638 ⁸
1295 2613 1385 2660 καὶ
1414 2610 1440 2659 6
1483 2611 1572 2680 μὲν
1614 2610 1806 2660 Δεσπό·

203 2727 320 2771 της,
391 2707 540 2777 ἡμεῖς
610 2700 669 2756 δὲ
726 2699 948 2754 δοῦλον
1017 2701 1182 2752 καὶὸ
1259 2702 1346 2770 μὲν
1422 2696 1802 2770 ἀναμάρτητος,

205 2798 358 2867 ἡμεῖς
390 2791 447 2846 δὲ
487 2791 783 2865 ἁμαρτωλοὶ
811 2811 822 2822 ·
857 2794 946 2842 καὶ
976 2791 1002 2842 ὁ
1031 2792 1120 2861 μὲν
1151 2789 1294 2860 παρὰ
1325 2783 1522 2840 δούλων
1553 2788 1802 2856 ἔπασχεν,

203 2887 357 2956 ἠμεις
391 2879 451 2935 δε
480 2884 626 2954 παρὰ
665 2877 961 2933 συνδούλων
991 2898 1003 2910 ·
1038 2882 1124 2930 καὶ
1150 2879 1174 2928 6
1218 2880 1307 2949 μεν
1349 2873 1422 2928 δι’
1452 2878 1606 2948 ἡμᾶς,
1657 2877 1808 2947 ἡμεῖς

207 2970 266 3026 δὲ
299 2969 373 3025 δι’
426 2972 678 3032 ἑαυτοὺς·
721 2975 810 3022 καὶ
839 2971 863 3021 6
893 2971 982 3041 μὶν
1031 2969 1352 3040 θεωρούντων
1399 2961 1672 3019 Ἰουδαίων
1717 2968 1806 3016 καὶ

204 3061 471 3132 Ῥωμαίων
523 3065 614 3112 καὶ
671 3058 936 3124 Ἐλλήνων,
990 3061 1139 3129 ἡμεῖς
1212 3052 1270 3108 δὲ
1329 3054 1538 3107 ἐνώπιον
1595 3053 1802 3124 ὀλίγων,

206 3155 248 3205 εί
284 3149 343 3203 δε
374 3155 466 3202 καὶ
493 3149 758 3212 πλειόνων,
790 3146 895 3199 ἀλλ’
928 3146 986 3200 ού
1016 3148 1297 3199 τοσούτων.

279 3349 409 3422 [Τοῦ
461 3348 614 3419 ἁγίου
664 3346 906 3416 Μαξίμου
945 3347 971 3397 6
1019 3344 1133 3416 (37)
1186 3347 1274 3417 μὲν
1331 3343 1520 3394 ἄνωθεν
1586 3342 1808 3414 υφαντός

209 3443 376 3510 χιτὼν
429 3439 460 3495 ἡ
527 3434 802 3498 διάλληλός
853 3434 968 3488 ἐστι
1005 3442 1104 3486 τῶν
1161 3431 1353 3508 ἀρετῶν
1396 3432 1558 3490 πλοκή
1617 3449 1671 3482 τε
1718 3434 1808 3482 καὶ

211 3532 444 3599 συνοχὴ,
504 3522 598 3578 διὰ
652 3533 748 3587 τῆς
825 3526 1015 3576 ἄνωθεν
1067 3525 1290 3598 χάριτος
1368 3522 1635 3593 ὑφασμένη
1717 3525 1806 3572 καὶ

208 3615 358 3670 ἔνδον
446 3619 714 3668 σκέπουσα
777 3618 864 3667 τόν
921 3612 969 3665 ἓν
1030 3615 1154 3684 ἡμῖν
1221 3611 1391 3683 λόγον,
1445 3611 1505 3664 οὗ
1568 3609 1809 3671 πολλάκις

208 3713 522 3779 γυμνοῦντες
604 3705 738 3776 ἡμᾶς
801 3707 914 3771 (38)
981 3705 1030 3754 οἰ
1105 3702 1341 3773 φονευταὶ
1420 3697 1661 3772 δαίμονες
1737 3695 1808 3751 δι’

213 3793 455 3866 ἀμελείας
491 3798 579 3846 καὶ
624 3795 888 3867 ῥᾳθυμίας
933 3793 1067 3863 ὅμως
1114 3791 1172 3844 οὗ
1224 3797 1626 3862 συγχωροῦνται
1682 3793 1813 3862 σχί-

213 3903 309 3936 σαι
365 3882 541 3949 αὐτὸν,
588 3884 721 3934 ὥστε
767 3886 837 3954 μὴ
892 3882 1159 3956 γνωρίζειν
1210 3882 1348 3952 ἡμᾶς
1413 3879 1530 3951 (39)
1586 3881 1662 3932 ἔτι
1718 3883 1812 3937 τὴν

212 3972 443 4047 ἀρετήν·
506 3977 595 4024 καὶ
672 3972 806 4024 οὕτω
882 3974 979 4044 γὰρ
1060 3968 1140 4022 ἀεὶ
1224 3969 1541 4043 γνωρίζομεν
1626 3967 1808 4035 αὐτὴν,

212 4063 257 4115 εἰ
311 4066 402 4112 καὶ
461 4066 532 4132 μὴ
587 4059 997 4134 περιϐαλλόμεθα
1048 4063 1142 4117 τὴν
1207 4057 1262 4110 ἐκ
1319 4061 1514 4118 ταύτης
1575 4062 1807 4116 σκέπην·

210 4155 276 4204 τὰ
334 4147 394 4202 δὲ
490 4151 779 4222 σχισθέντα
857 4151 886 4207 ἡ
951 4147 1131 4212 ἔξωθέν
1211 4147 1321 4200 ἐστι
1387 4146 1627 4220 περιϐολὴ
1722 4153 1813 4199 τοῦ

210 4242 475 4298 αἰσθητοῦ
510 4240 754 4305 πλούτου,
812 4234 1149 4312 διαιρουμένη
1193 4237 1260 4297 εἰς
1311 4240 1546 4309 τέσσαρα
1582 4237 1814 4308 κοσμικὰ

1919 609 2112 679 legem
2132 601 2610 675 deditapostolis,
2637 615 2710 656 ne
2730 597 2885 653 duas
2911 591 3294 679 possiderent
3316 589 3572 655 tunicas,

1920 678 2051 772 ipse
2082 696 2284 769 plures
2314 694 2586 750 inventus
2638 693 2725 745 est
2776 683 3083 760 possidere
3111 681 3140 736 ?
3174 678 3402 745 Quibus
3456 694 3580 736 res-

1919 767 2311 862 pondendum
2341 786 2451 852 est,
2492 779 2660 853 quod
2689 777 2820 848 ipse
2849 788 3094 848 quoque
3125 769 3369 862 unicam
3393 767 3578 825 habe-

1917 860 2024 936 bat
2066 876 2352 940 tunicam,
2403 887 2538 945 quae
2596 866 2834 941 corpori
2890 860 3241 920 adhmrebat
3286 874 3304 915 :
3359 862 3575 915 caetera

1917 969 2076 1023 enim
2115 964 2335 1022 tnnicm
2374 976 2494 1017 non
2536 961 2725 1029 erant,
2757 954 2863 1012 sed
2891 952 3093 1025 pallia,
3129 947 3373 1020 Proprie
3407 945 3570 1004 enim

1916 1062 2082 1128 χιτὼν
2110 1051 2300 1126 (quod
2337 1065 2448 1106 nos
2488 1049 2749 1104 tunicam
2791 1040 3104 1107 vertimus)
3160 1035 3379 1094 dicitur
3429 1051 3568 1110 qua:

1916 1126 2128 1224 intima
2159 1146 2248 1198 est
2274 1139 2475 1196 vestis.
2521 1139 2590 1193 Et
2612 1136 2686 1192 de
2717 1133 2808 1190 his
2834 1130 3081 1205 quidem
3107 1126 3210 1184 ita.

1985 1249 2314 1308 Considera
2343 1261 2483 1302 vero
2507 1247 2701 1300 totum
2735 1236 3058 1298 Salvatoris
3094 1248 3314 1307 corpus
3339 1230 3570 1305 injuriis

1915 1342 2218 1402 allectum.
2249 1338 2438 1410 Caput
2466 1333 2704 1408 quidem
2735 1345 2843 1404 per
2873 1328 3143 1402 spineam
3173 1337 3466 1381 coronam
3489 1325 3568 1388 et,

1913 1430 2222 1491 arundinis
2249 1424 2720 1500 percussionem,
2738 1419 2951 1476 faciem
2968 1431 3075 1490 per
3089 1417 3286 1488 sputa,
3303 1411 3571 1470 maxillas

1915 1528 2116 1581 autem
2147 1535 2246 1590 per
2273 1516 2502 1588 alapas,
2536 1529 2604 1569 os
2633 1525 2776 1568 vero
2805 1524 2911 1581 per
2935 1505 3012 1563 fel
3036 1509 3092 1562 et
3109 1508 3368 1572 acetum,
3392 1516 3572 1559 aures

1913 1629 2019 1688 per
2041 1605 2468 1682 blasphemiae,
2510 1601 2732 1660 collum
2759 1614 2859 1670 per
2897 1595 3209 1667 colaphos,
3239 1592 3491 1649 dorsum
3517 1593 3574 1648 et

1839 1662 1884 1719 Β
1914 1662 2400 1776 1prii-ctii—swtlragellis
2421 1662 2479 1750 et
2507 1662 2876 1756 verberibus,
2913 1662 3133 1776 manus
3163 1684 3364 1776 autem
3395 1683 3453 1736 et
3471 1694 3574 1752 pe-

1914 1769 2021 1849 des
2047 1787 2255 1851 clavis,
2287 1784 2462 1848 latus,
2496 1795 2633 1836 vero
2661 1778 2895 1841 lancea,
2932 1771 3118 1830 veluti
3150 1769 3355 1827 scribit
3397 1770 3573 1826 Joan-

1912 1896 2019 1939 nes
2034 1879 2104 1945 ‘3,
2119 1881 2361 1934 caeteras
2389 1884 2622 1944 quoque
2652 1873 2850 1940 partes
2870 1860 3193 1934 chlamyde
3215 1875 3286 1917 ac
3299 1857 3568 1916 nuditate

1913 1975 1988 2036 et,
2021 1972 2086 2024 nt
2115 1964 2296 2022 semel
2327 1963 2549 2029 dicam,
2590 1962 2783 2015 totum
2813 1969 3057 2028 corpus,
3087 1949 3262 2025 qnod
3305 1949 3368 2007 in
3395 1961 3569 2005 cruce

1911 2055 2252 2132 spectaculo
2290 2055 2378 2110 est
2415 2048 2779 2132 expositum.

3041 2130 3128 2186 ἰπὶ
3181 2135 3274 2184 τοῦ
3333 2133 3564 2206 σταυροῦ

1927 2384 1937 2396 ·
1979 2359 2233 2431 Quando
2277 2371 2420 2428 ergo
2448 2351 2814 2427 blasplemiaa
2850 2347 3028 2407 nobis
3057 2346 3429 2420 ingeruntur,
3461 2346 3567 2402 aut

1909 2449 2275 2511 contumelia
2304 2445 2624 2512 efﬁcimur,
2664 2440 2790 2498 sive
2814 2436 3158 2513 spectaculo
3181 2433 3561 2508 exponimur,

1909 2545 2039 2601 haec
2068 2538 2534 2600 considerantes,
2577 2545 2821 2589 omnem
2858 2526 3216 2600 abjiciamns
3254 2523 3333 2581 ab
3363 2524 3570 2582 anima

1915 2630 2162 2690 tumoris
2203 2628 2520 2684 ﬂammam
2561 2641 2575 2678 :
2608 2620 2935 2692 cogitantes
2985 2614 3184 2681 simul,
3243 2614 3412 2688 quod
3440 2614 3571 2686 ipse

1912 2722 2158 2796 quidem
2185 2719 2338 2773 Dens
2351 2718 2492 2780 erat,
2515 2727 2628 2768 nos
2658 2713 2862 2766 autem
2877 2705 3154 2763 homines
3183 2721 3198 2774 ;
3220 2703 3352 2776 ipse
3371 2702 3574 2759 Domi-

1844 2849 1885 2907 ρ
1913 2795 2048 2878 nus,
2077 2825 2190 2866 nos
2209 2810 2407 2864 autem
2431 2801 2615 2873 servi;
2648 2799 2772 2872 ipse
2796 2797 2921 2854 sine
2946 2797 3215 2868 peccato,
3236 2807 3348 2850 nos
3369 2795 3574 2849 autem

2107 2904 2114 2907 -
2348 2895 2358 2905 ι
2607 2888 2785 2907 ν
2819 2886 3158 2907 “ex-.-”
3211 2897 3320 2907 ___
3371 2885 3568 2907 ,,,.,,,,

1916 2904 2256 2974 peccatores
2297 2911 2312 2962 ;
2345 2895 2474 2967 ipse
2523 2907 2560 2948 a
2598 2888 2789 2946 servis
2819 2886 3177 2960 patiebatur,
3211 2897 3323 2939 nos
3370 2885 3573 2938 autem

1916 3006 1952 3046 a
1979 2985 2285 3044 conservie
2317 3003 2331 3053 ;
2361 2984 2488 3055 ipse
2519 2983 2759 3053 prOpter
2782 2992 2918 3041 nos,
2947 2990 3057 3032 nos
3091 2975 3294 3030 autem
3329 2974 3576 3044 propter

1912 3077 2206 3148 nosipsos
2240 3089 2254 3140 ;
2283 3074 2407 3144 ipse
2428 3068 2675 3142 quidem
2693 3064 3096 3138 spectantibus
3108 3060 3344 3127 Jndmis,
3364 3059 3577 3116 Roma-

1911 3165 2006 3222 nis
2036 3169 2092 3221 et
2121 3161 2350 3232 Graecis,
2379 3175 2494 3215 nos
2528 3172 2672 3213 vero
2703 3168 2909 3210 coram
2939 3151 3166 3225 paucis,
3211 3155 3269 3206 et
3299 3149 3348 3205 si
3369 3161 3572 3206 coram

1914 3253 2206 3327 pluribus,
2241 3254 2296 3306 et
2325 3264 2449 3305 non
2473 3251 2597 3303 tam
2628 3242 2854 3300 multis.

1983 3345 2026 3414 -ι-
2055 3344 2098 3415 ·ι-
2140 3339 2341 3397 Sancti
2396 3335 2659 3392 Maximi.
2718 3330 2950 3387 Tunica
3013 3326 3259 3400 quidem
3312 3325 3574 3398 desnpre

1915 3431 2217 3494 contexta,
2258 3436 2349 3485 est
2379 3428 2662 3484 virtutum
2694 3422 2849 3478 inter
2894 3434 2956 3475 se
2989 3417 3276 3474 connexio
3307 3419 3366 3471 et
3407 3430 3576 3472 com-

1915 3523 2132 3597 plexio,
2161 3519 2363 3576 divina
2384 3514 2575 3587 gratia
2604 3516 2900 3573 contexta,
2933 3509 3092 3564 intus
3111 3509 3324 3597 tegens
3348 3503 3578 3562 intelle-

1917 3593 2078 3670 ctum
2106 3614 2395 3672 nostrum,
2426 3619 2552 3678 qua
2597 3601 2808 3658 crebro
2837 3613 2950 3654 nos
3005 3594 3232 3653 caedem
3261 3593 3576 3651 molientes

1917 3702 2227 3758 dmmones
2258 3696 2486 3754 nudant
2517 3707 2624 3766 per
2682 3686 3132 3760 incogitantiam
3184 3692 3243 3743 et
3274 3683 3579 3756 negligen-

1918 3791 2085 3854 tiam,
2138 3803 2248 3844 nec
2295 3791 2500 3842 tamen
2543 3781 2628 3838 eis
2674 3779 2842 3836 illam
2886 3774 3156 3833 scindere
3193 3773 3574 3848 permittitur,

1919 3885 1984 3936 ut
2034 3894 2110 3934 ne
2159 3888 2490 3933 noscamus
2551 3869 2812 3942 amplius
2880 3867 3182 3923 virtutem.
3250 3867 3439 3938 Atque
3493 3863 3579 3922 ita

1920 3968 2168 4042 quidem
2261 3978 2498 4037 semper
2575 3975 2705 4017 eam
2803 3955 3131 4022 noscimus,
3206 3952 3448 4011 tametsi
3506 3967 3579 4010 ea

1921 4073 2045 4114 non
2135 4056 2322 4112 simus
2405 4051 2560 4108 tecti.
2641 4048 2839 4105 Scissa
2923 4049 3126 4102 autem
3199 4049 3419 4101 notant
3477 4057 3579 4100 ex-

1924 4146 2100 4203 terius
2155 4141 2527 4200 sensibilium
2597 4136 2941 4193 divitiarum
3004 4133 3446 4199 indumentum,
3513 4133 3573 4187 in

1922 4238 2183 4307 quatuor
2199 4230 2411 4288 mundi
2459 4228 2753 4284 elementa
2767 4222 3054 4288 divisum,
3087 4220 3309 4292 quibus
3346 4224 3411 4276 ut
3435 4233 3578 4276 cum

205 4338 483 4401 στοιχεῖα,
533 4325 608 4389 οἷς
642 4328 882 4401 ἐμπαθῶς
919 4329 1219 4399 κεχρῆσθαι
1270 4307 1538 4378 πείθουσιν
1575 4328 1714 4398 ἡμᾶς
1763 4328 1808 4377 οὶ

1924 4323 2140 4381 affectu
2172 4325 2413 4377 utamur
2442 4315 2617 4373 nobis
2648 4312 2904 4370 suadent
2931 4308 3248 4366 illndentes
3276 4308 3412 4366 vitae
3437 4307 3578 4364 insi-

213 4418 551 4491 ἐμπαίζοντες
605 4421 888 4490 μιαιφόνοι.
948 4415 1046 4474 Εἵη
1108 4413 1156 4468 δ’
1221 4413 1280 4466 ἃν
1327 4419 1417 4467 καὶ
1472 4414 1588 4467 καθ’
1646 4416 1812 4488 ἕτερον

210 4507 364 4579 λόγον
413 4512 578 4579 χιτὼν
630 4510 719 4578 μὲν
771 4507 962 4558 ἄνωθεν
1010 4506 1232 4576 ὑφαντὸς
1285 4506 1312 4562 ἡ
1366 4504 1588 4556 ἑκάστου
1637 4503 1810 4576 ψυχὴ,

211 4598 408 4648 ἄνωθεν
475 4595 892 4668 ἐμπνευσθεῐσα·
952 4597 1041 4645 καὶ
1095 4592 1323 4667 ἅρῥαφος
1383 4596 1472 4664 μὲν
1541 4596 1604 4653 ὡς
1676 4591 1810 4652 ἁπλῆ

213 4691 311 4736 καὶ
357 4684 650 4747 ἁσύνθετος,
711 4686 976 4755 οἱσχιστος
1031 4679 1088 4734 δὲ
1127 4685 1189 4743 ὡς
1239 4681 1523 4742 ἀθάνατος’
1582 4679 1818 4756 διαιρού-

211 4793 345 4848 μενα
407 4771 464 4827 δὲ
533 4776 716 4846 ἱμάτια
778 4777 834 4825 τό
895 4781 1066 4844 σῶμα,
1133 4775 1198 4833 ὡς
1256 4770 1310 4822 ἐκ
1379 4773 1567 4844 φθορᾶς
1622 4771 1688 4832 εὶς
1752 4773 1818 4823 τὰ

211 4869 456 4937 τέσσαρα
483 4869 726 4934 στοιχεῖα
757 4857 1142 4933 ὃιαλυόμενον.]

291 4957 394 5006 Καὶ
429 4983 491 4992 -
542 4955 662 5004 ἐκεῖ.
707 4951 1016 5023 Ἐφύλαττον
1064 4949 1238 5020 αὐτὸν,
1273 4949 1354 5002 ἵνα
1404 4954 1475 5023 μὴ
1527 4952 1814 5024 κατενεχθῇ

209 5043 362 5118 παρά
388 5059 546 5102 τινος.

288 5222 337 5257 ³⁸
377 5220 542 5278 Joan.
565 5234 684 5287 xIx,
709 5215 798 5274 34.

1893 4955 1901 4966 '
1996 4949 2161 5005 Vers.
2205 4946 2295 5003 26.
2354 4947 2430 5002 Et
2482 4974 2548 4985 —
2592 4941 2694 4998 ibi.

1922 4414 2200 4470 diatores.
2240 4408 2368 4465 Alia
2398 4411 2598 4464 autem
2623 4402 2872 4468 ratione,
2892 4400 3092 4457 tunica
3119 4396 3370 4470 quidem
3408 4396 3578 4454 desu-

1923 4516 2024 4575 per
2069 4504 2229 4557 texta
2265 4495 2452 4571 possit
2505 4509 2634 4551 esse
2665 4492 2959 4563 cujusque
2996 4486 3260 4552 animus,
3314 4486 3578 4558 desuper

1923 4582 2271 4663 inspiratus,
2319 4592 2375 4644 et
2404 4581 2779 4642 inconsntilis
2831 4578 3097 4654 quidem,
3140 4580 3204 4633 nt
3232 4575 3488 4650 simplex
3520 4581 3580 4635 et

1924 4697 2042 4737 non
2071 4677 2437 4750 compositus
2464 4691 2480 4743 ;
2513 4688 2637 4730 non
2667 4671 2890 4727 scissus
2919 4671 3141 4735 autem,
3181 4669 3249 4724 ut
3277 4667 3577 4726 immorta-

1923 4771 1994 4827 lis
2022 4790 2035 4840 ;
2079 4769 2272 4826 divisa
2300 4771 2500 4824 antem
2533 4763 2904 4831 vestimenta,
2935 4774 3174 4832 corpus,
3193 4757 3361 4831 quod
3379 4773 3578 4816 cortu-

1923 4861 2125 4936 ptione
2157 4859 2217 4914 in
2246 4861 2506 4931 quatuor
2540 4851 2882 4909 dissolvitur
2919 4849 3232 4906 elementa.

2761 4937 3185 4998 Cnstodiebant
3229 4953 3368 4997 eum
3420 4952 3497 4997 ne
3538 4953 3578 4998 a

1925 5052 2239 5112 quoquam
2263 5034 2689 5108 deponeretur.

1339 5394 1567 5465 Variae
1594 5394 1924 5464 lectiones
1955 5402 2022 5463 et
2047 5400 2250 5462 nota.

291 5599 413 5671 (36)
453 5599 605 5668 Ergo
637 5593 731 5671 hic
759 5593 946 5671 solus.
985 5591 1114 5671 lion
1147 5593 1469 5671 Mattheus,
1512 5598 1585 5671 ut
1603 5592 1830 5671 habent

211 5663 464 5730 codices
493 5663 856 5739 récensionis
879 5665 1154 5739 _'l_‘atianse
1184 5670 1240 5721 et
1287 5663 1831 5739 Constantinopoli-

213 5753 380 5802 tanm
412 5738 844 5813 Chrysostomi,
877 5737 1102 5813 Matth._
1129 5753 1299 5813 xxvii,
1341 5740 1426 5794 49.
1465 5737 1580 5795 Sed
1619 5737 1830 5795 contra

215 5807 754 5890 ejusmodi'nngas
787 5824 963 5867 nemo
992 5808 1146 5867 serio
1172 5807 1462 5882 disputat.

2009 5591 2119 5664 (37)
2150 5592 2283 5645 Haec
2309 5587 2385 5664 in_
2400 5583 2674 5664 margine
2726 5583 3056 5642 exhibent..
3080 5585 3130 5640 Α
3153 5581 3215 5640 Β.
3258 5581 3590 5644 Hentenins

1939 5657 2180 5738 prorsus
2211 5674 2332 5715 non
2369 5657 2568 5738 habet.

2011 5735 2124 5806 (38)
2154 5733 2316 5806 ἠμᾶς
2337 5729 2574 5806 omittit:
2595 5728 2657 5806 3-.

2013 5799 2129 5879 (39)
2167 5799 2337 5879 Ἦμᾶς
2365 5800 2598 5863 omittit.
2633 5799 2700 5856 Α.
