4188 6466
591 434 698 491 7'27

1913 431 2263 490 EUTHYMII
2304 431 2635 490 ZIGABENI

3851 433 3958 493 728

667 559 826 614 Vers.
855 555 944 613 37.
976 558 1057 614 Et
1078 588 1146 600 —
1183 557 1555 615 Judxorum.
1593 557 1679 629 -H-
1708 556 1962 632 Scriptio
1987 557 2048 614 in
2079 558 2245 616 titulo

2430 564 2532 613 Καὶ
2569 591 2637 602 --
2679 558 2965 616 Ἰουδαίων.
3003 562 3026 637 [
3064 563 3122 616 Ἠ
3171 561 3284 634 (40)
3339 560 3386 613 ἓν
3444 569 3516 632 τῷ
3569 561 3725 635 τίτλῳ
3781 568 3956 637 γραφή

589 647 887 720 practicte,
945 647 1280 703 theoreticae
1329 650 1386 703 et
1445 647 1793 718 theologicae
1849 647 2246 721 philosophiae

590 752 793 808 regem
845 741 1012 792 notat
1061 753 1220 803 eum,
1272 736 1373 808 qui
1406 736 1722 792 cruciﬁxus
1764 743 1907 793 erat.
1969 737 2246 793 Practicm

590 827 856 900 quidem,
884 827 1048 900 quod
1080 827 1367 900 scriptum
1400 831 1524 883 erat
1556 829 1963 883 Romanroum
1995 827 2199 896 lingua
2229 845 2242 897 ;

590 907 1033 986 regnum'enim
1065 917 1406 972 Romanum
1429 915 1818 972 fortissimum
1842 916 1990 971 vidit
2009 915 2235 974 Daniel.

592 1006 866 1078 practicaa
921 1009 1120 1062 autem
1167 1009 1260 1060 est
1293 1004 1598 1061 fortitudo.
1658 1006 2032 1071 Theoreticm,
2079 1004 2246 1077 quod

593 1095 885 1168 scriptum
915 1099 1040 1152 erat
1065 1093 1263 1150 Graece
1292 1112 1305 1160 ;
1332 1094 1508 1151 Graaci
1528 1095 1687 1150 enim
1708 1111 1830 1167 pra:
1848 1094 2089 1168 reliquis
2108 1109 2248 1164 gen-

593 1185 756 1240 tibus
789 1185 1107 1241 theoretici.
1141 1185 1530 1255 Theologicae,
1563 1188 1805 1256 propter
1845 1183 2198 1240 Hebraicum
2228 1197 2244 1253 ;

595 1265 824 1330 Hebrmi
853 1274 1012 1330 enim
1045 1275 1306 1330 maxime
1337 1274 1608 1330 omnium
1627 1273 1901 1343 theologi.

601 1397 606 1401 ί
667 1384 921 1438 Causam
953 1381 1031 1438 ob
1079 1397 1259 1452 quam
1293 1385 1448 1437 esset
1480 1380 1798 1436 cruciﬁxus
1837 1397 1849 1434 :
1883 1379 2045 1436 illam
2086 1379 2247 1436 enim

593 1471 656 1527 in
707 1471 916 1528 tabula
973 1471 1324 1542 inscriptam
1379 1472 1762 1542 superposuit
1801 1469 2043 1535 Pilatus,
2082 1476 2142 1524 ut
2171 1469 2248 1525 ab

594 1559 870 1617 omnibus
922 1559 1038 1629 legi
1082 1565 1302 1631 posset,
1345 1564 1400 1614 et
1440 1560 1541 1631 qui
1582 1564 1900 1631 praesentes
1946 1564 2134 1622 erant,
2195 1562 2249 1614 et

591 1648 1348 1723 quiprmteribantMarcus
1371 1664 1514 1704 sane
1529 1648 1669 1704 dicit
1691 1649 1793 1703 :Et
1807 1655 1929 1704 erat
1953 1648 2250 1719 inscriptio

589 1740 914 1808 causceejus
935 1739 1158 1806 scripta
1181 1754 1193 1791 :
1215 1737 1338 1793 Rex
1367 1738 1706 1793 Judworum
1739 1738 1786 1771 ‘9
1805 1752 1828 1806 ,°
1847 1739 2036 1793 Lucas
2066 1753 2207 1792 vero
2232 1753 2245 1792 :

589 1829 950 1883 Eratautem
969 1829 1021 1883 et
1044 1824 1357 1896 inscriptio
1388 1828 1617 1894 scripta
1660 1841 1838 1894 super
1877 1842 2006 1882 eum
2033 1825 2248 1882 litteris

594 1916 806 1972 Gracis
835 1922 889 1972 et
916 1915 1144 1972 Latinis
1168 1930 1238 1971 ac
1265 1915 1580 1971 Hebraicis
1601 1915 1750 1972 :Hic
1778 1922 1859 1970 est
1882 1929 1991 1971 rex
2015 1914 2250 1971 Iudaeo-

592 2023 727 2062 rum
741 2007 789 2042 ⁵ο
803 2008 920 2061 Hoc
933 2010 1119 2061 autem
1131 2004 1321 2060 tribus
1335 2005 1668 2077 inscriptum
1683 2004 1988 2076 estlinguis
2004 2019 2076 2059 eo
2103 2003 2246 2075 quod

590 2101 735 2152 tunc
766 2094 935 2150 multi
963 2095 1041 2150 ad
1061 2095 1363 2151 civitatem
1384 2100 1669 2150 venerant
1698 2093 2040 2149 Judasorum
2072 2093 2250 2149 Graeci

593 2199 664 2240 ac
688 2183 874 2239 Latini
908 2200 921 2249 ;
952 2183 1213 2240 Joannes
1273 2199 1410 2239 vero
1461 2183 1604 2239 dicit
1659 2182 1914 2252 Scripsit
1963 2189 2156 2238 autem
2196 2186 2250 2237 et

592 2274 834 2330 titulum
861 2273 1110 2341 Pilatus,
1130 2272 1451 2344 posuitque
1481 2287 1662 2342 super
1680 2287 1927 2328 crucem.
1958 2273 2110 2327 Erat
2151 2287 2252 2327 au-

594 2369 703 2419 tem
740 2361 1025 2433 scriptum
1070 2363 1274 2418 :Jesus
1325 2362 1692 2426 Nazarenus,
1749 2376 1854 2416 rex
1880 2360 2248 2416 Iudaeorum.

594 2453 782 2508 Hunc
801 2467 942 2521 ergo
971 2452 1211 2507 titulum
1246 2452 1415 2507 multi
1450 2452 1711 2519 legerunt
1739 2450 2078 2506 Iudaeorum
2114 2449 2252 2519 quia

591 2541 1064 2612 propecivitatem
1089 2547 1208 2596 erat
1241 2542 1402 2596 locus
1424 2540 1524 2594 ubi
1541 2541 1867 2608 cruciﬁxus
1880 2546 1960 2595 est
1978 2539 2172 2594 Jesus:
2197 2542 2253 2594 et

593 2636 725 2688 erat
748 2630 1024 2702 scriptum
1052 2630 1363 2695 Hebraice,
1393 2628 1594 2686 Graece
1625 2635 1676 2685 et
1703 2629 1930 2685 Latine.
1965 2629 2250 2685 Dicebant

594 2735 734 2790 ergo
745 2721 938 2777 Pilato
951 2720 1258 2788 pontiﬁces
1269 2719 1614 2774 Judxorum
1633 2735 1648 2786 ;
1669 2719 1812 2775 Noli
1822 2718 2105 2774 scribere:
2125 2718 2252 2772 Rex

2356 659 2674 723 πρακτικῆς,
2721 656 2808 704 καὶ
2862 654 3199 727 θεωρητικῆς,
3259 656 3348 702 καὶ
3401 651 3700 724 θεολογικῆς
3744 653 3960 725 φιλοσο-

2358 743 2476 810 φίας
2536 739 2758 812 βασιλέα
2811 745 2896 793 τόν
2957 744 3319 817 σταυρωθέντα
3380 739 3602 811 έμήνυε’
3666 751 3962 806 πρακτῐκῆς

2357 828 2465 898 μὶν,
2514 825 2606 880 διὰ
2659 837 2750 882 τοῦ
2813 830 3098 903 Ῥωμαίστὶ
3157 832 3482 905 γεγράφθαι·
3526 835 3620 890 τὴν
3665 831 3962 904 Ῥωμαϊκὴν

2355 919 2453 989 γὰρ
2514 917 2786 990 βασιλείαν
2840 918 3199 994 ἀνδρειοτέραν
3257 929 3437 972 πασῶν
3493 921 3519 972 6
3569 921 3760 979 Δανιὴλ
3813 920 3961 974 ἐθεά-

2360 1026 2487 1060 σατο
2511 1023 2524 1037 ⁸
2558 1018 2850 1081 πρακτικῆς
2894 1007 2952 1062 δὲ
2982 1006 3118 1062 ἶδιον
3151 1011 3180 1068 ἠ
3225 1005 3417 1084 ἀνδρία
3450 1026 3462 1040 ⁶
3495 1007 3588 1062 διὰ
3625 1007 3685 1063 δὲ
3722 1019 3815 1063 τοῦ
3859 1011 3964 1065 Ἐλ-

2355 1096 2582 1164 ληνιστὶ,
2657 1100 3007 1173 θεωρητικῆς·
3067 1098 3302 1160 Ἕλληνες
3348 1101 3450 1173 γὰρ
3526 1101 3964 1176 θεωρητικώτεροι

2355 1193 2452 1238 τῶν
2487 1185 2649 1238 ἄλλων
2681 1185 2833 1240 ἐθνῶν
2858 1205 2870 1216 ·
2911 1184 3003 1240 διὰ
3030 1184 3089 1240 δε
3136 1197 3227 1240 τοῦ
3270 1187 3561 1262 Ἐϐραϊστὶ,
3621 1189 3920 1262 θεολογικῆς
3948 1211 3961 1223 ·

2359 1274 2774 1351 θεολογικώτεροι
2801 1279 2903 1349 γὰρ
2927 1280 3130 1329 πάντων
3153 1276 3380 1350 Ἑϐραῖοι
3400 1276 3422 1350 ]

2428 1386 2532 1441 Τὴν
2563 1383 2753 1449 αἰτίαν,
2804 1380 2876 1436 δι’
2922 1384 2978 1442 ἣν
3032 1383 3332 1457 ἐσταυρώθη
3368 1406 3381 1418 ·
3447 1383 3628 1438 σανίδι
3676 1389 3779 1462 γὰρ
3835 1392 3971 1441 ταύ-

2358 1491 2452 1529 την
2505 1471 2890 1546 ἔγχαράξαντες
2947 1475 2994 1525 οἱ
3051 1479 3167 1548 περὶ
3219 1478 3306 1526 τὸν
3376 1474 3618 1541 Πιλοίτον,
3684 1476 3964 1547 ἐπέθηκαν,

2360 1562 2493 1613 ὥστε
2545 1563 2643 1613 ὑπὸ
2701 1565 2904 1614 πάντων
2959 1562 3408 1634 ἀναγινώσκεσθαι
3454 1574 3553 1617 τῶν
3597 1585 3651 1620 τε
3696 1573 3966 1642 παρόντων

3806 1655 3918 1710 εἷπε
3948 1677 3961 1690 ·

3086 1749 3176 1801 τῆς
3247 1742 3420 1803 αἰτίας
3491 1743 3648 1795 αὑτοῦ
3717 1764 3960 1818 γεγραμ-

2357 1832 2481 1901 μένη
2514 1847 2526 1858 ·
2559 1829 2614 1881 Ὀ
2666 1829 2915 1901 βασιλεὺς
2972 1840 3071 1882 τῶν
3125 1827 3392 1883 Ἰουδαίων
3415 1847 3429 1862 ⁶
3466 1837 3667 1892 Λουκᾶς
3702 1829 3762 1885 δε
3790 1850 3803 1862 ·
3856 1833 3954 1885 Ἦν

2360 1914 2418 1970 δι
2449 1923 2536 1969 καὶ
2568 1921 2595 1976 ἡ
2637 1918 2894 1992 ἐπιγραφὴ
2949 1925 3281 1994 γεγραμμένη
3338 1919 3408 1972 ἐπ’
3461 1920 3597 1992 αὐτῷ
3642 1924 3956 1994 γράμμασιν

2355 2003 2661 2067 Ἑλληνικοῖς
2730 2013 2820 2060 καὶ
2886 2008 3191 2080 Ῥωμαίκοῖς
3247 2014 3337 2062 καὶ
3401 2007 3726 2081 Ἑϐραϊκοῖς·
3792 2010 3968 2072 Οὗτός

2358 2095 2498 2148 ἔστιν
2555 2098 2580 2148 6
2641 2096 2889 2168 βασιλεὺς
2947 2106 3046 2149 τῶν
3097 2094 3390 2154 Ἰουδαίων.
3459 2105 3621 2152 Τοῦτο
3674 2095 3734 2151 δ¹ε
3792 2104 3973 2171 τρισὶν

2359 2183 2554 2259 ἐγράφη
2590 2183 2901 2251 διαλέκτοις,
2945 2183 3038 2238 διὰ
3078 2191 3136 2239 τὸ
3177 2187 3400 2249 πολλοὺς
3441 2185 3817 2260 έπιχωριοίζειν
3860 2192 3976 2241 τότε

2359 2283 2419 2346 τῇ
2481 2275 2624 2327 πόλει
2677 2284 2776 2326 τῶν
2833 2272 3105 2329 Ἰουδαίων
3162 2276 3412 2338 Ἐλληνας
3491 2282 3581 2329 καὶ
3658 2277 3972 2350 Ῥωμαίους.

2363 2366 2584 2425 Ιωοίννης
2654 2360 2714 2417 δέ
2785 2383 2984 2436 φησιν·
3044 2365 3276 2438 ’Ἔγραψε
3362 2362 3421 2419 δε
3503 2372 3593 2418 καὶ
3676 2367 3850 2419 τίτλον
3936 2370 3960 2420 6

2362 2453 2602 2520 Πιλᾶτος,
2670 2457 2759 2505 καὶ
2829 2456 3008 2512 ἔθηκεν
3077 2453 3160 2506 έπὶ
3217 2463 3308 2506 τοῦ
3401 2463 3655 2530 σταυροῦ.

2358 2547 2712 2616 γεγραμμένον
2743 2564 2756 2576 ·
2833 2542 2906 2601 ’1η
2917 2551 3058 2609 σούς,

2358 2631 2473 2692 λεὺς
2555 2640 2654 2683 τῶν
2732 2629 3023 2690 Ἰουδαίων.

2359 1656 2447 1703 καὶ
2503 1658 2600 1702 τῶν
2651 1653 2763 1723 (41)
2824 1658 3137 1726 παριόντων.
3205 1656 3418 1726 Μάρκος
3494 1658 3584 1726 μεν
3644 1653 3731 1708 οὖν

2363 1744 2461 1792 Καὶ
2521 1737 2579 1797 ἧν
2654 1743 2682 1797 ἡ
2744 1741 2998 1813 ἐπιγραφὴ

3742 2455 3841 2508 Ἤν
3917 2455 3976 2510 δε

3708 2547 3733 2597 δ
3814 2543 3975 2617 βασι-

3132 2636 3323 2689 Τουτον
3423 2631 3509 2685 οὖν
3608 2638 3695 2686 τόν
3800 2633 3973 2686 τίτλον

2359 2719 2536 2772 πολλοὶ
2607 2719 2899 2792 ἀνέγνωσαν
2971 2731 3068 2774 τῶν
3149 2719 3438 2787 Ἰουδαίων,
3518 2724 3599 2776 ὅτι
3674 2723 3828 2795 ἔγγὺς
3911 2722 3974 2782 ἦν

3161 2546 3186 2594 ό
3282 2545 3614 2617 Ναζωραῖος,

594 2809 953 2871 Judxorum,
987 2807 1106 2872 sed,
1136 2807 1292 2877 quod
1312 2808 1416 2863 ille
1440 2806 1658 2863 dixerit
1685 2824 1696 2862 :
1724 2807 1850 2863 Rex
1869 2822 1997 2861 sum
2025 2806 2252 2861 Judwo-

2359 2810 2384 2860 6
2431 2813 2579 2869 τόπος
2648 2818 2738 2870 τῆς
2811 2810 3019 2874 πόλεως,
3094 2813 3223 2863 ὅπου
3294 2813 3600 2885 ἕσταυρώθη
3656 2813 3682 2864 6
3736 2811 3973 2873 Ἰησοῦς.

595 2913 749 2954 rum.
783 2895 1096 2965 Respondit
1144 2896 1414 2953 Pilatus:
1452 2896 1620 2963 Quod
1669 2895 1899 2965 scripsi,
1947 2895 2150 2964 scripsi
2179 2897 2248 2949 ⁵³.

596 2985 822 3044 Titulus
895 2985 1096 3057 itaque
1177 2985 1340 3056 apud
1419 2988 1719 3042 Romanos
1777 3000 1965 3039 causa
2015 2983 2247 3039 dicitur.

599 3077 618 3148 (
649 3078 692 3147 -ξ-
722 3077 764 3146 -ι-
783 3078 898 3132 lsta
928 3080 1164 3130 autem:
1196 3074 1568 3147 Propinquus
1595 3089 1731 3130 vero
1762 3083 1889 3130 erat
1919 3074 2070 3128 locus
2093 3073 2248 3128 urbi.

597 3165 700 3222 ubi
729 3164 1052 3245 cruciﬁxus
1085 3170 1170 3221 est
1213 3164 1398 3228 Iesus,
1451 3165 1532 3220 ita
1575 3162 1916 3219 ordinanda
1957 3177 1971 3218 :
2011 3161 2254 3218 Vicinus

599 3255 730 3312 urbi
762 3257 888 3312 erat
914 3254 1074 3310 locus
1097 3253 1198 3310 ubi
1231 3252 1554 3309 cruciﬁxus
1579 3257 1665 3310 est
1689 3255 1879 3309 Jesus.
1914 3253 1933 3324 )

2365 2903 2463 2950 Καὶ
2521 2895 2581 2955 ἧν
2627 2904 2981 2973 γεγραμμένον
3018 2898 3308 2974 Ἐϐραϊστὶ,
3359 2900 3672 2964 Ἑλληνιστὶ,
3703 2900 3978 2976 Ῥωμαίσ-

2362 2990 2434 3042 τί,
2503 2985 2710 3056 Ἔλεγον
2797 2985 2884 3040 οὖν
2958 2997 3028 3058 τῷ
3117 2989 3316 3059 Πιλατῳ
3396 2991 3444 3040 οἱ
3528 2988 3792 3064 ἀρχιερεῖς
3876 3001 3982 3044 τῶν

2365 3071 2678 3128 Ἰουδαίων·
2733 3083 2818 3134 Μὴ
2873 3079 3059 3152 γράφε,
3116 3080 3141 3129 6
3200 3078 3450 3139 Βασιλεὺς
3507 3087 3606 3130 τῶν
3674 3077 3979 3148 Ἰουδαίων,

2367 3163 2472 3215 ἀλλ’
2555 3167 2634 3216 ὅτι
2742 3164 2928 3227 ἐκεῖνος
3027 3164 3135 3219 εἶπε
3189 3183 3201 3196 ⁸
3307 3167 3554 3229 Βασιλεὺς

2370 3249 2662 3308 Ἰουδαίων.
2744 3254 3030 3330 Ἀπεκρίθη
3109 3255 3168 3308 Ὀ
3234 3255 3492 3317 Πιλᾶτος·

3880 3178 3985 3222 τῶν

3570 3264 3635 3310 '0
3714 3263 3987 3334 γέγραφα,

3661 3169 3768 3241 εἰμι

600 3348 852 3422 γέγραφα.
912 3343 1092 3405 Τίτλος
1142 3347 1233 3416 μεν
1289 3338 1396 3415 οὖν,
1477 3345 1611 3408 κατὰ
1672 3341 1985 3409 Ῥωμαίους,
2042 3344 2071 3400 ἠ
2128 3341 2301 3402 αἰτίας
2335 3357 2348 3372 ⁸
2413 3340 2513 3414 [τὸ
2573 3344 2685 3415 (42)
2767 3344 2954 3415 Ἐγγὺς
2999 3341 3060 3402 ἧν
3111 3347 3136 3398 6
3195 3350 3350 3407 τόπος
3412 3355 3508 3408 τῆς
3574 3346 3785 3412 πόλεως,
3839 3351 3990 3401 ὃπσα

601 3434 905 3510 ἐσταυρώθη
977 3434 1004 3487 6
1069 3433 1276 3495 Ἰησοῦς
1354 3432 1495 3486 αὗτω
1581 3436 1890 3486 συντακτέον

601 3525 628 3579 ὁ
658 3523 877 3588 Ἰησοῦς,
905 3523 928 3596 ]

671 3620 916 3694 Scripsit
936 3635 1079 3691 ergo
1091 3620 1316 3676 Pilatus
1345 3621 1574 3678 dictam
1599 3636 1869 3686 causam,
1890 3617 2265 3690 instituitque

598 3716 664 3770 ut
693 3711 932 3782 scripta,
967 3709 1195 3765 cunctis
1220 3713 1365 3767 nota
1407 3709 1595 3778 ﬁeret,
1628 3723 1703 3764 ne
1732 3712 1975 3780 possent
2004 3723 2115 3764 sua
2139 3722 2267 3763 ma-

601 3799 725 3857 litia
753 3800 878 3870 (νν)
901 3797 1091 3853 Judaei
1116 3795 1345 3853 Christo
1372 3798 1554 3854 aliam
1579 3812 1833 3853 causam
1864 3796 2128 3867 afﬁgere,
2161 3800 2263 3853 aut

603 3886 918 3956 divulgare
955 3885 1066 3956 (zz)
1101 3900 1114 3939 :
1144 3885 1441 3957 simulque
1468 3885 1660 3943 ethos
1701 3886 1929 3942 notavit
1957 3891 2013 3942 et
2035 3885 2114 3941 illi
2161 3902 2264 3958 pa-

607 3973 930 4032 trocinatus
969 3977 1076 4039 est,
1107 3974 1273 4044 quod
1318 3977 1549 4046 propter
1577 3972 1870 4030 invidiam
1902 3979 2056 4032 esset
2079 3975 2264 4032 cruci-

607 4063 786 4121 ﬁxus.

683 4172 830 4228 Cum
861 4171 1063 4226 autem
1085 4169 1286 4226 litterae
1317 4169 1380 4226 in
1429 4169 1617 4228 altum
1662 4172 1873 4244 positae
1903 4172 1986 4244 (a)
2016 4187 2264 4244 regnum

611 4261 740 4334 ejus
752 4260 908 4316 clare
921 4259 1385 4332 promulgarent,
1401 4267 1695 4318 conantur
1713 4263 2022 4334 pontiﬁces
2034 4264 2266 4320 Judan-

609 4366 745 4407 rum
769 4349 1207 4422 inscriptionem
1240 4350 1548 4413 invertere,
1578 4351 1842 4407 dicentes
1870 4353 2093 4409 Pilato:
2127 4353 2268 4409 Noli

611 4440 896 4496 scribere:
923 4438 1417 4506 RexJudleorum,
1437 4456 1510 4496 ne
1526 4456 1664 4496 vera
1677 4440 1951 4497 videatur
1963 4443 2268 4514 inscriptio

610 4529 713 4587 sed
767 4529 913 4601 quod
936 4529 1038 4586 ille
1065 4530 1284 4586 dixerit
1310 4546 1321 4583 :
1353 4532 1480 4587 Rex
1520 4546 1646 4585 sum
1685 4531 2054 4594 Juda'arum,
2087 4537 2146 4588 ut
2175 4532 2268 4588 ille

611 4618 873 4675 mendax
910 4623 1216 4690 appareat.
1272 4619 1382 4674 Sed
1413 4634 1801 4691 nequaquam
1839 4627 2269 4692 persuaserunt

611 4707 685 4763 ci.
711 4707 1036 4780 Respondit
1060 4708 1222 4763 enim
1265 4724 1278 4772 ;
1314 4707 1476 4773 Quod
1512 4707 1746 4776 scripsi,
1776 4709 2006 4778 scripsi,
2029 4709 2143 4766 hoc
2182 4718 2268 4766 est

615 4797 780 4869 quod
830 4797 1115 4868 scriptum
1158 4801 1245 4852 est
1281 4811 1405 4852 non
1453 4796 1729 4852 immuto.
1769 4799 1950 4854 Juxta
2001 4799 2264 4857 divinam

647 4990 652 4996 Ι
690 4921 736 4957 ιο
759 4921 932 4977 Marc.
969 4917 1072 4985 'xv,
1105 4920 1202 4977 26.
1284 4922 1332 4955 ⁵ο
1363 4921 1504 4979 Luc.
1537 4937 1693 4988 xxm,
1729 4921 1823 4980 38.

1994 3447 2009 3462 ο
2083 3431 2164 3484 ὅτι
2239 3429 2425 3503 Ἐγγύς
2517 3439 2612 3495 τῆς
2698 3433 2888 3496 πόλεως
2965 3430 3025 3492 ἦν
3105 3436 3131 3486 ό
3213 3440 3368 3497 τόπος
3461 3438 3590 3488 ὃπου

3668 3435 3986 3511 ἐσταυρώθη

2444 3636 2456 3652 ⁸
2488 3645 2531 3690 Ο
2559 3639 2648 3710 μεν
2679 3638 2766 3690 οὖν
2827 3638 3042 3699 Πιλᾶτος
3080 3637 3275 3714 ἔγραψε
3335 3643 3428 3698 τὴν
3471 3641 3720 3714 ῥηθεῖσαν
3776 3643 3988 3709 αἰτίαν,

2375 3732 2464 3778 καὶ
2519 3727 2861 3788 στηλιτεύσας
2921 3734 3056 3780 πᾶσι
3105 3733 3422 3786 κατέστησεν
3477 3728 3633 3786 αὐτὴν
3681 3735 3983 3801 γνώριμον,

2376 3817 2458 3868 ἵνα
2500 3821 2572 3888 μὴ
2626 3813 2883 3869 δύνωνται
2925 3813 3178 3869 Ἰουδαῖοι
3237 3822 3542 3892 κακουργίας
3585 3817 3738 3874 ἄλλην
3791 3817 3984 3871 αἰτίαν

2374 3904 2786 3978 ίπιφημίσαιτῶ
2835 3913 3068 3981 Χριστῷ.
3122 3912 3220 3960 Καὶ
3260 3908 3391 3979 ὁμοῦ
3439 3911 3526 3979 μὲν
3581 3910 3792 3968 τούτους
3828 3909 3990 3980 ἠμύ-

2371 4015 2493 4048 νατο
2527 4015 2539 4028 ·
2575 3998 2704 4068 ὁμοῦ
2735 3994 2794 4048 6‘s
2819 3995 3012 4048 έκείνευ
3045 3997 3158 4068 (43)
3198 3997 3718 4070 ὑπεραπολογήσατο,
3770 4000 3851 4050 ὃτι
3887 3995 4006 4054 διὰ

2375 4087 2556 4156 φθόνον
2588 4084 2914 4157 ίσταυρώθη.

2447 4175 2587 4228 Ἐπεὶ
2637 4171 2695 4227 δι
2745 4173 2999 4227 ἀνέκειντο
3055 4177 3120 4226 τά
3173 4177 3459 4248 γράμματα
3539 4176 3790 4249 λαμπρως
3864 4199 4010 4232 ανα-

2376 4267 2699 4339 κηρὺττοντα
2755 4269 2848 4322 τὴν
2905 4263 3176 4336 βασιλείαν
3253 4265 3433 4328 αὐτοῦ,
3511 4265 3889 4340 έπιχειροῡσιν
3959 4274 4014 4323 οἱ

2379 4353 2642 4428 ἀρχιερεῖς
2711 4373 2808 4405 των
2866 4350 3134 4406 Ἰουδαίων
3197 4353 3518 4426 μετατρέψαι
3574 4360 3669 4414 τὴν
3734 4361 4018 4418 τοιαύτην

2378 4443 2688 4517 ἐπιγραφὴν,
2737 4442 2964 4513 λέγοντες
3017 4449 3086 4512 τῷ
3136 4443 3377 4514 Πιλάτῳ·
3421 4448 3506 4502 Μὴ
3564 4447 3730 4518 γράφε
3775 4445 3844 4499 '0
3910 4448 4021 4521 βα-

2381 4532 2552 4594 σιλεύς
2599 4541 2697 4584 τῶν
2751 4529 3040 4602 Ἰουδαίων,
3096 4534 3177 4584 ἵνα
3227 4538 3298 4604 μὴ
3375 4531 3574 4595 ἀληθὴς
3621 4536 3650 4591 ἡ
3722 4535 4019 4611 ἐπιγραφή

2379 4621 2545 4695 δοκῇο
2625 4620 2731 4674 ἀλλ’
2788 4623 2865 4672 ὅτι
2935 4620 3120 4681 ἐκεῖνος
3186 4618 3331 4674 εἴπεο
3403 4622 3650 4686 Βασιλεύς
3719 4624 3838 4695 εἰμι
3910 4639 4024 4681 τῶν

2377 4709 2668 4777 Ἰουδαίων,
2737 4712 2820 4761 ἵνα
2894 4706 3094 4780 ψευδὴς
3181 4709 3368 4772 ἐκεῖνος
3430 4719 3588 4783 φανῇ,
3677 4711 3826 4765 Ἀλλ’
3921 4719 4026 4770 οὐκ

2378 4801 2428 4854 έν
2484 4803 2650 4872 τούτῳ
2721 4805 2845 4860 τέως
2902 4803 3218 4872 παρέπεισαν
3282 4799 3454 4854 αὐτόν.
3521 4799 3808 4875 Ἀπεκριθν
3886 4812 4027 4884 γὰρ,

1909 4925 1952 4960 ⁸¹
1982 4925 2149 4980 Joan.
2184 4941 2309 4994 xix,
2342 4926 2518 4984 19-22.

1943 5049 2169 5120 Variae
2209 5050 2556 5120 lectiones.

647 5241 659 5253 .
694 5168 903 5253 (49)];1
933 5168 1204 5251 margine
1231 5169 1359 5227 haec
1378 5168 1555 5227 habet
1579 5169 1769 5228 codex
1803 5175 2074 5245 uterque.
2107 5174 2277 5230 Caret

622 5239 713 5298 iis'
733 5239 1071 5297 ﬂentenius.

693 5313 808 5386 (41)
840 5316 1144 5388 Περὶόντων.
1176 5317 1238 5367 Α.

693 5491 969 5568 (yy)_$ua
997 5491 1254 5548 malitia.
1286 5491 1442 5568 Ac_si
1480 5490 1685 5568 legerit
1713 5495 1768 5546 ὲκ
1817 5500 2161 5568 κακουργίας.
2210 5498 2277 5552 Ut

621 5561 738 5638 8εᾷ
767 5561 947 5638 edidi
964 5568 1292 5638 κακουργίας.
1306 5561 1555 5638 refertur
1578 5564 1656 5620 ad
1687 5569 1878 5618 αἰτίαν.

631 5629 805 5707 "(zz)
824 5629 1092 5706 Afﬁgere
1117 5629 1222 5691 aut
1250 5635 1564 5706 divulgare.
1597 5639 1658 5690 ln
1690 5639 1889 5692 Graeco
1934 5643 2020 5692 est
2041 5644 2275 5695 tantum

621 5710 975 5791 ἐπιφημίζειν,
1004 5707 1164 5791 quod
1192 5713 1280 5791 est
1309 5708 1398 5763 rei
1428 5723 1648 5791 nomen
1671 5709 1838 5791 dare.
1866 5709 2149 5791 ‘Reddas-
2191 5711 2274 5766 Ne

617 5778 756 5852 quid
787 5778 954 5836 aliud
975 5778 1214 5836 crimini
1239 5780 1387 5836 dare
1414 5785 1650 5848 possent
1676 5780 1936 5837 Christo.

2460 5174 2571 5246 (42)
2604 5172 2836 5246 Inclusa
2852 5187 2986 5246 non
3020 5172 3292 5242 agnoscit
3325 5172 3660 5236 Hentenius.

2459 5244 2571 5318 (43)
2601 5244 3136 5320 ’Υπεραπελογήσατο.
3170 5247 3240 5301 Α.

2457 5512 2493 5579 ᾳ
2517 5497 2591 5579 λη
2609 5498 2796 5579 altum
2822 5496 3041 5579 positas.
3070 5495 3408 5579 ἀνακεῖσθαι
3433 5493 3664 5579 dicitur,
3683 5502 4029 5579 quidquid

2385 5567 2624 5644 publice
2645 5569 2824 5644 autin
2851 5566 3092 5638 publico
3124 5566 3253 5644 loco
3285 5565 4030 5644 scriptumaut‘positum

2387 5637 2488 5714 est.
2507 5639 2706 5697 Redde
2740 5658 2754 5694 :
2787 5637 2926 5694 cum
2951 5638 3309 5714 verotitulus
3327 5637 3429 5694 ille
3447 5639 3680 5708 publica
3699 5637 4032 5714 expositus

2390 5711 2722 5771 lucutenter
2750 5725 2937 5784 regem
2967 5725 3098 5769 eum
3133 5710 3485 5768 declararet.
