4188 6438
258 421 358 481 729
1213 419 1580 478 COMMENT.
1624 417 1694 475 ΙΝ
1731 416 1845 474 ΜΑ¹

1962 415 2175 474 lEUM.
2219 449 2285 460 -—
2324 417 2480 474 CAP.
2522 417 2747 476 XXVII.

1469 545 1580 598 Οὐκ
1665 543 1845 596 ἀλλοιῶ

1962 549 2153 599 autem
2182 543 2432 600 omnino
2481 545 2920 618 providentiam
2950 544 3147 601 titulus
3200 556 3382 615 super
3413 541 3609 599 solam

264 547 326 600 Ὀ
396 551 651 621 γέγραφα,
750 549 1003 620 γέγραφα,
1087 551 1376 613 τουτέστιν,

169 634 176 640 ’
265 641 320 688 τὸ
368 641 577 709 γραφέν.
633 640 778 690 Κατὰ
830 639 969 690 θείαν
1025 634 1084 690 δὲ
1135 640 1340 697 πάντως
1385 640 1628 709 πρόνοιαν
1681 636 1706 684 6
1764 637 1848 685 τί-

269 725 370 786 τλος
413 726 621 784 ἐπετέθη
681 731 819 799 μόνῳ
877 735 948 798 τῷ
1005 735 1214 801 σταυρῷ
1279 733 1372 778 τοῦ
1427 731 1684 798 Χριστοῦ.
1737 730 1848 775 Τῶν

268 825 410 891 τριῶν
459 818 562 890 γὰρ
610 815 721 888 ἅμα
767 820 884 868 τότε
927 818 1397 888 καταχωσθέντων,
1450 819 1665 888 χρόνοις
1701 811 1850 864 ὕστα·

267 925 350 981 ρον
378 907 401 958 6
446 907 760 967 Δεσποτικὸς
788 903 1155 974 ἀναζητηθεὶς,
1189 903 1289 957 ἀπὸ
1332 910 1425 956 τοῦ
1454 903 1630 956 τίτλον
1661 901 1849 974 μᾶλ)ον

266 998 429 1066 γέγονε
455 999 734 1070 γνώριμος.

331 1088 449 1136 Τότε
502 1114 570 1123 -
616 1083 909 1156 εὐωνύμων.
963 1087 1063 1137 Καὶ
1107 1089 1260 1136 τοῦτο
1294 1092 1388 1144 τῆς
1429 1091 1527 1134 τῶν
1581 1078 1848 1136 Ἰουδαίων

265 1169 324 1230 ἦν
367 1169 620 1238 σπουδῆς,
673 1174 773 1239 ἵνα,
829 1173 990 1244 μέσον
1037 1182 1137 1226 τῶν
1179 1175 1482 1246 κακούργων
1517 1173 1845 1244 κρεμάμενος,

268 1269 540 1335 κακοῦργος
592 1266 682 1314 καὶ
725 1262 875 1322 αὐτὸς
925 1260 1079 1332 δοκῆ,
1137 1268 1226 1315 καὶ
1272 1262 1354 1314 ἱνα
1401 1263 1431 1319 ἠ
1482 1265 1723 1314 κοινωνία
1759 1268 1850 1318 τῆς

266 1355 502 1422 τιμωρίας
565 1354 804 1402 κοινωνὸν
861 1351 1016 1404 αὐτὸν
1072 1351 1400 1426 ἁνακηρῦττη
1456 1355 1545 1403 καὶ
1605 1357 1700 1411 τῆς
1759 1368 1852 1400 κα-

260 1445 522 1514 κουργίας.
563 1443 662 1492 Διὰ
703 1447 857 1493 τοῦτο
885 1443 987 1514 γὰρ
1034 1446 1124 1494 καὶ
1175 1438 1413 1513 δημοσίᾳ
1450 1447 1630 1492 τοῦτον
1662 1438 1848 1492 ἐσταύ-

256 1549 445 1604 ρωσαν,
496 1531 704 1581 πάντων
757 1531 1007 1604 ὁρώντων·
1066 1536 1196 1602 φησὶ
1247 1533 1347 1604 γὰρ
1404 1532 1430 1582 6
1485 1535 1710 1595 Λουκᾶς,
1769 1530 1850 1580 ὅτι

256 1624 342 1670 καὶ
396 1620 628 1676 εἱστήκει
686 1620 712 1670 6
777 1619 900 1681 λαός
959 1621 1180 1691 θεωρῶνο
1230 1625 1319 1672 καὶ
1374 1624 1536 1694 χερσὶ
1597 1639 1848 1694 στρατιωο

375 1715 394 1726 η
575 1707 587 1724 9
635 1711 644 1722 ι

254 1727 334 1760 τικ
341 1727 417 1768 αις
525 1727 682 1760 αυτον

783 1710 1149 1781 σταυρωθῆναι
1248 1712 1664 1784 παρεσκεύασαν,
1760 1712 1850 1760 καὶ

254 1799 418 1848 πάντα
504 1803 876 1865 πεποιήκασιν,
945 1800 1027 1849 ἵνα
1101 1803 1436 1869 καταχέωσιν
1491 1797 1650 1850 αὐτοῦ
1707 1799 1850 1872 παρὰ

255 1891 378 1937 πᾶσι
421 1889 656 1958 πονηρὰν
705 1885 984 1958 ὑπόληψιν.
1033 1887 1352 1962 Ἐπληροῦτο
1402 1884 1460 1940 δε
1508 1886 1773 1939 κάνταῦθα
1815 1889 1845 1945 ἠ

254 1983 339 2027 τοῦ
392 1975 615 2028 Ἡσαΐου
674 1977 786 2044 (44)
842 1981 1129 2051 προφητεία
1187 1979 1216 2035 ἠ
1263 1976 1508 2048 λέγουσαο
1566 1980 1667 2029 Καὶ
1720 1978 1851 2048 μετὰ

261 2061 450 2135 ἀνόμων
481 2064 726 2135 ἐλογίσθη
737 2107 751 2120 .

330 2157 426 2205 Καὶ
471 2156 521 2205 οἱ
569 2157 660 2225 μὲν
710 2149 808 2205 δύο
854 2152 1048 2226 λησταὶ
1094 2158 1215 2216 τοὺς
1248 2150 1345 2206 δύο
1392 2153 1544 2215 λαοὺς
1586 2157 1849 2227 ᾐνίττοντο

266 2244 348 2291 τόν
405 2261 459 2293 τε
508 2241 743 2311 παλαιὸν,
795 2248 885 2294 καὶ
936 2247 1022 2294 τὸν
1065 2247 1200 2300 νέον.
1260 2245 1464 2296 Τούτων
1515 2247 1616 2315 γὰρ
1684 2245 1709 2295 6
1761 2246 1850 2316 μὲν

269 2327 585 2401 βλασφημῶν
629 2331 779 2382 αὑτὸν
831 2329 1095 2384 ἀπίθανενσ
1131 2333 1157 2384 6
1197 2329 1256 2384 δὲ
1293 2335 1424 2406 πρὸς
1474 2341 1544 2403 τῷ
1573 2332 1703 2384 τελει
1733 2340 1851 2384 τοῦ-

265 2437 350 2469 τον
414 2417 598 2488 ἐπέγνω
647 2424 795 2473 Θεόν.
851 2420 1014 2482 Αὐτὸς
1068 2417 1126 2472 δὲ
1182 2425 1335 2492 μέσος
1401 2421 1696 2494 ἐκρεμάσθη
1750 2429 1850 2473 τῶν

261 2503 356 2558 δύο
397 2511 607 2572 τούτων,
657 2511 726 2570 ὡς
764 2513 922 2581 μέσος
963 2515 1226 2581 γενόμενος
1267 2519 1363 2571 τῆς
1405 2530 1458 2563 τε
1498 2510 1725 2572 Παλαιᾶς
1763 2517 1851 2564 καὶ

255 2603 346 2658 τῆς
376 2601 509 2659 Νέας
540 2599 771 2656 Διαθήκη
784 2619 822 2660 ς.

315 2811 382 2874 οἱ
414 2806 474 2862 δὲ
525 2841 594 2851 -
645 2819 896 2886 σταυροῦ.
950 2814 1016 2865 Οἱ
1064 2818 1542 2887 παραπορευόμενοι
1583 2819 1674 2874 τὴν
1724 2812 1847 2868 ὁδὸν

242 2897 440 2957 ἐκείνην
512 2896 786 2953 Ἰουδαῖοι.
859 2903 1072 2976 Μάρκος
1135 2899 1194 2955 δέ
1265 2923 1420 2975 φησιν
1501 2906 1581 2957 ὄτι
1654 2905 1842 2977 ἔλεγον·

242 2988 358 3040 Οὐὰ
408 2989 434 3040 6
487 2988 758 3041 καταλύων
801 2993 887 3042 τὸν
939 2995 1078 3056 ναὸν,
1121 2997 1209 3044 καὶ
1261 2995 1326 3044 τὰ
1379 2993 1517 3056 ἑξῆς.
1574 2993 1726 3048 Ἐστι
1786 2991 1844 3047 δὲ

239 3081 299 3128 τὸ
370 3078 488 3143 οῦὰ,
568 3078 918 3150 χλευαστικόν
990 3079 1254 3156 ἐπίρρημα
1317 3088 1406 3135 καὶ
1484 3082 1841 3156 ἐμπαικτικόν,

239 3165 450 3237 Ἔλεγον
533 3164 593 3220 δὲ
665 3171 730 3220 τὰ
798 3177 1037 3238 τοιαῦτα,
1109 3167 1482 3243 κωμῳδοῦντες
1556 3173 1710 3226 αὐτὸν
1777 3177 1846 3235 ὡς

237 3253 500 3325 ψεύστην.

310 3343 535 3416 Ὁμοίως
577 3377 645 3386 -—
689 3346 882 3401 σῶσαι.
933 3351 1002 3400 T6
1046 3353 1280 3420 Ὁμοίως,
1324 3346 1417 3402 διὰ
1460 3355 1551 3409 τὴν
1607 3349 1844 3424 βλασφη-

238 3437 367 3504 μίαν
420 3433 640 3509 εἲρηται.
704 3440 800 3488 Καὶ
856 3436 1004 3488 αὐτοὶ
1069 3440 1170 3511 γὰρ
1232 3440 1418 3510 ὁμοίως
1479 3438 1844 3513 ἐϐλασφήμουν

237 3522 419 3586 αὐτὸν,
452 3523 496 3576 εἰ
525 3529 612 3577 καὶ
642 3523 689 3576 ἐν
722 3524 907 3600 ἑτέροις
934 3527 1158 3601 ῥήμασι.
1187 3531 1256 3580 T6
1290 3524 1348 3581 δὲ
1379 3528 1597 3591 ’Ἄλλους
1629 3533 1842 3602 ἔσωσεν,

239 3609 408 3676 εἶπον,
453 3609 816 3674 διαϐάλλοντες
858 3619 950 3676 τὰς
996 3617 1422 3690 θαυματουργίας
1457 3618 1637 3685 αὐτοῦ,
1689 3622 1756 3683 ὡς
1797 3619 1844 3672 ἐν

234 3705 460 3773 γοητείᾳ
483 3707 776 3776 γενομένας.

312 3914 374 3966 Εἰ
425 3945 494 3956 -
541 3913 617 3968 ἐπ’
666 3916 826 3987 αὐτῷ.
874 3923 1039 3970 Τοῦτο
1087 3919 1227 3970 εἷπον
1277 3915 1372 3972 διὰ
1421 3926 1513 3980 τὴν
1553 3920 1842 3997 ἕπεγραφὴν

231 4010 331 4055 τοῦ
375 4003 574 4058 τίτλου.
629 4010 714 4064 Μὴ
767 4001 1072 4068 δυνηθέντες
1120 4009 1219 4082 γὰρ
1274 4009 1437 4068 αὐτὴν
1499 4013 1840 4088 μετατρέψαι,

227 4101 523 4166 πειρῶνται
584 4090 756 4164 ψευδῆ
826 4097 1021 4154 ταύτην
1079 4094 1375 4168 ἁπελέγξαι,
1433 4095 1527 4152 διὰ
1591 4110 1682 4153 τοῦ
1750 4104 1840 4164 ζη-

228 4189 341 4234 τεῖν
400 4179 561 4240 δῆθεν
624 4179 880 4240 ἀδύνατα.
937 4188 1036 4237 Καὶ
1093 4185 1284 4246 κατέϐη
1345 4186 1426 4252 ἂν,
1488 4189 1531 4241 εἰ
1585 4195 1842 4244 πιστεύειν

225 4270 467 4343 ἔμελλον.

308 4363 563 4414 Πέποιθεν
618 4393 687 4402 --
742 4365 884 4424 Υἱός.
937 4370 1002 4416 Ὀ
1075 4373 1284 4438 προεῖπε
1335 4364 1502 4420 Δαυῖδ
1567 4367 1622 4420 ἐκ
1681 4390 1841 4445 προσ-

225 4456 377 4502 ωπου
422 4449 610 4520 αὐτῶν,
656 4458 743 4502 νῦν
788 4451 934 4504 αὐτοὶ
979 4453 1092 4525 (47)
1136 4461 1288 4506 τοῦτο
1329 4454 1589 4526 λέγουσιν,
1635 4460 1840 4530 ἄγοντες

223 4539 306 4599 εἰς
354 4542 517 4612 πέρας
564 4543 656 4598 τὴν
705 4543 953 4599 τοιαύτην
995 4548 1332 4614 προφητείαν.
1381 4550 1676 4619 Γέγραπται
1715 4553 1836 4624 γάρ·

223 4628 491 4681 Ἰἰλπισεν
588 4628 673 4681 ἐπὶ
783 4632 989 4705 Κύριον,
1085 4632 1339 4706 ῥυσάσθω

232 4719 384 4768 σάτω
458 4716 634 4782 αὐτὸν,
711 4719 791 4770 ὅτι
852 4719 980 4772 θέλει
1053 4719 1254 4791 αῦτόν.]
1329 4723 1531 4795 Ἔλεγον
1585 4727 1671 4778 οὖν
1725 4727 1840 4781 ἐπι-

223 4813 623 4879 κερτομοῦντες
671 4809 919 4860 Πέποιθεν
967 4807 1051 4861 ἐπὶ
1097 4813 1182 4882 τὸν
1215 4815 1362 4878 Θεὸν,
1405 4816 1472 4876 ὡς
1508 4817 1620 4877 Υἱὸς
1658 4818 1838 4884 αὐτοῦ,

219 4897 462 4953 σωθήτω
504 4896 624 4969 παρ’
677 4896 859 4951 αὐτοῦ.
913 4904 1076 4952 Τοῦτο
1135 4896 1193 4952 δι
1245 4900 1436 4972 ἔλεγον,
1486 4903 1590 4976 οὐχ
1639 4909 1703 4967 ὡς
1749 4916 1841 4961 τοῦ

215 4992 368 5039 Θεοῦ
411 4989 485 5056 μὴ
543 4980 830 5057 δυναμένου
885 4987 1155 5060 ῥύσασθαι
1206 4989 1382 5042 αὐτόν’
1431 4990 1534 5044 ἀλλ’
1575 4996 1643 5056 ὡς
1683 4995 1841 5051 αὐτοῦ

1441 4635 1615 4695 αὐτὸν,
1715 4640 1841 4709 [σω-

295 5129 350 5164 ⁸²
380 5127 524 5184 Luc.
556 5143 719 5196 mn,
752 5129 841 5186 35.
921 5129 968 5166 ⁵³
1015 5131 1129 5188 lsa.
1163 5149 1279 5204 Lm,
1307 5135 1396 5190 l2.

1474 5137 1522 5172 “
1553 5140 1725 5196 Marc.
1763 5157 1857 5210 xv,
1890 5147 1980 5200 29.

3506 414 3610 472 730

1959 632 2170 689 Christi
2194 650 2427 690 crucem
2471 636 2700 707 positus
2734 641 2842 691 est.
2873 637 3019 691 Cum
3069 635 3228 690 enim
3258 640 3371 689 tres
3403 647 3608 688 cruces

1959 721 2136 779 simul
2167 727 2320 780 terra
2369 730 2510 780 tunc
2540 726 2946 792 obruerentur,
2999 723 3198 780 multis
3242 721 3608 794 temporibus

1958 811 2239 884 requisita
2267 814 2650 885 postmodum
2699 813 2927 870 Domini
2968 829 3131 882 crux,
3165 830 3201 870 a
3231 811 3396 869 titulo
3429 810 3609 883 potis-

1959 901 2178 956 simum
2209 902 2313 958 fuit
2354 904 2608 973 cognita.

2032 1115 2188 1170 Vers.
2245 1115 2332 1170 38.
2374 1117 2534 1172 Tunc
2582 1147 2651 1158 —
2689 1115 2961 1172 sinistris.
3013 1118 3076 1171 Et
3106 1120 3219 1172 hoc
3265 1113 3609 1171 Judmorum

1960 1220 2144 1278 opera
2175 1204 2396 1261 factum
2436 1211 2542 1270 est,
2593 1210 2654 1263 ut
2683 1206 2743 1262 in
2775 1205 2969 1262 medio
3008 1207 3266 1261 duorum
3309 1203 3613 1260 maleﬁco-

1959 1309 2092 1349 rum
2122 1294 2404 1366 pendens,
2439 1300 2492 1350 et
2518 1294 2644 1367 ipse
2703 1295 3012 1351 maleficus
3041 1299 3342 1367 putaretur
3379 1311 3392 1348 :
3429 1296 3612 1365 utque

1959 1382 2166 1455 partici
2176 1383 2335 1454 patio
2348 1384 2618 1456 supplicii
2634 1385 2984 1456 participem
2997 1400 3232 1456 quoque
3251 1399 3387 1438 eum
3403 1381 3612 1454 praedi-

1961 1477 2119 1527 caret
2165 1472 2467 1531 maleficii.
2505 1475 2588 1530 Ob
2635 1474 2750 1529 hoc
2777 1473 3070 1546 siquidem
3102 1489 3240 1528 eum
3272 1471 3499 1527 cunctis
3530 1471 3614 1526 vi-

1959 1561 2242 1616 dentibus
2266 1562 2503 1635 publice
2527 1563 2971 1619 crucifixcrunt.
3006 1563 3149 1618 Dicit
3169 1567 3367 1617 autem
3399 1560 3476 1632 (b)
3502 1561 3614 1616 Lu-

1958 1666 2061 1706 cas
2103 1651 2259 1722 quod
2301 1656 2480 1708 staret
2509 1651 2770 1724 populus
2803 1657 3099 1723 spectans,
3136 1655 3317 1722 utque
3353 1650 3428 1722 (c)
3463 1648 3612 1704 mili-

1959 1743 2084 1795 tum
2113 1740 2395 1796 manibus
2421 1741 2859 1812 cruciﬁgeretur
2892 1741 3174 1797 laborans
3207 1741 3311 1812 (εἰ),
3336 1745 3393 1794 et
3412 1738 3610 1794 modis

1884 1846 1926 1902 Β
1958 1829 2242 1885 omnibus
2271 1829 2494 1885 faciens
2523 1831 2616 1902 (e).
2655 1835 2717 1884 ut
2758 1847 2940 1901 prava
2983 1829 3057 1885 de
3088 1846 3158 1885 eo
3211 1829 3414 1901 opinio
3446 1828 3610 1898 apud

1958 1935 2168 1974 omnes
2199 1918 2628 1976 diffunderetur
2676 1921 2746 1976 ⁵³.
2789 1919 3092 1990 Completa
3118 1934 3360 1992 quoque
3405 1923 3490 1972 est
3515 1916 3611 1972 hic

1960 2007 2126 2063 Isaiae
2155 2008 2455 2080 prophetia
2501 2025 2636 2082 quae
2685 2008 2826 2064 dicit
2857 2009 2969 2064 :Et
3017 2024 3144 2064 cum
3176 2007 3385 2078 iniquis
3436 2006 3610 2078 depu-

1959 2103 2119 2155 tatus
2150 2103 2254 2154 est.
2295 2099 2362 2153 ⁵³.

2033 2190 2159 2243 Duo
2179 2203 2320 2242 vero
2342 2187 2599 2243 latrones
2620 2187 2772 2242 duos
2791 2187 3047 2260 p0pulos
3068 2185 3437 2255 eenigmatice
3463 2183 3611 2254 ﬁgu-

1959 2280 2184 2341 rarunt,
2208 2283 2460 2332 veterem
2481 2276 2704 2332 scilicet
2725 2292 2793 2332 ac
2812 2291 3053 2333 novum.
3073 2279 3292 2330 Horum
3311 2273 3609 2346 siquidem

1959 2365 2054 2421 ille
2085 2365 2471 2438 blasphemiis
2504 2382 2641 2421 eum
2687 2372 2976 2438 appetens
3030 2370 3301 2420 mortuus
3331 2369 3415 2419 est
3451 2385 3462 2427 ;
3514 2363 3609 2418 hic

1958 2459 2159 2510 autem
2193 2454 2378 2510 Deum
2410 2455 2470 2510 in
2519 2456 2637 2510 ﬁne
2671 2455 2910 2510 tandem
2940 2453 3100 2509 hunc
3140 2452 3386 2522 agnovit
3436 2471 3448 2518 ;
3483 2451 3609 2522 ipse

1959 2559 2094 2599 vero
2136 2544 2368 2599 medius
2420 2544 2571 2600 inter
2599 2544 2710 2599 hos
2767 2543 3065 2615 pependit,
3121 2545 3323 2614 utpote
3376 2541 3609 2596 medius

1957 2631 2202 2690 effectus
2232 2633 2560 2689 interVetus
2589 2637 2934 2704 Novumque
2963 2635 3417 2689 Testamentum-

2027 2851 2192 2907 Vers.
2225 2853 2312 2906 39.
2376 2849 2489 2917 Qui
2526 2856 2722 2907 autem
2773 2879 2838 2890 —
2897 2850 3054 2904 Vers.
3100 2847 3186 2903 40.
3245 2862 3437 2904 cruce.
3496 2845 3605 2913 Qui

1881 2935 1921 2990 C
1955 2939 2355 3013 prmteribant,
2393 2945 2531 3011 puta
2561 2939 2660 2996 illa
2707 2939 2802 2994 via
2831 2939 3046 2995 Judaei.
3077 2939 3310 2993 Marcus
3354 2952 3488 2993 vero
3528 2937 3611 2992 ait

1953 3029 2120 3101 quod
2141 3028 2452 3085 dicebant:
2478 3029 2607 3086 Vah
2628 3031 2733 3102 qui
2755 3028 3033 3086 destruis.
3063 3028 3132 3092 ⁸⁸,
3165 3031 3273 3083 etc.
3301 3029 3608 3082 Estautem

1954 3118 2052 3172 6υὰ
2070 3119 2364 3175 irridentis
2390 3134 2461 3175 ac
2487 3118 2909 3174 subsannantis
2933 3115 3289 3174 adverbium
3313 3115 3499 3187 (quod
3529 3115 3609 3171 in-

1955 3209 2084 3266 Vah
2115 3208 2442 3278 vertimus).
2501 3208 2634 3263 Haec
2665 3212 2865 3264 autem
2913 3206 2967 3262 ei
2997 3206 3172 3278 quasi
3201 3205 3477 3261 mendaci
3523 3204 3611 3260 di-

1955 3297 2172 3354 cebant
2204 3295 2616 3369 suggillantes.

2028 3388 2186 3441 Vers.
2217 3388 2304 3440 41.
2339 3385 2622 3442 Similiter
2675 3414 2747 3428 —
2802 3384 2944 3440 Vers
2996 3384 3085 3438 42.
3118 3381 3359 3437 Salvum
3404 3380 3610 3451 facere

1957 3475 2251 3542 Similiter,
2287 3478 2528 3546 propter
2572 3474 3013 3546 blasphemiam
3065 3472 3222 3528 dicit.
3258 3473 3406 3526 Nam
3462 3475 3518 3526 et
3545 3469 3608 3527 hi

1954 3563 2596 3638 quoqueblasphemiis
2620 3579 2755 3619 eum
2778 3561 3164 3634 appetebant,
3193 3559 3298 3616 etsi
3327 3559 3452 3614 aliis
3479 3575 3606 3614 ver-

1951 3655 2066 3712 bis.
2121 3654 2402 3710 Dixerunt
2457 3657 2678 3710 autem:
2709 3653 2871 3709 Alios
2900 3653 3088 3710 salvos
3114 3651 3282 3722 fecit,
3316 3648 3609 3707 miracula

1953 3745 2082 3816 ejus
2107 3743 2560 3814 calumniantes,
2615 3747 2904 3816 tanquam
2957 3740 3272 3814 praestigiis
3301 3738 3458 3796 facta
3487 3739 3610 3796 fue-

1953 3834 2090 3891 rint.

2021 3924 2188 3980 Vers.
2225 3926 2313 3979 42.
2351 3922 2420 3979 Si
2459 3952 2527 3962 —
2556 3923 2619 3978 in
2676 3937 2826 3978 eum.
2886 3923 3006 3978 Hoc
3036 3919 3310 3976 dicebant
3367 3921 3609 3991 propter

1953 4013 2102 4070 tituli
2155 4012 2624 4084 inscriptionem.
2692 4014 2840 4067 Cum
2903 4011 3063 4068 enim
3117 4026 3233 4066 non
3307 4007 3610 4082 potuerint

1953 4119 2089 4159 eam
2129 4103 2488 4167 subvertere,
2521 4100 2736 4156 falsam
2793 4101 3064 4156 nituntur
3114 4099 3277 4155 illam
3332 4113 3606 4168 arguere,

1952 4208 2023 4248 eo
2052 4192 2218 4265 quod
2269 4191 2382 4246 sibi
2435 4189 2852 4262 impossibillia
2906 4188 3246 4262 quaesierit.
3300 4190 3366 4242 Et
3405 4186 3608 4257 utique

1952 4281 2368 4344 descendisset,
2401 4279 2448 4334 si
2470 4278 2582 4350 ipsi
2614 4278 2884 4334 credituri
2914 4277 3176 4334 fuissent.

2025 4372 2182 4425 Vers.
2212 4373 2300 4425 43.
2333 4368 2578 4439 Conﬁdit
2622 4398 2677 4407 —
2700 4368 2884 4437 ﬁlius.
2915 4365 3085 4433 Quod
3120 4363 3387 4436 praedixit
3415 4364 3606 4420 David

1951 4460 2011 4516 in
2043 4474 2301 4532 persona
2348 4473 2557 4513 eorum
2592 4457 2728 4524 hoc,
2759 4454 2868 4527 ipsi
2921 4469 3082 4510 nunc
3129 4453 3352 4517 dicunt,
3399 4451 3606 4523 hujus-

1951 4549 2117 4606 modi
2140 4547 2518 4621 prephetiam
2545 4547 2623 4602 ad
2649 4545 2831 4600 ﬁnem
2863 4543 3254 4616 perducentes
3277 4559 3291 4609 ;
3317 4543 3604 4615 scriptum

1951 4645 2040 4696 est
2067 4639 2225 4695 enim
2260 4656 2273 4693 2
2305 4638 2575 4706 Speravit
2608 4638 2670 4691 in
2701 4633 3025 4696 Dominum,
3058 4633 3276 4702 eripiat
3305 4648 3457 4702 eum,
3491 4633 3605 4690 sal-

1951 4745 2088 4786 vum
2117 4729 2296 4801 faciat
2337 4744 2488 4793 eum,
2541 4725 2820 4799 quoniam
2857 4725 2983 4780 vult
3031 4739 3164 4780 eum
3220 4725 3289 4780 ⁵⁵.
3326 4722 3606 4779 Dicebant

1951 4835 2093 4889 ergo
2116 4818 2372 4875 convitia
2395 4814 3055 4888 jactanteszcontiditin
3087 4815 3292 4880 Deum,
3313 4819 3602 4885 tanquam

1953 4908 2124 4965 Filius
2155 4908 2306 4980 ejus,
2349 4911 2609 4963 servetur
2641 4904 2712 4963 ab
2743 4920 2835 4960 eo.
2870 4904 2992 4960 Hoc
3049 4908 3248 4960 autem
3301 4901 3600 4970 dicebant,

1952 5014 2070 5055 non
2094 4997 2261 5070 quod
2291 5001 2445 5053 Deus
2474 5012 2613 5052 eum
2644 5009 2881 5051 servare
2902 5009 3024 5051 non
3050 4997 3268 5068 posset,
3303 4993 3406 5050 sed
3437 4995 3605 5066 quod

2057 5142 2104 5179 ⁵⁸
2130 5141 2272 5198 Psal-
2308 5157 2427 5207 xxx,
2455 5139 2510 5196 9.

1601 5265 1822 5335 Varias
1869 5266 2222 5337 lectiones.

289 5395 424 5539 με)
454 5393 514 5448 '0
546 5395 716 5452 abest
753 5401 808 5450 B.

318 5471 424 5539 45)
448 5466 508 5520 Ἠ
540 5473 630 5519 τοῦ
649 5467 808 5521 Ἡσαὶ

318 5466 424 5539 45)
448 5466 508 5520 Ἠ
540 5473 630 5519 τοῦ
649 5467 888 5533 Ἠσαίου,
917 5467 1132 5527 absunt
1161 5481 1226 5526 Α.

283 5643 373 5716 (b)
421 5645 604 5729 .Dicit.
638 5644 832 5729 malim
876 5645 1055 5702 etiam
1095 5653 1233 5706 ante
1263 5651 1410 5707 dicit
1441 5656 1498 5709 et
1526 5659 1661 5726 post
1689 5673 1836 5729 spec-

196 5723 354 5789 tans
388 5719 521 5789 duo
542 5724 766 5789 puncta
795 5732 1037 5789 ponere.

283 5787 371 5861 (ο)
397 5787 518 5846 Pro
543 5787 746 5861 atque,
782 5787 991 5847 malim
1023 5796 1078 5848 et
1108 5795 1194 5848 ut.

2043 5409 2132 5466 46)
2163 5416 2327 5463 Τοῦτο
2357 5416 2445 5462 νῦν
2475 5408 2644 5462 αὐτοί.
2687 5414 2748 5464 Δ.

2043 5410 2110 5466 46
2163 5416 2327 5463 Τοῦτο
2357 5416 2445 5462 νῦν
2475 5409 2644 5462 αὐτοί.
2687 5414 2748 5464 Δ.

2017 5409 2132 5554 ξ47ζ
2159 5483 2391 5538 Inclusa
2426 5480 2661 5537 desunt.
2717 5481 2783 5534 A.

2017 5659 2100 5732 (εἰ)
2139 5659 2460 5716 Laborans.
2490 5657 2890 5732 Laborarunt.

2013 5728 2091 5804 (ἐ)
2119 5731 2308 5788 Modis
2334 5730 2607 5788 omnibus
2631 5730 2884 5801 faciens.
2929 5731 3143 5788 Omnia
3171 5728 3458 5787 fecerunt.
