4188 6440
595 403 693 458 731
1913 390 2249 451 ΕΟΤΗΥΜΙ]

2305 388 2634 449 ZlGABENI
3854 396 3959 452 732

594 537 715 585 non
747 530 900 583 esset
929 526 1056 598 ipse
1094 524 1194 583 Dei
1224 525 1428 592 Filius,
1459 529 1525 582 ut
1552 524 1668 597 ipsi
1697 522 2012 596 putabant.
2047 519 2181 588 Sed,
2211 534 2248 575 o

2299 518 2324 572 Α
2358 521 2430 590 μὴ
2481 522 2626 579 ὄντος
2651 577 2658 582 ,
2682 519 2806 572 Υἱοῦ
2854 524 2946 569 τοῦ
2996 523 3150 582 Θεοῦ,
3186 518 3361 577 καθὼς
3403 516 3554 570 αύτοὶ
3593 517 3779 589 ῷοντο.
3827 521 3953 576 Ἀλλ’

594 616 821 674 scelesti
861 631 931 671 ac
962 615 1204 687 pessimi
1233 616 1245 668 t
1270 630 1413 686 ergo
1443 630 1552 670 nec
1583 613 1890 686 propheta:
1920 614 2090 665 erant
2119 623 2248 680 pro-

2359 610 2398 659 ὦ
2444 613 2626 681 μιαροὶ
2682 613 2772 659 καὶ
2817 605 3164 679 παμμίαροιί
3211 605 3388 658 λοιπόν
3428 603 3542 659 οὐδ’
3595 611 3645 660 οἱ
3694 618 3955 683 προφῆται

592 707 801 779 pheta,
830 721 940 761 nec
959 705 1100 776 justi
1131 704 1396 776 profecto
1440 703 1606 776 justi,
1657 719 1727 758 ex
1759 717 1882 774 quo
1931 703 2082 756 Deus
2113 698 2246 753 illos

2359 695 2493 756 ἦσαν
2562 705 2844 772 προφῆται,
2905 693 3027 749 οὐδὲ
3094 697 3146 748 οἱ
3202 691 3404 748 δίκαιοι
3464 699 3664 760 πάντως
3732 697 3951 770 δίκαιοι,

592 812 628 852 a
659 793 932 866 periculis
952 809 1072 849 non
1102 793 1330 864 eripuit.
1366 793 1580 849 Verum
1609 797 1662 848 et
1694 789 2000 863 prophetae
2021 793 2078 843 et
2101 785 2246 857 justi

2357 783 2537 845 ἐπειδὴ
2597 787 2784 848 αύτούς
2829 786 2920 837 ούκ
2972 786 3236 859 ἐξήρπασε
3280 787 3380 837 τῶν
3422 782 3677 839 κινδύνων
3727 791 3753 841 ό
3805 795 3949 852 Θεός.

591 890 772 948 erant,
806 899 916 939 nec
947 884 1149 938 minus
1166 888 1369 938 tamen
1384 881 1663 953 periculis
1698 879 2127 950 subjacuerunt
2157 891 2245 931 se-

2357 876 2511 928 Ἀλλὰ
2547 881 2648 948 μὴν
2678 881 2768 928 καὶ
2813 871 2947 933 ἦσαν
2977 879 3066 927 καὶ
3104 870 3468 929 ἐκινδύνευσαν
3499 880 3637 930 κατὰ
3675 874 3953 954 διαφόρους

592 973 858 1030 cundum
897 973 1124 1028 variam
1181 971 1710 1043 dispensationem.

1015 973 1124 1027 iam
1181 971 1710 1043 dispensationem.
2356 967 2669 1038 οἰκονομίας.

662 1062 826 1117 Vers.
864 1065 956 1118 44.
1014 1061 1085 1115 Id
1117 1062 1309 1130 ipsum
1358 1091 1426 1102 —
1464 1060 1536 1115 ei.
1571 1059 1633 1114 ld
1664 1060 1884 1131 ipsum,
1926 1055 1986 1112 id
2016 1060 2102 1111 est
2153 1070 2248 1111 eo-

2426 1062 2495 1111 Τὸ
2552 1054 2602 1110 δ’
2659 1057 2784 1109 αὐτὸ
2841 1086 2911 1097 -
2966 1055 3151 1112 αὐτῶν.
3219 1061 3288 1111 Τὸ
3349 1054 3399 1112 δ’
3459 1059 3609 1126 αὐτὸ,
3671 1060 3787 1116 ἀντὶ
3842 1072 3951 1129 τοῦ,

591 1151 724 1208 dem
751 1151 953 1206 modo.
980 1153 1108 1205 Non
1137 1151 1297 1205 enim
1327 1148 1567 1204 Iudaeos
1601 1153 1831 1203 tantum
1857 1144 2245 1202 inﬂammavit

2357 1147 2640 1208 Ὡσαύτως.
2697 1147 2772 1200 Ού
2826 1150 2978 1219 μόνον
3030 1148 3132 1220 γὰρ
3182 1151 3301 1210 τοὺς
3347 1146 3639 1214 Ἰουδαίους
3687 1151 3954 1216 ἐξέκαυσεν

593 1240 887 1306 diabolus,
949 1239 1048 1294 sed
1093 1245 1148 1294 et
1177 1242 1479 1295 Romanos
1512 1238 1723 1293 milites
1754 1236 1950 1292 furore
1981 1235 2246 1306 agitavit,

2356 1237 2382 1288 ό
2431 1232 2695 1304 διάϐολος,
2751 1236 2881 1289 ἀλλὰ
2956 1241 3042 1289 καὶ
3108 1240 3230 1300 τοὺς
3289 1237 3576 1310 Ῥωμαίους
3636 1250 3956 1314 στρατιώτας

593 1335 650 1386 et
678 1330 840 1402 ipsos
897 1329 1072 1385 etiam
1133 1328 1410 1393 latrones,
1462 1342 1817 1400 quanquam
1849 1341 1985 1381 cum
2017 1340 2088 1380 eo
2119 1340 2247 1380 cru-

2355 1325 2678 1398 ἇξοίστρησε,
2709 1331 2798 1378 καὶ
2827 1326 3018 1388 αύτούς
3052 1322 3110 1378 δὲ
3136 1331 3252 1387 τοὺς
3279 1326 3340 1400 λη
3352 1330 3502 1398 στὰς,
3524 1335 3617 1382 καὶ
3643 1338 3812 1384 ταῦτα
3839 1340 3955 1384 σῦν-

591 1417 820 1487 ciﬁxos,
840 1417 1124 1473 adversus
1147 1433 1283 1472 eum
1302 1416 1694 1473 exacerbavit.
1717 1414 2026 1471 Matthzeus
2050 1415 2245 1486 itaque

2356 1421 2796 1488 εσταυρωμένους,
2875 1416 3144 1488 ἐξηγρίανε
3230 1415 3341 1468 κατ’
3418 1416 3600 1471 αὐτοῦ.
3687 1424 3955 1484 Ματθαῑος

590 1513 647 1565 et
673 1509 904 1564 Marcus
921 1509 970 1544 “
1001 1511 1320 1579 utrumque
1348 1507 1516 1562 aiunt
1546 1505 1938 1578 exprobrasse
1960 1504 2031 1560 ei.
2056 1504 2244 1560 Lucas

2354 1509 2443 1577 μὲν
2499 1502 2585 1558 οὖν
2647 1511 2735 1558 καὶ
2817 1508 3025 1580 Μάρκος
3096 1510 3212 1565 τούς
3284 1502 3382 1558 δύο
3447 1513 3602 1578 φασὶν
3677 1507 3951 1574 ὀνειδίζειν

591 1613 730 1654 vero
763 1612 948 1652 unum
973 1595 1218 1668 quidem
1242 1597 1510 1652 convitiis
1530 1595 1697 1651 illum
1720 1597 1978 1666 agitasse
2005 1593 2145 1649 dicit
2175 1593 2244 1662 ³⁷,

2355 1595 2528 1647 αὐτόν·
2595 1601 2801 1657 Λουκᾶς
2857 1591 2914 1648 δε
2969 1599 3054 1646 τὸν
3110 1597 3195 1647 ἕνα
3262 1598 3351 1666 μὲν
3411 1593 3736 1670 βλασφημεῖν
3793 1600 3948 1652 αὐτὸν

589 1685 836 1742 alterum
868 1689 1068 1740 autem
1099 1682 1621 1756 blasphemantem
1654 1683 1846 1755 magis
1882 1683 2243 1754 increpasse.

2353 1683 2506 1754 λέγει,
2575 1689 2663 1737 τὸν
2722 1685 2888 1758 ἕτερον
2947 1680 3005 1736 δι
3067 1684 3256 1756 μᾶλλον
3305 1682 3543 1757 ἐπιτιμᾷν
3580 1695 3652 1757 τῷ
3697 1686 3946 1760 βλασφη-

587 1776 846 1831 Primum
878 1773 1172 1847 siquidem
1230 1773 1412 1829 ambo
1467 1777 1847 1845 propriorum
1879 1771 2040 1828 obliti
2079 1771 2241 1827 labo-

2351 1781 2554 1844 μούντι.
2617 1778 2716 1826 Καὶ
2761 1776 2862 1845 γὰρ
2918 1781 3119 1846 πρῶτον
3185 1776 3273 1844 μιν
3324 1776 3370 1825 οἰ
3435 1769 3546 1839 δύο,
3615 1783 3711 1826 τῶν
3785 1773 3934 1828 ἰδίων

588 1880 723 1920 rum
752 1864 849 1937 (Γ),
883 1880 953 1919 ex
984 1862 1329 1918 crudelitate
1358 1861 1807 1934 exprobrabant
1837 1863 1910 1928 ei,
1945 1866 2149 1934 utpote
2189 1866 2242 1918 et

2279 1861 2322 1917 Β
2352 1859 2681 1934 ἐκλαθόμενοι
2739 1867 2923 1928 πόνων,
3000 1860 3050 1924 ἐξ
3126 1863 3386 1933 ὠμότητος
3435 1858 3694 1923 ὠνείδιζον
3750 1863 3927 1930 αὐτὸν,

589 1953 703 2027 ipsi
723 1953 920 2008 Judaei.
945 1953 1110 2008 Forte
1141 1959 1340 2007 autem
1367 1956 1547 2007 etiam
1574 1951 1633 2006 id
1652 1951 1989 2024 in'gratiam
2015 1951 2243 2006 Judaao-

2355 1948 2606 2005 Ἰουδαῖοι
2651 1956 2736 2004 καὶ
2782 1952 2932 2004 αὐτοὶ
2981 1955 3133 2012 ὄντες’
3190 1955 3317 2013 ἴσως
3363 1947 3418 2003 δε
3461 1956 3547 2003 καὶ
3592 1954 3722 2026 πρὸς
3773 1955 3934 2025 χάριν

590 2058 722 2096 rum
754 2041 1072 2105 faciebant,
1121 2046 1183 2096 ut
1221 2046 1461 2113 propter
1496 2040 1610 2096 hoc
1649 2041 1810 2112 ipsos
1853 2041 2240 2112 deponerent.

2351 2050 2448 2093 τῶν
2488 2037 2779 2104 Ἰουδαίων,
2837 2041 2918 2092 ἶνα
2965 2037 3059 2092 διὰ
3110 2047 3261 2092 τοῦτο
3309 2043 3675 2111 κατενόγκωσιν
3716 2040 3937 2102 αύτούς.

589 2130 968 2187 Postmodum
999 2146 1141 2186 vero
1171 2131 1318 2186 alter
1348 2131 1698 2202 paenitentia
1723 2129 1938 2186 ductus
1966 2136 2053 2186 est
2081 2147 2092 2184 :
2121 2139 2241 2185 tum

2349 2128 2594 2204 ’Υστερον
2626 2127 2685 2182 δε
2715 2135 3015 2202 μετενόησεν
3047 2131 3072 2182 ό
3117 2126 3214 2190 εἷς·
3260 2137 3415 2181 τοῦτο
3454 2132 3564 2202 μὲν,
3596 2130 3951 2201 ὑπομνησθεὶς

588 2219 836 2293 quidem
893 2219 1102 2276 Christi
1155 2220 1328 2290 signa
1386 2219 1464 2276 ad
1517 2219 1872 2275 memoriam
1929 2235 2240 2285 revocans,

2351 2228 2452 2272 τῶν
2503 2225 2731 2292 σημείων
2770 2228 2861 2271 τοῦ
2908 2227 3143 2292 Χριστοῦ
3187 2224 3274 2270 καὶ
3314 2227 3412 2280 τῆς
3458 2217 3805 2276 ἀνεπιλήπτου
3859 2237 3953 2270 πο-

590 2313 842 2382 ejusquc
886 2309 1398 2365 conversationem
1457 2309 1820 2382 inculpatam
1868 2324 1880 2364 :
1929 2312 2057 2363 tum
2109 2324 2242 2363 vero

2351 2310 2538 2371 λιτείας
2582 2310 2761 2362 αὐτοῦ’
2813 2317 2965 2361 τοῦτο
3009 2305 3068 2362 δε
3115 2314 3205 2360 καὶ
3251 2307 3482 2371 ἀκούσας
3533 2309 3954 2382 ύπερευχομένου

589 2399 790 2455 audito
821 2400 985 2473 quod
1008 2399 1185 2456 etiam
1213 2417 1320 2471 pro
1346 2400 1439 2455 his
1463 2398 1566 2471 qui
1591 2401 1789 2472 ipsum
1817 2397 2243 2461 cruciﬁgebant

2350 2408 2450 2453 τῶν
2515 2400 2928 2472 σταυρωσάντων
3002 2397 3212 2470 μᾶλλον,
3270 2400 3336 2458 ὡς
3393 2400 3645 2471 ἱστόρησε
3723 2402 3949 2458 Λουκᾶς

588 2488 1037 2560 intercessisset,
1067 2488 1246 2544 veluti
1273 2489 1507 2561 scripsit
1528 2489 1716 2544 Lucas
1745 2490 1791 2523 ⁵⁸
1816 2505 1830 2553 ;
1861 2487 2063 2542 Videns
2095 2503 2238 2560 prte-

2350 2491 2426 2542 ἔτι
2510 2485 2568 2541 δι
2651 2493 2739 2540 καὶ
2814 2484 2938 2539 ἰδών
3003 2491 3087 2539 τόν
3157 2487 3285 2561 ἀέρα
3359 2487 3728 2558 σκοτιζόμενον
3809 2487 3955 2560 παρὰ

589 2583 748 2634 terea
784 2582 840 2632 et
876 2593 1076 2633 aerem
1115 2583 1327 2650 praeter
1366 2583 1640 2632 naturam
1692 2575 2096 2632 obscuratum.
2351 2581 2522 2651 φύσιν.

661 2683 826 2738 Vers.
859 2684 946 2738 45.
980 2686 1027 2739 Α
1061 2715 1120 2724 -
1154 2700 1393 2740 nonam.
1427 2685 1563 2739 Post
1592 2683 1934 2756 petulantiae
1961 2700 2026 2738 ac
2052 2702 2242 2740 scom-

2422 2667 2550 2721 Ἀπὸ
2615 2699 2680 2707 -
2734 2666 2958 2727 ἑννοίτης.
3021 2668 3160 2721 Μετὰ
3209 2670 3293 2718 τόν
3342 2671 3494 2738 κόρον
3546 2674 3640 2728 τῆς
3679 2670 3953 2739 παροινίας

590 2778 820 2828 matum
874 2773 1202 2828 satietatem
1257 2773 1318 2829 id
1371 2751 1612 2828 factum-
1644 2778 1750 2836 est,
1785 2778 1848 2828 ut
1899 2775 2243 2846 quiescente

2350 2761 2439 2808 καὶ
2485 2766 2584 2809 τῶν
2621 2759 2947 2828 σκωμμάτων
3001 2763 3152 2807 τοῦτο
3195 2760 3418 2827 γέγονεν,
3463 2757 3545 2806 ἱνα
3585 2751 3691 2814 ἠδη
3731 2757 3953 2808 παυθέν-

585 2861 712 2933 jam
757 2861 972 2928 furore,
1017 2862 1245 2934 aliquid
1289 2879 1324 2919 a
1365 2863 1651 2918 miraculo
1698 2840 1973 2918 lucriﬁe-ri
2021 2872 2239 2936 posset.

2350 2867 2435 2908 τος
2482 2853 2572 2898 τοῦ
2615 2848 2780 2918 θυμοῦ
2821 2843 3069 2919 κερδᾶναί
3116 2865 3165 2896 τι
3201 2840 3500 2903 δυνηθῶσιν
3550 2843 3650 2896 ἀπὸ
3689 2852 3781 2897 τού
3830 2846 3953 2896 θαύ-

589 2932 1012 3006 Ᾱιιωὶιοιώὶιὶιιε
1061 2932 1223 3008 enim
1269 2956 1394 3008 erat
1430 2952 1559 3007 haec
1598 2952 1791 3008 facere
1849 2967 1985 3008 eum
2021 2932 2137 3024 qui
2179 2952 2240 3008 in

2351 2955 2534 3010 ματος.
2593 2943 2694 2988 Τοῦ
2752 2934 3039 2993 καταϐῆναι
3098 2937 3195 3008 γὰρ
3259 2932 3360 2987 ἀπὸ
3401 2942 3492 2986 τού
3540 2942 3770 3008 σταυροῦ
3823 2937 3954 2988 θαυ-

589 3055 763 3095 cruce
796 3039 1113 3111 pendebat,
1145 3057 1330 3114 quam
1380 3057 1413 3096 a
1438 3057 1612 3097 cruce
1652 3021 2238 3108 descendere—Quod

2351 3030 2670 3098 μαστότιρον
2738 3021 2798 3083 ἦν
2862 3029 2918 3076 τὸ
2984 3031 3200 3076 τοιαῦτα
3255 3031 3416 3075 ποιεῖν
3486 3025 3805 3098 κρεμάμενον
3870 3023 3956 3077 ἐπὶ

591 3128 640 3184 si
683 3129 812 3184 haec
837 3144 976 3186 eum
1015 3111 1208 3186 facere
1256 3147 1375 3187 non
1423 3131 1906 3202 suspicabantur,
1950 3132 2046 3187 sed
2078 3130 2242 3204 quod

2351 3125 2442 3168 τοῦ
2489 3122 2736 3188 σταυροῦ.
2791 3115 2849 3166 Εἰ
2897 3111 2955 3166 δὲ
3007 3118 3077 3186 μή
3120 3113 3274 3166 αύτὸν
3310 3120 3478 3165 ταῦτα
3523 3121 3686 3166 ποιεῖν
3724 3113 3954 3186 ύπελοὲμι

588 3218 710 3274 Deo
739 3218 866 3274 haec
897 3226 1179 3292 operante
1209 3201 1607 3293 provenirent,
1651 3221 1855 3277 timere
1895 3237 2034 3277 sane
2071 3201 2242 3293 opor-

2303 3216 2314 3270 1
2353 3204 2522 3271 ϐανον,
2572 3203 2698 3256 ἀλλὰ
2735 3209 2844 3267 καὶ,
2888 3206 2954 3265 ὡς
2999 3211 3088 3256 τοῦ
3135 3209 3267 3256 Θεοῦ
3311 3210 3478 3254 ταῦτα
3505 3209 3794 3268 ποιοῦντος,
3847 3201 3957 3258 ἔδει

589 3310 762 3376 tebat,
810 3314 866 3365 et
910 3288 1234 3379 intelligere
1281 3311 1445 3383 quod
1489 3315 1732 3384 propter
1759 3311 1921 3367 hunc
1969 3310 2047 3368 ad
2089 3288 2242 3368 iram

2355 3294 2644 3367 φοϐηθῆναι
2687 3298 2776 3346 καὶ
2817 3289 3046 3345 συνιδεῖν
3097 3295 3176 3344 ὃτι
3207 3288 3280 3344 δι’
3317 3292 3472 3343 αὐτόν
3517 3292 3808 3366 ὀργίζεται.
3857 3300 3959 3347 Καὶ

589 3403 928 3454 commotus
979 3406 1152 3455 esset.
1201 3402 1400 3473 Neque
1444 3402 1605 3457 enim
1648 3401 1846 3458 dicere
1897 3407 2240 3474 potuerunt,

2351 3389 2452 3458 γὰρ
2512 3383 2605 3436 ούκ
2664 3380 2922 3442 ἠδύναντο
2978 3381 3137 3454 λέγειν
3196 3384 3274 3434 ὅτι
3331 3384 3465 3433 κατὰ
3519 3385 3673 3454 φύσιν
3728 3381 3960 3455 ἔκλειψις

587 3489 752 3562 quod
807 3489 946 3545 solis
1003 3489 1234 3562 eclipsis
1291 3492 1624 3548 secundum
1686 3498 1965 3548 naturam
2020 3498 2173 3547 esset
2226 3508 2240 3558 ;

2354 3474 2502 3532 ἡλίου
2559 3471 2638 3532 ἦν.
2675 3473 2815 3530 Αὕτη
2871 3475 2959 3545 μεν
2999 3475 3097 3544 γὰρ
3145 3475 3231 3525 καὶ
3279 3469 3326 3522 ἐν
3359 3477 3457 3544 μιᾷ
3483 3473 3617 3546 ῥοπῇ
3655 3480 3844 3546 καιροῦ
3874 3478 3959 3544 γί-

587 3594 727 3634 nam
761 3579 891 3650 ipsa
926 3585 982 3635 et
1011 3580 1070 3634 in
1114 3595 1234 3634 uno
1264 3581 1550 3652 temporis
1591 3580 1800 3636 accidit
1828 3586 2154 3649 momento,
2188 3585 2241 3638 et

2353 3583 2509 3629 νεται,
2550 3569 2639 3614 καὶ
2683 3562 2730 3614 ἐν
2783 3563 2856 3614 ἐνί
2907 3566 3049 3634 μέρει
3089 3569 3184 3623 τῆς
3233 3569 3352 3632 γῆς,
3395 3566 3483 3612 καὶ
3515 3561 3607 3613 ούκ
3647 3560 3695 3613 ἐν
3729 3571 3789 3634 τῇ
3838 3582 3958 3615 τεσ·

590 3667 669 3723 ab
683 3647 805 3723 una
819 3673 982 3738 parte
1001 3647 1462 3731 terrm,etnonin
1475 3670 1707 3725 decimo
1721 3677 1934 3742 quarto
1953 3670 2045 3725 die
2063 3647 2242 3737 lunae;

2355 3648 2805 3726 σαρεσκαιδεκάτη
2862 3661 2951 3711 τῆς
3016 3650 3252 3711 σελήνης.
3314 3652 3481 3706 Τοῦτο
3531 3647 3588 3703 δὲ
3641 3655 3694 3702 τὸ
3763 3657 3957 3714 σκότος

586 3755 682 3811 hae
712 3771 853 3811 vero
903 3755 1161 3810 tenebrae
1193 3761 1248 3810 et
1274 3755 1351 3811 ad
1392 3762 1508 3812 tres
1535 3759 1718 3814 horas
1768 3763 2240 3830 perseverarunt,

2353 3748 2442 3794 καὶ
2489 3741 2570 3794 ἐπὶ
2618 3749 2755 3814 τρεῖς
2806 3743 2936 3815 ὧρας
2987 3736 3252 3812 διήρκεσε,
3295 3744 3385 3791 καὶ
3439 3739 3520 3792 ἐπὶ
3559 3746 3723 3791 πᾶσαν
3765 3745 3952 3809 γέγονε

588 3849 646 3900 et
673 3859 853 3915 super
891 3844 1228 3898 universam
1259 3849 1474 3901 terram
1507 3863 1520 3901 :
1551 3855 1606 3902 et
1634 3825 1869 3903 decimo
1899 3854 2108 3919 quarto
2148 3847 2242 3905 die

2352 3838 2444 3891 τήν
2487 3839 2605 3902 γῆν,
2658 3835 2746 3882 καὶ
2787 3829 2834 3881 ἕν
2883 3837 2943 3902 τῇ
2987 3825 3531 3902 τεσσαρεσκαίδεκάτη
3571 3836 3659 3889 τῆς
3700 3827 3939 3892 σελήνης,

587 3931 748 3988 lunae
786 3931 1031 4003 quando
1063 3932 1429 4004 impossibile
1472 3941 1562 3990 est
1593 3916 1933 3992 secundum
1967 3943 2241 3994 naturam

2355 3925 2458 3991 ὅτε,
2514 3919 2829 3978 πανσελήνου
2887 3918 3070 3982 ούσης,
3127 3917 3401 3990 ἀμήχανον
3459 3916 3754 3991 συμϐαίνειν
3811 3920 3953 3969 κατὰ

591 4019 930 4092 contingere
959 4021 1098 4076 solis
1147 4021 1440 4094 eclipsim.

1306 4021 1440 4078 sim.
2354 4016 2510 4085 φύσιν
2540 4011 2763 4081 ἔκλειψιν
2788 4009 2955 4068 ἡλίου,

663 4110 817 4164 Vers.
848 4110 934 4165 46.
971 4110 1222 4166 Οἰνείίεν
1251 4141 1310 4152 -
1351 4111 1714 4184 dm'eliquisti
1737 4113 1765 4169 Ἰ
1793 4113 2132 4172 Davidicum
2159 4120 2248 4172 est

2430 4107 2552 4173 Περὶ
2611 4132 2674 4141 -
2730 4098 3093 4171 ἑγκατίλιπες;
3156 4101 3426 4150 Δανῖτικὸν
3493 4101 3584 4169 μὶν
3650 4102 3708 4150 τὸ
3773 4099 3959 4174 ῥητόν·

589 4198 860 4254 verbum.
898 4199 1177 4256 Hebraice
1209 4206 1410 4257 autem
1436 4202 1638 4274 ipsum
1682 4203 1980 4269 clamavit,
2015 4211 2076 4260 ut
2107 4206 2243 4262 solis

2354 4190 2617 4265 Ἐϐραῐστὶ
2667 4186 2726 4241 δι
2771 4196 2925 4240 τοῦτο
2972 4186 3264 4251 ἀνεϐόησεν,
3337 4187 3418 4238 ἵνα
3465 4192 3640 4259 μόνοις
3691 4187 3967 4260 Ἑϐραίοις

587 4289 849 4344 Hebraeis
887 4295 1097 4345 notum
1126 4290 1307 4356 ﬁeret,
1336 4291 1437 4364 qui
1460 4272 1572 4347 soli
1620 4292 1902 4350 Davidica
1932 4300 2241 4350 noverant.

2354 4281 2639 4352 γνωρισθῇ,
2700 4283 2871 4350 μόνοις
2919 4272 3091 4328 εἰδόσι
3148 4279 3214 4327 τὰ
3272 4277 3540 4328 Δαυίτικοξ.
3602 4279 3817 4348 Μάρκος
3876 4274 3963 4342 δε,

587 4381 814 4436 Marcus
847 4395 986 4435 vero
1018 4379 1173 4445 Ειοὶ,
1210 4361 1625 4455 Eloivscripsit.
1658 4383 2022 4452 Signiﬁcavit
2046 4391 2241 4442 autem

2353 4371 2520 4435 Ἑλωῖ,
2559 4367 2704 4420 Ἐλωί
2745 4366 2958 4440 ἔγραψε.
3013 4364 3165 4423 Δηλοῖ
3196 4361 3254 4418 δὲ
3295 4368 3352 4417 τὸ
3396 4368 3485 4437 μὲν
3518 4364 3651 4431 Ἠλὶ,
3695 4370 3795 4419 Θεέ
3832 4387 3966 4438 μου,

587 4468 695 4533 Eli,
729 4470 887 4526 Deus
910 4469 993 4526 mi
1023 4486 1040 4524 :
1074 4470 1191 4525 Eloi
1240 4485 1397 4536 vero,
1444 4472 1598 4527 Deus
1627 4487 1805 4528 meus.

1447 4472 1598 4527 Deus
1627 4487 1805 4528 meus.
2356 4462 2413 4511 τὸ
2444 4455 2502 4510 δι
2532 4457 2701 4522 Ἐλωί,
2732 4456 2790 4508 Ὀ
2822 4458 2953 4516 Θεὸς
2981 4473 3101 4526 μου.

659 4558 971 4614 Clavorum
1004 4576 1145 4631 ergo
1183 4560 1490 4616 doloribus
1545 4561 1885 4632 depressus,
1937 4564 2018 4620 ait
2052 4581 2062 4618 :
2093 4567 2246 4622 Deus
2281 4563 2313 4616 Ι]

2319 4579 2322 4604 ,
2424 4548 2512 4609 ⁸ος
2555 4547 2670 4617 (48)
2710 4546 2980 4617 ἄνθρωπος
3022 4539 3102 4611 δι,
3142 4551 3258 4605 ταῖς
3301 4541 3400 4595 ἀπὸ
3430 4551 3528 4595 τῶν
3569 4543 3704 4603 ἥλων
3745 4541 3973 4608 ὀδύναις

590 4662 770 4715 meus,
805 4649 956 4702 Deus
987 4663 1168 4717 meus,
1192 4657 1250 4703 ut
1277 4649 1425 4720 quid
1457 4651 1829 4722 dereliquiin
1867 4667 1956 4708 me
1975 4651 2004 4707 Τ
2025 4653 2136 4708 hoc
2158 4659 2244 4711 est

2355 4638 2680 4697 καταταθιὶς,
2737 4638 2885 4706 φησί·
2947 4637 3043 4685 Θεέ
3095 4651 3217 4704 μου,
3268 4636 3364 4684 Θεέ
3410 4652 3533 4705 μου,
3583 4635 3721 4685 ἱνατί
3758 4654 3823 4707 με
3875 4637 3972 4706 ἐγ-

591 4739 828 4806 prOpter
858 4735 1002 4806 quid
1035 4751 1130 4790 me
1179 4719 1454 4792 dimisisti
1510 4743 1570 4793 ut
1603 4719 1954 4796 sustinerem
1987 4742 2242 4798 dolores.

2355 4727 2659 4789 κατέλιπεςς
2725 4724 2906 4794 ἤγουν,
2963 4719 3108 4773 διατί
3161 4741 3224 4793 με
3293 4721 3480 4794 ἀφῆκες
3536 4724 3702 4784 οὕτως
3768 4720 3977 4777 ὀδυνᾶ-

594 4825 714 4879 Hoc
735 4829 934 4880 autem
955 4825 1120 4890 dixit,
1145 4827 1513 4883 conﬁrmans
1535 4828 1714 4901 quod,
1740 4829 1892 4887 sicut
1919 4831 1979 4886 in
2003 4833 2245 4889 veritate

2358 4819 2508 4870 σθαι.
2569 4821 2733 4866 Τοῦτο
2783 4808 2842 4864 δε
2885 4807 2992 4863 εἶπα
3041 4809 3266 4882 βεϐαιῶν
3306 4812 3405 4876 ὅτι,
3455 4813 3628 4885 ὥσπερ
3671 4815 3787 4864 κατ’
3834 4813 3978 4874 ἁλή-

590 4912 923 4969 humanam
947 4917 1274 4986 assumpsit
1293 4899 1588 4984 naturam,
1612 4919 1693 4974 ita
1709 4935 1948 4992 quoque
1964 4937 2101 4977 vere
2120 4938 2244 4978 cru-

2358 4908 2496 4960 θιιαν
2540 4905 2952 4976 ίνηνθρώπησεν,
3001 4900 3132 4952 οὕτω
3174 4905 3262 4952 καὶ
3309 4901 3421 4953 κατ’
3469 4899 3713 4960 ἀλήθειαν
3772 4901 3980 4958 ἔσταν-

593 5001 800 5058 ciﬁxus
824 5007 930 5070 est,
962 5007 1019 5060 et
1047 5019 1168 5060 non
1193 5004 1568 5078 phantastice
1593 4990 1771 5080 prout
1800 4990 1958 5068 multi
1988 5012 2247 5070 haeretici

2356 4997 2518 5069 ρὼθη,
2571 5000 2661 5046 και
2708 4992 2766 5044 ού
2805 4993 2942 5043 κατὰ
2992 4995 3304 5063 φαντασίαν,
3333 4993 3405 5051 ὡς
3445 4990 3624 5044 πολλοὶ
3673 5001 3774 5045 τῶν
3819 4994 3979 5071 αἰρεο

591 5091 936 5149 delirarunt.
978 5096 1176 5165 Neque
1197 5076 1372 5151 enim
1398 5095 1514 5152 nisi
1544 5076 1754 5154 dolens
1789 5100 1870 5157 ita
1908 5100 2245 5160 clamasset.

2356 5094 2511 5138 τικών
2560 5081 2843 5156 ἐλήρησαν.
2902 5077 2978 5132 Ού
3029 5081 3129 5154 γὰρ
3181 5080 3242 5132 ἄν
3296 5076 3613 5154 ὀδυνώμενος
3661 5082 3824 5144 οὕτως
3883 5083 3977 5137 ἰω-

2214 5171 2222 5181 ’
2359 5173 2587 5233 εϐόησεν.

665 5261 915 5334 "_Marc.
946 5279 1043 5332 xv,
1075 5267 1163 5321 32.
1241 5265 1290 5301 ⁸⁷
1320 5264 1460 5322 Luc.
1489 5265 1652 5338 xxxii,
1684 5268 1772 5333 39,
1804 5271 1896 5326 40.
1971 5271 2020 5307 ⁵⁸
2049 5272 2198 5332 ibid.
2231 5277 2322 5332 34.

1962 5421 2186 5494 Variae
2223 5424 2575 5494 lectiones.

665 5587 781 5658 (48)
807 5585 893 5645 Ὠς
935 5586 1204 5661 ἄνθρωπός
1228 5583 1308 5656 δέ,
1353 5602 1476 5644 non
1503 5587 1685 5646 habet
1715 5589 2059 5652 Hentenius.

665 5793 741 5868 (f)
786 5793 1103 5852 Laborum.
1135 5792 1327 5852 Malim
1369 5793 1638 5852 dolorum
1669 5800 1773 5854 aut
1819 5797 2135 5855 cruciatus.
