4188 6442
304 429 422 486 733

1215 429 1590 488 COMMENT.
1638 424 1712 484 ῙΝ
1751 415 2201 483 ΜΑΤΊἪᾹΞΗΜ-
2241 455 2312 467 -—
2349 423 2508 482 CAP.
2551 425 2778 483 XXVII.

3571 412 3680 480 ’134

383 555 544 610 Ἐστι
597 553 656 610 δέ
705 560 796 610 καὶ
845 558 1020 630 ἐτὲρως
1068 557 1228 611 ιίπεῖν
1274 559 1376 626 ὅτι,
1420 553 1528 617 ἤδη
1575 554 1910 613 ἀποθνήσκων

2096 552 2289 608 Potest
2317 558 2515 608 autem
2547 556 2602 608 et
2635 552 2801 608 aliter
2824 551 2964 622 dici,
3007 550 3170 624 quod
3198 549 3328 622 jam
3353 563 3460 621 pro
3487 547 3680 606 homi-

309 646 443 719 t'm‘ep
527 653 626 698 τῶν
699 644 998 720 όινθρωπων,
1079 653 1340 721 προσώπῳ
1401 653 1494 698 τοῦ
1571 649 1751 716 γένους
1818 654 1916 697 τῶν

313 733 601 807 ἀνθρώπων
677 734 926 794 ἀνεϐόησε
1000 740 1094 794 τήν
1154 732 1475 794 δηλωθεῐσαν
1532 740 1722 807 φωνην,
1782 739 1917 792 Φησὶ

312 826 418 896 γὰρ
490 824 516 874 6
583 827 832 896 Θεολόγος
913 829 1192 900 Γρηγόριος
1261 825 1341 876 ότι
1421 823 1468 876 ἓν
1539 824 1706 894 ἑαυτῷ
1761 830 1919 876 τυποῖ

311 915 375 964 τό
441 915 704 986 ἡμέτερον.
761 911 934 986 Ἡμεῖς
987 917 1088 988 γὰρ
1135 913 1261 986 ἦμεν
1310 915 1359 966 οἱ
1407 911 1916 985 ἕγκαταλελιιμμὶνοι

309 1006 405 1054 καὶ
458 1005 847 1076 παριωραμὲνοι
905 1007 1176 1078 πρότερον,
1220 999 1330 1056 εἶτα
1379 1010 1468 1055 νῦν
1531 1001 1914 1078 προσειλημμέ-

308 1109 391 1143 νοι
416 1096 507 1142 καὶ
530 1096 850 1163 σεσωσμένοι
879 1099 986 1153 τοῖς
1015 1092 1174 1145 αὐτοῦ
1204 1095 1414 1146 πάθεσι.

381 1183 524 1240 Τινὲς
555 1209 621 1220 --
651 1179 816 1241 οὗτος.
852 1187 1169 1256 Στρατιῶται
1198 1186 1286 1234 καὶ
1317 1181 1458 1234 οὗτοι
1485 1183 1516 1240 ἧ
1527 1201 1622 1234 σαν
1645 1181 1910 1248 Ῥωμαῖοι,

313 1273 406 1328 τήν
432 1265 690 1341 Ἕϐραῖδα
720 1275 890 1342 φωνὴν
916 1269 1234 1342 ἀγνοοῦντες.

383 1359 489 1413 Καὶ
563 1358 750 1420 εὐθέως
814 1390 883 1400 —
949 1359 1182 1422 ἐπότιζεν
1241 1361 1412 1416 αὐτόν.
1482 1362 1694 1423 Παίζων
1759 1369 1911 1415 τοῦτο

308 1452 564 1506 πεποίηκε
616 1448 730 1518 (49)
769 1455 1083 1524 παρηγορῶν
1131 1447 1309 1516 δῆθεν,
1359 1453 1532 1514 καθὼς
1587 1456 1677 1504 καὶ
1732 1454 1758 1504 6
1812 1455 1912 1527 πρὸ

304 1536 492 1608 αὐτοῦ,
536 1537 566 1596 ἣ
615 1543 707 1590 καὶ
754 1539 838 1591 ἶνα
888 1541 920 1598 ἡ
981 1537 1244 1614 δριμύτης
1283 1549 1370 1594 τοῦ
1419 1541 1569 1606 ὄξους
1631 1544 1909 1616 προσθήκη

299 1629 524 1698 ⁶γένηται
553 1633 648 1689 τῆς
677 1624 888 1691 ὀδύνης.

375 1717 448 1768 Oi
478 1746 547 1757 —
577 1716 760 1775 αὐτόν.
801 1721 1008 1789 Μάρκος
1066 1715 1126 1772 δέ
1177 1739 1335 1792 φησιν
1375 1721 1453 1773 ὅτι
1501 1721 1656 1783 αὐτὸς
1686 1721 1849 1793 ἔλεγεν
1889 1737 1901 1750 ’

299 1803 516 1877 ’Δφετε,
561 1801 778 1878 ἴδωμεν,
834 1807 878 1860 εἰ
933 1809 1144 1881 ἔρχεται
1205 1808 1379 1870 Ἠλίας
1437 1809 1664 1864 καθελεῖν
1733 1810 1907 1866 αὐτόν.

301 1895 460 1960 Εἰκὸς
490 1891 553 1950 δὲ
572 1902 726 1948 τοῦτο
755 1895 917 1970 λέγειν
941 1896 1211 1961 κάκείνους
1233 1903 1324 1951 καὶ
1353 1906 1552 1952 τοῦτον.

374 2110 437 2163 Ὀ
485 2108 546 2164 δὲ
597 2111 808 2174 Ἰησοῦς
859 2143 925 2154 —-
970 2121 1196 2186 πνεῦμα.
1270 2120 1364 2176 Τίς
1434 2111 1493 2168 δι
1546 2117 1608 2175 ἦν
1661 2119 1690 2175 ἠ
1743 2122 1904 2189 φωνὴ,

315 2195 572 2256 ἐδήλωσεν
602 2202 628 2252 6
677 2207 901 2266 Λουκας,
949 2203 1029 2255 ότι
1082 2205 1271 2275 Πάτερ,
1330 2204 1402 2264 εἰς
1455 2207 1639 2277 χεῖράς
1685 2225 1778 2258 σου
1813 2225 1907 2258 πα·

316 2290 616 2360 ραθήσομαι
659 2294 714 2342 τό
762 2294 964 2364 πνεῦμά
1005 2312 1126 2364 μου.
1186 2291 1403 2366 Ἐκραξε
1453 2290 1511 2346 δε
1560 2302 1695 2368 φωνῇ
1751 2297 1908 2368 μεγά-

317 2375 411 2450 λη,
473 2378 554 2429 ἵνα
605 2382 778 2442 πάντες
831 2379 1119 2449 ἀκούσωσι,
1176 2387 1264 2434 καὶ
1315 2384 1500 2445 πάντες
1551 2380 1763 2436 εἰδῶσιν
1829 2386 1908 2437 ὄτι

314 2471 485 2540 μέχρι
540 2475 629 2530 τῆς
679 2468 968 2531 τελευταίας
1025 2473 1163 2545 ὧρας
1225 2476 1423 2546 πατέρα
1474 2476 1559 2525 τὸν
1616 2477 1744 2526 Θεὸν
1803 2474 1908 2527 ὀνο-

307 2557 489 2629 μάζει,
534 2563 622 2610 καὶ
673 2558 814 2630 αὐτῷ
861 2563 918 2612 τὸ
978 2566 1080 2612 πᾶν
1133 2558 1432 2627 ἀνατίθησι,
1490 2565 1578 2615 καὶ
1628 2562 1721 2615 οὐκ
1768 2565 1908 2616 ἔστιν

303 2644 507 2699 ἁντίθεο
518 2667 538 2708 ς
593 2668 604 2680 -

303 2741 449 2801 σίαν,
522 2737 605 2790 ὅτε
690 2737 959 2807 ἡθελησιν,
1033 2737 1368 2798 ἀποθνήσκει.
1421 2739 1546 2795 Ὀτε
1608 2744 1709 2815 γὰρ
1773 2741 1906 2796 εἶπεν

300 2826 385 2877 ὅτι
417 2827 610 2898 Πάτερ,
666 2827 739 2887 εἰς
787 2830 972 2901 χιίράς
1014 2847 1108 2882 σου
1163 2832 1542 2904 παραθήσομαι
1595 2834 1654 2884 τὸ
1708 2834 1907 2905 πνεῦμά

295 2935 425 2988 μον,
485 2920 603 2970 τότε
641 2915 832 2970 ’λοιπόν
881 2926 953 2989 τῷ
1021 2919 1222 2991 θανάτῳ
1277 2927 1626 2996 παρεχώρησε
1685 2925 1901 2997 προσέρ-

295 3005 502 3076 χεσθαι
534 3005 696 3076 αὐτῷ.

373 3093 487 3146 Οὐκ
536 3093 644 3148 εἷπε
697 3091 756 3148 δι
807 3097 888 3149 ότι
935 3099 1290 3171 Παρατίθημι,
1361 3098 1466 3152 ἀλλ’
1525 3102 1606 3153 ὅτι
1655 3102 1902 3175 Παραθή-

300 3200 488 3260 σομαι,
546 3181 718 3242 δηλῶν
766 3186 846 3238 ὅτι
911 3188 1043 3258 μετὰ
1104 3190 1289 3263 μικρὸν
1340 3186 1623 3244 ἕκπνεύσιι.
1673 3193 1744 3243 Τό
1799 3193 1900 3264 γὰρ
1933 3207 1972 3264 C

295 3279 430 3350 μετὰ
495 3278 590 3332 την
645 3274 914 3349 εἰρημένην
971 3281 1198 3348 κραυγὰν
1266 3281 1584 3350 προσέθηκεν
1651 3281 1676 3332 6
1737 3281 1902 3334 ἰωάνο

296 3387 409 3431 νης,
444 3367 514 3426 ὡς
560 3369 650 3416 καὶ
688 3363 823 3416 αὐτὰ
863 3365 1301 3438 παραλελειμμένα
1341 3375 1446 3428 τοῖς
1492 3368 1680 3435 ἄλλοις,
1721 3369 1900 3440 λέγων·

661 2650 734 2700 ἔτι
788 2645 845 2702 δὲ
891 2653 982 2701 καὶ
1040 2652 1123 2702 ἵνα
1185 2653 1424 2724 μάθωσιν
1478 2653 1555 2704 ὃτι
1609 2653 1723 2704 κατ’
1763 2651 1910 2715 ἕξου-

301 3458 649 3514 Εἱστηκεισαν
721 3450 780 3506 δι
854 3457 998 3528 παρὰ
1057 3463 1128 3526 τῷ
1203 3465 1412 3530 σταυρῷ
1477 3466 1567 3510 τοῦ
1637 3459 1812 3517 Ἰησοῦ
1868 3461 1897 3518 ἠ

301 3551 496 3618 Μήτηρ
538 3544 720 3611 αὐτοῦ,
750 3548 840 3596 καὶ
869 3547 934 3596 τὰ
977 3544 1114 3608 ἑξῆς.
1168 3548 1334 3599 Εἰπὼν
1393 3544 1472 3610 δὲ,
1517 3556 1626 3610 πὼς
1654 3551 1902 3623 παρέθετο

299 3640 397 3692 τήν
457 3635 796 3705 ἠγαπημένην
843 3638 1056 3706 Μητέρα
1121 3634 1210 3687 καὶ
1268 3638 1515 3711 παρθένον
1573 3647 1643 3708 τῷ
1699 3640 1904 3710 ἠγαπη-

297 3726 437 3793 μένῳ
487 3723 696 3794 μαθητῇ
748 3727 837 3776 καὶ
892 3725 1146 3798 παρθένῳ,
1196 3729 1286 3776 καὶ
1337 3734 1447 3788 πῶς
1499 3723 1735 3798 διψήσας
1795 3731 1902 3780 ἔπιε

300 3815 361 3864 τό
402 3809 541 3879 ὄξος,
571 3810 856 3863 τελευταῖόν
896 3831 1053 3884 φησιν
1086 3833 1099 3845 ·
1150 3812 1273 3867 Ὀτε
1323 3811 1410 3866 οὖν
1439 3815 1585 3868 ἔλαϐε
1631 3821 1688 3870 τό
1732 3817 1846 3881 ὅξος
1877 3820 1902 3870 6

301 3899 534 3963 Ἰησοῦς,
575 3897 702 3953 εἶπε.
769 3901 1072 3955 Τετελεσται
1127 3919 1138 3932 ·
1194 3909 1284 3956 και
1349 3904 1524 3968 κ)ίνας
1589 3911 1681 3965 τὴν
1745 3927 1904 3980 κιφα-

294 3988 412 4052 λὴν,
467 3985 736 4060 παρέδωκε
781 3993 837 4042 τό
885 3997 1105 4063 πνεῦμα.
1157 3998 1282 4066 Περὶ
1319 3995 1386 4044 ὧν
1442 3994 1679 4048 ἁπάντων
1740 3999 1900 4060 ζήτη-

294 4097 390 4130 σον
425 4076 476 4129 ἕν
504 4086 574 4147 τῷ
604 4080 736 4131 κατὰ
765 4078 1005 4138 Ἰωάννην
1043 4080 1356 4154 Εὑαγγελίῳ.

365 4164 634 4222 Καὶίδοὺ
673 4197 738 4208 -—
791 4167 1142 4240 ἐσχίσθησαν.
1201 4173 1488 4244 [Ἐσχίσθη
1541 4175 1653 4246 (51)
1704 4178 1762 4227 τό
1810 4177 1900 4228 κά-

288 4255 480 4329 λυμμα
530 4264 622 4308 τοῦ
662 4265 808 4323 ναοῦ,
861 4262 948 4310 καὶ
995 4257 1316 4322 ἁνεκαλύφθη
1365 4265 1429 4314 τὰ
1473 4264 1900 4336 ὑποκεκρυμμένα

286 4349 464 4416 τούτῳ
679 4351 970 4420 μυστήρια.
1027 4347 1251 4424 Ἐῥράγη
1305 4353 1372 4402 τὰ
1415 4360 1504 4404 τοῦ
1569 4356 1895 4426 γράμματος,
1927 4340 1973 4396 D

285 4441 380 4488 καὶ
433 4433 594 4506 ἐφάνη
654 4437 720 4486 τὰ
767 4443 859 4486 τοῦ
911 4439 1220 4509 πνεύματος.
1269 4443 1363 4509 Ἤ]
1419 4442 1444 4494 ό
1485 4445 1575 4514 μὲν
1621 4442 1765 4506 ἣλιος
1803 4444 1899 4516 ἠμ-

288 4528 514 4596 φιέσατο
569 4527 773 4591 σκότος,
817 4525 843 4574 6
889 4521 947 4576 δὲ
985 4528 1102 4586 ναός
1141 4529 1331 4599 ἔσχισε
1381 4532 1438 4580 τό
1495 4537 1894 4600 καταπέτασμα,

290 4609 574 4672 δηλοῦντες
634 4614 714 4664 ὅτι
768 4614 1043 4666 πενθοῦσιν
1105 4614 1190 4668 ἐπὶ
1263 4624 1333 4687 τῷ
1398 4621 1676 4693 παραλόγῳ
1734 4626 1898 4695 τούτῳ

296 4702 536 4772 θεάματι.
582 4701 904 4753 Πενθούντων
947 4705 1048 4776 γὰρ
1090 4701 1218 4774 ἔστι,
1268 4711 1357 4758 καὶ
1400 4711 1458 4759 τό
1507 4709 1749 4783 ῥηγνύειν
1805 4717 1898 4771 τὴν

292 4787 515 4853 eaeam,
573 4794 665 4840 καὶ
718 4793 776 4842 τό
828 4793 1184 4864 περιτίθεσθαι
1235 4794 1419 4854 στολὴν
1475 4796 1738 4870 μελαιναν.
1794 4808 1900 4864 Τῆς

291 4875 353 4932 δι
419 4886 518 4951 γῆς
593 4879 912 4945 σεισθείσης,
973 4885 1062 4933 καὶ
1128 4889 1228 4934 τῶν
1287 4893 1485 4958 πετρῶν
1547 4890 1896 4960 σχισθεισῶν,

2026 640 2208 697 nibus
2261 642 2521 698 moriens
2562 643 2622 698 in
2669 657 2923 713 persona
2953 641 3185 713 generis
3229 639 3480 695 humani
3519 639 3678 696 dicta

2025 731 2303 787 clamavit
2347 745 2518 789 voce.
2593 731 2689 786 Ait
2737 732 2897 787 enim
2955 730 3269 800 Gregorius
3321 729 3676 799 Theologus,

2025 821 2188 892 quod
2220 821 2279 876 in
2313 822 2510 893 seipso
2539 821 2755 889 ﬁgurat
2793 821 2956 894 quod
2987 823 3256 875 nostrum
3287 821 3382 877 est
3411 835 3425 883 ;
3461 832 3570 873 nos
3603 818 3678 873 si-

2024 909 2268 980 quidem
2283 910 2543 982 primum
2559 910 2816 966 derelicti
2833 926 3063 965 eramus
3077 924 3144 964 ac
3157 906 3439 980 despecti,
3459 906 3675 962 deinde

2026 1011 2185 1053 nunc
2215 1000 2510 1072 assumpti
2535 1015 2603 1056 ac
2633 999 2844 1056 servati
2888 1014 3096 1054 sumus
3134 997 3288 1053 illius
3333 995 3676 1053 afﬂictioni-

2024 1085 2157 1143 bus.

2097 1177 2254 1233 Vers.
2286 1179 2373 1233 47.
2411 1178 2662 1245 Quidam
2678 1179 2886 1234 —iste.
2901 1177 3106 1234 Milites
3128 1175 3187 1232 bi
3209 1180 3379 1232 erant
3395 1174 3670 1245 Romani,

2020 1281 2230 1322 vocem
2263 1266 2610 1323 Hebraicam
2642 1268 3004 1338 ignorantes.

2092 1355 2253 1410 Vers.
2299 1359 2388 1411 48.
2438 1357 2773 1428 Statimque
2801 1389 2870 1397 —
2908 1362 2976 1412 ut
3021 1356 3255 1412 biberet.
3314 1355 3432 1411 Hoc
3491 1353 3672 1410 etiam

2021 1441 2230 1498 ludens
2257 1443 2390 1499 fecit
2420 1445 2496 1500 ad
2528 1444 2777 1500 modum
2807 1444 3167 1500 consolantis
3189 1445 3339 1499 sicut
3368 1448 3422 1499 et
3454 1457 3673 1515 praece-

2019 1529 2246 1597 dentes,
2279 1539 2380 1590 aut
2410 1534 2589 1590 etiam
2619 1539 2682 1590 ut
2736 1533 2886 1590 aceti
2925 1533 3218 1590 acerbitas
3257 1532 3478 1588 additio
3506 1531 3674 1588 ﬁeret

2019 1619 2099 1676 illi
2128 1621 2372 1678 doloris.

2091 1712 2248 1765 Vers.
2282 1713 2369 1768 49.
2406 1713 2624 1769 Cceteri
2652 1743 2718 1753 —
2746 1727 2897 1768 cum.
2933 1714 3159 1769 Marcus
3189 1725 3330 1766 vero
3368 1710 3471 1774 ait,
3505 1709 3670 1782 quod

2018 1799 2130 1856 hoc
2159 1799 2371 1856 dixerit
2403 1818 2420 1856 :
2451 1801 2660 1867 Sinite,
2711 1802 3016 1858 videamus
3049 1815 3128 1856 an
3162 1803 3358 1857 veniat
3390 1801 3558 1855 Etias
3589 1799 3671 1856 ad

1940 1903 1982 1960 Β
2019 1889 2418 1960 deponendum
2449 1906 2594 1946 eum.
2639 1889 2963 1947 Verisimile
3002 1895 3092 1946 est
3123 1895 3316 1946 autem
3344 1895 3401 1946 et
3425 1889 3586 1945 hunc
3613 1892 3671 1945 et

2018 1977 2146 2035 illos
2175 1979 2291 2035 hoc
2311 1979 2547 2036 dixisse.

2090 2069 2252 2124 Vers.
2287 2073 2374 2125 50.
2405 2071 2566 2126 Iesus
2613 2077 2804 2127 autem
2831 2101 2901 2112 —
2947 2070 3246 2140 spiritum.
3295 2069 3436 2135 Quae
3466 2072 3668 2124 autem

2017 2156 2191 2214 fuerit
2220 2175 2357 2224 vox,
2387 2159 2745 2229 signiﬁcavit
2787 2163 2988 2226 Lucas,
3023 2159 3294 2215 videlicet
3325 2173 3338 2212 :
3373 2158 3570 2222 Pater,
3608 2157 3669 2211 in

2016 2263 2222 2303 manus
2247 2254 2380 2305 tuas
2408 2249 2815 2305 commendabo
2843 2250 3116 2319 spiritum
3137 2263 3326 2304 meum
3350 2248 3417 2301 ⁸ο.
3439 2247 3669 2302 Clama-

2017 2337 2101 2392 vit
2125 2343 2325 2392 autem
2359 2353 2502 2392 voce
2549 2353 2788 2408 magna,
2838 2343 2901 2393 ut
2950 2353 3162 2393 omnes
3207 2335 3500 2401 audirent,
3543 2351 3669 2390 om-

2015 2441 2242 2498 nesque
2264 2427 2505 2495 scirent,
2532 2427 2695 2498 quod
2721 2427 2796 2482 ad
2822 2433 3150 2483 extremum
3182 2440 3367 2498 usque
3395 2423 3668 2496 spiritum

2017 2519 2246 2572 Patrem
2268 2518 2448 2572 Deum
2469 2516 2808 2589 appellaret,
2845 2517 3122 2572 universa
3145 2515 3202 2571 in
3235 2531 3306 2570 eo
3328 2518 3662 2587 reponeret,

2015 2621 2123 2661 nec
2152 2609 2305 2661 esset
2332 2603 2386 2660 ei
2417 2605 2750 2661 contrarius
2784 2621 2796 2661 :
2832 2620 3022 2677 usque
3053 2604 3343 2660 discerent
3365 2603 3530 2675 quod
3557 2617 3669 2660 sua

2016 2698 2306 2767 potestate
2352 2693 2597 2766 quando
2632 2693 2818 2750 voluit
2857 2698 3129 2750 mortuus
3177 2697 3283 2748 est.
3329 2691 3474 2747 Cum
3505 2691 3668 2746 enim

2014 2783 2162 2840 dixit
2188 2800 2202 2838 :
2235 2783 2430 2849 Pater,
2463 2783 2527 2839 in
2557 2799 2766 2840 manus
2798 2789 2927 2838 tuas
2953 2782 3366 2840 commendabo
3395 2781 3666 2853 spiritum

2013 2889 2229 2936 meum,
2257 2877 2398 2928 tunc
2429 2871 2675 2929 demum
2704 2873 2879 2929 morti
2901 2873 3191 2946 permisit,
3226 2877 3288 2928 ut
3313 2870 3392 2928 ad
3423 2887 3484 2928 se
3505 2883 3669 2926 acce-

2013 2961 2197 3019 deret.

2083 3200 2208 3255 Non
2231 3200 2430 3254 autem
2467 3197 2632 3265 dixit,
2667 3195 3056 3264 Commendo,
3105 3196 3210 3253 sed
3242 3197 3666 3254 Commendabo

2013 3287 2355 3358 signiﬁcans
2381 3287 2544 3360 quod
2572 3287 2754 3359 paulo
2779 3291 2916 3360 post
2931 3286 3341 3358 exspiraturus
3374 3285 3464 3341 sit.
3502 3285 3664 3342 Unde

2009 3381 2068 3434 et
2094 3378 2375 3440 Joannes,
2417 3391 2552 3448 quas
2605 3380 2740 3446 post
2786 3375 3013 3430 dictam
3060 3391 3269 3430 vocem
3318 3375 3476 3430 facta
3527 3379 3666 3430 sunt

2010 3466 2205 3530 refert,
2225 3470 2514 3537 tanquam
2539 3464 2714 3520 etiam
2737 3464 2814 3519 ab
2841 3462 2972 3518 aliis
2995 3464 3391 3535 praetermissa
3417 3463 3622 3518 dicens
3647 3485 3661 3520 :

2008 3556 2218 3614 Stabat
2234 3560 2426 3610 autem
2445 3555 2624 3624 juxta
2644 3569 2874 3610 crucem
2893 3553 3056 3609 Jesus
3078 3554 3276 3610 Mater
3303 3555 3430 3623 ejus
3456 3554 3525 3619 “,
3549 3558 3660 3609 etc.

2011 3646 2121 3704 Ubi
2151 3650 2352 3702 autem
2404 3643 2569 3712 dixit,
2625 3647 2930 3716 quomodo
2971 3644 3253 3700 dilectam
3298 3644 3544 3700 Matrem
3593 3659 3665 3700 ac

2010 3735 2308 3805 Virginem
2341 3733 2557 3790 dilecto
2589 3733 3099 3812 commendaverit
3127 3733 3420 3806 discipulo
3451 3749 3522 3789 ac
3546 3733 3668 3790 vir-

2010 3825 2154 3896 gini,
2182 3830 2238 3880 et
2263 3823 2574 3897 quomodo
2604 3819 2820 3879 sitienti
2850 3823 3060 3880 datum
3092 3822 3164 3879 sit
3196 3828 3432 3880 acetum
3460 3823 3538 3880 ad
3569 3839 3668 3896 po—

2010 3913 2262 3970 tandum
2294 3929 2307 3980 ;
2341 3913 2580 3970 tandem
2603 3913 2684 3969 ait
2717 3929 2730 3969 :
2767 3913 3250 3970 Consummatum
3281 3920 3363 3970 est
3397 3916 3464 3966 ⁶².
3498 3918 3554 3969 et
3583 3915 3668 3970 in-

2010 4003 2232 4059 clinato
2254 4001 3016 4074 capitetradiditspiritum,
3037 4002 3112 4057 de
3143 4003 3359 4075 quibus
3386 4003 3669 4060 omnibus

2009 4107 2207 4164 quaere
2233 4091 2294 4146 in
2327 4091 2646 4160 Evangelia
2677 4091 3012 4146 secundum
3041 4093 3357 4147 Joannem.

2081 4182 2244 4235 Vers.
2275 4185 2359 4235 5!.
2392 4180 2475 4236 Et
2506 4195 2634 4237 ecce
2661 4210 2730 4220 —
2759 4180 2957 4236 scissae
2985 4189 3114 4235 sunt
3147 4181 3256 4251 (Η-
3285 4181 3547 4237 Scissum
3579 4183 3670 4236 est

2009 4267 2412 4324 velamentum
2457 4267 2660 4340 templi
2693 4274 2749 4323 et
2776 4268 3038 4324 revelata
3086 4275 3225 4323 sunt
3255 4272 3411 4324 tecta
3451 4268 3563 4323 sub
3597 4283 3668 4324 eo

2010 4356 2314 4428 mysteria.
2349 4359 2542 4428 Rupta
2572 4361 2710 4412 sunt
2747 4372 2816 4412 ea
2847 4372 2982 4428 quae
3012 4362 3180 4412 erant
3217 4355 3446 4422 litterae,
3481 4372 3668 4427 appa-

2008 4450 2255 4501 ruerunt
2307 4461 2378 4501 ea
2405 4461 2541 4518 qua:
2600 4449 2741 4500 sunt
2769 4444 3030 4516 spiritus.
3078 4445 3224 4516 Aut)
3278 4448 3369 4501 sol
3420 4445 3667 4517 quidem

2009 4533 2267 4590 tenebris
2316 4534 2560 4590 indutus
2609 4538 2715 4599 est,
2749 4533 3036 4606 templum
3074 4550 3214 4590 vero
3263 4533 3436 4591 scidit
3466 4533 3666 4590 velum

2011 4640 2208 4688 suum,
2235 4624 2632 4695 signiﬁcando
2654 4623 2820 4696 quod
2840 4629 3076 4696 propter
3088 4623 3416 4680 absurdum
3440 4640 3509 4681 ac
3525 4623 3668 4680 irra-

2012 4713 2292 4770 tionabile
2328 4712 3111 4786 (g)spectaculumlugeret;
3145 4713 3477 4783 lugentium
3506 4713 3666 4770 enim

2011 4809 2099 4860 est
2142 4809 2362 4860 vestem
2409 4802 2697 4868 scindere,
2753 4803 3039 4876 nigraque
3112 4803 3280 4861 indui
3329 4803 3498 4860 stola.
3563 4803 3668 4859 Per

2011 4897 2229 4950 terram
2259 4897 2458 4950 autem
2493 4897 2744 4964 motam,
2779 4897 3097 4966 petrasque
3135 4894 3354 4951 scissas
3405 4891 3670 4950 ostendit

362 5005 413 5040 ⁵³
447 5004 621 5060 Marc.
653 5019 752 5071 xv,
785 5007 874 5060 36.
904 5003 953 5040 σο
975 5003 1114 5062 Luo.
1143 5021 1302 5074 xxiii,
1335 5011 1428 5068 46.
1458 5011 1501 5048 ⁶¹
1531 5011 1704 5071 Joan.
1727 5030 1851 5083 xix,
1877 5015 1910 5072 2

2025 5020 2046 5053 ³
2075 5016 2222 5073 ibid.
2248 5021 2340 5074 30.

1663 5157 1888 5235 Varias
1925 5166 2275 5236 lectiones.

293 5324 481 5467 le
507 5321 851 5382 Addiderim
874 5327 962 5388 ὡς.
991 5328 1181 5400 Atque
1206 5327 1289 5385 ita
1309 5327 1556 5440 fortasse
1581 5332 1900 5394 Hentenius

365 5466 482 5540 (50)
518 5465 778 5539 Intelligo
805 5483 818 5523 :
846 5467 905 5522 Ὀ
928 5465 1286 5544 προσδραμὼν
1311 5477 1400 5527 καὶ
1426 5479 1666 5538 ποτίσας.

293 5645 378 5717 (g)
414 5645 763 5717 Absurdum
797 5661 874 5704 ac
899 5645 1338 5717 irrationabile.
1381 5653 1441 5707 In
1472 5651 1680 5711 Graeco
1711 5671 1898 5714 unum

295 5715 385 5774 est
431 5716 793 5794 vocabulum
843 5715 1140 5792 παραλόγῳ.
1182 5721 1482 5794 Παράλονον
1535 5740 1682 5782 sane
1712 5733 1804 5784 est
1840 5727 1900 5785 id

2057 5339 2196 5421 ,(51)
2229 5339 2464 5398 Inclusa
2493 5339 2554 5396 in
2584 5354 2776 5411 marg.
2807 5339 3013 5400 habet.
3042 5341 3108 5397 A.
3138 5339 3424 5399 Omiserat
3451 5342 3667 5398 ﬂente-

2009 5425 2166 5466 ntus.

2083 5482 2200 5554 (52)
2226 5486 2538 5556 Μυοτηρίῳ.
2571 5481 2633 5538 Β.

2007 5673 2170 5785 ἕξοι),
2210 5657 2582 5729 inusitatum,
2620 5659 2970 5728 inauditum,
3001 5659 3376 5730 stupendum,
3418 5657 3665 5716 horren-

2086 5747 2164 5785 m.

2086 5747 2164 5787 m.

297 5787 464 5861 quod
493 5787 560 5847 ῆι
584 5789 730 5862 παρὰ
773 5787 942 5861 λόγον’,
987 5787 1196 5863 contra
1231 5787 1542 5864 νὸιιοὶιεηι.
1585 5797 1785 5860 Malim
1817 5805 1900 5859 ῑι-
1999 5835 2006 5873 j
