4188 6474
566 445 672 501 735

1875 440 2224 499 EUTYHMII
2261 439 2593 500 ZIGABENI
3819 453 3915 512 736

571 571 736 645 quod
786 574 997 643 potens
1036 570 1278 626 essetin
1325 584 1607 640 aggerem
1640 585 1743 626 eos
1810 570 2113 626 cumulare
2161 572 2217 624 et

2335 566 2518 634 ἔδειξεν
2549 572 2574 623 6
2618 575 2849 647 Χριστὸς
2901 574 2982 626 ὅτε
3027 570 3242 634 δυνατὸς
3288 574 3350 632 ἦν
3403 572 3675 646 ἐπιχῶσαι
3723 583 3807 632 καὶ
3834 600 3914 633 κα-

570 665 852 719 obruere:
887 661 990 717 sed
1032 677 1146 717 non
1186 661 1356 717 vellet
1384 668 1626 733 propter
1651 678 1823 716 suam
1864 667 2216 718 mansuetu-

571 753 784 818 dinem,
833 757 887 806 et
919 757 1159 823 propter
1183 750 1314 808 illos
1345 751 1448 824 qui
1479 767 1551 807 ex
1580 751 1665 807 eis
1693 755 1865 806 erant
1915 752 2214 822 credituri,

567 843 886 914 lucemque
923 841 1122 896 daturi
1161 841 1264 913 (ἡ).

640 933 884 1002 Proprie
924 935 1123 985 autem
1183 930 1383 986 velum
1434 931 1639 1003 templi
1691 931 1947 986 scissum
1999 936 2089 988 est
2143 931 2219 987 ad

569 1035 776 1076 eorum
823 1018 1331 1087 redargutionem,
1364 1020 1458 1075 cui
1495 1019 1900 1076 contradicere
1930 1036 2052 1076 non
2079 1037 2217 1092 pos-

570 1112 702 1164 sent
731 1127 744 1161 :
779 1114 842 1163 ut
871 1107 918 1162 si
951 1109 1270 1163 niterentur
1295 1108 1553 1173 causari,
1585 1115 1639 1164 et
1671 1108 1747 1164 ad
1779 1124 1847 1164 ea
1878 1125 2013 1180 quas
2054 1116 2219 1166 natu-

570 1197 770 1254 raliter
809 1197 1106 1266 accidunt,
1166 1196 1472 1268 passiones
1519 1197 1824 1253 obscurati
1868 1198 2011 1255 solis
2053 1203 2220 1255 terrm

574 1293 771 1353 motas,
823 1291 1239 1359 petrarumque
1277 1287 1598 1342 scissarum
1626 1288 1950 1344 reducere:
1997 1305 2064 1345 os
2110 1289 2221 1346 illis

572 1376 948 1433 obturaretur
987 1392 1092 1448 per
1132 1376 1246 1432 veli
1298 1376 1665 1445 scissionem,
1733 1394 1872 1434 cum
1935 1377 2045 1434 tale
2081 1379 2222 1450 quid

574 1481 704 1523 esse
725 1481 992 1538 unquam
1012 1465 1240 1522 factum
1261 1467 1673 1523 demonstrare
1699 1483 1820 1524 non
1847 1476 2114 1540 possent.

645 1556 844 1612 Scisso
866 1560 1068 1611 autem
1090 1555 1238 1623 velo,
1262 1556 1524 1612 ostendit
1552 1557 1726 1624 Deus,
1747 1557 1914 1629 quod
1934 1574 1970 1614 a
1998 1558 2223 1630 templo

574 1645 776 1700 divina
817 1644 1114 1700 avolasset
1141 1645 1335 1714 gratia
1366 1662 1379 1700 :
1408 1645 1694 1718 quodque
1742 1646 2044 1717 interiora,
2077 1652 2224 1719 puta

573 1735 782 1790 Sancta
827 1738 1171 1790 sanctorum
1215 1734 1498 1790 omnibus
1540 1735 1744 1807 pervia
1795 1752 1865 1791 ac
1895 1737 2223 1809 conspicua

573 1823 988 1879 constituenda
1000 1830 1193 1879 essent
1211 1841 1222 1877 :
1238 1824 1404 1895 quod
1422 1824 1602 1880 etiam
1617 1826 2005 1896 postmodum
2029 1827 2220 1896 ingre-

571 1912 870 1968 dientibus
901 1912 1184 1968 Romanis
1210 1912 1431 1968 factum
1463 1921 1569 1968 est.

645 2003 814 2066 Quod
844 2008 1046 2057 autem
1080 2002 1224 2057 mihi
1257 2004 1448 2074 magis
1480 2003 1677 2074 placet
1708 2005 1910 2077 accipe
1940 2006 2034 2077 (ί).
2075 2006 2224 2068 Quia

574 2091 853 2146 interiora
899 2091 1011 2145 veli
1065 2091 1257 2159 figura
1309 2101 1477 2148 erant
1529 2093 1677 2159 cceli,
1734 2097 2024 2151 exteriora
2083 2111 2222 2152 vero

577 2184 793 2236 terram
825 2179 1178 2250 ﬁgurabant,
1204 2182 1458 2236 scissum
1475 2183 1604 2252 jam
1625 2183 1845 2251 velum,
1870 2185 2226 2253 signiﬁcavit

574 2269 832 2325 divisum
857 2271 982 2340 jam
1017 2286 1149 2326 esse
1181 2270 1446 2326 medium
1496 2271 1780 2343 parietem
1824 2275 1975 2330 inter
2005 2275 2222 2331 caelum

574 2365 631 2416 et
679 2366 893 2416 terram
939 2363 1109 2432 (puta
1139 2360 1533 2432 inimicitiam)
1563 2362 1662 2433 qui
1702 2362 1852 2418 inter
1881 2363 2067 2420 Deum
2100 2370 2225 2421 erat

573 2453 628 2506 et
680 2450 996 2505 homines:
1052 2453 1109 2505 et
1160 2449 1387 2505 factum
1430 2466 1559 2505 esse
1613 2451 1833 2507 cmlum
1889 2453 2226 2510 hominibus

573 2539 864 2611 pervium-
900 2538 1093 2594 soluto
1119 2538 1247 2609 jam
1279 2555 1384 2608 per
1423 2540 1718 2596 Christum
1752 2541 2061 2597 obstaculo
2094 2559 2224 2598 me-

571 2628 674 2685 dio
704 2630 773 2693 ⁶³,
809 2628 1027 2700 talique
1053 2627 1229 2683 nobis
1256 2643 1504 2684 ascensu
1530 2630 1834 2687 innovato.
1872 2632 2225 2690 Universali-

574 2721 660 2773 ter
688 2722 884 2773 autem
937 2733 1068 2788 quas
1099 2716 1256 2772 facta
1286 2721 1446 2782 sunt,
1470 2717 1690 2774 divinae
1723 2719 1822 2775 ira:
1857 2721 2026 2790 signa
2057 2728 2226 2780 erant

573 2806 918 2861 Judaaorum
940 2805 1442 2862 insensibilitatem
1468 2807 1974 2878 reprehendentia,
2007 2810 2224 2868 horum

573 2911 692 2968 que
723 2895 1114 2967 perditionem
1141 2895 1546 2967 praedicantia.

647 2985 806 3039 Vers.
834 2985 922 3038 52.
962 2985 1041 3040 Et
1078 3015 1148 3024 -ο
1193 2994 1598 3042 surrexerunt.
1633 2987 1721 3043 Ad
1769 2988 2226 3049 demonstratio-

574 3089 711 3130 nem
750 3074 1026 3146 potentiaa
1058 3091 1179 3129 suae
1209 3081 1264 3130 et
1285 3075 1398 3130 hoc
1430 3076 1652 3132 factum
1687 3083 1790 3144 est,
1825 3084 2225 3154 terroremque

573 3163 954 3220 Judazorum:
1005 3171 1066 3219 ut
1113 3165 1571 3236 perpenderent,
1622 3169 1788 3240 quod
1836 3169 1887 3224 is
1938 3170 2041 3242 qui
2072 3172 2224 3228 adeo

575 3252 745 3309 facile
800 3259 1060 3308 mortuos
1117 3254 1462 3320 viviﬁcaret,
1529 3255 1755 3312 facilius
1810 3265 2009 3329 posset
2061 3261 2224 3316 vivos

575 3343 749 3398 morti
780 3341 943 3399 dare.
973 3343 1261 3400 Praeterea
1290 3347 1465 3400 etiam
1499 3345 1572 3402 ad
1610 3346 1820 3404 futuras
1852 3349 2226 3406 resurrectio-

573 3432 667 3488 nis
697 3433 1233 3490 conﬁrmationem.

645 3522 917 3578 Vers.53.
949 3523 1026 3578 Et
1060 3555 1126 3564 —
1152 3524 1376 3579 multis.
1424 3524 1649 3593 Egressi
1681 3532 1819 3582 sunt
1847 3533 1903 3582 et
1935 3543 2228 3601 apparue-

575 3616 731 3678 runt,
766 3628 838 3667 ne
877 3612 1261 3684 phantastica
1291 3613 1565 3669 videatur
1604 3615 2016 3687 sepulcrorum
2059 3634 2228 3690 aper-

577 3702 677 3767 tio,
714 3717 783 3756 ac
813 3701 1240 3756 dormientium
1273 3703 1642 3758 resurrectio.
1691 3706 1826 3759 Post
1856 3707 2229 3763 resurrectio-

575 3806 716 3846 nem
747 3796 948 3845 autem
976 3790 1104 3859 ejus
1127 3791 1350 3858 egressi
1380 3796 1519 3845 sunt
1541 3792 1615 3848 de
1638 3794 1947 3864 sepulcris,
1973 3812 2042 3850 ac
2055 3812 2226 3852 vene-

575 3884 713 3936 ruut
741 3878 802 3934 in
834 3883 1096 3933 sanctam
1129 3878 1444 3947 civitatem,
1477 3886 1532 3936 et
1571 3890 1972 3953 apparuerunt
2011 3885 2226 3956 multis,

580 3973 644 4024 ut
683 3985 751 4022 ex
790 3982 997 4022 eorum
1040 3968 1463 4025 resurrectione
1495 3971 1772 4026 certiores
1809 3972 2136 4030 reddantur
2177 3981 2232 4032 et

579 4058 655 4113 de
693 4057 1124 4113 resurrectione
1169 4057 1346 4129 illius,
1389 4060 1716 4132 cogitantes
1766 4063 1930 4134 quod
1975 4064 2077 4136 qui
2122 4064 2231 4121 hos

578 4146 976 4214 resuscitavit,
1036 4147 1226 4204 multo
1283 4149 1476 4220 magis
1541 4151 1806 4223 seipsum
1865 4155 2230 4212 resuscitavit

581 4237 782 4296 Sancti
840 4252 978 4293 vero
1034 4244 1428 4305 surrexerunt,
1488 4244 1550 4296 ut
1601 4240 1718 4296 ﬁde
1774 4243 1938 4313 digni
1989 4245 2230 4302 videan-

578 4333 693 4395 tur,
726 4327 828 4400 qui
859 4327 932 4384 de
987 4327 1207 4384 christo
1245 4327 1592 4402 loquuntur.
1657 4333 1977 4405 Postquam
2028 4340 2229 4392 autem

579 4420 1006 4490 apparuerunt,
1039 4416 1252 4473 iterum
1279 4417 1662 4476 dormierunt.

650 4507 816 4561 Vers.
879 4509 965 4562 54.
1015 4507 1294 4564 Centurio
1344 4515 1540 4566 autem
1582 4541 1649 4549 —
1707 4517 1829 4567 erat
1880 4511 2004 4568 iste.
2064 4513 2230 4568 Hunc

578 4597 806 4652 Marcus
829 4611 966 4650 voce
985 4596 1186 4651 Latina
1208 4597 1615 4652 centurionem
1642 4600 1897 4654 vocat“.
1928 4601 2230 4657 Matthaaus

579 4701 718 4740 vero
758 4685 959 4740 Graeca
990 4684 1389 4760 ἑκατόνταρχον,
1420 4687 1578 4742 idem
1620 4687 2028 4756 signiﬁcante:
2065 4691 2230 4761 quod

581 4772 739 4829 enim
800 4774 983 4829 Graeci
1036 4773 1236 4839 έκατόν,
1298 4775 1411 4830 hoc
1455 4777 1641 4831 Latini
1701 4783 1934 4834 centum
1977 4784 2226 4835 vocant:

581 4864 810 4928 Vz’dens,
828 4864 1035 4937 inquit,
1062 4866 1341 4932 centurio,
1376 4866 1478 4937 qui
1493 4881 1568 4923 ea:
1583 4866 1824 4924 adverso
1837 4870 1964 4938 ejus
1981 4869 2227 4938 astabat,

581 4955 739 5026 quod
753 4955 835 5011 sic
851 4956 1043 5011 emisso
1064 4956 1306 5010 clamore
1318 4956 1681 5024 exspirasset,
1699 4958 1848 5014 dixit
1864 4976 1875 5014 :
1893 4959 2038 5015 Vere
2059 4959 2229 5018 homo

653 5046 700 5081 ⁸⁸
729 5043 906 5100 Hebr.
932 5061 990 5110 ι,
1021 5045 1111 5098 20.
1149 5045 1196 5080 5‘
1225 5046 1397 5101 Marc.
1426 5061 1522 5112 xv,
1555 5047 1643 5102 39.

2326 670 2574 732 ταχώσαι
2626 662 2831 722 αύτούς.
2884 662 3016 716 Ἀλλ’
3069 664 3162 714 οὐκ
3219 663 3441 721 ἠθελησε
3496 661 3568 717 δι’
3633 666 3816 719 οἰκείαν
3868 689 3915 723 τε

2325 756 2691 824 χρηστότητα,
2755 758 2843 804 καὶ
2894 748 2987 804 διὰ
3035 756 3152 813 τούς
3209 753 3482 825 μέλλοντας
3534 754 3586 817 ἑξ
3635 755 3794 808 αὐτῶν
3837 778 3914 811 πει

2329 847 2547 892 στεῦσαι
2583 847 2673 893 καὶ
2704 840 2846 914 λάμψ
2855 862 2926 896 αι.

2401 927 2721 1003 ’ἰδικώτερον
2780 927 2838 983 δὲ
2891 934 2947 983 τὸ
2999 936 3378 1004 καταπέτασμα
3419 941 3512 985 τοῦ
3568 943 3698 986 ναοῦ
3747 938 3912 1008 σχίζε·

2326 1040 2413 1072 ται
2466 1024 2594 1092 πρός
2660 1018 3024 1094 ἀναντίρρητον
3089 1024 3302 1092 ἔλεγχον
3382 1023 3572 1089 αὐτῶν,
3658 1026 3754 1090 ἱνα,
3817 1046 3910 1080 πει-

2325 1115 2543 1181 ρώμενοι
2596 1108 2922 1180 αἰτιολογεῖν,
2971 1115 3060 1162 καὶ
3113 1108 3317 1181 ἀνοίγειν
3363 1111 3430 1172 εἰς
3481 1115 3547 1164 τὰ
3591 1117 3722 1165 κατά
3769 1117 3907 1186 φύσιν

2328 1200 2468 1256 πάθη
2518 1202 2604 1249 τόν
2644 1217 2696 1250 τε
2744 1206 2834 1250 τοῦ
2879 1199 3022 1256 ἡλίου
3071 1203 3391 1271 σκοτασμὸν,
3423 1206 3515 1253 καὶ
3557 1210 3654 1263 τῆς
3701 1211 3792 1274 γῆς
3831 1207 3908 1255 τόν

2331 1291 2566 1359 σεισμόν,
2629 1292 2719 1339 καὶ
2793 1296 2890 1339 τῶν
2968 1297 3162 1361 πετρῶν
3217 1294 3309 1346 τὴν
3387 1295 3600 1361 σχίσιν,
3662 1291 3906 1364 ἐπιστομί·

2333 1380 2522 1439 ζωνται
2580 1384 2640 1449 τῇ
2721 1382 2906 1448 σχίσει
2978 1385 3069 1429 τοῦ
3132 1381 3616 1452 καταπετάσματος,
3680 1378 3908 1434 οὐδέποτε

2331 1462 2607 1538 δυνάμενοι
2635 1463 2804 1530 δεῖξαι
2834 1475 3064 1520 τοιοῦτον
3093 1472 3380 1539 γενόμενον.

2400 1562 2502 1608 Τοῦ
2560 1559 3026 1629 καταπετάσματος
3084 1553 3143 1610 δε
3207 1559 3544 1628 σχισθέντος,
3594 1555 3834 1618 ἐδήλωσεν
3882 1562 3905 1612 6

2331 1648 2452 1707 Θεὸς
2511 1647 2590 1699 ὅτι
2643 1645 2840 1703 ἀπέστη
3021 1645 3196 1699 λοιπὸν
3238 1648 3266 1705 ἡ
3327 1647 3440 1699 θεία
3484 1650 3638 1721 χάρις
3682 1648 3774 1701 ἀπὸ
3818 1656 3902 1701 τοῦ

2330 1742 2474 1804 ναοῦ,
2508 1740 2596 1786 καὶ
2641 1736 2721 1787 ὅτι
2776 1737 2842 1787 τὰ
2882 1731 3049 1804 ἔνδον,
3091 1738 3228 1800 ἤτοι,
3288 1737 3354 1786 τὰ
3401 1735 3560 1807 Ἀγια
3594 1745 3682 1788 τῶν
3731 1736 3896 1807 ἁγίων,

2332 1830 2464 1876 πᾶσι
2517 1823 2656 1895 βατά
2701 1829 2790 1876 καὶ
2840 1826 2996 1878 θεατὰ
3051 1829 3490 1888 καταστήσονται,
3523 1825 3548 1876 ὃ
3585 1829 3664 1876 καὶ
3702 1829 3890 1895 γέγονεν

2259 1933 2298 1989 Β
2331 1914 2566 1985 ὕστερον,
2590 1923 2688 1964 τῶν
2718 1913 2979 1985 Ῥωμαίων
3011 1913 3355 1966 εἰσελθόντων.

2401 2007 2470 2055 T6
2509 1999 2567 2054 δε
2595 2006 2959 2077 χαριέστερον,
3011 2002 3117 2055 ἐπεὶ
3168 2005 3232 2054 τὰ
3275 2006 3363 2074 μεν
3401 2001 3530 2062 ἐντός
3573 2009 3654 2054 τοῦ
3687 2020 3889 2054 καταπε-

2333 2093 2597 2163 τάσματος
2628 2095 2787 2154 τύπος
2833 2093 2969 2149 ἦσαν
2997 2099 3090 2143 τοῦ
3143 2091 3386 2165 ούρανοῦ,
3438 2093 3503 2142 τά
3550 2087 3595 2142 δ’
3633 2090 3768 2151 ἐκτὸς
3808 2093 3895 2140 τύ-

2334 2199 2423 2239 πος
2452 2187 2546 2241 τῆς
2574 2188 2696 2251 γῆς,
2747 2182 2970 2250 σχισθεν
3027 2176 3100 2238 ἥδ
3104 2199 3133 2237 η
3187 2183 3242 2231 τὸ
3291 2183 3663 2251 καταπέτασμα
3690 2175 3904 2235 δεδήλω-

2332 2288 2433 2338 κεν,
2469 2270 2546 2320 ὅτι
2579 2269 2810 2339 ἐσχίσθη
2841 2265 2947 2328 ἤδη
2995 2273 3048 2321 τὸ
3079 2273 3393 2342 μεσότοιχον
3446 2276 3539 2320 τοῦ
3582 2268 3785 2340 ούρανοῦ
3825 2270 3910 2316 καὶ

2333 2365 2427 2419 τῆς
2456 2367 2572 2429 γῆς,
2605 2362 2787 2429 ἤγουν,
2820 2360 2849 2416 ἠ
2884 2360 3052 2431 ἓχθρα
3101 2360 3130 2416 ἠ
3186 2357 3378 2430 μεταξύ
3407 2366 3499 2409 τοῦ
3551 2361 3672 2409 Θεοῦ
3700 2360 3786 2406 καὶ
3820 2361 3911 2405 τῶν

2336 2446 2637 2522 ἀνθρώπων,
2697 2453 2784 2500 καὶ
2844 2454 3046 2519 γέγονεν
3101 2450 3126 2500 6
3192 2448 3404 2522 ούρανός
3462 2444 3625 2519 βατός
3679 2453 3780 2505 τοίς
3838 2439 3914 2494 ἆν-

2339 2539 2584 2610 θρωποες,
2642 2545 2733 2589 τοῦ
2801 2545 3036 2610 Χριστοῦ
3087 2536 3341 2598 λύσαντος
3402 2541 3606 2588 τουτονὶ
3661 2538 3745 2587 τόν
3797 2551 3917 2606 ppa-

2335 2631 2489 2699 γμὸν,
2545 2632 2634 2678 καὶ
2680 2631 2773 2685 τὴν
2827 2630 3071 2685 τοιαύτην
3125 2623 3310 2679 ἄνοδον
3357 2627 3481 2689 ἡμῖν
3530 2623 3916 2696 ἐγκαινίσαντος.

2336 2719 2568 2769 ΚαθόΧου
2626 2713 2683 2768 δὲ
2747 2713 2940 2788 δεῖγμα
2993 2718 3264 2789 θεομηνίας
3312 2717 3447 2774 ἦσαν
3497 2717 3560 2768 τὰ
3602 2716 3921 2786 γεγενημένα,

2334 2808 2700 2877 καθαπτόμενα
2766 2815 2861 2866 τῆς
2936 2815 3033 2858 τῶν
3091 2801 3361 2859 Ἰουδαίων
3421 2803 3795 2868 ἀναισθησίας,
3845 2803 3926 2851 καὶ

2333 2897 2752 2970 προαγορεύοντα
2780 2899 2872 2953 τὴν
2897 2898 3088 2946 τούτων
3122 2893 3374 2946 ἀπώλειαν
3405 2893 3540 2963 (54).

2409 2990 2509 3037 Καὶ
2554 3012 2616 3026 ~—
2669 2984 2893 3055 ἠγέρθη.
2956 2984 3041 3046 Ei;
3112 2979 3326 3046 ἔνδειξιν
3381 2987 3469 3034 καὶ
3544 2988 3702 3033 τοῦτο
3762 2982 3928 3051 γέγονε

2333 3082 2422 3134 τῆς
2490 3070 2753 3145 δυνάμεως
2824 3073 2982 3124 αὐτοῦ
3035 3078 3124 3124 καὶ
3178 3070 3330 3144 φόϐον
3382 3079 3480 3123 τῶν
3525 3067 3823 3133 ’1ουδαίων,
3856 3069 3930 3118 ἶνα

2333 3163 2666 3233 λογίσωνται,
2740 3164 2820 3214 ὃτι
2882 3164 2906 3213 6
2975 3162 3192 3223 ζωώσας
3271 3162 3429 3221 οὑτως
3512 3159 3741 3231 εύχερὼς
3823 3160 3928 3215 τοὺς

2333 3256 2540 3326 νεκρούς
2599 3251 2962 3323 εὐχερέστερον
3040 3249 3100 3301 ἃν
3167 3246 3395 3308 ἠδύνατο
3455 3251 3760 3302 θανατῶσαι
3823 3248 3930 3304 τοὺς

2340 3345 2582 3405 ζῶντας·
2641 3343 2710 3392 ἔτι
2771 3337 2829 3392 δε
2880 3345 2969 3392 καὶ
3030 3339 3096 3401 εἰς
3150 3337 3433 3412 βεϐαίωσιν
3493 3345 3588 3400 τῆς
3645 3336 3928 3411 μελλούσης

2336 3430 2694 3491 ἀναστάσεως.

2411 3525 2510 3574 Καὶ
2585 3551 2651 3560 --
2708 3517 2927 3577 πολλοῖς.
3001 3516 3252 3576 Εἰσῆλθον
3331 3523 3420 3570 καὶ
3501 3516 3928 3589 ένεφανίσθησαν,

2339 3611 2422 3661 ἱνα
2480 3613 2551 3681 μὴ
2612 3604 2739 3679 δόξῃ
2803 3610 2937 3659 κατὰ
2989 3611 3271 3676 φαντασίαν
3325 3609 3353 3664 ἦ
3414 3625 3466 3658 τε
3520 3614 3617 3657 τῶν
3675 3607 3933 3677 μνημείων

2338 3699 2528 3761 ἄνοιξις
2579 3703 2668 3750 καὶ
2719 3699 2748 3755 ἠ
2809 3704 2907 3748 τῶν
2959 3700 3340 3768 κεκοιμημένων
3395 3699 3609 3768 ἓγερσις.
3666 3696 3809 3748 Μετά
3847 3695 3934 3748 τὴν

2339 3791 2541 3862 ἔγερσιν
2600 3783 2658 3839 δε
2739 3785 2897 3838 αὑτοῦ
2973 3783 3181 3848 ἐξῆλθον
3240 3784 3294 3835 έκ
3357 3793 3455 3836 τῶν
3502 3787 3776 3855 μνημείων,
3842 3783 3931 3830 καὶ

2341 3877 2578 3935 εἰσῆλθον
2611 3875 2681 3936 εἰς
2723 3879 2816 3932 τὴν
2860 3875 3012 3946 ἁγίαν
3062 3873 3228 3936 πόλιν,
3259 3878 3348 3925 καὶ
3379 3871 3780 3945 ἐνεφανίσθησαν
3808 3865 3929 3919 πολ-

2339 3966 2464 4030 λοῖς,
2500 3968 2582 4018 ἶνα
2628 3965 2683 4017 ἐκ
2714 3973 2804 4025 τῆς
2831 3967 3023 4017 τούτων
3074 3962 3319 4035 έγέρσεως
3360 3961 3799 4036 πληροφορηθῶσι
3843 3959 3935 4007 καὶ

2340 4059 2457 4128 περὶ
2527 4062 2616 4114 τῆς
2664 4053 2874 4123 ἐκείνου,
2943 4053 3270 4122 λογιζόμενοι
3318 4053 3397 4103 ὃτι
3463 4052 3488 4102 6
3554 4052 3772 4108 τούτους
3825 4045 3942 4097 ἀνα-

2343 4150 2546 4204 στήσας
2602 4143 2770 4213 πολλῷ
2826 4141 3016 4214 μᾶλλον
3070 4141 3247 4193 ἑαυτὸν
3297 4139 3596 4198 ἀνέστησεν.
3657 4139 3839 4209 ’Λγιοι
3888 4131 3946 4187 δε

2341 4235 2661 4306 ἠγέρθησαν,
2725 4233 2806 4284 ἵνα
2869 4228 3093 4292 δόξωσιν
3151 4229 3467 4294 ἀξιόπιστοι,
3526 4227 3764 4300 λέγοντες
3831 4227 3948 4298 περὶ

2338 4329 2428 4374 τού
2473 4328 2729 4396 Χριστοῦ.
2765 4321 3188 4392 Ἐμφανισθέντες
3238 4315 3316 4387 δὲ,
3358 4318 3510 4370 πάλιν
3558 4316 3947 4390 ἐκοιμήθησαν.

2408 4512 2466 4563 Ὀ
2532 4507 2590 4563 δε
2648 4507 3032 4580 ἑκατόνταρχος
3088 4538 3156 4546 -
3223 4501 3284 4564 ἦν
3351 4504 3519 4566 οὗτος.
3596 4507 3802 4560 Τοῦτον
3870 4507 3954 4555 τόν

2340 4601 2719 4673 ἑκατόνταρχον
2774 4600 2798 4649 6
2846 4600 3054 4668 Μάρκος
3121 4599 3432 4668 κεντυρίωνα
3486 4594 3737 4666 ὠνόμασε
3782 4611 3794 4623 ⁸
3849 4613 3960 4645 κεν-

2339 4696 2528 4764 τυρίων
2582 4692 2682 4762 γὰρ
2734 4690 2876 4761 παρά
2933 4685 3201 4757 Ῥωμαίοις
3255 4685 3279 4735 6
3334 4683 3732 4758 ἑκατόνταρχος
3775 4679 3957 4737 ἐπειδὴ

2339 4787 2428 4833 καὶ
2485 4781 2550 4831 τά
2624 4778 2823 4839 ἑκατόν,
2897 4780 3037 4827 κέντε
3112 4774 3225 4845 (55)
3299 4773 3561 4844 λέγουσιν.
3635 4769 3806 4826 Ἰδὼν
3884 4767 3960 4834 δε,

2341 4874 2521 4944 φησὶν,
2621 4867 2646 4917 6
2733 4869 3008 4939 κεντυρίων
3116 4865 3141 4914 6
3227 4866 3571 4935 παρεστηκὼς
3666 4862 3964 4924 ἐξεναντίας

2341 4961 2521 5024 αύτου,
2623 4957 2701 5007 ὅτι
2794 4954 2951 5014 οὕτως
3047 4951 3241 5025 κράξας
3323 4949 3637 5019 ἐξέπνευσεν,
3752 4949 3897 5004 εἶπεν
3951 4966 3961 4978 ·

1940 5139 2160 5209 Variae
2198 5141 2552 5212 lectiones.

654 5244 766 5310 (53)
790 5242 912 5296 Ὅτι
941 5241 1140 5300 ἀπέπτη
1168 5241 1364 5296 λοιπόν.
1403 5243 1470 5298 Α.
1500 5241 1580 5299 lta
1609 5243 1949 5301 Hentenius.

655 5246 743 5310 (53
790 5244 912 5296 Ὅτι
941 5244 1140 5300 ἁπέπτη
1168 5244 1364 5296 λοιπόν.
1403 5244 1470 5298 Α.
1500 5244 1580 5299 lta
1609 5244 1949 5301 Hentenius.

655 5244 1011 5391 (stillicin
1042 5315 1312 5391 margine
1344 5313 1566 5370 codicis
1596 5316 1647 5391 Α
1689 5333 1739 5391 a‘
1756 5333 1937 5391 manu
1967 5333 2228 5391 prorsus

579 5387 799 5444 recenti
825 5385 1055 5457 adjecta
1087 5390 1226 5457 sunt
1254 5385 1382 5440 haac
1433 5386 1775 5457 recqntioris
1801 5385 2009 5444 Graeci?
2063 5396 2228 5444 Τοῦτο

580 5463 638 5512 τό
695 5455 1076 5530 καταπέτασμα
1126 5456 1358 5530 ἐσχίσθη
1426 5457 1498 5518 εἰς
1547 5455 1663 5512 δύο·
1715 5459 1936 5536 ύγαντὸν
1957 5463 2083 5536 Δγὰρ
2143 5459 2223 5520 ἧν.

581 5479 638 5512 το
695 5478 1076 5530 καταπετασμα
1126 5478 1358 5530 εσχισυη
1426 5478 1498 5518 εις
1547 5478 1663 5512 ουο·
1715 5478 1936 5584 Ἅναντον
1982 5482 2083 5536 γαρ
2143 5483 2223 5520 ην.

581 5535 639 5585 τὸ
668 5534 758 5604 μὶν
811 5534 1088 5603 στημόνιον
1138 5531 1318 5582 ἵστατο
1367 5531 1558 5604 ὄρθιον
1613 5533 1671 5582 τό
1767 5533 1788 5582 ε
1839 5529 2060 5604 ύφάδιον
2113 5536 2226 5586 ἔπε-

653 5712 731 5785 (h)
787 5707 1358 5785 Lucemqueﬂatun‘.
1405 5713 1472 5768 Et
1501 5709 1896 5784 splendituri:
1939 5700 2227 5769 nimirum

581 5782 799 5843 dietate
843 5787 900 5839 et
932 5782 1267 5840 virtutibus.

651 5857 715 5930 (ι)
744 5855 905 5922 Quod
924 5864 1117 5914 autem
1147 5887 1217 5900 —
1245 5856 1455 5929 accipe.
1485 5856 1701 5928 Accipe
1729 5869 1974 5928 prorsus
1999 5869 2118 5913 non
2140 5856 2228 5912 est

2343 5266 2428 5300 σεν
2484 5245 2646 5296 κάτω.
2707 5239 2883 5301 Οὕτως
2953 5240 3226 5312 ἱστόρηται.
3273 5238 3417 5312 παρά
3461 5244 3533 5312 τῷ
3581 5242 3771 5311 Πατρὶ
3823 5240 3968 5310 ἡμῶν

2681 5292 3076 5394 ζξὶρυσοστόμῳ.Ι
3106 5292 3220 5390 Sed
3254 5292 3417 5380 apud
3450 5292 3974 5381 Chrysostom'um

2337 5389 2484 5446 nihil
2518 5389 2774 5457 reperio.
3126 5389 3130 5390 '
3673 5451 3686 5461 .

2409 5459 2524 5531 ('55)
2563 5459 2686 5531 lmo
2729 5457 2965 5531 κέντουμ,
3010 5456 3075 5531 ut
3127 5454 3337 5508 notum
3390 5453 3499 5531 est.
3551 5451 3720 5531 Fecit
3763 5456 3972 5508 autem

2337 5525 2574 5588 Graecus
2605 5527 2684 5584 ad
2723 5525 2981 5582 formam
3012 5526 3380 5588 Graecorum,
3405 5526 3469 5579 ut
3498 5525 3672 5577 πέντε.

2333 5713 2396 5765 in
2421 5710 2642 5766 Graeco.
2666 5703 2908 5761 Brevius
2931 5701 3183 5759 reddas:
3213 5700 3383 5770 Quod
3406 5713 3546 5758 vero
3561 5699 3978 5772 probabilius.

2335 5783 2618 5858 Ἐρμηνεία
2640 5781 2962 5858 χαριεστέρα
2998 5779 3088 5858 est
3114 5772 3525 5846 interpretatio
3554 5773 3977 5846 probabilior,

2335 5847 2584 5916 acutior,
2621 5847 2913 5919 subtilior,
2945 5847 3162 5906 verior.
