4188 6444
243 331 372 395 73τ

1339 335 1709 395 COMMENT.
1752 336 1820 395 IN
1862 334 2306 396 MATTH/EUM.
2355 371 2422 379 —
2459 339 2613 396 CAP.
2655 335 2877 395 XXVII.

3520 337 3623 393 738

245 465 496 526 ’Δληθῶς
566 465 593 516 ὁ
655 465 925 536 ἄνθρωπος
986 463 1135 525 οὗτος
1191 464 1313 524 Υἱός
1364 466 1424 521 ἡν
1484 471 1644 520 Θεοῦ.
1711 461 1862 518 Ἰδὼν

1983 464 2071 521 hic
2090 466 2272 520 Filius
2301 465 2408 521 Dei
2436 470 2564 521 erat
2597 466 2663 518 ⁸⁵.
2703 465 2950 519 lntuitus
2969 463 3258 534 siquidem
3292 463 3452 534 quod
3483 478 3622 518 cum

246 555 332 606 ὃτι
363 556 509 623 (56),
542 555 672 626 μετὰ
723 553 1022 628 παρρησίας
1065 557 1272 625 Πατέρα
1322 556 1407 604 τὸν
1459 557 1586 606 Θεὸν
1617 554 1858 637 καλέσας⁹

248 648 343 694 καὶ
390 643 466 704 εἰς
511 649 696 715 χεῖρας
749 643 910 694 αὑτοῦ
962 644 1272 716 παραθεῖναι
1320 648 1412 700 τὴν
1450 642 1636 714 ψυχὴν
1680 643 1864 696 ἑαυτοῦ

251 731 706 803 ἐπαγγειλάμενος,
783 735 918 802 μοτὰ
973 734 1159 803 μικρὸν
1215 730 1508 794 ἐξέπνευσεν
1559 752 1571 764 ·
1629 729 1754 784 ἰδὼν
1807 729 1866 784 δε

252 825 340 872 καὶ
400 823 470 872 τὰ
521 827 812 878 τηνικαῦτα
863 824 1108 891 γενόμενα
1159 822 1370 892 φρικτὰ,
1423 819 1728 873 ἐπίστευσεν
1787 822 1866 873 ὅτι

253 911 372 970 Υἱὸς
433 905 495 966 ἧν
549 916 704 962 Θεοῦ.
759 907 818 960 Ὀ
851 905 911 960 δὲ
963 915 1172 970 Λουκᾶς
1219 908 1352 980 λέγει
1407 914 1526 981 περὶ
1568 909 1729 961 αὐτοῦ
1785 911 1865 962 ὅτι

253 995 406 1051 Ἰδὼν
477 1000 504 1049 ό
578 997 967 1070 ἑκατόνταρχος
1035 1001 1094 1049 τὸ
1169 1004 1459 1070 γενόμενον,
1515 995 1735 1060 ἑδόξασε
1777 1002 1864 1052 τὸν

257 1090 406 1156 Θεὸν,
463 1086 623 1158 λέγων
664 1101 678 1116 ·
740 1085 943 1148 Ὄντως
1006 1105 1034 1137 ο
1092 1088 1358 1158 ἄνθρωπος
1421 1087 1570 1148 οὗτος
1657 1084 1864 1149 δίκαιος

254 1179 316 1236 ἧν
348 1194 360 1206 ·
396 1173 622 1240 δίκαιον,
656 1172 825 1248 οἶμαι,
869 1180 953 1228 τόν
1001 1177 1134 1228 θείον
1167 1174 1449 1248 ὀνομάσας.
1496 1175 1562 1228 ⁴Η
1607 1182 1697 1228 καὶ
1726 1187 1861 1250 πρῶ-

257 1285 342 1318 τον
379 1269 469 1338 μεν
515 1264 692 1326 ἁπλῶς
735 1262 894 1330 εἶπεν,
921 1266 1004 1316 ὅτι
1049 1261 1250 1326 δίκαιος
1280 1261 1341 1323 ἦν
1370 1283 1381 1295 ·
1415 1263 1524 1318 εἶτα
1543 1265 1858 1340 τελεώτερον,

257 1357 335 1408 ὃτι
385 1357 503 1415 Υἱός
553 1351 614 1413 ἦν
680 1361 840 1412 Θεοῦ.
911 1356 1212 1429 Προσέθηκε
1270 1351 1332 1408 δε
1377 1360 1586 1416 Λουκᾶς
1645 1357 1725 1410 ὅτι
1773 1360 1862 1408 καὶ

253 1446 441 1504 πάντες
499 1445 548 1496 οἱ
603 1448 1120 1518 συμπαραγενόμενοι
1169 1443 1316 1514 ὄφλει
1363 1443 1446 1498 ἐπὶ
1503 1449 1598 1502 τὴν
1649 1446 1862 1519 θεωρίαν

251 1536 472 1602 ταύτην,
535 1535 838 1608 θεωροῦντες
895 1536 962 1586 τὰ
1013 1536 1278 1604 γενόμενα,
1337 1536 1612 1593 τύπτοντες
1667 1533 1861 1586 ἑαυτῶν

251 1625 318 1675 τὰ
387 1624 559 1681 στήθη
638 1622 971 1696 ὑπέστρεφον.
1028 1626 1112 1680 Μὴ
1186 1622 1470 1694 τολμῶντες
1527 1625 1628 1694 γὰρ
1694 1621 1862 1674 λαλεῖν

257 1709 349 1765 διὰ
401 1715 491 1764 τὸν
545 1709 700 1784 φόϐον
764 1720 863 1762 τῶν
922 1709 1229 1785 ἀρχιερέων,
1285 1714 1500 1764 ἔτυπτον
1547 1711 1741 1764 ἑαυτῶν
1799 1714 1865 1763 τὰ

1972 553 2240 608 libertate
2268 553 2452 608 Deum
2484 557 2712 608 Patrem
2747 557 3032 620 vocasset,
3063 557 3117 606 et
3145 552 3204 606 in
3253 567 3468 606 manus
3493 551 3621 622 ejus

1976 642 2249 714 spiritum
2297 659 2474 698 suum
2515 641 2942 697 commendare
2969 657 3034 696 se
3058 645 3305 696 testatus
3335 647 3507 705 esset,
3556 657 3624 697 ac

1978 731 2158 802 paulo
2185 738 2318 804 post
2343 736 2695 804 exspirasset
2728 749 2741 786 :
2771 731 3010 786 intuitus
3034 745 3276 802 quoque
3309 729 3460 786 adeo
3488 729 3624 785 hor-

1976 821 2163 876 renda
2189 837 2325 893 quae
2353 820 2596 876 ﬁebant.
2629 820 2873 875 credidit
2898 819 3102 875 Filium
3126 834 3254 874 esse
3288 818 3404 874 Dei.
3433 819 3624 874 Lucas

1977 926 2109 965 vero
2138 911 2212 965 de
2234 926 2304 966 eo
2334 910 2507 965 dicit:
2535 910 2745 966 Videns
2766 910 3034 965 centurio
3047 909 3204 980 quod
3221 909 3450 978 factum
3473 914 3622 973 erat,

1973 999 2333 1069 gloriﬁcavit
2349 999 2534 1055 Deum
2548 998 2765 1064 dicens,
2798 999 2935 1055 Vere
2947 997 3106 1054 homo
3119 998 3410 1066 hicjustus
3421 1001 3540 1052 erat
3551 1000 3598 1032 ⁶⁶
3607 1015 3624 1068 ;

1971 1090 2224 1152 Justum,
2257 1093 2320 1144 ut
2355 1087 2588 1159 opinor,
2624 1088 2900 1144 divinum
2929 1086 3275 1143 nominans.
3316 1086 3413 1143 Vel
3447 1087 3625 1142 etiam

1973 1176 2232 1250 primum
2265 1177 2497 1250 quidem
2543 1177 2709 1242 dixit,
2769 1176 2934 1250 quod
2960 1176 3158 1247 justus
3207 1179 3334 1232 erat
3369 1192 3382 1242 ;
3417 1175 3628 1231 deinde

1972 1266 2216 1322 tandem
2247 1266 2412 1339 quod
2437 1267 2617 1322 Filius
2638 1266 2739 1321 Dei
2770 1271 2916 1322 erat.
2949 1265 3129 1320 Addit
3157 1272 3355 1322 autem
3395 1265 3584 1321 Lucas
3610 1283 3622 1324 :

1971 1355 2048 1410 Et
2063 1371 2255 1412 omnes
2277 1356 2462 1412 turbae
2487 1371 2622 1428 quae
2641 1357 2818 1412 simul
2841 1361 3204 1412 accesserant
3223 1355 3304 1411 ad
3327 1359 3629 1424 spectacu-

1973 1443 2093 1500 lum
2103 1445 2283 1515 illud,
2303 1445 2559 1502 videntes
2571 1460 2702 1516 quae
2733 1445 2966 1513 ﬁebant,
2990 1445 3372 1516 percutientes
3384 1450 3574 1513 pecto:
3592 1460 3627 1500 a

1971 1550 2084 1591 sua
2112 1535 2567 1592 revertebantur
2593 1535 2640 1570 ⁸⁷
2669 1537 2744 1606 (j)
2767 1535 3069 1600 ;dolorem
3096 1534 3366 1590 videlicet
3391 1533 3630 1590 interio-

1973 1641 2099 1680 rem
2141 1624 2568 1695 signiﬁcantes.
2584 1625 2996 1695 Intelligebant
3019 1625 3177 1680 enim
3195 1639 3228 1680 a
3250 1623 3629 1696 praecedenti-

1975 1715 2087 1769 bus
2118 1714 2323 1784 signis,
2356 1719 2412 1770 et
2432 1715 2508 1770 ab
2532 1714 2624 1768 his
2645 1729 2781 1786 quin
2812 1713 3185 1779 accidebant,
3208 1713 3364 1779 quod
3387 1717 3444 1768 et
3469 1727 3628 1769 crea-

258 1803 453 1867 στήθη,
517 1804 860 1873 σημαίνοντες
907 1805 1000 1858 τὴν
1052 1799 1186 1860 ἐντὸς
1224 1797 1437 1858 ὀδύνην.
1481 1808 1710 1859 Συνῆκαν
1740 1802 1858 1872 γὰρ,

1983 1810 2107 1858 tura
2185 1805 2528 1876 passionem
2580 1803 2736 1858 illius
2801 1819 2923 1859 non
2975 1803 3169 1859 ferens
3226 1801 3628 1875 compatieba-

256 1889 357 1943 ἀπό
412 1909 467 1942 τε
515 1898 616 1941 τῶν
666 1887 1028 1963 προλαϐόντων
1088 1894 1337 1962 σημείων,
1370 1888 1471 1941 ἀπό
1521 1909 1574 1942 τε
1619 1899 1718 1942 τῶν
1751 1895 1864 1942 τότε

256 1984 560 2052 γενομένων,
618 1979 696 2030 ὅτι
749 1979 882 2040 θεῖος
941 1979 1209 2051 ἅνθρωπος
1263 1976 1344 2044 ἣν,
1403 1984 1492 2031 καὶ
1550 1981 1864 2051 συμπάσχει

266 2069 408 2139 αὐτῷ
434 2071 466 2126 ἠ
499 2071 695 2130 κτίσις,
727 2071 800 2139 μή
827 2071 1060 2140 φέρουσα
1083 2072 1141 2120 τὸ
1167 2070 1331 2130 πάθος
1364 2069 1546 2124 αὐτοῦ.

339 2157 510 2210 Ἦσαν
540 2188 606 2198 -—
653 2156 814 2226 αύτῷ.
851 2163 1191 2228 Χορηγοῦσαι
1238 2159 1305 2209 τὰ
1341 2161 1472 2232 πρὸς
1523 2160 1617 2210 τὰν
1657 2161 1864 2232 χρείαν.

275 2249 454 2318 Χορός
506 2244 602 2319 γὰρ
649 2242 785 2304 ἦσαν
851 2250 941 2298 καὶ
993 2246 1147 2298 αὗται
1205 2246 1317 2317 (56)
1375 2249 1698 2320 μαθητριῶν,
1749 2251 1868 2322 περὶ

277 2341 378 2394 τὴν
434 2337 724 2409 Θεομάτορα
780 2338 1113 2408 τεταγμέναι,
1163 2336 1252 2386 καὶ
1309 2340 1644 2410 παρέχουσαι
1701 2333 1870 2389 δαπά-

275 2444 366 2484 νας
422 2423 476 2475 ἑκ
525 2432 615 2475 τῶν
660 2428 959 2496 προσόντων
1010 2424 1214 2486 αὐταῖς.
1271 2430 1372 2478 Καὶ
1441 2427 1536 2499 ὅρα
1583 2430 1676 2483 τὴν
1725 2426 1870 2488 τάξιν

271 2513 728 2586 ἁντιστραγείσαν.
780 2515 846 2565 Οἱ
894 2515 1130 2586 μαθηταὶ
1181 2517 1281 2587 γὰρ
1339 2517 1544 2586 ἔφυγον,
1574 2517 1628 2567 αἰ
1672 2512 1730 2568 δε
1769 2536 1872 2588 μα-

270 2604 484 2677 θήτριαι
513 2606 846 2676 παρέμειναν.

335 2691 422 2742 Ἐν
470 2721 537 2731 -
590 2700 690 2742 τῶν
743 2694 867 2743 υἱῶν
923 2687 1226 2744 Ζεϐεδαίου.
1292 2690 1460 2764 [Τινὲς
1512 2693 1627 2765 (58)
1677 2690 1736 2746 δὲ
1794 2693 1867 2746 λέ·

257 2799 445 2851 γουσι,
505 2784 640 2853 μετὰ
691 2783 745 2832 τὸ
804 2788 1030 2852 ταφῆναι
1086 2785 1173 2834 τὸν
1225 2785 1479 2856 Χριστόν,
1549 2780 1871 2836 ἀπελθοῦσαν

257 2875 356 2928 τὴν
418 2873 676 2923 Θεοτόκον
738 2877 1049 2922 καταπεσεῖν
1116 2872 1217 2923 ύπὸ
1284 2870 1452 2932 λύπης
1527 2871 1871 2947 ὑπερϐαλλού-

261 2979 379 3028 σης,
441 2963 533 3011 καὶ
586 2954 719 3031 μηδ’
752 2958 1030 3031 ἀφικέσθαι
1073 2961 1204 3031 μετὰ
1246 2968 1400 3012 τοῦτο
1428 2964 1553 3033 πρὸς
1577 2965 1661 3014 τὸν
1692 2964 1869 3034 τάφον,

258 3045 681 3106 ἀδυνατήσασαν
753 3046 808 3099 ἐκ
880 3044 1109 3123 σφοδρᾶς
1158 3045 1524 3122 περιωδυνίας,
1583 3049 1710 3102 ἀλλὰ
1764 3060 1870 3103 κεί-

261 3139 391 3189 σθαι
452 3142 543 3188 καὶ
599 3138 800 3212 θρηνεῖν
866 3141 1029 3212 μέχρι
1089 3146 1187 3189 τῶν
1256 3137 1560 3210 εὐαγγελίων
1615 3144 1704 3192 καὶ
1753 3138 1942 3226 ἀνα-ϐ

263 3228 505 3288 στάσεως
533 3225 556 3299 ]

337 3314 544 3368 Πολλῶν
616 3314 807 3385 οὐσῶν,
860 3318 949 3377 τὰς
1024 3314 1402 3389 ἐπισημοτέρας
1476 3314 1868 3390 ἀπαριθμείται.

259 3407 409 3466 Τινὲς
461 3407 552 3477 μὲν
603 3400 691 3456 οὖν
753 3424 929 3476 φασιν,
963 3406 1029 3466 ὡς
1070 3405 1099 3463 ἡ
1164 3410 1413 3466 Θεοτόκος
1467 3403 1606 3458 ἐστὶν
1660 3407 1688 3464 ἡ
1732 3410 1872 3482 παρά

261 3501 374 3554 τοῖς
424 3493 824 3565 εύαγγελισταίς
879 3494 1243 3566 ὀνομαζομένη
1298 3497 1424 3546 ποτε
1475 3497 1565 3566 μὲν
1617 3501 1710 3547 τοῦ
1769 3495 1869 3548 Ἰαο

260 3584 440 3634 κὼϐον
495 3587 586 3635 καὶ
653 3583 806 3642 Ἰωσῆ
865 3586 1064 3657 μήτηρ,
1124 3585 1244 3636 ποτε
1311 3579 1370 3636 δε
1436 3588 1614 3656 Μαρία
1667 3583 1778 3655 (59)
1838 3586 1867 3643 ἡ

261 3669 540 3740 Ἰακώϐου,
595 3675 719 3724 ποτε
795 3668 852 3724 δε
917 3677 1097 3745 Μαρία
1152 3673 1181 3730 ἡ
1249 3680 1339 3724 τοῦ
1411 3673 1560 3731 Ἰωσῆ
1600 3690 1612 3703 ·
1685 3669 1872 3735 παῖδες

259 3761 366 3832 γὰρ
422 3760 567 3812 οὗτοι
622 3769 695 3832 τῷ
757 3759 970 3833 Ἰωσήφ.
1026 3766 1125 3814 Καὶ
1181 3762 1354 3836 ὥσπερ
1407 3764 1431 3813 ὁ
1493 3765 1665 3836 πατὴρ
1705 3763 1870 3815 αὐτῶν

261 3847 397 3923 ἀνὴρ
448 3849 613 3907 αὐτῆς
672 3850 964 3922 ὠνομάζετο
1042 3847 1135 3902 διὰ
1191 3856 1284 3909 τὴν
1365 3852 1682 3924 οἰκονομίαν,
1739 3850 1872 3904 οὕτω

258 3943 352 3991 καὶ
400 3937 550 3991 αὐτοὶ
588 3939 739 3991 πάλιν
796 3941 901 3992 υἱοὶ
945 3939 1127 4001 αὐτῆς.
1177 3939 1616 4016 Δυσπαράδεκτος
1660 3940 1772 4012 (60)
1814 3938 1872 3994 δε

256 4029 284 4080 ὁ
314 4028 476 4100 λόγος
529 4028 679 4090 οὗτος
719 4024 881 4083 δοκεῖέ
941 4036 1149 4104 Πρῶτον
1188 4033 1278 4102 μὲν
1317 4033 1417 4101 γὰρ
1475 4027 1625 4084 οὐδὲν
1684 4030 1871 4083 ἐκώλυε

253 4121 468 4189 μητέρα
521 4126 610 4170 τοῦ
644 4119 820 4176 Ἰησοῦ
852 4122 1045 4177 ταύτην
1096 4119 1353 4192 ὀνομάσαι
1388 4140 1399 4152 ο
1434 4129 1586 4173 τοῦτο
1616 4123 1716 4194 γὰρ
1747 4119 1868 4173 δια-

251 4212 431 4282 φόρως
486 4206 644 4266 αὐτὴν
684 4213 960 4281 ὠνόμασαν
1009 4207 1056 4260 ἐν
1093 4216 1206 4269 ταῖς
1254 4208 1639 4282 προλαϐούσαις
1679 4207 1870 4283 διηγῆ-

251 4311 452 4350 σεσιν⁶
490 4296 664 4348 ἔπειτα
720 4302 809 4348 καὶ
867 4299 1162 4372 παράλογον
1227 4306 1504 4370 πανταχοῦ
1564 4302 1867 4374 προτάττειν

250 4385 422 4445 αὗτῆς
470 4390 562 4443 τὴν
615 4383 974 4456 Μαγδαληνήν
1029 4384 1076 4438 ἐν
1129 4393 1238 4448 τοῖς
1299 4385 1475 4458 ἐφεξῆς
1537 4387 1724 4459 λόγοις,
1779 4393 1867 4440 καὶ

1976 1899 2072 1949 tur
2097 1893 2167 1949 ei.

2050 2144 2210 2200 Vers.
2244 2145 2332 2200 55.
2370 2145 2652 2201 Erantet.
2693 2143 3152 2215 Suppeditantes
3179 2158 3314 2216 quae
3341 2143 3391 2198 ei
3423 2159 3628 2200 neces-

1981 2235 2142 2290 saria
2161 2239 2309 2291 erat.
2351 2235 2576 2291 Chorus
2615 2234 2775 2290 enim
2816 2239 2941 2289 erat
2983 2233 3417 2306 discipularum
3464 2235 3627 2305 apud

1982 2322 2090 2383 Dei.
2106 2326 2344 2382 Matrem
2376 2324 2850 2393 conjunctarum,
2884 2327 2942 2378 et
2965 2338 3266 2393 expensas
3296 2322 3371 2378 de
3398 2323 3518 2378 suis
3547 2322 3631 2378 fa-

1981 2413 2298 2469 cultatibus
2315 2413 2846 2485 suppeditantium.
2881 2412 2947 2467 Et
2977 2412 3109 2466 vide
3141 2427 3496 2467 conversum
3541 2428 3630 2468 or-

1980 2503 2182 2559 dinem
2205 2521 2218 2555 :
2235 2502 2514 2574 discipuli
2533 2501 2834 2575 siquidem
2854 2502 3144 2572 iugerant,
3163 2501 3468 2574 discipulae
3484 2517 3621 2558 vero

1981 2577 2317 2649 assistentes
2347 2593 2802 2664 permanebant.

2052 2681 2217 2738 Vers.
2248 2683 2338 2736 56.
2374 2682 2539 2738 Inter
2577 2711 2646 2720 —
2671 2680 2935 2748 ﬁliorum
2963 2680 3244 2737 Zebedaei.
3269 2681 3313 2751 ἦ·
3354 2681 3396 2750 -ι-
3423 2679 3634 2736 Dicunt.

1981 2769 2271 2836 nonnulli,
2299 2771 2612 2844 Deiparam
2633 2774 2768 2843 post
2785 2769 3151 2842 sepulturam
3177 2770 3386 2826 Christi
3417 2768 3632 2825 abiisse

1981 2877 2050 2917 ac
2071 2861 2254 2922 nimio
2275 2877 2526 2917 maerore
2543 2858 2902 2925 concidisse,
2936 2875 3046 2916 nec
3076 2865 3286 2932 postea
3319 2859 3395 2914 ad
3436 2859 3636 2930 sepul-

1981 2965 2141 3006 crum
2164 2954 2500 3016 accessisse,
2524 2950 2702 3005 nimio
2720 2947 2922 3004 dolore
2945 2949 3240 3015 afﬂictam,
3263 2948 3364 3004 sed
3376 2947 3635 3019 jacuisse

1983 3055 2054 3095 ac
2081 3040 2254 3096 ﬂesse
2282 3056 2471 3112 usque
2509 3039 2585 3096 ad
2613 3039 3058 3095 resurrectionis
3108 3039 3411 3094 nuntium.

2055 3310 2199 3365 Cum
2247 3307 2449 3364 multae
2499 3313 2714 3372 essent,
2750 3306 3104 3375 insigniores
3134 3311 3466 3362 enumerat.
3497 3308 3636 3372 Qui-

1982 3398 2125 3454 dam
2150 3398 2351 3469 itaque
2381 3397 2606 3461 dicunt,
2649 3395 2814 3469 quod
2843 3395 2943 3450 Dei
2976 3399 3152 3451 Mater
3176 3402 3281 3460 est,
3314 3411 3448 3466 quae
3475 3396 3634 3466 apud

1982 3486 2388 3557 Evangelistas
2440 3501 2599 3542 nunc
2638 3484 2885 3558 quidem
2915 3483 3123 3540 Jacobi
3166 3490 3223 3540 et
3275 3484 3410 3538 Jose
3442 3492 3636 3539 mater

1980 3577 2348 3642 nominatur,
2380 3575 2748 3648 quandoque
2775 3580 2975 3630 autem
2998 3572 3180 3630 Maria
3201 3572 3427 3639 Jacobi,
3458 3572 3634 3629 inter-

1981 3666 2128 3722 dum
2166 3682 2306 3721 vero
2346 3665 2522 3722 Maria
2558 3663 2694 3720 Jose
2728 3681 2742 3730 ;
2777 3680 2919 3720 nam
2947 3663 3005 3718 hi
3032 3663 3133 3734 ﬁlii
3169 3667 3334 3719 erant
3388 3663 3630 3736 Joseph.

1981 3758 2048 3814 Et
2067 3755 2588 3830 quemadmodum
2615 3760 2784 3826 pater
2798 3754 3034 3810 illorum
3063 3753 3152 3808 vir
3167 3754 3216 3824 ej
3229 3770 3295 3812 us
3324 3751 3636 3810 dicebatur

1983 3853 2225 3920 propter
2301 3845 2832 3918 dispensationem,
2898 3844 2978 3900 ita
3041 3859 3250 3898 rursus
3324 3842 3440 3915 ipsi
3533 3843 3632 3898 ﬁlii

1982 3929 2251 4008 Virginis.
2316 3936 2530 3992 Verum
2610 3951 2807 3991 sermo
2871 3933 2967 3990 hic
3015 3933 3317 3989 absurdus
3382 3932 3634 3988 videtur.

1981 4027 2241 4084 Primum
2276 4025 2594 4098 siquidem,
2619 4025 2764 4096 quid
2783 4023 3136 4094 prohibebat
3159 4039 3293 4078 eam
3337 4021 3637 4094 appellare

1982 4119 2225 4172 Matrem
2255 4117 2394 4170 Jesu
2433 4115 2460 4171 ?
2490 4113 2817 4186 praesertim
2858 4128 2994 4167 cum
3054 4113 3113 4166 in
3157 4111 3632 4184 praecedentibus

1981 4203 2417 4262 narrationibus
2449 4209 2512 4258 ut
2541 4201 2978 4274 plurimum'ita
3017 4215 3149 4254 eam
3182 4198 3634 4270 appellaverint.

1983 4293 2198 4349 Deinde
2237 4291 2569 4347 absurdum
2601 4304 2843 4362 quoque
2874 4287 3023 4343 foret
3061 4289 3119 4342 in
3161 4288 3308 4342 locis
3335 4285 3635 4358 sequenti-

1977 4381 2093 4437 bus
2132 4381 2355 4452 ubique
2390 4379 2782 4448 Magdalenen
2822 4377 2870 4432 ei
2927 4376 3208 4446 praeponi,
3243 4380 3299 4430 et
3323 4374 3634 4429 ostendere

251 4471 516 4528 δεικνύειν
591 4477 898 4548 θερμοτέραν
966 4485 1057 4536 τῆς
1130 4481 1480 4550 Θεομήτορος.
1537 4475 1688 4530 Ὀθεν
1746 4480 1866 4530 ύπο·

1983 4471 2140 4527 illam
2178 4470 2357 4525 fuisse
2406 4472 2580 4525 Matre
2637 4467 2736 4522 Dei
2765 4464 3202 4522 ferventiorem.
3239 4463 3404 4561 Unde
3432 4464 3637 4534 suspi-

247 4571 474 4635 νοοῦμεν
532 4566 611 4615 ὃτι
669 4564 794 4622 ἄλλη
864 4585 938 4624 τις
1011 4559 1071 4623 ἦν
1151 4566 1180 4623 ἡ
1240 4571 1420 4640 Μαρία
1468 4567 1624 4632 αὕτη,
1689 4573 1863 4642 μήτηρ

256 4649 401 4705 οὖσα
451 4651 704 4705 Ἰακώϐου
753 4660 844 4705 τοῦ
902 4659 1108 4728 Μικροῦ
1155 4657 1242 4705 καὶ
1300 4654 1477 4724 Ἰωσῆ,
1512 4655 1570 4707 ού
1611 4665 1708 4707 τῶν
1740 4659 1864 4708 υἱῶν

257 4748 356 4794 τοῦ
404 4741 618 4815 Ἰωσὴφ,
669 4740 776 4794 ἀλλ’
817 4741 1018 4818 ἐτέρων,
1073 4740 1173 4794 ἀπὸ
1223 4751 1321 4796 τῶν
1371 4740 1730 4817 ἐϐδομήκοντα
1763 4767 1864 4818 μα-

330 4948 382 4985 ss
412 4946 595 5004 Marc.
628 4962 708 5019 γι,
743 4947 829 5003 39.
910 4947 958 4984 ⁸⁸
983 4947 1121 5004 Luc.
1147 4963 1310 5023 χχιιι,
1335 4950 1428 5006 47.
1505 4952 1553 4988 ⁸⁷
1583 4950 1742 5014 ibid.
1769 4955 1865 5010 48ο

1977 4577 2186 4618 camur
2208 4559 2455 4615 alteram
2485 4556 2812 4631 quamdam
2835 4555 3019 4610 fuisse
3041 4553 3196 4608 hanc
3218 4550 3483 4618 Mariam,
3503 4568 3634 4624 quae

1977 4656 2167 4707 mater
2195 4655 2321 4706 erat
2346 4647 2553 4705 Jacobi
2597 4645 2767 4700 Parvi
2799 4649 2856 4699 et
2887 4645 3038 4714 Jose,
3084 4658 3207 4698 non
3246 4641 3508 4697 ﬁliorum
3538 4643 3643 4698 Jo-

1979 4742 2143 4815 seph,
2176 4741 2280 4797 sed
2300 4738 2578 4802 aliorum,
2603 4734 2707 4807 qui
2727 4738 2895 4791 erant
2914 4749 2946 4790 e
2971 4731 3352 4805 septuaginta
3372 4731 3643 4805 discipu-

1601 5153 1828 5228 Variae
1855 5155 2218 5230 lectiOnes.

324 5380 442 5455 (56)
484 5381 611 5455 I‘afp,
653 5385 789 5436 ante
827 5380 928 5448 ὅτι,
969 5379 1315 5453 interponit.
1356 5380 1429 5437 A.
1512 5353 1515 5358 Α

323 5454 444 5519 (57)
482 5454 762 5510 Μαθητῶν.
787 5457 850 5504 Α.
875 5503 880 5510 .

325 5521 445 5599 (58)
483 5526 613 5581 Haec
631 5528 880 5596 uterque
895 5523 1084 5596 codex
1100 5521 1163 5580 in
1190 5523 1462 5596 margine
1484 5523 1746 5584 exhibet.
1766 5525 1871 5583 Ca‘

322 5697 402 5775 (j)
440 5706 587 5759 Ante
601 5696 863 5776 dolorem
878 5701 1177 5776 adde,non
1201 5702 1489 5776 addentes
1500 5705 1660 5762 enim
1680 5695 1866 5776 loqui,

227 5774 718 5850 praptermetum
726 5774 1068 5847 principum
1079 5774 1870 5848 sacerdotum,percutie6ant

1981 5385 2070 5440 ret
2093 5381 2164 5437 iis
2194 5375 2528 5436 Hentenius.

2053 5453 2166 5522 (59)
2193 5452 2276 5518 ’H,
2310 5450 2498 5508 abest.
2533 5449 2600 5504 A.

2054 5524 2170 5597 (60)
2195 5525 2320 5580 Τοῦ.
2362 5526 2429 5578 Α.

1977 5695 2362 5775 (plangebant)
2404 5703 2650 5775 pectora
2673 5712 2801 5758 sua.
2838 5693 3006 5756 Forte
3034 5691 3164 5752 hinc
3192 5688 3538 5752 exciderant
3567 5703 3643 5748 ex

1978 5771 2184 5834 codice
2219 5771 2519 5834 Hentenii.
