4188 6486
261 407 368 462 741

1243 413 1612 470 COMMENT.
1667 413 1735 469 IN
1774 404 2218 469 MATTH/EUM.
2259 441 2326 451 --
2365 409 2524 468 CAP.
2577 404 2803 467 XXVII.

3386 26 3487 31 ,γέ
3560 24 3567 37 ρ
3614 14 3903 52 -νζἻ-νζᾶετ
3957 5 3999 34 ι’·

2109 16 3976 92 ·

3525 407 3632 465 742

257 537 521 608 προτέραν
572 537 671 611 γὰρ
724 535 919 592 δειλίαν
972 546 1035 612 τῇ
1089 540 1307 613 ὕστερον
1353 539 1614 615 τολμηρίᾳ
1670 541 1855 612 θαυμα-

1977 537 2239 592 Priorem
2269 535 2430 591 enim
2456 536 2729 591 timorem
2770 533 3036 606 sequenti
3065 532 3317 589 audacia
3345 535 3631 590 mirabili-

261 628 393 684 σίως
456 622 762 696 ἀπενίψατο,
814 634 902 681 καὶ
969 629 1041 692 εἰς
1097 631 1313 682 θάνατον
1376 627 1618 692 ἐξέδωκεν
1691 629 1867 682 ἑαυτὸν

257 720 322 784 τῇ
375 717 508 787 πρὸς
563 718 648 767 τὸν
703 713 1028 770 διδάσκαλον
1079 719 1271 792 εὐνοίᾳ,
1328 724 1419 776 τὴν
1466 723 1608 792 παρά
1663 721 1866 772 πάντων

261 809 367 853 τῶν
401 799 670 856 Ἰουδαίων
702 804 986 878 ἀπέχθειαν
1017 806 1410 882 ἀναδεξάμενος.

335 897 466 944 Τότε
509 925 578 934 -
646 903 815 967 σῶμα.
889 899 1103 972 Μάρκος
1161 895 1220 950 δὲ
1278 917 1436 970 φησιν
1497 899 1577 950 ὅτι
1645 897 1868 958 Πιλάτος

266 978 584 1053 ἐθαύμασεν,
665 984 708 1035 εἰ
779 981 886 1044 ἤδη
977 988 1206 1052 τέθνηκε,
1282 991 1373 1039 καὶ
1444 986 1867 1060 προσκαλεσάμε-

264 1088 357 1131 νος
436 1073 523 1122 τὸν
601 1077 933 1147 κεντυρίωνα,
1021 1073 1353 1148 ἐπηρώτησεν
1415 1076 1592 1139 αὐτὸν,
1673 1076 1716 1128 εἰ
1767 1079 1866 1128 πά-

263 1157 358 1211 λαι
431 1157 648 1212 ἀπέθανε
681 1177 694 1190 ⁸
764 1165 854 1214 καὶ
933 1182 1088 1234 γνους
1169 1163 1268 1217 ἀπὸ
1346 1172 1438 1217 τοῦ
1510 1166 1863 1236 κεντυρίωνος,

262 1244 574 1320 ἕδωρὴσατο
638 1252 697 1300 τὸ
759 1259 913 1323 σῶμα
977 1260 1050 1323 τῷ
1097 1253 1313 1326 Ἰωσήφ.
1378 1249 1687 1326 Προσεδόκα
1739 1255 1863 1327 γὰρ,

266 1332 504 1410 βραδέως
560 1336 831 1392 ἀποθανεῖν
884 1341 1061 1407 αὐτὸν,
1117 1345 1182 1403 ὡς
1242 1345 1372 1395 θεῖον
1421 1362 1540 1395 τινα
1601 1347 1689 1394 καὶ
1737 1343 1863 1416 ύπερ

261 1429 380 1485 τούς
419 1425 657 1489 πολλούς.
702 1428 863 1491 Αύτὸς
911 1426 991 1495 δε,
1037 1433 1101 1492 ὡς
1144 1433 1429 1506 ἄνθρωπος,
1480 1437 1618 1504 νόμῳ
1665 1433 1866 1504 φύσεως

259 1512 495 1574 ὶτελεύτη
505 1535 582 1570 σε.

330 1610 431 1658 Καὶ
482 1604 652 1657 λαϐὼν
713 1638 782 1649 -
850 1611 1076 1682 καθαρᾷ,
1125 1610 1183 1663 Ὀ
1242 1608 1301 1664 δε
1356 1612 1599 1674 Ἰωάννης
1670 1611 1864 1664 πλατύς

254 1712 402 1766 τερον
439 1697 689 1770 ἱστόρησε
726 1695 886 1770 λέγων
939 1719 951 1732 ο
982 1698 1166 1753 Ἦλθεν
1197 1699 1286 1752 οὖν
1321 1706 1409 1754 καὶ
1458 1697 1549 1776 ἦρε
1596 1704 1654 1753 τὸ
1712 1709 1863 1773 σῶμα

257 1791 349 1835 τοῦ
379 1784 585 1841 Ἰησὸῦ.
619 1783 810 1858 [Ἦλθε
853 1788 971 1858 (67)
1022 1785 1080 1841 δὲ
1131 1794 1218 1841 καὶ
1275 1786 1600 1862 Νικόδημος,
1635 1791 1660 1842 ό
1708 1789 1862 1843 ἐλθὼν

255 1876 380 1946 πρὸς
448 1878 537 1926 τόν
594 1876 805 1933 Ἰησοῦν
855 1881 1039 1940 νυκτός
1084 1885 1140 1930 τὸ
1197 1887 1418 1954 πρῶτον,

255 1965 491 2035 σμύρνης
543 1969 633 2016 καὶ
683 1962 862 2030 ἀλόης,
946 1969 1064 2020 ὡσεὶ
1133 1967 1305 2038 λίτρας
1377 1970 1575 2025 ἑκατόν.
1643 1967 1861 2023 Ἔλαϐον

255 2048 343 2103 οὖν
379 2056 440 2105 τὸ
482 2061 639 2126 σῶμα
671 2061 764 2106 τοῦ
810 2055 1040 2127 Ἰησοῦ,]
1091 2062 1179 2110 καὶ
1216 2054 1414 2116 ἔδησαν
1473 2058 1598 2111 αὐτὸ
1648 2058 1695 2111 ἓν
1749 2060 1858 2113 ὄθο-

260 2145 389 2202 νίοις
442 2145 568 2212 μετά
646 2151 745 2194 τῶν
803 2142 1108 2217 ἀρωμάτων,
1169 2148 1337 2207 καθώς
1398 2149 1510 2209 ἔθος
1582 2147 1694 2201 ἐστὶ
1752 2158 1860 2213 τοῖς

265 2226 544 2293 Ἰουδαίοις
606 2230 949 2304 ἐνταφιάζειν.
1017 2235 1301 2308 Ἐπίσημος
1351 2240 1441 2310 μὲν
1516 2237 1602 2289 οὖν
1661 2235 1720 2296 ἦν
1773 2244 1860 2292 καὶ

267 2323 517 2392 πρότερον
557 2322 580 2371 6
622 2322 839 2393 Ἰωσήφ,
897 2320 1272 2397 ἐπισημότερος
1327 2321 1384 2378 δὲ
1444 2331 1647 2398 ’γέγονεν
1697 2331 1750 2380 ἔκ
1807 2348 1860 2382 τε

262 2414 359 2458 τοῦ
390 2407 640 2480 τολμῆσαι
660 2408 832 2462 λαϐεῖν
870 2415 927 2463 τὸ
961 2421 1132 2484 σῶμα,
1183 2419 1272 2465 καὶ
1306 2423 1398 2466 τοῦ
1437 2425 1663 2488 τιμῆσαι
1709 2418 1854 2473 αύτό.

268 2500 370 2548 Καὶ
428 2499 526 2569 γὰρ
575 2497 627 2548 οὗ
669 2504 824 2570 μόνον
865 2495 1004 2573 ἦρεν,
1051 2500 1180 2554 ἀλλά
1219 2508 1308 2555 καὶ
1355 2504 1638 2567 πολυτελῶς
1689 2505 1856 2560 ἄνετα-

260 2590 417 2655 φίασε
487 2589 617 2657 μετά
665 2585 1000 2661 Νικοδήμου.
1079 2597 1315 2664 Μίγματι
1369 2589 1428 2645 δὲ
1484 2597 1718 2668 σμύρνης
1769 2601 1858 2649 καὶ

248 2670 412 2734 ἀλόης
465 2681 614 2726 τοῦτο
677 2675 1037 2748 ἐνεταφίασαν,
1094 2680 1226 2731 ὥστε
1301 2676 1561 2754 διαμένειν
1621 2684 1859 2742 ἄσηπτον

244 2766 336 2812 καὶ
392 2759 622 2826 εὐῶδες”
679 2768 754 2816 ἔτι
813 2769 913 2838 γὰρ
969 2769 1038 2829 ὡς
1095 2769 1361 2842 ἄνθρωπον
1427 2771 1599 2841 ψιλὸν,
1673 2772 1858 2846 ἐτίμων

243 2851 426 2903 αὐτόν.
463 2857 567 2905 Καὶ
594 2855 744 2925 ἡμεῖς
786 2855 894 2923 οὖν,
930 2859 988 2907 τὸ
1035 2865 1188 2929 σῶμα
1231 2867 1321 2910 τοῦ
1377 2866 1570 2936 Κυρίου
1624 2859 1716 2915 διὰ
1764 2872 1858 2925 τῆς

244 2939 586 3011 μεταλὴψεως
671 2941 1034 3015 λαμϐάνοντες,
1124 2951 1423 3022 μυρίσωμεν
1515 2959 1668 3004 τοῦτο
1747 2961 1858 3014 ταῖς

245 3024 494 3091 εὐωδίαις
530 3037 631 3082 τῶν
682 3031 874 3106 ἀρετῶν
912 3042 1002 3095 τῆς
1050 3053 1105 3086 τε
1168 3037 1402 3110 πράξεως
1455 3043 1544 3092 καὶ
1594 3048 1690 3104 τῆς
1737 3043 1857 3094 θεω-

243 3135 380 3189 ptas.

317 3211 421 3259 Καὶ
470 3238 554 3306 -.
598 3208 842 3277 ἀπῆλθεν,
903 3211 1067 3273 Οὗτος
1122 3216 1212 3285 μὲν
1268 3216 1293 3267 6
1342 3215 1715 3289 εὐαγγελιστὴς
1763 3230 1853 3275 τοῦ
1887 3247 1928 3306 C

244 3293 442 3368 Ἰωσὴφ
504 3294 634 3350 εἶναι
695 3302 754 3351 τὸ
807 3309 1055 3374 μνημεῖον
1105 3299 1258 3371 εἶπεν,
1323 3308 1372 3358 οἰ
1441 3307 1585 3360 ἄλλοι
1644 3306 1704 3362 δὲ
1760 3311 1853 3363 οὐκ

242 3382 658 3459 ἐσημειώσαντο,
738 3394 875 3451 τίνος
955 3387 1036 3449 ἦν.

243 3473 347 3525 Ἦν
411 3470 472 3527 δὲ
536 3475 586 3528 ἐν
644 3485 716 3548 τῷ
802 3485 964 3552 τόπῳ,

1111 3397 1248 3451 Φησὶ
1323 3398 1425 3468 ’γὰρ
1491 3398 1516 3449 ὁ
1568 3397 1848 3462 Ἰωάννης⁹

1052 3483 1179 3534 ὅπου
1264 3481 1588 3560 ἐσταυρώθη,
1666 3497 1850 3554 κῆπος,

246 3568 339 3614 καὶ
410 3562 460 3614 ἓν
517 3573 590 3636 τῷ
655 3570 808 3638 κήπῳ
882 3579 1128 3642 μνημεῖον
1207 3577 1368 3639 κενόν,
1448 3574 1498 3626 ἐν
1646 3573 1854 3629 οὐδέπω

247 3648 426 3713 οὐδεὶς
469 3652 639 3719 ἐτέθη,
689 3661 778 3707 καὶ
835 3659 900 3709 τὰ
956 3657 1091 3721 ἑξῆς.
1146 3661 1298 3723 Εἰκὸς
1347 3659 1454 3729 οὖν,
1510 3672 1602 3716 τοῦ
1659 3667 1852 3739 Ἰωσὴφ

244 3744 511 3815 ὑπάρχειν
562 3747 648 3796 τὸν
695 3752 881 3816 κῆπον,
937 3745 984 3798 ἐν
1115 3749 1176 3808 ἧν
1229 3755 1286 3803 τὸ
1343 3772 1586 3826 μνημεον.
1641 3754 1851 3828 ’ῼκονο-

244 3833 393 3902 μήθη
443 3828 503 3884 δὲ
553 3836 694 3885 κενὸν
744 3832 872 3887 εἶναι
917 3843 1090 3902 τοῦτο,
1145 3839 1226 3891 ἱνα
1289 3849 1382 3893 τοῦ
1435 3849 1667 3918 Σωτῆρος
1727 3845 1849 3898 ἀνα-

241 3923 463 3980 στάντος
507 3925 578 3992 μὴ
634 3925 858 3996 νομισθῇ
911 3927 1079 4001 ἕτερος
1134 3926 1438 3989 ἀναστῆναι.
1499 3935 1850 4008 Προσεκύλισε

237 4013 419 4080 μέντοι
493 4010 636 4063 λίθον
708 4016 890 4084 μέγαν,
969 4022 1322 4091 συναραμένου
1394 4020 1532 4092 αὐτῷ
1600 4029 1689 4075 καὶ
1753 4035 1845 4078 τοῦ

236 4095 579 4170 Νικοδήμου.
649 4104 718 4153 T6
781 4098 840 4155 δὲ
908 4113 1154 4176 μνημεῖον
1211 4107 1573 4174 σπηλαιοειδές
1628 4114 1690 4172 ἦν
1751 4114 1846 4167 λα-

236 4188 264 4251 ξ
267 4193 420 4240 ευτόν
430 4227 442 4240 .

304 4283 410 4330 Ἤν
454 4274 514 4366 δε
543 4309 612 4319 -
654 4282 840 4352 τάφου.
889 4284 1097 4358 Μάρκος
1142 4282 1200 4339 δε
1243 4307 1438 4360 φησιν·
1465 4290 1522 4343 Ἠ
1565 4289 1624 4345 δὲ
1671 4300 1848 4366 Μαρια

232 4369 263 4425 ἡ
327 4363 660 4440 Μαγδαληνὴ
711 4375 800 4422 καὶ
851 4377 1030 4448 Μαρία
1090 4376 1119 4433 η
1192 4385 1282 4428 τοῦ
1356 4377 1508 4438 Ἰωσῆ
1574 4363 1844 4457 ἐθεώρουν,

233 4465 338 4509 ποῦ
432 4459 652 4511 τίθεται.
734 4463 937 4522 Λουκᾶς
1033 4460 1092 4517 δὲ
1178 4465 1308 4539 λέγει
1343 4484 1354 4498 ·
1441 4473 1844 4533 Κατακολουθή-

1978 633 2065 684 ter
2089 626 2296 689 abluit,
2317 630 2375 680 et
2401 626 2481 679 sei
2492 640 2666 697 psum
2698 625 2755 679 in
2779 630 3032 680 mortem
3065 622 3327 687 tradidit,
3349 623 3429 679 ob
3451 624 3630 680 bene-

1977 715 2298 771 volentiam
2319 729 2504 786 quam
2533 713 2778 783 gerebat
2791 728 2932 783 erga
2968 717 3415 783 praeceptorem,
3445 714 3624 768 susci-

1975 805 2142 876 piens
2171 804 2230 858 in
2262 819 2324 858 se
2355 807 2709 857 cunctorum
2735 801 3109 857 inimicitiam
3137 802 3499 857 Judasorum.

2051 895 2206 948 Vers.
2249 895 2334 947 58.
2381 893 2540 947 Tunc
2567 922 2637 932 —
2690 906 2924 960 corpus.
2969 893 3196 947 Marcus
3227 896 3426 946 autem
3457 891 3622 960 dixit,

1976 983 2138 1054 quod
2159 983 2394 1038 Pilatus
2411 981 2826 1037 admirabatur
2845 983 2897 1036 si
2910 982 3046 1050 jam
3075 985 3342 1035 mortuus
3365 987 3507 1037 esset
3535 997 3549 1048 ;
3571 987 3628 1038 et

1974 1070 2254 1127 accersito
2284 1071 2642 1136 centurione,
2669 1068 3065 1138 interrogavit
3094 1083 3246 1133 eum,
3279 1083 3359 1124 an
3395 1069 3628 1129 iamdu-

1975 1161 2118 1216 dum
2141 1166 2400 1215 mortuus
2419 1165 2588 1215 esset:
2614 1165 2666 1214 et
2687 1173 2796 1214 rea
2816 1157 3160 1214 centurione
3179 1160 3440 1229 cognita,
3453 1159 3632 1216 dona-

1976 1247 2060 1304 vit
2075 1263 2279 1319 corpus
2305 1249 2418 1317 ipsi
2433 1247 2649 1316 Joseph
2677 1249 2744 1303 7‘.
2775 1246 3067 1318 Sperabat
3089 1247 3250 1302 enim
3276 1248 3440 1303 tarde
3462 1247 3628 1305 illum

1977 1339 2350 1402 moriturum,
2366 1342 2658 1409 tauquam
2670 1337 2943 1392 divinum
2961 1336 3292 1408 quemdam
3319 1336 3623 1394 hominem

1973 1427 2079 1500 qui
2111 1433 2355 1484 caeteros
2384 1427 2714 1483 excederet.
2749 1427 2880 1499 Ipse
2909 1441 3051 1482 vero
3071 1425 3200 1496 lege
3216 1432 3441 1484 naturae
3472 1444 3628 1484 mor-

1973 1522 2112 1574 tuus
2143 1524 2235 1574 est
2263 1523 2556 1590 tanquam
2579 1533 2757 1572 verus
2781 1517 2986 1574 homo.

2045 1607 2206 1662 Vers.
2232 1607 2318 1663 59.
2343 1609 2769 1677 Sumptumque
2792 1635 2856 1644 —
2879 1603 3114 1661 munda.
3138 1606 3396 1661 Joannes
3422 1611 3624 1664 autem

1973 1694 2149 1751 latius
2199 1695 2427 1766 scripsit
2469 1695 2713 1750 dicens:
2759 1693 2926 1750 Venit
2970 1709 3107 1764 ergo
3149 1701 3201 1750 et
3233 1694 3369 1749 tulit
3408 1711 3624 1764 corpus

1971 1785 2127 1842 Iesu.
2172 1787 2340 1842 Venit
2370 1791 2568 1841 autem
2599 1790 2654 1841 et
2684 1783 3032 1840 Nicodemus
3077 1782 3128 1837 is
3155 1783 3260 1854 qui
3284 1793 3524 1840 venerat
3549 1787 3628 1842 ad

1475 1884 1634 1953 φέρων
1687 1885 1855 1952 μίγμα

1970 1874 2162 1932 Iesum
2194 1881 2360 1931 nocte
2373 1874 2656 1942 primum,
2689 1873 2893 1942 ferens
2932 1874 3240 1928 misturam
3277 1874 3546 1943 myrrhae
3571 1879 3626 1931 et

1971 1965 2124 2020 aloes
2134 1963 2211 2018 ad
2224 1963 2410 2019 libras
2420 1963 2612 2032 ferme
2623 1967 2878 2018 centum.
2898 1961 2946 2016 Α
2956 1968 3272 2030 coeperunt
3288 1961 3486 2034 itaque
3499 1979 3626 2020 cor-

1966 2068 2080 2122 pus
2094 2054 2250 2119 Jesu,
2271 2058 2323 2108 et
2352 2051 2759 2122 objunzerunt
2785 2049 2944 2106 illud
2972 2050 3159 2106 linteis
3179 2066 3313 2108 eum
3339 2053 3622 2109 aromati-

1972 2141 2095 2211 bus,
2128 2142 2280 2198 sicut
2308 2156 2431 2198 mos
2459 2147 2543 2197 est
2571 2141 2792 2197 Iudaeis
2820 2141 3061 2209 sepelire
3089 2141 3159 2195 ⁷⁵.
3195 2140 3450 2211 Insignis
3480 2156 3623 2213 ergo

1971 2235 2098 2286 erat
2135 2235 2191 2286 et
2231 2237 2407 2286 antea
2442 2230 2685 2302 Joseph,
2724 2230 2827 2286 sed
2867 2229 3160 2301 insignior
3197 2229 3388 2286 factus
3425 2237 3514 2286 est
3549 2247 3622 2287 eo

1969 2319 2134 2392 quod
2160 2319 2368 2376 Christi
2387 2316 2611 2390 corpus
2635 2335 2823 2374 ausus
2844 2319 3015 2374 fuerit
3043 2320 3332 2390 accipere,
3357 2319 3620 2392 illudque

1967 2406 2283 2463 honorare.
2318 2409 2514 2478 Neque
2544 2408 2704 2462 enim
2733 2406 2929 2462 solum
2960 2407 3113 2472 tulit,
3146 2407 3252 2462 sed
3281 2412 3340 2463 et
3370 2408 3622 2480 pretiose

1968 2511 2037 2552 ac
2067 2495 2392 2552 honoriﬁce
2423 2512 2560 2551 cum
2592 2497 2911 2552 Nicodemo
2951 2496 3237 2568 sepelivit.
3280 2497 3345 2551 In
3377 2497 3625 2554 mistura

1967 2591 2168 2641 autem
2200 2585 2460 2656 myrrhea
2504 2589 2566 2641 et
2589 2585 2754 2642 aloes
2788 2585 2928 2640 illud
2970 2585 3349 2657 sepelierunt,
3393 2593 3456 2642 ut
3493 2587 3622 2642 sine

1965 2675 2343 2746 corruptione
2373 2679 2431 2730 et
2457 2674 2521 2730 in
2550 2673 2713 2730 bono
2752 2674 2936 2730 odore
2965 2680 3340 2745 permaneret
3373 2692 3387 2730 :
3420 2675 3622 2735 adhuc

1967 2764 2127 2819 enim
2161 2767 2222 2818 ut
2254 2764 2485 2818 nudum
2523 2764 2832 2819 hominem
2871 2763 3076 2836 ipsum
3112 2763 3513 2824 honorabant.
3555 2767 3623 2824 Et

1967 2868 2079 2908 nos
2117 2868 2260 2923 ergo
2307 2852 2541 2910 Domini
2585 2869 2804 2925 corpus
2853 2869 2958 2925 per
2995 2853 3509 2926 participationem
3559 2854 3619 2909 in

1969 2941 2140 2999 altari
2194 2942 2298 3015 (m)
2348 2942 2725 3016 accipientes,
2775 2942 3186 2999 odoramentis
3236 2942 3382 2998 illud
3437 2959 3622 3016 unga-

1966 3047 2120 3099 mus,
2139 3031 2428 3089 suavibus
2442 3031 2705 3112 videlicet
2725 3033 3010 3090 virtutum
3033 3032 3338 3106 operibus,
3358 3050 3424 3089 ac
3444 3049 3620 3105 opere

1965 3125 2020 3178 et
2044 3121 2564 3194 contemplatione.

2032 3237 2194 3292 Vers.
2213 3241 2299 3293 60.
2325 3237 2406 3292 Et
2439 3269 2502 3278 —
2527 3237 2694 3292 abiit.
2725 3237 2827 3293 Hic
2851 3237 3099 3309 quidem
3126 3237 3503 3307 Evangelista
3530 3238 3619 3309 ip-

1961 3325 2082 3380 sius
2103 3326 2326 3397 Joseph
2354 3325 2699 3382 dicitfuisse
2726 3330 3222 3382 monumentum:
3249 3326 3443 3382 centeri
3474 3343 3616 3382 vero

1961 3429 2082 3469 non
2107 3413 2595 3483 significaverunt
2618 3413 2790 3484 cujus
2811 3413 2984 3470 fuerit
3003 3433 3014 3468 ;
3034 3415 3295 3470 Joannes
3317 3415 3476 3469 enim
3497 3414 3610 3471 ait:

1988 3503 2139 3559 Erat
2173 3502 2437 3560 autemin
2471 3504 2595 3558 loco
2627 3502 2729 3558 ubi
2757 3505 3075 3571 cruciﬁxus
3102 3510 3180 3557 est
3208 3503 3430 3568 hortus,
3466 3510 3518 3559 et
3550 3503 3614 3558 in

1963 3592 2134 3649 horto
2163 3598 2603 3648 monumentum
2633 3607 2870 3656 novum,
2905 3593 2969 3646 in
3011 3607 3121 3662 quo
3152 3592 3413 3647 nondum
3460 3591 3617 3662 quis-

1959 3698 2138 3753 quam
2149 3681 2584 3750 positusfuerat
2600 3682 2670 3748 ⁷⁸,
2692 3685 2802 3737 etc.
2821 3680 3148 3737 Verisimile
3173 3696 3314 3750 ergo
3332 3680 3445 3735 esti
3455 3681 3614 3752 psius

1956 3771 2168 3843 Joseph
2192 3771 2371 3826 fuisse
2389 3770 2628 3826 hortum
2642 3771 2702 3825 in
2719 3786 2840 3842 quo
2871 3776 2996 3826 erat
3009 3775 3488 3826 monumentum.
3516 3770 3616 3824 Or-

1957 3859 2230 3916 dinatum
2263 3864 2349 3916 est
2381 3865 2580 3916 autem
2606 3866 2668 3915 ut
2696 3859 2846 3915 illud
2870 3859 3043 3916 fuerit
3073 3875 3322 3929 novum,
3361 3875 3430 3913 ne
3457 3862 3617 3932 post-

1959 3965 2144 4022 quam
2159 3947 2881 4016 resurrexissetSalvator,
2903 3947 3168 4022 suspicio
3189 3947 3397 4004 haberi
3416 3954 3616 4021 posset

1957 4039 2142 4095 alium
2177 4039 2586 4095 resurrexisse.
2623 4038 2893 4095 Advolvit
2925 4054 3168 4111 quoque
3201 4055 3416 4094 saxum
3451 4055 3616 4111 mag-

1955 4144 2123 4193 num,
2154 4128 2444 4184 auxilium
2474 4129 2589 4200 ipsi
2616 4131 2935 4200 praestante
2961 4133 3018 4184 et
3043 4127 3385 4184 Nicodemo.
3417 4131 3615 4184 Monu-

1954 4222 2226 4272 mentum
2253 4221 2444 4272 autem
2466 4217 2525 4271 in
2561 4215 2862 4287 spelunca:
2892 4216 3138 4272 modum
3171 4219 3298 4271 erat
3322 4218 3609 4272 excisum.

2023 4307 2179 4360 Vers.
2209 4306 2304 4360 60.
2345 4305 2505 4361 Erat
2546 4311 2745 4360 autem
2779 4336 2846 4344 —
2874 4304 3157 4374 sepulcri.
3189 4307 3418 4360 Marcus
3465 4318 3605 4359 vero

1953 4393 2034 4448 ait
2066 4409 2078 4447 :
2110 4393 2312 4452 Maria
2340 4400 2538 4450 autem
2573 4393 2948 4463 Magdalene,
2990 4400 3044 4448 et
3070 4391 3272 4447 Maria
3295 4391 3427 4447 Jose
3451 4391 3608 4461 aspi-

1953 4482 2181 4540 ciebant
2201 4481 2295 4536 ubi
2318 4488 2646 4552 poneretur
2669 4483 2717 4517 ⁷⁷
2742 4497 2756 4547 ;
2781 4481 2970 4538 Lucas
2997 4484 3197 4536 autem
3225 4501 3237 4535 :
3270 4481 3610 4537 Subsecuta:

240 4565 406 4598 σασαι
451 4543 509 4599 δὲ
547 4556 805 4617 γυναῖκες,
853 4552 1040 4614 αἰτινες
1088 4550 1220 4613 ἦσαν
1264 4557 1663 4618 συνεληλυθυῖαι
1703 4564 1842 4635 αύτῷ

1970 4577 2108 4637 runt,
2127 4571 2338 4644 inquit,
2356 4571 2652 4636 mulieres,
2673 4585 2803 4643 qua
2825 4586 2957 4627 cum
2975 4585 3038 4627 eo
3063 4575 3347 4625 venerant
3371 4568 3438 4625 de
3457 4568 3608 4625 Gali-

236 4634 294 4686 ἐκ
351 4643 448 4697 τῆς
521 4637 812 4702 Γαλιλαίας,
869 4639 1145 4696 ἐθεάσαντο
1197 4649 1252 4697 τὸ
1301 4657 1568 4720 μνημεῖον,
1625 4658 1715 4705 καὶ
1769 4634 1837 4717 ὡς

238 4722 388 4782 ἐτέθη
434 4733 504 4796 τῷ
557 4734 709 4798 σῶμα
753 4727 931 4785 αὑτοῦ.
981 4730 1406 4805 ’Υποστρέψασαι
1437 4735 1496 4791 δὲ
1543 4741 1841 4815 ἡτοίμασαν

245 4809 495 4883 ἀρώματα
521 4820 612 4866 καὶ
641 4819 801 4889 μύρα,
850 4821 914 4870 Αἱ
940 4820 1185 4894 ῥηθεῖσαι
1213 4827 1334 4897 γὰρ,
1370 4829 1842 4903 κατακολομθήσα-

244 4919 339 4952 σαι
393 4910 494 4964 τοῖς
555 4905 858 4978 θάπτουσιν,
918 4907 1164 4962 ἐκάθισαν
1221 4913 1461 4969 ἀπέναντι
1516 4927 1606 4972 τοῦ
1654 4925 1839 4996 τάφου,

239 4990 532 5064 θεωροῦσαι
583 5002 682 5046 ποῦ
739 4998 935 5050 τίθεται
979 5003 1035 5051 τὸ
1087 5009 1259 5072 σῶμα,
1312 5010 1401 5058 καὶ
1453 5016 1563 5071 πῶς
1618 4990 1838 5081 τίθεται,

235 5080 340 5145 ἵνα,
376 5079 696 5136 ἀπελθοῦσαι
737 5090 827 5138 καὶ
869 5085 1218 5160 ἐτοιμάσασαι
1257 5091 1509 5168 ἀρώματα
1555 5104 1645 5152 καὶ
1675 5079 1838 5176 μύρα,

232 5167 454 5223 ἔλθωσιν
499 5170 548 5224 ἓν
593 5181 654 5246 τῇ
698 5181 955 5250 κυριακῇ,
1005 5184 1095 5233 καὶ
1145 5178 1546 5256 ἀρωματίσωσιν
1595 5167 1686 5244 καί
1735 5167 1840 5267 μυ-

227 5263 460 5332 ρίσωσιν
492 5260 638 5319 αύτὸ.

1955 4661 2063 4717 (aea
2097 4676 2108 4714 :
2142 4659 2420 4717 viderunt
2449 4666 2915 4729 monumentum,
2953 4665 3009 4717 et
3038 4659 3328 4730 quomodo
3349 4660 3606 4729 positum

1954 4759 2082 4808 erat
2105 4766 2312 4822 corpus
2333 4751 2483 4822 ejus;
2509 4764 2760 4806 reversae
2780 4765 2912 4805 vero
2935 4753 3309 4819 paraverunt
3335 4755 3610 4805 aromata

1952 4846 2007 4896 et
2036 4846 2339 4911 unguenta
2367 4840 2437 4895 ⁷⁸.
2473 4840 2619 4895 Cum
2647 4837 2808 4894 enim
2831 4854 2932 4894 eos
2955 4839 3056 4911 qui
3087 4837 3452 4909 sepeliebant
3472 4837 3611 4892 sub-

1952 4930 2122 5002 sequi
2151 4935 2209 4986 et
2235 4945 2376 4985 cum
2405 4929 2488 4984 eis
2517 4928 2732 4984 reverti
2769 4927 3170 4984 decrevissent
3203 4927 3495 4983 sedebant
3533 4941 3607 4983 ex

1950 5018 2209 5074 adverso
2227 5017 2498 5090 sepulcri,
2525 5017 2880 5090 aspicientes
2902 5017 3006 5073 ubi
3027 5022 3348 5090 poneretur
3368 5032 3602 5088 corpus,

1949 5113 2007 5164 et
2042 5107 2354 5181 quomodo
2393 5112 2748 5180 poneretur:
2791 5111 2856 5164 ut
2892 5123 3167 5172 reversae,
3208 5106 3437 5179 paratis
3478 5121 3610 5162 aro-

1948 5196 2210 5253 matibus
2251 5213 2321 5252 ac
2365 5197 2705 5269 unguentis,
2753 5197 3022 5254 venirent
3055 5197 3150 5253 die
3196 5195 3507 5253 Dominico
3549 5197 3607 5253 et

1951 5286 2321 5344 aromatibus
2350 5290 2408 5344 et
2435 5291 2742 5358 unguento
2767 5285 2913 5344 illud
2945 5290 3261 5359 ungerent.

231 5385 279 5422 ⁷⁸
309 5388 486 5444 Marc.
520 5391 608 5458 44,
641 5391 724 5448 l5.
751 5391 798 5430 ⁷⁵
827 5395 994 5452 Joau.
1024 5413 1139 5454 xxx.
1171 5399 1260 5473 39,
1291 5379 1378 5470 4οε
1409 5404 1458 5442 ⁷⁸
1489 5405 1633 5469 ibid.
1663 5411 1752 5471 41.
1789 5412 1835 5450 ⁷⁷

1970 5430 2049 5473 rc.
2078 5429 2174 5486 xv,
2203 5417 2291 5470 47.
2321 5413 2368 5450 ⁷⁸
2399 5415 2533 5470 Luc.
2563 5430 2720 5480 χχιιι,
2755 5419 2842 5483 55,
2875 5415 2962 5481 56,

1466 5504 1686 5613 Variae
1725 5509 2057 5590 lectiones
2089 5519 2157 5582 et
2181 5523 2401 5594 notae.

299 5630 416 5711 (67)
446 5631 686 5698 Inclusa
711 5637 1090 5743 exciderunt,
1107 5642 1533 5730 obrepetitum
1563 5652 1758 5718 vocab
1773 5655 1945 5712 ulum
1967 5651 2164 5714 Ἰησοῦ.
2194 5660 2260 5711 Α.

299 5762 405 5838 (m)
436 5765 503 5822 In
531 5766 739 5824 altari.
780 5767 848 5825 In
887 5731 1090 5828 Graeco
1115 5785 1240 5830 non
1277 5751 1581 5848 leguntur,
1615 5757 1793 5837 Forte
1823 5779 2259 5856 perspicuitatis
2287 5794 2476 5840 causa
2509 5779 2642 5840 haec
2680 5779 2803 5840 add
2831 5776 2920 5840 dit
2956 5731 3279 5857 interpres.
