4188 6482
530 349 636 406 ⁸743

532 561 791 637 petebat,
823 559 882 614 in
903 571 1027 629 qua
1056 569 1175 610 non
1203 550 1412 607 licebat
1437 548 1514 604 ad
1542 552 1991 604 monumentum
2019 561 2185 600 acce-

532 653 692 709 dere.
724 647 911 704 Judzei
940 645 1101 700 enim
1139 655 1428 713 vesperan
1474 638 1631 693 illius
1665 637 2018 692 Parasceves
2053 650 2183 691 ma-

530 741 691 799 xime
714 734 1096 794 honorabant
1124 746 1242 786 non
1269 728 1463 785 solum
1487 733 1771 798 tanquam
1802 723 2045 782 Sabbati
2070 723 2182 779 fes-

531 835 660 888 tum
686 825 1051 902 praecedens,
1085 821 1189 877 sed
1207 819 1383 875 etiam
1403 822 1694 889 tanquam
1717 813 1932 870 festum
1945 816 2186 884 propter

533 899 768 975 Pascha
796 933 809 982 ;
840 915 898 970 in
927 914 1040 969 hac
1071 910 1230 967 enim
1258 906 1572 980 oportebat
1609 904 1833 959 Pascha
1860 899 2180 958 immolari.

533 1008 790 1066 Sabbato
831 1020 998 1072 vero,
1029 1001 1382 1072 quieverunt
1425 1002 1658 1067 propter
1710 993 1925 1061 legem.
1976 989 2184 1045 Adhuc

535 1098 692 1155 enim
714 1091 1211 1152 consuetudinem
1233 1095 1288 1143 et
1312 1086 1505 1155 legem
1533 1083 1874 1140 servabant.
1909 1079 2186 1135 Caeterum

535 1187 632 1243 die
669 1183 978 1241 Dominico
1016 1179 1093 1236 ad
1133 1175 1472 1249 sepulcrum
1511 1176 1713 1229 venire
1759 1167 2183 1242 disponebant,

537 1276 702 1349 quod
715 1287 858 1330 sane
879 1271 1060 1328 etiam
1073 1269 1356 1330 fecerunt,
1383 1263 1556 1319 veluti
1584 1260 1764 1334 paulo
1784 1264 1916 1331 post
1932 1258 2180 1314 dicetur.

537 1366 687 1422 Cum
717 1364 876 1420 enim
909 1359 1180 1416 nondum
1205 1354 1453 1428 quidam
1484 1351 1785 1408 excelsum
1812 1349 1885 1404 de
1924 1361 2188 1404 resurre-

538 1455 732 1512 ctione
752 1448 1196 1523 cognovissent,
1213 1442 1513 1517 sepultum
1535 1456 1754 1513 corpus
1768 1454 1831 1495 se
1845 1439 2186 1494 inventuras

539 1544 885 1619 sperabant.

607 1635 772 1690 Vers.
806 1635 891 1688 62.
925 1631 1159 1684 Postero
1195 1628 1393 1682 autem
1422 1622 1519 1678 die
1549 1651 1612 1660 —
1649 1621 1808 1674 Vers.
1841 1619 1928 1674 64.
1960 1615 2182 1686 priore.

539 1722 746 1782 Muniri
786 1719 1144 1792 sepulcrum,
1178 1718 1322 1788 puta
1361 1711 1623 1782 sigillum
1655 1707 1872 1780 apponi
1906 1710 1962 1761 et
1990 1709 2186 1760 cuslo-

535 1814 719 1870 diam.
756 1811 908 1878 Quia
937 1813 1139 1864 autem
1171 1803 1325 1860 credi
1357 1800 1695 1874 oportebat,
1728 1796 1892 1869 quod
1929 1799 2187 1850 mortuus
2217 1807 2275 1866 B-

536 1908 694 1960 esset
720 1907 775 1958 et
805 1899 1094 1972 sepultus,
1123 1893 1406 1968 quodque
1433 1886 1874 1955 resurrexisset,
1917 1885 2051 1940 vide
2080 1883 2188 1940 tria

538 1993 667 2050 hac
696 1990 1070 2047 inimicorum
1109 1981 1466 2040 testimoniis
1494 1976 1830 2051 approbata
1859 1994 1872 2043 ;
1914 1973 2187 2031 conside-

540 2081 731 2139 randa
756 2084 894 2134 sunt
917 2077 1076 2133 enim
1111 2072 1293 2128 verba
1317 2085 1546 2126 eorum.
1580 2065 1753 2134 Quod
1780 2065 1938 2120 enim
1973 2063 2142 2120 aiunt
2171 2082 2183 2121 :

540 2168 850 2229 Recordati
868 2180 1090 2229 sumus,
1104 2162 1262 2236 quod
1279 2162 1560 2230 impostor
1579 2158 1682 2213 ille
1711 2154 1865 2212 dixit
1889 2153 2090 2211 adhuc
2110 2168 2190 2209 υι-

542 2274 700 2320 vens,
733 2261 1040 2312 attestatur
1067 2249 1233 2324 quod
1262 2253 1531 2304 mortuus
1553 2245 1645 2301 sit.
1673 2243 1841 2309 Quod
1872 2247 2074 2298 autem
2103 2255 2192 2295 se-

541 2348 744 2423 quitur
762 2362 774 2400 :
802 2345 949 2401 Jube
962 2342 1186 2397 muniri
1203 2339 1564 2408 sepulcrum.
1589 2337 1902 2390 attestatur
1916 2329 2080 2403 quod
2103 2346 2192 2384 se-

542 2420 744 2511 pultus
767 2437 860 2491 sit.
893 2435 1075 2489 Porro
1104 2429 1266 2504 quod
1288 2428 1696 2498 subjungunt:
1729 2423 1818 2479 IVe
1837 2420 2079 2493 quando
2103 2434 2189 2475 ve-

543 2508 765 2585 nientes
793 2524 1049 2593 dicipuli
1066 2523 1194 2589 ejus
1220 2521 1505 2589 furentur
1531 2530 1746 2585 ipsum,
1780 2511 2020 2583 plenam
2053 2508 2188 2565 facit

1853 325 2212 390 EUTHYMII
2251 318 2576 384 ZlGABENl

606 469 906 544 Siquidem
945 461 1190 539 quando
1229 459 1495 534 sepultus
1526 461 1614 515 est
1636 457 1765 529 jam
1803 471 2054 528 vespera
2083 471 2186 527 ap-
2215 454 2261 507 Α

3794 315 3902 376 744

2362 459 2484 504 Ὅτε
2659 452 2760 523 γὰρ
2805 451 2988 522 ῖτάφη,
3033 448 3227 522 ἐσπίρα
3283 442 3391 504 ἤδη
3446 444 3733 516 κατέλαϐε,
3782 446 3904 499 καθ’

2295 543 2356 600 ἣν
2418 540 2511 593 οὐκ
2568 538 2684 603 ἐξῆν
2737 540 2804 600 εἰς
2872 546 3120 612 μνημεῖον
3186 531 3460 608 βαδίζειν.
3524 534 3745 604 Ἐτίμων
3798 539 3902 610 γὰρ

2298 627 2546 684 Ἰουδαῖοι
2615 629 2847 701 μάλιστα
2925 633 3017 686 τὴν
3088 627 3310 699 ἑσπέραν
3378 632 3474 684 τῆς
3553 631 3905 698 Παρασκευῆς

2295 717 2508 782 ἐκείνης,
2589 719 2647 770 οὐ
2723 723 2874 790 μόνον
2940 720 3004 777 ὡς
3068 721 3368 791 προεόρτιον
3440 721 3531 765 τοῦ
3605 713 3901 782 Σαϐϐάτόυ,

2295 807 2422 860 ἀλλά
2474 813 2562 860 καὶ
2606 811 2673 870 ὡς
2728 808 2920 881 ἐόρτιον
2968 803 3061 858 διά
3117 809 3174 856 τὸ
3216 807 3435 875 Πάσχα.
3469 803 3553 858 Ἐν
3585 807 3750 876 ταύτῃ
3796 807 3901 875 γὰρ

2294 895 2402 951 ἔδει
2443 899 2658 950 θύεσθαι
2705 900 2764 948 τὸ
2818 897 3035 966 Πάσχα.
3086 897 3155 948 Τό
3205 890 3264 945 δι
3308 891 3569 946 Σάϐϐατον
3618 892 3901 963 ἡσύχαζον

2296 985 2389 1040 διὰ
2429 1006 2512 1038 τον
2539 991 2712 1056 νόμον.
2747 985 2866 1039 Ἔτι
2893 987 2994 1057 γάρ
3049 989 3139 1036 καὶ
3195 985 3262 1034 τά
3311 984 3401 1039 ῐθη
3460 986 3552 1033 καὶ
3606 986 3693 1033 τὸν
3744 987 3901 1053 νόμον

2295 1075 2594 1148 ἐφύλαττον.
2649 1078 2846 1128 Λοιπὸν
2924 1069 3012 1125 οὖν
3077 1071 3127 1124 ἐν
3195 1079 3255 1143 τῇ
3320 1077 3556 1144 κυριακῇ
3629 1075 3761 1143 πρὸς
3812 1074 3900 1123 τὸν

2296 1168 2452 1237 τάφον
2509 1163 2666 1217 ὶλθεῖν
2715 1163 3000 1227 ἐϐούλοντο,
3055 1162 3079 1213 ὃ
3139 1157 3206 1219 δή
3264 1167 3354 1212 καὶ
3408 1166 3782 1229 πεποιήκασιν,
3838 1164 3903 1222 ὡς

2295 1254 2406 1325 μετ’
2472 1253 2643 1324 ὀλίγον
2699 1254 3004 1327 ῥηθήσεται.
3068 1254 3228 1302 Οὔπω
3302 1252 3404 1323 γὰρ
3473 1247 3624 1302 οὐδὲν
3702 1249 3902 1320 ὑψηλὸν

2296 1339 2492 1396 εἰδυῖαι
2539 1347 2653 1415 περὶ
2693 1351 2784 1404 τῆς
2831 1340 3190 1408 ἀναστάσεως,
3221 1338 3442 1400 ἤλπιζον
3471 1341 3631 1414 εὑρεῖν
3661 1343 3718 1392 τὸ
3753 1348 3907 1412 σῶμα

2296 1435 2629 1505 τεθαμμένον.

2365 1611 2437 1675 Τῇ
2488 1633 2550 1643 -
2604 1607 2834 1676 πρώτης.
2888 1598 3311 1672 Ἀσφαλίσασθαι
3368 1601 3455 1650 τὸν
3503 1601 3682 1669 τάφον,
3739 1601 3906 1669 ἤγουν

2298 1698 2589 1766 σφραγίσαι
2618 1696 2708 1742 καὶ
2737 1698 3054 1762 φρουρῆσαι.
3087 1689 3228 1742 Ἐπεὶ
3261 1683 3319 1740 δε
3369 1683 3475 1740 ἔδει
3526 1687 3898 1750 πιστευθῆναι,

2297 1786 2376 1835 ὅτι
2405 1787 2494 1833 καὶ
2523 1780 2760 1846 ἀπέθανε,
2792 1785 2882 1830 καὶ
2926 1777 3105 1849 ἐτάφη,
3138 1781 3226 1829 καὶ
3259 1774 3462 1840 ἀνέστη,
3508 1774 3664 1846 βλέπε
3692 1779 3783 1825 καὶ
3829 1775 3896 1824 τά

2297 1877 2418 1947 τρία
2448 1879 2614 1922 ταυτα
2660 1870 3058 1940 μαρτυρούμενα
3105 1868 3247 1940 παρά
3296 1873 3389 1916 τῶν
3429 1863 3646 1936 ἐχθρῶν.
3687 1869 3890 1919 Σκοπη-

2297 1967 2406 2014 τίον
2455 1963 2554 2034 γάρ
2610 1962 2728 2018 τοὺς
2781 1956 2966 2027 λόγους
3011 1955 3195 2008 αὐτῶν.
3231 1957 3299 2007 Τὸ
3346 1956 3453 2025 μὶν,
3505 1952 3888 2022 Ἐμνήσθημεν,

2298 2054 2377 2104 ὅτι
2435 2052 2460 2101 ὁ
2518 2048 2705 2108 πλάνος
2754 2045 2940 2104 ἐκεῖνος
3008 2039 3141 2095 εἶπεν
3205 2045 3279 2094 ἔτι
3347 2041 3468 2106 ζῶν,
3520 2045 3766 2112 μαρτυρεῖ
3816 2038 3902 2087 ὅτι

2300 2139 2533 2192 ἀπέθανε·
2591 2140 2648 2188 τὸ
2699 2131 2778 2198 δὲ,
2842 2133 3089 2186 Κέλευσον
3139 2129 3532 2203 ἀσφαλισθῆναι
3582 2131 3667 2178 τὸν
3716 2128 3902 2196 τάφον,

2300 2229 2507 2303 βεϐαιοῖ
2559 2228 2638 2278 ὅτι
2689 2225 2846 2296 ἐτάφη
2885 2244 2896 2255 ·
2933 2227 2988 2275 τὸ
3036 2218 3114 2284 δί,
3162 2225 3377 2278 Μήποτε
3435 2218 3664 2276 ἐλθόντες
3702 2216 3752 2266 οἱ
3802 2234 3909 2285 μα-

2299 2323 2452 2376 θηταὶ
2505 2317 2662 2368 αὑτοῦ
2708 2312 2966 2382 κλέψωσιν
3023 2310 3199 2378 αὐτὸν,
3270 2307 3590 2380 πληροφορεῖ
3656 2307 3735 2356 ὅτι
3793 2303 3906 2373 (68)

2299 2407 2705 2480 ἀσφαλισθέντος
2737 2402 2849 2472 (69)
2895 2401 2953 2452 οὗ
3005 2399 3353 2456 κλαπήσεται.
3398 2401 3500 2450 Καὶ
3541 2394 3718 2447 λοιπὸν
3761 2390 3908 2444 ἀναν-

2297 2500 2542 2574 τίρρητος
2577 2496 2605 2552 ἠ
2642 2491 2953 2552 ἀνάστασις.

542 2625 738 2692 ﬁdem,
785 2579 942 2696 quod
983 2579 1229 2676 munito.
1259 2579 1566 2689 sepulcro,
1604 2626 1727 2668 non
1757 2579 1830 2664 sit
1874 2609 2031 2664 furto
2085 2603 2391 2661 sublatum
2439 2607 2682 2664 corpus,
2724 2596 2779 2645 et
2822 2589 2901 2645 ita
2935 2583 3353 2643 resurrectioni
3415 2579 3741 2639 contradici
3787 2593 3911 2634 non

543 2719 761 2788 potest.

615 2832 870 2901 Dignum
911 2831 996 2882 est
1033 2830 1231 2880 autem
1274 2827 1336 2879 ut
1373 2819 1751 2893 inquiramus
1790 2814 1884 2870 ubi
1927 2810 2137 2869 dixerit
2169 2827 2183 2868 :

544 2900 836 2978 Postitres
866 2919 987 2973 dies
1027 2929 1356 2985 resurgam.
1392 2909 1699 2983 Siquidem
1732 2905 1910 2960 variis
1953 2904 2010 2957 in
2051 2900 2195 2956 locis

2377 2863 2554 2926 Ἀξιον
2609 2855 2668 2912 δι
2735 2858 2988 2918 ζητῆσαι,
3049 2860 3149 2905 ποῦ
3215 2849 3371 2918 εἶπεν,
3440 2851 3520 2902 ὅτι
3577 2851 3722 2903 Μετά
3775 2853 3917 2920 τρεῖς

2315 2958 2327 2970 1

2305 2958 2503 3027 ἡμέρας
2553 2953 2842 3021 ἐγείρομαι.
2892 2944 3011 2996 ’ωτι
3085 2944 3176 3013 μὲν
3231 2942 3332 3011 γάρ
3410 2947 3470 3010 τῇ
3539 2943 3688 3012 τρίτη
3742 2938 3916 3009 ήμέρᾳ

545 3012 684 3069 dixit
702 3007 1036 3080 discipulis:
1062 3003 1366 3061 Tertiadie
1386 2993 1787 3068 resurgam.ld
1808 2991 2196 3048 autemzPost
2229 3025 2269 3081 C

546 3108 663 3158 (res
679 3100 798 3156 dies
812 3077 1141 3167 resurgam,
1159 3105 1460 3164 nusquam
1485 3087 1649 3142 dixit.
1667 3087 1784 3140 Hoc
1797 3082 2033 3154 itaquel
2044 3077 2196 3134 udmi

545 3194 619 3248 ah
645 3188 915 3260 exemplo
945 3189 1108 3242 Jonaa
1128 3183 1294 3256 quod
1327 3180 1404 3235 ad
1431 3193 1534 3233 eos
1559 3176 1787 3230 dixerat
1814 3169 2192 3242 colligebant.
2257 3221 2260 3226 .

546 3258 930 3340 Postremum
954 3291 1094 3332 vero
1115 3286 1375 3328 errorem
1393 3267 1686 3331 dicebant,
1714 3261 1880 3335 quod
1903 3278 1932 3314 a
1946 3258 2197 3315 mortuis

544 3367 926 3428 resurrexerit
953 3382 967 3433 ;
1001 3364 1261 3437 priorem
1291 3373 1430 3415 vero
1457 3355 1622 3430 quod
1662 3354 1736 3410 sit
1767 3351 1943 3408 Filius
1979 3347 2100 3404 Dei.

621 3672 754 3738 Sed,
782 3687 818 3725 ο
849 3663 1156 3732 insensati,
1197 3676 1319 3734 quo
1345 3657 1588 3714 tandem
1621 3656 1738 3710 line
1769 3657 1966 3709 essent
1996 3654 2198 3725 ipsum

549 3763 705 3819 furto
736 3752 1073 3814 sublaturi?
1112 3751 1230 3804 Nisi
1270 3749 1429 3802 enim
1471 3745 1636 3800 tertio
1675 3743 1770 3798 die
1811 3742 2202 3798 resurrexerit

550 3853 701 3906 sicut
737 3843 1027 3918 promisit,
1071 3836 1452 3894 manifestum
1497 3838 1587 3888 est
1633 3831 1796 3903 quod
1845 3831 2093 3904 decepti,
2147 3836 2202 3886 et

549 3941 794 4013 propter
819 3948 956 3988 eum
985 3929 1062 3983 ab
1087 3924 1363 4013 omnibus
1392 3921 1667 3994 gentibus
1688 3921 1829 3976 odio
1855 3919 2055 3990 habiti,
2077 3919 2202 3975 sine

551 4009 834 4082 domibus
856 4024 912 4074 et
929 4022 1191 4073 extorres
1207 4010 1363 4075 facti,
1381 4010 1575 4082 potius
1593 4009 2027 4065 aversabuntur
2043 4026 2198 4075 eum,

553 4119 610 4171 et
638 4112 778 4169 odio
807 4107 1114 4166 habebant
1145 4109 1430 4174 tanquam
1460 4100 1869 4170 impostorem,
1906 4105 1963 4154 et
1992 4101 2071 4156 ita
2101 4117 2202 4157 no-

550 4205 825 4261 lenteum
857 4196 1060 4254 furari.
1087 4193 1200 4251 Sed
1226 4207 1420 4263 neque
1445 4189 1668 4262 populo
1696 4190 2058 4262 persuadere
2091 4206 2204 4261 po-

552 4297 764 4355 terunt,
797 4287 960 4363 quod
992 4303 1028 4342 a
1059 4281 1310 4340 mortuis
1341 4279 1673 4335 surrexerit.
1713 4278 1815 4333 Cui
1856 4279 2016 4334 enim
2055 4280 2206 4334 inni-

2305 3043 2676 3102 ἀναστήσεται,
2747 3033 3005 3106 διαφόρως
3064 3027 3172 3082 εἶπε
3227 3032 3356 3102 πρὸς
3421 3030 3548 3088 τοὺς
3621 3028 3910 3097 μαθητάς·

2305 3134 2385 3184 ὃτι
2461 3127 2520 3184 δὲ
2591 3128 2736 3180 Μετὰ
2810 3129 2944 3197 τρεῖς
3012 3121 3207 3192 ἡμέρας
3268 3117 3554 3188 ἐγείρομαι,
3623 3115 3717 3167 οὐκ
3775 3111 3912 3166 εἶπεν

2305 3218 2562 3290 οὐδαμοῦ.
2615 3218 2810 3269 Λοιπὸν
2863 3210 2949 3263 οὖν
3006 3205 3256 3262 Ἰουδαῖοι
3313 3205 3413 3258 ἀπὸ
3479 3211 3570 3257 τοῦ
3623 3207 3761 3256 κατά
3825 3208 3915 3256 τὸν

2304 3311 2479 3363 νιωνᾶν
2547 3301 2997 3377 παραδείγματος,
3065 3305 3156 3350 τοῦ
3231 3297 3471 3370 ῥηθέντος
3529 3297 3660 3367 πρὸς
3705 3292 3916 3359 αὐτοὺς,

2303 3407 2456 3451 τοῦτο
2502 3395 2919 3464 συνελογίσαντο.
2970 3388 3240 3458 Ἐσχάτην
3293 3387 3383 3456 μὶν
3439 3383 3527 3434 οὖν
3586 3381 3778 3440 πλάνην
3832 3381 3920 3434 λέ-

2304 3506 2463 3559 γουσι
2510 3489 2627 3558 περὶ
2669 3489 2779 3546 τοῦ,
2833 3481 2911 3532 ὅτι
2963 3477 3156 3550 ἠγέρθη
3214 3473 3314 3526 ἀπὸ
3365 3481 3465 3524 τῶν
3511 3479 3700 3546 νεκρῶν
3729 3492 3742 3504 ο
3776 3477 3919 3542 πρὼ-

2306 3597 2398 3634 την
2427 3571 2485 3627 δε
2517 3577 2631 3646 περὶ
2663 3577 2774 3637 τοῦ,
2813 3571 2894 3622 ὅτι
2924 3569 3042 3628 Υἱὸς
3074 3571 3207 3617 Θεοῦ
3234 3564 3320 3621 ἦν.

2377 3662 2516 3720 Ἀλλ’
2549 3660 2588 3713 ὦ
2629 3659 2837 3716 ἀνόητοι
2871 3656 2882 3710 Σ
2935 3659 3258 3717 σκοπήσατε,
3312 3655 3452 3714 τίνος
3500 3654 3656 3704 ἕνεκεν
3694 3648 3920 3719 κλέψου-

2312 3773 2392 3806 σιν
2446 3751 2646 3816 αὖτόν;
2702 3749 2818 3802 Ἐὰν
2861 3748 2963 3820 γὰρ
3018 3743 3113 3796 οὐκ
3153 3741 3349 3813 ἀναστῇ
3405 3749 3468 3813 τῇ
3522 3743 3664 3813 τρίτη
3718 3740 3910 3809 ἡμέρᾳ,

2309 3845 2482 3902 καθὼς
2529 3837 2896 3911 ἐπηγγείλατο,
2942 3830 3227 3909 πρόδηλον,
3281 3832 3372 3895 ὡς,
3418 3825 3767 3891 ἀπατηθέντες,
3813 3832 3908 3888 καῖ

2311 3928 2382 3984 δι’
2438 3930 2592 3982 αὑτὸν
2643 3929 2772 3998 πρὸς
2824 3925 2936 3976 ὅλον
2994 3925 3051 3974 τὸ
3107 3923 3245 3979 ἔθνος
3311 3917 3762 3989 ἕκπολεμωθέντες,
3819 3919 3916 3966 καὶ

2311 4023 2502 4088 ἄοικοι,
2572 4022 2660 4069 καὶ
2748 4009 2993 4072 ἀπόλιδες
3061 4015 3338 4082 γενόμενοι,
3419 4006 3922 4078 ἀποστραφήσονται

2312 4110 2500 4184 μᾶλλον
2579 4110 2668 4158 καὶ
2740 4108 3064 4176 μισήσουσιν
3146 4098 3317 4163 αὑτὸν,
3396 4099 3461 4157 ὡς
3529 4095 3738 4148 πλάνον.
3819 4098 3925 4152 Καὶ

2315 4181 2408 4252 διὰ
2457 4204 2610 4249 τοῦτο
2666 4196 2756 4266 μὲν
2809 4191 2866 4244 οὗ
2924 4189 3231 4247 θελήσουσιν
3290 4185 3466 4251 αὐτὸν,
3527 4185 3642 4256 (70)
3707 4181 3920 4253 κλέψαι,

2317 4287 2452 4341 Ἀλλ’
2502 4280 2626 4337 οὐδὲ
2677 4278 2996 4339 δυνήσονται
3048 4285 3227 4330 πεῖσαι
3275 4279 3359 4327 τὸν
3410 4273 3532 4326 λαὸν
3585 4274 3666 4325 ὅτι
3723 4272 3923 4346 ἠγέρθη

553 4387 747 4440 tentur
768 4380 795 4434 ?
813 4361 890 4435 an
910 4372 1294 4433 vehementia:
1323 4368 1714 4426 sermonum?
1738 4368 1902 4440 atqui
1927 4368 2197 4425 illitterati

2316 4377 2416 4430 ἀπὸ
2463 4382 2559 4426 τὼν
2628 4378 2836 4443 νεκρῶν.
2902 4372 3011 4420 Τίνι
3078 4369 3177 4438 γὰρ
3243 4368 3332 4416 καὶ
3403 4361 3805 4436 θαρρήσουσιν;
3858 4367 3925 4431 τῇ

553 4477 708 4529 sunt.
742 4473 832 4526 An
863 4467 1007 4524 forte
1034 4460 1422 4521 abundantiae
1444 4473 1644 4514 rerum
1670 4459 1698 4515 ‘P
1725 4457 1890 4530 atqui
1919 4463 2057 4514 sunt
2080 4475 2207 4515 om-

549 4564 719 4621 nium
733 4555 1117 4634 pauperrimi.
1137 4552 1381 4608 Generis
1403 4549 1668 4605 fortassis
1685 4548 1972 4604 claritati?
1999 4564 2202 4603 verum

550 4650 844 4724 ignobiles
876 4652 1031 4711 sunt,
1067 4651 1123 4700 et
1152 4642 1228 4697 ab
1253 4639 1617 4710 ignobilibus
1644 4638 1958 4710 progeniti.
1993 4637 2205 4698 Utrum

556 4742 921 4815 suiipsorum
950 4730 1307 4790 multitudini
1335 4730 1360 4784 ?
1393 4735 1451 4784 at
1476 4744 1595 4783 non
1626 4727 1826 4800 plures
1856 4733 1992 4780 sunt
2020 4742 2208 4798 quam

555 4814 890 4885 duodecim.
913 4825 1114 4879 Utrum
1138 4817 1346 4892 patriae
1373 4815 1719 4890 splendori?
1745 4831 1944 4870 verum
1972 4830 2008 4870 a
2026 4814 2210 4884 regio-

553 4918 736 4976 nibus
761 4918 898 4970 sunt
918 4908 1190 4968 obscuris
1212 4906 1663 4977 etignobilibus.
1690 4909 1778 4959 An
1795 4904 2015 4976 putatis
2045 4903 2209 4977 quod

554 5002 938 5082 prameptoris
961 4995 1453 5074 promissionibus
1472 4995 1500 5051 ?
1525 4993 1749 5060 Quibus
1770 4993 1797 5048 ?
1821 4994 1876 5050 Si
1905 4994 2064 5049 enim
2093 5011 2208 5050 non

556 5091 958 5159 resurrexerit,
987 5103 1180 5162 neque
1197 5087 1307 5143 illis
1339 5084 1614 5141 credituri
1643 5089 1800 5139 sunt.
1832 5084 2210 5140 Demonstra-

555 5193 684 5244 tum
714 5189 802 5241 est
825 5182 1002 5256 igitur
1029 5177 1195 5253 quod
1222 5191 1371 5232 vane
1415 5172 1802 5246 suspicamini
1853 5173 2008 5228 hunc
2051 5172 2209 5228 furto

557 5266 953 5335 auferendum
977 5284 1142 5329 esse:
1167 5266 1246 5324 ob
1272 5265 1461 5322 dictas
1487 5263 1648 5320 enim
1675 5278 1886 5320 causas
1915 5267 2002 5319 est
2025 5261 2210 5320 incre-

557 5365 756 5424 dibile.

2319 4460 2578 4518 δεινότητι
2630 4468 2729 4512 τῶν
2777 4458 2939 4528 λόγων
2989 4475 3000 4515 :
3051 4459 3138 4506 καὶ
3183 4458 3286 4526 μὴν
3353 4453 3694 4526 ἀγράμματοί
3746 4449 3878 4501 εἰσιν
3911 4465 3923 4476 ·

2318 4551 2474 4605 Ἀλλά
2503 4558 2562 4623 τῇ
2619 4551 2898 4620 περιουσίᾳ
2935 4553 3034 4597 τῶν
3078 4544 3370 4617 χρημάτων
3414 4557 3428 4607 ;
3475 4544 3564 4591 καὶ
3611 4542 3715 4611 μήν
3764 4537 3928 4588 ἁπάνο

2317 4660 2416 4692 των
2470 4639 2571 4691 εἰσὶ
2629 4641 2943 4707 πενέστεροι.
3013 4632 3167 4686 Ἀλλά
3225 4638 3286 4703 τῇ
3357 4633 3659 4703 περιφανεία
3708 4633 3799 4679 τοῦ
3846 4630 3931 4697 γί-

2317 4748 2472 4795 νους;
2505 4733 2593 4779 καὶ
2643 4732 2746 4800 μην
2796 4724 3010 4783 εὐτελεῖς
3044 4722 3172 4774 εἰσὶν
3223 4718 3274 4782 ἐξ
3321 4717 3529 4770 εὐτελῶν
3563 4735 3573 4746 ·
3636 4714 3799 4770 Ἀλλά
3855 4723 3929 4784 τῷ

2317 4819 2504 4878 πλήθει
2559 4816 2750 4868 ἑαυτῶν
2800 4831 2813 4882 ;
2862 4818 2952 4865 καὶ
3001 4816 3103 4883 μὴν
3173 4809 3230 4862 οὐ
3285 4807 3486 4867 πλείους
3543 4806 3646 4858 εἰσὶ
3695 4812 3796 4856 τῶν
3850 4805 3933 4856 ἕν-

2321 4904 2468 4961 δεκα.
2515 4905 2669 4959 Ἀλλά
2717 4912 2788 4974 τῷ
2830 4902 3034 4974 μεγέθει
3089 4907 3183 4961 τῆς
3227 4893 3480 4972 πατρίδος
3518 4898 3654 4963 ;καὶ
3693 4897 3798 4964 μὴν
3829 4890 3932 4944 ἀπὸ

2319 5001 2531 5070 χωρίων
2589 4993 2719 5046 εἰσὶν
2769 4990 2982 5063 ἀσήμων
3035 5007 3047 5019 ο
3105 4987 3231 5040 ἀλλά
3276 4994 3391 5048 ταῖς
3448 4981 3782 5056 ἐπαγγελίαις
3837 4989 3933 5034 τοῦ

2325 5067 2656 5139 διδασκάλου
2687 5098 2701 5150 ;
2730 5085 2956 5146 ιιοίαις;
3003 5078 3062 5132 Εἰ
3113 5081 3184 5151 μή
3240 5075 3437 5148 ἀναστῇ
3492 5076 3614 5146 γὰρ,
3656 5067 3774 5125 οὐδ’
3805 5070 3936 5123 ἐκεί-

2321 5196 2434 5237 ναις
2477 5175 2816 5228 πιστεύουσι.
2877 5164 3148 5223 Δέδεικται
3207 5170 3378 5218 τοίνυν
3445 5164 3525 5216 ὅτι
3587 5163 3760 5234 μάτην
3805 5161 3940 5212 ὑπο-

2327 5267 2535 5319 πτεύετε
2577 5261 2838 5320 κλαπῆναι
2877 5265 3078 5312 τοῦτον·
3117 5254 3212 5310 οὐκ
3249 5249 3521 5327 ἐνδέχεται
3556 5254 3658 5327 γὰρ
3709 5246 3745 5304 δ
3752 5251 3808 5303 ιὰ
3843 5251 3941 5312 τὰς

2331 5351 2603 5430 εἰρημένας
2621 5349 2816 5414 αἰτίας.

1788 5477 2011 5549 Variae
2039 5477 2368 5550 lectiones
2392 5489 2459 5549 et
2474 5487 2678 5547 notae.

631 5637 740 5706 (68)
764 5635 907 5702 Ὀτι,
933 5630 1126 5706 abest.
1161 5630 1229 5684 A.

631 5641 719 5706 (68
764 5637 907 5702 Ὀτι,
933 5637 1109 5690 abest

631 5637 750 5788 (69g
783 5712 887 5762 Τοῦ
924 5704 1111 5783 τάφου.

2399 5621 2512 5699 (70)
2547 5627 2761 5690 Τοῦτον,
2791 5632 2903 5694 pro
2932 5614 3108 5673 αὐτόν.
3143 5617 3182 5670 Δ
