4188 6482
700 454 801 508 751

701 667 860 722 cium
881 666 1243 738 quibusdam
1257 665 1524 722 conferre
1542 665 1836 738 promisit,
1853 666 1900 720 si
1916 671 2050 720 ante
2065 668 2357 720 statutum

700 754 860 811 diem
891 755 1248 810 beneﬁcium
1283 755 1369 811 eis
1397 754 1686 820 conferat,
1721 770 1841 811 non
1873 755 2062 810 solum
2105 752 2356 825 promis-

701 860 835 899 sum
861 843 1202 916 complevit,
1223 844 1331 900 sed
1354 849 1411 900 et
1431 844 1613 900 aliam
1636 845 1893 914 gratiam
1915 842 2240 899 velocitatis
2256 841 2360 897 ad—

701 932 868 989 didit.
903 932 1052 988 Nihil
1083 941 1284 990 autem
1309 932 1474 989 aliud
1511 933 1696 989 Judmi
1725 932 2011 1005 appositis
2037 930 2362 1002 signaculis

703 1037 774 1079 ac
785 1021 1135 1079 custodibus
1145 1021 1590 1094 apparabant,q
1600 1038 1728 1078 nam
1741 1022 2162 1078 utresurrectio
2175 1019 2363 1092 publi-

705 1117 960 1174 caretur,
985 1115 1366 1183 sumeretque
1402 1111 1476 1168 ab
1513 1111 1661 1182 ipsis
1704 1111 2056 1167 custodibus
2100 1109 2363 1167 testimo-

706 1199 896 1256 nium.
915 1198 1032 1256 Sed
1047 1216 1289 1257 rursum
1305 1200 1385 1257 ad
1399 1200 1694 1257 dictorum
1716 1201 2073 1257 narrationis
2089 1198 2361 1255 ordinem

705 1287 1124 1346 revertendum
1165 1294 1274 1345 est.

775 1485 938 1539 Vers.
969 1486 1018 1539 4.
1047 1483 1174 1538 Prw
1189 1484 1398 1540 timore
1426 1489 1625 1540 autem
1648 1514 1715 1524 —
1735 1483 1975 1540 mortui.
2007 1485 2127 1539 Prze
2152 1483 2361 1540 timore

704 1571 1391 1637 terraamotus,{uitenim
1405 1588 1661 1644 magnus
1689 1589 1702 1639 ;
1725 1576 1828 1628 aut
1844 1572 2066 1645 angeli,
2083 1571 2360 1628 fuitenim

703 1665 952 1732 aspectu
969 1658 1258 1716 terribilis.
1281 1660 1567 1717 Concussi
1579 1668 1716 1717 sunt
1733 1667 1953 1726 autem,
1976 1661 2086 1716 hoc
2106 1665 2209 1726 est,
2231 1662 2360 1716 Tre-

703 1752 1018 1818 muerunt;
1045 1747 1263 1805 deinde
1284 1749 1360 1805 ad
1387 1765 1450 1805 se
1477 1749 1696 1806 reversi
1721 1749 2019 1820 fugerunt,
2043 1755 2100 1805 et
2121 1748 2202 1805 ita
2231 1764 2361 1804 mu-

704 1835 945 1894 lieribus
964 1836 1107 1894 data
1138 1841 1230 1894 est
1271 1839 1575 1895 securitas.

780 2035 938 2090 Vers.
965 2038 1014 2088 5.
1046 2033 1423 2103 Respondens
1448 2064 1520 2076 —
1542 2049 1662 2091 vos.
1684 2034 1791 2100 Ne,
1818 2034 2019 2106 inquit,
2051 2034 2363 2091 timueritis

707 2138 826 2188 vos,
859 2121 967 2178 sed
987 2121 1045 2177 hi
1070 2126 1216 2194 puta
1235 2122 1533 2191 custodes,
1556 2139 1888 2196 omnesque
1915 2123 2140 2180 inimici
2171 2123 2366 2180 Domi-

703 2210 787 2268 ni.
811 2211 1076 2268 Primum
1097 2211 1295 2284 itaque
1318 2212 1528 2268 timore
1550 2211 1682 2269 illas
1709 2212 1984 2268 liberavit
2006 2218 2062 2268 et
2087 2227 2363 2269 sermone

701 2305 758 2357 et
785 2299 1016 2365 habitu,
1053 2299 1270 2357 deinde
1293 2299 1369 2357 de
1393 2302 1824 2358 resurrectione
1850 2301 2110 2356 disserit.

772 2389 935 2447 Vers.
965 2391 1019 2446 5.
1050 2389 1178 2447 Scio
1203 2421 1270 2432 —
1295 2391 1584 2462 queritis.
1610 2395 1735 2448 Non
1765 2391 2147 2448 confunditur
2165 2390 2362 2448 dicere

699 2480 1019 2536 Dominum
1046 2495 1224 2535 suum
1255 2479 1610 2536 cruciﬁxum
1640 2498 1654 2547 ;
1683 2497 1827 2554 quia
1855 2480 1950 2536 his
1982 2479 2229 2552 quidem
2258 2480 2360 2553 qui

693 2574 826 2624 ante
844 2568 1046 2640 ipsum
1067 2566 1332 2624 cruciﬁxi
1356 2573 1673 2632 sunt,crux
1701 2569 2030 2639 ignominia
2053 2574 2197 2634 erat.
2219 2583 2356 2624 cum

693 2661 1116 2729 argumentum
1130 2661 1284 2714 esset
1301 2657 1579 2714 maleﬁcii
1597 2673 1802 2714 eorum
1821 2675 1833 2712 :
1851 2658 1989 2714 huic
2005 2675 2140 2714 vero
2159 2659 2357 2731 potius

694 2745 904 2815 gloria,
923 2761 1062 2801 cum
1080 2745 1246 2802 fuerit
1271 2746 1701 2802 demonstratio
1718 2747 1988 2803 beneﬁcii
2008 2748 2064 2803 in
2084 2748 2358 2804 homines

693 2833 909 2898 collati,
941 2839 1180 2906 propter
1207 2833 1374 2906 quod
1408 2834 1487 2890 ad
1509 2850 1746 2890 crucem
1782 2836 2218 2892 condemnatus
2248 2841 2354 2892 est.

777 2921 935 2978 Vers.
965 2922 1162 2978 6.Non
1182 2953 1250 2964 —
1277 2923 1574 2979 Dominus.
1602 2924 1810 2980 Dicens
1833 2944 1845 2984 :
1870 2925 2149 2988 Accedite.
2166 2925 2358 2982 videte

697 3010 883 3068 locum
911 3009 1014 3066 ubi
1033 3012 1262 3081 positus
1288 3018 1421 3068 erat
1453 3012 1752 3078 Dominus,
1799 3013 2163 3082 signiﬁcavit
2191 3013 2357 3086 quod

694 3104 939 3173 propter
965 3115 1091 3167 eas,
1110 3105 1174 3156 ut
1195 3101 1476 3166 viderent,
1506 3101 1766 3174 lapidem
1793 3103 2136 3158 revolverat.

765 3189 923 3245 Vers.
950 3191 1000 3244 7.
1025 3189 1100 3245 Et
1115 3190 1598 3248 cito—videbitis.
1621 3192 1938 3257 Pravcedet,
1963 3193 2075 3248 hoc
2101 3198 2187 3249 est
2205 3192 2355 3249 Prm-

687 3278 888 3336 veniet
908 3294 1038 3335 vos.
1067 3279 1240 3336 Iubet
1271 3285 1473 3337 autem
1498 3280 1663 3337 abire
1694 3296 1796 3337 eos
1834 3282 1894 3337 in
1929 3281 2253 3347 Galilaeam,
2289 3281 2350 3338 in

685 3383 808 3441 qua
835 3369 962 3424 sine
977 3367 1327 3425 Judaaorum
1352 3370 1560 3426 timore
1587 3369 1665 3426 ad
1683 3385 1818 3426 eum
1840 3372 2136 3427 accessuri
2159 3376 2348 3438 erant,

687 3462 744 3514 et
773 3472 913 3513 cum
941 3472 1014 3513 eo
1042 3456 1416 3514 collocuturi.

754 3547 914 3602 Vers.
943 3551 999 3601 7.
1043 3545 1195 3602 Ecce
1241 3546 1373 3603 dixi
1409 3545 1586 3603 vobis.
1628 3549 1706 3603 De
1737 3547 2026 3604 omnibus
2059 3548 2343 3606 videlicet.

685 3633 786 3690 Vel
825 3633 994 3690 aliter
1027 3653 1039 3692 :
1073 3636 1217 3689 Ecce
1248 3634 1536 3691 admonui
1572 3651 1676 3693 vos
1717 3637 1786 3691 de
1811 3637 2139 3710 discipulis.
2166 3637 2348 3694 Nolite

683 3723 886 3794 itaque
911 3721 1388 3779 admonitionem
1419 3723 1738 3796 negligere.
1782 3726 1885 3780 Hic
1917 3741 2060 3796 ergo
2095 3726 2347 3799 angelus

685 3815 852 3867 extra
863 3808 1208 3882 sepulcrum
1227 3827 1408 3883 super
1422 3812 1686 3884 lapidem
1709 3813 1943 3876 sedens,
1967 3814 2249 3886 praedicta
2264 3814 2349 3872 di-

684 3898 771 3954 xit
800 3897 1168 3953 mulieribus.
1196 3899 1346 3964 Quia
1365 3916 1503 3957 vero
1528 3916 1649 3956 non
1679 3900 1843 3956 ausis
1859 3903 2347 3976 appropinquare

685 3987 984 4059 praecepit,
1005 3990 1068 4042 ut
1089 3987 1425 4060 sepulcrum
1448 3988 1900 4060 ingrederentur
1921 3991 2086 4062 (nam
2105 3992 2216 4048 hoc
2234 3993 2348 4064 sig-

685 4074 903 4139 niﬁcat,
921 4077 966 4132 Α
979 4075 1221 4144 ccedite,
1239 4076 1429 4135 videte
1445 4079 1640 4136 locum
1653 4079 1759 4135 ubi
1766 4080 1997 4150 positus
2013 4086 2139 4138 erat
2153 4083 2348 4140 Domi-

682 4165 815 4237 nus)
845 4165 1136 4236 ingressae
1182 4172 1345 4224 sunt.

753 4365 867 4424 Sed
879 4364 1190 4422 Matthmus
1201 4362 1437 4436 quidem
1451 4379 1642 4436 usque
1655 4364 1732 4420 ad
1746 4365 2075 4437 ingressum
2089 4367 2343 4440 sepulcri

2394 1895 2440 1951 Β
2547 1895 2874 1990 Ἀποκριθεὶς
2954 1945 3023 1956 —
3107 1916 3274 1988 ὑμεῖς.

2034 446 2385 505 EUTHYMII
2425 445 2747 505 ZIGABENI
3924 465 3993 520 ηδε

772 577 1000 634 Etenim
1025 593 1127 634 rex
1154 592 1398 651 quoque
1435 578 1540 651 qui
1581 577 1660 636 ad
1691 584 1919 635 certum
1953 577 2108 632 diem
2143 576 2357 632 beneli-
2391 577 2438 630 Α

2547 583 2647 630 Καὶ
2677 581 2779 650 γὰρ
2811 577 2923 650 (82)
2981 583 3071 631 καὶ
3118 578 3389 651 βασιλεύς,
3441 578 3850 656 ἐπαγγειλάμενος
3891 588 3993 660 es”-

2472 672 2692 736 γετῆσαί
2741 687 2877 728 τινας
2925 668 2996 729 εἰς
3035 668 3227 741 ῥητὴν,
3286 670 3501 743 ἡμέραν,
3561 667 3668 723 εἶτα
3709 677 3798 746 πρὸ
3852 679 3994 738 ταύτης

2475 755 2816 827 εὐεργετήσας
2874 759 3083 824 αὐτούς,
3145 757 3204 810 ού
3257 763 3410 829 μόνον
3459 756 3717 834 ἐπλήρωσε
3761 768 3841 822 τήν
3883 763 3994 836 ἐπαγ-

2473 844 2666 914 γελίαν,
2733 844 2859 897 ἀλλά
2917 852 3005 898 καὶ
3057 848 3220 919 χάριν
3267 845 3424 904 ἀλλην
3467 847 3764 922 προσεθηκε,
3812 856 3890 910 τῆν
3930 862 3995 915 τῆς

2475 936 2796 1004 ταχύτητος·
2876 931 3043 988 Ούδεν
3088 932 3148 988 δε
3194 936 3360 1009 ἕτερον
3423 934 3748 991 ἐσπούδασαν
3801 937 3996 994 Ἰουδαῖοι

2476 1026 2564 1082 τὰς
2605 1020 2904 1096 σφραγῖδας
2955 1023 3276 1087 ἐπιϐαλόντες
3332 1029 3423 1077 καὶ
3476 1030 3595 1088 τοὺς
3635 1028 3842 1100 φύλακας
3874 1051 3996 1104 παρε-

2475 1113 2780 1174 καθίσαντες
2827 1117 2857 1171 ἣ
2910 1116 2967 1166 τό
3021 1109 3440 1186 δημοσιευθῆναι
3480 1119 3576 1173 τὴν
3624 1114 3896 1188 ἀνάστασιν,
3932 1125 3996 1171 καὶ

2477 1203 2784 1274 μαρτυρηθῆ
2797 1221 2876 1254 θαι
2940 1205 3082 1276 παρὰ
3167 1210 3267 1254 τῶν
3347 1201 3588 1275 φυλάκων
3664 1206 3834 1264 αὐτῶν.
3897 1206 3996 1261 Ἀλλ’

2477 1287 2736 1343 ἐπανιτέον
2782 1290 2934 1344 πάλιν
2990 1294 3121 1366 πρὸς
3177 1295 3270 1350 τὴν
3320 1289 3628 1345 ἀκολουθίαν
3677 1302 3763 1356 τῆς
3803 1304 3886 1346 τῶν
3930 1296 3999 1370 ρη-

2476 1386 2575 1430 τῶν
2606 1378 2921 1451 ἐξηγήσεως.

2548 1468 2676 1520 Ἀπὸ
2730 1465 2789 1522 δε
2826 1477 2918 1522 τοῦ
2961 1468 3119 1542 φόϐου
3190 1501 3258 1510 -
3313 1475 3503 1543 νεκροί.
3566 1471 3684 1524 Ἀπὸ
3726 1481 3805 1525 τοῦ
3856 1470 4000 1544 φόϐου,

2476 1564 2567 1609 τοῦ
2627 1566 2846 1630 σεισμοῦ
2892 1575 2904 1588 ·
2952 1563 3113 1631 μέγας
3167 1561 3268 1632 γὰρ
3324 1555 3386 1617 ἦν
3417 1575 3431 1588 ·
3469 1560 3499 1618 ᾖ
3530 1568 3616 1612 τοῦ
3643 1558 3852 1632 ἀγγέλου,
3877 1580 4004 1613 κατα-

2475 1645 2757 1708 πληκτικὸς
2857 1649 2958 1722 γὰρ
3043 1644 3124 1706 ἦν.
3201 1648 3552 1707 Ἐσείσθησαν
3611 1646 3679 1716 δέ,
3748 1650 3845 1701 ἀντὶ
3907 1657 4000 1717 τού,

2475 1735 2813 1810 Ἐτρόμαξαν.
2875 1734 3004 1792 Εἶτα
3060 1735 3428 1808 ἀνανήψαντες,
3478 1741 3660 1811 ἔφυγον.
3696 1743 3774 1790 καί
3823 1742 3998 1809 γέγονεν

2473 1821 2630 1879 ἄδεια
2659 1833 2771 1889 ταῖς
2794 1826 3055 1898 γυναιξίν.

3373 1920 3450 1974 Μὴ
3529 1913 3753 1988 φοϐεῖσθε,
3825 1916 3979 1985 φησὶν,

2473 2005 2633 2076 ὑμεῖς.
2689 2002 2798 2055 ἀλλ’
2849 2004 3013 2072 οὗτοι,
3083 1999 3314 2074 δηλαδὴ,
3372 2006 3420 2057 οἱ
3463 2003 3658 2076 φύλακες
3711 2007 3790 2054 καὶ
3829 2001 3990 2060 πάντες

2472 2094 2521 2144 οἱ
2565 2092 2746 2168 ἐχθροὶ
2803 2101 2897 2146 τοῦ
2948 2098 3168 2168 Κυρίου.
3223 2100 3432 2166 Πρῶτον
3493 2096 3574 2166 μεν
3625 2088 3700 2144 οὖν
3750 2087 3999 2150 ἀπήλλαξεν

2473 2181 2635 2244 αύτὸις
2685 2190 2776 2234 τοῦ
2836 2179 2988 2244 δέους
3067 2187 3155 2235 καὶ
3210 2181 3345 2254 λόγῳ
3422 2188 3513 2235 καὶ
3560 2187 3792 2254 σχήματι·
3856 2179 4008 2229 ἐπειτοι

2471 2276 2590 2346 περὶ
2622 2281 2716 2334 τῆς
2748 2272 3082 2335 ἀναστάσεως
3112 2267 3436 2344 διαλέγεται.

2544 2358 2684 2414 Οἶδα
2740 2393 2806 2402 -
2840 2362 3062 2423 ζητεῖτε,
3121 2360 3233 2413 Οὐκ
3281 2360 3658 2433 ἐπαισχύνεται
3684 2358 3828 2430 λέγων
3859 2353 4014 2407 ἐσταυ-

2468 2455 2693 2525 ρωμένον
2723 2455 2808 2503 τὸν
2853 2455 3114 2509 Δεσπότην
3153 2450 3330 2521 ἀύτοῦ,
3368 2448 3508 2504 διότι
3540 2457 3644 2511 τοῖς
3687 2450 3769 2521 μεν
3811 2447 3898 2519 πρὸ
3942 2441 4011 2493 αύ-

2469 2548 2560 2592 τοῦ
2613 2543 3010 2614 σταυρωθεῖσιν,
3073 2540 3307 2611 αἰσχυνη
3362 2541 3389 2591 ό
3448 2542 3666 2612 σταυρὸς
3719 2533 3794 2594 ἦν.
3840 2533 4016 2603 ἐληχος

2468 2634 2535 2680 ὧν
2589 2637 2680 2690 τῆς
2717 2634 3035 2704 κακουργίας
3090 2629 3278 2682 αὐτῶν·
3348 2631 3516 2701 τούτῳ
3563 2625 3623 2681 δέ
3673 2623 3796 2688 δόξα
3839 2619 4011 2695 μᾶλλον,

2469 2713 2739 2781 ἀπόδειξις
2791 2723 2858 2775 ὧν
2905 2727 2998 2780 τῆς
3045 2717 3336 2793 εὐεργεσίας
3391 2725 3490 2770 τῶν
3549 2715 3838 2792 ἀνθρώπων,
3867 2707 3928 2764 δι’
3966 2710 4018 2766 ἧι

2464 2814 2640 2860 τοῦτον
2661 2804 2833 2860 καταδ
2838 2803 2898 2860 εδ
2903 2812 3135 2860 ίκασται.

2537 2897 2647 2949 Ούκ
2704 2929 2770 2937 -
2827 2900 3034 2971 Κύριος.
3088 2896 3280 2959 Εἰπὼν,
3341 2902 3511 2956 Δεῦτε,
3572 2890 3711 2948 ἴδετε
3764 2894 3845 2944 τὸν
3892 2890 4013 2941 τόπον

2466 2987 2594 3038 ὃπου
2648 2989 2808 3039 ἔκειτο
2858 2988 2884 3038 ό
2916 2989 3125 3058 Κύριος,
3180 2981 3440 3043 ἐδήλωσεν
3499 2985 3583 3036 ὃτι
3631 2979 3704 3036 δι’
3762 2980 3920 3044 αύτὰς,
3954 2977 4013 3026 ἱνα

2467 3072 2674 3143 ἴδωσιν,
2709 3074 2986 3128 ἀπεκύλισε
3011 3079 3097 3127 τὸν
3117 3075 3278 3129 λίθον.

2543 3189 2642 3236 Καὶ
2674 3187 2816 3255 ταχύ
2862 3213 2933 3225 -
2963 3182 3170 3253 ὄψεσθε.
3225 3180 3502 3256 Προλάγει,
3539 3179 3658 3233 ἀντὶ
3683 3182 3794 3246 τόῡ,
3823 3172 4018 3248 Ηρολαμ-

2464 3271 2603 3325 ϐάνει
2661 3274 2821 3345 ὑμᾶς.
2905 3275 3106 3325 Κελεύει
3186 3267 3245 3324 δε
3319 3270 3508 3332 αύτούς
3569 3268 3810 3323 ἀπελθεῖν
3855 3263 3913 3324 εἰς
3952 3264 4022 3318 τὴν

2464 3361 2760 3426 Γαλιλαίαν,
2804 3361 2852 3414 ἐν
2967 3365 3142 3434 χωρὶς
3197 3358 3356 3433 φόϐου
3403 3368 3502 3413 τῶν
3552 3354 3825 3413 Ἰουδαίων
3862 3349 4022 3426 ἔμελλον

2461 3449 2696 3523 ἐντυχεῖν
2722 3451 2887 3520 αὐτῷ.

2532 3555 2671 3612 Ἰδού
2725 3556 2864 3611 εἷπον
2921 3559 3061 3630 ύμῖν.
3116 3560 3236 3632 Περὶ
3284 3558 3488 3608 πάντων
3555 3551 3798 3615 δηλαδή.
3853 3549 3914 3602 Ἦ
3959 3548 4026 3596 καὶ

2459 3647 2660 3724 ἑτέρως,
2697 3644 2860 3716 Ἰδού,
2915 3645 3243 3720 παρήγγειλα
3296 3647 3440 3719 ὑμῖν,
3492 3650 3620 3718 περὶ
3672 3652 3770 3697 τῶν
3802 3639 4028 3724 μαθητῶν.

2461 3741 2655 3790 Λοιπὸν
2710 3733 2820 3803 οὖν,
2900 3741 2972 3809 μὴ
3045 3735 3340 3809 ἀμελησητε
3420 3742 3516 3796 τῆς
3569 3731 3934 3810 παραγγελίας.
3985 3723 4028 3774 Ὀ

2457 3829 2547 3898 μεν
2599 3823 2687 3878 οὖν
2740 3825 2955 3899 ἅγγελος
2997 3825 3166 3890 οὗτος,
3222 3824 3316 3888 ἔξω
3374 3832 3465 3877 τοῦ
3519 3828 3689 3898 τάφου
3749 3821 4036 3889 καθήμενος,

2457 3914 2626 3968 ἐπάνω
2676 3920 2768 3968 τόῦ
2831 3915 3000 3982 λίθου,
3079 3917 3144 3967 τὸι
3194 3914 3420 3988 ῥηθέντα
3465 3933 3600 3988 προς
3674 3913 3758 3971 τὰς
3811 3909 4037 3979 γυναῖκας

2458 4001 2612 4060 εἶπεν.
2672 4006 2812 4058 Ἐπεὶ
2866 4001 2944 4070 δε,
3007 4003 3075 4062 δὴ
3129 4002 3395 4076 τολμωσας
3465 4001 3711 4074 ἐγγίσαε,
3766 3991 4041 4073 παρεκελεύ-

2459 4113 2587 4147 σατο
2618 4093 2859 4146 εἰσελθεῖν
2911 4093 2984 4154 εἰς
3034 4096 3122 4145 τὸν
3159 4094 3339 4164 τάφον·
3383 4098 3536 4144 τοῦτο
3589 4095 3694 4164 γὰρ
3728 4088 3946 4161 ἐμφαίνει
3976 4082 4040 4140 τὸ,

2458 4185 2626 4248 Δεῦτῖ,
2713 4179 2852 4236 ’ίδετε
2929 4185 3015 4235 τὸν
3097 4187 3252 4235 τόπον
3327 4182 3462 4233 ὃπαυ
3539 4183 3715 4233 ἔκειτο
3779 4177 3806 4229 6
3858 4173 4040 4246 Κύριος·

2458 4270 2717 4330 εἰσῆλθον.

2530 4366 2632 4415 Καὶ
2686 4363 2712 4413 ὸ
2769 4364 2859 4434 μεν
2916 4362 3200 4426 Ματθαῖος,
3259 4361 3327 4412 τὸι
3379 4363 3544 4434 μέχρι
3604 4367 3707 4420 τῆς
3749 4353 4048 4409 εἰσελεύσεως

677 4455 958 4521 narravit,
987 4453 1218 4526 reliqua
1239 4453 1604 4526 prmleriens;
1623 4453 1820 4510 caeteri
1837 4470 1979 4512 vero
1994 4437 2210 4513 relictis
2230 4456 2344 4528 his,

2457 4450 2630 4517 εἰπὼν,
2691 4452 2758 4503 τὰ
2812 4452 3010 4512 ταύτης
3059 4445 3410 4524 παρέδραμεν
3463 4449 3490 4500 6
3528 4443 3593 4500 δέ
3649 4448 3873 4522 Μάρκος
3921 4437 4051 4493 tu”

677 4560 813 4616 quea
835 4560 1024 4616 usque
1043 4543 1121 4601 ad
1134 4541 1386 4616 sepulcri
1404 4541 1747 4612 ingressum
1759 4543 2268 4618 acciderant,quas
2285 4547 2345 4603 in

680 4647 752 4688 eo
768 4631 924 4689 facta
934 4637 1068 4689 sunt
1082 4630 1649 4703 conscripserunt.Et
1661 4631 1769 4688 hoc
1781 4631 2037 4704 estquod
2050 4634 2346 4692 maximam

680 4719 908 4791 prebet
948 4735 1070 4777 non
1107 4718 1558 4776 advertentibus
1588 4718 2042 4778 haesitationem.
2071 4723 2164 4779 Ait
2184 4723 2345 4780 enim

681 4809 935 4863 Marcus:
956 4808 1028 4863 Et
1041 4810 1320 4877 ingressa
1332 4809 1391 4864 in
1417 4814 1875 4880 monumentum,
1905 4812 2174 4867 viderunt
2202 4812 2346 4869 ado-

683 4895 1059 4952 lescentulum
1071 4896 1362 4952 sedentem
1375 4897 1438 4952 in
1451 4897 1695 4962 dextris,
1718 4898 2001 4955 amictum
2021 4901 2178 4956 stola
2208 4915 2346 4957 can-

680 4983 848 5054 dida,
868 4989 922 5039 et
949 4983 1390 5055 obstupuerunt.
1418 4984 1528 5041 Ille
1551 4993 1748 5041 autem
1765 4985 1904 5041 dicit
1924 4989 2003 5043 eis
2029 5003 2041 5043 :
2065 4989 2345 5045 Neobstu-

677 5073 1142 5143 pescatis.Iesum
1155 5072 1405 5144 quaeritis
1415 5073 1690 5130 Nazaren
1698 5090 1796 5130 um
1808 5075 2164 5145 cruci/trum
2187 5093 2199 5132 :
2214 5094 2344 5135 sur-

675 5161 852 5225 rexit,
867 5177 986 5217 non
1002 5166 1084 5218 est
1101 5160 1213 5218 hic.
1235 5162 1390 5218 Ecce
1404 5162 1566 5218 locus
1589 5161 1691 5217 ubi
1711 5172 2040 5232 posuerunt
2060 5180 2213 5222 eum.
2229 5167 2346 5224 Sed

671 5249 855 5306 abite:
879 5249 1055 5306 dicite
1091 5249 1402 5320 discipulis
1426 5251 1549 5320 ejus
1569 5258 1622 5306 et
1646 5251 1848 5320 Petro,
1871 5253 2024 5323 quod
2048 5256 2341 5322 praecedet

2457 5256 2574 5330 ρθη,
2633 5253 2727 5308 ούκ
2779 5255 2922 5306 ἔστιν
2987 5248 3111 5306 ὧδε.
3168 5247 3280 5305 Ἴδε
3329 5251 3356 5302 ό
3411 5253 3584 5318 τόπος,

2451 5364 2604 5398 αυτον
2613 5383 2626 5398 ο

1669 5431 1888 5502 προάγει
1953 5431 2083 5503 ὑμᾶς
2138 5432 2210 5495 εἰς
2288 5436 2384 5494 τήν
2453 5433 2753 5489 Γαλιλαίαν.

672 5353 767 5395 vos
780 5340 841 5394 in
865 5338 1174 5395 Galilaeam
1198 5356 1210 5394 :
1233 5338 1317 5395 ibi
1331 5353 1454 5396 eum
1473 5338 1914 5405 videbitis,sicut
1927 5342 2083 5398 dixit
2095 5344 2252 5402 vobis
2267 5347 2334 5400 ³⁵.

670 5427 832 5480 αὐτοῦ
916 5427 1008 5479 καὶ
1077 5435 1147 5498 τῷ
1223 5431 1418 5502 Ηέτρῳ,
1505 5428 1584 5480 ὃτι

670 5520 815 5589 υμῖν.

745 5616 791 5650 ⁸⁵
823 5613 1118 5679 Marcxvi,
1169 5617 1221 5681 5,
1248 5619 1304 5669 7.

2456 4984 2606 5046 ϐεϐλη
2612 4991 2759 5059 μένον
2853 4985 3040 5044 στολήν
3117 4983 3322 5044 λευκὴν.

2457 4545 2680 4607 Λουκᾶς,
2746 4543 2813 4593 τὰ
2861 4544 3026 4612 μέχρι
3103 4547 3194 4601 τῆς
3267 4537 3600 4600 εἰσελεύσεως
3672 4533 4047 4609 παραλιπόντες.

2454 4632 2520 4682 τὰ
2565 4631 2757 4690 ταύτης
2813 4631 3119 4704 ἱστόρησαν.
3187 4632 3286 4681 Καὶ
3337 4630 3486 4680 τοῦτό
3540 4624 3668 4678 ἐστι
3731 4629 3794 4678 τὸ
3852 4619 4055 4696 μάλιστα

2458 4722 2690 4791 παρέχον
2729 4724 2834 4780 τοῖς
2884 4723 2954 4790 μή
3012 4720 3348 4793 προσέχουσι
3376 4715 3470 4774 τὴν
3502 4712 3768 4788 ἀπορίαν.
3813 4707 4049 4777 Φησὶγάρ

2456 4808 2483 4860 6
2535 4810 2768 4883 Μάρκος,
2823 4808 2903 4860 ὅτι
2983 4811 3084 4860 Καὶ
3165 4804 3492 4859 εἰσελθοῦσαι
3550 4803 3625 4865 είς
3690 4807 3756 4856 τὸ
3812 4803 4055 4876 μνημεῖον,

2456 4893 2595 4950 εἶδόν
2651 4902 2916 4950 νεανίσκον
2993 4896 3280 4968 καθήμενον
3360 4892 3409 4946 ἐν
3460 4900 3568 4954 τοῖς
3642 4889 3874 4957 δεξιοῖς,
3943 4901 4056 4956 περι-

3435 4986 3527 5034 καὶ
3606 4979 3891 5055 ἐξεθαμϐἠ
3901 4980 4058 5035 θησαν.

2468 5084 2511 5129 Ο
2579 5073 2638 5130 δε
2729 5075 2864 5148 λέγει
2939 5074 3144 5136 αύταῖς·
3225 5077 3312 5132 Μὴ
3418 5069 3813 5144 ἐκθαμϐεῖσθε,
3887 5068 4059 5123 Ἰησοῦν

2456 5167 2658 5227 ζητεῖτε
2737 5168 2825 5218 τὸν
2896 5163 3226 5236 Ναζαρηνὸν,
3302 5164 3388 5215 τόν
3449 5159 3896 5234 ἐσταυρωμένον·
3972 5152 4066 5222 ἠγί-

3670 5251 3819 5302 ὃπου
3907 5247 4065 5299 ἔθηκαν

2739 5342 2875 5397 Ἀλλ’
2987 5342 3233 5414 ὑπάγετε,
3334 5341 3511 5393 εἴπατε
3612 5345 3743 5402 τοῖς
3838 5333 4071 5411 μαθηταῖς

2846 5431 2984 5486 Ἐκεῖ
3083 5429 3239 5484 αύτόν
3345 5427 3554 5500 ὄψεσθε,
3681 5429 3875 5490 καθὼς
3962 5418 4070 5475 εἶπεν

1893 5716 2113 5784 Varia),
2142 5718 2472 5788 lectiones
2502 5730 2570 5790 et
2609 5730 2812 5788 uotae.

741 5829 856 5902 (s2)
877 5829 1005 5898 Καὶ,
1031 5827 1223 5892 abest,
1267 5827 1339 5882 A.
