4188 6488
235 359 371 419 753

1240 365 1594 422 COMMENT.
1638 365 1706 420 IN
1747 362 2198 420 MATTHIEUM.
2240 395 2308 405 —
2338 365 2492 419 CAP.
2528 365 2768 424 XXVIII.

3547 371 3650 426 754

350 491 486 540 Επεὶ
550 507 652 562 γαρ
706 489 732 541 6
788 489 883 552 ἔξω
935 492 1219 562 καθήμενος
1291 491 1504 563 ἄγγελος
1581 489 1865 565 παρεκελεύι

2063 488 2211 554 Quia
2238 489 2395 546 enim
2420 489 2470 546 is
2499 490 2604 562 qui
2633 491 2776 546 foris
2800 490 3042 549 sedebat
3069 490 3318 559 angelus
3351 508 3650 565 praecepe-

245 595 408 629 σατο
458 579 654 640 ταύτας
700 577 962 645 εἰσελθεῖν,
1015 579 1344 633 εἰσελθοῦσαι
1393 581 1464 644 εἰς
1505 585 1563 634 τὸ
1607 587 1875 654 μνημεῖον,

246 662 417 719 εἶδον
474 667 642 741 ἕτερον
689 666 924 740 ἄγγελον,
969 671 1258 743 καθήμενον
1306 669 1353 722 ἓν
1397 678 1502 731 τοῖς
1557 667 1745 734 δεξιοῖς
1789 669 1878 721 αὖ·

248 761 365 807 τοῦ
430 759 632 830 μρεσι,
703 761 813 821 καὶ,
867 759 938 820 ὡς
993 757 1146 828 εἰκὸς,
1217 757 1666 832 ἕξεθαμϐήθησαν,
1738 757 1875 822 ἐξαί-

254 863 403 916 φνης
451 842 774 916 ἰντυχοῦσαι
829 846 988 917 αὐτῷ.
1019 847 1078 900 Ὀ
1133 844 1192 901 δὲ
1235 847 1369 920 λέγει
1414 848 1612 909 αὐταῖς·
1645 852 1730 906 Μή
1791 846 1875 900 ἕκ-

256 931 582 1006 Θαμϐεῖσθε,
640 939 730 987 καὶ
786 938 850 988 τὰ
908 936 1046 1000 ἑξῆς.
1104 937 1320 1011 Ὁμοίως
1361 935 1420 991 δὲ
1474 947 1546 1009 τῷ
1594 937 1735 999 ἐκτὸς
1787 936 1876 1009 ἆγ-

249 1023 428 1094 7ῐλῳ,
487 1028 576 1076 καὶ
623 1025 650 1076 6
702 1023 858 1095 ἐντὸς,
912 1035 1112 1100 πρῶτον
1166 1025 1477 1080 ἀπαλλάττει
1531 1030 1720 1088 ταύτας
1781 1033 1872 1079 τοῦ

255 1111 545 1184 Θάμϐους·
610 1115 787 1166 ὅπειτα
840 1119 957 1190 περὶ
1008 1124 1102 1178 τῆς
1156 1114 1491 1178 ἀναστάσεως
1551 1113 1868 1189 διαλίγετσι.

254 1206 372 1254 Καὶ
415 1203 440 1253 6
488 1205 580 1275 μὲν
631 1201 794 1269 ἐκτὸς,
842 1203 1052 1277 φοϐερὸς
1099 1202 1182 1272 ἦν,
1235 1203 1328 1259 διὰ
1376 1209 1493 1267 τοὺς
1545 1206 1810 1280 φύλᾶκαη
1844 1207 1870 1258 6

253 1289 312 1344 δ’
364 1289 526 1358 ἐντὸς,
577 1292 636 1345 οὐ
693 1301 945 1361 τοιοῦτος,
995 1291 1090 1348 διὰ
1135 1297 1230 1358 τὰς
1277 1303 1549 1368 γυναῖκας.
1601 1299 1686 1348 Διὸ
1743 1296 1872 1348 ἐκεῖ·

249 1399 346 1433 νον
394 1383 486 1454 μεν
537 1377 773 1448 ἰδοῦσαι,
807 1381 1136 1456 ἐφοϐήθησαν
1179 1385 1366 1438 αὗται*
1398 1393 1579 1439 τοῦτον
1623 1382 1683 1438 δε
1728 1382 1871 1439 ἰδοῦ-

254 1488 357 1520 σαι
402 1467 857 1542 ἐξεθαμϐήθησαν,
911 1476 980 1526 Τὸ
1014 1470 1092 1538 δὲ,
1138 1471 1246 1528 Ἴδε
1297 1476 1322 1527 6
1370 1479 1546 1538 τόπος,
1598 1473 1711 1528 ἀντὶ
1753 1483 1864 1540 τοῦ,

252 1553 410 1612 Ἰδοὺ
453 1560 480 1611 6
524 1565 706 1623 τόπος.
757 1560 1036 1634 Ὀνομαστὶ
1084 1559 1143 1616 δε
1193 1566 1484 1638 προσέθηκε
1520 1567 1606 1616 τὸν
1658 1567 1866 1636 Πέτρον,

255 1650 346 1699 ἶνα
394 1655 524 1720 γνῶ,
576 1650 660 1702 ὅτι
704 1657 1113 1726 συγκεχώρηται
1143 1655 1200 1704 τὸ
1251 1653 1462 1726 σφάλμα
1507 1661 1602 1715 τῆς
1650 1653 1871 1728 τριπλῆς

256 1735 534 1811 ἀρνήσεως
592 1734 689 1792 διὰ
739 1744 833 1799 τήν
891 1743 1082 1814 θερμήν
1137 1744 1430 1814 μετάνοιαν,
1489 1748 1578 1795 καὶ
1626 1741 1869 1795 ἀναπνεύ-

254 1845 352 1899 σῃ.
392 1832 494 1881 Καὶ
522 1830 627 1901 γὰρ
677 1827 979 1883 ὶϐίϐύθιστο
1022 1838 1084 1904 τῆ
1119 1829 1322 1905 ἀμέτρῳ
1353 1831 1511 1905 λύπη.
1562 1834 1868 1903 Ἐπαγαγὼν

1989 582 2078 634 rat
2099 577 2182 633 eis
2203 577 2453 648 ingredi,
2485 579 2770 649 ingressae
2798 581 2857 636 in
2883 585 3339 637 monumentum
3373 580 3647 638 viderunt

1986 665 2234 723 alterum
2260 666 2540 740 angelum
2570 668 2880 725 sedentem
2912 685 2947 725 a
2971 673 3181 726 dextra
3211 667 3403 741 ipsius
3429 674 3596 742 parte
3625 688 3640 737 ;

1985 759 2041 812 et
2070 760 2133 813 ut
2160 756 2476 816 verisimile
2502 763 2614 820 est,
2642 757 2772 814 viso
2801 762 3046 831 repente
3069 773 3140 815 eo
3167 758 3630 830 obstupuerunt.

1984 850 2058 903 At
2097 845 2192 902 ille
2247 845 2396 902 dixit
2435 847 2519 902 eis
2552 867 2564 900 :
2607 847 2698 903 Ne
2748 846 3194 918 obstupescutis,
3226 852 3338 903 etc.
3395 850 3457 903 Et
3489 848 3641 904 sicut

1981 933 2238 991 exterior
2266 935 2532 1006 angelus,
2573 934 2656 992 ita
2703 943 2758 991 et
2785 935 3046 1002 interior,
3087 937 3347 1009 primum
3393 936 3636 1010 quidem

1981 1028 2222 1096 stupore
2248 1039 2350 1081 eas
2381 1023 2594 1081 liberat
2626 1041 2640 1090 ;
2681 1025 2899 1082 deinde
2951 1041 3025 1084 ea
3079 1041 3205 1098 quas
3241 1025 3317 1081 de
3374 1042 3636 1082 resurre-

1980 1111 2174 1168 ctione
2205 1118 2374 1168 erant
2402 1113 2656 1171 disserit.
2719 1116 2784 1172 Et
2816 1117 2973 1171 certe
3035 1112 3288 1171 exterior
3335 1114 3635 1171 timendus

1979 1207 2106 1258 erat
2151 1207 2390 1275 propter
2439 1203 2758 1269 custodes;
2817 1204 3062 1260 interior
3109 1218 3253 1260 vero
3325 1202 3456 1260 talis
3511 1219 3636 1260 non

1977 1295 2120 1356 erat,
2146 1296 2384 1363 propter
2415 1291 2719 1348 mulieres.
2750 1291 2892 1349 Ideo
2921 1291 3021 1349 illo
3050 1291 3298 1366 quidem
3333 1292 3481 1357 viso,
3515 1291 3637 1348 istae

1979 1380 2301 1436 timuerunt
2330 1397 2344 1447 ;
2377 1379 2491 1436 hoc
2522 1388 2725 1437 autem
2758 1381 2908 1446 viso,
2935 1380 3394 1454 obstupuerunt.
3435 1381 3634 1437 Nomi-

1977 1467 2150 1523 natim
2179 1473 2378 1524 autem
2414 1469 2652 1525 Petrum
2709 1469 2957 1535 addidit,
2991 1475 3056 1526 ut
3105 1468 3278 1527 sciret
3307 1469 3632 1526 remissum

1979 1557 2088 1612 sibi
2115 1572 2244 1612 esse
2286 1558 2449 1613 trinae
2477 1557 2810 1629 negationis
2839 1557 3099 1629 lapsum,
3135 1563 3378 1631 propter
3403 1557 3633 1615 ferven-

1979 1651 2091 1702 tem
2132 1646 2561 1717 pmnitentiam,
2595 1651 2649 1702 et
2677 1646 3000 1719 respiraret
3030 1663 3044 1702 :
3102 1647 3425 1719 absorptus
3453 1647 3633 1719 siqui-

1975 1734 2114 1790 dem
2145 1738 2272 1791 erat
2295 1735 2592 1791 immenso
2622 1751 2898 1792 maerore.
2925 1734 3162 1791 Addens
3188 1740 3392 1792 autem
3418 1752 3432 1791 :
3462 1735 3633 1792 Sicut

1975 1823 2129 1880 dixit
2170 1823 2350 1888 vobis,
2390 1822 2621 1881 reduxit
2648 1824 2733 1879 eis
2763 1823 2841 1879 ad
2874 1824 3228 1880 memoriam
3279 1823 3340 1879 id
3379 1823 3543 1895 quod
3569 1824 3630 1879 in

251 1912 340 1982 δε,
374 1917 460 1968 ὅτι
504 1919 694 1980 Καθὼς
723 1915 860 1971 εἶπεν
903 1920 1046 1992 ὑμῖν,
1079 1919 1360 1992 ἀνέμνησεν
1392 1921 1581 1984 αὐτοὺς
1627 1922 1688 1973 οὗ
1733 1922 1865 1974 εἶπεν

1981 1919 2178 1968 monte
2209 1911 2505 1969 Olivarum
2525 1912 2752 1969 dixerat
2777 1931 2790 1969 :
2811 1912 3130 1984 Postquam
3150 1918 3348 1969 autem
3369 1927 3632 1969 resurre-

252 2003 306 2058 ὶν
355 2013 430 2076 τῷ
462 2010 569 2080 ὄρει
617 2015 720 2060 τῶν
769 2007 1006 2075 Ἐλαιῶν,
1057 2011 1137 2062 ὅτι
1166 2013 1310 2062 Μετὰ
1351 2010 1410 2064 τὸ
1457 2009 1728 2083 ἐγερθῆναι
1781 2030 1862 2083 με,

255 2096 476 2167 προάξω
507 2098 643 2170 ὑμᾶς
673 2098 742 2160 εἰς
775 2103 869 2158 τήν
894 2099 1192 2167 Γαλιλαίαν,
1225 2104 1290 2164 ὡς
1320 2104 1493 2176 εἴρηκε
1532 2103 1796 2164 Ματθαίος
1817 2099 1865 2154 ἐν

261 2191 342 2254 τῷ
373 2185 637 2257 ἶξηκοστῷ
665 2189 892 2263 τετάρτῳ
921 2188 1201 2262 κεφαλαίῳ.

339 2271 403 2325 Ὀ
472 2270 533 2328 δε
607 2281 802 2339 Λουκᾶς
876 2277 1115 2351 ἔγραψεν,
1190 2281 1270 2332 ὅτι
1347 2284 1445 2333 Καὶ
1515 2279 1860 2348 εἰσελθοῦσαι,

263 2361 380 2434 οὐχ
430 2363 574 2438 εὖρον
617 2368 669 2416 τὸ
727 2374 881 2438 σῶμα
927 2374 1018 2419 τοῦ
1077 2372 1272 2442 κυρίου
1325 2368 1521 2427 Ἰησοῦ.
1595 2374 1690 2423 Καὶ
1748 2369 1862 2441 ἐγί-

261 2469 380 2503 νετο
438 2450 506 2503 ἐν’
567 2461 636 2524 τῷ
688 2451 1062 2530 διαπορεῖσθαι
1121 2456 1277 2519 αὐτὰς
1333 2463 1451 2532 περὶ
1514 2461 1716 2522 τούτου,
1775 2465 1863 2512 καὶ

262 2536 408 2606 ἰδοὺ,
494 2538 680 2618 ἄνδρες
765 2541 863 2597 δύο
944 2544 1237 2604 ἐπέστησαν

258 2647 410 2681 σεσιν
504 2629 955 2706 ἀστραπτούσαις.

1319 2547 1504 2610 αὑταῖς
1581 2548 1630 2601 ἒν
1709 2549 1862 2608 ἐσθή-

1434 2635 1494 2690 δξ
1582 2642 1861 2710 γενομένων

246 2717 450 2783 αὐτῶν,
482 2726 573 2774 καὶ
603 2721 890 2775 κλινουσῶν
932 2727 988 2776 τό
1017 2729 1294 2797 πρόσωπον
1325 2725 1397 2787 εἰς
1439 2731 1534 2785 τήν
1567 2735 1687 2799 γῆν,
1723 2725 1861 2781 εἶπον

1066 2635 1332 2708 Ἰ-Σμφόϐων

244 2811 380 2882 πρὸς
420 2809 595 2872 αὖτάς’
625 2816 689 2865 Τί
738 2813 941 2874 ζητεῖτε
986 2817 1073 2867 τὸν
1116 2815 1287 2876 ζῶντα
1315 2818 1446 2888 μετὰ
1487 2824 1588 2868 τῶν
1629 2826 1816 2891 νεκρῶν
1837 2836 1856 2889 ;

247 2897 502 2973 Ἠγέρθη,
567 2901 683 2973 (83)
747 2901 842 2954 οὐκ
895 2905 1034 2956 ἔστιν
1092 2901 1214 2960 ὧδε.
1268 2906 1382 2976 (84)
1435 2908 1737 2973 Μνήσθητε,
1790 2909 1860 2970 ὡς

244 2985 500 3046 ἂάλησεν
540 2991 682 3063 ὑμῖν,
740 2994 818 3044 ἔτι
845 2996 913 3043 ὧν
952 2991 1000 3045 ἐν
1138 2993 1404 3066 Γαλιλαίᾳ,
1451 2994 1609 3066 λέγων
1668 2998 1747 3048 ὅτι
1779 3003 1863 3050 Δεῖ

245 3079 338 3128 τόν
402 3080 525 3131 Υἰὸν
583 3086 676 3132 τοῦ
749 3078 1015 3153 ἀνθρώπον
1096 3079 1462 3154 πυραδοθῆναι
1534 3084 1606 3144 εἰς
1679 3093 1859 3161 χεῖρας

246 3164 538 3241 ἀνθρώπων
568 3169 903 3244 ἁμαρτωλῶν,
939 3176 1027 3224 καὶ
1068 3173 1454 3246 σταυρωθῆναι,
1482 3179 1572 3226 καὶ
1610 3183 1670 3246 τῇ
1705 3180 1855 3249 τρίτῃ

247 3257 424 3331 ἡμέρᾳ
493 3255 806 3317 ἀναστῆναι.
879 3264 974 3313 Καὶ
1050 3259 1390 3333 ἐμνήσθησαν
1445 3270 1546 3314 τῶν
1609 3263 1858 3337 ῥημάτων
1897 3297 1941 3354 c

247 3345 438 3398 αὐτοῦ.

322 3434 383 3489 Ὀ
441 3439 533 3508 μεν
585 3439 686 3511 γὰρ
756 3440 1041 3510 καθήμενος
1095 3438 1143 3491 ἐν
1203 3446 1310 3502 τοῖς
1369 3436 1561 3503 δεξιοῖς
1621 3440 1852 3512 ἄγγελος,

251 3523 413 3576 εἰπὼν
476 3529 603 3599 πρὸς
656 3526 837 3588 αὐτὰς,
890 3529 991 3580 ὅσα
1046 3530 1258 3601 Μάρκος
1324 3528 1650 3600 ἀπήγγειλεν,
1705 3531 1854 3592 ὑπεξ-

251 3610 430 3679 ῆλθιν,
472 3616 498 3666 6
545 3620 634 3666 καὶ
692 3615 814 3668 αὐτὸ
871 3619 1279 3689 παρασιωπηθεν
1332 3626 1404 3688 τῷ
1456 3625 1671 3693 Μάρκῳ,
1726 3621 1854 3690 μετὰ

251 3707 345 3755 καὶ
402 3710 504 3754 τῶν
571 3700 904 3762 δηλωθέντων
983 3707 1083 3758 ὑπὸ
1152 3713 1243 3758 τοῦ
1318 3713 1518 3770 Λουκᾶ,
1590 3707 1854 3783 παρέσχεν

255 3794 448 3864 ὁμοίως
491 3790 732 3866 ἀπορίαν.
777 3794 916 3847 Ἐπεὶ
964 3791 1024 3847 δὲ
1070 3795 1174 3866 οὐχ
1223 3796 1365 3868 εὗρον
1415 3797 1570 3848 αὗται
1597 3801 1653 3849 τὸ
1704 3805 1856 3870 σῶμα

253 3890 348 3935 τοῦ
395 3887 592 3956 Κυρίου
642 3881 840 3948 Ἰησοῦ,
892 3880 1180 3960 διηπόρουν
1228 3890 1344 3958 περὶ
1398 3885 1576 3956 αὐτοῦ,
1611 3892 1661 3938 τί
1707 3891 1854 3958 γέγο-

252 3991 371 4024 νεν’
434 3975 577 4024 οῦπω
646 3974 748 4045 γὰρ
815 3969 1071 4031 ἠδύναντο
1121 3977 1400 4039 πιστεύειν,
1473 3977 1553 4027 ὄτι
1625 3974 1853 4034 ἀνέστη·

253 4062 393 4114 οὕτω
450 4057 509 4113 δὲ
558 4057 992 4134 διαπορουμέναις
1035 4061 1326 4122 ἐπέστησαν
1373 4064 1556 4126 αὐταῖς
1602 4067 1650 4117 οἱ
1698 4065 1858 4141 προῤ-

250 4151 493 4228 ῥηθέντες
550 4146 647 4202 δύο
699 4150 929 4223 ἄγγελοι,
984 4152 1037 4204 ὅν
1093 4171 1146 4204 τε
1200 4149 1338 4205 εἶδον
1378 4153 1472 4216 ἔξω
1527 4161 1619 4206 τοῦ
1668 4158 1853 4227 τάφου,

251 4244 344 4292 καὶ
394 4241 452 4292 ὃν
505 4237 782 4293 ἐθεάσαντο
835 4237 980 4294 ἰνδον
1038 4240 1216 4310 αὐτοῦ,
1268 4245 1854 4315 μετασχηματισθίντες

251 4328 301 4383 ἓν
352 4328 636 4386 ἐσθήσεσιν
685 4328 1130 4403 ἁστραπτούσαις,
1193 4333 1275 4383 ἱνα
1309 4336 1398 4384 καὶ
1454 4332 1642 4404 μᾶλλον
1701 4335 1855 4404 ἅγγε-

246 4419 334 4471 λοι
383 4425 521 4471 Θεοῦ
565 4414 782 4488 δόξωσι,
835 4427 905 4490 τῷ
942 4415 1114 4492 ῥᾳδίῳ
1159 4428 1251 4472 τοῦ
1294 4429 1811 4494 μενασχηματισμοῦ
1837 4441 1849 4454 ο

249 4505 493 4579 ἕμφόϐων
564 4503 623 4560 δὲ
677 4512 954 4580 γενομένων
1026 4508 1216 4575 αὐτῶν,
1272 4508 1354 4562 ἐπὶ
1421 4518 1492 4579 τῷ
1544 4520 1703 4582 καινῷ
1763 4520 1854 4572 τῆς

247 4597 440 4669 ὅψεως,
489 4601 578 4650 καὶ
629 4601 701 4670 μή
763 4593 1058 4670 δυναμένων
1113 4597 1319 4670 βλέπειν
1378 4599 1450 4662 εἰς
1497 4600 1702 4668 αὐτοὺς,
1762 4598 1853 4654 διὰ

629 4647 698 4670 ,ηπ
1113 4647 1310 4670 ,εν-μνη
1379 4647 1450 4662 ην
1499 4647 1702 4668 ν---πη
1765 4647 1853 4654 --ν-

245 4689 312 4740 τὸ
384 4693 486 4738 τῶν
557 4683 788 4744 ἐσθήτων
843 4687 954 4758 (85)
1023 4683 1440 4761 ἀστραπηϐό).ον,
1517 4686 1655 4742 εἶπον
1730 4647 1932 4764 πρὸςῡ

247 4776 440 4840 αὑτὰς,
497 4775 664 4828 οὐκέτι
733 4778 926 4851 πράως,
987 4778 1056 4838 ὡς
1120 4780 1386 4852 πρότερον,
1461 4777 1568 4830 ἀλλ’
1633 4778 1852 4840 ἐπιπλη-

243 4872 466 4928 κτικῶς,
499 4861 592 4917 διὰ
619 4868 713 4924 τήν
752 4863 1003 4917 ἀπιστίαν
1035 4864 1202 4918 αὐτῶν
1228 4882 1240 4894 ’
1274 4870 1338 4919 Τί
1372 4870 1568 4930 ζητεῖτε
1606 4872 1692 4921 τόν
1724 4869 1856 4930 ζῶν-

244 4975 322 5011 τα
383 4957 513 5027 μετὰ
595 4963 695 5007 τῶν
758 4962 969 5028 νεκρῶν,
1032 4957 1215 5026 ἤγουν,
1281 4958 1348 5018 ὡς
1418 4961 1627 5031 νεκρόνς
1689 4966 1856 5013 Τοῦτο

325 5079 378 5114 ⁸⁵
411 5077 607 5134 Matth.
642 5092 794 5145 xxvn,
849 5080 937 5133 3‘2.
1016 5078 1062 5113 ⁸⁷
1088 5076 1226 5133 Luc.
1251 5093 1405 5146 xxxv,
1439 5077 1552 5134 3-8.

1973 2016 2140 2066 zero,
2170 2001 2498 2086 praecedam
2528 2017 2622 2057 vos
2652 2003 2715 2057 in
2757 2002 3088 2067 Galilzam,
3121 2001 3274 2058 sicut
3310 2000 3458 2058 dixit
3482 2001 3625 2058 Mat-

1978 2090 2167 2147 thteus
2204 2090 2485 2147 vicesimo
2515 2095 2683 2147 sexto
2711 2091 2906 2163 capite
2944 2091 3013 2146 ⁸⁸.

2046 2305 2232 2359 Lucas
2262 2317 2404 2358 vero
2426 2302 2698 2375 scripsit:
2731 2304 2798 2358 Et
2814 2302 3097 2373 ingressae
3115 2317 3237 2358 non
3267 2302 3626 2358 invenerunt

1973 2407 2189 2462 corpus
2231 2391 2473 2447 Domini
2510 2392 2673 2448 Jesu.
2720 2391 2801 2447 Et
2825 2391 3062 2461 factum
3109 2395 3194 2447 est
3249 2391 3392 2446 dum
3439 2395 3633 2447 mente

1972 2485 2362 2538 consternata
2377 2485 2562 2538 essent
2586 2495 2766 2550 super
2796 2479 2928 2549 hoc,
2949 2483 3005 2536 et
3020 2494 3152 2536 ecce
3175 2479 3294 2535 duo
3316 2479 3433 2535 viri
3458 2485 3628 2536 stete-

1969 2577 2114 2627 runt
2124 2572 2312 2641 juxta
2337 2570 2478 2626 illas
2508 2571 2571 2625 in
2601 2569 2855 2626 vestibus
2875 2567 3350 2640 futgurantibus.
3372 2568 3632 2640 Cumque

1970 2660 2367 2729 expavissent,
2395 2665 2450 2716 et
2470 2659 2834 2716 declinarent
2862 2658 3094 2713 vultum
3117 2657 3177 2711 in
3199 2662 3444 2723 terram,
3467 2657 3629 2714 dixe-

1969 2756 2113 2805 runt
2131 2749 2212 2806 ad
2228 2749 2372 2806 illas
2391 2765 2403 2804 :
2423 2747 2578 2816 Quid
2590 2747 2854 2820 quaeritis
2869 2747 3155 2804 viventem
3173 2761 3306 2802 cum
3327 2745 3581 2802 mortuis
3600 2747 3630 2802 ?

1966 2838 2104 2894 Non
2115 2844 2199 2896 est
2211 2838 2325 2902 hic,
2339 2837 2443 2894 sed
2451 2837 2730 2894 surrexit.
2744 2836 3090 2892 Mementote
3098 2834 3387 2906 quomodo
3401 2835 3630 2891 loeutus

1966 2927 2043 2982 sit
2067 2927 2246 2997 vobis,
2275 2943 2407 2984 cum
2430 2925 2629 2982 adhuc
2649 2931 2794 2982 esset
2817 2924 2882 2981 in
2904 2924 3156 2981 Gatitza
3171 2923 3373 2981 dicens
3400 2939 3422 2980 .'
3445 2923 3626 2993 Opor-

1971 3022 2050 3073 tet
2062 3016 2286 3072 Filium
2301 3015 2552 3072 hominis
2566 3014 2730 3071 tradi
2742 3015 2805 3070 in
2819 3029 3030 3071 manus
3046 3013 3350 3070 hominum
3363 3018 3630 3082 peccato-

1970 3121 2126 3172 rum,
2159 3111 2214 3162 et
2237 3106 2523 3176 cruciﬁgi,
2553 3119 2625 3161 ac
2648 3103 2819 3160 tertio
2840 3103 2934 3160 die
2964 3117 3294 3174 resurgere.
3331 3103 3412 3158 Et
3433 3116 3626 3158 recor-

1969 3193 2128 3250 data
2157 3201 2290 3250 sunt
2319 3193 2627 3250 verborum
2650 3192 2816 3247 illius
2846 3191 2922 3249 ⁸⁷.

2038 3439 2298 3510 Angelus
2330 3440 2522 3510 itaque
2546 3437 2650 3510 qui
2672 3436 2918 3494 sedebat
2943 3452 2980 3493 a
3009 3436 3255 3502 dextris,
3288 3434 3514 3508 quique
3541 3437 3620 3493 ad

1965 3545 2066 3586 eas
2087 3530 2314 3584 dixerat
2339 3544 2411 3584 ea
2435 3543 2569 3600 quae
2595 3525 2790 3583 retulit
2817 3525 3073 3591 Marcus,
3105 3523 3415 3597 disparuit.
3445 3523 3616 3590 Quod

1966 3619 2167 3684 etiam,
2194 3617 2340 3690 quia
2363 3635 2398 3672 a
2426 3619 2617 3674 Marco
2650 3614 2886 3671 silentio
2941 3614 3299 3687 praeteritum
3327 3618 3432 3678 est,
3475 3628 3615 3669 cum

1964 3708 2056 3764 his
2072 3723 2208 3780 quae
2229 3723 2265 3763 a
2291 3709 2444 3762 Luca
2464 3709 2705 3762 narrata
2724 3707 2880 3769 sunt,
2900 3702 3167 3759 similiter
3186 3701 3614 3758 obscuritatem

1965 3797 2204 3870 peperit.
2224 3797 2372 3853 Cum
2398 3799 2598 3851 autem
2620 3794 2768 3866 ipsae
2795 3807 3016 3864 corpus
3053 3791 3287 3847 Domini
3311 3791 3452 3846 Jesu
3493 3805 3617 3846 non

1966 3885 2349 3950 invenissent,
2381 3886 2744 3956 expaverunt
2771 3882 3124 3952 cogitantes,
3149 3880 3296 3954 quid
3323 3880 3399 3935 de
3428 3895 3499 3936 eo
3531 3879 3616 3935 fa-

1965 3980 2128 4032 ctum
2155 3980 2326 4031 esset.
2360 3974 2635 4031 Nondum
2657 3972 2820 4029 enim
2859 3971 3098 4027 credere
3138 3973 3412 4042 poterant
3449 3968 3614 4042 quod

1965 4065 2378 4121 resurrexisset
2410 4080 2424 4129 ;
2473 4063 2552 4118 ita
2581 4060 2974 4118 consternatis
3026 4058 3172 4131 ipsis
3203 4062 3616 4131 apparuerunt

1965 4155 2083 4210 duo
2116 4152 2379 4225 prredicti
2405 4151 2623 4220 angeli,
2655 4149 2781 4205 etis
2812 4148 3087 4204 videlicet
3112 4162 3289 4218 quem
3325 4151 3492 4203 extra
3530 4162 3619 4203 se-

1965 4243 2234 4315 pulcrum
2273 4242 2560 4303 viderant,
2588 4242 2644 4294 et
2672 4252 2855 4308 quem
2896 4237 2954 4291 in
2986 4235 3118 4307 ipso
3157 4240 3614 4307 conspexerant,

1964 4329 2371 4400 transtigurati
2389 4328 2448 4383 in
2469 4327 2735 4382 vestibus
2755 4323 3218 4395 fulgurantibus,
3238 4328 3304 4379 ut
3328 4323 3510 4377 etiam
3536 4322 3616 4378 ob

1966 4420 2346 4493 splendorem
2364 4417 2453 4490 (η)
2469 4412 3008 4472 transformationis
3021 4411 3280 4482 apertius
3305 4409 3500 4479 angeli
3515 4410 3616 4466 Dei

1964 4509 2322 4566 viderentur.
2359 4507 2504 4562 Cum
2548 4507 2748 4560 autem
2795 4516 2956 4556 novo
2986 4503 3231 4572 aspectu
3282 4498 3615 4556 conterrita:

1963 4603 2178 4664 essent,
2211 4612 2321 4653 nec
2350 4596 2598 4668 possent
2639 4592 2717 4648 ob
2747 4589 3003 4646 vestium
3047 4587 3524 4644 coruscationem
3554 4589 3616 4643 in

1964 4705 2066 4746 eos
2093 4687 2405 4760 respicere,
2434 4683 2711 4739 dixerunt
2733 4680 2814 4736 ad
2852 4695 2956 4736 eas
2993 4693 3115 4734 non
3137 4677 3614 4749 jammansuete

1965 4782 2024 4834 ut
2049 4777 2234 4850 prius,
2284 4773 2389 4829 sed
2418 4768 2780 4842 objurgandi
2810 4767 2994 4824 modo
3051 4771 3294 4839 propter
3344 4765 3613 4837 ipsarum

1964 4864 2484 4925 incredulitatem:
2535 4860 2609 4918 Ut
2647 4858 2792 4932 quid
2843 4855 3104 4929 quaeritis
3153 4858 3434 4912 viventem
3482 4870 3615 4912 cum

1965 4955 2266 5014 mortuis?
2314 4957 2604 5024 tanquam
2643 4946 2918 5004 videlicet
2955 4949 3262 5003 mortuum
3286 4944 3314 5000 ?
3363 4947 3510 5002 Nam
3555 4944 3616 5000 id

1497 5231 1725 5300 Variae
1755 5233 2084 5301 lectiones
2127 5236 2192 5295 et
2222 5233 2425 5293 notae.

329 5396 444 5543 iiii

332 5396 444 5543 (83;
482 5399 744 5491 ςΗγέρρηη
757 5396 947 5463 abest,
976 5401 1042 5478 Α,

332 5473 421 5544 (84
499 5469 601 5524 Αλλ
648 5471 869 5544 ηγερθη,
898 5468 1040 5526 addi

482 5468 618 5524 Ἀλλ’
648 5469 869 5544 ἠγέρθη,
898 5468 1086 5538 addit,
1116 5472 1184 5526 Α.

2046 5397 2164 5468 (85)
2203 5389 2648 5468 Ἀστραπήϐολον,
2699 5395 2738 5443 Α

335 5651 418 5724 (n)
444 5648 529 5706 0b
558 5632 953 5719 splendorem.
985 5646 1074 5704 0b
1097 5647 1462 5713 facilitatem,
1495 5646 1874 5705 celeritatem.
1903 5645 2114 5703 Nescio
2146 5659 2294 5701 sane
2331 5643 2473 5716 quid
2504 5641 2709 5713 legerit
2737 5639 3047 5712 interpres,
3109 5637 3276 5694 Forte
3330 5642 3403 5706 τῷ
3433 5638 3630 5710 ὡραίῳ,

268 5745 394 5801 loco
423 5748 496 5814 ιῷ
521 5735 720 5816 ραδιῳ.
