4188 6446
596 307 701 362 755

1907 310 2260 368 EUTHYMH
2301 311 2628 370 ZIGABENI

3871 332 3983 388 756

597 437 686 488 est
713 447 846 487 esse
877 449 1015 488 cum
1055 435 1324 491 mortuis.
1360 438 1431 492 Ut
1459 436 1601 508 quid
1629 453 1766 496 eum
1796 436 1903 510 qui
1933 437 2255 494 resurrexit

2378 439 2464 510 γὰρ
2526 445 2768 509 σημαίνει
2815 444 2874 494 τό
2933 444 3078 496 Μιτά
3125 452 3225 496 τῶν
3279 456 3488 524 νεκρῶν.
3521 455 3584 504 Τί
3638 452 3841 514 ζητεῖτε
3892 461 3984 508 τὸν

594 520 880 593 quaeritis,
912 537 980 578 ac
1006 522 1198 579 sinon
1228 525 1647 581 resurrexisset
1671 526 1699 580 ?
1725 526 1861 582 Non
1885 533 1971 582 est
1994 526 2108 592 hic,
2154 527 2256 583 sed

596 609 875 665 surrexit.
901 611 1123 666 Deinde
1147 612 1246 668 ubi
1267 629 1371 668 eas
1391 613 1469 669 ad
1493 614 1786 684 majorem
1808 615 2256 672 resurrectionis

599 697 782 753 ﬁdem
796 698 1194 765 induxissent,
1209 702 1994 760 admonueruntverborum
2010 705 2253 771 Domini,

601 786 905 843 dicentes:
947 789 1300 847 Mementote
1338 793 1630 862 quomodo
1673 794 1907 849 locutus
1943 794 2015 847 sit
2073 795 2254 862 vobis,

605 891 736 933 cum
754 876 956 934 adhuc
975 886 1114 934 esset
1134 879 1198 935 in
1220 880 1491 945 Galilaea,
1510 881 1707 938 dicens
1727 900 1740 938 :
1768 883 2011 953 Oportet
2037 884 2260 940 Filium

609 964 862 1023 hominis
893 970 1060 1025 tradi
1079 970 1142 1026 in
1182 987 1392 1026 manus
1434 971 1738 1029 hominum
1773 981 2164 1044 peccatorum,
2206 981 2262 1032 et

608 1056 889 1128 cruciﬂgi,
921 1073 994 1114 ac
1023 1059 1198 1115 tertio
1225 1059 1320 1116 die
1357 1076 1689 1132 resurgere.

679 1249 1072 1306 Postmodum
1093 1252 1579 1323 aitEvangelista,
1603 1256 1768 1327 quod
1786 1257 2108 1314 recordatus
2127 1263 2266 1314 sunt

606 1340 919 1394 verborum
935 1340 1082 1410 ejus,
1099 1341 1459 1410 signiﬁcans,
1478 1344 1638 1415 quod
1649 1344 1861 1400 deinde
1878 1346 2260 1403 crediderunt.

605 1427 851 1499 Scripsit
889 1428 1047 1485 enim
1103 1429 1411 1486 Matthmus
1450 1431 1682 1488 decimo
1741 1435 1994 1506 septimo
2046 1436 2261 1508 capite,

605 1515 772 1588 quod
791 1533 925 1571 cum
953 1519 1407 1574 versarenturin
1434 1520 1694 1587 Galileea,
1740 1522 1886 1578 dixit
1911 1523 2022 1578 illis
2055 1525 2262 1580 Jesus:

606 1604 901 1661 Futurum
918 1611 1000 1662 est
1022 1612 1083 1662 ut
1099 1607 1290 1663 Filius
1302 1609 1550 1665 hominis
1563 1611 1920 1667 tradaturin
1940 1629 2154 1669 manus
2169 1615 2267 1670 ho-

609 1695 858 1760 minum,
873 1701 925 1750 et
951 1696 1384 1763 occidenteum,
1411 1712 1482 1755 ac
1505 1700 1678 1755 tertio
1696 1700 1790 1756 die
1807 1709 2069 1772 resurget
2090 1704 2158 1755 ³⁸.
2178 1704 2269 1759 Ni-

2365 527 2680 596 αναστιίντα,
2760 530 2830 590 ὡς
2909 535 2981 601 μὴ
3051 529 3386 604 ἀναστάντας
3458 538 3569 591 Οὐκ
3632 544 3772 594 ἔστιν
3851 540 3980 612 ὦδε,

2367 613 2475 666 ἀλλ’
2533 618 2764 688 ὴγίρθη’
2819 615 2929 670 εἶτα
2987 620 3059 680 εἰς
3119 621 3327 676 πλείονα
3387 632 3568 684 πίστιν
3619 639 3710 690 τῆς
3757 630 3984 685 αναστοὶ-

2370 723 2498 766 σιως
2573 707 2685 776 (86)
2766 705 3028 778 ἐνάγοντες

2366 793 2612 865 ῥημάτων
2693 804 2781 847 τού
2864 801 3077 872 Κυρίου,

3111 711 3288 779 αὑτὰς,
3371 713 3632 788 ἀναμιμνή
3644 739 3771 772 σκου
3782 741 3803 783 ς
3879 741 3905 774 τ
3915 731 3984 772 ὧν

3159 799 3429 872 λίγοντιςο
3515 810 3817 876 Μνήσθητε,
3913 814 3984 872 ὡς

2370 880 2611 940 ἐλάλησεν
2689 885 2830 955 ὑμῖν,
2899 887 2974 938 ἔτι
3053 892 3120 938 ὧν
3199 889 3248 940 ἐν
3458 894 3727 968 Γαλιλαίᾳ,
3796 897 3980 970 λέγων,

2371 972 2451 1024 ὃτι
2513 978 2592 1024 Δεῖ
2659 975 2745 1024 τόν
2814 976 2931 1026 Υἱόν
2981 982 3071 1028 τοῦ
3121 975 3393 1050 ἀνθρώπου
3475 982 3848 1059 παραδοθῆναι
3911 991 3982 1052 εἰς

2371 1067 2559 1133 χεῖρας
2651 1060 2931 1134 ἀνθρώπων
3002 1064 3339 1138 ἁμαρτωλῶν,

2372 1155 2461 1201 καὶ
2489 1158 2547 1220 τῇ
2584 1155 2730 1224 τρίτῃ
2772 1153 2940 1223 ἡμέρᾳ
2966 1153 3273 1213 ἀναστῆναι.

2446 1236 2658 1292 Ἔπειτα
2707 1260 2864 1312 φησιν
2909 1244 2933 1293 6
2984 1243 3373 1317 εὖαγγιλιστὴς,
3433 1252 3512 1303 ὅτι
3557 1259 3655 1308 Καὶ
3712 1254 3987 1328 ἐμνήσθη-

2377 1345 2472 1377 σαν
2515 1347 2612 1378 των
2648 1330 2895 1402 ῥημάτων
2947 1332 3126 1398 αὐτού,
3167 1331 3360 1400 δηλῶν,
3408 1341 3485 1392 ὅτι
3526 1340 3705 1396 λοιπόν
3746 1344 3989 1406 ἐπίστευ-

2378 1434 2492 1466 σαν.
2557 1417 2790 1488 Ἔγραψε
2847 1424 2945 1492 γὰρ
3013 1423 3037 1472 ό
3097 1426 3365 1486 Mareade;
3427 1427 3476 1480 ἐν
3545 1439 3614 1501 τῷ
3683 1444 3988 1506 τριακοστῷ

2377 1508 2590 1575 πέμπτῳ
2662 1507 2938 1577 κεφαλαίῳ,
3015 1513 3092 1562 ότι
3171 1510 3624 1589 ἀναστρεφομένων
3682 1530 3850 1576 αὐτῶν
3935 1525 3988 1578 ἐν

3427 1078 3518 1126 καὶ
3609 1080 3982 1151 σταυρωθῆναι

2377 1601 2438 1663 τῇ
2485 1593 2750 1666 Γαλιλαίᾳ,
2809 1595 2942 1649 εἶπεν
2995 1599 3172 1663 αὐτοῖς
3228 1603 3252 1652 6
3287 1602 3529 1669 Ἰησοῦς·
3581 1609 3760 1664 Μελλει
3806 1614 3832 1663 6
3867 1616 3988 1674 Υέὀς

2377 1689 2468 1732 τού
2554 1679 2826 1753 ἀνθρώπου
2903 1683 3305 1756 παραδίδοσθαι
3373 1691 3439 1753 εἰς
3511 1702 3693 1769 χεζοας
3775 1697 3983 1771 ἀνθρώ-

612 1783 693 1838 hil
736 1787 934 1840 autem
975 1785 1331 1858 praecipiunt
1367 1786 1462 1843 hic
1503 1788 1701 1858 angeli
1741 1789 1810 1845 de
1855 1770 2161 1863 apostolis,
2206 1798 2268 1850 ut

2379 1789 2505 1835 πων,
2539 1775 2628 1822 καὶ
2659 1770 3028 1827 ἀποκτενούσιν
3061 1776 3215 1829 αὐτὸν
3247 1784 3334 1832 καί
3373 1789 3428 1852 τῇ
3472 1787 3613 1855 τρίτῃ
3644 1787 3813 1858 ἡμέρᾳ
3844 1788 3972 1858 (87)

618 1872 721 1945 qui
747 1873 866 1944 jam
896 1890 1026 1946 quae
1058 1874 1215 1932 dicta
1242 1880 1379 1956 sunt
1403 1877 1477 1932 de
1507 1877 1623 1934 illis
1661 1886 2088 1952 praeceperant.

695 2120 854 2176 Vers.
898 2125 949 2176 8.
992 2123 1071 2176 Et
1106 2137 1352 2192 egressa:
1375 2153 1445 2165 —
1480 2127 1625 2196 ejus.
1669 2126 1784 2182 Etsi
1813 2128 2042 2186 nullam
2073 2131 2276 2189 iecerit

622 2208 987 2274 mentionem
1029 2210 1335 2290 Matthmus
1375 2213 1540 2294 quod
1586 2214 1645 2270 in
1685 2223 2146 2276 monumentum
2184 2220 2275 2276 in-

616 2302 941 2366 traverunt,
973 2314 1135 2366 nunc
1167 2305 1364 2366 tamen
1395 2302 1600 2368 dicens
1628 2305 1794 2376 quod
1834 2321 2086 2378 egressa:
2114 2315 2272 2379 sunt,

615 2387 878 2446 ostendit
927 2388 1194 2462 primum
1243 2391 1425 2454 fuisse
1477 2392 1800 2464 ingressas.
1859 2397 2007 2458 Cum
2064 2398 2274 2464 timore

612 2475 813 2548 itaque
843 2491 1093 2547 egressa:
1125 2484 1262 2546 sunt
1293 2479 1371 2542 ob
1397 2480 1751 2546 admiranda
1780 2499 1918 2556 qum
1951 2484 2222 2554 viderant
2255 2507 2267 2546 :

614 2581 751 2622 cum
784 2564 1006 2635 gaudio
1032 2581 1194 2630 vero,
1229 2567 1308 2626 ob
1340 2568 1542 2628 laetum
1571 2571 1839 2632 nuntium
1874 2573 2039 2644 quod
2071 2575 2274 2634 audie-

613 2658 769 2714 rant.
802 2657 1023 2720 Marcus
1055 2661 1258 2728 autem
1288 2657 1436 2724 dixit
1464 2674 1474 2710 :
1511 2658 1770 2732 Cumque
1798 2662 2076 2722 exiissem
2103 2664 2274 2738 fuge-

614 2748 755 2798 runt
786 2758 822 2799 a
867 2751 1246 2800 monumento
1276 2763 1288 2800 :
1323 2746 1566 2808 habebat
1595 2749 1744 2806 enim
1791 2765 1888 2811 eas
1925 2758 2146 2816 tremor
2202 2770 2273 2832 ac

615 2836 844 2900 stupor.
876 2833 954 2886 Et
986 2833 1207 2898 nemini
1264 2836 1584 2912 quidquam
1620 2837 1900 2898 dixerunt
1930 2858 1944 2895 :
1988 2843 2273 2902 timebant

617 2919 769 2974 enim
808 2921 876 2974 3°.
912 2920 1232 2988 Considera
1262 2938 1403 2994 ergo
1432 2927 1741 3004 quomodo
1779 2944 1901 2990 non
1941 2937 2274 3006 repugnent

616 3023 747 3077 qua
778 3008 1056 3078 dicuntur
1087 3029 1100 3068 :
1135 3026 1384 3084 egressa
1424 3016 1585 3080 enim
1623 3015 1740 3080 cito
1779 3033 1816 3078 ι
1854 3024 2266 3087 monumento,

615 3097 944 3154 secundum
962 3099 1325 3166 Matthmum,
1346 3102 2268 3178 fugeruntsecuudumlilarcum.

614 3191 858 3258 propter
881 3187 1140 3254 Judazos,
1168 3204 1240 3245 ne
1264 3198 1597 3264 conspectas
1625 3195 1963 3252 viderentur
2001 3198 2146 3270 ipsae
2186 3199 2278 3262 fus

612 3275 732 3331 rari
773 3278 998 3332 Jesum.

684 3367 856 3431 Quod
886 3367 933 3422 si
963 3367 1110 3425 dixit
1140 3367 1253 3435 ille,
1293 3371 1460 3442 quod
1487 3373 1780 3436 timebant
1815 3379 1873 3433 et
1897 3378 2267 3448 gaudebant,

607 3454 706 3510 hic
735 3459 936 3512 autem
965 3457 1130 3530 quod
1155 3460 1492 3532 tremebant
1521 3478 1591 3519 ac
1623 3464 1968 3538 stupebant,
2022 3483 2146 3526 non
2184 3475 2272 3526 est

610 3544 1019 3610 contradictio,
1063 3551 1284 3604 tremor
1322 3564 1542 3621 nempe
1581 3552 1698 3610 illis
1738 3569 1771 3612 e
1809 3555 2010 3612 timore
2036 3574 2272 3630 proces-

611 3632 702 3688 sit.
747 3633 1044 3689 Gaudium
1100 3649 1242 3692 νει-ο
1296 3637 1478 3695 tacuit
1523 3642 1766 3705 Marcus,
1809 3643 1899 3699 vel
1948 3645 2125 3704 etiam
2175 3662 2274 3718 per

613 3724 919 3791 stuporem
944 3721 1299 3792 signiﬁcavit
1322 3740 1336 3789 ;
1359 3725 1556 3797 ipsum
1582 3729 1882 3800 siquidem
1907 3734 2272 3806 quandoque

615 3807 854 3863 vertitin
885 3812 1209 3879 stuporem.
1247 3813 1486 3870 Nemini
1522 3823 1719 3874 autem
1761 3820 2086 3892 quidquam
2116 3823 2277 3882 dixe-

615 3901 780 3964 runt,
823 3895 1596 3968 nullividelicethominum,
1616 3907 1723 3978 qui
1751 3908 1864 3963 sibi
1883 3925 1985 3981 per
1999 3912 2152 3974 viam
2185 3929 2275 3969 oc-

616 3987 946 4040 currerunt.
963 3987 1109 4043 Nam
1123 3989 1410 4059 apostolis
1424 3992 1701 4054 universa
1714 3996 2008 4058 retulerun
2018 4005 2055 4064 t,
2071 4000 2173 4057 ubi
2196 4001 2276 4058 ad

615 4089 719 4130 eos
755 4089 1005 4131 reversa
1043 4082 1201 4145 sunt,
1243 4079 1394 4136 sicut
1432 4083 1668 4154 scripsit
1718 4089 1903 4148 Lucas
1952 4090 2020 4144 ὀ.
2079 4092 2275 4148 Causa

612 4168 807 4221 autem
827 4165 981 4235 quod
1004 4165 1229 4224 nemini
1257 4169 1590 4242 quidquam
1619 4173 1914 4247 dixerunt,
1938 4187 2061 4236 erat
2092 4181 2274 4238 timor

608 4252 978 4321 Judmorum,
1007 4255 1264 4328 neipsas
1291 4259 1648 4328 occiderent,
1681 4265 1884 4322 audito
1913 4268 2081 4339 quod
2115 4270 2273 4326 Chri-

612 4343 686 4398 sti
722 4343 1120 4414 prmdicarent
1147 4349 1662 4410 resurrectionem.

2379 1856 2749 1917 ἀναστήσεται.
2776 1858 2942 1915 Οὐδὲν
2967 1859 3024 1916 δὲ
3046 1863 3269 1920 ἐνταῦθα
3286 1868 3390 1937 (88)
3411 1875 3521 1942 περὶ
3537 1879 3633 1923 τῶν
3656 1871 3964 1927 ἀποστόλων

2380 1949 2428 1999 οἱ
2454 1947 2662 2019 ἄγγελοι
2692 1951 3139 2021 παραγγέλλουσιν
3164 1955 3300 2025 (89),
3329 1958 3409 2008 οἷα
3431 1962 3976 2033 προπαραοιοιείλαντες

2380 2038 2445 2090 τὰ
2473 2041 2591 2108 περὶ
2617 2039 2729 2108 (90)
2762 2039 2946 2096 αὐτῶν,

2457 2130 2555 2177 Καὶ
2616 2124 2914 2188 ἐξελθοῦσαι
2995 2160 3058 2169 --
3127 2131 3305 2188 αὐτού.
3385 2134 3446 2188 Εἰ
3503 2142 3590 2200 καὶ
3660 2137 3755 2192 ούκ
3822 2140 3986 2211 ἐμνη-

2382 2217 2623 2286 μόνευσεν
2674 2215 2700 2268 6
2727 2217 3010 2283 Ματθαῖος,
3053 2220 3133 2272 ὅτι
3174 2220 3415 2285 εἰσῆλθον
3471 2224 3539 2286 εἰς
3589 2229 3646 2278 τό
3691 2237 3944 2299 μνημεῖον
3970 2245 3986 2260 ⁸

2385 2301 2510 2354 ἀλλὰ
2561 2311 2646 2354 νύν
2702 2303 2874 2365 εἰπὼν.
2934 2308 3014 2358 ὅτι
3067 2306 3296 2375 ἐξῆλθον,
3351 2310 3597 2383 ἐνέφηνεν,
3649 2317 3731 2368 ὃτι
3781 2326 3990 2391 πρῶτον

2383 2391 2640 2450 εἰσῆλθον.
2684 2396 2827 2445 Μετά
2876 2393 3034 2466 φόϐου
3064 2400 3154 2468 μεν
3185 2395 3272 2450 οὖν
3325 2398 3556 2471 ἐξῆλθον,
3604 2401 3676 2476 ἐφ’
3722 2406 3798 2468 οἷς
3847 2403 3992 2461 εἶδον

2385 2477 2738 2552 παραδόξοις·
2785 2486 2917 2554 μετὰ
2962 2492 3139 2559 χαρᾶς
3193 2484 3271 2552 δε,
3306 2487 3379 2559 ἐφ’
3425 2492 3502 2551 οἷς
3546 2495 3778 2550 ἤκουσαν
3837 2496 3993 2568 εὐαγ-

2385 2570 2680 2641 γελίοις.Ὀ
2737 2568 2794 2623 δὲ
2849 2575 3059 2648 Μάρκος
3089 2574 3224 2628 εἶπε·
3287 2583 3384 2632 Καὶ
3435 2579 3755 2653 ἐξελθοῦσαι,
3801 2587 3992 2656 ἔφυγον

2384 2657 2483 2712 ἀπὸ
2551 2668 2639 2711 τού
2716 2667 2990 2734 μνημείου.
3070 2662 3202 2735 Εἶχε
3261 2662 3320 2718 δὲ
3387 2667 3549 2731 αὐτὰς
3628 2676 3815 2744 τρόμος
3896 2679 3986 2726 καὶ

2382 2751 2644 2814 ἔκστασις,
2738 2755 2827 2806 καὶ
2913 2749 3086 2804 οὐδενὶ
3178 2751 3328 2808 οὐδὲν
3421 2753 3583 2812 εἶπον.
3670 2759 3990 2834 Ἐφοϐοῠντο

2380 2840 2500 2907 γὰρ.
2567 2842 2748 2890 Σκόπει
2815 2835 2894 2906 δὲ,
2961 2849 3071 2901 πῶς
3146 2842 3242 2895 ούκ
3306 2843 3625 2899 ἐναντιοῦται
3687 2851 3753 2902 τὰ
3825 2853 3987 2925 ῥητοί.

2381 2926 2846 3003 Ἐξελθούσαιγὰρ
2897 2933 3040 3001 ταχύ
3095 2928 3195 2984 ἀπὸ
3243 2939 3336 2984 τού
3385 2941 3660 3006 μνημείου,
3715 2941 3847 2998 κατὰ
3899 2944 3988 2994 τὸν

2384 3019 2682 3070 Ματθαίονο
2753 3020 2954 3089 ἔφυγον,
3034 3021 3165 3072 κανὰ
3229 3024 3314 3074 τὸν
3397 3027 3628 3098 Μάρκον,
3699 3023 3794 3082 διὰ
3866 3035 3992 3091 τοὺς

2313 3130 2354 3184 C
2383 3101 2694 3170 Ἰουδαίους,
2745 3107 2826 3160 ἵνα
2863 3111 2934 3179 μὴ
2996 3109 3261 3164 Θιαθείσαι
3315 3107 3540 3174 δόξωσιν
3590 3115 3747 3169 αὑταὶ
3795 3117 3990 3189 κλέψαι

2382 3198 2468 3250 τὸν
2492 3195 2717 3253 Ἰησούν.

2454 3284 2512 3336 Εἰ
2543 3279 2601 3335 δὲ
2631 3285 2656 3334 ό
2683 3286 2772 3354 μὲν
2813 3285 2926 3355 (91)
2977 3282 3132 3354 εἶπεν,
3164 3288 3245 3339 ὅτι
3293 3286 3564 3360 ἐφοϐοῦντο
3593 3297 3684 3344 καὶ
3733 3298 3987 3369 ἔχαιρον·

2383 3373 2408 3424 6
2464 3368 2542 3439 δὲ,
2607 3374 2685 3424 ὃτι
2753 3373 2864 3444 (92)
2922 3376 3128 3447 ἔτρεμον
3194 3381 3283 3428 καὶ
3345 3377 3633 3446 ἐξίσταντο,
3691 3383 3785 3436 ούκ
3839 3368 3992 3438 ἔστιν

2383 3460 2695 3522 ἐναντίωσις.
2740 3462 2798 3514 Ὀ
2831 3466 3017 3534 τρόμος
3056 3466 3158 3537 γὰρ
3209 3463 3263 3517 ἐκ
3302 3466 3460 3538 φόϐου
3517 3473 3717 3541 γέγονεν
3767 3473 3989 3539 αὑταίςο

2384 3556 2476 3609 τὴν
2523 3553 2697 3624 χαρὰν
2751 3547 2808 3602 δὲ
2847 3557 3246 3624 παρεσιώπησεν
3278 3556 3303 3606 6
3352 3558 3602 3629 Μάρκοςο
3651 3564 3677 3617 ἦ
3731 3567 3820 3616 καὶ
3850 3567 3994 3617 ταύ-

2384 3644 2475 3697 τὴν
2527 3636 2617 3692 διὰ
2646 3648 2739 3700 τῆς
2786 3638 3078 3701 ἐκστάσεως
3136 3639 3381 3714 ἐσήμανε.
3442 3651 3540 3699 Καὶ
3593 3649 3623 3710 ἠ
3679 3654 3829 3724 χαρὰ
3881 3655 3994 3725 γὰρ

2385 3728 2585 3799 ἑξιστᾴ.
2620 3724 2810 3781 Οὐδενὶ
2861 3724 2919 3781 δε
2961 3726 3111 3782 οὐδὲν
3158 3727 3298 3783 εἶπον
3341 3753 3440 3786 των
3471 3735 3636 3787 ἄλλων
3676 3735 3994 3810 ἀνθρώπων,

2384 3824 2483 3868 τῶν
2528 3814 2945 3888 ἐντυγχανόντων
2995 3817 3175 3880 αύταίς
3215 3823 3344 3873 κατὰ
3392 3827 3485 3881 τὴν
3531 3821 3683 3876 όδόν·
3730 3834 3832 3887 τοῖς
3869 3831 3987 3902 γὰρ

2386 3904 2692 3967 ἀποστόλοις
2758 3902 2895 3958 εἶπον
2949 3906 3170 3978 ἅπαντα,
3241 3910 3651 3983 ὑποστπίψασαι
3711 3919 3839 3989 πρὸς
3893 3917 3999 3971 αύ-

2385 3998 2520 4060 τούς,
2580 3998 2644 4055 ὡς
2697 3996 2722 4046 6
2780 4001 2984 4058 Λουκᾶς
3041 3999 3256 4070 ἱστορεῖ.
3322 3999 3478 4053 Αἰτία
3546 3998 3607 4055 δὲ
3653 4011 3745 4056 τοῦ
3794 4002 4005 4077 μηδενὶ

2383 4081 2548 4157 μηδὲν
2580 4084 2734 4136 εἰπεῖν
2766 4085 2791 4138 6
2823 4082 2973 4156 φόϐος
2997 4093 3095 4136 τῶν
3137 4082 3427 4156 Ἰουδαίων,
3459 4091 3539 4141 ἵνα
3568 4095 3638 4163 μὴ
3670 4090 4006 4159 ἀκούσαντες

2384 4175 2463 4227 ὅτι
2487 4177 2805 4246 κηρύττουσι
2833 4178 2924 4231 τὴν
2956 4172 3244 4227 ἀνάστασιν
3275 4185 3367 4228 τού
3399 4185 3657 4252 Χριστοῦ,
3693 4185 4014 4253 φονεύσωσι

2383 4265 2596 4324 ταύτας.

2449 4351 2537 4414 Ὠς
2567 4382 2634 4390 -
2665 4351 2863 4412 αύταῖς.
2912 4353 3017 4424 Πρὸ
3048 4354 3249 4404 πάντων
3279 4352 3616 4429 ὀρθρίσασαι,
3652 4363 3756 4433 πρὸ
3785 4363 4006 4416 πάντων

686 4434 846 4488 Vers.
888 4437 940 4488 9.
984 4435 1131 4491 Cum
1169 4467 1237 4475 ——
1267 4437 1366 4493 eis.
1409 4441 1552 4504 Quae
1583 4445 1720 4499 ante
1759 4459 1969 4501 omnes
2009 4446 2268 4504 diluculo

2381 4445 2544 4518 ὁρῶσι
2568 4445 2654 4494 τόν
2686 4444 2894 4516 Κύριον,
2940 4446 3028 4493 καὶ
3058 4449 3209 4494 τοῦτο
3235 4442 3348 4514 (93)
3389 4447 3579 4516 μισθὸν
3617 4457 3706 4509 τῆς
3739 4455 3958 4510 τοιαύτῃ
3979 4475 4011 4516 ς

612 4527 1010 4589 surrexerant,
1045 4528 1180 4581 ante
1211 4541 1422 4583 omnes
1453 4528 1647 4586 vident
1679 4534 2011 4600 Dominum,
2045 4541 2100 4592 et
2136 4536 2270 4602 hoc,

614 4610 676 4665 in
693 4610 1020 4667 mercedem
1035 4613 1126 4669 sui
1137 4614 1318 4671 studii
1333 4633 1576 4690 sumque
1589 4619 1980 4680 festinationis
1991 4613 2273 4682 referunt:

689 4697 850 4754 Vers.
893 4702 924 4754 9
970 4701 1223 4758 Diceris:
1285 4705 1561 4764 Gaudete.
1615 4708 1888 4768 Gaudere
1940 4713 2026 4768 eis
2071 4714 2276 4772 tribuit

619 4801 757 4857 quin
784 4785 864 4842 ob
888 4792 1146 4847 veterem
1180 4791 1648 4856 inobedientiam
1676 4799 2082 4859 condemnata
2106 4807 2275 4860 erant

694 4883 742 4927 ⁸³
767 4884 962 4948 Matth.
994 4902 1135 4957 xvu,
1163 4893 1250 4946 2'2.

2386 4525 2590 4590 σπουδῆ
2601 4551 2621 4592 ς
2644 4532 2968 4601 κομίζονται.

2455 4625 2650 4692 Λέγων,
2685 4622 2922 4693 Χαίρετε.
2953 4621 3022 4672 T6
3067 4623 3275 4694 χαίρειν
3320 4615 3520 4674 δίδωσι
3549 4631 3665 4686 ταῖς
3708 4629 3766 4678 τὸ
3812 4626 4016 4684 λυπει-

2387 4712 2511 4764 σθαι
2540 4709 2652 4780 (94)
2683 4709 3111 4783 κατακριθείσαις
3153 4708 3294 4779 (95),
3328 4706 3379 4761 ἐκ
3420 4719 3518 4773 τῆς
3547 4710 3786 4786 ἀρχαίας
3822 4737 4008 4795 παρα.

2383 4820 2500 4876 ρας.

1329 4893 1377 4930 ⁸⁸
1405 4893 1578 4951 Marc.
1607 4911 1724 4968 nn,
1757 4900 1810 4953 8.
1839 4900 1888 4936 ὀ
1918 4899 2054 4955 Luc.
2085 4916 2245 4969 xxxv,
2276 4901 2334 4958 9.

1865 5076 2084 5147 Variae
2131 5077 2456 5147 lectiones
2506 5086 2571 5144 et
2613 5086 2814 5142 notae.

681 5265 794 5339 (86)
823 5263 1043 5339 Ἐνάγων
1075 5269 1260 5334 αὐτάς.
1298 5278 1360 5326 Δ.

681 5267 772 5339 (86
823 5267 1043 5339 Ἐνάγων
1075 5269 1260 5334 αὐτάς.
1298 5278 1360 5326 Δ.

678 5267 794 5409 (87)
827 5339 948 5418 Alta
991 5355 1101 5418 ρεο
1154 5342 1492 5418 ἐγέρθήσεται
1555 5344 1781 5402 habent
1839 5346 2014 5402 etiam
2070 5347 2150 5403 ibi
2207 5347 2267 5403 in

607 5415 880 5467 contextu
918 5413 993 5477 A,
1036 5413 1098 5467 Β.

828 5483 1108 5559 Intelligo,
1137 5488 1278 5559 παρὰ
1306 5495 1376 5558 τῷ
1411 5492 1613 5558 Λονκᾷ.

705 5485 768 5537 88
828 5483 1108 5554 Intellige,
1137 5488 1278 5538 παοὰ

677 5481 793 5623 (89)
823 5537 1290 5626 Προαγγέλλουοέιν.

701 5625 793 5695 90)
821 5625 1051 5682 Scilicet
1075 5628 1272 5682 Matth.
1306 5645 1486 5691 xxvu,
1517 5629 1551 5681 7
1595 5630 1808 5694 ;Marc.
1841 5647 1957 5695 xw,
1990 5637 2043 5686 7.

701 5626 769 5679 90
821 5626 1051 5682 Scilicet
1075 5628 1272 5682 Matth.
1306 5645 1486 5691 xxvu,
1517 5629 1551 5681 7
1595 5630 1808 5694 ;Marc.
1841 5647 1957 5695 xw,
1990 5637 2043 5686 7.

680 5626 793 5766 (91)
841 5696 1166 5764 Mattheus,
1214 5699 1319 5770 qui
1354 5699 1581 5756 habet:
1619 5704 1764 5754 Μετὰ
1806 5701 1964 5774 φόϐου
2004 5709 2094 5756 καὶ
2147 5723 2259 5775 χα-

2378 5293 2565 5421 ραῖέλὲ)
2606 5345 2850 5399 Marcus.
2884 5339 2938 5393 Is
2977 5337 3141 5394 enim
3184 5335 3328 5398 dicit
3359 5354 3374 5415 ξ
3406 5335 3566 5413 Εἶχεν
3599 5342 3767 5408 αὐτὰς
3793 5353 4004 5421 τρόμος

2378 5421 2468 5468 καὶ¹
2499 5419 2768 5473 ἔκστασις.

2472 5490 2562 5556 93)
2600 5488 2669 5538 T6
2699 5486 2822 5558 69¢!
2846 5485 2931 5558 τὸν
2963 5481 3176 5553 Κύριον.

2468 5551 2558 5628 94)
2596 5551 2852 5628 Respicit
2882 5551 3142 5628 Gegﬁu,
3182 5551 3272 5607 t6.

2443 5622 2554 5701 (95)
2597 5622 2779 5683 lnlell.
2810 5622 3064 5697 γυναιξίνι
