4188 6450
553 371 660 426 759
1876 365 2226 422 EUTHYMII
2265 364 2598 422 ZIGABENI
3825 367 3940 420 760

554 497 770 569 pulum
819 493 1086 553 vicerunt
1122 495 1418 570 pecuniae,
1476 493 1665 551 multo
1720 493 1915 563 magis
1973 491 2202 548 milites.

2317 492 2381 543 τὰ
2437 489 2682 563 ἀργύρια,
2722 489 2890 561 πολλῷ
2945 490 3135 562 μᾶλλον
3191 499 3290 543 τῶν
3352 498 3704 563 στρατιωτῶν.
3777 494 3938 562 Μέγα

553 586 697 640 Vere
735 585 935 656 itaque
974 601 1266 656 magnum
1318 590 1404 641 est
1445 583 1670 639 malum
1712 582 1982 655 pecuniae
2014 597 2204 646 amor,

2318 577 2404 632 οὖν
2453 584 2611 632 κακόν
2653 583 2805 640 ὄντως
2854 582 2882 638 η
2933 579 3268 653 φιλαργυρία,
3328 585 3419 631 καὶ
3460 580 3695 652 μεγάλων
3755 589 3937 631 κακῶν

553 677 612 730 et
641 689 1000 744 magnorum
1032 691 1218 731 causa
1257 673 1576 731 malorum.
1620 671 1972 727 Sermonem
2008 677 2207 726 autem

2319 669 2479 723 αἰτία.
2540 675 2706 740 Λόγον
2756 665 2815 722 δε
2865 666 3287 742 διαφημισθέντα
3323 668 3480 740 λέγει,
3523 674 3609 721 τόν
3671 675 3792 741 περὶ
3838 677 3937 721 τοῦ

553 761 926 832 divulgatum
957 763 1119 830 dicit,
1161 763 1326 837 quod
1368 762 1525 818 furto
1572 760 1842 816 sublatus
1888 760 1962 815 sit
2012 761 2204 822 Jesus,

2319 757 2578 816 κλαπῆναι
2633 757 2806 810 αὐτόν.
2866 757 2925 809 Ὀ
2983 754 3042 810 δι
3087 764 3280 818 Λουκᾶς
3339 762 3457 831 περὶ
3504 766 3605 809 τῶν
3664 767 3936 829 γυναικῶν

551 851 740 908 Lucas
765 867 905 908 vero
935 852 1006 909 de
1037 852 1390 910 mulieribus
1421 850 1536 908 ait:
1571 851 1649 907 Et
1677 863 1983 906 reverscea
2004 863 2205 904 monu-

2321 846 2475 912 εἶπεν,
2533 849 2614 900 ὃτι
2684 852 2783 900 Καὶ
2853 847 3254 922 ὑποστρέψασαι
3327 845 3428 899 ἀπὸ
3498 855 3592 900 τοῦ
3649 854 3933 920 μνημείου,

554 947 750 998 mento
801 943 1235 999 nuntiaverunt
1295 942 1418 998 hac
1471 939 1671 996 omnia
1729 938 1869 1008 ipsis
1913 937 2208 1002 undecim,

2319 935 2639 1008 ἀπήγγειλαν
2695 944 2861 988 ταῦτα
2908 939 3077 988 πάντα
3117 944 3227 998 τοίς
3281 933 3466 989 ἕνδεκα
3519 943 3609 989 καὶ
3647 943 3784 990 πᾶσι
3822 946 3935 1000 τοῖς

554 1030 890 1102 ceterisque
907 1032 1258 1098 omnibus",
1278 1028 1551 1086 videlicet
1573 1027 1968 1100 septuaginta.
1993 1027 2208 1082 Deinde

2319 1023 2540 1090 λοιποῖς,
2584 1029 2763 1096 ἤγουν,
2803 1032 2911 1087 τοῖς
2956 1023 3334 1098 ἐϐδομήκοντα.
3389 1026 3516 1078 Εἶτα
3557 1025 3938 1100 ἁπαριθμείται

556 1125 869 1176 enumerat
895 1135 998 1176 eas
1021 1119 1227 1176 dicens
1262 1138 1275 1176 :
1307 1118 1492 1175 Erant
1520 1124 1715 1175 autem
1745 1117 1946 1174 Maria
1972 1117 2210 1186 Magda-

2321 1116 2512 1175 ταύτας
2553 1113 2732 1185 λέγων·
2778 1114 2947 1166 Ἦσαν
2991 1112 3050 1166 δε
3109 1116 3136 1174 ἡ
3196 1110 3524 1186 Μαγδαληνὴ
3582 1120 3785 1191 Μαρία,
3845 1121 3939 1168 καὶ

559 1209 709 1278 lene,
739 1213 793 1264 et
821 1209 1077 1278 Joanna,
1118 1214 1172 1266 et
1218 1208 1413 1267 Maria
1453 1207 1680 1272 Jacobi,
1715 1222 1786 1263 ac
1830 1212 2049 1263 cetera
2081 1221 2213 1278 quae

2323 1204 2554 1269 Ὶωάννα,
2597 1208 2686 1256 καὶ
2729 1208 2908 1276 Μαρία
2966 1203 3041 1275 (7)
3097 1205 3126 1261 ἠ
3187 1201 3463 1271 Ἰακώϐου,
3517 1209 3606 1256 καὶ
3655 1206 3708 1256 αἱ
3755 1204 3938 1257 λοιπαὶ

558 1313 692 1354 cum
730 1297 810 1354 eis
848 1303 1042 1364 erant,
1073 1313 1208 1369 qua:
1245 1297 1517 1354 dicebant
1547 1297 1628 1353 ad
1665 1297 1948 1366 apostolos
1988 1296 2101 1350 haec
2140 1297 2209 1346 η.

2327 1296 2420 1344 σὺν
2500 1292 2702 1362 αὐταῖς,
2800 1293 2854 1344 αἱ
2929 1292 3098 1364 ΰεγον
3191 1295 3321 1365 πρὸς
3397 1297 3520 1355 τοὺς
3614 1292 3937 1356 ἀποστόλους

557 1386 774 1442 Verum
806 1386 1110 1443 Matthmus
1138 1386 1386 1458 quidem
1425 1385 1667 1443 Mariam
1711 1384 2117 1457 Magdalenen,
2159 1388 2211 1440 et

2323 1389 2510 1436 ταῦτα.
2545 1381 2700 1434 ’Δλλὰ
2736 1383 3003 1443 Ματθαῖος
3055 1384 3143 1452 μὶν
3187 1386 3390 1454 Μαρίαν
3437 1385 3532 1441 τήν
3576 1379 3939 1454 Μαγδαληνή-ν

559 1475 744 1532 Maria
787 1475 992 1531 Jacobi
1045 1481 1101 1531 et
1145 1476 1282 1531 Jose
1327 1475 1686 1546 conscripsit
1729 1477 1824 1530 "z
1877 1489 1996 1529 non
2041 1471 2213 1546 quasi

2325 1475 2414 1522 καὶ
2462 1476 2668 1537 Μαρίαν
2716 1476 2810 1529 τήν
2853 1479 2944 1523 τοῦ
2994 1469 3240 1523 Ἰακώϐου
3295 1476 3385 1523 καὶ
3429 1471 3583 1531 Ἰωσῆ
3628 1471 3934 1547 ἀνέγραψεν·

559 1563 739 1628 solas,
767 1563 872 1619 sed
899 1568 1189 1638 tanquam
1221 1565 1448 1620 caeteris
1475 1579 1611 1638 quin
1641 1580 1780 1620 cum
1819 1563 1902 1618 eis
1933 1567 2102 1618 erant
2131 1561 2213 1617 in-

2326 1560 2431 1630 οὗχ
2480 1559 2544 1620 ὡς
2585 1564 2764 1632 μόνας,
2805 1560 2912 1611 ἀλλ’
2956 1563 3020 1620 ως
3050 1558 3428 1634 ἐπισημοτέρας
3461 1569 3562 1613 τῶν
3590 1564 3682 1613 σὺν
3726 1560 3934 1621 ααταῐς·

558 1652 847 1725 signiores
865 1669 879 1719 ;
895 1655 1122 1710 Marcus
1135 1657 1336 1710 autem
1348 1653 1527 1711 etiam
1540 1651 1895 1725 signiﬁcavit
1909 1650 2177 1708 Salomen
2200 1667 2212 1716 ;

2281 1651 2540 1725 ,Μάρκος
2599 1645 2658 1700 δι
2710 1653 2798 1701 καὶ
2847 1654 2940 1707 τὴν
3016 1648 3262 1721 Σαλώμην
3309 1645 3558 1708 ἐδήλωσε·
3611 1655 3815 1710 Λουκᾶς
3873 1647 3935 1702 δε

563 1743 750 1799 Lucas
769 1757 908 1798 vero
927 1741 1204 1798 Salomen
1217 1742 1465 1816 quidem
1480 1741 1713 1814 absque
1732 1756 2014 1812 expresso
2030 1740 2217 1795 uomi-

2276 1735 2292 1759 ³
2329 1744 2423 1798 τήν
2475 1741 2566 1811 μὶν
2616 1737 2861 1809 Σαλώμην
2919 1737 3268 1810 ἁνονόμαστον
3328 1736 3534 1810 ἀφῆκεν,
3583 1735 3816 1795 έδήλωσε
3865 1735 3930 1790 δὲ

562 1847 636 1888 ne
666 1829 918 1904 reliquit,
961 1831 1358 1888 manifestavit
1387 1836 1587 1887 autem
1615 1832 1936 1886 Joannem.
1972 1829 2216 1884 Addens

2333 1829 2410 1899 (8)
2463 1833 2557 1886 τήν
2612 1827 2869 1881 ’ἰωάνναν·
2931 1829 3177 1902 προσθεὶς
3229 1823 3303 1892 δι,
3353 1830 3430 1879 ὅτι
3486 1831 3583 1880 Καὶ
3631 1829 3686 1878 αἱ
3741 1826 3919 1878 λοιπαί

564 1935 702 1976 vero
723 1935 735 1976 :
749 1921 826 1976 Et
844 1926 1068 1978 cetera
1081 1936 1214 1993 qua
1224 1936 1355 1977 cum
1371 1920 1450 1977 eis
1467 1925 1662 1986 erant,
1680 1917 1974 1989 significat
1986 1923 2041 1974 et
2058 1917 2218 1973 Salo-

2335 1920 2428 1970 σῦν
2469 1917 2668 1978 αὑταῖς,
2711 1915 2939 1989 ἐνέφηνεν
2971 1916 3132 1974 αὑτήν
3163 1935 3217 1968 τε
3251 1923 3338 1974 τήν
3375 1915 3616 1988 Σαλώμην
3645 1919 3734 1967 καὶ
3763 1915 3920 1974 ἄλλοις

566 2023 727 2074 men,
755 2013 812 2064 et
839 2007 1296 2082 aliasquasdam
1316 2010 1385 2064 ".
1404 2011 1536 2064 Post
1557 2007 1780 2064 dictam
1802 2008 2000 2079 itaque
2016 2006 2220 2062 mulie-

2333 2008 2494 2068 τινάς.
2575 2008 2719 2059 Μετὰ
2786 2011 2958 2077 μέντοι
3033 2011 3126 2065 τήν
3207 2005 3471 2079 εἰρημένην
3503 2013 3601 2056 τῶν
3668 2012 3930 2076 γυναικῶν

565 2112 700 2153 rum
731 2097 1246 2154 enumerationem
1278 2112 1516 2153 rursum
1547 2095 1858 2167 subjunxit
1891 2096 2112 2151 Lucas:
2143 2096 2219 2152 Et

2336 2094 2718 2170 ἀπαρίθμησιν,
2781 2094 3012 2166 ἐπήγαγε
3086 2096 3238 2146 πάλιν
3311 2095 3336 2146 ὁ
3411 2099 3637 2155 Λουκᾶς,
3691 2095 3770 2145 ὅτι
3833 2097 3940 2145 Καὶ

567 2186 695 2244 visa
721 2192 861 2242 sunt
891 2201 1090 2243 coram
1120 2187 1240 2243 illis
1257 2191 1545 2258 tanquam
1567 2184 2023 2242 deliramentum
2046 2184 2221 2241 verba

2335 2184 2596 2257 έφάνησαν
2625 2184 2835 2237 ένωπιον
2886 2185 3052 2236 αὐτῶν
3081 2190 3204 2238 ώσει
3228 2183 3381 2258 λῆρος
3410 2185 3477 2235 τὰ
3501 2183 3715 2258 ῥήματα
3746 2181 3939 2247 αὑτων,

565 2289 796 2345 earum,
827 2290 932 2332 nec
967 2275 1346 2332 crediderunt
1374 2275 1511 2346 ipsis
1550 2277 1619 2328 ".

1288 2281 1346 2331 ηε
1374 2275 1511 2346 ipsis
1550 2277 1619 2328 ”.
2335 2279 2427 2327 καὶ
2453 2277 2708 2332 ἠπίστουν
2740 2274 2942 2336 αὑταῖς.

637 2364 785 2420 Hinc
809 2379 952 2436 ergo
978 2369 1224 2420 sumunt
1243 2363 1497 2429 initium,
1519 2379 1655 2436 qua:
1679 2361 1754 2418 de
1783 2360 1963 2419 Maria
1990 2363 2222 2431 Magda-

2409 2364 2671 2418 Ἐντεῦθεν
2729 2360 2817 2414 οὖν
2866 2366 3125 2438 ἄρχονται
3177 2365 3244 2414 τὰ
3295 2365 3413 2436 περὶ
3465 2364 3667 2434 Μαρίας
3725 2360 3802 2431 (9)
3847 2367 3947 2420 της

566 2454 698 2513 lene
719 2453 878 2510 solus
897 2454 1132 2526 scripsit
1155 2455 1436 2520 Joannes,
1464 2453 1642 2509 veluti
1675 2468 1745 2509 ea
1769 2468 2030 2525 quorum
2059 2451 2220 2524 apud

2337 2450 2712 2524 Μαγδαληνῆς,
2761 2452 2796 2504 ἃ
2842 2456 2993 2525 μότος
3022 2453 3048 2504 ό
3090 2452 3328 2512 Ἰωάννης
3385 2453 3677 2525 ἱστόρησεν,
3738 2451 3806 2509 ὡς
3853 2453 3946 2500 καὶ

567 2544 828 2618 reliquos
859 2543 1022 2600 nulla
1050 2548 1138 2601 est
1167 2544 1317 2601 facta
1356 2544 1576 2599 mentio
1602 2544 1672 2595 ⁸⁷.
1717 2542 1869 2608 Quia
1894 2543 2054 2598 enim
2095 2542 2221 2598 visa

2337 2542 2472 2595 αὐτὰ
2529 2545 2638 2613 (10)
2709 2546 2780 2614 μή
2853 2543 3267 2614 μνημονευθέντα
3347 2543 3490 2615 παρὰ
3557 2547 3668 2601 τοῖς
3745 2537 3944 2598 ἄλλοις.

569 2639 708 2690 sunt
730 2648 936 2688 coram
955 2631 1240 2705 apostolis
1269 2637 1560 2704 tanquam
1591 2631 2054 2687 deliramentum
2087 2646 2221 2686 ver-

2337 2632 2479 2685 Ἐπεὶ
2524 2633 2626 2704 γὰρ
2694 2631 2954 2703 ἐφάνησαν
3009 2629 3220 2682 ἐνώπιον
3289 2638 3386 2682 τῶν
3451 2627 3750 2681 ἀποστόλων
3817 2629 3945 2681 ὡσεὶ

568 2721 652 2779 ba
679 2721 1044 2777 mulierum:
1091 2719 1225 2794 ipsa
1261 2721 1535 2790 cogitans
1580 2719 1735 2776 intra
1776 2737 1837 2776 se
1883 2721 2045 2793 quod
2092 2735 2222 2776 vere

2337 2720 2500 2792 λῆρος
2568 2724 2632 2773 τὰ
2699 2721 2913 2795 ῥήματα
2976 2729 3075 2772 τῶν
3128 2728 3407 2791 γυναικῶν·
3449 2720 3581 2776 αὕτη
3622 2717 3938 2788 λογισαμὲνη

571 2809 838 2881 deceptas
869 2814 1087 2875 essent,
1106 2807 1384 2881 quodque
1404 2824 1509 2881 per
1531 2808 1914 2881 phantasiam
1938 2808 2225 2865 vidissent

2337 2811 2456 2862 καθ’
2534 2809 2742 2876 ἑαυτήν,
2821 2811 2902 2862 ὅτι
2969 2810 3122 2871 ὄντως
3193 2809 3559 2877 ἠπατήθησαν,
3638 2809 3772 2858 κατὰ
3820 2825 3946 2877 φαν-

573 2913 710 2972 quie
750 2895 1041 2963 viderant,
1075 2901 1133 2953 et
1161 2897 1466 2954 audissent
1493 2912 1631 2970 quas
1660 2897 1976 2954 audierant
2008 2897 2226 2969 (neque

2339 2904 2527 2951 τασίαν
2593 2896 2825 2969 ἰδοῦσαι,
2894 2900 2997 2951 ὅσα
3062 2894 3219 2964 εἶδον,
3293 2903 3382 2949 καὶ
3455 2895 3775 2964 ἀκούσασαι,
3842 2896 3947 2946 ὃσα

576 2986 737 3042 enim
773 2985 940 3042 aliter
976 2990 1266 3059 tanquam
1314 2984 1777 3042 deliramentum
1819 2986 2230 3057 apparuissent

2290 2993 2594 3062 _ixouaa¢v.
2651 2989 2711 3040 οῦ
2766 2990 2868 3062 γὰρ
2914 2987 2974 3039 ἃν
3026 2990 3149 3040 ὡσεὶ
3205 2987 3358 3062 λῆρος
3421 2994 3588 3039 ταῦτα
3639 2993 3747 3047 τοῖς
3820 3003 3944 3036 συν-

575 3073 1010 3132 cordatioribus
1047 3055 1121 3131 et—
1143 3074 1629 3147 sapientioribus)
1675 3090 1796 3131 non
1833 3055 2080 3148 quievit,
2123 3075 2229 3130 sed

2295 3056 2602 3152 Γἐτωτέροις
2676 3077 2954 3150 ἐφάνησαν·
3032 3077 3123 3128 οῦκ
3207 3077 3487 3150 ἠρέμησεν,
3569 3073 3674 3126 ἀλλ’
3754 3074 3949 3125 αὐτίκα

578 3165 710 3221 sola
722 3163 990 3238 protinus
1001 3164 1080 3221 ad
1092 3168 1554 3221 monumentum
1573 3164 1851 3229 cucurrit,
1872 3180 2010 3220 cum
2031 3163 2231 3219 adhuc

2342 3173 2471 3240 μόνη
2526 3164 2747 3242 έδραμε-ι
2808 3166 2892 3220 έπὶ
2933 3169 2992 3218 τό
3046 3173 3318 3239 μνημεῖον,
3361 3170 3574 3228 σκοτίας
3629 3166 3706 3216 ἔτι
3755 3167 3948 3231 οὔσης,

577 3255 836 3312 tenebris
852 3257 1068 3322 essent,
1081 3254 1327 3327 opinata
1347 3253 1513 3326 quod
1544 3253 1744 3326 ipsum
1771 3253 2047 3309 clausum
2079 3255 2231 3308 esset

2343 3254 2702 3332 προσδοκῶσα
2757 3255 3109 3328 κεκλεισμένον
3190 3256 3350 3328 εὑρεῖν
3421 3255 3566 3306 αὐτό·
3652 3256 3946 3325 θεασαμένη

577 3349 899 3418 repertura.
924 3343 1145 3399 Videns
1175 3347 1376 3399 autem
1406 3342 1567 3417 quod
1599 3341 1870 3398 sublatus
1895 3347 2049 3398 esset
2074 3341 2230 3414 lapis

2345 3345 2404 3401 δι
2461 3351 2544 3400 τόν
2596 3345 2736 3398 λίθον
2794 3347 3012 3420 ἠρμένον
3077 3344 3132 3397 έκ
3178 3352 3270 3398 τοῦ
3331 3348 3607 3416 μνημείου,
3651 3339 3802 3394 οὐδέν
3855 3345 3949 3403 μέν

578 3450 616 3492 a
646 3437 1059 3498 monumento,
1105 3431 1252 3489 nihil
1294 3432 1565 3488 meminit
1606 3447 1836 3496 eorum,
1883 3447 2020 3502 quae
2067 3431 2232 3504 prius

2345 3437 2640 3510 ἀνεμνήσθη
2755 3443 2854 3487 τῶν
2956 3437 3425 3509 προγεγενημένων,
3515 3435 3584 3492 ὡς
3692 3428 3949 3483 ἀποδοκι-

579 3522 734 3579 facta
780 3521 1032 3588 fuerant,
1069 3525 1276 3594 utpote
1315 3520 1756 3577 renuntiatione
1794 3536 1983 3592 quam
2028 3519 2102 3576 de
2141 3519 2233 3574 his

2344 3528 2641 3600 μασθείσης
2696 3531 2784 3586 τῆς
2853 3529 2968 3598 περὶ
3033 3523 3145 3595 (Η)
3223 3522 3390 3574 αὐτῶν
3458 3520 3778 3593 ἀπαγγελίας
3845 3521 3949 3571 ὑπό

579 3612 818 3678 fecerat,
835 3626 872 3667 a
886 3610 1194 3683 discipulis
1211 3611 1535 3682 reprobata
1561 3625 1574 3664 :
1593 3610 1902 3682 suspicata
1925 3616 2012 3664 est
2031 3612 2233 3665 autem

2346 3625 2444 3669 τῶν
2503 3617 2768 3688 μαθητῶν·
2820 3611 3040 3686 ὑμελαϐε
3087 3611 3145 3665 δε
3192 3613 3463 3685 μετατεθὲν
3509 3611 3622 3682 (12)
3678 3615 3736 3662 τό
3795 3617 3954 3681 σῶμα

583 3699 1010 3771 transpositum
1062 3713 1192 3754 esse
1238 3713 1457 3770 corpus
1498 3713 1535 3754 a
1586 3698 1805 3769 Joseph
1855 3697 1916 3753 in
1961 3697 2236 3753 tutiorem

2345 3708 2487 3778 παρά
2541 3712 2632 3756 τοῦ
2691 3703 2884 3775 Ἰωσήφ
2941 3702 3012 3765 εἰς
3077 3705 3232 3754 τόπον
3299 3699 3698 3774 ἀσφαλέστερον.
3753 3701 3952 3772 Τρέχει

585 3789 806 3845 locum.
839 3787 1031 3843 Currit
1053 3801 1196 3856 ergo
1221 3791 1278 3843 et
1303 3788 1461 3842 venit
1483 3785 1562 3842 ad
1593 3786 1898 3844 Simonem
1929 3788 2162 3842 Petrum
2183 3791 2239 3842 et

2348 3791 2456 3859 οὖν,
2505 3798 2594 3846 καὶ
2643 3796 2856 3865 ἔρχεται
2907 3794 3033 3866 πρὸς
3073 3795 3278 3863 Σίμωνα
3321 3793 3532 3864 Πέτρον,
3565 3793 3650 3840 καί
3695 3790 3822 3859 πρὸς
3851 3790 3947 3837 τόν

587 3877 666 3933 ad
706 3875 892 3932 alium
929 3874 1291 3947 discipulum
1320 3891 1503 3948 quem
1543 3874 1826 3944 diligebat
1853 3876 2042 3942 Jesus,
2076 3880 2133 3930 et
2161 3873 2240 3930 ait

2349 3883 2498 3936 ἄλλον
2555 3884 2811 3955 μαθητήν,
2855 3881 2908 3933 ὃν
2964 3879 3125 3952 ἐφίλει
3177 3881 3202 3930 ό
3251 3879 3478 3941 Ἰησοῦς,
3532 3882 3620 3930 καὶ
3667 3875 3800 3947 λέγει
3851 3875 3947 3926 αῦ-

587 3965 736 4022 illis:
777 3963 1068 4019 Tulerunt
1099 3963 1406 4019 Dominum
1427 3977 1620 4020 meum
1656 3963 1730 4019 de
1756 3969 2156 4034 monumento,
2185 3969 2239 4020 et

2355 3980 2470 4034 τοῖς·
2537 3972 2702 4045 Ἦραν
2749 3974 2832 4024 τὸν
2888 3972 3078 4044 Κύριον
3125 3967 3178 4021 έκ
3236 3976 3328 4021 τοῦ
3383 3973 3660 4040 μνημείου,
3713 3970 3802 4018 καὶ
3855 3965 3953 4017 οῦκ

588 4053 881 4110 nescimus
908 4052 1011 4108 ubi
1043 4057 1364 4124 posuerunt
1411 4067 1565 4118 eunt,
1611 4056 1745 4119 etc.,
1774 4068 1912 4126 quae
1964 4052 2241 4126 deinceps

2351 4060 2567 4135 οἴδαμεν
2589 4069 2688 4114 ποῦ
2714 4062 2901 4118 ἔθηκαν
2933 4059 3105 4112 αὐτόν.
3134 4062 3232 4111 Καὶ
3253 4059 3319 4110 τὰ
3343 4057 3462 4121 ἑξῆς
3487 4061 3785 4129 γεγόνασιν,
3817 4058 3890 4118 ὡς
3928 4057 3954 4107 ό

589 4141 743 4200 facta
773 4144 932 4207 sunt,
967 4141 1114 4198 sicut
1144 4139 1382 4214 scripsit
1416 4142 1682 4198 Joannes
1707 4142 1775 4195 θ’.

1175 4139 1382 4214 cripsit
1416 4142 1682 4198 Joannes
1707 4142 1775 4195 θ’.
2351 4153 2591 4212 Ἰωάννης
2615 4149 2827 4225 ἔγραψε.

665 4233 1143 4288 Demonstratum
1167 4235 1256 4287 est
1278 4230 1456 4300 igitur
1481 4247 1662 4288 unam
1684 4247 1814 4287 esse
1840 4230 2003 4303 apud
2031 4247 2244 4288 omnes
2275 4238 2319 4294 D

2307 4241 2322 4292 )
2425 4237 2693 4295 Δέδεικται
2755 4243 2923 4292 τοίνυν
2985 4236 3208 4309 ἁρμονία
3265 4241 3364 4308 μία
3440 4237 3584 4308 πάρὰ
3648 4240 3783 4286 πᾶσι
3852 4242 3961 4294 τοῖς

589 4320 989 4392 evangelistas
1009 4319 1418 4391 concordiam,
1439 4324 1497 4377 et
1515 4335 1733 4393 corpus
1751 4320 2011 4377 historia
2029 4336 2243 4390 unum,

2355 4330 2764 4403 εῦαγγελισταῑς,
2841 4332 2931 4380 καὶ
3005 4335 3158 4399 σῶμα
3236 4334 3332 4385 τῆς
3408 4327 3668 4398 ἱστορίας,
3749 4322 3820 4385 ἓν,
3874 4325 3964 4376 οἶα

590 4411 774 4470 rebus
811 4410 1025 4468 scilicet
1060 4409 1438 4467 convenienti
1473 4409 1682 4466 ordine
1718 4410 2030 4466 enarratis.
2073 4410 2244 4476 Quod

2354 4429 2452 4474 τῶν
2507 4421 2678 4494 ῥητῶν
2728 4419 2864 4470 κατὰ
2914 4421 3007 4475 τήν
3063 4419 3436 4487 προσήκουσαν
3497 4413 3643 4476 τάξιν
3709 4412 3960 4486 ἑρμηνευ-

591 4501 755 4558 enim
792 4500 890 4557 hic
931 4499 1300 4570 evangelista
1331 4499 1632 4572 prateriit,
1660 4499 1773 4556 hoc
1801 4499 1896 4555 ille
1921 4499 2002 4555 ita
2040 4499 2245 4556 divina

2357 4513 2559 4564 θέντων.
2608 4514 2673 4560 Ὀ
2715 4509 2816 4580 γὰρ
2863 4506 3009 4566 οὗτος
3045 4512 3274 4578 παρῆκεν
3315 4504 3340 4555 ὀ
3380 4502 3770 4576 εῦαγγελιστής,
3802 4510 3964 4555 τοῦτο

594 4591 949 4662 disponente
979 4589 1170 4660 gratia
1197 4587 1366 4654 dixit,
1392 4592 1458 4644 ut
1485 4586 1662 4645 etiam
1693 4587 1834 4646 hinc
1861 4587 2246 4644 manifestum

2356 4599 2538 4660 έκεῖνος
2573 4596 2705 4652 εἶπεν
2739 4613 2752 4628 ·
2799 4596 2930 4649 οὕτω
2958 4605 3052 4657 τῆς
3083 4596 3219 4655 θείας
3255 4595 3479 4668 χάριτος
3514 4593 3966 4664 οἰκονομησάιξινης⁹

597 4693 730 4734 esse
756 4677 960 4749 possit,
990 4677 1151 4750 quod
1171 4692 1297 4734 non
1319 4693 1392 4734 ex
1418 4677 1751 4750 composito
1781 4681 1885 4734 aut
1907 4681 2080 4750 pacto
2103 4676 2249 4733 scri-

2359 4693 2441 4743 ἰνα
2482 4688 2748 4742 κάντεῦθεν
2811 4689 2889 4745 έῖη
2963 4681 3142 4749 δῆλον,
3212 4686 3282 4746 ὡς
3341 4682 3435 4735 οῦκ
3501 4681 3555 4735 ἐκ
3623 4683 3970 4754 συνθήματος

598 4765 847 4840 psorint.

2357 4779 2613 4854 ἔγραψανο

674 4875 834 4931 Vers.
856 4875 944 4928 16.
984 4873 1263 4930 Undecim
1290 4889 1426 4932 vero
1448 4905 1516 4915 —
1538 4873 1866 4930 Galilaeam.
1893 4874 2027 4930 Non
2049 4873 2248 4930 statim

2430 4872 2497 4922 Οί
2548 4865 2607 4922 δε
2653 4863 2838 4921 ἕνδεκα
2894 4896 2949 4906 -
3029 4862 3324 4917 Γαλιλαίαν.
3377 4859 3488 4912 Οῦκ
3540 4860 3688 4921 εὐθὺς
3748 4859 3970 4935 ἐπορεύ-

601 4962 878 5019 abierunt
919 4961 981 5018 in
1020 4961 1340 5029 Galilteam,
1382 4962 1682 5036 siquidem
1723 4962 1782 5018 in
1812 4963 1946 5035 ipso
1989 4962 2088 5019 die
2127 4978 2249 5036 quo

2362 4962 2548 5018 θησαν.
2585 4962 2686 5011 Καὶ
2727 4958 2826 5031 γὰρ
2872 4953 2920 5008 έν
2967 4955 3098 5027 αὐτῇ
3144 4960 3207 5025 τῇ
3259 4953 3446 5024 ἡμέρᾳ,
3501 4949 3618 5002 καθ’
3662 4950 3724 5009 ἣν
3769 4947 3967 5009 ἀνέστη

675 5141 720 5178 ’ί
781 5139 921 5198 Luc.
972 5157 1133 5209 xxiv,
1201 5145 1253 5198 9.
1305 5143 1353 5178 ⁸³
1393 5140 1541 5198 lbid.
1600 5142 1688 5197 10.
1743 5143 1791 5177 ⁸³
1849 5141 2046 5208 Matth,
2107 5155 2307 5206 xxvm,

2370 5140 2495 5207 t,”
2544 5139 2718 5195 Marc.
2775 5151 2890 5202 xiv,
2946 5134 2997 5189 1.
3049 5131 3188 5187 Luc.
3248 5146 3399 5186 xxiv.
3448 5132 3533 5186 io.
3583 5131 3632 5164 ³⁸
3674 5127 3820 5184 ibid.
3877 5131 3975 5187 11.

604 5231 648 5266 ’τ
681 5229 854 5289 Joan.
874 5246 975 5298 xx,
1008 5232 1229 5305 iseqq.
1308 5230 1355 5267 ⁸⁸
1381 5229 1532 5288 Ibid.
1565 5230 1598 5284 2
1631 5245 1801 5302 εθίιεῐ·

1825 5406 2049 5477 νιετὶω
2078 5406 2406 5476 lectiones
2433 5415 2500 5475 et
2529 5415 2733 5474 notae.

673 5605 754 5688 (Ζ)
781 5604 862 5688 Ἑν
881 5604 1180 5688 ,ώθ.⁸ἕ.ᾼῑ

2432 5602 2547 5688 c492
2585 5597 3018 5688 amona-itm?-

673 5671 756 5821 (εξ
787 5671 908 5744 Κάίν
948 5675 1116 5734 add“
1151 5679 1219 5732 Α·
2433 5672 2483 5815 éi
2499 5671 2550 5737 1)
2591 5675 2715 5744 Περὶ
2744 5671 2898 5722 αὐτὸν
2928 5671 2999 5724 Α.

677 5749 734 5820 (9
795 5752 1018 5824 Μαρίας,
1056 5747 1226 5807 abest
1259 5748 1326 5804 Α.
2458 5743 2546 5816 12)
2584 5743 2946 5796 Μετατεθεῖναι
2968 5742 3035 5797 Α.
