4188 6438
287 377 384 432 ’161

289 530 347 580 ἐκ
419 537 632 602 νεκρῶν,
703 532 846 602 ὤφθη
927 530 1120 596 αὐτοῖς,
1193 527 1341 582 οὖσιν
1436 532 1509 581 ἔτι

291 616 493 689 σαλὴμ.
578 623 678 670 Καὶ
765 627 916 672 τοῦτο
990 619 1299 693 ἐμφαίνουσι
1369 622 1458 691 μὲν
1511 622 1602 669 καὶ
1679 618 1892 689 Μάρκος

288 709 382 757 καὶ
463 711 691 768 Λουκᾶς.
778 712 1124 784 ψανερώτερον
1208 705 1268 761 δε
1350 710 1545 761 τούτων
1617 709 1892 778 ἱστόρησεν

286 795 559 856 Ἰωάννης.
622 800 766 850 Μετὰ
837 800 939 871 γὰρ
997 801 1056 851 τὸ
1123 796 1454 870 ὑποστρέψαι
1510 799 1640 871 πρὸς
1706 794 1894 854 αὐτοὺς

288 887 498 958 Μαρίαν
554 889 642 942 τὴν
691 883 1068 958 Μαγδαληνὴν,
1129 891 1289 961 φησὶν
1355 889 1435 939 ὅτι
1497 883 1676 948 Οὒσης
1741 883 1894 956 ὀψίας

289 981 353 1045 τῇ
409 974 580 1048 ἡμέρᾳ
625 972 812 1049 ἐκείνη,
869 984 931 1049 τῇ
993 981 1092 1049 μιᾷ
1148 984 1248 1029 τῶν
1297 974 1592 1043 Σαϐϐάτων,
1651 979 1740 1027 καὶ
1793 982 1894 1026 τῶν

292 1063 461 1136 θυρῶν
563 1062 948 1136 κεκλεισμένων,
1047 1067 1176 1118 ὅπου
1273 1063 1408 1124 ἦσαν
1511 1066 1561 1117 οἱ
1658 1065 1893 1137 μαθηταὶ

293 1152 724 1226 θυνηθροισμένοι
807 1153 919 1225 (I3)
1001 1150 1096 1207 διὰ
1172 1158 1259 1208 τὸν
1338 1153 1492 1228 φόϐον
1573 1161 1675 1206 τῶν
1757 1154 1892 1207 Ἰου-

291 1236 475 1306 δαίων,
547 1237 696 1299 ἦλθεν
749 1243 776 1295 ό
835 1242 1040 1305 Ἰησοῦς
1099 1248 1188 1296 καὶ
1245 1246 1369 1302 ἔστη
1445 1243 1517 1307 εἰς
1582 1247 1639 1296 τό
1710 1247 1889 1316 μέσον,

287 1334 377 1381 καὶ
431 1328 568 1401 λέγει
623 1329 815 1395 αὐτοῖς,
871 1332 1064 1406 Εἰρήνη
1121 1334 1268 1406 ὑμῖν,
1342 1337 1442 1386 Καὶ
1499 1339 1651 1386 τοῦτο
1713 1332 1886 1397 εἰπών,

287 1415 478 1482 ἔδειξεν
531 1419 713 1483 αὐτοῖς
758 1422 853 1483 τάς
900 1429 1088 1497 χεῖρας
1134 1427 1224 1476 καὶ
1267 1428 1362 1482 τὴν
1415 1422 1636 1498 πλευρὰν
1677 1424 1888 1495 Κύριον,

285 1513 375 1561 καὶ
404 1509 471 1560 τά
502 1508 588 1571 ἐξῆ
599 1530 642 1572 ς.

1350 710 1545 761 τούτων

357 1597 520 1657 Δῆλον
560 1595 672 1667 οὖν,
713 1600 794 1652 ὅτι
827 1599 1042 1676 ὕστερον
1085 1600 1443 1676 ἐκυρώθησαν
1491 1601 1558 1664 εἰς
1595 1606 1691 1660 τήν
1732 1600 1888 1654 Γαλι-

283 1687 455 1740 λαίαν.
534 1687 645 1740 Οὖκ
703 1687 958 1760 ἱψεύσατο
1035 1687 1113 1758 δέ,
1187 1693 1359 1754 καθὼς
1434 1690 1663 1754 ἀνοήτως
1727 1691 1890 1762 ΰ.εγεν

284 1778 308 1828 ό
358 1775 668 1852 παραϐάτης
722 1777 1013 1843 Ἰουλιανός,
1064 1778 1112 1832 έν
1165 1788 1226 1852 τῇ
1288 1779 1536 1852 Γαλιλαία
1585 1784 1676 1854 μεν
1722 1771 1890 1853 ὀφθῆ-

282 1886 366 1918 ναι
428 1873 537 1928 τοῖς
583 1868 848 1939 μαθηταῖς
898 1869 1350 1943 ἐπαγγειλάμενος,
1409 1869 1458 1922 έν
1516 1869 1892 1944 Ἰεροσολύμοις

285 1951 343 2008 δε
418 1958 628 2018 τούτοις
705 1955 898 2029 ὀφθείςο
971 1956 1078 2010 ἀλλ’
1146 1957 1412 2034 έπλήρωσε
1468 1962 1558 2030 μὲν
1632 1964 1721 2012 καὶ
1795 1965 1890 2019 τὴν

283 2047 535 2104 τοιαύτην
593 2044 922 2117 ἐπαγγελίαν,
976 2047 1144 2121 ὀφθεὶς
1197 2049 1371 2111 αὐτοῖς
1427 2050 1642 2122 ὕστερον
1707 2047 1758 2101 έν
1823 2056 1884 2121 τῇ

284 2133 555 2206 Γαλιλαίᾳ·
603 2131 912 2208 έδωρὴσατό
948 2133 1008 2190 δε
1052 2143 1142 2190 καὶ
1181 2137 1354 2214 ἑτέραν
1399 2141 1583 2214 χάριν,
1628 2157 1890 2212 προεμφα-

287 2223 486 2283 νισθεὶς
535 2223 705 2287 αιῦτοὶς
752 2223 804 2276 έν
858 2225 1253 2300 Ἱεροσολύμοις,
1306 2229 1389 2280 ἵνα
1442 2233 1531 2281 καὶ
1586 2232 1680 2287 τὴν
1721 2227 1888 2286 λύπην

298 2309 468 2362 αὐτῶν
511 2310 656 2381 λὺση,
709 2317 797 2366 καὶ
841 2312 1110 2390 βεϐαιώσῃ
1166 2321 1284 2380 τοὺς
1332 2316 1516 2390 λόγους
1564 2326 1662 2372 τῶν
1709 2338 1888 2390 γυναιο

299 2407 421 2466 κῶν,
463 2405 665 2453 καὶτῶν
713 2401 879 2456 ἄλλων
921 2413 1021 2457 τῶν
1068 2403 1283 2459 ἰδόντων
1327 2407 1482 2460 αὑτὸν
1527 2407 1882 2483 έγηγερμένον.

367 2487 423 2539 Ὀ
447 2492 536 2561 μίν
579 2486 665 2542 οὖν
711 2495 977 2554 Ματθαίος
1016 2503 1218 2569 παρῆκε
1256 2499 1320 2549 τὰ
1359 2501 1523 2570 μέχρι
1561 2505 1652 2550 τοῦ
1695 2516 1887 2570 πορευ-

291 2579 441 2636 θῆναι
489 2583 613 2643 τοὺς
657 2583 899 2654 μαθητάς
951 2583 1023 2647 εἰς
1069 2588 1163 2643 τὴν
1213 2584 1506 2638 Γαλιλαίαν·
1553 2589 1602 2640 οἱ
1647 2583 1696 2640 δ’
1745 2585 1890 2639 ἄλλοι

283 2667 653 2740 εὐαγγελισταὶ
717 2677 806 2724 καὶ
863 2680 1029 2726 ταῦτα
1085 2675 1414 2751 συνέγραψαν
1475 2676 1608 2748 (14)”
1676 2677 1892 2751 Μάρκος

281 2759 374 2829 μεν
441 2757 826 2835 έπιτομότερονο
895 2768 1103 2826 Λουκᾶς
1173 2761 1252 2832 δε,
1317 2764 1653 2840 πλατύτερον⁸
1721 2766 1889 2820 Ἰωάν·

281 2865 373 2908 νης
406 2843 484 2914 δέ,
517 2844 964 2925 διεξοδικώτερον.

357 2935 446 2997 Εἰς
507 2967 572 2978 -
633 2939 859 3001 Ἰησοῦς.
928 2941 1006 2993 Οὗ
1067 2939 1278 3006 ἐτάξατο
1343 2943 1540 3012 αὐτοῖς,
1609 2943 1719 2999 ἀντὶ
1772 2954 1885 3013 τοῦ,

281 3024 453 3081 Ὀπου
529 3025 804 3082 ένετείλατο
882 3029 1056 3093 αὐτοῖς
1126 3028 1220 3086 διὰ
1293 3042 1392 3086 τῶν
1458 3044 1738 3107 γυναικῶν,
1825 3039 1888 3098 ὡς

282 3119 614 3189 προείρηται,
672 3121 1006 3192 πορευθῆναι’
1088 3125 1118 3181 ἤ
1180 3124 1308 3176 ὅπου
1367 3126 1631 3198 ὑπέσχετο
1688 3125 1886 3192 αὐτοῖς,

1155 376 1527 435 COMMENT.
1571 376 1641 432 lN
1678 371 2116 431 MA'I‘THEUM.
2158 405 2227 416 -
2266 375 2420 430 CAP.
2467 375 2718 432 XXVIII.

3557 377 3663 434 762

1593 526 1640 580 is
1709 525 2320 598 ‘Iipou-Aresurrexit
2375 543 2412 584 a
2469 529 2718 585 mortuis
2761 529 2919 585 visus
2973 535 3062 587 est
3107 530 3212 595 eis,
3271 545 3407 586 cum
3463 536 3663 586 essent

2004 612 2202 670 adhuc
2230 615 2674 690 Hierosolymis.
2718 617 2784 674 Et
2816 619 2924 675 hoc
2963 635 3102 675 sane
3133 621 3356 676 Marcus
3386 623 3442 674 et
3473 618 3661 675 Lucas

2001 702 2324 759 ostendunt
2369 706 2418 740 ”
2455 725 2468 770 ;
2513 705 2881 763 manifestius
2918 712 3122 764 tamen
3160 707 3250 763 his
3288 706 3525 778 scripsit
3567 709 3662 763 Jo-

2003 805 2212 847 annes.
2244 791 2565 866 Postquam
2595 795 2756 851 enim
2779 794 2856 850 ad
2877 795 3206 868 discipulos
3237 811 3476 851 reversa
3505 801 3663 852 esset

2004 879 2194 936 Maria
2222 881 2586 951 Magdalene,
2620 883 2702 940 ait
2731 901 2748 938 :
2789 883 2939 940 Cum
2969 890 3112 941 esset
3143 900 3269 940 sero
3306 884 3397 941 die
3425 883 3530 940 illo
3553 885 3663 957 qui

2002 975 2125 1025 erat
2161 985 2311 1025 unus
2345 969 2752 1039 Sabbatorum,
2793 978 2848 1030 et
2883 975 3038 1044 fores
3067 979 3247 1030 essent
3285 975 3518 1038 clauae.
3558 973 3663 1029 ubi

2003 1064 2172 1114 erant
2201 1057 2471 1132 discipuli
2505 1063 2866 1132 congregati,
2904 1069 3149 1133 propter
3184 1069 3404 1119 metum
3434 1061 3661 1116 Judae-

2002 1164 2133 1204 rum
2161 1170 2174 1202 :
2198 1149 2354 1206 venit
2372 1149 2558 1215 Iesus,
2579 1152 2848 1224 stetitque
2859 1154 2917 1208 in
2934 1153 3147 1215 medio.
3161 1157 3214 1209 et
3236 1151 3321 1209 ait
3345 1152 3468 1208 illis
3492 1168 3505 1206 :
3526 1152 3660 1209 Pax

2005 1237 2185 1294 vobis.
2213 1238 2476 1310 Cumque
2494 1239 3131 1306 hocdixisset,ostendit
3154 1241 3232 1298 eis
3252 1257 3464 1298 manus
3480 1255 3553 1298 ac
3577 1241 3660 1296 la-

2005 1332 2098 1382 tus
2116 1341 2311 1384 suum.
2345 1328 2542 1386 Gavisi
2559 1337 2690 1386 sunt
2722 1345 2858 1401 ergo
2887 1330 3172 1401 discipuli
3202 1331 3324 1388 viso
3345 1330 3594 1386 Domino
3614 1330 3656 1382 ¹.

2070 1574 2448 1634 Manifestum
2485 1582 2572 1634 est
2606 1578 2830 1652 itaque,
2868 1578 3036 1651 quod
3073 1577 3465 1650 postmodum
3502 1577 3662 1635 abie-

1998 1669 2140 1720 runt
2157 1667 2217 1721 in
2239 1665 2564 1725 Galilaeam.
2587 1669 2711 1724 Non
2733 1672 2933 1724 autem
2961 1667 3241 1724 mentitus
3261 1671 3347 1723 est
3367 1665 3657 1734 Christus,

1999 1754 2166 1826 quod
2205 1755 2379 1812 stulte
2417 1755 2562 1813 dixit
2593 1761 2866 1829 Apostata
2895 1756 3185 1821 Julianus,
3225 1755 3398 1829 quasi
3439 1756 3661 1828 promi-

1923 1873 1966 1929 Β
2002 1842 2147 1898 serit
2169 1859 2232 1900 se
2261 1843 2321 1899 in
2349 1842 2590 1901 Galilam
2617 1845 2940 1900 videndum
2973 1861 3126 1911 esse,
3158 1849 3216 1900 et
3240 1844 3658 1916 Hierosolymis

2001 1947 2065 1988 se
2091 1931 2175 1988 eis
2213 1931 2539 1989 videndum
2573 1933 2912 2006 praebuerit.
2955 1933 3070 1990 Sed
3110 1939 3166 1990 et
3203 1933 3318 1989 hoc
3347 1933 3662 2006 complevit

2001 2020 2384 2092 promissum,
2428 2023 2594 2078 visus
2631 2021 2711 2079 ab
2740 2021 2822 2079 eis
2854 2022 3236 2096 postmodum
3275 2023 3334 2078 in
3375 2021 3656 2090 Galilrea;

1999 2108 2249 2167 donavit
2271 2116 2473 2168 autem
2503 2115 2559 2168 et
2587 2111 2834 2170 alteram
2861 2112 3135 2181 gratiam,
3166 2111 3336 2185 prius
3365 2112 3451 2168 eis
3478 2127 3658 2184 appa-

1997 2212 2136 2254 rens
2165 2198 2610 2273 Hierosolymis,
2634 2206 2696 2256 ut
2725 2205 2782 2256 et
2806 2216 3125 2258 mmrorem
3145 2215 3352 2257 eorum
3381 2199 3652 2267 solveret,

1998 2292 2056 2344 et
2091 2287 2413 2345 mulierum
2453 2289 2638 2345 verba
2676 2289 3068 2354 conﬁrmaret,
3109 2288 3511 2362 aliorumque,
3549 2287 3656 2362 qui

1997 2392 2137 2432 eum
2177 2376 2447 2434 viderant
2475 2383 2800 2452 postquam
2839 2383 3262 2436 resurrexerat.

2070 2465 2374 2524 Matthasus
2397 2482 2540 2537 ergo
2557 2468 2836 2540 praeteriit
2850 2483 2921 2524 ea
2941 2484 3075 2541 quas
3097 2466 3444 2524 acciderunt
3462 2465 3656 2524 donec

1999 2553 2224 2612 abirent
2261 2553 2537 2628 discipuli
2576 2556 2638 2612 in
2686 2556 3028 2624 Galilaeam;
3068 2557 3261 2613 caeteri
3303 2571 3442 2612 vero
3481 2571 3655 2613 evan-

1998 2643 2228 2716 gelista;
2265 2644 2445 2700 etiam
2474 2643 2574 2702 illa
2602 2645 3120 2718 conscripserunt;
3154 2647 3380 2702 Marcus
3417 2645 3656 2717 quidem

1998 2732 2278 2802 brevius;
2311 2733 2504 2790 Lucas
2531 2737 2734 2791 autem
2759 2734 2971 2801 latius;
3003 2735 3262 2791 Joannes
3284 2749 3427 2790 vero
3457 2732 3657 2791 adhuc

2001 2821 2213 2878 fusius.

2070 2930 2235 2988 Vers.
2280 2930 2366 2984 l6.
2397 2929 2468 2986 In
2497 2961 2566 2972 —
2593 2928 2778 2987 Iesus.
2825 2931 2895 2986 In
2924 2946 3041 3002 quo
3071 2929 3372 2986 constituit
3403 2928 3504 2995 eis,
3545 2929 3657 2986 hoc

1997 3021 2106 3083 est,
2147 3016 2253 3074 Ubi
2293 3033 2400 3091 per
2437 3017 2719 3075 mulieres
2775 3020 3056 3092 praecepit
3095 3019 3181 3076 eis
3221 3024 3285 3076 ut
3321 3018 3660 3092 proﬁcisce-

1995 3111 2217 3172 rentur,
2250 3107 2405 3163 sicut
2441 3107 2792 3180 praedictum
2825 3113 2953 3174 est;
2995 3107 3088 3164 vel
3127 3107 3230 3164 ubi
3271 3107 3544 3181 promisit
3570 3107 3656 3164 eis

284 3207 369 3256 ὅτε
435 3201 561 3271 εἶπε,
635 3207 747 3279 (l5)
824 3213 968 3262 Μετὰ
1048 3215 1106 3264 τὸ
1191 3211 1466 3287 ἐγερθῆναί
1502 3195 1601 3288 ’.με
1676 3215 1885 3288 προάξω

2009 3195 2244 3270 quando
2270 3195 2417 3252 dixit
2448 3213 2460 3251 :
2496 3197 2822 3266 Postquam
2851 3202 3043 3252 autem
3073 3211 3474 3262 resurrexero,
3499 3211 3655 3266 prce-

284 3295 420 3365 ὑμᾶς
461 3294 532 3357 εἰς
589 3300 678 3355 τὴν
723 3297 1019 3358 Γαλίλαίαν,
1077 3302 1176 3354 Καὶ
1213 3307 1316 3374 μὴν
1351 3304 1420 3366 εἰς
1463 3305 1560 3363 τήλ
1610 3305 1885 3358 Γαλιλαίαν

286 3383 401 3455 (16)
455 3382 669 3448 έτάξατο
726 3386 902 3450 αὐτοῖς
951 3393 1278 3464 πορευθῆναι,
1331 3398 1449 3468 περὶ
1496 3391 1557 3446 δι
1599 3403 1691 3448 τοῦ
1738 3396 1885 3469 ὄρους

286 3469 440 3525 οὐδὲν
497 3471 905 3547 ἀναγέγραπται.
971 3479 1109 3539 Πλὴν
1175 3480 1312 3545 εἰκὸς
1376 3484 1405 3542 ἦ
1475 3483 1632 3537 εἰπεῖν
1690 3485 1884 3550 αὐτοῖς,

287 3565 318 3619 ἦ
351 3565 585 3633 μηνύσαι
627 3569 716 3616 καὶ
755 3572 870 3640 περὶ
911 3571 1096 3622 τούτου
1129 3567 1222 3624 διά
1260 3579 1360 3624 τῶν
1397 3583 1677 3645 γυναικῶν,
1725 3575 1768 3628 εἰ
1796 3581 1886 3628 καὶ

285 3655 357 3721 μὴ
411 3649 818 3726 ἀναγέγραπται.
869 3654 1062 3720 Ἀλλως
1112 3678 1164 3712 τε
1213 3656 1272 3714 δι
1309 3662 1400 3714 καὶ
1444 3665 1662 3727 σύνηθις
1709 3664 1888 3726 αὐτοῖς

286 3736 348 3796 ἦν
408 3738 587 3793 έκειῖνο
660 3746 718 3794 τό
787 3743 921 3818 ὄρος.
996 3747 1136 3800 Ἐκεῖ
1194 3754 1296 3825 γὰρ
1353 3751 1586 3824 μάλιστα
1648 3749 1743 3807 διὰ
1793 3759 1887 3813 τήν

282 3829 524 3900 ἡσυχίαν
555 3830 846 3892 ηὐλίζοντο.

361 3922 463 3971 Καὶ
544 3915 740 3985 ἰδόντες
820 3954 891 3964 —-
971 3925 1132 3996 αὐτῷ.
1202 3925 1423 3993 Ἰδόντες
1499 3933 1674 4002 αὐτὸν,

279 4006 535 4082 προέλαϐε
561 4012 684 4084 γάρ.

356 4097 428 4148 Oi
475 4093 533 4149 δι
572 4094 878 4156 ἐδίστασαν,
927 4107 1073 4166 Tuis;
1119 4102 1179 4158 δι
1226 4107 1392 4160 αὐτῶν
1440 4108 1729 4168 ἐδίστασαν
1768 4121 1886 4170 moi

279 4184 471 4250 αὐτοῦ,
517 4185 820 4259 φοϐούμενοι
860 4195 954 4250 τὴν
999 4192 1217 4253 πλάνην.
1279 4203 1393 4274 Χρὴ
1457 4198 1517 4254 δι
1562 4208 1634 4275 μὴ
1689 4169 1883 4274 ξητείν,

275 4278 422 4336 τίνες
465 4271 597 4332 ἦσαν
640 4277 804 4331 οὗτοι·
855 4286 1208 4342 σεσιώπηνται
1426 4271 1580 4363 μόνον
1629 4289 1688 4347 δί
1732 4271 1885 4366 γινώέ

282 4381 450 4432 σχειν,
516 4365 593 4417 ότι
645 4372 735 4420 καὶ
777 4369 922 4422 οὗτοι
977 4372 1346 4444 προσελθόντος
1399 4380 1516 4449 (17)
1565 4365 1747 4447 αὐτοῖς
1785 4383 1889 4438 ἐϐε-

280 4449 616 4511 ϐαιὼθησαν.

1763 3934 1883 3990 ini"

361 4651 464 4742 καὶ
527 4645 611 4742 ini
664 4658 780 4720 γῆς.
840 4648 1036 4713 Ἐδόθη
1083 4676 1196 4729 μοι,
1251 4665 1430 4733 φησὶν,
1484 4667 1554 4727 ὡς
1611 4665 1886 4742 ἀνθρώπῳ,

284 4739 350 4795 ἣν
375 4732 542 4808 εἶχον,
574 4739 644 4801 ὡς
680 4743 828 4802 Θεὸς.

358 4931 691 5022 Πορευθέντες
764 4965 834 4974 -
917 4937 1055 4996 ἔθνη.
1136 4946 1210 5013 Τῇ
1291 4939 1502 5021 δοθείσῃ
1579 4969 1670 5022 μοι
1746 4950 1884 5016 ἐξου-

1995 3285 2197 3342 cedam
2222 3299 2322 3342 vos
2338 3287 2400 3340 in
2423 3285 2731 3342 Galilaeam
2752 3288 2794 3340 ³.
2809 3285 2986 3358 Atqui
3000 3285 3060 3341 in
3083 3285 3386 3342 Galilaeam
3406 3285 3653 3358 quidem

1995 3372 2296 3430 constituit
2318 3371 2434 3428 illis
2461 3379 2526 3428 ut
2549 3372 2812 3440 abirent;
2843 3373 2912 3429 de
2939 3378 3140 3430 monte
3167 3388 3308 3428 vero
3332 3371 3478 3428 nihil
3509 3371 3655 3429 scri-

1993 3467 2165 3535 ptum
2194 3467 2300 3519 est.
2329 3462 2651 3519 Verisimile
2675 3467 2763 3519 est
2780 3469 2978 3520 tamen
3004 3468 3059 3520 et
3079 3461 3155 3518 de
3174 3462 3290 3518 hoc
3315 3461 3404 3518 vel
3433 3461 3654 3518 dixisse

1995 3551 2130 3618 illis,
2157 3551 2429 3608 velnunc
2451 3565 2556 3624 per
2575 3550 2852 3608 mulieres
2877 3551 3268 3622 signiﬁcasse,
3297 3565 3652 3624 quanquam

1996 3641 2280 3714 scriptum
2325 3655 2450 3698 non
2489 3640 2582 3698 sit.
2627 3643 2910 3698 Prasterea
2963 3639 3272 3698 familiaris
3310 3639 3490 3696 etiam
3539 3637 3653 3696 illis

1997 3736 2124 3788 erat
2173 3746 2350 3788 mons
2381 3731 2522 3800 iste;
2579 3729 2664 3788 ibi
2711 3730 2873 3788 enim
2912 3735 3156 3804 propter
3208 3729 3471 3804 quietem
3528 3744 3653 3787 ma-

1995 3821 2157 3879 xime
2195 3821 2608 3878 versabantur.

2066 3931 2230 3986 Vers.
2280 3930 2367 3986 l6.
2422 3928 2684 4002 Cumque
2729 3929 3010 3986 vidissent
3047 3958 3115 3973 —
3167 3943 3321 3986 eum.
3377 3930 3525 3986 Cum
3572 3925 3657 3984 vi-

1995 4019 2224 4077 dissent
2251 4019 2418 4077 illum
2448 4019 2532 4076 ibi
2565 4036 2577 4076 :
2612 4035 2712 4076 eos
2741 4019 2902 4076 enim
2931 4019 3155 4076 ibidem
3176 4021 3584 4091 praecesserat.

2069 4113 2231 4166 Vers.
2249 4111 2334 4165 17.
2352 4110 2601 4178 Quidam
2624 4124 2762 4166 vero
2775 4109 3224 4167 dubitaverunt.
3241 4106 3496 4174 Quidam
3514 4121 3656 4163 vero

1996 4214 2206 4256 eorum
2257 4197 2684 4255 dubitaverunt
2721 4197 2796 4254 de
2842 4197 3000 4269 ipso,
3044 4197 3316 4252 timentes
3367 4209 3651 4250 errorem.

1996 4291 2122 4346 Non
2177 4291 2380 4344 autem
2417 4301 2682 4359 quaerere
2728 4291 2960 4358 oportet
2999 4285 3251 4357 quinam
3292 4283 3347 4338 hi
3397 4282 3654 4349 fuerint;

1998 4393 2142 4434 nam
2194 4375 2426 4433 silentio
2479 4375 2758 4448 preteriti
2822 4378 2979 4430 sunt.
3044 4371 3160 4429 Sed
3209 4371 3356 4427 scire
3420 4375 3654 4427 tantum

1997 4469 2252 4538 oportet,
2281 4464 2450 4537 quod
2465 4471 2520 4521 et
2539 4463 2622 4533 hi,
2643 4479 2781 4520 cum
2805 4461 3155 4520 accessisset
3173 4459 3252 4517 ad
3274 4459 3441 4532 ipsos
3458 4458 3652 4524 Jesus,

1919 4576 1968 4633 ι)
1999 4553 2337 4613 conﬁrmati
2366 4559 2526 4610 sunt.

2071 4667 2225 4720 Vers.
2269 4663 2355 4720 18.
2397 4662 2474 4718 Et
2502 4693 2571 4704 —
2607 4662 2667 4717 in
2707 4665 2890 4718 terra.
2926 4661 3072 4715 Data
3098 4663 3192 4714 est
3229 4655 3398 4723 mihi,
3438 4656 3653 4732 inquit,

1995 4760 2288 4830 tanquam
2337 4752 2591 4820 homini,
2630 4755 2898 4825 potestas
2947 4764 3134 4824 quam
3171 4747 3478 4806 habebam
3531 4752 3659 4806 tan-

1995 4861 2182 4920 quam
2216 4845 2389 4901 Deus.

2065 4953 2228 5010 Vers.
2263 4953 2350 5010 19.
2372 4951 2596 5009 Eunus
2613 4979 2680 4992 -
2699 4953 2915 5020 gentes.
2936 4947 3000 5004 In
3023 4946 3165 5004 data
3185 4946 3333 5004 mihi
3362 4949 3655 5020 potestate

284 5022 384 5091 σίᾳ
414 5019 730 5108 θαρροῦντες.
766 5025 943 5078 Πάντα
985 5026 1101 5100 (l8)
1133 5025 1192 5083 δε
1220 5033 1285 5084 τὰ
1323 5034 1439 5094 ἔθνη
1480 5019 1664 5108 Isim-.3»,
1704 5047 1794 5096 καὶ
1823 5047 1882 5097 τό

2009 5043 2279 5100 iduciam
2304 5042 2615 5099 habentes.
2660 5019 2867 5095 Dicens
2908 5040 3109 5094 autem
3155 5058 3168 5091 :
3205 5019 3406 5093 Omnes
3435 5043 3652 5107 gentes,

279 5116 387 5160 τῶν
431 5106 674 5183 Ἑϐραίων
716 5117 860 5184 γένος
903 5111 1154 5175 ἐδήλωσε.
1212 5125 1313 5174 Καὶ
1363 5127 1508 5198 παρά
1552 5106 1876 5208 τῷὝΜάρκῳ

357 5263 406 5298 ’³
438 5263 613 5320 Marc.
643 5281 762 5333 xvi,
795 5266 864 5322 14
883 5288 897 5334 ;
929 5267 1071 5326 Luc.
1098 5286 1258 5340 xxiv,
1291 5278 1379 5333 36.

1494 5281 1512 5318 ¹
1541 5282 1712 5342 Joan.
1744 5303 1848 5356 xx,
1880 5290 1969 5357 19,
2000 5290 2095 5349 20.

1989 5133 2174 5191 etiam
2221 5131 2607 5189 Hebraeorum
2662 5143 2853 5200 genus
2909 5124 3290 5198 signiﬁcavit.
3349 5125 3654 5198 Siquidem

2207 5290 2230 5324 ³
2255 5285 2455 5344 Matth.
2487 5298 2645 5352 xxvi,
2671 5283 2762 5338 32.

1513 5407 1731 5481 Varias
1759 5413 2090 5485 lectiones
2122 5422 2189 5481 et
2216 5421 2421 5480 notas.

499 5535 831 5618 ξυνηγμένοι,
862 5548 974 5607 pro
1008 5539 1462 5618 συνηθροισμένοι.
1495 5548 1562 5618 Α,
1592 5558 1770 5613 recte.

383 5603 472 5676 14)
511 5603 729 5676 Horum
760 5603 894 5662 loca
917 5607 1101 5665 modo
1131 5603 1335 5671 notata
1363 5624 1521 5676 sunt.

353 5673 473 5749 (15)
508 5681 626 5749 ςρτι
664 5673 985 5749 interponit
1020 5683 1087 5736 A.

353 5745 471 5818 (ιδ)
508 5746 630 5816 me,
660 5745 978 5822 interponit
1002 5752 1070 5806 A.

2075 5557 2191 5630 (I7)
2238 5552 2618 5630 Προσελθόντες
2651 5554 2718 5618 Α,
2785 5547 2962 5608 male.
3009 5549 3399 5626 Προσελθόντος,
3441 5544 3649 5607 δηλαδὴ

1992 5625 2093 5684 τοῦ
2109 5625 2294 5687 Ἰησοῦ
2319 5625 2517 5689 αὐτοῖς.

2069 5702 2183 5774 (18)
2214 5703 2294 5768 Δί,
2327 5697 2546 5757 omittit
2565 5698 2630 5752 A.
