4188 6444
571 380 678 435 759

572 505 788 577 pulum
837 503 1104 561 vicerunt
1139 503 1435 578 pecuniae,
1494 501 1682 558 multo
1737 501 1932 571 magis
1990 499 2220 556 milites.
2254 500 2299 553 A

571 595 714 649 Vere
753 593 952 665 itaque
992 609 1283 664 magnum
1335 598 1421 649 est
1462 591 1687 647 malum
1729 590 1999 663 pecuniae
2031 605 2221 654 amor,

571 686 629 738 et
659 697 1018 753 magnorum
1049 699 1236 739 causa
1275 681 1593 738 malorum.
1638 680 1989 735 Sermonem
2025 684 2226 734 autem

571 769 944 840 divulgatum
975 771 1136 837 dicit,
1178 771 1344 845 quod
1386 770 1543 826 furto
1589 768 1859 825 sublatus
1905 768 1980 824 sit
2029 769 2222 830 Jesus,

570 859 758 916 Lucas
783 875 922 916 vero
953 860 1023 917 de
1055 860 1408 917 mulieribus
1439 858 1554 916 ait:
1589 859 1666 915 Et
1694 871 2000 915 reverscea
2021 871 2228 912 monu-

572 955 768 1006 mento
818 951 1253 1007 nuntiaverunt
1313 950 1436 1006 hac
1488 947 1689 1004 omnia
1746 946 1886 1016 ipsis
1931 946 2226 1010 undecim,

571 1038 908 1110 caterisqm
925 1040 1195 1096 omnibus
1207 1041 1276 1106 οι,
1295 1036 1568 1094 videlicet
1590 1035 1985 1109 septuaginta.
2011 1035 2229 1090 Deinde

574 1133 887 1184 enumerat
913 1143 1016 1184 eas
1039 1128 1245 1184 dicens
1280 1146 1293 1184 :
1324 1126 1509 1184 Erant
1538 1133 1732 1183 autem
1761 1125 1963 1182 Maria
1990 1125 2230 1194 Magda-

576 1217 727 1286 lene,
757 1221 811 1272 et
838 1217 1095 1286 Joanna,
1135 1222 1190 1274 et
1235 1216 1430 1275 Maria
1471 1215 1698 1280 Jacobi,
1732 1230 1804 1271 ac
1847 1219 2067 1271 (rectene
2099 1229 2232 1286 quae

575 1321 709 1362 cum
747 1305 828 1362 eis
865 1311 1060 1372 erant,
1091 1321 1226 1377 quae
1263 1305 1535 1362 dicebant
1565 1305 1646 1361 ad
1682 1305 1966 1374 apostolos
2006 1303 2118 1358 hac
2158 1305 2227 1354 η.

574 1394 792 1450 Verum
824 1395 1129 1452 Matthaaus
1157 1395 1404 1467 quidem
1443 1394 1684 1451 Mariam
1728 1392 2134 1465 Magdalenen,
2177 1397 2234 1448 et

577 1483 762 1540 Maria
805 1483 1011 1539 Jacobi
1063 1490 1119 1539 et
1162 1485 1299 1539 Jose
1344 1483 1703 1554 conscripsit
1747 1485 1842 1538 "z
1895 1497 2013 1537 non
2059 1480 2233 1554 quasi

577 1571 756 1636 solas,
785 1571 889 1627 sed
917 1576 1207 1646 tanquam
1238 1573 1466 1628 caeteris
1493 1587 1629 1646 qua:
1658 1587 1798 1627 cum
1837 1570 1921 1626 eis
1951 1575 2120 1626 erant
2149 1569 2234 1625 in-

576 1660 865 1733 signiores
883 1676 897 1727 ;
913 1663 1140 1717 Marcus
1152 1665 1354 1718 autem
1365 1660 1544 1718 etiam
1557 1659 1913 1732 signiﬁcavit
1927 1658 2195 1716 Salomen
2219 1675 2232 1725 ;

580 1751 768 1806 Lucas
786 1765 926 1806 vero
945 1749 1222 1806 Salomen
1234 1749 1483 1823 quidem
1497 1749 1731 1822 absque
1750 1764 2032 1820 expresso
2048 1748 2236 1803 nomi-

580 1855 654 1897 ne
684 1838 936 1911 reliquit,
980 1837 1375 1896 manifestavit
1405 1843 1605 1895 autem
1633 1840 1954 1894 Joannem.
1990 1836 2236 1892 Addens

582 1943 720 1985 vero
740 1928 845 1984 :Et
862 1934 1086 1986 cetera
1099 1943 1372 2000 quaecum
1389 1928 1468 1985 eis
1485 1933 1681 1993 erant,
1697 1926 1992 1998 significat
2004 1931 2059 1982 et
2075 1925 2239 1982 Salo-

584 2031 745 2082 men,
773 2021 830 2073 et
856 2015 1314 2090 aliasquasdam
1334 2018 1402 2072 ⁸⁵.
1422 2019 1555 2073 Post
1575 2015 1798 2072 dictam
1820 2016 2018 2087 itaque
2034 2014 2238 2071 mulie-

583 2120 718 2161 rum
749 2105 1264 2161 enumerationem
1295 2120 1534 2161 rursum
1565 2104 1877 2175 ubjunxit
1909 2104 2130 2160 Lucas:
2161 2104 2238 2160 Et

585 2194 713 2252 visa
740 2200 879 2250 sunt
908 2209 1108 2251 coram
1138 2194 1258 2251 illis
1275 2199 1564 2266 (unquam
1585 2193 2041 2250 deliramentum
2064 2193 2240 2249 verba

583 2297 814 2352 earum,
845 2298 950 2340 nec
985 2283 1364 2340 crediderunt
1393 2283 1530 2354 ipsis
1569 2285 1637 2336 ".

656 2371 803 2428 Hinc
826 2387 971 2443 ergo
996 2377 1242 2428 sumunt
1261 2371 1515 2437 initium,
1538 2387 1673 2445 quae
1697 2369 1772 2427 de
1801 2369 1981 2428 Maria
2008 2371 2241 2439 Magda-

583 2462 716 2520 lene
738 2461 896 2518 solus
915 2462 1150 2534 scripsit
1173 2463 1455 2528 Joannes,
1482 2461 1661 2517 veluti
1693 2477 1764 2518 ea
1788 2476 2049 2533 quorum
2078 2459 2243 2532 apud

585 2552 846 2626 reliquos
877 2551 1040 2608 nulla
1068 2556 1156 2608 est
1185 2551 1336 2608 facta
1374 2552 1594 2608 mentio
1621 2553 1690 2603 ’⁷.
1735 2551 1887 2616 Quia
1913 2551 2072 2606 enim
2114 2550 2242 2606 visa

587 2647 726 2698 sunt
748 2656 954 2697 coram
973 2639 1258 2713 apostolis
1287 2645 1578 2712 tanquam
1610 2639 2072 2696 deliramentum
2105 2654 2239 2694 ver-

586 2729 670 2788 ba
697 2729 1062 2785 mulierum:
1109 2729 1244 2802 ipsa
1280 2729 1554 2799 cogitans
1598 2727 1754 2784 intra
1795 2745 1856 2784 se
1901 2729 2064 2801 quod
2110 2743 2243 2784 vere

590 2817 857 2890 deceptae
887 2822 1106 2883 essent,
1124 2816 1402 2890 quodque
1423 2833 1528 2889 per
1549 2817 1932 2890 phantasiam
1955 2817 2246 2873 vidissent

591 2921 729 2980 qua
769 2904 1059 2971 viderant,
1093 2909 1151 2961 et
1179 2905 1485 2962 audissent
1511 2921 1650 2978 qua:
1679 2905 1994 2962 audierant
2026 2905 2244 2977 (neque

594 2994 755 3051 enim
791 2993 958 3050 aliter
993 2998 1284 3068 tanquam
1332 2993 1795 3051 deliramentum
1837 2994 2248 3065 apparuissent

594 3081 1028 3141 cordatioribus
1065 3063 1140 3140 οἶ
1162 3083 1647 3156 sapientioribus)
1693 3098 1814 3140 non
1850 3063 2098 3156 quievit,
2142 3084 2246 3138 sed
2292 3063 2334 3121 ε

597 3173 729 3230 sola
740 3171 1008 3246 protinus
1019 3172 1098 3230 ad
1111 3177 1572 3230 monumentum
1591 3172 1869 3237 cucurrit,
1891 3188 2029 3228 cum
2049 3171 2249 3228 adhuc

595 3263 854 3321 tenebras
869 3266 1086 3330 essent,
1099 3263 1346 3336 opinata
1365 3261 1531 3335 quod
1562 3261 1762 3334 ipsum
1789 3261 2065 3317 clausum
2097 3263 2253 3316 esset

595 3357 918 3425 repertura.
941 3351 1163 3408 Videns
1193 3355 1395 3408 autem
1424 3350 1585 3426 quod
1617 3350 1889 3406 sublatus
1913 3355 2068 3406 esset
2093 3349 2248 3422 lapis

597 3458 634 3500 a
664 3445 1078 3506 monumento,
1123 3439 1271 3497 nihil
1312 3440 1583 3497 meminit
1624 3456 1855 3504 eorum,
1902 3455 2038 3511 quae
2085 3440 2250 3512 prius

597 3530 752 3588 facta
797 3529 1052 3597 fuerant,
1089 3534 1294 3602 utpote
1334 3528 1774 3586 renuntiatione
1813 3545 2001 3601 quam
2047 3528 2120 3584 de
2160 3528 2253 3583 his

598 3620 836 3688 fecerat,
853 3635 890 3676 a
905 3619 1213 3692 discipulis
1229 3619 1553 3690 reprobata
1579 3633 1592 3673 :
1611 3617 1921 3689 suspicata
1943 3625 2030 3672 est
2050 3621 2252 3674 autem

601 3708 1029 3780 transpositum
1081 3722 1211 3763 esse
1256 3722 1474 3778 corpus
1516 3722 1553 3763 a
1603 3706 1824 3777 Joseph
1872 3705 1934 3762 in
1979 3706 2255 3761 tutiorem

603 3797 824 3854 locum.
857 3796 1049 3852 Currit
1072 3810 1215 3865 ergo
1239 3800 1296 3852 et
1321 3797 1479 3851 venit
1500 3794 1580 3851 ad
1611 3795 1916 3852 Simonem
1947 3797 2180 3850 Petrum
2202 3800 2258 3850 et

606 3885 685 3942 ad
725 3883 911 3940 alium
947 3883 1310 3956 discipulum
1338 3898 1520 3956 quem
1561 3883 1844 3954 diligebat
1871 3885 2061 3950 Jesus,
2095 3889 2152 3938 ct
2180 3882 2260 3939 ait

606 3973 755 4030 illis:
795 3971 1086 4028 Tulerunt
1117 3971 1424 4028 Dominum
1445 3986 1638 4029 meum
1675 3972 1748 4028 de
1775 3977 2175 4042 monumento,
2203 3977 2258 4028 et

607 4062 900 4118 nescimus
926 4061 1030 4117 ubi
1061 4066 1382 4133 posuerunt
1429 4076 1583 4127 eum,
1629 4066 1763 4127 etc.,
1793 4077 1930 4134 quae
1982 4061 2260 4134 deinceps

608 4150 762 4208 facta
792 4153 952 4216 sunt,
985 4149 1132 4206 sicut
1162 4148 1400 4224 scripsit
1434 4150 1700 4206 Joannes
1725 4151 1794 4203 ³⁸.

683 4242 1161 4297 Demonstratum
1185 4243 1274 4296 est
1296 4239 1474 4308 igitur
1498 4255 1680 4296 unam
1703 4255 1832 4296 esse
1858 4238 2022 4310 apud
2050 4255 2262 4296 omnes
2295 4246 2341 4302 ι)

607 4329 1008 4401 evangelistas
1027 4328 1436 4399 concordiam,
1458 4333 1515 4385 et
1533 4344 1751 4402 corpus
1769 4328 2030 4384 histori
2047 4344 2262 4398 unum,

609 4419 792 4478 rebus
829 4419 1044 4476 scilicet
1079 4417 1456 4476 convenienti
1492 4418 1700 4475 ordine
1736 4418 2049 4474 enarratis.
2092 4418 2264 4484 Quod

610 4509 773 4566 enim
811 4508 908 4565 hic
950 4507 1318 4578 evangelista
1349 4507 1650 4580 prmteriit,
1679 4507 1791 4564 hoc
1819 4506 1914 4563 ille
1939 4507 2022 4563 ita
2059 4507 2266 4563 divina

613 4599 968 4670 disponente
997 4597 1188 4668 gratia
1215 4595 1385 4662 dixit,
1411 4600 1476 4652 ut
1503 4595 1680 4653 etiam
1711 4595 1853 4654 hinc
1879 4595 2265 4652 manifestum

617 4702 749 4742 esse
775 4685 978 4757 possit,
1009 4685 1170 4758 quod
1190 4701 1316 4742 non
1338 4701 1411 4742 ex
1436 4685 1769 4758 composito
1799 4689 1903 4741 aut
1925 4689 2098 4758 pacto
2121 4683 2268 4740 scri-

617 4773 866 4848 pserint.

692 4883 853 4938 Vere.
875 4881 963 4936 16.
1003 4881 1280 4938 Undecim
1309 4896 1444 4939 vero
1466 4913 1534 4922 —
1556 4882 1885 4938 Galilaeam.
1911 4882 2046 4938 Non
2068 4880 2267 4938 statim

621 4970 897 5027 abierunt
938 4968 1000 5026 in
1040 4969 1358 5036 Galilaaam,
1400 4970 1700 5044 siquidem
1742 4971 1801 5026 in
1831 4971 1964 5044 ipso
2008 4970 2106 5027 die
2147 4986 2268 5043 quo

693 5149 739 5185 ⁹¹
799 5147 940 5206 Luc.
991 5163 1152 5216 xxxv,
1219 5153 1272 5206 9.
1323 5151 1371 5186 ⁹²
1411 5147 1560 5206 Ibid.
1619 5150 1706 5205 10.
1762 5151 1810 5185 ’³
1867 5149 2064 5216 Matth,
2126 5164 2326 5214 xxviii,

623 5239 668 5274 ’⁷
699 5237 872 5296 Joan.
893 5253 994 5306 xx,
1028 5239 1248 5312 tseqq.
1326 5239 1374 5275 ”
1400 5237 1551 5295 Ibid.
1584 5238 1617 5293 2
1650 5253 1820 5310 seqq.

1893 373 2244 430 EUTHYMII
2283 371 2615 428 ZIGABENI

3842 374 3949 428 760

2335 500 2398 550 τά
2455 497 2700 571 ἀργύρια,
2740 497 2908 569 πολλῷ
2963 498 3153 570 μᾶλλον
3209 507 3308 550 τῶν
3370 506 3722 571 στρατιωτῶν.
3796 502 3950 569 Μέγα

2336 585 2422 640 οὖν
2470 591 2629 640 κακὸν
2671 591 2822 647 ὅντως
2872 591 2900 645 ἡ
2950 587 3285 660 φιλαργυρία,
3346 593 3437 638 καὶ
3479 587 3714 660 μεγάλων
3774 597 3948 638 κακῶν

2337 677 2497 731 αἰτία.
2557 681 2724 748 Λόγον
2774 673 2833 729 δὲ
2883 673 3306 749 διαφημισθέντα
3341 676 3498 748 λέγει,
3540 681 3627 729 τὸν
3689 682 3811 748 περὶ
3857 685 3948 728 τοῦ

2336 765 2596 824 κλαπῆναι
2651 765 2824 818 αὐτὸν.
2885 765 2942 817 Ὀ
3001 762 3060 819 δε
3105 772 3298 827 Λουκᾶς
3358 771 3475 838 περὶ
3522 774 3624 817 τῶν
3683 775 3949 837 γυναικῶν

2339 854 2493 920 εἶπεν,
2551 857 2632 908 ὅτι
2701 860 2801 908 Καὶ
2871 855 3272 930 ὑποστρέψασαι
3346 853 3446 907 ἀπὸ
3517 863 3611 908 τοῦ
3668 861 3945 928 μνημείου,

2337 943 2657 1016 ἀπήγγειλαν
2714 952 2879 996 ταῦτα
2925 946 3095 996 πάντα
3136 951 3245 1006 τοῖς
3299 941 3484 997 ἕνδεκα
3537 951 3628 996 καὶ
3665 951 3802 997 πᾶσι
3841 952 3952 1007 τοῖς

2337 1031 2558 1098 λοιποῖς,
2601 1037 2781 1105 ἤγουν,
2821 1039 2929 1095 τοῖς
2973 1031 3352 1106 ἑϐδομήκοντα.
3407 1034 3535 1086 Εἶτα
3575 1032 3954 1108 ἀπαριθμεὶται

2338 1125 2530 1183 ταύτας
2571 1121 2750 1193 λέγων’
2796 1121 2965 1174 Ἦσαν
3009 1121 3069 1174 δὴ
3127 1124 3154 1182 ᾖ
3214 1117 3543 1194 Μαγδαληνή
3601 1127 3805 1198 Μαρία,
3864 1128 3955 1176 καὶ

2341 1212 2572 1277 Ἰωάννα,
2615 1216 2704 1263 καὶ
2748 1216 2926 1283 Μαρία
2984 1211 3059 1282 (7)
3115 1212 3145 1268 ἠ
3205 1208 3482 1279 Ἰακώϐου,
3535 1215 3625 1264 καὶ
3672 1213 3728 1264 αἱ
3773 1211 3955 1265 λοιπαὶ

2345 1304 2438 1353 σὺν
2518 1300 2719 1370 αὐταῖς,
2819 1301 2872 1352 αἳ
2947 1300 3117 1372 ΰ.εγον
3209 1303 3338 1373 πρὸς
3416 1304 3538 1363 τοὺς
3632 1300 3956 1364 ἀποστόλους

2341 1397 2528 1444 ταῦτα.
2563 1389 2718 1442 ’Δλλά
2755 1391 3022 1451 Ματθαῖος
3074 1392 3162 1460 μεν
3206 1394 3408 1462 Μαρίαν
3456 1393 3550 1449 τὴν
3593 1387 3956 1462 Μαγδαληνην

2343 1483 2433 1531 καὶ
2480 1484 2686 1545 Μαρίαν
2734 1484 2828 1537 τὴν
2871 1488 2962 1531 τοῦ
3012 1477 3259 1531 Ἰακώϐου
3313 1484 3404 1531 καὶ
3448 1479 3601 1539 Ἰωσῆ
3646 1479 3952 1556 ἀνέγραψεν·

2345 1568 2450 1639 οὐχ
2499 1567 2562 1628 ὡς
2604 1572 2783 1640 μόνας,
2823 1567 2930 1619 ἀλλ’
2975 1571 3039 1628 ὼς
3068 1566 3447 1642 έπεσημοτέρας
3480 1576 3580 1621 τῶν
3608 1572 3701 1621 σὺν
3746 1568 3952 1628 αάταῐς⁶

2347 1659 2558 1731 Μάρκος
2617 1653 2676 1709 δε
2728 1661 2816 1709 καὶ
2865 1662 2958 1715 την
3035 1656 3280 1729 Σαλώμην
3327 1652 3576 1715 ἐδήλωσν
3627 1663 3833 1717 Λουκᾶς
3892 1654 3955 1710 δέ

2347 1752 2442 1805 την
2493 1749 2584 1818 μεν
2634 1745 2879 1817 Σαλώμην
2937 1745 3287 1818 ἀνονόμαστον
3346 1743 3553 1818 ἀφῆκεν,
3602 1743 3836 1803 ἐδήλωσε
3884 1743 3949 1798 δὲ

2351 1836 2428 1907 (8)
2481 1840 2576 1894 τὴν
2630 1835 2888 1890 Ἰωοὲνναν⁸
2949 1837 3196 1910 προσθεὶς
3247 1831 3321 1899 δί,
3371 1837 3450 1887 ὅτι
3505 1839 3602 1887 Καὶ
3650 1836 3705 1886 αἱ
3760 1833 3939 1886 λοιπαί

2353 1928 2446 1978 σὺν
2487 1924 2686 1987 αὑταῖς,
2730 1923 2957 1996 ἐνέφηνεν
2989 1924 3150 1982 αὐτὴν
3182 1943 3236 1976 τε
3269 1931 3356 1982 τῆν
3393 1922 3635 1995 Σαλώμην
3664 1926 3754 1974 καὶ
3782 1922 3940 1981 οἷλλας

2352 2015 2512 2076 τινάς.
2593 2016 2738 2067 Μετά
2804 2019 2977 2085 μέντοι
3051 2018 3144 2073 τὴν
3225 2013 3490 2087 εἰρημένην
3523 2020 3620 2064 τῶν
3687 2019 3949 2083 γυναικῶν

2354 2102 2737 2178 ἀπαρίθμησιν,
2799 2102 3030 2174 έπηγαγε
3104 2103 3256 2154 πάλιν
3329 2103 3354 2153 ὁ
3430 2106 3656 2163 Λουκᾶς,
3710 2102 3789 2152 ὅτι
3852 2103 3959 2152 Καὶ

2353 2192 2614 2266 έφοίνησαν
2643 2191 2853 2245 ἐνώπιον
2904 2193 3071 2244 αὐτῶν
3099 2198 3222 2245 ώσει
3246 2190 3399 2265 λῆρος
3429 2192 3495 2242 τά
3520 2191 3733 2265 ῥήματα
3765 2189 3958 2254 αὐτων,

2353 2288 2445 2335 καὶ
2471 2285 2727 2341 ἠπίστουν
2758 2281 2961 2344 αὑταῖς.

2428 2373 2689 2426 Ἐντεῦθεν
2747 2368 2835 2423 οὖν
2885 2373 3143 2446 ἄρχονται
3195 2372 3262 2422 τὰ
3313 2373 3432 2444 περὶ
3482 2372 3686 2441 Μαρίας
3743 2367 3820 2440 (9)
3867 2375 3968 2427 τῆς

2355 2457 2731 2533 Μαγδαληνῆς,
2779 2459 2814 2512 ἃ
2860 2465 3011 2533 μότος
3041 2461 3066 2512 ὁ
3107 2459 3346 2520 Ἰωάννης
3402 2460 3695 2533 ἱστόρησαν,
3756 2459 3826 2517 ὡς
3872 2460 3968 2508 καὶ

2355 2550 2490 2603 αὑτά
2548 2552 2657 2622 (l0)
2727 2554 2797 2622 μὴ
2871 2550 3284 2622 μνημονευθέντα
3363 2550 3508 2622 παρά
3576 2554 3686 2609 τοίς
3764 2545 3966 2606 ἄλλοις.

2355 2640 2497 2694 Ἐπεὶ
2543 2642 2644 2712 γὰρ
2713 2639 2972 2711 ἐφάνησαν
3026 2637 3238 2690 ἐνώπιον
3307 2645 3404 2689 τῶν
3469 2635 3769 2689 ἀποστόλων
3836 2637 3968 2689 ὡσεὶ

2355 2727 2519 2799 λῆρος
2587 2732 2651 2780 τά
2718 2730 2931 2803 ῥήματα
2993 2735 3093 2780 τῶν
3145 2735 3426 2799 γυναικῶν
3467 2727 3599 2784 αὕτη
3640 2725 3961 2796 λογισαμὲνη

2356 2818 2475 2870 καθ’
2552 2817 2760 2885 έαυτήν,
2839 2819 2920 2870 ὃτι
2987 2818 3140 2879 ὅντως
3211 2817 3577 2886 ἠπατήθησαν,

2357 2912 2546 2960 τασίαν
2611 2903 2844 2977 ἰδοῦσαι,
2912 2908 3014 2959 ὅσα
3080 2902 3237 2971 εἶδον,
3311 2911 3400 2957 καὶ
3472 2903 3794 2971 ἀκούσασαι,
3862 2904 3973 2954 ὅσα

3657 2816 3790 2866 κατά
3840 2832 3971 2885 φαν-

2359 3001 2613 3056 ἣκουσαν.
2670 2996 2729 3049 οὐ
2784 2999 2886 3070 γάρ
2932 2995 2992 3047 ἂν
3043 2999 3167 3048 ὡσεὶ
3223 2995 3376 3070 λῆρος
3439 3002 3607 3046 ταῦτα
3658 3001 3766 3055 τοῖς
3839 3011 3970 3044 συν-

2361 3090 2620 3161 ετωτέροις
2694 3084 2972 3158 έφοίνησαν·
3050 3084 3141 3136 οὐκ
3225 3084 3506 3158 ἠρέμησεν,
3587 3081 3693 3134 ἀλλ’
3772 3081 3976 3132 αὐτίκα

2361 3182 2490 3248 μόνη
2544 3172 2765 3250 ἔδραμεν
2826 3173 2909 3228 έπὶ
2951 3177 3010 3226 τὸ
3064 3181 3336 3247 μνημεῖον,
3379 3177 3594 3235 σκοτίας
3647 3174 3725 3224 ἔτι
3774 3175 3974 3239 οὔσης,

2361 3262 2720 3340 προσδοκῶσα
2775 3263 3127 3335 κεκλεισμένον
3208 3264 3368 3336 εὑρεῖν
3440 3263 3585 3314 αὐτόο
3671 3264 3972 3333 θεασαμένη

2363 3353 2423 3409 δε
2479 3359 2562 3408 τὸν
2615 3353 2754 3407 λίθον
2812 3355 3030 3428 ἠρμένον
3095 3351 3150 3404 ἐκ
3197 3360 3289 3405 τοῦ
3349 3356 3626 3424 μνημείου,
3669 3347 3820 3402 οὐδὲν
3873 3353 3976 3411 μὲν

2364 3445 2658 3518 ἀνεμνήσθη
2773 3451 2873 3495 τῶν
2975 3445 3443 3518 προγεγενημένων,

2363 3536 2660 3609 μασθείσης
2714 3540 2803 3594 τῆς
2871 3537 2986 3606 περὶ
3051 3531 3164 3604 (Η)
3242 3530 3408 3582 αὐτῶν
3477 3528 3797 3601 ἀπαγγελίας
3863 3529 3977 3580 ὑπὸ

2365 3633 2463 3677 τῶν
2521 3625 2786 3696 μαθητῶν·
2838 3619 3058 3694 omne;
3105 3618 3164 3673 δε
3210 3621 3482 3692 μετατεθεν
3527 3618 3640 3690 (12)
3697 3622 3754 3670 τὸ
3813 3626 3982 3690 σῶμα

2363 3716 2506 3786 παρά
2559 3719 2651 3764 τοῦ
2710 3710 2902 3783 Ἰωσὴφ
2960 3710 3031 3772 εἰς
3095 3713 3250 3761 τόπον
3317 3707 3717 3782 ἀσφαλέστερον.
3772 3711 3981 3780 Τρέχει

2367 3799 2475 3867 οὖν,
2522 3805 2613 3854 καὶ
2661 3803 2874 3873 ἔρχεται
2926 3801 3051 3874 πρὸς
3093 3803 3297 3871 Σίμωνα
3339 3801 3552 3872 Πέτρον,
3584 3801 3669 3848 καὶ
3715 3798 3840 3867 πρὸς
3868 3798 3976 3846 τὸν

2368 3891 2516 3944 ἄλλον
2574 3891 2830 3962 μαθητήν⁹
2873 3888 2926 3940 ὃν
2983 3887 3144 3960 ἐφίλει
3195 3888 3220 3939 ὁ
3269 3887 3497 3950 Ἰησους,
3551 3890 3640 3937 καὶ
3687 3883 3817 3955 λέγει
3868 3883 3977 3934 αὖ-

2374 3988 2488 4042 τοῖς·
2555 3980 2720 4053 Ἦραν
2768 3981 2851 4032 τὸν
2907 3980 3096 4052 Κύριον
3144 3975 3198 4029 έκ
3255 3984 3346 4029 τοῦ
3402 3980 3679 4048 μνημείου,
3732 3978 3819 4026 καὶ
3872 3973 3986 4025 οὐκ

2370 4067 2586 4142 οἴδαμεν
2607 4077 2707 4122 ποῦ
2733 4070 2920 4126 ἔθηκαν
2951 4066 3124 4120 αὐτόν.
3153 4070 3252 4119 Καὶ
3273 4067 3338 4118 τὰ
3363 4065 3481 4128 έξῆς
3506 4068 3803 4137 γεγόνασιν,
3833 4065 3912 4125 ὡς
3957 4065 3989 4116 ὁ

2370 4161 2609 4219 Ἰωάννης
2634 4157 2847 4233 ἔγραψε.

2444 4245 2712 4303 Δέδεικται
2774 4250 2942 4299 τοίνυν
3004 4244 3227 4317 ἁρμονία
3284 4248 3383 4316 μία
3459 4245 3602 4316 ποίρά
3667 4248 3800 4294 πᾶσι
3868 4250 4000 4302 τοῖς

2373 4338 2783 4410 εὐαγγελισταῑς,
2860 4340 2950 4388 καὶ
3024 4343 3176 4406 σῶμα
3255 4342 3351 4393 τῆς
3427 4334 3686 4405 ἱστορίας,
3767 4329 3834 4393 ἓν.
3896 4333 4003 4384 οἶοι

2371 4437 2471 4482 τῶν
2526 4429 2696 4502 ῥητῶν
2747 4427 2882 4478 κατὰ
2933 4429 3026 4483 τὴν
3082 4427 3454 4496 προσήκουσαν
3515 4421 3662 4484 τάξιν
3728 4419 4001 4492 ἑρμηνευ-

2375 4521 2578 4572 θέντων.
2627 4522 2692 4568 Ὀ
2735 4517 2836 4588 γὰρ
2882 4513 3028 4574 οὗτος
3064 4519 3293 4586 παρῆκεν
3333 4512 3359 4563 ὁ
3399 4509 3786 4582 εὐαγγελιοτης,
3817 4518 4005 4564 τοῦτο

2375 4607 2557 4668 έκεῖνος
2593 4605 2724 4660 εἶπεν
2759 4622 2771 4636 ·
2817 4604 2949 4657 οὕτω
2977 4612 3072 4664 τῆς
3103 4604 3237 4662 θείας
3274 4603 3498 4676 χάριτος
3532 4600 4006 4672 οἰκονομησοίσης,

2378 4701 2460 4752 ἶνα
2501 4696 2768 4750 κάντεῦθεν
2831 4697 2908 4752 έίη
2982 4689 3161 4756 δῆλον,
3231 4694 3301 4753 ὡς
3359 4689 3454 4743 οὐκ
3519 4689 3574 4742 έκ
3641 4691 4010 4762 συνθήματος

2377 4787 2633 4862 ἔγραψαν-

2449 4879 2516 4930 Οί
2567 4873 2626 4930 δὲ
2673 4871 2857 4930 ἕνδεκα
2913 4904 2968 4914 -
3048 4869 3343 4924 Γαλιλαίαν.
3397 4867 3506 4920 Οὐκ
3558 4867 3707 4929 εὐθὺς
3766 4866 4010 4943 έπορώ-

2381 4969 2567 5026 θησαν.
2604 4969 2705 5020 Καὶ
2746 4966 2846 5038 γὰρ
2891 4961 2939 5016 έν
2986 4962 3116 5034 αὐτῇ
3163 4967 3225 5033 τῇ
3277 4961 3465 5032 ἡμέρᾳ,
3520 4958 3636 5010 καθ’
3680 4958 3742 5016 ἣν
3787 4955 4007 5018 ἀνέστη

2773 3451 2873 3495 τῶν
2975 3445 3443 3501 προγεγενημένων,
3534 3443 3602 3501 ὡς
3710 3436 3976 3491 ἀποδοκι·

2389 5148 2514 5215 1,⁹⁸
2563 5148 2738 5203 Marc.
2794 5159 2909 5209 xxv,
2965 5141 3016 5197 1.
3067 5139 3207 5194 Luc.
3267 5154 3418 5194 xxxv.
3467 5140 3550 5193 io.
3601 5138 3650 5171 "
3692 5134 3838 5192 ibid.
3899 5139 4013 5197 11.

1843 5415 2067 5485 Variae
2097 5415 2424 5485 lectiones
2452 5423 2519 5483 et
2548 5423 2752 5482 notae.

692 5613 773 5685 (7)
799 5612 881 5685 Ἦ,
919 5612 1105 5685 abest
1119 5613 1197 5670 A.

716 5685 751 5739 8
805 5683 927 5752 καί,
967 5683 1136 5741 addit
1170 5686 1239 5740 A.

692 5683 775 5828 $9;
813 5760 1037 5828 Μαρίας,
1075 5755 1239 5814 abest

813 5760 1037 5832 Μαρίας,
1075 5755 1246 5814 abest
1279 5756 1346 5812 Α.

752 5613 775 5829 ξ

2451 5610 2566 5680 (ιο)
2603 5612 2707 5674 Μή,
2739 5604 3038 5680 omittitB.

2452 5678 2568 5823 ἕΗ)
2610 5683 2734 5753 Περὶ
2763 5678 2917 5730 αὐτόν
2948 5678 3018 5732 Α.

2477 5750 2566 5823 12)
2603 5750 2964 5804 Μετάτεθείναι
2988 5749 3018 5804 Α

2477 5750 2566 5824 12)
2603 5749 2964 5804 Μετάτεθείναι
2988 5749 3054 5804 Α.
