4188 6450
273 391 370 448 761
1146 391 1517 450 COMMENT.
1561 391 1630 446 IN
1668 384 2105 445 MA'I'I'HJEUM.
2147 419 2216 430 —
2255 388 2409 444 CAP.
2457 388 2706 444 XXVIII.

268 545 333 595 ἐκ
407 552 620 618 νεκρῶν,
693 547 836 617 ὤφθη
919 545 1112 612 αὐτοῖς,
1185 542 1332 598 οὖσιν
1425 547 1499 596 ἔτι

268 632 481 705 σαλήρι.
569 638 668 686 Καὶ
755 642 907 687 τοῦτο
982 634 1290 708 ἐμφαίνουσι
1360 637 1449 706 μὲν
1501 637 1592 684 καὶ

262 725 371 773 καὶ
451 727 681 784 Λουκᾶς.
769 728 1116 799 Φανερώτερον
1199 720 1258 776 δί

259 811 549 872 Ἰωάννης.
613 815 757 865 Μετὰ
828 816 930 886 γὰρ
988 817 1048 866 τὸ
1115 811 1444 885 ὑποστρέψαι
1499 813 1630 886 πρὸς
1696 808 1884 868 αύτούς

259 903 489 974 Μαρίαν
545 904 634 958 τήν
683 898 1059 973 Μαγδαληνὴ,
1119 906 1280 975 φησὶν
1346 902 1426 954 ὃτι
1487 899 1666 962 Ούσης
1731 897 1884 970 ὀψίας

259 996 343 1060 τῇ
400 989 571 1062 ἡμέρᾳ
617 987 802 1064 ἐκείνῃ,
860 999 923 1064 τῇ
984 997 1083 1064 μιᾷ
1140 999 1240 1044 τῶν
1289 989 1583 1057 Σαϐϐάτων,
1641 993 1731 1041 καὶ
1784 996 1884 1040 τῶν

262 1078 452 1151 Θυρών
553 1077 940 1152 κεκλεισμένων,
1039 1081 1168 1133 ὅπου
1264 1078 1399 1139 ἦσαν
1501 1081 1551 1131 οἱ
1648 1079 1883 1151 μαθηταὶ

1669 632 1882 704 Μάρκος

1341 725 1535 775 τούτων
1607 723 1881 792 ἱστόρησεν

265 1167 716 1242 θυνηθροισμένοι
799 1168 910 1240 (13)
993 1165 1087 1222 διὰ
1164 1172 1250 1222 τόν
1329 1168 1482 1242 φόϐον
1564 1175 1666 1220 τῶν
1747 1167 1882 1220 ’1ου-

264 1251 467 1321 δαίων,
538 1252 688 1314 ἦλθεν
741 1258 767 1310 ό
826 1257 1032 1320 Ἰησοῦς
1090 1263 1180 1311 καὶ
1236 1261 1360 1317 ἔστη
1437 1257 1508 1321 εἰς
1573 1260 1630 1310 τὸ
1701 1261 1879 1330 μέσον,

260 1349 370 1396 καὶ
424 1343 559 1416 λέγει
614 1345 807 1411 αὐτοῖς,
865 1346 1056 1421 Εἰρήνη
1113 1349 1260 1420 ὑμῖν,
1333 1351 1433 1400 Καὶ
1489 1353 1642 1400 τοῦτο
1704 1345 1878 1410 εἰπών,

263 1430 471 1498 ἔδειξεν
523 1434 705 1498 αὐτοῖς
750 1437 844 1498 τάς
891 1443 1080 1512 χεῖρας
1125 1441 1216 1490 καὶ
1259 1442 1353 1496 τὴν
1405 1436 1628 1511 πλευρὰν
1668 1438 1879 1509 Κύριον,

262 1528 368 1576 καὶ
397 1525 464 1575 τά
495 1522 579 1586 ἐξῆ
591 1545 633 1586 ς.

350 1612 512 1672 Δῆλον
552 1610 664 1682 οὖν,
705 1615 786 1666 ὅτι
820 1614 1034 1690 ὕστερον
1077 1614 1434 1690 ἰπορεύθησαν
1483 1615 1549 1677 εἰς
1587 1619 1682 1673 τήν
1722 1614 1879 1667 Γαλι-

267 1702 449 1755 λαίαν.
526 1702 638 1755 Ούχ
695 1701 950 1774 ὶψεύσατο
1027 1701 1105 1772 δέ,
1179 1707 1351 1768 καθὼς
1425 1703 1655 1767 ἀνοήτως
1718 1703 1880 1775 ἔλεγεν

272 1793 300 1843 ό
351 1789 660 1866 παραϐάτης
714 1791 1006 1856 Ἰουλιανός,
1056 1792 1104 1846 ἕν
1157 1802 1218 1866 τῇ
1280 1793 1528 1866 Γαλιλαίᾳ
1577 1797 1668 1867 μὲν
1713 1785 1881 1866 6356?,“-

270 1901 359 1932 ναι
422 1888 529 1942 τοῖς
576 1883 841 1954 μαθηταῖς
890 1883 1342 1957 ἐπαγγειλάμενος,
1401 1882 1450 1935 ἐν
1507 1883 1884 1956 Ἰεροσολύμοις

276 1966 336 2023 δέ
412 1972 621 2032 τούτοις
698 1969 891 2043 ὀφθείς·
963 1970 1071 2024 ἀλλ’
1138 1971 1404 2047 ἐπλήρωσε
1461 1975 1549 2044 μὲν
1624 1977 1714 2024 καὶ
1788 1977 1881 2032 τὴν

275 2062 526 2119 τοιαύτην
586 2058 915 2131 ἰπαγγιλίαν,
969 2061 1136 2135 ὀφθεὶς
1189 2062 1363 2124 αὐτοῖς
1419 2063 1634 2136 ὕστερον
1700 2060 1750 2114 ἓν
1815 2069 1876 2134 τῇ

277 2147 547 2221 Γαλιλαίᾳο
597 2145 904 2222 ἐδωρήσατό
941 2147 1000 2204 δί
1045 2157 1135 2204 καὶ
1173 2151 1346 2228 ἑτέραν
1393 2154 1575 2227 χάριν,
1620 2170 1882 2224 προεμφα-

279 2238 475 2298 νισθεὶς
525 2237 699 2301 αύτοὶς
745 2237 796 2291 ἐν
851 2238 1246 2314 Ἰεροσολύμοις,
1298 2242 1381 2294 ἵνα
1434 2246 1524 2294 καὶ
1579 2245 1672 2299 τὴν
1713 2239 1880 2299 λύπην

289 2323 460 2376 αὐτῶν
503 2325 648 2395 λύσῃ,
703 2331 790 2380 καὶ
834 2326 1103 2403 βεϐαιώσῃ
1159 2333 1276 2394 τούς
1325 2329 1509 2402 λόγους
1556 2339 1654 2384 τῶν
1701 2350 1880 2403 γυναι-

291 2421 413 2480 κῶν,
456 2419 658 2468 καὶτῶν
707 2415 872 2469 ἄλλων
914 2426 1014 2470 τῶν
1061 2415 1276 2472 ἰδόντων
1319 2420 1475 2472 αὐτὸν
1519 2420 1875 2496 ὶγηγερμένον.

359 2502 415 2554 Ὀ
439 2506 529 2575 μεν
571 2501 659 2556 οὖν
705 2509 970 2567 Ματθαῐος
1008 2515 1211 2582 παρῆκε
1249 2511 1314 2562 τὰ
1351 2513 1515 2582 μέχρι
1554 2517 1644 2562 τοῦ
1688 2529 1879 2582 πορευ-

283 2593 434 2650 θῆναι
481 2597 607 2656 τοὺς
650 2596 892 2668 μαθητάς
943 2597 1017 2660 εἰς
1063 2601 1157 2656 τὴν
1205 2597 1498 2651 Γαλιλαὶαν·
1546 2601 1596 2652 οἱ
1640 2595 1689 2652 δ’
1737 2597 1883 2651 ἄλλοι

274 2681 646 2754 εύαγγελισταὶ
709 2690 799 2738 καὶ
857 2693 1023 2739 ταῦτα
1078 2687 1406 2763 συνέγραψαν
1468 2689 1600 2760 (14)·
1669 2690 1884 2763 Μάρκος

271 2773 365 2842 μὲν
433 2771 819 2848 ἐπιτομότερονο
888 2781 1096 2838 Λουκᾶς
1167 2773 1246 2844 δε,
1311 2776 1646 2852 πλατύτερον·
1713 2778 1882 2832 Ἰωάνο

270 2879 364 2922 νης
399 2857 476 2927 δί,
510 2857 958 2938 διεξοδικώτεροδ.

348 2949 439 3010 Εἰς
501 2981 565 2992 -
625 2953 852 3014 Ἰησοῦς.
921 2954 999 3006 Οὗ
1060 2953 1273 3018 ἐτάξατο
1336 2955 1534 3024 αὐτοῖς,
1602 2955 1712 3010 ἀντὶ
1766 2966 1878 3024 τοῦ,

269 3038 446 3095 Ὀπου
522 3039 797 3095 ἐνετείλατο
875 3043 1050 3105 αὐτοῖς
1120 3041 1214 3098 διὰ
1287 3054 1387 3098 τῶν
1451 3056 1732 3118 γυναικῶν,
1818 3051 1882 3109 ὡς

270 3133 606 3202 προείρηται,
665 3133 1000 3205 πορευθῆναι·
1082 3137 1112 3193 ἤ
1174 3136 1302 3188 ὅπου
1361 3137 1624 3209 ὑπέσχετο
1681 3137 1879 3203 αὐτοῖς,

3547 389 3652 445 762

1582 540 1630 594 ἕῖν
1699 540 1880 612 Ἰερου-

2002 539 2309 595 resurrexit
2363 557 2400 597 a
2457 541 2706 598 mortuis
2750 541 2908 597 visus
2963 547 3052 598 est
3097 542 3202 607 eis,
3261 557 3396 598 cum
3453 547 3653 597 essent

1993 626 2192 683 adhuc
2219 628 2662 703 Hierosolymis.
2706 630 2773 686 Et
2805 632 2914 688 hoc
2953 647 3092 687 sane
3123 634 3346 688 Marcus
3375 635 3432 686 et
3463 630 3650 686 Lucas

1991 716 2313 772 ostendunt
2359 719 2406 752 ”
2444 738 2456 782 ;
2502 718 2870 775 [manifestius
2909 723 3112 776 tamen
3149 719 3240 774 his
3279 718 3515 790 scripsit
3557 720 3653 774 Jo-

1993 819 2201 860 annes.
2234 805 2554 879 Postquam
2584 807 2745 864 enim
2768 806 2845 863 ad
2867 807 3197 880 discipulos
3227 822 3466 863 reversa
3495 812 3654 863 esset

1994 893 2183 949 Maria
2211 894 2576 964 Magdalene,
2609 896 2691 952 ait
2721 913 2737 950 :
2780 895 2928 952 Cum
2959 902 3102 953 esset
3133 912 3259 952 sero
3296 895 3387 953 die
3415 895 3520 952 illo
3543 896 3654 968 qui

1992 989 2115 1038 erat
2151 999 2300 1038 unus
2335 983 2741 1051 Sabbatorum,
2783 991 2837 1042 el
2872 987 3028 1056 tores
3057 991 3237 1042 essent
3275 986 3508 1048 clauste.
3548 984 3654 1040 ubi

1993 1077 2162 1127 erant
2191 1071 2460 1144 discipuli
2495 1075 2857 1145 congregati,
2894 1081 3139 1145 propter
3175 1080 3394 1130 metum
3425 1073 3652 1128 Iudam-

1992 1177 2124 1218 rum
2151 1183 2163 1216 :
2188 1162 2344 1218 venit
2361 1162 2547 1228 Iesus,
2569 1165 2837 1237 stetitque
2848 1166 2908 1220 in
2925 1165 3204 1226 medio.et
3226 1163 3311 1221 ait
3335 1163 3458 1219 illis
3483 1179 3496 1218 :
3517 1163 3652 1220 Pax

1995 1250 2176 1307 vobis.
2203 1251 2466 1323 Cumque
2483 1252 3121 1318 hocdizisset,ostendit
3145 1253 3222 1310 eis
3242 1267 3455 1309 manus
3471 1267 3544 1309 ac
3567 1251 3651 1308 la-

1995 1345 2088 1395 tus
2106 1355 2300 1396 suum.
2335 1341 2532 1399 Gavisi
2549 1349 2680 1398 sunt
2712 1357 2848 1413 ergo
2877 1341 3163 1412 discipuli
3192 1343 3315 1399 viso
3336 1341 3585 1398 Domino
3605 1341 3648 1394 ¹.

2060 1587 2438 1647 Manifestum
2475 1594 2562 1646 est
2596 1591 2820 1664 itaque,
2858 1589 3027 1663 quod
3064 1589 3457 1662 postmodum
3493 1588 3654 1646 abie-

1989 1682 2131 1734 runt
2148 1680 2209 1734 in
2231 1678 2554 1737 Galilaeam.
2578 1682 2702 1736 Non
2725 1683 2925 1736 autem
2952 1679 3232 1735 mentitus
3252 1683 3339 1734 est
3358 1677 3649 1745 Christus,

1990 1766 2157 1839 quod
2196 1767 2370 1824 stulte
2407 1767 2553 1825 dixit
2583 1773 2857 1842 Apostata
2886 1768 3176 1833 Julianus,
3217 1767 3390 1840 quasi
3431 1767 3652 1840 promi-

1915 1886 1958 1942 Β
1994 1855 2138 1911 serit
2160 1871 2224 1912 se
2251 1855 2312 1912 in
2340 1855 2580 1913 Galiluea
2608 1857 2932 1913 videndum
2964 1872 3118 1923 esse,
3149 1860 3208 1912 et
3232 1855 3651 1928 Hierosolymis

1993 1960 2056 2000 se
2083 1944 2166 2000 eis
2204 1944 2530 2001 videndum
2565 1945 2904 2017 praebuerit.
2946 1945 3062 2001 Sed
3102 1951 3159 2002 et
3195 1945 3310 2001 hoc
3339 1945 3654 2017 complevit

1993 2032 2376 2105 promissum,
2420 2035 2585 2090 visus
2623 2033 2702 2091 ab
2732 2033 2814 2091 eis
2846 2033 3228 2108 postmodum
3268 2035 3327 2090 in
3367 2032 3649 2102 Galilma;

1991 2120 2240 2179 donavit
2263 2127 2464 2180 autem
2495 2127 2551 2179 et
2579 2123 2826 2181 alteram
2853 2123 3127 2193 gratiam,
3159 2122 3328 2196 prius
3358 2123 3444 2179 eis
3470 2138 3650 2196 appa-

1990 2224 2128 2266 rens
2158 2211 2602 2285 Hierosolymis,
2625 2218 2688 2268 ut
2717 2217 2774 2268 et
2798 2227 3117 2270 maerorem
3137 2227 3345 2269 eorum
3373 2210 3645 2278 solveret,

1991 2304 2049 2356 et
2083 2299 2405 2357 mulierum
2444 2300 2630 2357 verba
2668 2301 3060 2366 conﬁrmaret,
3101 2300 3503 2374 aliorumque,
3542 2299 3649 2373 qui

1989 2404 2130 2445 eum
2169 2388 2439 2446 viderant
2467 2395 2792 2464 postquam
2831 2395 3254 2448 resurrexerat.

2063 2477 2366 2536 Matthmus
2389 2493 2532 2549 ergo
2549 2480 2828 2552 praeteriit
2843 2495 2914 2536 ea
2933 2496 3068 2553 quin
3090 2478 3438 2536 acciderunt
3455 2477 3649 2535 donec

1991 2565 2217 2624 abirent
2254 2565 2528 2640 discipuli
2567 2568 2630 2624 in
2678 2567 3020 2636 Galilaeam;
3061 2569 3254 2625 caeteri
3297 2583 3436 2624 vero
3473 2583 3648 2625 evan-

1991 2655 2220 2728 gelista:
2258 2656 2438 2712 etiam
2466 2655 2566 2714 illa
2594 2656 3113 2730 conscripserunt;
3147 2659 3373 2714 Marcus
3410 2656 3649 2730 quidem

1991 2744 2272 2814 brevius;
2304 2745 2497 2802 Lucas
2524 2749 2726 2803 autem
2752 2745 2964 2813 latius;
2995 2746 3255 2803 Joannes
3277 2760 3420 2802 vero
3451 2743 3650 2802 adhuc

1994 2833 2206 2890 fusius.

2063 2941 2228 2999 Vers.
2272 2943 2358 2996 16.
2390 2941 2460 2997 In
2490 2972 2560 2983 —
2586 2940 2772 2999 Iesus.
2817 2943 2888 2998 In
2917 2957 3034 3014 quo
3064 2941 3366 2998 constituit
3396 2941 3497 3007 eis,
3539 2940 3651 2998 hoc

1990 3033 2098 3094 est,
2140 3028 2246 3086 Ubi
2286 3045 2393 3102 per
2429 3029 2711 3087 mulieres
2767 3031 3048 3104 prmcepit
3088 3031 3174 3088 eis
3215 3035 3278 3088 ut
3314 3030 3654 3104 proﬁcisce-

1989 3121 2210 3184 rentur,
2244 3119 2398 3175 sicut
2435 3118 2786 3191 przedictum
2818 3125 2946 3186 est;
2988 3119 3081 3176 vel
3120 3118 3223 3175 ubi
3265 3119 3537 3192 promisit
3564 3119 3650 3176 eis

273 3220 360 3270 ὅτε
428 3215 553 3283 εἷπε,
628 3219 740 3292 (15)
817 3225 961 3275 Μετὰ
1042 3227 1100 3276 τὸ
1186 3223 1460 3298 ἕγερθῆναί
1496 3206 1595 3299 -.με
1670 3227 1879 3300 προάξω

2002 3206 2237 3280 quando
2264 3207 2410 3264 dixit
2441 3224 2453 3263 :
2489 3209 2815 3278 Postquam
2843 3215 3036 3264 autem
3067 3222 3469 3273 resurrezcero,
3493 3223 3650 3278 prte-

274 3308 412 3378 ὑμᾶς
455 3307 525 3370 εἰς
581 3313 671 3367 τὴν
716 3309 1014 3370 Γαλιλαίαν.
1071 3313 1170 3366 Καὶ
1207 3319 1311 3385 μὴν
1346 3315 1415 3377 εἰς
1457 3316 1554 3374 τήλ
1604 3316 1879 3370 Γαλιλαίαν

275 3396 393 3468 (16)
447 3395 662 3461 ἐτάξατο
719 3399 895 3462 αὐτοῖς
944 3404 1272 3476 πορευθῆναι,
1326 3409 1444 3479 περὶ
1491 3401 1551 3458 δε
1593 3415 1685 3459 τοῦ
1732 3407 1880 3479 ὅρους

276 3482 432 3538 ούδεν
489 3484 899 3560 ἀναγέγραπται.
966 3491 1104 3550 Πλὴν
1169 3492 1306 3556 εἰκός
1371 3495 1400 3554 ἦ
1470 3494 1627 3548 εἰπεῖν
1685 3495 1878 3560 αύτοίς,

277 3579 309 3633 ἧ
343 3578 578 3646 μηνύσαε
619 3582 709 3629 καὶ
748 3585 864 3652 περὶ
905 3583 1091 3634 τούτου
1124 3578 1217 3635 διά
1255 3590 1354 3635 τῶν
1393 3594 1672 3656 γυναικῶν,
1719 3586 1763 3638 εἰ
1791 3591 1880 3638 καὶ

275 3668 349 3734 μὴ
403 3662 812 3738 ἀναγέγραπται.
862 3667 1056 3732 Ἀλλως
1107 3689 1159 3724 τε
1208 3667 1268 3724 δε
1304 3673 1396 3724 καὶ
1439 3675 1656 3736 σύνηθες
1703 3674 1882 3736 αὐτοῖς

277 3749 340 3810 ἦν
401 3751 580 3805 ἕκειίνο
653 3759 712 3807 τό
781 3755 916 3830 ὅρος.
991 3758 1132 3812 Ἐκεῖ
1189 3764 1290 3836 γὰρ
1348 3761 1580 3834 μάλιστα
1643 3759 1738 3817 διὰ
1787 3769 1882 3823 τήν

274 3842 517 3912 ἡσυχίαν
547 3843 840 3904 ηύλιζοντο.

353 3935 455 3983 Καὶ
537 3928 734 3997 ἰδόντες
813 3966 885 3976 —-
966 3936 1128 4008 αύτῷ.
1197 3935 1418 4002 Ἰδόντες
1494 3942 1670 4010 αύτόν,
1757 3943 1878 3998 insi”

274 4018 528 4094 προέλαϐε
555 4024 678 4096 γάρ.

349 4110 420 4160 Oi
469 4105 526 4161 δε
565 4106 874 4166 ἇδίστασαν.
922 4118 1068 4176 Τινὶς
1115 4112 1174 4168 δι
1221 4117 1387 4169 αὐτῶν
1435 4116 1724 4175 ἐδίστασαν
1763 4129 1882 4199 περὶ

275 4197 464 4263 αὐτοῦ,
511 4197 815 4270 φοϐούμενοι
855 4207 949 4261 τὴν
995 4203 1212 4263 πλάνην.
1274 4211 1388 4282 Χρή
1451 4205 1512 4262 δε
1557 4215 1629 4282 μὴ
1685 4197 1878 4280 ζητεέν,

272 4290 414 4348 τίνες
457 4283 591 4344 ἦσαν
634 4289 798 4342 οὗτοι’
850 4297 1203 4352 σεσιώπηνται
1247 4297 1370 4366 γάρ·
1421 4300 1574 4371 μόνον
1625 4296 1683 4353 δὲ
1728 4307 1881 4372 γινώο

278 4393 442 4443 σχειν,
509 4377 587 4428 ὅτι
640 4383 730 4432 καὶ
772 4380 917 4433 οὗτοι
972 4382 1341 4454 προσελθόντος
1395 4387 1512 4456 (17)
1560 4388 1736 4452 αύτοῖς
1780 4388 1884 4444 ἔϐε-

277 4461 483 4522 ϐαιώθη
493 4483 610 4520 σαν.

352 4663 456 4746 καὶ
521 4657 605 4712 ἰπὶ
658 4670 775 4731 γῆς.
835 4659 1032 4722 Ἐδόθη
1079 4685 1191 4738 μοι,
1247 4673 1426 4740 φησιν,
1481 4673 1551 4732 ὡς
1607 4669 1881 4746 ἀνθρώπῳ,

277 4751 340 4808 ἧν
366 4745 536 4820 εἶχον,
568 4751 639 4812 ὡς
675 4754 823 4812 Θεὸς.

348 4942 686 5016 Πορευθέντες
759 4975 829 4984 -
913 4947 1052 5005 ἔθνη.
1133 4953 1207 5021 Τῇ
1288 4945 1498 5026 δοθείσῃ
1576 4973 1667 5025 μοι
1741 4953 1880 5018 ἕξου-

1989 3297 2191 3354 cedam
2216 3311 2315 3353 vos
2332 3299 2393 3352 in
2417 3297 2724 3354 Galilwam
2746 3299 2787 3352 ³.
2803 3297 2979 3370 Atqui
2994 3297 3053 3352 in
3077 3296 3380 3354 Galilieam
3400 3297 3649 3370 quidem

1989 3383 2289 3441 constituit
2312 3383 2427 3440 illis
2455 3390 2519 3440 ut
2542 3384 2806 3451 abirent;
2836 3385 2906 3440 de
2933 3389 3134 3442 monte
3161 3399 3302 3439 vero
3327 3383 3473 3439 nihil
3503 3383 3650 3440 scri-

1987 3478 2160 3546 ptum
2189 3478 2295 3530 est.
2323 3473 2645 3530 Verisimile
2669 3478 2756 3530 est
2773 3480 2972 3530 tamen
2998 3480 3054 3530 et
3073 3473 3149 3530 de
3168 3473 3284 3529 hoc
3310 3471 3398 3529 vel
3427 3471 3649 3529 dixisse

1990 3561 2124 3628 illis,
2152 3561 2424 3618 velnunc
2445 3576 2550 3634 per
2569 3561 2846 3618 mulieres
2871 3562 3262 3633 signiﬁcasse,
3291 3576 3646 3634 quanquam

1991 3651 2275 3724 scriptum
2320 3666 2444 3708 non
2483 3651 2576 3708 sit.
2621 3653 2904 3708 Prasterea
2958 3650 3266 3708 familiaris
3305 3650 3484 3706 etiam
3534 3647 3648 3706 illis

1991 3745 2118 3798 erat
2167 3756 2344 3797 mons
2376 3741 2517 3810 iste;
2574 3739 2658 3798 ibi
2705 3741 2867 3798 enim
2906 3745 3150 3814 propter
3203 3740 3465 3814 quietem
3523 3754 3648 3797 ma-

1990 3831 2152 3888 xime
2189 3831 2602 3888 versabantur.

2061 3940 2224 3995 Vers.
2274 3939 2361 3996 16.
2416 3937 2678 4011 Cumque
2723 3938 3004 3996 vidissent
3041 3968 3110 3983 —
3161 3953 3316 3996 eum.
3371 3939 3520 3996 Cum
3567 3935 3652 3993 vi-

1990 4027 2218 4085 dissent
2246 4027 2412 4085 illum
2443 4027 2526 4084 ibi
2559 4045 2572 4085 :
2607 4044 2707 4084 eos
2735 4029 2897 4086 enim
2925 4028 3149 4085 ibidem
3171 4030 3578 4101 praecesserat.

2063 4120 2225 4174 Vers.
2243 4119 2328 4172 17.
2347 4118 2596 4186 Quidam
2619 4133 2756 4174 vero
2769 4118 3219 4175 dubitaverunt.
3235 4117 3492 4183 Quidam
3509 4131 3652 4172 vero

1991 4221 2200 4262 eorum
2252 4205 2678 4262 dubitaverunt
2715 4205 2790 4261 de
2836 4205 2994 4277 ipso,
3038 4205 3311 4261 timentes
3362 4219 3647 4260 errorem.

1991 4297 2117 4351 Non
2171 4298 2374 4350 autem
2412 4309 2676 4365 quaerere
2723 4299 2954 4365 oportet
2993 4293 3246 4364 quinam
3287 4291 3342 4346 hi
3392 4291 3650 4357 fuerint;

1993 4398 2137 4440 nam
2189 4381 2420 4438 silentio
2475 4382 2752 4454 praeteriti
2817 4385 2974 4437 sunt.
3039 4379 3155 4436 Sed
3204 4379 3352 4435 scire
3415 4383 3650 4436 tantum

1992 4474 2246 4543 oportet.
2276 4469 2445 4542 quod
2460 4477 2515 4526 et
2533 4469 2616 4538 hi,
2638 4485 2776 4526 cum
2799 4467 3150 4526 accessisset
3169 4467 3248 4525 ad
3269 4467 3436 4540 ipsos
3454 4467 3647 4532 Jesus,

1915 4580 1963 4636 ι)
1994 4559 2332 4616 conﬁrmati
2361 4564 2521 4615 sunt.

2065 4670 2220 4724 Vers.
2264 4668 2350 4724 18.
2392 4667 2468 4722 Et
2497 4697 2566 4709 —
2601 4667 2662 4721 in
2703 4670 2885 4722 terra.
2920 4667 3066 4721 Data
3093 4669 3188 4720 est
3224 4661 3392 4730 mihi,
3433 4663 3648 4738 inquit,

1990 4763 2283 4832 tanquam
2333 4756 2586 4823 homini,
2625 4759 2892 4828 potestas
2941 4769 3128 4828 quam
3167 4753 3472 4812 habebam
3525 4759 3654 4812 tan-

1990 4863 2178 4921 quam
2212 4847 2384 4904 Deus.

2061 4955 2224 5012 Vers.
2259 4955 2345 5011 19.
2367 4954 2590 5011 Euntes
2608 4981 2675 4994 —
2695 4957 2910 5022 gentes.
2931 4951 2996 5008 In
3018 4951 3160 5008 data
3180 4951 3328 5008 mihi
3357 4955 3650 5025 potestate

276 5035 374 5102 σία
405 5029 726 5106 θαρροῦντες.
763 5035 940 5087 Πάντα
982 5036 1099 5108 (18)
1131 5033 1190 5090 δὲ
1217 5039 1283 5090 τὰ
1320 5040 1436 5098 ἔθνη
1485 5041 1660 5110 εἰπών,
1700 5049 1877 5098 καὶτὸ

2002 5045 2275 5101 ﬁduciam
2300 5043 2610 5100 habentes.
2655 5041 2862 5096 Dicens
2903 5045 3104 5097 autem
3150 5061 3162 5094 :
3199 5039 3401 5097 Omnes
3430 5047 3647 5112 gentes,

273 5128 379 5172 τῶν
423 5117 670 5194 Ἑϐραίων
712 5126 857 5194 γένος
899 5120 1152 5183 ἐδήλωσε.
1210 5131 1311 5180 Καὶ
1360 5131 1506 5202 παρά
1549 5139 1622 5202 τῷ
1675 5135 1872 5209 Μάρκῳ

348 5275 398 5309 θ’
431 5275 608 5331 Marc.
638 5291 757 5343 xvn,
791 5276 860 5331 14
880 5297 894 5342 ;
927 5275 1068 5333 Luc.
1096 5293 1256 5346 xxiv,
1289 5283 1377 5338 36.

1491 5285 1510 5320 ¹
1538 5284 1710 5343 Joan.
1741 5303 1843 5356 xx,
1877 5290 1965 5356 19,
1996 5289 2090 5348 20.

1985 5134 2170 5192 etiam
2217 5131 2602 5190 Hebraaorum
2657 5145 2848 5200 genus
2903 5128 3285 5201 signiﬁcavit.
3343 5130 3650 5204 Siquidem

2203 5290 2226 5324 ³
2251 5284 2451 5344 Matth.
2483 5298 2640 5352 xxvr,
2665 5283 2756 5338 32.

1511 5408 1728 5480 Varias
1757 5412 2086 5484 lectiones
2118 5421 2185 5480 et
2213 5419 2417 5478 notas.

493 5545 828 5617 ξυνηγμὲνοι,
859 5556 972 5614 pro
1007 5544 1461 5617 συνηθροισμένοι.
1493 5549 1560 5617 Α,
1590 5557 1768 5612 recte.

374 5612 466 5677 14)
506 5612 725 5672 Horum
757 5612 891 5670 loca
914 5613 1100 5671 modo
1130 5612 1334 5674 notata
1363 5625 1520 5677 sunt.

347 5683 466 5757 (15)
502 5691 622 5737 Ὀτι
660 5683 983 5757 interponit
1019 5689 1085 5742 Α.

346 5755 465 5829 (16)
501 5757 626 5825 Mi»,
656 5755 976 5830 interponit
1001 5759 1069 5812 A.

2235 5550 2613 5641 ῐξροσελθόντες
2646 5553 2713 5617 Α,
2779 5549 2956 5608 male.
3004 5552 3395 5627 Προσελθόντος,
3437 5548 3645 5612 δηλαδὴ

1989 5634 2083 5681 τοῦ
2105 5627 2286 5685 Ἰησοῦ
2316 5627 2513 5687 αὐτοῖς.

2066 5699 2180 5770 (18)
2210 5700 2290 5765 Ai,
2323 5695 2541 5754 omittit
2561 5696 2626 5751 A.
