4188 6432
595 343 702 400 767

598 469 700 540 κγ’.
743 472 863 544 [lupi
891 475 984 520 τοῦ
1008 466 1220 539 τυφλοῦ.
1252 465 1414 537 (VIII,
1445 466 1559 537 22.)

599 553 707 615 κδ’.
748 562 874 630 Περὶ
957 564 1051 620 τῆς
1128 555 1176 609 ἂν
1245 559 1536 629 Καισαρείᾳ
1608 553 1995 630 ἐπερωτήσεως,
2087 553 2250 626 (VIII,

808 646 922 719 27.)
954 647 1059 701 ΜΘ.
1095 644 1193 717 λοί.
1220 651 1348 700 Λου.
1377 645 1481 699 κΘ’.

599 734 692 792 κε’.
735 742 862 811 Περὶ
939 743 1035 798 τῆς
1103 740 1566 808 μεταμορφώσεως.
1636 735 1749 805 (ΙΧ,
1833 733 1914 805 2.)
1982 733 2088 786 ΜΘ.
2150 727 2252 784 λό’.

815 831 945 879 Λου.
976 822 1036 878 λ’.

599 911 688 974 κς’.
736 918 863 987 Περὶ
930 921 1024 967 τοῦ
1090 913 1544 986 σεληνιαζομένου.
1629 913 1737 984 (ΙΧ,
1811 910 1920 983 Ill.)
1995 911 2095 967 ΜΘ.
2167 907 2251 965 λε’.

819 1010 950 1056 Λου.
981 1001 1081 1058 λα’.

601 1090 701 1152 κζ’.
746 1095 871 1164 Περὶ
968 1098 1069 1143 τῶν
1155 1087 1603 1162 διαλογιζομένον,
1690 1092 1771 1151 τίς

815 1179 935 1252 33.)
967 1181 1070 1235 M0.
1108 1178 1203 1240 λς.
1247 1186 1373 1234 Λου.
1405 1177 1509 1252 λβκ

602 1269 703 1329 κη’.
747 1273 872 1343 Περὶ
945 1277 1044 1322 τῶν
1111 1267 1565 1342 ἕπερωτησοίντων,
1662 1266 1705 1320 εἰ

819 1378 910 1411 σαι
941 1363 1034 1417 τήν
1061 1365 1304 1430 γυναῖκα.
1362 1360 1445 1425 (Χ,
1479 1358 1558 1429 1.)
1583 1358 1688 1411 ΜΘ.
1721 1356 1793 1428 μ’.

602 1447 698 1504 κΘ’.
742 1451 867 1520 [lupi
965 1455 1057 1499 τοῦ

817 1543 964 1593 σοῦν.
997 1536 1079 1608 (Χ,
1111 1536 1224 1602 17.)
1255 1537 1361 1593 ΜΘ.
1388 1535 1494 1608 μα’.
1531 1541 1656 1601 Λου,
1685 1533 1780 1606 ξγ’.

633 1625 692 1680 λ’.
736 1630 860 1699 Περὶ
889 1634 988 1677 τῶν
1015 1627 1138 1678 υίὼν
1167 1622 1448 1678 Ζιϐεδαίου
1478 1626 1567 1696 (X,
1742 1625 1846 1678 ΜΘ.
1881 1622 1990 1696 μοι’.

602 1714 704 1769 λα’.
749 1719 873 1790 Περὶ
904 1718 1248 1788 Βαρτιμαίου.
1275 1717 1362 1782 (Χ,
1389 1714 1504 1786 46.)
1536 1715 1641 1767 ΜΘ.
1676 1709 1784 1785 μδ⁷ο
1817 1718 1947 1767 Λου.
1976 1707 2078 1775 ξδ’.

1858 1087 2048 1162 μείζων
2141 1086 2252 1158 (ΙΧ,

1782 1266 1978 1329 ἔξεστιν
2065 1263 2228 1318 ἁπολύ
2241 1295 2253 1304 ·

745 1807 869 1877 Πιρὶ
915 1811 1007 1856 τοῦ
1072 1801 1266 1858 πώλου.
1336 1803 1448 1872 (XI,
1515 1802 1592 1873 I.)
1649 1803 1754 1858 ΜΘ.
1807 1800 1900 1874 με’.
1964 1805 2090 1854 Aw.
2152 1799 2252 1862 En'.
2289 1815 2330 1870 Β

819 1891 923 1946 Ὶω.
956 1891 1044 1946 ιδ’.

601 1981 699 2054 λοί.
742 1889 1044 2056 Rupit-’11:.
1112 1981 1456 2056 ξηρανθείσης
1522 1988 1684 2042 συκῆς
1765 1981 1876 2051 (XI,
1951 1979 2064 2052 12.)
2149 1979 2254 2034 ΜΘ.

601 2155 700 2214 λδ’.
745 2069 1300 2235 Πεζξέεμνησικακίας.
1333 2158 1446 2230 (XI,
1477 2159 1593 2230 25.)

600 2246 690 2300 λε’.
734 2253 860 2322 Περὶ
931 2256 1031 2301 τῶν
1114 2246 1550 2324 ἐπερωτησάντων
1642 2251 1723 2301 τὸν
1807 2250 1996 2321 Κύριον
2077 2245 2258 2322 ἀρχιε-

591 2347 600 2358 '
813 2340 941 2410 ρίων
1015 2341 1106 2389 καὶ
1167 2335 1548 2412 πρεσϐυτέρων.
1617 2336 1728 2408 (XI,
1790 2335 1905 2408 27.)
1973 2337 2079 2389 ΜΘ.
2147 2333 2253 2408 μαλ’.

816 2431 945 2479 Λον.
980 2425 1081 2479 κΘ’.

599 2513 689 2575 λς’.
733 2519 856 2587 Περὶ
953 2522 1045 2567 τοῦ
1146 2514 1460 2587 ἀμπιλὼνος.
1567 2514 1700 2586 (XII,
1806 2514 1884 2584 I.)
1986 2515 2092 2568 ΜΘ.
2195 2512 2254 2570 ν’.

819 2611 948 2658 Λου.
981 2604 1044 2656 o'.

674 2819 765 2872 23.
809 2814 890 2870 De
927 2831 1098 2872 caeco.

672 2907 762 2961 24.
803 2905 888 2960 De
925 2905 1385 2975 interrogatione
1408 2907 1471 2962 in
1504 2907 1794 2964 Cassarea.

669 2997 758 3050 25.
802 2995 886 3049 De
905 2994 1434 3064 trans/ormatione
1462 2996 1703 3052 Domini.

669 3085 757 3138 26.
805 3083 889 3140 De
921 3083 1182 3138 tunatico
1225 3083 1478 3142 habente
1504 3086 1774 3157 spiritum
1805 3093 2064 3145 mutum.

669 3173 758 3229 27.
796 3173 884 3230 De
905 3172 1363 3243 disputantibus,
1400 3176 1526 3248 quis
1562 3182 1700 3232 esset
1743 3180 1949 3246 major.

667 3262 758 3318 28.
801 3263 884 3318 De
957 3261 1050 3318 his
1101 3264 1207 3334 qui
1257 3265 1701 3336 interrogabant
1751 3267 2112 3326 Dominum:
2156 3269 2248 3325 An

599 3349 798 3408 ticeret
820 3365 953 3406 cum
977 3366 1164 3409 uxore
1195 3352 1521 3410 divortium
1547 3355 1772 3422 facere.

667 3442 754 3496 29.
796 3441 885 3497 De
906 3440 1090 3498 divite
1116 3442 1222 3512 qui
1249 3443 1560 3500 Dominum
1584 3445 2015 3516 interrogabat.

668 3528 758 3583 30.
801 3530 884 3584 De
910 3528 1047 3596 ﬁliis
1076 3530 1365 3588 Zebedari.

669 3620 698 3672 3
713 3621 729 3671 Ι
744 3658 757 3671 .
804 3618 886 3672 De
914 3617 1243 3674 Bartimzo.

673 3708 758 3760 32.
800 3704 881 3761 De
905 3706 1101 3773 pulto.

668 3794 759 3850 33.
806 3793 890 3849 De
911 3794 1030 3860 ﬁcu
1068 3809 1196 3864 quae
1222 3798 1474 3850 exaruit.

667 3879 757 3936 34.
805 3883 886 3937 De
913 3881 1209 3938 oblivione
1233 3883 1622 3952 injuriarum.

669 3972 755 4024 35.
793 3969 864 4024 De
885 3971 1348 4041 interrogantibus
1382 3973 1690 4039 Dominum,
1717 3974 1780 4030 In
1832 3992 1940 4047 qua
1982 3981 2254 4049 potestate

667 4164 759 4222 IN
763 4164 1155 4224 TERPRETA
1169 4167 1294 4224 ΤΙΟ
1329 4169 1384 4225 E
1397 4169 1489 4225 VA
1499 4169 1709 4227 NGEL
1722 4171 1783 4228 ΙΙ
1809 4171 1921 4228 MA
1933 4173 2082 4232 RUI.

667 4347 894 4402 Marcus
921 4345 1079 4402 ﬁlius
1129 4345 1236 4404 fuit
1292 4347 1508 4415 Maria,
1541 4365 1677 4421 quae
1706 4349 1766 4406 in
1799 4350 1982 4409 domo
2021 4368 2132 4410 sua
2164 4354 2258 4408 be-

1140 1445 1557 1521 ἕπερωτησαντος
1643 1445 1896 1498 πλουσίου
1983 1448 2070 1496 τὸν
2159 1444 2258 1502 Ίη-

1907 338 2257 398 EUTHYMII
2296 337 2629 395 ZIGABENI
3837 347 3928 404 768

2283 462 2327 518 Α
2361 461 2460 524 λζ’.
2506 467 2629 537 Περὶ
2708 472 2807 517 τῶν

2887 467 3317 540 ἐπερωτησάντων
3395 461 3489 518 διὰ
3567 469 3652 519 τὸν
3736 476 3923 528 κῆνσον.

2578 553 2708 624 (XII,
2742 554 2852 623 13.)
2881 557 2984 608 ΜΘ.
3016 553 3117 627 νβ’.
3154 560 3278 608 Αου.
3311 553 3406 608 οα’.

2360 638 2457 699 λη’.
2501 645 2624 713 Περὶ
2680 650 2780 694 τῶν
2839 638 3230 696 Σαδδουκαίων.
3290 643 3454 715 (XIII,
3508 645 3619 716 18.)
3672 645 3782 712 M’J',
3838 647 3922 720 η’.

2578 736 2708 783 Λου.
2741 728 2845 804 οβ’.

2360 816 2460 870 λΘ’.
2500 823 2626 892 Περὶ
2698 827 2791 873 τοῦ
2862 825 3225 896 Γραμματίως.
3287 821 3421 886 (XII,
3494 823 3607 895 28.)
3669 824 3777 878 ΜΘ.
3843 821 3923 878 ιδ’.

2578 914 2707 964 Λου.
2739 907 2829 962 λε’.

2398 995 2471 1067 μ’.
2516 1002 2636 1072 Περὶ
2716 1006 2807 1060 τῆς
2874 1003 2968 1051 τοῦ
3066 1002 3262 1072 Κυρίου
3338 997 3715 1074 ἐπερωτήσεως.

2575 1089 2692 1155 35.)
2720 1087 2829 1142 ΜΘ.
2859 1087 2942 1142 νε’.
2979 1094 3108 1142 Δου.
3139 1088 3233 1161 07'.

3812 1003 3922 1071 (XII,

2363 1173 2474 1247 μα’.
2516 1180 2640 1250 [lupi
2683 1183 2776 1239 τῆς
2826 1179 2894 1230 τὰ
2946 1173 3045 1230 δύο
3087 1176 3245 1230 λεπτὰ
3301 1176 3594 1251 βαλούσης.
3651 1181 3776 1248 (XII,
3826 1182 3924 1252 41.)

2581 1270 2710 1318 Λου.
2746 1261 2845 1317 οδ’.

2363 1350 2476 1425 μβᾌ
2517 1358 2640 1428 [lupi
2707 1353 3016 1415 συντελείας.
3083 1354 3238 1426 (XIII,
3315 1355 3394 1426 3.)
3476 1358 3581 1410 ΜΘ.
3662 1356 3748 1418 νζ.
3808 1363 3920 1411 Λου.

2577 1443 2664 1496 ou’.

2363 1529 2470 1603 μγᾌ
2514 1535 2638 1604 Περὶ
2689 1539 2783 1594 τῆς
2841 1534 3034 1606 ἡμέρας
3101 1537 3190 1585 καὶ
3246 1535 3404 1608 ὧρας.
3463 1535 3610 1606 (XIII,
3667 1537 3768 1605 32.)
3825 1537 3917 1588 ΜΘ.

2578 1639 2678 1677 νη.

2365 1704 2479 1781 pd".
2525 1714 2646 1777 [lupi
2713 1717 2807 1772 τῆς
2861 1708 3144 1782 uiui-Idan;
3201 1714 3287 1763 τὸν
3348 1714 3532 1786 Κύριον
3585 1715 3718 1785 μύρῳ
3769 1711 3908 1782 (XIV,

2579 1799 2658 1870 3.)
2687 1801 2792 1852 ΜΘ.
2825 1797 2926 1872 ξβ.
2963 1806 3091 1854 Λου.
3123 1800 3228 1853 κα’.
3259 1798 3361 1855 ἰω.
3391 1799 3481 1874 ιβ’.

2365 1886 2459 1960 με’.
2507 1891 2627 1962 Περὶ
2669 1896 2761 1941 τοῦ
2811 1891 3030 1962 Ποίσχα.
3099 1889 3262 1961 (XIV,
3329 1890 3429 1961 I2.)
3486 1891 3581 1943 ΜΘ.
3639 1888 3727 1961 ἔτ’.
3783 1892 3897 1940 Λου.

2581 1996 2668 2039 ος.

2365 2083 2470 2156 μς’.
2513 2089 2639 2159 [lupi
2698 2093 2790 2146 τῆς
2856 2081 3194 2162 παραδόσεωΰ
3263 2104 3551 2160 προφητεία
3616 2083 3756 2155 (ΧΠ,
3820 2086 3918 2149 I7.)

2367 2261 2474 2334 μζ.
2518 2170 2853 2337 Πεέἒθ’τξῖ’
2895 2261 3179 2340 ἀρνήσεως.
3261 2263 3425 2336 (XIV,
3502 2263 3612 2334 66.)
3674 2261 3770 2315 ΜΘ.
3851 2257 3923 2324 Ei.

2584 2359 2713 2406 Λου.
2746 2352 2842 2411 on'.

2367 2439 2474 2512 μετ’.
2519 2446 2644 2515 [lupi
2723 2450 2814 2504 τῆς
2890 2442 3150 2505 αἰτήσεως
3220 2448 3312 2495 τοῦ
3388 2447 3626 2514 σώματος
3695 2445 3780 2492 τοῦ
3843 2443 3932 2491 Ku-

2577 2535 2716 2605 ρίου.
2771 2531 2907 2602 (XV,
2939 2531 3052 2604 42.)
3094 2533 3199 2586 ΜΘ.
3242 2529 3341 2595 ξη’.
3389 2538 3520 2584 Λου.
3551 2527 3660 2604 πβᾍ
3708 2527 3803 2583 Ἰω.
3853 2524 3934 2585 ιη’.

2363 2744 2482 2802 haec
2513 2746 2667 2814 facis
2695 2750 2723 2803 ?

2430 2839 2516 2891 36.
2563 2835 2641 2889 De
2673 2836 2858 2892 vinea.

2428 2925 2515 2979 37.
2555 2925 2638 2980 De
2666 2925 2756 2982 his
2778 2924 2882 2998 qui
2909 2923 3362 2996 interrogabant
3404 2924 3707 2981 occasione
3735 2935 3932 2978 census.

2427 3013 2516 3068 38.
2558 3015 2640 3070 De
2673 3013 3034 3070 Sadduczis.

2427 3105 2516 3158 39.
2547 3103 2630 3160 De
2652 3103 2866 3160 scriba.

2285 3174 2328 3231 (ἶ
2426 3195 2513 3247 LO.
2561 3193 2640 3249 De
2669 3193 3135 3262 interrogatione
3166 3192 3419 3248 Domini.

2423 3281 2512 3336 41.
2558 3283 2640 3338 De
2662 3281 2844 3337 vidua
2875 3297 3001 3353 quas
3025 3281 3144 3337 duo
3174 3281 3404 3338 minuta
3437 3279 3678 3337 obtulit.

2427 3372 2514 3426 42.
2551 3372 2633 3426 De
2663 3371 3180 3427 consummatione.

2425 3459 2513 3514 43.
2561 3461 2644 3516 De
2689 3459 2784 3515 die
2811 3459 2915 3516 illo
2953 3463 3006 3515 et
3037 3459 3208 3516 hora.

2431 3549 2517 3604 44.
2565 3552 2644 3605 I)e
2670 3564 2739 3605 ea
2764 3564 2890 3619 quae
2921 3550 3078 3602 unxit
3114 3549 3422 3606 Dominum
3450 3553 3762 3617 unguento.

2429 3638 2517 3695 45.
2562 3639 2644 3694 De
2671 3638 2919 3694 Pascha.

2429 3730 2515 3784 46.
2556 3730 2640 3784 De
2672 3728 3004 3794 proditione
3033 3727 3390 3799 prophetica.

2429 3821 2516 3875 47.
2551 3818 2639 3873 De
2665 3817 2966 3887 negatione
2987 3816 3174 3874 Petri.

2433 3908 2518 3963 48.
2562 3909 2646 3964 De
2667 3906 2937 3978 petitione
2964 3908 3218 3979 corporis
3251 3905 3490 3964 Christi.

2366 4179 2700 4228 ΕΡΜΗΝΕΙΛ
2803 4179 2934 4226 ΤΟΥ
3036 4177 3210 4226 ΚΑΤΑ
3307 4177 3591 4225 ΜΑΡΚΟΝ
3695 4175 3959 4225 ΕΥΔΓΓΕ·

3079 4266 3256 4315 ΑΙΟΥ.

2437 4355 2645 4426 Μάρκος
2691 4353 2716 4404 ὀ
2771 4351 3163 4424 εὐαγγελιστης,
3211 4353 3320 4411 υίὸς
3373 4353 3466 4423 μιν
3513 4353 3698 4422 γίγονε
3743 4353 3958 4422 Μαρίας,

597 4434 776 4507 nigne
823 4435 1130 4508 apostolos
1184 4437 1532 4509 excipiebat.
1567 4438 1899 4496 Vocabatur
1944 4447 2146 4498 autem
2202 4446 2260 4499 et

2366 4451 2461 4504 τῆς
2509 4439 2897 4514 ὃεξιωσαμίνης
2937 4438 2986 4492 ἓν
3029 4447 3089 4512 τῇ
3151 4439 3338 4497 ἑαυτῆς
3385 4438 3526 4511 οἰκίᾳ
3573 4444 3696 4500 τοὺς
3753 4437 3961 4491 ἀποστό-

595 4523 875 4590 Joannes,
899 4525 1414 4595 quemadmodum
1447 4525 1504 4582 in
1541 4528 1700 4583 Actis
1731 4527 2144 4600 apostolorum
2173 4531 2260 4586 in-

2366 4531 2520 4593 λους·
2588 4529 2814 4583 ἕκαλείτο
2869 4527 2928 4582 δε
2975 4534 3065 4582 καὶ
3119 4530 3374 4593 Ἰωάννης,
3442 4530 3507 4589 ὡς
3565 4527 3614 4580 ἄν
3671 4534 3788 4590 ταῖς
3838 4526 3965 4600 Πρά-

597 4611 872 4667 venimus
898 4630 914 4668 :
943 4613 1172 4679 Petrus,
1200 4613 1414 4688 inquit,
1435 4617 1722 4686 recognita
1737 4619 1890 4674 venit
1915 4618 1997 4675 ad
2016 4619 2256 4676 domum

2368 4621 2478 4684 ξεσι
2531 4629 2631 4673 τῶν
2689 4618 2986 4672 ἀποστόλων
3034 4618 3361 4691 εὑρίσκομεν.
3424 4613 3654 4670 Συνιδὼν
3693 4621 3820 4690 γὰρ,
3871 4634 3964 4688 φη·

596 4701 807 4756 matris
840 4702 1102 4767 Joannis,
1146 4703 1248 4774 qui
1297 4705 1832 4774 cognominabatur
1861 4707 2127 4772 Marcus,
2159 4708 2258 4764 ubi

2368 4714 2472 4776 σίν,
2549 4711 2574 4761 ὁ
2648 4713 2836 4782 Πίτρος
2914 4704 3064 4779 ᾖλΘεν
3131 4705 3215 4760 ἐπὶ
3280 4709 3374 4765 τήν
3439 4705 3608 4758 οἰκίαν
3704 4715 3799 4768 τῆς
3877 4723 3968 4778 μην

595 4793 760 4845 erant
783 4790 961 4845 multi
982 4791 1320 4862 congregati
1374 4797 1426 4848 et
1481 4800 1714 4852 orantes
1746 4795 1788 4850 ί.
1820 4794 1886 4851 Ει
1909 4794 2067 4852 circa
2098 4796 2257 4869 prin-

2366 4801 2480 4874 τρὸς
2572 4799 2808 4850 Ἰωάννου
2895 4803 2986 4849 τοῦ
3073 4794 3476 4868 ἐπικαλουμένου
3571 4796 3822 4870 Μάρκου,
3913 4792 3968 4846 οὗ

595 4876 751 4952 cipia
770 4877 1016 4952 quidem
1037 4880 1392 4950 conjunctus
1409 4883 1800 4954 estBarnabaa
1820 4885 2120 4943 avunculo
2148 4903 2256 4942 suo

2367 4885 2501 4962 ᾖσαν
2589 4889 2754 4939 ἱκανοὶ
2847 4886 3280 4960 συνηθροισμένοι
3357 4888 3444 4936 καὶ
3526 4889 3965 4958 προσευχόμενοι.

595 4972 652 5024 et
681 4968 883 5037 Paulo,
917 4968 1083 5025 sicuti
1117 4969 1267 5026 liber
1286 4972 1568 5029 Actorum
1601 4977 1850 5030 testatur
1881 4977 1927 5040 ⁸,
1951 4978 2010 5031 et
2037 4975 2256 5032 Paulus

2369 4981 2470 5030 Καὶ
2535 4978 2806 5050 καταρχὰς
2871 4978 2962 5048 μὶν
3051 4977 3314 5027 συνείπετο
3381 4971 3641 5048 Βαρνάϐᾳ,
3715 4982 3794 5045 τῷ
3861 4974 3970 5041 Θείῳ

596 5056 652 5112 in
688 5055 962 5127 Epistolis
994 5057 1362 5116 mentionem
1386 5060 1517 5132 ejus
1541 5059 1784 5128 faciens,
1821 5062 1964 5120 utin
1993 5063 2258 5136 Epistola

2369 5066 2550 5132 αὐτοῦ,
2592 5070 2682 5117 καὶ
2711 5062 2920 5135 Παύλῳ,
2959 5065 3133 5124 καθὼς
3180 5064 3210 5121 ἧ
3265 5080 3320 5115 τε
3349 5060 3532 5135 βίϐλος
3575 5070 3678 5115 τῶν
3734 5061 3968 5138 Προίξεων

597 5145 676 5202 ad
714 5143 1101 5204 Colossenses
1118 5149 1160 5214 ².
1195 5154 1250 5204 et
1288 5147 1349 5206 in
1381 5149 1647 5208 secunda
1687 5150 1768 5208 ad
1791 5151 2164 5209 Timotheum
2198 5154 2247 5211 ⁸.

2370 5161 2624 5230 παριστᾷ,
2672 5157 2763 5206 καὶ
2816 5152 3035 5218 Παῦλος,
3089 5151 3140 5204 ἐν
3187 5149 3516 5214 Ἐπιστολαῖς
3558 5156 3776 5227 μνήμην
3821 5151 3972 5204 αὐτοῦ

669 5323 686 5360 ¹
719 5326 840 5380 Act.
873 5340 973 5394 xu,
1003 5327 1090 5384 12.
1169 5327 1189 5363 ³
1221 5328 1359 5386 Act.
1397 5344 1499 5395 xu,
1554 5333 1622 5387 23
1649 5346 1664 5398 ;
1696 5346 1793 5399 xv,
1819 5332 1910 5401 37,
1939 5337 2027 5392 39.
2105 5336 2128 5372 ³
2155 5337 2260 5395 σοι

2366 5378 2380 5392 .
2411 5351 2494 5404 1v,
2527 5335 2614 5391 10.
2693 5335 2714 5368 ⁴
2744 5333 2793 5389 ll
2820 5333 2972 5390 Tim.
3002 5348 3076 5400 ιν,
3115 5333 3209 5389 tt.

1956 5485 2522 5557 Varimlectiones
2561 5495 2628 5554 et
2656 5494 2858 5554 notas.

685 5668 746 5722 '0
764 5673 1020 5732 ommitit
1051 5676 1110 5732 Β.
1128 5675 1288 5737 Idem
1316 5693 1476 5748 mox,
1503 5684 1639 5755 post
1653 5679 1842 5750 οἰκίαν,
1863 5683 2147 5742 insertum
2175 5685 2260 5743 ha?

2379 5688 2606 5758 Μαρίας.
