4188 6484
310 406 433 469 769

1442 409 1811 468 COMMENT.
1854 411 1926 468 IN
1965 412 2291 470 MARCUM.
2331 442 2401 456 —
2439 414 2596 471 CAP.
2636 416 2678 469 Ι.

3606 419 3712 473 770

304 532 652 604 ποιούμενος,
713 540 776 605 τῇ
867 552 920 586 τε
974 538 1104 608 πρὸς
1162 534 1485 598 Κολασσαεῖς
1514 542 1603 588 καὶ
1673 544 1735 609 τῇ
1804 540 1931 612 πρὸς

2048 537 2259 594 Deinde
2305 554 2445 595 cum
2476 541 2641 595 Petro
2674 542 2873 597 Romae
2903 544 3292 597 conversatus
3337 545 3445 610 est,
3494 557 3702 615 quem-

304 621 575 692 Τιμόθεον
629 616 866 694 δευτέρου
931 619 1040 675 εἶτα
1087 631 1159 695 τῷ
1213 629 1388 699 Πέτρῳ
1431 633 1589 685 συνῆν
1641 624 1690 678 ἕν
1735 624 1925 698 Ῥώμῃ,

305 710 394 770 ὡς
441 711 472 767 ἡ
524 714 703 783 πρώτη
772 710 932 763 αὑτοῦ
980 712 1265 773 Ἐπιστολή
1318 710 1602 779 δείκνυσιν,
1658 714 1708 766 ἐν
1762 716 1792 787 ᾖ
1842 719 1931 767 καὶ

305 800 441 850 υἱὸν
473 798 634 850 αὐτοῦ
685 801 820 851 κατὰ
869 808 1071 875 πνεῦμα
1099 806 1186 854 τὸν
1232 804 1443 877 Μάρκον
1488 804 1633 864 οὗτος
1673 804 1927 876 ὠνόμασε,

310 886 460 961 παρ’
501 887 561 939 οὗ
590 892 681 940 καὶ
729 888 841 940 ὅλον
880 894 969 941 τὸν
1022 898 1113 943 τοῦ
1157 891 1472 964 Εὐαγγελίου
1518 891 1668 965 λόγον
1713 893 1739 944 6
1782 895 1931 967 Μάρ-

311 994 428 1036 κος
477 978 773 1049 μεμάθηκεν
818 977 917 1050 (2).
968 978 1184 1033 Ἔπειτα
1231 980 1595 1053 συνεγράψατο
1650 985 1709 1033 τὸ
1762 980 1935 1053 Εὐαγ-

312 1064 522 1136 γέλιον,
578 1067 648 1128 ὡς
702 1070 792 1138 μεν
837 1069 1035 1142 ἱστορεῖ
1089 1073 1178 1121 καὶ
1230 1069 1442 1142 Κλήμης
1493 1071 1519 1122 6
1576 1073 1931 1144 Στρωματεὺς,

314 1152 381 1205 ἓν
408 1153 541 1227 αὐτῇ
574 1162 636 1227 τῇ
685 1154 881 1229 Ῥώμη,
911 1159 1048 1209 κατὰ
1077 1153 1136 1211 δε
1188 1162 1275 1211 τὸν
1328 1163 1706 1234 Χρυσὸστομον
1738 1158 1837 1231 (3),
1884 1156 1932 1211 ἐν

315 1243 600 1316 Αἰγύπτῳ,
650 1244 1000 1320 παρακληθεὶς
1069 1247 1170 1300 ὑπὸ
1224 1256 1324 1299 τῶν
1380 1246 1482 1300 ἐκεῖ
1538 1257 1757 1313 πιστῶν,
1803 1251 1933 1321 μετά

317 1335 414 1391 ἔτη
446 1329 578 1385 δέκα
620 1343 714 1397 τῆς
767 1342 859 1387 τοῦ
906 1342 1143 1409 Σωτῆρος
1196 1333 1512 1408 ἀναλήψεως.
1567 1345 1828 1411 Συμφωυεί
1873 1334 1931 1390 δὲ

321 1429 402 1492 τῷ
459 1424 713 1494 Ματθαίῳ
763 1422 897 1486 λίαν,
946 1423 1079 1483 πλὴν
1132 1427 1252 1477 ὅσον
1291 1424 1473 1487 ἐκεῖνος
1530 1425 1643 1478 ἐστι
1685 1425 1932 1479 πλατύτε-

317 1528 433 1582 ρος.
468 1516 585 1585 Χρή
641 1508 709 1571 δή
759 1513 980 1566 καθόλου
1018 1519 1313 1586 γινώσκειν,
1356 1518 1424 1577 ὡς
1476 1518 1525 1567 οἱ
1566 1515 1932 1587 εὐαγγελισταὶ

324 1603 457 1652 ποτε
494 1604 586 1673 μὶν
634 1605 770 1654 κατὰ
815 1602 960 1666 τάξιν
1004 1601 1390 1676 ἀπαγγέλλουσι
1436 1607 1531 1667 τὰς
1581 1601 1932 1665 διδασκαλίας

323 1693 421 1740 καὶ
472 1692 537 1741 τὰ
594 1691 839 1762 θαύματα
893 1699 983 1743 του
1023 1697 1276 1765 Χρίστοῦ,
1329 1699 1469 1767 νόμῳ
1533 1696 1783 1769 ἱστορίας*
1841 1713 1932 1747 πο-

325 1780 381 1831 τι
432 1775 513 1846 δε,
570 1778 630 1832 οὐ
678 1788 901 1855 τηροῦσι
953 1781 1120 1849 τάξιν,
1177 1779 1485 1845 σπεύδοντες
1540 1788 1693 1857 μόνον
1751 1784 1823 1847 εἰς
1872 1787 1931 1836 τὸ

325 1865 673 1939 ἀει-ἀγγέλλειν
697 1869 852 1924 αὐτά.

401 2083 576 2157 Ἀρχὴ
652 2091 743 2136 τοῦ
801 2114 859 2123 —-
912 2091 1021 2147 τοῖς
1095 2090 1409 2159 προφήταις.
1474 2086 1785 2159 Εὑαγγίλιον
1844 2096 1932 2141 νῦν

339 2174 367 2225 6
427 2176 657 2248 Μάρκος,
730 2177 825 2231 τήν
877 2179 1063 2232 Καινήν
1114 2176 1392 2240 Διαθήκην,
1451 2181 1544 2235 τήν
1564 2181 1678 2230 νέαν
1728 2179 1935 2251 νομοθε-

345 2268 462 2315 σίαν
511 2270 597 2315 τοῦ
646 2269 884 2335 Χριστοῦ
939 2262 1173 2323 κέκληκε.
1232 2269 1381 2317 Διατί
1439 2262 1497 2318 δι
1545 2265 1709 2329 οὕτως
1772 2267 1934 2327 αὐτὴν

343 2352 617 2423 ὠνόμασεν,
683 2354 885 2424 εἴρηται
936 2349 986 2403 ἕν
1036 2360 1109 2423 τῷ
1162 2358 1422 2428 προοιμίῳ
1491 2363 1586 2416 τῆς
1642 2353 1933 2427 ἇξηγήσεως

339 2449 432 2493 τοῦ
478 2442 605 2492 κατὰ
650 2442 920 2494 Ματθαίον
972 2440 1314 2513 Εὗαγγελίου,
1375 2444 1496 2496 ἔνθα
1536 2449 1653 2519 περὶ
1693 2453 1782 2506 τῆς
1830 2443 1937 2497 ἔπιε

331 2536 537 2603 γραφῆς
567 2536 665 2580 τῶν
697 2526 1023 2600 Εὖαγγελίων
1052 2526 1477 2604 προδιειληπται.
1511 2536 1649 2591 Φησὶ
1679 2529 1739 2585 δε
1768 2535 1794 2585 6
1832 2553 1937 2586 πα·-

325 2637 429 2690 ρων
461 2616 858 2689 εὖαγγελιστής,
904 2619 984 2670 ὃτὶ
1032 2616 1176 2691 ἀρχή
1219 2628 1313 2682 τῆς
1362 2620 1477 2683 νέας
1524 2622 1601 2694 (4)
1633 2624 1937 2695 νομοθεσίας

329 2712 565 2778 Χριστοῦ
630 2707 764 2759 οὕτω
820 2710 1045 2779 γέγονεν,
1100 2710 1170 2769 ὡς
1217 2711 1511 2783 γέγραπται
1561 2710 1611 2763 ἓν
1659 2718 1769 2773 τοῖς
1813 2731 1937 2786 προ-

327 2799 519 2865 φήταις
579 2794 764 2867 ’λέγει
812 2792 872 2848 δὲ
928 2796 1212 2869 Μαλαχίαν
1265 2803 1353 2851 καὶ
1390 2798 1629 2855 Ἠσαίαν.
1681 2797 1809 2854 Εἶτα
1849 2805 1933 2853 τί-

328 2883 458 2940 θησι
512 2888 603 2935 καὶ
645 2886 713 2935 τὰ
757 2884 895 2957 ῥητά
963 2894 1065 2937 τῶν
1143 2895 1439 2961 προφητῶν,
1482 2890 1563 2941 ἵνα
1610 2892 1799 2963 μάθῃς,
1853 2891 1933 2943 ὃτι

323 2973 548 3031 τοιαύτη
606 2970 751 3046 ἁρχὴ
818 2981 912 3026 τοῦ
966 2974 1280 3046 Εὐαγγελίου
1331 2981 1555 3049 γέγονεν,
1610 2980 1722 3031 οἷαν
1768 2981 1935 3032 ταῦτά

326 3079 512 3131 φασιν.
566 3068 746 3114 Ταυτα
805 3058 866 3115 δέ
923 3082 1101 3135 φασιν,
1177 3062 1354 3137 ἀρχὴν
1405 3066 1565 3118 αὐτοῦ
1617 3070 1933 3138 γενήσεσθαι

325 3152 416 3201 τὸν
477 3150 742 3213 Ἰωάννην,
797 3154 867 3214 ὡς
924 3150 1359 3227 ἁναπτυσσόμενα
1446 3152 1728 3219 δείξουσιν.
1793 3157 1932 3211 Ἐπεὶ

1962 1886 2010 1942 Β
2041 1874 2181 1923 vant
2234 1883 2248 1922 :

2040 626 2373 682 admodum
2436 628 2594 699 prior
2642 627 2773 699 ejus
2821 628 3083 699 Epistola
3131 629 3528 696 demonstrat,
3592 648 3709 703 qua

2042 715 2213 770 etiam
2248 715 2342 770 hic
2371 715 2562 771 tilium
2596 732 2773 772 suum
2800 716 2973 788 juxta
3005 716 3280 788 spiritum
3314 720 3574 775 Marcum
3606 735 3711 791 ap-

2043 803 2275 874 pellavit
2313 804 2334 837 ⁸
2368 822 2381 863 :
2415 821 2447 857 a
2470 820 2594 875 quo
2636 806 2881 877 insuper
2914 812 3104 861 totum
3153 805 3445 877 Evangelii
3487 822 3710 863 sermo-

2044 907 2181 947 nem
2225 894 2451 947 Marcus
2499 892 2724 961 didicit,
2776 898 2834 949 et
2890 894 3278 965 postmodum
3323 895 3707 965 Evangelium

2043 980 2412 1052 conscripsit,
2463 981 2791 1036 secundum
2847 982 3213 1037 Clementem
3267 983 3705 1048 Stromaticum,

2042 1066 2157 1123 hoc
2203 1074 2307 1139 est,
2359 1068 2459 1139 qui
2515 1068 2681 1125 varia
2738 1070 2798 1124 in
2853 1085 3041 1125 unum
3096 1071 3418 1135 contexuit,
3464 1071 3523 1126 in
3581 1071 3711 1144 ipsa

2043 1159 2232 1213 Roma
2259 1174 2272 1213 :
2297 1158 2467 1228 juxta
2489 1157 2979 1230 Chrysostomum
3002 1164 3202 1215 autem
3232 1158 3293 1214 in
3314 1161 3587 1233 Egypto,
3620 1177 3710 1218 ro-

2042 1251 2217 1317 gatus
2248 1262 2284 1302 a
2314 1246 2593 1302 fratribus
2614 1246 2718 1319 qui
2747 1246 2966 1303 ibidem
2994 1247 3408 1318 morabantur,
3445 1255 3579 1319 post
3610 1247 3710 1305 de-

2041 1333 2266 1389 cimum
2305 1351 2341 1390 a
2389 1334 2711 1391 Salvatoris
2746 1336 3171 1406 Assumptione
3221 1351 3474 1392 annum.
3526 1335 3706 1392 Pluri-

2040 1438 2210 1477 mum
2242 1428 2443 1478 autem
2472 1439 2609 1479 cum
2638 1422 2915 1480 Matthteo
2936 1425 3251 1486 consentit.
3282 1424 3395 1480 nisi
3426 1424 3592 1497 quod
3618 1424 3702 1483 la-

2042 1509 2156 1566 tius
2224 1511 2321 1567 ille
2368 1517 2586 1567 cuncta
2638 1512 2934 1568 describit.
3008 1512 3233 1585 Ubique
3285 1518 3488 1569 autem
3554 1514 3705 1585 scire

2040 1605 2287 1672 oportet,
2309 1600 2475 1672 quod
2501 1600 2871 1671 evangelista
2894 1600 3195 1656 interdum
3219 1600 3466 1672 quidem
3490 1601 3705 1659 Christi

2039 1688 2375 1745 doctrinam
2422 1705 2491 1744 ac
2524 1688 2807 1749 miracula
2860 1689 3069 1745 ordine
3096 1689 3439 1746 describunt
3467 1689 3530 1745 in
3578 1707 3703 1746 mo-

2040 1776 2186 1833 dum
2228 1777 2501 1847 historiae,
2536 1777 2906 1851 quandoque
2936 1793 3075 1833 vero
3105 1776 3378 1834 ordinem
3409 1793 3532 1834 non
3585 1794 3704 1834 ser-

2304 1866 2365 1923 id
2392 1866 2587 1923 solum
2616 1866 2943 1932 studentes,
2991 1871 3070 1933 ut,
3103 1866 3267 1939 quod
3319 1866 3545 1923 dictum
3598 1870 3703 1924 aut

2040 1954 2266 2012 factum
2296 1960 2407 2020 est,
2449 1954 2826 2012 annuntient.

2114 2064 2265 2119 CAP.
2313 2064 2354 2117 l.
2390 2060 2554 2117 Vers.
2592 2066 2640 2118 l.
2693 2061 2939 2118 Initium
2979 2092 3048 2101 —
3078 2061 3239 2117 Vers.
3268 2066 3320 2117 2.
3367 2062 3697 2133 prophetis.

2043 2150 2428 2222 Evangelium
2454 2166 2615 2207 nunc
2642 2153 2869 2209 Marcus
2895 2150 3219 2223 appellavit
3246 2153 3478 2208 Novum
3510 2154 3703 2210 Testa-

2042 2246 2332 2307 mentum,
2366 2256 2588 2297 novam
2619 2240 2829 2297 Christi
2869 2238 3322 2310 legislationem.
3356 2241 3470 2296 Cur
3499 2246 3701 2297 autem

2042 2330 2124 2388 ita
2167 2330 2585 2393 nominaverit.
2637 2329 2863 2385 dictum
2896 2329 3077 2385 estin
3120 2330 3412 2386 Prowmio
3460 2345 3704 2386 enarra-

2044 2419 2219 2476 tionis
2267 2418 2569 2489 Evangelii
2594 2418 2767 2490 juxta
2795 2418 3159 2483 Matthaeum,
3197 2418 3295 2474 ubi
3326 2418 3402 2474 de
3454 2433 3704 2489 evange-

2043 2509 2262 2567 liorum
2285 2508 2666 2581 inscriptione
2691 2512 3011 2565 tractatum
3032 2511 3136 2563 est.
3162 2507 3252 2564 Ait
3268 2522 3410 2578 ergo
3435 2523 3702 2579 praesens

2043 2597 2435 2669 evangelista,
2461 2596 2627 2669 quod
2655 2596 3009 2670 principium
3030 2612 3201 2653 novae
3226 2595 3438 2652 Christi
3467 2596 3703 2667 legisla-

2044 2686 2219 2745 tionis
2260 2688 2342 2744 ita
2391 2686 2519 2756 fuit,
2569 2686 2719 2743 sicut
2755 2686 2811 2741 in
2842 2684 3148 2758 prophetis
3197 2685 3485 2758 scriptum
3537 2690 3628 2741 est
3685 2706 3697 2739 :

2042 2777 2396 2833 dicitautem
2424 2774 2644 2831 Isaiam
2667 2778 2726 2831 et
2746 2774 3114 2831 Malachiam.
3135 2773 3355 2830 Deinde
3376 2790 3446 2830 ea
3458 2789 3703 2847 quoque

2042 2865 2230 2938 ponit,
2270 2881 2407 2938 qum
2436 2880 2473 2921 a
2503 2864 2800 2936 prophetis
2852 2863 3011 2920 dicta
3039 2868 3197 2923 sunt,
3232 2868 3297 2918 ut
3328 2863 3531 2919 videas
3590 2862 3702 2919 tale

2040 2955 2220 3012 fuisse
2252 2954 2551 3025 Evangelii
2580 2952 2959 3027 principium,
3005 2953 3183 3025 quale
3215 2952 3418 3009 dicunt
3447 2953 3701 3025 prophe-

2043 3050 2136 3101 ιω.
2190 3046 2370 3100 Aiunt
2412 3049 2612 3100 autem
2644 3042 2702 3098 hi
2730 3043 3024 3099 Joannem
3082 3042 3266 3098 fuisse
3321 3042 3703 3115 principium,

2038 3134 2219 3189 veluti
2248 3135 2407 3188 dicta
2434 3148 2644 3189 eorum
2684 3131 2975 3204 explicata
3004 3131 3522 3188 demonstrabunt.
3558 3131 3703 3197 Quia

323 3241 430 3311 γὰρ
475 3240 665 3302 πάντες
720 3243 770 3293 οἱ
811 3250 1077 3314 προφῆται
1125 3246 1214 3295 καὶ
1267 3244 1292 3295 6
1347 3248 1503 3317 νόμος
1549 3246 1643 3308 ἔως
1695 3246 1931 3299 Ἰωάννου

2048 3224 2198 3278 enim
2220 3238 2418 3279 omnes
2435 3220 2743 3290 prophetae
2764 3226 2816 3276 et
2839 3221 2939 3276 lex
2959 3220 3235 3291 usquead
3249 3220 3542 3276 Joannem
3559 3236 3703 3289 pro-

324 3333 738 3401 προεφήτευσαν,
819 3333 956 3383 κατὰ
1031 3334 1119 3384 τὸν
1184 3340 1273 3385 τοῦ
1352 3338 1547 3408 Κυρίου
1602 3334 1774 3407 λόγον,
1828 3333 1933 3389 ἔδει

329 3424 534 3483 τοῦτον,
585 3416 723 3479 τέλος
802 3422 923 3472 ὅντα
985 3429 1077 3482 τῆς
1159 3420 1408 3489 Παλαιᾶς,
1466 3422 1642 3497 ἀρχὴν
1696 3427 1934 3496 γενέσθαι

332 3514 432 3568 τῆς
458 3510 613 3570 Νέας.
646 3507 807 3562 Ἀλλὰ
858 3505 1142 3584 διαιρετέον
1197 3507 1311 3584 ἰδίᾳ
1357 3520 1457 3565 τῶν
1507 3509 1605 3566 δύο
1662 3523 1932 3588 προφητῶν

336 3597 405 3648 τὰ
430 3596 585 3670 ῥητά.

411 3681 577 3750 Ἰδοὺ,
613 3684 714 3758 ἐγὼ
762 3717 831 3728 -
887 3690 1177 3762 ἔμπροσθέν
1244 3707 1362 3746 σου.
1410 3690 1692 3764 Μαλαχίου
1745 3695 1835 3766 μὲν
1876 3695 1933 3745 τὸ

333 3773 511 3848 ῥητόν*
562 3777 766 3850 ε’ίρηται
823 3773 882 3829 δὴ
936 3782 1055 3853 περὶ
1105 3780 1288 3831 τούτου
1336 3789 1513 3852 σαφῶς
1543 3779 1590 3833 ἓν
1626 3789 1690 3855 τῇ
1741 3780 1933 3854 ίξηγή-

332 3880 417 3915 σει
448 3870 541 3916 τοῦ
568 3862 805 3917 εἰκοστοῦ
852 3864 1129 3937 κεφαλαίου
1163 3874 1256 3920 τοῦ
1286 3870 1422 3921 κατὰ
1458 3872 1725 3924 Ματθαῖον
1763 3871 1935 3945 Εὐαγ-

328 3950 525 4023 γελίου.
598 3956 699 4006 Καὶ
774 3957 1014 4029 περιττὸν
1077 3957 1142 4009 τὰ
1197 3956 1333 4010 αὐτὰ
1406 3958 1559 4011 πάλιν
1640 3961 1711 4023 εἰς
1778 3966 1934 4034 μέσον

328 4059 499 4111 αγειν.

404 4132 549 4188 Φωνὴ
617 4161 687 4171 —-
747 4130 960 4207 τρίϐους
1029 4132 1210 4192 αὐτοῦ.
1309 4133 1635 4209 [Ἑτοιμοίζει
1694 4140 1768 4211 (5)
1844 4143 1935 4212 μὲν

327 4222 427 4278 τήν
456 4215 580 4272 ὀδόν
613 4225 832 4296 Κυρίου,
881 4222 907 4274 6
955 4226 1049 4281 τὴν
1097 4221 1283 4298 ἀρετὴν
1325 4222 1683 4299 ἐργαζόμενος
1716 4228 1810 4280 οὐκ
1858 4228 1934 4281 εὖ·

330 4309 471 4369 θείας
526 4305 587 4361 δε
632 4317 771 4363 ποιεῖ
815 4312 911 4373 τὰς
954 4310 1160 4386 τρίϐους
1205 4313 1387 4384 αὐτοῦ,
1437 4316 1462 4366 6
1515 4319 1586 4387 μὴ
1637 4320 1764 4392 πρὸς
1817 4317 1937 4370 εὐα-

327 4399 581 4471 ρέστησιν
636 4406 790 4466 Θεοῦ,
860 4398 990 4453 ἁλλά
1043 4396 1120 4453 δι’
1168 4400 1673 4478 ἀνθρωπαρίσκειαν,
1732 4405 1762 4464 ἦ
1824 4424 1939 4458 τινα

333 4488 551 4558 σκοπὸν,
632 4486 727 4540 οὐκ
823 4486 1038 4561 ἀγαθὸν,
1112 4493 1305 4550 ταύτην
1366 4489 1722 4565 ἕργαζὸμενος.
1776 4494 1939 4557 Οὗτος

2039 3313 2452 3382 phetaverunt,
2502 3310 2672 3380 juxta
2731 3309 2960 3365 Domini
2992 3307 3242 3363 verbum
3290 3310 3332 3375 ⁸,
3386 3308 3701 3379 Oportebat

2038 3400 2220 3465 hunc,
2259 3399 2359 3472 qui
2386 3398 2523 3453 ﬁnis
2552 3403 2676 3453 erat
2710 3396 2922 3453 Veteris
2953 3395 3329 3465 Testamenti,
3363 3395 3510 3452 Novi
3546 3412 3704 3469 quo-

2038 3505 2157 3563 que
2174 3504 2301 3544 esse
2324 3486 2702 3560 principium.
2718 3485 2938 3542 Verum
2963 3483 3389 3555 distinguenda
3406 3489 3547 3540 sunt
3574 3500 3705 3555 pro-

2040 3578 2170 3652 pria
2192 3577 2453 3634 duorum
2490 3575 2921 3649 prophetarum
2947 3572 3209 3630 oracula.

2114 3666 2277 3723 Vers.
2326 3670 2380 3721 2.
2434 3665 2577 3722 Ecce
2616 3680 2716 3736 ego
2754 3694 2822 3704 -ι
2852 3678 3054 3720 coram
3110 3668 3184 3719 te.
3243 3660 3547 3719 Malachim
3604 3676 3705 3719 va-

2042 3756 2309 3813 ticinium
2354 3759 2460 3811 est.
2520 3755 2599 3810 De
2664 3754 2779 3810 hoc
2842 3756 3045 3810 autem
3100 3751 3417 3809 manifeste
3476 3750 3703 3807 dictum

2041 3852 2133 3903 est
2182 3844 2468 3902 vicesimo
2522 3843 2716 3917 capite
2772 3840 3070 3912 Evangelii
3120 3840 3291 3913 juxta
3347 3840 3701 3907 Matthwum,

2041 3934 2203 3992 unde
2233 3932 2605 4007 superﬂuum
2635 3936 2791 3989 esset
2830 3931 3043 3988 eadem
3074 3945 3313 3987 rursum
3344 3930 3405 3987 in
3436 3929 3704 3986 medium

2044 4024 2361 4081 adducere.

2116 4133 2277 4188 Vers.
2332 4135 2385 4188 3.
2445 4132 2567 4187 V01.
2597 4160 2665 4171 —
2693 4130 2932 4188 semitas
2961 4129 3105 4199 ejus.
3134 4130 3177 4198 -ι-
3224 4130 3525 4199 Praeparat
3576 4125 3707 4199 qui-

2043 4221 2183 4277 dem
2217 4220 2469 4276 Domino
2497 4221 2679 4284 viam,
2712 4217 2818 4290 qui
2846 4217 3127 4273 virtutem
3155 4222 3457 4287 operatur.
3494 4214 3704 4270 Verum

2044 4324 2168 4366 non
2204 4313 2397 4365 rectas
2424 4307 2564 4364 facit
2593 4306 2834 4362 semitas
2889 4306 3037 4378 ejus,
3066 4304 3170 4373 qui
3200 4319 3321 4359 non
3351 4302 3431 4359 ad
3463 4302 3565 4358 Dei
3604 4302 3704 4357 be-

2044 4399 2431 4473 neplacitum,
2472 4398 2574 4453 sed
2604 4397 2680 4452 ad
2713 4394 2981 4451 studium
3013 4391 3364 4450 hominibus
3399 4390 3702 4463 placendi,

2045 4494 2149 4547 aut
2172 4487 2433 4561 aliquem
2458 4486 2643 4543 alium
2672 4484 2855 4541 finem
2884 4498 3007 4540 non
3036 4482 3291 4551 bonum,
3312 4478 3470 4536 hanc
3495 4494 3705 4551 opera-

329 4577 422 4627 τὸν
470 4577 560 4647 μὲν
638 4580 791 4630 πόνον
842 4586 936 4640 τῆς
997 4577 1298 4653 ἕτοιμασίας
1376 4581 1679 4653 ὑφίσταται,
1734 4586 1821 4635 τὸν
1879 4581 1934 4638 δὴ

2048 4585 2159 4636 tur.
2192 4578 2294 4635 Hic
2317 4576 2477 4633 enim
2502 4575 2775 4632 laborem
2825 4573 3069 4647 quidem
3100 4567 3547 4644 prteparationis
3578 4584 3705 4625 sus-

334 4666 468 4717 Θεὸν
511 4664 606 4717 οὐκ
644 4667 757 4739 ἔχει
822 4675 939 4729 ταῖς
983 4670 1249 4730 τοιαύταις
1298 4668 1494 4744 τρίϐοις
1535 4668 1940 4746 ίμπεριπατοῦν-

331 4753 444 4824 τα.]

406 4848 573 4897 Τοῦτο
625 4851 716 4897 τοῦ
766 4842 983 4898 Ἠσαίου
1027 4843 1190 4900 ἐστίν*
1221 4848 1543 4922 ἡρμήνευται
1586 4845 1646 4903 δί
1696 4855 1786 4906 καὶ
1823 4859 1941 4905 τοῦ·

332 4949 395 4983 το
447 4931 603 4985 πάλιν
642 4932 693 4986 ἕν
733 4942 797 5007 τῇ
847 4933 1096 5007 ἐξηγήσει
1150 4944 1243 4989 τοῦ
1296 4942 1476 5013 τρίτου
1524 4938 1802 5012 κεφαλαίου
1845 4948 1939 4994 τοῦ

330 5023 473 5073 κατὰ
520 5024 790 5076 Ματθαῖον
836 5022 1173 5096 Εὗαγγελίου,
1214 5031 1304 5079 καὶ
1368 5030 1507 5090 ζήτει
1555 5026 1674 5081 ἐκεῖ.
1724 5030 1803 5082 Τὰ
1846 5033 1938 5103 μεν

329 5105 423 5162 οὖν
488 5115 788 5184 προφητικὰ
844 5120 1014 5166 ταῦτα
1063 5114 1201 5189 ῥητὰ
1254 5122 1542 5189 συμφώνως
1594 5118 1934 5191 κεκράγασιν,

329 5199 412 5252 ὅτι
451 5199 478 5251 6
529 5200 765 5264 Ἰωοίοινης
814 5197 1127 5276 προοδεύσει
1182 5212 1274 5257 τοῦ
1320 5212 1577 5279 Χριστοῦ,
1629 5211 1720 5259 καὶ
1767 5206 1937 5283 εὐτρε-

406 5378 428 5413 ⁶
461 5378 483 5434 l
510 5378 666 5436 Petr.
695 5396 753 5446 v,
788 5381 873 5438 13.
987 5382 1010 5417 ⁸
1035 5382 1234 5440 Matth.
1264 5399 1347 5450 xx,
1381 5383 1468 5439 l3.

2047 4668 2208 4736 tinet,
2254 4668 2440 4723 Deum
2473 4673 2670 4722 autem
2702 4677 2823 4719 non
2852 4660 3037 4718 habet
3060 4657 3406 4731 huiusmodi
3458 4656 3705 4716 semitas

2047 4755 2592 4832 perambulantem.

2119 4846 2283 4904 Isaia:
2314 4843 2721 4903 testimonium
2751 4845 2861 4910 est,
2902 4839 3069 4914 quod
3098 4839 3277 4896 etiam
3308 4836 3707 4910 explanatum

2046 4941 2135 4994 est
2183 4935 2243 4993 in
2296 4934 2670 4991 enarratione
2726 4930 2877 4988 tertii
2928 4929 3141 5003 capitis
3189 4926 3486 5000 Evangelii
3535 4926 3709 4999 juxta

2048 5025 2406 5090 Matthaaum,
2424 5022 2505 5080 ibi
2527 5037 2668 5094 ergo
2688 5020 2959 5094 quaerito.
2992 5019 3123 5075 Haec
3140 5018 3341 5090 itaque
3363 5014 3708 5090 prophetica

2046 5114 2204 5172 dicta
2216 5112 2590 5171 concorditer
2609 5110 2892 5176 clamant,
2910 5107 3075 5183 quod
3087 5108 3350 5164 Joannes
3380 5120 3708 5179 prmcessu-

2046 5221 2150 5263 rus
2213 5207 2341 5261 erat
2404 5200 2723 5268 Christum,
2787 5199 3069 5271 viamque
3133 5196 3186 5253 ei
3253 5198 3705 5267 praeparaturus

1560 5506 1786 5575 Variae
1804 5506 2138 5576 lectiones
2179 5516 2245 5574 et
2280 5514 2481 5573 notae.

364 5718 372 5726 .
409 5645 491 5717 (2)
520 5648 597 5726 lit
624 5662 698 5704 ex
726 5648 1041 5726 Sgphronii
1069 5649 1131 5706 in
1160 5653 1416 5707 Marcum
1444 5647 1795 5707 Prasfatione
1824 5650 1940 5708 col-

337 5716 483 5791 ligo,
517 5716 626 5774 lib.
663 5737 712 5773 γι
752 5716 1061 5791 Hypotyp.

413 5788 495 5860 (2)
519 5791 678 5846 Tom.
714 5788 833 5857 vu;
852 5788 918 5863 'p.
962 5788 1021 5847 '9‘.

2133 5650 2210 5719 (ὁ)
2234 5651 2383 5714 Νέας,
2411 5646 2601 5704 abest.
2628 5646 2693 5719 ΑΔ.

2130 5712 2208 5791 (5)
2241 5712 2376 5777 ama
2401 5723 2645 5792 uterque
2672 5717 2733 5773 in
2762 5714 3032 5786 margine
3056 5712 3313 5770 exhibet.
