4188 6438
636 335 741 391 775

639 547 790 615 gelio
840 548 1014 620 juxta
1075 549 1412 605 Matthmum
1477 549 1771 618 scriptum
1829 551 1916 601 est
1980 562 1993 599 :
2041 544 2151 598 Hie
2217 549 2300 599 est

637 637 828 692 Filius
869 653 1030 694 meus
1062 638 1130 689 ".
1194 639 1421 692 Marcus
1450 645 1649 692 autem
1680 640 1736 690 et
1796 634 1986 688 Lucas
2037 631 2294 688 habent:

643 727 730 780 Tu
756 741 810 782 es
861 726 1049 782 Filius
1098 741 1260 782 meus
1293 729 1364 780 ¹³.
1414 725 1568 794 Quid
1625 739 1763 796 ergo
1793 723 2058 778 dicemus
2084 726 2108 772 τ
2145 718 2299 776 Nihil

636 814 797 870 aliud
824 830 1010 886 quam
1043 815 1206 886 quod
1231 813 1394 886 apud
1424 814 1766 870 Matthaeum
1790 811 2049 866 diximus
2078 825 2093 866 :
2134 808 2299 882 quod

633 903 1004 975 evangelista
1059 904 1355 959 interdum
1389 903 1631 976 quidem
1681 902 1899 971 integre
1946 897 2299 971 hujusmodi

633 993 953 1050 verborum
1020 992 1387 1049 mentionem
1438 990 1662 1047 faciunt
1704 989 2109 1064 :quandoque
2154 1001 2298 1043 vero

637 1081 994 1139 sententiam
1027 1082 1272 1155 quidem
1328 1085 1567 1137 servant
1617 1081 1911 1149 integram
1943 1094 1957 1132 :
1989 1075 2294 1150 quasdam

637 1177 840 1227 autem
863 1171 1153 1227 dictiones
1185 1187 1303 1227 non
1326 1175 1604 1226 curantes
1635 1169 1973 1232 immutant,
2002 1166 2150 1222 dum
2180 1165 2296 1222 hoc

640 1259 900 1316 sermoni
923 1259 1069 1316 nihil
1092 1264 1281 1332 potest
1305 1261 1536 1322 obesse,
1565 1258 1727 1331 quod
1761 1274 1868 1330 pro
1894 1273 2013 1313 una
2038 1256 2296 1312 dictione

637 1350 754 1407 alia
782 1350 940 1406 idem
967 1349 1312 1420 signiﬁcans
1338 1348 1675 1406 adducitur.
1711 1349 1853 1403 Nam
1873 1345 2029 1402 idem
2050 1345 2297 1403 demon-

639 1444 829 1497 strant
859 1440 967 1496 Hie
995 1444 1052 1495 et
1084 1440 1189 1494 Tu.

710 1532 966 1586 Rursum
998 1529 1190 1585 simile
1237 1533 1326 1584 est
1366 1527 1529 1600 quod
1587 1525 1892 1584 Mattheus
1947 1529 2003 1581 et
2067 1527 2295 1581 Marcus

637 1618 1030 1692 scripserunt:
1066 1617 1133 1672 In
1163 1633 1279 1689 quo
1305 1616 1452 1672 mihi
1478 1616 1620 1672 bene
1639 1616 2057 1684 complacitum
2087 1619 2168 1670 est
2222 1613 2292 1682 ¹⁶,

635 1714 693 1766 et
716 1708 875 1783 quod
907 1707 1092 1764 Lucas
1127 1707 1234 1766 ειη
1294 1713 1350 1764 le
1376 1705 1522 1762 mihi
1576 1705 1709 1762 bene
1746 1704 2164 1775 complacitum
2211 1709 2294 1760 est

639 1799 710 1855 ¹τ’.
750 1801 815 1854 Et
843 1797 939 1854 hic
955 1797 1054 1853 tibi
1068 1813 1262 1854 canon
1287 1794 1581 1866 generalis
1595 1801 1720 1852 esto
1739 1794 1813 1849 ad
1839 1794 2044 1850 omnia
2057 1792 2292 1849 similia.
2319 1798 2366 1854 Β

712 1887 876 1943 Vers.
908 1886 994 1942 l2.
1019 1916 1086 1928 —
1117 1886 1459 1957 Statimque.
1494 1883 1656 1941 Vers.
1697 1883 2035 1940 l3.Satana.
2066 1882 2296 1938 Dictum

637 1981 728 2034 est
742 1975 818 2032 de
846 1975 940 2032 his
969 1975 1136 2031 tertio
1147 1975 1316 2046 juxta
1344 1974 1681 2030 Matthaeum
1707 1973 1916 2046 capite.
1950 1971 2050 2028 Ille
2078 1978 2296 2034 tamen,

639 2064 820 2121 simul
850 2069 906 2119 et
934 2066 1118 2120 Lucas
1159 2062 1465 2119 dixerunt:
1501 2063 1545 2118 Α
1582 2062 1814 2118 diabolo
1843 2063 1910 2123 ¹⁶,
1952 2061 2046 2116 hic
2073 2067 2296 2125 autem,

639 2156 688 2210 A
710 2153 950 2210 Satana.
983 2153 1131 2208 Cum
1164 2151 1320 2208 enim
1353 2151 1593 2207 daemon
1648 2150 1836 2206 multa
1866 2150 2086 2206 habeat
2111 2149 2300 2206 nomi-

639 2259 738 2310 na,
764 2247 817 2299 et
840 2242 918 2299 ab
949 2257 1308 2315 unaquaque
1353 2240 1575 2298 malitia
1615 2256 1727 2296 sua
1759 2239 2002 2312 recipiat
2031 2239 2298 2312 appella-

639 2331 861 2390 tionem
884 2349 897 2388 :
914 2331 991 2388 illi
1009 2331 1255 2405 quidem
1272 2347 1460 2387 unum
1480 2335 1828 2403 pasuerunt,
1849 2329 1944 2386 hic
1959 2343 2099 2384 vero
2112 2327 2296 2385 aliud.

713 2528 906 2584 Dictus
936 2531 1022 2583 est
1067 2532 1266 2582 autem
1327 2525 1601 2588 Satanas.
1633 2524 1748 2581 hoc
1803 2529 1892 2581 est
1943 2523 2296 2591 contrarius,

639 2615 787 2673 Nam
819 2617 932 2671 Deo
955 2614 1294 2672 contrarius
1323 2621 1410 2671 est
1434 2614 1697 2680 daemon,
1739 2618 1796 2670 et
1833 2614 2131 2671 contraria
2176 2619 2298 2670 sta-

640 2710 836 2760 tuens.

713 2795 872 2850 Vers.
919 2792 1000 2848 t3.
1031 2793 1107 2848 Et
1133 2797 1261 2849 erat
1288 2807 1421 2849 cum
1450 2791 1662 2848 bestiis.
1690 2791 1995 2848 Mattheeus
2026 2796 2081 2848 et
2105 2792 2296 2848 Lucas

645 2897 866 2952 genera
889 2897 1132 2953 quoque
1163 2881 1553 2937 tentationum
1585 2880 1942 2952 scripserunt
1973 2882 2040 2934 ιτ.
2074 2883 2298 2937 Marcus

639 2985 778 3026 vero
799 2985 937 3026 cum
976 2985 1161 3041 supra
1216 2974 1464 3026 cteteros
1518 2967 1818 3025 brevitatis
1863 2975 2014 3026 esset
2039 2977 2294 3036 amator,

639 3057 784 3114 satis
812 3059 1040 3130 putavit
1085 3057 1283 3113 dicere
1314 3059 1431 3114 :Et
1484 3057 1848 3114 tentabatur.
1878 3058 1941 3113 In
1994 3057 2109 3114 hoc
2137 3059 2294 3114 enim

638 3162 858 3218 genera
885 3162 1129 3220 quoque
1176 3147 1524 3220 complexus
1553 3151 1664 3204 est.
1701 3146 1868 3214 Quod
1911 3152 2112 3203 autem
2171 3154 2298 3204 erat

636 3251 775 3292 cum
804 3235 1030 3302 bestiis,
1051 3241 1290 3310 propter
1302 3251 1587 3306 magnam
1603 3235 1713 3292 loci
1739 3235 2120 3292 solitudinem
2144 3238 2296 3293 acci-

635 3324 721 3382 dit
761 3343 776 3394 ;
810 3326 1078 3383 utetiam
1104 3325 1183 3382 ab
1213 3326 1326 3382 hoc
1365 3325 1576 3393 discas,
1635 3325 1798 3398 quod
1853 3325 1904 3380 is
1943 3325 2046 3398 qui
2102 3330 2296 3382 tuetur

636 3414 854 3471 animae
875 3414 1253 3485 dignitatem,
1284 3414 1482 3470 bestiis
1516 3415 1706 3488 potius
1758 3414 2152 3471 formidabilis
2182 3418 2291 3470 est.

634 3505 782 3560 Ante
812 3503 1282 3560 inobedientiam
1322 3505 1471 3560 enim
1494 3504 1730 3575 jussum
1757 3508 1882 3560 erat
1912 3511 1976 3561 ut
2012 3504 2292 3560 omnibus

632 3591 818 3650 homo
856 3593 1284 3649 dominaretur.

707 3683 867 3739 Vers.
899 3681 984 3737 13.
1013 3683 1092 3738 Et
1120 3681 1324 3752 angeli
1353 3713 1421 3722 —
1451 3682 1527 3739 ei.
1559 3683 1692 3738 Post
1715 3682 2068 3740 tentationes
2090 3682 2292 3741 videli-

633 3775 745 3836 cet,
770 3775 903 3842 post
934 3771 1305 3826 manifestam
1327 3770 1402 3825 de
1419 3776 1708 3827 tentatore
1737 3771 2293 3844 victoriam,quem-

635 3857 969 3915 admodum
995 3857 1352 3929 signiﬁcavit
1389 3857 1722 3914 Matthasus.

707 3949 865 4003 Vers.
895 3947 982 4002 14.
1012 3949 1332 4018 Postquam
1357 3953 1548 4004 autem
1582 3978 1650 3988 —
1679 3949 1803 4004 Dei.
1844 3948 2080 4006 Dictum
2110 3955 2200 4006 est
2236 3955 2295 4008 et

633 4035 709 4093 de
734 4035 827 4093 his
855 4036 1069 4093 eodem
1101 4035 1316 4110 capite,
1348 4036 1734 4109 Evangelium
1757 4042 1958 4095 autem
1993 4039 2162 4110 regni
2195 4040 2295 4097 Dei

631 4124 777 4183 dicit
803 4141 963 4182 nunc
1006 4128 1238 4182 Novum
1297 4131 1743 4192 testamentum,
1797 4132 1998 4200 utpote
2063 4144 2296 4185 annue.

633 4214 790 4272 tians
855 4213 931 4272 de
996 4230 1177 4285 regno
1249 4215 1368 4286 Dei,
1441 4221 1496 4272 et
1563 4215 1855 4273 inducens
1887 4216 1967 4274 ad
2039 4233 2293 4291 regnum

634 4305 756 4362 Dei.

705 4393 869 4451 Vers.
900 4395 988 4451 15.
1020 4394 1098 4450 Et
1141 4393 1335 4451 dicens
1396 4423 1440 4434 —
1515 4402 1756 4464 tempus.
1802 4395 2052 4469 Tempus
2081 4411 2120 4453 a
2173 4397 2292 4453 Deo

630 4482 1010 4540 constitutum
1055 4482 1488 4539 eonversationi
1540 4483 1753 4539 Veteris
1802 4486 2173 4551 Testamenti,
2215 4485 2291 4542 de

631 4586 751 4643 quo
778 4570 922 4628 dicit
952 4575 1263 4643 Apostolus
1293 4590 1309 4628 :
1343 4573 1454 4629 Ubi
1475 4572 1630 4629 venit
1661 4575 1966 4645 comptetio
1987 4576 2287 4648 temporis,

633 4657 788 4715 misit
811 4659 958 4716 Deus
979 4661 1199 4716 Filium
1218 4675 1390 4717 suum
1413 4661 1480 4715 η.

705 4869 870 4927 Vers.
899 4871 982 4927 15.
1005 4871 1084 4928 Et
1129 4873 1348 4931 —Dei.
1404 4874 1919 4948 Appropinquavit
1969 4880 2035 4932 ut
2081 4885 2287 4951 regnet

634 4975 809 5032 super
833 4959 1159 5033 credentes,
1202 4961 1353 5018 sicut
1381 4962 1752 5020 manifestius
1797 4965 2157 5040 interpretati
2189 4984 2283 5024 su-

633 5064 770 5105 mus
796 5049 1081 5122 praedicto
1111 5051 1324 5124 capite.

706 5177 753 5211 ¹²
793 5176 991 5232 Matth.
1024 5195 1103 5243 ιιι,
1149 5183 1231 5234 l7.
1311 5179 1358 5214 ¹³
1399 5179 1537 5235 Luc.
1571 5195 1648 5246 ιιι,
1686 5180 1774 5235 22.
1855 5183 1900 5219 ¹⁵
1927 5183 2129 5242 Matth.
2171 5203 2246 5260 ix,
2277 5186 2368 5244 17.

635 5266 834 5324 Matth.
867 5283 943 5338 IV,
969 5267 1003 5322 3
1031 5285 1049 5339 ;
1085 5270 1225 5324 Luc.
1261 5286 1335 5337 tv,
1377 5273 1407 5325 3
1433 5284 1603 5342 seqq.
1685 5272 1731 5306 ¹⁸
1763 5272 1952 5330 Gatat.
1980 5291 2055 5342 IV,
2079 5278 2134 5332 4.

1963 326 2314 386 EUTHYMII
2355 327 2684 388 ZlGABENl

713 458 872 515 Vers.
913 460 999 514 ll.
1032 459 1107 515 Et
1138 474 1244 516 vox
1273 489 1341 499 —
1380 457 1782 529 complacitum
1821 460 1924 513 est.
1985 455 2051 510 ln
2108 455 2298 510 Evan-

2487 460 2586 508 Καὶ
2637 460 2774 528 φωνὴ
2826 488 2896 498 —
2944 454 3230 518 εὐδόκησα.
3287 460 3373 513 Ἐν
3421 470 3494 532 τῷ
3562 466 3695 516 κατά
3750 468 3984 521 Mareotis-2

3903 343 4120 414 πεί

4117 95 4126 326 ¹

2409 547 2522 616 μεν,
2591 545 2754 607 Οὗτος
2798 545 2937 599 ἐστιν
2991 549 3017 600 6
3068 552 3188 612 Υἱός
3237 569 3362 621 μου,
3434 555 3747 626 γέγραπται·
3803 559 3983 629 Μάρκος

2411 630 2470 687 δὴ
2499 639 2588 687 καὶ
2630 642 2858 702 Λουκᾶς,
2909 641 2974 690 Σὺ
3022 634 3116 690 εἶό
3162 641 3282 702 Υἱός
3329 659 3447 712 μον,
3499 644 3777 714 γράφουσι.
3829 647 3886 700 Τί
3911 643 3980 698 οὖν

2410 721 2666 796 ἐροῦμεν;
2715 721 2884 777 Οὐδὶν
2937 728 3124 800 ἕτερον,
3199 729 3228 786 ἡ
3290 731 3410 804 ὅπερ
3471 731 3584 800 (12)
3651 729 3698 783 ἐν
3753 734 3820 803 τῷ
3870 737 3983 788 κατὰ

2410 814 2681 865 Ματθαῖον
2729 814 3022 888 εἰρήκαμεν,
3074 819 3155 868 ὅτι
3211 819 3260 869 οἱ
3312 817 3677 890 εῦαγγελισταὶ
3724 826 3840 874 ποτὲ
3888 827 3980 895 μὲν,

2410 896 2662 972 ἀκεραίων
2731 911 2831 955 τῶν
2898 907 3143 957 τοιούτων
3240 906 3412 980 ῥητῶν
3508 906 3977 983 ἀπομνημονεύουσιο

2407 992 2530 1042 ποτε
2589 986 2666 1057 δέ,
2699 996 2792 1050 τὴν
2820 993 2911 1065 μὲν
2967 1001 3058 1046 τοῦ
3103 995 3266 1068 ῥητοῦ
3316 992 3556 1048 διάνοιαν
3579 997 3846 1073 ὁλὸκλτῐρον
3869 999 3978 1053 ἁπο-

2408 1078 2664 1146 σὼζουσι,
2722 1079 2877 1144 λέξεις
2953 1079 3012 1135 δέ
3066 1102 3209 1146 τινας
3283 1083 3693 1160 ἀπαρατηρήτως
3744 1088 3978 1141 ὑπαλλάτ-

2405 1186 2606 1233 τουσιν,
2657 1171 2778 1222 ὃταν
2817 1167 2968 1224 οὐδέν
3026 1191 3078 1224 τι
3124 1171 3278 1245 μέλλῃ
3340 1181 3410 1244 τῷ
3457 1173 3595 1246 λόγῳ
3628 1184 3771 1229 τοῦτο
3818 1177 3977 1250 λυμαι-

2404 1258 2604 1315 νεσθαι.
2661 1265 2757 1321 τῆς
2827 1258 3272 1332 ἁντεισαχθείσης
3322 1262 3504 1326 λέξεως
3555 1265 3732 1317 ταύτὸν
3807 1286 3977 1339 σημαι-

2403 1365 2617 1408 νουσης.

2407 1437 2496 1489 Σύ.

4117 483 4126 832 ί

2696 1352 2934 1402 Δεικτικά
2981 1353 3080 1424 γὰρ
3130 1352 3305 1423 ἄμφω,
3354 1357 3444 1404 καὶ
3473 1356 3550 1418 τὸ,
3584 1354 3753 1420 Οὗτος,
3791 1360 3871 1408 καὶ
3905 1359 3973 1424 τὸ,

2477 1543 2644 1606 Αὖθις
2690 1541 2778 1596 οὖν
2830 1553 2922 1598 τοῦ
2996 1548 3268 1599 Mareotica
3335 1551 3428 1620 μεν
3482 1555 3570 1602 καὶ
3640 1558 3723 1603 τοῦ
3777 1552 3969 1624 Μάρκου

2406 1632 2735 1706 ’χριιιψοὲνταιιν⁹
2784 1635 2870 1686 Ἐν
2924 1635 2963 1706 ᾧ
3012 1631 3302 1694 εὐδόκησαο
3381 1639 3406 1689 6
3485 1645 3691 1700 Λουκᾶς.
3769 1639 3841 1691 Ἐν
3891 1643 3964 1690 σοὶ

2411 1718 2700 1793 εὐδόκησα,
2730 1726 2922 1798 εἴρηκε.
2960 1729 3058 1777 Καὶ
3087 1733 3240 1778 τοῦτο
3266 1732 3433 1778 κανὼν
3463 1731 3586 1780 ἔστω
3616 1747 3690 1780 σοι
3717 1726 3960 1786 καθολικός

2409 1809 2493 1863 ἐπὶ
2524 1820 2622 1864 τῶν
2644 1815 2886 1866 τοιούτῶν
2912 1815 3137 1867 πάντων.

2483 1906 2583 1955 Καὶ
2641 1901 2792 1965 εὐθὺς
2840 1933 2906 1943 -
2962 1910 3183 1956 Σατανᾶ.
3257 1908 3468 1977 Εἴρηται
3517 1909 3599 1958 καὶ
3641 1908 3747 1979 περὶ
3774 1904 3944 1954 τούτων

2408 1989 2460 2043 ἐν
2523 1998 2596 2062 τῷ
2662 1996 2820 2064 τρίτῳ
2877 1992 3136 2065 κεφαλαίῳ
3183 2002 3278 2046 τοῦ
3329 1996 3460 2045 κατα
3514 1995 3774 2048 Mareotis».
3829 1989 3947 2042 Ἀλλ’

2408 2079 2596 2142 ἐκεῖνος
2640 2083 2750 2154 μὶν,
2809 2085 2885 2134 ἐτι
2938 2079 2996 2134 δι
3057 2088 3147 2135 καὶ
3194 2089 3419 2150 Λουκᾶς,
3489 2083 3603 2135 Ὑπὸ
3659 2089 3740 2134 τοῦ
3800 2077 3962 2132 διαῧό-

2407 2170 2517 2224 λον·
2588 2172 2748 2236 εἶπον,
2799 2174 3006 2246 Μᾶρκος
3058 2168 3136 2232 δι,
3186 2171 3308 2226 ’1⁸πό
3376 2181 3469 2225 τοῦ
3525 2177 3727 2224 Σατανᾶ.
3786 2167 3966 2221 Πολυω-

2407 2262 2570 2332 νύμου
2621 2261 2723 2334 γὰρ
2768 2263 2910 2322 ὄντος
2945 2268 3037 2312 τοῦ
3078 2257 3348 2333 δαίμονος,
3398 2266 3486 2313 καὶ
3540 2260 3619 2333 ἀφ’
3657 2260 3860 2320 ἑκάστης
3886 2255 3971 2308 αῦ-

2409 2356 2500 2402 τοῦ
2529 2353 2712 2410 κακίας
2742 2348 3143 2422 ὀνομαζομένου,
3193 2354 3250 2403 τὸ
3282 2355 3372 2422 μεν
3413 2350 3575 2417 οὗτοι,
3626 2353 3680 2402 τὸ
3728 2345 3800 2417 δι,
3841 2346 3971 2406 οὗτος

2409 2438 2674 2512 εἰρήκασι.

2482 2533 2703 2599 Λέγεται
2728 2523 2786 2580 δε
2813 2535 3064 2592 Σατανᾶς,
3103 2529 3129 2580 6
3160 2525 3527 2601 ἀντικείμενος.
3568 2527 3860 2584 Ἀντίκειται
3882 2526 3970 2597 γὰρ

2408 2616 2434 2668 6
2457 2612 2657 2689 δαίμων
2686 2625 2759 2687 τῷ
2791 2625 2928 2687 Θεῷ,
2959 2620 3025 2670 τὰ
3053 2616 3256 2670 ἐναντία
3281 2619 3589 2690 νομοθετῶν.

2480 2834 2580 2883 Καὶ
2630 2825 2691 2888 ἦν
2763 2831 2894 2902 μετὰ
2949 2838 3048 2882 τῶν
3126 2831 3337 2903 θηρίων.
3408 2831 3682 2892 Ματοαίος
3757 2831 3840 2901 μεν
3901 2829 3980 2878 καὶ

2408 2925 2610 2980 Λουκᾶς
2666 2923 2756 2972 καὶ
2823 2922 2889 2971 τὰ
2953 2915 3068 2976 εἴδη
3149 2926 3249 2971 τῶν
3305 2928 3610 2994 πειρασμῶν
3677 2922 3830 2970 αὑτοῦ
3879 2913 3978 2967 ἀνέ-

2403 3007 2614 3083 γραψαν
2669 3009 2802 3080 (13)·
2863 3009 2888 3060 6
2938 3005 2996 3062 δί
3049 3010 3281 3084 Μάρκος,
3337 3007 3716 3084 φιλοσῦντομος
3763 3007 3825 3058 ὠν
3871 3006 3978 3078 ὑπὲρ

2328 3110 2370 3168 C
2405 3104 2525 3160 τοὺς
2548 3096 2752 3163 ἄλλους,
2802 3098 3031 3170 ἠρκέσθη
3083 3106 3154 3168 τῷ
3186 3099 3301 3168 (14)
3331 3097 3510 3164 εἰπεῖν,
3561 3098 3643 3150 ὅτι
3674 3101 3772 3149 Καὶ
3809 3095 3865 3152 ἦν
3892 3112 3981 3146 πειο

2403 3190 2700 3261 ραζόμενος.
2752 3188 2821 3241 Εν
2862 3188 3028 3256 τούτῳ
3083 3187 3185 3258 γὰρ
3238 3189 3327 3237 καὶ
3381 3187 3444 3238 τά
3495 3182 3615 3244 εῖδή
3671 3180 3979 3258 συμπεριίλα-

2404 3273 2506 3327 ϐεν.
2557 3274 2653 3328 Ἦν
2708 3271 2766 3328 δε
2818 3273 2950 3347 μετὰ
2994 3283 3094 3327 τῶν
3167 3276 3380 3346 θηρίων,
3441 3269 3535 3326 διὰ
3616 3293 3670 3327 τε
3734 3278 3824 3332 τὴν
3871 3273 3982 3342 σῖγα-ι

2403 3363 2621 3437 ἐρημίαν
2673 3371 2764 3416 τοῦ
2812 3369 2995 3427 τόπου,
3045 3368 3135 3416 καὶ
3188 3365 3271 3415 ἵνα
3317 3365 3486 3436 μάθῃς
3537 3365 3622 3417 ὅτι
3674 3365 3699 3415 6
3746 3361 3982 3436 φυλάττων

2402 3456 2460 3506 τὸ
2500 3453 2704 3525 ἀξίωμα
2745 3461 2837 3515 τῆς
2889 3451 3092 3525 ψυχῇς,
3143 3451 3351 3526 φοϐερὸς
3403 3451 3598 3505 πᾶλλον
3644 3460 3754 3513 τοίς
3806 3453 3982 3523 θηρίοις

2402 3540 2563 3595 ἐστίν.
2609 3541 2828 3618 Ἀρχειν
2879 3544 2981 3616 γὰρ
3012 3543 3216 3594 πάντων
3268 3541 3436 3594 αὐτῶν
3474 3546 3577 3616 πρὸ
3611 3550 3707 3605 τῆς
3739 3545 3983 3616 παρακοῆς

2401 3633 2428 3685 6
2453 3634 2721 3704 ἄνθρωπος
2751 3629 3046 3690 ἐκελεύσθη.

2473 3727 2576 3774 Καὶ
2633 3723 2682 3774 οἱ
2737 3721 2948 3793 ἄγγελοι
3003 3751 3072 3761 -
3112 3719 3274 3790 αὐτῷ.
3331 3722 3476 3774 Μετὰ
3517 3724 3647 3782 τοὺς
3683 3718 3982 3795 πειρασμοῦς

2403 3806 2662 3876 δηλονότι,
2693 3811 2784 3862 καὶ
2809 3811 2940 3882 μετὰ
2980 3813 3075 3867 τὴν
3123 3812 3255 3861 κατὰ
3285 3816 3378 3861 τοῦ
3426 3816 3716 3882 πειραστοῦ
3747 3809 3978 3881 περιφανῆ

2399 3903 2570 3963 νίκην,
2602 3900 2672 3962 ὡς
2700 3901 2726 3951 6
2755 3901 3024 3962 Ματθαῐος
3053 3897 3429 3970 ἐπεσημήνατο.

2472 3991 2614 4043 Μετὰ
2666 3985 2726 4041 δὴ
2775 4019 2844 4029 -
2896 3995 2988 4041 τοῦ
3035 3994 3190 4041 Θεοῦ.
3237 3990 3456 4061 Εἴρηται
3502 3992 3594 4041 καὶ
3651 3991 3767 4062 περὶ
3811 3985 3988 4036 τούτων

2403 4076 2452 4130 ἐν
2497 4086 2569 4149 τῷ
2643 4077 2785 4149 αὐτῷ
2843 4075 3124 4150 κεφαλαίῳ.
3205 4075 3518 4149 Εῦαγγελιον
3572 4074 3634 4130 δι
3690 4084 3782 4137 τῆς
3845 4071 3990 4146 βασι-

2401 4165 2540 4226 λείας
2591 4174 2682 4219 τοῦ
2731 4170 2856 4219 Θεοῦ
2886 4173 2994 4229 νῦν,
3042 4168 3132 4223 τὴν
3183 4169 3374 4224 Καινὴν
3425 4166 3696 4224 Διαθήκην
3727 4163 3877 4235 λέγει,
3932 4161 3992 4220 ὡς

2401 4257 2702 4329 μηνύουσαν
2730 4258 2846 4328 περὶ
2896 4263 2990 4315 τῆς
3043 4252 3317 4327 βασιλείας
3358 4262 3450 4307 τοῦ
3494 4262 3654 4320 Θεοῦ,
3697 4257 3727 4312 ἦ
3763 4256 3831 4315 ὡς
3866 4250 3993 4303 εἰσα-

2401 4364 2599 4417 γουσαν
2630 4345 2702 4407 εἰς
2728 4349 2822 4404 τὴν
2849 4341 3123 4418 βασιλείαν
3155 4351 3246 4396 τοῦ
3273 4351 3427 4397 Θεοῦ.

2323 4463 2373 4519 D
2475 4439 2575 4488 Καὶ
2625 4433 2786 4506 λέγων
2851 4464 2920 4474 -
2992 4436 3190 4508 καιρὸς.
3248 4432 3308 4486 '0
3381 4435 3566 4508 καιρὸς
3624 4434 3652 4485 6
3707 4430 3997 4506 ἀφορισθεὶς

2400 4527 2542 4598 παρὰ
2614 4528 2742 4578 Θεοῦ
2810 4531 2871 4596 τῇ
2941 4520 3174 4595 πολιτείᾳ
3252 4530 3346 4584 τῆς
3401 4520 3638 4585 Παλαιᾶς
3725 4521 3993 4581 meme

2398 4618 2516 4688 περὶ
2597 4609 2656 4666 οὗ
2731 4631 2889 4686 φησιν
2946 4613 2972 4664 6
3045 4611 3380 4674 ’Λπόστολοςο
3458 4613 3536 4663 ὅτι
3589 4610 3721 4664 Ὀτι
3775 4607 3897 4670 ἦλθε
3941 4608 3994 4658 τό

2395 4703 2656 4777 πλήρωμα
2701 4710 2794 4756 τοῦ
2848 4706 3068 4777 χρόνον,
3116 4699 3466 4765 ἐξαπέστειλεν
3517 4701 3544 4752 ὁ
3593 4704 3727 4763 Θεὸς
3773 4703 3860 4753 τὸν
3887 4697 3995 4751 Υἱὸν

2396 4811 2578 4846 αυτου.

2467 4886 2570 4935 Καὶ
2615 4911 2686 4924 -
2737 4888 2891 4936 Θεοῦ.
2948 4879 3197 4952 Ἤγγικεν
3249 4882 3335 4931 ἶνα
3383 4876 3684 4953 βασιλεύσῃ
3762 4885 3865 4932 τῶν
3916 4892 3996 4927 πι·

2395 4975 2694 5041 στενόντων,
2747 4972 2812 5031 ὡς
2855 4970 3153 5043 ἠρμηνεύθη
3212 4975 3582 5043 φωεροὼτερον
3620 4967 3674 5021 ἐν
3724 4976 3800 5039 τῷ
3845 4963 4000 5023 δηλω-

2400 5063 2536 5115 θέντι
2574 5059 2855 5134 κεφαλαίῳ.

2448 5190 2495 5224 ¹⁸
2551 5188 2688 5243 Luc.
2744 5202 2821 5254 ιιι,
2851 5188 2938 5241 22.
3019 5186 3068 5221 ¹⁶
3092 5183 3293 5240 Matth.
3323 5200 3400 5250 iv,
3440 5185 3476 5239 5
3508 5202 3522 5253 ;
3554 5185 3700 5240 Luc.
3737 5187 3886 5251 iv,2.
3958 5179 3998 5213 ’⁷

1853 5451 2075 5522 Variae
2113 5455 2444 5524 lectiones
2483 5465 2782 5525 etnotae.

707 5641 822 5784 $12;
851 5639 1012 5713 Ὅπερ
1044 5647 1132 5695 καὶ
1169 5641 1217 5695 ἐν
1242 5644 1299 5699 Β.

737 5712 799 5768 13
848 5711 1124 5784 Ἐγραφαν
1149 5715 1207 5772 Β.

737 5711 822 5786 13)
848 5711 1124 5788 Ἐγραφαν
1149 5715 1207 5772 Β.

2467 5651 2580 5724 (14)
2607 5659 2710 5724 Τῷ,
2734 5650 2904 5708 abest
2926 5653 2992 5704 A.
