4188 6480
184 462 288 520 777

258 593 548 642 Μετανοεῖτε
627 617 694 627 —
800 583 1116 656 Εύαγγελίῳ.

181 678 420 743 ἐνταῦθα,
493 680 587 735 τὴν
673 677 862 732 Καινήν
938 675 1200 732 Διαθήκην
1261 673 1518 744 ὠνόμασε,
1590 683 1778 738 παραι-

177 777 303 835 νῶν,
354 771 430 819 ὅτι
483 766 754 818 Πιστεύετε
809 771 872 836 τῇ
933 769 1093 834 Καινῇ
1150 763 1410 833 Διαθήκη,
1466 763 1648 830 ἤγουν,
1709 755 1778 814 ὡς

179 857 320 915 αὕτη
341 856 641 911 ὑποτίθησι.

253 951 557 1019 Περιπατῶν
620 973 686 983 -
743 941 919 1002 ἁλιεῖς.
979 944 1194 1017 Εἴρηται
1252 944 1342 991 καὶ
1413 940 1531 1012 περὶ
1585 936 1778 988 τούτων

179 1033 228 1087 ἒν
270 1042 346 1105 τῷ
372 1034 589 1104 τοιούτῳ
617 1030 896 1103 κεφαλαίῳ.

255 1128 359 1177 Καὶ
417 1119 550 1174 εἶπεν
605 1149 676 1160 -
724 1118 1086 1178 ἠκολούθησαν
1139 1118 1296 1190 αύτῷ.
1354 1121 1454 1169 Καὶ
1496 1117 1612 1188 περὶ
1662 1111 1779 1163 τού-

176 1233 283 1266 των
314 1213 496 1284 ὁμοίως
519 1208 568 1262 ἐν
592 1208 766 1281 ἐκείνῳ
795 1211 1018 1283 εῖρηται.

253 1305 355 1355 Καὶ
409 1297 608 1373 προϐὰς
665 1328 732 1338 -
781 1298 964 1350 αὐτοῦ.
1037 1301 1258 1365 Εἴρηται
1321 1300 1411 1348 καὶ
1471 1297 1588 1366 περὶ
1657 1292 1778 1343 τού-

175 1411 278 1444 των
310 1389 427 1443 ἐκεῖ.

255 1484 358 1534 Καὶ
429 1477 820 1551 εἰσπορεύονται
887 1507 956 1515 -
1031 1472 1308 1528 ἐδίδασκε.
1376 1480 1554 1526 Ταῦτα
1611 1470 1702 1523 καί
1753 1471 1779 1522 ό

182 1573 393 1629 Λουκᾶς
449 1569 744 1638 ἱστόρησεν.
804 1564 996 1618 Ἦλθον
1053 1561 1114 1616 δέ
1164 1563 1237 1625 εἰς
1291 1565 1630 1638 Καπερναούμ
1675 1561 1778 1612 ἀπὸ

181 1667 276 1718 τῆς
347 1656 610 1730 Ναζαρετ,
675 1657 744 1717 ὡς
822 1655 849 1707 ό
913 1653 1067 1713 αύτός
1137 1654 1254 1723 (15)
1336 1651 1776 1724 ἓπεσημειὼσατο.

183 1753 303 1807 Τοῖς
358 1743 590 1798 Σάϐϐασι
641 1742 723 1804 δι,
781 1742 893 1796 ἀντὶ
944 1750 1058 1807 τοῦ,
1117 1742 1197 1795 Ἐν
1247 1749 1357 1802 ταῖς
1412 1743 1628 1814 ἡμέραις
1681 1747 1780 1792 τῶν

188 1833 477 1902 Σαϐϐάτων,
539 1834 624 1886 ὅτε
682 1829 742 1890 ἦν
797 1828 1006 1890 δηλαδὴ
1079 1829 1361 1884 Σαϐϐαῖον.
1435 1829 1515 1882 Ἑν
1569 1831 1783 1888 ταύταις

1269 446 1640 514 COMMENT.
1683 443 1753 502 IN
1802 441 2145 503 MARCUM.
2189 481 2253 492 —
2296 449 2451 508 CAP.
2495 451 2536 507 Ι.

1221 582 1378 636 Πάλιν
1467 573 1776 649 Εύαγγέλιον

1964 570 2122 629 Vers.
2161 576 2242 642 15,
2272 577 2604 646 Resipiscz‘te
2626 575 3054 648 —Evangelio.
3078 577 3335 633 Rursum
3357 576 3548 632 Evan-

3439 447 3546 505 778

1889 659 2110 729 gelium
2136 665 2578 723 nominavithic
2598 669 3035 723 Testamentum
3057 668 3310 734 Novum,
3329 665 3546 722 adhor-

1888 753 2016 805 tans
2056 755 2122 807 ut
2148 755 2309 810 Novo
2335 757 2713 813 Testamento
2745 757 3007 814 credant.
3041 754 3168 823 Vel,
3212 755 3364 813 sicut
3393 752 3543 812 illud

1888 839 2126 896 credere
2159 843 2388 900 suadet.

1959 927 2127 985 Vers.
2156 931 2242 986 16.
2281 933 2602 991 Ambulans
2632 965 2698 979 -
2724 936 3067 1007 piscatores.
3100 938 3181 993 De
3203 933 3299 992 his
3327 933 3542 994 eodem

1888 1017 2083 1090 capite
2112 1019 2339 1077 dictum
2369 1027 2478 1079 est.

1959 1107 2117 1165 Vers.
2152 1111 2238 1166 17.
2280 1111 2361 1167 Et
2391 1113 2548 1170 dixit
2578 1144 2645 1155 —
2670 1113 2832 1171 Vers.
2873 1115 2958 1173 t8.
2999 1113 3187 1174 secuti
3213 1121 3352 1174 sunt
3389 1129 3540 1174 cum.

1888 1195 2170 1254 Similiter
2193 1204 2250 1256 et
2272 1199 2346 1256 de
2371 1201 2463 1258 his
2493 1201 2708 1260 eodem
2736 1205 2924 1278 capite
2944 1204 3173 1262 dictum
3198 1209 3304 1263 est.

1958 1285 2119 1342 Vers.
2151 1289 2239 1344 19.
2266 1289 2346 1345 Et
2370 1305 2714 1365 progressus
2735 1325 2807 1337 —
2834 1294 2996 1352 Vers.
3014 1295 3278 1355 20.eum.
3311 1293 3543 1354 Dictum

1887 1378 1973 1431 est
1996 1376 2071 1433 de
2099 1377 2193 1433 his
2222 1377 2464 1438 ibidem.

1958 1464 2121 1522 Vers.
2153 1469 2241 1524 2t.
2266 1469 2345 1525 Et
2375 1470 2890 1542 ingrediuntur—
2913 1471 3177 1533 docebat.
3202 1474 3344 1532 Hac
3374 1474 3544 1532 etiam

1886 1553 2076 1611 Lucas
2106 1557 2356 1630 scripsit.
2389 1562 2686 1619 Venerunt
2714 1566 2917 1621 autem
2957 1562 3335 1638 Capernaum
3363 1579 3402 1622 a
3429 1566 3547 1621 Na-

1887 1644 2110 1716 zareth,
2141 1647 2291 1704 sicut
2320 1647 2414 1705 ille
2445 1650 2810 1720 signiﬁcavit
2835 1653 2900 1706 1°.
2933 1651 3208 1710 Sabbatis’
3235 1663 3396 1720 ‘vero,
3428 1653 3546 1710 hoc

1889 1739 1997 1800 est,
2028 1735 2241 1792 diebus
2277 1737 2679 1797 Sabbatorum
2707 1745 2854 1798 erat.
2883 1747 2950 1798 In
2986 1742 3081 1800 his
3121 1742 3280 1800 enim
3311 1741 3544 1811 diebus,

1891 1825 2039 1882 dum
2063 1825 2174 1882 illis
2199 1827 2384 1885 otium
2417 1834 2559 1896 erat,
2593 1831 2972 1904 permittebat
3005 1832 3099 1890 lex
3127 1837 3194 1890 ut
3223 1848 3547 1906 congrega-

189 1927 290 1998 γάρ
344 1930 455 1985 ταῖς
510 1923 728 1995 ἡμέραις
783 1919 1032 1995 ἀργοῦσιν
1085 1919 1257 1977 αὐτοῖς
1309 1918 1573 1993 ἐπέτρεπεν
1625 1919 1650 1970 ὁ
1697 1921 1781 1970 νό-

1903 1920 2095 1972 rentur
2119 1932 2190 1973 ac
2213 1917 2374 1988 leges
2403 1918 2736 1977 recitarent.
2755 1922 2914 1978 Tunc
2939 1936 3083 1994 ergo
3103 1923 3406 1996 ingressus
3431 1926 3544 1989 est,

198 2033 287 2086 μος
351 2013 693 2083 συνάγεσθαι,
765 2015 855 2062 καὶ
926 2013 1043 2070 τοὺς
1114 2014 1299 2081 νόμους
1391 2007 1780 2078 ἀναγινώσκειν.

201 2107 318 2156 Τότε
379 2097 464 2154 οὖν
515 2100 817 2173 εἰσήρχετο,
885 2100 968 2151 ἱνα
1032 2101 1214 2160 πάντες
1275 2095 1573 2150 ἀκούσωσιν
1625 2095 1784 2149 αὐτοῦ

211 2194 332 2243 κατὰ
353 2189 563 2262 σχολήν.

286 2283 378 2332 Καὶ
416 2277 782 2340 ἐξεπλήσσοντο
815 2308 880 2319 -—
925 2279 974 2330 οἰ
1019 2281 1369 2352 Γραμματεῖς.
1411 2283 1590 2330 Ταῦτα
1627 2281 1717 2329 καὶ
1758 2281 1784 2331 ό

219 2369 469 2428 Mareade;
513 2369 790 2438 παρέθηκεν
835 2363 882 2418 ἦν
927 2375 1000 2437 τῷ
1043 2366 1173 2419 τέλει
1220 2375 1310 2419 τοῦ
1360 2370 1594 2439 πέμπτου
1633 2385 1784 2439 κεφα-

215 2457 369 2509 λαίου.
414 2455 535 2508 Ἀλλ’
573 2455 781 2522 ἐκεῖνος,
833 2456 905 2518 εἰς
948 2459 1006 2508 τό
1045 2460 1163 2528 «ipa;
1211 2454 1463 2515 ἀναϐῆναι
1509 2455 1644 2527 λέγει
1695 2458 1782 2507 τόν

209 2549 442 2619 Χριστόν,
480 2543 630 2598 κάκεῖ
663 2546 956 2597 καθίσαντα
1000 2541 1220 2607 διδάξαι
1261 2549 1376 2606 τοὺς
1417 2547 1656 2617 μαθητὰς
1695 2544 1782 2596 αύ-

193 2642 303 2699 τοῡ,
329 2641 666 2707 παρεστώτων
703 2643 800 2687 τῶν
831 2633 1023 2705 ὄχλων.
1059 2631 1183 2688 Εἶτα
1225 2636 1356 2706 μετὰ
1392 2637 1596 2708 μακρὰν
1627 2630 1782 2687 διδα-

191 2723 403 2777 σκαλίαν
445 2722 627 2796 ἐπάγει
652 2725 733 2776 ὅτι
777 2728 868 2776 καὶ
897 2721 1274 2785 ἐξεπλήσσοντο
1311 2726 1360 2776 οἱ
1389 2723 1543 2796 ὄχλοι
1592 2723 1674 2776 ἐπὶ
1713 2732 1776 2797 τῇ

184 2809 394 2885 διδαχῇ
447 2812 630 2879 αύτοῦ,
661 2817 750 2865 καὶ
791 2814 854 2865 τὰ
897 2812 1031 2876 ἑξῆς.
1069 2812 1228 2871 Δῆλον
1257 2809 1345 2865 οὖν
1376 2812 1536 2881 ἔστιν,
1579 2815 1656 2867 ὅτι
1693 2819 1782 2867 καὶ

181 2902 450 2976 ἀμφότερα
488 2905 784 2975 γεγόνασιν.

482 3055 628 3104 ΚΕΦ.
661 3045 734 3102 Α“.
769 3053 892 3124 Περὶ
915 3055 1004 3101 τοῦ
1030 3043 1482 3122 δαιμονιζομένου.

257 3141 362 3192 Καὶ
395 3134 456 3196 ἦν
495 3169 561 3178 -
604 3146 694 3190 τοῦ
725 3142 871 3192 Θεοῦ.
921 3145 1100 3191 Ταῦτα
1143 3143 1231 3191 καὶ
1273 3140 1300 3192 ὁ
1345 3146 1552 3201 Λουκᾶς
1582 3141 1781 3212 εἴρηκεν

175 3225 504 3302 Ἀκοὶθαρτον
560 3222 618 3280 δὲ
667 3226 888 3280 καλοῦσι
937 3231 994 3280 τὸ
1053 3224 1344 3301 δαιμόνιον,
1404 3231 1468 3290 ὡς
1533 3225 1782 3301 ὶφηδυνό-

173 3336 337 3389 μενον
403 3323 517 3376 ταῖς
590 3314 938 3389 ἁκαθαρσίαις
1017 3322 1107 3369 καὶ
1175 3322 1434 3391 μιαρίαις.
1510 3318 1781 3393 ’Δνέκραξε

179 3403 244 3458 δι
281 3407 311 3457 ὁ
350 3406 628 3480 ἄνθρωπος,
679 3408 749 3478 μὴ
801 3409 1032 3479 φέροντος
1085 3414 1176 3458 τοῦ
1224 3405 1272 3459 ἐν
1315 3406 1455 3478 αύτῷ
1505 3404 1778 3480 δαιμονίου

176 3499 281 3554 τὴν
311 3492 604 3569 προσϐολὴν
634 3501 729 3557 τῆς
759 3496 1014 3556 θεότητος.
1052 3493 1150 3549 Ἐα
1181 3492 1260 3564 δὲ,
1305 3495 1421 3549 ἀντὶ
1461 3505 1572 3550 τοῦ.
1625 3497 1781 3570 Ἄφες

175 3585 352 3656 ἡμᾶς.
401 3589 463 3637 Τί
507 3587 673 3636 κοινόν
728 3585 852 3657 ἡμῖν
903 3588 991 3636 καὶ
1038 3590 1166 3652 σοί;
1217 3587 1524 3662 Ναζαρηνὸν
1579 3583 1639 3640 δέ
1694 3590 1779 3640 τόν

173 3676 420 3748 Χριστόν
495 3674 776 3747 ὠνόμασεν,
847 3675 916 3736 ὡς
983 3673 1334 3750 ἀνατραφέντα
1399 3675 1447 3728 ἐν
1504 3684 1566 3750 τῇ
1635 3677 1780 3730 πόλει

169 3763 448 3838 Ναξαρὶτ,
479 3764 650 3824 καθώς
675 3763 790 3834 (16)
820 3763 845 3815 ὁ
876 3765 1143 3826 Ματθαῖος
1174 3767 1466 3840 ἱστόρησεν.

249 3940 536 3997 ’Δπὼλειαν
583 3937 642 3995 δε
685 3939 906 3995 ἐνταῦθα
944 3941 1056 4016 (17)
1106 3945 1131 3996 ὀ
1179 3940 1403 4017 δαίμων,
1445 3950 1541 4005 την
1580 3943 1779 4019 ἐποχὴν

172 4041 274 4095 τῆς
338 4028 604 4104 δυνάμεως
653 4036 742 4084 καὶ
793 4031 1158 4108 ἁνενεργησίαν
1209 4039 1300 4088 καὶ
1354 4032 1533 4099 δίωξιν
1587 4037 1780 4090 ἑαυτῶν

167 4122 349 4175 καλεῖ.
398 4124 468 4174 Τό
518 4117 594 4173 δέ·
646 4117 785 4174 Οἶδά
834 4140 890 4174 σε
938 4127 1017 4183 τίς
1069 4119 1130 4193 εἴ,
1180 4120 1305 4190 εἶπε,
1363 4125 1650 4178 κολακεύων
1692 4125 1781 4177 αύ-

162 4215 282 4277 τόν,
343 4211 425 4262 ἱνα
477 4214 718 4282 φείσηται
766 4210 944 4263 αύτοῦ·
1002 4211 1096 4264 ούκ
1145 4209 1252 4266 εἶπε
1309 4209 1368 4266 δὲ
1416 4211 1620 4287 Ἀγιος,
1673 4213 1779 4267 ἀλλ’

163 4302 232 4354 '0
281 4299 460 4371 ἅγιος,
514 4301 643 4372 μετα
691 4308 787 4360 τῆς
841 4307 933 4352 τοῦ
981 4302 1178 4375 ἄρθρου
1225 4305 1552 4376 προσθήκης.
1606 4293 1781 4378 Ἀγιοι

165 4396 266 4465 μὲν
315 4393 418 4466 γὰρ
463 4395 552 4442 καὶ
602 4392 652 4443 οἱ
693 4399 974 4466 προφῆται,
1024 4389 1150 4445 ἀλλά
1197 4396 1332 4447 κατὰ
1382 4402 1634 4469 μετοχὴν·
1689 4402 1781 4471 μό-

164 4501 264 4543 νος
293 4477 359 4533 δέ
387 4482 416 4532 ὁ
444 4483 569 4541 Θεός
599 4482 749 4553 φύσει
773 4485 862 4533 καὶ
899 4485 1090 4556 κυρίως
1120 4482 1286 4555 ἅγιος.
1312 4488 1405 4538 Διὰ
1432 4494 1582 4540 τοῦτο
1607 4493 1778 4541 τοίνυν

164 4567 344 4638 εἶπεν,
412 4569 473 4622 '0
540 4570 706 4642 ἅγιος,
781 4569 894 4623 ἀντὶ
965 4578 1078 4641 τοῦ,
1125 4573 1152 4625 ό
1222 4577 1372 4646 φύσει
1437 4581 1528 4629 καὶ
1592 4583 1781 4652 κυρίως

161 4658 356 4731 ἅγιος.

249 4752 361 4802 Καὶ
408 4745 712 4822 ἕπετίμησεν
768 4747 824 4812 EE
873 4748 1054 4803 αύτοῦ.
1122 4782 1190 4794 -
1237 4752 1602 4828 Ἐπιτίμησεν,
1673 4758 1783 4811 ἀντι

159 4845 292 4902 τοῦ,
355 4835 744 4909 Ἐπεστόμισεν.
791 4836 929 4912 Ὅρα
985 4835 1065 4905 δὲ,
1119 4849 1231 4902 πῶς
1280 4843 1374 4896 ούκ
1426 4841 1640 4909 ίδέξατο
1689 4852 1783 4906 τὴν

157 4926 280 4980 ἀπὸ
333 4935 429 4979 τοῦ
478 4923 724 5000 δαίμονος
753 4932 1038 5002 μαρτυρίαν
1085 4931 1112 4982 ὁ
1156 4936 1406 5006 Χριστὸς,
1443 4940 1617 4988 καίτοι
1661 4936 1785 4997 ἁλη-

158 5019 482 5084 θεύουσαν;
538 5025 741 5092 πρῶτον
800 5020 910 5091 μὲν,
955 5020 1035 5070 ὃτι
1083 5019 1175 5072 οὒκ
1223 5023 1446 5094 ἔχρῃζεν
1493 5027 1523 5083 ἡ
1571 5025 1786 5085 ἀλήθεια

155 5108 590 5181 μαρτυρηθῆναι
641 5110 784 5181 παρὰ
846 5115 938 5162 τοῦ
1001 5106 1252 5180 ψεύδουςο
1314 5115 1490 5165 ἔπειτα
1546 5113 1787 5179 ἐδίδαξεν

151 5199 350 5268 ἡμᾶς,
382 5201 456 5268 μὴ
509 5200 765 5275 πιστεύειν
807 5204 918 5258 τοῖς
947 5194 1190 5271 δαίμοσι,
1231 5199 1328 5254 κᾶν
1375 5201 1530 5264 ἁλνθῆ
1574 5204 1785 5276 λέγωσι.

151 5281 529 5356 Φιλοψευδείς
574 5289 675 5361 γάρ
754 5290 892 5350 ὄντες
956 5293 1046 5340 καὶ
1131 5289 1527 5363 πολεμιώτατοι,
1582 5295 1675 5346 οὐκ
1730 5298 1790 5347 ἄν

1893 2009 1957 2062 ut
1987 2021 2092 2080 per
2115 2006 2302 2064 otium
2332 2022 2542 2066 omnes
2567 2010 2848 2067 audirent
2873 2011 3097 2086 ipsum.

1963 2239 2126 2297 Vers.
2158 2244 2248 2298 22.
2279 2242 2361 2298 Et
2383 2243 2696 2313 stupebant
2725 2274 2796 2286 —-
2818 2245 3052 2302 Scriba.
3085 2248 3219 2302 Hac
3234 2245 3548 2304 Matthaus

1889 2344 2134 2404 quoque
2159 2332 2361 2404 posuit
2388 2334 2448 2388 in
2473 2333 2591 2390 ﬁne
2619 2334 2812 2408 quinti
2850 2336 3064 2408 capitis
3091 2338 3160 2391 ³⁸.
3195 2337 3413 2393 Verum
3448 2334 3547 2393 ille

1889 2419 2187 2478 Christum
2227 2421 2287 2479 iu
2326 2429 2592 2480 montem
2632 2425 2979 2482 ascendisse
3016 2425 3171 2495 dicit,
3211 2425 3418 2499 ibique
3459 2441 3549 2483 se-

1889 2508 2130 2567 dentem
2157 2512 2476 2584 discipulos
2506 2529 2652 2571 suos
2672 2515 2970 2586 docuisse,
2993 2515 3328 2573 astantibus
3350 2519 3406 2573 et
3424 2520 3548 2573 tur-

1887 2598 1982 2655 bis
2015 2615 2030 2666 ;
2057 2600 2274 2658 deinde
2298 2606 2436 2674 post
2452 2602 2702 2674 longum
2732 2615 3071 2662 sermonem
3103 2603 3349 2672 inducit,
3381 2604 3549 2679 quod

1887 2689 2070 2746 etiam
2110 2691 2296 2748 turbae
2334 2697 2685 2765 stupuerunt
2712 2709 2894 2766 super
2929 2694 3204 2752 doctrina
3237 2693 3431 2768 ipsius
3469 2696 3542 2761 ²¹,

1886 2784 1997 2836 etc.
2024 2780 2394 2840 Manifestum
2419 2797 2564 2854 ergo
2586 2786 2694 2850 est,
2725 2788 3047 2858 utrumque
3067 2784 3293 2844 factum
3321 2798 3472 2842 esse.

2336 3033 2492 3091 CAP.
2525 3034 2580 3088 1.
2608 3035 2692 3091 De
2719 3034 3100 3093 daemonica-0.

1963 3133 2119 3190 Vers.
2161 3132 2249 3187 23.
2285 3133 2364 3188 Et
2401 3139 2553 3190 erat.
2593 3162 2660 3174 -—
2692 3135 2856 3190 Vers.
2893 3138 2982 3190 24.
3017 3134 3143 3191 Dei.
3188 3136 3326 3191 Haac
3364 3134 3545 3193 etiam

1889 3221 2036 3279 dixit
2065 3222 2252 3277 Lucas
2281 3224 2356 3277 ”.
2395 3219 2621 3278 Vocant
2651 3227 2854 3279 autem
2892 3223 3257 3280 daemonium
3285 3223 3546 3280 immun-

1887 3309 2055 3379 dum,
2080 3311 2253 3384 quasi
2283 3310 2674 3367 immunditiis
2714 3326 2785 3370 ac
2815 3311 3133 3368 sceleribus
3163 3313 3542 3383 gaudentem.

1889 3399 2174 3458 Clamavit
2203 3416 2351 3457 sane
2374 3400 2576 3468 homo,
2608 3414 2732 3457 non
2770 3401 2992 3458 ferente
3021 3400 3188 3474 quod
3218 3401 3280 3458 in
3308 3417 3380 3458 eo
3417 3408 3546 3460 erat

1887 3490 2188 3546 daemonio
2215 3490 2333 3546 vim
2357 3489 2870 3556 divinitatis.Sine,
2895 3491 3010 3548 hoc
3027 3494 3132 3558 est,
3163 3490 3392 3548 Dimitte
3408 3507 3541 3547 nos.

1890 3578 2044 3646 Quid
2075 3579 2178 3635 tibi
2206 3579 2522 3636 nobiscum
2549 3594 2871 3637 commune
2901 3585 2989 3637 est
3012 3580 3041 3637 τ
3071 3580 3368 3638 Christum
3398 3595 3546 3654 quo-

1888 3685 2007 3744 que
2031 3669 2267 3727 vocavit
2296 3672 2688 3736 Nazarenum,
2718 3686 2789 3728 eo
2818 3671 2985 3744 quod
3014 3669 3075 3728 in
3105 3671 3338 3728 civitate
3369 3673 3546 3728 Naza-

1887 3759 2016 3817 reth
2057 3760 2313 3817 nutritus
2359 3765 2533 3830 esset,
2577 3760 3094 3834 quemadmodum
3136 3759 3372 3834 scripsit
3412 3762 3547 3818 Mat-

1889 3850 2078 3907 thaeus
2107 3852 2176 3910 ”.

1960 3939 2359 3998 Perditionem
2391 3945 2613 4010 autem,
2641 3945 2814 3998 vocat
2836 3941 2934 3998 hic
2963 3941 3205 3998 daemon
3235 3940 3547 3999 cohibitio-

1890 4045 2029 4087 nem
2068 4047 2190 4087 sum
2233 4032 2561 4104 potestatis,
2612 4032 3010 4106 virtutemque
3049 4032 3443 4100 contrariam,
3473 4045 3546 4088 ac

1889 4121 2390 4194 persecutionem.
2414 4121 2476 4176 Id
2489 4120 2670 4178 etiam
2688 4121 2853 4194 quod
2871 4121 3112 4178 additur
3137 4139 3150 4176 :
3171 4122 3326 4178 Novi
3341 4129 3396 4178 te
3413 4120 3540 4193 quis

1888 4212 1987 4280 sis,
2021 4211 2329 4267 adulando
2358 4211 2410 4266 ei
2441 4210 2606 4276 dixit,
2640 4215 2704 4267 ut
2731 4210 2842 4283 ipsi
2871 4215 3159 4283 parceret.
3192 4213 3317 4267 Non
3345 4210 3542 4266 solum

1889 4306 2090 4358 autem
2113 4299 2256 4357 dixit
2279 4300 2543 4366 Sanctus,
2567 4298 2692 4366 sed,
2719 4300 2826 4356 ille
2845 4300 3124 4365 Sanctus,
3149 4314 3287 4355 cum
3313 4297 3546 4355 articuli

1890 4389 2213 4448 additione.
2247 4387 2557 4462 Siquidem
2587 4393 2644 4444 et
2683 4389 2990 4461 propheta:
3023 4388 3218 4445 sancti
3245 4391 3403 4454 sunt,
3438 4385 3544 4442 sed

1890 4497 1995 4555 per
2026 4479 2530 4553 participationem
2563 4495 2577 4533 :
2611 4477 2773 4535 solus
2803 4483 3003 4548 autem
3031 4481 3186 4534 Deus
3218 4476 3460 4550 proprie
3490 4479 3548 4532 et

1889 4575 2106 4628 natura
2144 4573 2386 4627 sanctus
2417 4571 2522 4625 est.
2557 4569 2640 4626 0b
2669 4567 2728 4624 id
2761 4582 2903 4638 ergo
2924 4565 3101 4625 dixit:
3142 4569 3393 4625 Sanctus
3427 4565 3544 4632 ille,

1889 4662 2006 4719 hoc
2035 4664 2121 4718 est
2145 4665 2358 4718 natura
2381 4657 2620 4732 proprie
2652 4663 2913 4715 sanctus.

1937 4753 2122 4809 'Vers.
2152 4750 2240 4807 25.
2287 4750 2364 4807 Et
2401 4749 2736 4819 increpavit
2765 4780 2834 4790 —
2865 4749 2940 4805 ab
2989 4763 3075 4807 eo.
3104 4779 3175 4790 —
3201 4745 3547 4818 Increpavit,

1895 4843 2007 4899 hoc
2037 4845 2142 4904 est,
2175 4841 2251 4897 Os
2270 4839 2591 4897 obturavit.
2621 4836 2766 4894 Vide
2787 4843 2985 4895 autem
3017 4835 3183 4910 quod
3208 4851 3332 4894 non
3355 4851 3552 4893 susce-

1895 4931 2042 5005 perit
2071 4930 2336 4987 Christus
2368 4946 2405 4986 a
2433 4929 2709 4986 daemone
2737 4928 3161 4997 testimonium,
3193 4942 3551 5001 quanquam

1895 5038 2032 5078 vera
2051 5021 2562 5078 diceret.Primum
2590 5019 2834 5091 quidem
2866 5018 3008 5090 quia
3040 5033 3162 5074 non
3195 5017 3318 5073 vult
3339 5017 3553 5073 veritas

1899 5117 1962 5168 ut
1989 5111 2104 5167 sibi
2132 5127 2168 5167 a
2197 5110 2455 5166 falsitate
2480 5107 2856 5181 perhibeatur
2879 5106 3308 5164 testimonium.
3333 5105 3554 5162 Deinde

1899 5201 2099 5259 docuit
2147 5216 2258 5258 nos
2311 5217 2386 5256 ne
2430 5198 2806 5256 daemonibus
2877 5210 3148 5270 unquam
3213 5195 3553 5275 credamus,

1901 5294 2078 5351 etiam
2157 5307 2298 5348 vera
2383 5289 2718 5348 dicentibus
2799 5304 2811 5343 :
2890 5304 3029 5345 cum
3107 5286 3267 5344 enim
3355 5290 3558 5344 ament

240 5431 300 5466 1⁸
335 5429 476 5485 Luc.
509 5443 589 5495 Iv,
651 5430 733 5484 16.
810 5431 860 5465 ²⁰
891 5430 1095 5488 Matth.
1130 5449 1182 5501 ν,
1221 5438 1269 5492 1.
1345 5436 1388 5470 ²¹
1417 5437 1616 5494 Matth.
1648 5456 1747 5502 vn,
1778 5449 1781 5467 ‘

1946 5442 1993 5476 ²²
2025 5440 2158 5495 Luc.
2193 5454 2268 5503 IV,
2298 5437 2386 5493 33.
2465 5437 2511 5471 ³³
2551 5437 2685 5491 Luc.
2714 5449 2794 5501 ιν,
2830 5431 2913 5488 16.

1404 5579 1625 5650 Variae
1656 5581 1983 5651 lectiones
2015 5593 2079 5650 et
2121 5591 2322 5648 notae.

263 5734 369 5807 15)
414 5737 914 5807 Παρεσημειὼσατο.
949 5736 1009 5790 Β.

263 5734 346 5788 15
414 5737 914 5807 Παρεσημειὼσατο.
949 5736 1009 5790 Β.

229 5731 374 5881 ξ1ϐζ
417 5809 648 5872 Λουκᾶς,
677 5805 1124 5878 corrigendum.

491 5902 707 5960 Parnm.
743 5903 844 5962 Gn.
887 5903 1132 5965 CXXIX.

1953 5743 2070 5817 (17)
2091 5744 2399 5818 Λίγειφοει
2426 5741 2662 5809 ἐνταῦθα,
2694 5738 2858 5799 addit
2890 5742 2957 5798 Α.
