4188 6450
186 389 286 446 781
1265 386 1632 448 COMMENT.
1673 386 1745 444 IN
1783 385 1840 443 Μ

1881 387 2104 446 .RCUM.
2140 421 2210 433 —
2239 389 2394 449 CAP.
2436 392 2488 448 Ι.
3429 393 3535 452 78!

184 520 307 590 περὶ
353 517 535 568 τούτου
593 513 642 567 ἂν
684 522 756 586 τῷ
807 513 968 588 ἐνάτῳ
1013 515 1270 589 κεφαλαίῳ
1334 523 1426 570 τοῦ
1473 517 1606 568 κατὰ
1632 519 1776 567 Ματ-
1804 512 1838 568 Α

1885 529 2085 572 nuam.
2119 516 2349 576 Dictum
2377 521 2464 575 est
2492 517 2648 575 etde
2674 516 2768 576 his
2795 518 2988 592 capite
3015 533 3179 578 nono
3198 519 3373 592 juxta
3394 521 3539 578 lat-

187 607 351 658 θαῖον.

1882 602 2126 662 ιιιωυω.

258 699 360 748 Καὶ
387 692 692 767 ἐθεράπευσε
766 723 836 735 -
882 692 1104 757 ἐξέϐαλε.
1177 693 1237 746 '0
1294 697 1383 767 μὶν
1440 695 1646 767 Μάρκος
1710 691 1778 744 εἷ·
1956 693 3536 772 Vers.34.Etcuravit—eiecit.Marcusquidemdixit,

180 803 297 848 πεν,
351 786 428 836 ότι
495 781 802 854 ἐθεράπευσε
869 783 1104 844 πολλούς·
1163 786 1188 836 6
1239 781 1297 836 δὲ
1353 785 1637 848 Μαι·θαίος,
1697 782 1778 833 ὅτι

1885 782 2050 854 quod
2062 784 2282 840 multos
2296 787 2916 846 curaverit.Matthaaus
2930 803 3069 844 vero
3080 787 3239 860 quod
3251 789 3536 844 omnes".

179 875 396 933 πάντας.
443 872 662 944 Ὁμοίως
712 868 771 924 δὲ
828 877 916 925 καὶ
960 879 1080 948 περὶ
1126 881 1225 925 τῶν
1272 869 1577 946 δαιμονίων,
1619 872 1645 922 ό
1688 873 1778 940 μεν

1890 870 2164 929 Similiter
2193 881 2392 930 autem
2419 876 2565 933 etde
2587 876 2900 933 daemoniis
2929 876 3072 933 dixit
3092 879 3338 942 Marcus,
3371 875 3539 950 quod

179 964 416 1036 Μάρκος,
484 964 564 1014 ὅτι
604 958 852 1035 δαιμόνια
893 962 1058 1016 πολλὰ
1105 961 1332 1025 ἐξέϐαλεν
1375 982 1388 995 ο
1441 965 1468 1015 6
1517 958 1576 1014 δὲ
1633 961 1779 1016 Ματ-

1889 960 2189 1018 όωωοοίθ.
2203 964 2390 1020 multa
2411 965 2582 1037 ejecit
2600 965 2940 1030 ,‘Matthaeus
2959 981 3096 1022 vero
3121 967 3284 1039 quod
3301 966 3539 1039 spiritus

183 1056 355 1119 θαῖος,
400 1053 480 1104 ὅτι
535 1051 733 1114 ἐξέϐαλε
802 1055 868 1104 τὰ
928 1055 1216 1124 πνεύματα,
1269 1048 1529 1117 δηλονότι,
1591 1052 1777 1103 πάντα.

1890 1050 2060 1121 ejecit
2089 1052 2159 1120 ³⁸,
2191 1058 2336 1124 puta
2367 1069 2600 1110 omnes.
3524 1111 3529 1122 ,

252 1147 326 1195 Τί
371 1141 454 1194 οὖν
504 1145 704 1213 omnis;
749 1144 818 1194 T6
868 1141 1088 1202 πολλοὺς
1137 1140 1357 1194 ἐνταῦθα
1409 1145 1494 1192 καὶ
1541 1143 1600 1192 τό
1649 1138 1784 1192 Πολ-

1963 1140 2117 1207 Quid
2174 1157 2314 1212 ergo
2365 1142 2662 1200 dicimus?
2715 1143 2886 1210 Quod
2941 1145 3163 1201 Multos
3219 1149 3276 1202 et
3324 1144 3538 1211 Multa,

178 1232 246 1285 λὰ
297 1233 610 1306 προσέθηκεν
666 1232 693 1282 ό
739 1223 1134 1302 εὐαγγελιστης,
1206 1230 1310 1301 οὐχ
1392 1231 1471 1282 ὅτι
1535 1228 1784 1302 παρέλιπε

1891 1229 2119 1286 addidit
2145 1230 2242 1286 hic
2271 1231 2665 1301 Evangelista,
2697 1249 2820 1289 non
2845 1233 3009 1306 quod
3040 1233 3277 1306 aliquos
3307 1237 3543 1307 pretere

181 1341 336 1382 τινας
363 1320 756 1395 ἀθεραπεύτους,
803 1321 828 1371 ό
880 1323 1069 1394 Κύριος
1101 1316 1215 1372 οὐδ’
1259 1321 1339 1372 ὅτι
1374 1315 1625 1391 δαιμόνιά
1667 1337 1785 1370 τινα

1891 1319 2115 1375 miserit
2143 1320 2456 1387 Dominus,
2478 1321 2624 1395 quin
2654 1323 2966 1395 curaverit,
2992 1327 3093 1378 aut
3112 1322 3416 1381 daemonia
3442 1322 3545 1380 ali-

185 1412 402 1486 ἀφῆκεν,
457 1408 581 1473 ἀλλ’,
627 1411 708 1461 ἱνα
737 1405 881 1481 δείξῃ
927 1413 1079 1480 μόνον
1130 1410 1155 1460 6
1197 1410 1420 1482 Μάρκος.
1465 1410 1546 1460 ὅτι
1587 1407 1784 1468 πλῆθος

1891 1423 2014 1482 qua
2056 1409 2378 1482 reliquerit,
2414 1412 2519 1467 sed
2553 1414 2807 1476 tantum,
2853 1415 2918 1468 ut
2967 1411 3247 1469 ostendat
3287 1413 3543 1478 Marcus,

186 1501 327 1562 ἦσαν
373 1501 420 1552 οἱ
451 1501 857 1572 θεραπευθέντες,
916 1503 1006 1551 καὶ
1064 1500 1144 1550 ότι
1190 1498 1353 1550 πολλὰ
1400 1494 1460 1556 ἧν
1509 1499 1575 1550 τὰ
1604 1495 1786 1554 ἐκϐληο

1894 1498 2057 1571 quod
2087 1499 2251 1555 multi
2283 1501 2519 1556 fuerunt
2548 1501 2654 1573 qui
2680 1500 2875 1557 sanati
2901 1507 3060 1567 sunt,
3093 1501 3401 1574 multaque
3431 1501 3548 1573 eje-

189 1593 340 1644 Θέντα
368 1586 636 1662 δαιμόνια.
687 1593 867 1641 Σκόπει
899 1584 979 1653 δὲ,
1021 1596 1128 1648 πῶς
1170 1590 1229 1639 τό
1279 1584 1532 1659 δαιμονᾴν
1562 1585 1621 1638 οὐ
1666 1605 1786 1638 συν-

1893 1594 1988 1645 cta
2029 1587 2350 1645 dwmonia.
2385 1588 2703 1646 Considera
2731 1593 2932 1646 autem
2964 1590 3270 1663 quomodo
3308 1589 3543 1647 damo-

188 1683 363 1733 τάττει
413 1687 529 1741 ταῖς
573 1678 754 1739 illa“;
802 1682 972 1738 νόσοις
1024 1675 1131 1729 ἀλλ’
1183 1673 1333 1738 ἰδίως
1374 1676 1500 1728 αὐτό
1549 1677 1780 1742 τίθησιν,

1892 1677 2134 1733 niacum
2182 1692 2330 1743 esse,
2384 1692 2507 1734 non
2537 1677 2866 1750 conjungat
2899 1677 3031 1734 aliis
3076 1678 3543 1746 inﬁrmitatibus,

193 1773 255 1832 ὡς
293 1767 678 1841 χαλεπώτατον.

1894 1765 2000 1823 sed
2017 1765 2132 1823 hoc
2150 1781 2258 1840 per
2282 1782 2344 1823 se
2364 1771 2552 1840 ponat
2572 1770 2864 1840 tanquam
2879 1766 2940 1824 id
2959 1767 3122 1842 quod
3141 1767 3548 1842 miserrimum

1893 1859 2006 1912 est.
3224 1872 3232 1884 τ

1813 1864 1863 1925 Β
1893 1869 1922 1911 e

268 1966 363 2015 Καὶ
404 1961 498 2014 οὐκ
550 1992 619 2002 -
677 1959 851 2013 αὐτόν.
905 1959 1153 2015 Ἐκώλυεν
1222 1961 1340 2033 (ῗο)
1403 1961 1538 2014 αὐτὰ
1595 1961 1782 2030 λαλεῖν,

1895 1864 2129 2000 e“Vierni.
2161 1944 2249 2000 34.
2274 1945 2352 2001 Et
2375 1961 2492 2002 non
2519 1975 2590 1988 —
2612 1945 2822 2016 ipsum.
2845 1944 3202 2003 Prohibebat
3223 1945 3359 2019 ipsa
3379 1927 3454 2004 de
3485 1960 3549 2006 se

206 2056 315 2126 περὶ
355 2049 533 2104 ἑαυτοῦ
588 2050 872 2124 κράζοντα,
919 2052 1056 2104 καθά
1087 2050 1202 2124 (21)
1257 2050 1533 2126 ἱστόρησεν
1584 2053 1609 2104 6
1653 2058 1788 2106 Λου-

1894 2033 2082 2107 loqui,
2130 2033 2456 2092 clamantia
2500 2035 2646 2092 sicut
2688 2034 2839 2092 dixit
2886 2036 3072 2092 Lucas
3117 2038 3177 2092 et
3222 2034 3486 2093 dicentia
3530 2050 3548 2093 :

211 2123 319 2206 κᾶις,
368 2145 453 2192 καὶ
498 2123 732 2212 λέγοντα,
787 2141 868 2192 ὃτι
927 2143 992 2191 Σὺ
1025 2136 1074 2192 εἷ
1115 2141 1140 2192 6
1171 2123 1422 2215 Χριστός,
1465 2141 1490 2192 6
1541 2143 1659 2203 Υἱὸς
1695 2145 1787 2194 τόῦ

1901 2123 1989 2179 Tu
2013 2138 2068 2180 es
2099 2124 2368 2181 Christus
2396 2123 2590 2180 Filius
2622 2123 2728 2183 Dei
2756 2125 2826 2180 ”.
2860 2123 3281 2198 Loquebantur
3308 2139 3452 2181 vero
3477 2124 3551 2183 de

223 2237 364 2282 Θεοῦ.
386 2229 614 2282 Ἐλάλουν
644 2224 705 2281 δε
757 2232 876 2303 περὶ
902 2228 1060 2281 αὐτοῦ
1094 2212 1232 2300 ('22),
1280 2231 1362 2282 ὅτι
1403 2226 1602 2303 ᾔδεσαν
1633 2230 1788 2283 αὐτόν

1899 2227 1968 2270 eo
2005 2213 2294 2285 quoniam
2323 2217 2612 2270 noverant
2652 2212 2853 2286 ipsum
2877 2228 3008 2270 esse
3041 2212 3354 2280 Christum,
3398 2212 3553 2271 sicut

228 2320 342 2370 ὄντα
395 2321 476 2370 τόν
533 2321 779 2394 Χριστόν,
825 2302 936 2381 νὼς
988 2319 1012 2370 6
1081 2323 1285 2380 Λουκᾶς
1335 2302 1489 2372 πάλιν
1566 2323 1786 2393 εἴρηκεν.

1899 2317 2137 2360 rursum
2175 2302 2320 2359 dixit
2351 2304 2557 2360 Lucas.
2593 2302 3048 2377 Cognoscsbant
3075 2307 3276 2360 autem
3306 2317 3414 2376 per
3449 2317 3553 2360 ra-

226 2409 513 2479 Ἐγίνωσκον
575 2403 632 2460 δε
711 2407 888 2476 αὐτόν,
953 2405 1354 2481 προσϐαλούσης
1429 2407 1607 2471 αὐτοῖς
1667 2427 1792 2482 σφο-

1899 2392 2068 2448 dium
2097 2390 2447 2458 divinitatis,
2475 2391 2581 2466 qui
2605 2392 2666 2448 in
2687 2407 2790 2449 eos
2812 2391 2890 2449 ad
2913 2390 3164 2448 modum
3188 2391 3345 2464 ignis
3369 2389 3549 2463 jacio-

224 2494 348 2572 δρῶς
387 2506 472 2558 τῆς
521 2495 720 2557 ἀκτῖνος
765 2504 861 2559 τῆς
919 2479 1174 2565 θεότητος,
1219 2501 1383 2569 πυρός
1413 2494 1570 2556 δίκην
1623 2518 1636 2531 ο
1697 2479 1791 2550 οὐκ

1899 2479 2096 2538 batur.
2137 2483 2265 2537 Non
2307 2479 2542 2538 sinebat
2578 2481 2786 2572 etiam-
2814 2496 2886 2538 ea
2925 2479 3091 2554 loqui
3129 2482 3373 2554 propter
3409 2495 3553 2538 cau-

209 2590 287 2640 ιῖα
315 2583 371 2639 δε
408 2585 538 2638 αὐτὰ
581 2585 770 2653 λαλεῖν,
817 2583 912 2638 διὰ
957 2589 1050 2645 τὴν
1097 2586 1288 2652 αἰτίαν,
1334 2591 1396 2646 ἣν
1443 2584 1790 2641 ἀποδεδώκα-

1900 2585 2030 2627 sam
2058 2585 2239 2642 quam
2271 2569 2543 2642 superius
2579 2567 2975 2637 reddidimus,
3011 2568 3112 2626 ubi
3142 2569 3554 2626 obmutescere

199 2697 289 2751 μεν
347 2674 596 2750 ἀνωτέρω,
652 2677 773 2728 ἔνθα
841 2674 1067 2749 ἇφίμωσε
1130 2680 1188 2728 τό
1257 2674 1542 2753 ἀκάθαρτον
1593 2685 1792 2751 πνεῦμα

1902 2659 2036 2716 fecit
2049 2659 2323 2733 spiritum
2344 2657 2730 2717 immundum
2747 2659 3010 2716 hominis
3033 2657 3094 2716 in
3116 2660 3439 2732 Synagoga
3456 2674 3556 2717 ve-

195 2749 284 2820 τοῦ
315 2765 363 2818 ἕν
391 2772 452 2838 τῇ
795 2768 937 2828 ὄντος
969 2763 1262 2838 ἀνθρώπου.
1423 2749 1432 2753 ⁷
1717 2749 1726 2751 ἡ
1896 2749 2040 2806 xati.
2801 2805 2808 2811 .
2845 2785 2849 2788 -
2877 2763 2882 2808 ζ
2923 2806 2926 2809 .

267 2860 370 2909 Καὶ
442 2857 578 2928 πρωί
658 2856 870 2926 ἔννυχον
935 2886 1004 2895 -
1069 2857 1427 2928 προσηύχετο.
1513 2855 1787 2929 Ἕννυχον,

1970 2857 2140 2915 Vers.
2182 2858 2270 2915 35.
2310 2856 2384 2912 Et
2416 2872 2641 2914 summo
2667 2871 2846 2916 mane
2872 2885 2943 2900 --
2976 2855 3200 2916 orabat.
3240 2856 3555 2928 luci-epu-

194 2945 312 2998 ἂντὶ
363 2951 473 3010 τοῦ,
530 2947 730 3006 Νυκτός
802 2946 876 2996 ἔτι
923 2946 1106 3007 οὔσης.
1181 2948 1251 2998 Τό
1315 2948 1416 3020 γὰρ
1468 2945 1583 2998 λίαν
1629 2947 1788 3020 πρωί,

1903 2947 2086 3014 sculo,
2104 2946 2220 3003 hoc
2240 2951 2348 3014 est,
2371 2962 2508 3003 cum
2527 2946 2728 3004 adhuc
2747 2962 2868 3004 nox
2888 2952 3074 3013 esset;
3099 2961 3411 3007 summum
3432 2961 3557 3005 mas

193 3038 410 3106 ἰννυχόν
477 3031 637 3103 ἔστιν,
697 3036 882 3100 εἶτουν,
952 3036 1211 3087 ἓνσκοτον.
1278 3038 1430 3088 Οὕτω
1476 3039 1576 3109 γὰρ
1616 3041 1706 3088 καὶ
1763 3036 1789 3088 6

1902 3053 1975 3094 ne
2003 3037 2166 3094 enim
2203 3035 2624 3108 crepusculum
2650 3040 2739 3092 est
2768 3036 2894 3093 sive
2919 3035 3258 3092 diluculum.
3289 3035 3384 3096 Sic
3407 3035 3556 3094 enim

193 3127 418 3184 Ιωάννης
469 3126 665 3197 εἰρηκεν
727 3120 776 3174 ἓν
823 3121 1014 3190 ἄλλοις,
1094 3125 1174 3176 ὅτι
1246 3123 1428 3198 Μαρία
1483 3126 1512 3182 ἠ
1571 3121 1791 3196 Μαγδα-

1905 3126 2042 3182 alibi
2066 3141 2308 3198 quoque
2330 3125 2477 3181 dixit
2500 3126 2780 3193 Joannes,
2807 3125 2972 3197 quod
2994 3125 3187 3181 Maria
3202 3125 3559 3196 Magdalene

188 3215 324 3274 ληνη
385 3215 595 3287 ἔρχεται
681 3214 836 3285 πρωί,
919 3217 1131 3274 σκοτίας
1179 3215 1249 3266 ἔτι
1327 3216 1508 3279 οὔσης,
1589 3214 1660 3276 εἰς
1734 3205 1842 3267 τό(

1907 3216 2055 3274 venit
2079 3231 2305 3272 summo
2325 3230 2494 3272 mane
2513 3230 2637 3270 cum
2659 3213 2860 3274 adhuc
2882 3214 3136 3271 tenebras
3157 3220 3334 3271 essent
3357 3216 3428 3273 ³ο.
3450 3214 3561 3272 νος

189 3309 447 3378 μνημεῖον
497 3321 510 3332 ·
571 3299 696 3353 ἀλλὰ
747 3302 860 3373 (‘23)
936 3306 1025 3354 καὶ
1106 3303 1310 3378 Μάρκος
1366 3306 1476 3376 μεν,
1536 3301 1792 3375 Ἐννυχον

1899 3321 2035 3362 rum
2061 3308 2282 3362 Marcus
2315 3303 2552 3376 quidem
2575 3303 2692 3360 hoc
2719 3301 2853 3360 loco
2872 3301 3037 3369 dixit,
3070 3303 3134 3358 1n
3165 3301 3551 3375 crepusculo;

193 3396 313 3447 εἶπε
361 3411 373 3423 ’
424 3395 625 3452 Λουκᾶς
685 3385 763 3457 δε,
813 3395 1083 3463 γενομένης
1139 3393 1355 3466 ἡμέρας.
1416 3391 1527 3446 Οὐκ
1570 3395 1681 3445 ἔστι
1735 3388 1794 3446 δε

1906 3393 2092 3450 Lucas
2121 3409 2258 3450 vero
2290 3410 2307 3448 :
2340 3392 2518 3448 Facto
2543 3391 2638 3448 die
2667 3392 2734 3446 ιι.
2762 3390 2891 3451 Non
2915 3395 3004 3448 est
3029 3395 3233 3451 autem
3262 3390 3560 3450 contradie

193 3481 582 3552 ἱναντιοφωνία.
659 3483 728 3532 Τό
793 3481 893 3553 γὰρ
977 3479 1090 3532 λίαν
1173 3484 1330 3555 πρωΐ,
1429 3484 1669 3535 ἔνσκοτόν
1740 3501 1794 3535 τε

1907 3483 2048 3547 ctio;
2085 3497 2231 3539 nam
2259 3479 2432 3539 valde
2460 3495 2640 3539 mane
2667 3483 2726 3538 et
2761 3479 3183 3553 crepusculum
3209 3484 3318 3550 est,
3348 3483 3410 3538 et
3439 3478 3561 3539 diei

182 3571 333 3634 ἔστὶ,
363 3576 450 3621 καὶ
481 3567 623 3642 ἀρχή
655 3575 746 3630 τῆς
770 3569 980 3643 ἡμέρας.

1901 3570 2290 3646 principium.
3553 3625 3555 3630 .

264 3658 492 3719 Ἀπῆλθε
541 3653 598 3712 δέ
661 3659 734 3722 εἰς
783 3656 1020 3733 ἕρημίαν,
1076 3656 1348 3714 διδάσκων
1411 3661 1564 3734 ἡμᾶς,
1618 3657 1702 3714 ἐάν
1734 3665 1788 3715 τί

1972 3662 2130 3719 Abiit
2156 3667 2358 3720 autem
2389 3661 2451 3718 in
2480 3660 2783 3718 desertum
2810 3659 3032 3728 locum,
3063 3663 3129 3716 ut
3156 3674 3268 3717 nos
3296 3658 3558 3731 doceret,

171 3769 312 3806 ποτε
375 3753 671 3821 ποιήσωμεν
753 3747 1192 3822 ἁξιοθαύμαστον,
1240 3753 1442 3824 φεύγειν
1501 3755 1586 3804 τόν
1670 3750 1771 3806 ἀπὸ

1910 3752 2068 3828 quod
2093 3752 2142 3809 si
2170 3751 2417 3826 quando
2441 3749 2829 3808 admiratione
2859 3749 3045 3823 digna
3073 3749 3408 3826 fecerimus,
3435 3749 3564 3808 lau-

183 3850 290 3894 τῶν
347 3837 621 3913 ἀνθρώπων
686 3839 908 3904 ἔπαινον,
980 3843 1071 3894 καὶ
1138 3843 1272 3894 κατὰ
1334 3846 1524 3914 μόνους
1573 3845 1782 3915 γινομέ-

1910 3843 2042 3900 dem
2076 3842 2155 3900 ab
2170 3841 2520 3899 hominibus
2544 3840 2848 3913 fugiamus
2871 3858 2884 3897 :
2909 3845 2966 3898 et
2985 3840 3061 3897 ab
3082 3839 3213 3898 aliis
3243 3839 3564 3917 segregati,

183 3947 311 3990 νους
365 3927 693 4001 εὐχαριστεῖν
721 3946 774 3980 τε
820 3935 891 3998 τῷ
943 3935 1078 4000 Θεῷ,
1131 3937 1206 4002 τῷ
1248 3925 1393 3984 δόντι
1441 3934 1602 4007 χάριν
1639 3934 1787 4005 ἡμῖν,

1906 3936 2024 3990 Deo
2047 3932 2153 4007 qui
2173 3931 2348 3989 nobis
2367 3930 2727 3989 beneﬁcium
2753 3931 3002 3988 contulit
3027 3930 3252 4004 gratias
3284 3945 3560 4009 agamus,

186 4022 281 4070 καὶ
354 4018 744 4089 προσεύχεσθαι
829 4013 1261 4090 ἐνδυναμωθῆναε
1325 4021 1419 4074 ἔτι.
1479 4015 1790 4080 Ἐπιτηδεία

1909 4038 1976 4079 ac
2017 4021 2407 4093 deprecemur
2449 4025 2514 4077 ut
2560 4019 2709 4076 illud
2755 4020 2818 4076 in
2867 4023 3173 4093 posterum
3225 4019 3563 4078 confirmet.

189 4103 252 4160 δε
285 4105 362 4167 εἰς
388 4111 692 4178 προσευχὴν
713 4107 742 4164 ἠ
772 4104 981 4180 ἐρημία,
1017 4104 1108 4160 διὰ
1132 4111 1190 4161 τό
1215 4110 1628 4186 ἀπερίσπαστον.

1914 4111 2072 4168 Unde
2083 4109 2248 4166 locus
2267 4110 2534 4166 desertus
2549 4107 2800 4165 orationi
2811 4107 3170 4165 conveniens
3188 4112 3295 4174 est,
3315 4123 3386 4165 eo
3399 4106 3568 4182 quod

269 4199 376 4248 Καὶ
424 4191 744 4259 κατεδίωξαν
801 4227 870 4238 —
909 4196 1153 4258 ζητοῦσι.
1227 4199 1440 4274 Μάρκος
1491 4204 1580 4274 μεν
1637 4201 1797 4274 λέγει,
1907 4219 1923 4258 t‘

1637 4201 1797 4274 λέγει,
1907 4200 2352 4258 distractionem
2383 4213 2501 4254 non
2530 4195 2760 4255 afferat.
3233 4257 3235 4260 ς

189 4285 277 4338 ὃτι
347 4280 404 4336 Ὀ
455 4289 619 4357 Σίμων
683 4290 771 4338 καὶ
844 4288 893 4338 οἱ
947 4286 1058 4359 μετ’
1109 4286 1267 4341 αὐτοῦ
1341 4292 1578 4362 μαθηταὶ
1640 4311 1798 4346 κατα-

1980 4307 2144 4363 Vers.
2173 4310 2260 4363 36.
2285 4305 2359 4362 Et
2379 4304 2672 4376 prosecuti
2690 4309 2828 4360 sunt
2855 4333 2921 4344 --
2947 4301 3110 4359 Vere.
3141 4303 3228 4358 37.
3260 4301 3573 4370 Quarum.

193 4369 481 4436 διώξαντες
523 4371 666 4449 εὗρον
718 4373 871 4428 αὐτόν
900 4395 913 4408 ο
959 4377 984 4428 6
1035 4371 1094 4429 δε
1145 4383 1350 4440 Λουκᾶς
1393 4381 1474 4433 ὅτι
1530 4383 1580 4434 οἱ
1648 4381 1801 4456 ὄχλοι

1915 4401 2134 4457 Marcus
2171 4369 2416 4468 quidem
2455 4394 2536 4450 ait
2567 4410 2581 4450 :
2611 4393 2837 4458 Simon,
2870 4399 2922 4448 et
2951 4391 3052 4464 qui
3088 4406 3222 4448 cum
3260 4389 3360 4446 illo
3396 4391 3569 4447 erant

196 4464 361 4524 Εἰκὸς
414 4459 492 4532 δε,
537 4468 622 4516 καὶ
689 4466 842 4538 ἄμφω
899 4473 1065 4519 ταῦτα
1142 4470 1404 4539 γενέσθαι,
1444 4475 1534 4524 καὶ
1598 4481 1802 4547 πρῶτον

1919 4459 2212 4559 prosecuti
2262 4487 2611 4541 invenerunt
2658 4498 2809 4541 eum.
2875 4459 3070 4538 Lucas
3117 4485 3340 4545 autem,
3401 4476 3573 4553 quod:

193 4555 316 4625 μὶν,
353 4555 470 4614 τοὺς
497 4554 737 4625 μαθητὰς
787 4560 940 4606 τοῦτο
977 4562 1200 4613 ποιῆσαι
1241 4576 1253 4588 ·
1289 4553 1401 4611 εἶτα
1439 4563 1560 4622 τοὺς
1585 4560 1798 4633 ὄχλους.
1835 4565 1847 4620 1

1917 4553 2103 4636 turbas
2149 4575 2218 4632 ⁸³.
2262 4573 2590 4631 Verisimile
2646 4588 2788 4644 ergo
2827 4577 2938 4641 est,
2977 4577 3299 4643 utrumque
3347 4567 3571 4628 factum

197 4647 308 4696 Καὶ
367 4645 468 4716 γὰρ
537 4641 878 4737 προλαϐόντες
931 4645 980 4697 οἱ
1031 4647 1288 4719 μαθηταὶ,
1352 4649 1438 4702 οἶα
1504 4651 1802 4726 θερμότερον

1926 4682 2063 4733 sese,
2112 4670 2168 4723 et
2215 4663 2477 4737 primum
2515 4641 2763 4736 quidem
2798 4659 3126 4733 discipulos
3176 4641 3292 4716 hoc
3338 4657 3580 4725 fecisse,

197 4731 366 4784 αὐτόν
415 4731 727 4804 ἁγαπῶντὲς,
777 4729 916 4786 εἷπον
967 4739 1085 4808 περὶ
1141 4745 1241 4789 τῶν
1299 4737 1492 4812 ὄχλων,
1537 4741 1618 4793 ὅτι
1671 4743 1803 4795 Πάν-

1926 4729 2130 4814 deinde
2158 4729 2298 4812 vero
2327 4729 2556 4810 turbas:
2590 4752 2818 4809 Etenim
2865 4729 3199 4823 discipulis,
3233 4752 3298 4805 ut
3323 4748 3429 4821 qui
3458 4747 3580 4804 fer-

194 4840 284 4884 τες
341 4839 398 4874 σε
445 4821 712 4882 ζητοῦσιν.
763 4820 899 4898 Ὀρα
954 4819 1014 4878 δὲ
1061 4826 1197 4889 ὅπως
1253 4827 1280 4887 ἡ
1334 4825 1676 4906 ἀναχώρησις
1713 4851 1810 4884 πο-

1928 4849 2153 4904 ventius
2180 4861 2320 4902 eum
2351 4843 2637 4900 amabant
2677 4819 3174 4913 anticipaverunt,
3205 4819 3471 4900 dicentes
3498 4835 3582 4901 de

197 4912 489 4987 θεινότερον
517 4910 672 4964 αὐτόν
701 4913 850 4971 ἑποίη
861 4931 938 4967 σε.

1929 4936 2106 4993 turbis
2128 4953 2142 4992 :
2163 4935 2370 4992 Omnes
2391 4937 2668 5006 quaerunt
2691 4936 2765 4988 te.
2793 4910 2930 4987 Vide
2946 4933 3149 4987 autem
3167 4927 3473 5002 quomodo
3489 4941 3583 4988 se-

1916 5025 2109 5084 cessio
2139 5022 2692 5082 desiderabiliorem
2729 5036 2868 5077 eum
2899 5017 3254 5075 reddiderat.

273 5109 387 5161 Kal
449 5103 599 5179 λέγει.
655 5136 725 5148 -
795 5105 1095 5172 ἔξελήλυθα.
1184 5111 1336 5174 Πόλις
1391 5117 1482 5186 μέν
1541 5112 1702 5186 ἐστιν,
1771 5118 1801 5176 ἡ

1985 5118 2150 5173 Vers.
2190 5113 2279 5170 38.
2318 5113 2396 5169 Et
2432 5111 2520 5170 ait
2557 5141 2625 5152 —
2654 5124 2917 5182 egressus
2953 5123 3106 5165 sum.
3149 5105 3451 5180 Oppidum
3489 5101 3579 5162 vel

188 5199 596 5269 τετειχισμένηο
628 5202 776 5271 κώμη
827 5194 906 5264 δε,
951 5201 981 5258 ἡ
1025 5198 1350 5274 ἀτείχιστος.
1383 5204 1679 5277 κωμόπολις
1723 5202 1802 5272 δε,

1927 5205 2122 5264 civitas
2159 5207 2270 5270 est,
2310 5217 2442 5276 quas
2480 5216 2686 5257 muros
2714 5198 2935 5265 habet;
2976 5211 3173 5270 pagus
3214 5199 3418 5254 autem
3456 5193 3581 5253 sive

272 5323 332 5360 '7
361 5322 560 5380 Matth.
590 5339 706 5390 vni,
739 5324 829 5382 16.
940 5327 988 5362 ³⁸
1017 5325 1170 5384 Ibid.
1281 5329 1328 5364 ”
1356 5329 1495 5386 Luc.
1526 5347 1604 5396 IV,
1635 5334 1725 5390 41,
1838 5332 1887 5370 ⁸ο
1916 5334 1926 5388 4

1838 5332 1887 5370 ⁸ο
1916 5333 2086 5389 Joan.
2113 5345 2216 5399 xx,
2249 5333 2300 5388 I.
2409 5328 2455 5364 ³¹
2489 5330 2626 5384 Luc.
2655 5339 2732 5392 iv,
2763 5323 2857 5382 42.
2967 5322 3017 5360 ⁸³
3046 5320 3190 5379 Luc.
3222 5336 3302 5394 iv,
3335 5321 3427 5379 42°

1405 5507 1631 5580 Varia-3
1665 5510 1999 5616 lectiones
2047 5519 2113 5579 et
2150 5517 2352 5577 notae.

421 5694 730 5782 Ἑκέιλυσε-ν.
765 5707 830 5758 Α.
1796 5745 1799 5748 -
1878 5729 1884 5736 ’
1932 5727 1957 5782 ᾖ
1993 5707 2111 5782 (22)
2149 5709 2322 5782 Διότί.Δ

239 5773 380 5846 (21)
424 5773 625 5835 Καθὼς.
662 5774 728 5830 Β.
932 5850 938 5854 _
1104 5812 1106 5814 τ
1605 5813 1609 5818 ι

932 5850 938 5854 .
1104 5812 1106 5814 τ
1605 5813 1609 5818 ι
1921 5773 2034 5856 (23‘)
2069 5773 2172 5836 εαι
2198 5777 2417 5864 omittit
2447 5777 2515 5838 Β.
