4188 6428
695 399 802 457 783
2007 390 2350 454 EUTHYMII
2401 387 2754 448 ZAGABENI
3947 402 4024 457 734

691 522 833 582 villa
870 525 976 581 aut
1011 521 1204 588 vicus,
1243 537 1381 594 quae
1420 522 1605 578 muris
1642 526 1836 588 caret;
1876 518 2171 594 κωμοπολις
2208 529 2345 571 vero

2381 511 2426 566 Α
2461 517 2491 573 ἡ
2543 515 2591 568 ἕν
2641 521 2783 590 μέρει
2851 523 2940 592 μιν
2982 519 3281 591 ἀτείχιστος
3323 540 3336 552 ’
3390 519 3438 572 ἓν
3505 526 3652 594 μέριι
3714 519 3772 574 3's
3842 542 4024 595 τετιιχι-

691 613 854 684 quod
869 612 965 669 hic
981 613 1242 686 ponitur,
1262 613 1426 669 vicos
1449 611 1740 682 signiﬁcat
1759 612 2038 683 majores,
2058 611 2162 664 aut
2183 604 2345 678 oppi-

2463 611 2643 672 σμένη.
2723 610 3014 680 Ἔχομένας
3089 606 3148 662 δέ
3211 608 3366 680 λέγει,
3475 614 3568 671 τὰς
3643 610 4021 675 πλησιαζούσας.

691 701 1318 774 dularusticana,qute
1339 701 1521 758 etvici
1545 707 1602 757 et
1620 701 1847 774 oppida
1860 699 2040 754 videri
2057 699 2311 770 possunt
2333 709 2345 748 :

2456 693 2802 768 Ἀπέλθωμεν,
2859 704 3009 769 φησι,
3077 703 3168 750 καὶ
3221 697 3294 760 εἰς
3335 701 3548 760 ταύτας.
3621 703 3714 752 Διὰ
3751 709 3894 754 τοῦτο
3945 707 4022 775 γὰρ

629 797 642 818 ’
690 791 911 866 partim
941 791 1188 865 quidem
1219 790 1406 847 muris
1449 790 1660 855 cincta,
1689 791 1903 862 partim
1937 794 2132 844 autem
2165 800 2283 841 mm

2459 781 2754 849 ἕξελὴλυθα,
2803 782 2897 838 διὰ
2947 791 3004 838 τό
3063 787 3304 862 κηρύξαι,
3363 784 3599 856 δηλαδὴ,
3633 796 3721 842 καὶ
3769 789 3814 842 ἐν
3853 791 4018 850 αὐταῖς.

691 881 974 939 carentia.
1006 880 1328 946 Abeamus,
1351 880 1560 952 inquit,
1582 879 1643 935 in
1669 879 1780 935 hos
1806 881 1986 934 etiam
2008 878 2194 940 vicos,
2225 875 2345 929 sive

2455 869 2513 921 Ὀ
2562 868 2621 924 δι
2679 880 2876 936 Λουκᾶς
2919 881 3007 928 καὶ
3076 881 3132 928 τό
3186 872 3326 938 εἶδος
3371 885 3460 929 τοῦ
3509 878 3837 951 κῆρύγματος
3881 899 4019 954 προσ-

691 970 772 1029 ad
801 970 931 1028 huic
957 969 1266 1044 oppidula,
1289 973 1354 1026 ut
1380 969 1440 1025 in
1466 969 1580 1025 illis
1607 984 1848 1042 quoque
1873 967 2212 1041 predicem.
2241 963 2345 1018 Lu-

2456 961 2653 1026 έθηκιν,
2719 964 2871 1016 ιίπὼν
2913 984 2927 996 ·
2987 967 3068 1018 ὅτι
3134 965 3589 1037 Εὖαγγιλίσασθαί
3662 988 3724 1042 με
3808 965 3886 1022 δεῖ
3943 974 4017 1027 τήν

692 1075 795 1117 cas
806 1075 947 1116 vero
967 1073 1157 1130 genus
1171 1073 1406 1129 quoque
1429 1057 1856 1131 praedicationis
1875 1056 2092 1112 addidit
2111 1054 2308 1109 dicens
2328 1067 2340 1106 :

2456 1047 2729 1122 βασιλείαν
2794 1061 2885 1106 τοῦ
2937 1060 3091 1124 Θεοῦ,
3143 1051 3349 1113 δηλαδὴ
3398 1057 3481 1108 ὅτι
3533 1059 3761 1129 ἤγγικεν,
3819 1060 3893 1110 ἱνα
3939 1057 4017 1132 βα-

692 1149 919 1220 Oportet
949 1163 1041 1205 me
1067 1148 1425 1205 annuntiare
1449 1161 1700 1218 regnum
1724 1147 1833 1203 Dei
1859 1146 1928 1210 ³³,
1955 1143 2124 1217 quod
2149 1141 2344 1198 videli-

2456 1138 2671 1212 σιλεύσῃ
2722 1150 2819 1193 τῶν
2869 1148 3236 1209 πιστευόντων,
3305 1146 3374 1206 ὡς
3422 1146 3539 1197 κατ’
3597 1146 3766 1219 ἀρχάς
3808 1156 3891 1200 τοῦ
3941 1168 4016 1206 κη-

689 1242 782 1295 cet
822 1235 1412 1311 appropinquaverit,
1447 1241 1512 1292 ut
1548 1251 1727 1308 super
1760 1234 2065 1291 credentes
2114 1238 2343 1301 regnet,

2453 1230 2717 1301 ρύγματος
2797 1239 2888 1284 τοῦ
2973 1240 3209 1306 Χριστοῦ
3300 1231 3349 1284 ἕν
3422 1242 3493 1304 τῷ
3573 1239 3704 1288 κατὰ
3785 1238 4014 1293 Ιατθαίον

687 1325 1208 1401 quemadmodum
1230 1326 1388 1382 circa
1411 1325 1706 1398 principia
1730 1320 2171 1396 prmdicationis
2189 1318 2341 1376 Chri-

2455 1317 2754 1391 Εὐαγγελλῳ
2818 1325 3144 1394 προείρηται.
3213 1321 3368 1376 Ἀλλά
3423 1325 3629 1398 Μάρκος
3689 1329 3774 1398 μέν
3823 1345 4011 1398 φησιν·

686 1415 760 1471 sti
808 1416 868 1471 in
901 1415 1217 1485 Evangelia
1242 1414 1412 1486 juxta
1459 1413 1796 1470 Matthaeum
1827 1413 2049 1468 dictum
2082 1417 2188 1468 est.
2229 1409 2340 1465 Sed

2453 1405 2534 1456 ὅτι
2601 1406 2909 1470 Ἐξιλήλυθα
2974 1427 2987 1440 ·
3050 1415 3254 1472 Λουκᾶς
3333 1407 3411 1476 δί,
3490 1414 3572 1465 ὅτι
3661 1413 4005 1486 Ἀπέσταλμαι.

685 1507 915 1562 larens
941 1503 1188 1577 quidem
1214 1502 1396 1560 habet
1422 1521 1436 1560 :
1464 1503 1755 1574 Egressus
1779 1517 1904 1557 sum
1931 1523 1942 1566 ;
1973 1501 2154 1556 Lucas
2178 1515 2339 1566 vero,

2455 1494 2606 1558 Εἰκὸς
2654 1493 2713 1548 δι
2764 1504 2853 1550 καὶ
2908 1497 3060 1570 ἄμφω
3110 1501 3336 1573 ῥηθῆναι
3387 1508 3475 1552 νῦν
3527 1506 3615 1574 μὶν
3660 1511 3817 1571 τοῦτο,
3857 1511 3936 1554 νῦν
3963 1499 4013 1555 δι

683 1595 897 1651 Missus
923 1609 1047 1650 sum
1077 1593 1148 1650 “.
1178 1593 1291 1650 Sed
1319 1591 1632 1649 verisimile
1653 1597 1742 1648 est
1768 1598 2088 1663 utrumque
2115 1589 2337 1644 dictum

2452 1584 2630 1637 ὰιίνο.
2701 1591 2802 1639 Καὶ
2869 1585 2975 1640 ἐπεὶ
3047 1585 3264 1650 διπλοῦς
3323 1585 3385 1647 ἧν
3436 1592 3462 1642 ὁ
3516 1596 3752 1663 Χριστὸς,
3819 1595 3871 1644 τὸ

683 1683 891 1754 fuisse,
934 1697 1096 1740 nunc
1139 1683 1269 1748 hoc,
1302 1697 1464 1739 nunc
1495 1686 1693 1738 autem
1721 1680 1886 1737 illud.
1922 1682 1986 1736 Et
2032 1679 2175 1752 quia
2219 1678 2337 1735 duo

2455 1673 2828 1746 Ἀπέσταλμαι,
2879 1678 2949 1740 ὡς
3004 1674 3270 1751 ἄνθρωπος
3348 1681 3519 1752 εἴρηκε
3551 1699 3563 1712 ’
3616 1683 3668 1732 τό
3717 1675 3772 1731 δὲ
3823 1678 4006 1742 Ἐξςλό-

681 1772 966 1846 quaadam
1005 1777 1172 1830 erant
1209 1773 1271 1828 in
1310 1772 1560 1840 Christo,
1612 1769 1778 1844 quod
1816 1769 2030 1826 dicitur
2071 1785 2084 1825 :
2128 1769 2335 1825 Missus

1223 1787 1271 1828 in
1310 1772 1560 1840 Christo,
1612 1769 1778 1844 quod
1816 1769 2030 1826 dicitur
2071 1785 2084 1825 :
2128 1769 2341 1825 Missus
2450 1760 2601 1829 λυθα.
2626 1767 2695 1826 ὡς
2726 1770 2877 1826 Θιός-

681 1878 830 1930 sum,
885 1860 1228 1932 intelligitur
1284 1866 1575 1934 tanquam
1613 1860 1836 1925 homo;
1893 1859 2062 1932 quod
2113 1863 2335 1923 autem,
2371 1860 2416 1918 Β

682 1949 969 2023 Egressus
995 1965 1146 2017 sum,
1178 1950 1352 2024 quasi
1382 1950 1546 2006 Deus.

685 2059 688 2062 ’
752 2040 915 2097 Vers.
947 2042 1035 2097 39.
1069 2040 1144 2096 Et
1169 2038 1541 2110 praedicabat
1570 2067 1639 2080 —
1667 2037 1960 2109 ejiciebat.‘
1988 2041 2034 2093 Λ
2063 2035 2335 2132 doctrina

2522 2072 2622 2120 Καὶ
2680 2064 2740 2126 ἦν
2820 2071 3102 2132 κηρύσσων
3160 2101 3227 2110 —
3283 2068 3553 2124 έκὸάλλων.
3595 2069 3714 2124 Ἀπὸ
3774 2077 3862 2132 τῆς
3925 2064 3999 2122 δι-

680 2088 1573 2193 ...;.;'i;.z'i5';.{.;;;.1;;1;.
1622 2088 1956 2199 αἶῖόῖἶιόὶέ
1988 2088 2334 2182 mea“.

2524 2088 2622 2120 λαι
2680 2089 2740 2126 ην
2820 2088 3102 2143 κηρυσσων
3160 2101 3227 2110 -
3283 2088 3553 2124 εκδαλλων.
3615 2088 3714 2124 arto
3774 2089 3862 2132 της
3925 2088 4000 2122 οι-

2450 2151 2737 2217 δασκαλίας
2801 2156 3089 2230 μετέϐαινεν
3159 2156 3241 2210 ἐπὶ
3307 2162 3371 2211 τὰ
3443 2161 3692 2232 θαύματα,
3793 2159 3868 2210 ἱνα
3926 2158 4004 2219 οὓς

679 2233 900 2291 sermo,
926 2217 1248 2276 attraheret
1277 2215 1705 2274 miraculorum
1732 2214 2016 2289 potentia,
2042 2221 2099 2271 et
2124 2219 2190 2270 ut
2221 2227 2333 2270 ser-

2454 2203 2737 2217 """""'"‘
2801 2203 3083 2230 r'"""""
3160 2203 3241 2210 “”““
3314 2203 3371 2211 “’“
3445 2203 3692 2232 ⁷’“⁷Γ’””’9
3795 2203 3868 2210 ’⁷⁷⁷
3929 2203 3999 2219 ’⁷’¹

2447 2243 2733 2298 ὶπισπᾶται
2783 2247 2894 2319 (24)
2956 2248 2982 2299 ό
3045 2247 3218 2319 λόγος,
3280 2246 3469 2320 ἑλκύσῃ
3527 2258 3622 2300 τῶν
3682 2249 3999 2320 θαυμάτωνὴ

677 2323 922 2367 monem
953 2308 1353 2368 conﬁrmaret.

2447 2329 2686 2408 δύναμις,
2738 2341 2825 2388 καὶ
2875 2308 2964 2388 ινα
3016 2308 3294 2411 βαέαιώσῃ
3371 2309 3456 2390 τὸν
3526 2338 3670 2410 λόγον
3735 2308 3833 2399 τόίς
3900 2338 4006 2389 θαύ-

2485 2443 2598 2476 ασι.

744 2503 940 2563 Simul
985 2505 1168 2563 etiam
1196 2504 1392 2576 ﬁgura
1421 2502 1596 2560 nobis
1627 2500 1754 2570 fuit,
1789 2505 1852 2558 ut
1883 2517 2000 2558 non
2026 2501 2216 2558 solum
2259 2501 2334 2558 de

2444 2445 2598 2497 μασμ

2520 2519 2615 2566 Καὶ
2669 2514 2779 2587 οἶμα
2839 2517 2994 2575 τύπος
3046 2517 3172 2587 ἡμῖν
3219 2513 3431 2588 ἕγίνετο,
3485 2524 3577 2570 τοῦ
3628 2522 3697 2591 μή
3763 2521 3900 2590 μόνον
3941 2515 4007 2568 λέο

673 2593 890 2654 virtute
918 2594 1264 2670 loquamur,
1298 2609 1501 2650 verum
1534 2592 1712 2650 etiam
1743 2608 2082 2666 operemur.

1843 2608 2082 2649 :remur.
2442 2622 2547 2675 γιιν
2577 2608 2692 2677 περὶ
2726 2603 2878 2678 αρετῇ
2890 2625 2928 2671 ς,
2965 2601 3089 2656 ἀλλὰ
3118 2607 3206 2657 καὶ
3232 2607 3497 2682 πράττειν.

1163 2737 1312 2793 CAP.
1338 2735 1432 2792 IV.
1463 2738 1551 2793 De
1580 2737 1830 2806 leproso.

2871 2753 3016 2803 KEO.
3051 2746 3116 2802 Δ’.
3161 2753 3286 2820 Περὶ
3316 2757 3412 2802 τοῦ
3439 2749 3649 2824 λεπροῦ.

745 2843 912 2901 Vers.
958 2841 1047 2900 40.
1079 2843 1160 2900 Et
1186 2845 1338 2902 venit
1369 2874 1436 2886 —
1479 2843 1788 2901 mundare.
1821 2843 1900 2898 De
1930 2842 2045 2898 hoc
2094 2843 2330 2916 leproso

2513 2867 2609 2916 Καὶ
2693 2866 2902 2934 ἔρχεται
2961 2894 3029 2904 —
3095 2866 3406 2938 καθαρίσαι.
3487 2869 3706 2940 Εἴρηται
3786 2873 3893 2942 πιρὶ
3935 2875 4009 2919 τοὺ

673 2932 902 2990 dictum
932 2936 1022 2990 est
1044 2937 1210 2990 sexto
1234 2933 1409 3006 juxta
1440 2932 1778 2990 Iatthreum
1805 2933 2014 3003 capite.
2051 2932 2327 2989 Videntur

2438 2951 2715 3024 κεφαλαίου
2764 2955 2950 3005 τούτου
3006 2951 3055 3004 έν
3112 2962 3184 3005 τῶ
3247 2957 3378 3027 ἕκτῳ
3441 2956 3700 3029 κεφαλαίῳ
3757 2966 3843 3009 τοῦ
3900 2957 4007 3008 κατὰ

671 3027 875 3081 autem
904 3021 1290 3095 Evangelista:
1317 3021 1749 3096 aliquantulum
1780 3022 1936 3079 circa
1968 3026 2205 3094 tempus
2237 3038 2325 3079 sa-

2441 3041 2735 3096 Ματθαῖον.
2800 3046 3069 3094 Φαίνονται
3146 3038 3204 3096 di
3259 3041 3480 3097 ένταῦθα
3554 3052 3675 3099 πεοὶ
3725 3051 3805 3099 τὸν
3856 3050 4007 3098 καιοόν

669 3109 931 3170 nationis
950 3111 1054 3185 huj
1064 3129 1132 3169 us
1144 3111 1485 3184 discrepare
1501 3127 1515 3177 ;
1540 3111 1844 3209 latthmus
1861 3112 2156 3184 siquidem
2171 3117 2323 3168 ante-

2374 3138 2534 3211 Λτῆς
2583 3131 2768 3192 ἰάσεως
2837 3133 2886 3183 οἱ
2963 3131 3329 3203 εὐαγγιλισταὶ
3398 3139 3585 3210 μικρόν
3621 3103 3694 3188 ⁸τι
3757 3101 4010 3211 παραλλιιὲτ⁸

667 3215 854 3274 quam
867 3201 1017 3259 Petri
1033 3217 1272 3259 socrum
1294 3204 1547 3269 curaret,
1565 3200 1732 3272 ponit
1759 3215 1828 3257 ea
1840 3215 1977 3273 quas
2003 3200 2321 3272 deleprosc

2371 3193 2632 3282 ϐτοντις.
2699 3222 2957 3281 Ματθαῖος
3009 3225 3099 3293 μεν
3167 3224 3291 3296 γὰρ,
3356 3193 3456 3295 πρὸ
3494 3193 3598 3278 ⁸τοῦ
3667 3193 4010 3301 θεραπιυθῆναι

667 3295 805 3349 sunt
833 3292 903 3348 ⁸⁸.
934 3294 1163 3350 larens
1193 3305 1332 3348 vero
1361 3295 1417 3347 et
1448 3291 1636 3346 Lucas
1663 3295 1870 3363 postea
1901 3292 1968 3345 ³⁸.
1998 3289 2321 3347 Verisimile

2437 3314 2531 3367 τὴν
2587 3312 2829 3384 πενθερὰν
2907 3314 3122 3383 Πέτρου,
3186 3313 3530 3383 παρατίθεται
3613 3317 3684 3366 τὰ
3743 3317 3871 3366 κατὰ
3942 3316 4007 3365 τὸν

664 3386 752 3438 est
778 3386 981 3440 autem
992 3381 1106 3438 hos
1119 3379 1477 3438 miraculum
1500 3385 1731 3437 tantum
1747 3385 2148 3454 perscrutatos
2173 3395 2318 3445 esse,

2436 3398 2616 3474 λεπρόν
2665 3419 2676 3431 ·
2713 3379 2920 3471 alapae;
2957 3379 3015 3452 δέ
3063 3404 3152 3452 καὶ
3200 3379 3428 3464 Λουκᾶς.
3487 3403 3598 3474 μετ’
3655 3404 3834 3463 αὑτήν.
3887 3403 4008 3464 Εἰκὸς

663 3475 722 3529 et
744 3471 821 3528 de
849 3475 1121 3544 tempore
1140 3485 1263 3527 non
1287 3483 1654 3542 magnopere
1674 3484 1938 3565 curasse,
1960 3484 2023 3525 re
2042 3469 2317 3565 Avidelicel

2437 3484 2495 3541 di
2569 3488 2779 3559 αὐτοὺς,
2860 3492 2919 3541 τὸ
2993 3490 3170 3560 θαῦμα
3217 3494 3371 3562 μόνον
3439 3469 4003 3565 ἀκριϐολογησαμένους,

662 3575 790 3619 non
812 3559 1156 3618 necessaria
1181 3582 1195 3616 :
1221 3558 1390 3632 quod
1416 3563 1474 3615 et
1498 3559 1646 3616 alias
1671 3557 2012 3632 frequenter
2036 3555 2316 3614 fecerunt.

2432 3582 2504 3649 μὴ
2545 3577 3053 3651 πολυπραγμονῆσαι
3100 3581 3186 3630 τὸν
3233 3582 3434 3655 καιρόν,
3487 3549 3556 3642 dic
3607 3549 3712 3634 οὐκ
3739 3549 4009 3655 αναίγκαίον,

2431 3663 2458 3717 ὅ
2483 3670 2571 3718 καὶ
2597 3665 2865 3738 πολλαχοῦ
2893 3669 3261 3724 πεποιήκασιν.

732 3755 897 3811 Vers.
925 3753 1015 3810 41.
1041 3754 1204 3810 Jesus
1232 3759 1425 3809 autem
1457 3783 1524 3794 —
1553 3754 1714 3809 Vers.
1746 3756 1832 3808 42.
1865 3752 2190 3810 mundatus
2217 3760 2318 3813 est.

2498 3752 2556 3807 Ὀ
2610 3751 2670 3808 δι
2729 3756 2934 3816 Ἰησοῦς
2983 3785 3054 3798 -
3088 3753 3433 3830 ίκαθαρίσθη.
3499 3761 3719 3831 Εἰρηται
3766 3763 3850 3811 καὶ
3907 3759 4013 3833 περὶ

661 3841 944 3899 Similiter
971 3847 1027 3899 et
1051 3841 1126 3898 de
1156 3842 1272 3898 hoc
1296 3840 1519 3898 ibidem
1554 3840 1778 3897 dictum
1809 3845 1914 3898 est.

2427 3847 2623 3897 τούτὼν
2651 3848 2843 3917 ὁμοίως
2873 3847 2920 3897 ἓν
2961 3853 3032 3915 τῷ
3070 3846 3279 3920 ῥηθέντι
3311 3846 3596 3918 κεφὰλαίῳ.

677 3951 680 3954 ’
733 3931 896 3988 Vers.
923 3934 1014 3989 43.
1041 3931 1118 3988 Et
1145 3931 1529 3988 comminatus
1559 3961 1628 3971 —
1653 3930 1814 3987 Vers.
1846 3933 1936 3987 44.
1969 3930 2112 4004 illis,
2149 3931 2318 3990 Com-

2501 3939 2598 3988 Καὶ
2690 3933 3140 4010 ἐμϐριμησάμινος
3229 3966 3297 3976 -
3366 3937 3563 3998 αὐτοῖς.
3630 3937 4012 4012 Ἐνιϐριμήσατο

659 4020 916 4080 minatus
952 4027 1044 4079 est
1074 4025 1130 4078 et
1158 4019 1400 4078 duobus
1431 4021 1624 4077 caecis.
1657 4021 1862 4087 Queere
1893 4025 2091 4078 autem
2143 4038 2313 4080 enar-

2425 4029 2513 4076 καὶ
2565 4031 2671 4086 τοῖς
2727 4021 2856 4076 δυσὶ
2913 4024 3139 4096 τυφλοῖς,
3201 4028 3290 4076 καὶ
3356 4025 3588 4086 ζήτησον
3640 4033 3736 4086 τὴν
3790 4026 4013 4100 ἐξήγησιν

656 4111 952 4170 rationem
997 4109 1216 4168 decimi
1251 4110 1481 4182 septimi
1511 4110 1720 4183 capitis
1748 4111 1908 4182 juxta
1952 4111 2310 4182 Mattbzeum,

2424 4121 2516 4165 τοῦ
2568 4109 3015 4166 ἑπτακαιδεκάτου
3060 4111 3336 4186 κεφαλαίου
3388 4122 3478 4167 τοῦ
3548 4120 3683 4170 κατὰ
3743 4118 4010 4181 Ματθαίον,

652 4201 716 4259 in
758 4216 880 4275 quo
924 4200 1000 4260 de
1024 4199 1492 4259 comminatione
1519 4199 1745 4256 dictum
1775 4206 1883 4255 est.
1934 4199 2138 4258 Emisit
2171 4218 2306 4259 vero

2423 4200 2472 4254 ἕν
2530 4202 2560 4274 ᾗ
2617 4205 2818 4277 εἴρηται
2892 4208 3009 4276 περὶ
3065 4211 3155 4264 τῆς
3219 4201 3594 4278 ἐμϐριμήσιως.
3677 4205 3906 4270 Ἐξέϐκλε
3963 4203 4014 4258 δέ

650 4305 792 4349 eum
817 4305 854 4348 a
879 4293 1202 4364 conspectu
1230 4303 1362 4355 suo,
1401 4288 1516 4346 hoc
1544 4293 1633 4346 est
1657 4289 2026 4346 amandavit.

2423 4290 2577 4344 αὐτὸν
2601 4293 2886 4345 ἀπενὼπιον
2917 4291 3097 4357 αὑτοῦ,
3124 4296 3410 4357 τουτέστιν,
3440 4291 3685 4348 ἀπέλυσε.

719 4381 800 4438 De
837 4381 930 4438 his
954 4385 1155 4440 autem
1184 4394 1323 4454 quas
1365 4384 1698 4452 sequuntur
1725 4379 1866 4435 data
1891 4383 1984 4436 est
2023 4379 2312 4454 interpre-

2494 4383 2614 4452 Περὶ
2669 4373 2727 4431 δε
2774 4386 2873 4430 τῶν
2944 4377 3062 4441 ἑξῆς
3121 4378 3443 4452 ἡρμήνευται
3496 4379 3546 4430 ἓν
3607 4387 3682 4452 τῷ
3744 4376 4012 4440 δηλωθέντι

647 4471 792 4528 latio
816 4470 1102 4543 pradicto
1127 4473 1297 4525 sexto
1325 4469 1542 4539 capite.

1202 4473 1297 4525 [to
1325 4469 1542 4539 capite.
2345 4541 2368 4543 ξ
2421 4467 2549 4538 ἕκτῳ
2579 4467 2856 4540 κεφαλαίῳ.

716 4541 880 4615 Vers.
930 4562 1021 4616 45.
1066 4559 1176 4615 lue
1219 4564 1415 4615 autem
1469 4587 1542 4598 —
1581 4556 1861 4628 undique.
1906 4557 2053 4614 Cum
2105 4564 2308 4630 gratus
2341 4541 2370 4599 Ῑ

2356 4542 2389 4599 D
2487 4555 2547 4608 '0
2609 4553 2670 4609 ei":
2735 4587 2801 4597 —
2856 4557 3206 4628 πανταχόθεν.
3271 4555 3557 4629 Εὗγνώμων
3605 4555 3676 4608 ὢν
3735 4559 3763 4610 ό
3820 4556 4010 4631 λεπρὸς,

645 4663 773 4706 esse
803 4646 981 4704 vellet
999 4647 1290 4720 leprosus,
1322 4661 1438 4702 non
1460 4645 1587 4703 tulit
1609 4650 1669 4701 ut
1687 4645 2046 4703 beneﬁcium
2070 4647 2299 4704 silentio

2417 4645 2511 4698 οὐκ
2568 4646 2820 4718 ἠνέσχετο
2878 4653 3002 4719 σιγῇ
3079 4645 3311 4716 καλύψαι
3357 4653 3451 4704 τὴν
3519 4646 3842 4719 εὐεργεσίαν,
3915 4646 4009 4698 ἀλλ’

644 4740 959 4810 tegeretur,
998 4737 1107 4793 sed
1141 4735 1503 4808 pradioabat
1555 4735 1746 4792 multa
1773 4735 1848 4792 de
1890 4736 2102 4792 Christi
2142 4742 2298 4808 pote-

2415 4735 2665 4808 s'xripurrs
2721 4734 2887 4788 πολλὰ
2948 4739 3064 4810 περὶ
3129 4741 3224 4795 τῆς
3287 4731 3551 4806 δυνάμεως
3606 4744 3699 4787 τοῦ
3767 4743 4008 4810 Χριστοῦ,

645 4831 818 4891 state,
836 4829 895 4882 et
912 4825 1344 4881 disseminabat
1358 4823 1630 4886 verbum,
1645 4823 1809 4896 quod
1823 4823 1901 4879 ad
1919 4839 2059 4880 eum
2073 4825 2299 4882 dixerat

2413 4829 2502 4877 καὶ
2551 4821 2828 4897 διεφήμιζι
2868 4827 2954 4877 τόν
3014 4824 3182 4895 λόγον,
3251 4825 3305 4876 ὅν
3371 4826 3570 4898 εἶρηκεν
3631 4824 3777 4896 αὐτῷ
3819 4827 3844 4878 ὁ
3893 4833 4006 4896 Χρι-

642 4915 928 4980 Christus,
961 4919 1099 4986 puta
1127 4933 1139 4966 :
1184 4913 1339 4979 Volo,
1394 4913 1707 4978 mundare,
1741 4918 2030 4986 tanquam
2063 4931 2169 4986 per
2198 4932 2296 4972 au-

2415 4919 2554 4983 στός,
2604 4911 2838 4980 δηλαδὴ,
2879 4918 2936 4966 τὸ
2983 4913 3137 4979 Θέλω,
3196 4915 3572 4985 καθαρίσθητι,
3613 4916 3679 4974 ὡς
3736 4915 3851 4988 μετ’
3884 4913 4009 4978 ἕξου-

639 5003 972 5062 ctoritatem
1015 5002 1261 5068 factum,
1295 5002 1620 5074 statimque
1646 5003 1706 5058 in
1737 5019 1888 5074 opus
1934 5003 2286 5062 deductum.

2410 5010 2529 5068 σίας
2581 5009 2869 5077 γενόμενον,
2928 5008 3017 5056 καὶ
3080 5004 3198 5074 (25)
3273 5004 3419 5063 εὐθὺς
3473 5003 3543 5064 εἰς
3603 5006 3756 5077 ἔργον
3813 5003 4004 5060 ἐκϐεϐη-

637 5093 967 5149 Veniebant
981 5096 1180 5148 autem
1203 5091 1470 5162 undique
1491 5092 1567 5146 ad
1582 5092 1899 5157 Christum,
1919 5098 2120 5164 utpote
2135 5093 2291 5150 fama

2405 5099 2552 5147 κότα.
2609 5093 2874 5166 Ἥρχοντο
2933 5090 2992 5146 δὴ
3049 5097 3176 5166 πρὸς
3224 5096 3311 5145 τὸν
3372 5097 3602 5166 Χριστὸν
3653 5095 4003 5167 πανταχόθεν,

635 5183 715 5240 ad
767 5197 976 5239 omnes
1021 5187 1420 5254 percurrente.
1474 5181 1616 5236 Dicit
1663 5182 1821 5236 enim
1876 5185 2077 5252 Lucas,
2127 5184 2289 5254 quod

2403 5184 2486 5238 οἱα
2533 5193 2622 5245 τῆς
2674 5189 2850 5256 φήμης
2889 5181 2972 5234 in}.
3024 5185 3219 5243 πάντας
3281 5177 3626 5242 διαθεδὺσης.
3676 5189 3821 5241 Φησὶ
3860 5182 4002 5256 γὰρό

631 5273 1077 5346 pervagabatur
1101 5271 1293 5344 magis
1317 5271 1390 5326 de
1410 5271 1512 5327 illo
1533 5286 1738 5326 rumor
1756 5273 1824 5336 ⁸⁷,
1851 5271 1963 5349 hoc
1985 5279 2070 5328 est
2089 5273 2252 5330 fama
2271 5297 2282 5334 :

2402 5280 2604 5334 Λουκᾶς
2657 5275 2735 5326 ὃτι
2794 5268 3048 5344 διήρχετο
3117 5270 3308 5343 μᾶλλον
3357 5272 3382 5322 ό
3438 5270 3590 5342 λόγος
3655 5278 3782 5346 περὶ
3834 5272 4000 5332 αὑτοῦ,

629 5369 686 5420 et
729 5362 989 5419 laborem
1039 5361 1316 5417 vincebat
1363 5360 1658 5431 cupiditas
1684 5359 1923 5416 videndi
1976 5377 2136 5428 eum,
2180 5365 2283 5436 qui

2397 5367 2688 5430 τουτέστιν,
2743 5363 2772 5419 ἠ
2829 5365 2997 5433 φήμη,
3063 5365 3152 5412 καὶ
3203 5358 3345 5412 ἐνίκα
3406 5363 3494 5412 τόν
3543 5364 3702 5413 κόπον
3755 5362 3786 5419 ἡ
3842 5360 4003 5414 ἐπιθυ·

626 5452 781 5510 adeo
810 5451 1152 5522 divulgatus
1181 5453 1356 5506 esset.

2393 5458 2491 5527 μία
2514 5460 2603 5506 τοῦ
2637 5448 2764 5506 ἰδεῖν
2789 5454 2877 5503 τόν
2908 5453 3283 5522 φημιζόμινον.

698 5564 744 5599 ⁸³
776 5561 918 5618 ibid.
950 5561 1040 5617 48.
1153 5561 1201 5596 ³⁸
1231 5558 1377 5616 ibid.
1492 5559 1538 5594 ³⁵
1564 5558 1766 5616 Matth.
1801 5576 1918 5617 vni.
1949 5562 2003 5628 4,
2038 5563 2126 5619 14.
2249 5564 2300 5602 ⁸⁸
2335 5563 2352 5621 1

1809 5576 1918 5617 vni.
1949 5562 2003 5628 4,
2038 5563 2126 5619 14.
2249 5564 2300 5602 ⁸⁸
2335 5563 2476 5622 Luc.
2510 5577 2588 5632 ιν,
2615 5560 2724 5627 38;
2758 5575 2812 5627 v,
2844 5562 2932 5616 12.
3045 5559 3092 5594 ³⁷
3122 5559 3255 5614 Luc.
3286 5573 3341 5626 v,
3375 5560 3463 5616 15.

1842 5659 2069 5752 varia;
2104 5662 2438 5734 lectiones
2471 5671 2539 5729 et
2568 5668 2769 5727 notas.

689 5778 804 5856 (24)
829 5780 1017 5848 Forte,
1049 5780 1309 5833 έπισπᾶτο
1335 5791 1439 5834 seu
1473 5773 1838 5833 ἂπισπάσατο.

1647 5776 1838 5833 ἄσατο.
2471 5776 2584 5852 (25)
2613 5774 2720 5844 Ὡς,
2752 5773 2886 5834 loco
2915 5777 3006 5830 καί
3028 5771 3212 5832 habet
3237 5773 3301 5829 Β.
