4188 6454
217 363 334 418 ’185

1321 357 1688 418 COMMENT.
1730 353 1806 413 IN
1846 353 2185 422 MARCUM.
2224 388 2293 400 —
2331 358 2492 417 CAP.
2525 359 2596 416 ΙΙ.

3494 355 3603 414 786

298 489 408 543 Kal
451 518 519 528 —
565 484 640 540 δι’
700 487 923 561 ἡμερῶν.
977 488 1052 543 Δι’
1104 508 1327 564 ημερων,
1381 491 1497 541 αντὶ
1536 490 1646 551 τοῦ,
1697 481 1814 536 Διελε

2013 481 2170 541 CAP.
2201 483 2270 539 II.
2303 483 2469 541 Vers.
2517 488 2571 541 1.
2609 484 2686 540 Et
2723 514 2792 524 —
2819 488 2953 554 post
3003 483 3126 542 dies
3171 480 3424 558 aliquot.
3460 481 3601 564 Post

210 579 321 631 6ου
330 585 434 629 σῶν
463 578 667 649 ἡμερῶν
701 584 870 629 τινῶν.

299 670 404 720 Kal
434 665 668 726 ἠκούσθη
704 696 767 707 —-
794 664 954 720 ἐστιν.
991 665 1080 730 Εἰς
1105 665 1245 720 οἶκόν
1276 685 1411 720 τινα.

297 867 402 917 Kal
451 861 636 924 εὐθέως
686 893 755 904 -
806 864 984 935 θύραν.
1040 864 1404 930 Ἀκούσαντες,
1469 863 1549 914 ὅτι
1596 860 1644 914 ἐν
1700 861 1826 932 οἴκῳ

205 951 358 1017 ἔστί,
448 949 792 1026 συνέδραμον,
849 948 1330 1026 προσδοκήσαντες
1391 952 1515 1026 ῥᾷον
1590 949 1824 1022 ἐντυχεῖν

206 1043 386 1112 αύτῷ.
422 1048 679 1095 Τοσούτοι
721 1037 779 1094 δι
828 1044 1198 1115 συνήχθησαν,
1241 1044 1311 1104 ὡς
1357 1045 1545 1114 μηκέτι
1592 1035 1731 1114 μηδὲ
1762 1042 1824 1090 τὰ

205 1135 355 1208 πρὸς
403 1135 496 1190 τὴν
552 1131 712 1204 θύραν
775 1135 905 1203 μέρη
973 1137 1168 1204 χωρεῖν
1235 1130 1454 1204 ἐτέρους,
1513 1133 1697 1195 εῖτουν,
1761 1131 1824 1180 τὰ

205 1223 480 1296 πρόθυρα,
514 1216 623 1280 ἤδη
649 1227 749 1272 τῶν
781 1216 926 1274 ἔνδον
949 1218 1375 1296 πεπληρωμένων.

288 1401 392 1453 Kal
417 1427 488 1440 —
515 1396 686 1471 λόγον.
719 1400 817 1451 Τὸν
843 1405 939 1460 τῆς
970 1393 1340 1459 ἒιδασκαλίας.

542 1529 688 1577 ΚΕΦ.
721 1521 790 1576 Ε’.
824 1525 949 1597 Περὶ
985 1529 1077 1575 τοῦ
1123 1520 1498 1596 παραλυτικοῡ.

281 1635 388 1684 Kal
439 1661 509 1672 —
558 1634 838 1683 κατέκειτο.
900 1637 1095 1703 Ὅμοια
1138 1632 1341 1692 τούτοις
1388 1632 1478 1682 καὶ
1529 1631 1555 1682 ὁ
1610 1634 1820 1691 Λουκᾶς

207 1721 496 1794 παρέθετο·
553 1721 824 1780 Ματθαῖος
876 1715 956 1785 δε,
1020 1721 1086 1772 τὰ
1137 1725 1255 1795 περὶ
1310 1727 1405 1782 τῆς
1458 1724 1649 1792 στέγης
1698 1737 1819 1771 σιω-

207 1814 407 1876 πήσας,
443 1811 510 1861 τὰ
541 1808 662 1872 ἑξῆς
691 1809 882 1880 ὁμοίως
911 1810 1208 1882 ἱστόρησεν.

280 1895 437 1952 Ἰδὼν
483 1929 553 1939 —
593 1897 850 1972 ἁμαρτίαι
907 1916 1024 1950 σου.
1080 1901 1301 1972 Εἴρηται
1349 1903 1465 1972 περὶ
1517 1899 1712 1950 τούτων
1767 1895 1817 1949 έν

178 1996 281 2058 ,τῷ
344 1984 772 2063 τρισκαιδεκάτῳ
837 1985 1094 2058 κεφαλαίῳ
1159 1995 1251 2040 τοῦ
1317 1989 1454 2040 κατὰ
1524 1988 1812 2040 Ματθαίον.

211 2077 515 2149 Παραλυτος
568 2073 630 2129 δέ
679 2074 811 2142 ἔστι,
865 2080 954 2128 καὶ
1007 2081 1111 2137 πᾶς
1153 2078 1179 2128 ὁ
1226 2079 1366 2148 ἔχων
1419 2078 1508 2137 τὰς
1565 2072 1814 2148 δυνάμεις

216 2173 311 2224 τῆς
349 2165 536 2236 ψυχῆς
574 2165 857 2226 ἀκινήτους
895 2163 964 2225 εἰς
1001 2163 1247 2240 ἐργασίαν
1300 2165 1520 2236 ἀρετῆςο
1574 2163 1681 2216 ἀλλ’
1729 2162 1813 2216 ἐὰν

225 2251 330 2306 ἀπὸ
385 2262 482 2305 τῶν
535 2256 719 2325 γηίνων
771 2252 902 2327 ἀρθῇ
954 2254 1054 2306 ὑπὸ
1102 2262 1204 2306 τῶν
1258 2257 1526 2330 τεσσάρων
1589 2253 1812 2326 Εύαγγε-

223 2341 372 2409 λίων,
424 2347 511 2396 καὶ
552 2342 817 2415 χαλασθῇ,
870 2344 1056 2410 εῖτουν,
1115 2345 1406 2416 ταπεινωθῇ
1449 2343 1662 2396 ἐνώπιον
1720 2349 1811 2396 τοῦ

224 2432 483 2506 Χριστοῦ,
532 2429 739 2486 ἀκούσει
791 2435 882 2484 καὶ
938 2431 1090 2494 οὗτος
1139 2435 1217 2498 τὸ,
1277 2433 1558 2506 Ἀφέωνταί
1619 2451 1703 2486 σοι
1756 2433 1812 2486 al

215 2520 470 2595 ἁμαρτίαι
499 2540 616 2574 σου.

279 2610 450 2664 Ἦσαν
503 2607 564 2665 δε
618 2642 674 2654 -
735 2612 760 2663 ό
808 2615 975 2681 Θεός;
1034 2614 1256 2686 Εἴρηται
1305 2617 1396 2666 καὶ
1441 2618 1560 2689 περὶ
1616 2615 1811 2666 τούτων

200 2706 328 2754 ἐκεῖ.
953 2771 956 2774 ῳ

276 2795 379 2844 Kal
439 2789 625 2851 εύθίως
689 2821 758 2830 -—
823 2791 1021 2854 αὐτοῖς.
1102 2797 1311 2864 Πνεῦμα
1391 2790 1632 2859 ἐνταῦθα,
1716 2797 1810 2852 τὴν

203 2881 425 2938 θεότητὰ
470 2879 637 2935 καλεῖ.
682 2879 767 2942 Ὠς
792 2883 922 2943 Θεὸς
968 2883 1071 2954 γὰρ
1129 2883 1259 2953 ἔγνω
1287 2881 1379 2944 τὰς
1435 2877 1674 2945 διανοίας
1720 2883 1811 2936 a6-

201 2988 326 3021 των.

274 3061 341 3110 Τί
377 3065 548 3111 ταῦτα
589 3089 658 3099 -
687 3061 995 3136 aspirarit;
1051 3063 1270 3133 Εἴρηται
1316 3064 1546 3133 καὶπερὶ
1592 3063 1807 3126 τούτων,

205 3149 377 3221 ὁμοίω
385 3169 426 3210 ς.

274 3236 389 3292 Ίνα
418 3269 486 3279 -—
516 3235 656 3292 οἶκόν
688 3258 804 3292 σου.
840 3243 941 3294 Καὶ
977 3244 1097 3313 περὶ
1127 3242 1320 3294 τούτων
1352 3239 1402 3294 ίν
1431 3248 1504 3312 τῷ
1527 3238 1812 3300 δηλωθέντι

207 3326 471 3399 κεφαλαίῳ
509 3329 849 3404 ἡρμήνευται.

285 3508 388 3558 Kal
445 3505 639 3578 ἠγέρθη
693 3536 763 3547 -
821 3502 1046 3578 εἴδομεν.
1111 3511 1212 3560 Kal
1259 3514 1426 3561 ταῦτα
1473 3507 1646 3582 ἐκείνῳ
1695 3507 1813 3563 δια-

213 3595 530 3664 σεσιίφηται.
580 3591 847 3649 Οὐδέποτε
897 3591 956 3648 δε
1001 3596 1167 3658 οὕτως
1213 3593 1436 3670 εἴδομεν,
1491 3597 1566 3670 ἐφ’
1615 3599 1809 3674 ἑτέρου,

210 3678 248 3736 δ
251 3681 478 3748 ηλονότι,
510 3692 999 3758 τερατουργοῦντος.
1533 3705 1536 3708 ’

285 3777 388 3824 Kal
437 3801 507 3813 —
563 3773 770 3836 αὐτούς.
818 3773 1050 3843 Ἐξῆλθε,
1106 3777 1304 3848 φεύγων
1360 3795 1414 3830 τε
1464 3781 1552 3831 τόν
1603 3778 1686 3832 ἐπὶ
1737 3786 1812 3851 τῷ

211 3861 446 3934 θαύματι
471 3866 675 3935 κρότον,
705 3867 794 3916 καὶ
818 3859 1026 3916 ἰδιάσαι
1055 3863 1381 3938 βουλόμενος.

552 3991 695 4040 ΚΕΦ.
733 3986 786 4049 ς’.
817 3993 942 4062 Περὶ
973 3992 1100 4042 Acut
1123 3996 1213 4043 τοῦ
1239 3990 1478 4049 τελώνου.

282 4099 387 4146 Καὶ
442 4096 687 4167 παράγων
737 4126 804 4136 -——
857 4096 1018 4167 αύτῷ.
1057 4095 1117 4149 Ὀ
1180 4101 1330 4160 Λευὶς
1378 4099 1547 4168 οὗτος,
1605 4104 1815 4159 ὁΜατ-

212 4184 362 4244 θαίὀς
414 4179 548 4235 ἔστι.
595 4189 855 4256 Διώνυμος
911 4189 1011 4262 γὰρ
1216 4192 1340 4262 Περὶ
1389 4189 1450 4241 οὔ
1504 4190 1814 4269 λεπτομερέ-

213 4291 394 4346 στερον
472 4271 522 4324 ἐν
595 4280 664 4343 τῷ
750 4272 1307 4348 τεσσαρεσκαιδεκάτῳ
1385 4279 1642 4353 κεφαλαίῳ
1722 4292 1816 4336 τοῦ

208 4365 345 4414 κατὰ
415 4362 684 4414 Ματθαῖον
756 4363 1074 4435 Εύαγγελίου
1143 4371 1470 4441 προείρηται.
1530 4368 1666 4445 Ὀρα
1732 4369 1810 4439 δε,

207 4461 322 4512 πῶς
371 4449 631 4522 ἐκλέγεται
683 4455 805 4513 τοὺς
873 4451 1070 4520 ἀξίους,
1132 4457 1306 4529 ὥσπερ
1367 4465 1696 4534 μαργαρίτας
1765 4461 1812 4514 έν

209 4539 459 4614 βορϐόρῳ
485 4545 770 4612 κειμένους.

286 4635 389 4682 Kal
419 4628 612 4701 ἐγένετο
645 4661 711 4671 -
755 4629 916 4702 αύτῷ.
976 4636 1075 4686 Kal
1118 4638 1237 4708 περὶ
1289 4638 1482 4689 τούτων
1521 4641 1725 4693 πάντων
1765 4640 1813 4694 ἕν

212 4718 388 4790 ἐκείνῳ
417 4726 490 4789 τῷ
525 4718 782 4792 κεφαλαίῳ
815 4723 1065 4784 ζήτησον.

288 4812 392 4861 Kal
435 4839 504 4848 —
555 4808 890 4882 ἁμαρτωλούς
923 4810 1058 4882 ('26).
1108 4813 1190 4863 Ἐν
1231 4810 1400 4886 ἐκείνῳ
1444 4823 1516 4886 τῷ
1555 4819 1814 4891 κεφαλαίῳ

209 4903 305 4951 καὶ
375 4904 544 4950 ταῦτα
613 4894 1096 4970 διηρμηνεύθησαν.
1170 4902 1506 4957 Ἐπελάϐοντο
1584 4903 1643 4961 δὴ
1721 4918 1813 4962 τοῦ

213 4986 474 5061 Χριστοῦ,
544 4988 614 5048 ὡς
686 4992 758 5060 μὴ
825 4984 1211 5052 διαστέλλοντος
1276 4991 1372 5044 ἀνὰ
1435 4999 1592 5066 μέσον
1664 4997 1813 5070 ἁγίου

209 5081 306 5129 καὶ
363 5073 590 5149 βεϐήλου
642 5079 777 5130 κατά
826 5080 914 5132 τὸν
976 5083 1150 5150 νόμον,
1200 5085 1272 5153 μὴ
1335 5089 1694 5153 γινώσκοντες,
1751 5090 1816 5150 ὡς

206 5166 338 5238 ὑπὲρ
382 5169 477 5222 τὴν
526 5170 745 5237 νομικὴν
799 5175 1006 5240 χρῆσιν
1047 5172 1270 5242 παρέχει
1319 5175 1408 5228 τὴν
1458 5173 1814 5248 φιλάνθρωπον

207 5255 399 5327 χάριν.
448 5253 508 5306 Ὀ
554 5256 645 5326 μεν
697 5257 798 5326 γὰρ
858 5260 1007 5328 νόμος
1058 5255 1289 5319 ἐξέϐαλλε
1337 5263 1396 5311 τὸ
1449 5265 1628 5333 κακὸν,
1679 5266 1704 5316 ὁ
1755 5265 1814 5320 δε

210 5345 448 5418 Χριστὸς
495 5341 815 5415 μετέϐαλλεν.
862 5341 1091 5409 Ἐδειξεν
1117 5343 1204 5398 οὖν
1235 5349 1315 5400 ὅτι
1356 5348 1461 5422 οὐχ
1518 5352 1586 5415 ὡς
1630 5359 1813 5430 κριτὴς

287 5471 336 5506 ³⁸
366 5470 507 5527 Luc.
541 5488 594 5542 ν,
623 5471 713 5529 18.
826 5474 874 5508 ³ο
904 5472 1103 5530 Matth.
1135 5490 1214 5540 ιι,
1244 5478 1298 5531 2.

1941 569 2089 638 dies,
2138 571 2253 629 hoc
2285 579 2392 638 est,
2426 572 2734 646 praeteritis
2752 572 2982 646 aliquot
3011 571 3248 629 diebus.

2009 660 2172 717 Vers.
2201 669 2250 718 1.
2289 663 2369 718 Et
2425 663 2698 721 auditum
2731 667 2902 721 est=
2932 668 3099 720 esset.
3123 661 3192 717 In
3250 660 3422 719 domo
3446 676 3597 735 qua-

1934 749 2088 806 dam.

2006 840 2172 898 Vers.
2204 843 2255 894 2.
2289 841 2362 898 Et
2378 841 2580 900 statim
2598 843 2954 914 —januam.
2980 839 3091 898 Ubi
3111 837 3594 915 audissentquod

1931 928 1994 985 in
2064 929 2248 987 domo
2295 934 2438 998 erat,
2481 936 2909 988 concurrerunt
2955 933 3231 1002 putantes
3293 927 3457 1002 quod
3508 928 3594 986 ita

1933 1019 2166 1074 facilius
2210 1019 2287 1076 ad
2327 1035 2466 1077 eum
2498 1020 2870 1078 accederent.
2930 1019 3036 1076 Tot
3084 1022 3288 1076 autem
3340 1032 3590 1090 congre-

1933 1108 2053 1178 gati
2085 1112 2240 1174 sunt.
2275 1114 2338 1166 ut
2357 1109 2488 1182 jam
2526 1124 2724 1184 neque
2761 1108 2893 1167 loca
2940 1123 3075 1182 quae
3125 1105 3286 1164 circa
3336 1107 3591 1180 januam

1931 1197 2249 1270 erant(hoc
2266 1203 2354 1256 est
2368 1199 2732 1257 vestibulum
2753 1197 2994 1270 domus)
3012 1199 3290 1270 caperent
3303 1195 3588 1270 reliquos,

1929 1286 2172 1359 impleta
2182 1289 2313 1360 jam
2351 1289 2487 1362 ipsa
2524 1288 2727 1346 domo.

2002 1378 2158 1434 Vers.
2199 1381 2252 1434 2.
2293 1379 2372 1436 Et
2395 1410 2464 1420 —
2494 1379 2757 1436 verbum.
2787 1376 3074 1435 Videlicet
3100 1375 3406 1434 doctrinae.

2391 1502 2546 1563 CAP.
2563 1506 2626 1560 V.
2660 1505 2743 1562 De
2763 1500 3123 1576 paralytieo.

1999 1611 2160 1665 Vers.
2202 1613 2254 1666 3.
2277 1609 2354 1666 Et
2391 1640 2462 1652 —
2488 1612 2646 1666 Vers.
2683 1611 2767 1666 14.
2789 1608 3046 1680 jacebat.
3092 1607 3324 1668 Similia
3341 1622 3588 1682 quoque

1927 1699 2021 1756 his
2051 1699 2252 1772 posuit
2280 1700 2468 1756 Lucas
2481 1701 2558 1768 ³⁸;
2592 1698 2904 1757 Matthleus
2922 1697 3153 1756 verode
3182 1702 3336 1756 tecto
3359 1703 3582 1768 tacens,

1857 1828 1898 1886 Β
1925 1788 2155 1886 reliqua
2191 1789 2460 1886 similiter
2491 1789 2686 1846 retulit
2713 1791 2782 1845 η.

1996 1879 2158 1934 Vers.
2193 1883 2244 1934 5.
2281 1877 2532 1934 lntuitus
2557 1909 2628 1919 -
2649 1883 2886 1950 peccata
2920 1882 3045 1934 tua.
3094 1875 3326 1934 Dictum
3376 1880 3468 1932 est
3503 1875 3581 1934 de

1922 1966 2014 2022 his
2039 1967 2276 2024 decimo
2313 1967 2486 2025 tertio
2510 1968 2684 2038 juxta
2705 1966 3043 2025 Matthmum
3083 1965 3297 2038 capite.
3330 1968 3434 2023 Est
3459 1981 3576 2024 au-

1922 2061 2040 2113 tem
2067 2057 2434 2130 paralyticus
2459 2056 2724 2113 similiter
2747 2055 3097 2130 quicunque
3124 2055 3343 2114 animae
3373 2058 3582 2129 poten-

1922 2145 2033 2202 tias
2053 2146 2130 2201 ad
2159 2146 2389 2202 virtutis
2414 2161 2568 2218 opus
2587 2145 2771 2202 habet
2792 2143 3154 2202 immobiles.
3201 2143 3370 2212 Quod
3399 2144 3450 2202 si
3472 2160 3582 2218 per

1919 2240 2180 2309 quatuor
2205 2233 2602 2306 evangelistas
2631 2251 2667 2292 a
2699 2234 2944 2302 terrenis
2972 2233 3249 2302 elevatur,
3284 2238 3342 2292 et
3357 2233 3577 2303 demit-

1918 2328 2094 2392 tatur,
2145 2324 2271 2381 sive
2309 2324 2654 2381 humilietur
2716 2339 2920 2384 coram
2961 2323 3206 2392 Christo,
3259 2322 3464 2383 audiet
3517 2325 3580 2394 et

1916 2412 2048 2488 ipse
2080 2428 2093 2471 :
2124 2413 2394 2473 Remissa
2414 2418 2549 2472 sunt
2577 2414 2686 2472 tibi
2706 2420 2953 2486 peccata
2989 2420 3116 2474 tua.

1989 2629 2152 2685 Vers.
2173 2628 2228 2685 6.
2257 2629 2455 2688 Erant
2477 2633 2670 2688 autem
2699 2658 2770 2672 —
2795 2628 2958 2688 Vers.
2997 2634 3052 2686 7.
3080 2629 3268 2688 Deum
3292 2629 3322 2688 ἲ
3343 2628 3574 2690 Dictum

1918 2722 2007 2775 est
2043 2718 2119 2776 de
2144 2719 2236 2775 his
2267 2719 2515 2777 ibidem.

1987 2805 2149 2861 Vers.
2184 2808 2238 2862 8.
2257 2806 2335 2862 Et
2354 2807 2554 2863 statim
2583 2834 2654 2847 -
2683 2803 2784 2863 eis.
2814 2803 3103 2878 Spiritum
3118 2807 3295 2863 vocat
3307 2803 3404 2862 hic
3427 2803 3580 2862 divi-

1916 2894 2164 2952 nitatem
2207 2898 2530 2970 :tanquam
2557 2896 2712 2952 Deus
2761 2894 2921 2952 enim
2964 2894 3243 2967 cognovit
3269 2894 3577 2967 cogitatio-

1917 2999 2024 3040 nes
2049 2999 2254 3040 eorum
2268 3027 2281 3041 .

1990 3075 2148 3129 Vers.
2177 3074 2230 3130 8.
2268 3075 2340 3132 Ut
2363 3074 2507 3146 quid
2535 3074 2653 3132 haec
2672 3103 2742 3116 —
2775 3073 2944 3131 Vers.
2972 3074 3028 3129 9.
3085 3073 3379 3132 ambula?
3408 3063 3576 3133 Simi-

1845 3181 1886 3240 c
1921 3159 2052 3217 liter
2078 3168 2135 3218 et
2162 3162 2239 3219 de
2266 3162 2383 3220 hoc
2411 3163 2636 3219 dictum
2665 3166 2775 3220 est.

1991 3252 2154 3309 Vers.
2213 3255 2297 3308 10.
2365 3252 2441 3309 Ut
2488 3282 2558 3293 —
2612 3253 2769 3308 Vers.
2830 3255 2915 3307 11.
2973 3251 3209 3310 domum
3262 3256 3451 3310 tuam.
3511 3253 3579 3308 Et

1921 3343 1997 3400 de
2029 3340 2123 3398 his
2163 3355 2411 3413 quoque
2438 3339 2578 3397 data
2618 3344 2706 3397 est
2729 3339 3015 3412 praedicto
3057 3341 3250 3414 capite
3285 3340 3577 3414 interpre-

1924 3432 2086 3490 tatio.

1991 3523 2152 3576 Vers.
2190 3522 2272 3576 l2.
2300 3518 2377 3575 Et
2399 3513 2668 3575 surrexit
2695 3548 2765 3559 —
2793 3517 3066 3575 vidimus.
3099 3519 3165 3575 Et
3191 3518 3322 3575 haec
3349 3518 3576 3577 ibidem

1921 3610 2238 3684 explanata
2259 3610 2415 3664 sunt.
2439 3609 2760 3680 Nunquam
2773 3611 2975 3665 autem
2993 3606 3284 3679 vidimus,
3307 3607 3580 3668 videlicet

1923 3700 2002 3758 ab
2031 3700 2175 3766 alio,
2207 3698 2309 3772 qui
2344 3696 2694 3754 admiranda
2721 3707 3087 3770 Operaretur.

1997 3793 2154 3847 Vers.
2178 3791 2266 3846 13.
2290 3789 2364 3845 Ει
2385 3819 2454 3830 -—
2475 3803 2589 3846 eos.
2615 3789 2898 3861 Egressus
2920 3794 3010 3844 est
3029 3786 3268 3860 fugiens
3292 3787 3578 3862 plausum

1921 3880 1998 3938 de
2027 3879 2338 3946 miraculo,
2373 3882 2430 3936 et
2457 3879 2702 3952 cupiens
2735 3894 2771 3936 a
2798 3875 2977 3936 turba
3004 3877 3293 3951 separari.
3351 3907 3356 3911 -

2281 4003 2437 4060 CAP.
2469 4001 2560 4060 VI.
2602 4004 2683 4060 De
2713 4003 2854 4061 Levi
2880 4003 3221 4075 publicano.

1994 4114 2153 4168 Vers.
2202 4112 2286 4168 14.
2337 4112 2417 4167 Et
2463 4109 2797 4182 praeteriens
2840 4140 2911 4153 —
2958 4125 3112 4168 eum.
3164 4111 3302 4168 Levi
3353 4109 3450 4169 hic
3492 4117 3584 4171 est

1923 4200 2236 4257 Matthasus
2261 4216 2275 4266 ;
2309 4203 2435 4256 erat
2457 4198 2620 4254 enim
2644 4198 2990 4266 binominis,
3017 4199 3094 4255 de
3122 4214 3245 4272 quo
3269 4200 3584 4272 particula-

1923 4291 2041 4347 rius
2089 4291 2316 4346 dictum
2369 4295 2457 4346 est
2497 4289 2733 4345 decimo
2781 4293 2997 4361 quarto
3043 4289 3236 4361 capite
3279 4289 3582 4361 Evangelii

1924 4379 2256 4437 secundum
2301 4378 2664 4435 Matthaaum.
2708 4378 2846 4434 Vide
2886 4381 3089 4434 autem
3127 4377 3438 4452 quomodo
3477 4393 3582 4436 eos

1923 4469 2028 4543 qui
2076 4469 2244 4540 digni
2291 4472 2428 4524 sunt
2468 4466 2667 4538 eligat,
2710 4465 2884 4541 quasi
2936 4465 3294 4536 margaritas
3339 4465 3404 4524 in
3456 4466 3580 4526 luto

1919 4559 2208 4631 jacentes.

1991 4647 2154 4704 Vers.
2205 4647 2289 4703 15.
2337 4647 2417 4703 Et
2444 4647 2673 4718 factum
2711 4651 2795 4703 est
2837 4675 2908 4688 —
2941 4659 3088 4702 eum.
3131 4643 3325 4704 Etiam
3369 4645 3445 4705 de
3480 4645 3578 4705 his

1920 4737 2203 4795 omnibus
2231 4736 2293 4793 in
2322 4752 2393 4793 eo
2421 4736 2615 4808 capite
2641 4736 2894 4809 require.

1998 4827 2150 4881 Vers.
2198 4824 2279 4881 t6.
2309 4825 2387 4880 Et
2410 4854 2482 4865 —
2510 4825 2670 4881 Vers.
2706 4825 2790 4879 l7.
2819 4824 2897 4881 ad
2919 4823 3343 4896 panitenh'am.
3389 4825 3581 4884 Etiam

1922 4913 2052 4969 haec
2089 4914 2151 4969 in
2185 4929 2257 4970 eo
2296 4912 2484 4985 capite
2512 4912 2812 4970 declarata
2849 4916 3000 4970 sunt.
3041 4913 3581 4987 Reprehendebant

1925 5007 2124 5059 autem
2155 5004 2469 5070 Christum,
2499 5002 2664 5075 quasi
2689 5002 2839 5060 nihil
2868 5002 3229 5060 discriminis
3258 5002 3580 5061 facientem

1923 5092 2074 5148 inter
2117 5096 2395 5149 sanctum
2439 5096 2495 5150 et
2533 5107 2666 5149 eum
2695 5092 2799 5166 qui
2837 5093 3011 5166 juxta
3051 5092 3246 5166 legem
3287 5092 3579 5166 profanus

1923 5181 2396 5250 habebatur,non
2409 5185 2794 5255 agnoscentes
2806 5182 2959 5255 quod
2977 5198 3155 5256 supra
3164 5181 3314 5256 legis
3327 5195 3582 5240 consue-

1925 5271 2194 5328 tudinem
2224 5275 2526 5350 praestaret
2543 5271 2934 5330 humanitatis
2958 5271 3235 5345 gratiam.
3258 5272 3377 5344 μοι
3402 5271 3583 5346 siqui-

1924 5359 2062 5416 dem
2095 5375 2346 5432 pravum
2375 5359 2688 5433 ejiciebat;
2737 5360 2998 5420 Christus
3025 5375 3169 5422 vero
3196 5360 3581 5424 immutabat.

1442 5599 1665 5692 Variae
1695 5605 2022 5678 lectiones
2044 5618 2108 5677 et
2147 5617 2350 5679 notas.

292 5737 406 5809 (26)
435 5737 529 5795 Ad
557 5739 990 5813 paenitentiam,
1023 5740 1189 5814 quod
1219 5741 1543 5801 Hentenius
1572 5744 1773 5820 habet,
1806 5754 2008 5811 neuter
2030 5766 2306 5812 meorum
2334 5751 2631 5826 agnoscit.
