4188 6446
590 350 698 412 787
1602 366 1607 369 '
1906 353 2263 415 EUTHYMII
2312 352 2639 414 ZIGABENI
3858 382 3965 439 783

595 476 862 535 Ostendit
902 492 1044 552 ergo
1088 479 1253 553 quod
1301 493 1424 537 non
1470 481 1645 555 quasi
1677 481 1885 555 judex,
1925 483 2032 539 sed
2073 482 2252 555 quasi

2363 487 2728 555 παραγέγονεν,
2772 485 2879 539 ἀλλ’
2929 490 2994 551 ὡς
3044 491 3239 565 ἰατρός.
3296 499 3384 549 Διό
3430 506 3537 563 τοῖς
3582 511 3803 558 νοσοῦσι
3837 525 3964 561 συν-

592 566 866 624 medicus
909 566 1257 636 advenerit;
1288 568 1424 626 ideo
1449 570 1633 628 etiam
1662 588 1801 628 cum
1826 572 2078 629 inﬁrmis
2120 588 2248 630 ver-

2363 577 2693 645 ανεστρέφετο
2725 576 2861 647 ('27).

594 655 862 715 sabatur.
1100 668 1103 671 '

666 745 831 803 Vers.
876 749 960 803 18.
1006 747 1086 804 Et
1128 752 1301 806 erant
1344 780 1413 789 —
1456 750 1619 807 Vers.
1661 755 1748 807 20.
1790 752 2014 809 diebus.
2062 753 2250 810 Etiam

746 784 831 803 νισι
880 784 960 803 su.
1006 784 1084 804 ue
1128 784 1301 806 clune
1344 784 1413 789 —
1470 784 1619 807 von:-
1662 784 1748 807 ευ.
1790 784 2014 809 uacuae.
2063 784 2250 810 uuam
2433 791 2533 839 Καὶ
2593 784 2726 846 ἦσαν
2801 821 2869 831 _
2925 793 2954 851 ἡ
3004 798 3140 856 id“
3234 806 3333 853 Καὶ
3399 809 3517 858 παὶ
3569 827 3597 838 -
3641 816 3659 825 ..
3839 813 3851 824 .
3912 819 3923 829 .

746 836 793 887 is
822 836 1087 887 invenies
1120 838 1466 887 sunradictn
1496 841 1709 887 canitn-
2521 874 2533 887 .
2660 886 2667 887 ,
2748 875 2769 887 .
2809 878 2825 887 .
2894 814 3000 887 μμ
3025 814 3055 868 Ρ
3147 836 3160 848 ⁸
3462 825 3493 878 Ρ
3575 828 3752 863 *οντον
3805 831 3962 887 ενΡη·

593 834 670 893 de
700 834 793 893 his
821 836 1087 895 invenies
1120 838 1466 911 supradicto
1496 841 1709 914 capite.

2362 891 2469 937 σεις
2513 874 2561 927 έν
2613 886 2682 948 τῷ
2736 875 3022 938 δηλωθέντι
3069 887 3346 961 κεφαλαίῳ.
3396 874 3558 950 Τόἰδὶ
3615 898 3699 951 Ἐν
3737 900 3798 967 ᾧ,
3850 874 3963 958 ἀντὶ

2357 970 2466 1029 τοῦ,
2499 965 2611 1038 Ἐφ’
2642 968 2783 1020 ὀσον.
3747 956 3756 972 ⁸

667 1032 832 1089 Vers.
874 1032 963 1089 2i.
995 1032 1073 1089 Et
1104 1048 1273 1091 nemo
1301 1065 1370 1074 —
1407 1036 1498 1106 ﬁt.
1532 1038 1597 1092 Et
1624 1036 1753 1094 haec
1782 1053 2026 1112 quoque
2066 1055 2248 1113 para-

592 1120 738 1179 bola
766 1122 981 1179 eodem
1004 1123 1197 1196 capite
1226 1123 1528 1182 declarata
1556 1131 1669 1183 est.

668 1230 823 1285 Vers.
856 1233 945 1285 22.
976 1230 1202 1286 Nullus
1225 1238 1519 1301 praeterea
1559 1262 1623 1275 —
1649 1235 2003 1294 mittendum
2031 1245 2135 1295 est.
2166 1237 2251 1295 De

594 1316 710 1373 hac
741 1317 1005 1385 similiter
1033 1318 1325 1391 parabola
1349 1336 1550 1393 quaere
1579 1323 1791 1379 eodem
1818 1326 2032 1395 capite.

666 1406 829 1462 Vers.
858 1408 947 1462 23.
974 1407 1053 1463 Et
1078 1409 1308 1477 factum
1330 1416 1411 1464 est
1438 1440 1505 1450 —-
1526 1412 1686 1466 Vers.
1715 1416 1803 1469 24.
1841 1414 2019 1471 licet?
2045 1417 2252 1481 Quaere

593 1495 670 1552 de
711 1495 808 1551 his
848 1496 1006 1552 circa
1046 1495 1229 1553 finem
1278 1498 1538 1554 vicesimi
1568 1500 1792 1573 'capitis
1828 1502 1889 1557 in
1934 1504 2251 1575 Evangeiio

596 1583 932 1641 secundum
961 1585 1321 1643 latthaaum.

664 1672 704 1740 ιιι
740 1672 848 1740 Qui
889 1679 1026 1746 post
1062 1674 1477 1747 operationem
1505 1677 1569 1733 in
1606 1678 2023 1737 immobilitate
2062 1682 2251 1741 animi

2373 1763 2385 1779 ’
2432 1677 2751 1782 [Ἰζίλλοντεγ
2807 1686 2856 1737 οἱ
2927 1686 3039 1759 (29)
3099 1694 3234 1762 μετά
3300 1699 3395 1755 τὴν
3443 1708 3729 1773 πρακτικὴν
3786 1705 3836 1758 έν
3893 1717 3957 1782 τῇ

596 1763 901 1820 constituti
941 1767 1102 1828 sunt,
1143 1779 1454 1821 sermones
1502 1767 1832 1840 decerpunt
1870 1770 1949 1827 ab
1984 1771 2077 1828 his
2116 1790 2251 1847 quas

2363 1763 2587 1840 ἀπαθείᾳ
2650 1776 2932 1844 γενόμενοι,
3005 1782 3125 1840 τοὺς
3197 1780 3377 1854 λόγους
3621 1763 3951 1865 ἀναλέγονταέ

596 1851 754 1908 facta
789 1858 945 1918 sunt,
972 1850 1185 1925 hisque
1207 1852 1594 1951 pie_aluntur§
1624 1833 1953 1915 sabbatum
1985 1833 2157 1918 enim‘
2172 1865 2252 1921 ad

2564 1833 2574 1840 .
2657 1833 2669 1841 .
2768 1833 2778 1844 .
2918 1833 2930 1842 .
3111 1833 3125 1840 -
3262 1833 3374 1854 ,τη
3431 1833 3536 1858 ,νη
3621 1833 3946 1865 ..η-...μην

2363 1863 2457 1907 τῶν
2503 1864 2801 1930 γεγονότων,
2869 1869 2959 1917 καὶ
3013 1870 3218 1931 τούτοις
3264 1872 3480 1937 εὐσεϐῶς
3539 1883 3823 1951 τρέφονται.
3876 1888 3946 1938 Τό

596 1940 2252 2024 otiumiactum,immobilitatisanimisignumestquem-
2358 1948 2460 2019 γὰρ
2510 1950 2577 1999 Σοὶ

598 2030 932 2088 admodum
970 2030 1097 2087 dies
1125 2032 1551 2104 praecedentes,
1584 2038 1959 2107 operationis,
2008 2045 2254 2114 propter

2433 1058 2533 1106 Kal
2562 1052 2729 1118 οὐδεὶς
2760 1090 2828 1099 -
2871 1063 3087 1130 γίνεται.
3134 1070 3233 1119 Καὶ
3259 1068 3392 1129 αὕτη
3426 1073 3455 1130 ἠ
3485 1077 3755 1149 παραϐολή
3807 1079 3855 1133 ἓν
3889 1091 3960 1155 τῷ

2357 1146 2576 1215 τοιούτῳ
2606 1146 2865 1220 κεφαλαίῳ
2890 1157 3287 1222 σεσαφήνισται.

2432 1238 2531 1285 Kal
2592 1232 2762 1297 οὐδεὶς
2823 1268 2891 1279 —-
2958 1238 3195 1311 βλητέον.
3268 1252 3369 1301 Kal
3434 1258 3553 1325 περὶ
3616 1260 3814 1323 ταύτης
3872 1271 3960 1325 τῆς

2358 1320 2659 1393 παραϐολῆς
2682 1326 2871 1397 ὁμοίως
2900 1326 2947 1379 ἐν
2972 1328 3144 1402 ἐκείνῳ
3177 1333 3427 1395 ζήτησον.

2435 1416 2535 1464 Kal
2579 1412 2773 1484 ἐγένετο
2804 1449 2863 1457 -
2896 1418 3105 1488 ἓξεστι;
3159 1430 3400 1484 Ζητησον
3449 1438 3566 1505 περὶ
3611 1440 3802 1490 τούτων
3849 1441 3961 1515 (28)

2359 1502 2489 1572 πρὸς
2555 1510 2626 1572 τῷ
2689 1504 2818 1557 τέλει
2880 1515 2971 1559 τοῦ
3032 1510 3273 1566 εἰκοστοῦ
3333 1519 3614 1591 κεφαλαίου
3675 1535 3765 1580 τοῦ
3827 1502 3963 1585 κατα

2360 1591 2649 1647 Ματθαῖον.

2361 2036 2533 2110 ὥσπερ
2560 2042 2648 2089 καὶ
2682 2052 2995 2113 πρακτικῆς,
3024 2048 3079 2097 αἱ
3108 2053 3207 2123 πρὸ
3239 2053 3431 2109 ταύτην
3462 2055 3669 2127 ἡμέραι,
3721 2036 3825 2111 ὅλίὸι⁷
3862 2065 3959 2120 τὴν

598 2119 891 2177 laborem.

2363 2126 2657 2200 ἑργασίαν.]

611 2223 621 2227 ‘
668 2210 833 2267 Vers.
872 2213 959 2267 25.
997 2210 1073 2267 Et
1109 2240 1181 2253 —
1220 2213 1378 2268 Vers.
1418 2214 1506 2270 26.
1549 2217 1767 2273 erant?
1808 2220 1970 2276 Hanc
2006 2237 2251 2296 quoque

2436 2218 2536 2266 Kal
2567 2245 2630 2256 —
2669 2215 2791 2271 οὖσι
2814 2236 2827 2249 ·
2887 2226 2987 2275 Kal
3041 2226 3234 2285 ταύτην
3271 2232 3366 2287 τὴν
3422 2232 3654 2306 ἱστορίαν
3705 2233 3755 2288 έν
3786 2235 3962 2311 έκείνῳ

593 2297 907 2357 historiam
936 2316 1009 2357 eo
1037 2300 1171 2358 loco
1194 2316 1405 2374 quaere.

2364 2300 2616 2361 ζήτησον.

669 2392 852 2446 istum
869 2390 1367 2447 autem'Abiathar
1382 2394 1608 2462 Regum
1620 2394 1864 2452 historia
1876 2397 2255 2459 Achimelech

595 2483 811 2546 vocat;
850 2480 995 2536 iiber
1020 2485 1221 2537 autem
1261 2481 1633 2539 Psalmorum
1662 2484 2005 2544 Abimelech
2031 2491 2097 2544 ‘°.
2140 2493 2254 2548 Ma-

598 2567 880 2627 nlianum
919 2583 1063 2639 ergo
1092 2574 1179 2637 est
1208 2570 1374 2643 quod
1400 2569 1732 2630 binominis
1762 2573 1952 2642 fuerit,
2002 2584 2254 2652 utroque

596 2657 783 2713 modo
794 2655 1131 2729 appellatus
1158 2657 1533 2715 Achimeiech
1553 2660 1641 2715 vel
1663 2661 2027 2735 Abimelech,
2048 2684 2256 2739 quem-

599 2744 934 2802 admodum
964 2750 1023 2802 et
1041 2745 1136 2802 alii
1159 2744 1409 2803 Hebraei.
1434 2750 1782 2818 Cognomen
1805 2768 1946 2809 vero
1972 2754 2256 2815 Abiathar

597 2833 813 2891 habuit
842 2850 877 2888 a
897 2835 1378 2905 progenitoribus
1393 2837 1734 2896 deductum.
1758 2840 1899 2899 Ideo
1924 2842 2080 2901 ﬁlius
2107 2862 2255 2918 quo-

2434 2396 2623 2445 Τοῦτον
2676 2391 2735 2449 δε
2783 2401 2870 2451 τόν
2919 2400 3194 2479 Ἀϐιάθαρ,
3242 2408 3271 2464 ἡ
3450 2408 3633 2482 βίϐλος
3661 2421 3761 2465 τῶν
3810 2421 3970 2470 Βασι-

2362 2477 2510 2531 λειῶν
2566 2483 2859 2571 Ἀχιμελεχ
2917 2477 3190 2563 ὀνομάζει’
3247 2498 3275 2553 ἡ
3329 2477 3389 2550 δί
3450 2477 3635 2571 βίϐλος
3684 2512 3785 2555 τῶν
3832 2506 3971 2561 Ψαλ-

2364 2576 2493 2639 μῶν,
2536 2570 2835 2646 Ἀϐιμέλεχ.
2879 2578 3039 2637 Δῆλον
3089 2578 3196 2647 οὖν,
3239 2586 3320 2637 ὅτι
3365 2570 3626 2661 διώνυμος
3674 2589 3754 2661 ἦν,
3806 2592 3972 2667 ἀμφό-

2364 2676 2488 2730 τερα
2538 2661 2893 2754 Δκαλούβιενος,
2971 2668 3263 2745 Ἀχιμίλεχ
3348 2688 3438 2729 και
3515 2661 3848 2754 Ἀϐιμελιχ,-
3887 2661 3973 2748 ⁷ὡς

2365 2753 2454 2800 καὶ
2519 2749 2664 2803 ἄλλοι
2726 2754 2904 2850 πολλοὶ
2960 2767 3059 2811 τῶν
3117 2760 3387 2837 Ἐϐραίων.
3447 2772 3517 2820 Τὸ
3585 2749 3645 2824 δέ
3708 2749 3971 2850 ’Ᾰϐιοξθαρ

2365 2847 2735 2934 προσωνυμίαν
2800 2841 2933 2916 εἶχε,
2995 2858 3355 2924 καταγομένην
3415 2855 3468 2909 ἰκ
3534 2865 3820 2934 προγόνων.
3881 2841 3971 2918 Διο

598 2938 712 2997 que
742 2923 874 2993 ejus
902 2922 1172 2979 similiter
1195 2923 1483 2982 Abiathar
1508 2933 1756 2985 vocatus
1788 2937 1895 2987 est.

668 3012 711 3083 σί·
748 3010 1034 3069 Abiathar
1080 3012 1188 3069 iste
1228 3013 1507 3088 princeps
1548 3020 1927 3079 sacerdotum
1966 3022 2183 3082 dicitur
2237 3047 2250 3081 :

599 3102 828 3171 Regum
891 3106 1093 3158 autem
1151 3101 1398 3160 historia
1452 3106 1829 3166 Achimelech
1885 3114 2253 3172 sacerdotem

2365 2932 2454 2979 καὶ
2477 2928 2502 2978 ὁ
2525 2932 2633 2990 υἱὸς
2663 2932 2820 2985 αὑτοῦ
2853 2936 3041 3006 ὁμοίως
3064 2940 3317 3010 Ἀϐιάθαρ
3346 2943 3606 3005 ἐκέκλητο.

2435 3015 2579 3117 [Ἐπὶ
2806 3023 3086 3098 Ἀϐιάθαρ·
3146 3032 3170 3081 ὀ
3227 3036 3319 3103 μὲν
3376 3034 3630 3113 Ἀϐιάθαρ
3687 3038 3970 3117 ἀρχιερεὺς

2366 3101 2607 3205 ἐνταῦθα.
2658 3108 3078 3186 ἀναγέγραπται·
3156 3101 3241 3171 τὸν
3320 3119 3379 3176 δε
3457 3101 3797 3201 Ἀχιριέλεῖ-
3828 3101 3971 3205 {cpia

598 3190 780 3259 fuisse
828 3189 1005 3248 tradit
1044 3191 1110 3245 η.
1154 3190 1481 3257 Verisimile
1531 3210 1672 3266 ergo
1710 3206 1799 3254 est
1836 3199 2122 3259 Abiathar
2168 3220 2253 3261 re-

3521 3186 3599 3201 "I
3709 3186 3751 3200 ’ν
3870 3186 3880 3205 θ

2366 3192 2740 3268 παραδίδωσιν
2798 3204 2826 3260 ἡ
2879 3212 2976 3255 τῶν
3022 3208 3301 3262 Βασιλειῶν
3360 3214 3587 3287 ἱστορία.
3639 3218 3793 3280 Εἰκὸς
3850 3217 3966 3288 οὖν,

596 3279 909 3353 quievisse,
944 3295 1081 3337 cum
1108 3281 1295 3339 David
1318 3282 1380 3339 in
1402 3283 1653 3343 domum
1677 3287 1780 3343 Dei
1811 3288 2115 3360 ingressus
2140 3297 2252 3363 est,

596 3368 691 3425 vel
722 3371 963 3442 propter
994 3370 1218 3426 summi
1260 3373 1567 3430 sacerdotii
1592 3380 2017 3447 praestantiam,
2053 3382 2143 3437 vel
2174 3381 2253 3440 ob

596 3456 1069 3517 imbecillitatem
1082 3474 1205 3531 pra
1227 3465 1548 3519 senectute.
1564 3466 1943 3525 thimelech
1958 3486 2095 3526 vero
2113 3476 2254 3529 tunc

597 3562 669 3605 ea
705 3563 841 3621 quas
875 3547 1063 3606 divini
1101 3550 1297 3609 cultus
1326 3557 1496 3609 erant
1532 3556 1867 3614 exercuisse
1897 3573 1909 3613 :
1952 3564 2054 3615 aut
2088 3559 2254 3632 quod

599 3637 731 3695 aliis
760 3638 1173 3695 sacerdotibus
1199 3642 1571 3711 prestantior
1612 3649 1787 3711 esset,
1819 3651 1923 3703 aut
1949 3648 2115 3720 quod
2141 3666 2255 3710 sua

600 3730 757 3785 sorte
785 3726 898 3785 iliis
926 3726 1141 3785 diebus
1174 3744 1383 3787 curam
1409 3730 1679 3791 haberet.

666 3816 831 3874 Vers.
872 3821 960 3884 27.
1002 3817 1290 3890 Dixitque
1318 3849 1385 3861 --
1424 3819 1585 3877 Vers.
1619 3826 1706 3880 28.
1746 3823 2016 3883 Sabbati.
2062 3828 2253 3888 Etiam

600 3904 731 3962 hac
759 3905 823 3962 in
847 3905 1007 3963 dicto
1045 3906 1234 3979 capite
1263 3906 1565 3968 declarata
1596 3914 1753 3969 sunt.

700 4030 852 4088 CAP.
884 4030 1002 4087 VII.
1032 4032 1119 4088 De
1143 4046 1206 4089 eo
1235 4034 1340 4105 qui
1369 4034 1619 4093 habebat
1646 4054 1891 4097 manum
1920 4042 2157 4102 aridam

674 4137 827 4196 CAP.
892 4137 989 4195 ΙΙΙ.
1048 4139 1211 4195 Vers.
1280 4140 1328 4195 1.
1376 4142 1554 4197 Ει-
1615 4146 1778 4203 Vers.
1820 4147 1874 4202 2.
1936 4165 2088 4208 eum.
2157 4153 2255 4209 Di-

600 4231 767 4285 ctum
804 4231 893 4286 est
918 4227 992 4284 de
1020 4227 1134 4285 hoc
1162 4228 1449 4287 vicesimo
1489 4233 1683 4304 primo
1703 4236 1876 4307 juxta
1911 4241 2255 4300 Mattheum

601 4322 831 4465 “52:.
878 4411 932 4466 3.
978 4408 1056 4466 Et
1084 4408 1171 4466 ait
1203 4439 1269 4451 —
1300 4411 1457 4468 Vers.
1492 4415 1543 4469 4.
1574 4414 1869 4474 tacebant.
1908 4419 2133 4478 Horum
2170 4423 2257 4481 in-

2366 3286 2451 3334 τὸν
2494 3288 2583 3356 μεν
2626 3287 2878 3366 Ἀϐιάθαρ
2914 3292 3290 3366 ἀναπαύεσθαι,
3348 3304 3430 3355 ὅτε
3482 3306 3507 3355 ὁ
3566 3304 3733 3360 Δαυίδ
3790 3286 3968 3370 εἰσῆλὲ

2367 3374 2447 3425 θεν
2473 3374 2542 3435 εἰς
2571 3379 2657 3428 τὸν
2706 3376 2843 3432 οἶκον
2897 3390 2988 3435 τοῦ
3027 3390 3174 3453 Θεοῦ,
3235 3392 3264 3447 ἦ
3299 3391 3363 3451 ὡς
3397 3393 3719 3467 ὑπερέχοντα
3745 3407 3806 3470 τῇ
3869 3399 3971 3473 ἆρ-

2362 3467 2686 3561 ξιιιραίσύνῃ,
2720 3472 2751 3527 ἦ
2783 3472 2853 3532 ὡς
2891 3470 3077 3534 ἀσθενῆ
3114 3472 3209 3529 διὰ
3249 3482 3306 3530 τὸ
3358 3489 3561 3553 γῆρας’
3608 3489 3695 3537 τὸν
3740 3467 3967 3561 Ἀχιμξέ-

2362 3549 2480 3648 λεχ-
2505 3549 2668 3648 δὴ-τὰ
2704 3565 2795 3621 τῆς
2844 3558 3079 3636 λατρείας
3133 3549 3441 3623 τηνικαῦτα⁷
3473 3549 3971 3648 μεταχειρίξέσθαι,

2363 3643 2393 3736 ᾖ
2456 3643 2527 3704 ὡς
2556 3640 2869 3736 διαφέροντα
2919 3660 3017 3703 τῶν
3066 3653 3229 3707 aha»
3284 3640 3481 3730 ἱερέων,
3521 3664 3551 3720 ἤ
3605 3640 3975 3736 ῳςάαχὰντιέ

2363 3726 2691 3803 έφημερεύειν
2722 3732 2770 3786 ἐν
2792 3736 3005 3799 ἐκείναις
3033 3749 3151 3803 ταῖς
3178 3726 3450 3819 ἡμέραις]

2439 3825 2537 3872 Καὶ
2567 3819 2703 3892 λέγει
2747 3854 2814 3864 -
2865 3826 3151 3883 Σαϐϐατου.
3216 3837 3315 3885 Καὶ
3351 3842 3521 3888 ταῦτα
3564 3836 3612 3889 έν
3651 3846 3719 3909 τῷ
3747 3838 3972 3913 ῥηθέντι

2362 3908 2622 3982 κεφαλαίῳ
2650 3920 3003 3985 τετυχήκασιν
3043 3917 3357 3992 ἐξηγήσεως.

2439 4022 2583 4071 ΚΕΦ.
2625 4018 2695 4073 Ζ’.
2732 4027 2854 4092 Περὶ
2876 4031 2967 4075 τοῦ
2999 4024 3159 4100 ξηρὰν
3188 4029 3397 4099 ἔχοντος
3426 4035 3521 4089 τὴν
3546 4041 3724 4109 χεῖρα.

2440 4111 2536 4158 Kal
2586 4137 2655 4148 —
2712 4110 2893 4166 αὐτοῦ.
2949 4116 3165 4189 Εἵρηται
3215 4123 3334 4191 περὶ
3387 4123 3573 4174 τούτου
3618 4124 3667 4175 έν
3725 4133 3795 4196 τῷ
3830 4126 3981 4182 εἰκο-

2368 4201 2475 4265 στῷ
2503 4202 2690 4272 πρώτῳ
2722 4200 2978 4274 κεφαλαίῳ
3004 4212 3097 4257 τοῦ
3126 4210 3259 4259 κατὰ
3289 4210 3576 4267 Ματθαίον.

2440 4425 2540 4474 Kal
2626 4421 2761 4495 λέγει
2859 4456 2916 4466 -
3005 4425 3261 4484 ἔσιώπων.
3359 4430 3793 4506 Ἦρμηνεύθησαν
3878 4446 3985 4494 καὶ

601 4498 939 4570 terpretatio
960 4498 1102 4592 data
1121 4500 1504 4571 estpraadicto
1526 4504 1732 4575 capite.
1750 4506 2032 4565 Animam
2054 4516 2252 4569 autem

2365 4517 2528 4562 ταῦτα
2569 4509 2619 4563 ἓν
2649 4520 2720 4582 τῷ
2764 4517 2982 4587 τοιούτῳ
3040 4516 3320 4590 κεφαλαίῳ.
3377 4527 3565 4592 Ψυχὴν
3598 4520 3657 4576 δέ
3708 4532 3817 4591 νῦν,
3880 4532 3986 4582 τόν

601 4584 744 4642 dicit
771 4600 933 4643 nunc
960 4584 1292 4655 hominem,
1324 4603 1360 4644 a
1381 4593 1547 4661 parte
1573 4596 1760 4648 totum
1791 4592 2145 4669 intelligens.
2175 4604 2257 4656 ln-

603 4678 864 4743 terrogat
892 4674 1052 4730 enim
1083 4690 1161 4731 an
1180 4675 1491 4736 hominem
1513 4679 1686 4738 liceat
1712 4698 1749 4739 a
1777 4691 1966 4743 morte
1998 4703 2253 4758 servare,

604 4778 683 4821 an
721 4762 1007 4820 occidere.

677 4851 837 4908 Vers.
874 4856 923 4908 5.
958 4851 1218 4926 Cumque
1250 4855 1755 4929 circumspexisset
1790 4893 1861 4907 -
1890 4865 2095 4923 altera.
2123 4868 2255 4927 iam

600 4938 734 5003 hinc
759 4939 1032 4999 similiter
1054 4941 1214 5000 dicto
1237 4942 1369 5004 loco
1394 4947 1716 5020 explanata
1742 4957 1898 5011 sunt.

680 5029 842 5088 Vers.
878 5030 935 5087 6.
969 5031 1047 5088 Et
1085 5032 1304 5104 egressi
1338 5065 1409 5080 —
1456 5038 1623 5096 Vers.
1659 5042 1712 5098 7.
1749 5058 1929 5103 mare.
1969 5048 2257 5109 Praeterea

603 5120 783 5180 etiam
809 5119 958 5179 haec.

590 5261 603 5267 ·
675 5246 726 5286 ιο
748 5245 905 5305 Psal.
936 5263 1132 5321 xxxiii,
1168 5255 1217 5308 1.
1332 5252 1377 5293 ιι
1408 5253 1433 5312 Ι
1462 5255 1606 5347 Deg.
1636 5273 1751 5327 xxi,
1786 5259 1839 5328 1,
1871 5262 1925 5318 8.

2366 4601 2634 4674 ἄνθρωπον
2686 4600 2849 4673 λέγει·
2907 4603 3007 4657 ἀπὸ
3055 4610 3263 4678 μέρους,
3302 4612 3360 4661 τὸ
3417 4610 3548 4663 ὅλον.
3585 4612 3783 4687 Ἐρωτᾲ
3836 4620 3983 4693 γὰρ,

2366 4687 2562 4749 ἔξεστιν
2620 4692 2888 4767 ἄνθρωπον
2954 4702 3128 4747 σῶσαι
3193 4694 3295 4749 ἀπὸ
3364 4699 3585 4753 θανάτου
3625 4705 3656 4761 ἤ
3725 4702 3987 4760 ἀποκτεῖ-

2364 4798 2449 4831 ναι
2473 4796 2487 4846 ;

2440 4873 2541 4923 Kal
2601 4868 3035 4943 περιϐλεψάμενος
3126 4903 3199 4917 —
3262 4877 3292 4934 ἠ
3378 4875 3529 4936 ἄλλη.
3591 4879 3814 4953 Ὁμοίως
3878 4891 3987 4941 καὶ.

2364 4966 2551 5013 ταῦτα.

2440 5054 2540 5104 Kal
2562 5047 2845 5115 έξελθόντες
2878 5082 2944 5092 -
2977 5050 3265 5107 θάλασσαν.
3298 5053 3417 5111 Ἐτι
3448 5076 3533 5110 και
3566 5066 3751 5114 ταῦτα.

1804 5385 2028 5458 Variae
2066 5388 2395 5460 lectiones
2436 5400 2500 5459 et
2550 5402 2749 5459 notae.

820 5524 1209 5595 Συνεστρέφετο.
1238 5523 1306 5577 Α.

697 5519 762 5574 27
820 5524 1209 5595 Συνεστρέφετο.
1238 5523 1306 5577 Α.

696 5593 763 5645 28
820 5596 945 5666 Περὶ
977 5590 1037 5647 δέ
1065 5601 1164 5646 τῶν
1194 5592 1385 5647 λοιπῶν
1414 5594 1667 5657 ζήτησον.
1700 5601 1759 5655 Β.

698 5661 766 5716 29
822 5663 951 5719 Haec
981 5666 1040 5720 in
1076 5665 1345 5735 margine
1375 5667 1563 5730 habet
1580 5670 1648 5728 A.

697 5736 765 5792 30
815 5732 1182 5808 ’Δναλέγοντεςο
1210 5741 1281 5795 Α.
1538 5760 1543 5763 ·

698 5661 789 5735 29)
816 5661 951 5735 Haec
981 5666 1040 5720 in
1076 5665 1345 5735 margine
1375 5667 1563 5730 habet
1580 5670 1648 5728 A.

697 5732 787 5808 30)
815 5732 1182 5814 ’Δναλάγοντεςο
1210 5732 1281 5795 λ.
1538 5760 1543 5763 ·

2441 5536 2554 5609 (31)
2591 5536 2728 5614 llaec
2758 5534 3011 5614 inferius
3060 5536 3123 5614 in
3179 5541 3348 5614 textu
3384 5539 3568 5600 habet
3597 5544 3635 5598 Β
3687 5546 3827 5614 post
3870 5542 3993 5597 ixi-

2367 5606 2546 5688 κλητο.
2589 5606 2798 5688 incipit
2828 5608 3177 5688 autemsic:
3211 5608 3295 5688 _'H
3326 5610 3535 5688 ἑτέρως’
3570 5615 3595 5666 ὁ
3623 5606 3715 5687 μθ
3745 5634 3801 5668 κ.
3836 5633 3890 5672 τ.
3923 5615 3987 5670 λ.

2367 5680 2432 5738 In
2460 5678 2734 5752 margine
2757 5678 2888 5738 haec
2918 5679 3159 5741 exhibet
3194 5681 3263 5739 Α.
