4188 6412
292 339 412 396 789

1341 329 1714 392 COMMENT.
1755 324 1826 384 IN
1862 320 2194 382 MARCUM.
2233 357 2305 373 —
2341 328 2501 390 CAP.
2540 331 2639 390 III.

3565 330 3674 388 790

374 467 478 519 Kal
539 463 669 517 πολὺ
716 462 913 528 πλῆθος
956 494 1024 508 -
1081 463 1232 518 αὐτόν
1290 493 1358 505 -
1408 465 1573 536 Πίραν
1627 463 1721 511 τοῦ
1773 454 1885 528 Ἰορ·

2081 451 2241 510 Vers.
2283 455 2337 510 7.
2378 463 2457 518 Et
2487 457 2794 515 multitudo
2830 472 3041 530 magna
3061 487 3132 499 —
3167 456 3336 514 Vere.
3368 459 3421 514 8.
3453 437 3579 514 eum
3601 485 3675 501 -

286 549 488 623 δάνον,
543 557 704 625 ἤγουν
759 555 808 606 οἱ
861 559 1017 630 πέραν
1062 561 1152 607 τοῦ
1212 548 1498 628 Ἰορδάνου.
1559 545 1901 601 Ἠκολούθουν

286 639 383 708 δὲ,
429 646 477 696 οἱ
519 646 608 716 μὲν
639 642 938 719 ἀρρώστους
989 644 1311 717 κομίζοντες,
1343 643 1392 695 οἱ
1445 637 1524 709 δε,
1577 641 1708 697 ὅπως
1753 633 1901 686 αὐτοὶ

279 735 542 804 τύχωσιν
602 732 805 794 ἶάσεως·
861 734 911 786 οἱ
972 730 1051 801 δε,
1109 734 1192 785 ἶνα
1274 732 1559 784 θεάσωνται
1635 727 1896 786 θαύματα.

285 827 406 876 Καὶ
451 822 558 894 οὐχ
603 821 832 897 Ἑϐραῖοι
878 826 1052 896 μόνον,
1082 821 1211 874 ἀλλὰ
1258 825 1348 874 καὶ
1388 816 1680 892 ἀλλόφυλοι,
1733 809 1900 867 Ἰδου-

278 918 447 984 μαῖοι
490 915 580 964 καὶ
621 914 804 983 Τύριοι
849 916 938 964 καὶ
970 907 1227 965 Σιδώνιοι.
1262 914 1362 964 Kal
1392 909 1440 962 οἱ
1481 910 1572 983 μεν
1624 904 1900 976 ἁλλογενεῖς

279 1005 533 1077 ἤρχοντο
558 1004 690 1074 πρὸς
726 1000 900 1054 αὐτόν·
944 1002 993 1053 οἱ
1022 997 1082 1054 δὲ
1122 1007 1388 1073 συγγενεῖς
1417 993 1672 1052 Ἰουδαῖοι
1710 994 1898 1068 μᾶλλον

278 1095 579 1165 ἐρχόμενον
603 1093 734 1164 πρὸς
755 1090 941 1152 αὐτούς
970 1086 1182 1143 ἐδίωκον
1221 1089 1396 1142 αὑτὸν.

371 1187 473 1236 Καὶ
523 1177 630 1236 εἷπε
693 1211 759 1221 —-
825 1180 971 1253 εἶχον
1045 1182 1326 1253 μάστιγας.
1378 1211 1445 1220 -
1523 1182 1892 1251 Προσκαρτερῇ

276 1271 432 1345 (32),
461 1273 576 1324 ἀντὶ
621 1277 736 1337 τοῦ,
765 1269 1040 1343 ’Υπηρετῇ.
1075 1268 1283 1341 Ἔμελλε
1302 1269 1424 1343 γὰρ,
1456 1265 1618 1340 ἐμϐὰς
1647 1265 1716 1328 εἰς
1744 1263 1892 1331 αύτό,

275 1366 363 1434 μὴ
417 1359 768 1433 ἐνοχλεῖσθαι.
812 1357 997 1431 Θλίψιν
1039 1354 1097 1412 δε
1138 1362 1237 1412 Ινόει
1287 1365 1394 1420 νῦν,
1448 1361 1542 1416 τὴν
1589 1353 1890 1428 Σύσφιγξιν·

273 1451 567 1523 Μάστιγας
606 1444 684 1516 δε,
716 1452 806 1512 τὰς
825 1452 1031 1511 νόσους.

364 1545 466 1594 Kal
545 1542 613 1592 τὰ
680 1540 950 1611 πνεύματα
1026 1568 1096 1579 -
1179 1541 1495 1596 ποιήσωσιν.
1574 1535 1896 1607 Ἐπιγνόντες

274 1635 381 1689 τὴν
444 1630 586 1682 θείαν
640 1624 863 1700 δύναμιν
933 1628 982 1680 οἱ
1040 1622 1304 1699 δαίμονες,
1381 1629 1732 1699 προσέπιπτον
1804 1627 1894 1675 καὶ

279 1719 627 1793 ἀνεκήρυττόν
701 1718 854 1770 αύτόν
911 1719 1031 1770 Υὶόν
1086 1723 1176 1769 τοῦ
1222 1723 1376 1770 Θεοῦο
1425 1722 1576 1768 τοῦτο
1637 1716 1727 1787 μεν
1797 1716 1893 1772 τὴν

278 1812 556 1881 ὑποταγὴν
587 1805 866 1868 δηλοῦντες
913 1811 1002 1858 καὶ
1050 1806 1275 1870 ἄκοντες,
1329 1811 1482 1858 τοῦτο
1535 1800 1596 1856 δε
1638 1814 1726 1856 και
1765 1804 1890 1875 ύπὶρ
1929 1806 1971 1862 Β

281 1906 374 1952 τοῦ
401 1903 476 1972 μὴ
510 1896 904 1972 βασανισθῆναι
928 1892 1180 1968 δεόμενοι.
1210 1893 1551 1967 Ἐπεστόμιζε
1581 1889 1642 1946 δε
1679 1891 1889 1960 αύτούς,

284 1991 368 2043 ἶνα
392 1992 490 2060 μή,
529 1989 741 2059 φανερόν
767 1985 921 2039 αὐτόν
947 1989 1278 2050 ποιήσαντες,
1309 1982 1551 2054 eadem:
1580 1985 1666 2034 τόν
1708 1983 1890 2054 φθόνον

283 2087 383 2130 τῶν
406 2073 706 2134 Ἰουδαίων.

355 2173 594 2225 Ζήτησόν
647 2161 707 2218 δι
758 2169 846 2217 καὶ
899 2163 947 2216 ἓν
1006 2165 1152 2238 ἀρχῇ
1204 2169 1296 2215 τοῦ
1349 2166 1557 2236 πρώτου
1607 2159 1885 2232 κεφαλαίου

294 2253 467 2328 [διατί
532 2255 634 2328 (33)
695 2254 981 2327 ἐπετίμησε
1019 2262 1092 2325 τῷ
1149 2252 1427 2326 ἀκαθάρτῳ
1473 2253 1745 2323 πνεύματι,
1797 2255 1886 2303 καὶ

295 2346 536 2415 εὑρήσεις
587 2344 728 2406 αὖθις
781 2344 954 2418 ἑτέρας
1010 2342 1200 2404 αἰτίας.
1251 2340 1409 2393 Ἀλλὰ
1458 2344 1548 2392 καὶ
1598 2338 1646 2391 ἐν
1701 2348 1774 2410 τῷ
1818 2337 1885 2392 εί-

287 2440 464 2503 κοστῷ
485 2438 661 2506 πρώτῳ
681 2431 966 2506 κεφαλαίῳ]
995 2440 1086 2485 τοῦ
1117 2433 1255 2484 κατὰ
1287 2431 1555 2484 Ματθαίον
1606 2427 1884 2501 ἔπετίμησε

278 2531 392 2584 τοῖς
435 2522 628 2594 ὅχλόις,
674 2523 760 2575 ἱνα
803 2527 877 2595 μὴ
925 2525 1138 2598 φανερὸν
1207 2521 1358 2575 αύτον
1414 2524 1702 2578 ποιήσωσι.
1781 2523 1882 2573 Καὶ

273 2612 512 2674 ζήτησον
538 2609 692 2666 κᾶικεῖ
708 2617 803 2671 τήν
841 2610 1116 2684 ἐξήγησιν.

504 2758 655 2813 ΚΕΦ.
689 2754 765 2812 Η’.
797 2760 922 2832 Περὶ
945 2763 1033 2818 τῆς
1053 2753 1270 2827 ὶκλογῆς
1298 2774 1398 2808 των
1421 2749 1651 2811 δώδεκα.

350 2868 454 2916 Kal
514 2861 776 2916 ἀναϐαίνει
846 2894 913 2903 —
969 2859 1238 2935 δάιμόνια.
1310 2867 1514 2923 Λουκᾶς
1589 2857 1648 2914 δε
1723 2879 1880 2933 φησιν

272 2954 359 3006 ὅτι
417 2951 658 3016 Ἐξῆλθεν
711 2952 784 3015 εἰς
843 2955 902 3006 τό
977 2957 1095 3028 ὅρος
1164 2951 1576 3025 προσεύξασθαι,
1650 2954 1739 3003 καὶ
1818 2950 1880 3010 ἧν

273 3038 689 3116 διανυκτερεύων
763 3041 812 3095 ἰν
883 3050 945 3116 τῇ
1027 3049 1302 3116 προσευχῇ
1379 3047 1472 3094 τοῦ
1543 3047 1698 3096 Θεοῦ.
1779 3044 1880 3094 Kal

271 3131 361 3182 ὅτε
440 3129 630 3202 ἐγένετο
712 3132 903 3205 ἡμέρα,
985 3137 1356 3208 προσεφώνησε
1434 3133 1557 3192 τοὺς
1638 3130 1878 3202 μαθητὰς

271 3218 456 3287 αὐτοῦ,
528 3224 616 3273 καὶ
681 3219 1007 3294 ἐκλεξάμενος
1084 3219 1174 3273 ἀπ’
1244 3219 1408 3272 αὐτῶν
1481 3215 1710 3284 δώδεκα,
1788 3217 1876 3281 οὓς

269 3312 364 3360 καὶ
417 3307 737 3371 ἀποστόλους
802 3310 1061 3383 ὠνόμασε,
1118 3313 1208 3362 καὶ
1283 3311 1349 3362 τὰ
1405 3308 1540 3372 ἑξῆς.
1619 3311 1877 3361 Διενυκτί-

269 3415 428 3472 ρευσε
462 3400 565 3470 γὰρ
614 3397 662 3450 ἓν
710 3407 772 3472 τῇ
826 3407 1126 3472 προσευχῇ,
1158 3407 1220 3471 τῇ
1266 3401 1392 3471 πρὸς
1431 3401 1578 3463 Θεὸν,
1613 3393 1874 3450 παιδεύων

276 3487 442 3558 ἡμᾶς,
495 3489 616 3540 ὅταν
667 3491 784 3542 τινὰ
838 3490 949 3558 (34)
996 3488 1378 3565 προκαλλεσθαι
1422 3487 1699 3560 μέλλωμεν,
1759 3483 1877 3541 δια-

269 3580 591 3650 νυκτερεύειν
641 3582 1121 3652 προσευχομίνους,
1180 3579 1262 3632 ἶνα
1301 3579 1328 3630 ὁ
1367 3577 1514 3641 ἄξιος
1561 3579 1685 3650 ἡμῖν
1735 3597 1874 3649 γνω-

269 3668 459 3738 ρισθῇ,
512 3672 601 3719 καὶ
652 3671 736 3740 μὴ
784 3673 1176 3740 κοινωνήσωμεν
1243 3667 1534 3740 ἀλλοτρίαις
1572 3666 1870 3741 ἁμαρτίαις.

273 3753 566 3817 Ἐξελέξατο
645 3753 704 3808 δὲ
781 3755 836 3808 ἐκ
904 3759 1108 3809 πάντων
1173 3765 1273 3809 τῶν
1338 3759 1726 3810 πιστευσάντων
1803 3755 1875 3819 είς

271 3843 453 3912 αὐτὸν,
513 3844 604 3907 οὓς
679 3845 844 3910 ἤθελε,
910 3841 1144 3914 δηλαδὴ,
1228 3850 1350 3908 τοὺς
1421 3845 1871 3920 ἀξιολογωτέρους.

271 3931 542 3996 inligare
600 3931 661 3988 δε
697 3935 788 3991 καί
835 3931 1041 3988 Ἰούδαν
1093 3938 1179 3988 τὸν
1231 3935 1594 4011 Ἰσκαριώτην,
1663 3939 1733 3998 ὡς
1778 3956 1872 3994 τη-

1173 3765 1273 3809 τῶν
1338 3759 1726 3810 πιστευσάντων

269 4030 494 4075 νικαῦτα
548 4023 720 4076 καλόν·
788 4021 1014 4090 δεικνύς,
1071 4025 1152 4078 ὅτι
1202 4029 1475 4099 προσίεται
1539 4029 1623 4078 τόν
1695 4026 1869 4099 καλὸν,

267 4115 468 4186 μχρις
519 4111 579 4164 ἂν
630 4117 844 4185 γίνηται
908 4117 1087 4181 κακός,
1161 4114 1205 4167 εἰ
1263 4119 1352 4168 καὶ
1409 4120 1758 4188 προγινώσκει
1811 4117 1870 4167 τὸ

267 4200 475 4274 μέλλον,
505 4207 596 4254 καί
620 4202 714 4255 οὐκ
735 4201 836 4256 ἀπὸ
863 4211 953 4264 τῆς
975 4204 1047 4264 είς
1066 4204 1281 4279 ὕστερον
1301 4208 1491 4265 κακίας
1513 4203 1871 4277 ἀποπέμπεται

266 4294 357 4343 τὸν
407 4293 499 4364 ἄρι
541 4291 716 4344 καλόν·
749 4291 878 4346 ἀλλὰ
927 4291 1028 4346 ἀπὸ
1057 4301 1153 4355 τῆς
1199 4301 1288 4346 νῦν
1335 4292 1540 4369 ἀρετῆς,
1590 4294 1871 4347 οἰκειοῦται

265 4383 354 4433 τόν
386 4379 460 4442 εἰς
484 4381 698 4455 ὕστερον
723 4386 965 4457 πονηρόν.

343 4469 620 4532 Ἐξουσίαν
665 4469 724 4525 δι
751 4476 877 4538 νόει,
926 4476 1020 4531 τὴν
1065 4468 1288 4546 δύναμιν
1324 4480 1421 4526 τοῦ
1459 4474 1753 4549 θεραπεύειν
1781 4477 1871 4536 τὰς

266 4561 455 4619 νόσους
485 4565 574 4612 καὶ
604 4559 862 4614 ἐκϐάλλειν
891 4564 959 4614 τὰ
1003 4558 1272 4634 δαιμόνια.
1319 4561 1446 4615 Εἶτα
1495 4561 1630 4636 λέγει
1672 4568 1760 4617 καὶ
1806 4567 1872 4620 τὰ

267 4647 502 4720 ὀνόματα
523 4645 618 4702 διὰ
640 4654 760 4712 τοὺς
785 4647 1266 4722 ψευδαποστόλους.

345 4877 446 4926 Kal
494 4871 708 4932 ἐπέθηκε
766 4904 833 4915 -
892 4877 1104 4948 Πέτρον.
1166 4879 1267 4928 Καὶ
1318 4879 1421 4947 μὴν
1491 4874 1539 4929 ἐν
1597 4885 1668 4948 τῷ
1739 4881 1872 4932 κατὰ

269 4964 493 5020 Ῑωάννην
573 4962 866 5034 Εὐαγγελίῳ
941 4965 1282 5036 μανθάνομεν,
1360 4965 1458 5032 ὅτι,
1525 4967 1607 5018 ὅτε
1669 4975 1870 5041 πρῶτον

267 5053 294 5104 ὁ
343 5048 567 5124 ἁδελφός
625 5051 786 5104 αὐτοῦ
834 5049 1080 5128 Ἀνδρέας
1147 5057 1338 5126 ἤγαγεν
1392 5054 1547 5107 αὐτόν
1607 5061 1733 5128 πρός
1784 5061 1870 5110 τόν

267 5143 498 5207 Ἰησοῦν,
557 5146 671 5194 τότε
729 5140 985 5214 ἐμϐλέψας
1037 5143 1176 5214 αύτῷ
1249 5145 1274 5195 ό
1337 5144 1562 5211 Ἰησοῦς,
1616 5144 1741 5200 εἷπε·
1804 5150 1870 5202 Σύ

264 5227 314 5284 εἷ
362 5238 551 5303 Σιμων,
608 5232 634 5282 ό
706 5233 813 5294 νίὸς
877 5231 1040 5301 Ἰωνᾶ,
1112 5235 1177 5285 σύ
1244 5232 1484 5308 κληθήσῃ
1566 5240 1767 5308 Κηφᾶς,
1844 5237 1870 5290 ὁ

335 5382 386 5418 ⁸²
415 5380 616 5438 Matth.
657 5397 760 5447 ιιι,
791 5385 875 5438 16.
909 5383 957 5418 ⁸³
990 5384 1122 5440 Luc.
1147 5399 1227 5453 v1,
1259 5387 1344 5449 t2,
1378 5383 1465 5440 13.
1498 5385 1548 5422 ⁴⁴
1575 5386 1750 5442 Joan.
1779 5403 1820 5444 1.
1849 5390 1939 5444 42.

2018 543 2205 600 Trans
2214 546 2556 613 Jordanem,
2573 547 2633 603 id
2646 554 2755 614 est,
2771 550 2874 621 qui
2891 547 3252 604 habitabant
3272 547 3429 604 ultra
3458 546 3677 605 Jorda-

2011 647 2168 690 nem.
2189 636 2536 693 Secutisunt
2557 643 2753 694 autem
2783 637 3135 711 :hiquidem
3155 636 3478 710 languidos
3510 636 3676 694 defe-

2008 728 2205 778 rentes
2227 743 2244 795 ;
2279 725 2356 780 illi
2373 741 2516 782 vero
2536 730 2600 782 ut
2624 727 2735 800 ipsi
2749 727 3001 784 salutem
3027 733 3554 800 consequerentur,
3569 730 3674 784 aut

2009 810 2301 871 miracula
2311 815 2588 872 viderent.
2609 819 2723 873 Nec
2735 817 2843 874 soli
2861 817 3082 873 Hebraei
3093 857 3107 884 ,
3121 832 3332 874 verum
3345 816 3521 873 etiam
3534 814 3672 873 alie-

2008 901 2236 970 nigenae
2263 903 2529 962 Idumaei.
2559 905 2740 978 Tyrii,
2770 910 2826 962 et
2855 906 3104 963 Sidonii.
3135 904 3500 978 Alienigena:
3525 919 3671 976 ergo

2010 991 2326 1050 veniebant
2340 995 2419 1051 ad
2442 1009 2605 1060 eum,
2631 995 2870 1066 cognati
2891 1011 3030 1054 vero
3045 993 3236 1052 Judmi
3253 994 3333 1055 ad
3350 1010 3413 1053 se
3429 994 3670 1052 venien-

2007 1084 2126 1137 tem
2156 1081 2350 1152 magis
2379 1083 2915 1156 persequebantur.

2081 1173 2240 1227 Vers.
2281 1176 2332 1228 9.
2371 1173 2448 1228 Et
2486 1172 2642 1230 dixit
2671 1204 2740 1215 —
2770 1175 2928 1230 Vers.
2965 1176 3055 1232 10.
3085 1172 3557 1245 inﬁrmabantur.
3597 1173 3671 1232 Ut

2006 1259 2120 1316 sibi
2141 1259 2481 1334 deserviret,
2510 1261 2587 1320 ad
2629 1262 3082 1321 ascendendum
3120 1262 3184 1321 in
3220 1262 3490 1332 illam,ne
3527 1277 3670 1321 eum

2006 1349 2333 1409 turbarent.

2075 1562 2241 1620 Vere.
2278 1566 2366 1630 11,
2391 1563 2658 1636 Spiritus
2683 1580 2916 1638 quoque
2954 1559 3025 1607 +
3062 1563 3228 1622 Vers.
3264 1563 3349 1620 l2.
3373 1565 3665 1636 facerent.

2004 1652 2153 1710 Cum
2171 1653 2438 1711 divinam
2459 1655 2510 1727 ej
2522 1671 2590 1711 us
2603 1653 2930 1728 potentiam
2945 1653 3666 1726 cognovissentdasmones
3688 1701 3692 1704 .

2003 1743 2390 1816 procidebant
2411 1759 2481 1799 ac
2511 1742 2923 1816 prmdicabant
2947 1759 3085 1800 eum
3116 1758 3246 1799 esse
3272 1741 3376 1800 Dei
3403 1741 3614 1801 Filium
3643 1759 3661 1800 :

2002 1831 2148 1888 illud
2184 1833 2452 1906 quidem,
2495 1833 2815 1906 imperium
2846 1831 3002 1888 illius
3041 1830 3516 1901 manifestando;
3547 1832 3666 1890 hoc

2002 1927 2222 1984 autem,
2246 1939 2321 1978 ne
2340 1939 2403 1978 se
2426 1925 2730 1994 torqueret
2752 1920 3156 1994 deprecando.
3185 1919 3498 1978 Silentium
3519 1935 3664 1998 ergo

1998 2010 2110 2067 illis
2131 2011 2501 2083 imponebat,
2525 2027 2600 2068 ne
2631 2027 2693 2067 se
2716 2009 3102 2069 manifestum
3123 2009 3406 2076 facerent,
3427 2010 3665 2068 Iudaeo-

1997 2115 2134 2155 rum
2164 2099 2453 2156 invidiam
2483 2099 2854 2156 accedentes.

2069 2191 2276 2256 Quaere
2321 2193 2521 2246 autem
2551 2190 2610 2245 in
2649 2187 2938 2261 principio
2980 2187 3159 2261 primi
3199 2186 3427 2261 capitis,
3470 2203 3658 2262 quare

1994 2279 2312 2336 immundo
2341 2279 2573 2352 spiritui
2601 2277 2676 2334 sit
2695 2277 3129 2343 interminatus,
3152 2281 3209 2333 et
3226 2277 3374 2334 alias
3389 2276 3655 2334 invenies

1993 2385 2210 2426 causas
2236 2386 2250 2438 ;
2283 2369 2388 2424 sed
2420 2373 2477 2425 et
2495 2367 2784 2423 vicesimo
2801 2367 2994 2439 capite
3005 2366 3532 2439 juxtaMattbaaum
3560 2367 3655 2424 in-

1990 2460 2350 2516 terminatus
2383 2464 2472 2517 est
2501 2457 2686 2516 turbis
2719 2473 2795 2515 ne
2825 2473 2888 2515 se
2908 2457 3294 2516 manifestum
3314 2457 3650 2529 facerent",

1991 2564 2190 2622 quaere
2218 2549 2294 2606 ibi
2326 2564 2560 2623 quoque
2586 2548 3054 2607 enarrationem.

2241 2765 2390 2820 CAP.
2423 2761 2563 2820 VIII.
2581 2762 2664 2822 De
2686 2761 2959 2820 electione
2981 2762 3398 2834 apostolorum.

2064 2875 2220 2930 Vers.
2255 2871 2343 2928 13.
2375 2871 2451 2928 Et
2489 2869 2748 2928 ascendit
2776 2901 2845 2912 —
2874 2871 3033 2926 Vers.
3066 2869 3155 2926 15.
3196 2868 3510 2927 daemonia.
3539 2870 3656 2928 Lu-

1989 2977 2093 3019 cas
2115 2966 2315 3018 autem
2333 2960 2495 3026 dicit,
2509 2959 2674 3034 quod
2691 2959 2867 3017 exivit
2889 2958 2950 3014 in
2961 2964 3212 3017 montem
3229 2959 3309 3016 ad
3321 2959 3613 3017 orandum
3633 2976 3650 3030 ;

1988 3058 2040 3107 et
2072 3057 2201 3108 erat
2228 3057 2580 3120 pernoctans
2601 3049 2665 3105 in
2696 3049 2951 3106 oratione
2986 3047 3111 3104 Dei.
3155 3049 3424 3122 Cumque
3454 3049 3652 3120 factus

1916 3162 1956 3220 ο
1989 3146 2131 3198 esset
2154 3141 2297 3206 dies,
2321 3138 2623 3196 advocavit
2651 3137 2967 3207 discipulos
2991 3153 3146 3204 suos,
3173 3145 3226 3195 et
3244 3138 3409 3210 elegit
3429 3138 3653 3196 duode-

1986 3229 2100 3286 cim
2130 3244 2201 3285 ea:
2223 3231 2324 3295 eis,
2357 3244 2500 3300 quos
2525 3233 2579 3284 et
2600 3228 2892 3297 apostolos
2917 3225 3246 3283 nominavit
3271 3228 3346 3294 ⁴³,
3377 3230 3487 3282 etc.
3521 3227 3652 3284 Per-

1985 3319 2265 3374 noctabat
2303 3316 2465 3372 enim
2519 3317 2580 3372 in
2621 3316 2888 3372 oratione
2944 3314 3023 3370 ad
3072 3317 3294 3371 Deum:
3343 3315 3646 3373 instruens

1983 3422 2113 3473 nos,
2140 3407 2275 3463 utsi
2310 3405 2559 3479 quando
2588 3404 2848 3476 aliquem
2888 3401 3130 3459 electuri
3167 3417 3402 3468 sumus,
3424 3402 3488 3460 in
3516 3419 3648 3462 ora-

1984 3498 2142 3554 tione
2160 3501 2597 3570 pernoctemus,
2614 3509 2736 3567 quo
2752 3494 2802 3550 is
2825 3491 2927 3565 qui
2940 3490 3164 3562 dignus
3181 3496 3270 3548 est
3289 3491 3641 3561 innotescat,

1984 3603 2057 3644 ne
2084 3585 2601 3643 communicemus
2624 3582 2881 3657 peccatis
2893 3579 3124 3637 alienis.
3152 3579 3340 3651 Elegit
3356 3584 3555 3638 autem
3571 3597 3646 3639 ex

1983 3676 2260 3734 omnibus
2299 3673 2678 3732 credentibus
2715 3673 2776 3729 in
2815 3671 3015 3745 ipsum
3054 3686 3204 3744 quos
3241 3669 3450 3737 voluit,
3496 3676 3645 3744 puta

1982 3767 2302 3840 digniores.
2333 3765 2515 3836 Elegit
2542 3764 2683 3821 item
2712 3767 2766 3820 et
2793 3761 3009 3819 ludam
3039 3761 3397 3827 Iscariotem,
3443 3765 3507 3818 ut
3536 3759 3643 3834 qui

1984 3862 2123 3915 tunc
2160 3856 2350 3912 bonus
2401 3859 2560 3921 erat;
2604 3852 2926 3910 ostendens
2975 3866 3037 3907 se
3087 3849 3316 3907 bonum
3359 3849 3640 3924 recipere,

1980 3946 2172 4003 donec
2187 3946 2384 4002 malus
2399 3943 2708 4000 efﬁciatur.
2728 3943 2793 3998 Et
2812 3956 3165 4014 quanquam
3193 3944 3645 4013 prtecognoscat

1981 4035 2142 4108 quod
2172 4036 2439 4092 futurum
2468 4037 2573 4100 est,
2599 4047 2717 4089 non
2749 4035 2952 4088 tamen
2982 4029 3062 4086 ob
3090 4029 3354 4088 futuram
3381 4029 3642 4102 pravita-

1981 4131 2100 4182 tem
2125 4141 2264 4181 eum
2295 4123 2533 4195 abjecit,
2564 4123 2667 4196 qui
2705 4136 2864 4176 nunc
2890 4119 3085 4175 bonus
3121 4123 3227 4186 est,
3261 4118 3366 4174 Sed
3396 4125 3641 4194 propter

1979 4214 2255 4272 virtutem
2268 4218 2618 4287 praesentem
2637 4211 2753 4268 sibi
2767 4208 3124 4267 familiarem
3137 4207 3451 4266 facitillum
3467 4209 3641 4266 etiam

1980 4303 2084 4375 qui
2107 4302 2306 4361 malus
2345 4302 2576 4360 futurus
2603 4306 2716 4360 est.

1904 4516 1950 4582 D
2051 4520 2413 4576 Potestatem
2442 4531 2586 4573 vero
2611 4512 2883 4584 intelligit
2909 4510 3192 4568 virtutem
3230 4505 3640 4567 curandarum

1981 4607 2400 4683 mgritudinum
2417 4603 2974 4678 ejiciendorumque
3002 4599 3370 4656 daemonum.
3412 4596 3640 4656 Deinde

1979 4705 2220 4774 propter
2234 4697 2417 4754 falsos
2431 4692 2761 4769 apostolos,
2780 4690 3028 4748 nomina
3045 4703 3287 4764 quoque
3308 4687 3479 4762 ponit
3494 4702 3642 4762 apo.

1981 4789 2330 4935 “ﬁgi-2.1%.
2361 4875 2436 4930 Et
2456 4873 2735 4945 imposuit
2756 4889 2824 4912 -—
2843 4870 3066 4927 Petrus.
3091 4867 3355 4941 Atqui'in
3376 4869 3639 4938 Evange-

1978 4967 2058 5024 lio
2074 4968 2241 5038 juxta
2263 4967 2555 5020 Joannem
2577 4961 2889 5028 discimus,
2911 4958 3076 5032 quod
3099 4956 3349 5031 quando
3369 4956 3635 5029 primum

1980 5057 2156 5113 frater
2186 5055 2314 5126 ejus
2341 5053 2604 5109 Andreas
2630 5050 2800 5107 duxit
2823 5049 2990 5105 illum
3018 5048 3095 5105 ad
3124 5048 3353 5113 Iesum,
3385 5046 3636 5102 intuitus

1980 5162 2118 5203 eum
2147 5145 2318 5200 Jesus
2348 5143 2494 5199 dixit
2522 5159 2534 5197 :
2577 5142 2662 5197 Tu
2687 5155 2744 5197 es
2771 5139 2969 5196 Simon
2992 5136 3159 5208 ﬁlius
3179 5136 3352 5205 Jona,
3377 5143 3441 5192 tu
3466 5151 3633 5194 voca-

1983 5235 2135 5294 beris
2149 5234 2386 5306 Cephas,
2411 5231 2568 5305 quod
2581 5237 2683 5299 est,
2707 5229 2756 5286 si
2769 5229 2891 5302 quis
2905 5227 3549 5299 interpreteturPetrus
3562 5225 3632 5284 “.

1481 5510 1704 5580 Variae
1737 5512 2064 5606 lectiones
2104 5520 2171 5580 et
2198 5517 2402 5580 nota.

335 5651 452 5723 (32)
488 5650 664 5723 Multa
683 5650 784 5723 hic
801 5649 1018 5723 desunt
1046 5650 1209 5723 apud
1242 5651 1622 5723 Hentenium.

337 5720 455 5794 (33)
478 5723 618 5789 Quis
633 5722 728 5778 hic
748 5720 984 5779 inclusa
1005 5720 1169 5788 sunt,
1189 5721 1532 5782 exciderant
1552 5740 1624 5782 ex
1645 5724 1783 5784 cod.
1800 5725 1876 5796 Δ,

1982 5655 2062 5712 ob
2092 5651 2508 5726 repetitionem
2536 5653 2650 5726 τοῦ,
2681 5651 2781 5726 τρῦ.
2810 5647 3016 5726 πρώτου
3052 5663 3168 5722 κεφ.

2051 5717 2178 5799 (34ῖ
2200 5724 2489 5783 Nimirum
2531 5717 2664 5800 ἱερία
2696 5721 2730 5784 ἦ
2760 5717 3044 5775 ἐπίσκοπον
