4188 6422
545 266 651 326 794

1895 250 2246 316 EUTHYMII
2296 249 2638 316 ZIGABENI

3810 264 3928 322 792

547 389 875 450 Verisimile
891 391 982 446 est
995 402 1138 460 ergo
1149 391 1292 447 tunc
1309 387 1552 455 dixisse,
1569 386 1915 446 vocandum
1930 399 2067 442 esse
2091 382 2201 438 Pe-

2325 377 2641 454 ῐρμηνεύεται
2690 386 2902 460 Πέτρος.
2969 383 3116 445 Εἰκὸς
3165 384 3252 436 οὖν
3302 388 3414 437 τότε
3457 387 3547 456 μὶν
3608 385 3785 452 εἰπεῖν,
3837 390 3928 442 ὅτι

549 485 727 548 trum,
771 494 934 538 nunc
971 486 1174 536 autem
1203 493 1419 536 vocare
1444 494 1584 535 eum
1621 479 1878 536 Petrum.

618 570 824 635 Quaere
863 573 1064 625 autem
1117 567 1353 624 decimo
1400 583 1564 623 nono
1615 568 1810 639 capite
1853 565 2025 637 juxta
2063 565 2200 620 Mat-

549 658 773 716 thasum
793 657 1228 731 expositionem
1245 657 1709 713 enumerationis
1723 655 2036 711 nominum
2055 651 2201 707 duo-

549 747 740 807 decim
764 746 1196 821 apostolorum,
1228 753 1285 804 et
1309 745 1516 804 omnia
1543 761 1653 802 suo
1679 743 1948 801 invenies
1968 742 2197 807 ordine,

622 964 786 1022 Vers.
818 964 908 1021 17.
940 961 1019 1019 Et
1046 960 1327 1020 Iacobum
1349 961 1687 1031 —-fratrem
1718 958 1938 1016 Jacobi.
1960 962 2008 1015 Α
2041 974 2204 1015 com-

551 1053 723 1110 muni
751 1067 1086 1124 cognomen
1114 1050 1463 1108 asciscitur:
1497 1054 1554 1106 et
1582 1054 1826 1122 propter
1851 1064 1955 1106 eos
1985 1049 2093 1122 qui
2116 1064 2205 1106 se-

549 1145 818 1216 quuntur
845 1141 962 1198 hoe
998 1140 1347 1198 assumitur.

624 1233 790 1288 Vers.
826 1231 908 1287 Et
932 1229 1200 1303 imposuit
1228 1259 1297 1271 —
1330 1229 1588 1286 tonitrui.
1616 1228 1776 1285 Sicut
1803 1227 1960 1284 ﬁlius
1989 1228 2207 1302 iniqui-

552 1321 690 1379 tatis
714 1319 930 1377 dicitur
961 1319 1066 1392 qui
1103 1319 1346 1392 iniquus
1384 1323 1511 1376 est:
1545 1323 1602 1376 et
1636 1317 1794 1374 ﬁlius
1833 1318 2202 1390 perditionis,

554 1410 828 1486 perditus
855 1428 869 1477 ;
902 1413 960 1466 et
987 1408 1148 1465 ﬁlius
1168 1408 1360 1481 pacis,
1387 1407 1708 1480 paciﬁcus:
1737 1407 1820 1465 ita
1840 1423 2082 1482 quoque
2103 1407 2207 1465 ﬁlii

555 1498 802 1558 tonitrui
827 1499 934 1574 qui
962 1502 1172 1555 tonant
1204 1514 1217 1554 :
1259 1501 1550 1571 tanquam
1591 1498 1915 1555 tonitruum
1933 1499 2095 1555 enim
2133 1497 2208 1554 de

557 1588 708 1648 calo
738 1587 1035 1654 auditum,
1065 1586 1129 1644 hi
1156 1585 1356 1646 divina
1381 1591 1662 1644 tonarunt
1691 1586 1980 1658 dogmata
2005 1603 2019 1654 ;
2041 1589 2210 1644 Jaco-

555 1678 675 1752 bus
693 1677 940 1751 quidem
956 1677 1082 1734 sine
1100 1677 1412 1749 scriptura,
1431 1677 1692 1733 Joannes
1708 1693 1846 1733 vero
1868 1676 2207 1742 scribendo,

557 1767 906 1840 Boanerges
931 1771 1134 1824 autem
1156 1765 1508 1824 Hebraicum
1531 1780 1756 1823 nomen
1787 1770 1894 1832 est,
1921 1767 2212 1840 quemad-

555 1856 814 1914 modum
852 1860 913 1914 et
949 1855 1200 1928 Cephas.

633 1947 798 2004 Vers.
829 1947 918 2003 18.
948 1947 1027 2004 Et
1047 1945 1344 2004 Andream
1372 1975 1440 1985 —
1470 1944 1638 2004 Vers.
1665 1947 1752 2006 19.
1785 1945 1981 2003 illum.
2012 1946 2092 2002 De
2121 1945 2216 2004 his

563 2036 845 2094 omnibus
869 2036 1095 2092 dictum
1134 2039 1225 2091 est
1252 2033 1539 2108 prmdicto
1564 2034 1799 2093 decimo
1828 2051 1991 2094 nono
2021 2035 2215 2109 capite

555 2125 735 2199 juxta
765 2124 1132 2184 Matthmum.

632 2235 792 2290 Vers.
823 2235 914 2290 2ο.
928 2231 1003 2288 Et
1020 2231 1263 2289 veniunt
1281 2261 1342 2275 -
1360 2231 1744 2291 manducare.
1766 2235 1834 2293 In
1853 2233 2104 2291 domum
2119 2249 2217 2291 cu-

557 2321 806 2394 jusdam
843 2319 1057 2386 ﬁdelis,

588 2445 598 2451 -
633 2412 896 2468 Versat.
923 2409 1145 2468 Etcum
1159 2409 1548 2468 auds'ssent—
1573 2426 1716 2468 eum.
1735 2410 1880 2468 Cum
1907 2411 2219 2471 audissent

562 2500 875 2558 domestici
898 2499 1029 2571 ejus
1051 2498 1302 2559 multam
1326 2499 1923 2566 convenireturbam,
1946 2502 2218 2559 exierunt

562 2594 628 2647 ut
656 2605 795 2646 eum
826 2588 1190 2653 cohiberent,
1219 2604 1289 2644 ac
1319 2589 1707 2662 prohiberent
1726 2604 1800 2646 ne
1831 2591 2090 2664 amplius
2117 2608 2215 2649 sa-

561 2684 750 2735 naret.
792 2677 1071 2735 Fortassis
1097 2682 1298 2734 autem
1328 2683 1497 2734 erant
1533 2678 1595 2735 hi
1633 2678 1844 2736 fratres
1869 2695 1942 2738 ex
1977 2681 2214 2754 Joseph,

564 2772 670 2825 aut
707 2761 856 2823 alias
888 2765 1149 2838 cognati.

635 2873 800 2932 Vers.
841 2874 930 2928 21.
962 2872 1241 2930 Dicebant
1265 2905 1329 2916 —
1359 2875 1424 2931 in
1453 2891 1713 2933 exessum
1751 2893 1949 2935 versus
1979 2883 2078 2936 est.
2121 2880 2216 2936 Di-

567 2960 1049 3036 cebantquidam
1063 2962 1268 3030 invidi,
1292 2964 1456 3036 quod
1469 2965 1782 3038 desiperet,
1798 2968 1941 3041 quia
1955 2984 2014 3024 se
2030 2974 2218 3025 totum

567 3051 647 3110 ad
671 3050 909 3146 dandas
939 3051 1576 3146 sanitatestradiderat
1607 3078 1620 3112 :
1653 3055 2085 3146 humanitatem
2113 3059 2220 3115 du-
2253 3087 2296 3146 ρ

565 3145 766 3199 centes
781 3140 1062 3213 furorem,
1087 3146 1144 3199 et
1163 3142 1635 3200 misericordiam
1661 3145 1944 3202 iacientes
1973 3147 2215 3204 crimen.

567 3234 636 3290 Et
671 3247 809 3290 vere
855 3231 917 3290 bi
974 3233 1375 3291 insaniebant.
1420 3235 1512 3292 Sic
1561 3251 1704 3307 ergo
1742 3236 2086 3308 intelligitur
2121 3237 2219 3295 hic

567 3338 786 3394 sermo,
818 3321 983 3398 quOd
1011 3322 1280 3381 exierunt
1309 3323 1420 3391 sui,
1448 3330 1509 3383 ut
1539 3325 1922 3400 prohiberent
1947 3343 2106 3384 eum.

635 3412 747 3469 Alii
788 3428 929 3470 vero
968 3429 1102 3487 quae
1143 3414 1303 3472 dicta
1346 3419 1486 3472 sunt
1526 3415 1695 3472 aliter
1735 3415 2216 3488 interpretantur,

563 3503 730 3578 quod
759 3503 1034 3562 exierunt
1061 3504 1154 3562 sui
1181 3509 1244 3561 ut
1273 3508 1543 3564 tenerent
1573 3522 1709 3562 eum
1738 3521 1812 3562 ne
1838 3506 2175 3564 discederet
2202 3529 2216 3564 :

564 3592 1014 3652 dicebantenim
1037 3593 1479 3666 quidam,quod
1501 3594 1848 3652 excessisset
1869 3595 1991 3652 sive
2004 3596 2220 3653 disces-

566 3681 738 3740 sisset
767 3698 804 3738 a
843 3698 904 3738 se
943 3688 1180 3755 propter
1211 3681 1467 3739 turbam.

636 3769 762 3838 Vel,
795 3769 1062 3827 exierunt
1091 3775 1151 3826 ut
1187 3774 1452 3827 tenerent
1488 3787 1627 3828 cum
1653 3771 1776 3829 sive
1814 3773 2173 3845 adjuvarent
2205 3793 2220 3845 ;

567 3858 851 3917 dicebant
866 3859 1026 3916 enim
1039 3858 1203 3932 quod
1224 3860 1583 3917 excessisset
1599 3861 1724 3918 sive
1742 3862 2065 3921 dissolutus
2077 3870 2226 3923 esset

569 3964 608 4008 a
642 3948 849 4020 vigore
881 3947 1148 4021 corporis
1187 3964 1310 4021 prae
1342 3949 1529 4007 nimio
1566 3950 1793 4007 labore.

641 4037 812 4096 Vers.
841 4040 928 4094 22.
954 4037 1179 4096 Scriba
1214 4037 1389 4096 etiam
1419 4071 1488 4082 —
1509 4039 1816 4098 daemonia.
1852 4045 1966 4099 Hoc
1997 4048 2054 4101 et
2085 4044 2226 4102 Pha.

570 4126 728 4187 ι·ἰωὶ
765 4125 1047 4186 dicebant
1084 4126 1366 4185 vicesimo
1406 4130 1860 4204 secundojuxta
1881 4133 2225 4194 Matthaaum

570 4218 804 4292 capite;
830 4221 887 4276 et
922 4216 1006 4276 ibi
1043 4233 1246 4292 quaere
1271 4219 1725 4292 expositionem.

643 4443 808 4502 Vers.
831 4447 922 4502 23.
948 4441 1158 4513 Quibus
1174 4442 1249 4501 ad
1274 4457 1337 4500 se
1358 4445 1576 4502 vocatis
1596 4476 1660 4489 -
1681 4445 1822 4503 illis.
1853 4446 1919 4504 In
1941 4453 2229 4527 exemplis

573 4534 633 4592 et
668 4532 1175 4591 similitudinibus.

561 4679 574 4684 ,
648 4621 810 4678 Vers.
851 4621 1238 4690 23.0uOmodo
1261 4626 1447 4694 potest
1488 4623 1700 4696 ejicere
1723 4624 1751 4682 7
1780 4625 2015 4686 Dictum
2041 4635 2127 4687 est
2155 4630 2229 4688 de

576 4710 669 4768 his
697 4710 811 4768 hoc
839 4710 1046 4784 capite,

647 4798 811 4857 Vers.
834 4799 923 4855 24.
951 4799 1026 4855 Et
1042 4799 1098 4856 si
1125 4830 1193 4842 —-
1218 4799 1383 4858 Vers.
1416 4802 1505 4858 25.
1522 4802 1650 4862 illa.
1684 4803 1874 4862 Etiam
1891 4803 1966 4863 de
1996 4806 2088 4864 his
2115 4807 2230 4866 dis-

575 4891 850 4963 putatum
881 4890 988 4946 est.

647 4977 812 5037 Vers.
841 4978 930 5034 26.
960 4977 1039 5034 Et
1056 4977 1110 5034 si
1127 5008 1195 5018 —
1222 4977 1410 5038 habet.
1440 4981 1642 5049 Quaere
1667 4983 1848 5042 etiam
1865 4983 1939 5044 de
1968 4985 2063 5044 his
2085 5003 2230 5062 prae-

575 5067 736 5126 dicto
771 5066 985 5141 capite.

567 5223 574 5230 ε
648 5157 812 5218 Vers.
841 5157 932 5214 27.
957 5156 1146 5215 Nemo
1175 5188 1243 5200 —
1271 5157 1534 5230 diripiet.
1567 5159 1705 5218 Hac
1733 5177 1976 5238 quoque
2004 5162 2228 5224 ibidem

574 5246 803 5319 integre
838 5245 1145 5304 declarata
1178 5253 1340 5305 sunt.

645 5337 812 5395 Vers.
833 5336 923 5395 28.
950 5336 1142 5395 Amen
1170 5369 1236 5380 —
1267 5338 1430 5395 Vers.
1463 5340 1554 5396 29.
1575 5339 1804 5410 judicii.
1830 5343 1961 5397 Haec
1990 5347 2226 5414 praeter-

577 5441 648 5486 ea
685 5427 979 5502 optimam
1018 5427 1101 5485 ibi
1138 5432 1316 5488 nacta
1363 5435 1503 5486 sunt
1548 5428 2114 5504 interpretationem.
2154 5433 2226 5490 In

2257 4496 2305 4555 D

2313 467 2563 544 κληθήσῃ
2594 477 2802 543 Πέτρος.
2831 482 2918 525 νῦν
2946 470 3004 526 δέ
3032 473 3253 526 καλέσαι
3276 481 3454 526 τοῦτον
3487 478 3700 547 Πέτρον.

2380 565 2619 618 Ζητησον
2665 563 2776 633 (35)
2838 559 2896 615 δε
2941 561 2987 614 ἐν
3041 571 3112 632 τῷ
3168 559 3608 635 ἐννεακαιδεκάτῳ
3656 564 3926 639 κεφαλαίῳ

2310 667 2367 700 το
2420 653 2553 702 κατὰ
2605 653 2870 704 Ματθαῑον
2925 660 3017 710 τῆν
3080 651 3328 722 ἐξήγησιν
3378 661 3469 713 τῆς
3509 651 3925 726 ἀπαριθμήσεως

2310 745 2408 788 τῶν
2461 738 2722 811 ὀνομάτων
2769 748 2862 803 τῆς
2923 736 3233 802 δωδεκάδος
3293 749 3392 793 τῶν
3441 740 3764 810 ἀποστόλων,
3826 751 3924 797 καὶ⁵

2311 828 2547 900 εὑρήσεις
2576 831 2746 881 πάντα
2773 831 2907 882 κατὰ
2935 829 3084 899 λόγον
3123 834 3428 902 τεταγμένα.

2381 918 2484 971 Καὶ
2514 917 2756 970 Ἰάκωϐον
2784 949 2850 960 —
2891 915 3108 991 ἀδελφὸν
3148 927 3239 971 τοῦ
3267 918 3541 977 Ἰακώϐου.
3577 920 3709 974 Ἀπὸ
3740 931 3920 975 κοινοῦ

2309 1006 2388 1076 τὸ,
2422 1006 2810 1080 προσκαλεῖται.
2856 1012 2955 1062 Καὶ
3005 1011 3106 1081 γὰρ
3162 1012 3251 1062 καὶ
3308 1009 3394 1062 ἐπὶ
3442 1015 3559 1072 τοὺς
3600 1009 3718 1075 ἐξῆς
3763 1020 3919 1066 τοῦτο

2312 1094 2646 1168 λαμϐάνεται.

2384 1189 2485 1238 Καὶ
2542 1184 2784 1244 ἐπέθηκεν
2841 1217 2904 1226 -
2960 1185 3203 1259 βροντῆς.
3263 1185 3466 1261 Ὠσπερ
3507 1191 3616 1252 υἱός
3673 1187 3916 1263 ἀνομίας,

2313 1273 2340 1324 ό
2396 1274 2605 1345 ἄνομος,
2656 1279 2744 1327 καὶ
2796 1274 2903 1336 υἱός
2955 1275 3231 1341 ἀπωλείας,
3281 1277 3306 1328 ό
3348 1276 3642 1344 ἀπολωλὼς,
3686 1284 3773 1331 καὶ
3807 1281 3922 1340 υἱὸς

2314 1362 2539 1437 εἰρήνης,
2607 1365 2632 1416 ὁ
2685 1363 2960 1437 εἰρηνικός·
3034 1366 3167 1417 οὕτω
3243 1371 3331 1418 καὶ
3397 1369 3502 1420 υἱοὶ
3567 1366 3810 1442 βροντῆς,
3868 1370 3923 1421 οἱ

2317 1450 2650 1525 βροντῶντες.
2699 1458 2856 1511 Δίκην
2897 1456 2998 1528 γὰρ
3043 1453 3269 1529 βροντῆς
3299 1454 3571 1526 οὐρανόθεν
3602 1455 3921 1520 ἐξάκουστον

2317 1538 2632 1613 ἐϐρόντησαν
2653 1542 2793 1594 οὗτοι
2815 1543 2880 1594 τὰ
2902 1541 3170 1615 θεολογικά
3197 1539 3461 1616 δόγματα,
3485 1546 3510 1596 ό
3531 1548 3620 1617 μὲν
3647 1545 3916 1611 Ἰάκωϐος,

2320 1627 2581 1704 ἁγράφωςυ
2634 1632 2658 1682 ὁ
2710 1627 2768 1684 δε
2807 1631 3063 1698 Ἰωάννης,
3097 1629 3386 1706 ἐγγράφως.
3431 1632 3692 1707 Ἐϐραὶκόν
3743 1630 3804 1686 δέ
3854 1638 3915 1686 τὸ

2247 1730 2290 1788 Β
2321 1721 2609 1792 Βοανεργές,
2643 1721 2816 1796 ὥσπερ
2853 1724 2942 1773 καὶ
2974 1725 3030 1772 τό
3066 1726 3264 1794 Κηφᾶς.

2396 1972 2495 2021 Καὶ
2520 1966 2768 2041 Ἀνδρέαν
2795 2000 2861 2010 -
2893 1970 3068 2026 αὐτόν.
3113 1976 3237 2045 Περὶ
3266 1973 3450 2023 τούτων
3477 1973 3671 2024 πάντων
3703 1975 3914 2046 εἴρηται

2323 2056 2370 2109 ἐν
2401 2066 2472 2128 τῷ
2504 2054 2787 2116 δηλωθέντι
2816 2056 3253 2132 ἐννεακαιδεκάτῳ
3283 2060 3555 2135 κεφαλαίῳ.

2399 2279 2498 2330 Καὶ
2529 2278 2775 2348 ἔρχονται
2808 2309 2876 2318 -
2907 2285 3102 2351 φαγεῖν.
3137 2277 3224 2341 Εἰς
3252 2273 3393 2330 οἶκόν
3423 2297 3560 2342 τινος
3601 2287 3812 2334 πιστοῦ.

2397 2493 2498 2542 Καὶ
2555 2487 2868 2551 ἀκούσαντες
2936 2521 3004 2532 -
3072 2491 3252 2546 αὐτόν.
3334 2491 3670 2556 Ἀκούσαντες
3746 2495 3796 2547 οἱ
3853 2494 3933 2548 oi-

2324 2585 2453 2630 κεῖοι
2515 2578 2693 2642 αὐτοῦ,
2755 2581 2835 2632 ὅτι
2901 2585 3213 2654 συνέρχεται
3274 2581 3430 2644 πολὺς
3488 2582 3662 2654 ὄχλος,
3715 2581 3933 2646 ἐξῆλθον

2325 2665 2566 2740 ἐπισχεῖν
2619 2668 2794 2734 αὑτὸν,
2849 2674 2938 2722 καὶ
2993 2670 3223 2724 κωλῖσαι
3273 2673 3569 2746 θεραπεύειν
3619 2676 3930 2747 περαιτέρω.

2323 2753 2434 2810 Εἶεν
2466 2753 2516 2809 δ’
2548 2756 2607 2809 ἃν
2642 2754 2804 2824 οὗτοι,
2840 2761 2938 2811 εἴτε
2966 2760 3015 2811 oi
3058 2758 3110 2822 ἐξ
3139 2759 3334 2833 Ἰωσὴφ
3364 2758 3578 2834 ἀδελφοὶ
3609 2761 3791 2830 αὐτοῦ,
3829 2764 3936 2814 εἴτε

2325 2849 2414 2897 καὶ
2444 2847 2605 2920 ἕτεροι
2638 2853 2919 2920 συγγενεῖς.

2399 2933 2607 3006 Ἔλεγον
2658 2967 2722 2977 --
2787 2936 2987 2999 ἐξέστη.
3045 2936 3253 3008 Ἔλεγον
3317 2941 3419 3011 γὰρ
3468 2958 3596 3001 τινες
3669 2942 3930 3012 φθονεροὶ,

2327 3026 2408 3076 ὃτι
2479 3031 2854 3100 παρεφρόνησε,
2914 3023 3054 3079 διότι
3114 3027 3226 3080 ὅλον
3303 3029 3480 3081 ἐαυτὸν
3545 3027 3796 3084 ἐπέδωκεν
3857 3029 3935 3091 εἰς

2327 3116 2384 3166 τό
2444 3116 2760 3189 θεραπεύειν,
2805 3120 2900 3173 τὴν
2949 3116 3334 3190 φιλανθρωπίαν
3375 3119 3668 3191 νομίζοντες
3713 3125 3928 3192 μανίαν,

2327 3210 2414 3256 καὶ
2457 3206 2544 3256 τόν
2574 3204 2728 3266 ἵλεον,
2777 3205 3012 3277 ἔγκλημα
3069 3210 3387 3280 ποιούμενοι,
3429 3213 3519 3261 καὶ
3569 3213 3725 3271 ὅντως
3778 3209 3933 3262 αὐτοὶ

2326 3297 2642 3364 μαινόμενοι.
2679 3297 2771 3346 Διά
2807 3302 2932 3364 γοῦν
2974 3299 3061 3348 τόν
3087 3295 3236 3368 λόγον
3279 3304 3460 3349 τοῦτον
3488 3296 3678 3370 μᾶλλον
3718 3297 3934 3362 ἐξῆλθον

2327 3385 2375 3434 οἱ
2406 3382 2568 3435 αὐτοῦ
2597 3382 2831 3436 κωλῦσαι
2861 3383 3036 3438 αὐτόν.

2396 3470 2599 3546 Ἐτεροι
2644 3468 2702 3525 δε
2730 3475 2794 3525 τὰ
2817 3474 2955 3548 ῥητὰ
2996 3477 3186 3548 τρόπον
3216 3474 3383 3549 ἕτερον
3429 3474 3821 3548 ἐρμηνεύουσιν,
3853 3480 3939 3530 ὅτι

2329 3559 2539 3624 ἐξῆλθον
2593 3563 2642 3614 οἱ
2688 3561 2868 3614 οἰκεῖοι
2925 3563 3084 3615 αὐτοῦ
3146 3572 3410 3638 κρατῆσαι
3469 3565 3646 3632 αὐτόν,
3708 3569 3789 3618 ἵνα
3854 3573 3935 3639 μή

2329 3651 2683 3722 ὑποχωρηση.
2717 3650 2924 3721 Ἔλεγον
2974 3655 3073 3726 γάρ
3122 3671 3272 3714 τινες,
3330 3655 3410 3706 ὅτι
3459 3653 3694 3719 Ἐξέσττδ
3745 3659 3935 3727 ἤγουν,

2332 3738 2559 3796 ’Λπέστη
2594 3737 2681 3791 ἀπ’
2710 3739 2876 3791 αὐτῶν
2908 3737 3001 3792 διὰ
3034 3744 3120 3794 τόν
3152 3741 3329 3814 ὄχλον.

2401 3834 2470 3881 Ἥ
2529 3827 2777 3892 Ἐξῆλθον
2833 3838 3097 3902 κρατῆσαι
3159 3831 3334 3898 αὐτόν,
3412 3838 3671 3898 τουτέστι,
3747 3840 3937 3906 Παρα-

2332 3915 2615 3976 ϐοηθῆσαι.
2663 3916 2871 3988 Ἔλεγον
2899 3921 3000 3992 γὰρ
3050 3921 3131 3971 ότι
3176 3919 3412 3985 Ἐξέστη,
3463 3922 3632 3975 ὅέστι
3663 3923 3938 3998 Παρελὺθη

2332 4010 2420 4059 τὸν
2449 4012 2594 4058 τόνον
2624 4015 2716 4058 τοῦ
2746 4013 3006 4079 σώματος,
3038 4010 3171 4078 ἄγαν
3201 4012 3477 4071 κοπιάσας.

2408 4100 2507 4149 Καὶ
2568 4097 2615 4147 οἱ
2677 4101 2999 4170 Γραμματεῖς
3069 4127 3134 4138 -
3208 4095 3475 4170 δαιμόνια.
3547 4098 3703 4154 Εἶπον
3783 4108 3943 4156 τοῦτο

2334 4189 2423 4237 καὶ
2475 4185 2524 4237 οἱ
2578 4191 2856 4258 φαρισαῐοι
2901 4183 2949 4237 ἐν
3002 4194 3075 4256 τῷ
3126 4186 3344 4258 εἰκοστῷ
3398 4184 3622 4262 δευτέρῳ
3674 4191 3943 4264 κεφαλαίῳ

2334 4281 2426 4326 τοῦ
2482 4277 2617 4326 κατὰ
2663 4275 2952 4342 Ματθαῖον,
3010 4279 3099 4327 καὶ
3153 4275 3384 4336 ζήτησον
3438 4275 3544 4330 ἐκεῖ
3594 4283 3689 4336 τὴν
3749 4278 3944 4352 ἐξηγη-

2339 4382 2442 4416 σιν.

2409 4455 2509 4505 Καὶ
2576 4450 3060 4526 προσκαλεσάμενος
3141 4452 3332 4515 αὐτοὺς
3408 4484 3474 4495 -
3557 4456 3760 4519 αὐτοῖς,
3855 4458 3944 4514 ἐν

2335 4535 2765 4615 παραδείγμασιν

2411 4636 2526 4692 Ιιῶς
2555 4625 2776 4681 δύναται
2807 4660 2871 4669 -
2913 4628 3170 4683 ἐκϐάλλειν
3198 4646 3211 4696 ;
3243 4633 3460 4706 Εἴρηται
3489 4637 3605 4706 περὶ
3643 4636 3839 4687 τούτων
3889 4634 3944 4688 ἐν

2339 4717 2508 4790 ἐκείνῳ
2539 4726 2611 4788 τῷ
2637 4717 2910 4790 κεφαλαίῳ.

2413 4813 2512 4860 Καὶ
2569 4806 2653 4859 ἐὰν
2704 4838 2771 4846 -
2829 4805 3017 4865 ἐκείνη.
3071 4813 3170 4860 Καὶ
3236 4812 3353 4882 περὶ
3405 4813 3599 4864 τούτων
3657 4811 3705 4864 ἐν
3762 4813 3944 4889 ἐκείνῳ

2342 4893 2661 4955 διείληπται.

2413 4990 2511 5039 Καὶ
2540 4984 2583 5038 εἰ
2622 5013 2687 5024 --
2725 4986 2858 5057 ἔχει.
2900 4989 3147 5050 Ζήτησονη
3187 4983 3235 5038 ἐν
3269 4994 3340 5059 τῷ
3371 4983 3654 5047 δηλωθέντι
3679 4991 3947 5067 κεφαλαίῳ

2338 5079 2427 5128 καὶ
2454 5079 2563 5148 περὶ
2597 5076 2785 5127 τούτων
2800 5117 2813 5130 ,

2409 5159 2596 5223 Οὐδεὶς
2643 5194 2710 5203 -
2743 5159 3038 5238 διαρπάση.
3095 5163 3200 5219 Καὶ
3239 5172 3405 5219 ταῦτα
3447 5164 3653 5229 ἐντελῶς
3695 5167 3744 5221 ἐν
3799 5171 3946 5244 αὐτῷ

2339 5249 2820 5326 διηρμηνεύθησαν.

2374 5343 2573 5414 ,Ἂμὶν
2633 5371 2699 5384 ορ
2749 5345 2992 5414 κρίσεως.
3058 5340 3176 5398 Ἔτι
3258 5347 3345 5396 καὶ
3419 5353 3586 5399 ταῦτα
3663 5347 3951 5412 καλλίστης

2338 5432 2440 5486 ἐκεῖ
2508 5438 2603 5491 τῆς
2675 5427 2966 5502 ἐξηγήσεως
3039 5437 3420 5504 τετυχήκασιν.
3495 5435 3580 5498 Εἰς
3637 5440 3722 5489 τὸν
3783 5439 3951 5494 αἰῶνα

1793 5527 2021 5599 Variae
2058 5531 2386 5604 lectiones
2413 5536 2481 5599 et
2511 5536 2711 5596 notae.

653 5645 771 5719 (35)
804 5651 904 5701 Καὶ
934 5629 1167 5709 ζήτησον
1196 5613 1409 5726 γύαι.
