4188 6418
225 317 328 374 793
1188 323 1565 383 COMMENT.
1614 322 1687 380 IN
1730 321 2058 384 MARCUM.
2106 356 2173 367 —
2213 326 2371 384 CAP.
2414 326 2507 384 IV.

3480 328 3587 386 794

222 443 311 513 μὲν
369 438 480 513 οὖν,
541 448 654 497 αντὶ
710 453 823 513 τοῦ,
880 447 1162 505 Οὐδέποτε.
1218 456 1405 528 Κρίσιν
1453 448 1512 504 δὴ
1566 458 1674 518 νῦν,
1730 457 1821 511 τὴν

1966 455 2237 522 eternum,
2272 454 2388 511 hoc
2419 458 2523 522 est,
2556 456 2895 527 Nunquam.
2930 452 3233 510 Judicium
3262 468 3404 511 vero
3437 454 3585 512 dixit

221 531 533 603 κατάκρισιν
608 529 762 589 εἶπεν.
840 534 968 592 Εἶτα
1018 542 1331 614 προσέθηκε,
1384 546 1472 594 καὶ
1542 538 1689 595 διατί
1754 545 1820 595 τὰ

218 619 284 695 ῥη
295 620 444 672 θέντα
471 625 688 695 εἴρηκεν.

288 708 411 762 Ὀτι
441 742 510 752 -
548 714 680 784 ἕχει.
723 712 930 787 Ἔλεγον
987 726 1160 788 τοῦτο,
1194 721 1241 773 οἱ
1296 720 1548 793 λέγοντες,
1605 723 1685 774 ὅτι
1734 727 1817 774 Βι-

220 796 458 860 ελζεϐοὺλ
490 804 621 873 ἔχει.

290 888 581 963 Ἐρχονται
632 923 698 933 —
752 894 978 954 ζητοῦσί
1031 917 1106 953 σε.
1162 904 1395 959 Ζήτησον
1452 905 1570 975 περὶ
1622 903 1814 954 τούτων

220 981 344 1049 πρὸς
411 988 483 1051 τῷ
539 980 669 1034 τέλει
732 991 822 1036 του
871 985 1108 1040 εἰκοστοῦ
1166 994 1344 1064 τρίτου
1398 989 1674 1063 κεφαλαίου
1721 999 1814 1044 τοῦ

220 1071 352 1119 κατὰ
378 1071 665 1123 Ματθαῖον.

293 1162 393 1209 Καὶ
446 1157 701 1233 ἀπεκρίθη
756 1192 825 1202 —-
867 1168 1042 1241 μήτηρ
1103 1164 1232 1225 έστί.
1288 1173 1388 1222 Καὶ
1446 1174 1562 1243 περὶ
1618 1171 1812 1223 τούτων

218 1247 421 1298 πάντων
504 1246 725 1311 ἁκοιϐῶς
807 1253 1038 1325 εὑρήσεις
1114 1256 1164 1307 έν
1253 1258 1424 1330 ἐκείνῳ
1506 1266 1577 1329 τῷ
1661 1279 1810 1332 κεφα-

218 1334 343 1406 late,»
372 1338 511 1408 (se).

1930 555 2091 597 nunc
2113 541 2692 599 condemnationem.
2746 542 2967 598 Deinde
2999 540 3167 598 addit
3194 541 3375 598 etiam
3402 558 3583 614 quare

1930 630 2215 704 prmdicta
2264 631 2488 689 dixerit.

2000 720 2159 777 Vers.
2204 720 2289 777 30.
2316 722 2461 790 Quia
2492 752 2558 762 ——
2578 721 2774 778 habet.
2804 719 3088 777 Dicebant
3116 719 3246 788 hoc,
3278 719 3581 778 afﬁrman-

1930 812 2030 874 tes,
2064 809 2225 882 quod
2256 810 2557 866 Beelzebul
2586 810 2850 867 haberet.

1996 899 2157 955 Vers.
2178 904 2264 956 31.
2282 900 2355 956 Ει
2373 900 2617 956 veniunt
2636 930 2702 941 —-
2718 901 2871 955 Vers.
2886 900 2977 955 32.
2991 905 3267 973 quaerunt
3285 905 3356 956 te.
3374 901 3581 965 Quaere

1923 990 1992 1045 de
2017 989 2111 1045 his
2139 989 2293 1045 circa
2314 989 2494 1044 ﬁnem
2518 989 2781 1046 vicesimi
2811 987 2964 1045 tertii
2993 989 3206 1062 capitis
3245 988 3581 1046 secundum

1921 1079 2273 1137 Matthmum.

1992 1172 2153 1225 Vers.
2201 1168 2290 1226 33.
2336 1170 2402 1225 Et
2452 1166 2744 1239 respondit
2790 1196 2860 1209 —
2904 1169 3068 1223 Vers.
3110 1166 3198 1224 35.
3250 1170 3435 1225 mater
3474 1172 3579 1227 est.

1922 1263 2180 1316 Rursum
2202 1273 2345 1315 sane
2371 1261 2429 1314 et
2460 1256 2535 1313 de
2556 1257 2647 1313 his
2672 1255 2959 1315 omnibus
2980 1260 3182 1315 exacte
3207 1256 3472 1315 invenies
3489 1274 3584 1314 su-

1921 1348 2194 1422 pradicto
2232 1347 2441 1420 capite.

285 1426 326 1494 -ι-
340 1427 474 1481 Haec
488 1431 688 1484 autem
702 1429 979 1487 dixitnon
994 1432 1280 1504 abjiciens
1310 1435 1558 1493 omnino
1583 1440 1834 1495 matrem
1850 1445 1906 1494 et
1924 1439 2157 1504 fratres,
2184 1436 2291 1494 sed
2312 1436 2624 1493 ostendens
2644 1435 2809 1509 quod
2826 1436 2991 1493 omni
3016 1434 3362 1505 cognationi
3388 1451 3586 1509 corpo-

214 1514 321 1570 rali
360 1517 629 1588 prmponi
660 1518 839 1575 debet
872 1521 1088 1578 animae
1124 1522 1517 1582 familiaritas.

288 1608 390 1656 Καὶ
445 1605 601 1657 πάλιν
648 1637 718 1649 -
776 1609 1036 1685 θαλάσσῃ.
1109 1614 1247 1667 Ἐκεῖ
1307 1620 1395 1668 καὶ
1457 1621 1574 1691 περὶ
1622 1620 1815 1671 τούτων

1999 1618 2149 1674 CAP.
2178 1615 2270 1672 IV.
2306 1614 2470 1672 Vers.
2501 1620 2549 1673 1.
2577 1615 2655 1672 Et
2676 1614 2884 1671 iterum
2913 1645 2977 1655 —
2998 1613 3061 1670 in
3092 1614 3265 1671 mari.
3292 1614 3375 1670 Ibi
3402 1614 3581 1673 etiam

214 1692 469 1753 ζήτησον.
550 1697 794 1749 Ἐκοίθισε
870 1694 929 1752 δὲ
1014 1701 1168 1767 οὕτω,
1265 1702 1575 1777 βουλόμενος
1623 1709 1815 1770 πάντας

214 1784 348 1833 κατὰ
378 1788 661 1855 πρόσωπον
696 1788 856 1858 ἔχειν,
879 1792 962 1841 καὶ
985 1786 1191 1862 μηδένα
1220 1795 1355 1845 κατὰ
1382 1800 1567 1864 νώτου,
1594 1800 1684 1848 καὶ
1715 1794 1815 1849 ἀπὸ

214 1879 307 1932 τῆς
339 1872 614 1935 θαλάσσης
638 1874 808 1932 ἠλίευε
836 1881 958 1940 τούς
982 1877 1030 1931 έν
1060 1888 1121 1953 τῇ
1153 1888 1245 1951 γῆ.

290 1967 392 2015 Καὶ
426 1970 524 2023 πᾶς
565 1995 635 2003 --
665 1961 748 2036 ᾖν,
782 1964 977 2038 Ἠγουν
1024 1967 1107 2023 ἰπὶ
1144 1974 1231 2023 τὸν
1279 1971 1515 2045 αἰγιαλὸν
1562 1976 1813 2043 εἱστήκει,

219 2052 391 2113 καθὼς
422 2050 530 2105 εἶπε
548 2056 836 2117 Ματθαῖος.

476 2203 615 2251 ΚΕΦ.
654 2196 733 2250 Θ’.
769 2204 894 2274 Περὶ
923 2209 1015 2255 τοῦ
1044 2206 1240 2277 σπόρου
1274 2206 1567 2278 παραϐολή.

311 2288 414 2336 Καὶ
438 2282 700 2339 ἐδίδασκεν
734 2319 799 2328 -
828 2288 1006 2345 πολλοί.
1051 2296 1272 2367 Εῖρηται
1303 2300 1421 2367 περὶ
1453 2305 1552 2349 τῶν
1583 2297 1816 2373 παραϐο-

237 2370 337 2423 λῶν
362 2376 545 2425 τούτων
568 2374 613 2427 έν
657 2385 730 2449 τῷ
762 2377 982 2451 εἰκοστῷ
1012 2384 1238 2457 τετάρτῳ
1268 2384 1525 2459 κεφαλαίῳ
1563 2394 1655 2440 τοῦ
1683 2391 1820 2442 κατὰ

232 2464 514 2519 Ματθαῐον.

293 2556 394 2605 Καὶ
423 2552 587 2626 ἔλεγεν
623 2587 691 2597 -
722 2554 948 2614 ἀκούετε.
985 2558 1202 2634 Ἤγουν,
1235 2568 1541 2639 προσέχετε.

284 2767 427 2823 Ἱδού
458 2802 525 2813 -
565 2772 767 2827 ἑκατόν.
812 2780 936 2849 Περὶ
964 2780 1157 2830 τούτων
1211 2781 1411 2832 πάντων
1458 2781 1728 2856 εἰρήκαμεν
1770 2782 1818 2837 ἓν

212 2868 286 2931 τῷ
315 2860 529 2934 ῥηθέντι
558 2862 818 2935 κεφαλαίῳ
857 2865 972 2918 καθ’
999 2868 1217 2920 ἕκαστον
1246 2870 1424 2944 ῥητόν.

290 2955 392 3003 Καὶ
422 2950 587 3023 ἔλεγεν
628 2983 699 2992 —
742 2952 991 3007 ἀκουέτω.
1037 2956 1096 3008 Ὀ
1124 2959 1262 3029 ἔχων
1292 2957 1399 3012 ὦτα
1436 2964 1615 3028 νοητὰ,
1659 2962 1731 3025 ιὶς
1760 2966 1817 3015 τὸ
1857 2978 1897 3035 C

218 3043 469 3105 συνιέναι,
506 3048 742 3096 συνιέτω.

288 3127 414 3181 "Ora
446 3160 515 3171 —-
543 3130 865 3201 παραϐολήν.
910 3135 977 3185 Οἱ
1014 3140 1132 3210 περὶ
1176 3136 1352 3202 αὐτὸν,
1405 3142 1585 3211 ἤγουν,
1634 3143 1682 3192 οί
1730 3150 1821 3202 τῆς

219 3213 681 3289 ἱϐδομηκοντάδος
724 3229 823 3273 τῶν
872 3221 1034 3275 ἄλλων
1082 3226 1347 3297 μαθητῶν.
1399 3227 1706 3302 Ἐπηρώτων
1763 3228 1823 3283 δὴ

218 3306 378 3358 αὐτὸν
415 3312 535 3381 περὶ
583 3317 678 3371 τῆς
720 3309 1041 3383 παραϐολῆς,
1098 3316 1175 3366 ὅτι
1226 3320 1303 3376 τίς
1348 3320 1425 3374 εἴη
1476 3319 1505 3375 ἡ
1549 3318 1818 3391 παραϐολὴ

220 3396 379 3461 αὕτη,
419 3398 595 3459 καθὼς
622 3398 842 3472 ἔγραψεν
871 3402 896 3452 ὁ
929 3406 1155 3466 Λουκᾶς.

298 3491 399 3538 Καὶ
427 3486 592 3557 ὓπγεν
622 3519 689 3527 -
714 3496 806 3541 τοῦ
845 3495 991 3545 Θεοῦ.
1028 3496 1244 3564 Εἴρηται
1286 3500 1375 3548 καὶ
1407 3502 1525 3571 περὶ
1562 3500 1748 3551 τούτου
1776 3498 1823 3552 έν

221 3574 397 3645 ἐκεινῳ
428 3584 499 3627 τῶ
522 3576 801 3650 κεφαλαίῳ.

298 3665 543 3728 Ἐκεένοις
575 3697 643 3708 —
680 3673 901 3739 γίνεται.
950 3670 1091 3734 Ἐξω
1118 3672 1252 3745 λέγει
1304 3678 1420 3735 τοὺς
1467 3676 1560 3739 ἔξω
1609 3685 1702 3740 τῆς
1754 3678 1824 3739 εἰς

224 3754 383 3806 αὐτὸν
409 3760 635 3818 πίστεως
659 3778 671 3790 ·
700 3760 749 3808 ἐν
780 3758 1099 3831 παραϐολαῖς
1135 3759 1195 3815 δὲ
1230 3766 1296 3816 τὰ
1315 3766 1483 3817 πάντα
1509 3771 1725 3838 γίνεται,
1760 3770 1825 3820 τὰ

224 3853 325 3905 τῆς
354 3840 728 3912 διδασκαλίας,
761 3843 1023 3905 δηλονότι.

295 3933 410 3987 Ἰνα
471 3964 539 3975 -
606 3946 845 3990 συνιώσι.
912 3942 1004 4006 Τὸ,
1057 3939 1166 3993 Ἰνα
1218 3940 1487 4014 βλέποντες
1539 3943 1822 4017 βλέπωσιν,

225 4019 586 4084 αναδίπλωσίς
616 4023 749 4089 ἔστι,
798 4024 913 4079 ἀντὶ
962 4036 1076 4096 τοῦ,
1106 4026 1217 4082 Ἵνα
1272 4030 1555 4105 βλέπωσιν.
1609 4034 1826 4107 Ὁμοίως

223 4109 286 4165 δὲ
347 4118 439 4165 καὶ
487 4116 564 4183 τὸ,
614 4114 918 4179 Ἀκούοντες
969 4119 1247 4182 ἀκούωσιν,
1303 4120 1417 4174 ἂντὶ
1472 4133 1582 4194 τοῦ,
1639 4124 1826 4178 Ἀκού-

224 4221 351 4254 ωσι.
398 4206 553 4273 Λέγει
607 4200 685 4265 δε,
737 4207 818 4257 ὅτι
875 4207 955 4258 ἵνα
1010 4206 1244 4280 βλέπωσι
1294 4214 1384 4283 μὶν
1428 4217 1516 4270 τὴν
1566 4210 1828 4268 διδασκα-

1926 1706 2000 1763 de
2020 1706 2112 1763 his
2128 1720 2346 1779 quaere.
2366 1704 2525 1761 Sedit
2542 1710 2765 1771 autem,
2787 1705 2993 1760 volens
3012 1704 3093 1759 ita
3110 1719 3320 1759 omnes
3337 1703 3578 1772 habere,

1927 1792 2281 1864 nullumque
2312 1795 2445 1862 post
2474 1794 2706 1860 tergum
2735 1805 2749 1845 :
2777 1792 2833 1845 et
2863 1804 2898 1845 a
2925 1789 3073 1844 mari
3105 1788 3451 1861 piscabatur
3479 1786 3583 1846 eos

1925 1881 2028 1952 qui
2057 1879 2119 1935 in
2142 1884 2295 1935 terra
2320 1882 2510 1934 erant.

1998 1970 2166 2025 Vers.
2200 1972 2247 2024 1.
2274 1968 2575 2039 Omnisque
2595 1998 2663 2007 -—
2684 1972 2832 2023 erat.
2863 1968 2981 2023 Hoc
3008 1969 3116 2031 est,
3146 1966 3389 2024 stabant
3407 1964 3586 2024 in‘lit-

1925 2064 2066 2125 tore,
2103 2057 2256 2114 sicut
2284 2056 2432 2113 dixit
2468 2055 2778 2113 Mattheus
2808 2056 2879 2111 “.

2248 2181 2401 2239 CAP.
2452 2184 2538 2237 IX.
2572 2183 2659 2239 De
2699 2182 2907 2239 semine
2949 2181 3259 2252 parabola.

1998 2289 2162 2345 Vers.
2199 2292 2251 2343 2.
2283 2288 2359 2344 Et
2389 2288 2627 2345 docebat
2667 2318 2733 2329 —
2758 2289 2962 2344 multa.
2995 2288 3224 2343 Dictum
3261 2292 3350 2345 est
3388 2287 3462 2344 de
3490 2287 3585 2347 his

1928 2378 2232 2451 parabolis
2264 2378 2542 2435 vicesimo
2571 2381 2787 2451 quarto
2817 2378 3009 2451 capite
3026 2377 3190 2449 juxta
3216 2377 3581 2436 Matthmum.

1998 2593 2161 2648 Vers.
2184 2594 2238 2647 2.
2261 2590 2339 2648 Et
2359 2589 2587 2649 dicebat
2604 2622 2675 2641 -—
2694 2590 2861 2647 Vers.
2890 2588 3195 2648 δτ-Αιεάίιε.
3221 2590 3373 2657 Sive,
3395 2589 3585 2648 anim-

1926 2680 2235 2738 advertite.

1999 2771 2160 2827 Vers.
2185 2774 2237 2827 3.
2268 2771 2421 2827 Ecce
2443 2801 2514 2813 —
2529 2770 2689 2826 Vers.
2722 2772 2776 2825 8.
2808 2775 3060 2828 centum.
3086 2769 3167 2825 De
3190 2767 3285 2825 his
3302 2769 3585 2826 omnibus

1926 2860 2078 2917 dicto
2108 2860 2296 2934 capite
2340 2860 2419 2916 ad
2448 2860 2632 2917 verba
2660 2859 2893 2931 singula
2922 2859 3215 2917 diximus.

1998 2950 2165 3005 Vere.
2198 2950 2251 3006 9.
2279 2952 2345 3005 Et
2368 2949 2589 3007 dicebat
2619 2978 2684 2991 —
2711 2948 2937 3005 audiat.
2968 2949 3079 3015 Qui
3100 2948 3284 3006 habet
3302 2964 3476 3006 aures
3501 2947 3588 3004 in-

1929 3038 2289 3095 tellectuales
2315 3038 2387 3093 ad
2415 3037 2869 3107 intelligendum
2907 3037 3222 3108 intelliget.

2001 3128 2169 3185 Vers.
2214 3132 2302 3184 10.
2345 3127 2485 3185 Cum
2518 3158 2585 3168 —
2613 3128 2983 3199 parabolam.
3038 3127 3148 3191 Qui
3181 3125 3342 3183 circa
3386 3126 3586 3199 ipsum

1930 3221 2119 3280 erant,
2152 3217 2266 3273 hoc
2287 3221 2375 3271 est
2397 3216 2775 3288 septuaginta
2797 3214 3099 3287 discipuli.
3140 3214 3589 3284 interrogabant

1932 3310 2131 3363 autem
2164 3304 2237 3361 de
2269 3304 2577 3377 parabole,
2608 3320 2743 3376 quae
2770 3303 3043 3360 videlicet
3072 3308 3225 3359 esset
3254 3303 3383 3360 haec
3414 3319 3585 3375 para-

1933 3395 2095 3461 bola,
2128 3394 2282 3451 sicut
2306 3394 2535 3466 scripsit
2565 3394 2751 3449 Lucas
2791 3395 2865 3451 “.

2004 3485 2171 3541 Vers.
2215 3488 2303 3541 11.
2342 3484 2415 3540 Et
2441 3482 2665 3540 dicebat
2692 3512 2759 3526 --
2782 3482 2908 3541 Dei.
2951 3480 3186 3538 Dictum
3214 3485 3304 3539 est
3353 3482 3429 3538 de
3447 3482 3587 3551 hoc,

1932 3574 2148 3630 eodem
2176 3574 2389 3647 capite.

2004 3665 2169 3722 Vere.
2209 3668 2298 3719 11.
2357 3662 2491 3719 Illis
2527 3662 2779 3731 -—-ﬁunt.
2826 3660 2993 3719 Foris
3024 3675 3155 3717 esse
3184 3660 3326 3718 dicit
3355 3676 3459 3717 eos
3482 3658 3588 3734 qui

1934 3756 2071 3809 sunt
2095 3756 2262 3809 extra
2283 3750 2467 3809 ﬁdem
2498 3752 2560 3808 in
2588 3751 2805 3823 ipsum.
2840 3752 2905 3807 Iu
2936 3750 3235 3822 parabolis
3268 3766 3411 3807 vero
3440 3750 3593 3809 ﬁunt

1933 3843 2159 3909 omnia,
2189 3858 2326 3916 quae
2342 3841 2614 3897 videlicet
2638 3841 2715 3899 ad
2738 3840 3074 3898 doctrinam
3100 3840 3409 3913 pertinent.

2006 3933 2172 3989 Vers.
2197 3936 2279 3988 12.
2311 3932 2384 3989 Ut
2401 3960 2469 3973 —
2486 3929 2832 4001 intelligant.
2856 3930 3005 3986 Illud
3032 3947 3045 3986 :
3068 3930 3140 3987 Ut
3166 3930 3411 3987 videntes
3438 3930 3593 3987 cide-

1936 4028 2059 4089 ant,
2087 4018 2477 4091 reduplicatio
2504 4024 2611 4085 est,
2641 4034 2748 4091 pro
2790 4034 2863 4075 eo
2890 4018 3054 4093 quod
3077 4022 3185 4085 est,
3218 4022 3288 4077 Ut
3326 4019 3592 4077 videant.

1938 4109 2217 4168 Similiter
2244 4109 2391 4167 illud
2426 4125 2438 4165 ε
2468 4109 2803 4173 Audientes,
2835 4108 2950 4164 hoc
2978 4114 3090 4177 est,
3140 4109 3415 4164 Audiam.
3449 4107 3595 4164 Dicit

1937 4213 2116 4269 ergo:
2150 4201 2217 4254 Ut
2254 4198 2495 4254 videant
2523 4197 2766 4270 quidem
2795 4197 3152 4264 doctrinam,
3186 4201 3477 4268 tanquam
3509 4201 3593 4253 at-

222 4289 360 4355 λίαν,
446 4292 536 4344 air:
624 4291 977 4367 ένωτιζόμενοι
1054 4304 1287 4357 ταυτην*
1370 4305 1455 4373 μὴ
1526 4299 1685 4356 ἴδωσι
1771 4301 1827 4358 δι

1966 4288 2079 4346 enti
2126 4286 2207 4344 ad
2254 4301 2391 4343 eam
2428 4302 2442 4353 ;
2474 4302 2596 4343 non
2643 4290 2890 4343 cernant
2935 4291 3138 4342 autem
3170 4300 3324 4350 eam,
3387 4289 3593 4357 utpote

224 4380 416 4446 αὐτὴν,
501 4381 591 4434 ἇτε
669 4382 1057 4457 κεκαλυμμένην
1134 4396 1196 4460 τῇ
1271 4390 1380 4459 (37)
1452 4390 1677 4465 ἀσαφείᾳ
1733 4404 1827 4456 τῆς

1966 4376 2238 4435 parabolas
2292 4375 2651 4433 obscuritate
2702 4378 3057 4440 contectam,
3126 4390 3198 4430 eo
3262 4373 3433 4465 quod
3464 4388 3593 4465 4co-

223 4468 553 4545 παραϐολῆς,
601 4467 695 4525 διὰ
740 4476 803 4525 τό
855 4473 985 4527 εἶναι
1031 4476 1218 4540 αὐτοὺς
1269 4480 1510 4544 ἀναξίους
1563 4490 1660 4545 τῆς
1701 4490 1830 4555 γνώ-

225 4578 360 4619 σεως
383 4558 567 4625 αὐτῆς,
613 4563 683 4622 ὡς
720 4560 981 4625 ἀνιάτους.
1029 4568 1106 4619 Τὰ
1148 4567 1282 4620 αὐτά
1338 4566 1398 4622 δι
1448 4567 1599 4629 δηλοὶ
1645 4579 1734 4627 και
1773 4577 1828 4626 τὸ

224 4648 319 4711 ἐξῆ
331 4668 372 4709 ς.

302 4738 387 4789 Ἐν
419 4734 479 4791 δ¹ε
520 4744 593 4809 τῷ
624 4735 906 4799 δηλωθέντι
943 4743 1204 4816 κεφαλαίῳ
1246 4753 1339 4799 τοῦ
1386 4751 1520 4801 κατὰ
1563 4753 1830 4805 Ματθαῖον

224 4826 381 4900 ἑτέρα
424 4836 591 4880 κεῖται
631 4828 905 4902 ἀπολογία,
936 4837 1027 4885 καὶ
1057 4833 1211 4901 εἰκὸς,
1258 4833 1552 4911 ἀμφοτέρας
1606 4841 1831 4915 ῥηθῆναι

224 4918 377 4990 παρὰ
401 4924 492 4968 τοῦ
518 4925 769 4991 Χριστοῦ.

301 5012 522 5064 Μήποτε
548 5039 617 5048 —
647 5011 1021 5084 ἁμαρτήματα.
1054 5016 1275 5087 Εἴρηται
1302 5019 1392 5068 καὶ
1425 5022 1510 5070 πεὶ
1568 5021 1755 5073 τούτου
1783 5020 1831 5073 έν

222 5103 302 5165 τῷ
333 5099 554 5168 τοιούτῳ
581 5098 859 5170 κεφαλαίῳ.

299 5214 354 5249 ⁴⁵
383 5212 585 5270 Matth.
618 5229 717 5281 xu,
748 5218 802 5271 2.
880 5215 931 5251 ⁴⁶
953 5216 1090 5273 Luc.
1135 5233 1253 5286 vm,
1288 5224 1339 5276 9.

1939 4465 2203 4537 gnitione
2233 4464 2361 4537 ejus
2386 4462 2614 4533 indigni
2646 4466 2862 4528 essent,
2894 4461 3072 4535 quasi
3094 4459 3588 4518 immedicabiles.

1941 4558 2074 4614 Hinc
2093 4554 2235 4613 item
2263 4552 2605 4611 manifestat
2628 4552 2806 4611 etiam
2826 4552 2991 4626 quod
3022 4551 3306 4623 sequitur.

2012 4757 2076 4809 ln
2106 4752 2262 4809 dicto
2293 4756 2491 4808 autem
2519 4748 2852 4806 secundum
2878 4748 3215 4806 Matthmum
3238 4748 3450 4821 capite,
3479 4746 3597 4803 alia

1942 4843 2181 4915 ponitur
2225 4841 2556 4914 responsio,
2590 4844 2647 4896 et
2670 4838 2987 4895 verisimile
3018 4842 3109 4895 est
3152 4842 3473 4910 utrumque
3518 4835 3599 4893 di-

1942 4938 2104 4989 ctum
2143 4931 2323 4987 fuisse
2353 4945 2391 4986 a
2419 4929 2666 4985 Christo.

2012 5023 2173 5078 Vere.
2224 5024 2309 5077 12.
2348 5019 2678 5092 Nequando
2730 5049 2800 5061 —
2840 5021 3099 5088 peccata.
3136 5015 3369 5072 Dictum
3401 5018 3496 5072 est
3522 5014 3597 5072 de

1941 5111 2078 5177 hoc,
2110 5109 2245 5166 loco
2275 5123 2462 5181 supra
2489 5108 2669 5165 dicto.

1462 5319 1679 5391 Variae
1708 5323 2037 5394 lectiones
2066 5335 2130 5392 et
2158 5331 2358 5391 notae.

302 5428 875 5523 βίῃ-’(ὲυοέ-Ιξίορξ
895 5432 987 5523 s_ui
1030 5432 1257 5523 ‘codicis
1287 5436 1559 5505 margine
1605 5438 1827 5523 addidit

1966 5448 2256 5523 [ωμοιτικής
2327 5443 2709 5523 πρατέμᾴΛτῄν
2766 5446 2859 5501 τῆς
2910 5437 3095 5523 κρυχῆς
3150 5436 3483 5523 οἰκεῡιότηεα.
3517 5436 3601 5523 lta

218 5500 1741 5583 Ecboliumnllenteniusneutermeorum'agnoscit.
1772 5513 1835 5583 I_n
1946 5500 2252 5577 Po'ssinus,
2294 5528 2355 5583 p.

218 5570 457 5647 Catena
486 5572 731 5647 Victoris
775 5573 1125 5647 Antiocheni
1164 5576 1245 5633 ita
1268 5570 1523 5647 legitur?
1557 5582 1735 5638 Ταῦτα
1776 5581 1834 5638 δι

215 5647 325 5726 ἔφη
395 5642 508 5726 οξξ
567 5639 974 5726 ἀςτοδοξιμρξξιρν
1047 5649 1267 5726 πάντως.
1308 5639 1402 5708 tribu
1475 5657 1677 5726 μητέρα
1743 5660 1832 5709 καὶ

216 5710 350 5776 τοὺς
391 5710 665 5788 ἀδελφοὺς,
727 5710 855 5770 άλλά
903 5713 1105 5793 δεικνὺς
1162 5710 1830 5800 ὅτι-πάσηένσνγγενιίας

2413 5507 2502 5578 75,
2543 5507 2605 5566 et
2655 5508 2716 5565 in
2761 5524 2895 5566 mea
2925 5507 3268 5583 'Mosquensi
3318 5507 3596 5579 editione,

1945 5601 2007 5657 p.
2042 5590 2128 5642 56.

2016 5658 2130 5729 (37)
2163 5653 2444 5727 Ἀσφαλείᾳ
2472 5654 2540 5709 Α·
