4188 6428
623 368 729 427 795
1939 358 2293 421 EUTHYMII
2330 358 2669 423 ZIGABENI
3862 374 3952 431 796

696 495 857 550 Vers.
888 495 968 549 13.
996 493 1066 549 Et
1086 494 1165 550 ait
1185 523 1251 536 —
1272 492 1615 565 cognoscetis
1642 493 1670 550 τ
1692 493 1911 549 Omnes
1934 487 2278 564 parabolas,

2463 492 2563 542 Kal
2610 488 2743 562 λέγει
2796 520 2861 531 -
2918 492 3221 563 γνώσεσθες
3282 491 3467 553 Ιιοίσας
3522 492 3614 554 τὰς
3667 494 3952 569 παραϐολὰς,

623 598 777 656 quas
815 582 1035 639 scilicet
1080 584 1139 639 in
1184 599 1471 655 processu
1514 583 1783 639 dicturus
1831 587 1975 638 erat.
2023 580 2080 636 Si
2126 578 2281 634 hanc

2411 578 2452 639 ἱς
2514 579 2680 650 μέλλει
2722 585 2914 655 προῖὼν
2972 579 3122 653 έρείν.
3156 580 3214 633 Εἰ
3262 583 3458 638 ταύτην
3513 580 3605 633 οὐκ
3653 580 3838 656 οἴδατε,
3866 594 3955 649 πῶς

625 672 887 739 nescitis,
936 672 1245 745 quomodo
1287 672 1417 727 illas
1460 672 1834 742 cognoscetis
1862 670 1890 725 ?
1917 672 2035 727 Hoc
2080 673 2281 725 autem

2411 673 2583 731 κείνας
2621 672 2916 740 γνώτεσθες
2948 676 3112 723 Τοῦτο
3165 666 3224 722 δι
3257 666 3411 737 εἶπεν,
3441 668 3645 743 ἐγείρων
3683 673 3856 736 αὐτοὺς
3881 682 3954 729 καὶ

624 761 791 827 dixit,
823 777 945 834 quo
975 763 1315 818 attentiores
1359 778 1463 819 eos
1496 762 1787 827 redderet,
1822 761 2105 833 ipsosque
2132 756 2283 813 exci-

2411 754 2857 835 ΐιορατικωτερους
2902 768 3082 812 ποιῶν.
3134 756 3266 815 Εἶτα
3308 759 3577 835 ἐρμηνεύει
3603 766 3690 820 τὴν
3735 764 3954 838 ῥηθεῖσαν

625 851 794 905 taret.
830 847 1049 902 Deinde
1072 847 1485 917 interpretatur
1507 848 1729 904 dictam
1756 844 2137 921 parabolam.
2393 846 2714 919 παραϐολήν.

696 937 861 994 Vers.
897 940 979 994 14.
1014 937 1125 1003 Qui
1151 970 1214 980 —
1240 939 1503 996 seminat.
1544 938 1769 996 Scilicet
1798 936 2103 993 doctrinae.

2462 934 2521 988 Ὀ
2546 967 2615 975 -
2643 940 2863 1011 σπείρει.
2894 940 2992 989 Τόν
3018 944 3109 997 τῆς
3136 933 3512 999 διδασκαλίας.

696 1045 859 1103 Vers.
912 1050 994 1102 15.
1040 1046 1123 1101 Hi
1150 1052 1341 1103 autem
1388 1078 1456 1089 -—
1504 1048 1657 1103 viam
1704 1046 1790 1111 Hi,
1826 1042 2035 1118 quales
2073 1041 2101 1098 7
2130 1056 2287 1114 quos

2466 1025 2625 1078 Οὗτοι
2657 1022 2717 1079 δε
2752 1056 2800 1066 -
2838 1021 2983 1081 ὀδόν.
3015 1026 3197 1093 Οὗτοι,
3237 1033 3413 1092 ποῖοι;
3456 1026 3563 1090 Οὗς
3592 1026 3707 1103 ipsi.

628 1136 896 1193 dicturus
935 1139 1044 1191 est.

699 1225 871 1283 Vera.
897 1226 984 1281 15.
1014 1225 1125 1283 Ubi
1145 1256 1215 1267 —
1233 1241 1456 1283 eorum.
1476 1256 1543 1269 —-
1572 1226 1680 1284 Ubi
1692 1224 2014 1282 seminatur
2027 1220 2285 1287 verbum,

628 1314 745 1372 hoc
783 1319 888 1370 est.
934 1316 994 1370 In
1016 1330 1169 1387 quos
1199 1315 1545 1373 seminatur.
1580 1315 1811 1371 Dictum
1836 1317 1923 1370 est
1949 1316 2148 1367 autem
2212 1308 2287 1365 de

630 1404 727 1460 his
756 1403 1038 1477 praedicto
1085 1406 1297 1477 capite.

700 1493 863 1550 Vers.
900 1498 982 1549 t6.
1030 1495 1104 1549 Et
1132 1494 1196 1551 hi
1214 1525 1283 1535 -—
1326 1495 1488 1550 Vers.
1517 1495 1607 1549 l7.
1637 1493 2025 1563 offenduntur,
2055 1492 2287 1548 Dictum

632 1583 719 1635 est
756 1577 831 1633 de
855 1577 948 1634 his
986 1578 1145 1634 dicto
1175 1578 1388 1651 capite.

704 1668 866 1725 Vers.
904 1671 985 1724 18.
1013 1670 1091 1724 Et
1129 1668 1190 1725 hi
1231 1699 1300 1709 —
1342 1668 1507 1725 Vera.
1561 1668 1651 1724 19.
1700 1666 1969 1738 efficitur.
2014 1664 2290 1723 Similiter

631 1773 876 1832 quoque
900 1757 975 1814 de
1005 1758 1097 1815 his
1136 1757 1364 1814 dictum
1392 1762 1503 1816 est.

704 1846 1063 1904 Vers.20.Hi
1100 1851 1393 1917 praeterea
1432 1877 1501 1889 —
1549 1845 2052 1904 centum.Dictum
2090 1847 2180 1902 est
2214 1842 2289 1900 de

631 1935 751 1993 his.

709 2044 873 2101 Vers.
895 2047 980 2099 21.
1005 2044 1084 2100 Et
1099 2045 1323 2101 dicebat
1343 2074 1412 2086 —
1429 2044 1721 2114 ponatur?
1745 2075 1812 2086 —
1844 2044 2030 2114 Venit,
2050 2042 2162 2100 hoc
2181 2044 2291 2109 est,

638 2133 978 2203 adducitur,
999 2132 1258 2201 aﬁertur,
1278 2133 1506 2189 Dictum
1528 2141 1615 2189 est
1634 2138 1832 2190 autem
1848 2134 1923 2189 de
1940 2134 2076 2199 hoc,
2101 2132 2293 2205 capite

638 2223 841 2297 quinto
852 2223 1150 2296 Evangelii
1165 2223 1500 2279 secundum
1516 2223 1873 2289 Matthaaum,
1895 2228 2028 2295 post
2041 2221 2291 2278 beatitu-

636 2313 832 2370 dines.

708 2402 869 2458 Vera.
894 2402 986 2471 22,
1008 2403 1129 2459 Non
1150 2432 1218 2445 —
1242 2402 1675 2473 manifestatur.
1705 2400 1879 2470 Quod
1902 2415 2021 2456 non
2046 2398 2295 2456 maniteo

640 2495 844 2549 stetur.

709 2599 872 2655 Vera.
917 2600 1006 2654 22.
1034 2598 1230 2670 Neque
1258 2626 1335 2643 -
1359 2599 1569 2655 veniat.
1593 2600 1794 2671 Neque
1815 2595 1943 2663 fuit,
1967 2596 2175 2669 inquit,
2201 2612 2291 2653 se-

640 2691 889 2752 cretum,
920 2692 977 2743 ut
1007 2687 1254 2742 omnino
1279 2692 1570 2743 secretum
1595 2691 1772 2753 esset,
1800 2685 1903 2741 sed
1932 2691 1998 2741 ut
2019 2685 2295 2758 quando-

639 2790 758 2847 que
773 2775 835 2831 in
855 2774 1232 2847 propatulum
1265 2776 1477 2832 veniat.
1505 2775 1585 2831 De
1605 2775 1720 2831 hoc
1737 2779 1935 2831 autem
1955 2774 2181 2831 dictum
2205 2781 2292 2830 est

640 2863 877 2920 decimo
902 2878 1065 2919 nono
1090 2866 1283 2935 capite
1315 2864 1650 2921 secundum
1679 2864 2038 2921 Mattheum.

2411 2861 2657 2927 κεφαλαίῳ
2687 2863 2778 2909 τοῦ
2808 2858 2943 2908 κατὰ
2965 2856 3253 2909 Meri-Gaius.

714 2952 878 3009 Vera.
927 2957 981 3008 2.
1039 2954 1099 3009 Si
1326 2984 1394 2995 —
1437 2954 1666 3010 audiat.
1718 2953 2002 3025 Superius
2060 2953 2135 3009 de
2179 2952 2292 3009 hoc

2470 2948 2530 2999 Εἴ
2570 2965 2646 3007 τις
2686 2976 2751 2987 -
2796 2944 3041 2998 ἀκουέτω.
3088 2943 3349 3019 Ἀνωτέρω
3396 2946 3511 3018 περὶ
3558 2944 3745 2995 τούτου
3799 2934 3970 2993 διείλη-

642 3048 958 3100 tractatum
989 3048 1098 3101 est.

2411 3054 2547 3089 πται.

712 3133 878 3189 Vers.
904 3135 994 3190 24.
1027 3135 1105 3190 Et
1128 3133 1350 3192 dicebat
1387 3165 1455 3176 —
1502 3134 1765 3191 audiatis
1802 3163 1873 3177 —
1913 3134 2134 3205 Videte,
2177 3133 2292 3190 hoc

2474 3128 2575 3177 Καὶ
2606 3122 2737 3195 λέγει
2776 3153 2842 3164 -
2870 3121 3097 3177 ἀκούετε.
3139 3152 3205 3163 -
3238 3119 3468 3187 Βλέπετε,
3501 3118 3621 3173 ἀντὶ
3662 3126 3774 3186 τοῦ,
3824 3122 3972 3188 Προσ-

642 3227 749 3289 est,
788 3222 1106 3280 Attendite.

2411 3211 2568 3284 ἰχετε.

701 3313 865 3370 Vers.
897 3316 986 3369 24.
1014 3314 1143 3381 Qua
1180 3328 1461 3371 mensura
1515 3344 1586 3355 —
1632 3314 1809 3371 vobis.
1843 3316 1971 3380 Qua
2009 3326 2294 3369 mensura

2473 3303 2555 3356 Ἐν
2679 3306 2848 3374 μέτρῳ
2892 3332 2960 3343 -
3006 3302 3148 3369 ὑμῖν.
3196 3304 3278 3354 Ἐν
3322 3300 3360 3370 ᾧ
3408 3303 3584 3375 μέτρῳ
3630 3303 3853 3372 μετρεῖτε
3900 3295 3978 3351 τὴν

639 3404 931 3461 metimlni
962 3404 1372 3471 attentionem,
1405 3404 1465 3460 in
1494 3404 1708 3461 eadem
1741 3404 2015 3459 metietur
2042 3402 2214 3459 vobis
2236 3402 2294 3457 in

2411 3395 2699 3465 προσοχὴν,
2732 3393 2780 3443 εν
2826 3399 2896 3461 τῷ
2927 3390 3066 3459 αὐτῷ
3098 3390 3486 3463 μετρηθήσεται
3523 3390 3653 3461 ὑμῖν
3708 3389 3739 3446 ἠ
3794 3392 3980 3457 γνῶσις,

640 3492 1128 3563 cognitione,hoc
1144 3498 1252 3558 est,
1278 3499 1571 3565 quantum
1595 3493 1904 3549 intuleritis
1928 3491 2294 3558 attentionis,

2411 3485 2687 3543 τουτέστιν,
2732 3481 2862 3537 ὅσην
2908 3478 3163 3553 εἰσφέρετε
3217 3482 3517 3553 προσοχὴν,
3564 3479 3797 3533 τοσαύτη
3841 3490 3982 3543 παρα-

639 3587 873 3639 tantum
895 3582 1231 3638 conferetur
1258 3582 1431 3637 vobis
1460 3583 1844 3652 cognitionis.

2411 3572 2726 3641 σχεθὴσεται
2757 3570 2877 3641 ὑμῖν
2901 3577 3118 3640 γνῶσις.

712 3673 876 3726 Vers.
905 3675 992 3726 24.
1024 3672 1103 3726 Et
1126 3671 1381 3727 addetur
1397 3671 1560 3727 vobis
1579 3672 1684 3743 qui
1697 3671 1937 3726 auditis.
1967 3673 2082 3727 Nec
2098 3669 2294 3726 solum

2479 3664 2579 3712 Καὶ
2600 3660 3017 3733 προστεθήσεται
3047 3658 3168 3729 ὑμῖν
3197 3664 3304 3718 τοῖς
3335 3654 3614 3713 ἀκούουσι.
3652 3660 3751 3709 Ka‘:
3770 3652 3827 3705 οὗ
3850 3654 3988 3724 μόνον

639 3776 747 3833 per
772 3760 930 3815 hanc
962 3775 1334 3823 mensuram.
1357 3775 1567 3815 verum
1608 3760 1783 3817 etiam
1826 3760 2115 3831 amplius.

713 3849 874 3904 Vers.
908 3849 995 3903 25.
1027 3848 1419 3919 Quincunque
1440 3849 1593 3906 enim
1623 3881 1691 3892 —
1721 3850 1791 3905 ab
1820 3864 1905 3906 eo.
1941 3850 2296 3922 Quicunque

641 3936 920 3995 habuerit
941 3938 1331 3993 attentionem
1369 3937 1612 3994 dabitur
1652 3938 1703 3994 ei
1770 3938 2032 4009 cognitio
2064 3956 2077 4005 ;
2110 3946 2165 3995 et
2194 3939 2298 4012 qui

644 4042 768 4084 non
823 4026 1023 4092 habet,
1081 4042 1287 4083 semen
1324 4028 1685 4098 cognitionis
1734 4028 2035 4086 auferetur
2077 4030 2156 4085 ab
2203 4044 2295 4085 eo.

645 4116 1173 4185 Quemadmodum
1229 4116 1387 4173 enim
1422 4117 1683 4174 studium
1716 4124 1895 4189 auget
1923 4118 2038 4176 tale
2068 4134 2295 4187 semen,

645 4207 729 4264 ita
753 4206 1033 4276 segnities
1060 4206 1407 4279 corrumpit.

2411 4200 2445 4255 δ
2451 4204 2719 4275 ιαιρθείρει.

716 4297 782 4354 In
808 4296 1128 4367 Evangelia
1151 4301 1351 4353 autem
1392 4296 1723 4353 secundum
1775 4298 2117 4354 Matthaaum
2168 4297 2294 4353 haec

2480 4292 2563 4345 Ἐν
2585 4300 2657 4362 τῷ
2695 4292 2829 4344 κατὰ
2854 4290 3123 4344 Mai-Gaiae
3173 4284 3251 4355 δέ,
3284 4292 3474 4363 τρόπον
3513 4289 3689 4364 ἕτερον
3720 4284 4005 4361 έρῥήθησαν

646 4386 765 4444 alio
795 4386 979 4443 modo
1000 4386 1159 4443 dicta
1187 4390 1342 4453 sunt,
1376 4388 1435 4442 et
1470 4386 1642 4457 juxta
1685 4386 1870 4442 alium
1908 4385 2294 4443 intellectum.

2411 4388 2595 4446 ταῦτα,
2625 4384 2715 4433 καὶ
2744 4380 2857 4431 κατ’
2890 4376 3047 4436 ἄλλην
3078 4380 3293 4433 ἔννοιαν.

718 4478 879 4532 Vers.
912 4480 1003 4531 26.
1034 4476 1114 4531 Et
1141 4476 1369 4531 dicebat
1399 4505 1467 4517 —
1496 4476 1661 4531 Vers.
1690 4477 1779 4531 27.
1811 4475 1984 4533 nescit
2031 4477 2156 4532 ille.
2195 4478 2294 4531 Be-

2483 4474 2584 4524 Ka‘:
2632 4468 2797 4539 ἴλεγεν
2842 4497 2905 4509 -—
2965 4462 3106 4520 οἶδεν
3155 4465 3326 4525 αὐτός.
3388 4464 3666 4518 Βασιλείαν
3698 4470 3794 4517 τοῦ
3847 4466 4008 4515 Θεοῡο

650 4580 838 4635 gnum
868 4579 1029 4619 nunc
1054 4563 1158 4620 Dei
1183 4563 1449 4636 seipsum
1471 4564 1750 4637 appellat,
1792 4569 2075 4637 tanquam
2097 4580 2294 4635 regem

2411 4563 2494 4613 νύν
2535 4558 2778 4631 ὀνομαζει
2819 4556 3018 4621 ἑαυτὸν,
3073 4558 3142 4616 ὡς
3197 4552 3423 4627 βασιλέα
3475 4560 3567 4607 καὶ
3599 4558 3738 4607 Θεόν
3765 4571 3777 4584 ·
3839 4554 4015 4624 ὁμοίως

650 4658 707 4711 et
740 4655 951 4708 Deum.
1009 4652 1283 4709 Similiter
1319 4660 1375 4708 et
1415 4653 1721 4709 hominem
1767 4670 1828 4710 se
1864 4658 2053 4719 vocat,
2098 4659 2294 4727 utpote

2412 4646 2470 4703 δι
2510 4653 2598 4701 καὶ
2638 4646 2751 4716 (41)
2812 4646 3102 4719 ἄνθρωπον,
3152 4646 3220 4704 ὡς
3262 4641 3766 4715 ένανθρωπήσαντα.
3832 4644 4013 4711 Σπόρον

652 4744 1049 4800 incarnatum.
1085 4742 1290 4798 Semen
1333 4748 1535 4800 autem
1573 4742 1919 4813 evangelica
1976 4750 2294 4817 praecepta.

2412 4736 2471 4794 δε
2516 4738 2671 4809 λέγει,
2738 4737 2832 4796 τὰς
2890 4733 3220 4805 εὖαγγελικὰς
3291 4730 3531 4793 ἐντολάς·
3590 4740 3700 4804 γῆν
3773 4727 3852 4799 δε,
3912 4731 4018 4785 τοὺς

2412 4828 2667 4899 ἐπιγείους
2722 4822 3042 4898 ἀνθρώπους,
3102 4821 3230 4874 ἀλλὰ
3266 4825 3388 4882 τοὺς
3446 4819 3714 4891 ἀγαθούς·
3768 4824 3888 4895 περὶ
3935 4821 4016 4888 μό·

2473 1220 2629 1275 Ὀπου
2694 1245 2752 1256 -
2821 1222 3008 1276 αὐτῶν.
3076 1252 3136 1263 -
3200 1220 3371 1275 Ὀπου
3426 1227 3684 1295 σπείρεται
3728 1225 3753 1276 ὁ
3806 1223 3950 1297 λόγος,

2396 1308 2511 1363 ἀντὶ
2536 1319 2648 1376 τοῦ,
2683 1311 2774 1373 Εἰς
2802 1312 2887 1372 οὖς
2915 1316 3201 1384 σπείρεται.
3235 1314 3458 1385 Εἴρηται
3490 1308 3551 1365 δε
3580 1317 3686 1388 περὶ
3715 1317 3891 1367 τούτων
3910 1313 3953 1369 ἕν

2396 1408 2470 1471 τῷ
2500 1401 2844 1477 προρῥηθέντι
2873 1400 3149 1474 κεφαλαίῳ.

2471 1495 2572 1544 καὶ
2606 1490 2749 1543 οὗτοι
2779 1521 2844 1532 -
2873 1487 3330 1552 σκανδαλίζονται.
3372 1493 3591 1560 Εἴρηται
3614 1495 3698 1545 καὶ
3726 1496 3830 1565 περὶ
3852 1494 3955 1546 τού-

2397 1599 2498 1633 των
2526 1598 2575 1632 εν
2607 1598 2779 1652 εκεινῳ
2791 1622 2802 1635 .

2472 1673 2573 1722 Καὶ
2622 1668 2766 1721 οὗτοι
2820 1698 2891 1709 —
2940 1672 3159 1739 γίνεται.
3219 1670 3437 1740 Εἴρηται
3492 1673 3578 1722 καὶ
3624 1672 3729 1742 περὶ
3775 1672 3949 1723 τούτων

2399 1758 2610 1831 ὁμοίως.

2404 1806 2610 1831 Ἵππην

2325 1806 2369 1863 Β
2474 1852 2575 1901 Καὶ
2604 1847 2745 1900 οὗτοι
2782 1876 2851 1889 -
2880 1845 3078 1901 ἑκατόν.
3112 1849 3329 1920 Εἴρηται
3349 1851 3433 1899 καί
3462 1850 3571 1921 περί
3598 1847 3790 1901 τούτων.

2472 2029 2573 2080 Καὶ
2601 2026 2763 2098 ἔλεγεν
2799 2058 2859 2066 -
2887 2028 3005 2098 τεθῇ
3030 2044 3043 2091 ;
3076 2056 3145 2067 -
3168 2024 3446 2098 Ἔρχεται,
3474 2022 3581 2077 αντὶ
3606 2030 3707 2093 τοῦ,
3726 2021 3949 2093 ’Δγιται›

2399 2120 2690 2188 κομίζεται.
2733 2119 2945 2188 Εἴρηται
2980 2111 3039 2167 δε
3077 2118 3161 2166 καὶ
3213 2118 3330 2188 περὶ
3374 2115 3557 2165 τούτου
3598 2111 3641 2164 ἐν
3669 2119 3734 2182 τῷ
3760 2113 3955 2181 πέμπτῳ

2400 2205 2658 2278 κεφαλαίῳ
2686 2212 2779 2257 τοῦ
2804 2206 2939 2257 κατὰ
2966 2206 3254 2258 Ματθαῖον.

2472 2401 2548 2455 Οὐ
2578 2431 2639 2442 -
2674 2401 2961 2475 φανερωθῇ.
2985 2398 3051 2452 Ὀ
3077 2400 3138 2452 ἄν
3165 2399 3279 2471 (38)
3312 2398 3371 2451 οὐ
3400 2399 3684 2472 φανερωθῇ.

2473 2584 2614 2642 Οὑδε
2648 2618 2709 2627 -
2740 2589 2887 2661 ἔλθη.
2919 2583 3059 2640 Οὐδε
3089 2584 3303 2658 ἕγένετο,
3342 2590 3522 2658 φησὶν,
3556 2584 3857 2657 ἀπόκρυφον,
3895 2578 3969 2630 ἴνα

2399 2680 2602 2752 κρυφθῇ
2637 2678 2749 2750 (39)
2800 2673 2893 2730 διὰ
2944 2680 3156 2741 παντὸς,
3206 2674 3312 2727 ἀλλ’
3360 2677 3443 2727 ἴνα
3484 2678 3609 2728 ποτε
3663 2673 3731 2735 εἰς
3781 2671 3969 2743 φανερὸν

2399 2769 2543 2841 ἔλθῃ.
2596 2772 2721 2841 Περὶ
2766 2769 2952 2819 τούτου
3002 2762 3062 2818 δε
3100 2769 3304 2838 εἴρηται
3352 2763 3401 2817 έν
3449 2772 3521 2835 τῷ
3562 2756 3969 2828 έννεακαιδεκοὲτῳ

2406 3756 2454 3809 έν
2480 3764 2552 3827 τῷ
2583 3756 2723 3827 αὐτῷ
2752 3760 2944 3830 μέτρῳ,
2978 3753 3102 3806 ἀλλὰ
3127 3759 3216 3806 καὶ
3240 3753 3407 3807 πλέον.

2474 3846 2570 3906 ’ος
2624 3849 2725 3919 γὰρ
2787 3876 2851 3885 -
2914 3842 3003 3896 ἀπ’
3059 3843 3234 3897 αὐτοῦ.
3287 3850 3378 3904 ⁸ος
3422 3843 3483 3895 ἄν
3550 3846 3656 3916 ἒχη
3706 3839 3986 3914 προσοχὴν,

2408 3932 2693 3994 δοθήσεται
2724 3934 2864 4004 αὐτῷ
2909 3940 3125 4005 γνῶσις,
3170 3938 3261 3985 καὶ
3291 3933 3345 3993 ὃς
3377 3932 3471 3984 οὐκ
3498 3934 3641 4004 ἔχει,
3690 3935 3797 3995 καὶ,
3834 3927 3859 3979 ὅ
3888 3926 3996 3996 ἔχει

2410 4028 2619 4096 σπέρμα
2646 4029 2905 4095 γνώσεως,
2932 4023 3222 4095 ἀρθήσεται
3256 4019 3349 4073 ἀπ’
3368 4028 3552 4075 αυτοῦ.
3587 4022 3831 4091 Καθάπερ
3854 4013 3995 4088 γὰρὴ

2410 4110 2616 4172 σπουδὴ
2647 4113 2792 4175 αὔξει
2833 4115 2892 4165 τό
2920 4118 3173 4175 τοιοῦτον,
3224 4110 3360 4163 οὕτω
3387 4114 3478 4163 καὶ
3695 4110 3725 4167 ἦ
3781 4105 4004 4183 ῥᾳθυμία

650 4834 891 4890 Terram
944 4846 1083 4886 vero
1131 4830 1405 4887 homines
1436 4838 1719 4897 terrenos,
1761 4836 2023 4889 attamen
2065 4831 2299 4902 bonos;

651 4935 797 4978 nam
828 4919 900 4975 de
939 4920 1080 4975 solis
1108 4920 1204 4975 his
1234 4920 1302 4976 ﬁt
1326 4921 1415 4977 hic
1444 4938 1661 4979 sermo.
1713 4922 2004 4978 Somnum
2033 4938 2294 4995 quoque,

2411 4940 2506 4970 νων
2553 4919 2653 4989 γὰρ
2711 4915 2905 4966 τούτων
2964 4912 2988 4963 ὀ
3036 4910 3189 4982 λόγος
3246 4911 3494 4963 ἐνταῦθα’
3549 4906 3896 4968 καθεύδησιν
3948 4902 4015 4974 δε,

652 5009 943 5081 requiem.
972 5009 1260 5066 Excitatur
1288 5025 1448 5080 ergo,
1505 5014 1676 5067 nocte
1704 5009 1973 5082 quidem,
2005 5010 2144 5068 dum
2174 5027 2294 5084 per-

2413 5011 2506 5065 τὴν
2554 5005 2850 5077 ὼαμονὴνο
2884 5003 3136 5076 ἆγείρεται
3180 4997 3257 5065 δε,
3307 5003 3467 5052 νύκτα
3520 5002 3637 5071 μὲν,
3693 5002 3824 5051 ὅταν
3863 5013 4018 5069 παρα·

655 5098 833 5154 mittit
860 5097 1062 5154 induci
1099 5099 1475 5166 tentationes,
1502 5114 1639 5171 qua
1667 5114 1779 5156 nos
1806 5099 1886 5157 ad
1913 5106 2152 5170 gratum
2185 5101 2294 5159 Dec

2414 5103 2565 5170 χωρῇ
2653 5096 2769 5153 τοὺς
2855 5093 3174 5161 πειρασμούς
3249 5088 3557 5161 έποὶγεσθαι,
3643 5084 4021 5142 διανιστώντας

657 5188 1010 5261 obsequium
1030 5194 1377 5261 provocant.
1413 5190 1538 5244 Nox
1566 5188 1727 5244 enim
1755 5189 2111 5246 tentationes
2139 5195 2301 5259 sunt,

657 5258 899 5352 propter
922 5258 1347 5336 obscuritatem
1384 5276 1655 5333 tristitiae.
1688 5276 1790 5334 Die
1826 5293 1990 5345 vero,
2022 5278 2169 5335 dum
2197 5258 2294 5353 per

2417 5258 2512 5331 διὰ
2546 5278 2634 5327 τόν
2675 5271 2956 5341 σκοτεσμὸν
2996 5276 3087 5328 τῆς
3114 5266 3315 5331 λύπης⁶
3366 5269 3561 5341 ἡμέραν
3622 5263 3713 5333 δε,
3768 5267 3895 5320 ὅταν
3942 5258 4027 5316 δια

1876 5432 2101 5503 Variae
2130 5432 2458 5502 lectiones
2493 5436 2562 5497 et
2600 5434 2805 5494 notae.

2649 5592 2849 5669 Κρυϐῇ,
2887 5597 2944 5646 Β.

2517 5663 2609 5735 40)
2650 5663 2771 5730 Καί,
2797 5663 2986 5735 abest.
3012 5667 3073 5735 D.

2492 5731 2609 5813 (‘41)
2644 5736 2865 5813 ὀμοίως
2890 5731 2970 5809 δέ,
2998 5731 3218 5791 absunt
3244 5732 3314 5788 Α.
3396 5752 3399 5753 ~

732 5602 848 5675 (38)
872 5601 1045 5673 Apud
1074 5598 1423 5675 Hentenium
1449 5599 1547 5657 hic
1572 5616 1781 5657 versus
1812 5617 1934 5658 uno
1963 5601 2186 5675 scholia
2215 5617 2309 5657 ex-

660 5672 937 5746 plicatur.
967 5675 1113 5740 Ergo
1153 5672 1365 5727 desunt
1400 5673 1525 5730 haec
1550 5680 1809 5746 quatuor
1836 5673 2148 5741 vocabula,
2175 5688 2313 5746 quia

662 5743 963 5817 explicant
984 5746 1069 5798 ‘caiv
1098 5748 1194 5817 μή.

2415 5190 2554 5259 ἡμᾶς
2600 5183 2671 5244 εἰς
2722 5180 3061 5255 εὐαρέστησιν
3110 5184 3255 5233 Θεου·
3302 5179 3394 5242 νὺξ
3440 5179 3563 5251 γὰρ,
3593 5180 3648 5231 οἱ
3720 5177 4019 5259 πειρασμοὶ,
4078 5243 4084 5247 ’
