4188 6428
526 344 634 401 799

1843 339 2192 398 EUTHYMII
2231 337 2560 398 ZIGABENI

3785 348 3902 406 800

540 511 548 546 τ
591 471 753 528 Vers.
777 471 865 527 38.
896 469 975 528 Et
999 474 1154 530 erat.
1187 499 1258 512 -
1278 470 1442 527 Vers.
1461 472 1549 527 39.
1572 483 1812 542 magna.
1841 468 2072 526 Dictum
2087 469 2177 526 est

2362 471 2467 522 Καί
2503 468 2565 528 ἦν
2610 500 2679 512 -
2750 469 2976 543 μεγάλη.
3031 469 3260 546 Ἐῥρἠθη
3327 473 3418 524 καὶ
3507 474 3627 544 περὶ
3697 473 3902 526 τούτων

519 558 738 616 ibidem
771 559 846 615 de
877 559 969 614 bis
1001 558 1306 616 omnibus.

591 649 754 706 Vers.
784 647 876 718 40,
901 649 980 704 Et
1000 649 1157 705 dixit
1185 680 1255 689 —
1306 647 1387 705 ita
1410 648 1440 704 Υ
1470 648 1544 706 Ut
1595 648 1743 723 quid
1781 648 1865 706 ita
1903 647 2118 705 timetis
2145 645 2175 703 7

518 754 656 797 cum
683 753 779 795 me
809 737 1125 795 vobiscum
1154 737 1572 812 babeatis,qui
1593 754 1848 812 possum
1878 737 1953 796 de
1983 741 2174 794 morte

520 842 774 898 servare,
808 832 866 884 et
887 827 1098 884 omnia
1127 843 1391 898 possum.

589 919 747 973 Vers.
789 919 879 973 40.
915 916 1210 985 Quomodo
1233 946 1304 957 —
1325 916 1604 986 ﬁduciam
1638 919 1666 976 1
1694 916 1954 979 Firmani
1996 931 2069 973 ac
2088 915 2175 973 in-

520 1004 882 1064 dubitatum.

589 1093 757 1151 Vers.
788 1097 877 1150 41.
910 1095 987 1151 Et
1045 1093 1373 1152 timuerunt
1416 1124 1486 1136 —
1543 1094 1619 1152 ei.
1651 1094 1842 1153 Etiam
1871 1093 1947 1151 de
1969 1093 2065 1150 his
2091 1091 2177 1150 ibi

519 1183 747 1242 dictum
786 1187 894 1241 est.

1025 1362 1173 1418 CAP.
1202 1361 1288 1418 XI.
1320 1362 1402 1420 De
1428 1359 1674 1434 legione.

593 1451 756 1512 CAP.
795 1453 858 1507 ν.
889 1451 1053 1509 Vers.
1077 1452 1129 1506 1.
1173 1452 1257 1510 Et
1299 1458 1582 1509 venerunt
1609 1483 1680 1494 —
1706 1451 2171 1519 Gadarenorum,

523 1541 758 1598 Dictum
783 1545 870 1598 est
889 1540 964 1598 de
991 1541 1087 1598 his
1129 1541 1491 1600 duodecimo
1517 1540 1814 1612 Evangelii
1834 1542 2006 1613 juxta
2030 1541 2177 1599 Mat-

522 1630 737 1689 thaeum
767 1630 983 1703 capite.

594 1718 760 1778 Vers.
786 1722 840 1775 2.
880 1720 957 1776 Et
987 1735 1206 1790 egresso
1249 1750 1320 1762 -
1345 1719 1506 1778 Vers.
1553 1719 1608 1787 3,
1644 1719 2054 1778 monumentis.
2085 1718 2174 1778 Ibi

522 1809 703 1866 etiam
724 1809 854 1865 haec
885 1825 1110 1881 quaere.

595 1901 762 1956 Vers.
788 1902 841 1956 3.
889 1900 958 1956 Et
1015 1914 1196 1972 neque
1243 1930 1313 1941 —
1371 1899 1532 1956 Vers.
1565 1898 1619 1956 6.
1679 1899 1948 1958 adoravit
2007 1914 2164 1958 eum.

525 1987 698 2048 Clara
725 1988 1002 2046 sunthaec
1025 1994 1082 2045 et
1106 1988 1437 2046 manifesta.

595 2076 762 2134 Vers.
794 2083 848 2134 7.
873 2077 950 2134 Et
988 2079 1251 2136 clamans
1276 2110 1344 2121 —
1372 2078 1607 2137 Excelu'
1631 2079 1660 2136 ἲ
1687 2081 1896 2147 Quare
1926 2079 1987 2137 in
2016 2078 2176 2137 dicto

525 2167 682 2227 loco.

597 2259 756 2314 Vers.
783 2262 835 2313 7.
890 2257 1120 2328 Adiuro
1146 2287 1217 2300 —
1265 2263 1549 2330 torqueas.
1611 2259 1765 2318 Sane
1793 2257 1912 2316 hoc
1934 2273 2179 2332 quoque

525 2346 727 2404 licebit
752 2351 814 2402 ut
837 2347 974 2403 inde
1013 2361 1364 2418 cognoscas.

597 2438 753 2492 Vers.
794 2439 848 2492 8.
890 2436 1137 2494 Dicebat
1169 2465 1232 2478 —
1265 2435 1516 2493 homine.
1574 2435 1768 2494 Multis
1811 2435 2180 2494 daemonibus

525 2525 782 2598 imperat
807 2525 982 2599 quasi
1021 2540 1176 2582 unus
1224 2529 1398 2593 esset.
1441 2530 1688 2599 propter
1709 2525 2182 2586 imbecillitatem

528 2630 821 2688 ipsorum.

600 2702 767 2758 Vers.
810 2706 860 2759 9.
895 2702 974 2758 Et
1024 2700 1426 2774 interrogabat
1469 2733 1538 2744 ——
1578 2718 1804 2761 sumus.
1872 2703 2180 2761 Hominem

530 2790 770 2864 quidem
782 2791 1208 2860 interrogabat,
1227 2791 1329 2848 sed
1359 2791 1622 2864 pervenit
1647 2793 1898 2865 quaestio
1909 2793 1980 2850 ad
2000 2792 2183 2851 multi-

529 2879 799 2938 tudinem
828 2879 1194 2946 daemonum,
1211 2881 1308 2953 qui
1331 2882 1394 2938 in
1410 2882 1542 2954 ipso
1554 2887 1724 2938 erant
1749 2882 1915 2939 :ideo
1939 2899 2180 2956 quoque

527 2967 839 3040 respondit
867 2967 1184 3025 multitudo
1218 2967 1476 3025 illorum.
1509 2970 1684 3042 Legio
1723 2975 1920 3027 autem
1941 2977 2181 3045 propter

530 3056 971 3116 multitudinem
1005 3056 1146 3115 dicti
1171 3061 1327 3115 sunt.
1361 3059 1599 3132 Proprie
1643 3060 1802 3116 enim
1833 3059 1991 3132 legio
2033 3060 2180 3117 mili-

2284 558 2488 610 πάντων
2511 557 2559 611 ἕν
2589 559 2763 631 ἐκείνῳ
2775 603 2789 618 ,

2360 651 2459 700 Καὶ
2503 645 2637 702 εἶπεν
2683 679 2752 690 -
2801 647 2962 710 οὕτως
2995 665 3009 718 ;
3037 651 3186 702 Διατί
3238 647 3479 721 φοϐεῖσθε
3522 649 3706 719 οὕτως,
3743 653 3902 722 ἔχον-

2283 756 2361 798 τες
2388 737 2498 809 μεθ’
2549 737 2742 792 ἑαυτῶν
2781 738 2886 811 ius,
2944 742 3032 792 τὸν
3092 738 3276 800 σώζειν
3335 737 3390 793 ἐκ
3438 740 3668 794 θανάτου
3724 740 3900 814 ἰσχύς

2283 845 2425 895 οντα,
2455 833 2545 880 καὶ
2574 830 2740 881 πάντα
2769 825 3050 901 δυνάμενον
3075 845 3088 894 ;

2355 923 2541 979 Πῶς-
2572 921 2772 984 πίστιν,
2803 913 3169 988 ’Δδίστακτον,
3202 914 3568 991 ἀναμφίϐολον.

2358 1135 2458 1185 Καὶ
2515 1129 2846 1204 εφοϐήθησαν
2911 1161 2978 1173 --
3025 1130 3190 1203 αὐτῷ.
3234 1132 3339 1187 Καὶ
3385 1136 3507 1206 περὶ
3543 1133 3740 1186 τούτων
3789 1130 3903 1187 ἐκεῖ

2285 1216 2582 1280 δεδήλωται
2594 1265 2607 1278 .

2642 1353 2792 1404 [Et
2832 1344 2932 1401 Μ’.
2966 1351 3089 1421 Περὶ
3118 1353 3210 1400 τοῦ
3235 1345 3504 1419 λεγεῶνος.

2356 1435 2463 1491 Καὶ
2526 1433 2680 1494 ἦλθον
2745 1467 2816 1478 -
2881 1432 3217 1511 Γαδαρηνῶν.
3304 1439 3530 1509 Εἴρηται
3594 1441 3708 1513 περὶ
3774 1438 3896 1490 τούο

2282 1544 2382 1577 των
2448 1523 2497 1578 ἕν
2566 1535 2636 1598 τῷ
2694 1521 2978 1597 δωδεκάτῳ
3047 1524 3305 1600 κεφαλαίῳ
3392 1533 3486 1579 τοῦ
3543 1529 3675 1580 κατὰ
3738 1533 3891 1582 Ματ-

2285 1617 2448 1671 θαῖον.

2358 1709 2458 1757 Καὶ
2537 1701 2811 1768 ἕξελθόντι.
2897 1734 2969 1745 -
3031 1709 3316 1778 μνήμασιν.
3389 1706 3522 1761 Ἐκεῖ
3565 1711 3652 1760 καὶ
3713 1713 3884 1759 ταῦτα

2208 1819 2253 1876 Β
2286 1793 2536 1855 ζήτησον.

2359 1888 2459 1936 Καὶ
2516 1885 2632 1936 οὔτε
2719 1914 2777 1924 -
2826 1885 3209 1958 προσεκύνησεν
3298 1883 3448 1954 αὐτῷ.
3508 1891 3644 1958 Σαφῆ
3702 1889 3871 1936 ταῦτα

2285 1977 2373 2026 καὶ
2407 1970 2672 2048 πρόδηλα.

2359 2067 2460 2116 Καὶ
2508 2063 2698 2137 κράξας
2751 2093 2816 2104 -
2872 2061 3172 2134 ’Υψίστου;
3259 2065 3498 2120 Ζήτησον
3550 2059 3597 2113 ἓν
3653 2068 3723 2131 τῷ
3779 2060 3879 2135 ῥη-

2289 2153 2423 2205 θέντι
2451 2151 2730 2224 κεφαλαίῳ.

2355 2239 2584 2317 Ὁρκίζω
2668 2272 2737 2282 -
2839 2239 3152 2315 βασανίσῃς.

2286 2334 2468 2404 γνοίης
2486 2332 2566 2386 ἄν.

2360 2418 2531 2492 Ἔλεγε
2592 2449 2660 2461 -
2710 2417 3002 2492 ἀνθρώπου.
3058 2417 3142 2479 Ὠς
3197 2417 3288 2485 ἑνὶ,
3338 2423 3451 2478 τοῖς
3505 2415 3709 2477 πολλοῖς
3764 2410 3894 2468 δαί-

2289 2526 2464 2582 μοσιν,
2501 2506 2782 2573 ίπιτάττιι,
2816 2503 2910 2560 διὰ
2931 2511 3024 2567 τὴν
3055 2505 3320 2561 ἁσθένιιαν
3349 2505 3540 2560 αὐτῶν.

3275 2239 3496 2294 Ἐκεῖθεν
3575 2257 3666 2290 και
3735 2243 3889 2290 τοῦτο

2366 2710 2464 2760 Καὶ
2508 2703 2752 2778 ἐπηρώτα
2803 2736 2870 2746 —
2923 2702 3093 2778 ίσμίν.
3148 2705 3247 2757 Τόν
3300 2704 3571 2779 ἄνθρωπον
3629 2706 3720 2776 μὶν
3773 2701 3900 2761 Erm-

2289 2801 2433 2871 ρώτα
2481 2816 2494 2828 ο
2536 2799 2666 2870 πρὸς
2722 2797 2778 2846 τέ
2841 2793 3032 2854 πλῆθος
3098 2787 3157 2846 δι
3213 2801 3312 2845 τῶν
3343 2792 3393 2845 ἐν
3447 2793 3588 2864 αὐτῷ
3629 2789 3897 2865 δαιμόνων

2292 2880 2544 2937 διίϐαινεν
2593 2885 2621 2942 ἡ
2686 2882 2956 2957 ὶρώτησις.
3036 2885 3122 2934 Διό
3171 2886 3260 2934 καὶ
3316 2884 3374 2934 τό
3427 2880 3624 2944 πλῆθος
3697 2883 3898 2934 τούτων

2290 2974 2567 3045 ἀπεκρίθη.
2639 2977 2840 3044 Λεγεὼν
2896 2969 2954 3025 δε
3028 2971 3343 3044 ὠνομάζιτο,
3419 2966 3514 3023 διὰ
3569 2973 3628 3023 τὸ
3677 2969 3894 3030 πλῆθος.

2292 3067 2491 3134 Λεσγίὼν
2573 3064 2675 3137 γὰρ
2751 3066 2963 3135 κυρίως,
3043 3063 3222 3133 τάγμα
3300 3061 3418 3132 (45)

3492 3079 3587 3133 στρ
3595 3063 3893 3115 ατιωτικόν.

529 3152 658 3206 tum
669 3163 890 3219 agmen
915 3151 1021 3205 est.
1039 3147 1451 3220 lnterrogabat
1464 3164 1626 3216 vero,
1660 3155 1725 3208 ut
1747 3156 2182 3222 cognoscerent

2292 3151 2570 3227 Ἐπηρὼτα
2627 3148 2703 3222 δε,
2749 3152 2832 3203 ἶνα
2883 3159 3076 3222 γνῶσιν
3129 3153 3177 3203 οἱ
3234 3154 3502 3223 παρόντες,
3568 3151 3650 3203 ὅτι
3696 3149 3896 3202 πολλῶν

529 3238 633 3312 qui
671 3241 996 3310 praesentes
1025 3244 1212 3304 erant,
1241 3238 1409 3312 quod
1455 3238 1780 3297 multorum
1829 3240 2180 3298 demonum

528 3326 932 3386 habitaculum
962 3331 1088 3384 erat
1118 3343 1276 3384 unus
1306 3327 1512 3385 homo.

598 3417 763 3474 Vers.
795 3418 884 3474 10.
938 3417 1015 3474 Et
1069 3417 1499 3487 deprecabatur
1532 3449 1603 3460 —
1629 3417 1949 3490 regionem.
1995 3420 2182 3477 Lucas

529 3521 668 3563 vero
697 3505 865 3572 dixit,
887 3506 1056 3580 quod
1074 3508 1254 3564 etiam
1283 3507 1763 3580 deprecabantur
1808 3523 1970 3576 eum,
1996 3524 2072 3565 ne
2087 3509 2181 3581 ju-

529 3595 696 3653 beret
723 3596 863 3668 ipsis
913 3601 976 3652 ut
1008 3595 1070 3652 in
1099 3596 1392 3668 abyssum
1423 3598 1576 3653 irent
1605 3597 1672 3650 “.
1724 3597 2052 3654 Verisimile
2089 3603 2184 3655 est

531 3691 744 3751 autem,
774 3683 936 3756 quod
979 3689 1035 3740 et
1062 3684 1177 3740 hoc
1202 3688 1260 3741 et
1291 3683 1436 3740 illud
1466 3685 1968 3757 deprecabantur.

608 3776 767 3829 Vers.
803 3777 886 3827 Η.
923 3773 1064 3829 Erat
1089 3779 1284 3828 autem
1339 3803 1410 3814 —
1442 3775 1604 3830 Vers.
1664 3778 1728 3830 13
1802 3775 1862 3830 in
1890 3778 2070 3833 mari.
2103 3777 2186 3833 De

533 3862 625 3918 bis
668 3860 1088 3933 particularius
1117 3859 1346 3918 dictum
1376 3866 1464 3919 est
1493 3862 1774 3935 pradicto
1821 3864 2015 3938 capite
2040 3866 2187 3924 duo-

533 3950 789 4008 decimo.

606 4039 770 4096 Vers.
793 4042 880 4096 14.
945 4037 1055 4107 Qui
1073 4054 1208 4097 vero
1238 4039 1548 4104 pascebant
1571 4072 1637 4083 —
1681 4043 1843 4116 quod
1868 4043 2182 4104 acciderat.

537 4129 815 4188 Similiter
835 4133 894 4186 et
912 4129 986 4185 de
1016 4129 1109 4185 his
1139 4129 1364 4186 dictum
1399 4136 1505 4188 est.

607 4221 764 4276 \‘ers.
797 4220 886 4278 15.
919 4219 994 4276 Et
1019 4220 1257 4277 veniunt
1278 4251 1345 4260 —
1377 4221 1717 4278 timuerunt.
1761 4223 1950 4280 Lucas
1987 4228 2189 4282 autem

534 4309 677 4366 dixit
705 4311 880 4367 etiam
919 4326 930 4364 :
961 4309 1072 4367 Ubi
1095 4312 1447 4368 invenerunt
1472 4325 1601 4369 eum
1626 4310 1907 4371 sedentem
1941 4314 2012 4381 ",
2045 4319 2184 4388 puta

2302 4311 2428 4384 εἶπε,
2481 4319 2569 4366 καὶ
2624 4321 2731 4366 Ποῦ
2796 4309 2940 4388 εὖρον
2998 4311 3153 4364 αὐτὸν
3210 4312 3518 4385 καθήμενον,

535 4399 614 4459 ad
643 4399 826 4472 pedes
848 4399 1010 4456 Jesu.

606 4487 770 4580 Vers.
802 4491 894 4547 19.
927 4489 1282 4580 Νανναὸαηι
1314 4519 1401 4580 _—
1439 4488 1821 4549 daemoniaeo.
1873 4493 2190 4560 Quomodo
2224 4522 2271 4580 ι)

536 4576 691 4634 facta
715 4576 909 4634 fuerat
937 4577 997 4632 in
1015 4593 1086 4633 eo
1117 4577 1368 4635 mutatio
1398 4593 1468 4635 ac
1499 4594 1648 4636 sana
1677 4595 1868 4637 mens.

609 4666 770 4720 Vers.
807 4666 893 4722 16.
938 4666 1012 4721 Et
1049 4667 1122 4723 de
1149 4669 1362 4736 porcis.
1419 4669 1736 4734 Quomodo
1775 4669 1836 4726 hi
1867 4669 2186 4741 perierant.

608 4753 773 4809 Vers.
806 4758 889 4810 1'7.
918 4755 1356 4828 Caperuntque
1381 4787 1448 4797 —
1475 4772 1696 4814 eorum.
1733 4757 2010 4816 Similiter
2035 4765 2090 4817 et
2115 4760 2190 4817 de

538 4842 635 4901 his
666 4842 841 4899 docet
879 4843 1202 4915 capitulum
1241 4845 1406 4901 illud.

612 4931 775 4988 Vers.
809 4933 895 4988 18.
925 4931 1182 5005 Cumque
1205 4935 1551 4992 ascendisset
1582 4966 1651 4978 --
1681 4953 1807 4994 cum
1858 4952 1940 4995 eo.
1974 4939 2190 4996 Gratus

539 5021 742 5087 simul,
773 5027 830 5079 et
856 5022 1164 5079 dasmones
1195 5024 1428 5092 timens,
1461 5042 1534 5082 ne
1572 5027 1694 5083 sine
1741 5027 1843 5085 illo
1887 5028 2188 5098 inventus,

542 5127 784 5170 rursum
813 5113 900 5170 eis
931 5113 1278 5170 traderetur.

617 5291 781 5349 Vers.
825 5292 912 5348 19.
944 5292 1109 5349 Jesus
1131 5298 1328 5350 autem
1357 5322 1429 5337 -
1459 5294 1738 5352 misertus
1764 5297 1841 5354 sit
1866 5297 1973 5355 tui.
2022 5298 2197 5356 Dimi-

545 5381 618 5438 sit
643 5396 782 5439 eum
803 5381 1039 5454 abjecto
1063 5397 1209 5438 sane
1222 5381 1302 5439 ab
1317 5398 1388 5440 eo
1408 5383 1512 5458 huj
1524 5384 1763 5444 usmodi
1782 5385 2013 5459 timore,
2031 5387 2194 5462 quod

619 5488 668 5525 “
697 5489 838 5546 Luc.
865 5504 964 5546 vni
983 5489 1073 5545 31.
1151 5491 1199 5526 ⁸⁸
1225 5489 1376 5548 Ibid.
1407 5490 1497 5548 35.

2292 3237 2552 3313 δαιμόνων
2573 3240 2873 3316 οἰκητήριον
2905 3241 2930 3292 ὁ
2961 3241 3033 3302 εἷς
3061 3241 3329 3315 ἄνθρωπος
3359 3246 3441 3299 ῆν.

2366 3425 2466 3474 Καὶ
2535 3419 2813 3496 παρεκάλει
2860 3450 2928 3460 -
2978 3423 3174 3492 χώρας.
3219 3419 3277 3472 ’0
3333 3415 3392 3472 δι
3444 3423 3653 3481 Λουκᾶς
3708 3418 3842 3472 εἶπεν
3880 3441 3895 3452 ο

2293 3513 2373 3563 ὅτι
2411 3515 2499 3563 καὶ
2528 3509 2803 3586 παρεκάλει
2851 3508 3025 3581 αὐτόν,
3086 3511 3168 3561 ἶνα
3217 3513 3289 3582 μὴ
3341 3506 3556 3582 ἐπιτάξῃ
3603 3508 3780 3571 αὐτοῖς
3828 3509 3904 3570 εἰς

2291 3604 2384 3659 τὴν
2413 3597 2646 3652 ἄϐυσσον
2696 3597 2948 3652 ἀπελθεῖν.
3009 3597 3156 3659 Εἰκὸς
3210 3599 3333 3673 γὰρ,
3393 3600 3482 3649 καὶ
3539 3602 3657 3673 περὶ
3711 3600 3902 3650 τούτου

2293 3687 2532 3742 κάκείνου
2567 3687 2902 3762 παρακαλεῖν.

2364 3778 2461 3832 Ἦν
2506 3774 2565 3831 δε
2622 3807 2689 3818 -—
2748 3776 2796 3830 ἐν
2837 3784 2897 3849 τῇ
2959 3775 3223 3849 θαλάσση.
3280 3779 3404 3850 Περὶ
3442 3777 3636 3828 τούτων
3684 3778 3895 3847 sipara,

2294 3867 2618 3941 λεπτομερῶς
2699 3865 2747 3920 ἓν
2839 3874 2911 3936 τῷ
2977 3864 3318 3942 προρῥηθίντι
3405 3860 3684 3937 δωδεκάτῳ
3738 3882 3896 3938 κεφα-

2296 3957 2445 4030 λαίῳ.

2370 4049 2438 4104 Οἱ
2496 4042 2554 4100 δε
2613 4044 2896 4119 βόσκοντες
2970 4073 3041 4088 -
3089 4049 3319 4117 γεγονός.
3374 4043 3593 4116 Ὀμοίως
3644 4048 3734 4096 καὶ
3779 4046 3906 4115 περὶ

2298 4139 2512 4190 τούτων.

2375 4229 2473 4279 Καὶ
2543 4227 2786 4298 ἔρχονται
2876 4254 2943 4263 -
3027 4221 3377 4296 ἐφοϐήθησαν.
3462 4221 3521 4275 ’0
3571 4218 3630 4275 δι
3695 4228 3907 4284 Λουκᾶς

3616 4313 3696 4364 ὅτι
3756 4315 3911 4384 παρὰ

2301 4409 2416 4466 τοὺς
2445 4400 2613 4468 πόδας
2640 4411 2730 4456 τοῦ
2758 4402 2962 4462 Ἰησοῦ.

2372 4498 2702 4566 Διηγήσαντο
2754 4522 2818 4532 —
2873 4487 3306 4564 δαιμονιζομένῳ.
3361 4496 3472 4551 Πῶς
3521 4486 3719 4560 ἐγένετο
3758 4486 3908 4559 αὐτῷ

2300 4585 2330 4642 ἡ
2359 4581 2614 4656 μεταϐολὴ
2647 4586 2735 4634 καὶ
2759 4583 3089 4656 σωφροσύνη.

2373 4677 2474 4726 Καὶ
2505 4677 2622 4746 περὶ
2652 4679 2745 4730 τῆν
2775 4675 2993 4744 χοίρων.
3020 4675 3136 4732 Πῶς
3165 4664 3308 4721 οὗτοι
3339 4665 3625 4720 ἀπώλοντο.

2373 4765 2473 4816 Καὶ
2502 4759 2724 4834 ἤρξαντο
2772 4789 2830 4800 ——
2875 4758 3064 4812 αὐτῶν.
3101 4762 3201 4812 Καὶ
3253 4760 3370 4831 περὶ
3402 4759 3596 4809 τούτων
3629 4756 3910 4828 ὁμοίωςτὸ

2299 4853 2571 4925 κεφάλαιον
2603 4848 2759 4902 ἐκεῖνο
2787 4843 2820 4900 δ
2827 4843 2883 4900 ιδ
2888 4849 3058 4904 άσκει,

2373 4945 2474 4994 Καὶ
2529 4937 2772 5010 ἐμϐάντος
2830 4967 2896 4976 —
2949 4935 3058 5008 μετ’
3111 4935 3288 4990 αὐτοῦ.
3363 4934 3508 5007 Ἀμα
3558 4937 3648 5006 μὲν
3721 4932 3914 5004 εὐγνω-

2301 5038 2488 5105 μονών,
2550 5028 2660 5100 ἅμα
2707 5022 2766 5078 δι
2821 5029 2908 5076 καὶ
2960 5022 3271 5098 φοϐούμενος
3327 5027 3447 5086 τοὺς
3510 5019 3784 5095 δαίμονας,
3829 5027 3910 5094 μὴ

2302 5124 2472 5193 χωρὶς
2527 5117 2686 5169 αὐτοῦ
2747 5121 2926 5167 τοῦτον
2984 5113 3232 5187 εὑρόντες,
3300 5111 3453 5166 πάλιν
3502 5107 3915 5168 ἕπιπηδήσωσιν

2303 5208 2464 5279 αὐτῷ’

2371 5297 2432 5350 '0
2481 5291 2541 5349 δε
2615 5293 2824 5355 Ἰησοῦς
2901 5321 2969 5332 -
3047 5290 3319 5352 ἠλίησέσε.
3398 5288 3672 5344 Ἀπίλυσεν
3731 5287 3918 5355 αὐτὸν,

2304 5395 2456 5440 τοῦτο
2512 5387 2602 5458 μεν
2653 5385 2738 5436 τὸν
2793 5387 3023 5434 νοιοῦτον
3087 5379 3241 5454 φόϐον
3297 5379 3524 5434 ἐκϐαλών
3575 5377 3664 5432 ἀπ’
3727 5379 3920 5446 αὐτοῦ,

1749 5591 1983 5662 Variae
2011 5577 2339 5665 lectiones
2380 5600 2448 5660 et
2471 5598 2674 5658 note.

622 5704 734 5778 (45)
771 5705 1030 5778 τάγματα
1063 5708 1434 5784 στρατιωτικά.
1466 5713 1528 5763 Α.
