4188 6438
257 377 364 434 801

1387 360 1736 425 COMMENT
1773 355 1842 416 IN
1882 354 2207 419 MARCUM.
2247 395 2316 408 -
2353 365 2511 422 CAP.
2555 363 2623 421 V.

3529 362 3635 422 802

259 514 337 573 ὡς
411 514 600 584 μηκέτι
677 515 777 559 τῶν
847 502 1110 578 δαιμόνων
1174 503 1610 576 κατατολμωντων
1689 491 1868 548 αὐτοῦ.

1998 501 2106 544 non
2133 487 2423 546 auderent
2439 490 2516 546 ad
2530 505 2667 546 eum
2681 489 2990 547 daemones
3007 489 3308 555 accedere,
3328 492 3458 547 etut
3477 489 3634 556 illos,

257 610 422 653 τοῦτο
476 595 555 668 δὲ,
605 601 695 649 καὶ
746 598 828 648 ἱνα
877 602 979 655 τοῖς
1031 593 1080 646 ἐν
1132 603 1204 666 τῷ
1250 597 1374 664 οἴκῳ
1419 594 1507 643 καὶ
1539 596 1602 662 τῇ
1657 579 1875 659 πατρίδι

260 688 434 741 ἀύτοῦ
491 683 817 744 διδάσκαλος
870 690 961 736 τοῦ
1012 684 1276 755 θαύματος
1327 685 1556 753 γενηται.
1609 676 1720 729 Οὐκ
1768 670 1876 727 εἶπε

263 773 353 844 δὲ,
410 779 491 829 ὄτι
536 781 681 827 Ὅσα
712 792 796 826 σοι
825 773 1105 837 πεποίηκα,
1157 770 1262 823 ἀλλ’
1295 772 1375 823 ὅτι
1403 768 1544 821 Ὀσα
1587 785 1672 818 σοι
1709 765 1735 816 ὁ
1772 769 1871 816 Ku-

262 885 385 940 ριος
455 869 729 928 πεποίηκε,
794 869 867 933 τῷ
939 866 1108 937 Πατρὶ
1162 865 1221 913 τὸ
1293 861 1469 932 θαῦμα
1537 856 1876 929 ἐπιγραφόμε-

262 976 377 1021 νος,
425 958 518 1007 καὶ
574 949 839 1006 παιδεύων
890 952 1045 1023 ἡμᾶς,
1111 958 1185 1021 τῷ
1223 952 1337 1020 θεῷ
1393 949 1458 1000 τὰ
1495 946 1879 1020 κατορθώματα

268 1044 677 1118 ἄπιγράφεσθαι.

349 1137 450 1186 Καὶ
507 1129 705 1190 ἀπῆλθε
743 1161 812 1170 -
875 1127 1188 1202 ἐθαύμαζον.
1243 1127 1303 1179 Ὀ
1359 1129 1448 1197 μεν
1505 1126 1738 1198 Χριστὸς
1793 1125 1878 1194 με

266 1229 612 1298 τριοφρονῶν,
664 1227 738 1290 τῷ
812 1222 982 1292 Πατρὶ
1037 1221 1098 1270 τὸ
1165 1219 1313 1292 ἔργον
1382 1214 1644 1273 ἀνέθηκεν·
1713 1214 1740 1265 ὀ
1816 1207 1875 1264 δὲ

269 1311 606 1383 θεραπευθεὶς
691 1307 1044 1380 εύγνωμονῶν,
1123 1314 1196 1378 τῷ
1281 1311 1494 1380 Χριστῷ
1571 1310 1725 1357 τοῦτο
1792 1300 1876 1354 ἁν-

268 1401 450 1452 ετίθει.

343 1527 492 1574 ΚΕΦ·
522 1518 622 1573 ῙΒ’.
658 1524 782 1592 Περὶ
811 1526 901 1579 τῆς
929 1519 1186 1591 θυγατρὸς
1214 1524 1304 1570 τοῦ
1337 1515 1802 1593 ἀρχισυναγώγου.

341 1615 448 1664 Καὶ
500 1605 922 1683 διαπεράσαντος
976 1614 1070 1660 τοῦ
1128 1607 1304 1666 Ἰησοῦ
1337 1639 1406 1647 -
1459 1605 1702 1679 ἐσχάτῶς
1740 1608 1873 1678 ἔχει.
1907 1624 1946 1679 Β

267 1703 400 1775 Περὶ
472 1700 661 1752 τούτου
747 1693 1049 1770 διελάϐομεν
1123 1695 1170 1749 ἓν
1255 1703 1330 1767 τῷ
1431 1693 1875 1766 πεντεκαιδεκατῳ

264 1788 534 1862 κεφαλαίῳ
563 1794 657 1840 τοῦ
693 1789 832 1839 κατὰ
877 1788 1171 1844 Ματθαίον.
1205 1789 1276 1840 Τὸ
1329 1781 1388 1839 δε
1418 1785 1696 1858 Ἐσχάτῶς
1738 1787 1872 1857 ἔχει,

267 1878 385 1933 ἀντὶ
410 1885 528 1944 τοῦ,
559 1875 838 1931 Τελευταῑα
864 1880 1021 1931 πνέει.

339 1967 456 2022 Ἰνα
509 1965 667 2020 nam
717 1997 785 2006 -—-
843 1965 1087 2026 ζήσεται.
1157 1963 1287 2018 Καθ’
1324 1962 1610 2040 ὑπερϐατόν
1654 1963 1794 2017 ἔστιν
1841 1966 1871 2023 ἠ

272 2065 372 2110 τῶν
423 2056 600 2131 ῥητῶν
632 2054 895 2120 σύνταξις,
941 2055 1022 2108 ὅτι
1051 2052 1330 2130 παρεκάλει
1361 2053 1516 2106 αὐτὸν
1560 2053 1742 2119 πολλὰ,
1793 2054 1877 2105 ἵνα

281 2144 430 2197 ἐλθὼν
458 2143 611 2215 ἐπιθῇ
653 2142 796 2216 αύτῷ
822 2147 917 2205 τὰς
957 2150 1161 2217 χεῖρας,
1193 2147 1281 2195 καὶ
1314 2144 1378 2194 τὰ
1417 2141 1549 2205 ἕξῆς.
1581 2138 1708 2196 Εἶτα
1736 2145 1794 2195 τὸ
1825 2140 1874 2194 ἓν

285 2237 444 2307 μέσῳ.

362 2328 464 2376 Καὶ
493 2321 681 2382 ἀπῆλθε
707 2353 780 2364 -
828 2321 1004 2376 αὐτὸν.
1045 2325 1368 2394 Συνέπνιγον,
1411 2321 1546 2375 εἶπεν
1586 2322 1612 2374 ὁ
1644 2327 1870 2387 Λουκᾶς,

286 2417 451 2467 εἵτουν
481 2415 739 2466 συνώθουν
752 2455 765 2469 .

579 2560 724 2611 ΚΕΦ.
755 2552 849 2610 II".
879 2558 1002 2628 Περὶ
1033 2563 1127 2617 τῆς
1152 2553 1556 2630 αἱμορῥοούσης.

341 2651 444 2701 Καὶ
485 2651 619 2720 γυνή
651 2677 721 2686 —-
751 2646 931 2700 αὐτοῦ.
962 2648 1032 2698 Τὸ
1057 2644 1329 2718 κεφάλαιον
1357 2653 1508 2698 τοῦτο
1530 2650 1874 2722 φανερώτερον

267 2735 510 2800 ίξίθηκεν
529 2737 556 2788 ὁ
582 2741 812 2801 Λουκᾶς,
836 2739 926 2788 καὶ
949 2735 1177 2795 ζήτησον
1198 2734 1319 2810 παρ’
1343 2734 1483 2806 αὐτῷ
1504 2739 1597 2795 τὴν
1624 2735 1874 2809 ίξήγησιν
1904 2765 1946 2822 C

267 2833 358 2879 τοῦ
385 2827 632 2879 εἰκοστοῦ
669 2825 818 2878 ἕκτου
847 2823 1147 2896 κεφαλαίου.

341 3021 524 3093 Ἔλεγε
574 3051 644 3060 —
698 3022 1032 3094 σωθήσομαι.
1082 3022 1300 3092 Εἴρηται
1347 3024 1465 3094 περὶ
1501 3023 1686 3074 τούτου
1727 3020 1776 3074 ἐν
1803 3030 1877 3096 τῷ

268 3107 626 3182 ἑξκαιδεκάτῳ
655 3109 912 3183 κεφαλαίῳ
935 3117 1029 3163 τοῦ
1058 3112 1192 3164 κατὰ
1217 3111 1503 3166 Ματθαῖον.

345 3329 448 3379 Καὶ
489 3324 675 3387 εύθίως
724 3345 804 3366 -’
837 3326 1116 3397 μάστιγος.
1153 3323 1323 3397 Ἐγνὼ
1367 3320 1462 3378 διὰ
1491 3331 1582 3378 τοῦ
1613 3331 1873 3399 σώματος,

267 3417 462 3488 μηκέτι
497 3415 800 3489 ῥαινομένου
829 3421 935 3475 τοῖς
967 3413 1307 3486 σταλαγμοῖς,
1354 3414 1435 3466 ὅτι
1485 3415 1872 3490 τεθεράπευται.

269 3501 527 3576 Μάστιγα
544 3500 624 3568 δὲ,
656 3508 750 3562 τήν
771 3508 920 3558 νόσον
946 3503 1200 3571 ἐκάλεσεν,
1225 3506 1289 3565 ὡς
1308 3503 1672 3578 μαστίζουσαν
1689 3504 1872 3574 αὐτὴν,

269 3595 363 3644 καὶ
381 3599 456 3664 τῷ
485 3597 623 3665 πόνῳ
651 3597 742 3646 καὶ
767 3600 830 3667 τῇ
856 3593 1114 3667 αἰσχύνῃ.

344 3792 449 3842 Καὶ
488 3788 667 3850 εὐθέως
723 3820 792 3830 -
837 3793 931 3848 τὴν
965 3793 1115 3842 τοῦτο
1145 3793 1476 3848 ποιήσασαν.
1517 3794 1756 3850 Ζήτησον
1785 3794 1874 3844 καὶ

266 3883 390 3953 περὶ
408 3881 600 3931 τούτων
623 3876 671 3931 ἔν
692 3886 752 3952 τῇ
780 3878 1026 3952 ἐξηγήσει
1046 3887 1135 3932 τοῦ
1164 3878 1396 3932 εἰκοστοῦ
1418 3880 1566 3933 ἕκτου
1596 3879 1874 3954 κεφαλαίου

267 3975 364 4021 τοῦ
395 3972 529 4020 κατά
560 3975 766 4022 Λουκᾶν
787 3968 1120 4041 Εὐαγγελίου.
1149 3972 1218 4021 Τὸ
1248 3965 1328 4037 δὲ,
1361 3967 1604 4041 ἐπιγνοὺς
1631 3968 1680 4022 ἄν
1711 3970 1876 4043 ἑαυτῷ

1983 577 2088 649 qui
2115 579 2355 634 erantin
2371 578 2556 636 domo
2573 583 2626 635 et
2644 577 2834 651 patria
2849 595 2978 645 sua,
2997 579 3236 636 doceret
3261 578 3635 634 miraculum.

1982 668 2109 722 Non
2128 666 2276 723 dixit
2304 673 2502 724 autem
2533 685 2546 724 :
2572 669 2801 734 Quanta
2822 667 2926 724 tibi
2940 668 3199 738 fecerim,
3229 668 3335 723 sed
3369 685 3382 724 :
3408 667 3639 733 Quanta

1988 755 2094 810 tibi
2122 756 2406 813 Dominus
2422 759 2656 827 fecerit,
2680 756 2833 813 Patri
2858 756 3209 814 miraculum
3239 757 3543 814 ascribens
3568 772 3639 813 ac

1986 844 2212 902 docens
2253 861 2389 912 nos,
2433 853 2498 903 ut
2522 846 2762 919 egregia
2789 847 3072 904 virtutum
3097 862 3279 920 opera
3314 847 3434 904 Deo
3478 845 3639 903 attri-

1987 933 2265 991 buamus.

2057 1183 2219 1240 Vers.
2256 1187 2344 1241 20.
2389 1183 2465 1240 Et
2489 1183 2640 1242 abiit
2667 1214 2737 1225 —
2764 1183 3156 1242 mirabantur.
3204 1183 3473 1242 Christus
3509 1201 3641 1244 mo-

1986 1271 2189 1328 destim
2232 1287 2417 1330 causa
2465 1272 2622 1330 Patri
2669 1271 3028 1332 miraculum
3071 1273 3484 1331 attribuebat:
3533 1275 3640 1349 qui

1987 1364 2186 1417 autem
2225 1365 2468 1418 curatus
2503 1359 2716 1428 fuerat,
2767 1377 2905 1418 cum
2951 1367 3156 1433 gratus
3195 1367 3366 1431 esset,
3412 1362 3641 1422 Christo

1987 1447 2347 1507 ascribebat.

2271 1573 2422 1632 CAP.
2465 1575 2570 1630 XII.
2602 1576 2686 1630 De
2712 1575 2846 1645 ﬁlia
2881 1575 3354 1648 archisynagogi.

2056 1679 2224 1738 Vers.
2256 1684 2345 1737 2t.
2381 1681 2646 1754 Cumque
2666 1683 2829 1739 Jesus
2851 1683 2998 1740 navi
3020 1683 3345 1754 trajecisset
3373 1715 3440 1724 —
3470 1681 3638 1743 Vers.

1984 1772 2073 1827 23.
2117 1771 2182 1826 in
2211 1773 2492 1828 extremis
2521 1777 2624 1828 est.
2672 1772 2752 1827 De
2781 1771 2896 1828 hoc
2925 1771 3366 1842 disputavimus
3409 1773 3640 1830 decimo

1984 1859 2192 1932 quinto
2230 1861 2422 1932 capite
2462 1860 2764 1931 Evangelii
2796 1859 3132 1918 secundum
3168 1861 3524 1919 Matthaeum.
3567 1862 3640 1919 In

1985 1949 2268 2008 extremis
2297 1955 2402 2015 est,
2416 1949 2532 2006 hoc
2547 1953 2638 2005 est
2657 1949 3057 2007 novissimum
3075 1949 3316 2008 exhalat
3343 1951 3638 2025 spiritum.

2055 2038 2217 2096 Vers.
2249 2042 2338 2096 23.
2379 2040 2452 2096 Ut
2484 2040 2714 2097 veniens
2753 2069 2823 2084 -
2852 2040 3093 2098 viveret.
3129 2041 3235 2097 Per
3258 2041 3641 2115 hyperbaton

1984 2133 2077 2186 est
2107 2129 2258 2186 ordo
2295 2129 2613 2186 verborum
2647 2147 2660 2188 :
2692 2129 2854 2203 quod
2894 2129 3168 2187 videlicet
3207 2129 3641 2204 deprecabatur

1983 2233 2124 2276 eum
2171 2218 2446 2285 multum,
2489 2223 2550 2276 ut
2585 2220 2850 2286 veniens,
2890 2220 3226 2292 imponeret
3264 2220 3346 2276 illi
3401 2237 3637 2292 manus,

1984 2312 2118 2374 etc.,
2150 2308 2369 2364 deinde
2397 2308 2674 2379 addatur,
2706 2309 2870 2381 quod
2898 2308 2958 2364 in
2989 2309 3191 2366 medio
3219 2315 3330 2366 est.

2055 2396 2226 2454 Vers.
2256 2401 2343 2454 24.
2372 2393 2450 2454 Et
2478 2398 2648 2454 abiit.
2675 2427 2746 2440 —
2765 2412 2918 2456 eum.
2952 2398 3346 2457 Coarctabant
3371 2415 3526 2466 eum,
3561 2399 3641 2456 ait

1986 2487 2170 2543 Lucas
2198 2487 2268 2556 ⁸ο,
2309 2486 2437 2543 sive
2466 2485 2875 2560 impellebant.

1985 2609 2140 2666 CAP.
2172 2608 2336 2665 XIII.
2369 2609 2445 2666 De
2468 2609 2716 2667 muliere
2729 2608 2964 2681 sanguis
2991 2610 3281 2682 proﬂuvio
3309 2609 3638 2670 laborante.

2056 2717 2216 2774 Vers.
2274 2720 2364 2774 25.
2421 2719 2488 2774 Et
2552 2718 2790 2775 mulier.
2856 2747 2926 2758 --
2995 2719 3153 2774 Vers.
3217 2720 3306 2773 27.
3366 2720 3508 2789 ejus.
3569 2749 3643 2764 --

1986 2807 2178 2880 Caput
2239 2806 2356 2864 hoc
2387 2805 2761 2864 manifestius
2801 2805 3113 2878 preposuit
3142 2807 3374 2863 Lucas:
3438 2823 3642 2882 quasre

1985 2912 2126 2968 ergo
2189 2894 2345 2968 apud
2410 2911 2551 2953 eum
2615 2895 3052 2953 enarrationem
3116 2895 3408 2953 vicesimo
3475 2903 3642 2955 sexto

1986 2986 2200 3058 capite.

2059 3076 2226 3132 Vers.
2259 3076 2349 3130 28.
2382 3074 2626 3132 Dicebat
2650 3104 2720 3116 —
2744 3073 2902 3128 salva
2919 3089 3037 3130 ero.
3056 3069 3290 3130 Dictum
3313 3078 3401 3131 est
3424 3073 3498 3130 de
3526 3075 3642 3132 hoc

1985 3164 2224 3221 decimo
2271 3169 2438 3220 sexto
2501 3163 2697 3234 capite
2758 3161 3066 3232 Evangelii
3117 3162 3452 3220 secundum
3504 3165 3644 3222 Mat-

1985 3253 2226 3310 timum.

2057 3341 2228 3398 Vers.
2281 3340 2369 3396 29.
2420 3341 2494 3396 Et
2533 3340 2808 3397 continuo
2843 3368 2916 3381 —
2949 3339 3202 3411 ﬂagello.
3247 3341 3532 3410 Cognovit
3579 3342 3641 3398 in

1984 3445 2253 3503 corpore,
2273 3429 2464 3502 quod,
2487 3444 2559 3485 ex
2577 3443 2702 3501 quo
2721 3428 2852 3500 jam
2879 3442 3000 3484 non
3026 3428 3278 3485 ﬂuerent
3307 3433 3486 3498 guttas
3507 3445 3642 3486 san-

1983 3519 2201 3594 guinis,
2250 3525 2461 3578 sanata
2488 3525 2661 3575 esset.
2687 3515 3017 3590 Flagellum
3045 3533 3190 3574 vero
3231 3518 3637 3575 inﬁrmitatem

1983 3609 2340 3675 nominavit,
2367 3614 2432 3666 ut
2459 3623 2596 3681 quia
2621 3608 2820 3680 ipsam
2841 3612 2968 3665 tum
2998 3607 3224 3674 labore,
3253 3612 3379 3664 tum
3408 3607 3642 3681 pudore

1983 3698 2409 3770 ﬂagellaverat.

2055 3789 2218 3846 Vers.
2248 3788 2339 3844 30.
2359 3787 2686 3862 Statimque
2709 3819 2774 3829 —
2794 3787 2960 3846 Vers.
2981 3788 3069 3843 32.
3101 3802 3233 3860 qua
3258 3788 3368 3845 hoc
3389 3789 3638 3858 fecerat.

1987 3881 2192 3946 Quare
2213 3879 2394 3935 etiam
2415 3877 2491 3934 de
2503 3877 2595 3933 his
2619 3877 2681 3934 in
2694 3877 3066 3949 expositione
3087 3878 3354 3935 vicesimi
3375 3877 3526 3934 sexti
3548 3894 3644 3936 ca-

1987 3969 2124 4043 pitis
2155 3965 2455 4038 Evangelii
2493 3966 2826 4023 secundum
2862 3968 3105 4024 Lucam.

265 4066 365 4117 τῆν
420 4056 474 4122 ἐξ
538 4057 698 4111 αὐτοῦ
752 4055 975 4130 δύναμιν
1031 4057 1355 4126 ἐξελθοῦσαν,
1390 4059 1510 4112 καθ’
1555 4059 1841 4136 ὑπερϐατὸν
1880 4059 2254 4135 ἀναγνωστέον,
2283 4059 2364 4111 ὅτι
2403 4055 2639 4129 ἐπιγνούς
2669 4055 2717 4108 ἓν
2743 4060 2902 4127 ίουτῷ
2931 4061 3025 4116 τὴν
3055 4055 3362 4120 ἐξελθοῦσαν
3387 4056 3441 4121 ἔξ
3483 4058 3644 4112 αὐτοῦ

268 4143 519 4220 δύναμιν.

337 4236 401 4290 ’Β
471 4232 532 4289 δι
610 4240 741 4310 γυνη
826 4265 896 4278 —-
963 4235 1190 4311 εἰρηνην.
1282 4240 1382 4290 Καὶ
1463 4244 1632 4290 ταῦτα
1703 4240 1871 4291 πάντα

264 4321 736 4400 διηρμηνεύθησαν
788 4325 838 4379 ἓν
883 4333 957 4397 τῷ
1004 4326 1215 4401 ῥηθέντι
1261 4325 1480 4397 εἰκοστῷ
1525 4327 1656 4398 ἴκτῷ
1711 4345 1870 4400 κεφα-

259 4415 420 4487 λαίῳ.

341 4510 445 4558 Καὶ
498 4505 611 4558 ισθι
672 4534 726 4544 -
779 4505 1035 4577 μάστιγός
1084 4523 1201 4558 σου.
1249 4510 1415 4558 Τοῦτο
1475 4502 1592 4557 οὒτε
1645 4507 1672 4556 ὀ
1723 4509 1870 4558 Ματ-

265 4596 435 4657 θαῖος,
479 4593 597 4646 οὔτε
638 4593 665 4644 ὀ
721 4599 929 4655 Λουκᾶς
974 4595 1395 4667 προστεθείκασι,
1443 4597 1534 4646 καὶ
1568 4595 1745 4646 καινὸν
1775 4591 1869 4646 ού-

265 4679 377 4736 δίν.
423 4687 641 4756 Εἴρηται
684 4685 810 4756 γὰρ,
841 4683 924 4735 ὅτι
961 4684 1030 4734 τὰ
1073 4686 1146 4755 μὴ
1179 4680 1459 4755 ἀναγκαῖα,
1493 4683 1621 4743 τινες
1765 4689 1867 4735 τῶν

261 4771 644 4843 εὐαγγελιστῶν
673 4771 1076 4845 παρελίμπανον,
1112 4775 1393 4844 συντομίας
1422 4773 1603 4845 χάριν·
1645 4775 1779 4835 τινες
1809 4767 1870 4824 δε

261 4867 358 4914 καὶ
413 4869 582 4914 ταῦτα
637 4865 970 4935 συνέγραφον,
1041 4858 1306 4934 ἀκριϐείας
1353 4861 1735 4922 ἕνεκεν..Εἰκός
1784 4857 1863 4927 δι,

263 4951 456 5012 αὐτούς
495 4955 588 5003 καὶ
634 4959 734 5004 τῶν
919 4951 1196 5023 θαυμάτων
1247 4953 1607 5024 μνημονεύειν·
1666 4958 1764 5004 τῶν
1808 4947 1868 5002 δὲ

257 5041 514 5118 ῥημάτων
540 5044 611 5114 μὴ
645 5041 866 5094 πάντων.

1900 4453 1944 4508 D

333 5217 455 5274 Ἐτι
505 5249 575 5260 —-
623 5214 987 5284 διδάσκαλον;
1019 5248 1088 5258 -—
1141 5214 1429 5292 Ἐρχονται
1487 5213 1588 5269 ἀπὸ
1639 5223 1730 5270 τοῦ
1780 5215 1870 5290 ἀρ-

254 5313 668 5384 χισυναγώγου,
760 5310 1053 5364 τουτέστιν.
1144 5305 1243 5360 ἀπὸ
1323 5313 1419 5367 τῆς
1516 5306 1686 5369 οἰκίας
1775 5312 1868 5358 τοῦ

255 5397 732 5476 ἀρχισυναγώγου.
791 5394 1026 5457 Σκύλλεις
1081 5391 1160 5461 δὲ,
1229 5393 1337 5449 ἀντὶ
1397 5403 1508 5461 τοῦ,
1579 5400 1864 5468 Περισπᾷς,

256 5487 514 5560 ἇνοχλείς.
574 5489 642 5540 Οἱ
698 5489 800 5559 γὰρ
856 5490 975 5558 περὶ
1037 5488 1143 5538 τὸν.
1189 5483 1626 5558 ἀρχισυνάγωγον
1719 5481 1870 5543 ἅτελὴ

252 5582 440 5632 πίστιν
484 5575 558 5640 εἰς
601 5578 832 5652 Χριστὸν
874 5576 1100 5647 ἔχοντες,
1150 5571 1526 5647 ὑπελάμϐανον,
1577 5573 1658 5626 ὅτι
1702 5577 1868 5632 νοσή-

251 5685 409 5744 ματα
605 5667 778 5719 πάντα
813 5660 1036 5718 δύναται
1093 5665 1409 5740 θεραπεύειν,
1449 5660 1750 5722 ἀναστῆσαι
1807 5657 1880 5715 δι.

335 5765 388 5804 ιο
415 5765 559 5822 Luc.
589 5767 706 5837 vui,
733 5751 822 5822 42'.
933 5764 978 5800 ιι
1011 5749 1317 5830 Matth.1x,
1352 5765 1442 5819 22.

2050 4239 2210 4294 Vers.
2264 4238 2354 4291 33.
2403 4234 2624 4290 Mulier
2660 4239 2860 4290 autem
2900 4263 2970 4274 -—
3007 4232 3172 4290 Vers.
3215 4237 3303 4292 34.
3354 4231 3428 4288 In
3473 4249 3640 4306 pace.

1977 4325 2113 4382 Hoc
2139 4337 2384 4398 quoque
2412 4323 2622 4379 omnia
2648 4320 2955 4378 declarata
2977 4326 3115 4378 sunt
3146 4322 3208 4378 in
3237 4321 3529 4394 praedicto
3557 4321 3642 4380 vis

1977 4415 2200 4472 eesimo
2242 4416 2414 4468 sexto
2451 4410 2666 4484 capite.

2048 4502 2215 4560 Vers.
2268 4505 2356 4558 34.
2414 4501 2478 4556 Et
2518 4506 2636 4556 esto
2673 4526 2746 4540 -—
2790 4497 3032 4570 ﬂagello
3074 4503 3195 4555 tuo.
3251 4499 3453 4570 Neque
3504 4499 3642 4556 llat-

1975 4591 2168 4650 thaus
2180 4591 2222 4629 ⁵¹
2235 4605 2452 4663 ,neque
2463 4588 2655 4646 Lucas
2673 4589 2722 4624 ⁵³
2732 4587 2849 4645 hoc
2859 4585 3248 4645 addiderunt:
3265 4601 3376 4644 nec
3389 4585 3608 4644 mirum
3625 4629 3640 4644 .

1978 4680 2285 4755 Siquidem
2305 4679 2534 4736 dictum
2553 4680 2664 4745 est,
2691 4677 2860 4750 quod
2881 4692 2968 4743 ea,
2998 4691 3130 4750 quae
3147 4675 3480 4734 necessaria
3508 4691 3636 4733 non

1974 4779 2162 4838 erant,
2203 4769 2453 4845 quidam
2481 4767 2871 4839 Evangelistaa
2909 4767 3459 4840 praetermittebant,
3501 4767 3630 4824 bre-

1975 4859 2174 4917 vitatis
2211 4859 2405 4929 gratia
2445 4874 2458 4913 :
2500 4856 2756 4931 quidam
2795 4871 2937 4913 vero
2975 4857 3156 4913 etiam
3194 4856 3323 4912 haec
3365 4855 3634 4914 ascribe-

1973 4947 2141 5014 bant,
2174 4947 2494 5018 diligentiae
2526 4961 2733 5002 causa.
2766 4944 3090 5001 Verisimile
3119 4960 3361 5018 quoque
3392 4949 3501 5015 est,
3533 4961 3636 5001 eos

1976 5037 2406 5094 miraculorum
2435 5035 2682 5110 quidem
2717 5035 3080 5106 meminisse,
3124 5050 3248 5091 nou
3277 5037 3478 5108 autem
3509 5049 3637 5092 om-

1976 5127 2146 5183 nium
2186 5125 2526 5183 verborum.

1972 5245 1976 5256 ν
2047 5215 2525 5272 Vers.35.Adhuc
2541 5245 2609 5255 —
2623 5213 2978 5285 magistrum
2994 5215 3022 5268 ?
3047 5211 3301 5268 Veniunt
3313 5226 3349 5268 a
3360 5212 3638 5282 principe

1976 5306 2325 5377 Synagogaz,
2355 5305 2467 5361 hoc
2497 5309 2603 5373 est,
2637 5311 2680 5360 A
2719 5303 2904 5376 domo
2934 5301 3142 5376 ipsius.
3188 5301 3633 5374 Vexasautem,

1975 5394 2092 5451 hoc
2129 5400 2236 5461 est,
2269 5393 2558 5459 Molestas,
2592 5393 2820 5451 turbas.
2865 5391 3183 5449 Domestici
3215 5391 3376 5448 enim
3399 5390 3638 5464 princi-

1975 5483 2071 5553 pie
2086 5483 2451 5556 Synagogas,
2467 5497 2606 5539 cum
2633 5479 3044 5553 imperfectam
3067 5481 3129 5536 in
3142 5479 3440 5537 Christum
3450 5479 3636 5536 ﬁdem

1974 5571 2284 5638 haberent,
2318 5570 2800 5646 suspicabantur,
2831 5567 2998 5643 quod
3014 5583 3259 5628 omnem
3286 5573 3439 5626 certe
3467 5567 3638 5639 aegri-

1976 5659 2252 5730 tudinem
2279 5677 2496 5724 sanare
2523 5664 2745 5737 posset,
2774 5665 3082 5718 mortuum
3107 5662 3312 5722 autem
3341 5659 3636 5724 suscitare

1557 5763 1604 5799 ³³
1630 5761 1772 5819 Luc.
1800 5776 1925 5831 vui,
1954 5762 2045 5818 48.
