4188 6432
547 328 653 388 803
1904 321 2215 387 eumvm

2321 324 2640 391 ZIGABENI
3812 338 3915 395 804

547 472 668 519 non
683 458 907 528 posset.
924 454 1199 511 Nondum
1226 456 1387 513 enim
1418 456 1639 514 factum
1666 456 1744 514 ab
1760 471 1834 513 eo
1848 455 2204 528 huiusmodi

2321 458 2486 528 νεκρόν
2516 458 2575 511 ού
2605 454 2848 512 δύναται.
2882 458 3043 512 Οὔπω
3066 461 3168 532 γὰρ
3201 456 3340 513 εἶδον
3377 466 3613 515 τοιοῦτον
3642 461 3728 516 ὑπ’
3757 464 3915 517 αὐτοῦ

549 544 902 601 miraculum
936 545 1227 601 viderant.
1260 545 1522 619 Ideoque
1547 546 1827 603 dicebant
1862 564 1875 599 :
1907 546 2071 602 [vilia
2102 551 2203 600 tua

2321 547 2491 619 θαῦμα
2530 553 2883 620 γεγενημένον.
2922 552 3009 604 Διό
3057 553 3147 601 καὶ
3202 545 3367 606 εἶπον.
3417 548 3477 602 Ἠ
3528 552 3767 625 θυγάτηρ
3816 574 3915 627 σομ

547 643 785 692 mortua
814 641 916 700 est,
938 634 1079 707 quid
1093 635 1289 692 adhuc
1310 652 1487 693 vezss
1504 637 1872 708 Magistrum,
1898 650 2037 691 cum
2067 649 2202 691 eam

2321 633 2551 703 ἀπέθανε,
2580 642 2630 688 τί
2660 640 2735 690 ἔτι
2767 638 3000 699 σκύλλεις
3031 641 3117 690 τόν
3148 634 3184 690 δ
3189 634 3499 699 ιδάσκαλον,
3532 645 3605 712 μὴ
3631 638 3916 715 δυνάμενον

547 740 669 782 non
700 727 890 796 possit
919 725 1203 781 suscitare
1226 726 1254 782 τ

2321 725 2476 783 αὐτὴν
2505 727 2801 785 ἀναστῆσαι
2824 744 2837 793 ;

620 815 785 871 Vers.
826 818 913 871 36.
954 814 1121 870 Jesus
1155 821 1353 871 autem
1399 845 1469 856 —
1508 815 1688 872 crede.
1731 816 1998 885 Cognito,
2039 812 2206 887 quod

2384 814 2443 869 Ὀ
2475 812 2535 867 δε
2566 816 2772 877 Ἰησοῦς
2809 848 2877 855 -
2906 821 3137 869 πίστευε.
3172 820 3331 879 δοὺς
3358 821 3444 869 τὸν
3478 816 3918 893 ἀρχισυνάγωγον

548 904 1065 976 archisynagogus
1097 903 1251 959 circa
1280 904 1461 959 fidem
1503 904 1820 969 dubitaret,
1856 909 2057 976 utpote
2087 919 2207 958 ser-

2321 902 2667 975 ἁμϐλυνθέντα
2709 911 2826 980 περί
2880 910 2973 963 την
3004 911 3203 972 πίστιν,
3250 905 3337 959 οἶα
3368 912 3779 980 συναπαχθέντα
3812 919 3920 973 τοῖς

548 992 831 1050 monibus
870 992 1104 1047 illorum
1147 993 1448 1059 seductus,
1479 994 1770 1049 confortat
1808 1010 1965 1059 eum,
2010 1009 2081 1049 ac
2120 1008 2207 1048 re-

2321 993 2483 1064 λόγοις
2510 994 2696 1055 αὐτῶν,
2733 994 3057 1069 ἐπιθαῤῥύνει
3085 1000 3177 1047 καὶ
3203 994 3491 1049 ἁνακτοὶται
3516 1004 3610 1056 τὴν
3653 999 3918 1054 ἀσθένειαν

551 1082 706 1139 fovet
734 1081 875 1137 ﬁdei
909 1079 1066 1135 illius
1099 1080 1581 1138 imbecillitatem.

2321 1091 2402 1142 τῆς
2424 1083 2584 1135 αύτοῡ
2609 1088 2853 1145 πίστεως.

620 1188 782 1245 Vers.
816 1188 903 1244 37.
933 1189 997 1243 Et
1030 1203 1146 1243 non
1176 1220 1245 1227 —
1272 1188 1489 1245 Jacobi.
1536 1189 1701 1245 Solos
1731 1189 1844 1245 bos
1869 1189 2021 1245 inter
2051 1187 2205 1245 alios

2388 1195 2487 1243 Καὶ
2540 1190 2633 1243 ούκ
2688 1222 2755 1231 -
2804 1190 3074 1257 Ἰακώϐου,
3142 1194 3339 1254 nam;
3391 1196 3611 1257 τούτους
3663 1194 3767 1249 ἀπὸ
3823 1206 3920 1249 τῶν

551 1276 873 1350 discipulos
885 1277 1303 1350 coassumpsit,
1319 1278 1485 1350 quasi
1500 1278 1724 1334 caeteris
1740 1276 2202 1349 prmstantiores.

2321 1280 2476 1333 άλλων
2505 1283 2752 1353 μαθητῶν
2788 1280 3198 1354 συμπαρέλαϐεν,
3232 1284 3302 1344 ὡς
3329 1278 3366 1335 δ
3371 1288 3749 1358 ιαᾳορωτέρους
3802 1295 3922 1338 τῶνι

551 1368 703 1423 Nam
733 1370 789 1423 et
819 1368 879 1423 in
906 1382 1017 1422 sua
1047 1364 1556 1436 transfiguratione
1586 1366 1746 1423 solos
1774 1366 1885 1422 hos
1917 1370 2206 1438 spectato-

2321 1370 2498 1425 ἱλλων.
2558 1376 2657 1424 Καὶ
2702 1373 2803 1443 γὰρ
2856 1376 2945 1422 καὶ
2998 1370 3079 1422 ἐπὶ
3130 1378 3219 1430 τῆς
3262 1378 3708 1445 μεταμορφώσεως
3737 1375 3917 1446 αὐτοῦ,

551 1472 646 1513 res
676 1472 882 1512 secum
913 1456 1261 1527 assumpsit.

2321 1465 2503 1532 μόνους
2531 1464 2743 1522 τούτους
2784 1458 3038 1534 παρελαϐε
3070 1461 3273 1522 θεατας.

625 1546 834 1611 Quare
871 1544 1051 1601 etiam
1081 1544 1377 1601 tricesimo
1414 1548 1630 1617 quarto
1660 1544 1853 1616 capite
1901 1542 2202 1613 Evangelii

2389 1555 2489 1603 Καὶ
2539 1554 2769 1613 ζήτησον
2809 1548 2857 1601 έν
2913 1556 2986 1619 τῷ
3033 1556 3332 1620 τριακοστῷ
3379 1551 3607 1624 τετάρτῳ
3658 1552 3920 1624 κεφαλαίῳ

548 1634 721 1708 juxta
748 1632 1083 1692 Matthmum
1107 1647 1345 1697 causas,
1366 1632 1444 1688 ob
1457 1632 1768 1705 quasistos
1793 1636 2202 1705 prmponeret:

2321 1649 2406 1693 τού
2433 1643 2568 1693 κατὰ
2592 1640 2860 1693 Ματθαῖον
2890 1640 2983 1699 τὰς
3020 1637 3184 1699 αἰτίας
3212 1646 3308 1700 τῆς
3332 1645 3555 1712 προτιμη
3566 1659 3692 1702 σεως
3722 1641 3916 1693 αὐτῶν.

553 1726 611 1778 et
647 1725 860 1793 praeter
898 1718 1029 1776 illas
1059 1722 1239 1775 etiam
1268 1719 1627 1792 prmferebat
1654 1735 1776 1785 eos,
1811 1724 1875 1775 ut
1914 1724 1972 1776 et
2012 1717 2204 1775 ceteri

2321 1734 2581 1803 Προετίμα
2642 1726 2701 1781 δι
2779 1730 3009 1792 τούτους,
3079 1728 3163 1779 ἵνα
3211 1732 3302 1780 καὶ
3379 1730 3427 1780 οἱ
3476 1728 3615 1781 ἄλλοι
3686 1736 3913 1781 τοιοῦτοι

550 1810 699 1869 tales
727 1808 879 1867 emci
910 1816 1288 1867 conarentur.

2321 1825 2557 1894 γένωνται
2566 1859 2578 1871 .

627 1918 789 1975 Vers.
818 1920 907 1974 38.
934 1917 1012 1973 Bt
1038 1918 1197 1974 venit
1229 1947 1297 1959 -
1323 1918 1689 1990 multumque
1719 1917 2029 1987 ejulantes.
2054 1916 2206 1972 Tibi-

2389 1915 2491 1964 Καὶ
2522 1912 2737 1983 ἔρχεται
2765 1936 2829 1947 —
2854 1910 2946 1958 καὶ
2979 1904 3322 1966 ἀλαλάζοντας
3341 1904 3516 1957 πολλά.
3539 1904 3825 1967 Ἠλάλαζον
3856 1907 3908 1957 οἰ

554 2007 717 2064 cines
747 2006 1090 2062 luctuosum
1122 2012 1364 2063 cantum
1384 1989 1710 2079 pulsabant
1729 2006 1961 2079 (quibis
1991 2005 2208 2061 dicitur

2321 2001 2561 2066 αύληταὶ,
2593 2002 2710 2073 περὶ
2734 1996 2802 2047 ὧν
2828 1996 3104 2067 εἰρήκαμεν
3128 1993 3175 2046 έν
3197 2001 3269 2065 τῷ
3288 1989 3628 2065 ἑξκαιδεκάτῳ
3647 1994 3915 2066 κεγαλαίῳ

552 2095 829 2167 ejulatus,
870 2110 1223 2167 quanquam
1266 2096 1502 2167 prOprie
1530 2094 1825 2159 ἀλαλάζειν,
1866 2099 1957 2152 est
1996 2109 2205 2167 perpe-

2321 2098 2409 2145 τοῦ
2446 2092 2579 2141 κατὰ
2611 2089 2893 2139 Ματθαῐον.

554 2190 657 2242 tuo
715 2184 914 2242 sonitu
971 2189 1230 2256 strepere
1284 2199 1353 2241 ac
1393 2184 1607 2241 tinnire
1649 2200 1661 2239 ε
1705 2199 1853 2241 sono
1892 2198 2108 2239 sonum
2148 2182 2495 2255 excipiente,
2538 2173 3055 2249 quemadmodum
3097 2172 3158 2227 fit
3211 2171 3270 2227 in
3333 2171 3647 2238 lebetibus)
3703 2171 3781 2227 de
3832 2171 3927 2228 his

553 2274 815 2332 diximus
845 2272 1080 2329 decimo
1109 2277 1275 2330 sexto
1302 2274 1474 2344 juxta
1505 2272 1842 2329 Mattbaaum
1875 2272 2089 2344 capite.

624 2366 782 2420 Vers.
810 2363 895 2418 39.
930 2363 1641 2433 Etingressus—dormit.
1671 2361 1935 2417 Primum
1960 2359 2206 2433 quidem
2395 2379 2494 2430 χαί
2551 2372 2791 2427 “mea.”
2849 2401 2917 2411 _
2986 2364 3249 2421 καθεύδει.
3312 2368 3435 2421 Εἷπε
3496 2374 3668 2431 τοῦτο,
3742 2374 3925 2441 πρῶτα

553 2454 668 2511 hoc
714 2452 881 2519 dixit,
945 2452 1240 2508 tristitiam
1282 2467 1491 2509 eorum
1542 2449 1936 2539 consolando.
1964 2448 2209 2539 Deinde

2321 2470 2429 2539 μὲν,
2497 2469 2589 2522 τὴν
2666 2461 2832 2517 λύπην
2922 2459 3092 2510 αὐτῶν
3171 2458 3654 2532 παραμυθούμενος·
3748 2458 3925 2507 ἔπειτα

555 2544 759 2615 etiam,
798 2545 962 2615 quod
997 2541 1109 2596 illis
1138 2540 1385 2614 quidem
1427 2546 1661 2596 mortua
1691 2544 1834 2603 erat,
1862 2537 1974 2596 sibi
2008 2544 2209 2596 autem

2321 2537 2408 2607 καὶ
2457 2549 2749 2613 διδάσκων,
2797 2550 2877 2601 ὅτι
2915 2545 3038 2621 παρ’
3105 2544 3314 2608 έκείνοις
3517 2546 3747 2615 τέθνηκε,
3800 2544 3922 2619 παρ’

554 2631 892 2690 dormiebat
931 2647 943 2686 :
993 2629 1072 2685 illi
1102 2645 1364 2702 namque
1395 2629 1676 2684 suscitare
1706 2644 1838 2684 eam
1884 2643 2003 2683 non
2048 2634 2211 2701 pote-

2321 2644 2461 2714 αύτῷ
2520 2639 2578 2695 δέ
2625 2645 2895 2711 κοιμᾶται·
2961 2640 3049 2688 καὶ
3090 2638 3191 2711 γὰρ
3242 2634 3425 2687 ἐκεῖνοι
3475 2637 3586 2707 μὶν,
3647 2633 3741 2686 ούκ
3791 2630 3925 2691 ἠδύ-

554 2727 708 2787 rant,
750 2721 879 2792 ipse
922 2733 1059 2773 vero
1090 2717 1408 2791 perfacile:
1443 2718 1709 2773 tribuens
1747 2722 2035 2790 praeterea
2074 2734 2212 2775 con-

2321 2752 2469 2786 ναντο
2535 2730 2835 2787 ἀναστῆσαι
2892 2728 3107 2783 ταύτηνο
3182 2723 3337 2786 αύτός
3406 2720 3466 2777 δέ
3530 2728 3621 2776 καὶ
3667 2722 3920 2796 μάλιστα·

556 2810 881 2874 ﬁdentiam,
922 2808 1087 2879 quod
1114 2811 1365 2862 mortem
1408 2807 1577 2879 quasi
1608 2821 1886 2863 somnum
1925 2806 2208 2878 abigeret,

2321 2820 2433 2877 εἶτα
2486 2825 2575 2872 καὶ
2636 2814 2823 2877 διδούς
2874 2811 3075 2889 θαρρείν
3134 2813 3245 2885 (46)
3301 2815 3381 2865 ὅτι
3454 2814 3688 2884 καθάπερ
3765 2815 3925 2865 ὕπνον

556 2903 761 2972 utpote
788 2896 997 2953 mortis
1026 2912 1095 2952 ac
1134 2895 1267 2952 vitm
1292 2896 1596 2953 Dominus.

2323 2910 2566 2963 ἀπελάσει
2620 2912 2705 2961 τόν
2766 2908 3000 2968 θάνατον,
3052 2906 3119 2965 ὡς
3179 2904 3367 2975 Κύριος
3417 2904 3659 2967 θανάτου,
3715 2921 3807 2953 και
3855 2904 3924 2962 ὡς

2244 3005 2285 3062 C
2322 3002 2454 3063 ζωή.

2393 3094 2493 3143 Καὶ
2543 3084 2825 3157 κατεγέλων
2892 3082 3080 3137 αὐτοῦ.
3170 3080 3258 3143 Ὠς
3337 3080 3570 3151 λέγοντος
3651 3075 3925 3132 καθεύδειν

2318 3184 2411 3239 τὴν
2465 3180 2792 3243 τεθνηκυῖαν,
2851 3168 3052 3233 εἰδότος
3108 3172 3188 3223 ὅτι
3254 3169 3521 3238 ἀπέθανεν,
3554 3170 3671 3229 ὡςό
3722 3174 3925 3229 Λουκᾶς

2322 3270 2474 3322 εἶπεν.
2533 3264 2799 3321 ⁹εϐούλετο
2856 3259 2914 3315 δι
2960 3266 3049 3314 καὶ
3104 3260 3257 3321 αὐτὸς
3311 3258 3788 3331 καταγελασθῆναι,
3844 3258 3927 3310 ἶνα

2320 3363 2410 3410 καὶ
2456 3358 2504 3409 οἱ
2556 3352 2777 3412 αύληταὶ
2819 3355 2909 3404 καὶ
2966 3352 2991 3402 ό
3028 3348 3346 3420 κατάγελως,
3412 3353 3502 3401 καὶ
3559 3351 3624 3400 τόι
3682 3354 3923 3411 τοιαῦτα,

2324 3450 2492 3519 σαφὴς
2550 3442 2643 3497 εἶεν
2702 3437 2965 3503 ἀπόδειξις
3019 3447 3111 3491 τοῦ
3171 3441 3467 3496 τεθνηκέναι
3519 3440 3577 3489 τό
3656 3439 3925 3509 κοράσιον,

2321 3540 2410 3587 καὶ
2440 3530 2627 3607 μηδεὶς
2656 3533 2868 3603 ὕστερον
2910 3527 3157 3587 δυνηθείη
3212 3527 3399 3600 λέγειν,
3448 3528 3524 3579 ὅτι
3582 3526 3640 3578 ού
3690 3528 3926 3583 τέθνηκε·

2323 3620 2417 3676 διὰ
2460 3630 2610 3675 τούτο
2655 3624 2756 3695 γὰρ
2790 3624 2880 3671 καὶ
2936 3626 3008 3689 τῷ
3058 3619 3193 3669 κατὰ
3238 3620 3331 3674 τὴν
3375 3614 3657 3689 αἰμορρόυν
3699 3617 3930 3686 θαύματι

2323 3708 2671 3786 ένεϐράδυνεν·
2732 3710 2815 3761 ἶνα
2880 3703 3158 3782 προδήλως
3227 3708 3287 3758 τὸ
3360 3701 3575 3757 παιδίον
3664 3703 3925 3775 ἀποθάνῃ,

2323 3807 2413 3854 καὶ
2447 3801 2784 3872 εἰσωεχθὼσι
2957 3797 3005 3849 οἱ
3049 3794 3291 3863 αὐληταὶ,
3322 3798 3571 3866 γένωνται
3626 3789 3682 3845 δε
3722 3796 3810 3843 καὶ
3854 3793 3925 3842 τὰ

2326 3890 2458 3954 έξης-

631 3130 794 3184 Vers.
831 3132 917 3184 40.
961 3127 1033 3183 Et
1061 3128 1388 3184 irridebanl
1427 3144 1579 3185 eum.
1609 3129 1788 3194 Quasi
1829 3130 2088 3186 dormire
2126 3130 2213 3186 di-

559 3225 788 3277 centem
819 3217 977 3273 illam
1005 3234 1140 3288 qua:
1166 3225 1399 3273 mortua
1415 3225 1560 3285 erat,
1590 3220 1841 3275 scientes
1866 3219 2025 3291 quod
2054 3235 2210 3276 mor-

558 3313 661 3367 tua
694 3313 804 3373 est,
840 3307 990 3363 sicut
1017 3307 1156 3363 dicit
1197 3308 1383 3363 Lucas
1427 3308 1496 3363 ⁸³.
1529 3306 1724 3364 Voluit
1750 3314 1953 3365 autem
1992 3315 2047 3365 et
2084 3309 2212 3381 ipse

557 3397 810 3465 irrideri,
853 3401 916 3452 ut
951 3401 1009 3452 et
1047 3396 1318 3452 tibicines
1355 3401 1413 3453 et
1450 3397 1554 3469 qui
1592 3397 1934 3467 irrisissent,
1974 3397 2213 3471 aliaque

558 3486 797 3555 similia,
821 3484 1252 3542 demonstratio
1276 3483 1483 3541 ﬁerent
1504 3486 1843 3553 manifesta,
1865 3487 2028 3560 quod
2058 3502 2216 3543 mor-

558 3580 660 3634 tua
714 3574 917 3631 fuisset
964 3573 1184 3645 puella,
1235 3588 1341 3629 nec
1395 3579 1598 3646 posset
1643 3574 1839 3631 dicere
1890 3576 2214 3648 quisquam

559 3662 969 3737 postmodum,
991 3659 1157 3733 quod
1182 3665 1417 3716 mortua
1444 3677 1563 3717 non
1586 3660 1781 3717 fuerit.
1802 3665 1947 3718 Nam
1978 3668 2217 3735 propter

558 3752 674 3808 hoc
693 3765 937 3822 quoque
958 3748 1317 3805 immoratus
1331 3753 1420 3805 est
1434 3748 1589 3806 circa
1609 3750 1969 3807 miraculum
1989 3750 2213 3808 factum

557 3840 621 3897 in
659 3838 926 3904 muliere,
958 3852 1095 3909 quas
1129 3837 1443 3907 sanguinis
1471 3837 1703 3895 ﬂuxum
1736 3838 2066 3911 patiebatur
2098 3859 2111 3898 :
2157 3847 2218 3896 ut

562 3926 873 3985 manifeste
891 3926 1085 3998 puella
1103 3932 1452 3991 moreretur.
1475 3932 1533 3983 et
1559 3927 1827 3985 tibicines
1839 3927 2216 4000 inferrentur,

561 4021 893 4090 casteraque
925 4031 1034 4071 suo
1072 4016 1282 4071 ﬁerent
1310 4014 1540 4072 ordine.

632 4106 793 4163 Vers.
822 4108 913 4162 40.
945 4104 1022 4160 Et
1048 4104 1244 4175 ejectis
1272 4104 1541 4161 omnibus
1574 4136 1638 4146 —
1663 4121 1870 4179 eosque
1893 4109 1997 4180 qui
2018 4123 2215 4165 secum

2395 4111 2453 4163 '0
2508 4107 2567 4163 δε
2616 4108 2843 4162 ἐκϐαλὼν
2895 4109 3093 4169 πάντας
3140 4137 3210 4147 -
3265 4109 3355 4158 καὶ
3404 4108 3521 4166 τούς
3572 4103 3684 4157 πετ⁹
3751 4101 3935 4157 αὐτοῦ.

559 4202 755 4255 eram.
795 4197 907 4251 Eos
945 4194 1047 4267 qui
1079 4209 1285 4250 secum
1316 4195 1571 4266 ingressi
1602 4201 1788 4253 erant.
1832 4197 1981 4255 Dicit
2016 4204 2215 4255 autem

2325 4205 2458 4263 Τοὺς
2506 4200 2617 4273 μετ’
2647 4199 2807 4251 αὐτοῦ
2855 4196 3298 4260 συνεισελθόντας,
3341 4194 3477 4266 λέγει
3508 4190 3569 4246 δε
3617 4196 3811 4265 Πέτρον
3841 4194 3937 4243 καὶ

560 4287 818 4348 Petrum,
858 4284 1153 4341 Iacobum
1192 4289 1248 4341 et
1292 4284 1608 4342 Joannem.
1650 4285 1879 4343 Patrem
1920 4288 2215 4361 siquidem

2328 4289 2569 4345 Ἰάκωϐον
2626 4294 2716 4341 καὶ
2778 4289 3038 4345 Ἰωάννην.
3110 4289 3208 4338 Τόν
3265 4289 3356 4357 μεν
3428 4284 3515 4336 οὖν
3571 4286 3772 4355 πατέρα
3842 4285 3935 4333 καὶ

560 4382 930 4449 matremque
952 4374 1180 4447 puellae,
1202 4373 1470 4430 miraculi
1491 4380 1846 4447 spectatores
1865 4359 2215 4450 assumpsit,

2327 4385 2419 4439 τὴν
2472 4383 2671 4453 μητέρα
2722 4385 2815 4437 τῆς
2871 4382 3031 4449 κόρης
3089 4373 3345 4448 παρελαϐε
3398 4375 3583 4434 θεατὰς
3640 4378 3732 4424 τοῦ
3808 4373 3936 4423 θαύο

557 4470 849 4539 tanquam
862 4464 1077 4537 puellm
1105 4465 1299 4537 magis
1320 4464 1683 4521 domesticos
1704 4481 1717 4533 ;
1741 4466 2066 4538 discipulos
2079 4482 2215 4524 vero

2325 4487 2489 4543 ματος
2549 4470 2618 4530 ὡς
2673 4467 2891 4526 οἰκεέούς
2957 4465 3141 4537 έκεένῄ’
3216 4468 3335 4526 τοὺς
3406 4458 3466 4515 δε
3542 4462 3805 4533 μαθητὰς,
3861 4461 3938 4521 ὡς

557 4559 853 4628 tanquam
881 4554 1130 4625 sibiipsi
1155 4554 1351 4623 magis
1375 4553 1713 4610 familiares.
1745 4556 1999 4612 Caeteros
2018 4562 2215 4612 autem

2328 4557 2543 4618 οἰκείους
2600 4557 2784 4627 ἑαυτῷ·
2856 4557 2971 4615 τοὺς
3028 4553 3212 4614 ἄλλους
3285 4549 3345 4605 δι
3416 4553 3615 4612 πάντας
3702 4546 3933 4620 ἐξέϐαλε,

560 4658 773 4699 omnes
811 4641 1001 4712 ejecit,
1041 4641 1278 4713 fugiens
1316 4656 1526 4698 eorum
1565 4642 1830 4700 laudem.
1872 4645 2017 4699 Cum
2054 4645 2215 4702 enim

2329 4650 2526 4721 φεύγων
2592 4649 2679 4699 τόν
2717 4644 2841 4719 παρ’
2930 4642 3097 4695 αὐτῶν
3174 4644 3399 4695 ἔπαινον.
3490 4634 3760 4693 Οὐδέποτε
3828 4639 3937 4712 γὰρ

560 4746 874 4801 nunquam
918 4733 1033 4787 tale
1062 4730 1379 4802 quidpiam
1410 4731 1477 4803 (t)
1510 4731 1816 4799 vidissent,
1864 4734 2215 4806 applausuri

2327 4744 2561 4790 τοιοῦτον
2622 4732 2834 4794 ἰδόντες.
2886 4732 3088 4806 ἔμελλον
3140 4731 3294 4785 αύτόν
3340 4736 3601 4803 κροτῆσαι
3648 4732 3742 4780 καὶ
3780 4728 3943 4801 ύπερο

563 4825 753 4885 erant,
784 4823 841 4875 et
868 4833 1053 4890 supra
1080 4819 1332 4875 modum
1363 4819 1685 4877 laudaturi.

2331 4832 2536 4899 ευφημῆ
2545 4844 2658 4878 σαι.

635 4909 799 4964 Vers.
817 4909 907 4963 40.
925 4907 997 4961 Et
1013 4908 1347 4981 ingreditur
1360 4939 1430 4951 —
1443 4910 1599 4967 Vers.
1614 4912 1701 4967 42.
1721 4912 2090 4971 ambulabat.
2108 4915 2215 4988 Ap-

2404 4916 2509 4972 Καὶ
2561 4914 2916 4989 εἰσπορεύεται
2969 4943 3038 4954 -
3091 4911 3207 4983 (47)
3253 4909 3575 4985 περιεπάτει.
3645 4904 3947 4980 Ἐκρᾶιτησε

636 5033 684 5070 ⁵³
713 5032 849 5089 Luc.
885 5048 1003 5101 vui,
1032 5035 1129 5091 53.

1769 5162 1996 5233 Variae
2023 5164 2351 5235 lectiones
2380 5175 2447 5233 et
2484 5173 2687 5233 notae.

660 5302 750 5379 ιθ)
780 5299 1247 5379 οςρῥςῖνηαδοει.
1279 5300 1348 5354 Α.
1482 5374 1528 5379 __
1768 5378 1773 5379 ί
1935 5376 1967 5379 η
2098 5378 2107 5379 ί

2334 5307 2572 5372 Graecis,
2604 5320 2783 5379 quam
2806 5302 3065 5379 Latinis.
3091 5303 3229 5365 Quae
3248 5317 3384 5379 vero
3416 5302 3555 5379 sunt
3581 5298 3693 5379 ista
3706 5300 3952 5379 vetusta

660 5370 1123 5451 £7)_Alientenius
1161 5370 1241 5428 ad
1277 5385 1430 5451 vers.
1470 5374 1550 5451 4t
1578 5378 1786 5451 monet
1836 5376 2223 5436 scribendum
2332 5370 2696 5451 exemplai-ia
2724 5377 2751 5433 τ
2786 5375 2937 5451 Alibi
2990 5379 3287 5433 memorat
3329 5371 3822 5447 Complutensem
3883 5374 3951 5429 et

564 5442 965 5526 esse_taliaths,
997 5442 1240 5526 addens
1264 5458 1278 5500 :
1304 5443 2229 5526 Atquehocmodascriptumin-
2334 5442 2703 5508 Erasinicam
2730 5447 3081 5506 editionem.

564 5519 803 5580 venitur
846 5517 912 5574 in
957 5515 1266 5573 nonnullis
1303 5515 1544 5573 vetustis
1590 5515 2053 5591 exemplaribus,
2102 5529 2229 5581 tam

635 5643 704 5717 (ι’)
760 5641 900 5699 Tale
947 5637 1274 5713 quidpiam.
1328 5637 1564 5699 Videtur
1614 5656 1755 5716 ergo
1782 5643 2003 5716 legisse
2033 5647 2267 5702 τοιοῦτόν
2293 5666 2367 5715 τι,
2397 5646 2561 5722 quod
2591 5661 2704 5706 nec
2757 5644 2905 5704 mihi
2958 5642 3252 5719 displicet.
3311 5642 3507 5718 Supra
3566 5640 3813 5701 advers.
3873 5641 3953 5698 35

567 5732 643 5795 de
760 5729 970 5789 eadem
1000 5733 1111 5796 est,
1144 5726 1381 5783 τοιοῦτον
1410 5731 1607 5805 θαῦμα.
