4188 6426
549 309 655 369 803
1905 315 2191 381 auram

2306 321 2641 391 ZIGABENI
3812 348 3925 407 804

548 453 668 537 non
683 442 908 537 posset.
924 440 1200 498 Nondum
1226 443 1387 501 enim
1418 445 1639 503 factum
1666 448 1745 505 ab
1761 464 1834 505 eo
1848 449 2191 521 hujusmodi

2311 456 2486 525 νεκρὸν
2516 457 2575 509 ού
2605 454 2848 513 δύναται.
2883 461 3043 515 Ούπω
3067 465 3168 537 γὰρ
3201 462 3341 517 εἶδον
3378 473 3613 523 τοιοῦτον
3642 471 3727 525 ὑπ’
3755 474 3925 529 αὐτοῦ

548 527 902 584 miraculum
936 530 1226 587 viderant.
1260 533 1521 607 Ideoque
1547 536 1827 595 dicebant
1862 557 1875 592 :
1906 539 2069 596 [vilia
2101 546 2191 596 tua

2315 544 2491 638 θαῦμα
2529 554 2883 621 γεγενημένον.
2921 556 3008 607 Διό
3057 527 3147 605 λέαὲ
3201 550 3367 612 εἶπον.
3417 555 3476 609 Ἠ
3527 561 3765 635 θυγάτηρ
3813 527 3924 638 σύμ

547 624 784 673 mortua
813 624 914 684 est,
937 619 1078 691 quid
1091 621 1288 679 adhuc
1310 639 1486 681 vexas
1502 627 1871 698 Magistrum,
1896 643 2035 685 cum
2066 645 2191 686 eam

2313 630 2550 701 ἀπέθανε,
2578 641 2629 687 τί
2659 619 2733 690 ἔτι
2765 639 2999 701 σκύλλεις
3030 645 3117 694 τόν
3147 638 3183 695 δ
3189 639 3497 707 ιδάσκαλον.
3530 619 3923 725 μὴ’δυνάμενδν

545 721 667 763 non
698 710 889 778 possit
917 710 1201 767 suscitare
1224 714 1252 769 ?

617 796 782 852 Vers.
823 801 910 854 36.
950 798 1118 855 Iesus
1152 808 1350 859 autem
1397 834 1467 844 —
1505 806 1685 863 crede.
1728 808 1995 878 Cognito,
2037 808 2203 881 quod

545 885 1061 959 archisynagogus
1093 889 1248 946 circa
1277 892 1457 948 tidem
1499 894 1816 961 dubitaret,
1853 903 2054 969 utpote
2083 914 2204 953 ser-

543 975 827 1031 monibus
865 976 1100 1033 illorum
1143 980 1443 1047 seductus,
1474 983 1765 1040 confortat
1803 1002 1961 1053 eum,
2006 1003 2077 1043 ac
2116 1002 2202 1042 re-

545 1062 701 1119 fovet
728 1064 870 1120 ﬁdei
903 1064 1061 1120 illius
1093 1066 1577 1127 imbecillitatem.

614 1169 776 1227 Vers.
809 1171 897 1228 37.
927 1174 991 1227 Et
1023 1189 1139 1229 non
1170 1207 1237 1215 —
1265 1176 1483 1233 Jacobi.
1529 1179 1695 1235 Solos
1725 1180 1838 1237 hos
1863 1182 2015 1237 inter
2045 1182 2199 1239 alios

544 1258 866 1332 discipulos
878 1265 1295 1336 coassumpsit,
1312 1267 1479 1338 quasi
1493 1269 1717 1323 cmteris
1734 1270 2195 1340 praestantiores.

544 1348 695 1405 Nam
725 1353 781 1406 et
810 1350 871 1405 in
899 1367 1009 1407 sua
1039 1350 1549 1424 transﬁguratione
1578 1356 1739 1414 solos
1766 1358 1877 1414 hos
1910 1364 2198 1432 spectato.

542 1452 637 1494 res
667 1454 873 1495 secum
905 1442 1253 1513 assumpsit.

615 1529 825 1637 Quaere
862 1528 1042 1637 etiam
1072 1530 1368 1589 tricesimo
1397 1538 1631 1637 .quarto.
1651 1535 1845 1608 capite
1892 1536 2193 1607 Evangelii
2234 1582 2275 1637 Β

537 1615 710 1689 juxta
738 1616 1073 1675 Matthmum
1097 1634 1335 1686 causas,
1355 1621 1434 1677 ob
1446 1622 1757 1695 quasistos
1784 1631 2193 1697 prmponeret:

542 1707 599 1759 et
636 1708 849 1775 printer
887 1703 1019 1760 illas
1049 1708 1227 1762 etiam
1257 1708 1616 1780 prmferebat
1643 1726 1766 1777 eos,
1801 1716 1865 1768 ut
1904 1718 1961 1769 et
2002 1713 2193 1770 cmteri

538 1792 687 1851 tales
716 1792 867 1850 eﬂici
899 1801 1276 1853 conarentur.

614 1901 776 1957 Vers.
806 1904 894 1957 38.
920 1901 999 1958 Et
1026 1905 1185 1961 venit
1216 1934 1284 1946 --
1310 1907 1677 1980 multumque
1706 1908 2017 1978 ejulantes.
2042 1910 2194 1966 Tibi-

540 1989 703 2045 cines
733 1988 1077 2047 luctuosum
1108 1998 1351 2050 cantum
1370 1995 1697 2067 pulsabant
1716 1998 1948 2070 (quihis
1979 1998 2195 2056 dicitur

538 2077 814 2149 ejulatus,
855 2094 1209 2152 quanquam
1252 2085 1487 2156 prOprie
1516 2084 1810 2151 ἀλαλάζειν,
1852 2092 1943 2145 est
1983 2104 2191 2161 perpe-

2313 722 2474 780 αὐτὴν
2503 726 2701 784 οἴνας-τῆ
2713 746 2800 779 σαι
2821 745 2835 795 ;

2381 812 2440 867 ’0
2472 810 2532 866 δε
2564 815 2769 877 Ἰησοῦς
2806 849 2874 857 -
2903 823 3134 872 πίστευε.
3170 826 3328 885 Γνοὺς
3356 827 3442 876 τὸν
3475 824 3922 903 ἀρχισυνάγωγον

2312 898 2664 972 ἀμϐλυνθέντα
2705 912 2823 981 περὶ
2877 912 2970 965 την
3000 914 3199 975 πίστιν,
3247 910 3333 964 οἶα
3365 920 3773 988 συναπαχθέντα
3806 930 3922 985 τοῖς

2309 988 2479 1061 λόγοις
2505 994 2692 1055 αὐτῶν,
2729 994 3053 1071 έπιθαρρύνει
3081 1005 3172 1052 καὶ
3200 999 3486 1056 ἀνακτάται
3512 1012 3605 1064 τὴν
3648 1008 3920 1064 ἀσθένειαν

2309 1088 2397 1140 τῆς
2419 1081 2579 1133 αὑτοῦ
2604 1088 2848 1146 πίστεως.

2382 1193 2482 1241 Kal
2533 1189 2627 1242 οὐκ
2682 1222 2749 1231 -
2798 1192 3069 1260 Ἰακώϐου,
3135 1198 3333 1260 Μόνους
3385 1202 3605 1265 τούτους
3656 1203 3757 1259 ἀπὸ
3813 1216 3919 1259 τῶν

2307 1277 2469 1330 ἄλλων
2498 1282 2745 1351 μαθητῶν
2781 1284 3191 1357 συμπαρέλαϐεν,
3225 1289 3295 1350 ὡς
3322 1284 3740 1367 διαφορωτέρους
3791 1306 3921 1350 τῶνι

2306 1368 2491 1423 ἄλλων.
2550 1375 2649 1423 Καὶ
2695 1374 2796 1444 γὰρ
2848 1378 2937 1424 καὶ
2990 1373 3072 1425 έπὶ
3122 1383 3212 1436 τῆς
3253 1386 3699 1453 μεταμορφώσεως
3727 1385 3913 1458 αὐτοῦ,

2306 1462 2494 1529 μόνους
2522 1463 2735 1523 τούτους
2776 1461 3029 1537 παρέλαϐε
3061 1465 3264 1527 θεατας.

2380 1553 2480 1601 Καὶ
2530 1552 2760 1611 ζήτησον
2800 1549 2848 1602 έν
2904 1559 2977 1621 τῷ
3023 1562 3323 1625 τριακοστῷ
3370 1560 3597 1632 τετὰρτῳ
3648 1563 3915 1637 κεφαλαίῳ

2305 1646 2396 1690 τοῦ
2423 1642 2558 1691 κατὰ
2583 1641 2850 1693 Ματθαῖον
2880 1642 2973 1702 τὰς
3010 1641 3173 1703 αἰτίας
3202 1652 3297 1707 τῆς
3322 1654 3546 1719 προτιλαή
3557 1668 3681 1711 σεως
3710 1651 3908 1705 αὐτῶν.

2308 1733 2570 1801 Προετίμα
2632 1726 2691 1781 δε
2768 1731 2998 1795 τούτους,
3068 1732 3152 1783 ἶνα
3200 1738 3291 1785 καὶ
3368 1737 3417 1787 οἱ
3466 1736 3604 1790 ἄλλοι
3676 1746 3904 1792 τοιοῦτοι

2304 1822 2566 1890 γένωνται.

2377 1913 2479 1961 Καὶ
2510 1910 2724 1982 ἔρχεται
2752 1938 2816 1947 -
2842 1912 2933 1959 καὶ
2966 1906 3310 1970 ἀλαλάζοντας
3329 1910 3505 1964 πολλά.
3528 1911 3812 1976 Ἠλάλαζον
3844 1918 3897 1968 οἱ

2304 1997 2548 2064 αύληταὶ,
2580 2002 2697 2072 περὶ
2722 1997 2789 2047 ὧν
2815 1997 3091 2070 εἰρήκαμεν
3115 1996 3162 2050 έν
3184 2006 3256 2069 τῷ
3275 1996 3616 2073 ἑξκαιδεκάτῳ
3636 2003 3903 2076 κεφαλαίῳ

2302 2094 2395 2142 τοῦ
2432 2090 2566 2139 κατά
2597 2089 2879 2139 Ματθαῖον.

538 2171 642 2224 tuo
700 2167 898 2224 sonitu
956 2174 1215 2242 strepere
1268 2186 1337 2228 ac
1377 2173 1592 2230 tinnire
1634 2191 1647 2229 :
1690 2190 1838 2233 sono
1877 2192 2093 2233 sonum
2132 2178 2480 2251 excipiente,
2523 2175 3040 2248 quemadmodum
3082 2176 3143 2231 ﬁl
3196 2175 3255 2232 in
3318 2176 3633 2245 lebelibus)
3688 2180 3765 2236 de
3816 2181 3912 2237 his

536 2256 799 2313 diximus
828 2256 1064 2321 decimo
1093 2264 1259 2316 sexto
1285 2262 1457 2331 juxta
1488 2263 1827 2321 Matthmum
1859 2266 2074 2337 capite.

607 2348 766 2402 Vers.
793 2347 879 2401 39.
912 2348 986 2403 Et
1000 2349 1624 2419 ingressus—dormit.
1654 2352 1919 2410 Primum
1943 2354 2189 2426 quidem

535 2435 651 2492 hoc
697 2435 863 2503 dixit,
928 2436 1222 2494 tristitiam
1264 2454 1473 2497 eorum
1525 2442 1919 2499 consolando.
1968 2443 2191 2501 Deinde

536 2526 740 2595 etiam,
780 2528 943 2598 quod
979 2526 1091 2581 illis
1120 2527 1366 2600 quidem
1410 2536 1642 2586 mortua
1673 2536 1816 2596 erat,
1844 2530 1956 2589 sibi
1990 2538 2191 2591 autem

535 2614 873 2671 dormiebat
911 2630 923 2670 :
973 2614 1052 2670 illi
1082 2631 1345 2689 namque
1375 2620 1657 2674 suscitare
1687 2635 1819 2676 eam
1864 2636 1984 2676 non
2029 2629 2192 2695 pote-

534 2709 688 2769 rant,
730 2703 859 2774 ipse
902 2718 1039 2757 vero
1070 2704 1387 2777 perfacile:
1423 2707 1689 2764 tribuens
1728 2714 2015 2782 praterea
2053 2728 2191 2770 con-

535 2791 859 2857 ﬁdentiam,
901 2793 1067 2864 quod
1093 2798 1345 2850 mortem
1387 2797 1556 2867 quasi
1587 2813 1865 2855 somnum
1904 2800 2187 2872 abigeret,

534 2885 739 2953 utpote
766 2880 975 2936 mortis
1003 2896 1074 2937 ac
1112 2881 1245 2939 vitae
1270 2884 1574 2942 Dominus.

606 3111 770 3167 Vers.
807 3115 894 3167 40.
937 3112 1011 3167 Et
1038 3114 1365 3172 irridebant
1403 3132 1555 3175 eum.
1586 3121 1765 3185 Quasi
1805 3122 2064 3180 dormire
2102 3125 2189 3181 di-

533 3206 764 3257 centem
794 3201 952 3257 illam
980 3219 1116 3273 quae
1141 3213 1375 3261 mortua
1391 3214 1536 3274 erat,
1566 3210 1816 3267 scientes
1841 3213 2001 3283 quod
2029 3230 2185 3271 mor-

532 3294 635 3348 tua
668 3295 778 3356 est,
815 3291 965 3347 sicut
992 3292 1131 3349 dicit
1171 3295 1358 3351 Lucas
1402 3297 1472 3352 ⁸³.
1504 3297 1699 3355 Voluit
1725 3307 1927 3357 autem
1966 3309 2022 3359 et
2058 3303 2187 3376 ipse

531 3379 783 3448 irrideri,
827 3385 889 3437 ut
925 3386 983 3437 et
1021 3381 1292 3439 tibicines
1329 3389 1388 3441 et
1424 3387 1528 3459 qui
1566 3387 1907 3460 irrisissent,
1948 3391 2187 3466 aliaque

530 3468 769 3539 similia,
794 3468 1225 3528 demonstratio
1249 3470 1457 3530 ﬂerent
1478 3476 1816 3545 manifesta,
1838 3481 2001 3553 quod
2031 3498 2189 3537 mor-

530 3561 632 3615 tua
686 3557 889 3614 fuisset
936 3559 1156 3630 puella,
1207 3575 1314 3617 nec
1368 3569 1570 3634 posset
1615 3565 1811 3622 dicere
1862 3569 2185 3642 quisquam

530 3646 941 3718 postmodum,
962 3645 1129 3719 quod
1153 3652 1389 3704 mortua
1415 3666 1534 3706 non
1558 3650 1752 3708 fuerit.
1772 3656 1918 3710 Nam
1949 3662 2188 3729 propter

529 3732 645 3789 hoc
664 3748 907 3805 quoque
929 3733 1287 3797 immoratus
1302 3741 1391 3792 est
1404 3737 1559 3795 circa
1578 3739 1939 3799 miraculum
1959 3743 2184 3802 factum

527 3822 590 3877 in
628 3821 895 3887 muliere,
927 3837 1065 3893 quas
1098 3824 1412 3893 sanguinis
1440 3826 1673 3885 ﬂuxum
1705 3830 2036 3901 patiebatur
2068 3854 2081 3893 :
2127 3842 2188 3892 ut

529 3908 841 3966 manifeste
859 3910 1053 3981 puella
1072 3919 1421 3981 moreretur,
1443 3921 1501 3973 et
1528 3917 1796 3976 tibicines
1808 3920 2185 3995 inferrentur,

529 4002 860 4072 ceeteraque
893 4016 1001 4055 suo
1040 4002 1249 4058 ﬁerent
1278 4003 1508 4061 ordine.

598 4087 759 4144 Vers.
790 4091 880 4145 40.
911 4089 989 4144 Et
1014 4090 1211 4160 ejectis
1240 4092 1508 4151 omnibus
1540 4127 1605 4137 —
1631 4112 1837 4171 eosque
1860 4103 1965 4173 qui
1986 4118 2184 4160 secum

525 4184 721 4245 erant.
761 4181 873 4235 Eos
911 4179 1014 4252 qui
1045 4195 1251 4237 secum
1282 4182 1537 4254 ingressi
1569 4194 1754 4245 erant.
1798 4190 1948 4249 Dicit
1983 4198 2183 4250 autem

526 4267 784 4332 Petrum,
824 4269 1118 4327 Iacobum
1158 4277 1214 4328 et
1258 4272 1574 4330 Joannem.
1616 4276 1844 4336 Patrem
1886 4281 2185 4355 siquidem

2378 2377 2477 2427 Καί
2534 2371 2775 2426 εἰσελθὼν
2832 2403 2901 2413 —-
2969 2368 3233 2424 καθεύδει.
3295 2374 3419 2426 Εἶπε
3478 2382 3650 2440 τοῦτο,
3724 2384 3910 2451 πρῶτα

2301 2466 2411 2535 μὲν,
2479 2467 2572 2520 την
2648 2460 2814 2518 λύπην
2904 2461 3075 2512 αὐτῶν
3154 2464 3637 2536 παραμυθούμενος·
3730 2468 3909 2517 ἔπειτα

2299 2556 2389 2604 καὶ
2438 2547 2731 2613 διδάσκων,
2778 2550 2859 2601 ὅτι
2896 2548 3020 2623 παρ’
3087 2548 3295 2613 ἕκείνοις
3498 2554 3727 2625 τέθνηκε,
3778 2554 3906 2629 παρ’

2301 2641 2441 2711 αύτῷ
2500 2637 2559 2694 δέ
2606 2646 2876 2711 κοιμᾶταυ
2942 2643 3030 2691 καὶ
3072 2641 3173 2715 γὰρ
3224 2638 3406 2694 ἐκεῖνοι
3456 2644 3567 2714 μεν,
3628 2642 3721 2695 ούκ
3770 2640 3907 2701 ἡδύ-

2298 2750 2448 2783 ναντο
2515 2728 2814 2787 ἀναστῆσαι
2872 2730 3087 2786 ταύτην·
3162 2728 3318 2792 αὐτὸς
3387 2726 3447 2783 δί
3510 2736 3600 2784 καὶ
3646 2732 3903 2805 μάλιστα-

2300 2817 2411 2875 εἶτα
2464 2823 2554 2871 καὶ
2614 2814 2803 2878 διδούς
2853 2814 3055 2892 θαρρεῖν
3113 2818 3225 2889 (46)
3280 2820 3361 2870 ὃτι
3434 2822 3666 2893 καθάπερ
3742 2825 3905 2875 ὕπνον

2301 2908 2545 2961 ἁπελάσει
2599 2912 2683 2960 τόν
2744 2909 2979 2971 θάνατον,
3031 2910 3098 2969 ὡς
3158 2910 3347 2981 Κύριος
3396 2910 3638 2975 θανάτου,
3693 2930 3784 2962 και
3830 2914 3904 2973 ὡς

2221 3001 2263 3058 C
2300 2998 2431 3060 ζωή.

2370 3092 2469 3141 Καὶ
2520 3084 2803 3157 κατεγέλων
2868 3084 3057 3141 αὐτοῦ.
3147 3084 3235 3147 Ὠς
3314 3085 3547 3157 λέγοντος
3627 3084 3903 3140 καθεύδειν

2294 3181 2387 3235 τὴν
2440 3178 2768 3243 τεθνηκυῖαν,
2827 3170 3028 3237 εἰδότος
3084 3176 3164 3227 ὅτι
3230 3174 3497 3245 ἆπέθανεν,
3529 3178 3647 3237 ὡςὸ
3697 3182 3903 3240 Λουκᾶς

2296 3267 2449 3319 εἶπεν.
2508 3263 2774 3319 Ἐϐούλετο
2831 3260 2890 3317 δί
2935 3268 3025 3317 καὶ
3080 3264 3233 3325 αὐτὸς
3286 3265 3761 3337 καταγελασθῆναι,
3817 3268 3903 3320 ἱνα

2294 3360 2384 3408 καὶ
2429 3356 2478 3407 οἱ
2530 3352 2751 3412 αὐληταὶ
2794 3357 2883 3405 καὶ
2940 3354 2965 3405 ὀ
3003 3352 3320 3424 κατάγελως,
3386 3359 3475 3407 καὶ
3533 3358 3598 3408 τὰ
3656 3363 3899 3422 τοιαῦτα,

2298 3448 2465 3515 σαφὴς
2523 3441 2617 3496 εἶεν
2675 3438 2939 3504 ἀπόδειξις
2992 3450 3085 3495 τοῦ
3144 3446 3441 3501 τεθνηκέναι
3492 3447 3550 3496 τό
3629 3448 3900 3518 κοράσιον,

2294 3537 2383 3584 καὶ
2411 3529 2600 3605 μηδεὶς
2628 3532 2841 3604 ὕστερον
2884 3529 3129 3590 δυνηθείη
3186 3531 3371 3604 λέγειν,
3420 3535 3497 3586 ὅτι
3554 3534 3613 3586 ού
3663 3536 3899 3593 τέθνηκε·

2296 3616 2388 3673 διὰ
2431 3629 2582 3673 τοῦτο
2628 3624 2728 3695 γὰρ
2762 3625 2852 3672 καὶ
2908 3628 2980 3691 τῷ
3030 3623 3165 3673 κατὰ
3209 3625 3303 3680 τὴν
3347 3621 3628 3696 αἱμορῥόυν
3670 3625 3904 3695 θαύματι

2294 3707 2643 3784 ένεϐράδυνεν·
2703 3710 2786 3761 ἶνα
2852 3706 3129 3784 προδήλως
3198 3713 3257 3762 τὸ
3331 3707 3546 3763 παιδίον
3635 3711 3899 3785 ἀποθάνῃ,

2293 3803 2383 3850 καὶ
2417 3798 2754 3871 εἰσενεχθῶσι
2927 3799 2975 3851 οἰ
3019 3797 3260 3867 αὐληταὶ,
3292 3804 3540 3871 γένωνται
3596 3796 3652 3853 δε
3692 3804 3779 3852 καὶ
3823 3804 3898 3853 τὰ

2296 3886 2428 3951 ἕξης.

2363 4108 2420 4161 ’0
2476 4105 2535 4162 δε
2582 4108 2810 4162 ἐκϐαλὼν
2862 4112 3062 4173 πάντας
3108 4141 3177 4151 -
3233 4115 3322 4164 καὶ
3371 4115 3489 4173 τούς
3540 4111 3651 4165 πετ⁹
3718 4110 3904 4169 αὑτοῦ.

2292 4202 2425 4261 Τοὺς
2472 4199 2584 4271 μετ’
2614 4200 2774 4252 αὑτοῦ
2822 4199 3264 4266 συνεισελθόντας,
3308 4199 3444 4272 λέγει
3475 4197 3537 4253 δι
3584 4205 3776 4273 Πέτρον
3806 4205 3905 4254 καὶ

2295 4287 2535 4342 Ἰάκωϐον
2592 4294 2682 4341 καὶ
2744 4291 3004 4347 Ἰωάννην.
3076 4293 3174 4342 Τὸν
3231 4294 3321 4362 μεν
3394 4290 3481 4343 οὖν
3537 4295 3737 4364 πατέρα
3805 4295 3902 4344 καὶ

525 4364 895 4433 matremque
917 4359 1145 4431 puellae,
1167 4361 1435 4418 miraculi
1456 4370 1811 4436 spectatores
1830 4373 2181 4445 assumpsit,

2297 4382 2383 4436 τὴν
2436 4382 2637 4451 μητέρα
2687 4386 2781 4439 τῆς
2836 4384 2996 4451 κόρης
3054 4355 3309 4452 παρέλαϐι
3363 4381 3549 4442 θεατὰς
3605 4355 3697 4432 τού
3772 4382 3901 4433 θαύ-

522 4451 813 4521 tanquam
826 4448 1041 4521 puellm
1069 4452 1264 4523 magis
1284 4450 1647 4511 domesticos
1668 4471 1682 4523 ;
1706 4456 2030 4531 discipulos
2044 4478 2181 4519 vero

520 4540 816 4611 tanquam
844 4537 1094 4611 sibiipsi
1118 4541 1313 4610 magis
1338 4541 1677 4600 familiares.
1709 4547 1962 4605 Caeteros
1981 4557 2182 4608 autem

522 4639 735 4681 omnes
773 4625 963 4696 ejecit,
1003 4626 1241 4700 fugiens
1278 4643 1489 4687 eorum
1527 4630 1793 4690 laudem.
1835 4638 1979 4693 Cum
2017 4641 2181 4697 enim

521 4728 836 4784 nunquam
879 4718 994 4771 tale
1023 4716 1340 4789 quidpiam
1371 4718 1438 4791 (t)
1472 4720 1778 4791 vidissent,
1827 4727 2183 4799 applausuri

523 4808 713 4868 erant,
745 4806 801 4859 et
829 4818 1013 4874 supra
1040 4806 1292 4862 modum
1323 4806 1646 4868 laudaturi.

595 4891 759 4947 Vers.
776 4893 866 4947 40.
884 4891 957 4946 Et
973 4892 1308 4966 ingreditur
1320 4926 1390 4938 —-
1404 4898 1559 4954 Vers.
1574 4902 1662 4957 42.
1681 4903 2051 4965 ambulabat.
2068 4910 2181 4983 Ap-

594 5014 643 5051 ⁸⁸
672 5014 808 5073 Luc.
843 5032 962 5085 vni,
991 5019 1088 5074 53.

2289 4485 2453 4540 ματος
2513 4469 2583 4529 ὡς
2638 4467 2855 4528 οἰκείούς
2920 4468 3105 4541 έκείνῄ·
3179 4472 3299 4531 τοὺς
3370 4465 3430 4521 δί
3506 4470 3767 4541 μαθητὰς,
3822 4471 3902 4533 ὡς

2291 4554 2506 4617 οἰκείους
2563 4556 2747 4627 ἑαυτῷ
2820 4560 2934 4618 τούς
2990 4556 3175 4618 ἄλλους
3249 4554 3309 4610 δε
3380 4560 3578 4619 πάντας
3666 4555 3895 4630 ἐξέϐαλε,

2291 4648 2489 4718 φεύγων
2554 4648 2642 4699 τόν
2679 4645 2804 4720 παρ’
2893 4644 3059 4698 αύτῶν
3137 4648 3361 4699 ἔπαινον.
3454 4642 3721 4700 Οὐδέποτε
3788 4648 3898 4723 γὰρ

2289 4743 2523 4787 τοιοῦτον
2584 4732 2797 4795 ἰδόντες.
2848 4734 3049 4808 ἔμελλον
3102 4735 3256 4789 αὐτόν
3301 4744 3563 4809 κροτῆσαι
3610 4741 3703 4789 καὶ
3741 4737 3903 4811 ὑπερ-

2292 4831 2619 4897 ευφημῆσαι.

2364 4913 2469 4969 Καὶ
2521 4914 2876 4990 ιίσπορεύεται
2929 4946 2998 4956 -
3050 4915 3166 4987 (47)
3213 4916 3535 4991 περιεπάτει.
3605 4912 3910 4989 Ἐκρᾶτησε

1728 5154 1955 5226 Variae
1982 5158 2309 5230 lectiones
2338 5173 2405 5231 et
2443 5172 2644 5232 notae.

617 5282 708 5428 46;
737 5280 979 5359 Θαρῥιῖν,
1014 5283 1204 5341 abest.
1236 5286 1305 5340 A.

617 5358 679 5411 47
726 5355 1080 5428 ᾉΗοιιιοῑιίιιξ
1116 5356 1197 5412 ad
1234 5372 1304 5413 ve

617 5355 1080 5431 £7)_AHentenius
1116 5356 1197 5412 ad
1234 5371 1386 5431 vers.
1426 5362 1490 5416 41
1534 5369 1737 5423 monet
1792 5369 2179 5431 scribendum

520 5426 922 5513 esse.tiiliatha,
954 5426 1195 5513 addens.
1220 5443 1234 5485 :
1260 5430 1775 5513 Atqueﬁocmodo
1787 5426 2184 5513 scripturn};-

520 5497 759 5558 venitur
802 5498 868 5555 in
913 5500 1221 5557 nonnullis
1258 5497 1499 5562 vetustis
1544 5497 2184 5583 exemplaﬁbrusftans

2291 5304 2529 5378 Graecis,
2561 5320 2739 5378 quam
2770 5304 3021 5378 Latinis.
3048 5306 3185 5368 Qua
3204 5322 3341 5365 vero
3372 5310 3511 5365 sunt
3537 5306 3648 5365 ista
3663 5309 3908 5369 vetusta

2288 5376 2707 5454 exemplaria?
2740 5376 2893 5454 _A_l_ibi
2946 5383 3243 5437 memorat
3285 5378 3775 5454 Complutensem
3838 5386 3907 5440 et

2289 5448 2657 5506 Erasmicam
2685 5448 3036 5507 editionem.

590 5622 659 5697 (i)
714 5622 855 5724 Tale
901 5622 1241 5724 quidpiam:
1280 5625 1517 5724 Videtur
1567 5647 1708 5708 ergo
1736 5635 1957 5708 legisse
1988 5643 2221 5698 τοιοῦτον
2246 5663 2320 5713 τι,
2350 5645 2515 5720 quod
2545 5661 2657 5706 nec
2710 5646 2857 5706 mihi
2911 5646 3205 5723 displicet.
3264 5647 3460 5724 Supra
3519 5648 3763 5708 advers.
3822 5651 3901 5708 35

521 5712 597 5775 de
712 5712 924 5774 eadem
954 5718 1065 5782 est,
1096 5714 1334 5772 τοιοῦτον
1362 5720 1559 5795 θαῦμα.

3942 6028 4188 6426 Δ
