4188 6442
262 348 373 408 805

1315 342 1694 408 COMMENT.
1741 341 1812 404 IN
1851 336 2177 405 MARCUM.
2222 380 2284 392 —
2327 344 2489 409 CAP.
2537 346 2634 411 VI.

3526 362 3631 420 806

264 484 361 536 τῆς
416 476 596 549 χειρὸς
664 473 825 535 αὐτῆς
883 478 974 527 καὶ
1029 473 1306 548 ἐφώνησεν,
1363 478 1445 529 ἱνα
1494 478 1525 535 ἡ
1586 472 1724 549 φωνὴ
1781 468 1870 546 μεν

2009 472 2295 531 ιτθὴευάἰι
2323 492 2574 533 manum
2607 478 2738 549 ejus
2768 483 2825 536 et
2852 482 3108 549 vocavit.
3140 488 3205 542 ut
3222 501 3337 544 vox
3361 488 3626 546 animam

264 564 559 639 ἱπιστρέψῃ
610 568 705 622 τήν
745 564 1024 637 οἰχομένην
1075 564 1283 638 ψυχὴν,
1313 568 1343 625 ἡ
1394 564 1453 619 δὲ
1494 570 1615 641 χεὶρ
1659 568 1870 637 συμπὴ-

266 653 329 727 ξῃ
364 657 423 705 τὸ
452 661 624 725 σῶμα.

342 742 414 796 Ἠ
467 746 557 794 καὶ
604 741 802 817 ἑτέρως,
850 742 1105 816 ἐκράτησε
1154 753 1247 807 τῆς
1297 749 1475 819 χειρὸς
1532 745 1715 809 αὐτῆς,
1770 741 1876 797 δει-

266 835 396 894 κνύς
440 836 517 884 ὅτι
568 836 659 884 καὶ
701 833 730 890 ἠ
771 838 1004 905 παναγία
1058 834 1191 908 σαρξ
1245 835 1404 887 αύτοῦ
1465 835 1708 896 ζωοποιεί
1754 838 1876 894 τούς

269 924 503 996 νεκρούς.

347 1010 443 1063 Ἦν
472 1029 574 1084 γαρ
625 1041 694 1049 -
739 1006 969 1066 δώδεκα.
1014 1008 1230 1072 Ἐπειδὴ
1277 1012 1490 1067 παιδίον
1534 1016 1638 1067 ἄνω
1680 1014 1874 1070 ταύτην

270 1099 431 1172 ἔλεγε,
462 1108 549 1152 νῦν
590 1100 866 1172 σαφηνίζει
890 1105 978 1154 καὶ
1007 1105 1093 1160 τὴν
1119 1101 1323 1161 ἠλικίαν
1353 1104 1535 1167 αὐτῆς.

349 1318 451 1368 Καὶ
524 1312 803 1377 ἐξέστησαν
864 1347 932 1357 —
991 1324 1098 1389 γνῷ
1157 1326 1330 1371 τοῦτο.
1395 1349 1463 1358 -
1528 1317 1872 1385 Διεστείλατο,

268 1402 384 1457 ἀντὶ
446 1410 561 1473 τοῦ,
611 1404 985 1479 Παρὴγγειλεν.
1036 1407 1188 1459 Οὕτω
1241 1409 1343 1482 γὰρ
1396 1404 1531 1461 εἶπεν
1578 1410 1606 1461 ὁ
1645 1414 1873 1471 Λουκᾶς.

268 1495 368 1547 Διὰ
417 1501 570 1546 τοῦτο
628 1495 730 1566 γὰρ
802 1500 893 1547 καὶ
957 1498 1079 1558 τούς
1149 1495 1329 1559 ἄλλους
1395 1497 1588 1559 πάντας
1655 1497 1873 1561 ἰξίϐαλε.

270 1588 552 1636 Γινώσκων
602 1579 663 1635 δὲ
710 1584 791 1635 ὅτι
836 1592 1113 1657 πανταχοῦ
1162 1582 1443 1661 δραμεῖται
1479 1595 1569 1641 τοῦ
1614 1590 1878 1660 Θαύματος

268 1673 297 1725 ὀ
350 1672 526 1744 λόγος’
578 1677 668 1726 καὶ
705 1675 805 1748 γάρ
860 1675 885 1725 ὁ
937 1677 1201 1738 Ματθαῖος
1257 1675 1411 1744 εἶπεν,
1466 1679 1548 1731 ὅτι
1594 1678 1799 1741 ἐξῆλθεν
1842 1679 1872 1736 ἠ

267 1767 418 1836 φήμη
472 1762 606 1821 αῦτη
661 1761 733 1824 εἰς
785 1762 904 1821 ὃλην
962 1768 1056 1822 τὴν
1093 1772 1193 1837 γῆν
1245 1768 1458 1825 εκείνην·
1510 1769 1643 1839 ὅμως
1689 1772 1745 1821 τὸ
1798 1768 1876 1820 οἰ-

267 1860 409 1904 κεῖον
453 1851 568 1922 (48)
599 1860 876 1923 πανταχοῦ
903 1861 1057 1907 ποιεῖ.

345 1945 452 1994 Καὶ
511 1936 620 1992 εἶπε
675 1970 743 1981 -
801 1949 998 2013 φαγεῖν.
1058 1949 1221 1997 Τοῦτο
1276 1948 1608 2020 προσέταξεν,
1669 1950 1753 2001 ἶνα
1803 1953 1875 2022 μὴ

276 2033 463 2103 φάσμα
493 2025 625 2103 δόξῃ
656 2033 861 2093 τούτοις
899 2034 930 2090 ἡ
976 2030 1271 2088 ἀναστᾶσα.
1315 2039 1409 2089 Διά
1436 2047 1589 2091 τοῦτο
1630 2042 1731 2114 γὰρ
1762 2035 1877 2092 οὐδ’

283 2120 437 2181 αὐτὸς
482 2116 712 2172 δίδωσιν
761 2121 892 2194 αὐτῇ
944 2131 1141 2196 φαγεῖν,
1186 2124 1314 2178 ἀλλὰ
1349 2134 1455 2188 τοῖς
1495 2136 1733 2199 γονεῦσιν
1771 2127 1877 2181 ἔπι-

288 2211 457 2280 τρὲπει
490 2216 641 2261 τοῦτο
667 2219 911 2271 ποιῆσαι.

362 2424 460 2473 Καὶ
504 2420 709 2484 ἐξῆλθεν
766 2454 832 2464 -
881 2423 961 2477 ἐπ’
1002 2425 1164 2497 αὐτῷ.
1220 2427 1501 2483 Ἐπιϐαίνει
1551 2439 1643 2493 τῆς
1693 2438 1877 2509 πατρί-

282 2504 388 2579 δος,
448 2510 543 2561 οὐκ
596 2510 810 2583 ἀγνοῶν,
864 2516 942 2567 ὃτι
987 2521 1473 2592 καταφρονήσουσιν
1534 2520 1714 2587 αύτοῦ,
1771 2522 1878 2576 ἀλλ’

272 2596 356 2650 ἵνα
415 2603 489 2670 μὴ
542 2595 801 2653 δύνωνται
851 2601 1010 2675 λέγειν
1062 2606 1297 2680 ὕστερον,
1359 2611 1439 2660 ὅτι
1490 2609 1584 2662 ούκ
1635 2608 1878 2676 ἐδίδαξεν

271 2686 480 2758 αὐτούς,
536 2688 648 2761 ἅμα
706 2687 767 2743 δε
816 2697 905 2744 καὶ
958 2695 1044 2745 τὸν
1103 2696 1285 2767 φθόνον
1352 2697 1518 2751 αὐτῶν
1573 2699 1874 2775 ἐξελέγχων.

269 2779 390 2828 Δίον
434 2780 537 2849 γὰρ
590 2784 799 2853 χαίρειν
839 2781 918 2833 in’
958 2781 1119 2853 αύτῷ,
1173 2793 1459 2858 κοσμοῦντι
1505 2794 1600 2848 τὴν
1645 2789 1882 2867 πατρίδα

272 2865 447 2917 αὐτῶν
514 2863 889 2930 διδασκαλίαις
944 2876 1035 2923 καὶ
1095 2874 1378 2946 θαύμασιν,
1446 2875 1882 2942 ἐσκανδαλίζοντο

273 2953 468 3027 μᾶλλον
522 2953 600 3008 ἔπ’
654 2956 794 3028 αύτῷ
850 2955 944 3011 διὰ
996 2964 1092 3019 τὴν
1152 2970 1244 3015 τοῦ
1288 2968 1465 3035 γένους
1522 2967 1683 3021 αύτοῦ
1740 2971 1884 3025 εύτί-

274 3042 438 3098 λειαν.

351 3136 422 3186 Τὸ
473 3129 553 3204 δέ,
608 3138 709 3187 Καὶ
748 3131 999 3207 δυνάμεις
1032 3146 1273 3193 τοιαῦται
1324 3145 1434 3215 (49)
1484 3141 1578 3199 διά
1633 3156 1735 3200 τῶν
1762 3169 1886 3222 χει-

277 3228 384 3295 ρῶν
450 3221 612 3274 αὐτοῦ
686 3227 933 3295 γίνονται,
1010 3225 1315 3282 ὶλλειπτικὸν
1396 3231 1562 3292 ἐστιν.
1645 3237 1888 3292 Ἐλλείπει

276 3312 382 3383 γὰρ
432 3313 514 3372 τὸ,
568 3314 747 3365 Πόθεν·
795 3314 922 3379 οἷον,
958 3321 1058 3369 Καὶ
1093 3320 1247 3371 πόθεν
1291 3316 1678 3397 δυνάμεις
1709 3335 1891 3379 τοιαῦ-

277 3418 369 3450 ται
396 3395 493 3451 διὰ
514 3408 616 3452 τῶν
646 3410 844 3476 χειρῶν
870 3403 1032 3457 αύτοῦ
1060 3411 1291 3478 γίνονται
1314 3425 1328 3476 ;

353 3491 576 3561 Εἴρηται
634 3486 693 3543 δε
740 3496 860 3559 περὶ
921 3496 1115 3547 τούτων
1166 3494 1215 3548 ἓν
1266 3505 1338 3568 τῷ
1380 3503 1595 3573 εἰκοστῷ
1668 3506 1887 3579 τετάρτῳ

276 3578 540 3650 κεφαλαίῳ
583 3586 676 3632 τοῦ
723 3584 861 3634 κατὰ
905 3585 1191 3656 Ματθαίον,
1248 3591 1378 3663 πρὸς
1425 3598 1498 3661 τῷ
1546 3592 1696 3662 τελει,
1759 3599 1889 3669 μετὰ

277 3671 370 3725 τὴν
395 3668 770 3741 συμπλήρωσιν
795 3679 893 3723 τῶν
922 3672 1248 3748 παραϐολῶν.

352 3755 529 3827 Ἐλεγε
572 3753 633 3810 δε
680 3790 749 3798 -
801 3759 984 3814 αὐτοῦ.
1039 3769 1140 3817 Καὶ
1184 3770 1302 3839 περὶ
1362 3770 1556 3823 τούτων
1613 3770 1664 3824 ἐν
1715 3772 1889 3847 ἐκείνῳ

277 3851 353 3915 τῷ
383 3844 645 3917 κεφαλαίω
677 3843 997 3907 διείληπται.

356 3939 458 3987 Καὶ
507 3935 602 3987 ούκ
652 3968 722 3977 —
764 3938 953 3992 αὐτῶν.
998 3946 1099 3994 Καὶ
1150 3949 1262 4017 περὶ
1317 3949 1507 4000 τούτων
1559 3958 1737 4023 σαφῶς
1790 3950 1893 4007 ἐκεῖ

276 4018 688 4098 διηρμήνευται.
730 4034 942 4081 Νοεῖται
990 4026 1049 4083 δε
1088 4034 1168 4098 τὸ,
1202 4033 1313 4086 Ούκ
1360 4032 1609 4104 ἠδύνατο,
1637 4018 1730 4093 καὶ
1778 4040 1892 4096 ἀντὶ

275 4119 396 4178 τοῦ,
436 4112 548 4165 Ούκ
578 4111 916 4188 ἐνδεχόμενον
948 4117 1169 4191 ἐνόμιζε.

353 4206 491 4258 Φησὶ
525 4204 627 4275 γὰρ
671 4205 697 4255 ὁ
728 4204 976 4278 Θεολόγος
1025 4209 1136 4279 (51)
1171 4216 1474 4287 Γρηγόριος,
1517 4216 1615 4287 ὅτι,
1659 4216 1763 4271 ἐπεὶ
1800 4227 1891 4273 τοῦ

274 4294 676 4364 συναμφοτέρου
740 4298 900 4366 χρεία
964 4299 1093 4369 πρὸς
1138 4301 1230 4360 τάς
1271 4302 1459 4366 ἰάσεις,
1508 4308 1597 4356 καὶ
1644 4313 1736 4368 τῆς
1792 4315 1893 4359 τῶν

275 4380 702 4453 θεραπευομένων
775 4387 1017 4453 πίστεως,
1089 4391 1178 4439 καὶ
1247 4397 1338 4450 τῆς
1401 4398 1493 4443 τοῦ
1578 4395 1894 4467 θεραπευτοῦ

272 4463 573 4539 δυνάμεως,
616 4469 709 4522 ούκ
767 4468 1034 4544 ἐνεδέχετο
1083 4477 1141 4527 τὸ
1192 4477 1379 4550 ἕτερον,
1414 4488 1505 4532 τοῦ
1551 4484 1784 4556 συζύγου
1819 4486 1893 4538 ἐ)-

1982 576 2117 633 quae
2147 563 2511 633 discedebat,
2552 576 2871 638 revocaret,
2907 588 3125 630 manus
3173 582 3373 633 autem
3412 593 3633 651 corpus

1982 650 2335 724 disponeret.

2056 741 2153 797 Vel
2182 744 2361 801 etiam
2388 745 2551 802 aliter
2596 770 2608 801 :
2642 749 2846 806 Tenuit
2892 767 3139 811 manum
3172 756 3317 827 ejus,
3347 761 3412 814 ut
3440 762 3633 814 osten-

1984 828 2168 901 deret,
2196 835 2357 904 quod
2375 837 2754 895 sanctissima
2778 855 3017 913 quoque
3039 859 3178 901 caro
3208 845 3338 917 ejus
3368 853 3634 904 mortuos

1983 919 2324 980 viviﬁcaret.

2055 1012 2215 1069 Vers.
2239 1014 2326 1067 42.
2361 1014 2498 1071 Erat
2522 1018 2676 1073 enim
2704 1047 2771 1059 —
2791 1019 3104 1079 duodecim.
3128 1025 3278 1091 Quia
3299 1042 3433 1082 eam
3461 1042 3636 1100 supe-

1984 1097 2111 1155 rius
2129 1102 2309 1157 modo
2322 1103 2581 1175 puellam
2598 1106 2937 1180 appellavit,
2964 1113 3147 1170 modo
3165 1115 3487 1187 puellulam
3507 1097 3595 1190 (tl)
3615 1133 3632 1175 :

1985 1203 2147 1245 nunc
2177 1190 2358 1248 etiam
2390 1200 2627 1251 aetatem
2658 1197 2789 1267 ejus
2819 1202 3177 1259 manifestat.

2059 1280 2219 1334 Vers.
2234 1280 2320 1335 42.
2335 1281 2414 1337 Et
2428 1282 2857 1354 obstupuerunt
2874 1319 2939 1328 —
2954 1289 3063 1347 hoc
3072 1293 3262 1349 sciret.
3279 1324 3344 1334 —
3356 1295 3638 1366 Praecepit

1984 1366 2095 1424 hoc
2125 1374 2231 1435 est,
2264 1370 2589 1429 Admonuit
2622 1390 2636 1440 ;
2672 1375 2753 1431 sic
2786 1377 2947 1433 enim
2978 1378 3159 1437 habet
3209 1381 3399 1439 Lucas
3453 1384 3520 1450 ⁸³,
3550 1384 3638 1441 Ob

1984 1455 2096 1513 hoc
2120 1458 2280 1514 enim
2334 1459 2511 1517 etiam
2542 1461 2691 1519 alios
2720 1480 2932 1523 omnes
2973 1468 3162 1541 ejecit.
3193 1472 3256 1527 Et
3287 1488 3641 1546 quanquam

1986 1546 2161 1603 sciret
2196 1546 2458 1606 futurum
2486 1565 2633 1617 esse,
2657 1558 2721 1610 ut
2761 1556 3031 1614 miraculi
3073 1574 3273 1617 sermo
3304 1561 3523 1635 ubique
3552 1560 3639 1617 di-

1984 1635 2365 1707 vulgaretur:
2412 1656 2556 1697 nam
2595 1647 2651 1698 et
2679 1644 2990 1704 Mattbteus
3043 1648 3189 1705 dixit
3218 1652 3286 1717 ⁸⁸,
3327 1652 3488 1723 quod
3510 1650 3639 1707 exi-

1984 1724 2068 1779 vit
2088 1724 2252 1783 fama
2284 1728 2412 1784 haec
2438 1730 2497 1785 in
2524 1731 2860 1790 universam
2886 1737 3177 1808 regionem
3204 1737 3364 1796 illam
3391 1761 3405 1796 :
3437 1744 3638 1797 tamen

1910 1825 1956 1882 Β
1985 1814 2151 1886 quod
2181 1830 2358 1871 suum
2387 1825 2472 1873 est
2502 1819 2718 1892 ubique
2748 1822 2906 1879 facit.

2059 1903 2226 1962 Vers.
2271 1908 2359 1962 43.
2420 1908 2795 1981 Diritque—
2837 1913 2911 1969 ad
2948 1916 3454 1975 manducandum.
3516 1918 3641 1975 Hoc

1984 1991 2176 2062 jussit,
2209 2008 2283 2050 ne
2312 1995 2397 2050 eis
2428 1996 2797 2068 phantastice
2824 2003 3107 2061 suscitata
3135 2007 3450 2063 videretur.
3471 2008 3641 2065 Unde

1988 2086 2229 2153 propter
2258 2082 2413 2140 hanc
2442 2102 2690 2145 causam
2721 2105 2916 2163 neque
2946 2093 3075 2164 ipse
3102 2093 3207 2151 dat
3231 2095 3312 2151 illi
3354 2096 3431 2152 ad
3469 2113 3640 2153 man-

1989 2170 2353 2260 ducandum,
2424 2176 2528 2232 sed
2580 2180 2931 2249 parentibus
2988 2187 3051 2239 ut
3089 2182 3204 2241 hoc
3242 2184 3466 2243 faciant
3511 2202 3644 2260 per-

1987 2258 2181 2316 mittit.

2058 2387 2215 2442 CAP.
2243 2389 2330 2443 Vl.
2363 2390 2521 2446 Vers.
2564 2396 2607 2447 ί.
2636 2394 2715 2449 Et
2737 2395 2924 2453 exivit
2949 2426 3016 2439 -
3046 2400 3208 2455 Vers.
3233 2403 3286 2457 3.
3314 2415 3422 2470 per
3446 2400 3638 2459 illum.

1988 2476 2269 2532 Ascendit
2290 2478 2353 2533 in
2401 2481 2646 2552 patriam
2677 2499 2873 2551 suam,
2904 2501 3027 2543 non
3067 2487 3353 2557 ignorans
3375 2489 3643 2548 futurum

1988 2568 2053 2620 ut
2074 2580 2138 2620 se
2150 2564 2541 2638 despicerent,
2561 2570 2666 2627 sed
2680 2587 2754 2629 ne
2770 2576 3161 2645 postmodum
3180 2578 3375 2635 dicere
3397 2583 3646 2651 possent

1988 2655 2153 2727 quod
2181 2670 2300 2711 non
2330 2658 2634 2716 docuisset
2671 2676 2793 2718 eos.
2828 2662 3015 2720 Simul
3041 2665 3221 2722 etiam
3246 2667 3535 2725 invidiam
3548 2683 3646 2725 eo-

1988 2758 2126 2799 rum
2150 2745 2506 2803 convincens
2527 2766 2545 2819 ;
2573 2766 2713 2806 cum
2738 2750 2898 2808 enim
2924 2752 3001 2810 de
3020 2769 3091 2811 eo
3107 2756 3301 2827 potius
3324 2757 3470 2829 ipsis
3493 2760 3650 2815 esset

1992 2833 2406 2903 gaudendum,
2433 2838 2537 2911 qui
2586 2841 2838 2911 patriam
2888 2858 3055 2899 suam
3086 2844 3358 2903 doctrina
3390 2852 3448 2904 et
3472 2848 3654 2904 mira-

1994 2921 2142 2978 culis
2194 2930 2473 2982 ornaret:
2506 2928 2705 2999 magis
2760 2929 3215 2991 oﬂ‘endebantur
3254 2950 3363 3007 per
3399 2952 3539 2994 eum
3569 2936 3650 2996 ob

1995 3013 2227 3083 generis
2253 3014 2440 3087 ipsius
2467 3016 2925 3087 ignobilitatem.

2069 3102 2241 3168 Quod
2266 3110 2467 3160 autem
2506 3105 2740 3164 additur
2775 3124 2788 3163 :
2816 3109 2896 3165 Et
2926 3110 3167 3169 virtutes
3214 3114 3360 3171 tales
3383 3132 3512 3187 qua:
3541 3133 3652 3188 per

1920 3174 1964 3232 C
1996 3205 2204 3247 manus
2226 3193 2351 3263 ejus
2385 3195 2562 3263 ﬁunt,
2594 3195 2883 3253 defectiva
2909 3198 3100 3256 oratio
3131 3206 3237 3257 est.
3264 3174 3651 3264 Deficitenim

2000 3279 2187 3346 Unde,
2221 3284 2286 3336 ut
2313 3280 2544 3338 dicatur
2585 3300 2598 3338 :
2634 3286 2701 3341 Et
2731 3285 2890 3343 unde
2919 3287 3169 3345 virtutes
3202 3290 3345 3347 tales
3381 3309 3516 3366 quae
3547 3309 3653 3368 per

1998 3382 2215 3424 manus
2243 3369 2370 3441 ejus
2390 3369 2560 3427 fiunt.

2067 3456 2295 3513 Dictum
2324 3465 2412 3516 est
2454 3467 2654 3517 autem
2679 3462 2754 3517 de
2786 3462 2878 3519 his
2903 3465 3187 3523 vicesimo
3215 3475 3423 3541 quarto
3461 3473 3649 3544 capite

1998 3546 2297 3617 Evangelii
2319 3548 2651 3606 secundum
2668 3552 3006 3610 Matthasum
3020 3556 3177 3613 circa
3200 3556 3383 3614 ﬁnem
3403 3566 3534 3631 post
3557 3577 3654 3617 ex-

2000 3634 2188 3707 pletas
2220 3637 2559 3709 parabolas.

2071 3726 2235 3782 Vers.
2268 3727 2321 3781 4.
2352 3729 2595 3786 Dicebat
2642 3737 2828 3789 autem
2858 3764 2928 3775 —
2951 3750 3074 3793 sua.
3103 3736 3292 3795 Etiam
3333 3737 3407 3795 de
3437 3738 3531 3795 his
3560 3755 3657 3797 eo-

1999 3814 2138 3871 dem
2169 3817 2362 3888 capite
2390 3818 2765 3891 disputatum
2794 3828 2901 3881 est.

2071 3915 2231 3970 Vers.
2265 3918 2317 3971 5.
2366 3916 2488 3974 Nec
2521 3949 2587 3960 —
2611 3920 2771 3976 Vers.
2825 3923 2879 3977 6.
2918 3922 3176 3982 illorum.
3229 3926 3420 3984 Etiam
3463 3926 3537 3984 de
3564 3929 3658 3986 his

2002 4004 2313 4060 manifeste
2354 4010 2670 4064 tractatum
2717 4015 2822 4065 est.
2855 4011 3205 4086 lntelligitur
3242 4024 3442 4073 autem
3474 4035 3486 4072 :
3523 4019 3658 4075 Non

1999 4099 2255 4163 poterat,
2284 4093 2399 4149 hoc
2430 4102 2535 4162 est,
2566 4103 2857 4171 tanquam
2886 4102 3252 4173 impossibile
3280 4106 3559 4163 ducebat.

2074 4182 2165 4239 Ait
2179 4183 2336 4238 enim
2349 4184 2668 4256 Gregorius
2680 4188 3038 4259 Theologus,
3056 4192 3217 4264 quod
3234 4194 3415 4250 simul
3430 4200 3661 4254 utrum-

2002 4286 2120 4342 que
2166 4272 2568 4330 necessarium
2612 4283 2700 4331 est
2748 4277 2826 4332 ad
2910 4279 3301 4349 perﬁciendae
3349 4284 3652 4351 sanitates,

2003 4364 2060 4415 et
2086 4360 2236 4416 ﬁdes
2262 4375 2469 4416 eorum
2512 4364 2616 4436 qui
2649 4365 2897 4421 curandi
2927 4374 3086 4436 sunt,
3114 4373 3171 4424 et
3217 4371 3483 4442 potentia
3526 4372 3658 4442 ejus

2004 4449 2107 4522 qui
2147 4466 2355 4506 curare
2384 4452 2562 4507 debet
2593 4468 2736 4509 :nec
2752 4454 3001 4526 prodest
3021 4472 3210 4514 unum
3243 4460 3290 4515 si
3322 4459 3560 4517 deﬁciat
3577 4460 3661 4517 al-

418 4529 430 4539 .
560 4529 567 4533 -
906 4529 950 4544 ιν
1272 4529 1281 4550 ι
1320 4529 1323 4530 ν
1368 4529 1379 4543 ι
1555 4529 1781 4556 ""I"
1819 4529 1856 4538 "

271 4554 565 4617 λείποντος.
611 4558 723 4612 Ούκ
762 4561 877 4633 (52)
920 4558 1042 4614 οῖδα
1075 4560 1152 4631 δὲ,
1200 4565 1243 4617 εἰ
1280 4571 1352 4638 μὴ
1386 4574 1476 4621 καὶ
1514 4579 1667 4625 τοῦτο
1698 4582 1769 4645 τῷ
1809 4576 1881 4627 εύ-

2009 4543 2219 4607 terum,
2246 4541 2403 4613 quod
2435 4540 2515 4597 illi
2559 4544 2947 4615 conjunctum
2979 4561 3107 4602 esse
3152 4548 3343 4605 debet.
3376 4549 3504 4607 Imo
3547 4566 3660 4608 nec

272 4645 419 4717 λόγῳ
462 4648 798 4719 προσθετέον.
861 4649 937 4702 Ού
981 4654 1081 4726 γὰρ
1114 4653 1318 4725 εὔλογος
1358 4659 1504 4721 ἴασις
1546 4668 1657 4724 τοῖς
1686 4660 1894 4734 βλαϐη-

278 4737 527 4807 σομένοις
554 4733 607 4798 ἐξ
636 4734 903 4800 ἀπιϐτίας.

354 5000 409 5038 ⁸⁸
439 5000 581 5058 an.
621 5016 742 5070 vni,
774 5004 866 5063 56.
941 5006 990 5043 ⁵⁸
1017 5008 1215 5066 Matth.
1241 5024 1321 5078 ix,
1352 5014 1443 5070 2o.

2006 4630 2149 4699 scio,
2179 4629 2328 4686 sitne
2357 4630 2535 4687 etiam
2574 4631 2685 4689 hoc
2717 4634 3091 4705 addendum,
3118 4642 3183 4693 ut
3216 4638 3376 4710 justa
3402 4644 3458 4695 et
3485 4640 3661 4697 ratio-

2006 4717 2226 4775 nabilis
2256 4718 2331 4776 sit
2383 4720 2632 4777 sanitas.
2664 4724 2865 4795 Neque
2909 4724 3068 4781 enim
3095 4724 3260 4796 justa
3303 4728 3532 4785 sanitas
3574 4734 3662 4786 est

2007 4822 2143 4880 quae
2162 4807 2255 4864 his
2280 4808 2599 4877 confertur,
2618 4810 2839 4882 quibus
2860 4812 3450 4885 perincredulitatem
3478 4833 3661 4876 nocu-

2010 4903 2283 4955 mentum
2311 4903 2398 4956 est
2425 4897 2698 4957 allatura.

1511 5140 1734 5212 Variae
1758 5144 2089 5216 lectiones
2116 5153 2181 5216 et
2216 5158 2419 5217 notae.

356 5268 453 5411 (48
493 5270 780 5353 lntellige,
814 5276 989 5348 φεύγει
1016 5280 1104 5331 τὸν
1134 5278 1362 5335 ἔπαινον.

386 5341 480 5411 49)
524 5347 627 5396 Καί
668 5348 989 5411 interponit
1017 5351 1085 5405 Α.

386 5341 483 5486 49)
524 5347 627 5396 Καί
668 5341 989 5431 interponit
1017 5351 1085 5405 Α.

386 5417 457 5471 50
521 5422 772 5470 Τοιαῦται
796 5424 1013 5477 omittit
1050 5424 1085 5478 Β

358 5415 483 5487 (50)
521 5422 772 5470 Τοιαῦται
796 5415 1013 5477 dmittit
1050 5424 1117 5478 Β.

366 5586 454 5679 (α)
494 5589 672 5679 Δίοάο
700 5592 1052 5679 puellulam.
1100 5595 1271 5679 Forte
1300 5615 1444 5674 ergo
1479 5601 1640 5679 legit,
1683 5603 1897 5670 Ἐπιιδή

291 5657 633 5737 καί-παιδίου
661 5657 753 5717 καὶ
780 5667 1027 5737 κοράσιον
1054 5670 1272 5729 ταύτην.

2081 5291 2197 5365 (5t)
2226 5306 2366 5365 pag.
2404 5293 2528 5350 215.

2079 5364 2190 5437 (52)
2226 5364 2419 5422 Etiam
2435 5365 2565 5423 htec
2592 5371 2733 5425 sunt
2769 5365 3053 5440 Gregorii.

2009 5627 2087 5691 es
2110 5612 2315 5671 codice
2342 5629 2475 5683 suo,
2507 5614 2609 5691 vel
2628 5617 2971 5691 explicandi
3001 5634 3184 5678 causa
3226 5619 3304 5677 de
3333 5636 3446 5679 suo
3489 5621 3660 5681 addi-

2008 5683 2277 5773 ἐφείσω
2306 5702 2417 5773 nec
2445 5687 2616 5773 apud
2644 5683 3014 5762 Gregorium,
3040 5707 3152 5750 nec
3184 5691 3249 5767 in
3292 5694 3444 5751 meis
3488 5709 3657 5773 repe-

371 5731 451 5810 (p)
470 5732 597 5792 [mo
622 5766 691 5776 —
720 5741 803 5793 est
825 5731 1119 5800 allatura.
1144 5740 1326 5803 Multa
1344 5740 1444 5804 hic
1470 5748 1791 5809 Hentenius
1811 5752 1903 5813 vel
2008 5731 2601 5821 B'dhilir"c3&icii‘hii
