4188 6484
199 434 295 490 809
1183 418 1560 480 COMMENT.
1611 415 1681 471 ΙΝ
1724 411 1799 467 Ml

1927 405 2053 464 UM-
2093 437 2164 448 —
2201 406 2360 462 CAP.
2402 402 2500 463 VI.
3438 395 3544 455 810

266 570 304 616 ll
353 557 407 614 δὲ
460 553 721 634 Ἡρωδιὰς
785 583 852 593 -—
911 557 1085 612 ἤκουε.
1145 549 1263 603 Ἔτι
1323 553 1412 600 καὶ
1476 549 1594 620 περὶ
1658 542 1780 594 τού-

1960 536 2121 590 Vers.
2165 537 2248 589 19.
2281 529 2569 589 Herodias
2597 534 2790 588 autem
2829 557 2899 570 -
2927 527 3091 583 Vers.
3120 528 3211 583 20.
3243 524 3541 584 audiebat.

197 675 306 706 των.
523 621 532 634 ’
1889 625 2180 680 Praeterea
2209 626 2267 679 et
2295 622 2370 678 de
2397 621 2510 677 his.

269 703 360 796 Kal
415 770 483 780 —
558 743 652 797 τῆς
732 731 997 807 βασιλείας
1053 749 1174 804 μου.
1251 727 1470 799 Ὁμοίως
1523 726 1614 775 καὶ
1663 723 1782 794 περὶ

1965 714 2122 769 Vers.
2161 717 2252 768 2t.
2293 711 2368 768 Et
2406 743 2475 752 —
2503 711 2660 767 Vers.
2700 712 2790 766 23.
2817 705 2978 780 regni
3011 704 3138 764 mei.
3179 703 3454 765 Similiter
3489 710 3548 764 et

202 835 394 886 τούτων.
732 801 742 807 ⁹
1054 801 1063 804 ν
1889 801 1965 859 de
1989 801 2101 858 his.

267 923 322 975 Ἠ
363 915 418 972 δὲ
457 949 525 957 -
571 917 734 989 μητρὶ
759 912 941 974 αὐτῆς.
999 913 1096 963 Καὶ
1140 912 1258 983 περὶ
1296 907 1489 958 τούτων
1518 904 1720 956 πάντων
1749 901 1780 957 ἡ

1962 893 2126 946 Vers.
2183 890 2272 946 24.
2329 890 2444 946 Illa
2494 894 2787 947 autem—
2824 888 2983 989 Vers.
3039 885 3130 942 28.
3181 886 3360 985 matri
3398 899 3545 944 sure.

285 973 322 975 -κ
571 973 581 989 .
679 973 688 988 .
912 973 915 974 ν
1203 973 1213 983 .

209 1013 440 1084 ἐξήγησις
470 1005 662 1058 ἐκείνου
686 1009 775 1055 τοῦ
803 999 1076 1074 κεφαλαίου
1106 994 1342 1060 διέξεισι.

1919 979 2086 1036 Etiam
2115 978 2189 1035 de
2214 979 2307 1035 his
2331 977 2615 1036 omnibus
2642 975 2852 1050 capitis
2875 974 3034 1033 illius
3062 973 3359 1034 enarratio
3387 989 3552 1032 com-

1895 1073 2211 1125 memorat.

923 1219 944 1231 .
1253 1216 1262 1230 .
1335 1214 1441 1231 κη.
1490 1209 1680 1231 ,μμω
1741 1205 1787 1231 λ,
1967 1160 2126 1214 Vers.
2159 1159 2248 1214 29.
2279 1159 2356 1214 Et
2384 1161 2862 1214 —monumento.
2889 1154 3122 1212 Dictum
3150 1159 3243 1212 est
3265 1154 3342 1212 de
3365 1154 3460 1213 his
3489 1153 3553 1212 in

276 1228 367 1277 Kal
429 1251 496 1261 —
569 1221 821 1291 μνημείῳ.
884 1221 1103 1288 Εἴρηται
1183 1221 1271 1264 καὶ
1324 1221 1441 1282 περι
1487 1227 1681 1260 τουτων
1740 1224 1788 1257 εν

1919 1247 1998 1304 llo
2027 1246 2186 1305 loco.

209 1313 388 1383 ἐκείνῳ.

274 1409 309 1419 -ν
351 1407 359 1418 ι
561 1400 572 1415 Ι
621 1417 648 1419 μ
674 1417 752 1419 ,μμ
943 1394 1211 1419 --Ϊ--..1--....
1283 1389 1396 1419 [3315‘
1487 1389 1624 1419 ’Πηλεῖ
1699 1389 1784 1419 vn.-

1970 1336 2136 1393 Vers.
2179 1339 2265 1392 30.
2308 1336 2384 1391 Et
2412 1339 2848 1408 congregantur
2873 1364 2944 1377 —
2968 1336 3128 1391 Vers.
3170 1338 3259 1391 31.
3300 1340 3552 1392 vacaret.

274 1407 366 1456 Kal
441 1400 755 1469 συνάγονται
813 1425 878 1436 -
940 1394 1211 1466 εὐκαίρουν
1487 1389 1624 1439 Ἐκεῖ
1699 1389 1790 1438 καὶ

1899 1426 1984 1482 lbi
2013 1426 2186 1482 etiam
2216 1428 2290 1482 de
2320 1425 2412 1480 his
2432 1441 2654 1498 quaere.
2682 1426 2826 1480 Hinc
2851 1428 3053 1481 autem
3077 1423 3366 1480 docemur
3381 1438 3558 1496 opor-

1900 1522 2020 1572 tere
2064 1515 2330 1571 Ecclesisa
2364 1515 2681 1584 magistros
2709 1529 2831 1571 non
2859 1528 3097 1585 semper
3125 1527 3423 1586 exponere
3463 1528 3558 1568 se-

1900 1605 2063 1678 ipsos
2077 1621 2124 1658 m
2135 1603 2448 1674 ultitudini,
2459 1604 2566 1659 sed
2583 1619 2708 1658 cum
2723 1603 2899 1660 datur
2913 1599 3559 1674 opportunitas,retrahi

1903 1711 1973 1751 ac
2015 1694 2308 1751 solitarios
2336 1709 2486 1760 esse,
2521 1697 2898 1766 mentemque
2929 1692 3003 1747 ab
3033 1690 3306 1747 exteriori
3346 1688 3560 1746 distra-

206 1497 313 1568 περὶ
345 1492 540 1542 τούτων
572 1488 820 1548 ζήτησον.
881 1480 1249 1550 Διδασκομεθα
1302 1476 1360 1531 δε
1416 1477 1660 1546 ἐντεῦθεν,
1711 1477 1789 1528 ὅτι

206 1562 304 1653 χρὴ
338 1583 457 1640 τούς
487 1573 846 1633 διδασκάλους
899 1580 990 1632 τῆς
1044 1570 1352 1628 Ἐκκλησίας
1393 1572 1462 1640 μη
1507 1562 1793 1626 διαπαντὸς

204 1673 404 1730 ἑαυτούς
446 1661 719 1719 ἐκδιδόναι
775 1670 883 1724 τοῖς
939 1661 1208 1729 πλήθεσιν,
1256 1656 1361 1710 ἀλλ’
1411 1656 1459 1708 ἐν
1503 1663 1669 1729 καιρῷ
1703 1673 1794 1707 συ-

205 1759 512 1822 στέλλεσθαι,
545 1760 635 1806 καὶ
677 1750 920 1815 ἰδιάζειν,
965 1755 1056 1802 καὶ
1113 1751 1352 1819 συνάγειν
1409 1750 1496 1798 τὸν
1546 1752 1662 1798 νοῦν
1693 1742 1793 1796 ἀπὸ

345 1849 390 1855 ,μ
720 1849 737 1855 -
944 1845 952 1855 ι
1017 1841 1034 1853 ιι
1311 1842 1319 1851 ι
1468 1831 1490 1855 I
1623 1854 1638 1855 κ
1665 1854 1684 1855 η
1702 1836 1712 1849 ¹
1731 1853 1762 1855 _,

1919 1742 1972 1751 --
2016 1742 2307 1751 ---η-η--
2339 1742 2486 1760 ----,
2521 1742 2897 1766 ------γ-
2933 1742 2997 1747 ᾖ-
3039 1742 3306 1747 -_--_--__
3352 1742 3535 1746 ,ηπ

1919 1783 2099 1840 :tione
2124 1797 2425 1846 revocare,
2454 1786 2511 1838 et
2535 1781 2701 1855 quod
2722 1796 2826 1838 eos
2854 1780 2957 1853 qui
2983 1780 3322 1836 ministrant
3348 1792 3564 1836 conve-

1833 1893 1877 1950 Β
1905 1874 2031 1930 niat
2068 1873 2458 1945 requiescere,
2499 1875 2554 1928 et
2592 1877 2730 1943 post
2768 1869 3167 1926 ministerium
3206 1868 3388 1926 etiam
3425 1882 3562 1926 cor-

1906 1961 2187 2037 poraliter
2225 1960 2543 2018 consolari.

1977 2073 2140 2127 Vers.
2210 2073 2296 2126 32.
2349 2069 2428 2124 Et
2471 2069 2680 2140 egressi
2714 2073 2874 2126 sunt.
2927 2098 2997 2108 —
3044 2069 3204 2124 Vers.
3250 2069 3338 2124 33.
3401 2066 3563 2124 illuc.

1905 2161 2088 2234 Eque
2101 2160 2274 2216 etiam
2293 2165 2349 2216 et
2372 2159 2446 2215 de
2458 2159 2551 2215 his
2561 2201 2573 2213 .
2589 2157 2678 2215 Ab
2690 2156 2972 2215 omnibus
2986 2161 3188 2214 autem
3199 2155 3564 2224 civitatibus,

1905 2266 2043 2323 quae
2072 2249 2345 2306 videlicet
2381 2248 2769 2305 circumcirca
2798 2247 3174 2320 adjacebant.

202 1859 290 1912 τῆς
338 1849 432 1910 ἔξω
480 1849 769 1920 περιφορᾶς
809 1862 820 1874 ’
871 1845 959 1892 καὶ
1010 1841 1090 1892 ὅτι
1155 1842 1411 1911 προσήκει
1455 1831 1796 1888 διαναπαύειν

203 1945 310 2000 τούς
360 1935 756 1997 διακονοῦντας,
814 1935 903 1983 καὶ
963 1935 1270 2002 σωματικῶς
1315 1931 1630 2001 παρηγορεῖν
1667 1926 1798 1997 μετὰ

206 2035 291 2088 τὸν
317 2024 609 2081 διακονίαν.

277 2122 371 2171 Kal
422 2113 656 2173 ἀπῆλθον
707 2143 776 2151 —
828 2109 948 2163 ἐκεῖ.
1029 2107 1296 2167 Ὡσαύτως
1369 2108 1459 2156 καὶ
1509 2108 1628 2180 περὶ
1679 2105 1796 2155 τού-

222 2207 474 2260 των.Ἀπὸ
532 2209 716 2255 πασῶν
775 2196 834 2253 δε
886 2207 984 2252 τῶν
1045 2197 1258 2263 πολεων,
1286 2203 1385 2247 τῶν
1424 2192 1574 2268 πέριξ
1617 2189 1798 2252 δηλον-

226 2315 320 2349 οτι.

363 2423 499 2472 ΚΕΦ.
533 2415 620 2477 ις,
657 2419 782 2488 Περὶ
810 2421 911 2466 τῶν
938 2415 1086 2466 πέντε
1115 2412 1284 2487 ἄρτων
1306 2414 1396 2463 καὶ
1416 2417 1514 2462 τῶν
1549 2405 1646 2462 δύο

1980 2412 2136 2468 CAP.
2153 2409 2291 2467 XVI.
2309 2408 2392 2466 De
2416 2408 2669 2482 quinque
2690 2407 2943 2481 panibus
2975 2413 3030 2465 et
3048 2405 3278 2465 duobus
3289 2405 3568 2479 piscibus.

896 2502 1114 2575 ἰχθύων.

279 2604 372 2653 Καὶ
428 2597 641 2660 ἐξελθὼν
687 2625 752 2636 -
783 2597 1020 2666 ποιμένα.
1074 2595 1174 2644 Kal
1229 2594 1348 2665 περὶ
1396 2591 1591 2642 τούτων
1646 2587 1694 2640 ἐν
1727 2595 1800 2658 τῷ

1982 2625 2143 2680 Vers.
2185 2625 2275 2679 34.
2307 2622 2383 2678 Et
2407 2637 2674 2694 egressus
2699 2651 2767 2664 —
2804 2624 3121 2692 pastorem.
3150 2621 3341 2680 Etiam
3371 2620 3447 2678 de
3483 2619 3575 2680 his

1911 2713 2191 2786 praedicto
2215 2711 2409 2785 capite
2428 2710 2843 2769 disseruimus.
2861 2712 3162 2769 Pastorem
3195 2715 3403 2769 autem
3431 2703 3578 2776 dicit

1917 2819 2074 2868 eum,
2111 2801 2213 2875 qui
2244 2801 2319 2858 de
2351 2801 2540 2858 salute
2579 2816 2789 2859 earum
2819 2817 3028 2859 curam
3056 2801 3327 2858 haberet.
3498 2797 3506 2802 ’

1988 2895 2152 2949 Vers.
2195 2895 2283 2948 34.
2324 2891 2396 2946 Et
2433 2892 2609 2961 capit
2633 2922 2704 2931 —
2734 2893 2896 2950 Vers.
2925 2891 3016 2948 37.
3055 2891 3136 2949 ad
3173 2891 3473 2949 edendum.
3513 2892 3582 2950 Et

1921 2983 2051 3039 haec
2079 2997 2324 3054 quoque
2354 2980 2495 3037 inde
2535 2981 2782 3051 cognitu
2811 2980 3009 3039 facilia
3040 2986 3200 3038 sunt.

1991 3071 2156 3126 Vers.
2191 3074 2279 3126 37.
2310 3070 2384 3125 Et
2414 3070 2620 3126 dicunt
2649 3070 2815 3126 —ad
2838 3071 3296 3127 comedendum?
3325 3071 3446 3127 Hoc
3474 3085 3581 3142 per

1921 3158 2449 3228 interrogationem
2486 3157 2810 3229 legendum
2850 3163 2955 3216 est.
2989 3160 3095 3214 Est
3125 3165 3327 3215 autem
3364 3159 3582 3230 hujus-

1852 3245 1892 3301 C
1923 3248 2084 3305 modi
2115 3263 2312 3302 sermo
2337 3262 2566 3313 eorum,
2599 3247 2703 3319 qui
2733 3262 2797 3304 se
2826 3247 3060 3313 gravari
3087 3254 3456 3319 quaeruntur.

203 2687 641 2764 προδιαληφθέντι
719 2682 977 2755 κεφαλαίῳ
1057 2677 1377 2738 διείληπται.
1461 2682 1687 2750 Ποιμένα
1745 2673 1804 2729 δε

200 2781 331 2851 λέγει
363 2779 708 2853 φροντίζοντα
731 2781 828 2834 τῆς
859 2775 1119 2846 σωτηρίας
1151 2769 1340 2822 αὐτῶν.

275 2874 373 2922 Καὶ
421 2865 622 2938 ἤρξατο
681 2895 749 2902 —
815 2869 1011 2934 φαγεῖν.
1067 2864 1166 2913 Καὶ
1237 2867 1404 2912 ταῦτα
1457 2857 1643 2910 ἐκεῖθεν
1692 2853 1808 2910 δια-

207 2959 506 3032 γνωσθῆναι
538 2949 748 3028 ῥᾴδιον.

278 3052 379 3099 Kal
432 3044 675 3115 λέγουσιν
732 3072 800 3080 —--
858 3047 1082 3112 φαγείνς
1136 3045 1300 3090 Τοῦτο
1365 3037 1480 3088 κατ’
1556 3035 1811 3110 ἐρώτησιν

211 3133 586 3205 ἀναγνωστέον.
631 3133 989 3205 Βαρυνομένων
1030 3125 1088 3181 δε
1118 3129 1143 3180 6
1173 3134 1405 3188 τοιοῦτος
1429 3126 1594 3197 λόγος.

278 3347 340 3400 Ὀ
393 3343 453 3399 δὲ
523 3377 577 3386 -
637 3348 978 3403 πεντήκοντα.
1047 3345 1167 3417 Περὶ
1226 3343 1419 3394 τούτων
1497 3343 1698 3414 εἴρηται
1764 3337 1799 3390 ἐι

1993 3340 2149 3394 Vers.
2191 3340 2280 3393 38.
2323 3337 2439 3392 Ille
2475 3343 2670 3393 autem
2708 3367 2780 3378 —
2815 3337 2979 3393 Vers.
3017 3339 3110 3393 40.
3152 3335 3581 3409 quinquageni.

210 3447 281 3509 τῷ
309 3437 532 3507 εἰκοστῷ
557 3438 686 3505 ἕκτῳ
716 3433 974 3506 κεφαλαίῳ
1003 3440 1095 3486 τοῦ
1121 3434 1253 3485 κατὰ
1279 3433 1569 3487 Ματθαῖον.

1922 3427 2002 3482 De
2040 3426 2132 3481 his
2161 3425 2388 3480 dictum
2419 3429 2505 3480 est
2542 3424 2827 3481 vicesimo
2857 3429 3025 3482 sexto
3055 3426 3244 3496 capite
3283 3423 3584 3496 Evangelii

1927 3514 2263 3572 secundum
2298 3513 2666 3570 Mattheum.

284 3641 388 3688 Kal
438 3632 610 3686 λαϐὼν
667 3663 734 3672 -
792 3627 998 3706 ἄνδρες.
1056 3630 1138 3684 Ἐν
1195 3629 1366 3702 ἐκείνῳ
1422 3634 1510 3682 καὶ
1545 3632 1664 3702 περὶ
1700 3630 1799 3682 τού

1999 3607 2157 3660 Vers.
2182 3606 2270 3658 41.
2291 3603 2367 3658 Et
2387 3605 2641 3672 acceptis
2670 3633 2737 3646 —
2767 3601 2935 3659 Vers.
2962 3602 3033 3658 44
3052 3603 3339 3662 virorum.
3360 3601 3588 3662 Ibidem

289 3687 323 3688 η
895 3687 904 3706 ,
966 3687 979 3694 -
1337 3687 1346 3702 .
1610 3687 1619 3702 .

207 3745 310 3778 των
343 3726 547 3777 πάντων
583 3721 797 3797 ἐρρήθη.

1929 3694 2004 3751 de
2031 3693 2126 3749 his
2163 3708 2406 3766 quoque
2434 3691 2662 3749 dictum
2688 3698 2798 3750 est.

288 3819 392 3867 Kal
443 3781 646 3872 εὐθέως.
681 3841 750 3852 -—
823 3810 1232 3886 προσεύξασθαι.
1282 3809 1501 3882 Ὁμοίως
1559 3814 1648 3862 καὶ
1703 3829 1796 3884 περ

2001 3785 2164 3840 Vers.
2193 3785 2284 3840 45.
2311 3781 2644 3855 Statimque
2671 3812 2742 3826 -
2760 3783 2921 3841 Vers.
2952 3785 3043 3841 46.
3071 3788 3140 3840 ut
3168 3788 3387 3842 oraret.
3421 3781 3593 3842 Simi-

215 3906 434 3956 τούτων.
495 3872 905 3972 ’Δποταξάμενος
977 3896 1036 3952 δι
1087 3899 1283 3967 αὐτοῖς,
1343 3872 1471 3952 ’ἀντὶ
1525 3907 1640 3970 τοῦ,
1697 3872 1824 3952 ἁπό-
1932 3873 2062 3931 mer
2091 3878 2148 3931 et
2185 3873 2260 3930 de
2298 3872 2392 3929 his
2417 3873 2489 3929 δ”

213 3993 386 4054 λύσας
415 3991 627 4058 αύτούς,
667 3986 876 4048 δηλαδὴ
917 3992 1034 4050 τοὺς
1065 3988 1278 4062 ὄχλους.
1336 3989 1488 4042 Οὕτω
1537 3991 1640 4062 γὰρ
1689 3984 1824 4042 εἶπεν

216 4084 240 4134 6
271 4083 572 4141 Μαι-θαίος.

289 4214 447 4262 ΚΕΦ.
481 4205 582 4260 ΙΖ¹.
619 4209 742 4278 Περὶ
762 4213 854 4258 τοῦ
875 4204 923 4257 ἐν
957 4205 1194 4279 θαλάσση
1221 4208 1533 4279 περιπάτου.

2082 4211 2229 4267 CAP.
2261 4209 2435 4264 XVII.
2475 4208 2555 4264 De
2593 4208 3002 4268 ambulatione
3037 4225 3209 4280 super
3236 4223 3453 4290 aquas.

287 4303 398 4352 Kal
449 4295 606 4367 ὀψίας
658 4326 724 4335 -
779 4295 1074 4356 θαλάσσης.
1137 4300 1377 4354 Ζήτησον
1453 4301 1569 4370 περὶ
1637 4298 1799 4348 τούτω

2010 4301 2173 4355 Vers.
2235 4302 2325 4354 47.
2379 4299 2630 4367 Vespera
2692 4305 2884 4355 autem
2924 4329 2994 4338 —
3051 4298 3213 4354 Vers.
3279 4299 3367 4354 48.
3409 4313 3594 4356 mare.

212 4389 260 4441 iu
324 4396 401 4458 τῷ
465 4385 682 4456 εἰκοστῷ
742 4381 950 4457 ἑϐδόμῳ
1021 4384 1278 4458 κεφαλαίῳ
1343 4392 1435 4438 τοῦ
1490 4389 1627 4438 κατὰ
1682 4393 1799 4439 Ματ

1943 4392 2147 4457 Quaere
2185 4388 2260 4444 de
2286 4387 2383 4443 his
2413 4387 2698 4443 vicesimo
2729 4386 2985 4459 septimo
3010 4387 3202 4460 capite
3235 4387 3404 4458 juxta
3444 4387 3600 4446 Mat-

217 4481 394 4533 θαῑον.

1943 4480 2188 4537 thteum.

293 4570 402 4618 Καὶ
475 4563 622 4624 ἤθελε
695 4595 762 4604 -
835 4563 1044 4626 αύτούς.
1114 4562 1226 4618 Ἵνα
1314 4564 1462 4618 πλέον
1533 4564 1799 4638 ἀγωνιάσας

2017 4571 2178 4624 Vers.
2211 4569 2302 4623 48.
2347 4565 2700 4639 Volebatque
2726 4595 2795 4607 —
2821 4565 2972 4624 illos.
3006 4568 3075 4623 Ut
3098 4565 3310 4623 fortius
3341 4570 3496 4624 esset
3518 4566 3604 4624 eis

213 4673 329 4708 σιν.

1947 4663 2270 4716 certamen.

293 4745 369 4796 Οἱ
399 4740 464 4796 δὲ
510 4773 577 4783 —
622 4747 692 4815 μὴ
741 4741 1000 4816 φοϐεῖσθε.
1047 4747 1147 4796 Καὶ
1193 4748 1311 4818 περὶ
1353 4747 1546 4797 τούτων
1577 4743 1624 4797 ἐν
1665 4744 1799 4798 ἐκείνι

2017 4751 2181 4804 Vers.
2221 4750 2309 4804 49.
2347 4745 2451 4802 Illi
2484 4750 2683 4802 autem
2721 4775 2790 4785 —
2827 4746 2991 4803 Vers.
3033 4749 3121 4802 50.
3163 4745 3343 4803 nolite
3377 4745 3601 4803 timere.

217 4836 462 4910 εἴρηται.

1947 4838 2138 4895 Etiam
2168 4836 2242 4892 de
2273 4835 2365 4892 his
2395 4834 2621 4890 ibidem
2652 4834 2879 4891 dictum
2907 4841 3016 4891 est.

298 4929 409 4976 Καὶ
469 4919 619 4979 ἀνέϐη
675 4952 743 4961 -
798 4923 1000 4995 ἁνεμος.
1061 4927 1328 4996 Συνὲτεμεν
1392 4925 1417 4976 6
1491 4926 1704 4999 Μάρκος
1773 4945 1799 4978 τ

2019 4927 2187 4982 Vers.
2232 4927 2318 4982 51.
2366 4925 2444 4980 Et
2473 4923 2726 4980 ascendit
2753 4954 2823 4964 —
2857 4929 3082 4980 ventus.
3131 4923 3339 4981 Omisit
3381 4926 3609 4982 Marcus

211 5013 366 5064 κατὰ
420 5014 509 5064 τὸν
569 5015 780 5082 Πέτρον,
834 5014 908 5064 ἔτι
963 5008 1022 5064 δὲ
1052 5017 1141 5065 καὶ
1173 5014 1198 5065 6
1231 5014 1466 5074 Ἰωάννης
1500 5031 1511 5043 ⁸
1542 5015 1567 5066 6
1600 5011 1659 5067 δὲ
1691 5021 1799 5067 Ματ

1949 5033 2085 5090 quae
2141 5015 2216 5071 de
2255 5016 2422 5070 Petro
2461 5012 2846 5079 acciderunt;
2914 5013 3179 5069 similiter
3215 5017 3274 5069 et
3323 5014 3608 5071 Joannes.

213 5105 381 5164 θαῐος
405 5106 498 5154 καὶ
522 5109 689 5153 ταῦτα
721 5109 894 5174 σαφῶς
926 5099 1235 5176 ἀνέγραψεν.

1949 5106 2253 5166 Matthesus
2283 5119 2424 5159 vero
2449 5102 2761 5175 diligenter
2785 5101 2886 5158 illa
2911 5102 3287 5174 conscripsit.

293 5196 408 5245 Kal
429 5190 546 5242 λίαν
578 5221 640 5233 -
694 5195 1070 5264 πεπωρωμένη.
1112 5195 1213 5244 Καὶ
1254 5199 1422 5246 ταῦτα
1461 5194 1508 5245 ἑν
1556 5200 1625 5265 τῷ
1674 5212 1799 5246 τοιοι

2022 5195 2187 5251 Vers.
2223 5197 2308 5250 51.
2336 5194 2410 5248 Et
2438 5192 2808 5249 vehementer
2837 5223 2904 5231 —
2944 5192 3103 5248 Vers.
3140 5195 3226 5248 52.
3257 5191 3614 5250 obcaecatum

203 5300 288 5352 τῳ
323 5280 595 5354 κεφαλαίῳ
626 5275 660 5332 δ
667 5283 1036 5352 ιασεσάφηται.

1953 5291 2094 5343 erat.
2128 5282 2318 5340 Etiam
2350 5284 2478 5338 haec
2509 5280 2722 5336 eodem
2753 5281 2946 5353 capite
2977 5285 3116 5337 sunt
3143 5279 3487 5354 explanata.

289 5376 405 5424 Καὶ
469 5365 876 5443 διαπεράσαντες
927 5400 998 5412 -
1047 5371 1322 5433 εσώζοντο.
1375 5374 1517 5427 Ἐκεῖ
1584 5377 1673 5426 καὶ
1728 5393 1799 5450 πελ

2031 5376 2192 5432 Vers.
2208 5376 2296 5430 53.
2317 5371 2576 5444 Cumque
2591 5371 2955 5441 trajecissent
2976 5402 3045 5412 —
3065 5370 3228 5428 Vers.
3245 5371 3332 5430 56.
3351 5369 3505 5429 salvi
3518 5372 3619 5442 ﬁe-

280 5498 341 5534 ⁵9
375 5494 592 5553 Matth.
634 5511 731 5562 xv,
770 5497 860 5552 23.

1496 5632 1722 5702 Variae
1754 5633 2086 5704 lectiones
2123 5640 2187 5700 et
2215 5641 2417 5700 notae.

284 5782 419 5858 (55)
456 5780 775 5839 Hentenius
802 5780 1038 5838 videtur
1064 5780 1278 5854 legisse
1307 5780 1558 5859 εύκαὶρει,
1589 5785 1756 5860 quod
1782 5789 2086 5861 repugnat
2114 5785 2348 5860 utrique
2376 5799 2678 5844 meorum.

539 5882 778 5937 Parnm“
819 5881 923 5939 GR.
963 5879 1211 5940 CXXIX.
3266 5882 3342 5936 26
