4188 6488
255 390 347 446 813

251 523 343 588 γεῖ,
416 510 490 566 δι’
559 512 799 585 ὠφέλειαν
881 519 981 564 τῶν
1045 511 1279 584 ὁρώντων
1311 523 1323 536 ·
1390 507 1513 558 ποτε

1389 372 1760 436 COMMENT.
1804 370 1876 427 IN
1915 368 2243 426 MARCUM.
2287 400 2352 411 —
2393 367 2550 426 CAP.
2593 368 2737 427 VIII.

3496 367 3602 426 814

1591 499 1672 570 δὲ,
1738 516 1837 550 κατ
1867 496 1916 552 Α
1947 496 2206 562 rebatur,
2231 495 2886 569 propterspectantium
2917 493 3226 552 utilitatem
3259 494 3600 553 :interdum

255 602 400 672 ἰδίαν,
446 599 538 656 διὰ
582 606 642 654 τὸ
685 604 886 674 φεύγειν
928 603 1015 653 τὸν
1065 601 1292 663 ἔπαινον,
1353 597 1423 655 ὡς
1468 595 1633 665 τύφου
1659 609 1840 662 γεννη-

1994 600 2087 641 ero
2117 584 2461 658 separatim,
2493 589 2557 641 ut
2583 584 2824 642 laudem
2851 583 3101 674 fugeret,
3120 587 3410 674 tanquam
3426 599 3603 658 gene-

253 700 402 747 τικόν.
443 690 634 747 Ἐϐαλε
686 688 745 744 δὲ
794 694 912 751 τοὺς
964 686 1253 748 δακτύλους
1293 684 1451 738 αὐτοῦ
1498 682 1563 743 εἰς
1615 681 1681 733 τὰ
1732 675 1839 730 ὦτα

257 784 421 848 αὑτοῦ,
450 781 536 834 ἕνα
577 783 668 854 μὶν
705 788 798 842 τῆς
846 778 1018 842 ὸεξιᾶς
1060 780 1262 850 χειρὸς,
1303 775 1374 837 εἰς
1415 780 1564 826 τοῦτο
1607 773 1666 823 τὸ
1705 764 1790 829 οὖς
1821 785 1835 798 ·

255 878 336 927 ἕνα
370 868 425 924 δι
458 877 549 931 τῆς
597 869 892 944 ἀριστερᾶς,
943 867 1015 929 εἰς
1052 867 1233 932 ἐκεῖνο,
1281 861 1375 918 διὰ
1428 865 1484 914 τὸ
1530 861 1703 914 στενὸν
1751 861 1841 909 καὶ

259 961 385 1036 βαθὺ
413 969 507 1022 τῆς
535 961 714 1023 άκοῆς,
749 960 831 1010 ἶνα
873 957 988 1029 θίξῃ
1041 959 1234 1016 ταύτης
1275 997 1286 1008 .
1333 949 1594 1005 Ἢδύνατο
1639 945 1698 1002 δὲ
1751 952 1840 998 καὶ

263 1057 429 1127 τρόπον
480 1050 644 1122 ἕτερον
703 1050 1018 1120 θεραπεῦσαι
1076 1045 1252 1113 αὑτὸν,
1314 1041 1420 1095 ἀλλ’
1482 1043 1564 1092 ἱνα
1621 1046 1840 1111 γνῶμεν,

259 1143 334 1194 ὅτι
370 1145 466 1192 πᾶν
513 1142 669 1211 μέρος
721 1144 812 1188 τοῦ
858 1135 1010 1207 ἁγίου
1063 1141 1302 1207 σώματος
1355 1132 1514 1183 αὐτοῦ
1569 1131 1706 1189 θείας
1752 1123 1844 1178 δυ-

258 1234 438 1303 νάμεως
475 1231 666 1300 μεστὸν
707 1223 767 1284 ἦν
821 1267 832 1280 .
887 1222 1030 1279 Ἰδοὺ
1087 1227 1188 1299 γὰρ
1245 1227 1333 1274 καὶ
1381 1225 1439 1273 τὸ
1479 1217 1692 1272 πτύελον
1753 1224 1844 1269 τοῦ

259 1319 517 1394 ἁχράντοῡ
572 1320 849 1388 στόματος,
909 1314 1022 1387 μεθ’
1083 1313 1142 1365 οὗ
1195 1321 1286 1373 τῆς
1352 1317 1552 1383 μογγῆς
1602 1307 1845 1394 γλώσσης

260 1393 442 1480 ἧψατο,
493 1408 627 1466 θείας
664 1411 875 1477 μετεῖχε
917 1400 1202 1474 δυνάμεως,
1255 1405 1343 1452 καὶ
1389 1402 1560 1450 πάντα
1606 1393 1665 1449 δὲ
1720 1396 1846 1448 πάν-

255 1517 351 1558 τως
378 1499 441 1548 τὰ
467 1499 839 1567 περιττώματα
865 1499 957 1544 τοῦ
990 1487 1297 1563 θεανδρικοῡ
1337 1493 1575 1560 σώματος
1604 1485 1735 1558 ἅγια
1762 1481 1842 1550 ἧν,

256 1590 324 1649 ὡς
351 1587 594 1638 τοιούτου
645 1587 906 1655 σώματος.
952 1580 1232 1654 Ἐνήργουν
1287 1574 1346 1632 δι
1393 1581 1545 1650 μόνον
1603 1575 1736 1647 (58),
1765 1575 1846 1626 ὅτε

256 1674 415 1735 ἤθελε.

327 1767 424 1817 Καὶ
471 1761 522 1814 ἐν
568 1769 641 1832 τῷ
690 1759 906 1831 εἰκοστῷ
963 1755 1023 1812 δε
1065 1763 1221 1833 τρίτῳ
1268 1755 1526 1828 κεφαλαίῳ
1574 1761 1665 1807 τοῦ
1717 1771 1851 1828 παρ-

1947 674 2201 731 rativam
2214 672 2522 746 superbiae.
2548 674 2711 732 Misit
2736 679 2934 731 autem
2959 673 3175 746 digitos
3194 687 3336 731 suos
3352 673 3414 730 in
3426 690 3602 732 aures

1948 763 2078 834 ejus
2111 784 2123 816 :
2148 777 2332 817 unum
2357 761 2603 836 quidem
2625 762 2847 819 dextrae
2872 777 3092 820 manus
3121 763 3184 820 in
3204 762 3477 821 dextram
3499 779 3604 821 au-

1949 867 2095 917 rem,
2120 867 2432 924 unumque
2449 851 2700 908 sinistra:
2730 850 2790 907 in
2809 851 3130 918 sinistram,
3144 856 3382 925 propter
3411 867 3602 926 angu-

1950 941 2125 996 stiam
2172 956 2238 998 ac
2289 939 2754 1013 profunditatem
2806 941 3062 1007 auditus,
3103 947 3161 1000 et
3201 941 3363 999 hunc
3401 945 3600 1000 acuat.

1953 1033 2182 1086 Poterat
2207 1045 2447 1102 quoque
2472 1034 2528 1086 et
2553 1030 2669 1086 alio
2708 1030 2890 1088 modo
2915 1032 3077 1088 hunc
3106 1047 3314 1089 curare
3342 1043 3360 1089 ξ
3393 1031 3501 1089 sed
3522 1032 3605 1090 ita

1953 1120 2198 1186 curavit,
2226 1124 2284 1175 ut
2312 1120 2598 1176 sciremus
2637 1135 2878 1177 omnem
2909 1125 3144 1194 partem
3171 1122 3362 1178 sancti
3395 1137 3604 1194 corpo-

1953 1211 2034 1267 ris
2065 1210 2250 1282 ipsius
2279 1209 2482 1266 divina
2525 1209 2766 1282 plenam
2805 1226 2934 1267 esse
2971 1210 3200 1268 virtute.
3250 1211 3397 1268 Ecce
3448 1211 3608 1268 enim

1953 1305 2191 1372 sputum
2222 1300 2402 1356 etiam
2451 1299 2822 1357 immaculati
2851 1300 2974 1357 oris
3014 1301 3127 1368 sui,
3171 1316 3293 1375 quo
3339 1300 3610 1372 linguam

1955 1389 2142 1458 tetigit
2191 1388 2562 1460 impeditam,
2609 1389 2879 1447 divinam
2923 1405 3169 1463 quoque
3216 1389 3614 1464 participabat

1956 1478 2256 1544 virtutem,
2289 1493 2360 1534 ac
2388 1479 2638 1535 omnino
2680 1484 3056 1536 excrementa
3104 1479 3286 1536 divini
3343 1479 3614 1552 corporis

1955 1565 2163 1623 omnia
2191 1569 2403 1623 sancta
2448 1571 2632 1636 erant,
2667 1571 2872 1640 utpote
2910 1565 3042 1625 talis
3079 1567 3350 1642 corporis
3378 1567 3612 1627 :solum

1958 1660 2158 1712 autem
2190 1654 2612 1728 operabantur,
2643 1655 2792 1712 dum
2820 1655 3015 1724 vellet.

2028 1744 2320 1801 Praeterea
2358 1745 2642 1802 vicesimo
2679 1744 2850 1801 tertio
2879 1744 3182 1818 prmeentis
3228 1744 3615 1820 Evangelistaa

256 1861 392 1916 όντος
460 1850 850 1922 Εὑαγγελιστοῦ
919 1832 1121 1919 πτυίλῳ
1193 1850 1324 1921 πρὸς
1412 1849 1504 1903 τὴν
1581 1846 1852 1917 θεραπείαν

1997 1833 2173 1906 apite,
2209 1837 2386 1906 sputo
2417 1832 2596 1890 etiam
2622 1850 2762 1890 usus
2793 1838 2884 1890 est
2915 1834 2994 1892 ad
3050 1834 3190 1892 caci
3223 1836 3614 1907 curationem,

256 1947 526 2019 ἐχρήσατο
554 1946 647 1992 τοῦ
694 1937 908 2010 τυφλοῦ,
940 1941 1026 1990 καὶ
1076 1935 1125 1988 ἐν
1168 1943 1240 2006 τῷ
1272 1932 1474 2006 δεκάτῳ
1523 1929 1582 1986 δὲ
1621 1941 1712 1986 τοῦ
1741 1933 1852 1986 Ἰω-

259 2038 423 2098 άννου,
468 2032 554 2083 ὅτε
583 2031 671 2080 τὸν
714 2025 770 2080 ἐκ
811 2035 1016 2099 γενετῆς
1071 2026 1188 2097 (59)
1235 2023 1424 2096 τυφλὸν
1465 2023 1672 2076 ἰάσατο.
1717 2029 1855 2075 T06-

263 2141 315 2174 το
368 2117 426 2172 δε
477 2117 643 2170 ἐποίει
696 2119 823 2191 πρὸς
895 2120 1154 2168 πίστωσιν
1215 2122 1308 2176 τῆς
1376 2115 1642 2185 ἠνωμένης
1715 2111 1855 2182 αὐτῷ

276 2212 516 2269 θεότητος.
567 2213 686 2268 Πῶς
722 2208 825 2280 γὰρ
882 2206 946 2257 ἄν
985 2203 1233 2280 ἐνήργουν
1291 2208 1476 2272 ταῦτα,
1517 2201 1562 2254 εἰ
1603 2207 1675 2274 μή
1727 2205 1860 2262 Θεὸς

280 2295 380 2364 iv;

351 2391 449 2440 Καὶ
479 2383 757 2456 ἂναϐλέψας
798 2415 867 2426 -
897 2382 1084 2460 ὀρθῶς.
1117 2379 1388 2453 Ἀνίϐλεψε
1417 2384 1506 2454 μιν
1535 2379 1607 2441 εἰς
1654 2382 1740 2432 τὸν
1769 2379 1859 2433 06-

270 2480 438 2553 ρανὸν,
474 2471 740 2527 διδάσκων
768 2477 891 2534 τοὺς
927 2472 1197 2546 μέλλοντας
1246 2473 1541 2547 θεραπεύειν
1569 2473 1700 2544 πρὸς
1731 2472 1860 2524 Θεὸν

272 2565 478 2638 ἀφορᾷν,
510 2569 600 2616 καὶ
626 2562 748 2638 παρ’
803 2563 962 2615 αὐτοῦ
1007 2558 1228 2633 δύναμιν
1281 2560 1440 2613 αἰτεῖν
1473 2580 1484 2592 ·
1520 2558 1752 2622 ἐστέναξε
1779 2555 1858 2624 δι,

264 2653 712 2727 ἑπικαμπτὸμενος
740 2659 848 2714 τοῖς
873 2653 1065 2704 πάθεσι
1092 2657 1182 2703 1'06
1218 2648 1513 2722 ἀνθρώπου,
1533 2652 1618 2700 καί
1649 2665 1860 2700 κατοικ-

259 2750 437 2820 τείρων
490 2748 587 2802 τήν
639 2741 960 2817 ἀνθρωπίνην
999 2743 1174 2814 φύσιν,
1232 2740 1395 2801 οὕτως
1447 2738 1861 2814 ἕπηρεαζομίνην

260 2836 360 2887 ὑπὸ
397 2853 454 2886 τε
485 2838 653 2886 νόσων
682 2837 773 2884 καὶ
804 2827 1086 2905 δαιμόνων,
1117 2826 1209 2882 διὰ
1238 2834 1332 2888 τὴν
1353 2837 1443 2890 τῆς
1469 2828 1672 2889 ἐντολῆς
1699 2828 1865 2900 παρά-

263 2922 438 2976 ϐασιν.

339 3016 439 3065 Καὶ
466 3007 792 3064 διεστείλατο
820 3039 884 3050 --
912 3007 1100 3062 λαλεῖν.
1132 3013 1236 3068 Τὴν
1257 3007 1450 3078 αἰτίαν,
1477 3003 1548 3061 δι’
1575 3006 1634 3066 ἣν
1656 3011 1865 3080 παρήγ-

264 3101 401 3176 γειλε
442 3106 619 3172 σιγᾷν,
658 3099 932 3174 εἰρήκαμεν
973 3095 1253 3172 διαφόρως.

571 3300 716 3350 ΚΕΦ.
749 3293 870 3351 ΚΑ’.
906 3298 1030 3368 Περὶ
1069 3313 1168 3348 των
1209 3293 1337 3347 ἐπτὰ
1367 3294 1557 3367 ἄρτων.

339 3403 422 3456 Ἐν
495 3401 711 3466 ἐκείναις
777 3433 846 3444 -
902 3403 1142 3461 ἣκουσιν.
1218 3404 1439 3476 Εἴρηται
1498 3403 1619 3474 περὶ
1674 3402 1869 3453 τούτων

263 3493 356 3546 ἐπὶ
421 3491 600 3554 τελους
679 3498 772 3545 τοῦ
845 3497 1160 3567 τριακοστοῦ
1237 3490 1515 3564 κεφαλαίου
1579 3497 1672 3544 τοῦ
1736 3492 1872 3542 κατὰ

263 3584 558 3638 Ματθαῑον.

339 3674 446 3728 Καὶ
499 3671 858 3744 ἀπεκρίθησαν
910 3701 980 3714 -—
1026 3677 1098 3742 τῷ
1155 3668 1318 3742 ὄχλῳ.
1373 3669 1595 3732 Διέξεισι
1628 3674 1718 3722 καὶ
1759 3673 1874 3744 περὶ

263 3765 469 3816 τούτων
489 3765 549 3814 τὸ
572 3762 883 3834 τριακοστὸν
921 3767 1125 3833 πρῶτον
1155 3759 1428 3832 κεφάλαιον
1456 3767 1546 3812 τοῦ
1575 3761 1709 3812 κατὰ
1737 3762 1873 3816 Mar-

270 3853 444 3905 θαῖον.

346 3941 450 3990 Καὶ
493 3935 638 4010 εἶχον
667 3969 737 3979 --
795 3937 1004 4000 αὐτούς.
1048 3943 1148 3992 Καὶ
1189 3945 1358 3993 ταῦτα
1390 3937 1438 3992 ἰν
1490 3937 1665 4012 ἰκείνῳ
1704 3941 1880 4015 ἡρμή-

263 4047 471 4080 νευται.

347 4121 454 4170 Καὶ
499 4115 680 4178 εὐθέως
728 4149 796 4158 -
855 4117 1029 4172 αὐτόν.
1071 4117 1210 4171 Ἐκεῖ
1253 4117 1343 4172 καί
1384 4122 1502 4193 περὶ
1555 4121 1751 4173 τούτων
1804 4118 1880 4195 ἰρ-

263 4206 438 4281 sses.

349 4299 456 4348 Καὶ
497 4293 844 4358 ἀναστενάξας
897 4327 961 4338 -
1015 4295 1254 4358 ἐπιζητεῖ
1309 4296 1575 4370 ;Ὀμοίως
1625 4302 1714 4352 καὶ
1765 4301 1883 4372 περὶ

262 4387 494 4438 τούτων.
542 4388 612 4437 Τό
655 4381 732 4456 δὲ,
765 4389 828 4437 Τί
861 4393 1095 4458 σημεῖον,
1134 4384 1247 4439 ἀντὶ
1277 4394 1388 4452 1'06,
1422 4388 1597 4440 ὁποῖον
1646 4395 1882 4461 σημεῖον.

263 4473 343 4526 Ἦ
367 4479 440 4540 τί,
473 4471 588 4525 ἀντὶ
627 4480 741 4541 τοῦ,
770 4471 943 4534 διατί,
980 4481 1148 4547 Ἔγνω
1178 4475 1292 4548 (60)
1321 4478 1420 4551 γὰρ
1451 4481 1545 4535 τὴν
1582 4476 1771 4548 αἰτίαν,
1810 4473 1883 4529 δι’

267 4563 337 4621 ἣν
367 4570 609 4616 τοιοῦτου
638 4571 850 4636 σημεῖον
881 4564 1181 4626 ἐπεζήτουν.

351 4741 522 4814 Ἀμὴν
555 4739 688 4814 λέγω
713 4771 782 4784 -
811 4744 974 4816 ταύτῃ
1019 4749 1252 4815 σημεῖον.
1312 4741 1400 4816 [Εἰ
1431 4739 1741 4810 δοθήσεται,
1772 4741 1889 4796 ἀντὶ

267 4839 396 4901 τοῦ,
435 4830 498 4883 06
559 4826 859 4890 δοθήσεται.
903 4829 1124 4905 ’ἰδίωμα
1155 4835 1257 4905 γὰρ
1297 4839 1452 4886 τοῦτο
1493 4839 1591 4896 τῆς
1617 4829 1891 4909 Ἐϐραίδος

268 4918 589 4974 διαλέκτου.

361 5015 467 5064 Καὶ
534 5009 680 5083 ἀφεὶς
749 5011 940 5074 αὐτοὺς
1003 5043 1068 5054 -
1120 5013 1192 5076 εἰς
1258 5017 1314 5067 τὸ
1376 5018 1556 5089 πέραν.
1625 5014 1741 5069 Ἔτι
1805 5021 1896 5069 καὶ

266 5106 404 5176 περὶ
433 5102 627 5153 τούτων
668 5099 716 5154 ἐν
745 5099 918 5174 ἐκείνῳ
948 5109 1020 5173 τῷ
1050 5103 1310 5176 κεφαλαίῳ
1341 5099 1660 5164 διείληπται.

1962 1921 2060 1981 Ad
2086 1922 2209 1978 haec
2237 1923 2486 1979 Joannis
2515 1922 2708 1996 capite
2737 1922 2990 1991 decimo,
3033 1923 3282 1998 quando
3328 1940 3557 1982 ctecum
3581 1941 3619 1984 a

1964 2011 2266 2068 nativitate
2292 2011 2539 2068 curavit.
2571 2011 2693 2069 Hoc
2719 2017 2918 2070 autem
2947 2014 3179 2085 agebat,
3219 2016 3287 2070 ut
3323 2013 3508 2072 ﬁdem
3537 2013 3620 2071 fa-

1965 2105 2124 2157 ceret
2149 2101 2327 2157 unitee
2357 2100 2471 2158 sibi
2508 2101 2832 2159 divinitatis
2862 2117 2881 2157 :
2911 2118 3034 2177 quo
3072 2102 3234 2161 enim
3262 2105 3439 2178 pacto
3488 2102 3620 2161 haec

1964 2193 2330 2262 operaretur,
2357 2189 2470 2247 nisi
2489 2191 2644 2248 Deus
2662 2194 2820 2248 esset
2845 2192 2874 2248 ?

2038 2370 2202 2426 Vcrs.
2235 2370 2323 2426 34.
2349 2370 2424 2425 Et
2451 2369 2765 2442 suspiciens
2787 2402 2854 2413 —
2879 2371 3044 2428 Vcrs.
3074 2371 3165 2428 35.
3197 2377 3374 2431 recte.
3410 2372 3626 2448 suspe-

1967 2459 2052 2515 xit
2073 2460 2134 2516 in
2162 2459 2402 2527 caelum,
2434 2459 2658 2517 docens
2682 2477 2807 2528 eos,
2834 2461 2939 2534 qui
2959 2460 3108 2519 alios
3131 2466 3304 2520 erant
3334 2462 3624 2533 sanaturi,

1969 2549 2048 2604 ad
2080 2550 2266 2606 Deum
2289 2564 2574 2621 aspicere,
2605 2554 2664 2607 et
2691 2550 2971 2608 virtutem
3001 2550 3080 2608 ab
3111 2567 3183 2608 eo
3211 2555 3431 2625 petere.
3459 2554 3628 2623 Ingc-

1970 2638 2113 2695 muit
2142 2643 2366 2710 autem,
2401 2646 2598 2695 motus
2623 2639 2887 2696 hominis
2931 2639 3375 2707 afﬂictionibus,
3414 2656 3486 2698 ac
3516 2641 3626 2698 hu-

1972 2743 2163 2785 manae
2192 2727 2466 2784 misertus
2504 2734 2751 2795 natura,
2792 2744 2925 2802 quas
2955 2733 3081 2786 tum
3139 2745 3176 2787 a
3217 2729 3625 2796 daemonibus,

1978 2823 2105 2875 tum
2129 2817 2666 2874 abinﬁrmitatibus
2693 2818 2847 2876 adeo
2871 2818 3191 2892 impetitur,
3223 2826 3458 2893 prapter
3477 2835 3629 2894 prai-

1975 2907 2129 2981 cepti
2156 2907 2716 2976 transgressionem.

2047 2999 2209 3052 Vers.
2238 2996 2322 3052 35.
2353 2996 2427 3051 Et
2449 2997 2727 3067 praecepit
2747 2998 2982 3053 —Vers.
3011 3001 3106 3057 37.
3141 2997 3322 3070 loqui.
3349 2998 3629 3067 Causam,

1975 3085 2055 3143 ob
2084 3099 2272 3158 quam
2295 3089 2490 3142 tacere
2521 3084 2919 3159 prmeipiebat,
2949 3087 3127 3144 variis
3157 3087 3220 3143 in
3281 3087 3428 3146 locis
3474 3086 3634 3145 dixi-

1903 3197 1946 3256 ρ
1980 3191 2140 3234 mus.

2314 3317 2465 3372 CAP.
2493 3317 2636 3373 XXI.
2667 3317 2753 3374 De
2773 3321 2990 3387 septem
3011 3315 3274 3388 panibus.

2051 3405 2220 3464 CAP.
2255 3404 2372 3461 VII.
2407 3407 2563 3462 Vers.
2593 3409 2650 3463 1.
2689 3405 2759 3461 In
2786 3404 2932 3465 illis.
2959 3437 3026 3448 —
3055 3407 3215 3462 Vcrs.
3250 3412 3304 3465 3.
3331 3414 3632 3464 venerunt.

1979 3496 2213 3552 Dictum
2236 3500 2328 3552 est
2354 3495 2430 3552 de
2459 3495 2551 3551 his
2577 3494 2638 3552 in
2670 3494 2790 3551 ﬁne
2811 3495 3088 3552 tricesimi
3105 3494 3278 3568 juxta
3296 3496 3634 3555 Matthaum

1981 3585 2214 3659 capitis.

2053 3676 2194 3730 Vers
2222 3676 2276 3730 4.
2309 3673 2382 3730 Et
2411 3674 2867 3744 responderunt.
2911 3675 3174 3733 —Vers.
3215 3679 3268 3732 6.
3321 3673 3528 3733 turba.
3557 3676 3640 3732 De

1983 3764 2075 3821 his
2104 3763 2262 3821 facta
2286 3767 2374 3820 est
2401 3763 2626 3820 mentio
2663 3764 2965 3821 tricesimo
3001 3765 3202 3838 primo
3230 3765 3424 3839 capite
3454 3767 3643 3823 Evan-

1985 3852 2121 3925 gelii
2153 3853 2488 3910 secundum
2515 3853 2874 3911 Matthmum.
3419 3903 3422 3905 λ

2058 3945 2222 4000 νοτεο
2245 3948 2276 4000 7
2300 3943 2379 3999 Et
2413 3941 2699 4000 habebant
2745 3974 2815 3987 —
2846 3943 3013 4001 Vers.
3061 3948 3113 4002 9.
3146 3960 3261 4008 eos.
3295 3944 3487 4004 Etiam
3515 3943 3646 4002 hac

1987 4032 2070 4090 ibi
2101 4031 2400 4090 declarata
2431 4036 2589 4088 sunt.

2061 4123 2224 4178 Vers.
2254 4125 2345 4180 10.
2371 4122 2446 4177 Et
2473 4121 2679 4179 statim
2707 4153 2774 4164 —
2799 4121 2965 4179 Vers.
2995 4126 3078 4182 11.
3102 4138 3250 4182 eum.
3292 4123 3374 4180 ibi
3403 4139 3647 4198 quoque

1989 4213 2063 4268 de
2086 4211 2179 4267 his
2207 4210 2434 4267 dictum
2463 4216 2570 4265 est.

2064 4301 2231 4356 Vers.
2275 4303 2357 4354 t2.
2392 4299 2652 4370 Cumque
2669 4299 3042 4370 ingemuisset
3071 4331 3140 4340 —
3159 4299 3412 4372 requirit
3438 4299 3650 4356 7Simi—

1991 4391 2122 4446 liter
2145 4393 2204 4445 et
2252 4387 2328 4444 de
2369 4387 2484 4442 his.
2529 4392 2594 4441 Τί
2637 4404 2778 4444 vero
2831 4388 3168 4459 signiﬁcare
3211 4393 3408 4461 potest
3455 4389 3646 4461 quid:

1994 4479 2056 4537 id
2085 4484 2190 4549 est,
2223 4479 2298 4534 ad
2327 4476 2475 4550 quid
2503 4476 2532 4531 Τ
2552 4493 2742 4549 quare
2763 4477 2792 4532 Ἰ
2817 4477 2987 4546 Quod
3020 4491 3032 4530 :
3069 4478 3184 4534 hoc
3218 4481 3330 4542 est,
3368 4479 3547 4551 quale
3578 4479 3655 4534 si-

1995 4566 2226 4642 gnum?
2255 4567 2481 4624 sciebat
2508 4582 2790 4639 namque,
2825 4566 2902 4624 ob
2945 4583 3132 4640 quam
3152 4582 3403 4624 causam
3453 4567 3657 4640 hujus-

1997 4657 2164 4717 modi
2189 4657 2430 4727 signum
2459 4655 2844 4727 requirerent.
3418 4723 3423 4728 _

2070 4750 2234 4804 Vcrs.
2274 4746 2361 4802 12.
2385 4747 2558 4802 Amen
2583 4745 2708 4802 dico
2733 4776 2800 4787 —
2831 4745 2966 4802 huic
3002 4747 3252 4818 signum.
3302 4746 3362 4802 Si
3396 4746 3658 4812 dabitur,

2003 4838 2065 4895 id
2094 4841 2202 4902 est,
2241 4851 2365 4892 non
2395 4834 2669 4892 dabitur:
2717 4834 2834 4892 hoc
2886 4833 3050 4892 enim
3084 4835 3305 4909 linguae
3359 4835 3664 4894 Hebraicis

2005 4927 2232 4984 idioma
2259 4930 2367 4982 est.

2080 5019 2240 5084 Vers,
2270 5017 2358 5072 l3.
2391 5015 2469 5070 Et
2488 5015 2736 5071 dimissis
2764 5016 2843 5072 eis
2869 5045 2940 5056 ——
2977 5016 3037 5071 iu
3065 5014 3406 5072 ulteriorem
3445 5030 3662 5086 ripam.

2013 5107 2307 5163 Praeterea
2333 5108 2391 5160 et
2409 5103 2484 5160 de
2511 5103 2605 5160 his
2642 5103 2704 5159 in
2730 5102 2829 5160 illo
2865 5103 3055 5176 capite
3083 5103 3460 5177 disputatum
3485 5108 3595 5161 est.

1504 5283 1734 5354 Variae
1789 5285 2122 5357 lectiones
2153 5294 2225 5356 et
2262 5292 2466 5353 notae.

361 5476 481 5550 (58)
522 5481 711 5545 Μόνον,
740 5475 933 5545 abest,
966 5478 1035 5533 Α.

388 5552 484 5692 59ζ
525 5555 796 5620 Γιννητῆς,
841 5555 910 5605 Α.

387 5625 460 5677 60
522 5624 655 5678 Hinc
679 5622 890 5692 ultima

522 5624 655 5695 ijzec
679 5622 890 5695 ultima
918 5636 1063 5695 pars
1092 5620 1274 5692 hujus
1314 5621 1830 5695 interpretationis
1851 5623 1919 5695 in

2020 5482 2304 5554 leguntur
2332 5495 2368 5537 a
2393 5493 2526 5554 cap,
2579 5495 2675 5537 vin
2708 5494 2859 5546 vers,
2896 5477 2982 5554 52,
3023 5494 3062 5536 a
3096 5477 3296 5554 verbis
3336 5477 3494 5554 ἀμήν,
3545 5479 3678 5551 λέγω

2023 5549 2279 5627 ὑμῖῖνζᾶά
2326 5549 2484 5627 c_ap_.'
2513 5567 2635 5618 vm,
2683 5567 2835 5627 vers.
2889 5551 2980 5621 34,
3021 5549 3220 5616 verba,
3265 5549 3530 5627 μαθηταῖς
3571 5549 3680 5627 ἀὺ-

2027 5621 2122 5698 τοῦ
2154 5623 2310 5698 simu.
2352 5621 2419 5698 in'
2438 5622 2919 5698 interpretatione
2943 5629 3142 5681 autem
3167 5621 3298 5698 quas
3328 5621 3683 5692 exciderint,

268 5691 502 5769 codice
532 5693 572 5747 Β
597 5691 868 5769 radendo
898 5691 1136 5750 sublata
1178 5691 1288 5750 est.
1316 5691 1672 5769 fras—terea,
1694 5694 1924 5752 excide-
2032 5697 2127 5756 his
2157 5695 2345 5769 signis
2389 5693 2480 5769 [Ἴ
2514 5691 2796 5756 indicavi.

266 5771 436 5824 runt
474 5765 695 5822 hmczln
726 5768 1004 5821 contextu
1033 5781 1200 5822 sacro
1229 5764 1472 5839 quidem
1500 5783 1598 5825 om
1615 5765 1927 5841 nino,qua:
