4188 6492
239 387 336 444 813

236 520 334 586 γεί,
406 508 480 564 δι’
550 510 789 584 ὡφελιιαν
871 517 971 562 τῶν
1036 508 1269 583 ὁρώντων
1302 521 1313 534 ’

240 599 390 671 ἰδίαν,
435 597 528 653 διὰ
572 603 634 652 τό
676 602 876 672 φεύγειν
918 602 1006 651 τόν
1055 599 1282 660 ἔπαινον,
1343 595 1414 653 ὡς
1459 593 1624 662 τύφου
1649 606 1830 660 γεννη-

238 697 392 745 τικόν.
432 688 624 745 Ἐϐαλε
676 686 735 742 δε
785 692 902 749 τούς
954 683 1243 746 δακτύλους
1283 681 1441 736 αύτοῦ
1488 680 1554 740 εἰς
1605 679 1672 731 τὰ
1723 673 1830 728 ὦτα

241 781 411 846 αὑτοῦ,
441 779 528 832 ἕνα
569 781 659 852 μεν
696 785 788 840 τῆς
836 775 1008 840 δεξιᾶς
1050 779 1252 848 χειρός,
1293 773 1364 835 εἰς
1405 778 1555 824 τοῦτο
1599 771 1656 820 τό
1696 762 1780 826 οὖς
1813 783 1826 796 ⁸

241 875 326 924 ἕνα
360 867 416 922 δὲ
449 875 540 929 τῆς
588 867 882 942 ἀριστερᾶς,
933 865 1005 927 εἰς
1043 865 1224 930 ἐκεῖνο,
1272 859 1365 916 διὰ
1419 863 1474 912 τὸ
1521 859 1694 911 στενόν
1741 860 1831 907 καὶ

244 959 376 1033 βαθύ
402 967 498 1020 τῆς
526 959 705 1020 ἀκοῆς,
740 957 821 1007 ἶνα
864 954 979 1028 θίξη
1031 957 1226 1015 ταύτης
1265 995 1276 1006 .
1323 947 1584 1003 Ἠδύνατο
1629 943 1688 1000 δι
1741 949 1831 997 καὶ

247 1054 419 1123 τρόπον
471 1047 635 1120 ἕτερον
693 1048 1009 1118 θεραπεῦσαι
1066 1043 1243 1111 αὐτὸν,
1304 1039 1410 1092 ἀλλ’
1472 1040 1554 1090 ἱνα
1611 1044 1830 1109 γνῶμεν,

245 1141 323 1191 ὅτι
360 1143 456 1190 πᾶν
504 1140 659 1209 μέρος
711 1141 802 1186 τοῦ
848 1133 1000 1205 ἁγίου
1053 1139 1292 1204 σώματος
1345 1130 1504 1181 αύτού
1560 1129 1697 1187 θείας
1742 1121 1834 1177 δυ-

243 1231 428 1300 νάμεως
465 1228 656 1298 μεστόν
697 1221 758 1282 ἦν
811 1265 823 1278 .

245 1317 507 1391 ἄχραντον)
563 1318 840 1386 στόματος,
899 1311 1012 1384 μεθ’
1074 1311 1132 1362 ού
1185 1319 1276 1371 τῆς
1342 1316 1542 1380 por/r2;
1592 1304 1836 1376 γλώσσης

878 1220 1020 1276 Ἰδού
1078 1225 1178 1297 γὰρ
1234 1225 1324 1272 καὶ
1372 1223 1429 1271 τό
1469 1216 1682 1270 πτύελον
1743 1222 1835 1267 τοῦ

246 1407 432 1478 ἣψατό,
483 1405 618 1464 θείας
655 1409 865 1474 μετεῖχε
907 1398 1192 1472 δυνάμεως,
1245 1403 1333 1450 καὶ
1379 1399 1550 1449 πάντα
1597 1391 1655 1447 δε
1709 1394 1836 1446 πάν-

241 1515 341 1556 τως
367 1497 431 1546 τά
457 1497 829 1565 περιττώματα
856 1497 947 1542 τοῦ
980 1485 1287 1562 θεανδρικοῦ
1327 1493 1565 1558 σώματος
1595 1483 1725 1555 ἅγια
1751 1479 1832 1548 ἧν,

242 1587 312 1646 ὡς
342 1584 584 1636 τοιούτου
635 1586 896 1653 σώματος.
942 1578 1222 1652 Ἐνήργουν
1277 1572 1336 1630 δι
1384 1579 1535 1648 μόνον
1593 1573 1727 1645 (58),
1756 1573 1837 1624 ὅτε

241 1672 405 1732 ἤθελε.

318 1765 414 1814 Καὶ
460 1759 511 1812 ἐν
558 1767 631 1830 τῷ
680 1758 896 1828 εἰκοστῷ
954 1752 1014 1810 δε
1055 1760 1212 1831 τρίτῳ
1258 1753 1516 1826 κεφαλαίῳ
1565 1759 1655 1805 τοῦ
1707 1770 1842 1826 παρ-

1379 370 1751 434 COMMENT.
1795 368 1866 425 IN
1905 365 2234 425 MARCUM.
2277 398 2342 408 —
2383 366 2540 425 CAP.
2583 367 2728 425 VIII.

1379 505 1503 556 ποτε
1582 496 1663 568 δὴ,
1729 515 1828 549 κατ
1858 494 1906 550 Α
1936 493 2197 560 rebatur,
2221 493 2876 567 propterspectantium
2907 492 3217 551 utilitatem
3250 492 3590 551 :interdum

3487 365 3593 424 814

1936 598 2078 639 vero
2108 582 2452 656 separatim,
2483 587 2548 639 ut
2573 582 2814 640 laudem
2841 581 3091 656 fugeret,
3110 586 3400 656 tanquam
3417 597 3594 656 gene-

1937 671 2191 729 rativam
2204 671 2512 744 superbiae.
2539 671 2702 730 Misit
2727 677 2924 729 autem
2949 671 3166 745 digitos
3184 685 3327 729 suos
3343 671 3404 729 in
3416 688 3593 731 aures

1938 761 2068 832 ejus
2101 782 2114 815 :
2138 775 2322 816 unum
2347 759 2594 834 quidem
2615 760 2837 817 dextrae
2863 775 3083 818 manus
3112 761 3175 818 in
3195 760 3468 820 dextram
3489 777 3594 820 au-

1939 865 2086 914 rem,
2111 865 2422 922 unumque
2439 849 2690 906 sinistra;
2720 849 2781 905 in
2799 849 3119 915 sinistram,
3135 855 3373 923 propter
3402 866 3592 924 angu-

1941 939 2116 994 stiam
2162 954 2228 995 ac
2279 937 2745 1010 profunditatem
2797 939 3052 1005 auditus,
3095 945 3151 998 et
3191 940 3354 997 hunc
3392 943 3590 999 acuat.

1942 1031 2172 1084 Poterat
2197 1043 2438 1101 quoque
2463 1032 2518 1084 et
2543 1028 2660 1085 alio
2699 1028 2880 1086 modo
2905 1030 3067 1086 hunc
3097 1045 3304 1088 curare
3333 1042 3351 1087 ξ
3383 1030 3490 1088 sed
3513 1030 3596 1088 ita

1943 1118 2188 1185 curavit,
2217 1122 2275 1173 ut
2302 1118 2588 1174 sciremus
2627 1133 2869 1175 omnem
2900 1123 3135 1193 partem
3160 1120 3352 1177 sancti
3385 1135 3594 1192 corpo-

1943 1209 2024 1266 ris
2055 1208 2240 1280 ipsius
2270 1206 2472 1264 divina
2515 1207 2756 1280 plenam
2795 1224 2924 1266 esse
2961 1208 3190 1266 virtute.
3241 1209 3387 1267 Ecce
3438 1209 3598 1267 enim

1943 1303 2182 1370 sputum
2212 1298 2391 1354 etiam
2441 1297 2813 1355 immaculati
2841 1298 2964 1355 oris
3005 1299 3117 1366 sui,
3160 1314 3284 1372 quo
3329 1299 3600 1370 linguam

1945 1386 2132 1457 tetigit
2181 1386 2553 1458 impeditam,
2599 1386 2869 1445 divinam
2913 1403 3159 1461 quoque
3207 1387 3604 1462 participabat

1947 1476 2246 1542 virtutem,
2279 1491 2350 1532 ac
2378 1478 2628 1533 omnino
2671 1482 3045 1535 excrementa
3094 1477 3276 1535 divini
3333 1478 3604 1551 corporis

1946 1563 2153 1621 omnia
2182 1567 2394 1621 sancta
2438 1569 2622 1633 erant,
2657 1569 2861 1638 utpote
2899 1564 3032 1623 talis
3069 1565 3340 1640 corporis
3369 1565 3602 1625 :solum

1949 1659 2148 1710 autem
2181 1652 2602 1726 operabantur,
2633 1653 2782 1710 dum
2811 1653 3005 1713 vellet.

2019 1742 2310 1799 Prmterea
2348 1743 2632 1800 vicesimo
2669 1742 2840 1800 tertio
2870 1743 3172 1816 praesentis
3219 1743 3605 1818 Evangelistm

244 1859 383 1913 ὁντος
451 1847 840 1920 Εύαγγε).ιστού
909 1845 1112 1917 πτυίλῳ
1184 1848 1314 1919 πρὸς
1402 1847 1494 1901 τὴν
1571 1844 1842 1915 θεραπείαν

1988 1831 2163 1904 apite,
2198 1836 2376 1904 sputo
2407 1831 2586 1888 etiam
2612 1848 2752 1888 usus
2784 1836 2874 1888 est
2905 1832 2984 1890 ad
3041 1832 3180 1890 casei
3213 1834 3604 1904 curationem,

244 1944 516 2017 ἐχρήσατο
543 1944 638 1990 τοῦ
685 1935 898 2008 τυφλοῦ,
930 1940 1016 1988 καί
1065 1933 1115 1986 ἓν
1158 1941 1229 2004 τῷ
1262 1930 1464 2004 δεκάτῳ
1513 1928 1572 1984 δὲ
1610 1938 1702 1983 τοῦ
1730 1931 1842 1984 ἰω-

247 2035 413 2096 εἱννου,
458 2030 546 2081 ὅτε
574 2029 661 2078 τόν
705 2024 761 2077 ἐκ
802 2033 1006 2097 γενετῆς
1062 2024 1178 2095 (59)
1225 2021 1414 2095 τυφλόν
1455 2021 1662 2074 ἰάσατο.
1707 2027 1845 2073 Τοῦ-

251 2139 304 2172 το
358 2115 416 2170 δι
466 2115 632 2168 ἐποίει
686 2117 812 2189 πρὸς
885 2118 1144 2166 πίστωσιν
1205 2120 1298 2174 τῆς
1366 2112 1632 2182 ἡνωμένης
1705 2109 1845 2180 αὐτῷ

265 2209 506 2267 θεότητος.
559 2211 676 2266 Πῶς
712 2206 815 2278 γὰρ
872 2204 936 2255 ἄν
976 2200 1223 2278 ἐνήργουν
1281 2207 1466 2270 ταῦτα,
1507 2199 1551 2252 εἰ
1593 2205 1665 2272 μή
1717 2202 1850 2260 Θεὸς

273 2292 294 2310 9

269 2311 370 2361 m;

341 2389 440 2437 Καὶ
469 2381 748 2454 ἀναϐλέψας
788 2413 857 2423 -
887 2380 1074 2457 ὀρθῶς.
1107 2378 1378 2451 Ἀνέϐλεψε
1407 2382 1496 2452 μὲν
1525 2378 1597 2439 εἰς
1643 2381 1730 2430 τὸν
1759 2377 1849 2431 ού-

263 2476 429 2551 ρανόν,
464 2469 730 2524 διδάσκων
758 2474 881 2532 τοὺς
917 2470 1187 2544 μέλλοντας
1236 2471 1531 2545 θεραπεύειν
1560 2471 1690 2542 πρὸς
1721 2470 1849 2522 Θεὸν

262 2563 468 2636 ἆφορᾲν,
500 2566 590 2614 καὶ
616 2560 739 2636 παρ’
793 2560 952 2613 αὐτοῦ
997 2556 1218 2632 δύναμιν
1271 2558 1430 2610 αἰτεῖν
1463 2577 1475 2590 ·
1511 2556 1742 2620 ἐστέναξε
1769 2553 1848 2623 δὲ,

253 2651 702 2724 ἐπικαμπτόμενος
730 2656 839 2712 τοίς
863 2651 1055 2702 πάθεσι
1082 2655 1172 2701 τοῦ
1208 2646 1503 2720 ἀνθρώπου,
1524 2649 1608 2698 καὶ
1639 2663 1850 2698 κατοικ-

247 2747 428 2817 τείρων
479 2745 577 2800 τὴν
629 2738 950 2814 ἀνθρωπίνην
989 2741 1164 2811 φύσιν,
1222 2738 1384 2800 οὕτως
1437 2736 1851 2812 ἕπηρεαζομίνην

249 2833 350 2884 ύπό
388 2850 444 2884 τε
476 2835 643 2884 νόσων
672 2834 763 2882 καὶ
794 2825 1076 2902 δαιμόνων,
1107 2824 1199 2880 διὰ
1228 2831 1322 2886 τὴν
1343 2835 1433 2888 τῆς
1459 2826 1661 2887 ἐντολῆς
1689 2825 1855 2898 παροί-

252 2920 428 2974 ϐασιν.

329 3014 430 3063 Καὶ
457 3005 782 3062 διεστείλατο
811 3036 874 3048 -
902 3005 1090 3060 λαλεῖν.
1121 3010 1226 3066 Τὴν
1247 3005 1439 3075 αἰτίαν,
1466 3001 1500 3058 δ
1507 3007 1538 3058 ι’
1564 3004 1624 3065 ἣν
1647 3009 1854 3077 παρήγ-

253 3098 391 3174 γειλε
433 3103 609 3170 σιγᾷν,
648 3097 922 3172 εἰρήκαμεν
963 3092 1242 3169 διαφόρως.

559 3297 707 3348 ΚΕΦ.
739 3289 860 3348 ΚΑ’.
896 3296 1020 3366 Περὶ
1058 3311 1158 3345 των
1199 3291 1326 3345 ἑπτὰ
1357 3291 1547 3364 ἄρτων.

329 3401 411 3454 Ἐν
484 3399 701 3463 ὶκείναις
766 3431 836 3442 -
892 3401 1132 3458 ἣκουσιν.
1209 3401 1428 3474 Εἴρηται
1488 3401 1608 3471 περὶ
1664 3399 1858 3451 τούτων

253 3491 348 3544 ἐπὶ
410 3489 590 3552 τέλους
669 3495 762 3542 τοῦ
835 3495 1149 3565 τριακοστοῦ
1227 3487 1504 3562 κεφαλαίου
1569 3494 1662 3541 τοῦ
1726 3489 1862 3540 κατὰ

253 3582 548 3637 Ματθαῑον.

328 3672 436 3724 Καὶ
487 3669 848 3742 ἀπεκρίθησαν
900 3699 970 3710 --
1016 3675 1088 3740 τῷ
1145 3666 1308 3740 ὄχλῳ.
1364 3667 1584 3730 Διέξεισι
1618 3671 1708 3720 καὶ
1749 3672 1864 3742 περὶ

255 3763 459 3812 τούτων
479 3762 538 3812 τό
561 3761 873 3832 τριακοστὸν
911 3765 1115 3831 πρῶτον
1146 3756 1418 3830 κεφάλαιον
1446 3765 1536 3810 τοῦ
1565 3759 1699 3809 κατὰ
1727 3759 1863 3814 Ματ-

261 3849 410 3900 θαίον
420 3889 434 3903 .

335 3939 440 3988 Καὶ
483 3933 628 4008 εἶχον
657 3966 727 3976 —
784 3935 992 3998 αύτούς.
1037 3941 1138 3990 Καὶ
1179 3942 1348 3991 ταῦτα
1379 3935 1428 3990 ἓν
1479 3935 1654 4009 ἐκείνῳ
1693 3939 1870 4012 ἡρμή-

255 4043 460 4077 νευται.

337 4118 444 4167 Καὶ
489 4112 669 4175 εύθίως
717 4145 786 4155 -
845 4114 1019 4170 αύτὸν.
1061 4114 1200 4168 Ἐκεῖ
1243 4115 1332 4169 καί
1373 4120 1492 4191 περὶ
1545 4119 1741 4171 τούτων
1793 4115 1870 4193 ἰρ-

255 4203 428 4279 per».

340 4296 446 4345 Καὶ
487 4290 834 4355 ἀναστενάξας
887 4324 951 4336 -
1005 4293 1244 4356 ἐπιζητεῖ
1299 4294 1564 4368 ;Ὀμοίως
1614 4299 1704 4350 καὶ
1754 4299 1872 4370 περὶ

254 4384 484 4435 τούτων.
532 4386 602 4434 Τό
645 4378 722 4453 δὲ,
756 4387 818 4435 Τί
851 4391 1084 4455 σημεῖον,
1124 4382 1236 4436 ἀντὶ
1267 4391 1377 4450 τοῦ,
1411 4385 1586 4437 ὁποῖον
1635 4392 1871 4458 σημεῖον,

255 4470 333 4523 ’Β
359 4476 430 4537 τί,
462 4468 578 4522 ἀντὶ
616 4478 730 4539 τοῦ,
759 4468 794 4523 δ
800 4476 933 4530 ιατί.
969 4478 1138 4544 Ἔγνω
1167 4473 1281 4546 (60)
1310 4476 1409 4549 γὰρ
1440 4478 1534 4533 τὴν
1571 4474 1761 4546 αἰτίαν,
1799 4471 1872 4527 δι’

258 4560 327 4618 ἣν
359 4567 598 4614 τοιοῦτον
627 4568 840 4633 σημεῖον
870 4561 1171 4623 ἐπεζήτουν.

339 4738 511 4812 Ἀμὴν
544 4736 678 4810 λέγω
702 4769 771 4781 -
799 4741 964 4813 ταύτῃ
1009 4746 1242 4812 σημεῖον.
1301 4738 1389 4813 [Εἰ
1420 4737 1730 4808 δοθήσεται,
1762 4739 1878 4794 ἀντὶ

257 4836 386 4898 τοῦ,
425 4827 488 4880 ού
549 4823 848 4888 δοθήσεται.
892 4826 1114 4902 ’ἰδίωμα
1144 4832 1246 4902 γὰρ
1287 4837 1440 4884 τοῦτο
1483 4837 1580 4893 τῆς
1605 4827 1880 4906 Ἐϐραίδος

260 4915 578 4972 διαλέκτου.

352 5013 457 5062 Καὶ
523 5007 669 5080 ἀφεὶς
739 5008 929 5071 αύτούς
992 5041 1058 5051 -
1109 5011 1181 5073 εἰς
1247 5015 1303 5064 τὸ
1366 5015 1546 5087 πέραν.
1616 5011 1730 5066 "Eri
1795 5018 1886 5067 καὶ

258 5104 394 5174 περὶ
423 5100 616 5151 τούτων
657 5096 705 5151 ἐν
735 5096 908 5171 ἐκείνῳ
937 5107 1010 5171 τῷ
1039 5100 1299 5173 κεφαλαίῳ
1330 5097 1649 5162 διείληπται.

1953 1919 2050 1979 Ad
2075 1920 2200 1976 haec
2228 1921 2476 1977 Joannis
2505 1920 2698 1994 capite
2727 1920 2980 1989 decimo,
3024 1921 3272 1996 quando
3318 1939 3546 1981 cmcum
3571 1939 3610 1982 a

1953 2009 2256 2066 nativitate
2281 2009 2529 2067 curavit.
2561 2009 2683 2067 Hoc
2709 2015 2910 2068 autem
2937 2012 3169 2084 agebat,
3210 2014 3277 2068 ut
3313 2012 3498 2070 ﬁdem
3527 2011 3610 2070 fa-

1955 2102 2114 2155 ceret
2139 2099 2318 2155 unitee
2346 2099 2461 2156 sibi
2497 2099 2822 2158 divinitatis
2852 2115 2872 2155 :
2901 2117 3024 2175 quo
3062 2101 3224 2159 enim
3251 2103 3429 2176 pacto
3478 2100 3610 2159 hinc

1954 2191 2320 2260 operaretur,
2347 2188 2460 2245 nisi
2480 2190 2634 2246 Deus
2652 2193 2810 2247 esset
2835 2191 2864 2246 ?

2028 2368 2192 2424 Vers.
2225 2368 2312 2425 34.
2338 2368 2414 2424 Et
2440 2367 2756 2441 suspiciens
2776 2400 2843 2411 —
2869 2369 3034 2427 Vers.
3065 2369 3155 2426 35.
3187 2375 3364 2429 recte.
3400 2370 3616 2445 suspe-

1956 2457 2042 2512 xit
2063 2458 2125 2514 in
2152 2457 2392 2526 coelum,
2424 2457 2648 2515 docens
2672 2475 2797 2526 eos,
2823 2459 2929 2532 qui
2949 2458 3098 2517 alios
3121 2463 3294 2518 erant
3323 2461 3614 2531 sanaturi,

1959 2547 2038 2602 ad
2070 2548 2256 2604 Deum
2279 2562 2564 2620 aspicere,
2595 2553 2654 2605 et
2681 2548 2961 2606 virtutem
2991 2549 3071 2606 ab
3100 2564 3173 2606 eo
3201 2553 3422 2624 petere.
3450 2551 3618 2621 lnge-

1960 2636 2102 2693 muit
2132 2641 2356 2707 autem,
2391 2643 2588 2693 motus
2613 2637 2877 2694 hominis
2921 2637 3366 2705 afﬂictionibus,
3404 2654 3477 2696 ac
3505 2639 3616 2697 bu-

1961 2742 2153 2783 manae
2182 2725 2456 2782 misertus
2495 2732 2740 2794 natura,
2782 2743 2914 2800 qum
2945 2731 3070 2784 tum
3128 2743 3166 2785 a
3206 2727 3615 2795 daemonibus,

1967 2821 2095 2874 tum
2119 2815 2656 2872 abinﬁrmitatibus
2682 2816 2837 2874 adeo
2861 2817 3180 2890 impetitur,
3213 2824 3448 2891 prapter
3467 2833 3619 2892 pras-

1965 2905 2119 2978 cepti
2146 2905 2705 2974 transgressionem.

2036 2997 2198 3050 Vers.
2228 2995 2312 3050 35.
2343 2993 2417 3049 Et
2439 2995 2717 3065 ρνωοερίε
2737 2996 2972 3051 —Vers.
3001 2999 3096 3055 37.
3131 2995 3312 3069 loqui.
3339 2996 3620 3065 Causam,

1965 3083 2045 3141 ob
2074 3097 2261 3155 quam
2285 3087 2480 3140 tacere
2511 3082 2908 3156 prmoipiebat,
2938 3086 3116 3142 variis
3146 3085 3209 3142 in
3270 3085 3418 3144 locis
3464 3085 3624 3144 dixi-

1893 3195 1935 3253 C
1970 3189 2129 3232 mus.

2304 3314 2456 3370 CAP.
2483 3314 2626 3371 XXI.
2657 3315 2742 3372 De
2762 3319 2980 3385 septem
3001 3314 3264 3386 panibus.

2041 3403 2210 3462 CAP.
2245 3402 2362 3459 VII.
2398 3405 2553 3460 Vers.
2583 3407 2640 3461 1.
2678 3403 2748 3459 In
2775 3402 2922 3463 illis.
2949 3435 3016 3446 —
3045 3406 3205 3460 Vcrs.
3240 3410 3294 3464 3.
3320 3413 3621 3462 venerunt.

1970 3494 2202 3550 Dictum
2226 3497 2318 3550 est
2344 3493 2420 3550 de
2449 3492 2541 3549 his
2566 3491 2628 3550 in
2661 3492 2780 3549 ﬁne
2801 3493 3077 3550 tricesimi
3095 3492 3268 3566 juxta
3287 3494 3624 3552 Matthmum

1971 3583 2204 3657 capitis.

2042 3674 2184 3728 Vers
2211 3675 2266 3729 4.
2299 3671 2373 3728 Et
2401 3671 2857 3742 responderunt.
2901 3703 2972 3714 —
2991 3672 3164 3731 Vers.
3205 3677 3257 3730 6.
3310 3671 3518 3731 turbas.
3547 3674 3630 3730 De

1972 3762 2065 3819 his
2094 3762 2252 3818 facta
2275 3766 2363 3818 est
2391 3762 2615 3818 mentio
2654 3761 2955 3819 tricesimo
2991 3763 3191 3836 primo
3219 3763 3414 3837 capite
3444 3766 3632 3821 Evan-

1975 3851 2110 3923 gelii
2142 3851 2478 3908 secundum
2505 3851 2863 3908 Matthmum.
3409 3899 3411 3902 .

2048 3942 2212 3998 Vers°
2235 3946 2266 3997 7
2290 3941 2368 3996 Et
2403 3939 2689 3999 habebant
2735 3972 2804 3984 —
2836 3941 3002 3999 Vers.
3051 3946 3103 4000 9.
3136 3958 3250 4006 eos.
3285 3943 3477 4002 Etiam
3505 3942 3635 4000 hac

1977 4030 2060 4088 ibi
2091 4029 2389 4088 declarata
2421 4034 2579 4086 sunt.

2050 4121 2214 4176 Vers.
2244 4123 2334 4178 10.
2360 4119 2436 4174 Ει
2463 4119 2668 4177 statim
2695 4151 2764 4162 —
2789 4119 2954 4177 Vers.
2985 4124 3068 4180 11.
3091 4136 3240 4180 eum.
3281 4121 3364 4179 Ibi
3392 4137 3637 4196 quoque

1978 4210 2052 4266 de
2076 4209 2168 4264 his
2197 4208 2423 4265 dictum
2452 4214 2560 4263 est.

2053 4299 2220 4354 Vers.
2265 4301 2346 4352 l2.
2381 4297 2642 4368 Cumque
2659 4297 3032 4368 ingemuisset
3060 4329 3130 4338 —
3150 4297 3402 4370 requirit
3427 4297 3640 4355 ?Simi-

1981 4389 2112 4444 liter
2135 4391 2194 4442 et
2241 4385 2317 4441 de
2359 4384 2472 4440 his.
2519 4391 2583 4439 Τί
2627 4402 2768 4442 vero
2821 4386 3158 4457 significare
3201 4391 3398 4459 potest
3444 4387 3636 4459 quid:

1983 4477 2046 4534 id
2074 4482 2180 4547 est,
2213 4476 2288 4532 ad
2316 4474 2464 4548 quid
2493 4474 2522 4529 7
2541 4490 2732 4547 quare
2753 4475 2781 4530 ?
2807 4475 2977 4543 Quod
3009 4489 3022 4528 :
3059 4476 3174 4532 hoc
3208 4479 3319 4540 est,
3358 4477 3536 4550 quale
3567 4477 3644 4532 si-

1985 4563 2216 4640 gnum?
2245 4564 2470 4622 sciebat
2498 4579 2780 4637 namque,
2815 4564 2891 4622 ob
2935 4580 3122 4638 quam
3142 4580 3392 4622 causam
3443 4565 3646 4638 hujus-

1986 4655 2153 4715 modi
2179 4655 2420 4725 signum
2448 4653 2834 4725 requirerent.
3408 4721 3413 4726 ἱ

2059 4748 2224 4802 Vers.
2264 4744 2350 4800 12.
2374 4744 2548 4800 Amen
2573 4743 2698 4800 dico
2723 4773 2790 4784 —
2821 4743 2956 4801 huic
2992 4745 3242 4816 signum.
3291 4744 3352 4800 St
3385 4744 3648 4811 dabitur,

1992 4835 2054 4892 id
2083 4839 2191 4900 est,
2231 4849 2354 4891 non
2384 4832 2659 4890 dabitur:
2707 4832 2824 4890 hoc
2876 4831 3039 4890 enim
3073 4833 3295 4907 lingute
3349 4832 3653 4892 Hebraicas

1995 4925 2222 4982 idioma
2249 4928 2356 4980 est.

2070 5017 2230 5082 Vers,
2260 5015 2348 5070 13.
2382 5013 2457 5068 Et
2478 5012 2726 5070 dimissis
2753 5014 2832 5070 eis
2859 5043 2930 5054 —
2967 5014 3027 5068 in
3055 5012 3396 5071 ulteriorem
3435 5028 3651 5084 rapam.

2002 5104 2296 5161 Prmterea
2323 5106 2380 5159 et
2399 5101 2474 5158 de
2501 5101 2594 5158 his
2631 5101 2694 5158 in
2719 5100 2819 5158 illo
2854 5101 3044 5174 capite
3072 5101 3449 5175 disputatum
3475 5107 3584 5159 est.

1493 5280 1723 5352 Varias
1778 5282 2111 5355 lectiones
2143 5292 2215 5354 et
2251 5290 2455 5351 notae.

351 5474 471 5547 (58)
512 5478 700 5544 Μόνον,
729 5473 922 5543 abest,
955 5476 1024 5531 Α.

377 5551 474 5621 59)
515 5553 784 5621 Γεννητῆς,
830 5552 899 5603 Α.

376 5618 473 5693 ρο)
513 5622 644 5693 Ijaac
668 5619 879 5693 ultima
908 5633 1052 5693 pars
1082 5618 1263 5690 hujus
1303 5619 1820 5693 interpretationis
1837 5621 1909 5693 in

2009 5481 2293 5551 leguntur
2321 5493 2358 5534 a
2383 5491 2515 5551 cap,
2569 5492 2664 5534 vin
2697 5492 2848 5544 vers,
2886 5475 2971 5551 l2,
3013 5492 3052 5534 a
3085 5475 3285 5551 verbis
3325 5475 3482 5551 ἀμήν,
3534 5475 3667 5548 λέγω

2013 5547 2268 5625 ὑρῖῐνκειᾶ
2315 5547 2474 5625 c_ap_.'
2503 5565 2625 5616 vm,
2672 5565 2825 5625 vers.
2879 5549 2969 5618 34,
3010 5547 3209 5614 verba,
3254 5547 3519 5625 μαθηταῖς
3560 5547 3668 5625 ab-

2017 5618 2110 5696 τοῦ
2143 5622 2300 5696 εἶπεν.
2340 5618 2407 5696 in'
2428 5621 2908 5696 interpretatione
2932 5627 3132 5678 autem
3156 5618 3288 5696 quas
3317 5618 3671 5689 exciderint,

261 5689 491 5768 codice
521 5691 561 5744 Β
585 5689 857 5768 radendo
887 5689 1124 5768 sublata
1168 5689 1277 5748 est.
1305 5689 1581 5768 frustare
1599 5708 1662 5768 a_
1683 5692 1914 5750 excide-
2021 5695 2116 5754 his
2146 5693 2334 5767 signis
2378 5691 2469 5768 [Ἴ
2503 5689 2786 5753 indicavi.

259 5769 426 5822 runt
463 5763 684 5819 hmaln
715 5766 993 5819 contextu
1022 5779 1189 5820 sacro
1217 5761 1461 5836 quidem
1489 5781 1588 5822 om
1605 5763 1916 5839 nino,quae
