4188 6428
610 423 718 480 815

824 545 976 600 CAP.
1015 540 1172 598 XXII.
1191 538 1273 595 De
1301 536 1588 607 fermento
1617 527 2048 586 Pharisaeorum.

681 637 843 691 Vers.
877 633 962 688 14.
995 631 1067 686 Et
1096 627 1268 685 obliti
1307 627 1445 681 sunt
1472 652 1538 661 —
1572 622 1731 675 Vers.
1766 618 1852 672 15.
1887 611 2160 670 Herodis.
2187 611 2264 664 De

608 725 701 782 his
721 723 894 798 plene
912 719 1178 778 invenies
1225 712 1527 772 tricesimo
1553 705 1819 766 secundo
1859 702 2051 775 capite
2082 699 2266 754 Evan-

609 813 747 887 gelii
772 809 1109 869 secundum
1147 805 1516 862 Matthmum.

682 903 849 959 Vers.
882 904 972 959 16.
1002 899 1079 954 Et
1109 892 1493 966 conferebant
1533 919 1600 929 —
1638 887 1795 941 Vers.
1835 884 1916 939 18.
1950 896 2055 938 nec
2084 892 2266 934 recor-

611 989 882 1051 damini?
909 992 1194 1045 Praeterea
1231 987 1288 1040 et
1323 981 1396 1038 de
1423 980 1534 1036 his.

685 1083 844 1139 Vers.
877 1079 965 1137 19.
995 1074 1244 1145 Quando
1266 1103 1335 1113 —
1367 1070 1526 1126 Vers.
1559 1071 1646 1122 21.
1667 1057 2050 1120 consideratis
2077 1055 2106 1111 ‘I
2125 1056 2271 1110 Prae-

613 1187 752 1231 sens
779 1172 962 1242 caput
1002 1162 1373 1223 manifestius
1403 1157 1640 1231 scripsit
1676 1153 1982 1211 Mattheeus
2019 1166 2032 1201 :
2069 1158 2271 1220 quaere

615 1276 758 1334 ergo
787 1259 872 1316 ibi
907 1256 984 1314 de
1009 1253 1310 1314 omnibus.

1089 1396 1244 1453 CAP.
1289 1391 1476 1449 XXIII.
1517 1389 1603 1445 De
1622 1399 1794 1444 caeco.

687 1495 851 1550 Vers.
889 1493 980 1545 22.
1014 1488 1090 1544 Et
1113 1485 1270 1544 venit
1299 1513 1367 1524 —
1397 1480 1563 1537 Vers.
1605 1476 1883 1532 23.‘extra
1912 1471 2118 1526 vicum.
2147 1467 2273 1522 Non

617 1585 779 1642 enim
803 1579 971 1651 digni
986 1579 1154 1634 erant
1169 1573 1278 1630 vici
1309 1570 1465 1627 illius
1496 1565 1729 1633 incolae,
1764 1567 1826 1618 ut
1850 1560 1972 1615 fieri
2001 1555 2274 1612 viderent

616 1669 954 1745 hujusmoni
991 1663 1370 1724 miraculum.
1400 1663 1546 1716 Nam
1564 1670 1705 1712 cum
1746 1651 1861 1708 alia
1879 1647 2066 1705 multa
2094 1643 2274 1700 vidis-

618 1767 768 1834 sent,
810 1759 1159 1816 manserant
1187 1747 1496 1809 increduli.

687 1829 854 1910 vers.
894 1853 984 1906 23.
1009 1848 1232 1903 Etcum
1263 1841 1575 1914 exspuisset
1617 1867 1681 1877 -—
1713 1832 1957 1890 videret.
1993 1829 2178 1899 Sputo
2210 1840 2274 1879 ac

621 1941 904 2000 manibus
931 1939 1094 1994 hunc
1124 1939 1310 1997 sanat,
1344 1927 1686 1988 ostendens,
1714 1919 1879 1994 quod
1911 1931 2107 1973 sermo
2138 1928 2277 1970 con-

615 2035 859 2105 junctus
889 2025 1169 2101 operibus
1201 2017 1561 2079 miraculum
1599 2012 1837 2086 operari
1890 2010 2108 2080 potest.
2151 2003 2275 2058 Ser—

621 2121 818 2180 monis
843 2113 1337 2191 quidemsignum
1363 2109 1705 2179 estsputum
1731 2116 1744 2155 :
1768 2103 2090 2167 utrumque
2118 2093 2275 2147 enim

620 2211 700 2268 ab
729 2224 831 2266 ore
859 2204 1159 2278 egreditur
1185 2220 1199 2256 :
1230 2197 1429 2272 operis
1456 2209 1619 2259 vero,
1653 2203 1890 2245 manus.
1927 2185 2276 2240 Sermonem

619 2305 824 2360 autem
845 2270 982 2355 dico
1008 2293 1190 2353 laude
1229 2270 1480 2362 dignum
1514 2301 1527 2341 :
1571 2279 1840 2339 similiter
1888 2279 1946 2332 et
1983 2270 2277 2344 aperatio-

620 2405 915 2536 ῃθῐῗίοῑιιω
940 2478 1032 2532 est
1060 2475 1262 2530 autem
1280 2467 1354 2524 de
1379 2461 1559 2521 simili
1589 2459 1771 2516 altero
1798 2465 2041 2528 quoque
2071 2445 2276 2511 modo,

619 2569 905 2626 vicesimo
935 2563 1131 2637 capite
1169 2554 1482 2632 praesentis
1514 2545 1827 2618 Evangelii.

693 2658 888 2714 Primo
934 2625 1077 2711 vero
1133 2663 1355 2706 circum
1411 2644 1572 2699 hunc
1631 2632 1968 2707 imperfecte
2028 2625 2273 2690 curavit,

623 2751 825 2821 utpote
855 2741 1202 2816 imperfecte
1231 2734 1614 2793 credentem:
1658 2727 1793 2781 ideo
1823 2721 2003 2778 etiam
2036 2718 2277 2773 interro-

626 2806 789 2910 gavit
826 2806 985 2904 eum,
1011 2831 1060 2888 si
1091 2827 1239 2902 quid
1269 2823 1525 2885 vederet,
1571 2823 1633 2873 ut
1663 2815 1768 2888 qui
1805 2825 2023 2885 parum
2080 2806 2278 2862 adhuc

623 2901 994 2999 respiciebat,
1027 2901 1133 2994 per
1167 2913 1466 2971 modicum
1507 2908 1822 2981 aspectum
1857 2901 2119 2956 crederet
2148 2909 2278 2968 per-

624 2987 836 3073 feciiu
868 3028 938 3070 ac
969 2987 1281 3068 sa-naretur
1308 2997 1626 3076 perfectius
1652 3013 1666 3052 :
1709 2992 1949 3066 sapiens
1975 2987 2136 3044 enim
2159 2988 2284 3040 erat

626 3103 918 3164 medicus.

698 3195 858 3252 Vers.
895 3194 984 3248 24.
1015 3189 1093 3246 Et
1115 3185 1418 3258 respiciens
1446 3208 1518 3223 —
1561 3174 1823 3234 homines
1872 3169 2154 3233 Obscure,
2199 3164 2285 3221 vi-

621 3283 856 3430 (16323:.
895 3372 984 3426 24.
1019 3365 1311 3437 Quoniam
1329 3361 1485 3419 vetui
1513 3388 1572 3400 —
1610 3353 1994 3412 ambulantes.
2045 3347 2286 3418 Propter

621 3465 785 3523 visus
814 3457 1244 3520 obscuritatem
1276 3453 1357 3526 (ῃ)

696 3661 864 3719 Vers.
894 3658 985 3715 25.
1033 3653 1247 3712 Deinde
1292 3663 1498 3705 rursus
1546 3674 1616 3687 —
1643 3655 1847 3699 omnes.
1882 3637 2286 3705 Augmentum

626 3752 766 3810 ﬁdei
785 3750 1183 3820 augmentum
1198 3736 1525 3813 promeruit
1555 3730 1848 3789 sanitatis.

699 3850 857 3904 Vers.
898 3848 989 3899 26.
1017 3842 1096 3898 Et
1133 3838 1355 3894 dimisit
1392 3863 1454 3875 -
1491 3834 1554 3887 in
1605 3829 1742 3884 vico.
1805 3826 2052 3895 Propter
2076 3833 2286 3876 eorum

629 3933 1127 3998 incredulitatem,
1166 3926 1272 4000 qui
1311 3924 1370 3980 in
1399 3922 1498 3979 illo
1527 3922 1716 3983 erant,
1762 3921 1820 3972 et
1845 3929 1920 3970 ne
1949 3911 2131 3967 ﬁdem
2155 3907 2285 3979 ejus

631 4026 1044 4101 perverterent.

771 4131 922 4190 CAP.
952 4125 1132 4184 XXIV.
1173 4125 1258 4180 De
1282 4115 1734 4190 interrogatione
1757 4112 1821 4168 in
1857 4109 2138 4166 Casarea.

708 4223 865 4290 Vers,
897 4221 988 4275 27.
1018 4219 1098 4274 Et
1124 4213 1305 4273 exivit
1330 4242 1398 4252 -—
1425 4209 1588 4266 Vers.
1622 4209 1691 4261 28
1719 4200 2165 4273 prophetarum.
2200 4193 2292 4250 Di-

633 4321 798 4375 ctum
825 4286 921 4370 est
958 4309 1035 4366 de
1070 4307 1163 4363 his
1193 4300 1494 4360 tricesimo
1533 4295 1701 4354 tertio
1742 4290 1930 4364 capite
1955 4289 2126 4362 juxta
2152 4286 2294 4340 Mat-

635 4407 882 4552 ὼξὲιῗ..
903 4493 992 4546 29.
1026 4488 1103 4544 Et
1127 4487 1250 4556 ipse
1286 4511 1342 4522 —
1381 4479 1542 4535 Vers.
1576 4478 1664 4532 30.
1703 4473 1770 4530 de
1817 4487 1890 4527 se.
1945 4466 2132 4523 Etiam
2173 4464 2296 4520 haec

636 4585 716 4643 ad
736 4595 1005 4652 unguem
1027 4575 1331 4634 declarata
1351 4573 1488 4625 sunt
1507 4564 1718 4622 eodem
1750 4559 1965 4632 capite.

709 4647 872 4729 Vers.
905 4670 992 4724 3t.
1061 4662 1359 4734 Carpitque
1410 4687 1477 4698 —
1529 4665 1856 4723 resurgere.
1903 4647 1991 4702 Ibi
2051 4657 2296 4717 quoque

642 4763 717 4820 de
737 4759 835 4821 his
865 4756 1095 4816 dictum
1125 4757 1230 4808 est.

715 4849 884 4906 Vers.
915 4849 1004 4902 32.
1061 4843 1139 4897 Et
1163 4844 1361 4908 aperte
1385 4865 1454 4875 —
1484 4829 1846 4905 loquebatur.
1900 4822 2197 4882 Manifeste
2227 4836 2297 4878 ac

647 4940 776 4997 sine
806 4935 926 4992 ullo
948 4931 1290 5003 tegumento
1319 4926 1480 4982 hunc
1510 4919 1746 4977 dicebat
1771 4929 2133 4974 sermonem.

719 5030 884 5084 Vers.
916 5002 1119 5082 32.7Et
1142 5013 1528 5089 apprehendit
1553 5041 1620 5052 —-
1649 5010 1810 5065 Vers.
1853 5010 1940 5063 33.
1975 5002 2296 5062 hominum.

652 5118 929 5179 Similiter
957 5119 1014 5172 et
1033 5111 1108 5168 de
1133 5108 1246 5166 his.

721 5212 880 5267 Vers.
920 5205 1008 5262 34.
1039 5203 1116 5258 Et
1141 5194 1436 5258 advocatis
1465 5222 1534 5234 —
1559 5189 1724 5245 Vers.
1757 5187 1848 5244 35.
1875 5183 2124 5241 servabit
2151 5197 2296 5239 eam.

651 5304 937 5359 Praeterea
965 5297 1023 5350 et
1051 5291 1125 5347 de
1153 5287 1248 5344 his
1278 5284 1504 5340 dictum
1531 5284 1637 5336 est.

723 5391 885 5446 Vers.
912 5386 1000 5442 36.
1035 5377 1190 5451 Quid
1222 5376 1375 5433 enim
1428 5402 1497 5412 —
1520 5371 1691 5426 Vers.
1747 5369 1834 5422 37.
1884 5363 2078 5420 anima
2135 5376 2241 5417 sua
2272 5359 2301 5417 ἳ

653 5481 843 5542 Etiam
871 5477 946 5536 de
975 5475 1091 5532 his.

1944 393 2289 453 EUTHYMII
2344 384 2677 446 ZIGABENI
3863 373 3955 429 816

2296 517 2345 571 Α

2542 517 2694 564 ΚΕΦ.
2737 509 2835 562 KB’
2872 510 2994 580 Περὶ
3024 513 3122 564 τῆς
3152 503 3324 574 ζύμης
3354 507 3453 551 τῶν
3485 502 3795 572 Φαρισαίων.

2450 606 2549 654 Καὶ
2607 597 2906 651 ἐπελάθοντο
2979 626 3038 634 -
3086 594 3256 664 ζύμης
3306 585 3563 660 Ἡρώδου.
3621 592 3741 662 Περὶ
3782 590 3954 639 τούτων

2377 694 2614 765 εὑρήσεις
2654 685 2879 759 ἀκριϐῶς
2923 683 2969 736 ἐν
3000 691 3068 753 τῷ
3117 686 3412 753 τριακοστῷ
3471 673 3692 748 δευτέρῳ
3721 675 3954 748 κεφαλαίῳ

2376 788 2467 832 τού
2489 780 2623 830 κατά
2646 777 2934 830 Ματθαίον.

2453 873 2552 922 Καὶ
2585 864 2936 937 διελογίζοντο
2969 893 3031 902 --
3068 859 3126 912 ού
3153 858 3493 932 μνημονεύετε
3526 871 3541 922 ;
3586 857 3682 907 Καὶ
3713 858 3824 930 περὶ
3850 857 3954 906 τού-

2379 980 2498 1012 των.

2449 1046 2572 1099 Ὀτε
2609 1077 2664 1086 -—
2719 1043 2775 1095 ού
2825 1046 3022 1094 συνίετε
3052 1059 3068 1110 ;
3104 1041 3414 1110 Σαφέστερον
3443 1035 3468 1085 ὁ
3495 1035 3758 1095 Ματθαῑος
3783 1035 3836 1084 τὸ
3864 1052 3950 1084 παι

2380 1140 2470 1211 ρὸν
2499 1133 2772 1208 κεφάλαιον
2803 1127 3078 1204 ἀνέγραψε.
3131 1131 3230 1181 Καὶ
3280 1126 3515 1187 ζήτησον
3573 1121 3674 1175 ἐκεῖ
3702 1128 3812 1194 περὶ
3835 1125 3954 1174 ποίν-

2382 1246 2499 1278 των.

2777 1369 2922 1416 ΚΕΦ.
2959 1359 3075 1414 ΚΓ.
3105 1361 3230 1432 Περὶ
3263 1364 3355 1410 τοῦ
3379 1354 3594 1427 τυφλοῦ.

2459 1460 2559 1510 Καὶ
2591 1457 2804 1529 ἔρχεται
2854 1484 2915 1492 -
2955 1450 3050 1513 ἔξω
3101 1456 3192 1508 τῆς
3222 1452 3423 1517 κώμης.
3480 1445 3556 1497 Ού
3604 1447 3700 1517 γὰρ
3737 1440 3860 1502 ἦσαν
3910 1445 3953 1495 οὶ

2383 1555 2478 1607 τῆς
2507 1550 2684 1618 κώμης
2709 1545 2905 1602 ταύτης
2935 1540 3203 1611 οἰκήτορες
3232 1536 3370 1598 ἄξιοι
3403 1535 3683 1587 Θεάσασθαι
3709 1538 3950 1604 γινόμενον

2385 1640 2442 1689 τὸ
2468 1642 2700 1687 τοιοῦτον
2732 1634 2926 1702 θαῦμα.
2961 1627 3131 1682 Πολλά
3167 1629 3269 1699 γὰρ
3296 1624 3428 1676 ἄλλα
3458 1625 3762 1695 Θεασάμενοι,
3800 1639 3946 1692 μεμε-

2384 1739 2604 1783 νηκοισιν
2631 1739 2866 1774 απιστοι.

2459 1818 2559 1866 Καὶ
2596 1815 2801 1870 πτύσας
2835 1839 2898 1849 —-
2938 1805 3134 1879 βλέπει.
3175 1806 3447 1874 Πτύσριατι
3501 1804 3584 1851 καί
3606 1802 3751 1870 χερσὶ
3811 1805 3894 1848 τοῦ
3921 1817 3933 1829 ο

2383 1922 2470 1955 τον
2506 1903 2667 1964 ἰᾶται,
2699 1896 2924 1958 δεικνύς,
2951 1897 3031 1947 ὅτι
3067 1893 3447 1963 συζευγνύμενα
3469 1888 3608 1960 λόγος
3648 1891 3728 1938 καὶ
3763 1885 3933 1959 πρᾶξις

2388 1994 2630 2064 θαύματα
2660 1988 2976 2061 ἐργάζεσθαι
2998 1981 3268 2036 δύνανται.
3298 1977 3525 2051 Σύμϐολα
3544 1978 3636 2048 γὰρ
3667 1975 3809 2044 λόγου
3837 1975 3936 2043 μεν,

2385 2086 2444 2135 τὸ
2475 2083 2710 2152 πτύσμα’
2740 2082 2828 2129 καὶ
2867 2077 3020 2146 ἄμφω
3049 2074 3148 2144 γὰρ
3179 2069 3280 2122 ἀπὸ
3338 2076 3430 2121 τοῦ
3460 2070 3700 2138 στὸματος
3727 2061 3950 2134 ἐξέρχον-

2387 2191 2475 2224 ται
2508 2193 2520 2204 ·
2549 2149 2780 2245 πράξεως
2811 2163 2887 2234 δὲ,
2924 2166 2979 2216 αἱ
3004 2169 3200 2234 χεῖρες.
3229 2164 3398 2230 Λόγον
3430 2153 3490 2210 δε
3516 2156 3640 2226 λέγω
3667 2155 3746 2204 τὸν
3775 2149 3950 2202 ἄπαιδε-

2387 2265 2496 2328 τόν,
2525 2264 2612 2312 καὶ
2632 2257 2819 2332 πρᾶξιν
2846 2256 3051 2326 ὁμοίως.

2461 2459 2679 2530 Εἴρηται
2706 2448 2764 2504 δε
2783 2454 2871 2502 καὶ
2897 2453 3084 2524 τρόπον
3103 2444 3270 2520 ἓτερον
3297 2441 3344 2495 ἐν
3375 2450 3443 2495 τῶ
3484 2439 3696 2509 εἰκοστῷ
3725 2433 3956 2508 κεφαλαίῳ

2388 2555 2479 2599 τού
2509 2547 2762 2616 παρέντος
2790 2537 3122 2610 Εὖαγγελίου.

2459 2633 2676 2692 Ἀτελώς
2705 2627 2763 2682 δε
2789 2633 2875 2680 τὸν
2906 2626 3092 2698 τυφλὸν
3114 2630 3290 2676 τοῦτον
3323 2619 3678 2693 ἕθεροίπευσεν,
3705 2619 3770 2676 ὡς
3793 2611 3959 2672 ἀτελῶς
3995 2645 3998 2648 ~

2389 2725 2720 2777 πιστεύοντα.
2756 2722 2841 2770 Διὸ
2877 2722 2966 2768 καὶ
2999 2714 3331 2786 ὶπηρώτησεν
3389 2709 3564 2776 αὑτὸν,
3609 2711 3651 2759 εἶ
3687 2724 3734 2758 τι
3782 2701 3957 2775 βλέπει,

2392 2816 2475 2866 ἵνα
2499 2814 2684 2886 μικρὸν
2717 2804 3026 2875 ἀναϐλέψας,
3057 2802 3159 2855 ἀπὸ
3189 2809 3281 2862 τῆς
3312 2805 3505 2871 μικρᾶς
3538 2798 3700 2868 ὅψεως
3728 2792 3959 2860 πιστεύσῃ

2391 2902 2708 2973 τελεώτερον,
2772 2901 2857 2948 καὶ
2912 2895 3029 2966 ἰαθῇ
3095 2891 3407 2963 τελεώτερον.
3480 2891 3643 2958 Σοφός
3697 2885 3794 2955 γὰρ
3846 2879 3964 2932 ἐστιν

2396 2991 2590 3065 ἰατρός.

2469 3189 2571 3244 Καὶ
2595 3181 2883 3254 ἀναϐλέψας
2915 3209 2974 3220 -
3011 3180 3126 3238 τούς
3145 3174 3478 3249 ὰνθρώποως.
3516 3165 3795 3244 Αμυδρῶς,
3828 3162 3971 3223 δηλο-

2393 3283 2521 3333 vim.

2462 3367 2583 3419 Ὀτι
2622 3366 2691 3424 ὡς
2738 3392 2806 3401 -
2857 3363 3290 3432 περιπατοῦντας.
3344 3353 3438 3404 Διὰ
3489 3354 3592 3408 τὴν
3663 3341 3978 3420 ἀμυδρότητα

2393 3455 2487 3518 τῆς
2554 3453 2739 3525 ὅψεως.
2789 3452 2858 3503 Τὸ
2912 3429 2992 3500 ὅτι
3056 3443 3319 3518 παρέλκει,
3367 3439 3482 3492 καθ’
3527 3437 3800 3514 Ἐϐραῐκὸν
3854 3429 3976 3484 ἰδίωο

2397 3567 2489 3619 μα.

2468 3631 2591 3687 Εἶτα
2615 3631 2766 3684 πάλιν
2789 3658 2862 3669 --
2897 3625 3149 3684 ἅπαντας.
3173 3621 3232 3674 Ἠ
3264 3615 3502 3678 ἐπίδοσις
3522 3624 3627 3678 τῆς
3651 3620 3869 3672 πίστεως
3883 3607 3982 3661 ἐπί-

2397 3721 2548 3777 δοσιν
2578 3721 2718 3789 αύτῷ
2748 3725 2835 3778 τῆς
2867 3717 3037 3787 ύγείας
3068 3714 3494 3786 περιεποιήσατο.

2470 3817 2569 3865 Καὶ
2610 3805 2904 3861 ἀπέστειλεν
2951 3835 3013 3843 —
3046 3800 3094 3853 ἐν
3132 3807 3194 3871 τῇ
3248 3807 3420 3870 κώμη.
3477 3797 3576 3849 Διόι
3619 3799 3708 3852 τὴν
3752 3789 3985 3841 ἀπιστίαν

2396 3912 2493 3956 τῶν
2525 3901 2572 3953 ἐν
2600 3899 2751 3970 αὐτῇ,
2786 3900 2876 3948 καὶ
2907 3897 2990 3945 ἶνα
3018 3895 3088 3964 μὴ
3148 3886 3517 3962 διαστρόψωσι
3562 3890 3661 3944 τὴν
3708 3885 3874 3934 πίστιν
3901 3873 3984 3927 αύ-

2397 3999 2511 4046 τοῦ.

2509 4103 2653 4152 ΚΕΦ.
2690 4093 2809 4150 KA'.
2838 4094 2963 4165 Περὶ
2996 4097 3091 4150 τῆς
3122 4085 3168 4139 ἓν
3193 4087 3485 4158 Καισαρείᾳ
3509 4079 3894 4155 ἕπερωτήσεως.

2475 4192 2575 4243 Καὶ
2647 4183 2851 4248 ἐξῆλθεν
2920 4211 2987 4220 --
3066 4186 3166 4229 τών
3231 4179 3528 4247 προφητῶν.
3607 4174 3825 4244 Εἴρηται
3886 4163 3992 4234 περὶ

2402 4281 2595 4333 τούτων
2629 4275 2674 4327 ἓν
2702 4281 2772 4344 τῷ
2804 4275 3096 4344 τριακοστῲ
3111 4270 3265 4340 τρίτῳ
3296 4261 3554 4335 κεφαλαίῳ
3588 4266 3682 4312 τοῦ
3708 4259 3841 4309 κατά
3865 4259 3994 4306 Mar—

2407 4372 2572 4422 θαῖον.

2481 4460 2579 4510 Καὶ
2607 4453 2760 4514 αὐτὸς
2791 4479 2858 4490 -—
2884 4451 3000 4523 περὶ
3029 4444 3208 4498 αύτού.
3251 4444 3351 4494 Καὶ
3381 4444 3546 4491 ταῦτα
3576 4434 3626 4488 ἕν
3658 4435 3832 4505 ἐκείνῳ
3860 4428 3893 4483 δ
3898 4447 3996 4500 mp-

2330 4583 2376 4638 D
2407 4546 2634 4622 μηνεύθη
2645 4562 2740 4594 σαν
2756 4540 3098 4637 λεπτομερώς.

2481 4640 2580 4689 Καὶ
2624 4631 2818 4706 ἠρξατο
2886 4658 2944 4667 -
3000 4623 3307 4680 ἀναστῆναι.
3342 4617 3476 4670 Ἐκεῖ
3539 4619 3630 4666 καὶ
3664 4617 3783 4688 περὶ
3823 4611 4003 4663 τούτων

2408 4727 2626 4803 ἐρῥὴθη.

2481 4819 2582 4868 Καὶ
2607 4809 2877 4886 παρρησίᾳ
2897 4837 2967 4846 -
2983 4802 3162 4857 ελάλει,
3191 4803 3423 4871 Φανερώς
3442 4797 3533 4846 καὶ
3555 4787 4004 4865 ἀπαρακαλύπτως

2408 4911 2494 4960 τὸν
2519 4905 2669 4975 λόγον
2694 4907 2874 4952 τοῦτον
2907 4893 3088 4946 ἐλάλει.

2485 4965 3033 5064 Καὶυπροσλαϐόμενος
3064 5009 3132 5021 —-
3178 4985 3277 5031 τῶν
3331 4974 3631 5048 ἀνθρώπων.
3678 4967 3905 5043 ὀμοίως
3932 4965 4009 5015 καὶ

2411 5090 2529 5162 περὶ
2557 5084 2768 5136 τούτων.
2807 5077 2847 5145 ’]

2487 5178 2587 5228 Καὶ
2616 5163 3098 5243 προσκαλεσάμενος
3125 5187 3194 5198 -
3222 5159 3381 5208 σώσει
3411 5151 3593 5208 αὑτήν.
3640 5145 3759 5202 Ἐτι
3780 5149 3872 5199 καὶ
3905 5143 4010 5216 περὶ

2415 5283 2609 5320 τούτων
2624 5305 2636 5318 ,

2482 5357 2546 5406 Τί
2569 5353 2670 5424 γὰρ
2700 5378 2770 5388 -
2793 5344 2980 5417 ψυχῆς
3001 5337 3160 5392 αὑτοῦ
3198 5350 3212 5402 ;
3248 5336 3348 5387 Καὶ
3373 5334 3490 5406 περὶ
3510 5331 3737 5382 τούτων.

1876 5576 2099 5648 Variae
2130 5571 2458 5645 lectiones
2491 5578 2557 5638 et
2586 5574 2790 5636 notas.

735 5803 820 5878 (ν)
848 5801 1082 5862 Partem
1106 5790 1385 5852 ultimam
1402 5781 1612 5846 scholii
1639 5796 1766 5841 non
1801 5775 2098 5852 expressit
2154 5775 2473 5845 interpres.
