4188 6442
250 399 356 456 817

1331 384 1698 445 COMMENT.
1744 381 1811 437 IN
1849 378 2174 438 MARCUM.
2218 407 2286 418 —
2324 375 2479 433 CAP.
2522 376 2616 431 IX.

3510 367 3615 442 sis

319 523 418 586 ⁸ος
442 525 544 598 γὰρ
587 552 657 561 ——
685 528 784 573 τῶν
833 519 1057 592 ἀγγέλων
1102 526 1202 571 τῶν
1251 516 1436 589 ἁγίων,
1477 511 1662 574 Ὀστις
1711 510 1851 564 ἐπαὶ-

2034 506 2196 560 Vers.
2233 506 2321 565 38.
2355 503 2757 573 Quemcunque
2792 529 2861 539 -—
2918 496 3139 569 angelis
3168 493 3406 556 sanctis.
3450 493 3621 560 Quis-

253 615 460 688 σχυνθῇ
495 631 558 685 με
601 609 926 683 ὁμολογῆσαι
968 612 1116 674 Θεὸν,
1162 612 1251 660 καὶ
1299 610 1419 667 τοὺς
1467 603 1620 676 ἐμοὺς
1671 600 1856 672 λόγους

250 703 577 777 ὁμολογῆσαι
634 704 760 754 Θεοῦ
806 699 938 771 (61),
989 694 1081 750 διὰ
1123 703 1216 756 τὴν
1274 694 1522 749 εὐτέλειαν
1575 700 1665 751 τῆς
1720 689 1853 742 ἐναν-

252 797 589 867 Θρωπὴσεως,
641 794 731 841 καὶ
780 786 872 842 ὃιά
901 790 965 840 τά
1005 789 1142 846 πάθη
1193 790 1282 839 καὶ
1312 788 1398 838 τὸν
1431 784 1676 857 σταυρὸν,
1707 779 1850 852 κάγὼ

250 882 753 954 ἐπαισχυνθήσομαι
793 877 948 930 αὐτὸν
998 876 1323 950 ὁμολογῆσαι
1365 876 1502 947 ἐμὸν,
1549 873 1668 923 ὃταν
1700 869 1846 933 ἔλθω,

251 973 425 1026 οὐκέτι
473 972 723 1032 ταπεινὸς,
775 969 839 1028 ὡς
887 975 996 1036 νῦν,
1039 965 1146 1018 ἀλλ’
1195 962 1421 1031 ἔνδοξος,
1475 964 1545 1023 ὡς
1593 962 1617 1012 ὁ
1670 963 1846 1030 Πατήρ

249 1081 372 1135 μου,
431 1067 514 1112 Δεῖ
565 1061 668 1131 γὰρ
711 1061 782 1130 μὴ
829 1061 979 1130 μόνον
1009 1059 1286 1119 πιστεύειν,
1339 1052 1469 1105 ἄλλά
1514 1054 1603 1103 καὶ
1649 1047 1847 1123 παρρη-

252 1155 346 1223 σία
367 1152 654 1223 κηρύσσειν
668 1189 680 1202 .

320 1235 636 1311 Μοιχαλίδα
688 1233 748 1290 δὲ
787 1241 880 1296 τὴν
931 1238 1106 1308 γενεὰν
1162 1243 1262 1286 τῶν
1315 1231 1512 1285 ἀσεϐῶν
1562 1231 1846 1302 ὠνόμασεν,

246 1333 313 1391 ὣς
363 1329 675 1382 ἀποστᾶσαν
715 1330 803 1400 μεν
851 1333 980 1378 Οεοῦ
1030 1332 1120 1377 τοῦ
1178 1327 1407 1396 σπορέως
1461 1330 1552 1381 τῆς
1597 1317 1852 1378 εὐσεϐείας

245 1423 337 1469 καὶ
389 1416 632 1477 ἀληθείας
664 1434 677 1446 '
710 1415 1048 1474 κολληθιῖσαν
1081 1410 1140 1467 δὲ
1169 1420 1238 1484 τῷ
1276 1409 1509 1484 δαίμονι,
1561 1419 1632 1481 τῷ
1671 1413 1856 1482 σπορεῖ

247 1516 339 1568 τῆς
368 1505 606 1567 ἀσεϐείας
635 1510 724 1558 καὶ
753 1509 962 1566 κακίας.

321 1601 422 1649 Καὶ
453 1595 620 1667 ἔλεγεν
652 1627 717 1634 -
764 1593 813 1647 ἐν
868 1590 1106 1666 δυνάμει.
1159 1595 1259 1646 Καὶ
1309 1594 1428 1665 περὶ
1461 1591 1652 1642 τούτων
1705 1589 1753 1640 ἐν
1783 1595 1854 1659 τῷ

240 1687 456 1761 passm
486 1684 749 1757 κεφαλαίῳ
774 1679 1180 1755 διασεσάφηται.

513 1833 662 1880 ΚΕΦ.
697 1824 808 1880 κε’.
842 1828 966 1898 Περὶ
998 1831 1093 1886 τῆς
1123 1828 1590 1896 μεταμορφώσεως.

317 1923 418 1970 Καὶ
456 1917 575 1989 μεθ’
623 1947 693 1955 -
747 1915 941 1972 Ἰησοῦ.
996 1916 1216 1981 Εἴρηται
1273 1916 1388 1985 περὶ
1439 1913 1632 1963 τούτων
1687 1909 1734 1962 ἐν
1787 1919 1858 1982 τῷ

245 2026 545 2083 τριακοστῳ
577 2005 807 2078 τετάρτῳ
847 2002 1104 2076 κεφαλαίῳ
1136 2009 1226 2054 τοῦ
1263 2003 1398 2052 κατὰ
1427 2002 1712 2057 Ματθαὼν,

317 2104 417 2150 Καὶ
462 2095 768 2169 ἀποκριθεὶς
821 2125 888 2134 -
944 2091 1171 2166 ἔκφοϐοι,
1207 2096 1322 2144 Ἔτι
1397 2094 1486 2142 καὶ
1552 2095 1670 2164 περὶ
1741 2092 1858 2142 τού-

261 2205 354 2237 των
394 2184 486 2258 ἀκρ
496 2184 590 2237 ιϐὠ
600 2204 641 2244 ς.

336 2279 435 2328 Καὶ
463 2273 644 2345 ἐγένετο
687 2303 756 2314 --
798 2271 910 2344 μεθ’
955 2272 1170 2327 ἑαυτῶν.
1217 2272 1440 2345 Ὀμοίως
1477 2273 1565 2322 καὶ
1593 2287 1711 2343 περι
1741 2269 1858 2321 τούς

264 2383 392 2419 των,
433 2363 665 2425 Ἐξάπινα
697 2357 777 2426 δὲ,
807 2359 921 2413 ἀντὶ
954 2369 1064 2427 τοῦ,
1105 2359 1364 2434 ἐξαίφνης.

331 2451 748 2505 Καταϐαινόντων
807 2481 875 2490 -
941 2449 1161 2522 ἀναστῇ.
1223 2448 1339 2503 Ἔτι
1412 2453 1501 2500 καὶ
1557 2453 1674 2522 περὶ
1729 2449 1860 2500 τού-

255 2561 374 2600 των.

319 2636 419 2683 Καὶ
461 2662 522 2670 -—-
560 2633 692 2704 πρὸς
722 2628 952 2698 ἑαυτούς,
1002 2632 1100 2681 Τὸν
1153 2627 1322 2694 λόγον,
1368 2631 1453 2680 τὸν
1510 2631 1626 2702 περὶ
1680 2634 1770 2679 τοῦ
1801 2625 1856 2679 ἐκ

241 2727 433 2790 νεκρῶν
497 2716 788 2777 ἀναστῆναι
837 2718 1012 2772 αὐτόν.
1067 2715 1394 2792 Ἐκράτησαν
1439 2719 1562 2790 πρὸς
1619 2716 1852 2780 ἑαυτοὺς,

238 2811 373 2879 πρὸς
402 2803 614 2878 μηδένα
644 2809 812 2881 ἕτερον
844 2815 1023 2860 τοῦτον
1055 2805 1354 2870 ἐξειπόντες.

311 2896 378 2950 ἹΙ
405 2900 495 2948 τὸν
521 2896 696 2968 λόγον,
724 2900 811 2949 τὸν
841 2901 959 2970 περὶ
984 2904 1075 2958 τῆς
1099 2900 1566 2970 μεταμορφώσεως.

310 3098 664 3157 Συζητοῦντες
739 3125 806 3134 —
886 3092 1193 3152 ἀναστῆναι.
1261 3096 1406 3150 Μήτι
1479 3094 1579 3164 γὰρ
1655 3088 1848 3154 ἰδόντες

233 3187 354 3237 τινά
437 3182 814 3242 ἀναστήσαντα
887 3183 1063 3236 ἑαυτὸν
1140 3181 1194 3234 ἐκ
1267 3189 1474 3255 νεκρῶν,
1538 3186 1669 3253 μήτε
1743 3187 1845 3254 μην
1884 3212 1926 3271 C

232 3273 556 3335 ἀκούσαντες
613 3278 772 3344 ᾤοντο
829 3271 1125 3348 παραϐολὴν
1191 3268 1318 3324 εἶναι
1391 3275 1478 3323 καὶ
1538 3278 1711 3336 τοῦτο,
1757 3277 1846 3324 xui

235 3363 562 3423 συνεζήτουν
592 3367 642 3413 τί
677 3359 831 3420 δηλοῖ
864 3379 877 3428 ;

310 3454 531 3526 Εἴρηται
586 3447 645 3503 δὲ
693 3455 809 3526 περὶ
867 3453 1051 3502 τούτου
1106 3453 1192 3501 καὶ
1246 3449 1291 3501 ἐν
1335 3457 1406 3520 τῷ
1454 3447 1580 3501 τέλει
1610 3456 1705 3509 τῆς
1736 3447 1847 3511 ἐξη-

232 3547 428 3613 γὼσως
469 3547 562 3592 τοῦ
612 3547 927 3615 τριακοστοῦ
976 3544 1212 3612 πέμπτον
1252 3538 1532 3611 κεφαλαίου
1578 3545 1667 3590 τοῦ
1712 3541 1848 3591 κατὰ

236 3633 532 3689 Ματϐαῖον.

318 3724 421 3773 Καὶ
462 3718 735 3792 ἐπηρώτων
781 3749 848 3759 —
893 3721 1077 3773 πάντα.
1129 3717 1352 3793 Ἐῤῥήθη
1412 3722 1501 3770 καὶ
1557 3722 1675 3792 περὶ
1729 3721 1846 3771 τού-

239 3830 342 3862 των
395 3807 444 3860 ἐν
497 3817 570 3879 τῷ
647 3813 1001 3883 προειρημένῳ
1059 3815 1354 3882 τριακοστῶ
1418 3808 1636 3880 τετάοτῳ
1695 3827 1846 3881 κεφα-

236 3917 390 3970 λαιῳ.

315 3992 418 4040 Καὶ
460 3995 570 4048 πῶς
621 4019 682 4026 -
742 3983 1083 4060 ἐξουδενωθῇ.
1149 3993 1310 4039 Τοῦτο
1380 3985 1512 4039 εἶπεν
1585 3984 1844 4060 ἐμϐάλλων

237 4075 316 4137 εἰς
377 4074 600 4150 ἀπορίαν
672 4073 954 4148 ἀπολογίας
1022 4080 1138 4137 τοὺς
1213 4082 1540 4151 Γραμματεῖς
1589 4093 1601 4105 °
1647 4077 1689 4128 εἰ
1743 4079 1844 4150 γὰρ

234 4166 353 4218 κατ’
385 4165 600 4231 αύτούς,
645 4169 802 4237 μήπω
851 4164 1079 4227 ἐλθόντος
1127 4172 1215 4217 τοῦ
1263 4165 1482 4232 Ἠλιοῦ,,
1524 4169 1666 4218 οὔπω
1697 4163 1844 4225 ἦλθεν

235 4257 260 4308 ὁ
325 4257 581 4329 Χριστὸς,
647 4254 828 4316 Ἠλίας
891 4252 950 4308 δὲ
1017 4253 1170 4307 ἐλθὼν
1244 4265 1442 4327 πρῶτον
1515 4254 1848 4326 ἀποκαθιστᾴ

231 4347 431 4407 πάντα,
486 4347 775 4409 τουτέστιν,
847 4343 1065 4396 ἑνοποιεῖ
1135 4343 1427 4418 ἐπιστρέφει
1487 4347 1657 4397 πάντα
1705 4349 1846 4398 Ἰον-

236 4431 391 4487 δαῖον
451 4435 585 4506 πρὸς
635 4436 720 4484 τὸν
792 4437 1042 4508 Χριστὸν,
1115 4441 1224 4496 πῶς
1275 4440 1566 4509 γέγραπται
1621 4433 1705 4488 ἐπὶ
1759 4438 1845 4486 τὸν

234 4525 360 4575 Υἰὸν
415 4528 511 4573 τοῦ
561 4521 852 4593 ἀνθρώπου,
900 4526 1082 4593 ἤγουν,
1136 4526 1246 4595 περὶ
1304 4531 1396 4574 τοῦ
1451 4531 1708 4598 Χριστοῦ,
1766 4523 1848 4576 ἵνα

233 4612 409 4666 πολλά
455 4612 597 4680 πάθη
643 4614 785 4685 παρά
840 4619 939 4663 τῶν
985 4608 1256 4664 Ἰουδαίων
1291 4628 1304 4678 ;
1339 4611 1401 4666 Εἰ
1451 4615 1549 4688 γὰρ
1601 4613 1846 4687 ἐπιστρα-

235 4706 506 4773 φὴσονται
535 4704 666 4772 πρὸς
695 4699 868 4765 αὐτὸν,
909 4709 1020 4762 πῶς
1068 4699 1229 4752 πολλά
1265 4703 1404 4774 πάθη
1453 4704 1575 4775 παρ’
1630 4703 1796 4755 αὐτῶν
1831 4722 1844 4772 ;

232 4789 404 4842 Ὠστε
436 4789 667 4849 Ἠλίαςὸ
702 4788 958 4851 Θεσϐίτης
1010 4793 1109 4862 πρὸ
1145 4797 1234 4850 τῆς
1281 4787 1522 4862 δευτέρας
1568 4800 1660 4844 τοῦ
1715 4800 1849 4867 Χρι-

237 4887 373 4932 στοῦ
404 4883 702 4950 παροῦσίας
744 4877 1022 4939 ἐλεύσεται,
1069 4879 1150 4931 ὅτε
1180 4881 1228 4931 οἱ
1272 4888 1560 4937 τηνικαῦτα
1598 4879 1849 4935 Ἰουδαῖοι

234 4968 730 5042 ἐπιστραφήσονται
805 4971 936 5041 πρὸς
1005 4967 1158 5019 αὐτόν
1216 4985 1226 4997 ⁸
1278 4976 1366 5020 νῦν
1437 4965 1494 5021 δὲ
1567 4971 1596 5028 ἡ
1663 4977 1842 5045 πρώτη

235 5063 514 5132 παρουσία
542 5064 635 5108 τοῦ
669 5064 900 5130 Χριστοῦ
931 5055 1090 5126 ἐστιν,
1141 5059 1221 5109 ὅτε
1268 5057 1428 5110 πολλά
1478 5060 1682 5131 πάσχει
1707 5063 1851 5135 παρὰ

231 5157 342 5201 τῶν
394 5143 687 5215 Ἰουδαίων,
737 5147 802 5206 ἧς
834 5142 1137 5221 Ῑιρόδρομος
1166 5147 1322 5219 οῦχὸ
1355 5147 1632 5215 Θεσϐίτης,
1683 5148 1791 5201 ἀλλ’
1825 5151 1850 5202 ὁ

233 5238 508 5298 Ἰωάννης.

309 5326 481 5381 Ἀλλὰ
526 5325 658 5397 λέγω
703 5355 773 5365 —
819 5323 1086 5382 ἑθέλησαν.
1139 5329 1450 5401 Σαφέστερον
1508 5328 1532 5379 ὁ
1585 5328 1853 5389 Ματθαῑος

229 5420 418 5489 εἴρηκε
473 5419 592 5487 περὶ
643 5416 852 5481 τούτου,
907 5418 997 5466 καὶ
1050 5414 1280 5475 ζήτησον
1336 5413 1384 5466 ἐν
1441 5423 1512 5486 τῷ
1569 5412 1851 5474 δηλωθέντι

229 5511 545 5579 τριακοστῷ
575 5505 803 5578 τετάρτῳ
831 5502 1107 5576 κεφαλαίῳ.

1962 593 2100 668 quis
2156 592 2386 666 pudore
2445 596 2628 648 tactus
2691 604 2814 645 non
2890 602 3075 643 ausus
3120 583 3300 640 fuerit
3348 582 3621 640 conﬁteri

1963 699 2058 739 me
2089 699 2216 739 esse
2247 682 2456 745 Deum,
2483 695 2769 748 meosque
2833 690 3140 733 sermones
3169 688 3296 729 esse
3333 673 3450 739 Dei,
3478 687 3620 744 pro-

1961 777 2092 844 pter
2122 771 2550 828 incarnationis
2575 767 2998 832 humilitatem,
3019 763 3373 821 afﬂictiones
3397 777 3468 817 ac
3491 776 3622 817 cru-

1961 878 2088 917 cem
2109 878 2120 915 :
2139 877 2232 916 me
2249 875 2484 933 quoque
2501 857 2747 931 pudebit
2760 855 3047 921 conﬁteri,
3066 853 3233 910 illum
3246 867 3376 908 esse
3390 866 3617 918 meum,

1960 965 2095 1005 cum
2129 965 2366 1013 venero,
2397 963 2519 1003 non
2555 947 2681 1017 jam
2709 946 2997 1016 abjectus,
3034 946 3098 998 ut
3128 956 3306 1007 nunc,
3368 939 3470 996 sed
3499 938 3621 1012 glo-

1958 1037 2168 1106 riosus,
2193 1040 2339 1093 sicut
2377 1038 2546 1094 Pater
2585 1050 2771 1091 meus.
2804 1035 3045 1106 Oportet
3082 1031 3232 1086 enim
3281 1043 3405 1085 non
3435 1027 3617 1085 modo

1959 1129 2217 1198 credere,
2253 1143 2459 1183 verum
2486 1125 2664 1182 etiam
2691 1123 2872 1180 libere
2899 1119 3241 1195 praedicare.

2031 1218 2373 1273 Adulteram
2407 1231 2562 1284 vero,
2592 1215 2914 1286 impiorum
2942 1208 3386 1280 generationem
3413 1205 3622 1280 appel-

1959 1306 2141 1362 lavit:
2172 1310 2369 1379 utpote
2394 1321 2428 1361 a
2470 1308 2606 1370 Deo,
2642 1302 2746 1375 qui
2777 1300 3012 1374 pietatis
3065 1313 3134 1354 ac
3184 1297 3416 1355 virtutis
3461 1299 3623 1353 sator

1961 1400 2068 1460 est,
2091 1396 2467 1452 deﬁcientem
2497 1409 2566 1450 ac
2594 1390 2853 1448 dasmoni
2906 1388 3334 1452 adhaerentem,
3361 1385 3468 1459 qui
3514 1385 3622 1442 im-

1961 1485 2239 1556 pietatem
2281 1500 2350 1540 ac
2380 1483 2673 1540 malitiam
2704 1478 2977 1537 seminat.

2034 1575 2186 1630 CAP.
2219 1575 2307 1628 IX.
2339 1575 2508 1631 Vers.
2565 1575 2620 1629 1.
2674 1571 2750 1626 Ει
2786 1568 3014 1625 dicebat
3068 1564 3225 1620 —in
3283 1562 3514 1622 virtute.
3542 1565 3622 1621 De

1964 1664 2057 1721 his
2092 1678 2327 1736 quoque
2357 1661 2642 1735 praedicto
2670 1657 2862 1730 capite
2887 1657 3262 1728 disputatum
3292 1657 3404 1708 est.

2138 1789 2292 1846 CAP.
2331 1788 2493 1843 XXV.
2545 1785 2622 1841 De
2653 1781 3160 1852 transformatione
3184 1775 3447 1836 Domini.

1892 1853 1937 1909 Β
2040 1880 2207 1937 Vers.
2235 1883 2286 1933 2.
2320 1876 2394 1932 Et
2420 1880 2544 1947 post
2575 1904 2642 1915 —
2672 1874 2830 1928 Vers.
2863 1873 2917 1926 4.
2955 1869 3112 1926 Iesu.
3156 1868 3391 1924 Dictum
3421 1869 3510 1924 est
3551 1865 3627 1922 de

1970 1971 2063 2028 bis
2082 1967 2384 2025 tricesimo
2441 1967 2657 2037 quarto
2696 1962 2870 2033 juxta
2900 1957 3241 2014 Matthmum
3266 1955 3484 2028 capite.

2041 2063 2199 2114 Vers.
2229 2058 2285 2112 5.
2317 2055 2391 2111 Et
2415 2052 2780 2123 respondens.
2823 2051 3071 2104 -—Vers.
3096 2047 3158 2102 6.
3210 2043 3496 2104 exterriti.
3547 2045 3628 2101 De

1965 2148 2059 2205 his
2092 2151 2370 2220 praeterea
2397 2141 2685 2198 subtiliter
2713 2139 2794 2195 ibi
2819 2141 3135 2194 tractatum
3162 2139 3269 2192 est.

2038 2240 2193 2294 Vers.
2222 2237 2280 2292 7.
2316 2234 2598 2305 Factaque
2627 2261 2694 2272 —
2727 2231 2884 2286 Vers.
2912 2228 2967 2283 8.
3005 2241 3214 2283 secum.
3249 2222 3527 2300 Similiter
3555 2221 3626 2280 de

1965 2328 2079 2385 his.

2039 2418 2195 2473 Vers.
2224 2416 2284 2473 9.
2323 2407 2798 2470 Descendentibus
2835 2436 2906 2449 —
2940 2403 3311 2464 surrexisset.
3342 2402 3628 2462 Prasterea

1966 2520 2204 2581 quoque
2229 2504 2298 2560 de
2335 2502 2446 2559 his.

2036 2615 2194 2670 Vers.
2227 2611 2316 2667 10.
2346 2611 2431 2666 Et
2459 2637 2528 2650 —
2557 2606 2712 2680 apud
2741 2619 2880 2663 sese.
2913 2601 3177 2662 Verbum
3207 2599 3373 2674 quod
3406 2597 3628 2658 eratde

1964 2701 2391 2761 resurrectione
2416 2699 2546 2772 ejus
2573 2713 2610 2754 a
2630 2694 2880 2753 mortuis
2909 2710 2922 2749 :
2947 2694 3260 2750 tenuerunt
3289 2688 3451 2762 apud
3477 2702 3629 2757 sese,

1964 2791 2110 2849 nulli
2142 2791 2242 2848 alii
2269 2792 2607 2847 narrantes.

1964 2953 1975 2965 .
2035 2881 2153 2947 Vel,
2227 2878 2479 2936 verbum
2552 2875 2721 2949 quod
2780 2875 2908 2930 erat
2969 2871 3047 2930 de
3102 2866 3627 2928 transformatione

1960 2969 2137 3028 lllius.

2031 3062 2194 3116 Vers.
2259 3059 2346 3114 10.
2439 3055 2807 3127 Disputantes
2855 3063 3178 3122 resurgere.
3251 3046 3399 3104 Cum
3458 3043 3622 3104 enim

1958 3149 2262 3206 neminem
2292 3147 2578 3202 vidissent
2603 3145 2867 3217 seipsum
2897 3157 2935 3197 a
2975 3138 3224 3196 mortuis
3279 3135 3620 3201 suscitasse,

1959 3254 2153 3312 neque
2167 3238 2340 3292 etiam
2359 3235 2692 3299 audissent,
2721 3230 3129 3304 opinabantur
3157 3231 3212 3282 et
3237 3225 3353 3282 hoc
3367 3223 3622 3298 parabo~

1956 3329 2075 3384 lam
2104 3341 2250 3390 esse,
2281 3330 2337 3381 et
2363 3322 2760 3394 disputabant
2781 3319 2926 3392 quid
2953 3314 3332 3386 signiﬁcaret.

2029 3416 2263 3472 Dictum
2289 3418 2376 3470 est
2396 3418 2596 3468 autem
2643 3410 2717 3466 de
2747 3409 2862 3465 hoc
2895 3407 3073 3463 etiam
3106 3405 3166 3459 in
3197 3403 3320 3460 ﬁne
3377 3416 3617 3460 enarra-

1957 3505 2130 3562 tionis
2157 3500 2436 3560 tricesimi
2464 3498 2655 3574 quinti
2689 3497 2904 3570 capitis
2952 3492 3252 3565 Evangelii
3287 3491 3618 3549 secundum

1959 3594 2315 3651 Matthaaum.

2027 3687 2188 3740 Vers.
2220 3683 2310 3738 11.
2335 3680 2412 3736 Et
2437 3675 2881 3748 interrogabant
2933 3703 3002 3716 —
3065 3673 3226 3729 Vers.
3269 3671 3354 3728 12.
3403 3669 3614 3727 omnia.

1957 3774 2188 3831 Dictum
2241 3775 2327 3828 est
2351 3773 2550 3826 autem
2577 3771 2634 3824 et
2689 3766 2764 3823 de
2801 3765 2894 3822 his
2954 3761 3243 3837 praedicto
3285 3758 3622 3820 tricensimo

1954 3869 2170 3938 quarto
2195 3863 2368 3934 juxta
2390 3859 2728 3917 Mattheum
2755 3855 2967 3929 capite.

2025 3954 2185 4010 Vers.
2219 3953 2305 4008 12.
2329 3950 2404 4005 Et
2435 3947 2708 4022 quomodo
2733 3977 2803 3988 —
2839 3945 3268 4003 contemnatur.
3323 3942 3445 3998 Hoc
3471 3937 3620 3998 dixit

1953 4042 2276 4113 conjiciens
2305 4039 2366 4095 in
2390 4036 2824 4094 dubitationem
2846 4030 3255 4106 responsionis
3277 4031 3446 4104 ipsos
3469 4028 3620 4086 Seri-

1954 4131 2078 4187 bas.
2114 4130 2171 4186 Si
2200 4129 2364 4185 enim
2402 4125 2729 4182 secundum
2753 4125 2915 4194 ipsos
2957 4138 3098 4178 cum
3140 4119 3403 4178 nondum
3441 4133 3620 4176 vene-

1953 4220 2028 4276 rit
2056 4218 2228 4282 Elias,
2261 4216 2533 4273 nondum
2565 4213 2720 4270 venit
2749 4205 3038 4268 Christus.
3071 4209 3226 4267 Elias
3241 4213 3441 4265 autem
3472 4222 3614 4266 cum

1954 4307 2116 4382 prius
2131 4305 2373 4368 venerit,
2399 4304 2660 4360 restituet
2681 4301 2908 4364 omnia,
2939 4299 3055 4355 hoc
3077 4301 3183 4364 est,
3213 4295 3379 4352 uniet
3399 4300 3458 4352 et
3472 4311 3614 4353 con-

1954 4400 2140 4454 vertet
2178 4408 2428 4452 omnem
2477 4391 2750 4448 Judmum
2775 4390 2855 4446 ad
2922 4387 3260 4443 Christum:
3299 4383 3612 4457 quomodo

1957 4485 2246 4557 scriptum
2267 4486 2356 4538 est
2379 4481 2455 4537 de
2479 4478 2626 4536 Filio
2656 4477 2932 4544 hominis,
2961 4476 3080 4531 sive
3109 4473 3185 4531 de
3211 4473 3461 4540 Christo,
3491 4475 3558 4530 ut
3575 4489 3616 4532 a

1880 4565 1926 4623 D
1955 4574 2174 4633 Iudaeis
2205 4571 2381 4628 multa
2411 4569 2672 4643 patiatur
2701 4568 2728 4625 ?
2767 4568 2817 4624 si
2847 4567 3008 4623 enim
3031 4564 3111 4622 ad
3138 4565 3336 4637 ipsum
3365 4578 3615 4622 conver-

1957 4665 2116 4723 tendi
2160 4667 2316 4727 sunt,
2374 4659 2683 4734 quomodo
2728 4657 2805 4714 ab
2856 4657 2997 4728 ipsis
3047 4654 3360 4728 patietur?
3405 4653 3614 4727 Itaque

1958 4756 2112 4812 Elias
2137 4751 2440 4810 Thesbites
2493 4754 2626 4804 ante
2653 4747 2983 4804 secundum
3030 4743 3239 4802 Christi
3285 4743 3612 4804 adventum

1958 4850 2243 4900 venturus
2300 4846 2406 4905 est,
2455 4837 2702 4912 quando
2768 4836 2825 4892 hi
2853 4835 2958 4908 qui
3020 4840 3163 4892 tunc
3200 4838 3374 4890 erunt
3419 4831 3614 4890 Judaei

1959 4935 2379 4990 convertentur
2417 4927 2494 4984 ad
2523 4926 2746 4998 ipsum.
2773 4927 2939 4980 Nunc
2969 4928 3169 4980 autem
3193 4924 3428 4995 primus
3453 4919 3614 4978 Chri-

1960 5023 2032 5078 sti
2071 5021 2360 5078 adventus
2385 5021 2490 5082 est,
2525 5031 2664 5072 cum
2711 5029 2748 5070 a
2772 5011 2992 5070 Judmis
3018 5011 3202 5070 multa
3235 5011 3474 5084 patitur,
3507 5024 3613 5067 cus

1955 5116 2054 5184 jus
2085 5112 2416 5168 Praecursor
2441 5121 2562 5164 non
2587 5103 2791 5162 Thesbi
2804 5107 2908 5171 tes,
2949 5101 3056 5160 sed
3079 5103 3360 5160 Joannes.

2033 5329 2190 5382 Vers.
2224 5328 2305 5380 t3.
2346 5321 2460 5379 Sed
2484 5321 2612 5378 dico
2633 5350 2701 5360 —
2732 5318 3060 5376 voluerunt.
3093 5317 3175 5373 De
3202 5315 3319 5374 hoc
3366 5315 3616 5398 manife-

1962 5418 2109 5474 stius
2136 5416 2366 5470 locutus
2399 5414 2489 5468 est
2527 5408 2874 5467 Mattheus:
2908 5422 3110 5482 quaere
3157 5421 3301 5480 ergo
3329 5407 3616 5480 praedicto

1962 5505 2262 5562 tricesimo
2285 5505 2500 5588 quarto
2521 5500 2729 5572 capite.

1481 5631 1706 5700 Variae
1734 5633 2064 5704 lectiones
2091 5640 2156 5700 et
2187 5639 2387 5697 notae.

311 5775 434 5848 (61)
464 5773 632 5831 Forte
660 5771 948 5846 interpres
975 5771 1202 5831 invenit
1227 5773 1448 5848 ὁμολογῇ
1459 5761 1547 5828 σαι
1584 5774 1713 5862 εἶναι
1753 5782 1851 5835 eu

1975 5776 2105 5850 guod
2134 5791 2242 5833 nec
2272 5772 2419 5832 mihi
2447 5769 2746 5844 displicet.
