4188 6428
567 380 675 440 819
1891 389 2252 450 EUTHYMII
2288 391 2619 453 ZIGABENI

3836 418 3948 475 820

636 507 798 566 Vers.
829 511 916 566 13.
969 507 1126 618 Sic‘ut
1150 539 1217 552 —
1245 509 1314 566 de
1353 525 1438 569 eo.
1471 511 1557 584 -Η-
1586 513 1759 572 Sicut
1794 515 2084 588 scriptum
2115 524 2221 588 est,

2407 523 2592 584 Καθὼς
2634 555 2698 564 -
2752 523 2831 578 ἐπ’
2883 526 3056 584 αὐτον.
3103 531 3196 598 [Τό
3239 532 3422 596 Καθὼς
3471 534 3585 607 (62)
3625 543 3944 618 γέγραπται,

567 597 772 670 accipe
802 597 878 655 de
905 596 1202 656 vocabulo
1231 602 1406 658 venit.
1463 601 1606 660 Dicit
1634 605 1793 663 enim
1832 607 2020 665 Isaias
2049 625 2062 664 :
2103 609 2222 667 Vox

2334 608 2417 663 ἐπὶ
2469 620 2561 665 τοῦ
2619 611 2843 683 ἐλήλυθε,
2898 596 3121 676 νόησονί
3167 625 3305 678 Φησὶ
3351 625 3452 698 γὰρ
3479 596 3728 692 "Hostia;
3770 647 3784 663 ·
3832 596 3947 688 Φωί

567 686 885 758 clamantis
913 686 974 744 in
998 689 1245 755 deserto,
1274 695 1330 746 et
1359 691 1591 765 reliqua
1616 696 1683 751 ⁸ο.

2331 703 2391 759 νὴ
2418 699 2640 772 βοῶντος
2671 703 2719 756 ἐν
2746 713 2808 778 τῇ
2851 704 3047 782 ἐρήμῳ,
3080 713 3170 760 καὶ
3201 711 3267 761 τά
3306 686 3432 774 sine.
3453 715 3590 784 (63).
3623 717 3648 792 ]

639 775 921 835 Prmdixit
943 778 1098 836 enim
1126 779 1312 836 Isaias
1336 779 1411 837 de
1440 783 1690 840 Joannis
1711 785 1892 842 etiam
1919 787 2220 861 passione.

2408 792 2591 854 Καθὼς
2617 775 2907 866 γέγραπται
2937 775 3055 872 περὶ
3095 797 3277 851 αὐτοῦ.
3322 775 3561 876 ῐΙροεῖπε⁷
3584 775 3687 881 γάρ
3726 808 3948 875 Ἠσαίας

2333 883 2422 931 καὶ
2451 886 2569 957 περὶ
2593 890 2684 934 τοῦ
2715 885 2915 947 πάθους
2944 893 3035 939 τοῦ
3068 886 3328 946 Ἰωάννου.

569 956 727 1016 CAP.
758 957 935 1014 XXVI.
963 957 1046 1013 De
1075 956 1334 1016 lunatico
1362 959 1609 1020 habente
1639 963 1915 1034 spiritum
1970 974 2214 1026 mutum.

637 1045 809 1102 Vers.
845 1046 930 1102 14.
983 1045 1236 1120 Cumque
1258 1049 1506 1106 venisset
1528 1082 1592 1092 —
1640 1051 1784 1108 illis.
1815 1053 2114 1128 Dicipulos
2141 1057 2225 1114 di-

567 1133 645 1193 cit
672 1148 835 1191 nunc
880 1149 1101 1192 novem
1147 1135 1410 1209 reliquos
1438 1139 1706 1212 quicum
1734 1157 1805 1198 eo
1842 1143 1902 1199 in
1957 1150 2225 1204 montem

567 1238 694 1281 non
722 1221 1117 1282 ascenderant
1147 1246 1161 1281 :
1189 1241 1330 1282 cum
1359 1227 1518 1284 enim
1545 1229 1656 1286 bos
1683 1231 1843 1288 solos
1863 1232 2228 1294 invenissent

2606 1013 2749 1063 ΚΕΦ.
2787 1009 2901 1071 κζ’.
2939 1015 3062 1084 Περὶ
3088 1020 3178 1065 τοῦ
3211 1013 3666 1092 σεληνιαζομένου.

2408 1099 2509 1146 Kai
2561 1094 2714 1148 ἐλθὼν
2762 1128 2828 1138 —
2875 1099 3072 1162 αὐτοῖς.
3131 1105 3388 1166 Μαθητὰς
3459 1115 3547 1160 νῦν
3612 1117 3731 1173 τοὺς
3804 1112 3946 1168 ἐννέα

2332 1179 2487 1253 λέγει,
2551 1188 2668 1246 τοὺς
2749 1191 2820 1258 μὴ
2898 1189 3283 1253 συναναϐάντας
3340 1195 3480 1267 αὐτῷ
3542 1199 3614 1261 εἰς
3682 1204 3741 1254 τὸ
3800 1208 3944 1277 ὅρος.

2333 1270 2562 1334 Τούτους
2613 1278 2715 1348 γὰρ
2771 1278 3001 1351 εὑρόντες
3075 1284 3265 1352 μόνους
3343 1286 3395 1336 οἱ
3466 1292 3794 1362 Γραμματεῖς
3829 1270 3944 1347 ’πε-

2333 1359 2554 1432 ριεῖλκον
2605 1371 2716 1426 ταῖς
2779 1364 3088 1441 ἐρωτήσεσι,
3148 1359 3625 1444 προσδοκήσαντες*
3673 1379 3946 1454 συμποδίο

2337 1447 2462 1509 ζειν.

571 1311 808 1379 Scribse.
859 1313 1410 1372 circumveniebant
1438 1317 2030 1392 interrogationibus,
2062 1324 2224 1381 futu-

568 1418 706 1459 rum
753 1407 1082 1474 sperantes,
1128 1408 1190 1460 ut
1245 1403 1377 1462 illos
1429 1408 1839 1481 compedirent
1887 1427 1991 1468 seu
2067 1413 2228 1472 falle-

567 1496 714 1552 rent.
1022 1530 1024 1532 τ

640 1580 808 1637 Vers.
843 1581 929 1638 15.
956 1581 1282 1656 Statimque
1306 1615 1376 1626 —
1403 1585 1716 1657 obstupuit.
1753 1588 2093 1664 Obstupuit,
2127 1599 2231 1650 aut

568 1674 813 1745 propter
843 1685 1121 1729 accessus
1137 1675 1662 1746 opportunitatem.
1690 1679 1865 1750 quasi
1885 1696 2231 1754 praecogno-

571 1760 712 1817 verit
743 1759 1086 1818 Scribarum
1137 1761 1531 1832 invasionem,
1580 1765 1831 1841 ideoque
1857 1769 1936 1826 ad
1973 1770 2231 1846 discipu-

571 1849 768 1907 lorum
793 1850 1083 1909 auxilium
1113 1851 1439 1911 advenerit.

644 1938 750 2011 vel
779 1945 1023 2014 propter
1064 1942 1445 2014 splendorem
1501 1950 1780 2018 aspectus
1809 1948 1956 2019 ejus.
1999 1951 2225 2010 Etenim

573 2029 890 2086 verisimile
905 2034 1048 2087 esta'
1064 2031 1587 2092 transformatione
1609 2038 1864 2108 gratiam
1890 2042 2224 2114 quamdam

571 2121 939 2177 contractam
968 2135 1119 2177 esse.

643 2212 803 2266 Vers.
841 2210 925 2267 15.
955 2211 1033 2268 Et
1057 2217 1430 2273 occurrentes
1460 2247 1528 2258 —
1553 2231 1702 2274 eum.
1737 2217 1846 2286 Qui
1898 2220 2168 2278 videlicet
2192 2236 2225 2279 e

573 2299 750 2356 turba
769 2304 938 2358 erant
965 2300 1366 2360 desiderantes
1391 2309 1534 2362 eum
1585 2309 1756 2379 quasi
1785 2308 2226 2368 benefactorem

571 2401 643 2445 ac
673 2389 1040 2448 Salvatorem
1064 2407 1082 2445 :
1109 2406 1230 2448 non
1256 2397 1452 2450 autem
1475 2394 1662 2452 invidi
1688 2397 1931 2454 Scribse.

642 2479 806 2537 Vers.
872 2480 956 2536 t6.
1019 2481 1096 2537 Et
1166 2484 1544 2556 interrogavit
1602 2515 1674 2527 —
1728 2503 1819 2544 eos
1869 2488 1897 2542 γ
1935 2488 2074 2546 Cum
2127 2489 2226 2547 ille

568 2567 1004 2641 interrogasset,
1063 2569 1264 2627 nullus
1324 2571 1562 2630 illorum
1620 2576 1986 2648 respondere
2040 2595 2226 2638 ausus

567 2661 676 2715 est.
797 2669 800 2674 '

641 2749 802 2804 Vers.
828 2749 918 2806 17.
945 2745 1026 2805 Et
1061 2749 1418 2818 respondens
1442 2781 1512 2793 —
1538 2753 1695 2810 Vers.
1732 2754 1818 2810 18.
1847 2757 2081 2815 arescit.
2107 2761 2227 2816 Mu-

2412 1653 2513 1701 Kal
2559 1649 2743 1713 εὖθεως
2792 1683 2858 1694 -—
2920 1651 3268 1728 ἐξεθαμϐήθη.
3331 1659 3707 1735 Ἐξεθαμϐἠθη,
3768 1669 3799 1727 ἦ
3845 1666 3944 1722 δια

2338 1739 2395 1788 τό
2448 1742 2648 1809 καίριον
2713 1748 2807 1802 τῆς
2873 1739 3173 1816 ἐπιδημίας,
3241 1749 3326 1800 οἷα
3399 1759 3773 1826 προεγνωκότος
3840 1763 3936 1816 τὴν

2265 1869 2305 1925 Β
2337 1824 2564 1880 ἐπίθεσιν
2630 1837 2729 1881 τῶν
2797 1836 3166 1904 Γραμματέων,
3222 1842 3309 1889 καὶ
3357 1835 3447 1891 διὰ
3509 1849 3653 1894 τοῦτο
3719 1849 3928 1916 ταχέως

2336 1913 2642 1980 ἐπιστάντος
2670 1923 2795 1991 πρὸς
2821 1918 3121 1996 ἐπικουρίαν
3150 1933 3247 1976 τῶν
3277 1929 3532 1998 μαθητῶν.

2404 2004 2470 2058 Ἦ
2531 2002 2625 2058 διὰ
2678 2012 2770 2066 τὴν
2817 2007 3148 2084 φαιδρότητα
3201 2024 3290 2075 τῆς
3337 2026 3535 2089 μορφῆς
3585 2019 3766 2075 αὐτοῦ.
3823 2023 3943 2076 Καὶ

2333 2097 2434 2168 γὰρ
2467 2095 2598 2157 εἰκὸς
2629 2095 2927 2169 ἐφέλκεσθαί
2975 2120 3090 2154 τινα
3141 2106 3302 2179 χάριν
3358 2105 3412 2158 ἐκ
3457 2117 3552 2170 τῆς
3597 2118 3944 2185 μεταμορφώσ-

2338 2203 2436 2239 σεω
2445 2206 2483 2247 ς.

2407 2279 2506 2327 Kal
2586 2281 3001 2350 προστρέχοντες
3063 2311 3131 2322 -
3193 2283 3368 2336 αὐτόν.
3442 2288 3508 2338 Οἱ
3581 2295 3672 2339 τοῦ
3753 2289 3943 2361 ὄχλου,

2334 2365 2612 2426 ποθοῦντες
2641 2365 2815 2438 αὐτόν,
2855 2371 2923 2430 ὡς
2976 2368 3239 2445 εὐεργέτην
3292 2379 3382 2426 καὶ
3427 2382 3642 2452 Σωτῆρα
3676 2395 3688 2407 ·
3730 2378 3788 2430 οὐ
3842 2385 3944 2452 μὴν

2335 2453 2384 2504 οἱ
2425 2450 2685 2524 βάσκανοι
2707 2461 3037 2530 Γρομμοτεῖς.

2409 2547 2509 2595 Kai
2545 2541 2852 2619 ἐπηρώτησε
2881 2577 2950 2588 -
2979 2548 3169 2613 αὐτούς
3202 2567 3214 2616 ;
3252 2551 3727 2628 Ἐπερωτήσαντος,
3769 2556 3943 2620 οὐδεὶς

2334 2629 2535 2685 ἐκείνων
2565 2632 2843 2709 ἐτόλμησεν
2872 2635 3238 2714 ἀποκριθῆναι.

570 2840 699 2891 tum
723 2833 871 2892 dixit
912 2834 1201 2907 spiritum,
1260 2842 1464 2910 utpote
1510 2841 1937 2914 impedientem
1989 2846 2094 2904 ﬁlii
2132 2849 2224 2906 sui

570 2923 878 3010 loquelam
908 2939 922 2981 :
950 2939 1062 2982 nec
1117 2925 1179 2981 id
1215 2931 1466 2998 tantum,
1499 2929 1605 2988 sed
1640 2937 1698 2990 et
1741 2934 2018 2994 auditum
2067 2938 2220 3010 ejus,

573 3003 744 3071 sicuti
805 3018 1014 3088 postea
1080 3015 1510 3078 declarabitur.
1577 3023 1818 3082 Lacerat
1847 3030 2068 3096 autem,
2098 3003 2224 3086 'hoc

571 3112 678 3171 est,
716 3101 916 3177 dejicit
968 3104 1030 3163 in
1069 3108 1307 3164 terram.
1334 3108 1578 3179 Arescit,
1627 3111 1689 3170 id
1741 3118 1845 3181 est,
1881 3115 2008 3173 sine
2036 3133 2222 3176 sensu

571 3197 678 3250 est.

640 3284 952 3343 Mattbasus
1005 3302 1149 3345 vero
1208 3287 1505 3348 tricesimo
1551 3291 1758 3366 quinto
1851 3296 2042 3370 capite
2119 3299 2222 3367 ait,

568 3373 770 3446 ipsum
795 3375 1013 3435 dixisse
1045 3397 1058 3437 :
1091 3379 1346 3446 Domine,
1375 3383 1642 3440 miserere
1663 3383 1775 3451 ﬁlii
1793 3386 1924 3452 mei,
1965 3388 2108 3460 quia
2135 3390 2224 3445 lu-

566 3463 802 3523 naticus
828 3469 905 3522 est
928 3467 1498 3540 etmisereafﬂigitur
1522 3472 1590 3526 σί.
1623 3472 1941 3531 Verisimile
1957 3491 2102 3548 ergo
2113 3483 2221 3548 est,

565 3557 622 3610 et
660 3553 776 3612 hoc
806 3559 868 3612 et
893 3555 1044 3612 illud
1072 3559 1273 3629 ipsum
1302 3557 1543 3616 dixisse.

636 3643 800 3700 Vers.
848 3645 934 3700 18.
964 3645 1041 3701 Et
1064 3645 1220 3702 dixit
1247 3677 1318 3688 —
1342 3648 1505 3704 Vers.
1539 3649 1630 3707 l9.
1675 3649 1750 3707 ad
1771 3667 1879 3708 me.
1914 3656 1975 3710 In
2001 3653 2102 3712 illo
2126 3672 2222 3715 ca-

564 3730 687 3803 pite
705 3732 781 3790 de
804 3733 896 3789 bis
932 3733 1299 3805 disputatum
1329 3741 1434 3793 est.

641 3823 798 3877 Vers.
829 3823 925 3878 20.
957 3822 1036 3878 Et
1081 3825 1410 3881 attulerunt
1438 3855 1508 3868 -—
1574 3842 1877 3898 spumans.
1942 3832 2222 3895 Permisit

565 3909 697 3966 hac
724 3909 922 3981 ipsum
949 3909 1089 3983 pati,
1139 3917 1200 3968 ut
1222 3912 1486 3972 viderent
1535 3916 1638 3989 qui
1684 3924 2000 3990 praesentes
2052 3930 2220 3984 erant

567 3997 848 4071 aquibus
896 3997 1335 4058 calamitatibus
1397 4002 1746 4062 liberandus
1793 4015 1994 4067 esset:
2035 4018 2218 4086 utque

565 4091 886 4161 postquam
951 4088 1194 4147 vidisset
1257 4097 1427 4164 pater
1488 4093 1616 4165 ejus
1674 4095 2044 4158 daemonium
2089 4104 2218 4161 viso

567 4175 795 4234 Christo
824 4177 1073 4246 turbari,
1107 4178 1185 4236 ad
1215 4180 1500 4240 ﬁduciam
1530 4185 1605 4240 de
1635 4184 1764 4256 ejus
1796 4187 2010 4246 virtute
2039 4191 2216 4250 indu-

562 4270 760 4324 ceretu
769 4283 816 4325 r.

634 4357 793 4415 Vers.
822 4361 911 4416 2t.
947 4357 1020 4416 Et
1044 4360 1432 4432 interrogavit
1482 4393 1552 4404 —
1581 4361 1744 4420 Vers.
1800 4370 1888 4423 22.
1947 4384 2074 4427 eum
2132 4372 2218 4428 In-

563 4448 882 4518 terrogavit
902 4453 966 4504 ut
986 4447 1086 4507 illo
1101 4450 1500 4523 respondente
1524 4463 1953 4524 cognoscerent
1971 4460 2217 4516 audien-

2407 2834 2507 2882 Kai
2561 2827 2864 2904 ἀποκριθεὶς
2923 2863 2990 2872 --
3052 2833 3367 2907 ξηραίνεται.
3423 2835 3642 2891 Ἀλαλον
3705 2835 3814 2893 εἷπε
3878 2844 3937 2894 τὸ

2333 2926 2554 2990 πνεῦμα,
2587 2921 2652 2979 ὡς
2695 2918 2882 2992 ἐπέχον
2930 2925 3022 2980 τὴν
3079 2922 3257 2976 λαλιὰν
3322 2933 3412 2977 τοῦ
3463 2927 3578 2978 υἱοῦ
3623 2927 3812 2986 αὐτοῦ.
3861 2930 3938 2982 Οὐ

2333 3011 2485 3078 μόνον
2517 3005 2575 3061 δε
2624 3012 2834 3072 ταύτην,
2885 3009 3012 3062 ἀλλά
3052 3016 3141 3064 καὶ
3199 3017 3292 3071 τὴν
3349 3012 3509 3073 ἀκοὴν
3540 3016 3720 3084 αὐτοῦ,
3765 3020 3940 3082 καθὼς

2334 3096 2452 3159 ἑξῆς
2494 3094 2874 3156 δηλωθήσεται.
2907 3104 2976 3152 Τὸ
3006 3104 3096 3174 μεν
3127 3102 3215 3154 οὖν
3243 3104 3456 3178 ῥήσσει,
3489 3103 3600 3158 ἀντὶ
3629 3114 3742 3174 τοῦ,
3775 3128 3937 3162 κατα-

2335 3183 2505 3238 ϐάλλει
2534 3186 2606 3249 εἰς
2633 3194 2732 3260 γῆν
2772 3209 2784 3220 ο
2823 3191 2880 3240 τό
2925 3185 2984 3243 δε
3043 3189 3358 3267 ξηραίνεται,
3415 3192 3529 3247 ἀντὶ
3580 3204 3694 3262 τοῦ,
3755 3198 3938 3251 ἀναισ-

2335 3277 2498 3333 θητεῖ.

2404 3367 2667 3427 Ματθαίος
2716 3363 2776 3420 δέ
2833 3387 2991 3440 φησιν
3045 3368 3092 3421 ἐν
3146 3380 3216 3442 τῷ
3254 3381 3548 3447 τριακοστῷ
3596 3380 3812 3450 πέμπτῳ
3861 3397 3934 3431 κε-

2333 3454 2552 3528 φαλαίῳ,
2598 3456 2754 3510 εἰπεῖν
2799 3457 2949 3511 αὐτόν
2979 3478 2991 3490 ·
3029 3462 3205 3533 Κύριε,
3250 3459 3456 3520 ἐλέησόν
3509 3483 3608 3535 μου
3657 3468 3745 3518 τόν
3803 3470 3932 3531 υἱόν,

2331 3545 2411 3597 ὃτι
2463 3544 2822 3606 σεληνιάζεται
2867 3552 2957 3600 καὶ
3007 3556 3182 3612 κακῶς
3236 3553 3457 3623 πάσχει.
3519 3552 3670 3614 Εἰκὸς
3729 3551 3810 3625 δὲ,
3847 3563 3937 3611 καὶ

2329 3642 2481 3686 τοῦτο
2507 3633 2711 3688 κάκεῖνο
2742 3636 2898 3688 εἰπεῖν
2927 3637 3106 3693 αὐτόν.

2402 3728 2501 3777 Ka‘t
2525 3721 2664 3778 εἶπον
2707 3757 2772 3766 -
2801 3730 2929 3801 πρός
2957 3745 3038 3799 με.
3090 3728 3171 3780 Ἐν
3223 3727 3394 3802 ἐκείνῳ
3425 3738 3498 3802 τῷ
3528 3732 3780 3806 κεφαλαίῳ
3813 3742 3935 3808 περὶ

2325 3815 2519 3866 τούτων
2548 3813 2874 3886 ἐσαφηνίσθη
2885 3854 2897 3866 .

2401 3908 2501 3957 Καὶ
2573 3907 2792 3976 ἤνεγκαν
2861 3935 2929 3944 -
3017 3903 3270 3979 ἀφρίζων.
3345 3914 3683 3983 Συνεχώρησε
3763 3920 3934 3966 ταῦτα

2325 3993 2507 4044 παθεῖν
2551 3992 2726 4062 αὐτὸν,
2766 3994 2850 4044 ἶνα
2887 3990 3076 4046 ἴδωσιν
3131 3997 3179 4047 οἱ
3217 4001 3481 4071 παρόντες,
3524 4001 3635 4062 οἰας
3687 3997 3936 4075 ἐπηρείας

2327 4080 2746 4135 ἀπαλλάττεσθαι
2793 4081 2984 4155 μέλλει,
3037 4089 3127 4136 καὶ
3182 4086 3264 4138 ἵνα
3318 4091 3474 4158 γνοὺς
3529 4089 3555 4140 ό
3603 4093 3800 4158 πατὴρ,
3851 4091 3935 4142 ὅτι

2327 4168 2621 4245 θορυϐεῖται
2672 4175 2730 4223 τὸ
2787 4167 3076 4244 δαιμόνιον,
3129 4170 3242 4227 ἰδόν
3303 4179 3388 4228 τὸν
3441 4181 3692 4252 Χριστόν,
3741 4177 3811 4239 εἰς
3848 4183 3936 4232 ni-

2327 4277 2440 4312 στιν
2466 4267 2562 4323 τῆς
2583 4260 2738 4313 αὐτοῦ
2770 4257 3039 4335 δυνάμεως
3064 4261 3284 4337 ἐναχθῇ.

2399 4461 2492 4510 Kal
2569 4455 2874 4532 ἐπηρώτησε
2953 4490 3021 4499 -
3097 4458 3271 4515 αὐτόν.
3367 4461 3754 4535 Ἐπηρώτησεν,
3849 4466 3937 4518 ἵνα

564 4539 675 4603 tes,
705 4537 872 4610 quod
897 4536 1028 4609 jam
1054 4537 1196 4596 olim
1222 4539 1577 4613 perdidisset
1601 4557 1762 4611 eum,
1792 4545 1907 4603 nisi
1931 4546 2215 4606 divinitus

2327 4545 2688 4620 ἀποκριθέντος
2753 4545 2967 4615 ἐκείνου,
3023 4556 3188 4621 γνοῖεν
3255 4551 3303 4603 οἱ
3343 4548 3631 4620 ἀκούοντες,
3689 4554 3770 4605 ὅτι
3820 4556 3932 4606 πά-

561 4624 764 4682 fuisset
791 4625 1102 4684 cohibitus.

634 4714 797 4770 Vers.
826 4716 917 4771 22.
947 4714 1059 4774 Sed
1080 4716 1134 4774 si
1158 4716 1310 4791 quid
1328 4750 1393 4761 —
1419 4721 1618 4778 nostri.
1653 4721 1825 4780 Vides
1849 4724 2015 4798 quod
2031 4725 2214 4785 ﬁdem

561 4817 686 4860 non
714 4802 934 4861 habeat
951 4804 1366 4865 indubitatam.

632 4892 799 4948 Vers.
823 4896 910 4952 23.
943 4893 1111 4952 Iesus
1139 4900 1335 4954 autem
1365 4929 1420 4940 —
1481 4901 1762 4958 credenti.
1794 4903 2119 4962 Potentiam
2150 4907 2210 4963 in

560 4981 680 5039 ﬁde
700 4980 858 5039 illius
885 4984 1151 5055 reposuit
1179 4985 1349 5054 ;hinc
1377 4988 1626 5062 quidem
1678 4990 1941 5062 dirigens
1971 5009 2109 5052 eum
2134 4997 2212 5054 ad

2323 4635 2410 4689 λαι
2461 4635 2522 4689 ἂν
2587 4635 2820 4689 ἀπώλεσε
2873 4645 3076 4706 τοῦτον,
3139 4638 3183 4692 εἰ
3260 4644 3333 4713 μὴ
3415 4642 3584 4694 θεόθεν
3661 4640 3934 4716 ἀνεχαιτί-

2325 4726 2462 4787 ζετο.

2395 4814 2529 4871 Ἀλλ’
2571 4817 2615 4868 εἶ
2667 4834 2716 4868 τι
2761 4846 2826 4856 -
2857 4817 3015 4888 ἡμᾶς.
3066 4816 3243 4893 Ὁρᾷς,
3302 4826 3411 4880 πῶς
3462 4819 3556 4872 οὐκ
3605 4816 3717 4893 εἶχε
3747 4827 3932 4876 πίστιν

2323 4902 2665 4959 ἀδίστακτον.

2390 4995 2448 5047 Ὀ
2507 4990 2566 5047 δε
2613 4993 2820 5054 Ἰησοῦς
2871 5024 2940 5034 -
2991 4997 3312 5052 πιστεύοντι.
3378 5004 3450 5070 Τῇ
3525 5002 3700 5051 πίστει
3766 4999 3931 5053 αὐτοῦ

560 5071 764 5163 tidem,
790 5071 949 5130 illinc
964 5087 1102 5132 vero
1129 5074 1205 5132 de
1255 5091 1319 5134 se
1347 5076 1484 5152 ipso
1539 5079 1803 5138 modeste
1859 5083 2098 5155 sapiens
2139 5101 2210 5143 ac

2327 5088 2411 5142 τὴν
2443 5080 2664 5156 δύναμιν
2705 5081 2941 5142 ἀνέθηκε.
2992 5091 3157 5138 Τοῦτο
3200 5089 3312 5158 μιν,
3371 5092 3785 5163 προτρεπόμενος
3839 5089 3934 5142 αὖε

558 5159 832 5235 loquens.

602 5302 677 5379 ’⁵ο
706 5341 820 5402 lea.
849 5357 945 5416 χι,
971 5345 1004 5402 3
1116 5346 1160 5384 ﬂ
1193 5344 1398 5407 Matth.
1425 5360 1566 5413 xvn,
1601 5351 1662 5405 15

2321 5177 2407 5227 τὸν
2434 5173 2500 5235 εἰς
2527 5177 2726 5239 πίστιν,
2759 5180 2916 5227 τοῦτο
2951 5169 3028 5246 δε,
3057 5184 3433 5251 μετριοφρονῶν
3461 5176 3636 5240 αὐτός.

1846 5527 2070 5600 Variae
2108 5527 2437 5649 lectiones
2459 5538 2525 5598 et
2553 5536 2758 5598 notae.

655 5717 744 5790 62)
773 5717 904 5776 Hac
933 5717 996 5775 in
1047 5717 1322 5790 margine
1351 5721 1416 5776 Α.

2280 5724 2428 5794 __;dex
2458 5725 2500 5780 Β
2545 5723 2641 5781 hic
2689 5722 2753 5780 in
2805 5724 2926 5782 ﬁne

2977 5725 3394 5801 post_’lwdw9u
3451 5724 3644 5795 addit,
3675 5727 3930 5801 praeﬁxa

655 5720 721 5775 62
773 5717 904 5776 Hac
933 5717 996 5775 in
1047 5717 1322 5790 margine
1351 5721 1416 5776 Α.
2280 5724 2428 5796 λιᾴοι
2458 5725 2500 5780 Β
2545 5723 2641 5781 hic
2689 5722 2753 5780 in
2805 5724 2926 5782 ﬁne
2977 5729 3114 5798 post
3159 5725 3394 5808 Ἰωάννου
3451 5741 3461 5782 ε

623 5716 744 5863 ἕ63ἷ
771 5791 912 5858 Qum
931 5790 1028 5848 hic
1057 5793 1134 5850 ab
1160 5789 1330 5852 initio
1359 5791 1545 5865 signis
1585 5791 1956 5867 inclusimus,
2006 5811 2077 5855 ea
2106 5811 2203 5855 co-
2279 5796 2605 5870 ‘particula
2633 5797 2690 5859 ἦ.
2723 5795 2976 5856 Carebat
3003 5798 3075 5855 iis
3113 5799 3461 5858 Hentenlus.
