  <div class='ocr_page' id='page_1' title='image "/cluster/home/n/w/nwhite01/storage/ocr_20150623/129/hvd.32044019208511/444.png"; bbox 0 0 4188 6430; ppageno 0'>
   <div class='ocr_carea' id='block_1_1' title="bbox 202 413 307 470">
    <p class='ocr_par' dir='ltr' id='par_1_1' title="bbox 202 413 307 470">
     <span class='ocr_line' id='line_1_1' title="bbox 202 413 307 470; baseline -0.01 0"><span class='ocrx_word' id='word_1_1' title='bbox 202 413 307 470; x_wconf 71' lang='grc'>821</span> 
     </span>
    </p>
   </div>
   <div class='ocr_carea' id='block_1_2' title="bbox 316 521 1696 602">
    <p class='ocr_par' dir='ltr' id='par_1_2' title="bbox 316 521 1696 602">
     <span class='ocr_line' id='line_1_2' title="bbox 316 521 1696 602; baseline -0.016 -12"><span class='ocrx_word' id='word_1_2' title='bbox 316 539 416 592; x_wconf 74' lang='grc' dir='ltr'><strong>Καὶ</strong></span> <span class='ocrx_word' id='word_1_3' title='bbox 445 533 632 594; x_wconf 74' lang='grc' dir='ltr'>εὐθέως</span> <span class='ocrx_word' id='word_1_4' title='bbox 660 561 728 572; x_wconf 95' lang='lat'>—</span> <span class='ocrx_word' id='word_1_5' title='bbox 754 549 853 602; x_wconf 84' lang='grc' dir='ltr'><strong>μου</strong></span> <span class='ocrx_word' id='word_1_6' title='bbox 892 534 954 600; x_wconf 77' lang='grc' dir='ltr'><strong>τῇ</strong></span> <span class='ocrx_word' id='word_1_7' title='bbox 999 524 1239 595; x_wconf 75' lang='grc' dir='ltr'>ἀπιστίᾳ.</span> <span class='ocrx_word' id='word_1_8' title='bbox 1281 527 1354 595; x_wconf 75' lang='grc' dir='ltr'><strong>Τῇ</strong></span> <span class='ocrx_word' id='word_1_9' title='bbox 1389 521 1552 592; x_wconf 83' lang='grc' dir='ltr'>μέχρι</span> <span class='ocrx_word' id='word_1_10' title='bbox 1588 521 1696 568; x_wconf 86' lang='grc' dir='ltr'>νῦν.</span> 
     </span>
    </p>
   </div>
   <div class='ocr_carea' id='block_1_3' title="bbox 277 710 1808 802">
    <p class='ocr_par' dir='ltr' id='par_1_3' title="bbox 277 710 1808 802">
     <span class='ocr_line' id='line_1_3' title="bbox 277 710 1808 802; baseline -0.018 -15"><span class='ocrx_word' id='word_1_11' title='bbox 277 730 428 788; x_wconf 78' lang='grc' dir='ltr'>’ἰδὼν</span> <span class='ocrx_word' id='word_1_12' title='bbox 483 761 550 770; x_wconf 91' lang='grc'><strong><em>-</em></strong></span> <span class='ocrx_word' id='word_1_13' title='bbox 581 728 882 802; x_wconf 75' lang='grc' dir='ltr'>ἀκαθάρτῳ.</span> <span class='ocrx_word' id='word_1_14' title='bbox 906 726 1117 795; x_wconf 83' lang='grc' dir='ltr'><strong>Ταχέως</strong></span> <span class='ocrx_word' id='word_1_15' title='bbox 1149 717 1385 776; x_wconf 79' lang='grc' dir='ltr'><strong>ἀπήλασε</strong></span> <span class='ocrx_word' id='word_1_16' title='bbox 1415 717 1471 768; x_wconf 87' lang='grc' dir='ltr'>τὸ</span> <span class='ocrx_word' id='word_1_17' title='bbox 1517 710 1808 785; x_wconf 82' lang='grc' dir='ltr'>δαιμόνιον,</span> 
     </span>
    </p>
   </div>
   <div class='ocr_carea' id='block_1_4' title="bbox 211 815 1073 897">
    <p class='ocr_par' dir='ltr' id='par_1_4' title="bbox 211 815 1073 897">
     <span class='ocr_line' id='line_1_4' title="bbox 211 815 1073 897; baseline -0.016 -19"><span class='ocrx_word' id='word_1_18' title='bbox 211 827 297 878; x_wconf 83' lang='grc' dir='ltr'>ἵνα</span> <span class='ocrx_word' id='word_1_19' title='bbox 326 830 396 897; x_wconf 80' lang='grc' dir='ltr'>μὴ</span> <span class='ocrx_word' id='word_1_20' title='bbox 427 822 527 874; x_wconf 77' lang='grc' dir='ltr'>ὑπὸ</span> <span class='ocrx_word' id='word_1_21' title='bbox 555 818 796 872; x_wconf 71' lang='grc' dir='ltr'>πλειόνων</span> <span class='ocrx_word' id='word_1_22' title='bbox 821 815 1073 888; x_wconf 78' lang='grc' dir='ltr'>κροτηθῇ.</span> 
     </span>
    </p>
   </div>
   <div class='ocr_carea' id='block_1_5' title="bbox 286 885 1812 984">
    <p class='ocr_par' dir='ltr' id='par_1_5' title="bbox 286 885 1812 984">
     <span class='ocr_line' id='line_1_5' title="bbox 286 885 1812 984; baseline -0.019 -17"><span class='ocrx_word' id='word_1_23' title='bbox 286 918 463 984; x_wconf 81' lang='grc' dir='ltr'>Αέγων</span> <span class='ocrx_word' id='word_1_24' title='bbox 531 940 599 950; x_wconf 86' lang='grc'><strong><em>--</em></strong></span> <span class='ocrx_word' id='word_1_25' title='bbox 654 906 834 960; x_wconf 73' lang='grc' dir='ltr'>αὐτοῦ.</span> <span class='ocrx_word' id='word_1_26' title='bbox 887 903 1041 974; x_wconf 55' lang='grc' dir='ltr'>Ἐγώ,</span> <span class='ocrx_word' id='word_1_27' title='bbox 1101 919 1185 952; x_wconf 91' lang='grc' dir='ltr'><strong>σοι</strong></span> <span class='ocrx_word' id='word_1_28' title='bbox 1243 897 1533 963; x_wconf 80' lang='grc' dir='ltr'><strong>ἐπιτάσσω,</strong></span> <span class='ocrx_word' id='word_1_29' title='bbox 1605 892 1658 942; x_wconf 90' lang='grc' dir='ltr'>ὃν</span> <span class='ocrx_word' id='word_1_30' title='bbox 1733 885 1812 940; x_wconf 82' lang='grc' dir='ltr'><strong>οἷ-</strong></span> 
     </span>
    </p>
   </div>
   <div class='ocr_carea' id='block_1_6' title="bbox 213 1002 333 1064">
    <p class='ocr_par' dir='ltr' id='par_1_6' title="bbox 213 1002 333 1064">
     <span class='ocr_line' id='line_1_6' title="bbox 213 1002 333 1064; baseline 0 -6"><span class='ocrx_word' id='word_1_31' title='bbox 213 1002 333 1064; x_wconf 84' lang='grc' dir='ltr'>δας.</span> 
     </span>
    </p>
   </div>
   <div class='ocr_carea' id='block_1_7' title="bbox 286 1064 1816 1152">
    <p class='ocr_par' dir='ltr' id='par_1_7' title="bbox 286 1064 1816 1152">
     <span class='ocr_line' id='line_1_7' title="bbox 286 1064 1816 1152; baseline -0.022 -3"><span class='ocrx_word' id='word_1_32' title='bbox 286 1097 389 1148; x_wconf 78' lang='grc' dir='ltr'><strong>Καὶ</strong></span> <span class='ocrx_word' id='word_1_33' title='bbox 419 1119 486 1130; x_wconf 93' lang='lat'>—</span> <span class='ocrx_word' id='word_1_34' title='bbox 515 1087 691 1140; x_wconf 77' lang='grc' dir='ltr'>αὐτόν.</span> <span class='ocrx_word' id='word_1_35' title='bbox 747 1091 910 1139; x_wconf 84' lang='grc' dir='ltr'>Τοῦτο</span> <span class='ocrx_word' id='word_1_36' title='bbox 962 1079 1090 1149; x_wconf 84' lang='grc' dir='ltr'>εἶπε,</span> <span class='ocrx_word' id='word_1_37' title='bbox 1122 1074 1398 1152; x_wconf 76' lang='grc' dir='ltr'>προειδὼς,</span> <span class='ocrx_word' id='word_1_38' title='bbox 1433 1075 1512 1126; x_wconf 86' lang='grc' dir='ltr'>ὅτι</span> <span class='ocrx_word' id='word_1_39' title='bbox 1546 1074 1634 1123; x_wconf 85' lang='grc' dir='ltr'>καὶ</span> <span class='ocrx_word' id='word_1_40' title='bbox 1666 1064 1816 1124; x_wconf 47' lang='lat' dir='ltr'><strong>usu;</strong></span> 
     </span>
    </p>
   </div>
   <div class='ocr_carea' id='block_1_8' title="bbox 212 1152 1816 1256">
    <p class='ocr_par' dir='ltr' id='par_1_8' title="bbox 212 1152 1816 1256">
     <span class='ocr_line' id='line_1_8' title="bbox 212 1152 1816 1256; baseline -0.018 -20"><span class='ocrx_word' id='word_1_41' title='bbox 212 1182 413 1256; x_wconf 81' lang='grc' dir='ltr'>ἔμελλεν</span> <span class='ocrx_word' id='word_1_42' title='bbox 447 1178 599 1242; x_wconf 77' lang='grc' dir='ltr'>ἀξίως</span> <span class='ocrx_word' id='word_1_43' title='bbox 621 1171 955 1232; x_wconf 77' lang='grc' dir='ltr'>ἓπιπηδῆσαι</span> <span class='ocrx_word' id='word_1_44' title='bbox 996 1171 1158 1240; x_wconf 78' lang='grc' dir='ltr'>αὐτῷ,</span> <span class='ocrx_word' id='word_1_45' title='bbox 1194 1165 1288 1220; x_wconf 78' lang='grc' dir='ltr'>διὰ</span> <span class='ocrx_word' id='word_1_46' title='bbox 1325 1170 1418 1224; x_wconf 79' lang='grc' dir='ltr'>τὴν</span> <span class='ocrx_word' id='word_1_47' title='bbox 1447 1163 1694 1215; x_wconf 80' lang='grc' dir='ltr'><strong>ἀπιστίαν</strong></span> <span class='ocrx_word' id='word_1_48' title='bbox 1727 1152 1816 1207; x_wconf 74' lang='grc' dir='ltr'><strong>αὖ·</strong></span> 
     </span>
    </p>
   </div>
   <div class='ocr_carea' id='block_1_9' title="bbox 207 1247 1813 1333">
    <p class='ocr_par' dir='ltr' id='par_1_9' title="bbox 207 1247 1813 1333">
     <span class='ocr_line' id='line_1_9' title="bbox 207 1247 1813 1333; baseline -0.017 -7"><span class='ocrx_word' id='word_1_49' title='bbox 207 1280 323 1326; x_wconf 76' lang='grc' dir='ltr'>τοῦ.</span> <span class='ocrx_word' id='word_1_50' title='bbox 388 1269 584 1324; x_wconf 74' lang='grc' dir='ltr'>κωλύει</span> <span class='ocrx_word' id='word_1_51' title='bbox 628 1262 714 1318; x_wconf 82' lang='grc' dir='ltr'>οὖν</span> <span class='ocrx_word' id='word_1_52' title='bbox 746 1264 895 1331; x_wconf 77' lang='grc' dir='ltr'>αὐτὸ,</span> <span class='ocrx_word' id='word_1_53' title='bbox 925 1262 1006 1313; x_wconf 85' lang='grc' dir='ltr'>ἶνα</span> <span class='ocrx_word' id='word_1_54' title='bbox 1035 1265 1105 1333; x_wconf 64' lang='grc' dir='ltr'>μὴ</span> <span class='ocrx_word' id='word_1_55' title='bbox 1150 1255 1276 1332; x_wconf 72' lang='grc' dir='ltr'>δόξῃ</span> <span class='ocrx_word' id='word_1_56' title='bbox 1312 1257 1391 1309; x_wconf 87' lang='grc' dir='ltr'>ὅτι</span> <span class='ocrx_word' id='word_1_57' title='bbox 1448 1252 1542 1306; x_wconf 78' lang='grc' dir='ltr'>οὐκ</span> <span class='ocrx_word' id='word_1_58' title='bbox 1572 1247 1813 1306; x_wconf 76' lang='grc' dir='ltr'><strong>ἀπηλάθη</strong></span> 
     </span>
    </p>
   </div>
   <div class='ocr_carea' id='block_1_10' title="bbox 209 1367 482 1439">
    <p class='ocr_par' dir='ltr' id='par_1_10' title="bbox 209 1367 482 1439">
     <span class='ocr_line' id='line_1_10' title="bbox 209 1367 482 1439; baseline -0.026 -22"><span class='ocrx_word' id='word_1_59' title='bbox 209 1367 482 1439; x_wconf 86' lang='grc' dir='ltr'>πρότερον.</span> 
     </span>
    </p>
   </div>
   <div class='ocr_carea' id='block_1_11' title="bbox 291 1534 1822 1628">
    <p class='ocr_par' dir='ltr' id='par_1_11' title="bbox 291 1534 1822 1628">
     <span class='ocr_line' id='line_1_11' title="bbox 291 1534 1822 1628; baseline -0.016 -19"><span class='ocrx_word' id='word_1_60' title='bbox 291 1561 392 1611; x_wconf 76' lang='grc' dir='ltr'><strong>Καὶ</strong></span> <span class='ocrx_word' id='word_1_61' title='bbox 420 1553 702 1628; x_wconf 77' lang='grc' dir='ltr'>κράξανσ-</span> <span class='ocrx_word' id='word_1_62' title='bbox 724 1543 1188 1620; x_wconf 76' lang='grc' dir='ltr'>ἀνέστη.Ἒκραξε,</span> <span class='ocrx_word' id='word_1_63' title='bbox 1221 1547 1495 1615; x_wconf 79' lang='grc' dir='ltr'>σημαῖνον,</span> <span class='ocrx_word' id='word_1_64' title='bbox 1529 1539 1608 1590; x_wconf 88' lang='grc' dir='ltr'>ὃτι</span> <span class='ocrx_word' id='word_1_65' title='bbox 1633 1534 1822 1610; x_wconf 84' lang='grc' dir='ltr'>βιαίως</span> 
     </span>
    </p>
   </div>
   <div class='ocr_carea' id='block_1_12' title="bbox 213 1647 577 1700">
    <p class='ocr_par' dir='ltr' id='par_1_12' title="bbox 213 1647 577 1700">
     <span class='ocr_line' id='line_1_12' title="bbox 213 1647 577 1700; baseline -0.011 1"><span class='ocrx_word' id='word_1_66' title='bbox 213 1647 553 1700; x_wconf 76' lang='grc' dir='ltr'><strong>ἀπελαύνεται</strong></span> <span class='ocrx_word' id='word_1_67' title='bbox 565 1685 577 1697; x_wconf 94' lang='grc'><strong>.</strong></span> 
     </span>
    </p>
   </div>
   <div class='ocr_carea' id='block_1_13' title="bbox 290 1832 1082 1898">
    <p class='ocr_par' dir='ltr' id='par_1_13' title="bbox 290 1832 1082 1898">
     <span class='ocr_line' id='line_1_13' title="bbox 290 1832 1082 1898; baseline -0.018 0"><span class='ocrx_word' id='word_1_68' title='bbox 290 1848 396 1898; x_wconf 75' lang='grc' dir='ltr'><strong>Καὶ</strong></span> <span class='ocrx_word' id='word_1_69' title='bbox 454 1839 751 1894; x_wconf 79' lang='grc' dir='ltr'><strong>εἰσελθόντα</strong></span> <span class='ocrx_word' id='word_1_70' title='bbox 831 1865 900 1875; x_wconf 89' lang='lat'><strong>—-</strong></span> <span class='ocrx_word' id='word_1_71' title='bbox 955 1832 1082 1886; x_wconf 84' lang='grc' dir='ltr'>αύτὸ</span> 
     </span>
    </p>
   </div>
   <div class='ocr_carea' id='block_1_14' title="bbox 218 1912 1828 2000">
    <p class='ocr_par' dir='ltr' id='par_1_14' title="bbox 218 1912 1828 2000">
     <span class='ocr_line' id='line_1_14' title="bbox 218 1912 1828 2000; baseline -0.017 -10"><span class='ocrx_word' id='word_1_72' title='bbox 218 1933 389 1990; x_wconf 87' lang='grc' dir='ltr'>διατί.</span> <span class='ocrx_word' id='word_1_73' title='bbox 425 1931 580 1985; x_wconf 81' lang='grc' dir='ltr'>Οὕτω</span> <span class='ocrx_word' id='word_1_74' title='bbox 625 1929 728 2000; x_wconf 83' lang='grc' dir='ltr'><strong>γὰρ</strong></span> <span class='ocrx_word' id='word_1_75' title='bbox 792 1921 926 1977; x_wconf 86' lang='grc' dir='ltr'>εἶπεν</span> <span class='ocrx_word' id='word_1_76' title='bbox 979 1924 1004 1974; x_wconf 87' lang='grc' dir='ltr'><strong><em>ὁ</em></strong></span> <span class='ocrx_word' id='word_1_77' title='bbox 1062 1922 1325 1980; x_wconf 88' lang='grc' dir='ltr'>Ματθαίος</span> <span class='ocrx_word' id='word_1_78' title='bbox 1385 1937 1396 1950; x_wconf 92' lang='grc'><strong>·</strong></span> <span class='ocrx_word' id='word_1_79' title='bbox 1431 1918 1460 1976; x_wconf 75' lang='grc' dir='ltr'>ἡ</span> <span class='ocrx_word' id='word_1_80' title='bbox 1511 1919 1568 1967; x_wconf 88' lang='grc' dir='ltr'>τὸ</span> <span class='ocrx_word' id='word_1_81' title='bbox 1622 1912 1828 1987; x_wconf 82' lang='grc' dir='ltr'>ἐπηρώ-</span> 
     </span>
    </p>
   </div>
   <div class='ocr_carea' id='block_1_15' title="bbox 218 2003 1822 2084">
    <p class='ocr_par' dir='ltr' id='par_1_15' title="bbox 218 2003 1822 2084">
     <span class='ocr_line' id='line_1_15' title="bbox 218 2003 1822 2084; baseline -0.016 -6"><span class='ocrx_word' id='word_1_82' title='bbox 218 2045 317 2078; x_wconf 91' lang='grc' dir='ltr'><strong>των</strong></span> <span class='ocrx_word' id='word_1_83' title='bbox 377 2022 554 2084; x_wconf 69' lang='grc' dir='ltr'>αὐτόν,</span> <span class='ocrx_word' id='word_1_84' title='bbox 637 2015 751 2068; x_wconf 84' lang='grc' dir='ltr'>ἀντὶ</span> <span class='ocrx_word' id='word_1_85' title='bbox 825 2020 939 2077; x_wconf 77' lang='grc' dir='ltr'>τοῦ,</span> <span class='ocrx_word' id='word_1_86' title='bbox 1006 2012 1170 2083; x_wconf 82' lang='grc' dir='ltr'>ἔλεγον</span> <span class='ocrx_word' id='word_1_87' title='bbox 1229 2008 1390 2078; x_wconf 80' lang='grc' dir='ltr'>αύτῷ.</span> <span class='ocrx_word' id='word_1_88' title='bbox 1470 2003 1658 2057; x_wconf 85' lang='grc' dir='ltr'>Πολλαὶ</span> <span class='ocrx_word' id='word_1_89' title='bbox 1721 2003 1822 2074; x_wconf 80' lang='grc' dir='ltr'>γὰρ</span> 
     </span>
    </p>
   </div>
   <div class='ocr_carea' id='block_1_16' title="bbox 229 2086 1825 2179">
    <p class='ocr_par' dir='ltr' id='par_1_16' title="bbox 229 2086 1825 2179">
     <span class='ocr_line' id='line_1_16' title="bbox 229 2086 1825 2179; baseline -0.014 -14"><span class='ocrx_word' id='word_1_90' title='bbox 229 2121 466 2164; x_wconf 81' lang='grc' dir='ltr'>τοιαῦται</span> <span class='ocrx_word' id='word_1_91' title='bbox 515 2109 879 2179; x_wconf 77' lang='grc' dir='ltr'><strong>καταχρήσεις</strong></span> <span class='ocrx_word' id='word_1_92' title='bbox 920 2104 1064 2177; x_wconf 88' lang='grc' dir='ltr'><strong>παρά</strong></span> <span class='ocrx_word' id='word_1_93' title='bbox 1113 2107 1186 2169; x_wconf 86' lang='grc' dir='ltr'><strong>τῷ</strong></span> <span class='ocrx_word' id='word_1_94' title='bbox 1235 2100 1452 2170; x_wconf 78' lang='grc' dir='ltr'>Μάρκῳ.</span> <span class='ocrx_word' id='word_1_95' title='bbox 1508 2097 1726 2168; x_wconf 80' lang='grc' dir='ltr'>Εἴρηται</span> <span class='ocrx_word' id='word_1_96' title='bbox 1767 2086 1825 2142; x_wconf 68' lang='grc' dir='ltr'><strong>δε</strong></span> 
     </span>
    </p>
   </div>
   <div class='ocr_carea' id='block_1_17' title="bbox 236 2182 1824 2274">
    <p class='ocr_par' dir='ltr' id='par_1_17' title="bbox 236 2182 1824 2274">
     <span class='ocr_line' id='line_1_17' title="bbox 236 2182 1824 2274; baseline -0.014 -20"><span class='ocrx_word' id='word_1_97' title='bbox 236 2207 328 2253; x_wconf 80' lang='grc' dir='ltr'>καὶ</span> <span class='ocrx_word' id='word_1_98' title='bbox 351 2205 465 2274; x_wconf 84' lang='grc' dir='ltr'>περὶ</span> <span class='ocrx_word' id='word_1_99' title='bbox 507 2199 698 2256; x_wconf 80' lang='grc' dir='ltr'>ταύτης</span> <span class='ocrx_word' id='word_1_100' title='bbox 729 2201 824 2256; x_wconf 80' lang='grc' dir='ltr'>τῆς</span> <span class='ocrx_word' id='word_1_101' title='bbox 849 2190 1147 2266; x_wconf 78' lang='grc' dir='ltr'>ἐρωτήσεως</span> <span class='ocrx_word' id='word_1_102' title='bbox 1179 2187 1228 2240; x_wconf 83' lang='grc' dir='ltr'>ἐν</span> <span class='ocrx_word' id='word_1_103' title='bbox 1258 2195 1330 2257; x_wconf 84' lang='grc' dir='ltr'><strong>τῷ</strong></span> <span class='ocrx_word' id='word_1_104' title='bbox 1363 2182 1648 2244; x_wconf 86' lang='grc' dir='ltr'>δηλωθέντι</span> <span class='ocrx_word' id='word_1_105' title='bbox 1676 2200 1824 2253; x_wconf 77' lang='grc' dir='ltr'>κεφα-</span> 
     </span>
    </p>
   </div>
   <div class='ocr_carea' id='block_1_18' title="bbox 237 2291 392 2363">
    <p class='ocr_par' dir='ltr' id='par_1_18' title="bbox 237 2291 392 2363">
     <span class='ocr_line' id='line_1_18' title="bbox 237 2291 392 2363; baseline 0.006 -20"><span class='ocrx_word' id='word_1_106' title='bbox 237 2291 392 2363; x_wconf 82' lang='grc' dir='ltr'>λαίῳ.</span> 
     </span>
    </p>
   </div>
   <div class='ocr_carea' id='block_1_19' title="bbox 299 2558 1831 2640">
    <p class='ocr_par' dir='ltr' id='par_1_19' title="bbox 299 2558 1831 2640">
     <span class='ocr_line' id='line_1_19' title="bbox 299 2558 1831 2640; baseline -0.013 -12"><span class='ocrx_word' id='word_1_107' title='bbox 299 2580 398 2628; x_wconf 82' lang='grc' dir='ltr'><strong>Καὶ</strong></span> <span class='ocrx_word' id='word_1_108' title='bbox 434 2573 570 2626; x_wconf 87' lang='grc' dir='ltr'>εἶπεν</span> <span class='ocrx_word' id='word_1_109' title='bbox 609 2601 678 2612; x_wconf 92' lang='grc'><strong><em>-</em></strong></span> <span class='ocrx_word' id='word_1_110' title='bbox 705 2571 940 2640; x_wconf 77' lang='grc' dir='ltr'><strong>νηστείᾳ.</strong></span> <span class='ocrx_word' id='word_1_111' title='bbox 984 2565 1066 2619; x_wconf 88' lang='grc' dir='ltr'>Ἐν</span> <span class='ocrx_word' id='word_1_112' title='bbox 1095 2561 1268 2618; x_wconf 67' lang='grc' dir='ltr'>οὐδενὶ</span> <span class='ocrx_word' id='word_1_113' title='bbox 1302 2562 1452 2635; x_wconf 77' lang='grc' dir='ltr'>ἑτέρῳ</span> <span class='ocrx_word' id='word_1_114' title='bbox 1478 2563 1671 2633; x_wconf 89' lang='grc' dir='ltr'>τρόπῳ.</span> <span class='ocrx_word' id='word_1_115' title='bbox 1698 2558 1831 2610; x_wconf 83' lang='grc' dir='ltr'>Ἐκεῖ</span> 
     </span>
    </p>
   </div>
   <div class='ocr_carea' id='block_1_20' title="bbox 223 2654 1127 2738">
    <p class='ocr_par' dir='ltr' id='par_1_20' title="bbox 223 2654 1127 2738">
     <span class='ocr_line' id='line_1_20' title="bbox 223 2654 1127 2738; baseline -0.014 -20"><span class='ocrx_word' id='word_1_116' title='bbox 223 2663 283 2718; x_wconf 74' lang='grc' dir='ltr'>δὲ</span> <span class='ocrx_word' id='word_1_117' title='bbox 316 2669 406 2717; x_wconf 83' lang='grc' dir='ltr'>καὶ</span> <span class='ocrx_word' id='word_1_118' title='bbox 436 2667 556 2738; x_wconf 87' lang='grc' dir='ltr'>περὶ</span> <span class='ocrx_word' id='word_1_119' title='bbox 581 2663 766 2714; x_wconf 88' lang='grc' dir='ltr'>τούτου</span> <span class='ocrx_word' id='word_1_120' title='bbox 807 2654 1127 2714; x_wconf 80' lang='grc' dir='ltr'>διείληπται.</span> 
     </span>
    </p>
   </div>
   <div class='ocr_carea' id='block_1_21' title="bbox 297 2734 1834 2817">
    <p class='ocr_par' dir='ltr' id='par_1_21' title="bbox 297 2734 1834 2817">
     <span class='ocr_line' id='line_1_21' title="bbox 297 2734 1834 2817; baseline -0.013 -9"><span class='ocrx_word' id='word_1_121' title='bbox 297 2759 398 2808; x_wconf 79' lang='grc' dir='ltr'><strong>Καὶ</strong></span> <span class='ocrx_word' id='word_1_122' title='bbox 419 2734 610 2805; x_wconf 64' lang='grc' dir='ltr'>ὶκείθεν</span> <span class='ocrx_word' id='word_1_123' title='bbox 641 2748 915 2813; x_wconf 79' lang='grc' dir='ltr'><strong>ἐξελθόντες</strong></span> <span class='ocrx_word' id='word_1_124' title='bbox 938 2777 1007 2785; x_wconf 94' lang='grc'><strong><em>-</em></strong></span> <span class='ocrx_word' id='word_1_125' title='bbox 1031 2752 1156 2817; x_wconf 88' lang='grc' dir='ltr'>γνῷ.</span> <span class='ocrx_word' id='word_1_126' title='bbox 1182 2745 1331 2794; x_wconf 88' lang='grc' dir='ltr'>Διατί</span> <span class='ocrx_word' id='word_1_127' title='bbox 1360 2740 1454 2792; x_wconf 82' lang='grc' dir='ltr'><strong>ούκ</strong></span> <span class='ocrx_word' id='word_1_128' title='bbox 1483 2737 1648 2804; x_wconf 78' lang='grc' dir='ltr'>ἤθελε,</span> <span class='ocrx_word' id='word_1_129' title='bbox 1679 2734 1713 2790; x_wconf 87' lang='grc' dir='ltr'><strong>δ</strong></span> <span class='ocrx_word' id='word_1_130' title='bbox 1718 2736 1834 2797; x_wconf 83' lang='grc' dir='ltr'><strong>ηλοί</strong></span> 
     </span>
    </p>
   </div>
   <div class='ocr_carea' id='block_1_22' title="bbox 219 2828 1834 2915">
    <p class='ocr_par' dir='ltr' id='par_1_22' title="bbox 219 2828 1834 2915">
     <span class='ocr_line' id='line_1_22' title="bbox 219 2828 1834 2915; baseline -0.012 -19"><span class='ocrx_word' id='word_1_131' title='bbox 219 2847 278 2896; x_wconf 90' lang='grc' dir='ltr'>τὸ</span> <span class='ocrx_word' id='word_1_132' title='bbox 323 2843 660 2915; x_wconf 82' lang='grc' dir='ltr'>ἐπαγόμενον,</span> <span class='ocrx_word' id='word_1_133' title='bbox 719 2840 800 2891; x_wconf 83' lang='grc' dir='ltr'>ἳνα</span> <span class='ocrx_word' id='word_1_134' title='bbox 831 2833 1022 2910; x_wconf 80' lang='grc' dir='ltr'>μηδεὶς</span> <span class='ocrx_word' id='word_1_135' title='bbox 1051 2835 1219 2908; x_wconf 80' lang='grc' dir='ltr'>ἕτερος</span> <span class='ocrx_word' id='word_1_136' title='bbox 1258 2833 1422 2904; x_wconf 76' lang='grc' dir='ltr'>μάθῃ,</span> <span class='ocrx_word' id='word_1_137' title='bbox 1481 2833 1599 2901; x_wconf 83' lang='grc' dir='ltr'>περὶ</span> <span class='ocrx_word' id='word_1_138' title='bbox 1625 2828 1690 2879; x_wconf 83' lang='grc' dir='ltr'>ὧν</span> <span class='ocrx_word' id='word_1_139' title='bbox 1720 2830 1834 2879; x_wconf 85' lang='grc' dir='ltr'>τότε</span> 
     </span>
    </p>
   </div>
   <div class='ocr_carea' id='block_1_23' title="bbox 225 2927 510 3003">
    <p class='ocr_par' dir='ltr' id='par_1_23' title="bbox 225 2927 510 3003">
     <span class='ocr_line' id='line_1_23' title="bbox 225 2927 510 3003; baseline -0.007 -19"><span class='ocrx_word' id='word_1_140' title='bbox 225 2927 510 3003; x_wconf 83' lang='grc' dir='ltr'>διελέγετο.</span> 
     </span>
    </p>
   </div>
   <div class='ocr_carea' id='block_1_24' title="bbox 299 3008 1832 3085">
    <p class='ocr_par' dir='ltr' id='par_1_24' title="bbox 299 3008 1832 3085">
     <span class='ocr_line' id='line_1_24' title="bbox 299 3008 1832 3085; baseline -0.012 -11"><span class='ocrx_word' id='word_1_141' title='bbox 299 3017 592 3074; x_wconf 79' lang='grc' dir='ltr'><strong>Ἐδίδασκε</strong></span> <span class='ocrx_word' id='word_1_142' title='bbox 631 3049 692 3058; x_wconf 91' lang='grc'><strong>-</strong></span> <span class='ocrx_word' id='word_1_143' title='bbox 725 3015 1098 3073; x_wconf 78' lang='grc' dir='ltr'>ἀναστήσεται.</span> <span class='ocrx_word' id='word_1_144' title='bbox 1135 3015 1349 3085; x_wconf 82' lang='grc' dir='ltr'>Εἴρηται</span> <span class='ocrx_word' id='word_1_145' title='bbox 1378 3011 1612 3079; x_wconf 86' lang='grc' dir='ltr'>καὶπερὶ</span> <span class='ocrx_word' id='word_1_146' title='bbox 1651 3008 1832 3058; x_wconf 89' lang='grc' dir='ltr'>τούτου</span> 
     </span>
    </p>
   </div>
   <div class='ocr_carea' id='block_1_25' title="bbox 227 3101 1835 3183">
    <p class='ocr_par' dir='ltr' id='par_1_25' title="bbox 227 3101 1835 3183">
     <span class='ocr_line' id='line_1_25' title="bbox 227 3101 1835 3183; baseline -0.011 -20"><span class='ocrx_word' id='word_1_147' title='bbox 227 3109 315 3162; x_wconf 80' lang='grc' dir='ltr'><strong>ἐπὶ</strong></span> <span class='ocrx_word' id='word_1_148' title='bbox 351 3109 529 3170; x_wconf 80' lang='grc' dir='ltr'>τέλους</span> <span class='ocrx_word' id='word_1_149' title='bbox 572 3114 663 3160; x_wconf 82' lang='grc' dir='ltr'>τοῦ</span> <span class='ocrx_word' id='word_1_150' title='bbox 717 3107 961 3183; x_wconf 78' lang='grc' dir='ltr'>ῥηθέντος</span> <span class='ocrx_word' id='word_1_151' title='bbox 1017 3105 1334 3178; x_wconf 81' lang='grc' dir='ltr'>τριακοστοῦ</span> <span class='ocrx_word' id='word_1_152' title='bbox 1381 3101 1617 3170; x_wconf 86' lang='grc' dir='ltr'>πέμπτου</span> <span class='ocrx_word' id='word_1_153' title='bbox 1674 3113 1835 3166; x_wconf 78' lang='grc' dir='ltr'>κεφα-</span> 
     </span>
    </p>
   </div>
   <div class='ocr_carea' id='block_1_26' title="bbox 225 3198 401 3252">
    <p class='ocr_par' dir='ltr' id='par_1_26' title="bbox 225 3198 401 3252">
     <span class='ocr_line' id='line_1_26' title="bbox 225 3198 401 3252; baseline 0.011 -2"><span class='ocrx_word' id='word_1_154' title='bbox 225 3198 401 3252; x_wconf 87' lang='grc' dir='ltr'>λαίου.</span> 
     </span>
    </p>
   </div>
   <div class='ocr_carea' id='block_1_27' title="bbox 305 3273 1837 3359">
    <p class='ocr_par' dir='ltr' id='par_1_27' title="bbox 305 3273 1837 3359">
     <span class='ocr_line' id='line_1_27' title="bbox 305 3273 1837 3359; baseline -0.011 -18"><span class='ocrx_word' id='word_1_155' title='bbox 305 3291 371 3341; x_wconf 82' lang='grc' dir='ltr'><strong>Οἱ</strong></span> <span class='ocrx_word' id='word_1_156' title='bbox 421 3284 482 3340; x_wconf 72' lang='grc' dir='ltr'>δὲ</span> <span class='ocrx_word' id='word_1_157' title='bbox 538 3317 608 3326; x_wconf 91' lang='lat'><strong>-—</strong></span> <span class='ocrx_word' id='word_1_158' title='bbox 666 3283 990 3359; x_wconf 71' lang='grc' dir='ltr'><strong>ἐπερωτῆσαι</strong></span> <span class='ocrx_word' id='word_1_159' title='bbox 1043 3320 1056 3334; x_wconf 93' lang='grc'><strong>.</strong></span> <span class='ocrx_word' id='word_1_160' title='bbox 1125 3279 1349 3352; x_wconf 81' lang='grc' dir='ltr'>Ὁμοίως</span> <span class='ocrx_word' id='word_1_161' title='bbox 1405 3280 1496 3328; x_wconf 83' lang='grc' dir='ltr'>καὶ</span> <span class='ocrx_word' id='word_1_162' title='bbox 1550 3277 1669 3348; x_wconf 85' lang='grc' dir='ltr'>περὶ</span> <span class='ocrx_word' id='word_1_163' title='bbox 1720 3273 1837 3325; x_wconf 88' lang='grc' dir='ltr'>τού-</span> 
     </span>
    </p>
   </div>
   <div class='ocr_carea' id='block_1_28' title="bbox 227 3397 345 3433">
    <p class='ocr_par' dir='ltr' id='par_1_28' title="bbox 227 3397 345 3433">
     <span class='ocr_line' id='line_1_28' title="bbox 227 3397 345 3433; baseline 0.025 -3"><span class='ocrx_word' id='word_1_164' title='bbox 227 3397 345 3433; x_wconf 86' lang='grc' dir='ltr'>του.</span> 
     </span>
    </p>
   </div>
   <div class='ocr_carea' id='block_1_29' title="bbox 304 3471 1761 3554">
    <p class='ocr_par' dir='ltr' id='par_1_29' title="bbox 304 3471 1761 3554">
     <span class='ocr_line' id='line_1_29' title="bbox 304 3471 1761 3554; baseline -0.012 -15"><span class='ocrx_word' id='word_1_165' title='bbox 304 3490 452 3538; x_wconf 76' lang='grc' dir='ltr'><strong>ΚΕΦ.</strong></span> <span class='ocrx_word' id='word_1_166' title='bbox 501 3483 620 3536; x_wconf 85' lang='lat' dir='ltr'><strong>KZ&#39;.</strong></span> <span class='ocrx_word' id='word_1_167' title='bbox 659 3485 778 3554; x_wconf 83' lang='grc' dir='ltr'><strong>Περὶ</strong></span> <span class='ocrx_word' id='word_1_168' title='bbox 816 3487 915 3532; x_wconf 86' lang='grc' dir='ltr'>τῶν</span> <span class='ocrx_word' id='word_1_169' title='bbox 943 3475 1402 3548; x_wconf 72' lang='grc' dir='ltr'>διαλογιζομένων,</span> <span class='ocrx_word' id='word_1_170' title='bbox 1430 3476 1507 3533; x_wconf 87' lang='grc' dir='ltr'><strong>τίς</strong></span> <span class='ocrx_word' id='word_1_171' title='bbox 1551 3471 1761 3544; x_wconf 78' lang='grc' dir='ltr'>μείζων.</span> 
     </span>
    </p>
   </div>
   <div class='ocr_carea' id='block_1_30' title="bbox 305 3561 1834 3642">
    <p class='ocr_par' dir='ltr' id='par_1_30' title="bbox 305 3561 1834 3642">
     <span class='ocr_line' id='line_1_30' title="bbox 305 3561 1834 3642; baseline -0.01 -14"><span class='ocrx_word' id='word_1_172' title='bbox 305 3579 406 3628; x_wconf 78' lang='grc' dir='ltr'><strong>Καὶ</strong></span> <span class='ocrx_word' id='word_1_173' title='bbox 459 3569 608 3632; x_wconf 75' lang='grc' dir='ltr'>ἦλθεν</span> <span class='ocrx_word' id='word_1_174' title='bbox 685 3601 750 3611; x_wconf 92' lang='grc'><strong><em>-</em></strong></span> <span class='ocrx_word' id='word_1_175' title='bbox 817 3569 1029 3642; x_wconf 78' lang='grc' dir='ltr'>μείζων.</span> <span class='ocrx_word' id='word_1_176' title='bbox 1103 3567 1370 3619; x_wconf 85' lang='grc' dir='ltr'>Ἐσιώπων</span> <span class='ocrx_word' id='word_1_177' title='bbox 1447 3561 1834 3633; x_wconf 84' lang='grc' dir='ltr'>αἰσχυνθέντες,</span> 
     </span>
    </p>
   </div>
   <div class='ocr_carea' id='block_1_31' title="bbox 227 3648 1834 3732">
    <p class='ocr_par' dir='ltr' id='par_1_31' title="bbox 227 3648 1834 3732">
     <span class='ocr_line' id='line_1_31' title="bbox 227 3648 1834 3732; baseline -0.01 -16"><span class='ocrx_word' id='word_1_178' title='bbox 227 3667 299 3726; x_wconf 85' lang='grc' dir='ltr'>ὡς</span> <span class='ocrx_word' id='word_1_179' title='bbox 330 3661 438 3722; x_wconf 76' lang='grc' dir='ltr'><strong>ἤδη</strong></span> <span class='ocrx_word' id='word_1_180' title='bbox 491 3662 956 3732; x_wconf 72' lang='grc' dir='ltr'>καταγνωσθέντες.</span> <span class='ocrx_word' id='word_1_181' title='bbox 1009 3655 1418 3728; x_wconf 83' lang='grc' dir='ltr'>Παρεσημειώθη</span> <span class='ocrx_word' id='word_1_182' title='bbox 1462 3648 1520 3704; x_wconf 77' lang='grc' dir='ltr'>δὲ</span> <span class='ocrx_word' id='word_1_183' title='bbox 1563 3655 1681 3723; x_wconf 85' lang='grc' dir='ltr'>περὶ</span> <span class='ocrx_word' id='word_1_184' title='bbox 1715 3651 1834 3701; x_wconf 88' lang='grc' dir='ltr'>τού-</span> 
     </span>
    </p>
   </div>
   <div class='ocr_carea' id='block_1_32' title="bbox 228 3743 1836 3826">
    <p class='ocr_par' dir='ltr' id='par_1_32' title="bbox 228 3743 1836 3826">
     <span class='ocr_line' id='line_1_32' title="bbox 228 3743 1836 3826; baseline -0.009 -22"><span class='ocrx_word' id='word_1_185' title='bbox 228 3772 323 3804; x_wconf 92' lang='grc' dir='ltr'><strong>του</strong></span> <span class='ocrx_word' id='word_1_186' title='bbox 349 3751 398 3804; x_wconf 76' lang='grc' dir='ltr'>ἐν</span> <span class='ocrx_word' id='word_1_187' title='bbox 430 3759 502 3822; x_wconf 87' lang='grc' dir='ltr'><strong>τῷ</strong></span> <span class='ocrx_word' id='word_1_188' title='bbox 535 3757 832 3826; x_wconf 86' lang='grc' dir='ltr'>τριακοστῷ</span> <span class='ocrx_word' id='word_1_189' title='bbox 864 3743 1069 3819; x_wconf 80' lang='grc' dir='ltr'>ἑϐδόμῳ</span> <span class='ocrx_word' id='word_1_190' title='bbox 1108 3743 1368 3816; x_wconf 70' lang='grc' dir='ltr'>κεφαλαίῳ</span> <span class='ocrx_word' id='word_1_191' title='bbox 1415 3749 1507 3794; x_wconf 83' lang='grc' dir='ltr'>τοῦ</span> <span class='ocrx_word' id='word_1_192' title='bbox 1562 3743 1696 3792; x_wconf 85' lang='grc' dir='ltr'>κατὰ</span> <span class='ocrx_word' id='word_1_193' title='bbox 1725 3747 1836 3792; x_wconf 79' lang='lat' dir='ltr'><strong>Ma-</strong></span> 
     </span>
    </p>
   </div>
   <div class='ocr_carea' id='block_1_33' title="bbox 228 3843 432 3896">
    <p class='ocr_par' dir='ltr' id='par_1_33' title="bbox 228 3843 432 3896">
     <span class='ocr_line' id='line_1_33' title="bbox 228 3843 432 3896; baseline 0.01 -2"><span class='ocrx_word' id='word_1_194' title='bbox 228 3843 432 3896; x_wconf 88' lang='grc' dir='ltr'>τθαῖον.</span> 
     </span>
    </p>
   </div>
   <div class='ocr_carea' id='block_1_34' title="bbox 305 3920 1838 3999">
    <p class='ocr_par' dir='ltr' id='par_1_34' title="bbox 305 3920 1838 3999">
     <span class='ocr_line' id='line_1_34' title="bbox 305 3920 1838 3999; baseline -0.007 -17"><span class='ocrx_word' id='word_1_195' title='bbox 305 3935 408 3984; x_wconf 80' lang='grc' dir='ltr'><strong>Καὶ</strong></span> <span class='ocrx_word' id='word_1_196' title='bbox 457 3931 684 3990; x_wconf 85' lang='grc' dir='ltr'>καθίσας</span> <span class='ocrx_word' id='word_1_197' title='bbox 743 3958 812 3967; x_wconf 92' lang='grc'><strong>-</strong></span> <span class='ocrx_word' id='word_1_198' title='bbox 855 3921 1055 3985; x_wconf 82' lang='grc' dir='ltr'>δοῦλος.</span> <span class='ocrx_word' id='word_1_199' title='bbox 1099 3925 1288 3999; x_wconf 83' lang='grc' dir='ltr'>Εἰρηκε</span> <span class='ocrx_word' id='word_1_200' title='bbox 1336 3929 1486 3974; x_wconf 83' lang='grc' dir='ltr'>τοῦτο</span> <span class='ocrx_word' id='word_1_201' title='bbox 1529 3923 1619 3973; x_wconf 84' lang='grc' dir='ltr'>καὶ</span> <span class='ocrx_word' id='word_1_202' title='bbox 1671 3920 1719 3972; x_wconf 79' lang='grc' dir='ltr'>ἐν</span> <span class='ocrx_word' id='word_1_203' title='bbox 1767 3927 1838 3992; x_wconf 85' lang='grc' dir='ltr'><strong>τῷ</strong></span> 
     </span>
    </p>
   </div>
   <div class='ocr_carea' id='block_1_35' title="bbox 227 3977 1836 4094">
    <p class='ocr_par' dir='ltr' id='par_1_35' title="bbox 227 3977 1836 4094">
     <span class='ocr_line' id='line_1_35' title="bbox 667 3977 1818 3999; baseline -0.01 4"><span class='ocrx_word' id='word_1_204' title='bbox 667 3977 684 3990; x_wconf 66' lang='grc'><strong>³</strong></span> <span class='ocrx_word' id='word_1_205' title='bbox 866 3977 869 3978; x_wconf 50' lang='grc'><strong><em>⁷</em></strong></span> <span class='ocrx_word' id='word_1_206' title='bbox 1022 3977 1034 3985; x_wconf 85' lang='grc'><em>’</em></span> <span class='ocrx_word' id='word_1_207' title='bbox 1161 3977 1169 3999; x_wconf 84' lang='grc' dir='ltr'><strong>Ι</strong></span> <span class='ocrx_word' id='word_1_208' title='bbox 1214 3977 1222 3980; x_wconf 90' lang='grc'><strong><em>“</em></strong></span> <span class='ocrx_word' id='word_1_209' title='bbox 1810 3977 1818 3992; x_wconf 79' lang='grc' dir='ltr'><strong>ι</strong></span> 
     </span>
     <span class='ocr_line' id='line_1_36' title="bbox 227 4013 1836 4094; baseline -0.007 -22"><span class='ocrx_word' id='word_1_210' title='bbox 227 4025 644 4094; x_wconf 81' lang='grc' dir='ltr'>τεσσαρακοστῷ</span> <span class='ocrx_word' id='word_1_211' title='bbox 698 4020 855 4090; x_wconf 82' lang='grc' dir='ltr'>τρίτῳ</span> <span class='ocrx_word' id='word_1_212' title='bbox 901 4013 1160 4086; x_wconf 77' lang='grc' dir='ltr'>κεφαλαίῳ</span> <span class='ocrx_word' id='word_1_213' title='bbox 1212 4020 1303 4064; x_wconf 83' lang='grc' dir='ltr'>τοῦ</span> <span class='ocrx_word' id='word_1_214' title='bbox 1353 4013 1487 4064; x_wconf 78' lang='grc' dir='ltr'>κατὰ</span> <span class='ocrx_word' id='word_1_215' title='bbox 1548 4013 1836 4074; x_wconf 88' lang='grc' dir='ltr'>Ματθαῐον,</span> 
     </span>
    </p>
   </div>
   <div class='ocr_carea' id='block_1_36' title="bbox 229 4103 1841 4180">
    <p class='ocr_par' dir='ltr' id='par_1_36' title="bbox 229 4103 1841 4180">
     <span class='ocr_line' id='line_1_37' title="bbox 229 4103 1841 4180; baseline -0.005 -20"><span class='ocrx_word' id='word_1_216' title='bbox 229 4114 322 4161; x_wconf 83' lang='grc' dir='ltr'>καὶ</span> <span class='ocrx_word' id='word_1_217' title='bbox 406 4109 639 4169; x_wconf 81' lang='grc' dir='ltr'>ζήτησον</span> <span class='ocrx_word' id='word_1_218' title='bbox 706 4109 826 4180; x_wconf 80' lang='grc' dir='ltr'>περὶ</span> <span class='ocrx_word' id='word_1_219' title='bbox 880 4107 938 4156; x_wconf 87' lang='grc' dir='ltr'>τὸ</span> <span class='ocrx_word' id='word_1_220' title='bbox 1014 4104 1170 4175; x_wconf 81' lang='grc' dir='ltr'>μέσον</span> <span class='ocrx_word' id='word_1_221' title='bbox 1222 4108 1312 4153; x_wconf 79' lang='grc' dir='ltr'>τοῦ</span> <span class='ocrx_word' id='word_1_222' title='bbox 1397 4103 1634 4152; x_wconf 86' lang='grc' dir='ltr'>τοιούτου</span> <span class='ocrx_word' id='word_1_223' title='bbox 1691 4118 1841 4172; x_wconf 78' lang='grc' dir='ltr'>κεφα-</span> 
     </span>
    </p>
   </div>
   <div class='ocr_carea' id='block_1_37' title="bbox 231 4204 406 4251">
    <p class='ocr_par' dir='ltr' id='par_1_37' title="bbox 231 4204 406 4251">
     <span class='ocr_line' id='line_1_38' title="bbox 231 4204 406 4251; baseline -0.006 0"><span class='ocrx_word' id='word_1_224' title='bbox 231 4204 406 4251; x_wconf 80' lang='grc' dir='ltr'>λαίου.</span> 
     </span>
    </p>
   </div>
   <div class='ocr_carea' id='block_1_38' title="bbox 307 4279 1842 4352">
    <p class='ocr_par' dir='ltr' id='par_1_38' title="bbox 307 4279 1842 4352">
     <span class='ocr_line' id='line_1_39' title="bbox 307 4279 1842 4352; baseline -0.007 -12"><span class='ocrx_word' id='word_1_225' title='bbox 307 4291 410 4340; x_wconf 79' lang='grc' dir='ltr'><strong>Καὶ</strong></span> <span class='ocrx_word' id='word_1_226' title='bbox 439 4283 606 4338; x_wconf 79' lang='grc' dir='ltr'>λαϐὼν</span> <span class='ocrx_word' id='word_1_227' title='bbox 643 4315 700 4324; x_wconf 91' lang='grc'><strong><em>-</em></strong></span> <span class='ocrx_word' id='word_1_228' title='bbox 743 4285 830 4334; x_wconf 90' lang='grc' dir='ltr'><strong>τόν</strong></span> <span class='ocrx_word' id='word_1_229' title='bbox 861 4280 1239 4334; x_wconf 78' lang='grc' dir='ltr'>ἀποστείλαντά</span> <span class='ocrx_word' id='word_1_230' title='bbox 1271 4297 1352 4351; x_wconf 83' lang='grc' dir='ltr'>με.</span> <span class='ocrx_word' id='word_1_231' title='bbox 1384 4280 1490 4352; x_wconf 87' lang='grc' dir='ltr'><strong>Πρὸ</strong></span> <span class='ocrx_word' id='word_1_232' title='bbox 1528 4279 1712 4329; x_wconf 87' lang='grc' dir='ltr'>τούτου</span> <span class='ocrx_word' id='word_1_233' title='bbox 1752 4281 1842 4330; x_wconf 85' lang='grc' dir='ltr'>καὶ</span> 
     </span>
    </p>
   </div>
   <div class='ocr_carea' id='block_1_39' title="bbox 229 4367 1842 4453">
    <p class='ocr_par' dir='ltr' id='par_1_39' title="bbox 229 4367 1842 4453">
     <span class='ocr_line' id='line_1_40' title="bbox 229 4367 1842 4453; baseline -0.007 -23"><span class='ocrx_word' id='word_1_234' title='bbox 229 4379 384 4453; x_wconf 82' lang='grc' dir='ltr'>ἔτερα</span> <span class='ocrx_word' id='word_1_235' title='bbox 415 4372 569 4438; x_wconf 83' lang='grc' dir='ltr'>εἶπεν,</span> <span class='ocrx_word' id='word_1_236' title='bbox 603 4374 730 4446; x_wconf 86' lang='grc' dir='ltr'>οἷπερ</span> <span class='ocrx_word' id='word_1_237' title='bbox 764 4375 788 4424; x_wconf 85' lang='grc' dir='ltr'><em>ὸ</em></span> <span class='ocrx_word' id='word_1_238' title='bbox 841 4372 1107 4431; x_wconf 85' lang='grc' dir='ltr'>Ματθαῖος</span> <span class='ocrx_word' id='word_1_239' title='bbox 1137 4367 1416 4441; x_wconf 79' lang='grc' dir='ltr'>ἀνέγραψε,</span> <span class='ocrx_word' id='word_1_240' title='bbox 1456 4372 1574 4442; x_wconf 86' lang='grc' dir='ltr'>περὶ</span> <span class='ocrx_word' id='word_1_241' title='bbox 1613 4367 1679 4417; x_wconf 82' lang='grc' dir='ltr'>ὧν</span> <span class='ocrx_word' id='word_1_242' title='bbox 1714 4367 1842 4439; x_wconf 80' lang='grc' dir='ltr'>ὁμοῦ</span> 
     </span>
    </p>
   </div>
   <div class='ocr_carea' id='block_1_40' title="bbox 229 4455 1844 4538">
    <p class='ocr_par' dir='ltr' id='par_1_40' title="bbox 229 4455 1844 4538">
     <span class='ocr_line' id='line_1_41' title="bbox 229 4455 1844 4538; baseline -0.007 -20"><span class='ocrx_word' id='word_1_243' title='bbox 229 4470 440 4519; x_wconf 76' lang='grc' dir='ltr'>πάντων</span> <span class='ocrx_word' id='word_1_244' title='bbox 479 4463 527 4516; x_wconf 77' lang='grc' dir='ltr'>ἐν</span> <span class='ocrx_word' id='word_1_245' title='bbox 558 4471 628 4534; x_wconf 90' lang='grc' dir='ltr'><strong>τῷ</strong></span> <span class='ocrx_word' id='word_1_246' title='bbox 653 4469 950 4538; x_wconf 82' lang='grc' dir='ltr'>τριακοστῷ</span> <span class='ocrx_word' id='word_1_247' title='bbox 982 4456 1188 4532; x_wconf 80' lang='grc' dir='ltr'>ἑϐδόμῳ</span> <span class='ocrx_word' id='word_1_248' title='bbox 1213 4457 1470 4530; x_wconf 76' lang='grc' dir='ltr'>κεφαλαίῳ</span> <span class='ocrx_word' id='word_1_249' title='bbox 1497 4463 1586 4508; x_wconf 79' lang='grc' dir='ltr'>τοῦ</span> <span class='ocrx_word' id='word_1_250' title='bbox 1608 4457 1721 4507; x_wconf 79' lang='grc' dir='ltr'>κατ’</span> <span class='ocrx_word' id='word_1_251' title='bbox 1747 4455 1844 4507; x_wconf 75' lang='grc' dir='ltr'>αύ-</span> 
     </span>
    </p>
   </div>
   <div class='ocr_carea' id='block_1_41' title="bbox 230 4548 1146 4624">
    <p class='ocr_par' dir='ltr' id='par_1_41' title="bbox 230 4548 1146 4624">
     <span class='ocr_line' id='line_1_42' title="bbox 230 4548 1146 4624; baseline -0.008 -16"><span class='ocrx_word' id='word_1_252' title='bbox 230 4560 320 4608; x_wconf 78' lang='grc' dir='ltr'><strong>τον</strong></span> <span class='ocrx_word' id='word_1_253' title='bbox 353 4552 670 4624; x_wconf 68' lang='grc' dir='ltr'>Εὐαγγελίου</span> <span class='ocrx_word' id='word_1_254' title='bbox 701 4548 1146 4621; x_wconf 85' lang='grc' dir='ltr'>λελεπτολόγηται.</span> 
     </span>
    </p>
   </div>
   <div class='ocr_carea' id='block_1_42' title="bbox 306 4634 1844 4717">
    <p class='ocr_par' dir='ltr' id='par_1_42' title="bbox 306 4634 1844 4717">
     <span class='ocr_line' id='line_1_43' title="bbox 306 4634 1844 4717; baseline -0.005 -21"><span class='ocrx_word' id='word_1_255' title='bbox 306 4643 590 4717; x_wconf 82' lang='grc' dir='ltr'>Ἀπεκρίθη</span> <span class='ocrx_word' id='word_1_256' title='bbox 650 4671 714 4680; x_wconf 88' lang='grc'><strong><em>-</em></strong></span> <span class='ocrx_word' id='word_1_257' title='bbox 769 4641 916 4712; x_wconf 83' lang='grc' dir='ltr'>ἡμῖν.</span> <span class='ocrx_word' id='word_1_258' title='bbox 949 4639 1249 4711; x_wconf 87' lang='grc' dir='ltr'>Προσέθηκε</span> <span class='ocrx_word' id='word_1_259' title='bbox 1275 4641 1363 4687; x_wconf 85' lang='grc' dir='ltr'>καὶ</span> <span class='ocrx_word' id='word_1_260' title='bbox 1411 4639 1505 4694; x_wconf 78' lang='grc' dir='ltr'>τὴν</span> <span class='ocrx_word' id='word_1_261' title='bbox 1556 4634 1726 4687; x_wconf 80' lang='grc' dir='ltr'>αἰτίαν</span> <span class='ocrx_word' id='word_1_262' title='bbox 1755 4643 1844 4696; x_wconf 84' lang='grc' dir='ltr'>τῆς</span> 
     </span>
    </p>
   </div>
   <div class='ocr_carea' id='block_1_43' title="bbox 230 4726 1842 4798">
    <p class='ocr_par' dir='ltr' id='par_1_43' title="bbox 230 4726 1842 4798">
     <span class='ocr_line' id='line_1_44' title="bbox 230 4726 1842 4798; baseline -0.007 -12"><span class='ocrx_word' id='word_1_263' title='bbox 230 4733 529 4794; x_wconf 74' lang='grc' dir='ltr'>κωλύσεως,</span> <span class='ocrx_word' id='word_1_264' title='bbox 566 4731 644 4782; x_wconf 85' lang='grc' dir='ltr'>ὅτι</span> <span class='ocrx_word' id='word_1_265' title='bbox 674 4729 766 4781; x_wconf 74' lang='grc' dir='ltr'>οὐκ</span> <span class='ocrx_word' id='word_1_266' title='bbox 799 4727 1068 4780; x_wconf 81' lang='grc' dir='ltr'>ἀκολουθεί</span> <span class='ocrx_word' id='word_1_267' title='bbox 1103 4728 1245 4798; x_wconf 76' lang='grc' dir='ltr'>ἡμῖν.</span> <span class='ocrx_word' id='word_1_268' title='bbox 1278 4727 1421 4785; x_wconf 71' lang='grc' dir='ltr'>Τινὲς</span> <span class='ocrx_word' id='word_1_269' title='bbox 1449 4726 1547 4797; x_wconf 82' lang='grc' dir='ltr'><strong>γὰρ</strong></span> <span class='ocrx_word' id='word_1_270' title='bbox 1585 4732 1682 4776; x_wconf 84' lang='grc' dir='ltr'>τῶν</span> <span class='ocrx_word' id='word_1_271' title='bbox 1711 4744 1842 4778; x_wconf 89' lang='grc' dir='ltr'>πισ-</span> 
     </span>
    </p>
   </div>
   <div class='ocr_carea' id='block_1_44' title="bbox 231 4811 1844 4891">
    <p class='ocr_par' dir='ltr' id='par_1_44' title="bbox 231 4811 1844 4891">
     <span class='ocr_line' id='line_1_45' title="bbox 231 4811 1844 4891; baseline -0.005 -17"><span class='ocrx_word' id='word_1_272' title='bbox 231 4823 551 4884; x_wconf 75' lang='grc' dir='ltr'>τευσάντων,</span> <span class='ocrx_word' id='word_1_273' title='bbox 586 4821 733 4891; x_wconf 87' lang='grc' dir='ltr'>ἔρωτι</span> <span class='ocrx_word' id='word_1_274' title='bbox 762 4813 1226 4888; x_wconf 77' lang='grc' dir='ltr'>δόξης,έμιμούντο</span> <span class='ocrx_word' id='word_1_275' title='bbox 1253 4817 1371 4874; x_wconf 72' lang='grc' dir='ltr'>τοὺς</span> <span class='ocrx_word' id='word_1_276' title='bbox 1396 4811 1736 4878; x_wconf 79' lang='grc' dir='ltr'>ἀποστόλους,</span> <span class='ocrx_word' id='word_1_277' title='bbox 1754 4819 1844 4866; x_wconf 81' lang='grc' dir='ltr'>καὶ</span> 
     </span>
    </p>
   </div>
   <div class='ocr_carea' id='block_1_45' title="bbox 231 4898 1846 4985">
    <p class='ocr_par' dir='ltr' id='par_1_45' title="bbox 231 4898 1846 4985">
     <span class='ocr_line' id='line_1_46' title="bbox 231 4898 1846 4985; baseline -0.007 -21"><span class='ocrx_word' id='word_1_278' title='bbox 231 4921 296 4985; x_wconf 74' lang='grc' dir='ltr'><strong>τῇ</strong></span> <span class='ocrx_word' id='word_1_279' title='bbox 344 4909 614 4966; x_wconf 81' lang='grc' dir='ltr'>ἐπικλήσει</span> <span class='ocrx_word' id='word_1_280' title='bbox 635 4914 728 4959; x_wconf 77' lang='grc' dir='ltr'>τοῦ</span> <span class='ocrx_word' id='word_1_281' title='bbox 769 4905 1020 4978; x_wconf 85' lang='grc' dir='ltr'>ὀνοματος</span> <span class='ocrx_word' id='word_1_282' title='bbox 1058 4910 1148 4955; x_wconf 79' lang='grc' dir='ltr'>τοῦ</span> <span class='ocrx_word' id='word_1_283' title='bbox 1176 4910 1408 4978; x_wconf 75' lang='grc' dir='ltr'>Χριστοῦ</span> <span class='ocrx_word' id='word_1_284' title='bbox 1442 4898 1691 4975; x_wconf 77' lang='grc' dir='ltr'>δαίμονας</span> <span class='ocrx_word' id='word_1_285' title='bbox 1714 4901 1846 4960; x_wconf 79' lang='grc' dir='ltr'><strong>ἀπή-</strong></span> 
     </span>
    </p>
   </div>
   <div class='ocr_carea' id='block_1_46' title="bbox 230 4989 1842 5066">
    <p class='ocr_par' dir='ltr' id='par_1_46' title="bbox 230 4989 1842 5066">
     <span class='ocr_line' id='line_1_47' title="bbox 230 4989 1842 5066; baseline -0.006 -14"><span class='ocrx_word' id='word_1_286' title='bbox 230 5001 444 5063; x_wconf 86' lang='grc' dir='ltr'>λαυνον,</span> <span class='ocrx_word' id='word_1_287' title='bbox 500 4997 592 5050; x_wconf 84' lang='grc' dir='ltr'><strong>ούκ</strong></span> <span class='ocrx_word' id='word_1_288' title='bbox 623 4995 938 5055; x_wconf 75' lang='grc' dir='ltr'>ἠκολούθουν</span> <span class='ocrx_word' id='word_1_289' title='bbox 970 4989 1029 5045; x_wconf 66' lang='grc' dir='ltr'><strong>δι</strong></span> <span class='ocrx_word' id='word_1_290' title='bbox 1068 4992 1235 5058; x_wconf 83' lang='grc' dir='ltr'>αύτοῐ,</span> <span class='ocrx_word' id='word_1_291' title='bbox 1297 4989 1390 5044; x_wconf 82' lang='grc' dir='ltr'>διὰ</span> <span class='ocrx_word' id='word_1_292' title='bbox 1417 4996 1511 5050; x_wconf 80' lang='grc' dir='ltr'>τὴν</span> <span class='ocrx_word' id='word_1_293' title='bbox 1542 4991 1842 5066; x_wconf 74' lang='grc' dir='ltr'>ἐγκράτειαν</span> 
     </span>
    </p>
   </div>
   <div class='ocr_carea' id='block_1_47' title="bbox 232 5086 987 5164">
    <p class='ocr_par' dir='ltr' id='par_1_47' title="bbox 232 5086 987 5164">
     <span class='ocr_line' id='line_1_48' title="bbox 232 5086 987 5164; baseline -0.012 -18"><span class='ocrx_word' id='word_1_294' title='bbox 232 5098 331 5146; x_wconf 83' lang='grc' dir='ltr'>καὶ</span> <span class='ocrx_word' id='word_1_295' title='bbox 365 5090 767 5164; x_wconf 86' lang='grc' dir='ltr'>σκληραγωγίαν</span> <span class='ocrx_word' id='word_1_296' title='bbox 797 5086 987 5139; x_wconf 77' lang='grc' dir='ltr'>αὐτῶν.</span> 
     </span>
    </p>
   </div>
   <div class='ocr_carea' id='block_1_48' title="bbox 311 5259 1842 5335">
    <p class='ocr_par' dir='ltr' id='par_1_48' title="bbox 311 5259 1842 5335">
     <span class='ocr_line' id='line_1_49' title="bbox 311 5259 1842 5335; baseline -0.005 -13"><span class='ocrx_word' id='word_1_297' title='bbox 311 5270 374 5322; x_wconf 82' lang='grc' dir='ltr'>Ὀ</span> <span class='ocrx_word' id='word_1_298' title='bbox 429 5264 487 5321; x_wconf 71' lang='grc' dir='ltr'><strong>δε</strong></span> <span class='ocrx_word' id='word_1_299' title='bbox 545 5268 750 5329; x_wconf 79' lang='grc' dir='ltr'>Ἰησοῦς</span> <span class='ocrx_word' id='word_1_300' title='bbox 803 5297 870 5304; x_wconf 94' lang='grc'><strong><em>-</em></strong></span> <span class='ocrx_word' id='word_1_301' title='bbox 935 5261 1292 5334; x_wconf 86' lang='grc' dir='ltr'>κακολογῆσαί</span> <span class='ocrx_word' id='word_1_302' title='bbox 1351 5280 1432 5335; x_wconf 82' lang='grc' dir='ltr'>με.</span> <span class='ocrx_word' id='word_1_303' title='bbox 1496 5259 1842 5333; x_wconf 78' lang='grc' dir='ltr'>Δοξαζόμενος</span> 
     </span>
    </p>
   </div>
   <div class='ocr_carea' id='block_1_49' title="bbox 231 5348 1843 5434">
    <p class='ocr_par' dir='ltr' id='par_1_49' title="bbox 231 5348 1843 5434">
     <span class='ocr_line' id='line_1_50' title="bbox 231 5348 1843 5434; baseline -0.006 -22"><span class='ocrx_word' id='word_1_304' title='bbox 231 5363 346 5434; x_wconf 79' lang='grc' dir='ltr'>γὰρ</span> <span class='ocrx_word' id='word_1_305' title='bbox 381 5355 474 5411; x_wconf 72' lang='grc' dir='ltr'><strong>διὰ</strong></span> <span class='ocrx_word' id='word_1_306' title='bbox 501 5364 594 5408; x_wconf 81' lang='grc' dir='ltr'>τοῦ</span> <span class='ocrx_word' id='word_1_307' title='bbox 636 5354 883 5428; x_wconf 82' lang='grc' dir='ltr'>ὀνόματος</span> <span class='ocrx_word' id='word_1_308' title='bbox 944 5372 1065 5426; x_wconf 85' lang='grc' dir='ltr'>μου,</span> <span class='ocrx_word' id='word_1_309' title='bbox 1126 5348 1362 5425; x_wconf 75' lang='grc' dir='ltr'>βραδέως</span> <span class='ocrx_word' id='word_1_310' title='bbox 1419 5352 1479 5402; x_wconf 81' lang='grc' dir='ltr'>ἄν</span> <span class='ocrx_word' id='word_1_311' title='bbox 1523 5370 1586 5422; x_wconf 86' lang='grc' dir='ltr'><strong>με</strong></span> <span class='ocrx_word' id='word_1_312' title='bbox 1633 5351 1843 5403; x_wconf 80' lang='grc' dir='ltr'>κακολο·</span> 
     </span>
    </p>
   </div>
   <div class='ocr_carea' id='block_1_50' title="bbox 231 5438 1845 5522">
    <p class='ocr_par' dir='ltr' id='par_1_50' title="bbox 231 5438 1845 5522">
     <span class='ocr_line' id='line_1_51' title="bbox 231 5438 1845 5522; baseline -0.004 -22"><span class='ocrx_word' id='word_1_313' title='bbox 231 5455 412 5522; x_wconf 76' lang='grc' dir='ltr'>γήση,</span> <span class='ocrx_word' id='word_1_314' title='bbox 444 5449 728 5517; x_wconf 77' lang='grc' dir='ltr'>τουτέστιν,</span> <span class='ocrx_word' id='word_1_315' title='bbox 785 5446 878 5506; x_wconf 80' lang='grc' dir='ltr'><strong>ἕως</strong></span> <span class='ocrx_word' id='word_1_316' title='bbox 923 5441 983 5494; x_wconf 77' lang='grc' dir='ltr'>ἂν</span> <span class='ocrx_word' id='word_1_317' title='bbox 1015 5441 1106 5516; x_wconf 78' lang='grc' dir='ltr'><strong>ἐρᾷ</strong></span> <span class='ocrx_word' id='word_1_318' title='bbox 1161 5438 1316 5504; x_wconf 80' lang='grc' dir='ltr'>δόξης</span> <span class='ocrx_word' id='word_1_319' title='bbox 1360 5444 1447 5492; x_wconf 86' lang='grc' dir='ltr'>καὶ</span> <span class='ocrx_word' id='word_1_320' title='bbox 1475 5448 1597 5512; x_wconf 79' lang='grc' dir='ltr'>ποιῇ</span> <span class='ocrx_word' id='word_1_321' title='bbox 1653 5449 1845 5512; x_wconf 85' lang='grc' dir='ltr'>σημεῖα</span> 
     </span>
    </p>
   </div>
   <div class='ocr_carea' id='block_1_51' title="bbox 235 5530 1844 5607">
    <p class='ocr_par' dir='ltr' id='par_1_51' title="bbox 235 5530 1844 5607">
     <span class='ocr_line' id='line_1_52' title="bbox 235 5530 1844 5607; baseline -0.005 -17"><span class='ocrx_word' id='word_1_322' title='bbox 235 5536 342 5593; x_wconf 79' lang='grc' dir='ltr'><strong>διὰ</strong></span> <span class='ocrx_word' id='word_1_323' title='bbox 370 5544 461 5589; x_wconf 80' lang='grc' dir='ltr'>τοῦ</span> <span class='ocrx_word' id='word_1_324' title='bbox 520 5535 770 5607; x_wconf 84' lang='grc' dir='ltr'>ὀνόματός</span> <span class='ocrx_word' id='word_1_325' title='bbox 807 5553 927 5606; x_wconf 85' lang='grc' dir='ltr'>μου,</span> <span class='ocrx_word' id='word_1_326' title='bbox 964 5533 1056 5584; x_wconf 65' lang='grc' dir='ltr'>οὐκ</span> <span class='ocrx_word' id='word_1_327' title='bbox 1096 5531 1154 5582; x_wconf 75' lang='grc' dir='ltr'>ἂν</span> <span class='ocrx_word' id='word_1_328' title='bbox 1186 5530 1549 5604; x_wconf 76' lang='grc' dir='ltr'>βλασφημήσῃ</span> <span class='ocrx_word' id='word_1_329' title='bbox 1593 5549 1674 5601; x_wconf 82' lang='grc' dir='ltr'>με.</span> <span class='ocrx_word' id='word_1_330' title='bbox 1717 5537 1844 5582; x_wconf 85' lang='grc' dir='ltr'>Συν-</span> 
     </span>
    </p>
   </div>
   <div class='ocr_carea' id='block_1_52' title="bbox 233 5619 1846 5701">
    <p class='ocr_par' dir='ltr' id='par_1_52' title="bbox 233 5619 1846 5701">
     <span class='ocr_line' id='line_1_53' title="bbox 233 5619 1846 5701; baseline -0.002 -27"><span class='ocrx_word' id='word_1_331' title='bbox 233 5632 438 5701; x_wconf 76' lang='grc' dir='ltr'>εχώρει</span> <span class='ocrx_word' id='word_1_332' title='bbox 478 5620 665 5676; x_wconf 76' lang='grc' dir='ltr'>δὲκαὶ</span> <span class='ocrx_word' id='word_1_333' title='bbox 713 5625 917 5684; x_wconf 84' lang='grc' dir='ltr'>τούτοις</span> <span class='ocrx_word' id='word_1_334' title='bbox 985 5624 1417 5695; x_wconf 85' lang='grc' dir='ltr'>θαυματουργεῖν,</span> <span class='ocrx_word' id='word_1_335' title='bbox 1473 5619 1584 5690; x_wconf 84' lang='grc' dir='ltr'>οἶμα</span> <span class='ocrx_word' id='word_1_336' title='bbox 1613 5622 1723 5691; x_wconf 73' lang='grc' dir='ltr'>μὲν,</span> <span class='ocrx_word' id='word_1_337' title='bbox 1775 5619 1846 5682; x_wconf 85' lang='grc' dir='ltr'><strong>εἰς</strong></span> 
     </span>
    </p>
   </div>
   <div class='ocr_carea' id='block_1_53' title="bbox 315 5772 882 5832">
    <p class='ocr_par' dir='ltr' id='par_1_53' title="bbox 315 5772 882 5832">
     <span class='ocr_line' id='line_1_54' title="bbox 315 5772 882 5832; baseline -0.009 1"><span class='ocrx_word' id='word_1_338' title='bbox 315 5779 364 5813; x_wconf 84' lang='grc'><strong>⁸³</strong></span> <span class='ocrx_word' id='word_1_339' title='bbox 392 5775 590 5832; x_wconf 86' lang='lat' dir='ltr'><strong>Matth.</strong></span> <span class='ocrx_word' id='word_1_340' title='bbox 623 5789 763 5832; x_wconf 83' lang='lat' dir='ltr'><strong>xvn.</strong></span> <span class='ocrx_word' id='word_1_341' title='bbox 796 5772 882 5829; x_wconf 77' lang='lat' dir='ltr'><strong>t9.</strong></span> 
     </span>
    </p>
   </div>
   <div class='ocr_carea' id='block_1_54' title="bbox 1403 363 2704 449">
    <p class='ocr_par' dir='ltr' id='par_1_54' title="bbox 1403 363 2704 449">
     <span class='ocr_line' id='line_1_55' title="bbox 1403 363 2704 449; baseline -0.023 1"><span class='ocrx_word' id='word_1_342' title='bbox 1403 384 1776 449; x_wconf 87' lang='lat' dir='ltr'><strong>COMMENT.</strong></span> <span class='ocrx_word' id='word_1_343' title='bbox 1816 380 1886 438; x_wconf 81' lang='lat' dir='ltr'><strong>IN</strong></span> <span class='ocrx_word' id='word_1_344' title='bbox 1927 373 2264 436; x_wconf 81' lang='lat' dir='ltr'><strong>MARCUM.</strong></span> <span class='ocrx_word' id='word_1_345' title='bbox 2308 401 2378 413; x_wconf 89' lang='lat'><strong>-—</strong></span> <span class='ocrx_word' id='word_1_346' title='bbox 2414 367 2571 426; x_wconf 75' lang='lat' dir='ltr'><strong>CAP.</strong></span> <span class='ocrx_word' id='word_1_347' title='bbox 2612 363 2704 421; x_wconf 81' lang='lat' dir='ltr'><strong>IX.</strong></span> 
     </span>
    </p>
   </div>
   <div class='ocr_carea' id='block_1_55' title="bbox 1835 473 3576 566">
    <p class='ocr_par' dir='ltr' id='par_1_55' title="bbox 1835 473 3576 566">
     <span class='ocr_line' id='line_1_56' title="bbox 1835 473 3576 566; baseline -0.019 -5"><span class='ocrx_word' id='word_1_348' title='bbox 1835 504 1916 561; x_wconf 78' lang='grc' dir='ltr'><strong>Α·</strong></span> <span class='ocrx_word' id='word_1_349' title='bbox 1986 507 2153 562; x_wconf 80' lang='lat' dir='ltr'><strong>Vers.</strong></span> <span class='ocrx_word' id='word_1_350' title='bbox 2196 504 2287 558; x_wconf 75' lang='grc'><strong>24.</strong></span> <span class='ocrx_word' id='word_1_351' title='bbox 2319 495 2648 566; x_wconf 74' lang='lat' dir='ltr'><strong>Statimque</strong></span> <span class='ocrx_word' id='word_1_352' title='bbox 2677 519 2743 532; x_wconf 91' lang='lat'>—</span> <span class='ocrx_word' id='word_1_353' title='bbox 2773 478 3194 544; x_wconf 75' lang='lat' dir='ltr'><strong>incredulitati</strong></span> <span class='ocrx_word' id='word_1_354' title='bbox 3224 489 3387 541; x_wconf 72' lang='lat' dir='ltr'><strong>mete,</strong></span> <span class='ocrx_word' id='word_1_355' title='bbox 3436 473 3576 538; x_wconf 64' lang='lat' dir='ltr'><strong>Qua</strong></span> 
     </span>
    </p>
   </div>
   <div class='ocr_carea' id='block_1_56' title="bbox 1915 589 2364 654">
    <p class='ocr_par' dir='ltr' id='par_1_56' title="bbox 1915 589 2364 654">
     <span class='ocr_line' id='line_1_57' title="bbox 1915 589 2364 654; baseline -0.029 0"><span class='ocrx_word' id='word_1_356' title='bbox 1915 599 2205 654; x_wconf 84' lang='lat' dir='ltr'><strong>hactenus</strong></span> <span class='ocrx_word' id='word_1_357' title='bbox 2235 589 2364 646; x_wconf 87' lang='lat' dir='ltr'><strong>fuit.</strong></span> 
     </span>
    </p>
   </div>
   <div class='ocr_carea' id='block_1_57' title="bbox 3465 345 3576 403">
    <p class='ocr_par' dir='ltr' id='par_1_57' title="bbox 3465 345 3576 403">
     <span class='ocr_line' id='line_1_58' title="bbox 3465 345 3576 403; baseline -0.036 0"><span class='ocrx_word' id='word_1_358' title='bbox 3465 345 3576 403; x_wconf 84' lang='lat'><strong>822</strong></span> 
     </span>
    </p>
   </div>
   <div class='ocr_carea' id='block_1_58' title="bbox 1992 653 3581 740">
    <p class='ocr_par' dir='ltr' id='par_1_58' title="bbox 1992 653 3581 740">
     <span class='ocr_line' id='line_1_59' title="bbox 1992 653 3581 740; baseline -0.023 1"><span class='ocrx_word' id='word_1_359' title='bbox 1992 687 2155 740; x_wconf 91' lang='lat' dir='ltr'><strong>Vers.</strong></span> <span class='ocrx_word' id='word_1_360' title='bbox 2174 686 2260 736; x_wconf 83' lang='lat'><strong>25.</strong></span> <span class='ocrx_word' id='word_1_361' title='bbox 2297 680 2444 734; x_wconf 83' lang='lat' dir='ltr'><strong>Cum</strong></span> <span class='ocrx_word' id='word_1_362' title='bbox 2474 673 2709 730; x_wconf 79' lang='lat' dir='ltr'><strong>vidisset</strong></span> <span class='ocrx_word' id='word_1_363' title='bbox 2734 699 2802 708; x_wconf 92' lang='lat'><strong>—</strong></span> <span class='ocrx_word' id='word_1_364' title='bbox 2827 659 3147 721; x_wconf 84' lang='lat' dir='ltr'><strong>immundo.</strong></span> <span class='ocrx_word' id='word_1_365' title='bbox 3173 653 3381 713; x_wconf 82' lang='lat' dir='ltr'><strong>Statim</strong></span> <span class='ocrx_word' id='word_1_366' title='bbox 3396 665 3581 724; x_wconf 82' lang='lat' dir='ltr'><strong>expu-</strong></span> 
     </span>
    </p>
   </div>
   <div class='ocr_carea' id='block_1_59' title="bbox 1918 751 3184 832">
    <p class='ocr_par' dir='ltr' id='par_1_59' title="bbox 1918 751 3184 832">
     <span class='ocr_line' id='line_1_60' title="bbox 1918 751 3184 832; baseline -0.024 0"><span class='ocrx_word' id='word_1_367' title='bbox 1918 775 1986 832; x_wconf 87' lang='lat' dir='ltr'><strong>lit</strong></span> <span class='ocrx_word' id='word_1_368' title='bbox 2009 774 2345 830; x_wconf 77' lang='lat' dir='ltr'><strong>daemonem</strong></span> <span class='ocrx_word' id='word_1_369' title='bbox 2373 781 2447 821; x_wconf 95' lang='lat' dir='ltr'><strong>ne</strong></span> <span class='ocrx_word' id='word_1_370' title='bbox 2477 761 2699 818; x_wconf 89' lang='lat' dir='ltr'><strong>diutius</strong></span> <span class='ocrx_word' id='word_1_371' title='bbox 2730 755 2824 812; x_wconf 91' lang='lat' dir='ltr'><strong>ille</strong></span> <span class='ocrx_word' id='word_1_372' title='bbox 2849 751 3184 809; x_wconf 81' lang='lat' dir='ltr'><strong>vexaretur.</strong></span> 
     </span>
    </p>
   </div>
   <div class='ocr_carea' id='block_1_60' title="bbox 1993 827 3582 920">
    <p class='ocr_par' dir='ltr' id='par_1_60' title="bbox 1993 827 3582 920">
     <span class='ocr_line' id='line_1_61' title="bbox 1993 827 3582 920; baseline -0.022 0"><span class='ocrx_word' id='word_1_373' title='bbox 1993 827 2158 920; x_wconf 45' lang='grc' dir='ltr'>θέτε.</span> <span class='ocrx_word' id='word_1_374' title='bbox 2217 863 2306 914; x_wconf 78' lang='lat'><strong>2‘5.</strong></span> <span class='ocrx_word' id='word_1_375' title='bbox 2360 855 2568 911; x_wconf 85' lang='lat' dir='ltr'><strong>Dicens</strong></span> <span class='ocrx_word' id='word_1_376' title='bbox 2613 879 2669 891; x_wconf 94' lang='lat'>—</span> <span class='ocrx_word' id='word_1_377' title='bbox 2714 861 2798 904; x_wconf 85' lang='lat' dir='ltr'><strong>eo.</strong></span> <span class='ocrx_word' id='word_1_378' title='bbox 2841 844 2964 913; x_wconf 88' lang='lat' dir='ltr'><strong>Ego</strong></span> <span class='ocrx_word' id='word_1_379' title='bbox 3003 852 3186 912; x_wconf 88' lang='lat' dir='ltr'>quem</span> <span class='ocrx_word' id='word_1_380' title='bbox 3236 832 3412 896; x_wconf 85' lang='lat' dir='ltr'><strong>nosti,</strong></span> <span class='ocrx_word' id='word_1_381' title='bbox 3476 827 3582 886; x_wconf 90' lang='lat' dir='ltr'><strong>tibi</strong></span> 
     </span>
    </p>
   </div>
   <div class='ocr_carea' id='block_1_61' title="bbox 1925 951 2223 1024">
    <p class='ocr_par' dir='ltr' id='par_1_61' title="bbox 1925 951 2223 1024">
     <span class='ocr_line' id='line_1_62' title="bbox 1925 951 2223 1024; baseline -0.013 -17"><span class='ocrx_word' id='word_1_382' title='bbox 1925 951 2223 1024; x_wconf 70' lang='lat' dir='ltr'><strong>praecipio.</strong></span> 
     </span>
    </p>
   </div>
   <div class='ocr_carea' id='block_1_62' title="bbox 2001 1004 3585 1097">
    <p class='ocr_par' dir='ltr' id='par_1_62' title="bbox 2001 1004 3585 1097">
     <span class='ocr_line' id='line_1_63' title="bbox 2001 1004 3585 1097; baseline -0.023 1"><span class='ocrx_word' id='word_1_383' title='bbox 2187 1043 2275 1095; x_wconf 80' lang='lat'><strong>25.</strong></span> <span class='ocrx_word' id='word_1_384' title='bbox 2302 1033 2539 1092; x_wconf 84' lang='lat' dir='ltr'><strong>Et—in</strong></span> <span class='ocrx_word' id='word_1_385' title='bbox 2569 1043 2720 1086; x_wconf 86' lang='lat' dir='ltr'><strong>eum.</strong></span> <span class='ocrx_word' id='word_1_386' title='bbox 2754 1019 3034 1080; x_wconf 79' lang='lat' dir='ltr'><strong>Hocdixit</strong></span> <span class='ocrx_word' id='word_1_387' title='bbox 3051 1011 3386 1090; x_wconf 66' lang='lat' dir='ltr'><strong>praevidens</strong></span> <span class='ocrx_word' id='word_1_388' title='bbox 3415 1004 3585 1081; x_wconf 90' lang='lat' dir='ltr'><strong>quod</strong></span> 
     </span>
    </p>
   </div>
   <div class='ocr_carea' id='block_1_63' title="bbox 1927 1099 3588 1192">
    <p class='ocr_par' dir='ltr' id='par_1_63' title="bbox 1927 1099 3588 1192">
     <span class='ocr_line' id='line_1_64' title="bbox 1927 1099 3588 1192; baseline -0.025 -2"><span class='ocrx_word' id='word_1_389' title='bbox 1927 1134 2192 1190; x_wconf 83' lang='lat' dir='ltr'><strong>futurum</strong></span> <span class='ocrx_word' id='word_1_390' title='bbox 2221 1130 2363 1192; x_wconf 88' lang='lat' dir='ltr'><strong>erat,</strong></span> <span class='ocrx_word' id='word_1_391' title='bbox 2399 1126 2463 1179; x_wconf 91' lang='lat' dir='ltr'><strong>ut</strong></span> <span class='ocrx_word' id='word_1_392' title='bbox 2486 1121 2708 1190; x_wconf 86' lang='lat' dir='ltr'><strong>dignus</strong></span> <span class='ocrx_word' id='word_1_393' title='bbox 2746 1115 2902 1170; x_wconf 80' lang='lat' dir='ltr'><strong>esset</strong></span> <span class='ocrx_word' id='word_1_394' title='bbox 2925 1112 3366 1182; x_wconf 73' lang='lat' dir='ltr'><strong>proptersuam</strong></span> <span class='ocrx_word' id='word_1_395' title='bbox 3394 1099 3588 1153; x_wconf 85' lang='lat' dir='ltr'><strong>incre-</strong></span> 
     </span>
    </p>
   </div>
   <div class='ocr_carea' id='block_1_64' title="bbox 1927 1185 3590 1281">
    <p class='ocr_par' dir='ltr' id='par_1_64' title="bbox 1927 1185 3590 1281">
     <span class='ocr_line' id='line_1_65' title="bbox 1927 1185 3590 1281; baseline -0.025 -1"><span class='ocrx_word' id='word_1_396' title='bbox 1927 1222 2259 1281; x_wconf 87' lang='lat' dir='ltr'><strong>dulitatem,</strong></span> <span class='ocrx_word' id='word_1_397' title='bbox 2277 1185 2602 1270; x_wconf 39' lang='lat' dir='ltr'><strong>ut&#39;rursum</strong></span> <span class='ocrx_word' id='word_1_398' title='bbox 2625 1205 2702 1264; x_wconf 88' lang='lat' dir='ltr'><strong>ad</strong></span> <span class='ocrx_word' id='word_1_399' title='bbox 2729 1219 2867 1260; x_wconf 91' lang='lat' dir='ltr'><strong>eum</strong></span> <span class='ocrx_word' id='word_1_400' title='bbox 2889 1198 3296 1256; x_wconf 80' lang='lat' dir='ltr'><strong>reverteretur.</strong></span> <span class='ocrx_word' id='word_1_401' title='bbox 3313 1185 3590 1245; x_wconf 79' lang='lat' dir='ltr'><strong>Prohibet</strong></span> 
     </span>
    </p>
   </div>
   <div class='ocr_carea' id='block_1_65' title="bbox 1927 1279 3588 1382">
    <p class='ocr_par' dir='ltr' id='par_1_65' title="bbox 1927 1279 3588 1382">
     <span class='ocr_line' id='line_1_66' title="bbox 1927 1279 3588 1382; baseline -0.025 -12"><span class='ocrx_word' id='word_1_402' title='bbox 1927 1327 2070 1382; x_wconf 90' lang='lat' dir='ltr'><strong>ergo</strong></span> <span class='ocrx_word' id='word_1_403' title='bbox 2113 1325 2274 1375; x_wconf 90' lang='lat' dir='ltr'><strong>eum,</strong></span> <span class='ocrx_word' id='word_1_404' title='bbox 2307 1319 2380 1360; x_wconf 94' lang='lat' dir='ltr'><strong>ne</strong></span> <span class='ocrx_word' id='word_1_405' title='bbox 2411 1301 2689 1372; x_wconf 86' lang='lat' dir='ltr'><strong>cuiquam</strong></span> <span class='ocrx_word' id='word_1_406' title='bbox 2736 1292 3030 1357; x_wconf 84' lang='lat' dir='ltr'><strong>videatur,</strong></span> <span class='ocrx_word' id='word_1_407' title='bbox 3060 1281 3228 1358; x_wconf 88' lang='lat' dir='ltr'><strong>quod</strong></span> <span class='ocrx_word' id='word_1_408' title='bbox 3256 1279 3426 1354; x_wconf 83' lang='lat' dir='ltr'><strong>prius</strong></span> <span class='ocrx_word' id='word_1_409' title='bbox 3464 1288 3588 1333; x_wconf 89' lang='lat' dir='ltr'><strong>non</strong></span> 
     </span>
    </p>
   </div>
   <div class='ocr_carea' id='block_1_66' title="bbox 1927 1398 2378 1470">
    <p class='ocr_par' dir='ltr' id='par_1_66' title="bbox 1927 1398 2378 1470">
     <span class='ocr_line' id='line_1_67' title="bbox 1927 1398 2378 1470; baseline -0.022 -12"><span class='ocrx_word' id='word_1_410' title='bbox 1927 1402 2096 1458; x_wconf 85' lang='lat' dir='ltr'><strong>fuerit</strong></span> <span class='ocrx_word' id='word_1_411' title='bbox 2133 1398 2378 1470; x_wconf 88' lang='lat' dir='ltr'><strong>ejectus.</strong></span> 
     </span>
    </p>
   </div>
   <div class='ocr_carea' id='block_1_67' title="bbox 2001 1457 3595 1545">
    <p class='ocr_par' dir='ltr' id='par_1_67' title="bbox 2001 1457 3595 1545">
     <span class='ocr_line' id='line_1_68' title="bbox 2001 1457 3595 1545; baseline -0.025 2"><span class='ocrx_word' id='word_1_412' title='bbox 2001 1457 2183 1545; x_wconf 46' lang='lat' dir='ltr'><strong>Vers..</strong></span> <span class='ocrx_word' id='word_1_413' title='bbox 2212 1490 2302 1542; x_wconf 82' lang='lat'><strong>26.</strong></span> <span class='ocrx_word' id='word_1_414' title='bbox 2359 1484 2436 1538; x_wconf 86' lang='lat' dir='ltr'><strong>Et</strong></span> <span class='ocrx_word' id='word_1_415' title='bbox 2485 1494 2618 1536; x_wconf 87' lang='lat' dir='ltr'><strong>cum</strong></span> <span class='ocrx_word' id='word_1_416' title='bbox 2659 1471 2971 1532; x_wconf 78' lang='lat' dir='ltr'><strong>clamasset</strong></span> <span class='ocrx_word' id='word_1_417' title='bbox 2999 1496 3068 1506; x_wconf 92' lang='lat'><strong>—</strong></span> <span class='ocrx_word' id='word_1_418' title='bbox 3110 1461 3270 1518; x_wconf 81' lang='lat' dir='ltr'><strong>Vers.</strong></span> <span class='ocrx_word' id='word_1_419' title='bbox 3321 1457 3412 1514; x_wconf 85' lang='lat'><strong>2&#39;7.</strong></span> <span class='ocrx_word' id='word_1_420' title='bbox 3457 1467 3595 1510; x_wconf 83' lang='lat' dir='ltr'><strong>sur-</strong></span> 
     </span>
    </p>
   </div>
   <div class='ocr_carea' id='block_1_68' title="bbox 1931 1541 3595 1641">
    <p class='ocr_par' dir='ltr' id='par_1_68' title="bbox 1931 1541 3595 1641">
     <span class='ocr_line' id='line_1_69' title="bbox 1931 1541 3595 1641; baseline -0.026 -2"><span class='ocrx_word' id='word_1_421' title='bbox 1931 1541 2448 1638; x_wconf 34' lang='lat' dir='ltr'><strong>rea&#39;i‘tTClamavit,</strong></span> <span class='ocrx_word' id='word_1_422' title='bbox 2471 1563 2818 1641; x_wconf 86' lang='lat' dir='ltr'><strong>signiﬁcans</strong></span> <span class='ocrx_word' id='word_1_423' title='bbox 2843 1554 3010 1631; x_wconf 89' lang='lat' dir='ltr'><strong>quod</strong></span> <span class='ocrx_word' id='word_1_424' title='bbox 3030 1550 3318 1610; x_wconf 87' lang='lat' dir='ltr'><strong>violenter</strong></span> <span class='ocrx_word' id='word_1_425' title='bbox 3341 1541 3595 1618; x_wconf 86' lang='lat' dir='ltr'><strong>expelle-</strong></span> 
     </span>
    </p>
   </div>
   <div class='ocr_carea' id='block_1_69' title="bbox 1931 1672 2111 1726">
    <p class='ocr_par' dir='ltr' id='par_1_69' title="bbox 1931 1672 2111 1726">
     <span class='ocr_line' id='line_1_70' title="bbox 1931 1672 2111 1726; baseline -0.022 0"><span class='ocrx_word' id='word_1_426' title='bbox 1931 1672 2111 1726; x_wconf 88' lang='lat' dir='ltr'><strong>retur.</strong></span> 
     </span>
    </p>
   </div>
   <div class='ocr_carea' id='block_1_70' title="bbox 2005 1718 3597 1819">
    <p class='ocr_par' dir='ltr' id='par_1_70' title="bbox 2005 1718 3597 1819">
     <span class='ocr_line' id='line_1_71' title="bbox 2005 1718 3597 1819; baseline -0.026 -6"><span class='ocrx_word' id='word_1_427' title='bbox 2005 1760 2161 1813; x_wconf 90' lang='lat' dir='ltr'><strong>Vers.</strong></span> <span class='ocrx_word' id='word_1_428' title='bbox 2203 1757 2291 1808; x_wconf 83' lang='lat'><strong>28.</strong></span> <span class='ocrx_word' id='word_1_429' title='bbox 2326 1751 2583 1819; x_wconf 77' lang='lat' dir='ltr'><strong>Cumque</strong></span> <span class='ocrx_word' id='word_1_430' title='bbox 2622 1745 2916 1814; x_wconf 83' lang='lat' dir='ltr'><strong>ingressus</strong></span> <span class='ocrx_word' id='word_1_431' title='bbox 2953 1738 3088 1792; x_wconf 82' lang='lat' dir='ltr'><strong>esset</strong></span> <span class='ocrx_word' id='word_1_432' title='bbox 3114 1758 3184 1770; x_wconf 89' lang='lat'><strong>--</strong></span> <span class='ocrx_word' id='word_1_433' title='bbox 3212 1722 3434 1782; x_wconf 76' lang='lat' dir='ltr'><strong>illum?</strong></span> <span class='ocrx_word' id='word_1_434' title='bbox 3470 1718 3597 1773; x_wconf 84' lang='grc' dir='ltr'>Ὀτι</span> 
     </span>
    </p>
   </div>
   <div class='ocr_carea' id='block_1_71' title="bbox 1144 1809 1835 1913">
    <p class='ocr_par' dir='ltr' id='par_1_71' title="bbox 1144 1824 1822 1897">
     <span class='ocr_line' id='line_1_72' title="bbox 1144 1824 1822 1897; baseline -0.022 -10"><span class='ocrx_word' id='word_1_435' title='bbox 1144 1849 1157 1897; x_wconf 88' lang='grc'>;</span> <span class='ocrx_word' id='word_1_436' title='bbox 1221 1833 1289 1886; x_wconf 84' lang='grc' dir='ltr'><strong>Τὸ</strong></span> <span class='ocrx_word' id='word_1_437' title='bbox 1367 1830 1466 1896; x_wconf 73' lang='grc' dir='ltr'>ὅτι,</span> <span class='ocrx_word' id='word_1_438' title='bbox 1530 1824 1645 1877; x_wconf 83' lang='grc' dir='ltr'>ἀντὶ</span> <span class='ocrx_word' id='word_1_439' title='bbox 1710 1828 1822 1890; x_wconf 81' lang='grc' dir='ltr'>τοῦ,</span> 
     </span>
    </p>
   </div>
   <div class='ocr_carea' id='block_1_72' title="bbox 1960 1809 3592 1913">
    <p class='ocr_par' dir='ltr' id='par_1_72' title="bbox 1960 1809 3592 1913">
     <span class='ocr_line' id='line_1_73' title="bbox 1960 1809 3592 1913; baseline -0.024 -9"><span class='ocrx_word' id='word_1_440' title='bbox 1960 1809 2422 1913; x_wconf 60' lang='grc' dir='ltr'>ιιιειοεὶεηὶἰίοᾶῐ</span> <span class='ocrx_word' id='word_1_441' title='bbox 2451 1809 2636 1908; x_wconf 67' lang='lat' dir='ltr'><strong>quare</strong></span> <span class='ocrx_word' id='word_1_442' title='bbox 2667 1809 2796 1888; x_wconf 35' lang='lat' dir='ltr'><strong>:vita</strong></span> <span class='ocrx_word' id='word_1_443' title='bbox 2821 1826 2981 1882; x_wconf 91' lang='lat' dir='ltr'><strong>enim</strong></span> <span class='ocrx_word' id='word_1_444' title='bbox 3011 1819 3158 1878; x_wconf 82' lang='lat' dir='ltr'><strong>dixit</strong></span> <span class='ocrx_word' id='word_1_445' title='bbox 3190 1815 3491 1874; x_wconf 71' lang='lat' dir='ltr'><strong>Matthaaus</strong></span> <span class='ocrx_word' id='word_1_446' title='bbox 3521 1809 3592 1866; x_wconf 75' lang='grc' dir='ltr'><strong>θ’.</strong></span> 
     </span>
    </p>
   </div>
   <div class='ocr_carea' id='block_1_73' title="bbox 1935 1901 3594 2007">
    <p class='ocr_par' dir='ltr' id='par_1_73' title="bbox 1935 1901 3594 2007">
     <span class='ocr_line' id='line_1_74' title="bbox 1935 1901 3594 2007; baseline -0.024 -14"><span class='ocrx_word' id='word_1_447' title='bbox 1935 1943 2044 1992; x_wconf 81' lang='lat' dir='ltr'><strong>Aut</strong></span> <span class='ocrx_word' id='word_1_448' title='bbox 2103 1937 2377 2007; x_wconf 76' lang='grc' dir='ltr'>ἐπηρώτων</span> <span class='ocrx_word' id='word_1_449' title='bbox 2445 1927 2621 1989; x_wconf 82' lang='grc' dir='ltr'>αὐτὸν,</span> <span class='ocrx_word' id='word_1_450' title='bbox 2678 1917 2806 1991; x_wconf 89' lang='lat' dir='ltr'><strong>capi</strong></span> <span class='ocrx_word' id='word_1_451' title='bbox 2875 1915 3086 1987; x_wconf 82' lang='lat' dir='ltr'><strong>potest,</strong></span> <span class='ocrx_word' id='word_1_452' title='bbox 3147 1922 3219 1964; x_wconf 87' lang='lat' dir='ltr'><strong>ac</strong></span> <span class='ocrx_word' id='word_1_453' title='bbox 3277 1903 3339 1964; x_wconf 83' lang='lat' dir='ltr'><strong>si</strong></span> <span class='ocrx_word' id='word_1_454' title='bbox 3405 1901 3594 1965; x_wconf 86' lang='lat' dir='ltr'><strong>dicas,</strong></span> 
     </span>
    </p>
   </div>
   <div class='ocr_carea' id='block_1_74' title="bbox 1933 1988 3602 2083">
    <p class='ocr_par' dir='ltr' id='par_1_74' title="bbox 1933 1988 3602 2083">
     <span class='ocr_line' id='line_1_75' title="bbox 1933 1988 3602 2083; baseline -0.025 0"><span class='ocrx_word' id='word_1_455' title='bbox 1933 1988 2212 2082; x_wconf 70' lang='lat' dir='ltr'><strong>dicebant</strong></span> <span class='ocrx_word' id='word_1_456' title='bbox 2235 2021 2306 2076; x_wconf 92' lang='lat' dir='ltr'><strong>ei.</strong></span> <span class='ocrx_word' id='word_1_457' title='bbox 2341 2015 2526 2074; x_wconf 81' lang='lat' dir='ltr'><strong>Multae</strong></span> <span class='ocrx_word' id='word_1_458' title='bbox 2544 1988 2842 2083; x_wconf 81' lang='lat' dir='ltr'><strong>siquidem</strong></span> <span class='ocrx_word' id='word_1_459' title='bbox 2870 1995 3224 2073; x_wconf 84' lang='lat' dir='ltr'><strong>hujusmodi</strong></span> <span class='ocrx_word' id='word_1_460' title='bbox 3245 1988 3602 2083; x_wconf 82' lang='lat' dir='ltr'><strong>improprie-</strong></span> 
     </span>
    </p>
   </div>
   <div class='ocr_carea' id='block_1_75' title="bbox 1933 2076 3603 2185">
    <p class='ocr_par' dir='ltr' id='par_1_75' title="bbox 1933 2076 3603 2185">
     <span class='ocr_line' id='line_1_76' title="bbox 1933 2076 3603 2185; baseline -0.025 -12"><span class='ocrx_word' id='word_1_461' title='bbox 1933 2076 2098 2173; x_wconf 68' lang='lat' dir='ltr'><strong>tates</strong></span> <span class='ocrx_word' id='word_1_462' title='bbox 2114 2076 2300 2185; x_wconf 34' lang='lat' dir='ltr'><strong>“apud</strong></span> <span class='ocrx_word' id='word_1_463' title='bbox 2345 2076 3034 2171; x_wconf 53' lang='lat' dir='ltr'><strong>Marcum-reperiuntur.</strong></span> <span class='ocrx_word' id='word_1_464' title='bbox 3064 2091 3132 2144; x_wconf 88' lang='lat' dir='ltr'><strong>Et</strong></span> <span class='ocrx_word' id='word_1_465' title='bbox 3178 2087 3260 2138; x_wconf 86' lang='grc' dir='ltr'>ὅτι</span> <span class='ocrx_word' id='word_1_466' title='bbox 3307 2076 3603 2152; x_wconf 80' lang='lat' dir='ltr'><strong>signiﬁcat</strong></span> 
     </span>
    </p>
   </div>
   <div class='ocr_carea' id='block_1_76' title="bbox 1934 2171 3601 2280">
    <p class='ocr_par' dir='ltr' id='par_1_76' title="bbox 1934 2171 3601 2280">
     <span class='ocr_line' id='line_1_77' title="bbox 1934 2171 3601 2280; baseline -0.025 -17"><span class='ocrx_word' id='word_1_467' title='bbox 1934 2171 2120 2280; x_wconf 79' lang='lat' dir='ltr'><strong>quod,</strong></span> <span class='ocrx_word' id='word_1_468' title='bbox 2149 2171 2240 2258; x_wconf 70' lang='lat' dir='ltr'><strong>vel</strong></span> <span class='ocrx_word' id='word_1_469' title='bbox 2255 2195 2545 2259; x_wconf 85' lang='lat' dir='ltr'><strong>abundat,</strong></span> <span class='ocrx_word' id='word_1_470' title='bbox 2563 2187 2726 2280; x_wconf 88' lang='lat' dir='ltr'><strong>quod</strong></span> <span class='ocrx_word' id='word_1_471' title='bbox 2753 2186 3036 2257; x_wconf 84' lang='lat' dir='ltr'><strong>frequens</strong></span> <span class='ocrx_word' id='word_1_472' title='bbox 3049 2180 3142 2235; x_wconf 87' lang='lat' dir='ltr'><strong>est</strong></span> <span class='ocrx_word' id='word_1_473' title='bbox 3153 2172 3314 2247; x_wconf 90' lang='lat' dir='ltr'><strong>apud</strong></span> <span class='ocrx_word' id='word_1_474' title='bbox 3335 2171 3601 2280; x_wconf 54' lang='lat' dir='ltr'><strong>Graicos.</strong></span> 
     </span>
    </p>
   </div>
   <div class='ocr_carea' id='block_1_77' title="bbox 1937 2257 3598 2351">
    <p class='ocr_par' dir='ltr' id='par_1_77' title="bbox 1937 2257 3598 2351">
     <span class='ocr_line' id='line_1_78' title="bbox 1937 2257 3598 2351; baseline -0.022 0"><span class='ocrx_word' id='word_1_475' title='bbox 2213 2293 2300 2347; x_wconf 90' lang='lat' dir='ltr'><strong>est</strong></span> <span class='ocrx_word' id='word_1_476' title='bbox 2330 2257 2537 2344; x_wconf 18' lang='lat' dir='ltr'><strong>autem.</strong></span> <span class='ocrx_word' id='word_1_477' title='bbox 2562 2257 2636 2338; x_wconf 79' lang='lat' dir='ltr'><strong>de</strong></span> <span class='ocrx_word' id='word_1_478' title='bbox 2673 2278 2784 2335; x_wconf 87' lang='lat' dir='ltr'><strong>hac</strong></span> <span class='ocrx_word' id='word_1_479' title='bbox 2813 2267 3272 2340; x_wconf 90' lang='lat' dir='ltr'><strong>interrogatione</strong></span> <span class='ocrx_word' id='word_1_480' title='bbox 3311 2257 3598 2335; x_wconf 77' lang='lat' dir='ltr'><strong>p&#39;raadicto</strong></span> 
     </span>
    </p>
   </div>
   <div class='ocr_carea' id='block_1_78' title="bbox 1938 2383 2150 2456">
    <p class='ocr_par' dir='ltr' id='par_1_78' title="bbox 1938 2383 2150 2456">
     <span class='ocr_line' id='line_1_79' title="bbox 1938 2383 2150 2456; baseline -0.024 -15"><span class='ocrx_word' id='word_1_481' title='bbox 1938 2383 2150 2456; x_wconf 82' lang='lat' dir='ltr'><strong>capite.</strong></span> 
     </span>
    </p>
   </div>
   <div class='ocr_carea' id='block_1_79' title="bbox 2009 2435 3599 2530">
    <p class='ocr_par' dir='ltr' id='par_1_79' title="bbox 2009 2435 3599 2530">
     <span class='ocr_line' id='line_1_80' title="bbox 2009 2435 3599 2530; baseline -0.026 1"><span class='ocrx_word' id='word_1_482' title='bbox 2206 2473 2294 2526; x_wconf 87' lang='lat'><strong>29.</strong></span> <span class='ocrx_word' id='word_1_483' title='bbox 2327 2462 2570 2523; x_wconf 73' lang='lat' dir='ltr'><strong>Etdtxit</strong></span> <span class='ocrx_word' id='word_1_484' title='bbox 2597 2489 2663 2502; x_wconf 90' lang='lat'><strong>--</strong></span> <span class='ocrx_word' id='word_1_485' title='bbox 2681 2448 3125 2529; x_wconf 77' lang='lat' dir='ltr'><strong>jejunium.Per</strong></span> <span class='ocrx_word' id='word_1_486' title='bbox 3153 2441 3387 2500; x_wconf 88' lang='lat' dir='ltr'><strong>nullum</strong></span> <span class='ocrx_word' id='word_1_487' title='bbox 3412 2435 3599 2496; x_wconf 89' lang='lat' dir='ltr'><strong>alium</strong></span> 
     </span>
    </p>
   </div>
   <div class='ocr_carea' id='block_1_80' title="bbox 1940 2531 3415 2622">
    <p class='ocr_par' dir='ltr' id='par_1_80' title="bbox 1940 2531 3415 2622">
     <span class='ocr_line' id='line_1_81' title="bbox 1940 2531 3415 2622; baseline -0.027 1"><span class='ocrx_word' id='word_1_488' title='bbox 1940 2562 2211 2622; x_wconf 88' lang='lat' dir='ltr'><strong>modum.</strong></span> <span class='ocrx_word' id='word_1_489' title='bbox 2241 2557 2326 2614; x_wconf 91' lang='lat' dir='ltr'><strong>lbi</strong></span> <span class='ocrx_word' id='word_1_490' title='bbox 2354 2558 2556 2612; x_wconf 90' lang='lat' dir='ltr'><strong>autem</strong></span> <span class='ocrx_word' id='word_1_491' title='bbox 2587 2551 2645 2605; x_wconf 91' lang='lat' dir='ltr'><strong>et</strong></span> <span class='ocrx_word' id='word_1_492' title='bbox 2673 2547 2743 2601; x_wconf 92' lang='lat' dir='ltr'><strong>de</strong></span> <span class='ocrx_word' id='word_1_493' title='bbox 2768 2544 2883 2600; x_wconf 89' lang='lat' dir='ltr'><strong>hoc</strong></span> <span class='ocrx_word' id='word_1_494' title='bbox 2913 2537 3285 2611; x_wconf 83' lang='lat' dir='ltr'><strong>disputatum</strong></span> <span class='ocrx_word' id='word_1_495' title='bbox 3309 2531 3415 2586; x_wconf 89' lang='lat' dir='ltr'><strong>e&#39;st.</strong></span> 
     </span>
    </p>
   </div>
   <div class='ocr_carea' id='block_1_81' title="bbox 2010 2637 3600 2727">
    <p class='ocr_par' dir='ltr' id='par_1_81' title="bbox 2010 2637 3600 2727">
     <span class='ocr_line' id='line_1_82' title="bbox 2010 2637 3600 2727; baseline -0.026 1"><span class='ocrx_word' id='word_1_496' title='bbox 2010 2672 2176 2727; x_wconf 85' lang='lat' dir='ltr'><strong>Vers.</strong></span> <span class='ocrx_word' id='word_1_497' title='bbox 2219 2670 2307 2724; x_wconf 90' lang='lat'><strong>30.</strong></span> <span class='ocrx_word' id='word_1_498' title='bbox 2347 2664 2578 2718; x_wconf 87' lang='lat' dir='ltr'><strong>Etcum</strong></span> <span class='ocrx_word' id='word_1_499' title='bbox 2613 2654 2750 2713; x_wconf 83' lang='lat' dir='ltr'><strong>inde</strong></span> <span class='ocrx_word' id='word_1_500' title='bbox 2773 2650 3031 2710; x_wconf 77' lang='lat' dir='ltr'><strong>exissent</strong></span> <span class='ocrx_word' id='word_1_501' title='bbox 3059 2675 3126 2685; x_wconf 93' lang='lat'>—</span> <span class='ocrx_word' id='word_1_502' title='bbox 3169 2640 3364 2698; x_wconf 81' lang='lat' dir='ltr'><strong>sciret.</strong></span> <span class='ocrx_word' id='word_1_503' title='bbox 3406 2637 3600 2702; x_wconf 83' lang='lat' dir='ltr'><strong>Quare</strong></span> 
     </span>
    </p>
   </div>
   <div class='ocr_carea' id='block_1_82' title="bbox 1940 2723 3602 2822">
    <p class='ocr_par' dir='ltr' id='par_1_82' title="bbox 1940 2723 3602 2822">
     <span class='ocr_line' id='line_1_83' title="bbox 1940 2723 3602 2822; baseline -0.026 -2"><span class='ocrx_word' id='word_1_504' title='bbox 1940 2723 2182 2820; x_wconf 26' lang='lat' dir='ltr'><strong>nolui—tv?</strong></span> <span class='ocrx_word' id='word_1_505' title='bbox 2228 2753 2398 2817; x_wconf 88' lang='lat' dir='ltr'><strong>Quod</strong></span> <span class='ocrx_word' id='word_1_506' title='bbox 2443 2747 2712 2822; x_wconf 88' lang='lat' dir='ltr'><strong>sequitur</strong></span> <span class='ocrx_word' id='word_1_507' title='bbox 2761 2737 3102 2814; x_wconf 83' lang='lat' dir='ltr'><strong>manifestat</strong></span> <span class='ocrx_word' id='word_1_508' title='bbox 3143 2749 3157 2785; x_wconf 90' lang='lat'><strong>:</strong></span> <span class='ocrx_word' id='word_1_509' title='bbox 3207 2744 3282 2785; x_wconf 91' lang='lat' dir='ltr'><strong>ne</strong></span> <span class='ocrx_word' id='word_1_510' title='bbox 3330 2723 3602 2782; x_wconf 85' lang='lat' dir='ltr'><strong>videlicet</strong></span> 
     </span>
    </p>
   </div>
   <div class='ocr_carea' id='block_1_83' title="bbox 1941 2817 3527 2925">
    <p class='ocr_par' dir='ltr' id='par_1_83' title="bbox 1941 2817 3527 2925">
     <span class='ocr_line' id='line_1_84' title="bbox 1941 2817 3527 2925; baseline -0.026 -16"><span class='ocrx_word' id='word_1_511' title='bbox 1941 2817 2261 2925; x_wconf 75' lang='lat' dir='ltr'><strong>quisquam</strong></span> <span class='ocrx_word' id='word_1_512' title='bbox 2290 2817 2641 2909; x_wconf 73' lang='lat' dir='ltr'><strong>intelligeret</strong></span> <span class='ocrx_word' id='word_1_513' title='bbox 2664 2849 2735 2890; x_wconf 90' lang='lat' dir='ltr'><strong>ea</strong></span> <span class='ocrx_word' id='word_1_514' title='bbox 2754 2832 2829 2888; x_wconf 95' lang='lat' dir='ltr'><strong>de</strong></span> <span class='ocrx_word' id='word_1_515' title='bbox 2853 2826 3077 2901; x_wconf 87' lang='lat' dir='ltr'><strong>quibus</strong></span> <span class='ocrx_word' id='word_1_516' title='bbox 3104 2817 3527 2894; x_wconf 88' lang='lat' dir='ltr'><strong>loquebantur.</strong></span> 
     </span>
    </p>
   </div>
   <div class='ocr_carea' id='block_1_84' title="bbox 2014 2903 3602 2996">
    <p class='ocr_par' dir='ltr' id='par_1_84' title="bbox 2014 2903 3602 2996">
     <span class='ocr_line' id='line_1_85' title="bbox 2014 2903 3602 2996; baseline -0.025 1"><span class='ocrx_word' id='word_1_517' title='bbox 2014 2903 2177 2996; x_wconf 41' lang='lat' dir='ltr'><strong>{teis</strong></span> <span class='ocrx_word' id='word_1_518' title='bbox 2229 2940 2316 2992; x_wconf 78' lang='lat' dir='ltr'><strong>3t.</strong></span> <span class='ocrx_word' id='word_1_519' title='bbox 2349 2903 2589 2988; x_wconf 46' lang='lat' dir='ltr'><strong>Dicevbat</strong></span> <span class='ocrx_word' id='word_1_520' title='bbox 2617 2955 2688 2967; x_wconf 90' lang='lat'><strong>—</strong></span> <span class='ocrx_word' id='word_1_521' title='bbox 2713 2912 3270 2990; x_wconf 84' lang='lat' dir='ltr'><strong>resurget.Dictum</strong></span> <span class='ocrx_word' id='word_1_522' title='bbox 3295 2909 3384 2963; x_wconf 89' lang='lat' dir='ltr'><strong>est</strong></span> <span class='ocrx_word' id='word_1_523' title='bbox 3420 2903 3602 2962; x_wconf 85' lang='lat' dir='ltr'><strong>etiam</strong></span> 
     </span>
    </p>
   </div>
   <div class='ocr_carea' id='block_1_85' title="bbox 1945 2990 3601 3086">
    <p class='ocr_par' dir='ltr' id='par_1_85' title="bbox 1945 2990 3601 3086">
     <span class='ocr_line' id='line_1_86' title="bbox 1945 2990 3601 3086; baseline -0.023 0"><span class='ocrx_word' id='word_1_524' title='bbox 1945 3031 2015 3086; x_wconf 92' lang='lat' dir='ltr'><strong>de</strong></span> <span class='ocrx_word' id='word_1_525' title='bbox 2043 2990 2380 3084; x_wconf 44' lang='lat' dir='ltr'><strong>haetiam.</strong></span> <span class='ocrx_word' id='word_1_526' title='bbox 2393 3018 2530 3076; x_wconf 88' lang='lat' dir='ltr'><strong>dicti</strong></span> <span class='ocrx_word' id='word_1_527' title='bbox 2562 3010 2841 3072; x_wconf 89' lang='lat' dir='ltr'><strong>tricesimi</strong></span> <span class='ocrx_word' id='word_1_528' title='bbox 2865 3004 3058 3080; x_wconf 87' lang='lat' dir='ltr'><strong>quinti</strong></span> <span class='ocrx_word' id='word_1_529' title='bbox 3071 2999 3278 3074; x_wconf 86' lang='lat' dir='ltr'><strong>capitis</strong></span> <span class='ocrx_word' id='word_1_530' title='bbox 3295 2990 3601 3076; x_wconf 71' lang='lat' dir='ltr'><strong>Evangelii</strong></span> 
     </span>
    </p>
   </div>
   <div class='ocr_carea' id='block_1_86' title="bbox 1945 3109 2658 3180">
    <p class='ocr_par' dir='ltr' id='par_1_86' title="bbox 1945 3109 2658 3180">
     <span class='ocr_line' id='line_1_87' title="bbox 1945 3109 2658 3180; baseline -0.022 -5"><span class='ocrx_word' id='word_1_531' title='bbox 1945 3117 2277 3180; x_wconf 88' lang='lat' dir='ltr'><strong>secundum</strong></span> <span class='ocrx_word' id='word_1_532' title='bbox 2303 3109 2658 3169; x_wconf 67' lang='lat' dir='ltr'><strong>Matthaeum.</strong></span> 
     </span>
    </p>
   </div>
   <div class='ocr_carea' id='block_1_87' title="bbox 1871 3156 3605 3265">
    <p class='ocr_par' dir='ltr' id='par_1_87' title="bbox 1871 3156 3605 3265">
     <span class='ocr_line' id='line_1_88' title="bbox 1871 3156 3605 3265; baseline -0.022 1"><span class='ocrx_word' id='word_1_533' title='bbox 1871 3197 1917 3258; x_wconf 80' lang='lat' dir='ltr'><strong><em>C</em></strong></span> <span class='ocrx_word' id='word_1_534' title='bbox 1945 3156 2657 3265; x_wconf 44' lang='grc' dir='ltr'><strong>δυνέἰξ.“ρῖέ.“Ᾰί’ἷιῖί“ῖ</strong></span> <span class='ocrx_word' id='word_1_535' title='bbox 2678 3191 3074 3256; x_wconf 79' lang='lat' dir='ltr'><strong>interrogare.</strong></span> <span class='ocrx_word' id='word_1_536' title='bbox 3116 3156 3394 3255; x_wconf 81' lang='lat' dir='ltr'><strong>Similiter</strong></span> <span class='ocrx_word' id='word_1_537' title='bbox 3430 3177 3489 3230; x_wconf 90' lang='lat' dir='ltr'><strong>et</strong></span> <span class='ocrx_word' id='word_1_538' title='bbox 3527 3171 3605 3229; x_wconf 89' lang='lat' dir='ltr'><strong>de</strong></span> 
     </span>
    </p>
   </div>
   <div class='ocr_carea' id='block_1_88' title="bbox 1943 3298 2080 3355">
    <p class='ocr_par' dir='ltr' id='par_1_88' title="bbox 1943 3298 2080 3355">
     <span class='ocr_line' id='line_1_89' title="bbox 1943 3298 2080 3355; baseline -0.029 1"><span class='ocrx_word' id='word_1_539' title='bbox 1943 3298 2080 3355; x_wconf 88' lang='lat' dir='ltr'><strong>hoc.</strong></span> 
     </span>
    </p>
   </div>
   <div class='ocr_carea' id='block_1_89' title="bbox 1945 3403 3605 3498">
    <p class='ocr_par' dir='ltr' id='par_1_89' title="bbox 1945 3403 3605 3498">
     <span class='ocr_line' id='line_1_90' title="bbox 1945 3403 3605 3498; baseline -0.024 0"><span class='ocrx_word' id='word_1_540' title='bbox 1945 3441 2097 3498; x_wconf 85' lang='lat' dir='ltr'><strong>CAP.</strong></span> <span class='ocrx_word' id='word_1_541' title='bbox 2128 3432 2344 3495; x_wconf 82' lang='lat' dir='ltr'><strong>XXVII.</strong></span> <span class='ocrx_word' id='word_1_542' title='bbox 2374 3461 2441 3470; x_wconf 90' lang='lat'>—</span> <span class='ocrx_word' id='word_1_543' title='bbox 2471 3427 2550 3484; x_wconf 85' lang='lat' dir='ltr'><strong>De</strong></span> <span class='ocrx_word' id='word_1_544' title='bbox 2579 3415 3037 3492; x_wconf 80' lang='lat' dir='ltr'><strong>disputantibus,</strong></span> <span class='ocrx_word' id='word_1_545' title='bbox 3056 3408 3183 3484; x_wconf 84' lang='lat' dir='ltr'><strong>quis</strong></span> <span class='ocrx_word' id='word_1_546' title='bbox 3214 3409 3356 3465; x_wconf 88' lang='lat' dir='ltr'><strong>esset</strong></span> <span class='ocrx_word' id='word_1_547' title='bbox 3384 3403 3605 3475; x_wconf 84' lang='lat' dir='ltr'><strong>major.</strong></span> 
     </span>
    </p>
   </div>
   <div class='ocr_carea' id='block_1_90' title="bbox 2017 3493 3610 3585">
    <p class='ocr_par' dir='ltr' id='par_1_90' title="bbox 2017 3493 3610 3585">
     <span class='ocr_line' id='line_1_91' title="bbox 2017 3493 3610 3585; baseline -0.022 0"><span class='ocrx_word' id='word_1_548' title='bbox 2017 3493 2182 3585; x_wconf 51' lang='grc' dir='ltr'>λίθτεί</span> <span class='ocrx_word' id='word_1_549' title='bbox 2229 3527 2315 3580; x_wconf 90' lang='lat'><strong>33.</strong></span> <span class='ocrx_word' id='word_1_550' title='bbox 2354 3521 2429 3576; x_wconf 85' lang='lat' dir='ltr'><strong>Et</strong></span> <span class='ocrx_word' id='word_1_551' title='bbox 2458 3519 2612 3574; x_wconf 85' lang='lat' dir='ltr'><strong>venit</strong></span> <span class='ocrx_word' id='word_1_552' title='bbox 2638 3544 2706 3553; x_wconf 91' lang='lat'><strong>—</strong></span> <span class='ocrx_word' id='word_1_553' title='bbox 2732 3510 2894 3565; x_wconf 85' lang='lat' dir='ltr'><strong>Vers.</strong></span> <span class='ocrx_word' id='word_1_554' title='bbox 2923 3507 3010 3561; x_wconf 72' lang='grc'><strong>34.</strong></span> <span class='ocrx_word' id='word_1_555' title='bbox 3051 3502 3268 3570; x_wconf 70' lang='lat' dir='ltr'><strong>major.</strong></span> <span class='ocrx_word' id='word_1_556' title='bbox 3304 3493 3610 3551; x_wconf 83' lang='lat' dir='ltr'><strong>Tacebant</strong></span> 
     </span>
    </p>
   </div>
   <div class='ocr_carea' id='block_1_91' title="bbox 1946 3585 3609 3695">
    <p class='ocr_par' dir='ltr' id='par_1_91' title="bbox 1946 3585 3609 3695">
     <span class='ocr_line' id='line_1_92' title="bbox 1946 3585 3609 3695; baseline -0.023 -17"><span class='ocrx_word' id='word_1_557' title='bbox 1946 3635 2069 3695; x_wconf 83' lang='lat' dir='ltr'><strong>prae</strong></span> <span class='ocrx_word' id='word_1_558' title='bbox 2091 3615 2321 3690; x_wconf 90' lang='lat' dir='ltr'><strong>pudore</strong></span> <span class='ocrx_word' id='word_1_559' title='bbox 2339 3608 2511 3684; x_wconf 90' lang='lat' dir='ltr'><strong>quasi</strong></span> <span class='ocrx_word' id='word_1_560' title='bbox 2521 3606 2647 3677; x_wconf 90' lang='lat' dir='ltr'><strong>jam</strong></span> <span class='ocrx_word' id='word_1_561' title='bbox 2659 3592 3067 3658; x_wconf 88' lang='lat' dir='ltr'><strong>condemnati.</strong></span> <span class='ocrx_word' id='word_1_562' title='bbox 3085 3586 3496 3660; x_wconf 87' lang='lat' dir='ltr'><strong>Signiﬁcatum</strong></span> <span class='ocrx_word' id='word_1_563' title='bbox 3520 3585 3609 3639; x_wconf 89' lang='lat' dir='ltr'><strong>est</strong></span> 
     </span>
    </p>
   </div>
   <div class='ocr_carea' id='block_1_92' title="bbox 1947 3672 3608 3768">
    <p class='ocr_par' dir='ltr' id='par_1_92' title="bbox 1947 3672 3608 3768">
     <span class='ocr_line' id='line_1_93' title="bbox 1947 3672 3608 3768; baseline -0.023 -1"><span class='ocrx_word' id='word_1_564' title='bbox 1947 3672 2146 3768; x_wconf 61' lang='lat' dir='ltr'><strong>autem</strong></span> <span class='ocrx_word' id='word_1_565' title='bbox 2165 3705 2238 3760; x_wconf 92' lang='lat' dir='ltr'><strong>de</strong></span> <span class='ocrx_word' id='word_1_566' title='bbox 2254 3672 2376 3758; x_wconf 73' lang='lat' dir='ltr'><strong>hoc</strong></span> <span class='ocrx_word' id='word_1_567' title='bbox 2392 3672 2690 3756; x_wconf 79' lang='lat' dir='ltr'><strong>tricesimo</strong></span> <span class='ocrx_word' id='word_1_568' title='bbox 2722 3686 2977 3761; x_wconf 89' lang='lat' dir='ltr'><strong>septimo</strong></span> <span class='ocrx_word' id='word_1_569' title='bbox 3000 3679 3193 3754; x_wconf 88' lang='lat' dir='ltr'><strong>capite</strong></span> <span class='ocrx_word' id='word_1_570' title='bbox 3206 3672 3506 3746; x_wconf 83' lang='lat' dir='ltr'><strong>Evangelii</strong></span> <span class='ocrx_word' id='word_1_571' title='bbox 3521 3687 3608 3730; x_wconf 89' lang='lat' dir='ltr'><strong>se-</strong></span> 
     </span>
    </p>
   </div>
   <div class='ocr_carea' id='block_1_93' title="bbox 1947 3791 2594 3858">
    <p class='ocr_par' dir='ltr' id='par_1_93' title="bbox 1947 3791 2594 3858">
     <span class='ocr_line' id='line_1_94' title="bbox 1947 3791 2594 3858; baseline -0.028 0"><span class='ocrx_word' id='word_1_572' title='bbox 1947 3799 2211 3858; x_wconf 90' lang='lat' dir='ltr'><strong>cundum</strong></span> <span class='ocrx_word' id='word_1_573' title='bbox 2241 3791 2594 3852; x_wconf 72' lang='lat' dir='ltr'><strong>Matthaeum.</strong></span> 
     </span>
    </p>
   </div>
   <div class='ocr_carea' id='block_1_94' title="bbox 2017 3872 3609 3967">
    <p class='ocr_par' dir='ltr' id='par_1_94' title="bbox 2017 3872 3609 3967">
     <span class='ocr_line' id='line_1_95' title="bbox 2017 3872 3609 3967; baseline -0.025 0"><span class='ocrx_word' id='word_1_574' title='bbox 2017 3911 2182 3965; x_wconf 87' lang='lat' dir='ltr'><strong>Vers.</strong></span> <span class='ocrx_word' id='word_1_575' title='bbox 2244 3908 2332 3961; x_wconf 81' lang='lat'><strong>35.</strong></span> <span class='ocrx_word' id='word_1_576' title='bbox 2406 3901 2668 3967; x_wconf 85' lang='lat' dir='ltr'><strong>Cumque</strong></span> <span class='ocrx_word' id='word_1_577' title='bbox 2729 3888 2969 3946; x_wconf 79' lang='lat' dir='ltr'><strong>sedisset</strong></span> <span class='ocrx_word' id='word_1_578' title='bbox 3032 3913 3099 3923; x_wconf 89' lang='lat'><strong>—</strong></span> <span class='ocrx_word' id='word_1_579' title='bbox 3159 3892 3386 3937; x_wconf 82' lang='lat' dir='ltr'><strong>servus.</strong></span> <span class='ocrx_word' id='word_1_580' title='bbox 3451 3872 3609 3930; x_wconf 81' lang='lat' dir='ltr'><strong>Dixit</strong></span> 
     </span>
    </p>
   </div>
   <div class='ocr_carea' id='block_1_95' title="bbox 1948 3966 3611 4074">
    <p class='ocr_par' dir='ltr' id='par_1_95' title="bbox 1948 3966 3611 4074">
     <span class='ocr_line' id='line_1_96' title="bbox 1948 3966 3611 4074; baseline -0.023 -17"><span class='ocrx_word' id='word_1_581' title='bbox 1948 4013 2182 4074; x_wconf 90' lang='lat' dir='ltr'><strong>quoque</strong></span> <span class='ocrx_word' id='word_1_582' title='bbox 2236 3993 2352 4050; x_wconf 93' lang='lat' dir='ltr'><strong>hoc</strong></span> <span class='ocrx_word' id='word_1_583' title='bbox 2417 3966 2882 4061; x_wconf 82' lang='lat' dir='ltr'><strong>quadragesimo</strong></span> <span class='ocrx_word' id='word_1_584' title='bbox 2941 3972 3110 4031; x_wconf 92' lang='lat' dir='ltr'><strong>tertio</strong></span> <span class='ocrx_word' id='word_1_585' title='bbox 3175 3966 3371 4040; x_wconf 81' lang='lat' dir='ltr'><strong>capite</strong></span> <span class='ocrx_word' id='word_1_586' title='bbox 3419 3967 3611 4021; x_wconf 89' lang='lat' dir='ltr'><strong>Evan-</strong></span> 
     </span>
    </p>
   </div>
   <div class='ocr_carea' id='block_1_96' title="bbox 1949 4056 3605 4163">
    <p class='ocr_par' dir='ltr' id='par_1_96' title="bbox 1949 4056 3605 4163">
     <span class='ocr_line' id='line_1_97' title="bbox 1949 4056 3605 4163; baseline -0.024 -16"><span class='ocrx_word' id='word_1_587' title='bbox 1949 4056 2104 4163; x_wconf 28' lang='lat' dir='ltr'><strong>gelii;</strong></span> <span class='ocrx_word' id='word_1_588' title='bbox 2125 4087 2295 4158; x_wconf 82' lang='lat' dir='ltr'><strong>juxta</strong></span> <span class='ocrx_word' id='word_1_589' title='bbox 2334 4056 2692 4138; x_wconf 68' lang='lat' dir='ltr'><strong>Matthaeum.</strong></span> <span class='ocrx_word' id='word_1_590' title='bbox 2725 4072 2925 4136; x_wconf 66' lang='lat' dir='ltr'><strong>Quaere</strong></span> <span class='ocrx_word' id='word_1_591' title='bbox 2959 4079 3099 4134; x_wconf 88' lang='lat' dir='ltr'><strong>ergo</strong></span> <span class='ocrx_word' id='word_1_592' title='bbox 3124 4059 3208 4117; x_wconf 86' lang='lat' dir='ltr'><strong>ibi</strong></span> <span class='ocrx_word' id='word_1_593' title='bbox 3237 4058 3310 4115; x_wconf 86' lang='lat' dir='ltr'><strong>de</strong></span> <span class='ocrx_word' id='word_1_594' title='bbox 3345 4056 3462 4113; x_wconf 91' lang='lat' dir='ltr'><strong>hoc</strong></span> <span class='ocrx_word' id='word_1_595' title='bbox 3513 4068 3605 4110; x_wconf 82' lang='lat' dir='ltr'><strong>ca-</strong></span> 
     </span>
    </p>
   </div>
   <div class='ocr_carea' id='block_1_97' title="bbox 2039 4193 2089 4232">
    <p class='ocr_par' dir='ltr' id='par_1_97' title="bbox 2039 4193 2089 4232">
     <span class='ocr_line' id='line_1_98' title="bbox 2039 4193 2089 4232; baseline -0.04 0"><span class='ocrx_word' id='word_1_596' title='bbox 2039 4193 2089 4232; x_wconf 83' lang='grc' dir='ltr'><strong>Θ.</strong></span> 
     </span>
    </p>
   </div>
   <div class='ocr_carea' id='block_1_98' title="bbox 1948 4183 3612 4324">
    <p class='ocr_par' dir='ltr' id='par_1_98' title="bbox 1948 4183 3612 4324">
     <span class='ocr_line' id='line_1_99' title="bbox 1948 4183 3612 4324; baseline -0.023 -1"><span class='ocrx_word' id='word_1_597' title='bbox 1948 4183 2180 4321; x_wconf 52' lang='grc' dir='ltr'>Ριλῗετε.</span> <span class='ocrx_word' id='word_1_598' title='bbox 2226 4264 2312 4318; x_wconf 87' lang='grc'><strong>36.</strong></span> <span class='ocrx_word' id='word_1_599' title='bbox 2349 4258 2426 4313; x_wconf 85' lang='lat' dir='ltr'><strong>Et</strong></span> <span class='ocrx_word' id='word_1_600' title='bbox 2455 4257 2688 4324; x_wconf 73' lang='lat' dir='ltr'><strong>Sumpta</strong></span> <span class='ocrx_word' id='word_1_601' title='bbox 2718 4280 2786 4289; x_wconf 94' lang='lat'><strong>—</strong></span> <span class='ocrx_word' id='word_1_602' title='bbox 2815 4247 2982 4303; x_wconf 85' lang='lat' dir='ltr'><strong>Vers.</strong></span> <span class='ocrx_word' id='word_1_603' title='bbox 3014 4245 3102 4299; x_wconf 84' lang='lat'><strong>37.</strong></span> <span class='ocrx_word' id='word_1_604' title='bbox 3137 4253 3267 4296; x_wconf 87' lang='lat' dir='ltr'><strong>eum</strong></span> <span class='ocrx_word' id='word_1_605' title='bbox 3312 4231 3418 4307; x_wconf 84' lang='lat' dir='ltr'><strong>qui</strong></span> <span class='ocrx_word' id='word_1_606' title='bbox 3453 4229 3612 4288; x_wconf 82' lang='lat' dir='ltr'><strong>misit</strong></span> 
     </span>
    </p>
   </div>
   <div class='ocr_carea' id='block_1_99' title="bbox 1950 4324 3612 4416">
    <p class='ocr_par' dir='ltr' id='par_1_99' title="bbox 1950 4324 3612 4416">
     <span class='ocr_line' id='line_1_100' title="bbox 1950 4324 3612 4416; baseline -0.024 -3"><span class='ocrx_word' id='word_1_607' title='bbox 1950 4371 2060 4413; x_wconf 91' lang='lat' dir='ltr'><strong>me.</strong></span> <span class='ocrx_word' id='word_1_608' title='bbox 2080 4349 2225 4409; x_wconf 76' lang='lat' dir='ltr'><strong>Ante</strong></span> <span class='ocrx_word' id='word_1_609' title='bbox 2241 4350 2357 4405; x_wconf 92' lang='lat' dir='ltr'><strong>hoc</strong></span> <span class='ocrx_word' id='word_1_610' title='bbox 2388 4345 2506 4402; x_wconf 89' lang='lat' dir='ltr'><strong>alia</strong></span> <span class='ocrx_word' id='word_1_611' title='bbox 2533 4355 2770 4416; x_wconf 88' lang='lat' dir='ltr'><strong>quoque</strong></span> <span class='ocrx_word' id='word_1_612' title='bbox 2796 4336 2962 4401; x_wconf 81' lang='lat' dir='ltr'><strong>dixit,</strong></span> <span class='ocrx_word' id='word_1_613' title='bbox 2996 4346 3132 4405; x_wconf 75' lang='lat' dir='ltr'><strong>quae</strong></span> <span class='ocrx_word' id='word_1_614' title='bbox 3147 4324 3459 4383; x_wconf 61' lang='lat' dir='ltr'><strong>Matthaaus</strong></span> <span class='ocrx_word' id='word_1_615' title='bbox 3473 4335 3612 4376; x_wconf 88' lang='lat' dir='ltr'><strong>con-</strong></span> 
     </span>
    </p>
   </div>
   <div class='ocr_carea' id='block_1_100' title="bbox 1952 4411 3610 4515">
    <p class='ocr_par' dir='ltr' id='par_1_100' title="bbox 1952 4411 3610 4515">
     <span class='ocr_line' id='line_1_101' title="bbox 1952 4411 3610 4515; baseline -0.022 -13"><span class='ocrx_word' id='word_1_616' title='bbox 1952 4442 2213 4515; x_wconf 87' lang='lat' dir='ltr'><strong>scripsit:</strong></span> <span class='ocrx_word' id='word_1_617' title='bbox 2231 4439 2305 4494; x_wconf 93' lang='lat' dir='ltr'><strong>de</strong></span> <span class='ocrx_word' id='word_1_618' title='bbox 2319 4411 2733 4509; x_wconf 77' lang='lat' dir='ltr'><strong>quibussimul</strong></span> <span class='ocrx_word' id='word_1_619' title='bbox 2747 4425 3030 4484; x_wconf 87' lang='lat' dir='ltr'><strong>omnibus</strong></span> <span class='ocrx_word' id='word_1_620' title='bbox 3045 4415 3342 4477; x_wconf 90' lang='lat' dir='ltr'><strong>tricesimo</strong></span> <span class='ocrx_word' id='word_1_621' title='bbox 3356 4411 3610 4486; x_wconf 88' lang='lat' dir='ltr'><strong>septimo</strong></span> 
     </span>
    </p>
   </div>
   <div class='ocr_carea' id='block_1_101' title="bbox 1872 4513 3108 4612">
    <p class='ocr_par' dir='ltr' id='par_1_101' title="bbox 1872 4513 3108 4612">
     <span class='ocr_line' id='line_1_102' title="bbox 1872 4513 3108 4612; baseline -0.024 -17"><span class='ocrx_word' id='word_1_622' title='bbox 1872 4555 1920 4612; x_wconf 84' lang='lat' dir='ltr'><strong>D</strong></span> <span class='ocrx_word' id='word_1_623' title='bbox 1953 4513 2143 4607; x_wconf 85' lang='lat' dir='ltr'><strong>capite</strong></span> <span class='ocrx_word' id='word_1_624' title='bbox 2177 4524 2475 4596; x_wconf 79' lang='lat' dir='ltr'><strong>Evangelii</strong></span> <span class='ocrx_word' id='word_1_625' title='bbox 2505 4521 2663 4578; x_wconf 90' lang='lat' dir='ltr'><strong>illius</strong></span> <span class='ocrx_word' id='word_1_626' title='bbox 2697 4513 3108 4576; x_wconf 88' lang='lat' dir='ltr'><strong>disseruimus.</strong></span> 
     </span>
    </p>
   </div>
   <div class='ocr_carea' id='block_1_102' title="bbox 2024 4611 3612 4698">
    <p class='ocr_par' dir='ltr' id='par_1_102' title="bbox 2024 4611 3612 4698">
     <span class='ocr_line' id='line_1_103' title="bbox 2024 4611 3612 4698; baseline -0.02 -3"><span class='ocrx_word' id='word_1_627' title='bbox 2024 4639 2188 4696; x_wconf 90' lang='lat' dir='ltr'><strong>Vers.</strong></span> <span class='ocrx_word' id='word_1_628' title='bbox 2233 4637 2321 4691; x_wconf 90' lang='lat'><strong>38.</strong></span> <span class='ocrx_word' id='word_1_629' title='bbox 2367 4625 2691 4698; x_wconf 81' lang='lat' dir='ltr'><strong>Respondit</strong></span> <span class='ocrx_word' id='word_1_630' title='bbox 2723 4651 2790 4664; x_wconf 89' lang='lat'>—</span> <span class='ocrx_word' id='word_1_631' title='bbox 2821 4635 2946 4676; x_wconf 88' lang='lat' dir='ltr'><strong>nos.</strong></span> <span class='ocrx_word' id='word_1_632' title='bbox 2981 4611 3224 4672; x_wconf 83' lang='lat' dir='ltr'><strong>Addidit</strong></span> <span class='ocrx_word' id='word_1_633' title='bbox 3264 4613 3322 4667; x_wconf 87' lang='lat' dir='ltr'><strong>et</strong></span> <span class='ocrx_word' id='word_1_634' title='bbox 3361 4619 3612 4664; x_wconf 87' lang='lat' dir='ltr'><strong>causam</strong></span> 
     </span>
    </p>
   </div>
   <div class='ocr_carea' id='block_1_103' title="bbox 1952 4696 3613 4804">
    <p class='ocr_par' dir='ltr' id='par_1_103' title="bbox 1952 4696 3613 4804">
     <span class='ocr_line' id='line_1_104' title="bbox 1952 4696 3613 4804; baseline -0.022 -17"><span class='ocrx_word' id='word_1_635' title='bbox 1952 4721 2388 4804; x_wconf 89' lang='lat' dir='ltr'><strong>prohibitionis.</strong></span> <span class='ocrx_word' id='word_1_636' title='bbox 2423 4696 2499 4775; x_wconf 85' lang='lat' dir='ltr'><strong>Eo</strong></span> <span class='ocrx_word' id='word_1_637' title='bbox 2529 4713 2694 4789; x_wconf 91' lang='lat' dir='ltr'><strong>quod</strong></span> <span class='ocrx_word' id='word_1_638' title='bbox 2724 4727 2846 4767; x_wconf 93' lang='lat' dir='ltr'><strong>non</strong></span> <span class='ocrx_word' id='word_1_639' title='bbox 2877 4709 3159 4780; x_wconf 90' lang='lat' dir='ltr'><strong>sequatur</strong></span> <span class='ocrx_word' id='word_1_640' title='bbox 3188 4717 3325 4758; x_wconf 91' lang='lat' dir='ltr'><strong>nos.</strong></span> <span class='ocrx_word' id='word_1_641' title='bbox 3358 4696 3613 4765; x_wconf 88' lang='lat' dir='ltr'><strong>Quidam</strong></span> 
     </span>
    </p>
   </div>
   <div class='ocr_carea' id='block_1_104' title="bbox 1951 4783 3608 4882">
    <p class='ocr_par' dir='ltr' id='par_1_104' title="bbox 1951 4783 3608 4882">
     <span class='ocr_line' id='line_1_105' title="bbox 1954 4783 2568 4804; baseline -0.024 0"><span class='ocrx_word' id='word_1_642' title='bbox 2549 4783 2568 4789; x_wconf 85' lang='lat'><strong>-</strong></span> 
     </span>
     <span class='ocr_line' id='line_1_106' title="bbox 1951 4783 3608 4882; baseline -0.022 -5"><span class='ocrx_word' id='word_1_643' title='bbox 1951 4821 2106 4877; x_wconf 88' lang='lat' dir='ltr'><strong>enim</strong></span> <span class='ocrx_word' id='word_1_644' title='bbox 2147 4828 2350 4872; x_wconf 91' lang='lat' dir='ltr'><strong>eorum</strong></span> <span class='ocrx_word' id='word_1_645' title='bbox 2380 4809 2485 4882; x_wconf 91' lang='lat' dir='ltr'><strong>qui</strong></span> <span class='ocrx_word' id='word_1_646' title='bbox 2518 4801 2910 4864; x_wconf 83' lang='lat' dir='ltr'><strong>crediderant,</strong></span> <span class='ocrx_word' id='word_1_647' title='bbox 2954 4793 3158 4867; x_wconf 74' lang='lat' dir='ltr'><strong>glorias</strong></span> <span class='ocrx_word' id='word_1_648' title='bbox 3187 4803 3393 4848; x_wconf 91' lang='lat' dir='ltr'><strong>amore</strong></span> <span class='ocrx_word' id='word_1_649' title='bbox 3432 4783 3608 4858; x_wconf 87' lang='lat' dir='ltr'><strong>capti,</strong></span> 
     </span>
    </p>
   </div>
   <div class='ocr_carea' id='block_1_105' title="bbox 1951 4868 3612 4970">
    <p class='ocr_par' dir='ltr' id='par_1_105' title="bbox 1951 4868 3612 4970">
     <span class='ocr_line' id='line_1_107' title="bbox 1951 4868 3612 4970; baseline -0.022 -4"><span class='ocrx_word' id='word_1_650' title='bbox 1951 4905 2341 4966; x_wconf 90' lang='lat' dir='ltr'><strong>imitabantur</strong></span> <span class='ocrx_word' id='word_1_651' title='bbox 2367 4895 2693 4970; x_wconf 86' lang='lat' dir='ltr'><strong>apostolos,</strong></span> <span class='ocrx_word' id='word_1_652' title='bbox 2726 4895 2783 4947; x_wconf 90' lang='lat' dir='ltr'><strong>et</strong></span> <span class='ocrx_word' id='word_1_653' title='bbox 2806 4903 2913 4961; x_wconf 89' lang='lat' dir='ltr'><strong>per</strong></span> <span class='ocrx_word' id='word_1_654' title='bbox 2941 4868 3388 4942; x_wconf 87' lang='lat' dir='ltr'><strong>invocationem</strong></span> <span class='ocrx_word' id='word_1_655' title='bbox 3413 4873 3612 4932; x_wconf 87' lang='lat' dir='ltr'><strong>nomi-</strong></span> 
     </span>
    </p>
   </div>
   <div class='ocr_carea' id='block_1_106' title="bbox 1953 4964 3612 5061">
    <p class='ocr_par' dir='ltr' id='par_1_106' title="bbox 1953 4964 3612 5061">
     <span class='ocr_line' id='line_1_108' title="bbox 1953 4964 3612 5061; baseline -0.022 -7"><span class='ocrx_word' id='word_1_656' title='bbox 1953 4964 2044 5054; x_wconf 75' lang='lat' dir='ltr'><strong>iiis</strong></span> <span class='ocrx_word' id='word_1_657' title='bbox 2057 4991 2267 5051; x_wconf 87' lang='lat' dir='ltr'><strong>Christi</strong></span> <span class='ocrx_word' id='word_1_658' title='bbox 2295 4964 2674 5061; x_wconf 75' lang='lat' dir='ltr'><strong>expellebant</strong></span> <span class='ocrx_word' id='word_1_659' title='bbox 2702 4980 3028 5036; x_wconf 65' lang='lat' dir='ltr'><strong>daemones.</strong></span> <span class='ocrx_word' id='word_1_660' title='bbox 3060 4973 3189 5027; x_wconf 91' lang='lat' dir='ltr'><strong>Non</strong></span> <span class='ocrx_word' id='word_1_661' title='bbox 3203 4964 3612 5041; x_wconf 87' lang='lat' dir='ltr'><strong>sequebantur</strong></span> 
     </span>
    </p>
   </div>
   <div class='ocr_carea' id='block_1_107' title="bbox 1952 5051 3612 5154">
    <p class='ocr_par' dir='ltr' id='par_1_107' title="bbox 1952 5051 3612 5154">
     <span class='ocr_line' id='line_1_109' title="bbox 1952 5051 3612 5154; baseline -0.022 -10"><span class='ocrx_word' id='word_1_662' title='bbox 1952 5093 2174 5150; x_wconf 87' lang='lat' dir='ltr'><strong>tamen,</strong></span> <span class='ocrx_word' id='word_1_663' title='bbox 2215 5082 2457 5154; x_wconf 90' lang='lat' dir='ltr'><strong>propter</strong></span> <span class='ocrx_word' id='word_1_664' title='bbox 2498 5069 2928 5131; x_wconf 89' lang='lat' dir='ltr'><strong>continentiam</strong></span> <span class='ocrx_word' id='word_1_665' title='bbox 2954 5066 3012 5121; x_wconf 85' lang='lat' dir='ltr'><strong>et</strong></span> <span class='ocrx_word' id='word_1_666' title='bbox 3052 5073 3336 5133; x_wconf 85' lang='lat' dir='ltr'><strong>asperum</strong></span> <span class='ocrx_word' id='word_1_667' title='bbox 3373 5051 3612 5113; x_wconf 85' lang='lat' dir='ltr'><strong>vivendi</strong></span> 
     </span>
    </p>
   </div>
   <div class='ocr_carea' id='block_1_108' title="bbox 1951 5175 2514 5244">
    <p class='ocr_par' dir='ltr' id='par_1_108' title="bbox 1951 5175 2514 5244">
     <span class='ocr_line' id='line_1_110' title="bbox 1951 5175 2514 5244; baseline -0.025 -9"><span class='ocrx_word' id='word_1_668' title='bbox 1951 5175 2202 5234; x_wconf 88' lang='lat' dir='ltr'><strong>modum</strong></span> <span class='ocrx_word' id='word_1_669' title='bbox 2229 5175 2514 5244; x_wconf 90' lang='lat' dir='ltr'><strong>ipsorum.</strong></span> 
     </span>
    </p>
   </div>
   <div class='ocr_carea' id='block_1_109' title="bbox 2021 5221 3617 5321">
    <p class='ocr_par' dir='ltr' id='par_1_109' title="bbox 2021 5221 3617 5321">
     <span class='ocr_line' id='line_1_111' title="bbox 2021 5221 3617 5321; baseline -0.023 0"><span class='ocrx_word' id='word_1_670' title='bbox 2021 5221 2184 5321; x_wconf 52' lang='lat' dir='ltr'><strong>vVers.</strong></span> <span class='ocrx_word' id='word_1_671' title='bbox 2539 5258 2734 5310; x_wconf 86' lang='lat' dir='ltr'><strong>autem</strong></span> <span class='ocrx_word' id='word_1_672' title='bbox 2769 5243 3033 5302; x_wconf 45' lang='lat' dir='ltr'><strong>—‘male</strong></span> <span class='ocrx_word' id='word_1_673' title='bbox 3064 5239 3225 5313; x_wconf 83' lang='lat' dir='ltr'><strong>loqui</strong></span> <span class='ocrx_word' id='word_1_674' title='bbox 3247 5237 3320 5294; x_wconf 88' lang='lat' dir='ltr'><strong>de</strong></span> <span class='ocrx_word' id='word_1_675' title='bbox 3347 5250 3457 5292; x_wconf 86' lang='lat' dir='ltr'><strong>me.</strong></span> <span class='ocrx_word' id='word_1_676' title='bbox 3501 5221 3617 5301; x_wconf 89' lang='lat' dir='ltr'><strong>Qui</strong></span> 
     </span>
    </p>
   </div>
   <div class='ocr_carea' id='block_1_110' title="bbox 1953 5323 3618 5424">
    <p class='ocr_par' dir='ltr' id='par_1_110' title="bbox 1953 5323 3618 5424">
     <span class='ocr_line' id='line_1_112' title="bbox 1953 5323 3618 5424; baseline -0.02 -11"><span class='ocrx_word' id='word_1_677' title='bbox 1953 5356 2114 5414; x_wconf 90' lang='lat' dir='ltr'><strong>enim</strong></span> <span class='ocrx_word' id='word_1_678' title='bbox 2147 5367 2249 5424; x_wconf 89' lang='lat' dir='ltr'><strong>per</strong></span> <span class='ocrx_word' id='word_1_679' title='bbox 2271 5361 2489 5405; x_wconf 89' lang='lat' dir='ltr'><strong>nomen</strong></span> <span class='ocrx_word' id='word_1_680' title='bbox 2509 5357 2712 5399; x_wconf 89' lang='lat' dir='ltr'><strong>meum</strong></span> <span class='ocrx_word' id='word_1_681' title='bbox 2745 5335 3127 5408; x_wconf 83' lang='lat' dir='ltr'><strong>gloriﬁcatur,</strong></span> <span class='ocrx_word' id='word_1_682' title='bbox 3153 5342 3278 5385; x_wconf 91' lang='lat' dir='ltr'><strong>non</strong></span> <span class='ocrx_word' id='word_1_683' title='bbox 3299 5325 3413 5382; x_wconf 93' lang='lat' dir='ltr'><strong>cito</strong></span> <span class='ocrx_word' id='word_1_684' title='bbox 3438 5323 3618 5381; x_wconf 87' lang='lat' dir='ltr'><strong>male-</strong></span> 
     </span>
    </p>
   </div>
   <div class='ocr_carea' id='block_1_111' title="bbox 1954 5414 3615 5502">
    <p class='ocr_par' dir='ltr' id='par_1_111' title="bbox 1954 5414 3615 5502">
     <span class='ocr_line' id='line_1_113' title="bbox 1954 5414 3615 5502; baseline -0.02 1"><span class='ocrx_word' id='word_1_685' title='bbox 1954 5414 2299 5502; x_wconf 81' lang='lat' dir='ltr'><strong>dicetmibi:</strong></span> <span class='ocrx_word' id='word_1_686' title='bbox 2333 5437 2448 5493; x_wconf 91' lang='lat' dir='ltr'><strong>hoc</strong></span> <span class='ocrx_word' id='word_1_687' title='bbox 2478 5437 2586 5498; x_wconf 88' lang='lat' dir='ltr'><strong>est,</strong></span> <span class='ocrx_word' id='word_1_688' title='bbox 2615 5431 2758 5487; x_wconf 89' lang='lat' dir='ltr'><strong>dum</strong></span> <span class='ocrx_word' id='word_1_689' title='bbox 2785 5423 3038 5498; x_wconf 87' lang='lat' dir='ltr'><strong>gloriam</strong></span> <span class='ocrx_word' id='word_1_690' title='bbox 3068 5422 3253 5488; x_wconf 89' lang='lat' dir='ltr'><strong>amat,</strong></span> <span class='ocrx_word' id='word_1_691' title='bbox 3269 5414 3615 5474; x_wconf 88' lang='lat' dir='ltr'><strong>etvirtutem</strong></span> 
     </span>
    </p>
   </div>
   <div class='ocr_carea' id='block_1_112' title="bbox 1955 5503 3619 5605">
    <p class='ocr_par' dir='ltr' id='par_1_112' title="bbox 1955 5503 3619 5605">
     <span class='ocr_line' id='line_1_114' title="bbox 1955 5503 3619 5605; baseline -0.019 -14"><span class='ocrx_word' id='word_1_692' title='bbox 1955 5535 2188 5605; x_wconf 86' lang='lat' dir='ltr'><strong>editper</strong></span> <span class='ocrx_word' id='word_1_693' title='bbox 2212 5541 2433 5584; x_wconf 90' lang='lat' dir='ltr'><strong>nomen</strong></span> <span class='ocrx_word' id='word_1_694' title='bbox 2456 5537 2668 5587; x_wconf 88' lang='lat' dir='ltr'><strong>meum,</strong></span> <span class='ocrx_word' id='word_1_695' title='bbox 2698 5528 3086 5590; x_wconf 88' lang='lat' dir='ltr'><strong>nequaquam</strong></span> <span class='ocrx_word' id='word_1_696' title='bbox 3114 5525 3211 5567; x_wconf 91' lang='lat' dir='ltr'><strong>me</strong></span> <span class='ocrx_word' id='word_1_697' title='bbox 3223 5503 3619 5565; x_wconf 80' lang='lat' dir='ltr'><strong>calumniabi-</strong></span> 
     </span>
    </p>
   </div>
   <div class='ocr_carea' id='block_1_113' title="bbox 1957 5597 3618 5680">
    <p class='ocr_par' dir='ltr' id='par_1_113' title="bbox 1957 5597 3618 5680">
     <span class='ocr_line' id='line_1_115' title="bbox 1957 5597 3618 5680; baseline -0.016 0"><span class='ocrx_word' id='word_1_698' title='bbox 1957 5632 2070 5680; x_wconf 90' lang='lat' dir='ltr'><strong>tur.</strong></span> <span class='ocrx_word' id='word_1_699' title='bbox 2086 5597 2388 5678; x_wconf 33' lang='lat' dir='ltr'><strong>“Permittit</strong></span> <span class='ocrx_word' id='word_1_700' title='bbox 2417 5617 2620 5672; x_wconf 88' lang='lat' dir='ltr'><strong>autem</strong></span> <span class='ocrx_word' id='word_1_701' title='bbox 2649 5613 2706 5668; x_wconf 88' lang='lat' dir='ltr'><strong>et</strong></span> <span class='ocrx_word' id='word_1_702' title='bbox 2723 5607 2817 5666; x_wconf 87' lang='lat' dir='ltr'><strong>his</strong></span> <span class='ocrx_word' id='word_1_703' title='bbox 2841 5609 2907 5664; x_wconf 91' lang='lat' dir='ltr'><strong>ut</strong></span> <span class='ocrx_word' id='word_1_704' title='bbox 2929 5600 3232 5664; x_wconf 87' lang='lat' dir='ltr'><strong>mirabilia</strong></span> <span class='ocrx_word' id='word_1_705' title='bbox 3255 5597 3618 5672; x_wconf 86' lang='lat' dir='ltr'><strong>Operentur:</strong></span> 
     </span>
    </p>
   </div>
  </div>
