4188 6420
271 379 385 437 825
1327 367 1700 429 COMMENT.
1743 366 1811 422 IN
1853 363 2190 423 MARCUM.
2233 397 2296 406 -—
2331 365 2492 422 CAP.
2536 365 2605 421 X.
3535 367 3640 430 826

273 510 562 581 ὠνόμασεν,
596 507 666 567 ὡς
696 507 929 577 εὑρήσεις
959 503 1009 556 ἐν
1046 510 1119 574 τῷ
1148 506 1365 574 πέμπτῳ
1406 497 1662 570 κεφαλαίῳ
1694 495 1874 561 αὐτοῦ,

2029 491 2301 564 postolos
2327 491 2514 550 salem
2543 491 2877 549 nominavit
2915 494 2984 556 ⁸⁷,
3024 492 3206 550 veluti
3235 492 3441 565 quinto
3472 492 3639 564 apud

267 600 408 672 μετὰ
487 600 606 658 τοὺς
681 597 1079 668 Μακαρισμούς,
1165 593 1283 644 ἔνθα
1363 593 1452 641 καὶ
1534 591 1875 659 φανερώτερον

2031 581 2157 637 lum
2229 583 2420 653 capite
2503 587 2638 653 post
2695 581 3096 637 Beatitudines
3168 582 3478 638 invenies:
3536 581 3637 637 ubi

269 687 650 761 ἐξηγησάμεθα
687 687 754 737 τὰ
779 689 895 758 περὶ
921 691 1008 736 τοῦ
1040 682 1248 742 οἷλατος.

2026 671 2160 727 tiam
2195 673 2567 728 manifestius
2598 671 3055 739 declaravimus,
3097 688 3235 744 quin
3275 671 3349 727 de
3388 671 3508 727 sale
3549 671 3640 727 di-

1986 766 2219 818 cuntur.

348 882 538 952 ’Ἑχετε
569 911 628 920 —-
662 877 710 930 ἐν
755 877 1010 940 ἀλλήλοις.
1053 876 1214 938 Ἀλας
1258 875 1484 948 ἀγάπης,
1537 877 1755 946 συνέχον
1787 877 1876 925 καὶ

2054 853 2214 908 Vers.
2253 856 2335 908 50.
2364 852 2580 908 Habete
2603 882 2672 893 -—
2709 852 2867 907 inter
2905 867 3024 908 vos.
3068 852 3266 908 Salem
3304 850 3638 908 dilectionis

273 940 665 1044 συσφῖηονείς
696 969 955 1042 ὁμόνοιαν,
1300 940 1312 948 ’
1473 940 1478 943 ⁷
1656 940 1696 946 ⁷⁷
1985 943 2198 1044 quiuin
2248 957 2436 997 unum
2488 941 2772 1040 continet,
2817 945 2870 997 et
2921 941 2998 997 ad
3050 940 3340 998 unitatem
3397 945 3454 998 et
3500 956 3642 997 con-

1985 1031 2251 1088 cordiam
2291 1030 2657 1100 constringit.

2056 1121 2271 1176 Dicitur
2300 1135 2536 1192 quoque
2577 1118 2685 1187 sal,
2721 1117 3042 1192 prudentia.
3072 1122 3128 1175 et
3167 1119 3397 1189 gratia:
3431 1133 3636 1191 quem-

1987 1210 2316 1267 admodum
2343 1209 2486 1266 dicit
2523 1209 2777 1265 Paulus:
2816 1208 3011 1266 Sermo
3053 1214 3240 1267 vester
3277 1224 3504 1278 semper
3539 1222 3643 1279 per

1985 1301 2233 1371 gratiam
2263 1300 2386 1355 sale
2423 1299 2750 1357 condiatur
2789 1299 2856 1354 ⁸⁸.

350 1175 574 1242 Λέγεται
599 1164 660 1221 δὲ
684 1167 812 1228 ἅλας
839 1171 929 1218 καὶ
967 1167 997 1224 ἡ
1033 1167 1240 1226 σύνεσις
1283 1169 1372 1217 καὶ
1412 1165 1594 1237 χάρις,
1628 1165 1691 1223 ὡς
1741 1168 1880 1214 Παῦ-

268 1261 358 1320 λὸς
402 1279 584 1332 φησιν·
625 1257 684 1310 Ὀ
729 1257 876 1328 λόγος
937 1257 1078 1329 ὑμῶν
1129 1255 1348 1307 πάντοτε
1392 1251 1439 1305 ἐν
1478 1255 1685 1326 χάριτι,
1730 1251 1879 1303 ἅλατι

270 1368 578 1426 ηρτυμενος.

273 1465 422 1513 lii-24>.
491 1455 618 1511 ΚΗ.
698 1459 823 1528 Περὶ
891 1460 990 1505 τῶν
1051 1451 1504 1526 ἐπερωτησάντων,
1581 1449 1623 1501 εἰ
1683 1448 1877 1511 ἔξεστιν

2026 1446 2138 1498 ΑΡ.
2177 1443 2406 1498 XXVIII.
2449 1444 2524 1499 De
2551 1442 2640 1498 his
2679 1444 2785 1513 qui
2819 1441 3257 1513 interrogabant
3294 1441 3637 1506 Dominum,

745 1543 1004 1596 ἀπολῦσαι
1032 1547 1125 1600 τὴν
1149 1549 1373 1612 γυναῖκα
1401 1556 1413 1605 ;

2162 1551 2242 1588 an
2271 1534 2466 1588 liceret
2494 1549 2626 1588 cum
2655 1547 2839 1589 uxore
2862 1532 3184 1588 divortium
3219 1533 3412 1590 facere
3438 1530 3466 1584 ‘l

345 1655 594 1710 Κάκεῖθεν
636 1651 864 1711 ἀναστὰς
894 1683 961 1690 -
995 1645 1286 1723 Ἰορδάνου.
1327 1649 1421 1700 Διὰ
1451 1647 1562 1719 (64)
1594 1653 1684 1697 τοῦ
1719 1649 1875 1697 τόπου

2058 1623 2215 1677 CAP.
2255 1625 2311 1676 X.
2343 1623 2498 1676 Vers.
2533 1623 2585 1677 1.
2619 1623 2842 1677 Etcum
2873 1621 3008 1678 inde
3035 1621 3390 1676 surrexisset
3413 1649 3478 1658 —
3503 1620 3644 1674 Jor-

1987 1715 2222 1770 danem.
2251 1713 2336 1782 ﬂ-
2360 1712 2467 1766 Per
2495 1713 2693 1767 locum
2725 1710 2828 1782 qui
2858 1716 2945 1766 est
2973 1715 3134 1766 trans
3155 1709 3496 1765 Iordanem.

2059 1802 2221 1857 Vers.
2277 1803 2328 1855 1.
2384 1801 2457 1855 Et
2515 1802 2862 1856 conveniunt
2897 1831 2965 1840 —
3019 1798 3178 1853 Vers.
3225 1803 3279 1852 2.
3357 1800 3643 1853 tentantes

1988 1908 2132 1948 eum.
2150 1893 2356 1956 Quaere
2371 1888 2896 1962 quadragesimum
2924 1892 3104 1960 caput
3125 1886 3405 1957 Evangeli
3435 1901 3641 1942 secun-

1988 1981 2132 2037 dum
2167 1979 2528 2035 Matthaaum.
2603 2025 2606 2028 .

2062 2071 2222 2125 Vers.
2249 2071 2301 2124 3.
2336 2069 2450 2124 Ille
2471 2071 2656 2123 autem
2688 2098 2756 2107 —
2785 2068 2945 2122 Vers.
2988 2065 3039 2120 4.
3083 2065 3400 2121 dimittere.
3444 2068 3508 2120 In
3546 2063 3645 2120 illo

261 1755 358 1799 τοῦ
391 1750 551 1817 πέραν
579 1750 674 1795 τοῦ
694 1737 984 1814 Ἰορδάνου.

342 1840 444 1888 Καὶ
505 1834 921 1906 συμπορεύονται
995 1861 1064 1868 —
1118 1827 1449 1902 πειράζοντες
1518 1825 1693 1882 αὐτόν.
1775 1829 1952 1912 ΖήοΒ

264 1945 427 1983 τησον
485 1926 546 1975 τὸ
603 1922 1028 1995 τεσσαρακοστὸν
1080 1917 1352 1991 κεφάλαιον
1409 1923 1500 1968 τοῦ
1556 1918 1691 1967 κατὰ
1732 1921 1875 1968 Ματ-

276 2018 442 2068 θαὶον.

347 2102 407 2153 Ὀ
454 2098 510 2153 δὲ
569 2131 637 2139 -
677 2096 958 2153 ἀπολῦσαι.
1008 2097 1094 2151 Ἐν
1149 2094 1322 2167 ἐκείνῳ
1374 2099 1464 2147 καὶ
1523 2098 1635 2168 περὶ
1687 2095 1879 2146 τούτων

291 2194 507 2264 εἶρηται.

2027 2159 2186 2231 apite
2208 2160 2282 2214 de
2306 2159 2394 2213 his
2419 2173 2658 2229 quoque
2696 2155 2924 2212 dictum
2963 2159 3071 2211 est.

369 2283 471 2331 Καὶ
529 2278 815 2352 ἀποκριθεὶς
888 2307 957 2316 -
1027 2277 1052 2328 ὁ
1111 2279 1257 2336 Θεὸς.
1330 2272 1555 2346 Ὁμοίως
1624 2277 1713 2323 καὶ
1765 2275 1880 2344 περὶ

2063 2248 2226 2305 Vers.
2262 2253 2310 2304 5.
2343 2246 2702 2316 Respondeas
2726 2250 2917 2302 autem
2955 2275 3022 2285 -—
3053 2245 3218 2300 Vers.
3257 2242 3311 2298 6.
3344 2243 3516 2301 Deus.
3554 2241 3647 2298 Si-

296 2371 489 2420 τούτων
499 2413 510 2424 ,

2026 2339 2207 2394 uiliter
2245 2342 2301 2393 et
2325 2337 2400 2392 de
2429 2337 2539 2392 his.

361 2456 548 2510 Ἕνεκεν
594 2459 781 2510 τούτου
843 2487 908 2496 —
950 2457 1243 2529 χωριζέτω.
1295 2453 1562 2514 Ὡσαύτως
1624 2457 1713 2504 καὶ
1765 2456 1882 2524 περὶ

2061 2429 2224 2484 Vers.
2245 2433 2296 2481 7.
2323 2427 2576 2496 Propter
2592 2426 2702 2482 hoc
2723 2455 2789 2465 —
2811 2424 2976 2480 Vers.
2999 2423 3053 2480 9.
3085 2425 3330 2492 separet.
3366 2422 3551 2492 lEque
3589 2423 3646 2476 et

277 2551 490 2602 τούτων.

2026 2535 2066 2574 .e
2091 2519 2183 2573 his
2221 2522 2420 2574 actum
2462 2521 2573 2581 est,

346 2642 450 2691 Καὶ
484 2636 534 2690 ἐν
569 2644 632 2710 τῇ
681 2635 824 2708 οἰκίᾳ
867 2667 932 2676 —
983 2635 1156 2688 αὐτόν.
1207 2637 1330 2706 Περὶ
1377 2640 1467 2685 τοῦ
1509 2631 1666 2684 αὐτοῦ
1718 2631 1879 2691 ζητη-

2060 2604 2225 2659 Vers.
2269 2603 2355 2658 1ο.
2397 2601 2472 2657 Et
2514 2601 2574 2656 in
2613 2600 2784 2657 domo
2824 2630 2892 2640 —
2937 2613 3084 2656 eum.
3139 2600 3218 2654 De
3264 2596 3378 2654 hac
3430 2595 3646 2653 eadem

265 2747 451 2800 ματος.

2026 2693 2336 2766 '_uaastione.

2062 2785 2224 2840 Vers.
2292 2783 2377 2837 11.
2429 2782 2504 2836 Et
2550 2781 2632 2836 ait
2670 2811 2738 2820 —
2789 2779 3070 2836 adversus
3126 2791 3276 2842 eam,
3331 2775 3649 2833 Mmchatur

1992 2873 2273 2929 adversus
2304 2887 2461 2938 eam,
2494 2869 2766 2926 videlicet
2804 2867 3140 2924 inducendo
3163 2866 3431 2922 alteram.

2064 2963 2228 3018 Vers.
2265 2965 2346 3016 12.
2390 2963 2452 3016 Et
2489 2961 2541 3016 si
2567 2991 2638 3001 —
2694 2959 3008 3015 moechatur
3056 2955 3352 3012 Matthaeus
3383 2969 3523 3010 vero
3569 2952 3648 3010 ad

1993 3051 2319 3106 Pharisaeos
2336 3049 2462 3105 haac
2481 3064 2607 3104 esse
2629 3048 2786 3103 dicta
2808 3047 2910 3113 ait,
2935 3045 3168 3102 addens
3185 3045 3384 3108 etiam,
3400 3041 3647 3115 quando

1996 3139 2184 3211 possit
2220 3139 2372 3194 ﬁerit
2410 3137 2755 3193 divortium.

1927 3207 1968 3264 C
1996 3207 2013 3211 _
2066 3227 2394 3283 Verisimile
2407 3231 2607 3282 autem
2622 3224 2982 3296 estprimum
3006 3221 3083 3279 ad
3101 3218 3647 3292 illos,postmodum

1997 3333 2132 3374 vero
2163 3315 2243 3371 ad
2280 3313 2600 3385 discipulos
2629 3329 2702 3368 ea
2732 3311 2969 3367 dixisse.

2068 3407 2236 3462 Vers.
2276 3409 2358 3460 13.
2392 3405 2469 3458 Et
2505 3403 2813 3473 o/ferebant
2844 3431 2911 3441 —
2939 3400 3100 3456 Vers.
3149 3403 3231 3454 14.
3270 3398 3398 3454 Dei.
3445 3400 3522 3452 De
3556 3395 3650 3452 his

346 2823 447 2870 Καὶ
474 2816 616 2888 λέγει
645 2846 713 2856 -
731 2815 808 2868 ἐπ’
831 2814 1012 2872 αύτήν.
1039 2815 1429 2887 Μοιχεύειπρὸς
1446 2812 1628 2878 αύτην,
1647 2808 1878 2878 δηλαδὴ,

267 2911 365 2964 τὴν
394 2905 718 2959 ἐπείσακτον.

347 3001 451 3048 Καὶ
509 2994 594 3046 ἐὰν
649 3026 716 3034 -
755 2998 1033 3066 μοιχᾶται.
1096 2991 1154 3044 ’0
1204 2988 1261 3044 δε
1291 2993 1555 3052 Ινῐατθαίος
1588 2994 1718 3065 πρὸς
1765 3010 1886 3052 τους

272 3090 601 3160 Φαρισαίους
626 3085 851 3159 ῥηθῆναι
880 3087 969 3135 καὶ
997 3083 1164 3134 ταύτά
1196 3101 1345 3153 φησι,
1379 3083 1620 3153 προσθεὶς
1646 3086 1734 3132 καὶ
1765 3085 1887 3132 ποτε

276 3171 365 3227 δεῖ
392 3173 655 3227 ἀπολύειν.

352 3264 508 3325 Εἰκὸς
558 3260 617 3315 δὲ
663 3267 752 3314 καὶ
798 3265 929 3336 πρὸς
971 3260 1193 3323 ἐκείνους
1232 3269 1457 3333 πρῶτον,
1503 3263 1592 3311 καὶ
1619 3261 1745 3332 πρὸς
1772 3262 1887 3319 τοὺς

279 3354 523 3426 μαθητὰς
552 3351 766 3426 ὕστερον
806 3351 962 3403 εἰπεῖν
989 3351 1138 3403 αύτά.

360 3447 460 3495 Καὶ
509 3445 821 3515 προσέφερον
873 3471 942 3480 -
1003 3447 1093 3492 τοῦ
1143 3448 1295 3493 Θεοῦ.
1359 3441 1575 3512 Εἴρηται
1623 3442 1712 3490 καὶ
1770 3442 1888 3512 περὶ
2076 3441 2236 3515 ζξξῗς
2280 3441 2467 3515 “’J‘fj'
2505 3441 2822 3515 "”°':"f"";
2956 3441 3114 3515 ""3.
3149 3441 3231 3515 τ’
3270 3441 3411 3515 ⁸⁵ης,

362 3488 460 3495 --η-
513 3488 811 3515 --Γ---τ-Γ--
1149 3488 1295 3493 νη--
1359 3488 1573 3512 -γηρρρ
1775 3488 1882 3512 κγ

281 3535 478 3584 τούτων
531 3529 759 3605 ἀκριϐῶς
824 3528 907 3582 ἐπὶ
963 3528 1135 3590 τέλους
1186 3537 1278 3582 τοῦ
1348 3526 1665 3589 δηλωθέντος
1739 3547 1889 3600 κεφα-

2031 3494 2294 3552 ubtiliter
2322 3494 2548 3550 dictum
2583 3497 2670 3548 est
2697 3490 2758 3546 in
2787 3489 2906 3546 ﬁne
2933 3488 3200 3562 praedicti
3235 3488 3467 3559 capitis.

278 3621 432 3673 λαίου
443 3662 454 3674 .

353 3710 519 3782 Ἀμὴν
549 3740 616 3750 ——
652 3708 719 3769 εἰς
754 3708 934 3767 αὐτὴν.
977 3711 1136 3763 Τοῦτό
1187 3727 1316 3780 φησι
1368 3713 1456 3760 καὶ
1512 3714 1742 3771 Λουκᾶς.
1796 3715 1890 3761 Βα-

2072 3694 2232 3748 Vers.
2271 3692 2352 3747 15.
2380 3690 2567 3746 Amen
2602 3719 2664 3729 —
2693 3688 2758 3744 in
2793 3687 2966 3744 illud.
3011 3688 3130 3742 Hoc
3168 3683 3309 3740 dicit
3343 3687 3399 3738 et
3440 3683 3648 3738 Lucas.

279 3800 480 3852 σιλείαν
521 3795 579 3850 δὲ
623 3806 715 3850 τοῦ
759 3803 884 3850 Θεοῦ
914 3806 1002 3849 νῦν
1041 3797 1176 3869 λέγει
1215 3801 1271 3849 τὸ
1311 3804 1561 3870 κήρυγμα
1598 3807 1690 3860 τῆς
1733 3797 1888 3870 βασι-

2026 3788 2267 3853 tegnum
2299 3785 2500 3837 autem
2535 3779 2633 3834 Dei
2653 3784 2831 3834 vocat
2850 3777 2945 3832 hic
2967 3775 3453 3848 prmdicationem
3484 3769 3651 3841 regni

274 3889 421 3948 λείας
475 3907 568 3940 του
622 3895 773 3949 Θεοῦ,
829 3888 854 3939 ὃ
899 3886 1185 3962 ἐκήρυσσεν
1245 3887 1420 3948 αύτός.
1473 3886 1657 3949 Ὅστις
1695 3884 1780 3939 οὖν
1829 3887 1887 3939 ού

2026 3873 2120 3939 )ei,
2148 3889 2322 3946 quam
2351 3871 2476 3942 ipse
2490 3867 2852 3941 praedicavit.
2871 3865 3148 3937 Quisquis
3171 3878 3313 3933 ergo
3339 3862 3502 3917 illam
3528 3874 3651 3916 non

276 3975 488 4041 δέξεται
536 3977 686 4045 αὐτὸ,
733 3979 797 4037 ὡς
837 3973 1072 4043 παιδίον,
1121 3980 1302 4047 ἤγουν,
1352 3973 1518 4049 μηδὲν
1561 3974 1888 4049 διακρινόμε-

2036 3962 2346 4034 usceperit,
2380 3963 2444 4016 ut
2483 3973 2644 4031 puer,
2676 3955 2950 4012 videlicet
2979 3953 3121 4009 nihil
3152 3953 3225 4008 de
3257 3968 3328 4008 ea
3365 3951 3650 4007 haesitans

273 4088 380 4134 νος,
425 4063 564 4138 μηδὲ
603 4064 933 4139 ἀμφιϐάλλων
983 4071 1098 4140 περὶ
1131 4065 1305 4127 αὐτοῦ,
1350 4042 1408 4117 ού
1453 4070 1524 4137 μὴ
1573 4042 1775 4139 εἰσέλθῃ
1803 4042 1887 4127 ἐἰς

2026 4056 2102 4108 tut
2129 4050 2436 4113 dubitans,
2467 4061 2847 4119 nequaquam
2888 4042 3137 4099 intrabit
3176 4042 3250 4098 ad
3277 4057 3436 4098 eam.

275 4157 447 4214 αὐτὴν
457 4196 469 4208 .

356 4251 461 4299 Καὶ
513 4243 978 4316 ἐνάγκαλισάμενος
1029 4275 1096 4285 -
1126 4245 1280 4297 αὐτοὶ.
1329 4247 1428 4295 Καὶ
1461 4249 1577 4316 περὶ
1608 4247 1799 4296 τούτων
1829 4249 1887 4297 τὸ

2069 4248 2233 4302 Vers.
2272 4244 2356 4299 16.
2391 4245 2467 4300 Et
2496 4243 2863 4313 amplexatus
2892 4269 2945 4281 —
2977 4237 3121 4292 illis.
3164 4236 3243 4290 De
3283 4234 3378 4290 his
3407 4248 3651 4306 quoque

273 4336 422 4395 τέλος
451 4342 542 4386 τοῦ
559 4336 793 4386 τοιούτου
815 4334 1092 4406 κεφαλαίου
1126 4331 1364 4397 διέξεισι.

2026 4336 2132 4392 inis
2163 4335 2319 4391 illius
2358 4333 2568 4406 capitis
2612 4331 2866 4386 disserit.

279 4447 434 4497 ΚΕΦ.
494 4439 620 4495 ΚΘ’.
681 4445 804 4514 Περὶ
868 4448 961 4492 τοῦ
1018 4440 1438 4516 ἐπερωτήσαντος
1493 4445 1744 4499 πλουσίου
1804 4453 1888 4500 τὸν

2026 4445 2151 4502 :AP.
2202 4445 2376 4502 XXIX.
2434 4443 2514 4497 De
2579 4440 2758 4497 divite
2817 4436 2916 4510 qui
2975 4436 3170 4492 Jesum
3230 4429 3644 4502 interrogabat.

975 4529 1199 4589 Ἰησοῦν.
1919 4561 1966 4617 D

354 4644 458 4693 Καὶ
509 4637 907 4711 ἐκπορευομένου
954 4669 1008 4678 -
1062 4638 1472 4713 κ).ηρονομήσω;
1508 4643 1728 4716 Εἴρηται
1771 4651 1889 4720 περὶ

2069 4645 2228 4698 Vers.
2274 4641 2356 4696 17.
2399 4639 2475 4694 Et
2513 4651 2736 4710 egresso
2775 4667 2843 4676 —
2889 4630 3258 4704 possideam?
3297 4630 3524 4686 Dictum
3564 4631 3652 4684 est

274 4732 467 4782 τούτου
502 4727 549 4778 ἐν
592 4735 661 4798 τῷ
691 4734 1096 4801 τεσσαρακοστῷ
1131 4734 1316 4800 πρώτῳ
1347 4729 1602 4803 κεφαλαίῳ
1633 4741 1724 4784 τοῦ
1755 4719 1890 4786 κατὰ

2026 4735 2072 4790 le
2093 4733 2208 4789 hoc
2224 4729 2685 4804 quadragesimo
2704 4725 2897 4799 primo
2919 4723 3110 4796 capite
3133 4719 3652 4791 Evangeliisecun-

272 4820 553 4872 Ματθαίον
565 4860 575 4871 .

2026 4824 2146 4879 lum
2186 4820 2546 4888 Matthaeum,

347 4908 408 4959 Ὀ
441 4904 501 4959 δὲ
521 4908 730 4967 Ἰησοῦς
756 4935 819 4944 --
839 4906 865 4957 ὁ
889 4910 1042 4967 Θεὸς.
1072 4904 1158 4959 Ἐν
1185 4905 1358 4980 ἐκείνῳ
1382 4919 1556 4982 σαφῶς
1578 4914 1640 4964 τὰ
1658 4917 1888 4986 παρόντα

2073 4912 2236 4968 Vers.
2277 4911 2358 4966 18.
2411 4907 2575 4964 Iesus
2621 4913 2810 4963 autem
2843 4935 2912 4944 —
2942 4904 3118 4958 Deus-
3155 4901 3218 4955 In
3248 4898 3460 4954 codem
3516 4895 3650 4954 loco

276 4994 656 5071 διηκρίϐωται.

2026 5018 2126 5058 uec
2157 4998 2468 5055 manifcste
2507 5011 2577 5051 ac
2606 4994 2918 5065 diligenter
2949 4991 3286 5046 examinata
3312 4990 3467 5042 sunt.

347 5089 452 5146 Τὰς
535 5084 738 5145 ἐντολὰς
819 5115 888 5123 -
981 5088 1217 5148 νεότητός
1295 5107 1416 5160 μου.
1507 5089 1726 5163 Ὀμοίως
1799 5099 1888 5147 καὶ

2074 5093 2228 5145 Vers.
2272 5089 2357 5142 19.
2400 5088 2698 5154 Praecepta
2737 5113 2804 5125 --
2850 5083 3015 5137 Vers.
3059 5083 3146 5134 20.
3203 5077 3462 5147 infantia
3500 5090 3646 5133 mea.

272 5184 469 5231 ταῦτα.

2026 5179 2276 5238 ἱὶωἱὶὶῑθτ
2305 5184 2360 5232 et
2395 5176 2547 5232 haec.

347 5266 407 5317 Ὀ
465 5261 522 5317 δὲ
575 5264 784 5324 Ἰησοῦς
835 5291 898 5305 —
957 5262 1128 5317 αὐτόν.
1185 5263 1322 5319 Ἐκεῖ
1380 5273 1658 5322 καὶτοῦτο
1711 5267 1888 5326 διασε-

2067 5272 2213 5326 Vers
2273 5270 2368 5324 21.
2406 5267 2563 5324 Iesus
2585 5277 2807 5322 vero—
2837 5276 2992 5318 eum.
3029 5257 3114 5314 Ibi
3136 5271 3378 5330 quoque
3407 5255 3520 5313 hoc
3551 5254 3651 5312 de-

275 5357 536 5427 σάφηταμ

2026 5361 2293 5420 :laratum
2331 5360 2436 5414 est.

347 5481 393 5516 ⁸⁷
418 5479 619 5537 Matth.
653 5495 707 5546 v,
739 5479 824 5535 13.
903 5478 950 5515 ⁸⁸
974 5477 1195 5536 Coloss.
1223 5479 1302 5546 Iv,
1329 5485 1380 5544 6,

1480 5607 1705 5679 Variae
1736 5610 2061 5681 lectiones
2090 5619 2155 5678 et
2196 5616 2399 5676 notae.

345 5747 464 5821 (64)
490 5749 610 5805 Hoc
639 5745 864 5806 scholio
894 5746 1136 5805 carebat
1165 5747 1512 5807 Hentenius.
1535 5750 1715 5824 Igitur
1734 5771 1944 5814 versus
1969 5755 2200 5829 primus
2226 5756 2282 5810 et
2321 5748 2619 5808 secundus
2643 5746 2831 5820 juncti
2861 5745 3049 5803 erant.
