4188 6446
574 413 678 470 827
1918 401 2263 459 EUTHYMII
2300 400 2598 460 ZIGABEN
2605 404 2625 460 Ι

643 539 804 595 Vers.
845 540 935 594 2t.
963 535 1037 592 Et
1075 535 1158 591 ait
1182 564 1246 575 -—
1283 549 1504 606 sequere
1540 550 1644 592 me.
1694 531 1974 589 Similiter
2001 533 2059 586 et
2087 527 2216 584 ista.
2249 526 2295 581 A

640 734 802 788 Vers.
843 731 931 786 2t.
973 730 1201 786 Sublata
1237 747 1396 785 cruce
1438 730 1556 785 Hoc
1594 732 1701 793 est,
1744 726 1982 783 interitu
2010 740 2226 782 carna-

569 823 642 880 lis
696 822 1044 886 voluntatis,
1099 820 1473 892 depositione
1532 817 1842 875 afﬁcientis
1889 833 1997 872 nos
2054 815 2224 871 volu-

568 914 749 986 ptatis
783 930 794 969 :
831 928 1014 968 sensu
1054 911 1218 967 fortis
1249 909 1494 972 doloris,
1531 907 1705 972 fastu,
1747 908 1850 981 qui
1880 911 2158 964 causatur
2188 923 2225 964 a

569 1003 819 1059 terrenis
868 1003 943 1071 (Ζ)
959 1044 972 1058 .

641 1093 918 1148 Vers.?2.
957 1091 1059 1145 Ait
1091 1090 1182 1144 ille
1212 1121 1280 1129 —
1312 1088 1506 1144 multas
1531 1089 1902 1160 possessiones.
1934 1087 2123 1144 Etiam
2151 1086 2222 1142 de

568 1181 666 1240 his
697 1181 920 1237 ibidem
952 1195 1179 1253 quaere.

642 1273 801 1326 Vers.
857 1275 948 1327 23.
1011 1271 1245 1340 Cumque
1293 1269 1754 1340 circumspexisset
1793 1297 1862 1310 —
1901 1265 2212 1322 intrabunt.

572 1363 690 1416 Hoc
711 1360 852 1416 dicit
881 1366 936 1416 et
964 1361 1177 1416 Lucas.

641 1452 738 1505 Est
766 1454 964 1506 autem
996 1457 1120 1514 πῶς,
1153 1449 1343 1521 (quod
1373 1449 1437 1504 in
1466 1463 1645 1519 quam
1676 1445 1983 1516 vertimus)
2012 1445 2227 1502 conﬁr-

567 1539 853 1594 mativum
898 1555 909 1593 :
940 1538 1052 1594 hoc
1083 1543 1190 1604 est,
1221 1553 1378 1594 vere.
1413 1536 1705 1594 Habentes
1733 1551 1892 1598 vero,
1927 1536 2048 1591 sive
2090 1535 2221 1590 reti-

565 1633 792 1684 nentes.
827 1630 972 1684 Nam
1003 1627 1108 1699 qui
1153 1627 1506 1692 recondunt,
1540 1641 1926 1698 nequaquam
1957 1630 2220 1679 utuntur.

567 1723 823 1792 Χρήματα
849 1722 1047 1772 autem
1071 1720 1204 1788 (pro
1234 1731 1356 1788 quo
1386 1717 1677 1771 habemus
1697 1714 2002 1784 pecunias)
2024 1714 2225 1769 dicun-

570 1812 663 1862 tur
703 1806 803 1858 ἀπὸ
851 1814 942 1858 τοῦ
979 1808 1242 1880 χρῆσθαι,
1295 1806 1407 1861 hoc
1455 1811 1561 1870 est,
1601 1805 1672 1859 ab
1710 1803 2090 1871 expendenda
2134 1803 2225 1858 vel

3838 409 3949 465 828

2405 533 2504 582 Καὶ
2580 526 2713 582 εἶπεν
2799 562 2867 572 -
2956 528 3226 582 ἀκολούθει
3313 546 3424 600 μοι.
3506 527 3774 593 Ὡσαύτως
3853 538 3946 586 καὶ

2331 626 2518 671 ταῦτα.

2404 732 2564 800 Ἀρας
2626 730 2710 779 τόν
2766 730 3008 800 σταυρόν.
3063 729 3168 784 Τὴν
3228 723 3491 796 ἀναίρεσιν
3546 733 3638 778 τοῦ
3687 737 3946 802 σαρκικοῦ

2337 815 2636 887 θελήματος,
2695 821 2784 868 καὶ
2839 821 2930 874 τὴν
2973 813 3230 872 ἀποϐολὴν
3273 823 3370 876 τῆς
3413 813 3678 886 έμπαθοῦς
3721 813 3942 883 ἡδονῆς,

2333 910 2422 958 καὶ
2444 910 2536 964 τὴν
2559 908 2808 964 αἴσθησιν
2830 913 2925 966 τῆς
2955 904 3192 977 ἐναρέτου
3224 901 3432 970 ὀδύνης,
3464 909 3556 957 καὶ
3587 910 3681 964 τὴν
3714 905 3815 958 ἀπὸ
3841 916 3943 959 τῶν

2331 999 2522 1066 γηῖνων
2549 995 2774 1066 ὖψωσιν,

2400 1085 2459 1136 Ὀ
2489 1081 2547 1138 δε
2583 1116 2650 1126 -
2679 1091 2922 1157 κτήματα
2947 1082 3130 1138 πολλα.
3178 1087 3278 1136 Καὶ
3310 1087 3426 1158 περὶ
3467 1086 3663 1137 τούτων
3690 1084 3740 1138 έν
3769 1086 3942 1158 ἐκείνῳ

2335 1176 2590 1237 ζήτησον.

2407 1270 2506 1318 Καὶ
2557 1263 2994 1339 περιϐλεψάμενος
3043 1294 3107 1305 --
3159 1262 3558 1320 εἰσελεύσονται.
3608 1270 3772 1318 Τοῦτό
3811 1286 3945 1339 φησι

2332 1361 2422 1408 καὶ
2453 1361 2681 1416 Λουκᾶς.

2405 1444 2563 1500 Ἐστι
2619 1440 2678 1496 δι
2726 1445 2784 1495 τὸ
2841 1449 2945 1503 πῶς
2989 1440 3350 1515 βεϐαιωτικὸν,
3397 1440 3512 1495 ἀντὶ
3555 1451 3668 1513 τοῦ,
3715 1442 3942 1507 ἀληθῶς.

2334 1537 2399 1586 Oi
2429 1536 2638 1605 ἔχοντες
2682 1529 2760 1598 δε,
2810 1535 2993 1602 ἤγουν,
3034 1533 3082 1583 οἱ
3125 1535 3448 1602 κατέχοντες,
3496 1534 3545 1584 οἱ
3593 1535 3940 1605 ταμιεύοντες,

2333 1623 2391 1676 ου
2422 1627 2524 1695 μὴν
2550 1625 2599 1674 οἱ
2627 1629 2910 1696 χρώμενοι.
2945 1626 3205 1693 Χρήματα
3232 1623 3330 1695 γὰρ
3365 1619 3697 1693 όνομάξονται
3725 1619 3819 1674 διὰ
3847 1627 3944 1680 τὴν

2334 1721 2555 1785 χρῆσιν,
2590 1718 2678 1763 καὶ
2707 1715 2815 1784 χρὴ
2850 1712 3053 1771 πάντως
3096 1711 3340 1782 χρῆσθαι
3370 1713 3571 1770 τούτοις
3600 1711 3671 1772 εἰς
3701 1708 3836 1776 δέον,
3875 1715 3936 1763 οὐ

2335 1807 2436 1875 μὴν
2469 1799 2772 1854 ἀποκλείειν.

569 1898 972 1961 consumendo,
1007 1903 1247 1968 propter
1267 1905 1488 1968 χρῆσιν,
1517 1894 1576 1950 id
1604 1900 1708 1958 est,
1741 1909 1935 1957 usum,
1958 1893 2118 1964 quod
2149 1893 2241 1948 his
2280 1893 2530 1950 omnino
2573 1891 2651 1946 uti
2682 1893 2953 1962 oporteat
2983 1887 3058 1944 ad
3085 1903 3156 1944 ea
3194 1904 3324 1961 qua:
3361 1903 3505 1961 opus
3527 1893 3680 1951 sunt,
3709 1892 3766 1943 et
3808 1903 3925 1942 non

567 1986 893 2042 recludere.

639 2075 802 2130 Vers.
826 2076 913 2130 24.
931 2075 1226 2145 Discipuli
1237 2090 1372 2131 vero
1405 2104 1469 2114 —
1499 2074 1836 2144 ipsius.Cur
1853 2072 2226 2129 admiraren-

570 2169 686 2228 tur,
718 2164 900 2236 paulo
930 2170 1067 2238 post
1092 2165 1350 2220 dicturus
1380 2168 1489 2220 est.

641 2255 803 2309 Vers.
850 2254 937 2308 24.
969 2255 1134 2311 Jesus
1174 2260 1370 2310 autem
1412 2285 1477 2294 —
1517 2252 1959 2323 ingrediantur.
2007 2251 2229 2309 Eodem

570 2343 754 2399 modo
785 2343 875 2398 hic
904 2343 1248 2413 intelligitur
1271 2342 1450 2398 dictio
1481 2350 1605 2409 πῶς,
1637 2357 1843 2414 quam.

639 2432 801 2488 Vers.
833 2434 922 2487 25.
954 2432 1223 2488 Facilius
1251 2438 1332 2488 est
1363 2463 1430 2471 —
1456 2432 1722 2487 introire.
1760 2433 1836 2485 De
1866 2430 1959 2486 his
1985 2445 2228 2503 quoque

570 2525 752 2592 caput
781 2521 926 2576 illud
955 2521 1211 2577 disserit.

639 2610 804 2666 Vers.
831 2610 919 2665 26.
953 2611 1058 2666 Illi
1084 2625 1220 2666 vero
1252 2640 1320 2652 —
1345 2609 1542 2666 salvus
1569 2610 1703 2678 ﬁeri
1723 2610 1751 2664 ?
1779 2611 1942 2674 Ecce,
1975 2624 2226 2664 causam

571 2700 751 2757 etiam
783 2700 1016 2756 addidit
1044 2698 1456 2755 admirationis
1489 2715 1554 2754 ac
1585 2698 1866 2770 stuporis.

644 2793 802 2846 Vers.
837 2793 925 2844 27.
960 2788 1210 2843 Intuitus
1249 2819 1316 2828 —
1353 2787 1508 2858 apud
1547 2788 1751 2842 Deum.
1794 2787 2024 2842 Dictum
2057 2793 2144 2843 est
2169 2792 2227 2844 et

573 2880 648 2937 de
678 2880 767 2934 his
798 2877 906 2934 ibi.

646 2970 804 3024 Vers.
842 2970 928 3023 28.
980 2966 1158 3038 Coepit
1185 2999 1253 3008 —-
1281 2968 1462 3024 secuti
1486 2981 1685 3022 sumus
1716 2972 1789 3022 te.
1840 2965 2129 3024 Praeterea
2170 2976 2226 3024 et

574 3058 649 3114 de
675 3057 796 3115 his.

645 3148 815 3202 Vers.
869 3145 962 3203 29.
1013 3145 1384 3215 Respondens
1438 3175 1502 3188 ——
1545 3145 1707 3202 Vers.
1755 3148 1848 3202 30.
1903 3152 2214 3205 aeternam.

574 3236 797 3294 Horum
845 3235 1117 3292 similiter
1155 3235 1428 3290 omnium
1481 3235 1553 3292 ad
1602 3234 1894 3292 amussim
1941 3235 2085 3292 data
2135 3241 2224 3292 est

572 3325 1002 3398 interpretatio.

643 3419 785 3482 Quas
808 3420 1004 3471 autem
1020 3429 1178 3470 nunc
1192 3413 1246 3469 in
1265 3414 1532 3472 secunda
1550 3415 1999 3471 enumeratione
2020 3414 2221 3471 relicta

571 3513 728 3572 sunt,
762 3522 832 3561 ea
862 3504 1165 3562 brevitatis
1197 3520 1401 3570 causa,
1448 3509 1504 3560 et
1535 3505 1707 3576 quasi
1729 3506 1859 3576 jam
1890 3511 2052 3570 nota,
2087 3509 2226 3560 sunt

572 3595 995 3668 praetermissa.

645 3687 803 3740 Vers.
853 3683 942 3737 31.
989 3681 1169 3738 Mulli
1192 3687 1384 3738 autem
1421 3712 1487 3723 —
1508 3682 1706 3750 primi.
1738 3684 1803 3738 Et
1833 3682 1906 3738 de
1954 3682 2044 3738 his
2092 3682 2224 3754 pari

573 3771 786 3827 modo.

647 3858 1543 3915 Vers.3t.Ascendebantautem
1564 3858 1620 3914 in
1651 3859 1747 3916 via
1772 3860 2044 3917 —Jesus.
2076 3862 2226 3916 Pre-

572 3947 824 4005 cedebat
861 3963 985 4014 eos,
1026 3948 1367 4012 ostendens,
1397 3948 1563 4019 quod
1588 3948 1918 4006 voluntarie
1948 3950 2224 4016 abiret,ut

572 4036 939 4096 occideretur
967 4041 1212 4110 propter
1236 4037 1555 4094 hominum
1587 4038 1864 4095 salutem.

641 4237 802 4291 Vers.
836 4234 922 4292 32.
948 4233 1255 4305 Erantque
1287 4234 1620 4304 stupefacti.
1663 4235 1911 4308 Propter
1963 4237 2066 4294 illa
2086 4253 2224 4310 qua

568 4325 824 4382 dicebat.
861 4325 963 4381 Vel
1001 4325 1144 4398 quia
1191 4341 1300 4382 sua
1338 4331 1544 4397 sponte
1596 4325 1671 4382 ad
1718 4327 2064 4398 passionem
2095 4344 2226 4400 pro-

568 4424 964 4495 grediebatur.

638 4515 804 4570 Vers.
829 4514 1002 4570 32.Et
1021 4520 1313 4587 sequentes
1340 4513 1642 4571 timebant.
1662 4515 1741 4570 De
1755 4515 1884 4588 ejus
1905 4516 2222 4581 occisione,

568 4603 638 4660 de
658 4619 780 4676 qua
807 4602 868 4658 in
903 4602 1376 4675 praecedentibus
1401 4603 1632 4659 dixerat
1661 4603 1796 4660 tllis.

640 4693 894 4748 Vers.32
920 4693 997 4748 Et
1041 4695 1372 4752 assumptis.
1443 4725 1510 4734 -—
1569 4695 1736 4749 Vers.
1799 4696 1886 4749 34.
1951 4702 2223 4765 resurget.

567 4783 795 4837 Dictum
825 4787 914 4836 est
951 4783 1135 4837 dehis
1165 4783 1515 4838 omnibusin
1541 4783 2115 4856 ﬁnequadragesimi
2142 4802 2227 4842 se-

567 4870 750 4930 cundi
780 4870 992 4942 capitis
1027 4870 1325 4939 Evangelii
1359 4872 1694 4928 secundum
1718 4872 2080 4930 Matthaaum.

953 4975 1106 5029 CAP.
1138 4976 1302 5031 xxx.
1341 4977 1428 5033 De
1454 4977 1594 5046 ﬁliis
1623 4977 1866 5034 Zebdwi.

638 5064 801 5119 Vers.
830 5063 919 5119 85.
953 5065 1029 5120 Et
1061 5065 1350 5122 accedunt
1381 5098 1447 5106 —
1487 5065 1647 5122 Vers.
1681 5067 1773 5123 37.
1801 5067 1860 5123 in
1879 5068 2069 5139 gloria
2097 5079 2220 5129 tua.

2407 2074 2472 2123 Oi
2526 2068 2585 2124 δε
2630 2072 2862 2143 μαθηταὶ
2909 2099 2977 2110 -
3027 2068 3206 2122 αὐτοῦ.
3259 2071 3405 2120 Διατί
3449 2065 3756 2138 ἐθαμϐοῦντο
3807 2063 3944 2138 μετὰ

2262 2207 2304 2262 Β
2333 2166 2532 2262 μικρὸν.
2547 2164 2667 2233 ἐρεῖ.

2408 2251 2466 2303 Ὀ
2499 2247 2556 2304 δι
2581 2250 2788 2312 Ἰησοῦς
2816 2280 2884 2289 -
2917 2247 3178 2302 εἰσελθεῖν.
3209 2245 3432 2320 Ὁμοίως
3462 2244 3725 2298 κάνταῦθα
3752 2249 3860 2298 νόει
3888 2249 3946 2297 τὸ

2339 2349 2470 2402 πῶς.

2413 2429 2776 2502 Εὗκοπώτερόν
2836 2426 2948 2480 έστι
2998 2456 3064 2468 -
3113 2426 3376 2479 εἰσελθεῖν.
3442 2430 3542 2479 Καὶ
3581 2429 3698 2500 περὶ
3751 2443 3948 2478 τουτων

2339 2517 2497 2572 έκεῖνο
2527 2522 2584 2570 τό
2617 2517 2892 2589 κεφάλαιον
2917 2512 2951 2568 δ
2956 2514 3276 2587 ιαλαμϐάνει.

2409 2610 2474 2661 0i
2514 2604 2572 2660 δε
2618 2639 2684 2647 -
2719 2608 2989 2671 emes-vat;
3020 2601 3162 2657 Ἰδοὺ
3201 2608 3290 2656 καὶ
3321 2608 3416 2661 τὴν
3451 2602 3621 2655 αἰτίαν
3651 2605 3948 2678 προσέθηκε

2336 2705 2427 2749 τοῦ
2456 2696 2683 2768 θάμϐους
2709 2701 2797 2748 καὶ
2829 2703 2918 2755 τῆς
2950 2693 3254 2756 ἐκπλήξεως.

2407 2785 2698 2856 Ἐμϐλέψας
2752 2815 2815 2826 -—-
2871 2786 3014 2859 παρὰ
3067 2791 3139 2854 τῷ
3193 2789 3328 2853 Θεῷ.
3399 2782 3623 2857 Εἴρηται
3681 2787 3771 2834 καὶ
3830 2786 3949 2857 περὶ

2335 2895 2530 2928 τουτων
2558 2895 2611 2926 εκ
2619 2895 2658 2927 ει
2668 2917 2679 2929 .

2405 2964 2634 3035 Ἠρξατο
2687 2995 2749 3003 --
2800 2961 3225 3033 ἠκολουθήσαμέν
3299 2979 3402 3013 σοι.
3464 2965 3564 3014 Καὶ
3634 2965 3752 3036 περὶ
3829 2963 3944 3012 τούς

2333 3073 2430 3106 των
2439 3096 2453 3111 ,

2405 3143 2732 3215 Ἀποκριθεὶς
2763 3171 2829 3181 -
2861 3141 3085 3193 αἰώνιον.
3122 3138 3247 3198 "En
3263 3143 3352 3192 καὶ
3373 3143 3489 3214 περὶ
3514 3141 3708 3192 τούτων
3736 3140 3944 3192 πάντων

2333 3231 2436 3285 έκεί
2467 3229 2849 3306 διηρμήνευται
2879 3229 3216 3305 λεπτομερῶς.

2403 3412 2530 3462 Τινὰ
2544 3405 2601 3462 δι
2627 3408 2939 3483 παρελείφθη
2949 3427 3044 3460 σαν
3061 3415 3148 3460 νυν
3167 3406 3217 3460 ἐν
3234 3414 3295 3479 τῇ
3320 3402 3537 3480 δευτέρᾳ
3556 3404 3833 3481 ἀπαριθμή
3846 3424 3949 3483 σει,

2336 3504 2614 3571 συντομίας
2637 3500 2817 3564 ἕνεκεν,
2851 3503 2939 3550 καὶ
2965 3499 3029 3559 ὡς
3056 3496 3370 3569 ἐγνωσμένα.

2408 3695 2592 3749 Πολλοὶ
2632 3692 2666 3748 δ
2671 3700 2692 3748 ε
2714 3724 2784 3736 —
2805 3702 3018 3768 πρῶτοι.
3057 3699 3158 3747 Καὶ
3186 3698 3303 3765 περὶ
3328 3695 3522 3746 τούτων
3549 3693 3763 3765 ὁμοίως.

2403 3891 2573 3945 Ἦσαν
2627 3887 2686 3943 δὲ
2739 3889 2786 3942 έν
2826 3898 2888 3963 τῇ
2945 3886 3054 3960 ὀδῷ
3111 3887 3468 3950 ἀναϐαίνοντες
3523 3919 3592 3931 -
3638 3890 3663 3940 ὁ
3707 3889 3947 3950 Ἰησοῦς.

2333 3982 2429 4034 Ἦν
2487 3984 2926 4056 προπορευόμενος
2979 3979 3166 4048 αὐτῶν,
3224 3975 3449 4045 δεικνὺς,
3509 3980 3588 4031 ὃτι
3634 3978 3760 4031 ἑκὼν
3791 3979 3953 4031 ἄπει-

2336 4092 2418 4126 σιν
2461 4071 2543 4124 έπὶ
2573 4074 2630 4123 τὸ
2673 4069 3027 4144 ἀναιρεθῆναι,
3087 4065 3181 4122 διὰ
3236 4074 3330 4127 τὴν
3380 4073 3644 4145 σωτηρίαν
3698 4075 3800 4120 τῶν
3861 4066 3954 4120 ἆν-

2336 4164 2569 4237 θρώπων.

2408 4256 2507 4305 Καὶ
2537 4248 2875 4322 ὶθαμϐοῦντο.
2906 4248 3016 4320 Ἐφ’
3065 4249 3138 4309 οἷς
3178 4247 3364 4321 ἔλεγεν,
3408 4248 3437 4306 ἦ
3491 4243 3633 4301 διότι
3667 4246 3954 4320 ηὐτομόλει

2333 4345 2461 4415 πρὸς
2493 4344 2550 4393 τό
2582 4341 2764 4400 πάθος.

2409 4523 2509 4571 Καὶ
2556 4517 2954 4578 ἀκολουθοῦντες
2999 4514 3298 4588 ἐφοϐοῦντο.
3353 4520 3477 4588 Περὶ
3517 4523 3612 4577 τῆς
3642 4513 3958 4585 ἀναιρέσεως

2337 4607 2516 4673 αὐτοῦ,
2542 4612 2653 4680 περὶ
2688 4607 2750 4666 ἧς
2781 4603 3053 4679 προλαϐὼν
3088 4601 3222 4657 εἶπεν
3250 4604 3441 4665 αὐτοῖς.

2411 4702 2510 4750 Καὶ
2566 4693 2878 4769 παραλαϐὼν
2948 4724 3014 4734 -
3089 4692 3462 4752 ἀναστήσεται.
3533 4694 3757 4765 Εἴρηται
3833 4699 3956 4766 περὶ

2336 4790 2529 4839 τούτων
2551 4787 2753 4836 πάντων
2775 4782 2822 4834 έν
2849 4792 2921 4853 τῷ
2957 4781 3086 4834 τελει
3114 4791 3205 4834 τοῦ
3237 4789 3666 4855 τεσσαρακοστοῦ
3698 4778 3953 4856 δευτέρου

2335 4875 2612 4948 κεφαλαίου
2645 4880 2735 4925 τοῦ
2758 4875 2892 4924 κατὰ
2920 4874 3205 4926 Ινίατθαίον.

2639 4986 2784 5036 ΚΕΦ.
2815 4979 2898 5036 Λ’.
2930 4984 3053 5053 Περὶ
3083 4987 3180 5032 τῶν
3209 4982 3332 5032 υἱῶν
3358 4976 3657 5033 Ζεϐεδαίου.

2409 5075 2508 5125 Καὶ
2561 5071 3008 5144 προσπορεύονται
3083 5099 3148 5110 --
3214 5070 3262 5121 έν
3333 5076 3393 5142 τῇ
3477 5065 3603 5142 δόξη
3660 5087 3776 5125 σου.
3823 5076 3952 5146 Περὶ

1789 5191 2013 5261 Varias
2040 5196 2362 5268 lectiones
2393 5208 2459 5265 et
2491 5205 2688 5264 notas.

635 5358 710 5431 (Ζ)
737 5361 859 5414 Non
888 5359 1040 5431 cepit
1064 5359 1350 5432 interpres
1382 5375 1626 5432 sensum
1654 5360 1869 5416 horum
1904 5364 2227 5422 vocabulo-

561 5445 714 5505 rum.
745 5432 987 5486 Crucem
1015 5448 1184 5505 suam
1222 5431 1422 5486 tollere
1462 5431 1718 5503 explicat
1767 5433 2116 5505 Euthymius
2147 5439 2228 5494 ita

561 5502 774 5582 ut_duo
807 5505 988 5582 mala,
1021 5504 1141 5558 duo
1168 5502 1321 5582 bona
1346 5502 1642 5582 memoret.
1686 5502 1931 5560 Crucem'
1955 5523 2095 5582 ergo
2127 5525 2227 5582 ap-

558 5573 735 5649 pellat
761 5573 974 5649 primo,
1025 5574 1284 5649 carnalis
1325 5576 1807 5649 voluntatis,_seu
1854 5573 2223 5649 cupiditatis,

557 5645 1572 5721 ex‘stirpationem_etdeposition_em
1598 5645 1950 5721 voluptatis;
1969 5665 2106 5721 quas
2138 5645 2223 5707 nié

561 5715 780 5772 mirum
807 5717 961 5772 male
992 5715 1171 5773 afﬁcit
1200 5721 1256 5772 et
1289 5716 1368 5773 ad
1399 5715 1643 5772 affectus
1668 5715 1888 5775 incitat.
1921 5715 2054 5777 Ht'ec
2085 5727 2224 5780 sunt

560 5788 680 5845 duo
707 5788 808 5846 illa
846 5788 1004 5845 mala
1076 5787 1296 5844 Deinde
1344 5786 1466 5844 duo
1519 5786 1682 5846 bona
1727 5794 1941 5848 notat:
1976 5795 2222 5851 Crucem

2335 5365 2522 5432 tollat,
2553 5364 2613 5420 id
2653 5370 2763 5432 est,
2796 5367 2995 5418 sumat
3027 5378 3268 5417 sensum
3302 5363 3524 5419 doloris
3550 5363 3807 5429 honesti,
3843 5379 3945 5419 seu

2335 5438 2488 5505 talis,
2533 5437 2635 5508 qui
2668 5441 2757 5490 est
2794 5451 2864 5490 ex
2897 5435 3126 5508 virtute,
3169 5439 3226 5508 et
3256 5436 3582 5508 a_terrenis
3627 5451 3688 5489 se
3734 5435 3944 5508 attolit.

2336 5504 2601 5593 Ἐνάριτός
2635 5524 2751 5563 non
2784 5513 2871 5560 est
2899 5506 3092 5593 fortis,
3126 5505 3230 5559 sed
3263 5504 3322 5559 id
3346 5507 3532 5593 ‘quod.
3561 5523 3693 5561 cum
3737 5507 3946 5593 virtute

2335 5575 2722 5652 conjunctum
2762 5583 2884 5633 est:
2920 5584 2976 5652 e_t
3013 5575 3240 5652 ὑψωσις,
3288 5575 3660 5652 ad'_verbum
3702 5578 3943 5652 altalio,

2335 5647 2466 5708 non'
2487 5657 2577 5708 est
2606 5649 2813 5714 fastus,
2850 5648 2957 5704 sed
2986 5647 3241 5704 remotio
3271 5665 3303 5702 a
3334 5648 3514 5706 rebus
3546 5648 3944 5716 terrestribus,

2335 5728 2712 5796 contemptus
2738 5737 2942 5779 rerum
2973 5719 3361 5778 terrestrium.
