4188 6428
212 422 323 479 829

1333 421 1703 480 COMMENT.
1752 419 1822 476 IN
1859 417 2185 476 MARCUM.
2225 451 2293 461 —
2333 419 2492 478 CAP.
2542 419 2644 479 XI.

3492 415 3597 472 830

213 552 412 602 τούτων
470 551 500 607 ἠ
562 547 818 621 ἐξήγησις
873 556 966 603 τού
1037 569 1466 624 τεσσαρακοστου
1529 554 1707 622 τρίτου
1755 567 1829 602 κε-

1974 551 2024 603 1ο
2050 547 2146 602 his
2189 545 2518 602 clarissime
2555 545 2809 602 habetur
2842 545 2902 601 in
2933 542 3399 618 quadragesimo
3427 541 3596 599 tertio

215 639 442 712 φαλαίου
473 646 566 693 τοῦ
597 641 737 693 κατὰ
767 641 1038 694 Ματθαῖον
1070 637 1331 708 ἀριδήλως
1362 637 1631 693 διδάσκει.

287 729 350 780 Ὀ
411 725 470 781 δε
529 728 745 792 Ἰησοῦς
792 761 862 769 -
913 731 1250 802 ἡτοίμασται.
1302 729 1526 802 Ὁμοίως
1577 733 1664 780 καὶ
1717 732 1835 800 περὶ

215 820 420 874 τούτων
445 819 679 874 πάντων.

296 911 402 962 Καὶ
471 905 786 970 ἀκούσαντες
837 937 909 950 —
962 908 1221 964 Ἰωάννου.
1290 912 1390 962 Καὶ
1453 913 1569 984 περὶ
1620 909 1835 962 τούτων.

294 1085 356 1138 Ὀ
422 1081 483 1138 δε
549 1084 764 1146 Ἰησοῦς
831 1117 897 1126 -
969 1085 1193 1141 πολλῶν.
1264 1088 1486 1160 Εἴρηται
1559 1091 1649 1140 καὶ
1721 1091 1838 1162 περὶ

215 1177 424 1227 τούτων
453 1172 502 1226 ἐν
528 1183 602 1247 τῷ
633 1173 766 1228 τέλει
794 1182 885 1227 τοῦ
913 1175 1154 1250 ῥηθέντος
1183 1174 1478 1247 κεφαλαίου.

629 1287 777 1336 ΚΕΦ.
804 1280 928 1336 AA'.
955 1286 1080 1354 Περὶ
1103 1287 1444 1355 Βαρτιμαίου.

293 1371 408 1425 Καὶ
501 1373 757 1444 ἔρχονται
831 1401 902 1413 —
980 1381 1299 1444 προσαιτῶν.
1406 1373 1704 1446 Προσέθηκε
1777 1376 1835 1425 τὸ

216 1462 409 1532 ὄνομα,
445 1457 542 1512 διὰ
569 1463 628 1512 τὸ
658 1467 921 1536 γνώριμον
958 1461 1113 1513 αύτόν
1145 1458 1273 1513 εἶναι
1301 1461 1524 1524 πολλοῖς.

293 1554 402 1603 Καὶ
449 1547 690 1612 ἀκούσας
741 1580 813 1592 --
865 1548 914 1601 ἓν
961 1558 1024 1622 τῇ
1071 1547 1197 1620 ὀδῷ.
1240 1551 1528 1622 Ἀνάγνωθι
1575 1550 1694 1609 ὃλην
1742 1556 1834 1609 τὴν

214 1639 481 1710 έξὴγησιν
519 1639 641 1692 ὅλου
679 1646 774 1692 τοῦ
811 1647 1240 1714 τεσσαρακοστοῦ
1272 1641 1516 1714 τετάρτου
1557 1639 1832 1712 κεφαλαίου

212 1737 312 1781 τού
342 1731 487 1781 κατὰ
518 1730 812 1785 Ματθαῑον.

290 1818 356 1870 Εἰ
409 1821 517 1892 γὰρ
565 1823 658 1870 καὶ
705 1822 824 1889 περὶ
870 1813 966 1870 δύο
1029 1817 1228 1889 τυφλῶν
1281 1819 1468 1879 ἐκεῖνος
1521 1837 1670 1890 φησι,
1727 1817 1833 1871 ἀλλ’

1941 637 2111 709 juxta
2147 636 2485 692 Matthaeum
2513 635 2723 708 capite.

2018 729 2170 780 Vers.
2193 726 2282 782 38.
2311 725 2471 782 Iesus
2502 732 2698 782 autem
2736 756 2798 765 -—
2845 726 3008 781 Vers.
3036 727 3123 780 40.
3179 726 3458 795 paratum
3494 725 3593 779 est.

1948 817 2231 875 Similiter
2259 817 2334 873 de
2367 818 2460 874 his
2486 817 2782 873 omnibus.

2019 907 2178 961 Vers.
2210 909 2296 961 41.
2335 906 2407 960 Et
2431 921 2565 962 cum
2608 905 2911 963 audissent
2941 937 3008 945 —
3037 905 3278 961 Joanne.
3306 902 3595 958 Praeterea

1948 1000 2005 1049 et
2029 995 2104 1050 de
2133 994 2246 1050 his.

2089 1083 2257 1140 Vers.
2287 1086 2374 1138 42.
2404 1084 2567 1139 Jesus
2605 1089 2796 1140 autem
2828 1114 2885 1124 —
2912 1082 3185 1156 Vers.{45.
3213 1079 3435 1138 multis.
3469 1080 3594 1137 Dic-

1948 1179 2073 1229 tum
2096 1178 2182 1228 est
2203 1172 2276 1228 de
2306 1172 2400 1228 his
2420 1173 2482 1228 in
2507 1172 2630 1230 ﬁne
2660 1173 2798 1228 dicti
2829 1172 3061 1245 capitis.

2357 1280 2509 1335 CAP.
2541 1282 2714 1336 XXXI.
2745 1281 2828 1335 De
2851 1281 3192 1336 Bartimzo.

2019 1371 2179 1424 Vers.
2207 1369 2294 1425 46.
2323 1369 2397 1423 Et
2429 1370 2668 1426 veniunt
2706 1401 2774 1412 -—
2793 1369 3148 1426 mendicans.
3177 1371 3402 1424 Nomen
3431 1365 3590 1423 addi-

1943 1457 2047 1523 dit,
2075 1473 2146 1514 eo
2170 1457 2332 1529 quod
2364 1457 2563 1512 multis
2595 1464 2770 1513 notus
2809 1463 2954 1514 erat.

2016 1548 2176 1602 Vers.
2208 1548 2294 1602 47.
2332 1549 2593 1618 Cumque
2635 1547 2891 1602 audisset
2943 1577 3014 1587 —
3060 1547 3220 1602 Vers.
3283 1547 3368 1601 52.
3407 1545 3470 1600 in
3503 1545 3596 1601 via

1942 1637 2093 1706 Lege
2143 1640 2330 1692 totam
2379 1636 2814 1693 enarrationem
2869 1635 3080 1706 integri
3143 1633 3595 1707 quadragesimi

1943 1725 2139 1798 quarti
2166 1726 2560 1796 capitisjuxta
2599 1725 2951 1781 Mattbteum.

2015 1815 2124 1870 Etsi
2153 1814 2422 1870 enimille
2475 1814 2548 1868 de
2587 1813 2822 1870 duobus
2876 1813 3048 1868 caecis
3074 1812 3374 1884 loquatur,
3403 1817 3597 1870 cetera

218 1905 311 1960 οὖν
378 1906 549 1960 τοῦλα
611 1906 960 1980 παραπλήσια
1025 1914 1129 1967 τοῖς
1186 1915 1415 1980 παροῦσι
1478 1908 1657 1982 ῥητοῖς
1730 1907 1829 1961 ἀνέ-

1974 1919 2142 1958 amen
2184 1904 2460 1975 proxima
2487 1908 2625 1958 sunt
2653 1903 2747 1957 his
2777 1919 2908 1975 quae
2938 1903 3031 1958 hic
3077 1903 3359 1958 dicuntur
3395 1919 3406 1957 :
3439 1907 3493 1958 et
3534 1901 3597 1958 il-

217 1995 418 2069 γραψε,
459 2001 554 2048 καὶ
601 1998 631 2054 ἠ
667 1995 870 2048 ἐκείνων
905 1995 1152 2069 ἑρμηνεία
1187 2000 1278 2048 καὶ
1322 2003 1487 2048 ταῦτα
1539 1997 1832 2068 σαφηνίζει,

226 2091 319 2137 καὶ
373 2091 688 2157 πρόσκειται
747 2087 884 2137 κατὰ
949 2088 1006 2137 τὸ
1074 2084 1214 2147 τέλος
1290 2084 1454 2146 αὐτῆς
1525 2083 1673 2146 λύσις
1733 2104 1835 2156 χα-

232 2193 261 2246 ρ
271 2177 481 2231 ιεστάτη
492 2213 505 2226 .

627 2285 776 2334 ΚΕΦ.
812 2279 932 2334 ΛΒ’.
969 2285 1092 2352 Περὶ
1117 2287 1210 2332 τοῦ
1249 2279 1444 2334 πώλου.

316 2374 419 2421 Καὶ
484 2369 561 2421 ὅτε
619 2400 688 2409 -
755 2365 880 2422 ὧδε.
949 2373 1168 2442 Εἶρηται
1224 2373 1339 2445 περὶ
1386 2371 1578 2422 τούτων
1635 2371 1834 2422 πάντων

230 2455 282 2507 έν
341 2465 409 2526 τῷ
464 2466 875 2532 τεσσαρακοστῷ
933 2462 1148 2530 πέμπτῳ
1216 2457 1474 2530 κεφαλαίῳ
1541 2466 1631 2510 τοῦ
1702 2462 1835 2512 κατὰ

225 2547 518 2600 Ματθαῖον.

293 2633 562 2692 Ἀπῆλθον
630 2667 700 2676 —
773 2638 904 2709 πρὸς
975 2640 1061 2689 τὸν
1143 2637 1368 2694 Ἰησοῦν.
1450 2636 1666 2710 Ὁμοίως
1745 2642 1835 2692 καὶ

213 2728 340 2797 περὶ
365 2727 591 2780 τούτων.

291 2817 398 2865 Καὶ
444 2811 694 2866 ἐπέϐαλον
751 2847 820 2856 -
872 2814 1138 2886 ὑψίστοις.
1191 2818 1290 2867 Καὶ
1329 2821 1494 2867 ταῦτα
1550 2815 1600 2869 ἐν
1665 2816 1833 2890 ἐκείνῳ

209 2898 620 2975 διασεσάφηται
632 2943 644 2957 .

292 2997 398 3045 Καὶ
469 2992 708 3052 εἰσῆλθεν
789 3023 858 3034 --
912 2989 1142 3047 δώδεκα.
1223 2993 1597 3066 Περιεϐλέψατο
1663 2997 1832 3048 πάντα

203 3083 277 3133 τὰ
321 3080 372 3132 ἐν
421 3090 496 3152 τῷ
549 3083 688 3155 ἱερῷ,
736 3085 800 3143 ὡς
847 3085 1032 3156 Κύριος
1076 3090 1167 3134 τού
1220 3085 1458 3135 τοιούτου
1509 3087 1672 3138 οἴκου.
1731 3090 1830 3138 Καὶ

204 3174 331 3222 τότε
383 3173 476 3242 μὲν
527 3169 769 3242 έσίγησε,
826 3168 1014 3233 διδούς
1080 3175 1260 3246 καιρὸν
1331 3169 1656 3246 διορθώσεως
1721 3181 1829 3236 τοίς

1941 1992 2136 2048 lorum
2169 1992 2570 2064 interpretatio
2614 1992 2793 2047 etiam
2848 1991 2961 2047 ista
3010 1991 3371 2055 manifestat,
3405 2006 3476 2046 ac
3518 1989 3597 2047 ad

1943 2081 2122 2138 ﬁnem
2152 2082 2280 2154 ejus
2311 2082 2586 2154 apposita
2611 2085 2698 2137 est
2721 2079 2887 2136 dubii
2921 2080 3135 2136 solutio
3158 2079 3522 2151 gratissima.

2417 2279 2569 2334 CAP.
2600 2277 2828 2334 XXXII.
2863 2277 2946 2334 De
2969 2276 3135 2348 pullo

2015 2368 2175 2424 CAP.
2225 2368 2318 2422 XI.
2384 2368 2543 2423 Vers.
2601 2369 2651 2423 1.
2711 2369 2787 2422 Et
2840 2368 2982 2423 dum
3026 2398 3084 2408 —
3139 2368 3297 2423 Vers.
3352 2370 3404 2424 3.
3451 2366 3592 2423 νινε.

1943 2457 2172 2513 Dictum
2197 2463 2284 2514 est
2312 2458 2382 2512 de
2407 2456 2499 2512 his
2529 2455 2811 2512 omnibus
2866 2456 3332 2529 quadragesimo
3384 2455 3594 2528 quinto

1944 2547 2136 2619 capite
2168 2546 2467 2616 Evangelii
2499 2547 2836 2603 secundum
2875 2546 3235 2602 Matthxi-um.

2014 2637 2175 2691 Vers.
2201 2637 2252 2691 4.
2273 2636 2565 2693 Abierunl
2594 2667 2662 2676 —
2690 2635 2853 2692 Vers.
2883 2641 2934 2691 7.
2961 2635 3043 2692 ad
3065 2635 3278 2692 Iesum.
3331 2633 3596 2691 Similiter

1941 2729 1996 2784 et
2017 2724 2088 2782 de
2105 2725 2219 2782 his.

2014 2818 2174 2872 Vers.
2227 2821 2280 2871 7.
2335 2815 2409 2871 Et
2454 2816 2779 2888 injecerunt
2838 2846 2906 2856 —
2959 2815 3122 2872 Vers.
3185 2815 3272 2870 I0.
3325 2814 3594 2872 excelsis.

1941 2906 2132 2963 Etiam
2160 2905 2288 2962 haec
2328 2904 2409 2960 ibi
2439 2904 2743 2962 declarata
2775 2908 2932 2961 sunt.

2013 2996 2184 3052 Vers.
2251 2996 2330 3050 11.
2386 2996 2461 3050 Et
2503 2995 2792 3064 ingressus
2847 2998 2931 3052 est
3001 3024 3071 3036 —
3113 2993 3431 3051 duodecim.
3478 2992 3596 3050 Cir-

1938 3084 2273 3156 cumspexit
2297 3083 2504 3139 omnia
2529 3100 2663 3156 quae
2715 3083 2775 3139 in
2803 3083 3026 3154 templo
3066 3088 3248 3148 erant,
3300 3089 3596 3155 tanquam

1938 3172 2221 3228 Dominus
2250 3171 2404 3228 illius
2429 3169 2752 3228 habitaculi
2792 3189 2805 3225 :
2839 3176 2897 3228 et
2924 3177 3065 3227 tunc
3095 3171 3342 3243 quidem
3411 3171 3590 3237 siluit,

203 3268 681 3332 καταφρονηταῖς·
761 3261 976 3334 ὕστερον
1065 3258 1122 3314 δὲ
1195 3259 1372 3325 ἐλθὼν,
1452 3261 1828 3338 αὐστηρότερον

1979 3277 2090 3316 ans
2119 3265 2356 3333 tempus
2389 3260 2770 3316 correctionis
2814 3260 2928 3324 his,
2953 3260 3059 3332 qui
3088 3261 3285 3332 ipsum
3312 3260 3594 3332 despicie-

205 3348 470 3419 μετῆλθεν
498 3349 712 3420 αύτούς,
747 3353 818 3410 ὡς
847 3347 1222 3424 ἀδιορθὼτους.

439 3531 586 3580 ΚΕΦ.
629 3526 752 3580 Al".
789 3532 916 3599 Περὶ
941 3535 1031 3587 τῆς
1058 3527 1404 3604 ξηρανθείσης
1431 3539 1612 3590 συκῆς.

293 3620 398 3668 Καὶ
437 3622 500 3688 τῇ
545 3614 791 3688 ἐπαύριον
841 3647 905 3658 -
960 3619 1148 3670 σύκων.
1205 3621 1424 3694 Εἴρηται
1477 3625 1594 3695 περὶ
1634 3623 1830 3683 ταύτης

209 3703 266 3756 ἐν
329 3710 405 3773 τῷ
462 3713 879 3777 τεσσαρακοστῷ
944 3701 1150 3778 ἑϐδόμῳ
1217 3707 1472 3780 κεφαλαίῳ
1541 3716 1630 3761 τοῦ
1696 3712 1830 3763 κατὰ

210 3793 513 3846 Ματθαῐον.

291 3885 398 3934 Καὶ
473 3879 782 3954 ἀποκριθεὶς
836 3912 905 3922 -
987 3884 1164 3954 φάγοι.
1245 3890 1344 3938 Καὶ
1425 3891 1541 3961 περὶ
1622 3890 1823 3944 τούτου.

207 3970 300 4031 Εἰς
359 3973 450 4022 τὸν
520 3970 688 4022 αἰῶνα
751 3966 832 4040 δε,
903 3969 1016 4024 ἀντὶ
1078 3980 1189 4034 τοῦ,
1261 3977 1403 4040 ποτε,
1475 3979 1655 4048 ἤγουν,
1729 3999 1829 4050 μη-

205 4057 424 4114 δέποτε.

286 4153 395 4202 Καὶ
448 4152 642 4207 ἤκουον
696 4150 746 4201 οἱ
808 4150 1042 4221 μαθηταὶ
1103 4150 1280 4205 αύτοῦ.
1353 4153 1426 4205 Δι’
1485 4154 1664 4216 αύτούς
1723 4159 1824 4230 γὰρ

202 4245 301 4292 καὶ
360 4242 457 4297 τὴν
509 4245 689 4290 πεῖναν
733 4239 1061 4312 ὑπεκρίνατο,
1098 4245 1188 4292 καὶ
1234 4245 1571 4312 κατηράσατο
1615 4253 1674 4317 τῇ
1731 4266 1827 4298 συ-

197 4336 271 4401 κῇ
308 4329 454 4400 (63),
489 4328 574 4378 ἱνα
595 4335 808 4398 γνῶσιν,
843 4328 921 4378 ὅτι
951 4333 1040 4379 καὶ
1069 4328 1304 4390 κολάζειν
1337 4327 1558 4394 δυνατός
1603 4333 1730 4398 ἐστι,
1762 4338 1827 4398 ὡς

201 4416 257 4469 ἕν
341 4424 418 4486 τῷ
495 4416 708 4491 ῥηθέντι
777 4414 1036 4487 κεφαλαίῳ
1119 4413 1414 4476 δεδήλωται
1498 4422 1610 4473 κατ’
1683 4423 1824 4498 ἀκρί-

201 4505 380 4560 ϐειαν.

1937 3351 2079 3407 bant
2110 3349 2535 3421 ;postmodum
2589 3364 2748 3415 vero,
2778 3364 2916 3404 cum
2970 3348 3262 3412 rediisset,
3295 3348 3590 3404 austerius

1937 3454 2039 3496 eos
2068 3438 2314 3512 punivit,
2345 3442 2630 3510 tanquam
2661 3436 3108 3509 incorrigibiles.

2207 3547 2360 3602 CAP.
2391 3547 2624 3602 XXXIII.
2658 3547 2740 3603 De
2754 3548 2867 3615 ﬁcu
2897 3561 3024 3618 quae
3052 3547 3312 3603 exaruit.

2011 3636 2170 3693 Vers.
2200 3639 2281 3692 I2.
2328 3639 2562 3694 Postero
2615 3640 2810 3694 autem
2865 3668 2931 3678 —
2980 3637 3149 3692 Vers.
3212 3639 3294 3692 I3.
3345 3636 3583 3704 ﬁcuum.

1935 3726 2164 3782 Dictum
2197 3731 2284 3783 est
2313 3725 2385 3782 de
2408 3727 2541 3790 hac,
2579 3725 3045 3799 quadragesimo
3104 3725 3361 3798 septimo
3417 3725 3590 3798 juxta

1935 3817 2267 3873 Matthaeum
2288 3816 2500 3889 capite.

2004 3905 2169 3961 Vers.
2209 3908 2296 3962 14.
2334 3907 2399 3961 Et
2427 3905 2779 3978 respondens
2803 3935 2874 3946 —
2902 3905 3059 3964 edat.
3101 3905 3289 3962 Etiam
3324 3904 3399 3962 de
3437 3904 3578 3962 hoc.

2003 4156 2167 4212 Vers.
2204 4157 2286 4214 14.
2306 4157 2381 4212 Εἰ
2406 4155 2719 4214 audiebant
2747 4155 3026 4226 discipuli
3044 4157 3186 4226 ejus.
3212 4156 3458 4227 Propter
3486 4170 3590 4212 eos

1931 4244 2091 4300 enim
2111 4249 2166 4300 et
2183 4245 2404 4301 famem
2448 4245 2771 4310 simulavit,
2795 4250 2853 4300 et
2876 4245 3059 4300 ﬁcum
3112 4249 3454 4300 exsecratus
3477 4249 3586 4310 est,

1931 4340 1996 4390 ut
2033 4335 2268 4400 scirent,
2289 4335 2453 4407 quod
2480 4339 2688 4408 potens
2701 4335 2879 4391 etiam
2905 4338 3063 4390 esset
3090 4333 3169 4389 ad
3185 4333 3582 4406 puniendum,

1931 4423 2112 4481 veluti
2129 4423 2288 4480 dicto
2318 4424 2507 4496 capite
2538 4423 2848 4494 diligenter
2888 4422 3337 4480 manifestatum
3365 4428 3476 4478 est.

283 4599 392 4648 Καὶ
436 4595 689 4667 ἔρχονται
741 4625 810 4634 -
861 4593 1196 4669 κατέστρεψε.
1249 4601 1373 4671 Περὶ
1431 4602 1622 4652 τούτων
1690 4598 1824 4666 διέξ-

2005 4603 2168 4658 Vers.
2198 4607 2279 4659 15.
2331 4603 2406 4657 Et
2436 4602 2769 4660 veniunt—
2816 4603 3039 4658 evertit.
3103 4601 3183 4656 De
3233 4601 3326 4656 his
3351 4600 3588 4658 disserit

199 4704 316 4738 εισι
368 4687 428 4736 τὸ
474 4683 618 4746 τέλος
655 4689 749 4735 τοῦ
804 4691 1232 4754 τεσσαρακοστοῦ
1279 4689 1512 4759 πέμπτου
1547 4691 1823 4763 κεφαλαίου

195 4782 300 4827 τοῦ
334 4775 477 4825 κατὰ
507 4773 799 4826 Ματθαῖον.

283 4868 393 4916 Καὶ
435 4862 532 4914 οὐκ
583 4893 644 4901 -
691 4863 850 4934 ἱεροῦ.
902 4865 1295 4934 Καταφρόνησις
1357 4867 1458 4937 γὰρ
1512 4873 1600 4920 καὶ
1647 4879 1820 4927 τοῦτο.

193 4947 535 5006 Ἐπαίδευσε
576 4946 636 5002 δε
666 4954 757 5001 καὶ
791 4945 886 5002 διὰ
932 4952 1137 5017 τούτου,
1184 4952 1264 5004 ὅτι
1305 4957 1414 5025 χρὴ
1457 4953 1622 5023 μηδὲν
1666 4979 1826 5036 παρο-

190 5048 302 5116 ρᾴν
340 5039 553 5102 ἀνάξιον
580 5038 628 5090 ἐν
649 5045 761 5100 τοῖς
792 5039 961 5110 ἱεροῖς.

274 5221 388 5272 Καὶ
437 5213 700 5270 ἐδίδασκε
745 5245 811 5256 -
858 5213 1082 5288 λῃστῶν.
1148 5215 1281 5270 Ἐκεῖ
1327 5222 1416 5270 καὶ
1463 5226 1581 5295 περὶ
1625 5227 1820 5279 τούτων

185 5305 622 5382 διηρμήνευται.

267 5400 380 5451 Καὶ
461 5398 698 5454 ἤκουσαν
776 5421 842 5434 -
898 5389 1260 5446 ἀπολέσουσιν.

178 5483 643 5562 έπαῤῥησιάσθη.

1343 5393 1637 5466 ³Ἡκουσαν,
1708 5412 1818 5468 πῶς

1934 4690 2071 4748 ﬁnis
2111 4691 2755 4765 quadragesimiquinti
2795 4691 3005 4764 capitis
3043 4690 3342 4761 Evangelii
3383 4707 3589 4749 secun-

1935 4781 2082 4836 dum
2114 4782 2471 4838 Mattbaaum.

2006 4870 2167 4925 Vers.
2207 4875 2294 4927 16.
2329 4867 2854 4938 Nec—templum.
2881 4871 3028 4926 Nam
3061 4873 3118 4925 et
3146 4868 3291 4924 idin
3325 4873 3588 4926 contem-

1936 4963 2102 5030 ptum
2133 4965 2272 5014 erat.
2309 4958 2418 5014 Per
2446 4959 2560 5015 hoc
2590 4959 2765 5014 etiam
2795 4957 3064 5024 docebat,
3095 4957 3259 5031 quod
3304 4958 3452 5014 nihil
3481 4973 3589 5029 per

1933 5045 2260 5116 neglectum
2323 5045 2553 5102 admitti
2617 5045 2843 5115 debeat,
2918 5045 3082 5118 quod
3154 5045 3435 5103 indecens
3515 5047 3589 5106 sit

1932 5131 2008 5191 sit
2033 5135 2093 5191 in
2120 5134 2372 5207 templis.

2002 5224 2166 5281 Vers.
2200 5225 2288 5280 I7.
2341 5225 2408 5280 Et
2453 5222 2697 5281 docebat
2726 5253 2794 5264 -—
2847 5223 3163 5281 latronum.
3213 5223 3279 5281 Id
3330 5227 3587 5300 quoque

1927 5314 2136 5372 horum
2161 5314 2301 5370 data
2329 5317 2421 5370 est
2439 5311 2863 5386 interpretatio.

1998 5405 2163 5460 Vers.
2202 5407 2283 5460 18.
2313 5404 2387 5460 Et
2415 5402 2730 5461 audierunt
2767 5433 2837 5445 —
2859 5404 3189 5474 perderent.
3216 5403 3583 5464 'Audierunt.

1923 5492 2227 5567 quomodo
2254 5493 2436 5550 libere
2448 5497 2504 5549 et
2524 5492 2810 5551 audacter
2824 5493 3054 5550 locutus
3071 5498 3231 5551 esset
3251 5511 3323 5552 ac
3345 5494 3584 5554 fecisset

1402 5663 1627 5735 Varias
1657 5667 1989 5739 lectiones
2020 5678 2085 5740 et
2115 5678 2296 5738 notas

271 5806 396 5879 (65)
427 5807 536 5862 Τὴν
569 5808 735 5860 συκῆν
761 5807 822 5855 Δ.
