4188 6424
654 383 751 441 831
1961 368 2309 428 EUTYHMII
2349 366 2680 436 ZIGABENI
3896 371 3984 426 832

729 509 892 564 Vers.
934 509 1012 563 18.
1063 505 1365 564 Timebant
1407 535 1476 546 —
1502 505 1645 574 ejus.
1677 502 2041 558 Verebantur
2065 500 2309 570 propter
2341 495 2383 548 A

2341 495 2384 548 Α
2491 493 2797 568 Ἐφοϐοῦντο
2857 525 2925 534 -
2979 492 3158 546 αὐτοῦ.
3231 490 3534 564 Ἐφοϐοῦντο
3612 493 3763 546 αὐτὸν
3828 494 3983 549 ἀπολέ-

657 599 893 656 turbam
926 603 1144 653 temere
1170 614 1306 652 eum
1333 596 1621 652 occidere.

1611 637 1621 649 ,
2421 604 2531 651 σαι,
2563 586 2632 644 ὡς
2661 587 2819 656 ἔτυχε
2846 579 2939 635 διὰ
2967 586 3054 634 τὸν
3089 580 3265 654 ὄχλον.

725 690 888 744 Vers.
937 688 1017 742 19.
1059 688 1124 741 Et
1163 702 1292 742 cum
1323 715 1391 730 —
1430 685 1739 740 m’vitatem.
1784 677 2208 752 Egrediebatur
2247 676 2308 731 in

2490 678 2590 726 Καὶ
2638 674 2719 724 ὅτε
2792 703 2856 710 -
2905 669 3118 732 πόλεως.
3174 669 3533 744 Ἐξεπορεύετο
3579 669 3651 732 εἰς
3720 675 3784 724 τὰ
3845 675 3983 746 προά-

659 776 954 832 suburbia
979 781 1220 847 propter
1249 775 1530 846 quietem.

1466 791 1530 828 n.
2420 782 2587 830 στεια,
2617 759 2710 815 διὰ
2740 765 2832 820 τὴν
2863 763 3120 832 ἡσυχίαν,

727 867 892 922 Vers.
925 868 1013 920 20.
1055 864 1212 920 Vers.
1245 865 1321 919 Et
1351 879 1522 920 mane
1552 894 1616 901 —
1647 862 1806 916 Vers.
1835 859 1924 913 2t.
1958 855 2206 913 exaruit.
2241 854 2306 908 1n

2491 856 2590 904 Καὶ
2629 854 2761 924 πρωὶ
2803 882 2870 890 -
2915 849 3208 922 ἐξήρανται.
3253 849 3336 901 Ἐν
3386 856 3458 919 τῷ
3506 848 3837 924 προρῥηθέντι
3880 871 3981 904 τεσ-

656 955 941 1028 prasdicto
979 954 1447 1027 quadragesimo
1488 951 1740 1023 septimo
1785 948 1977 1019 capite
2017 942 2306 1013 Evangelii

2420 948 2732 1011 σαρακοστῷ
2805 935 3011 1010 ἑϐδόμῳ
3077 937 3338 1010 κεφαλαίῳ
3397 946 3488 990 τοῦ
3561 942 3689 990 κατά
3743 942 3979 992 Ματθαίον

658 1024 1349 1102 secundllmltlatthaaum
1373 1043 1549 1097 etiam
1579 1041 1651 1095 de
1682 1040 1774 1094 his
1800 1038 2171 1107 disputatum
2199 1039 2303 1088 est.

1584 1041 1651 1095 de
1682 1040 1774 1094 his
1800 1038 2171 1107 disputatum
2199 1039 2303 1088 est.
2417 1034 2503 1081 καὶ
2540 1034 2656 1101 περὶ
2685 1031 2874 1080 τούτων
2916 1024 3238 1086 διείληπται.

725 1134 889 1190 Vers.
915 1135 1000 1189 22.
1036 1134 1109 1187 Et
1162 1132 1504 1201 respondens
1555 1161 1621 1170 —-
1647 1129 1708 1184 in
1739 1129 1942 1182 Deum.
1982 1124 2305 1189 Possidete,

2492 1124 2590 1171 Καὶ
2679 1116 2972 1189 ἀποκριθεὶς
3062 1149 3128 1156 -
3214 1119 3367 1170 Θεοῦ.
3467 1119 3738 1175 κτήσασθε
3824 1122 3979 1170 πίστιν

658 1224 872 1296 inquit,
910 1223 1190 1278 fiduciam
1219 1237 1362 1291 erga
1393 1223 1582 1276 Deum
1611 1235 1623 1274 :
1662 1216 1944 1272 fiduciam
1972 1218 2172 1270 autem
2203 1227 2309 1284 pu-

2066 1219 2172 1270 tem
2203 1227 2309 1284 pu-
2419 1208 2485 1268 εἰς
2516 1212 2663 1263 Θιόν.
2699 1212 2883 1260 Πίστιν
2916 1203 2974 1260 δὲ
3003 1208 3235 1282 καθαρὰν
3266 1211 3353 1258 καὶ
3387 1201 3720 1260 ἀδίστακτον.

658 1329 788 1370 ram
816 1316 872 1368 et
895 1312 1313 1368 indubitatam.

730 1404 890 1457 Vers.
924 1403 1018 1457 23.
1053 1399 1587 1456 Amen—dixerit.
1623 1397 1845 1453 Eodem
1877 1393 2066 1467 capite
2101 1393 2172 1448 dc
2216 1391 2308 1447 ltlS

2491 1387 2654 1458 Ἀμὴν
2714 1418 2781 1426 -
2838 1390 2976 1458 εἴπῃ.
3046 1385 3129 1439 Ἐν
3187 1394 3258 1458 τῷ
3322 1388 3544 1458 τοιούτῳ
3608 1385 3848 1459 κεφαλαίῳ
3903 1391 3979 1438 καὶ

658 1506 895 1564 quoque
924 1495 1119 1546 actum
1147 1494 1258 1545 est.

2421 1482 2536 1550 περὶ
2565 1480 2758 1528 τούτων
2787 1474 2996 1548 ἐλέχθη.

729 1581 814 1652 Η-
843 1579 1252 1635 Immediatam
1282 1578 1522 1634 animus
1553 1580 1764 1632 nactus
1800 1589 1938 1629 cum
1991 1574 2110 1628 Deo
2144 1570 2312 1626 unio-

2489 1565 2617 1638 [Τὴν
2673 1566 2785 1636 (66)
2836 1567 3028 1637 ἄμεσον
3085 1564 3262 1635 λαχὼν
3318 1565 3429 1637 (67)
3481 1567 3506 1617 ὁ
3553 1574 3663 1627 νοῦς
3720 1569 3840 1640 πρὸς
3897 1569 3974 1618 τὸν

655 1651 816 1736 nem,
850 1668 1186 1724 facultatem
1212 1670 1542 1722 secundum
1576 1671 1848 1720 naturam
1879 1659 2178 1731 cogitandi
2202 1660 2309 1730 (in-

2420 1659 2540 1707 Θεὸν
2572 1656 2771 1720 ἕνωσιν,
2799 1659 2891 1712 τὴν
2939 1662 3030 1706 τοῦ
3077 1660 3207 1706 νοεῖν
3246 1657 3381 1705 κατά
3433 1658 3585 1726 φύσιν
3630 1651 3830 1726 δύναμιν
3870 1657 3971 1726 ἔχει

658 1757 980 1828 telligendii
1008 1774 1252 1830 prorsus
1276 1756 1459 1812 habet
1483 1755 1740 1811 otiosam
1775 1753 1860 1808 :si
1919 1758 2117 1806 autem
2154 1750 2310 1805 hanc

2422 1744 2791 1816 σχολάζουσαν
2843 1743 3133 1803 παντελῶς·
3176 1745 3332 1800 ἡνίκα
3363 1740 3420 1796 δί
3453 1747 3634 1801 ταύτην
3673 1742 3813 1814 λύσῃ,
3860 1747 3965 1800 νοή-

659 1847 987 1918 (unionem)
1015 1829 1270 1911 Solverit,
1301 1850 1356 1901 et
1381 1843 1606 1917 aliquid
1632 1859 1748 1898 non
1770 1840 2100 1896 secundum
2122 1841 2308 1894 Deum

2301 1845 2386 1900 [Β
2422 1853 2514 1893 σας
2561 1853 2611 1885 τι
2665 1841 2763 1884 τῶν
2821 1836 2950 1903 μετά
3002 1835 3130 1884 Θεὸν
3188 1831 3326 1902 (68),
3369 1829 3610 1906 διεκρίθη,
3661 1836 3806 1902 τεμὼν
3856 1830 3955 1901 (69)

658 1936 979 2008 cogitando
1011 1935 1356 2006 complexus
1390 1934 1484 2002 sit,
1521 1932 1904 2002 disjungitur,
1934 1929 2145 1994 soluta,
2174 1943 2310 2000 qum

2301 1945 2310 1982 μ
2418 1928 2511 1980 τὴν
2553 1924 2678 1996 ὑπὲρ
2723 1927 2903 1978 νοὴσιν
2949 1923 3150 1989 ἕνωσιν,
3191 1922 3311 1973 καθ’
3351 1920 3430 1986 ἣν,
3476 1923 3562 1981 ἕως
3605 1920 3707 1972 ἐστὶ
3745 1928 3809 1990 τῷ
3855 1925 3955 1986 Θεῷ

657 2041 842 2098 supra
892 2023 1251 2079 intellectum
1306 2027 1414 2086 est,
1462 2020 1682 2075 unione
1731 2018 2061 2073 secundum
2100 2032 2306 2088 quam,

2421 2016 2758 2084 συνημμένος,
2815 2013 2884 2072 ὡς
2944 2012 3069 2085 ὑπὲρ
3138 2013 3314 2082 φύσιν,
3363 2015 3450 2062 καὶ
3511 2018 3568 2083 τῇ
3636 2008 3813 2081 μεθέξει
3863 2009 3967 2066 Θεὸς

653 2097 926 2188 quandiu
969 2113 1322 2183 conjunctus
1385 2114 1475 2165 est
1520 2112 1654 2176 Deo,
1690 2113 1754 2164 ut
1808 2122 1986 2179 super
2038 2112 2307 2160 naturam

2417 2105 2766 2173 γεγενημένος,
2836 2102 3068 2172 καθάπερ
3141 2104 3256 2172 ᾅοος
3335 2098 3570 2157 ἀκίνητον
3647 2097 3830 2161 ἑαυτοῦ,
3894 2098 3972 2146 τὸν

658 2187 715 2260 et
742 2202 1196 2276 participatione
1227 2199 1377 2255 deus
1402 2198 1610 2264 facius,
1657 2203 1948 2269 tanquam
1992 2196 2311 2250 immotum

1672 2212 1948 2269 ,anquam
1992 2196 2311 2250 immotum
2419 2198 2511 2251 τῆς
2540 2193 2736 2262 φύσεως
2765 2191 3080 2262 μετατίθησι
3110 2187 3326 2262 νόμοι]

655 2298 924 2350 montem
957 2308 1154 2355 suum,
1188 2290 1378 2360 legem
1410 2294 1635 2344 naturae
1675 2286 2024 2357 transponit.

725 2385 886 2440 Vers.
928 2386 1016 2437 24.
1052 2382 1181 2436 Ideo
1211 2411 1278 2420 -—
1308 2380 1485 2436 vobis.
1523 2377 1797 2433 Similiter
1821 2375 1969 2432 etde
2000 2374 2114 2429 his.

2491 2371 2585 2420 Διά
2634 2376 2788 2420 τοῦτο
2837 2398 2907 2408 -
2962 2368 3104 2440 ὑμῖν.
3172 2366 3396 2440 Ὁμοίως
3465 2370 3555 2418 καὶ
3612 2368 3722 2440 περὶ
3787 2365 3974 2416 τούτων.

856 2471 1010 2526 CAP.
1043 2469 1272 2525 XXXIV.
1317 2470 1401 2524 De
1421 2467 1709 2522 oblivione
1736 2465 2103 2534 injuriarum.

2004 2479 2103 2518 tm.
2777 2482 2920 2529 ΚΕΦ.
2955 2474 3072 2528 ΛΔ’.
3108 2479 3232 2550 Περὶ
3255 2473 3658 2547 ἀμνησικακίας.

727 2562 890 2618 Vers.
929 2562 998 2615 Et
1014 2559 1150 2614 dum
1173 2563 1260 2613 25.
1285 2587 1354 2598 —
1387 2559 1543 2612 Vers.
1578 2557 1666 2611 26.
1699 2558 1892 2610 vestra
1927 2553 2054 2608 Haec
2080 2552 2137 2608 in
2168 2567 2312 2625 pree-

2493 2570 2588 2619 Καὶ
2641 2567 2760 2617 ὅταν
2827 2597 2893 2604 -
2948 2566 3108 2638 ὑμῶν.
3167 2563 3290 2617 Εἶπε
3360 2571 3528 2616 ταῦτα
3599 2566 3686 2614 καὶ
3760 2562 3978 2634 πρότερον

653 2649 1002 2705 cedentibus
1038 2663 1276 2719 quoque
1314 2646 1461 2701 dixit
1488 2646 1775 2700 Dominus
1822 2642 2072 2698 Matthaai
2097 2641 2307 2713 quinto

2420 2657 2445 2708 ὁ
2522 2658 2730 2729 Κύριος,
2809 2653 2858 2706 έν
2937 2663 3008 2724 τῷ
3082 2658 3297 2726 πέμπτῳ
3390 2652 3648 2725 κεφαλαίῳ
3712 2657 3798 2703 τοῦ
3866 2647 3981 2699 κατὰ

657 2739 869 2809 capite,
898 2742 1220 2809 postquam
1244 2734 1449 2789 docuit
1480 2733 1832 2796 orationem,
1859 2733 2040 2787 Pater
2093 2735 2306 2797 noster,

2420 2747 2707 2810 Ματθαῖον,
2739 2747 2870 2816 μετὰ
2899 2748 2956 2796 τὸ
2990 2739 3210 2806 διδάξαι
3239 2747 3330 2801 τὴν
3371 2745 3679 2814 προσευχήν
3701 2744 3757 2792 τό
3779 2755 3791 2768 ⁶
3835 2739 3978 2808 Πάτερ

655 2826 750 2899 qui
778 2842 831 2881 es
850 2827 914 2882 in
946 2826 1119 2881 caelis.
1149 2825 1352 2888 Qumre
1378 2838 1520 2894 ergo
1573 2822 1650 2877 ibi
1697 2823 1913 2878 horum
1969 2821 2309 2892 interpreta-

2419 2836 2562 2905 ἡμῶν
2607 2835 2631 2885 ὁ
2700 2835 2748 2885 έν
2806 2839 2911 2893 τοίς
2983 2832 3253 2905 οὐρανοῖς·
3324 2836 3411 2883 καὶ
3473 2834 3697 2894 ζήτησον
3756 2827 3852 2881 έκεῖ
3905 2830 3980 2884 τὴν

657 2916 899 2972 tionem.

2417 2926 2609 2976 τούτων
2639 2921 2913 2994 ἕξήγησιν,

728 3021 879 3078 CAP.
918 3021 1116 3078 XXXV.
1160 3022 1247 3078 De
1297 3018 1804 3090 interrogantibus
1874 3017 2203 3074 Dominum.
2238 3019 2307 3074 In

2420 3038 2564 3086 ΚΕΦ.
2625 3031 2740 3084 ΛΕ.
2804 3035 2926 3104 Περὶ
2993 3039 3091 3082 τῶν
3161 3028 3602 3103 έπερωτησάντων
3673 3029 3755 3080 τὸν
3825 3027 3984 3098 Κύριον

1079 3127 1193 3184 qua
1221 3115 1504 3182 potestate
1525 3114 1652 3167 haec
1677 3110 1828 3180 facis
1855 3108 1882 3164 ?

2807 3121 3094 3193 ἀρχιερέων
3121 3122 3207 3170 καὶ
3243 3115 3628 3192 πρεσϐυτέρων.

725 3205 886 3258 Vers.
942 3203 1030 3256 27.
1099 3203 1174 3256 Et
1235 3202 1473 3258 veniunt
1540 3232 1598 3240 —
1665 3201 1824 3255 Vers.
1920 3200 2006 3253 28.
2065 3198 2309 3268 facias?
2345 3195 2379 3262 C

2345 3195 2386 3262 Ο
2490 3215 2590 3263 Καὶ
2630 3212 2874 3283 ἔρχονται
2913 3240 2978 3248 -—
3018 3216 3210 3280 ποιῇς;
3252 3214 3450 3270 Ταῦτα,
3497 3212 3671 3272 ποῖα;
3717 3208 3784 3257 Τὸ
3837 3199 3987 3254 ἐκϐάλ-

653 3293 834 3347 Ηωοε
880 3307 1154 3364 quaenam
1194 3291 1221 3346 ?
1277 3290 1495 3361 Ejicere
1547 3288 1819 3345 videlicet
1867 3287 2190 3343 vendentes
2251 3292 2307 3344 et

2415 3300 2516 3352 λειν
2582 3303 2703 3360 τοὺς
2763 3297 3061 3357 πωλοῦντας
3111 3303 3199 3348 καὶ
3254 3295 3612 3368 ἀγοράζοντας
3667 3293 3713 3346 ἐν
3755 3301 3823 3362 τῷ
3871 3294 3983 3364 ἱερῷ,

653 3387 915 3437 ementes
954 3382 1014 3436 in
1046 3379 1268 3454 templo
1302 3385 1599 3436 :evertere
1639 3379 1913 3451 praefatas
1966 3395 2205 3434 mensas
2238 3393 2307 3434 ac

2418 3394 2475 3441 τὸ
2525 3387 2822 3460 ἀνατρέπειν
2889 3389 2980 3449 τὰς
3038 3386 3422 3461 προρῥηθείσας
3472 3384 3740 3458 τραπέζας
3788 3387 3870 3434 καὶ
3915 3399 3988 3431 κα·

652 3471 862 3528 sellas:
892 3486 1012 3526 non
1047 3470 1384 3543 permittere
1425 3469 1652 3526 deferre
1685 3485 1788 3524 vas
1841 3484 1940 3539 per
1993 3468 2303 3540 templum,

2418 3473 2621 3548 θέδρας,
2695 3480 2752 3528 τὸ
2818 3480 2888 3548 μὴ
2951 3475 3151 3547 ἀφιέναι
3210 3471 3485 3546 διενεγκεῖν
3538 3481 3729 3535 σκεῦος
3780 3468 3866 3523 διὰ
3914 3474 3984 3520 τοῦ

651 3576 719 3616 ac
760 3559 993 3616 similia.

2418 3567 2574 3639 ἱεροῦ,
2605 3570 2693 3617 καὶ
2723 3567 2788 3616 τὰ
2813 3573 3051 3620 τοιαῦτα.

722 3651 927 3715 Quaere
946 3653 1145 3704 autem
1167 3647 1704 3719 quadragesimum
1719 3651 1996 3701 octavum
2017 3650 2197 3718 caput
2223 3661 2305 3702 se-

2487 3660 2720 3713 Ζήτησον
2768 3658 2825 3706 τὸ
2873 3656 3294 3726 τεσσαρακοστὸν
3347 3649 3534 3724 ὃγδοον
3606 3651 3865 3725 κεφάλαιον
3913 3651 3990 3698 τοῦ

647 3738 913 3793 cundum
942 3737 1302 3799 Matthaaum,
1335 3741 1390 3791 et
1415 3737 1614 3791 omnia
1640 3735 1924 3791 invenies.

1223 3752 1302 3799 m,
1335 3741 1390 3791 et
1415 3737 1614 3791 omnia
1640 3735 1924 3791 invenies.
2414 3746 2548 3796 κατὰ
2585 3745 2871 3796 Ματθαῖον.

721 3828 996 3881 Vers.29.
1045 3824 1402 3892 Respondeas
1453 3829 1644 3880 autem
1699 3826 1868 3880 Jesus
1897 3854 1964 3864 —
2008 3826 2165 3879 Vers.
2215 3829 2300 3881 30.

2481 3832 2539 3884 Ὁ
2587 3830 2645 3886 δέ
2687 3833 2889 3893 Ἰησοῦς
2947 3831 3244 3906 ἀποκριθεὶς
3293 3861 3361 3870 -
3405 3849 3514 3902 μοι.
3585 3831 3662 3884 Ἐν
3704 3827 3862 3898 ἐκείνῳ
3908 3827 3989 3874 καὶ

651 3917 816 3971 mihi.
848 3919 909 3970 ln
937 3914 1034 3970 illo
1065 3914 1244 3970 etiam
1269 3913 1343 3969 de
1373 3915 1465 3969 his
1492 3914 1780 3971 invenies.

1373 3915 1465 3969 his
1492 3914 1780 3971 invenies.
2414 3926 2525 3994 περὶ
2557 3925 2745 3974 τούτων
2776 3923 3027 3997 εὑρήσεις.

723 4007 886 4062 Vers.
916 4009 1002 4061 3t.
1065 4005 1138 4060 Et
1172 4005 1499 4074 cogitabant
1529 4035 1596 4045 —
1617 4005 1774 4061 Vers.
1831 4009 1918 4061 32.
1971 4003 2301 4062 homnibus.

2179 4006 2301 4062 bus.
2488 4017 2584 4066 Καὶ
2615 4010 2908 4083 έλογέζοντο
2939 4041 3006 4050 -
3037 4008 3336 4084 ἀνθρώπων.
3383 4013 3562 4062 Λείπει
3593 4012 3651 4062 τὸ
3692 4007 3830 4080 οὐχί.

651 4094 875 4161 Deﬁcit,
909 4111 1048 4150 non.

722 4187 882 4241 Vers.
938 4184 1023 4238 32.
1095 4183 1394 4240 Timebant
1448 4213 1515 4223 —
1569 4190 1734 4240 esset.
1783 4184 2095 4240 Habebant
2133 4187 2304 4241 Joan-

2483 4192 2790 4267 Ἐφοϐοῡντο
2841 4223 2905 4232 —-
2964 4191 3046 4249 ἦν.
3099 4221 3165 4230 -
3217 4187 3378 4260 Εἶχον
3431 4190 3518 4240 τὸν
3574 4187 3838 4254 Ἰωάννην,
3902 4182 4000 4235 ἀντὶ

650 4289 810 4344 nem,
865 4275 978 4331 hoc
1007 4279 1111 4334 est.
1158 4273 1296 4329 certi
1339 4278 1504 4330 erant
1557 4275 1626 4329 de
1667 4275 1915 4331 Joanne.
1956 4275 2188 4331 Dictum
2220 4281 2302 4330 est

2413 4292 2526 4349 τοῦ,
2588 4281 3068 4356 ἕπεπληροφόρηντο
3134 4283 3251 4352 περὶ
3302 4284 3394 4330 τοῦ
3461 4279 3725 4330 Ἰωάννου.
3803 4278 3999 4347 Εἴρηται

651 4369 850 4421 autem
874 4364 1018 4420 etde
1049 4363 1139 4418 bis
1170 4363 1414 4418 ibidem.

2416 4371 2474 4426 δὲ
2503 4377 2592 4424 καὶ
2624 4376 2740 4445 περὶ
2768 4374 2960 4422 τούτων
3002 4368 3123 4422 έκεί.

721 4457 882 4510 Vers.
943 4453 1029 4509 33.
1096 4454 1168 4509 Et
1223 4483 1294 4495 —
1341 4451 1514 4521 facio.
1583 4452 1862 4510 Similiter
1919 4459 1974 4510 et
2032 4454 2123 4510 his
2174 4471 2306 4512 exa-

2489 4466 2588 4515 Καὶ
2647 4492 2711 4502 -—
2768 4467 2919 4512 ποιῶ.
2969 4457 3193 4530 Ὀμοίως
3245 4460 3335 4508 καὶ⁹
3404 4461 3519 4530 περὶ
3597 4458 3794 4508 τούτων
3873 4451 4003 4524 ἀκρι-

651 4543 932 4599 ctissime.

2341 4551 2384 4606 D
2418 4549 2669 4604 ϐέστατα.

1117 4631 1272 4688 CAP.
1302 4630 1523 4688 XXXVI.
1551 4634 1627 4686 De
1655 4633 1839 4688 vinea.
2760 4645 2771 4690 1

2760 4643 2903 4690 ΚΕΦ.
2935 4635 3054 4706 Λς’.
3086 4640 3209 4708 Περὶ
3239 4641 3329 4688 τοῦ
3363 4633 3679 4706 ἀμπελῶνος.

724 4722 873 4778 CAP.
910 4722 1012 4775 Xll.
1049 4719 1211 4775 Vers.
1239 4723 1289 4775 1.
1332 4721 1408 4776 Et
1471 4723 1635 4789 erepit
1683 4753 1750 4762 —
1779 4738 2022 4793 peregre
2071 4725 2303 4794 pro/ee-

2491 4732 2590 4781 Καὶ
2638 4726 2834 4800 ἤρξατο
2895 4755 2950 4764 -—
3011 4721 3342 4796 ἀπεδήμησε,
3391 4723 3564 4776 Τοῖλλα
3615 4727 3708 4796 μὲν
3775 4731 3868 4784 τῆς
3927 4738 4007 4770 πα·

652 4815 744 4867 tus
768 4816 868 4867 est.
895 4809 1022 4865 Alia
1043 4810 1287 4882 quidem
1316 4810 1492 4882 hujus
1521 4811 1823 4882 parabolae
1850 4811 2142 4868 declarata
2167 4818 2306 4870 sunt

2415 4815 2639 4890 ραϐολῆς
2684 4818 2879 4877 ταύτης
2950 4815 3352 4887 ἠρμηνεὺθησαν
3405 4812 3454 4864 ἐν
3537 4820 3609 4882 τῷ
3689 4814 4007 4876 πεντηκοστῷ

650 4899 1154 4974 quinquagesimo
1180 4901 1372 4972 capite
1391 4900 1686 4972 Evangelii
1710 4905 2035 4958 secundum
2056 4904 2304 4960 Matthia-

2416 4905 2674 4978 κεφαλαίῳ
2722 4913 2812 4957 τοῦ
2865 4907 2999 4956 κατά
3048 4905 3354 4956 Ματθαίονσ
3413 4901 3692 4960 ὑπολήνιον
3763 4899 3822 4954 δε
3890 4898 4010 4969 λέγει

653 5006 777 5046 um.
811 4990 1030 5044 Lacum
1057 5004 1197 5044 vero
1228 4988 1390 5055 dicit,
1414 4991 1609 5062 qualis
1623 4993 1875 5050 eratsub
1896 4992 2088 5062 altari,
2106 4994 2205 5049 ubi
2220 5010 2305 5049 re-

2417 4999 2474 5048 τὸ
2507 4996 2750 5046 ὑποκάτω
2776 5001 2866 5045 τοῦ
2900 4995 3304 5065 θυσιαστηρίου,
3348 4991 3374 5044 ὃ
3408 4994 3465 5044 τὸ
3516 4991 3650 5064 αἷμα
3698 4999 3799 5043 τῶν
3847 4989 4008 5059 θυομέ-

653 5079 982 5152 cipiebatur
998 5077 1241 5148 sanguis
1264 5078 1636 5145 animalium,
1653 5097 1787 5152 qum
1816 5081 2304 5139 immolabantur.

1370 5078 1787 5152 malium,qum
1816 5081 2304 5139 immolabantur.
2417 5104 2513 5136 νων
2542 5084 2686 5144 ζώων
2713 5079 3020 5155 ὑπεδέχετο.

1823 5231 2038 5299 Varia
2070 5233 2398 5302 lectiones
2432 5243 2497 5302 et
2528 5242 2727 5301 notae.

722 5399 836 5472 (66)
868 5399 1000 5454 Haec
1033 5403 1277 5473 uterque
1317 5399 1376 5473 in
1433 5401 1697 5473 margine
1728 5401 1929 5473 habet.
1992 5403 2305 5460 Hentenius
2489 5402 2603 5468 (67)
2645 5399 2854 5473 ᾼαϐὡν,
2885 5400 3063 5473 B._Ita
3094 5399 3318 5456 Veneti.

652 5464 773 5544 non
811 5464 1102 5544 agnoscit.
1147 5464 1451 5543 R'eperitur
1510 5464 1622 5528 hoc
1677 5472 1966 5529 scholium
2017 5474 2197 5530 etiam
2248 5477 2309 5532 in
2491 5464 2603 5544 (68)
2647 5464 3067 5544 Corrigendum
3094 5473 3328 5527 videtur
3353 5479 3450 5524 τῶν
3472 5470 3530 5544 ob
3556 5472 3695 5544 κατὰ
3721 5473 3872 5544 θεὸν.
3899 5464 4022 5521 Vul-

653 5542 792 5616 edit.
828 5543 1042 5616 Veneta
1066 5541 1486 5616 'I‘beopbylacti
1528 5551 1671 5600 tom.
1712 5550 1756 5609 1,
1787 5561 1846 5616 p.
1873 5545 1998 5600 795.
2034 5545 2102 5603 Β.
2135 5547 2308 5612 Quili-
2419 5541 2626 5615 gatum
2658 5545 2889 5601 Veneti.
2927 5543 3111 5599 Paulo
3138 5549 3275 5599 ante
3302 5541 3533 5598 correxi
3556 5541 3742 5598 etiam
3765 5543 3896 5613 λύσῃ
3924 5551 4017 5611 pro

650 5614 770 5687 bet,
807 5615 1151 5687 utarbitror,
1169 5614 1472 5671 auctbrem
1487 5614 2310 5687 agnoscitmepetitumenim
2421 5614 2591 5687 λύσει,

650 5685 883 5813 ἷὶάθιιει·
903 5701 970 5742 ex
998 5685 1330 5756 allegoricis
1355 5687 1686 5758 quisquiliis
1704 5685 1899 5744 sancti
1925 5688 2160 5746 Maximi
2193 5705 2301 5762 pro

675 5773 914 5813 essorls.

1452 5687 1686 5758 isquiliis
1704 5685 1899 5744 sancti
1925 5688 2160 5746 Maximi
2193 5705 2326 5762 pro-
2507 5686 2622 5759 (69)
2659 5691 2850 5756 Τεκὼν,
2883 5685 3106 5744 Veneti.

675 5773 914 5817 85801⁵18.
