4188 6438
211 388 317 444 833

1226 375 1600 438 (ZOMMENT.
1648 377 1717 432 IN
1758 367 2088 431 MARCUM.
2137 401 2199 410 —
2240 369 2397 424 CAP.
2442 362 2560 424 XII.

3473 362 3579 418 834

287 517 389 566 Καὶ
466 510 733 564 ἀπέστειλε
810 542 879 550 —
958 507 1266 582 ἀμπελῶνος.
1339 507 1421 558 Ἐν
1477 504 1648 575 ἐκείνῳ
1723 505 1811 553 καὶ

1993 495 2156 550 Vers.
2198 499 2251 550 2.
2295 495 2368 548 Et
2397 495 2580 550 emisit
2615 523 2674 533 -
2708 491 2903 548 vineae.
2939 490 3002 545 In
3034 489 3135 545 illo
3166 489 3345 545 etiam
3377 489 3450 545 de
3485 490 3578 545 his

211 606 331 677 περὶ
373 603 570 653 τούτων
601 602 859 676 εὑρήσεις.
905 597 1040 672 Ὀρα
1071 593 1148 662 δὲ,
1182 605 1290 658 πῶς
1329 598 1376 647 οἱ
1427 613 1650 668 γεωργοι
1693 595 1814 651 τοὺς

211 693 447 765 καρποὺς
497 688 858 756 ἀπαιτοῦνται,
892 691 960 750 ὡς
997 685 1300 760 ἐπιμεληταὶ
1343 690 1432 737 καὶ
1463 684 1679 756 φύλακες
1724 687 1815 732 τοῦ

215 781 536 854 ἀμπελῶνος.

287 871 355 922 Οἱ
405 865 464 920 δί
498 899 566 908 --
619 867 937 921 ἀπέκτειναν.
995 871 1096 919 Καὶ
1152 873 1320 917 ταῦτα
1365 865 1536 916 πάντα
1588 857 1815 935 διηρμη-

214 961 367 1016 νεύθη
378 977 473 1010 σαν
504 958 694 1029 ὁμοίως
725 955 846 1010 ἐκεῖ.

287 1048 406 1100 Ἔτι
460 1079 529 1086 —
574 1045 882 1119 ἀμπελῶνος.
938 1049 1038 1098 Καὶ
1088 1051 1250 1097 ταῦτα
1295 1041 1676 1118 παραπλησίως
1721 1047 1816 1098 τῆς

213 1138 592 1214 προσηκούσης
620 1133 725 1188 ἐκεῖ
751 1139 1108 1206 τετυχήκασιν
1144 1132 1462 1205 ἐξηγήσεως.

286 1339 350 1388 Τί
377 1331 467 1386 οὖν
497 1364 566 1373 -
596 1331 789 1394 ἄλλοις.
818 1330 933 1385 Ἐτι
963 1336 1053 1384 καὶ
1075 1338 1254 1384 ταῦτα.

287 1419 429 1477 Οὐδὲ
460 1454 527 1464 -
559 1421 842 1495 ὀφθαλμοῖς
877 1423 1042 1494 ἡμῶν.
1073 1420 1294 1494 Ὁμοίως
1325 1423 1415 1471 καὶ
1453 1426 1636 1472 ταῦτα.

287 1625 389 1674 Καὶ
431 1619 656 1680 ἐζήτουν
685 1649 755 1658 ——
785 1613 910 1672 εἶπε.
946 1620 1081 1691 Πρὸς
1125 1616 1332 1682 αὐτοὺς,
1379 1615 1491 1668 ἀντὶ
1537 1623 1648 1686 τοῦ,
1697 1619 1816 1688 περὶ

211 1710 402 1762 αὐτῶν.
458 1707 612 1760 Οὕτω
653 1709 754 1781 γὰρ
805 1703 938 1759 εἶπεν
982 1707 1007 1758 ὁ
1051 1708 1329 1772 Ματθαῖος,
1388 1705 1511 1778 παρ’
1626 1709 1714 1756 καὶ
1754 1707 1819 1756 τὰ

210 1801 436 1873 ῥηθέντα
467 1799 638 1848 πάντα
668 1792 1081 1867 διασεσοίφηται.

283 1893 386 1942 Καὶ
437 1886 645 1960 ἀφέντες
678 1885 832 1937 αὐτὸν
881 1883 1130 1943 ἀπῆλθον.
1171 1884 1282 1938 Ἵνα
1310 1889 1380 1954 μή
1413 1889 1502 1937 καὶ
1533 1884 1663 1936 α”λλα
1707 1884 1820 1937 κατ’

217 1979 379 2031 αὐτῶν
427 1980 575 2049 (imp,
629 1978 720 2026 καὶ
770 1975 852 2025 ἱνα
899 1975 1300 2027 συσκευάσωσιν
1366 1972 1641 2033 ἐπιϐουλήν
1699 1978 1817 2026 κατ’

223 2068 372 2120 αὐτοῦ
382 2108 394 2121 .

231 2177 372 2224 ΚΕΦ.
452 2169 572 2225 AZ’.
662 2175 787 2244 Περὶ
853 2177 950 2221 τῶν
1035 2169 1468 2244 ἐπερωτησάντων
1555 2168 1647 2224 διὰ
1729 2175 1815 2224 τὸν

909 2267 1120 2317 κῆνσον.

308 2352 410 2402 Καὶ
442 2347 804 2401 ἀποστέλλουσι
838 2379 906 2388 --
934 2348 1090 2420 λόγῳ.
1122 2352 1339 2424 Εἴρηται
1367 2354 1482 2424 περὶ
1529 2353 1723 2402 τούτων
1767 2349 1815 2402 ἐν

231 2447 302 2509 τῷ
343 2445 662 2508 πεντηκοστῷ
707 2443 894 2511 πρώτῳ
924 2437 1182 2510 κεφαλαίῳ
1209 2447 1302 2491 τοῦ
1341 2441 1477 2492 κατὰ
1523 2442 1812 2506 Βίατθαίον,

225 2527 290 2588 εἰς
314 2531 371 2579 τό
401 2528 538 2589 τέλος
565 2528 706 2598 (70).

286 2618 351 2668 Οἱ
380 2647 450 2657 —
497 2612 790 2676 διδάσκεις.
841 2615 952 2668 Ἐπ’
995 2614 1259 2679 ἀληθείας,
1297 2616 1410 2670 ἀντὶ
1439 2625 1551 2683 τοῦ,
1594 2617 1811 2680 ἀληθῶς.

215 2707 434 2776 Εἴρηται
462 2699 523 2756 δὲ
547 2709 636 2757 καὶ
672 2708 786 2776 περὶ
815 2707 1012 2756 τούτων
1046 2703 1092 2756 ἐν
1124 2705 1314 2778 ἐκείνῳ.

280 2792 492 2857 Ἔξεστι
523 2825 589 2835 -
623 2791 699 2845 ἐπ’
749 2793 906 2864 αὐτῷ.
943 2798 1044 2847 Καὶ
1083 2799 1200 2867 περὶ
1243 2797 1436 2848 τούτων
1481 2799 1684 2850 πάντων
1717 2796 1819 2851 ἐκεῖ

210 2879 618 2958 διηρμήνευται.

500 2995 647 3044 ΚΕΦ.
682 2990 811 3042 AH'.
857 2994 980 3064 Περὶ
1007 2998 1106 3041 τῶν
1137 2986 1531 3048 Σαδδουκαίων.

281 3083 412 3140 Kak
465 3080 715 3151 ἔρχονται
777 3109 843 3119 —-
910 3077 1058 3134 εἶναι.
1145 3083 1366 3154 Εἴρηται
1432 3086 1549 3155 περὶ
1626 3086 1816 3136 τούτων

1923 584 2202 641 invenies.
2234 582 2371 638 Vide
2404 589 2602 638 autem
2629 579 2928 653 quomodo
2947 578 3024 635 ab
3047 579 3322 649 agricolis
3354 579 3578 634 fructus

1923 678 2216 746 repetunt,
2251 678 2538 745 tanquam
2561 688 2596 727 a
2619 669 3106 744 procuratoribus
3128 685 3199 725 ac
3223 668 3577 724 custodibus

1924 763 2133 819 vineae.

1997 852 2164 908 Vers.
2197 851 2249 906 3.
2281 851 2356 906 At
2385 851 2483 907 itti
2507 883 2572 890 —
2604 851 2762 906 Vers.
2803 856 2852 908 5.
2883 850 3227 906 occiderunt.
3263 850 3396 904 Haec
3430 863 3581 922 quo-

1926 958 2042 1015 que
2081 941 2285 997 omnia
2325 941 2588 996 similiter
2616 941 2696 995 ibi
2718 941 3020 996 declarata
3060 945 3220 996 sunt.

1998 1031 2166 1086 Vers.
2198 1032 2252 1084 6.
2275 1030 2484 1085 Adhuc
2510 1061 2576 1069 —
2618 1029 2774 1084 Vers.
2806 1031 2860 1084 8.
2896 1030 3144 1085 vineam.
3182 1031 3244 1084 Et
3273 1028 3396 1084 haec
3423 1027 3582 1084 simi-

1925 1120 2054 1177 liter
2091 1121 2359 1192 proxime
2389 1118 2683 1175 accedunt
2710 1118 2783 1174 ad
2817 1135 2971 1185 eam,
3005 1135 3140 1190 quae
3190 1118 3272 1174 ibi
3297 1117 3438 1175 data
3467 1123 3577 1183 est,

1927 1214 2369 1266 enarrationem
2383 1252 2396 1266 .

1998 1299 2161 1355 Vers.
2189 1304 2242 1355 9.
2278 1299 2428 1366 Quid
2458 1313 2594 1368 ergo
2621 1329 2689 1338 —-
2715 1298 2872 1353 aliis.
2906 1299 3192 1354 Praeterea
3216 1301 3271 1354 et
3298 1297 3448 1353 haec.

1998 1388 2159 1444 Vers.
2195 1389 2280 1442 10.
2312 1388 2406 1443 An
2437 1403 2539 1444 nec
2569 1419 2636 1427 —
2685 1388 2842 1443 Vers.
2866 1389 2954 1444 11.
3004 1389 3185 1444 oculis
3217 1390 3450 1444 nostris.
3504 1388 3584 1444 Si-

1929 1477 2140 1534 militer
2166 1483 2223 1532 et
2240 1478 2384 1532 haec.

1999 1568 2160 1622 Vers.
2197 1568 2279 1622 12.
2309 1568 2384 1621 Et
2401 1568 2736 1638 quaerebant
2763 1598 2827 1608 —-
2849 1567 3088 1624 dixerat
3114 1597 3181 1608 —
3206 1567 3304 1622 Ad
3331 1584 3443 1635 eos,
3469 1568 3583 1624 hoc

1928 1662 2034 1724 est,
2065 1656 2138 1712 de
2165 1656 2307 1728 ipsis
2333 1675 2346 1724 ;
2376 1658 2454 1712 ita
2475 1657 2637 1712 enim
2670 1656 2812 1712 dixit
2833 1657 3160 1727 Matthazus,
3191 1657 3354 1728 apud
3396 1674 3580 1729 quem

1929 1745 2209 1819 praedicta
2236 1746 2441 1802 omnia
2467 1745 2846 1801 manifestata
2873 1749 3012 1800 sunt
3036 1748 3106 1802 ‘9.

2000 1835 2160 1890 Vers.
2209 1836 2296 1891 12.
2323 1836 2399 1889 Et
2429 1851 2486 1890 eo
2530 1835 2735 1891 relicto
2789 1837 3002 1906 egressi
3049 1836 3202 1891 sunt.
3256 1839 3336 1893 Ne
3374 1841 3432 1892 et
3463 1837 3582 1894 alia

1929 1925 2216 1980 adversus
2232 1940 2336 1980 eos
2359 1924 2604 1979 diceret:
2634 1930 2814 1996 utque
2842 1923 3092 1981 insidias
3123 1925 3415 1982 adversus
3440 1944 3581 1984 eum

1926 2018 2345 2087 prwpararent.

2000 2103 2150 2160 CAP.
2182 2103 2433 2159 XXXVII.
2462 2104 2540 2157 De
2565 2102 3069 2173 interrogantibus
3093 2106 3396 2163 Dominum
3424 2123 3583 2164 occa-

2549 2193 2705 2248 sione
2731 2209 2947 2250 census.

1997 2284 2165 2339 Vers.
2205 2284 2286 2338 l3.
2320 2285 2397 2338 Et
2421 2283 2692 2338 emittunt
2717 2314 2784 2322 —
2809 2298 3088 2343 sermone.
3125 2285 3354 2342 Dictum
3386 2294 3478 2344 est
3506 2289 3582 2344 de

1925 2373 2016 2428 his
2045 2372 2552 2444 quinquagesimo
2591 2371 2787 2444 primo
2814 2374 2986 2445 juxta
3016 2376 3358 2432 Matthaaum
3391 2380 3582 2451 capite

1928 2462 2086 2518 circa
2115 2461 2318 2517 ﬁnem.

2002 2553 2161 2608 Vers.
2198 2553 2282 2606 14.
2311 2551 2423 2619 Qui
2447 2583 2514 2592 -
2545 2551 2730 2608 doces.
2765 2553 2826 2608 In
2855 2555 3120 2622 veritate,
3150 2555 3264 2612 hoc
3286 2561 3395 2624 est,
3423 2573 3581 2618 vero.

1929 2642 2160 2698 Dictum
2189 2646 2278 2696 est
2307 2648 2364 2697 et
2388 2641 2462 2696 de
2493 2641 2588 2696 his
2612 2642 2859 2698 ibidem.

2001 2733 2158 2786 Vers.
2193 2732 2277 2786 14.
2317 2730 2476 2786 Licet
2508 2762 2577 2770 —
2612 2729 2772 2786 Vers.
2809 2732 2894 2787 17.
2928 2733 3000 2790 de
3037 2749 3120 2790 eo.
3184 2737 3261 2790 De
3312 2735 3405 2791 his
3435 2753 3585 2810 quo-

1928 2836 2047 2894 que
2077 2820 2360 2877 omnibus
2389 2820 2533 2876 data
2563 2821 2746 2876 estibi
2778 2823 3198 2894 interpretatio.

2272 2909 2428 2964 CAP.
2462 2910 2747 2966 XXXVIII.
2783 2912 2859 2968 De
2885 2911 3235 2970 Sadduczis.

2001 2997 2164 3056 Vers.
2202 2999 2284 3054 18.
2326 2999 2400 3052 Ει
2426 2999 2671 3055 veniunt
2713 3031 2782 3040 —
2812 3016 2944 3057 esse.
2995 3002 3227 3060 Dictum
3277 3009 3368 3060 est
3395 3004 3470 3061 de
3496 3005 3586 3061 his

1929 3087 2434 3160 quinquagesimo
2460 3088 2628 3144 tertio
2658 3089 2844 3161 capite
2889 3091 3192 3164 Evangelii
3252 3095 3588 3152 secundum

205 3167 254 3220 ἐν
339 3175 414 3238 τῷ
510 3176 841 3239 πεντηκοστῴ
917 3173 1076 3244 τρίτῳ
1157 3170 1416 3243 κεφαλαίῳ
1502 3179 1594 3224 τοῦ
1681 3177 1817 3227 κατὰ

1970 3156 2290 3233 [ᾶῐὼῖευίῑι.

204 3259 502 3312 Ματθαίον.

285 3352 388 3400 Kai
426 3345 772 3414 ἐπηρώτησαν
817 3378 878 3388 -
909 3356 982 3419 τῷ
1029 3344 1233 3422 ἀδελφῷ
1281 3349 1461 3405 αὐτοῦ.
1514 3350 1595 3406 Ἐν
1642 3353 1814 3424 ἐκείνῳ

204 3441 330 3512 περὶ
355 3439 552 3490 τούτων
584 3435 772 3508 ἇλέχθη
783 3475 796 3488 .

283 3525 451 3581 Ἑπτὰ
530 3556 597 3568 —-
656 3533 904 3598 γυναῖκα.
983 3524 1201 3599 Ὁμοίως
1275 3534 1364 3582 καὶ
1434 3535 1550 3604 περὶ
1624 3534 1818 3584 τούτων

207 3617 422 3668 πάντων
431 3657 444 3668 .

290 3709 395 3757 Καὶ
447 3702 742 3778 ἀποκριθεὶς
788 3736 859 3748 -
913 3713 1084 3773 Θεοῦ;
1127 3709 1222 3759 Διὰ
1263 3715 1437 3776 τοῦτο,
1489 3717 1674 3778 ποῖον;
1726 3715 1822 3764 Διὰ

207 3797 274 3846 τὸ
361 3793 528 3856 οὕτως
588 3793 828 3867 ἐμπαθῶς

211 3886 476 3944 στάσεως.

909 3795 1286 3869 ὑπολαμϐάνειν
1356 3803 1473 3872 περὶ
1537 3807 1632 3862 τῆς
1701 3800 1813 3854 ἁνα-

285 3971 355 4025 Ἠ
428 3969 521 4024 διὰ
587 3975 645 4025 τὸ
705 3978 776 4046 μή
846 3970 1037 4026 εἰδέναι
1084 3977 1177 4036 τὰς
1235 3979 1460 4050 Γραφὰς,
1524 3974 1664 4050 μηδὲ
1729 3984 1823 4039 τὴν

205 4059 442 4135 δύναμιν
508 4069 602 4114 τοῦ
696 4071 852 4134 Θεοῦ,
928 4068 1044 4139 περὶ
1110 4065 1178 4116 ὧν
1266 4067 1454 4138 ὁμοίως
1521 4065 1626 4119 ίκιῐ
1698 4064 1823 4121 δια-

208 4155 536 4225 σεσάφηται,

279 4241 450 4294 Ὅταν
514 4271 583 4282 -—
652 4239 901 4314 οὐρανοῖς.
979 4241 1139 4294 Ὀταν
1201 4245 1469 4298 ἀναστῶσι
1534 4249 1716 4309 πάντες
1774 4251 1823 4300 οἱ

206 4334 509 4406 ἅνθρωποι.
557 4333 654 4383 Καὶ
700 4335 816 4404 περὶ
847 4333 1039 4384 τούτων
1071 4328 1130 4384 δὲ
1174 4332 1405 4392 ζήτησον
1449 4333 1497 4386 ἐν
1535 4334 1705 4409 ἐκείνῳ
1750 4347 1822 4409 τῷ

205 4421 507 4493 κεφαλαίῳ.

2001 3265 2163 3320 Vers.
2193 3267 2280 3320 18.
2321 3266 2396 3320 Et
2423 3265 2937 3337 interrogaverunt
2975 3300 3042 3308 —
3074 3270 3239 3325 Vers.
3275 3271 3364 3327 19.
3393 3273 3586 3342 fratri

1924 3369 2044 3410 suo.
2079 3354 2142 3408 In
2172 3354 2270 3409 illo
2303 3354 2527 3409 dictum
2550 3359 2638 3410 est
2669 3355 2743 3410 de
2783 3356 2896 3410 his.

2007 3442 2164 3498 Vers.
2202 3447 2288 3498 20.
2315 3441 2547 3511 Septem
2585 3474 2654 3484 —-
2684 3444 2851 3500 Vers.
2885 3445 2971 3502 23.
3005 3462 3272 3504 uxorem.
3306 3449 3589 3506 Similiter

1929 3537 1986 3588 et
2015 3532 2088 3587 de
2112 3531 2206 3587 his
2245 3532 2552 3589 omnibus.

2002 3622 2164 3678 Vers.
2188 3622 2278 3679 24.
2309 3625 2377 3677 Et
2407 3623 2762 3693 respondens
2791 3654 2861 3664 --
2887 3625 3006 3682 Dei
3026 3625 3053 3680 ‘I
3074 3657 3142 3665 —
3166 3626 3412 3698 Propter
3441 3629 3584 3696 hoc;

1932 3712 2233 3780 Quidnam
2264 3711 2292 3767 ?
2311 3715 2569 3781 Propter
2600 3713 2728 3780 hoc,
2758 3714 2925 3786 quod
2953 3717 3271 3774 carnaliter
3299 3718 3374 3774 de
3399 3735 3590 3775 resur-

1930 3804 2193 3860 rectione
2221 3803 2506 3860 sentiatis.

2007 3893 2106 3948 Vel
2136 3897 2373 3963 Propter
2394 3900 2522 3960 hoc,
2556 3894 2715 3966 quod
2746 3895 3009 3951 nesciatis
3035 3897 3375 3966 Scripturas
3407 3914 3593 3971 neque

1931 3983 2250 4052 potentiam
2316 3983 2444 4041 Dei.
2501 3983 2582 4040 De
2624 3984 2847 4057 quibus
2900 3985 3168 4043 similiter
3227 3987 3311 4044 ibi
3365 3988 3593 4046 dictum

1933 4077 2044 4129 est.

2007 4161 2171 4216 Vers.
2194 4162 2283 4216 25.
2317 4162 2464 4218 Cum
2520 4193 2588 4202 —-
2613 4163 2768 4219 caelis
2799 4195 2867 4204 —
2916 4167 3061 4222 Cum
3117 4168 3583 4233 resurrezerint,

1933 4265 2144 4306 omnes
2176 4250 2444 4306 videlicet
2462 4251 2765 4308 homines.
2796 4255 2861 4310 Et
2883 4253 2958 4310 de
2988 4254 3081 4310 his
3103 4271 3345 4327 quoque
3370 4256 3586 4313 eodem

1933 4339 2126 4412 capite
2155 4355 2377 4412 quaere.

2003 4429 2178 4485 Vers.
2217 4433 2306 4486 26.
2343 4431 2431 4486 De
2460 4462 2527 4472 —
2559 4432 2722 4488 Vers.
2761 4435 2852 4490 27.
2895 4436 3234 4493 viventium.
3267 4437 3334 4491 Et
3354 4435 3484 4493 haec
3510 4435 3594 4492 ibi

286 4514 417 4582 Περὶ
477 4539 545 4549 -
595 4509 818 4569 ζώντων.
872 4515 972 4563 Καὶ
1020 4519 1184 4564 ταῦτα
1229 4515 1398 4567 πάντα
1440 4513 1546 4569 ἐκεῖ
1584 4516 1818 4571 λελεπτυ-

1970 4533 2039 4575 ιθτ
2077 4518 2315 4590 singula
2339 4525 2477 4576 sunt
2497 4521 2840 4594 explanata.

205 4599 462 4671 λὸγηται.
511 4603 623 4672 Χρὴ
675 4595 735 4651 δε
788 4606 1082 4670 γινώσκειν,
1129 4603 1210 4654 ὃτι
1255 4609 1345 4656 καὶ
1383 4606 1413 4663 ἡ
1463 4604 1622 4679 βάτος
1659 4613 1749 4661 καὶ
1797 4611 1822 4662 ὁ

210 4687 386 4761 βάτος
417 4683 714 4762 ἀδιαφόρως
743 4687 992 4760 λέγονται.

288 4777 467 4849 Ὑμεῖς
532 4806 603 4816 —-
672 4776 952 4834 πλανᾶσθε,
1023 4779 1144 4852 Οὐχ
1215 4780 1405 4848 ἁπλῶς,
1483 4783 1610 4838 ἀλλὰ
1664 4789 1821 4842 πάνυ.

203 4873 388 4920 Τοῦτο
452 4862 512 4919 δὲ
576 4869 914 4940 προσέθηκεν,
991 4872 1060 4932 ὡς
1138 4868 1418 4943 προδήλως
1483 4874 1822 4950 ἐληλεγμένων

204 4976 344 5015 mon
352 4975 456 5008 των
465 4998 476 5009 .

529 5068 677 5119 ΚΕΦ.
709 5065 842 5120 ΛΘ¹.
878 5070 1002 5139 Περὶ
1031 5062 1122 5118 τοῦ
1153 5073 1519 5142 Γραμματέως.

289 5156 398 5206 Καὶ
457 5152 752 5226 προσελθὼν
810 5185 879 5196 -
944 5153 1158 5223 ἐντολή;
1208 5164 1392 5232 Πρώτη
1441 5163 1664 5230 πάντων,
1722 5175 1822 5218 τῶν

198 5245 408 5314 νόμων.
473 5245 696 5317 Εἴρηται
748 5238 808 5295 δὲ
854 5249 973 5320 περὶ
1023 5248 1209 5298 τούτου
1267 5247 1318 5300 ἕν
1365 5258 1438 5322 τῷ
1487 5265 1822 5330 πεντηκοστῷ

200 5333 450 5408 τετάρτῳ
481 5331 739 5405 κεφαλαίῳ
764 5340 854 5386 τοῦ
885 5336 1021 5388 κατὰ
1046 5337 1337 5394 Ματθαῖον.

289 5487 340 5522 ⁸⁸
385 5485 590 5544 Matth.
629 5501 749 5556 xxx,
776 5487 866 5544 45.

2004 4700 2165 4755 Vers.
2196 4701 2292 4755 27.
2356 4699 2462 4755 Vos
2519 4730 2588 4740 —
2644 4701 2876 4757 erratis.
2925 4705 3054 4759 Non
3099 4706 3424 4777 utcunque,
3485 4703 3592 4760 sed

1933 4787 2210 4845 multum.
2241 4789 2358 4845 Hoc
2383 4793 2586 4846 autem
2618 4789 2867 4856 addidit,
2893 4796 3186 4864 tanquam
3207 4809 3416 4850 eorum
3448 4794 3586 4850 insi-

1934 4878 2222 4950 pientiam
2263 4879 2572 4934 manifeste
2606 4895 2883 4951 arguens.

2383 4989 2533 5044 CAP.
2553 4989 2783 5045 XXXIX.
2812 4991 2899 5047 De
2924 4991 3150 5048 Scriba.

2003 5079 2172 5135 Vers.
2201 5079 2290 5134 28.
2331 5079 2404 5134 Et
2434 5079 2705 5136 accedens
2727 5110 2795 5120 —
2824 5080 3235 5139 mandatorum
3264 5084 3292 5140 ?
3321 5083 3590 5142 Primum

1932 5168 2226 5237 omnium,
2257 5185 2389 5240 qua:
2420 5174 2557 5226 sunt
2598 5169 2660 5225 in
2689 5169 2840 5239 lege.
2875 5170 3108 5228 Dictum
3147 5175 3237 5228 est
3283 5178 3486 5230 autem
3512 5173 3588 5230 de

1929 5259 2047 5315 hoc
2087 5257 2590 5332 quinquagesimo
2628 5264 2847 5332 quarto
2901 5260 3095 5332 capite
3143 5262 3448 5335 Evangelii
3502 5277 3592 5320 se-

1931 5349 2200 5406 cundum
2225 5348 2585 5406 Matthaeum.

1475 5622 1693 5694 Variae
1717 5625 2046 5699 lectiones
2077 5637 2142 5697 et
2172 5636 2350 5697 notae

293 5755 413 5832 (70)
444 5759 573 5835 Περὶ
600 5760 660 5813 τό
695 5756 858 5829 τίλος,
887 5765 944 5816 Β.
