4188 6428
661 321 766 382 835

735 453 894 508 Vers.
962 451 1050 505 29.
1111 451 1276 506 Jesus
1329 454 1523 505 autem
1582 480 1642 489 —
1697 447 1860 502 Vers.
1893 449 1980 503 3t.
2032 447 2304 514 teipsum.
2349 442 2396 496 Α

662 540 846 595 Etiam
875 538 948 594 de
979 538 1070 594 his
1102 538 1156 592 in
1191 537 1290 593 illo
1322 537 1689 609 disputatum
1721 540 1830 590 est.

730 629 874 684 Illud
905 633 1104 683 autem
1136 627 1310 692 Audi,
1345 626 1547 690 Israel,
1598 623 1880 680 Dominus
1912 623 2060 680 Deus
2109 625 2312 686 vester,

659 719 930 775 Dominus
956 734 1106 773 unus
1154 720 1254 781 est,
1290 716 1601 770 Matthaaus
1646 730 1766 770 non
1809 712 2068 784 scripsit,
2113 717 2312 783 utpote

659 809 1021 881 prommium
1053 806 1229 879 primi
1252 805 1549 876 praecepti.
1585 804 1706 858 Hoc
1737 819 1878 858 vero
1915 809 2034 858 tres
2065 801 2310 858 demon-

661 901 806 953 strat
823 898 1507 969 hypostases,unamque
1529 892 1854 948 Divinitatis
1870 890 2311 947 naturam.Cum

658 986 816 1043 enim
848 986 1081 1056 dicitur,
1121 985 1418 1050 Dominus,
1478 981 1708 1045 deinde,
1743 982 1914 1045 Deus,
1956 986 2013 1036 et
2051 995 2309 1046 rursum,

655 1077 952 1139 Dominus,
986 1080 1102 1131 tres
1147 1088 1419 1145 personae
1462 1070 1962 1136 manifestantur;
2003 1068 2166 1141 quod
2213 1085 2315 1124 au-

657 1170 774 1221 tem
807 1164 1065 1228 additur,
1098 1179 1267 1227 unus,
1303 1167 1530 1218 naturae
1562 1159 1825 1215 declarat
1859 1160 2165 1214 unitatem.

726 1253 852 1309 Alio
883 1269 1124 1325 quoque
1169 1252 1352 1308 modo
1393 1250 1508 1306 dici
1559 1255 1774 1322 potest,
1823 1248 1987 1322 quod
2045 1246 2315 1303 videlicet

656 1340 914 1397 Hebraeis
940 1341 1219 1414 frequens
1281 1342 1353 1396 sit
1409 1341 1535 1396 haec
1566 1339 1958 1411 reduplicatio
2009 1337 2310 1401 Dominus,

657 1434 956 1560 {)ominus,
989 1437 1064 1498 et,
1101 1433 1270 1502 Deus,
1310 1433 1482 1495 Deus,
1526 1436 1766 1503 propter
1803 1429 1932 1500 ejus
1989 1427 2316 1484 sublimita-

685 1520 805 1560 em.

685 1520 805 1562 en).

729 1596 892 1651 Vers.
921 1595 1008 1650 31.
1052 1595 1246 1664 Majus
1280 1623 1347 1634 -—
1399 1596 1496 1648 est.
1525 1591 1648 1648 Hoc
1696 1589 2180 1648 conﬁrmativum
2231 1595 2320 1648 est

656 1685 808 1756 ejus,
823 1685 988 1758 quod
1006 1683 1172 1750 dixit,
1193 1690 1483 1756 praecepta
1501 1681 1598 1738 illa
1613 1681 1875 1754 primum
1897 1696 1968 1737 ac
1980 1679 2314 1736 secundum

654 1789 802 1830 0886.

729 1866 890 1920 Vers.
931 1863 1016 1918 32.
1059 1863 1136 1917 Et
1165 1864 1244 1917 ait
1267 1864 1512 1917 —Vers.
1544 1860 1633 1917 33.
1662 1860 1925 1916 victimae.
1970 1859 2136 1922 Vide,
2169 1862 2319 1930 quo‘

650 1952 834 2009 modo
860 1957 1001 2008 tunc
1025 1951 1210 2007 Judaei
1243 1951 1530 2015 victimas,
1561 1951 1680 2006 sive
1708 1949 2021 2013 sacriﬁcia,
2041 1964 2145 2021 pro
2168 1964 2314 2021 prae-

653 2041 830 2097 claris
861 2041 1226 2097 facinoribus
1270 2039 1592 2104 ducebant,
1620 2046 1864 2096 caeteras
1895 2039 2150 2094 virtutes
2188 2053 2311 2093 non

650 2135 944 2186 curantes.
1015 2130 1377 2186 Intellectum
1461 2135 1661 2186 autem
1721 2129 1916 2185 scriba
1989 2117 2315 2201 appellatit

651 2224 913 2276 mentem
951 2220 1170 2292 ipsam.

721 2311 880 2365 Vers.
913 2309 999 2365 34.
1036 2311 1111 2365 At
1140 2340 1205 2351 -
1243 2310 1357 2366 Dei.
1406 2312 1484 2366 De
1527 2309 1643 2365 hoc
1681 2308 1855 2364 docet
1898 2307 2040 2362 ﬁnis
2075 2321 2312 2364 enarra-

651 2399 828 2456 tionis
858 2399 1122 2471 praedicti
1152 2400 1388 2472 capitis.

720 2492 882 2545 Vers.
909 2491 998 2544 34.
1032 2489 1102 2544 Et
1133 2506 1293 2546 nemo
1322 2520 1385 2530 ——
1415 2489 1794 2560 interrogare.
1835 2487 1913 2541 De
1937 2486 2050 2542 hoc
2083 2485 2309 2542 dictum

648 2584 740 2635 est
768 2580 1270 2650 quinquagesimo
1299 2578 1508 2650 quinto
1536 2579 1728 2650 capite
1769 2576 2063 2648 Evangelii
2095 2591 2312 2632 secun-

645 2668 793 2725 dum
851 2669 1208 2733 Mattheeum,
1265 2667 1782 2741 postquamtipse
1844 2666 2311 2741 interrogaverat

650 2757 997 2814 Pharisaaos.

889 2915 1042 2970 CAP.
1069 2915 1174 2972 XL.
1209 2917 1293 2973 De
1324 2916 1791 2988 interrogatione
1819 2917 2068 2973 Domini.

719 3005 874 3060 Vers.
907 3005 994 3061 35.
1053 3005 1129 3061 Et
1159 3006 1520 3076 respondens
1581 3038 1650 3047 —
1705 3007 1867 3062 Vers.
1912 3011 1997 3063 37.
2041 3009 2167 3077 ejus
2205 3010 2306 3088 est.

648 3093 729 3148 De
754 3092 848 3148 his
889 3093 1199 3150 manifeste
1229 3095 1453 3152 dictum
1485 3101 1572 3152 est
1618 3096 1897 3168 praedicto
1927 3097 2308 3169 quinquage-

644 3182 800 3239 simo
829 3183 1037 3256 quinto
1067 3185 1272 3256 capite.
1309 3187 1387 3240 Ne
1421 3191 1622 3242 autem
1663 3185 1769 3241 tibi
1797 3185 2066 3242 insolens
2088 3186 2298 3242 videa-

645 3274 743 3327 tur
770 3272 934 3344 quod
964 3272 1205 3339 habeat,
1249 3273 1430 3340 Dicit;
1465 3274 1762 3347 siquidem
1796 3275 2083 3331 Hebraica
2127 3275 2300 3330 dictio

644 3363 702 3416 et
727 3359 873 3416 Dicit
912 3363 1206 3433 signiﬁcat
1255 3370 1308 3420 et
1343 3364 1510 3419 Dixit.
1547 3363 1680 3421 Ideo
1710 3364 1808 3420 hic
1848 3364 2090 3437 quidem
2115 3363 2299 3429 illam,

641 3449 736 3507 ille
774 3457 974 3508 autem
1016 3453 1172 3509 hanc
1194 3453 1691 3523 signiﬁcationem
1725 3453 2134 3510 indifferenter
2155 3453 2306 3509 acci-

643 3540 729 3613 pit
757 3558 769 3596 :
797 3547 853 3597 et
875 3541 1155 3614 pleraque
1189 3543 1407 3598 similia
1434 3542 1772 3616 frequenter
1798 3542 2193 3599 inveniemus.

715 3631 871 3685 Vers.
897 3635 984 3686 37.
1047 3633 1128 3687 Et
1153 3632 1335 3687 multa
1377 3662 1444 3672 —
1489 3631 1763 3688 libenter.
1813 3633 2126 3705 Tanquam
2169 3646 2306 3686 sua-

641 3717 785 3774 viter
849 3719 1354 3775 sermocinantem
1419 3736 1432 3774 :
1473 3720 1561 3775 vel
1613 3728 1903 3792 tanquam
1950 3720 2122 3777 facile
2173 3719 2302 3776 illos

642 3805 1080 3874 devincentem,
1114 3812 1170 3863 et
1197 3808 1363 3879 quod
1401 3808 1479 3864 ab
1499 3809 1726 3866 invidia
1779 3825 1906 3866 sese
1930 3810 2056 3882 ipse
2089 3809 2305 3867 libera-

644 3895 807 3951 verit.

711 3986 871 4040 Vers.
901 3985 989 4041 38.
1021 3986 1100 4042 Et
1121 3987 1275 4044 dixit
1308 4019 1373 4030 —
1400 3988 1626 4047 scribis.
1672 3989 2012 4062 Prospicite,
2044 3989 2160 4048 hoc
2190 3994 2303 4070 est,

643 4078 869 4132 cavete.

711 4165 873 4220 Vers.
923 4166 1010 4222 38.
1067 4165 1176 4235 Qui
1245 4197 1303 4209 -
1353 4167 1765 4229 obambulare.
1825 4170 1972 4227 Dicit
2015 4170 2083 4227 de
2150 4170 2296 4243 ipsis

1975 315 2326 375 EU'I‘HYMII
2367 307 2700 372 ZIGABENI
3889 323 3974 384 336

2494 443 2552 495 '0
2577 443 2689 514 (7t)
2715 439 2774 495 δε
2802 443 3004 504 Ἰησοῦς

2425 530 2597 604 έκείνῳ
2633 530 2954 590 διείληπται.

2494 626 2563 674 T6
2621 619 2697 680 δε.
2771 621 2980 692 Ἀκουε,
3041 621 3278 695 Ἰσραὴλ,
3358 625 3548 695 Κύριος
3604 625 3628 676 6
3679 629 3792 688 Θεὸς
3837 630 3967 702 ὑμῶν¹

2689 677 2696 680 .
2965 677 2980 692 ,
3122 679 3131 695 ,
3210 677 3219 681 -
3266 677 3277 688 ,
3438 677 3446 695 ,
3534 677 3546 685 .
3691 677 3703 679 -
3751 677 3792 688 κ.
3843 677 3967 702 Tm,

2427 713 2616 786 Κύριος
2672 713 2739 772 εἷς
2797 709 2957 777 ἐστιν,
3015 711 3107 764 οὐκ
3163 709 3449 784 ἀνέγραψεν
3525 713 3549 763 6
3610 717 3873 780 Ματθαῐος,
3923 722 3973 779 ὡς

2423 807 2696 873 προοίμιον
2728 809 2817 861 τῆς
2843 807 3052 874 πρώτης
3097 799 3297 861 ἐντολῆς
3322 818 3333 829 ⁸
3365 799 3595 872 ἐμφαίνει
3636 799 3691 856 δε
3727 812 3864 858 τοῦτο
3901 810 3970 868 τὰς

3043 473 3063 485 ι
3085 473 3111 484 -
3143 443 3384 496 σεαυτόν.
3421 447 3522 495 Καὶ
3567 449 3679 519 περὶ
3705 467 3788 500 του
3825 469 3908 503 των
3933 453 3972 506 έν

2423 898 2555 964 τρεῖς
2605 891 2942 956 ὑποστάσεις,
2991 895 3080 942 καὶ
3111 895 3202 948 τὴν
3234 894 3354 962 μίαν
3399 893 3553 961 φύσιν
3601 899 3688 954 τῆς
3735 895 3968 956 Θεοτητος·

2423 984 2480 1032 τὸ
2511 983 2600 1052 με)
2629 983 2729 1052 γὰρ
2756 981 2963 1052 Κύριος,
2992 985 3080 1031 καὶ
3108 983 3166 1032 τό
3199 981 3223 1030 6
3251 982 3402 1044 θεὸς,
3429 985 3522 1032 καὶ
3555 977 3696 1042 αὖθις
3723 985 3776 1035 τὸ
3795 987 3968 1059 Κύριος,

2422 1076 2521 1120 τῶν
2553 1077 2706 1143 τριῶν
2745 1075 3035 1141 προσώπων
3081 1069 3183 1122 εἰσὶ
3233 1065 3502 1127 δηλωτικοί
3528 1088 3539 1099 ·
3592 1074 3645 1122 τὸ
3675 1067 3730 1125 δε
3773 1074 3851 1136 εἷς,
3893 1083 3969 1136 τῆς

2423 1164 2545 1230 μιᾶς
2573 1161 2792 1230 φύσεως.

2497 1247 2599 1300 Καὶ
2653 1247 2829 1321 ἑτέρως
2893 1243 2968 1316 δὲ,
3036 1248 3262 1306 συνήθης
3320 1245 3581 1320 Ἑϐραίοις
3631 1251 3658 1306 ἡ
3715 1246 3966 1302 ἁναδίπλω·

2428 1355 2505 1396 σις
2534 1344 2624 1388 τοῦ
2675 1337 2869 1410 Κύριος
2911 1338 3124 1410 Κύριος,
3169 1341 3259 1388 καὶ
3303 1337 3328 1388 6
3369 1339 3500 1398 Θεὸς
3526 1339 3551 1390 6
3587 1342 3716 1402 Θεὸς,
3760 1335 3843 1391 διὰ
3891 1344 3970 1397 τὴν

2425 1428 2714 1500 ὑπεροχήν.

2500 1625 2703 1685 Μείζων
2761 1653 2827 1662 —-
2879 1625 3035 1676 ἔστιν.
3103 1628 3266 1674 Τοῦτο
3323 1619 3672 1684 έπιϐεϐαίωσίς
3735 1622 3836 1674 έστι
3886 1629 3965 1673 τοῦ
4119 1623 4121 1658 l

2345 1737 2386 1792 Β
2427 1718 2632 1785 πρώτην
2657 1718 2746 1764 καὶ
2769 1709 3032 1785 δευτέραν,
3060 1716 3220 1784 μόνας
3245 1710 3436 1774 ἐκείνας
3467 1709 3602 1766 εἶναι.

2497 1907 2602 1960 Kal
2658 1902 2790 1959 εἶπεν
2843 1936 2912 1944 -
2971 1905 3184 1956 Θυσιῶν.
3247 1902 3397 1978 Ὅρα,
3461 1913 3558 1964 πῶς
3608 1905 3650 1956 οἱ
3700 1909 3949 1961 τηνικαῦτα

2422 1991 2670 2048 Ἰουδαῖοι
2701 1997 2789 2055 τὰς
2817 1996 3000 2054 Θυσίας
3034 1992 3147 2046 ἀντὶ
3172 1996 3572 2068 κατορθωμάτων
3611 1992 3836 2064 ἐνόμιζον,
3863 1998 3953 2042 τῶν

2422 2084 2584 2136 ἄλλων
2616 2083 2914 2157 ἀμελοῦντες
2943 2082 3153 2158 ἀρετῶν.
3192 2085 3400 2136 Σύνεσιν
3427 2078 3486 2135 δε
3510 2083 3853 2155 ὀγραμματεὺς
3878 2083 3962 2136 τὴν

2424 2171 2660 2226 διάνοιαν
2685 2174 2939 2245 ὠνόμασε.

2489 2371 2597 2423 Καὶ
2628 2373 2653 2422 6
2698 2402 2761 2411 —
2794 2379 2884 2422 τοῦ
2933 2377 3087 2426 Θεοῦ.
3132 2372 3201 2421 T6
3247 2368 3389 2430 τέλος
3435 2376 3533 2431 τῆς
3573 2367 3845 2438 έξηγήσεως
3894 2370 3970 2416 τοῦ

2420 2456 2455 2512 δ
2460 2460 2740 2522 ηλωθέντος
2764 2460 3038 2532 κεφαλαίου
3064 2463 3182 2531 περὶ
3209 2460 3395 2510 τούτου
3423 2453 3688 2512 διδάσκει.

2492 2568 2594 2621 Kal
2656 2565 2831 2630 οὐδεὶς
2895 2599 2958 2608 —-
3021 2565 3367 2639 έπερωτῆσαι.
3428 2566 3507 2618 Ἐν
3560 2571 3630 2635 τῷ
3679 2567 3974 2629 πεντηκοστῷ

2418 2662 2634 2730 πέμπτῳ
2691 2656 2952 2729 κεφαλαίῳ
3010 2664 3102 2707 τοῦ
3145 2659 3276 2708 κατά
3324 2657 3591 2707 Ματθαῐον
3643 2657 3830 2728 εἴρηται
3881 2654 3980 2724 περὶ

2419 2751 2624 2812 τούτου,
2675 2750 2805 2820 μετά
2851 2751 2909 2798 τὸ
2941 2745 3328 2821 έπερωτηθῆναι
3368 2745 3489 2818 παρ’
3547 2743 3702 2797 αὑτοῦ
3746 2745 3852 2801 τοὺς
3889 2744 3977 2791 Φα-

2418 2855 2680 2911 ρισαιους.

2489 2928 2637 2982 ΚΕΦ.
2672 2926 2760 2980 Μ’.
2796 2930 2920 2998 Περὶ
2949 2933 3045 2988 τῆς
3073 2931 3163 2978 τοῦ
3197 2924 3390 2998 Κυρίου
3419 2921 3794 2998 έπερωτὴσεως.

2346 3037 2387 3093 C
2490 3070 2594 3123 Kal
2660 3066 2955 3144 ἀποκριθεὶς
3017 3097 3089 3110 -
3148 3065 3288 3132 έστι;
3367 3071 3492 3140 Περὶ
3573 3067 3760 3118 τούτων
3817 3061 3975 3133 έλέχθη

2419 3166 2590 3231 σαφῶς
2638 3156 2686 3209 έν
2723 3166 2793 3228 τῷ
2836 3158 3044 3232 ῥηθέντι
3086 3165 3421 3226 πεντηκοστῷ
3471 3161 3689 3228 πέμπτῳ
3734 3151 3978 3225 κεφαλαίῳ.

2415 3252 2500 3306 Μὴ
2555 3247 2725 3320 ξενίσῃ
2782 3265 2840 3298 σε
2892 3243 2951 3299 δε
3006 3250 3100 3298 τό·
3172 3250 3325 3317 Λέγει
3382 3247 3408 3297 6
3458 3245 3657 3320 Κύριος
3709 3251 3779 3314 τῷ
3832 3242 3981 3313 Κυρίῳ

2413 3356 2535 3410 μου,
2562 3336 2618 3389 'H
2645 3339 2746 3410 γὰρ
2772 3334 3016 3409 Ἐϐραίκη
3050 3334 3188 3398 λέξις
3229 3333 3496 3408 ἀμφότερα
3548 3338 3806 3406 σημαίνει,
3835 3334 3913 3380 καὶ
3936 3329 3980 3376 τὸ

2414 3431 2585 3498 Λέγει,
2633 3430 2721 3478 καὶ
2751 3429 2807 3477 τὸ
2841 3421 2977 3478 Εἶπε.
3014 3427 3100 3477 Διὸ
3135 3428 3221 3476 καὶ
3247 3425 3271 3475 6
3297 3426 3386 3495 μεν
3418 3427 3637 3487 ταύτην,
3670 3424 3695 3475 6
3727 3417 3784 3474 δε
3817 3418 3981 3472 ἐκείνην

2411 3514 2659 3588 λαμϐάνει
2689 3519 2783 3573 τὴν
2816 3517 3084 3586 σημασίαν
3113 3509 3432 3585 ἀδιαφόρως.
3468 3513 3584 3567 Καὶ
3613 3511 3772 3565 πολλὰ
3797 3512 3982 3560 τοιαῦτα

2413 3605 2682 3677 πολλαχοῦ
2712 3606 3014 3676 εὑρήσομεν.

2485 3696 2589 3749 Kal
2619 3695 2644 3745 6
2669 3692 2828 3754 πολὺς
2863 3723 2927 3733 -
2958 3687 3148 3754 ἡδέως.
3190 3691 3279 3754 Ὠς
3307 3687 3478 3752 ἡδέως
3506 3688 3882 3762 διαλεγομένου,
3911 3685 3990 3734 καὶ

2413 3781 2641 3856 εὐχερῶς
2684 3781 2872 3843 αὐτοὺς
2912 3781 3024 3851 (79)
3057 3779 3448 3854 ἀνατρέποντος,
3480 3785 3577 3833 καὶ
3622 3781 3685 3840 ὡς
3707 3776 3849 3835 αὐτὸς,
3886 3770 3994 3844 (73)

2413 3870 2802 3944 ἀπηλλαγμένος
2827 3879 2922 3932 τῆς
2951 3869 3266 3942 βασκανίας.

2483 4049 2588 4104 Καὶ
2648 4048 2810 4120 ἵλεγεν
2863 4078 2932 4089 --
3000 4049 3368 4122 γραμματέων.
3423 4045 3662 4112 Βλέπετε,
3720 4043 3830 4097 ἀντὶ
3893 4045 3995 4103 τοῦ,

2413 4139 2748 4213 φυλάττεσθε.

730 4217 871 4220 ___--
927 4217 1008 4222 -_-
1070 4217 1171 4235 τ---
1354 4217 1765 4229 ..,.,.,--π....,-
1825 4217 1972 4227 -.-η
2017 4217 2082 4227 -.ν
2151 4217 2295 4243 τ-.-

638 4254 943 4310 Matthaeus
973 4255 1130 4312 circa
1154 4257 1421 4314 medium
1439 4259 1928 4331 quinquagesimi
1957 4261 2148 4333 quinti
2209 4276 2306 4316 ca-

2482 4236 2594 4282 Τῶν
2624 4259 2692 4268 -
2723 4233 3043 4302 περιπατεῖν.
3076 4230 3227 4298 Λέγει
3256 4230 3373 4300 περὶ
3405 4225 3576 4279 αὐτῶν
3607 4227 3634 4278 6
3674 4225 3933 4280 Ματθαῖος
3958 4217 3999 4269 έν

2461 4327 2478 4333 ..
2832 4326 2850 4333 _
2941 4321 2950 4333 ρ
3276 4314 3295 4333 κ
3351 4319 3362 4333 ρ
3535 4320 3546 4332 ς
3628 4318 3636 4329 ι
3747 4316 3817 4333 9--
3879 4330 3889 4333 -
3935 4309 3996 4333 Ξ-.

638 4343 773 4416 pitis
807 4361 818 4398 ;
851 4344 1118 4401 Dilatant
1135 4347 1517 4417 phylacteria
1545 4365 1650 4403 sua
1678 4356 1730 4405 et
1755 4352 2144 4420 magniﬁcam
2173 4352 2301 4419 lim.

641 4432 797 4490 brius
822 4436 1144 4503 palliorum
1164 4453 1398 4493 suorum
1420 4439 1492 4504 7°,
1511 4454 1646 4510 quas
1677 4441 1900 4496 Marcus
1927 4455 2087 4495 nunc
2120 4442 2304 4496 stolas

637 4523 990 4580 nominavit.
1020 4525 1227 4590 Quaere
1268 4541 1408 4598 ergo
1438 4526 1521 4582 ibi
1570 4527 1787 4583 borum
1820 4529 2292 4588 enarrationem.

711 4755 988 4813 Vers.38.
1038 4758 1115 4812 Et
1158 4760 1536 4817 salutationes
1588 4793 1656 4802 —
1711 4763 1878 4820 Vers.
1947 4769 2035 4820 29.
2097 4767 2298 4824 camis-

635 4843 683 4898 Α
714 4845 1177 4915 praecedentibus
1205 4849 1612 4920 supplendum
1641 4857 1758 4907 est:
1795 4853 2147 4922 Quiamant,
2181 4856 2297 4914 hoc

636 4931 930 5001 videlicet,
955 4941 1056 4990 aut
1088 4935 1256 5003 illud,
1285 4939 1359 4994 de
1388 4939 1610 5012 quibus
1643 4941 1856 4998 ibidem
1899 4960 2128 5016 quaere.

708 5022 877 5078 Vers.
945 5026 1040 5080 4ο.
1110 5025 1218 5093 Qui
1256 5025 1541 5085 devorant
1597 5059 1667 5072 —
1703 5031 2028 5101 judicium.
2086 5035 2167 5092 De
2204 5037 2298 5094 his

710 5147 758 5183 το
796 5147 994 5204 Matth.
1035 5148 1123 5216 23,
1162 5156 1219 5208 5.

2414 4327 2486 4389 τῷ
2525 4326 2858 4388 πεντηκοστῷ
2887 4321 3104 4388 πέμπτῳ
3148 4314 3404 4388 κεφαλαίῳ
3434 4320 3555 4388 περὶ
3584 4318 3645 4367 τὸ
3695 4316 3852 4386 μέσον
3879 4330 3890 4343 ·
3933 4309 4000 4360 ὅτι

2417 4409 2743 4462 Πλατύνουσι
2772 4409 2837 4458 τὰ
2867 4405 3190 4480 φυλακτήρια
3218 4404 3408 4468 αὐτῶν,
3440 4409 3530 4456 καὶ
3563 4402 3918 4476 μεγαλύνουσι
3948 4397 4005 4448 τὰ

2413 4493 2693 4571 κράσπεδα
2742 4505 2842 4548 τῶν
2893 4497 3104 4568 ἱματίων
3147 4494 3354 4546 αὐτῶν·
3407 4493 3538 4566 ἅπερ
3599 4501 3690 4545 νῦν
3733 4493 3760 4544 6
3811 4491 4008 4564 Μάρκος

2415 4588 2602 4649 στολὰς
2652 4587 2906 4658 ὠνόμασε.
2963 4589 3201 4643 Ζήτησον
3227 4579 3315 4636 οὖν
3368 4581 3417 4634 έν
3461 4581 3642 4654 ἐκείνῳ
3696 4587 3793 4641 τὴν
3834 4581 4007 4632 τούτων

2413 4677 2682 4748 ἐξήγησιν.

2483 4769 2587 4823 Καὶ
2678 4764 2993 4836 ἀσπασμοὺς
3084 4793 3151 4804 -
3242 4759 3486 4821 δείπνοις.
3572 4768 3691 4814 Τῶν
3782 4759 4009 4813 θελόντων

2410 4860 2505 4922 ἔτι,
2537 4860 2627 4908 καὶ
2669 4850 2792 4907 τοδε
2843 4858 2932 4905 καὶ
2965 4847 3106 4906 τοδε.
3144 4854 3359 4926 Εἴρηται
3390 4846 3448 4903 δε
3499 4855 3595 4902 καὶ
3655 4855 3779 4925 περὶ
3831 4850 4008 4901 τούτων

3084 4793 3151 4804 -
3242 4758 3486 4821 δείπνοις.

2411 4966 2531 5001 εκει.

2484 5038 2550 5090 Ol
2599 5034 2957 5094 κατεσθίοντες
3011 5061 3078 5072 -
3132 5036 3315 5106 κρῖμα.
3380 5031 3604 5102 Εἴρηται
3649 5032 3773 5103 περὶ
3832 5028 4008 5080 τούτων

1873 5313 2089 5384 Variae
2131 5317 2462 5388 lectiones
2489 5326 2554 5386 et
2579 5321 2784 5384 notas.

701 5473 816 5553 (24)
856 5477 1030 5532 Recte
1059 5475 1154 5553 hic
1184 5477 1415 5534 monuit
1455 5479 1791 5553 Hentenius,
1827 5484 2154 5553 vocabula,
2204 5492 2295 5540 καὶ

633 5543 833 5629 {551e,
875 5551 1202 5629 τῆςὶσχύος
1254 5568 1370 5629 σου,
1411 5543 1789 5629 negligentia
1827 5554 2033 5612 scribae
2082 5543 2153 5614 in,
2185 5574 2295 5615 suo

632 5617 846 5674 Codice
871 5617 1277 5678 omissa'esse.
1309 5617 1683 5680 Habentista
1702 5641 1867 5681 meus
1897 5629 1943 5681 Α
1968 5635 2023 5683 et
2053 5630 2122 5687 Β.
2163 5630 2295 5686 Pro-

628 5691 760 5768 pter
789 5691 1191 5764 aequalitatem
1223 5693 1632 5751 membrorum
1681 5697 1777 5752 alii
1805 5697 1922 5755 alia
1971 5698 2088 5756 hoc
2115 5716 2297 5759 versu

2404 5486 2760 5545 omiserunt.

2478 5562 2592 5628 ('72)
2627 5559 2760 5618 Τοὺς
2795 5557 3149 5628 Γραμματεῖς.

2477 5623 2594 5703 (73)
2629 5628 2688 5682 Ὀ
2724 5623 2883 5690 πόλῦς
2906 5623 3084 5698 ὄχλος.
