4188 6434
209 354 320 410 837
1217 337 1588 400 COMMENT.
1628 331 1697 387 IN
1736 321 2073 385 MARCUM.
2124 354 2191 364 —
2231 322 2388 379 CAP.
2431 316 2572 378 XIII.
3485 319 3590 378 833

209 477 441 550 ἀκριϐῶς
469 476 518 529 ἓν
546 475 687 550 ἀρχῇ
732 480 821 529 τοῦ
851 476 1204 529 πεντηκοστοῦ
1236 468 1384 520 ἕκτου
1424 460 1700 534 κεφαλαίου
1725 461 1814 508 τοῦ

1972 453 2130 504 Lacte
2153 447 2525 518 disputatum
2563 454 2651 503 est
2679 448 2740 502 in
2784 446 3076 518 principio
3106 447 3593 518 quinquagesimi

283 531 350 607 in;
381 531 683 607 Μήτθαξηῖξ
1492 531 1501 534 ⁷
1927 537 2073 592 sexti
2097 536 2297 607 capitis
2323 536 2618 604 Evangelii
2652 535 2984 590 secundum
3016 535 3376 590 Matthasum.

2037 626 2190 681 CAP.
2225 626 2356 680 XLI.
2391 628 2473 681 De
2502 625 2680 682 vidua
2711 639 2840 697 quae
2867 625 2981 680 duo
3007 624 3225 680 minuta
3257 624 3485 680 obtulit.

2003 715 2162 770 Vers.
2195 718 2280 771 41.
2318 716 2390 769 Et
2421 730 2552 770 cum
2581 715 2806 770 sederet
2836 743 2904 752 —
2932 713 3453 784 gazophylacium.
3489 715 3594 770 Ga-

1933 803 2352 876 zophylacium
2405 809 2526 859 erat
2565 819 2703 858 arca
2756 802 2856 857 ubi
2906 803 3216 858 thesaurus
3266 803 3323 857 in
3373 804 3596 874 templo

1936 892 2303 958 servabatur,
2337 892 2396 947 in
2428 909 2613 964 quam
2631 907 2862 957 omnes,
2889 892 2989 963 qui
3021 891 3328 948 habebant
3357 898 3412 948 et
3442 892 3598 948 vole-

1940 981 2105 1046 bant,
2148 997 2256 1052 pro
2303 981 2529 1037 viribus
2592 979 2938 1052 injiciebant
2977 980 3052 1035 ad
3103 996 3439 1052 pauperum
3489 979 3600 1036 ali-

1942 1074 2231 1126 mentum.

209 571 352 620 κατά
381 566 669 620 Ματθαῑον.

380 674 528 728 ΚΕΦ.
556 669 694 726 ΜΑ’.
721 673 845 742 Περὶ
873 677 962 728 τῆς
986 669 1050 720 τὰ
1079 662 1176 719 δύο
1198 664 1359 716 λεπτὰ
1386 659 1675 734 βαλούσης.

294 767 396 818 Καὶ
447 763 672 820 καθίσας
727 790 786 800 -
843 755 1249 829 γαζοφυλάκιον.
1305 755 1375 805 Τὸ
1437 745 1820 820 γαζοφυλάκιον

218 850 711 926 θησαυροφυλάκιον
738 845 820 910 ἦν,
849 846 896 898 ἐν
923 855 996 917 τῷ
1024 853 1151 914 ναῷ,
1180 843 1251 904 εἰς
1276 841 1301 894 ὃ
1326 843 1511 900 πάντες
1541 839 1589 888 οἱ
1619 839 1826 906 ἔχοντες

217 943 314 996 καί
344 925 566 1002 θελοντες
587 937 843 991 ἐνέϐαλλον
859 940 917 988 τὸ
939 937 1072 988 κατὰ
1101 931 1343 1004 δύναμιν,
1376 931 1506 1002 πρὸς
1532 925 1826 997 ἁποτροφήν

219 1041 324 1085 τῶν
349 1035 593 1089 πενήτων.

2010 1158 2170 1215 Vers.
2200 1161 2290 1214 4t.
2319 1159 2392 1214 Et
2421 1159 2590 1214 multi
2615 1189 2683 1198 —
2728 1158 2897 1215 Vers.
2924 1161 3014 1214 42.
3048 1159 3372 1230 quadrans.
3407 1158 3595 1224 Quod,

297 1231 400 1284 Καὶ
429 1225 607 1279 πολλοὶ
660 1253 727 1262 -
775 1218 1088 1297 κοδράντης.
1128 1224 1214 1288 Ὃ,
1245 1219 1304 1270 τὸ
1345 1215 1526 1268 λεπτὸν
1563 1207 1826 1275 δηλονότι,

485 1315 496 1324 ι
545 1312 637 1324 ...Α
719 1316 729 1324 .
891 1313 914 1324 .-
1097 1307 1150 1324 \a
1427 1299 1518 1324 ᾗ.)
1555 1321 1644 1324 ____
1698 1300 1801 1324 ι-ιικ

2028 1207 2170 1215 --η-
2319 1207 2390 1214 --
2748 1207 2897 1215 πη.
2931 1207 3014 1214 ---
3051 1207 3371 1230 ,ππ-ψη-
3412 1207 3595 1224 ..η-ι

1981 1252 2097 1313 uta,
2150 1248 2448 1303 minutum
2497 1252 2584 1303 est
2631 1247 2794 1321 apud
2851 1247 3151 1313 Hebrazos,
3212 1248 3336 1303 sive
3387 1247 3601 1303 dicitur

217 1320 332 1369 ἔστι
372 1315 496 1387 παρ’
545 1312 828 1388 Ἑϐραίοις,
886 1313 1047 1382 ἤγουν
1097 1307 1300 1378 λέγεται
1351 1299 1645 1378 κοδράντης
1697 1300 1826 1371 (³14).

1986 1299 2097 1313 ---_,
2150 1299 2448 1303 _,_-----_
2504 1299 2583 1303 η-
2635 1299 2794 1321 --τη
2851 1299 3150 1313 -_-_____-,
3214 1299 3332 1303 η.-
3394 1299 3593 1303 ηψπ-

1972 1336 2270 1408 [υειάι-ειω.
2316 1338 2534 1392 Dicitur
2561 1351 2806 1409 quoque
2837 1338 2953 1392 alio
2989 1337 3171 1392 modo
3203 1336 3436 1407 obolus,
3479 1336 3600 1392 sive

213 1403 430 1460 Λεπτὸά
461 1400 520 1456 δέ
541 1401 652 1456 ἔστι
683 1400 808 1476 παρ’
837 1403 962 1472 ἡμῖν
989 1399 1015 1450 ὁ
1049 1396 1246 1458 ὀϐολὸς.
1937 1396 2138 1477 λιπών.

2010 1515 2172 1570 Vers.
2215 1517 2303 1570 43.
2362 1516 2438 1570 Et
2495 1515 2819 1572 advocatis.
2887 1547 2956 1557 —-
2994 1516 3156 1571 Vers.
3216 1519 3303 1571 44.
3343 1516 3602 1585 penuria

289 1608 392 1658 Kal
485 1598 966 1674 προσκαλεσάμενος
1036 1625 1104 1635 -
1203 1593 1527 1666 ὑστερήσεως
1616 1586 1818 1678 ⁸αὐτῆς,

1972 1619 2066 1660 ua.
2116 1604 2438 1678 Ὑστέρησις,
2499 1604 2766 1660 defectus
2817 1605 3054 1671 dicitur,
3111 1605 3203 1660 vel
3252 1605 3599 1675 indigentia,

209 1673 533 1764 ’Υστέρησις
602 1690 692 1761 μὶν
775 1694 986 1753 νοεῖται,
1065 1685 1094 1740 ἡ
1171 1677 1366 1738 ἔνδεια,
1441 1684 1549 1731 Νῦν
1603 1673 1682 1742 δὲ,
1765 1678 1821 1726 τὸ

1972 1709 2101 1748 tunc
2166 1699 2364 1748 autem
2433 1709 2540 1765 pro
2581 1709 2670 1757 eo,
2723 1693 2888 1765 quod
2927 1693 3337 1749 necessarium
3403 1699 3488 1749 est
3547 1700 3604 1750 et

215 1783 502 1854 ἀναγκαῖον
541 1781 632 1830 καὶ
689 1771 948 1849 χρειῶδες
1004 1773 1285 1844 ὑστέρησιν
1342 1771 1411 1830 ὡς
1467 1763 1635 1839 οἶμαι,
1698 1764 1826 1816 ὠνό-

1972 1782 2098 1849 ιιὶιθ,
2135 1787 2197 1837 ut
2225 1763 2460 1853 opinor,
2497 1782 2719 1852 accepit
2744 1763 2893 1851 7(nos
2920 1783 3238 1850 penuriam
3269 1783 3600 1852 vertimus.)

216 1891 375 1947 μασε.
2013 1872 2171 1927 Vers.
2233 1874 2321 1926 44.
2383 1870 2598 1926 Omnia
2656 1901 2722 1910 —
2779 1870 3176 1928 substantiam
3231 1887 3422 1927 suam.
3485 1873 3603 1927 Etsi

288 1963 471 2015 Πάντα
541 1987 612 1999 -
686 1957 774 2008 τὸν
855 1952 972 2026 βίον
1056 1950 1236 2010 αὐτῆς.
1316 1947 1379 2003 Εἰ
1457 1949 1546 1996 καὶ
1636 1947 1826 2013 πτωχὴ

1972 1977 2171 2033 ιευρθι·
2206 1964 2332 2016 erat
2380 1959 2888 2031 possessionibus,
2943 1960 3112 2015 dives
3159 1966 3358 2016 tamen
3399 1959 3604 2016 animo

222 2049 323 2111 τοῖς
373 2053 649 2122 χρήμασιν
699 2041 782 2111 ἧν,
832 2043 965 2096 ἀλλὰ
1015 2040 1244 2094 πλουσία
1307 2045 1370 2109 τῇ
1423 2041 1599 2107 γνώμη
1679 2034 1826 2084 καθί-

1972 2050 2276 2105 ιεῐθῑιιίίιυι·
2323 2065 2340 2102 ;
2381 2047 2516 2104 ideo
2549 2048 2841 2113 Salvator,
2873 2049 2978 2121 qui
3017 2065 3138 2105 non
3181 2048 3409 2104 donum
3459 2064 3607 2120 pon-

235 2160 405 2194 στατο.
473 2141 558 2191 Διό
607 2139 698 2188 καὶ
752 2135 778 2186 ὁ
835 2137 1032 2202 Σωτὴρ,
1091 2129 1149 2182 οῦ
1200 2131 1257 2180 τὸ
1330 2123 1496 2197 δῶρον
1546 2127 1826 2196 μετρήσας,

1972 2141 2127 2204 lerat,
2183 2137 2288 2193 sed
2337 2137 2706 2194 voluntatem
2756 2141 2904 2208 ejus,
2965 2137 3100 2210 plus
3150 2153 3340 2210 quam
3395 2153 3606 2194 omnes

239 2228 364 2280 ἀλλὰ
410 2233 500 2286 τήν
549 2229 854 2298 προαίρεσιν
909 2222 1091 2290 αὐτῆς,
1160 2225 1324 2271 πλεῖον
1394 2217 1596 2268 πάντων
1656 2210 1826 2285 βαλεῖν

1972 2228 2176 2284 nisisse
2214 2225 2380 2282 dicit.

242 2315 371 2370 εἷπε.
2016 2319 2246 2376 Utinam
2283 2333 2424 2373 vero
2451 2322 2508 2372 et
2537 2317 2744 2373 anima
2773 2333 2909 2373 mea
2939 2317 3120 2374 vidua
3147 2316 3455 2382 efﬁciatur,
3502 2315 3607 2372 ab-

314 2410 511 2459 Γένοιτο
560 2401 616 2457 δὲ
668 2407 758 2455 καὶ
812 2405 904 2458 τὴν
952 2398 1078 2472 ἐμὴν
1122 2397 1306 2468 ψυχὴν
1347 2394 1588 2466 γενέσθαι
1633 2397 1826 2466 χήραν,

1972 2413 2096 2464 ecto
2133 2406 2397 2475 diabolo,
2431 2406 2525 2462 cui
2558 2406 2929 2479 agglutinata
2955 2412 3042 2462 est
3069 2415 3247 2479 atque
3277 2406 3549 2480 subjecta
3591 2424 3603 2462 :

234 2493 591 2548 ἀποϐαλοῦσαν
629 2495 717 2543 τὸν
750 2487 1012 2554 διάϐολον,
1125 2484 1452 2551 κεκόλληται,
1492 2485 1581 2534 καὶ
1704 2482 1826 2532 ῦπο-

1972 2513 2080 2570 [uie
2119 2497 2314 2554 mittat
2345 2498 2404 2551 in
2437 2496 2536 2552 Dei
2569 2496 2914 2553 thesaurum
2946 2497 3065 2552 duo
3098 2497 3348 2563 minuta,
3390 2512 3609 2568 corpus

226 2591 488 2638 τέτακται·
540 2588 631 2634 καὶ
686 2579 863 2651 βαλεῖν
912 2579 984 2640 είς
1009 2580 1095 2629 τόν
1138 2583 1231 2627 τοῦ
1263 2579 1390 2627 Θεοῦ
1436 2574 1703 2646 θησαυρὸν
1736 2567 1826 2622 δύο

1972 2567 2217 2642 ἶὶᾶθιίοθι
2261 2601 2331 2641 ac
2379 2592 2636 2641 mentem
2691 2602 2704 2637 :
2751 2585 3125 2641 comminuta
3170 2585 3318 2640 illud
3361 2567 3610 2658 quidem

223 2677 399 2741 λεπτὰ,
427 2676 489 2724 τὸ
532 2679 687 2744 σῶμα
719 2673 806 2721 καὶ
834 2671 922 2721 τὸν
959 2673 1097 2730 νοῦν,
1132 2664 1492 2729 λεπωνθέντα,
1525 2664 1582 2713 τὸ
1614 2663 1724 2733 μεν,
1759 2655 1826 2711 δι¹

1972 2691 2052 2732 ter
2089 2675 2568 2746 temperantiam,
2597 2673 2756 2731 hanc
2796 2681 2998 2731 autem
3036 2690 3140 2746 per
3169 2674 3354 2731 animi
3380 2655 3608 2731 —mode-

219 2763 544 2838 ἕγκρατείαςσ
570 2763 659 2812 τὸν
690 2755 770 2828 δί,
799 2755 891 2810 διὰ
915 2760 1291 2815 ταπεινώσεως.
1945 2765 2144 2822 suam.

296 2961 400 3015 Kal
486 2957 888 3032 ἐκπορευομένου
965 2982 1032 2994 -
1095 2949 1384 3021 καταλυθῇ.
1464 2951 1588 3020 Πιρὶ
1641 2949 1826 2998 τούτων

2015 2909 2152 2980 Cap.
2198 2908 2334 2964 XIII.
2373 2910 2536 2964 Vers.
2581 2913 2628 2962 t.
2662 2908 2736 2963 Et
2763 2909 3092 2981 egrediente
3117 2937 3184 2951 -
3223 2908 3386 2966 Vers.
3424 2908 3476 2963 2.
3518 2909 3607 2964 di-

226 3047 418 3124 ἔρρήθη
449 3045 497 3098 ἓν
526 3053 602 3116 τῷ
622 3044 754 3098 τελει
782 3051 873 3096 τοῦ
899 3046 1250 3098 πεντηκοστοῦ
1270 3039 1420 3091 ἕκτου
1446 3035 1724 3110 κεφαλαίου
1743 3042 1826 3088 τοῦ

1972 3037 2182 3090 'uatur.
2226 3035 2305 3089 De
2341 3033 2434 3088 his
2481 3032 2707 3089 dictum
2739 3038 2827 3090 est
2859 3033 2920 3089 in
2969 3035 3088 3090 ﬁne
3125 3035 3610 3107 quinquagesimi

225 3140 366 3190 κατὰ
395 3137 686 3190 Ματθαίον.

1972 3122 2096 3178 ηοιιὶ
2124 3121 2336 3194 capitis
2363 3121 2653 3193 Evangelii
2684 3122 3017 3178 secundum
3047 3124 3407 3179 Matthteum.

600 3276 757 3332 ΚΕΦ.
790 3272 918 3331 MB'.
949 3275 1074 3346 Περὶ
1102 3269 1413 3330 συντελείας.

2265 3261 2416 3319 CAP.
2452 3262 2609 3316 XLII.
2654 3262 2737 3317 De
2763 3262 3283 3318 consummatione.

294 3406 402 3460 Καὶ
451 3403 747 3474 καθημένου
807 3399 967 3451 αὐτοῦ
1024 3428 1093 3438 -
1143 3396 1530 3462 συντελεῖσθαις
1590 3399 1826 3452 Ζητησον

2014 3385 2179 3440 Vers.
2207 3389 2259 3442 3.
2290 3385 2544 3456 Cumque
2565 3385 2689 3454 ipse
2716 3385 2942 3442 sederet
2962 3417 3030 3426 —
3061 3387 3223 3442 Vers.
3256 3390 3308 3442 4.
3343 3402 3604 3444 consum-

212 3498 336 3569 περὶ
383 3495 578 3545 τούτων
628 3489 675 3542 ἐν
715 3498 786 3560 τῷ
817 3493 1149 3557 πεντηκοστῷ
1180 3481 1386 3558 ίϐδὸμῳ
1427 3484 1686 3557 κεφαλαίῳ
1735 3492 1826 3536 τοῦ

1972 3474 2162 3531 manda
2179 3478 2316 3530 sunt
2336 3473 2363 3528 ?
2393 3476 2600 3540 Quaere
2623 3474 2698 3529 de
2715 3474 2806 3529 his
2831 3475 3332 3547 quinquagesimo
3352 3477 3605 3548 septimo

210 3585 355 3635 κατὰ
383 3582 651 3636 Ματθαίον
662 3619 675 3634 .

1975 3563 2128 3635 apite
2168 3562 2472 3634 Evangelii
2509 3563 2844 3619 secundum
2883 3563 3246 3620 Matthmum.

283 3670 343 3724 Ὀ
375 3667 433 3723 δὲ
461 3669 677 3729 ’Ἰησοῦς
697 3697 768 3708 -—
791 3673 976 3720 ταῦτα.
1002 3663 1087 3720 Ἐν
1117 3663 1291 3737 ἐκείνῳ
1325 3668 1442 3738 περὶ
1472 3665 1672 3716 πάντων
1701 3664 1826 3716 τού-

2010 3653 2174 3709 Vers.
2218 3653 2273 3707 5.
2313 3653 2481 3710 Iesus
2522 3659 2720 3710 autem
2760 3683 2829 3694 —
2868 3654 3034 3710 Vers.
3084 3657 3141 3712 9.
3191 3654 3330 3711 haec.
3382 3655 3602 3711 Eodem

210 3781 315 3815 των
347 3759 471 3834 ἆῤῥὴ
484 3761 569 3817 θη.

1973 3743 2131 3814 apite
2156 3742 2231 3798 de
2260 3743 2355 3798 his
2387 3743 2674 3800 omnibus
2707 3742 2936 3799 dictum
2968 3748 3078 3800 est.

289 3849 502 3902 Βλέπετε
533 3879 600 3888 ——
630 3847 870 3907 ἑαυτούς.
901 3843 1184 3898 Φυλάττετε
1215 3846 1427 3906 ἑαυτοὺς
1459 3842 1559 3896 ἀπὸ
1591 3852 1684 3904 τῆς
1714 3848 1826 3896 τότε

2008 3833 2168 3888 Vers.
2216 3837 2268 3888 9.
2300 3831 2505 3890 Cavete
2533 3865 2600 3873 —
2631 3833 2790 3890 vobis
2821 3833 2982 3904 ipsis.
3019 3834 3251 3892 Servate
3283 3850 3388 3892 vos
3434 3834 3602 3907 ipsos

211 3939 393 3997 ἀπάτη
405 3959 445 4001 ς.

2002 3922 2348 3979 seductione
2377 3939 2507 3995 quae
2541 3929 2678 3980 tunc
2706 3924 2834 3982 erit.

285 4023 685 4099 Παραδώσουσι
713 4055 782 4065 —-
810 4025 969 4078 ἕνεκεν
1000 4022 1146 4097 ἐμοῦ.
1181 4023 1321 4076 Ἐκεῖ
1352 4027 1442 4075 καὶ
1485 4027 1603 4097 περὶ
1632 4026 1826 4076 τούτων

2010 4013 2170 4068 Vers.
2200 4016 2251 4068 9.
2288 4013 2546 4070 Tradent
2573 4044 2642 4056 —
2671 4028 2854 4071 causa
2879 4028 3023 4071 mea.
3056 4013 3142 4070 Ibi
3174 4029 3412 4088 quoque
3443 4019 3500 4072 et
3528 4015 3602 4072 de

211 4120 473 4192 εὑρήσεις.

1972 4101 2028 4156 .is
2066 4101 2358 4157 invenies.

285 4208 377 4268 Εἰς
425 4207 712 4280 μαρτύριον
767 4203 964 4266 αὐτοῖς.
1033 4201 1118 4263 Εἰς
1173 4205 1492 4277 κατηγορίαν
1545 4206 1633 4254 καὶ
1685 4202 1824 4274 ἔλεγ-

2008 4191 2166 4246 Vers.
2210 4195 2261 4245 9.
2304 4190 2374 4244 In
2413 4192 2805 4247 testimonium
2835 4190 2991 4261 ipsis.
3033 4191 3122 4246 Ad
3156 4192 3601 4248 accusationem

210 4317 309 4369 χον
394 4296 586 4359 αὐτῶν,
674 4295 757 4346 ἱνα
820 4299 891 4366 μὴ
963 4289 1220 4344 δύνωνται
1296 4291 1459 4362 λέγειν
1533 4291 1580 4344 ἐν
1656 4301 1822 4365 καιρῷ

1972 4283 1991 4335 ι
2021 4277 2494 4351 increpationem
2525 4280 2816 4350 ipsorum,
2855 4295 2928 4334 ne
2961 4279 3194 4351 possint
3222 4280 3417 4336 dicere
3457 4285 3602 4336 tem-

207 4395 305 4449 τῆς
385 4388 722 4456 παγκοσμίου
773 4388 1013 4455 κρίσεως,
1097 4383 1177 4433 ὅτι
1263 4381 1373 4433 Οὐκ
1454 4382 1822 4454 ὴνωτισάμεθα

1972 4383 2076 4424 ποτε
2110 4367 2458 4423 universalis
2481 4367 2690 4437 judicii
2724 4387 2737 4421 :
2781 4370 2908 4424 Non
2938 4369 3282 4424 audivimus
3315 4369 3600 4440 praedica-

207 4479 267 4528 τὸ
325 4479 603 4548 κήρυγμα.
666 4479 924 4526 Τοσοῦτον
996 4473 1097 4544 γὰρ
1171 4470 1296 4522 αὐτὸ
1356 4469 1820 4538 ἐνωτισθήσονται,

1978 4473 2180 4514 onem.
2224 4457 2285 4514 In
2337 4461 2572 4514 tantum
2611 4457 2774 4513 enim
2803 4458 3000 4530 ipsam
3026 4457 3286 4514 audituri
3329 4463 3487 4526 sunt,
3538 4466 3600 4517 ut

205 4569 346 4618 ὥστε
404 4569 497 4616 καὶ
550 4567 672 4625 τοὺς
722 4567 957 4637 κήρυκας
1011 4561 1172 4614 αὑτοῦ
1225 4561 1503 4614 κολάσεσιν
1565 4560 1824 4634 ἐσχάταις

1972 4549 2060 4621 jus
2115 4549 2294 4605 etiam
2359 4563 2661 4621 praecones
2719 4547 2999 4605 extremis
3039 4547 3344 4621 suppliciis
3409 4547 3588 4622 subji-

205 4654 347 4708 ῦποϐ
353 4654 494 4706 αλεῖν
503 4696 514 4708 .

1972 4638 2115 4695 iant.

279 4745 393 4798 Kal
418 4742 492 4802 εἰς
512 4772 581 4782 -
606 4740 939 4813 Εὐαγγέλιον.
961 4739 1018 4792 Ὀ
1043 4736 1102 4793 δε
1131 4741 1397 4802 Ματθαίος
1424 4741 1646 4816 ἔγραψεν
1675 4747 1724 4796 ἐν
1750 4751 1822 4814 τῷ

2013 4745 2174 4802 Vers.
2210 4747 2299 4802 1ο.
2335 4746 2412 4801 Et
2447 4745 2510 4801 in
2547 4777 2615 4786 —
2663 4745 3054 4817 Evangelium.
3100 4746 3405 4802 Mattheus
3455 4763 3596 4804 vero

204 4829 505 4892 δηλωθέντι
547 4831 829 4903 κεφαλαίῳ’
883 4831 962 4881 ὅτι
991 4835 1080 4882 καὶ
1112 4831 1531 4903 Κηρυχθήσεται
1573 4840 1724 4885 τοῦτο
1763 4836 1821 4885 τὸ

1972 4836 2166 4909 cripsit
2211 4835 2495 4907 praedicto
2541 4834 2754 4907 capite,
2799 4835 2963 4908 quod
3013 4837 3442 4904 prasdicabitur
3487 4837 3598 4895 hoc

199 4921 530 4994 εὐαγγέλιον
568 4928 660 4982 τῆς
692 4918 965 4993 βασιλείας
1007 4918 1056 4971 ἓν
1108 4919 1197 4992 ὅλῃ
1253 4928 1313 4992 τῇ
1362 4920 1663 4994 οἰκουμένῃ.
1719 4925 1821 4978 Καὶ

1972 4925 2295 4997 vangetium
2327 4927 2387 4981 in
2418 4925 2686 4982 universo
2715 4925 2927 4981 mundo
2957 4927 3028 4978 τι.
3061 4927 3266 4991 Quaere
3297 4925 3380 4982 ibi
3409 4927 3591 5000 hujus

203 5013 452 5075 ζήτησον
475 5009 578 5063 ἐκεῖ
601 5013 694 5069 τὴν
717 5012 902 5062 τούτου
934 5005 1242 5080 διάγνωσιν.

1972 5016 2311 5074 itellectum.

277 5101 452 5157 Ὀταν
527 5096 587 5153 δέ
669 5129 738 5140 —
806 5098 978 5171 ἅγιον.
1044 5098 1400 5172 Οἰκονομικῶς
1470 5103 1528 5153 τὸ
1613 5107 1820 5174 Πνεῦμα

1999 5105 2162 5162 Vers.
2215 5109 2298 5161 11.
2329 5105 2471 5162 Cum
2503 5110 2698 5162 autem
2750 5135 2816 5145 —
2846 5109 3103 5162 sanctus.
3150 5106 3590 5178 Dispensatoris

197 5195 267 5246 τὸ
330 5191 486 5263 ἅγιον
557 5196 847 5248 τηνικαῦτα
899 5187 1058 5253 λαλεῖ,
1136 5193 1402 5263 χρώμενον
1486 5197 1595 5252 τοῖς
1650 5193 1817 5244 αὐτῶν

1972 5195 2180 5267 piritus
2209 5197 2452 5250 sanctus
2483 5199 2621 5250 tunc
2643 5193 2938 5266 loquetur,
2972 5201 3144 5251 utens
3171 5211 3272 5251 ore
3302 5196 3589 5266 ipsorum,

199 5286 498 5355 στόμασιν,
571 5280 654 5332 ἶνα
722 5283 794 5351 μὴ
863 5279 894 5337 ἡ
953 5279 1147 5330 τούτων
1199 5276 1454 5352 ἁχροικία
1517 5276 1644 5353 δόξῃ
1709 5288 1820 5345 τοῖς

1972 5299 2003 5342 e
2040 5284 2336 5341 rusticitas
2379 5283 2616 5340 illorum
2662 5283 2929 5340 videatur
2967 5283 3288 5340 incredulis
3332 5285 3590 5358 abiectio

199 5370 464 5433 ἀπίστοις
493 5371 628 5430 ἧττα
668 5376 760 5422 τοῦ
802 5371 1152 5445 κηρύγματος.
1188 5369 1379 5444 Εἵρηκε
1423 5365 1482 5422 δε
1523 5378 1691 5425 ταῦτα
1728 5377 1817 5426 καὶ

1972 5379 1985 5432 t
2027 5374 2348 5433 minoratio
2389 5374 2850 5446 praedicationis.
2884 5373 3034 5432 Dixit
3077 5389 3321 5450 quoque
3367 5379 3423 5434 et
3461 5375 3591 5433 haec

279 5501 331 5536 ἠ
369 5497 568 5555 Matth.
597 5512 754 5562 xxxv,
786 5497 876 5552 l4.

241 5667 252 5672 ,
1451 5594 1670 5668 Variae
1709 5599 2040 5674 lectiones
2071 5611 2134 5668 et
2170 5610 2373 5675 notae.

285 5736 407 5809 (74)
435 5726 768 5810 Κονδράντης
798 5729 1033 5790 exhibet
1057 5733 1126 5787 Α.
