4188 6438
544 369 650 423 839

1865 351 2214 414 EUTHYMII
2250 346 2583 409 ZIGABENI

3839 352 3946 409 840

544 493 777 549 decimo
808 492 996 563 nonoj
1011 494 1149 546 uxta
1167 489 1504 546 Matthzeum
1522 487 1711 558 capite
1727 487 1882 542 circa
1916 483 2212 540 medium:

2333 477 2380 530 ἐν
2421 486 2491 548 τῷ
2536 473 2971 548 ἐννεακαιδεκάτῳ
3013 477 3271 549 κεφαλαίῳ
3326 483 3419 529 τοῦ
3471 480 3608 530 κατά
3651 479 3941 545 Ματθαίον,

542 597 744 654 quaere
771 595 912 649 ergo
945 579 1024 633 ibi
1055 578 1518 633 enarrationem.

541 672 701 725 Vers.
762 672 844 725 12.
894 667 1112 724 Tradet
1151 699 1218 706 —
1258 666 1422 722 Vers.
1467 667 1552 720 13.
1597 665 1796 721 salvus
1835 663 1966 719 erit.
2023 661 2210 716 Etiam

542 759 670 815 11ωο
696 757 902 814 omnia
927 757 987 812 in
1019 756 1305 830 praedicto
1336 755 1571 812 decimo
1603 769 1763 810 nono
1793 751 1987 824 capite
2013 749 2211 806 decla-

543 853 677 904 rata
715 851 873 902 sunt.

617 938 782 992 Vers.
833 938 919 990 14.
964 936 1097 990 Cum
1138 941 1334 991 autem
1385 965 1453 973 —
1495 933 1810 1002 intelligat.
1852 931 2082 986 Dictum
2128 931 2213 982 est

543 1025 617 1081 de
656 1025 789 1090 hoc,
829 1023 987 1078 dicto
1025 1023 1534 1095 quinquagesimo
1565 1022 1819 1093 septimo
1855 1020 2029 1091 juxta
2068 1019 2213 1072 Mat-

547 1115 772 1172 thaaum
803 1113 1015 1184 capite.

619 1204 778 1258 Vers.
829 1203 913 1256 14.
968 1201 1130 1256 Tunc
1173 1231 1242 1240 —
1273 1203 1432 1256 Vers.
1472 1202 1554 1255 17.
1591 1199 1810 1257 diebus.
1856 1200 1920 1255 In
1967 1214 2037 1254 eo
2079 1197 2212 1254 loco

546 1293 723 1349 etiam
755 1291 830 1348 de
861 1291 953 1346 his
984 1291 1298 1344 dissertum
1332 1294 1441 1345 est.

616 1381 778 1436 Vers.
833 1384 914 1434 18.
947 1379 1119 1434 Orate
1149 1410 1217 1418 —
1264 1379 1420 1434 Vers.
1452 1382 1540 1433 20.
1573 1377 1710 1433 dies.
1747 1377 2025 1433 Similiter
2051 1381 2106 1432 et
2140 1375 2214 1430 de

545 1470 663 1526 his.
710 1469 856 1524 Illud
888 1474 1091 1524 autem
1125 1491 1136 1522 :
1173 1471 1355 1523 Erunt
1394 1469 1520 1524 dies
1552 1470 1646 1524 illi
1675 1469 1915 1538 afﬂictio,
1948 1467 2062 1522 hoc
2106 1472 2212 1534 est,

545 1560 607 1614 in
642 1559 852 1614 diebus
886 1557 1000 1612 illis
1034 1558 1139 1612 erit
1169 1556 1432 1613 aﬂlictio.

619 1648 784 1704 Vers.
838 1648 923 1700 21.
976 1648 1048 1701 Et
1103 1653 1228 1701 tunc
1289 1645 1448 1702 Vers.
1511 1647 1599 1700 23.
1654 1650 1854 1702 omnia.
1913 1646 2100 1701 Etiam
2161 1659 2220 1718 et

545 1737 620 1794 de
650 1739 742 1793 his
769 1737 843 1792 ibi
882 1737 1250 1806 disputatum
1285 1740 1394 1791 est.

617 1828 782 1882 Vers.
820 1829 909 1880 24.
958 1825 1132 1880 Porro
1176 1827 1232 1879 in
1280 1857 1345 1866 —
1377 1826 1542 1881 Vers.
1585 1830 1671 1881 27.
1705 1825 1849 1881 cceli.
1903 1829 1967 1881 Et
2010 1827 2084 1882 de
2124 1826 2216 1882 his

547 1915 844 1972 similiter.

619 2005 778 2060 Vers.
821 2005 908 2058 28.
951 2004 996 2058 Α
1039 2004 1143 2074 ﬁcu
1171 2010 1347 2059 autem
1377 2035 1446 2047 —
1486 2005 1646 2060 Vers.
1692 2006 1782 2062 31.
1818 2004 2209 2076 praeteribunt.

543 2098 829 2150 Praeterea
876 2098 931 2148 et
969 2093 1040 2148 de
1087 2093 1182 2149 his
1224 2095 1507 2150 omnibus
1539 2095 1617 2150 ad
1657 2095 1906 2151 verbum
1948 2095 2008 2150 in
2060 2095 2212 2151 dicto

543 2184 734 2258 capite
765 2183 1052 2239 subtiliter
1091 2183 1461 2256 disputatum
1491 2190 1598 2240 est.

864 2307 1019 2366 CAP.
1061 2311 1240 2365 XLIII.
1283 2309 1366 2364 De
1401 2308 1487 2363 die
1518 2308 1614 2364 illo
1652 2315 1702 2364 et
1738 2311 1890 2365 hora.

615 2415 782 2470 Vers.
848 2417 936 2470 32.
1003 2415 1080 2469 De
1139 2445 1210 2457 —
1273 2423 1450 2486 pater.
1510 2415 1736 2472 Dictum
1807 2420 1895 2472 est
1959 2415 2033 2471 de
2094 2415 2210 2471 hoc

543 2504 1051 2577 quinquagesimo
1081 2509 1293 2560 octavo
1333 2504 1512 2576 capite
1545 2505 1842 2576 Evangelii
1874 2506 2210 2562 secundum

547 2594 883 2650 Matthaaum
900 2638 913 2650 .

620 2683 778 2739 Vers.
824 2687 910 2739 33.
953 2683 1230 2736 Attendite
1275 2713 1338 2722 —
1379 2683 1469 2737 sit.
1518 2681 1744 2739 Ibidem
1787 2684 1963 2740 etiam
2004 2685 2078 2741 de
2118 2686 2210 2741 his

547 2770 767 2826 dictum
811 2775 918 2825 est.

619 2862 785 2915 Vers.
834 2861 919 2916 34.
968 2859 1122 2915 Sicut
1172 2861 1321 2914 homo
1369 2891 1438 2902 —
1476 2861 1680 2932 vigilet.
1737 2866 1814 2918 De
1864 2863 2098 2920 Christo
2141 2881 2208 2921 ac

545 2949 886 3005 Christianis
917 2953 1226 3020 sumptum
1250 2956 1338 3005 est
1362 2950 1472 3005 hoc
1494 2953 1858 3023 exemplum.
1885 2956 1976 3010 Est
2009 2961 2206 3010 autem

546 3037 900 3093 defectivum
957 3055 969 3092 :
1025 3038 1227 3093 deficit
1265 3041 1444 3104 enim,
1495 3048 1590 3096 est.
1641 3041 1788 3098 Dicit
1835 3059 1996 3114 ergo,
2044 3044 2206 3116 quod

547 3133 635 3182 est
668 3126 818 3182 sicut
862 3127 1067 3191 homo,
1098 3128 1201 3200 qui
1233 3144 1478 3200 peregre
1509 3131 1630 3202 agit
1665 3147 1676 3182 :
1723 3132 2029 3188 hominem
2076 3133 2206 3206 qui-

545 3215 686 3270 dem
729 3216 994 3286 seipsum
1033 3217 1313 3282 innuens,
1347 3219 1866 3290 quemadmodum
1906 3222 1967 3276 in
2010 3223 2208 3278 multis

545 3303 774 3361 dictum
825 3312 912 3361 est
965 3306 1291 3378 parabolis.
1342 3309 1879 3378 Peregrinationem
1935 3328 2095 3379 vero,
2145 3313 2204 3367 in

543 3393 722 3449 caelos
761 3397 1257 3466 assumptionem.
1293 3396 1548 3453 Domum
1590 3404 1792 3455 autem
1826 3417 2023 3469 suam,
2062 3417 2213 3473 prae-

544 3487 775 3539 sentem
808 3483 1122 3540 mundum.
1167 3487 1378 3541 Servos
1409 3502 1648 3558 quoque
1681 3505 1840 3553 suos,
1873 3489 2014 3545 dicit
2045 3489 2213 3545 Chri-

540 3572 788 3630 stianos.
821 3572 1125 3645 Cujusque
1157 3580 1358 3629 autem
1400 3590 1579 3646 opus,
1613 3582 1702 3631 est
1732 3578 2007 3634 custodia
2043 3595 2215 3636 man-

541 3660 842 3725 datorum,
877 3667 931 3716 et
961 3663 1229 3733 operatio
1258 3662 1560 3719 virtutum.
1585 3665 1814 3720 Janitor
1845 3682 2010 3730 vero,
2046 3683 2214 3723 mens

542 3750 1034 3820 uniuscujusque,
1066 3751 1420 3821 quaajanuis
1447 3755 1556 3823 (aa)
1583 3754 1796 3810 animm
1825 3761 2063 3826 praeest,
2096 3758 2213 3814 hoc

543 3843 648 3907 est,
705 3838 1001 3906 sensibus,
1043 3853 1148 3910 per
1198 3855 1353 3910 quos
1390 3839 1797 3898 intellectualis
1837 3844 1932 3899 fur
1983 3845 2214 3918 ingredi

546 3925 715 3982 solet.

615 4013 776 4068 Vers.
813 4017 899 4070 35.
944 4014 1179 4085 Vigilate
1207 4047 1277 4058 —-
1306 4017 1469 4073 Vers.
1509 4024 1596 4076 36.
1630 4021 1974 4080 dormientes.
2013 4027 2212 4082 Serum

541 4102 788 4176 quidem
815 4102 1028 4159 dicitur
1050 4109 1192 4160 aetas
1213 4121 1425 4163 senum
1449 4125 1462 4175 ;
1499 4110 1767 4168 medium
1797 4115 1987 4169 noctis
2005 4131 2213 4172 eorum

541 4193 644 4266 qui
691 4192 753 4248 in
801 4193 994 4249 media
1053 4199 1192 4251 sunt
1229 4201 1399 4251 (etate
1449 4200 1790 4268 constituti;
1847 4203 2214 4273 gallicinium

541 4299 702 4350 vero,
740 4299 949 4339 eorum
979 4283 1083 4356 qui
1111 4285 1239 4355 jam
1285 4302 1493 4358 sapere
1526 4287 1859 4362 incipiunt;
1897 4309 2034 4350 cum
2074 4312 2211 4368 pru-

543 4372 744 4429 dentia
780 4374 839 4428 in
885 4373 1133 4428 modum
1183 4374 1322 4444 galli
1372 4376 1686 4444 gallinacei
1735 4383 1956 4438 excitat
1995 4400 2096 4440 eos
2133 4385 2210 4442 ab

539 4461 1007 4518 insensibilitate.
1042 4465 1206 4519 Mane
1234 4469 1455 4536 autem,
1493 4472 1638 4524 aetas
1668 4475 1758 4525 est
1793 4487 2137 4542 puerorum.

2331 573 2448 642 περὶ
2481 569 2546 618 τὰ
2575 571 2728 638 μέσα.
2775 567 2880 619 Καὶ
2904 568 3135 627 ζήτησον
3167 566 3271 619 ἐκεῖ
3297 571 3390 624 τὴν
3419 566 3694 638 ἐξήγησιν.

2403 653 2718 726 Παραδώσει
2753 687 2814 696 -ο
2863 658 3180 714 σωθήσεται.
3229 658 3333 710 Καὶ
3364 664 3527 708 ταῦτα
3569 659 3741 709 πάντα
3770 657 3821 710 iv
3868 665 3940 730 τῷ

2327 749 2532 823 ῥηθέντι
2658 742 3097 818 ἐννεακαιδεκάτῳ
3194 745 3453 818 κεφαλαίῳ
3577 766 3713 821 προη
3718 767 3746 822 ρ
3753 767 3942 819 μηνευ-

2331 841 2516 896 θησαν.

2397 928 2554 980 Ὀταν
2604 924 2662 980 δὲ
2715 959 2782 966 -
2841 931 3037 979 νοεὶτω.
3085 927 3308 998 Εἴρηται
3372 931 3491 999 περὶ
3543 929 3731 978 τούτου
3775 924 3824 977 ἐν
3864 935 3937 997 τῷ

2328 1019 2828 1093 προμνημονευθέντι
2881 1023 3216 1085 πεντηκοστῷ
3271 1011 3478 1088 ἑϐδόμῳ
3526 1014 3787 1087 κεφαλαίῳ
3842 1023 3937 1068 τοῦ

2328 1109 2463 1158 κατὰ
2491 1107 2774 1160 ἣΙατθαίον.

2397 1201 2523 1248 Τότε
2584 1227 2652 1236 -
2709 1197 2943 1267 ἡμέραις.

2331 1282 2364 1339 δ
2371 1287 2740 1357 ιασεσάφηται.

2402 1375 2772 1447 Προσεύχεσθε
2797 1405 2864 1412 -
2898 1375 3111 1446 ἡμέρας.
3159 1371 3384 1443 Ὁμοίως
3427 1378 3518 1424 καὶ
3560 1377 3676 1446 περὶ
3706 1375 3928 1430 τούτων,

3022 1193 3108 1248 Ἐν
3169 1191 3339 1265 ἐκείνῳ
3402 1198 3493 1245 καὶ
3557 1199 3674 1266 περὶ
3739 1197 3934 1247 τούτων

2330 1469 2399 1517 Τό
2432 1461 2510 1526 δὲ,
2551 1463 2801 1517 ’Έσονται
2835 1465 2888 1514 αἱ
2920 1465 3107 1535 ἡμέραι
3139 1461 3351 1527 ἐκεῖναι,
3393 1460 3506 1514 ἀντὶ
3537 1470 3650 1532 τοῦ,
3681 1466 3816 1514 κατὰ
3845 1465 3938 1523 τὰς

2333 1558 2528 1627 ἡμέρας
2555 1554 2746 1613 ἐκείνας
2775 1555 2910 1622 (75).

2405 1643 2513 1696 Καὶ
2571 1649 2684 1694 τότε
2738 1673 2804 1681 -
2861 1642 3047 1695 πάντα.
3107 1639 3210 1693 Καὶ
3270 1643 3387 1714 περὶ
3437 1643 3624 1692 τούτων
3659 1639 3762 1692 ἐκεῖ
3806 1637 3936 1692 διεί-

2332 1733 2547 1792 ληπται.

2258 1829 2300 1887 Β
2404 1823 2541 1878 Ἀλλ’
2572 1822 2618 1874 ἐν
2647 1854 2712 1862 -
2741 1822 2978 1895 ούρανοῦ.
3009 1820 3112 1874 Καὶ
3143 1823 3260 1893 περὶ
3288 1821 3470 1870 τούτων
3505 1820 3772 1878 ὡσαύτως.

2402 2022 2536 2075 Ἀπὸ
2571 2017 2629 2073 δὲ
2676 2028 2770 2079 τῆς
2803 2026 2970 2079 συκῆς
3010 2049 3077 2057 -
3120 2015 3465 2090 παρέλθωσιν.
3510 2012 3630 2066 "En
3670 2019 3760 2065 καὶ
3802 2017 3927 2086 περὶ

2329 2116 2522 2166 τούτων
2577 2112 2778 2161 πάντων
2831 2110 2964 2160 κατὰ
3025 2108 3171 2181 ῥῆμα
3222 2104 3270 2156 iv
3315 2104 3490 2175 ἐκείνῳ
3542 2111 3612 2173 τῷ
3665 2101 3930 2173 κεφαλαίῳ

2327 2201 2556 2254 λελεπτο)
2566 2206 2774 2270 όγηται.

2576 2289 2728 2343 ΚΕΦ.
2762 2286 2885 2343 ΜΓ.
2917 2291 3037 2359 Περὶ
3068 2294 3161 2344 τῆς
3187 2287 3383 2356 ἡμέρας
3404 2288 3492 2334 καὶ
3522 2284 3678 2353 ὧρας.

2401 2384 2524 2452 Περὶ
2575 2411 2642 2418 -
2695 2381 2890 2450 πατὴρ.
2936 2378 3154 2448 Εἰρηται
3201 2377 3320 2446 περὶ
3374 2374 3562 2424 τούτου
3606 2369 3654 2422 iv
3698 2378 3771 2441 τῷ
3816 2389 3932 2424 πεν-

2328 2478 2566 2539 τηκοστῷ
2589 2464 2762 2539 ὀγδόῳ
2786 2474 2878 2518 τού
2902 2468 3038 2517 κατὰ
3058 2464 3339 2517 Μπθαίον.

2399 2664 2607 2716 Βλέπετε
2665 2692 2730 2702 -
2803 2659 2963 2714 ἐστιν.
3007 2659 3094 2714 Ἐν
3173 2657 3346 2728 ἐκείνῳ
3415 2659 3506 2708 καὶ
3562 2673 3680 2729 περι
3737 2656 3933 2706 τούτων

2327 2753 2752 2826 παρεσημειὼθη.

2396 2845 2478 2904 Ὠς
2530 2845 2795 2916 ἅνθρωπος
2846 2872 2912 2879 —
2960 2845 3218 2912 γρηγορῇ.
3277 2841 3400 2908 Περὶ
3444 2842 3534 2886 τοῦ
3567 2841 3804 2908 Χριστοῦ
3843 2837 3932 2884 καὶ

2327 2943 2424 2985 τῶν
2453 2938 2781 3004 Χριστιανῶν
2828 2928 3064 2985 εἰληπται
3110 2930 3255 2978 τουτὶ
3285 2928 3342 2976 τὸ
3372 2920 3738 2996 παράδειγμα.
3771 2920 3929 2977 Ἐστι

2327 3019 2386 3074 δὲ
2450 3021 2782 3072 ἐλλειπτικόν”
2859 3016 3106 3070 Ἐλλείπει
3187 3017 3286 3085 γαρ
3363 3012 3440 3078 τό,
3515 3015 3685 3064 ἔσται.
3765 3016 3916 3067 Φησὶ

2326 3107 2432 3175 οὖν,
2487 3111 2566 3162 ὅτι
2618 3113 2683 3170 ῶς
2752 3109 3020 3179 ἅνθρωπος
3092 3099 3380 3176 ἀποδημῶν
3441 3106 3608 3154 ἔσται’
3665 3101 3933 3172 ἄνθρωπο.

2254 3186 2294 3243 C
2325 3204 2413 3272 μὲν
2468 3199 2646 3251 ἑαυτόν
2697 3191 2992 3259 ύποδηλῶν,
3049 3195 3118 3254 ὡς
3164 3191 3214 3243 ἐν
3269 3190 3474 3250 πολλαῖς
3532 3191 3734 3262 εἴρηται
3770 3206 3945 3260 παρα-

2326 3289 2513 3348 ϐολαῖς·
2579 3281 2879 3356 ἀποδημίαν
2931 3279 3005 3346 δὲ,
3061 3286 3154 3340 τήν
3213 3281 3280 3340 εἰς
3334 3279 3581 3352 οὐρανοὺς
3647 3276 3932 3346 ἀνάληψινο

2325 3379 2493 3431 οἰκίαν
2547 3373 2605 3428 δε
2652 3376 2830 3435 αὐτού,
2873 3377 2960 3424 τὸν
3015 3375 3250 3444 παρόντα
3315 3374 3531 3440 κόσμον·
3598 3362 3818 3427 δούλους
3873 3362 3932 3417 δὲ

2327 3468 2509 3530 αὑτοῦ,
2560 3469 2674 3525 τοὺς
2720 3465 3080 3534 Χριστιανούς·
3137 3460 3358 3513 ἑκάστου
3410 3454 3468 3510 δὲ
3515 3461 3572 3509 τὸ
3627 3459 3797 3530 ἔργον,
3839 3460 3930 3512 τήν

2327 3556 2556 3629 φυλακὴν
2584 3563 2682 3606 τῶν
2713 3552 2918 3604 ἐντολῶν
2949 3551 3131 3614 αὑτοῦ,
3164 3554 3253 3600 καὶ
3301 3547 3549 3622 ἐργασίαν
3588 3554 3686 3598 τῶν
3715 3543 3927 3618 ἀρετῶν.

2328 3649 2558 3720 θυρωρὸν
2588 3641 2666 3709 δι,
2711 3645 2796 3695 τόν
2836 3640 3057 3693 ἑκάστου
3109 3646 3248 3702 νοῦν,
3293 3640 3379 3690 τὸν
3402 3635 3786 3688 ἐπιστατοῦντα
3815 3640 3933 3693 ταῖς

2330 3737 2506 3808 θυρίσι
2551 3743 2645 3796 τῆς
2674 3733 2876 3804 ψυχῆς,
2903 3734 3085 3800 ἤγουν,
3117 3735 3225 3789 τοῖς
3258 3727 3645 3801 αἰσθητηρίοις,
3693 3720 3766 3775 δι’
3795 3723 3865 3772 ὧν
3905 3723 3932 3773 ὁ

2325 3828 2509 3886 νοητὸς
2537 3828 2754 3883 κλέπτης
2783 3816 3044 3889 εὶσπηδᾲν
3075 3819 3266 3872 ε’ίωθεν.

3519 3015 3538 3027 ιο

3515 3031 3685 3064 εσται.

2399 4028 2702 4097 Γρηγορεῖτε
2780 4049 2849 4059 --
2912 4013 3280 4076 καθεύδοντας.
3366 4011 3493 4084 ’0ψὶ
3557 4013 3647 4083 μὲν
3734 4016 3930 4063 νοεῖται

2325 4117 2354 4173 ἡ
2423 4123 2520 4165 τῶν
2568 4115 2818 4183 γερόντων
2871 4107 3066 4166 ἡλικίαι
3124 4106 3457 4177 μεσονύκτιον
3509 4097 3588 4168 δὲ,
3622 4101 3651 4158 ἡ
3694 4107 3794 4152 τῶν
3833 4105 3934 4173 μέ-

2327 4221 2450 4256 σων·
2513 4200 2921 4272 ἁλεκτοροφωνία
3001 4191 3078 4261 δὴ,
3159 4195 3186 4251 ἡ
3265 4201 3364 4244 τῶν
3436 4189 3732 4266 ἀρξαμένων
3819 4184 3928 4245 ἤδη

2326 4298 2540 4366 φρονεῖν,
2603 4292 2685 4341 ὅτε
2751 4290 2779 4344 η
2841 4290 3104 4360 φρόνησις,
3163 4283 3336 4356 ὥσπερ
3412 4279 3658 4354 ἀλέκτωρ,
3747 4277 3932 4351 ἐγείρει

2324 4382 2509 4440 αὐτοὺς
2571 4377 2672 4431 ἀπὸ
2747 4385 2836 4437 τῆς
2913 4373 3278 4432 ἀναισθησίας·
3347 4372 3485 4444 πρωί¹
3564 4365 3644 4436 δί,
3730 4370 3761 4426 ἡ
3831 4376 3932 4420 τῶν

2323 4467 2553 4527 παίδων.

609 4549 812 4617 Quaere
852 4558 1054 4606 autem
1102 4552 1391 4622 praedicto
1441 4555 1950 4628 quinquagesimo
1992 4569 2209 4619 octavo

2394 4568 2631 4619 Ζητησον
2699 4554 2758 4610 δὲ
2810 4555 2858 4607 iv
2911 4563 2982 4625 τῷ
3041 4549 3326 4611 δηλωθέντι
3377 4555 3712 4618 πεντηκοστῷ
3759 4543 3937 4618 ὀγδόῳ

538 4639 713 4710 juxta
735 4641 1071 4696 Matthaaum
1103 4642 1294 4713 capite
1335 4643 1798 4702 deciarationem
1833 4649 1987 4705 illius
2020 4651 2158 4708 dicti
2195 4670 2207 4708 :

542 4728 666 4782 Ideo
703 4734 753 4783 et
791 4745 876 4782 vos
907 4735 1065 4784 estote
1101 4731 1311 4800 parati,
1345 4735 1476 4803 quia
1518 4752 1623 4805 qua
1663 4736 1797 4791 hora
1835 4756 1942 4794 non
1975 4743 2204 4814 putatis,

545 4833 605 4870 ea
634 4816 817 4871 Filius
845 4817 1074 4873 hominis
1108 4826 1366 4876 venturus
1395 4831 1469 4878 est
1500 4825 1569 4878 ⁷².

616 4905 780 4961 Vers.
808 4910 895 4962 37.
928 4908 1062 4973 Qua
1112 4916 1287 4964 autem
1328 4940 1394 4952 -—
1437 4912 1575 4968 dico.
1625 4914 1908 4974 Omnibus
1938 4919 2213 4980 Christia—

547 4994 658 5058 nis,
700 4994 805 5065 qui
839 4993 1021 5051 t‘uturi
1058 5003 1196 5053 sunt
1235 5015 1424 5073 usque
1465 5002 1536 5058 ad
1573 5005 1786 5061 mundi
1825 5023 2217 5071 consumma-

547 5083 796 5140 tionem.

614 5200 662 5235 ⁷²
691 5199 894 5256 Matth.
928 5218 1088 5269 xxw,
1118 5204 1214 5262 44.

2323 4651 2578 4724 κεφαλαίῳ
2617 4656 2708 4700 τοῦ
2757 4648 2892 4698 κατὰ
2936 4645 3199 4700 Ματθαίον
3243 4647 3335 4699 τὴν
3376 4639 3626 4710 ἐξήγησιν
3675 4644 3791 4691 τοῦ.
3838 4638 3940 4688 Διὰ

2323 4750 2473 4794 τούτο
2498 4744 2584 4791 καὶ
2618 4741 2762 4810 ὑμεῖς
2787 4736 2992 4808 γίνεσθε
3022 4733 3219 4805 ἕτοιμοι
3260 4733 3338 4783 ὅτι
3429 4731 3537 4804 ὥρᾳ
3560 4727 3618 4780 ού
3647 4722 3872 4792 δοκεῖτε,
3908 4728 3936 4778 ό

2323 4835 2444 4892 Υἱός
2465 4837 2556 4883 τού
2583 4827 2853 4901 ἀνθρώπου
2885 4828 3118 4900 ἔρχεται.

2394 4922 2456 4975 Ἃ
2501 4917 2558 4973 δὲ
2599 4951 2665 4960 -
2720 4916 2869 4988 λέγω.
2926 4921 3068 4966 ιιᾱσι
3117 4919 3220 4972 τοῖς
3265 4912 3399 4983 ἄχρι
3446 4916 3540 4970 τῆς
3591 4909 3936 4979 παγκοσμίου

2328 5013 2618 5073 συντελείας
2649 5017 2905 5084 Χριστιαν
2917 5012 3012 5066 οἱς.

1769 5313 1990 5384 Variae
2036 5318 2358 5390 lectiones
2384 5331 2450 5388 et
2472 5329 2671 5388 notae.

639 5417 732 5487 75)
761 5415 1016 5489 lntellige
1047 5420 1214 5487 ἔσται,
1249 5435 1321 5477 ex
1349 5420 1575 5479 ἓσονται.
1609 5425 1694 5482 Ita
1723 5429 1881 5486 enim
1919 5433 2111 5506 accipi
2142 5436 2350 5495 voluit.

615 5530 730 5612 (ac)
780 5533 997 5616 Jaauis.
1045 5534 1110 5590 In
1159 5538 1360 5616 Graeco
1409 5542 1725 5616 est_0upiai
1765 5560 1871 5600 seu
1913 5545 2206 5606 fenestris.

544 5600 1074 5691 Quoniamhtamen
1111 5607 1292 5691 paulo
1334 5616 1470 5691 an_te
1498 5600 1733 5691 legitur
1762 5600 2210 5691 _eupa}{o£,"dbiil

538 5672 640 5758 jici
692 5675 883 5758 possit
932 5672 1140 5758 θύραις,
1176 5679 1322 5758 loco
1389 5672 1614 5758 θυρίσιί
1668 5685 1784 5743 Sed
1831 5672 1974 5746 alibi
1993 5672 2208 5752 "esse

545 5745 621 5804 de
659 5745 956 5822 sensibus,
980 5745 1145 5824 apud
1176 5750 1413 5811 Patrem
1436 5745 1732 5825 Graecum,
1762 5745 1959 5820 nescio
1996 5745 2209 5837 dati-7.

2314 5551 2513 5608 inveni
2562 5548 3064 5626 θυρὶςνῃριιρύρα-
3098 5543 3378 5626 Aliquem
3399 5534 3941 5626 ἐνδῆξεειέεῖἮ-Έιξο

2317 5623 2604 5695 spectavit
2625 5610 3110 5695 similitudinem,
3130 5619 3196 5670 ut
3211 5610 3372 5695 Tsolet
3394 5610 3520 5695 fieri
3548 5610 3608 5664 in
3638 5610 3945 5680 interpre-

2316 5681 2640 5754 tationibus
2663 5689 3020 5764 allegoricis,
3053 5686 3116 5745 id
3144 5692 3233 5744 est
3261 5681 3619 5760 puerilibus.
