4188 6446
217 355 310 424 811
1244 339 1603 409 (ἨΜΜΕΝΤ.
1647 346 1718 404 ΙΝ
1760 347 1810 406 Μ

1949 334 2086 404 tUM.
2125 378 2196 389 -
2235 346 2396 404 CAP.
2435 345 2582 402 XIV.

3474 325 3578 398 842‘

289 492 542 546 Ἐντεῦθεν
594 489 885 560 κινούμενοί
935 503 1064 546 τινες
1109 485 1328 554 ἔφησαν,
1385 481 1464 532 ὅτι
1533 479 1586 530 αἱ
1650 473 1808 550 προρ-

1993 473 2136 529 Hinc
2173 472 2317 529 moti
2355 471 2599 544 quidam
2625 471 2848 536 dicunt,
2903 469 3219 544 praedictas
3255 467 3579 560 aetatesmiis

217 585 456 657 ῥηθεῖσαι
490 580 691 638 ἡλικίαι
733 584 837 637 τοῖς
881 577 1270 650 εὑρισκομένοις
1316 575 1431 622 τότε
1478 573 1812 644 Χριστιανοῖς

218 672 573 746 ἁρμόζουσιν’
630 666 706 720 ἐπ’
755 665 954 718 ἐκείνων
1017 664 1118 736 γὰρ
1173 663 1202 719 ἡ
1271 658 1489 732 δευτέρα
1545 659 1813 732 παρουσία

220 768 334 836 γενή
345 779 490 813 σεται
503 801 514 814 .

292 855 614 925 Γρηγορεῖτε.

223 947 514 1015 τυρόμενος.

293 1027 384 1080 Ἦν
412 1057 481 1066 --
513 1021 609 1078 δύο
644 1025 859 1096 ἡμέρας.
891 1023 1090 1092 Πάσχα
1119 1024 1207 1072 καὶ
1256 1017 1471 1090 ’Ἂζυμα
1509 1019 1567 1069 τὸ
1619 1017 1820 1086 Πάσχα

223 1117 352 1187 λέγει
380 1123 467 1167 νῦν
498 1115 522 1165 ὁ
553 1113 929 1185 εύαγγελιστής
950 1128 961 1140 ’
995 1108 1134 1162 διότι
1177 1111 1310 1160 κατὰ
1353 1111 1408 1159 τὸ
1461 1108 1661 1178 Πάσχα
1709 1110 1817 1164 τοῖς

222 1213 310 1258 τοῦ
339 1205 499 1276 ἀμνοῦ
539 1207 726 1277 κρέασι
776 1206 866 1252 καὶ
915 1201 1095 1271 ἄζυμα
1144 1200 1506 1261 συνησθίοντο,
1543 1198 1607 1256 ὡς
1654 1196 1702 1246 ἐν
1746 1202 1818 1264 τῷ

706 845 1058 917 Ἐπεφὼνησεν
1153 843 1228 894 ἔτι
1329 847 1482 892 τοῦτο
1584 833 1815 909 διαμαρ-

223 1297 483 1364 έξηκοστῷ
526 1297 682 1364 τρίτῳ
727 1289 984 1363 κεφαλαίῳ
1027 1296 1118 1340 τοῦ
1163 1291 1296 1339 κατά
1343 1288 1608 1339 Ματθαῖον
1651 1303 1818 1356 παρα·

225 1387 596 1455 σεσημείωται,

289 1477 526 1530 Ζητησον
572 1465 630 1522 δὲ
679 1473 768 1521 καὶ
819 1471 937 1541 περὶ
976 1469 1041 1519 τὰ
1089 1465 1355 1518 τελευταῖα
1401 1471 1488 1516 τοῦ
1535 1463 1816 1525 ἑξηκοστοῦ

220 1569 422 1638 πρώτου
489 1558 767 1631 κεφαλαίου
835 1575 931 1608 το·
995 1561 1095 1608 Καὶ
1172 1553 1386 1626 ἐγένετο,
1458 1556 1536 1605 ὅτε
1595 1551 1814 1604 ἐτέλεσεν

219 1655 244 1705 ὁ
340 1652 548 1710 Ἰησους
629 1651 827 1707 πάντας
907 1649 1029 1707 τοὺς
1110 1645 1296 1716 λόγους
1382 1647 1615 1707 τούτους,
1708 1637 1816 1694 εἷπε

217 1749 322 1804 τοῖς
381 1741 647 1813 μαθηταῖς
705 1736 899 1788 αὐτοῦ·
963 1731 1178 1803 Οἴδατε,
1231 1737 1310 1784 ὅτι
1363 1735 1492 1805 μετὰ
1539 1729 1636 1784 δύο
1693 1733 1815 1803 ἡμέ·

218 1852 310 1906 ρας
335 1834 393 1883 τὸ
423 1831 627 1900 Πάσχα
654 1831 869 1899 γίνεται.

291 1925 390 1973 Καὶ
467 1916 675 1979 ἐζήτουν
733 1946 802 1956 -
861 1915 1007 1966 λαοῦ.
1088 1913 1222 1965 Ἐκεῖ
1293 1916 1381 1963 καὶ
1446 1915 1563 1984 περὶ
1625 1912 1816 1963 τούτων

221 2011 332 2084 εύρή
345 2028 474 2070 σεις.

225 2141 369 2191 ΚΕΦ.
458 2139 572 2188 ΜΔ.
666 2135 790 2205 Περὶ
860 2138 952 2192 τῆς
1054 2127 1345 2200 ἀλειψάσης
1443 2131 1530 2179 τόν
1630 2128 1816 2200 Κύριον

936 2222 1104 2294 μύρῳ·

299 2317 397 2365 Καὶ
437 2316 571 2372 ὄντος
633 2341 702 2350 -
750 2308 989 2382 κεφαλῆς.
1066 2310 1287 2382 Εἴρηται
1347 2309 1462 2374 περὶ
1528 2307 1722 2366 ταύτης
1767 2303 1814 2356 ἐν

236 2409 306 2472 τῷ
344 2400 589 2470 ἑξηκοστῷ
627 2395 852 2472 δευτέρῳ
887 2396 1144 2470 κεφαλαίῳ
1192 2403 1283 2448 τοῦ
1331 2396 1468 2446 κατὰ
1523 2395 1811 2447 Ματθαῐον.

303 2490 460 2543 Ἦσαν
499 2521 563 2529 -
619 2488 773 2560 αὐτῇ.
828 2487 1052 2560 Ὁμοίως
1119 2490 1209 2537 καὶ
1265 2488 1383 2558 περὶ
1439 2485 1631 2536 τούτων
1679 2484 1814 2535 πάν-

222 2599 332 2632 των.
401 2579 597 2631 Ἐπάνω
656 2574 716 2629 δε
767 2579 1081 2650 τριακοσίων
1157 2571 1439 2648 δηναρίων,
1513 2571 1626 2625 ἀντὶ
1699 2579 1810 2644 τοῦ,

217 2669 501 2722 Ἐπέκεινα.

281 2757 338 2810 Ὁ
387 2752 446 2808 δὲ
498 2756 708 2817 Ἰησοῦς
763 2785 830 2797 -
878 2752 1058 2814 αὐτῆς.
1120 2749 1236 2806 Ἐτι
1296 2756 1384 2804 καὶ
1453 2755 1572 2828 περὶ
1619 2755 1812 2804 τούτων

211 2845 503 2920 λεπτομερῶ
513 2864 553 2906 ς.

285 2938 386 2990 Καὶ
439 2930 642 2994 Ἰούδας
689 2965 756 2974 —-
808 2929 1050 3006 παραδῷ.
1111 2937 1211 2984 Καὶ
1276 2935 1395 3006 περὶ
1466 2934 1659 2983 τούτων
1713 2929 1814 2986 ἐκεῖ

216 3029 470 3087 ζήτησον.
507 3023 811 3096 Ἐχάρησαν
857 3018 916 3073 δὲ
946 3020 1003 3072 ού
1035 3024 1207 3092 μόνον,
1258 3021 1338 3071 ὅτι
1376 3025 1541 3092 χωρὶς
1591 3019 1811 3090 θορύϐου

211 3113 413 3186 ἔμελλον
441 3113 596 3164 αὐτὸν
631 3110 920 3179 συλλαϐεῖν,
949 3111 1046 3162 ὑπὸ
1086 3117 1174 3161 τοῦ
1221 3105 1399 3160 Ἰούδα
1447 3106 1809 3182 παραδιδόμε-

202 3224 286 3256 νον
341 3203 616 3276 εὗκαίρως,
674 3200 780 3253 ἀλλ’
829 3202 909 3254 ὅτι
964 3205 1054 3252 καὶ
1112 3201 1210 3252 ὑπὸ
1270 3209 1368 3251 τῶν
1422 3202 1669 3272 μαθητῶν
1719 3204 1811 3275 ἣρ-

202 3292 328 3357 Eata
370 3293 667 3365 μισεῖσθαι.

592 3422 739 3472 ΚΕΦ.
770 3417 900 3469 ΜΗ.
931 3421 1055 3489 Περὶ
1080 3422 1172 3467 τοῦ
1205 3417 1420 3487 Πάσχα.

276 3529 376 3578 Καὶ
425 3530 487 3596 τῇ
548 3528 727 3598 πρώτη
784 3555 849 3564 -
895 3525 1189 3595 ἡτοίμασαν
1259 3525 1316 3574 τό
1387 3522 1605 3593 Πάσχα.
1673 3519 1807 3573 Ἀπὸ

195 3622 294 3668 τοῦ
332 3614 617 3676 ἑξηκοστοῦ
664 3617 842 3685 τρίτου
891 3612 1163 3684 κεφαλαίου
1212 3619 1303 3663 τοῦ
1350 3613 1486 3663 κατὰ
1539 3612 1806 3663 Ματθαῖον

195 3711 368 3756 ταῦτα
417 3701 482 3775 [⁸
528 3698 970 3774 δια-γινώσκεται]
1019 3701 1130 3772 (76)
1182 3696 1388 3775 ῥᾴδιον,
1437 3698 1661 3775 ἀκριϐῶς
1709 3698 1812 3751 ἐκεῖ

197 3789 584 3864 διαληφθέντα.

345 3940 499 3990 ΚΕΦ.
535 3932 655 3994 Μ’ς.
689 3938 814 4008 Περὶ
842 3941 936 3994 τῆς
973 3929 1318 4007 παραδόσεως
1359 3938 1664 4008 προφητεία.

268 4043 378 4098 Καὶ
476 4040 634 4112 ὄψιας
708 4044 983 4113 γενομένης
1063 4071 1129 4080 -
1221 4042 1487 4116 ἄνθρωπος
1585 4043 1798 4104 ἐκεῖνος.

190 4129 335 4184 Ἐκεῖ
364 4135 458 4182 καὶ
484 4139 651 4182 ταῦτα
683 4128 1136 4203 ἕσαφηνίσθησαν.

263 4222 376 4276 Καὶ
428 4219 704 4272 ἐσθιόντων
752 4252 811 4260 --
868 4227 959 4271 τοῦ
1013 4227 1172 4277 Θεοῦ,
1238 4225 1362 4296 Περὶ
1422 4223 1615 4272 τούτων
1661 4220 1805 4292 εἰρή-

187 4329 354 4382 καμεν
407 4308 456 4360 ἐν
505 4317 577 4380 τῷ
628 4308 890 4380 ἑξηκοστῷ
941 4311 1170 4382 τετάρτῳ
1221 4309 1478 4381 κεφαλαίῳ
1539 4317 1628 4361 τοῦ
1674 4311 1805 4360 κατὰ

183 4395 493 4452 Ματθαῖον.

257 4489 380 4543 Καὶ
465 4488 782 4560 ὑμνήσαντες
856 4519 925 4530 —
994 4490 1182 4550 πάντες
1243 4487 1432 4560 ἔλεγον.
1507 4491 1608 4540 Καὶ
1684 4491 1801 4562 περὶ

175 4581 389 4631 τούτων
419 4577 471 4629 ἓν
510 4576 650 4648 αύτῷ
680 4579 815 4630 κατὰ
832 4577 984 4650 λόγον
1011 4576 1129 4653 ἐρῥή
1141 4579 1202 4636 θη
1219 4622 1231 4634 .

256 4669 371 4724 Καὶ
421 4670 667 4742 ἔρχονται
716 4697 784 4709 -—
830 4666 985 4721 Ἀλλὰ
1031 4673 1084 4719 τί
1136 4666 1494 4740 σύ;’ομοίως
1550 4670 1638 4720 καὶ
1681 4669 1801 4740 περὶ

175 4761 394 4810 τούτων
409 4800 421 4814 ,

256 4945 374 5001 Καὶ
413 4947 624 5020 ἔρχεται
674 4977 737 4986 -
786 4948 990 5017 ἤγγικε.
1047 4943 1148 5000 Καὶ
1192 4950 1310 5022 περὶ
1363 4948 1550 4999 τούτων
1601 4948 1801 4999 πάντων

173 5035 356 5089 ἐκεῖνο
383 5039 442 5088 τό
468 5036 738 5108 κεφάλαιον
769 5031 1035 5097 ἐδίδαξεν.

259 5125 377 5179 Καὶ
431 5125 616 5186 εὐθέως
679 5155 749 5164 —-
807 5133 906 5177 τῶν
959 5123 1346 5198 πρεσϐυτέρων.
1415 5129 1633 5200 Εἴρηται
1685 5131 1802 5199 περὶ

165 5215 388 5267 τούτων
436 5212 484 5266 ἄν
530 5223 602 5267 τῶ
643 5215 905 5286 ἑξηκοστῷ
955 5218 1171 5287 πέμπτῳ
1219 5214 1478 5287 κεφαλαίῳ
1519 5222 1610 5267 τοῦ
1668 5219 1803 5268 κατά

164 5305 488 5362 Ματθαῐον.

249 5430 308 5467 ⁷³
340 5428 542 5488 Matth.
566 5444 726 5496 xxvi,
765 5433 814 5496 1,
847 5433 913 5486 2.

1919 563 2111 633 aptari
2143 561 2509 630 Christianis,
2565 559 2669 634 qui
2699 565 2841 617 tunc
2866 557 3234 632 reperientur
3267 555 3416 619 :sub
3459 555 3577 613 illis

1919 650 2078 707 enim
2117 651 2219 708 ﬁet
2249 651 2546 708 secundus
2587 651 2899 708 adventus.

1994 847 2161 904 Vers.
2194 849 2281 905 37.
2315 844 2578 920 Vigilate.
2601 850 2721 906 Hoc
2750 863 2990 904 rursum
3011 845 3259 917 addidit,
3286 848 3578 920 tanquam

1923 936 1986 993 id
2013 937 2171 1010 quod
2191 937 2460 994 futurum
2498 943 2625 995 erat
2646 941 3029 1010 protestatus.

1998 1043 2150 1099 CAP.
2181 1043 2322 1098 XIV.
2357 1043 2518 1100 Vers.
2558 1049 2604 1099 t.
2640 1043 2788 1100 Erat
2824 1073 2894 1086 —-
2927 1043 3181 1100 biduum.
3239 1041 3470 1100 Pascha
3521 1044 3581 1098 et

1926 1132 2152 1205 Azyma
2185 1136 2354 1189 vocat
2399 1148 2560 1189 nunc
2604 1133 2977 1204 Evangelista
3003 1131 3204 1205 ipsum
3235 1131 3481 1188 Pascha
3502 1129 3581 1187 fe-

1927 1226 2082 1278 stum
2106 1221 2282 1295 :quia
2310 1222 2370 1278 in
2400 1223 2532 1295 ipso
2557 1238 2766 1280 carnes
2801 1222 2944 1293 agni
2982 1225 3041 1279 et
3069 1237 3281 1293 azyma
3309 1219 3583 1279 comede-

1925 1310 2091 1377 bant,
2125 1311 2300 1368 sicuti
2330 1311 2694 1382 sexagesimo
2723 1312 2895 1368 tertio
2929 1312 3122 1385 capite
3168 1309 3472 1382 Evangelii
3497 1325 3582 1367 se-

1925 1399 2186 1456 cundum
2211 1401 2552 1457 Matthaeum
2576 1400 2982 1470 signiﬁcatum
3008 1405 3117 1457 est.

1997 1491 2206 1554 Quaere
2259 1497 2460 1546 autem
2525 1505 2713 1562 prope
2760 1489 2942 1546 tinem
2978 1490 3157 1546 etiam
3233 1487 3584 1558 sexagesimi

1923 1576 2101 1650 primi
2131 1577 2337 1648 capitis
2385 1577 2610 1634 dictum
2660 1577 2853 1637 illud:
2891 1578 2967 1634 Et
3017 1579 3242 1647 factum
3296 1584 3392 1642 est,
3433 1579 3581 1647 poste

1923 1682 2098 1739 quam
2151 1667 2375 1737 ﬁnisset
2427 1667 2589 1724 Iesus
2645 1682 2840 1724 omnes
2867 1667 2971 1724 hos
2997 1681 3298 1732 sermones,
3324 1665 3476 1722 dixit
3494 1665 3583 1721 di-

1925 1756 2164 1827 scipulis
2190 1758 2342 1814 suis:
2373 1757 2548 1815 Scitis
2573 1757 2728 1829 quod
2745 1763 2873 1828 post
2894 1756 3136 1813 biduum
3166 1755 3390 1814 Pascha
3412 1755 3488 1812 sit
3506 1755 3577 1808 ⁷³.

1996 1936 2138 1991 Vers
2172 1940 2221 1990 1.
2253 1937 2318 1992 Ει
2359 1935 2693 2008 quaerebant
2752 1963 2822 1977 —-
2885 1933 3043 1992 Vers.
3102 1937 3158 1991 2.
3214 1933 3440 2007 populi.
3493 1932 3578 1990 Ibi

1925 2040 2165 2098 quoque
2193 2025 2266 2081 de
2296 2025 2390 2080 his
2430 2023 2720 2083 invenies.

2103 2131 2255 2189 CAP.
2287 2132 2464 2190 XLIV.
2493 2135 2576 2189 De
2606 2148 2669 2189 ea
2695 2148 2818 2204 qua
2847 2133 3024 2190 unxit
3063 2133 3403 2190 Dominum.

2600 2232 2895 2294 unguento.

1996 2312 2156 2367 Vers.
2189 2315 2240 2367 3.
2275 2312 2505 2368 Etcum
2557 2319 2789 2369 esset—
2834 2317 3032 2383 caput.
3087 2314 3168 2369 De
3217 2311 3332 2388 hac
3352 2309 3578 2384 dictum

1923 2404 2014 2457 est
2040 2401 2418 2472 sexagesimo
2439 2401 2702 2458 secundo
2721 2401 2911 2475 capite
2929 2400 3226 2473 Evangelii
3247 2399 3580 2457 secundum

1923 2491 2278 2547 Matthaaum.

1994 2579 2154 2634 Vers.
2189 2580 2239 2634 4.
2263 2579 2455 2637 Erant
2487 2580 2739 2637 —Vers.
2773 2584 2823 2635 5.
2851 2579 3134 2638 adversus
3190 2578 3377 2637 illam.
3409 2576 3583 2636 Simi~

1922 2668 2053 2725 liter
2077 2673 2133 2726 et
2154 2669 2228 2726 de
2253 2669 2369 2726 his.

1995 2865 2161 2921 Vers.
2191 2869 2243 2920 6.
2271 2864 2430 2923 Jesus
2461 2868 2670 2922 autem.
2711 2865 2881 2922 Vers.
2937 2867 2991 2921 9.
3037 2864 3232 2936 ipsius.
3293 2865 3583 2924 Praeterea

1922 2959 1978 3010 et
2008 2955 2083 3009 de
2120 2954 2214 3010 his
2241 2955 2537 3010 subtiliter
2577 2960 2891 3011 tractatum
2941 2959 3046 3010 est.

1849 3069 1889 3126 ο
1993 3044 2153 3099 Vers.
2191 3048 2272 3099 1ο.
2306 3045 2381 3099 Et
2405 3044 2586 3099 Judas
2616 3073 2686 3084 —
2734 3045 2892 3098 Vers.
2955 3045 3036 3098 11.
3075 3045 3358 3102 traderet.
3391 3045 3581 3101 Etiam

1919 3131 1994 3187 de
2023 3132 2115 3187 his
2145 3132 2249 3188 tibi
2272 3148 2492 3204 quaere.
2513 3132 2708 3188 Gavisi
2759 3137 2900 3188 sunt
2926 3138 3150 3199 autem,
3207 3150 3328 3190 non
3383 3133 3580 3190 solum

1917 3221 2062 3292 quia
2081 3223 2282 3292 ipsum
2309 3223 2434 3277 sine
2467 3221 2723 3276 tumultu
2747 3221 3235 3293 comprehensuri
3265 3229 3454 3287 erant,
3479 3238 3581 3293 op-

1917 3315 2165 3382 portune
2204 3327 2241 3366 a
2280 3309 2432 3366 Juda
2475 3309 2780 3374 traditum,
2841 3325 3052 3365 verum
3101 3311 3282 3367 etiam
3348 3310 3515 3383 quod
3544 3327 3579 3366 a

1917 3398 2037 3454 suis
2063 3397 2371 3471 discipulis
2401 3397 2542 3454 odio
2566 3397 2776 3453 haberi
2813 3397 3108 3469 inciperet.

2399 3507 2549 3562 CAP.
2583 3505 2737 3560 XLV.
2773 3505 2852 3559 De
2880 3504 3110 3560 Pascha.

1989 3595 2154 3652 Vers.
2191 3599 2276 3650 12.
2303 3595 2380 3650 Ει
2413 3596 2592 3666 primo
2621 3625 2690 3634 —
2719 3593 2879 3650 Vers.
2923 3595 3006 3649 16.
3059 3601 3399 3666 paraverunt
3445 3595 3577 3651 Pas-

1917 3683 2048 3742 cha.
2085 3685 2133 3739 A
2158 3684 2533 3754 sexagesimo
2575 3682 2747 3739 tertio
2799 3683 2992 3756 capite
3024 3683 3326 3756 Evangelii
3370 3698 3577 3740 secun-

1921 3773 2062 3829 dum
2095 3773 2439 3831 Matthaeum
2469 3772 2600 3829 haec
2648 3773 2816 3830 facile
2845 3773 3276 3846 intelliguntur,
3317 3790 3456 3831 cum
3499 3774 3576 3831 ibi

1923 3864 2041 3921 sint
2065 3869 2268 3922 exacte
2289 3863 2615 3936 disputata.

2161 3972 2314 4028 CAP.
2340 3970 2524 4028 XLVI.
2573 3971 2659 4027 De
2683 3971 3023 4040 proditione
3043 3972 3380 4044 prophetia.

1988 4063 2151 4119 Vers.
2178 4063 2260 4116 17.
2289 4061 2364 4116 Et
2387 4062 2552 4130 facta
2577 4076 2814 4130 vespera
2835 4093 2900 4102 -
2925 4061 3090 4118 Vers.
3121 4065 3212 4118 2t:
3267 4063 3435 4118 homo
3457 4061 3571 4118 ille.

1915 4151 2139 4208 ibidem
2164 4151 2293 4205 haec
2325 4151 2507 4204 etiam
2526 4149 2852 4220 explanata
2879 4154 3036 4204 sunt.

1986 4240 2150 4296 Vers.
2221 4239 2308 4291 22.
2376 4238 2449 4291 Et
2487 4236 2773 4293 edentibus
2839 4268 2906 4277 —
2965 4237 3249 4292 Vers.25.
3314 4237 3421 4292 Dei
3493 4241 3575 4294 De

1912 4329 2003 4384 his
2034 4327 2292 4382 diximus
2341 4326 2710 4396 sexagesimo
2760 4329 2971 4396 quarto
3022 4327 3193 4396 juxta
3232 4325 3573 4382 Matthaeum

1837 4416 1882 4474 D
1913 4417 2130 4490 capite.

1983 4505 2145 4561 Vers.
2203 4506 2293 4560 26.
2344 4505 2410 4558 Et
2447 4502 2600 4559 dicto
2664 4505 2879 4575 hymno
2933 4533 3001 4543 —
3035 4503 3189 4558 Vers.
3222 4504 3312 4559 3t.
3380 4518 3572 4561 omnes

1912 4594 2200 4652 dicebant.
2256 4591 2443 4649 Etiam
2475 4594 2545 4648 de
2581 4592 2672 4649 his
2703 4593 2767 4649 in
2797 4609 2867 4650 eo
2906 4591 3098 4665 capite
3153 4608 3260 4666 per
3296 4591 3570 4650 ordinem

1912 4684 2140 4741 dictum
2177 4688 2286 4739 est.

1979 4773 2144 4830 Vers.
2166 4773 2254 4830 32.
2299 4773 2374 4828 Et
2418 4773 2655 4829 veniunt
2722 4773 2978 4828 —Vers.
3028 4774 3114 4829 36.
3143 4772 3263 4830 Sed
3312 4771 3459 4844 quod
3489 4775 3569 4829 tu.

1909 4863 2193 4920 Similiter
2223 4866 2279 4918 et
2307 4862 2382 4918 de
2421 4862 2512 4917 his
2525 4905 2537 4917 .

1981 4955 2144 5010 Vers.
2174 4957 2260 5010 37.
2298 4953 2373 5007 Et
2425 4954 2586 5009 venit
2631 4983 2698 4993 —
2730 4952 2895 5008 Vers.
2956 4952 3046 5008 42.
3097 4952 3563 5024 appropinquat.

1909 5046 2197 5099 Praeterea
2236 5047 2293 5098 et
2321 5041 2396 5098 de
2417 5042 2510 5097 his
2536 5048 2714 5114 caput
2745 5042 2888 5098 illud
2917 5041 3142 5097 docuit.

1982 5133 2148 5188 Vers.
2183 5131 2272 5189 43.
2311 5132 2384 5187 Et
2405 5133 2601 5188 statim
2637 5164 2705 5173 —
2733 5131 3069 5189 senioribus.
3115 5130 3350 5187 Dictum
3381 5135 3468 5188 est
3497 5130 3572 5188 de

1910 5223 2004 5279 his
2036 5222 2406 5292 sexagesimo
2428 5222 2632 5294 quinto
2655 5221 2850 5295 capite
2908 5220 3210 5291 Evangelii
3241 5220 3571 5278 secundum

1912 5311 2270 5369 Matthmum.

1408 5560 1630 5638 Variae
1661 5561 1990 5632 lectiones
2023 5570 2089 5628 et
2119 5570 2320 5629 notae.

248 5710 380 5787 (76)
406 5710 549 5777 Qum
577 5709 669 5766 his
697 5709 881 5782 signis
901 5708 966 5784 [·]
1001 5709 1235 5769 inclusa
1260 5715 1424 5780 sunt,
1456 5728 1527 5772 ea
1559 5729 1631 5772 ex
1657 5713 1810 5772 Cod.
1843 5715 1916 5773 Β.
1952 5712 2315 5772 exciderant.

484 5809 720 5866 PATROL.
761 5807 866 5866 Gn.
911 5809 1155 5866 CXXIX.
