  <div class='ocr_page' id='page_1' title='image "/cluster/home/n/w/nwhite01/storage/ocr_20150623/129/hvd.32044019208511/455.png"; bbox 0 0 4188 6424; ppageno 0'>
   <div class='ocr_carea' id='block_1_1' title="bbox 685 367 2339 433">
    <p class='ocr_par' dir='ltr' id='par_1_1' title="bbox 685 369 2328 433">
     <span class='ocr_line' id='line_1_1' title="bbox 685 369 2328 433; baseline -0.006 -2"><span class='ocrx_word' id='word_1_1' title='bbox 685 377 791 433; x_wconf 72' lang='grc'><strong>843</strong></span> <span class='ocrx_word' id='word_1_2' title='bbox 2017 369 2328 424; x_wconf 80' lang='grc' dir='ltr'><strong>ΕυΤΗΥΜΙ</strong></span> 
     </span>
    </p>
   </div>
   <div class='ocr_carea' id='block_1_2' title="bbox 2371 367 4025 433">
    <p class='ocr_par' dir='ltr' id='par_1_2' title="bbox 2401 367 4025 431">
     <span class='ocr_line' id='line_1_2' title="bbox 2401 367 4025 431; baseline 0.006 -10"><span class='ocrx_word' id='word_1_3' title='bbox 2401 367 2720 422; x_wconf 76' lang='lat' dir='ltr'><strong>ZIGABENI</strong></span> <span class='ocrx_word' id='word_1_4' title='bbox 3946 376 4025 431; x_wconf 69' lang='grc'><strong>844</strong></span> 
     </span>
    </p>
   </div>
   <div class='ocr_carea' id='block_1_3' title="bbox 758 489 2412 572">
    <p class='ocr_par' dir='ltr' id='par_1_3' title="bbox 758 494 2412 556">
     <span class='ocr_line' id='line_1_3' title="bbox 758 494 2412 556; baseline -0.005 0"><span class='ocrx_word' id='word_1_5' title='bbox 758 501 920 556; x_wconf 87' lang='lat' dir='ltr'><strong>Vers.</strong></span> <span class='ocrx_word' id='word_1_6' title='bbox 966 503 1052 556; x_wconf 90' lang='grc'><strong>44.</strong></span> <span class='ocrx_word' id='word_1_7' title='bbox 1087 498 1332 556; x_wconf 75' lang='lat' dir='ltr'><strong>Dederat</strong></span> <span class='ocrx_word' id='word_1_8' title='bbox 1378 528 1446 539; x_wconf 93' lang='lat'><strong>—</strong></span> <span class='ocrx_word' id='word_1_9' title='bbox 1474 497 1614 553; x_wconf 89' lang='lat' dir='ltr'><strong>Vers</strong></span> <span class='ocrx_word' id='word_1_10' title='bbox 1657 501 1744 552; x_wconf 84' lang='grc'><strong>47.</strong></span> <span class='ocrx_word' id='word_1_11' title='bbox 1779 494 2124 552; x_wconf 80' lang='lat' dir='ltr'><strong>auriculam.</strong></span> <span class='ocrx_word' id='word_1_12' title='bbox 2175 494 2341 548; x_wconf 87' lang='lat' dir='ltr'><strong>Simi-</strong></span> <span class='ocrx_word' id='word_1_13' title='bbox 2374 495 2412 547; x_wconf 77' lang='grc' dir='ltr'><strong>Α</strong></span> 
     </span>
    </p>
   </div>
   <div class='ocr_carea' id='block_1_4' title="bbox 2373 489 4027 572">
    <p class='ocr_par' dir='ltr' id='par_1_4' title="bbox 2374 489 4027 572">
     <span class='ocr_line' id='line_1_4' title="bbox 2374 489 4027 572; baseline 0.005 -29"><span class='ocrx_word' id='word_1_14' title='bbox 2374 495 2418 547; x_wconf 74' lang='grc' dir='ltr'><strong>Α</strong></span> <span class='ocrx_word' id='word_1_15' title='bbox 2526 489 2747 544; x_wconf 66' lang='grc' dir='ltr'>Δεδωκει</span> <span class='ocrx_word' id='word_1_16' title='bbox 2808 525 2871 533; x_wconf 88' lang='grc'><strong>-</strong></span> <span class='ocrx_word' id='word_1_17' title='bbox 2907 498 2963 545; x_wconf 81' lang='grc' dir='ltr'>τὸ</span> <span class='ocrx_word' id='word_1_18' title='bbox 3016 494 3191 550; x_wconf 79' lang='grc' dir='ltr'>ὠτίον,</span> <span class='ocrx_word' id='word_1_19' title='bbox 3248 493 3519 565; x_wconf 74' lang='grc' dir='ltr'>’ῼσαύτως</span> <span class='ocrx_word' id='word_1_20' title='bbox 3559 502 3652 548; x_wconf 84' lang='grc' dir='ltr'><strong>καὶ</strong></span> <span class='ocrx_word' id='word_1_21' title='bbox 3701 504 3817 572; x_wconf 80' lang='grc' dir='ltr'>περὶ</span> <span class='ocrx_word' id='word_1_22' title='bbox 3864 503 4027 552; x_wconf 75' lang='grc' dir='ltr'>τούτων</span> 
     </span>
    </p>
   </div>
   <div class='ocr_carea' id='block_1_5' title="bbox 685 581 2339 660">
    <p class='ocr_par' dir='ltr' id='par_1_5' title="bbox 685 584 2339 659">
     <span class='ocr_line' id='line_1_5' title="bbox 685 584 2339 659; baseline -0.005 -14"><span class='ocrx_word' id='word_1_23' title='bbox 685 589 816 646; x_wconf 82' lang='lat' dir='ltr'><strong>liter</strong></span> <span class='ocrx_word' id='word_1_24' title='bbox 843 593 900 646; x_wconf 88' lang='lat' dir='ltr'><strong>et</strong></span> <span class='ocrx_word' id='word_1_25' title='bbox 923 588 996 645; x_wconf 92' lang='lat' dir='ltr'><strong>de</strong></span> <span class='ocrx_word' id='word_1_26' title='bbox 1020 588 1133 645; x_wconf 88' lang='lat' dir='ltr'><strong>his.</strong></span> <span class='ocrx_word' id='word_1_27' title='bbox 1192 591 1337 659; x_wconf 84' lang='lat' dir='ltr'><strong>Lege</strong></span> <span class='ocrx_word' id='word_1_28' title='bbox 1360 603 1501 658; x_wconf 89' lang='lat' dir='ltr'><strong>ergo</strong></span> <span class='ocrx_word' id='word_1_29' title='bbox 1532 590 1706 643; x_wconf 88' lang='lat' dir='ltr'><strong>totam</strong></span> <span class='ocrx_word' id='word_1_30' title='bbox 1733 584 2182 646; x_wconf 71' lang='lat' dir='ltr'><strong>enarrationem.</strong></span> <span class='ocrx_word' id='word_1_31' title='bbox 2212 598 2339 654; x_wconf 71' lang='lat' dir='ltr'><strong>qua:</strong></span> 
     </span>
    </p>
   </div>
   <div class='ocr_carea' id='block_1_6' title="bbox 2371 581 4025 660">
    <p class='ocr_par' dir='ltr' id='par_1_6' title="bbox 2454 581 4025 660">
     <span class='ocr_line' id='line_1_6' title="bbox 2454 581 4025 660; baseline 0.006 -28"><span class='ocrx_word' id='word_1_32' title='bbox 2454 581 2710 653; x_wconf 78' lang='grc' dir='ltr'>ἀνάγνωθι</span> <span class='ocrx_word' id='word_1_33' title='bbox 2765 587 2858 639; x_wconf 80' lang='grc' dir='ltr'>τὴν</span> <span class='ocrx_word' id='word_1_34' title='bbox 2912 583 3029 640; x_wconf 73' lang='grc' dir='ltr'>ὅλην</span> <span class='ocrx_word' id='word_1_35' title='bbox 3084 583 3248 634; x_wconf 64' lang='grc' dir='ltr'>αὐτῶν</span> <span class='ocrx_word' id='word_1_36' title='bbox 3303 583 3577 654; x_wconf 61' lang='grc' dir='ltr'>ἐξήγησιν,</span> <span class='ocrx_word' id='word_1_37' title='bbox 3638 586 3861 660; x_wconf 71' lang='grc' dir='ltr'>ἀκριϐῶς</span> <span class='ocrx_word' id='word_1_38' title='bbox 3917 588 4025 642; x_wconf 73' lang='grc' dir='ltr'>ἐκτε-</span> 
     </span>
    </p>
   </div>
   <div class='ocr_carea' id='block_1_7' title="bbox 684 669 2839 750">
    <p class='ocr_par' dir='ltr' id='par_1_7' title="bbox 684 669 2839 750">
     <span class='ocr_line' id='line_1_7' title="bbox 684 669 2839 750; baseline -0.005 -15"><span class='ocrx_word' id='word_1_39' title='bbox 684 677 768 735; x_wconf 86' lang='lat' dir='ltr'><strong>ibi</strong></span> <span class='ocrx_word' id='word_1_40' title='bbox 805 682 1081 735; x_wconf 77' lang='lat' dir='ltr'><strong>accurate</strong></span> <span class='ocrx_word' id='word_1_41' title='bbox 1113 677 1310 750; x_wconf 88' lang='lat' dir='ltr'><strong>posita</strong></span> <span class='ocrx_word' id='word_1_42' title='bbox 1346 680 1455 733; x_wconf 89' lang='lat' dir='ltr'><strong>est.</strong></span> <span class='ocrx_word' id='word_1_43' title='bbox 2455 673 2686 742; x_wconf 77' lang='grc' dir='ltr'>θυμένην</span> <span class='ocrx_word' id='word_1_44' title='bbox 2720 669 2839 724; x_wconf 80' lang='grc' dir='ltr'>ἐκει.</span> 
     </span>
    </p>
   </div>
   <div class='ocr_carea' id='block_1_8' title="bbox 756 759 2410 840">
    <p class='ocr_par' dir='ltr' id='par_1_8' title="bbox 756 759 2341 836">
     <span class='ocr_line' id='line_1_8' title="bbox 756 759 2341 836; baseline -0.006 -13"><span class='ocrx_word' id='word_1_45' title='bbox 756 767 922 824; x_wconf 87' lang='lat' dir='ltr'><strong>Vers.</strong></span> <span class='ocrx_word' id='word_1_46' title='bbox 962 766 1051 823; x_wconf 81' lang='grc'><strong>48.</strong></span> <span class='ocrx_word' id='word_1_47' title='bbox 1111 767 1186 822; x_wconf 84' lang='lat' dir='ltr'><strong>Et</strong></span> <span class='ocrx_word' id='word_1_48' title='bbox 1217 766 1561 836; x_wconf 83' lang='lat' dir='ltr'><strong>respondens</strong></span> <span class='ocrx_word' id='word_1_49' title='bbox 1611 797 1679 805; x_wconf 92' lang='lat'><strong><em>—</em></strong></span> <span class='ocrx_word' id='word_1_50' title='bbox 1705 767 1864 820; x_wconf 87' lang='lat' dir='ltr'><strong>Vers.</strong></span> <span class='ocrx_word' id='word_1_51' title='bbox 1910 767 1996 819; x_wconf 80' lang='lat'><strong>52.</strong></span> <span class='ocrx_word' id='word_1_52' title='bbox 2025 762 2099 817; x_wconf 86' lang='lat' dir='ltr'><strong>ab</strong></span> <span class='ocrx_word' id='word_1_53' title='bbox 2124 761 2223 818; x_wconf 83' lang='lat' dir='ltr'><strong>eis.</strong></span> <span class='ocrx_word' id='word_1_54' title='bbox 2261 759 2341 817; x_wconf 90' lang='lat' dir='ltr'><strong>Si-</strong></span> 
     </span>
    </p>
   </div>
   <div class='ocr_carea' id='block_1_9' title="bbox 2368 759 4022 840">
    <p class='ocr_par' dir='ltr' id='par_1_9' title="bbox 2526 759 4022 840">
     <span class='ocr_line' id='line_1_9' title="bbox 2526 759 4022 840; baseline 0.003 -26"><span class='ocrx_word' id='word_1_55' title='bbox 2526 760 2628 814; x_wconf 87' lang='lat' dir='ltr'><em>Kal</em></span> <span class='ocrx_word' id='word_1_56' title='bbox 2674 759 2971 832; x_wconf 80' lang='grc' dir='ltr'><strong>ἀποκριθεὶς</strong></span> <span class='ocrx_word' id='word_1_57' title='bbox 3021 793 3088 801; x_wconf 90' lang='grc'><strong>-</strong></span> <span class='ocrx_word' id='word_1_58' title='bbox 3141 760 3228 812; x_wconf 80' lang='grc' dir='ltr'>ἀπ’</span> <span class='ocrx_word' id='word_1_59' title='bbox 3291 763 3479 815; x_wconf 68' lang='grc' dir='ltr'>αὐτῶν.</span> <span class='ocrx_word' id='word_1_60' title='bbox 3545 766 3648 819; x_wconf 82' lang='grc' dir='ltr'><strong>Καὶ</strong></span> <span class='ocrx_word' id='word_1_61' title='bbox 3700 772 3814 840; x_wconf 81' lang='grc' dir='ltr'>περὶ</span> <span class='ocrx_word' id='word_1_62' title='bbox 3857 771 4022 820; x_wconf 73' lang='grc' dir='ltr'>τούτων</span> 
     </span>
    </p>
   </div>
   <div class='ocr_carea' id='block_1_10' title="bbox 685 846 2339 920">
    <p class='ocr_par' dir='ltr' id='par_1_10' title="bbox 685 855 1802 914">
     <span class='ocr_line' id='line_1_10' title="bbox 685 855 1802 914; baseline -0.003 -3"><span class='ocrx_word' id='word_1_63' title='bbox 685 855 893 914; x_wconf 89' lang='lat' dir='ltr'><strong>militer</strong></span> <span class='ocrx_word' id='word_1_64' title='bbox 913 860 970 913; x_wconf 88' lang='lat' dir='ltr'><strong>et</strong></span> <span class='ocrx_word' id='word_1_65' title='bbox 1005 855 1080 912; x_wconf 91' lang='lat' dir='ltr'><strong>de</strong></span> <span class='ocrx_word' id='word_1_66' title='bbox 1102 855 1197 912; x_wconf 86' lang='lat' dir='ltr'><strong>his</strong></span> <span class='ocrx_word' id='word_1_67' title='bbox 1219 856 1443 912; x_wconf 88' lang='lat' dir='ltr'><strong>ibidem</strong></span> <span class='ocrx_word' id='word_1_68' title='bbox 1467 860 1663 911; x_wconf 87' lang='lat' dir='ltr'><strong>actum</strong></span> <span class='ocrx_word' id='word_1_69' title='bbox 1693 860 1802 910; x_wconf 87' lang='lat' dir='ltr'><strong>est.</strong></span> 
     </span>
    </p>
   </div>
   <div class='ocr_carea' id='block_1_11' title="bbox 1624 846 3278 920">
    <p class='ocr_par' dir='ltr' id='par_1_11' title="bbox 1624 846 3278 920">
     <span class='ocr_line' id='line_1_11' title="bbox 1624 846 3278 920; baseline -0.004 -14"><span class='ocrx_word' id='word_1_70' title='bbox 1624 871 1663 910; x_wconf 91' lang='lat' dir='ltr'><strong>n</strong></span> <span class='ocrx_word' id='word_1_71' title='bbox 1693 860 1802 910; x_wconf 81' lang='lat' dir='ltr'><strong>est.</strong></span> <span class='ocrx_word' id='word_1_72' title='bbox 2450 851 2640 920; x_wconf 78' lang='grc' dir='ltr'>ὁμοίως</span> <span class='ocrx_word' id='word_1_73' title='bbox 2679 847 2724 900; x_wconf 82' lang='grc' dir='ltr'>ἐν</span> <span class='ocrx_word' id='word_1_74' title='bbox 2758 851 2930 920; x_wconf 84' lang='grc' dir='ltr'>ἐκείνῳ</span> <span class='ocrx_word' id='word_1_75' title='bbox 2962 846 3278 906; x_wconf 71' lang='grc' dir='ltr'>διείληπται.</span> 
     </span>
    </p>
   </div>
   <div class='ocr_carea' id='block_1_12' title="bbox 756 936 2410 1016">
    <p class='ocr_par' dir='ltr' id='par_1_12' title="bbox 756 940 2334 1004">
     <span class='ocr_line' id='line_1_12' title="bbox 756 940 2334 1004; baseline -0.002 -5"><span class='ocrx_word' id='word_1_76' title='bbox 756 947 914 1002; x_wconf 87' lang='lat' dir='ltr'><strong>Vers.</strong></span> <span class='ocrx_word' id='word_1_77' title='bbox 952 947 1047 1004; x_wconf 85' lang='lat'><strong>53.</strong></span> <span class='ocrx_word' id='word_1_78' title='bbox 1097 945 1173 1000; x_wconf 84' lang='lat' dir='ltr'><strong>Et</strong></span> <span class='ocrx_word' id='word_1_79' title='bbox 1201 945 1656 1001; x_wconf 78' lang='lat' dir='ltr'><strong>abduxerunt—</strong></span> <span class='ocrx_word' id='word_1_80' title='bbox 1700 944 1862 998; x_wconf 86' lang='lat' dir='ltr'><strong>Vers.</strong></span> <span class='ocrx_word' id='word_1_81' title='bbox 1897 943 1982 997; x_wconf 84' lang='grc'><strong>54.</strong></span> <span class='ocrx_word' id='word_1_82' title='bbox 2014 941 2094 997; x_wconf 88' lang='lat' dir='ltr'><strong>ad</strong></span> <span class='ocrx_word' id='word_1_83' title='bbox 2119 940 2334 996; x_wconf 83' lang='lat' dir='ltr'><strong>lumen.</strong></span> 
     </span>
    </p>
   </div>
   <div class='ocr_carea' id='block_1_13' title="bbox 2367 936 4021 1016">
    <p class='ocr_par' dir='ltr' id='par_1_13' title="bbox 2522 936 4021 1016">
     <span class='ocr_line' id='line_1_13' title="bbox 2522 936 4021 1016; baseline -0.009 -25"><span class='ocrx_word' id='word_1_84' title='bbox 2522 939 2624 992; x_wconf 80' lang='grc' dir='ltr'><strong>Καὶ</strong></span> <span class='ocrx_word' id='word_1_85' title='bbox 2671 936 2942 1008; x_wconf 65' lang='grc' dir='ltr'>ἀπήγαγον</span> <span class='ocrx_word' id='word_1_86' title='bbox 2994 969 3059 978; x_wconf 86' lang='grc'><strong>-</strong></span> <span class='ocrx_word' id='word_1_87' title='bbox 3104 943 3227 1013; x_wconf 82' lang='grc' dir='ltr'>πρὸς</span> <span class='ocrx_word' id='word_1_88' title='bbox 3273 944 3329 990; x_wconf 79' lang='grc' dir='ltr'>τὸ</span> <span class='ocrx_word' id='word_1_89' title='bbox 3376 950 3496 1012; x_wconf 60' lang='grc' dir='ltr'><strong>φῶς,</strong></span> <span class='ocrx_word' id='word_1_90' title='bbox 3551 946 3686 1016; x_wconf 66' lang='grc' dir='ltr'><strong>Πρὸς</strong></span> <span class='ocrx_word' id='word_1_91' title='bbox 3723 949 3781 995; x_wconf 67' lang='grc' dir='ltr'><em>τὸ</em></span> <span class='ocrx_word' id='word_1_92' title='bbox 3825 955 3939 1016; x_wconf 48' lang='grc' dir='ltr'><strong>φῶς,</strong></span> <span class='ocrx_word' id='word_1_93' title='bbox 3976 951 4021 998; x_wconf 64' lang='grc' dir='ltr'><strong>τὸ</strong></span> 
     </span>
    </p>
   </div>
   <div class='ocr_carea' id='block_1_14' title="bbox 684 1027 2338 1107">
    <p class='ocr_par' dir='ltr' id='par_1_14' title="bbox 684 1029 2335 1107">
     <span class='ocr_line' id='line_1_14' title="bbox 684 1029 2335 1107; baseline -0.004 -18"><span class='ocrx_word' id='word_1_94' title='bbox 684 1034 771 1090; x_wconf 80' lang='lat' dir='ltr'><strong>Ad</strong></span> <span class='ocrx_word' id='word_1_95' title='bbox 785 1035 992 1090; x_wconf 84' lang='lat' dir='ltr'><strong>lumen</strong></span> <span class='ocrx_word' id='word_1_96' title='bbox 1022 1033 1187 1107; x_wconf 88' lang='lat' dir='ltr'><strong>quod</strong></span> <span class='ocrx_word' id='word_1_97' title='bbox 1201 1034 1280 1090; x_wconf 91' lang='lat' dir='ltr'><strong>ab</strong></span> <span class='ocrx_word' id='word_1_98' title='bbox 1301 1033 1434 1104; x_wconf 90' lang='lat' dir='ltr'><strong>igne</strong></span> <span class='ocrx_word' id='word_1_99' title='bbox 1452 1032 1897 1106; x_wconf 87' lang='lat' dir='ltr'><strong>producebatur</strong></span> <span class='ocrx_word' id='word_1_100' title='bbox 1925 1047 1938 1096; x_wconf 91' lang='lat'><strong>;</strong></span> <span class='ocrx_word' id='word_1_101' title='bbox 1957 1031 2033 1085; x_wconf 83' lang='lat' dir='ltr'><strong>ita</strong></span> <span class='ocrx_word' id='word_1_102' title='bbox 2048 1035 2110 1084; x_wconf 87' lang='lat' dir='ltr'><strong>ut</strong></span> <span class='ocrx_word' id='word_1_103' title='bbox 2131 1029 2190 1084; x_wconf 91' lang='lat' dir='ltr'><strong>in</strong></span> <span class='ocrx_word' id='word_1_104' title='bbox 2205 1044 2335 1100; x_wconf 87' lang='lat' dir='ltr'><strong>pro-</strong></span> 
     </span>
    </p>
   </div>
   <div class='ocr_carea' id='block_1_15' title="bbox 2367 1027 4021 1107">
    <p class='ocr_par' dir='ltr' id='par_1_15' title="bbox 2448 1027 4021 1105">
     <span class='ocr_line' id='line_1_15' title="bbox 2448 1027 4021 1105; baseline 0.004 -26"><span class='ocrx_word' id='word_1_105' title='bbox 2448 1027 2503 1080; x_wconf 76' lang='grc' dir='ltr'><strong>ὶκ</strong></span> <span class='ocrx_word' id='word_1_106' title='bbox 2543 1037 2634 1089; x_wconf 79' lang='grc' dir='ltr'>τῆς</span> <span class='ocrx_word' id='word_1_107' title='bbox 2678 1035 2957 1102; x_wconf 75' lang='grc' dir='ltr'>πυρκαϊᾶς,</span> <span class='ocrx_word' id='word_1_108' title='bbox 3009 1031 3142 1080; x_wconf 81' lang='grc' dir='ltr'>ὥστε</span> <span class='ocrx_word' id='word_1_109' title='bbox 3185 1032 3458 1099; x_wconf 75' lang='grc' dir='ltr'>φαίνεσθαι</span> <span class='ocrx_word' id='word_1_110' title='bbox 3489 1039 3598 1093; x_wconf 86' lang='grc' dir='ltr'>τοῖς</span> <span class='ocrx_word' id='word_1_111' title='bbox 3641 1037 4021 1105; x_wconf 62' lang='grc' dir='ltr'>συγκαθημένας</span> 
     </span>
    </p>
   </div>
   <div class='ocr_carea' id='block_1_16' title="bbox 681 1117 2335 1197">
    <p class='ocr_par' dir='ltr' id='par_1_16' title="bbox 681 1120 2335 1196">
     <span class='ocr_line' id='line_1_16' title="bbox 681 1120 2335 1196; baseline -0.005 -16"><span class='ocrx_word' id='word_1_112' title='bbox 681 1123 889 1196; x_wconf 88' lang='lat' dir='ltr'><strong>patulo</strong></span> <span class='ocrx_word' id='word_1_113' title='bbox 905 1129 1059 1179; x_wconf 80' lang='lat' dir='ltr'><strong>esset</strong></span> <span class='ocrx_word' id='word_1_114' title='bbox 1086 1122 1201 1194; x_wconf 86' lang='lat' dir='ltr'><strong>his,</strong></span> <span class='ocrx_word' id='word_1_115' title='bbox 1234 1124 1333 1195; x_wconf 85' lang='lat' dir='ltr'><strong>qui</strong></span> <span class='ocrx_word' id='word_1_116' title='bbox 1365 1137 1486 1179; x_wconf 86' lang='lat' dir='ltr'><strong>una</strong></span> <span class='ocrx_word' id='word_1_117' title='bbox 1513 1137 1654 1178; x_wconf 87' lang='lat' dir='ltr'><strong>cum</strong></span> <span class='ocrx_word' id='word_1_118' title='bbox 1684 1136 1755 1176; x_wconf 94' lang='lat' dir='ltr'><strong>eo</strong></span> <span class='ocrx_word' id='word_1_119' title='bbox 1789 1120 2098 1181; x_wconf 83' lang='lat' dir='ltr'><strong>sedebant,</strong></span> <span class='ocrx_word' id='word_1_120' title='bbox 2134 1133 2203 1172; x_wconf 91' lang='lat' dir='ltr'><strong>ac</strong></span> <span class='ocrx_word' id='word_1_121' title='bbox 2221 1133 2335 1172; x_wconf 89' lang='lat' dir='ltr'><strong>om-</strong></span> 
     </span>
    </p>
   </div>
   <div class='ocr_carea' id='block_1_17' title="bbox 2365 1117 4019 1197">
    <p class='ocr_par' dir='ltr' id='par_1_17' title="bbox 2447 1117 4019 1197">
     <span class='ocr_line' id='line_1_17' title="bbox 2447 1117 4019 1197; baseline 0.004 -29"><span class='ocrx_word' id='word_1_122' title='bbox 2447 1122 2535 1168; x_wconf 83' lang='grc' dir='ltr'><strong>καὶ</strong></span> <span class='ocrx_word' id='word_1_123' title='bbox 2576 1123 2706 1168; x_wconf 82' lang='grc' dir='ltr'>πᾶσι</span> <span class='ocrx_word' id='word_1_124' title='bbox 2745 1125 2851 1178; x_wconf 83' lang='grc' dir='ltr'>τοῖς</span> <span class='ocrx_word' id='word_1_125' title='bbox 2902 1117 2947 1168; x_wconf 88' lang='grc' dir='ltr'>ἐν</span> <span class='ocrx_word' id='word_1_126' title='bbox 3091 1117 3217 1175; x_wconf 47' lang='lat' dir='ltr'><strong>adli-</strong></span> <span class='ocrx_word' id='word_1_127' title='bbox 3249 1136 3260 1146; x_wconf 85' lang='lat'>&#39;</span> <span class='ocrx_word' id='word_1_128' title='bbox 3310 1121 3590 1191; x_wconf 83' lang='grc' dir='ltr'>εἷρηται⁶]</span> <span class='ocrx_word' id='word_1_129' title='bbox 3633 1128 3719 1173; x_wconf 80' lang='grc' dir='ltr'>καὶ</span> <span class='ocrx_word' id='word_1_130' title='bbox 3767 1129 3876 1197; x_wconf 83' lang='grc' dir='ltr'>περὶ</span> <span class='ocrx_word' id='word_1_131' title='bbox 3920 1128 4019 1175; x_wconf 72' lang='grc' dir='ltr'>τον-</span> 
     </span>
    </p>
   </div>
   <div class='ocr_carea' id='block_1_18' title="bbox 683 1205 2688 1284">
    <p class='ocr_par' dir='ltr' id='par_1_18' title="bbox 683 1205 2688 1284">
     <span class='ocr_line' id='line_1_18' title="bbox 683 1205 2688 1284; baseline -0.005 -16"><span class='ocrx_word' id='word_1_132' title='bbox 683 1211 1049 1284; x_wconf 90' lang='lat' dir='ltr'><strong>nibusquiin</strong></span> <span class='ocrx_word' id='word_1_133' title='bbox 1065 1212 1214 1268; x_wconf 89' lang='lat' dir='ltr'><strong>atrio</strong></span> <span class='ocrx_word' id='word_1_134' title='bbox 1228 1216 1396 1267; x_wconf 84' lang='lat' dir='ltr'><strong>erant</strong></span> <span class='ocrx_word' id='word_1_135' title='bbox 1413 1211 1666 1277; x_wconf 89' lang='lat' dir='ltr'><strong>;dictum</strong></span> <span class='ocrx_word' id='word_1_136' title='bbox 1680 1213 1978 1265; x_wconf 88' lang='lat' dir='ltr'><strong>estautem</strong></span> <span class='ocrx_word' id='word_1_137' title='bbox 1996 1207 2136 1263; x_wconf 88' lang='lat' dir='ltr'><strong>etde</strong></span> <span class='ocrx_word' id='word_1_138' title='bbox 2150 1206 2335 1261; x_wconf 90' lang='lat' dir='ltr'><strong>bisibi</strong></span> <span class='ocrx_word' id='word_1_139' title='bbox 2446 1226 2544 1258; x_wconf 87' lang='grc' dir='ltr'><strong>των</strong></span> <span class='ocrx_word' id='word_1_140' title='bbox 2572 1205 2688 1258; x_wconf 78' lang='grc' dir='ltr'>ἐκεῖ.</span> 
     </span>
    </p>
   </div>
   <div class='ocr_carea' id='block_1_19' title="bbox 754 1292 2408 1370">
    <p class='ocr_par' dir='ltr' id='par_1_19' title="bbox 754 1297 2338 1359">
     <span class='ocr_line' id='line_1_19' title="bbox 754 1297 2338 1359; baseline -0.003 -4"><span class='ocrx_word' id='word_1_141' title='bbox 754 1301 919 1358; x_wconf 84' lang='lat' dir='ltr'><strong>Vers.</strong></span> <span class='ocrx_word' id='word_1_142' title='bbox 955 1306 1050 1359; x_wconf 91' lang='lat'><strong>55.</strong></span> <span class='ocrx_word' id='word_1_143' title='bbox 1084 1302 1299 1357; x_wconf 81' lang='lat' dir='ltr'><strong>Summi</strong></span> <span class='ocrx_word' id='word_1_144' title='bbox 1333 1316 1466 1357; x_wconf 93' lang='lat' dir='ltr'><strong>vero</strong></span> <span class='ocrx_word' id='word_1_145' title='bbox 1490 1299 1834 1356; x_wconf 76' lang='lat' dir='ltr'><strong>sacerdotes.</strong></span> <span class='ocrx_word' id='word_1_146' title='bbox 1871 1297 2032 1352; x_wconf 88' lang='lat' dir='ltr'><strong>Vers.</strong></span> <span class='ocrx_word' id='word_1_147' title='bbox 2062 1297 2151 1350; x_wconf 83' lang='lat'><strong>59.</strong></span> <span class='ocrx_word' id='word_1_148' title='bbox 2183 1298 2338 1351; x_wconf 84' lang='lat' dir='ltr'><strong>testi-</strong></span> 
     </span>
    </p>
   </div>
   <div class='ocr_carea' id='block_1_20' title="bbox 2364 1292 4018 1370">
    <p class='ocr_par' dir='ltr' id='par_1_20' title="bbox 2517 1292 4018 1370">
     <span class='ocr_line' id='line_1_20' title="bbox 2517 1292 4018 1370; baseline 0.005 -24"><span class='ocrx_word' id='word_1_149' title='bbox 2517 1298 2583 1346; x_wconf 82' lang='lat' dir='ltr'><em>Ol</em></span> <span class='ocrx_word' id='word_1_150' title='bbox 2641 1292 2697 1347; x_wconf 69' lang='grc' dir='ltr'><strong>δὲ</strong></span> <span class='ocrx_word' id='word_1_151' title='bbox 2753 1294 3018 1368; x_wconf 75' lang='grc' dir='ltr'><strong>ἀρχιερεῖς</strong></span> <span class='ocrx_word' id='word_1_152' title='bbox 3070 1328 3136 1337; x_wconf 95' lang='grc'><strong>-</strong></span> <span class='ocrx_word' id='word_1_153' title='bbox 3188 1303 3456 1370; x_wconf 79' lang='grc' dir='ltr'>μαρτυρία</span> <span class='ocrx_word' id='word_1_154' title='bbox 3514 1299 3698 1353; x_wconf 67' lang='grc' dir='ltr'>αὐτῶν.</span> <span class='ocrx_word' id='word_1_155' title='bbox 3767 1303 3897 1354; x_wconf 80' lang='grc' dir='ltr'><strong>Ἐκεῖ</strong></span> <span class='ocrx_word' id='word_1_156' title='bbox 3943 1308 4018 1354; x_wconf 82' lang='grc' dir='ltr'>καὶ</span> 
     </span>
    </p>
   </div>
   <div class='ocr_carea' id='block_1_21' title="bbox 683 1381 3118 1461">
    <p class='ocr_par' dir='ltr' id='par_1_21' title="bbox 683 1381 3118 1461">
     <span class='ocr_line' id='line_1_21' title="bbox 683 1381 3118 1461; baseline -0.004 -15"><span class='ocrx_word' id='word_1_157' title='bbox 683 1391 932 1447; x_wconf 85' lang='lat' dir='ltr'><strong>monium</strong></span> <span class='ocrx_word' id='word_1_158' title='bbox 958 1390 1216 1446; x_wconf 79' lang='lat' dir='ltr'><strong>illorum.</strong></span> <span class='ocrx_word' id='word_1_159' title='bbox 1257 1390 1341 1446; x_wconf 91' lang='lat' dir='ltr'><strong>lbi</strong></span> <span class='ocrx_word' id='word_1_160' title='bbox 1371 1404 1613 1461; x_wconf 89' lang='lat' dir='ltr'><strong>quoque</strong></span> <span class='ocrx_word' id='word_1_161' title='bbox 1662 1389 1789 1443; x_wconf 75' lang='lat' dir='ltr'><strong>haec</strong></span> <span class='ocrx_word' id='word_1_162' title='bbox 1837 1385 2137 1441; x_wconf 88' lang='lat' dir='ltr'><strong>declarata</strong></span> <span class='ocrx_word' id='word_1_163' title='bbox 2177 1389 2332 1439; x_wconf 87' lang='lat' dir='ltr'><strong>sunt.</strong></span> <span class='ocrx_word' id='word_1_164' title='bbox 2445 1393 2606 1435; x_wconf 72' lang='grc' dir='ltr'>ταῦτα</span> <span class='ocrx_word' id='word_1_165' title='bbox 2636 1381 3118 1455; x_wconf 49' lang='lat' dir='ltr'><strong>amemus-36mm.</strong></span> 
     </span>
    </p>
   </div>
   <div class='ocr_carea' id='block_1_22' title="bbox 754 1473 2408 1551">
    <p class='ocr_par' dir='ltr' id='par_1_22' title="bbox 754 1474 2332 1551">
     <span class='ocr_line' id='line_1_22' title="bbox 754 1474 2332 1551; baseline -0.004 -18"><span class='ocrx_word' id='word_1_166' title='bbox 754 1479 915 1534; x_wconf 86' lang='lat' dir='ltr'><strong>Vers.</strong></span> <span class='ocrx_word' id='word_1_167' title='bbox 973 1480 1064 1535; x_wconf 90' lang='lat'><strong>60.</strong></span> <span class='ocrx_word' id='word_1_168' title='bbox 1099 1480 1358 1551; x_wconf 86' lang='lat' dir='ltr'><strong>Cumque</strong></span> <span class='ocrx_word' id='word_1_169' title='bbox 1382 1480 1732 1534; x_wconf 69' lang='lat' dir='ltr'><strong>surrexisset</strong></span> <span class='ocrx_word' id='word_1_170' title='bbox 1764 1507 1831 1517; x_wconf 91' lang='lat'><strong>—-</strong></span> <span class='ocrx_word' id='word_1_171' title='bbox 1861 1476 2029 1531; x_wconf 85' lang='lat' dir='ltr'><strong>Vers.</strong></span> <span class='ocrx_word' id='word_1_172' title='bbox 2055 1477 2145 1528; x_wconf 80' lang='lat'><strong>62.</strong></span> <span class='ocrx_word' id='word_1_173' title='bbox 2179 1474 2332 1529; x_wconf 64' lang='lat' dir='ltr'><strong>coeli.</strong></span> 
     </span>
    </p>
   </div>
   <div class='ocr_carea' id='block_1_23' title="bbox 2360 1473 4014 1551">
    <p class='ocr_par' dir='ltr' id='par_1_23' title="bbox 2521 1473 4014 1551">
     <span class='ocr_line' id='line_1_23' title="bbox 2521 1473 4014 1551; baseline 0.006 -28"><span class='ocrx_word' id='word_1_174' title='bbox 2521 1475 2621 1528; x_wconf 86' lang='lat' dir='ltr'><em>Kal</em></span> <span class='ocrx_word' id='word_1_175' title='bbox 2704 1473 2933 1534; x_wconf 76' lang='grc' dir='ltr'>αναστὰς</span> <span class='ocrx_word' id='word_1_176' title='bbox 3005 1506 3070 1515; x_wconf 89' lang='grc'><strong>-</strong></span> <span class='ocrx_word' id='word_1_177' title='bbox 3157 1484 3250 1526; x_wconf 79' lang='grc' dir='ltr'>τοῦ</span> <span class='ocrx_word' id='word_1_178' title='bbox 3331 1477 3571 1551; x_wconf 68' lang='grc' dir='ltr'>οὐρανοῦ.</span> <span class='ocrx_word' id='word_1_179' title='bbox 3650 1478 3861 1551; x_wconf 41' lang='grc' dir='ltr'>Ὀοαοίως</span> <span class='ocrx_word' id='word_1_180' title='bbox 3937 1487 4014 1533; x_wconf 78' lang='grc' dir='ltr'>καὶ</span> 
     </span>
    </p>
   </div>
   <div class='ocr_carea' id='block_1_24' title="bbox 680 1559 2334 1636">
    <p class='ocr_par' dir='ltr' id='par_1_24' title="bbox 680 1563 2334 1635">
     <span class='ocr_line' id='line_1_24' title="bbox 680 1563 2334 1635; baseline -0.005 -9"><span class='ocrx_word' id='word_1_181' title='bbox 680 1567 945 1626; x_wconf 80' lang='lat' dir='ltr'><strong>Similiter</strong></span> <span class='ocrx_word' id='word_1_182' title='bbox 967 1574 1024 1625; x_wconf 89' lang='lat' dir='ltr'><strong>et</strong></span> <span class='ocrx_word' id='word_1_183' title='bbox 1052 1570 1200 1626; x_wconf 64' lang='lat' dir='ltr'><strong>hac.</strong></span> <span class='ocrx_word' id='word_1_184' title='bbox 1231 1569 1402 1635; x_wconf 88' lang='lat' dir='ltr'><strong>Quod</strong></span> <span class='ocrx_word' id='word_1_185' title='bbox 1457 1574 1657 1624; x_wconf 87' lang='lat' dir='ltr'><strong>autem</strong></span> <span class='ocrx_word' id='word_1_186' title='bbox 1687 1567 1924 1630; x_wconf 89' lang='lat' dir='ltr'><strong>dicitur,</strong></span> <span class='ocrx_word' id='word_1_187' title='bbox 1990 1564 2136 1620; x_wconf 86' lang='lat' dir='ltr'><strong>Cum</strong></span> <span class='ocrx_word' id='word_1_188' title='bbox 2169 1563 2334 1619; x_wconf 84' lang='lat' dir='ltr'><strong>nubi-</strong></span> 
     </span>
    </p>
   </div>
   <div class='ocr_carea' id='block_1_25' title="bbox 2356 1559 4010 1636">
    <p class='ocr_par' dir='ltr' id='par_1_25' title="bbox 2447 1559 4010 1636">
     <span class='ocr_line' id='line_1_25' title="bbox 2447 1559 4010 1636; baseline 0.005 -23"><span class='ocrx_word' id='word_1_189' title='bbox 2447 1570 2637 1616; x_wconf 70' lang='grc' dir='ltr'>ταᾶτα.</span> <span class='ocrx_word' id='word_1_190' title='bbox 2671 1567 2739 1614; x_wconf 88' lang='grc' dir='ltr'><strong>Τὸ</strong></span> <span class='ocrx_word' id='word_1_191' title='bbox 2782 1559 2839 1614; x_wconf 70' lang='grc' dir='ltr'>δε</span> <span class='ocrx_word' id='word_1_192' title='bbox 2885 1566 3025 1615; x_wconf 80' lang='grc' dir='ltr'>Μετὰ</span> <span class='ocrx_word' id='word_1_193' title='bbox 3057 1574 3154 1615; x_wconf 80' lang='grc' dir='ltr'>τῶν</span> <span class='ocrx_word' id='word_1_194' title='bbox 3194 1565 3427 1636; x_wconf 70' lang='grc' dir='ltr'>νεφελῶν,</span> <span class='ocrx_word' id='word_1_195' title='bbox 3482 1566 3590 1620; x_wconf 79' lang='grc' dir='ltr'>ἀντὶ</span> <span class='ocrx_word' id='word_1_196' title='bbox 3633 1577 3736 1635; x_wconf 76' lang='grc' dir='ltr'>τοῦ,</span> <span class='ocrx_word' id='word_1_197' title='bbox 3767 1569 3876 1621; x_wconf 80' lang='grc' dir='ltr'><strong>Ἐπὶ</strong></span> <span class='ocrx_word' id='word_1_198' title='bbox 3922 1579 4010 1621; x_wconf 84' lang='grc' dir='ltr'>τῶν</span> 
     </span>
    </p>
   </div>
   <div class='ocr_carea' id='block_1_26' title="bbox 679 1651 2333 1727">
    <p class='ocr_par' dir='ltr' id='par_1_26' title="bbox 679 1657 1904 1727">
     <span class='ocr_line' id='line_1_26' title="bbox 679 1657 1904 1727; baseline -0.003 -13"><span class='ocrx_word' id='word_1_199' title='bbox 679 1657 802 1725; x_wconf 85' lang='lat' dir='ltr'><strong>bus,</strong></span> <span class='ocrx_word' id='word_1_200' title='bbox 835 1658 996 1714; x_wconf 89' lang='lat' dir='ltr'><strong>idem</strong></span> <span class='ocrx_word' id='word_1_201' title='bbox 1025 1661 1114 1716; x_wconf 89' lang='lat' dir='ltr'><strong>est</strong></span> <span class='ocrx_word' id='word_1_202' title='bbox 1135 1674 1207 1715; x_wconf 89' lang='lat' dir='ltr'><strong>ac</strong></span> <span class='ocrx_word' id='word_1_203' title='bbox 1237 1661 1286 1714; x_wconf 88' lang='lat' dir='ltr'><strong>si</strong></span> <span class='ocrx_word' id='word_1_204' title='bbox 1311 1658 1500 1727; x_wconf 87' lang='lat' dir='ltr'><strong>dicas,</strong></span> <span class='ocrx_word' id='word_1_205' title='bbox 1532 1659 1593 1714; x_wconf 91' lang='lat' dir='ltr'><strong>ln</strong></span> <span class='ocrx_word' id='word_1_206' title='bbox 1622 1657 1904 1713; x_wconf 88' lang='lat' dir='ltr'><strong>nubibus.</strong></span> 
     </span>
    </p>
   </div>
   <div class='ocr_carea' id='block_1_27' title="bbox 1025 1651 2679 1727">
    <p class='ocr_par' dir='ltr' id='par_1_27' title="bbox 1025 1651 2679 1727">
     <span class='ocr_line' id='line_1_27' title="bbox 1025 1651 2679 1727; baseline -0.005 -12"><span class='ocrx_word' id='word_1_207' title='bbox 1025 1661 1114 1716; x_wconf 89' lang='lat' dir='ltr'><strong>est</strong></span> <span class='ocrx_word' id='word_1_208' title='bbox 1135 1674 1207 1715; x_wconf 89' lang='lat' dir='ltr'><strong>ac</strong></span> <span class='ocrx_word' id='word_1_209' title='bbox 1237 1661 1286 1714; x_wconf 88' lang='lat' dir='ltr'><strong>si</strong></span> <span class='ocrx_word' id='word_1_210' title='bbox 1311 1658 1500 1727; x_wconf 87' lang='lat' dir='ltr'><strong>dicas,</strong></span> <span class='ocrx_word' id='word_1_211' title='bbox 1532 1659 1593 1714; x_wconf 91' lang='lat' dir='ltr'><strong>ln</strong></span> <span class='ocrx_word' id='word_1_212' title='bbox 1622 1657 1904 1713; x_wconf 88' lang='lat' dir='ltr'><strong>nubibus.</strong></span> <span class='ocrx_word' id='word_1_213' title='bbox 2446 1651 2679 1722; x_wconf 72' lang='grc' dir='ltr'>νεφελῶν.</span> 
     </span>
    </p>
   </div>
   <div class='ocr_carea' id='block_1_28' title="bbox 749 1737 2403 1819">
    <p class='ocr_par' dir='ltr' id='par_1_28' title="bbox 749 1746 2330 1819">
     <span class='ocr_line' id='line_1_28' title="bbox 749 1746 2330 1819; baseline -0.003 -17"><span class='ocrx_word' id='word_1_214' title='bbox 749 1748 911 1803; x_wconf 87' lang='lat' dir='ltr'><strong>Vers.</strong></span> <span class='ocrx_word' id='word_1_215' title='bbox 969 1749 1056 1819; x_wconf 86' lang='lat'><strong>63,</strong></span> <span class='ocrx_word' id='word_1_216' title='bbox 1108 1748 1372 1804; x_wconf 84' lang='lat' dir='ltr'><strong>Summus</strong></span> <span class='ocrx_word' id='word_1_217' title='bbox 1417 1762 1553 1804; x_wconf 90' lang='lat' dir='ltr'><strong>vero</strong></span> <span class='ocrx_word' id='word_1_218' title='bbox 1581 1747 1851 1804; x_wconf 80' lang='lat' dir='ltr'><strong>sacerdos</strong></span> <span class='ocrx_word' id='word_1_219' title='bbox 1898 1777 1963 1787; x_wconf 89' lang='lat'><strong><em>—</em></strong></span> <span class='ocrx_word' id='word_1_220' title='bbox 2018 1746 2185 1800; x_wconf 87' lang='lat' dir='ltr'><strong>Vers.</strong></span> <span class='ocrx_word' id='word_1_221' title='bbox 2243 1748 2330 1799; x_wconf 83' lang='lat'><strong>65.</strong></span> 
     </span>
    </p>
   </div>
   <div class='ocr_carea' id='block_1_29' title="bbox 2341 1737 3995 1819">
    <p class='ocr_par' dir='ltr' id='par_1_29' title="bbox 2520 1737 3995 1816">
     <span class='ocr_line' id='line_1_29' title="bbox 2520 1737 3995 1816; baseline 0.005 -25"><span class='ocrx_word' id='word_1_222' title='bbox 2520 1740 2576 1790; x_wconf 87' lang='grc' dir='ltr'><strong>Ὀ</strong></span> <span class='ocrx_word' id='word_1_223' title='bbox 2627 1737 2684 1792; x_wconf 73' lang='grc' dir='ltr'><strong>δὲ</strong></span> <span class='ocrx_word' id='word_1_224' title='bbox 2747 1739 3020 1815; x_wconf 74' lang='grc' dir='ltr'>ἀρχιερεὺς</span> <span class='ocrx_word' id='word_1_225' title='bbox 3075 1773 3143 1782; x_wconf 93' lang='grc'><strong>-</strong></span> <span class='ocrx_word' id='word_1_226' title='bbox 3211 1743 3533 1816; x_wconf 74' lang='grc' dir='ltr'><strong>ῥαπίσμασιν</strong></span> <span class='ocrx_word' id='word_1_227' title='bbox 3584 1745 3725 1796; x_wconf 69' lang='grc' dir='ltr'>αὐτὸν</span> <span class='ocrx_word' id='word_1_228' title='bbox 3789 1744 3995 1800; x_wconf 75' lang='grc' dir='ltr'>ἔϐαλλον.</span> 
     </span>
    </p>
   </div>
   <div class='ocr_carea' id='block_1_30' title="bbox 676 1830 2330 1909">
    <p class='ocr_par' dir='ltr' id='par_1_30' title="bbox 676 1835 2010 1909">
     <span class='ocr_line' id='line_1_30' title="bbox 676 1835 2010 1909; baseline -0.004 -15"><span class='ocrx_word' id='word_1_229' title='bbox 676 1836 885 1908; x_wconf 79' lang='lat' dir='ltr'><strong>alapas</strong></span> <span class='ocrx_word' id='word_1_230' title='bbox 906 1837 1004 1893; x_wconf 89' lang='lat' dir='ltr'><strong>illi</strong></span> <span class='ocrx_word' id='word_1_231' title='bbox 1033 1837 1449 1909; x_wconf 84' lang='lat' dir='ltr'><strong>impingebant.</strong></span> <span class='ocrx_word' id='word_1_232' title='bbox 1480 1837 1753 1893; x_wconf 86' lang='lat' dir='ltr'><strong>Similiter</strong></span> <span class='ocrx_word' id='word_1_233' title='bbox 1777 1841 1832 1891; x_wconf 89' lang='lat' dir='ltr'><strong>et</strong></span> <span class='ocrx_word' id='word_1_234' title='bbox 1862 1835 2010 1890; x_wconf 67' lang='lat' dir='ltr'><strong>hinc.</strong></span> 
     </span>
    </p>
   </div>
   <div class='ocr_carea' id='block_1_31' title="bbox 1509 1830 3163 1909">
    <p class='ocr_par' dir='ltr' id='par_1_31' title="bbox 1509 1830 3163 1903">
     <span class='ocr_line' id='line_1_31' title="bbox 1509 1830 3163 1903; baseline -0.007 -10"><span class='ocrx_word' id='word_1_235' title='bbox 1509 1837 1753 1892; x_wconf 65' lang='lat' dir='ltr'><strong>Limiliter</strong></span> <span class='ocrx_word' id='word_1_236' title='bbox 1777 1841 1832 1891; x_wconf 89' lang='lat' dir='ltr'><strong>et</strong></span> <span class='ocrx_word' id='word_1_237' title='bbox 1862 1835 2010 1890; x_wconf 67' lang='lat' dir='ltr'><strong>hinc.</strong></span> <span class='ocrx_word' id='word_1_238' title='bbox 2366 1839 2410 1894; x_wconf 86' lang='grc' dir='ltr'>Β</span> <span class='ocrx_word' id='word_1_239' title='bbox 2447 1830 2827 1903; x_wconf 60' lang='lat' dir='ltr'><strong>&quot;agar-tinam;</strong></span> <span class='ocrx_word' id='word_1_240' title='bbox 2855 1836 2942 1882; x_wconf 78' lang='grc' dir='ltr'><strong>καὶ</strong></span> <span class='ocrx_word' id='word_1_241' title='bbox 2974 1840 3163 1886; x_wconf 67' lang='grc' dir='ltr'>ταντα.</span> 
     </span>
    </p>
   </div>
   <div class='ocr_carea' id='block_1_32' title="bbox 997 1936 2651 2024">
    <p class='ocr_par' dir='ltr' id='par_1_32' title="bbox 997 1953 2044 2024">
     <span class='ocr_line' id='line_1_32' title="bbox 997 1953 2044 2024; baseline -0.006 -15"><span class='ocrx_word' id='word_1_242' title='bbox 997 1953 1159 2009; x_wconf 82' lang='lat' dir='ltr'><strong>CAP.</strong></span> <span class='ocrx_word' id='word_1_243' title='bbox 1196 1953 1410 2009; x_wconf 85' lang='lat' dir='ltr'><strong>XLVII.</strong></span> <span class='ocrx_word' id='word_1_244' title='bbox 1443 1954 1527 2010; x_wconf 89' lang='lat' dir='ltr'><strong>De</strong></span> <span class='ocrx_word' id='word_1_245' title='bbox 1546 1954 1841 2024; x_wconf 77' lang='lat' dir='ltr'><strong>negatione</strong></span> <span class='ocrx_word' id='word_1_246' title='bbox 1865 1953 1984 2007; x_wconf 69' lang='lat' dir='ltr'><strong>Pet:</strong></span> <span class='ocrx_word' id='word_1_247' title='bbox 2006 1953 2044 2004; x_wconf 81' lang='grc' dir='ltr'><strong>ἱ.</strong></span> 
     </span>
    </p>
   </div>
   <div class='ocr_carea' id='block_1_33' title="bbox 2005 1936 3659 2024">
    <p class='ocr_par' dir='ltr' id='par_1_33' title="bbox 2006 1936 3659 2012">
     <span class='ocr_line' id='line_1_33' title="bbox 2006 1936 3659 2012; baseline 0.003 -26"><span class='ocrx_word' id='word_1_248' title='bbox 2006 1953 2044 2004; x_wconf 61' lang='grc' dir='ltr'><strong>ί,</strong></span> <span class='ocrx_word' id='word_1_249' title='bbox 2802 1943 2945 1990; x_wconf 77' lang='grc' dir='ltr'><strong>ΚΕΦ.</strong></span> <span class='ocrx_word' id='word_1_250' title='bbox 2983 1936 3102 1990; x_wconf 70' lang='grc' dir='ltr'><strong>ΜΕ.</strong></span> <span class='ocrx_word' id='word_1_251' title='bbox 3138 1944 3257 2009; x_wconf 83' lang='grc' dir='ltr'>Περὶ</span> <span class='ocrx_word' id='word_1_252' title='bbox 3288 1948 3370 1997; x_wconf 76' lang='grc' dir='ltr'>τῆς</span> <span class='ocrx_word' id='word_1_253' title='bbox 3399 1938 3659 2012; x_wconf 77' lang='grc' dir='ltr'><strong>ἀρνήσεως.</strong></span> 
     </span>
    </p>
   </div>
   <div class='ocr_carea' id='block_1_34' title="bbox 746 2042 2400 2117">
    <p class='ocr_par' dir='ltr' id='par_1_34' title="bbox 746 2058 2327 2117">
     <span class='ocr_line' id='line_1_34' title="bbox 746 2058 2327 2117; baseline -0.002 -2"><span class='ocrx_word' id='word_1_254' title='bbox 746 2059 912 2116; x_wconf 89' lang='lat' dir='ltr'><strong>Vers.</strong></span> <span class='ocrx_word' id='word_1_255' title='bbox 961 2063 1048 2116; x_wconf 89' lang='lat'><strong>66.</strong></span> <span class='ocrx_word' id='word_1_256' title='bbox 1094 2061 1168 2116; x_wconf 84' lang='lat' dir='ltr'><strong>Et</strong></span> <span class='ocrx_word' id='word_1_257' title='bbox 1221 2075 1350 2116; x_wconf 89' lang='lat' dir='ltr'><strong>cum</strong></span> <span class='ocrx_word' id='word_1_258' title='bbox 1400 2064 1632 2117; x_wconf 87' lang='lat' dir='ltr'><strong>esset—</strong></span> <span class='ocrx_word' id='word_1_259' title='bbox 1663 2060 1822 2115; x_wconf 86' lang='lat' dir='ltr'><strong>Vers.</strong></span> <span class='ocrx_word' id='word_1_260' title='bbox 1873 2059 1960 2114; x_wconf 86' lang='lat'><strong>68.</strong></span> <span class='ocrx_word' id='word_1_261' title='bbox 2017 2058 2194 2114; x_wconf 89' lang='lat' dir='ltr'><strong>dicas.</strong></span> <span class='ocrx_word' id='word_1_262' title='bbox 2249 2059 2327 2112; x_wconf 89' lang='lat' dir='ltr'><strong>De</strong></span> 
     </span>
    </p>
   </div>
   <div class='ocr_carea' id='block_1_35' title="bbox 2345 2042 3999 2117">
    <p class='ocr_par' dir='ltr' id='par_1_35' title="bbox 2513 2042 3999 2117">
     <span class='ocr_line' id='line_1_35' title="bbox 2513 2042 3999 2117; baseline 0.002 -22"><span class='ocrx_word' id='word_1_263' title='bbox 2513 2042 2613 2095; x_wconf 82' lang='lat' dir='ltr'><em>Kal</em></span> <span class='ocrx_word' id='word_1_264' title='bbox 2644 2045 2782 2104; x_wconf 81' lang='grc' dir='ltr'><strong>ὄντος</strong></span> <span class='ocrx_word' id='word_1_265' title='bbox 2812 2071 2880 2085; x_wconf 90' lang='grc'><strong><em>-</em></strong></span> <span class='ocrx_word' id='word_1_266' title='bbox 2907 2043 3092 2114; x_wconf 78' lang='grc' dir='ltr'>λέγεις,</span> <span class='ocrx_word' id='word_1_267' title='bbox 3137 2048 3353 2116; x_wconf 75' lang='grc' dir='ltr'><strong>Εἴρηται</strong></span> <span class='ocrx_word' id='word_1_268' title='bbox 3400 2049 3444 2097; x_wconf 71' lang='grc' dir='ltr'>ἐν</span> <span class='ocrx_word' id='word_1_269' title='bbox 3482 2054 3550 2115; x_wconf 80' lang='grc' dir='ltr'>τῷ</span> <span class='ocrx_word' id='word_1_270' title='bbox 3595 2046 3837 2116; x_wconf 72' lang='grc' dir='ltr'><strong>ἑξηκοστῷ</strong></span> <span class='ocrx_word' id='word_1_271' title='bbox 3880 2048 3999 2117; x_wconf 81' lang='grc' dir='ltr'>ἕκτῳ</span> 
     </span>
    </p>
   </div>
   <div class='ocr_carea' id='block_1_36' title="bbox 672 2131 2326 2220">
    <p class='ocr_par' dir='ltr' id='par_1_36' title="bbox 672 2147 2325 2220">
     <span class='ocr_line' id='line_1_36' title="bbox 672 2147 2325 2220; baseline -0.001 -16"><span class='ocrx_word' id='word_1_272' title='bbox 672 2147 768 2205; x_wconf 88' lang='lat' dir='ltr'><strong>bis</strong></span> <span class='ocrx_word' id='word_1_273' title='bbox 798 2147 1030 2205; x_wconf 80' lang='lat' dir='ltr'><strong>dictum</strong></span> <span class='ocrx_word' id='word_1_274' title='bbox 1055 2150 1538 2220; x_wconf 86' lang='lat' dir='ltr'><strong>estsexagesimo</strong></span> <span class='ocrx_word' id='word_1_275' title='bbox 1571 2154 1733 2205; x_wconf 86' lang='lat' dir='ltr'><strong>sexto</strong></span> <span class='ocrx_word' id='word_1_276' title='bbox 1771 2148 1946 2219; x_wconf 83' lang='lat' dir='ltr'><strong>juxta</strong></span> <span class='ocrx_word' id='word_1_277' title='bbox 1994 2148 2325 2205; x_wconf 67' lang='lat' dir='ltr'><strong>Matthazum</strong></span> 
     </span>
    </p>
   </div>
   <div class='ocr_carea' id='block_1_37' title="bbox 1645 2131 3299 2220">
    <p class='ocr_par' dir='ltr' id='par_1_37' title="bbox 1645 2131 3299 2219">
     <span class='ocr_line' id='line_1_37' title="bbox 1645 2131 3299 2219; baseline -0.006 -15"><span class='ocrx_word' id='word_1_278' title='bbox 1645 2154 1733 2205; x_wconf 87' lang='lat' dir='ltr'><strong>xto</strong></span> <span class='ocrx_word' id='word_1_279' title='bbox 1771 2148 1946 2219; x_wconf 83' lang='lat' dir='ltr'><strong>juxta</strong></span> <span class='ocrx_word' id='word_1_280' title='bbox 1994 2148 2325 2205; x_wconf 68' lang='lat' dir='ltr'><strong>Matthazum</strong></span> <span class='ocrx_word' id='word_1_281' title='bbox 2440 2131 2698 2202; x_wconf 70' lang='grc' dir='ltr'>κεφαλαίῳ</span> <span class='ocrx_word' id='word_1_282' title='bbox 2726 2139 2815 2184; x_wconf 69' lang='grc' dir='ltr'><strong>τοῦ</strong></span> <span class='ocrx_word' id='word_1_283' title='bbox 2850 2135 2985 2184; x_wconf 75' lang='grc' dir='ltr'><strong>κατά</strong></span> <span class='ocrx_word' id='word_1_284' title='bbox 3016 2135 3299 2188; x_wconf 78' lang='grc' dir='ltr'>Ματθαῖον.</span> 
     </span>
    </p>
   </div>
   <div class='ocr_carea' id='block_1_38' title="bbox 674 2238 889 2311">
    <p class='ocr_par' dir='ltr' id='par_1_38' title="bbox 674 2238 889 2311">
     <span class='ocr_line' id='line_1_38' title="bbox 674 2238 889 2311; baseline -0.005 -17"><span class='ocrx_word' id='word_1_285' title='bbox 674 2238 889 2311; x_wconf 81' lang='lat' dir='ltr'><strong>capite.</strong></span> 
     </span>
    </p>
   </div>
   <div class='ocr_carea' id='block_1_39' title="bbox 741 2326 2395 2402">
    <p class='ocr_par' dir='ltr' id='par_1_39' title="bbox 741 2327 2326 2401">
     <span class='ocr_line' id='line_1_39' title="bbox 741 2327 2326 2401; baseline 0 -19"><span class='ocrx_word' id='word_1_286' title='bbox 741 2328 907 2383; x_wconf 88' lang='lat' dir='ltr'><strong>Vers.</strong></span> <span class='ocrx_word' id='word_1_287' title='bbox 939 2328 1027 2383; x_wconf 93' lang='lat'><strong>68.</strong></span> <span class='ocrx_word' id='word_1_288' title='bbox 1059 2329 1378 2401; x_wconf 72' lang='lat' dir='ltr'><strong>Exivitque</strong></span> <span class='ocrx_word' id='word_1_289' title='bbox 1405 2359 1469 2370; x_wconf 90' lang='lat'>—</span> <span class='ocrx_word' id='word_1_290' title='bbox 1517 2327 1730 2384; x_wconf 79' lang='lat' dir='ltr'><strong>cecinit.</strong></span> <span class='ocrx_word' id='word_1_291' title='bbox 1764 2329 1911 2397; x_wconf 87' lang='lat' dir='ltr'><strong>Lege</strong></span> <span class='ocrx_word' id='word_1_292' title='bbox 1952 2327 2326 2396; x_wconf 86' lang='lat' dir='ltr'><strong>sexagesimo</strong></span> 
     </span>
    </p>
   </div>
   <div class='ocr_carea' id='block_1_40' title="bbox 2347 2326 4001 2402">
    <p class='ocr_par' dir='ltr' id='par_1_40' title="bbox 2511 2326 4001 2402">
     <span class='ocr_line' id='line_1_40' title="bbox 2511 2326 4001 2402; baseline -0.008 -11"><span class='ocrx_word' id='word_1_293' title='bbox 2511 2327 2614 2382; x_wconf 72' lang='grc' dir='ltr'><strong>Καὶ</strong></span> <span class='ocrx_word' id='word_1_294' title='bbox 2672 2326 2874 2390; x_wconf 59' lang='grc' dir='ltr'><strong>ἐξῆλθεν</strong></span> <span class='ocrx_word' id='word_1_295' title='bbox 2925 2359 2985 2370; x_wconf 83' lang='grc'><strong><em>-</em></strong></span> <span class='ocrx_word' id='word_1_296' title='bbox 3036 2328 3317 2400; x_wconf 74' lang='grc' dir='ltr'>ἐφώνησεν.</span> <span class='ocrx_word' id='word_1_297' title='bbox 3378 2329 3659 2402; x_wconf 69' lang='grc' dir='ltr'>Ἀνάγνωθι</span> <span class='ocrx_word' id='word_1_298' title='bbox 3701 2329 3747 2381; x_wconf 82' lang='grc' dir='ltr'>ἐν</span> <span class='ocrx_word' id='word_1_299' title='bbox 3791 2338 3856 2400; x_wconf 80' lang='grc' dir='ltr'>τῷ</span> <span class='ocrx_word' id='word_1_300' title='bbox 3906 2328 4001 2390; x_wconf 80' lang='grc' dir='ltr'><strong>ἑξη-</strong></span> 
     </span>
    </p>
   </div>
   <div class='ocr_carea' id='block_1_41' title="bbox 669 2416 2323 2490">
    <p class='ocr_par' dir='ltr' id='par_1_41' title="bbox 669 2416 2323 2490">
     <span class='ocr_line' id='line_1_41' title="bbox 669 2416 2323 2490; baseline -0.002 -17"><span class='ocrx_word' id='word_1_301' title='bbox 669 2423 884 2490; x_wconf 89' lang='lat' dir='ltr'><strong>quarto</strong></span> <span class='ocrx_word' id='word_1_302' title='bbox 917 2418 1108 2490; x_wconf 87' lang='lat' dir='ltr'><strong>capite</strong></span> <span class='ocrx_word' id='word_1_303' title='bbox 1163 2417 1462 2489; x_wconf 84' lang='lat' dir='ltr'><strong>Evangelii</strong></span> <span class='ocrx_word' id='word_1_304' title='bbox 1515 2417 1849 2472; x_wconf 90' lang='lat' dir='ltr'><strong>secundum</strong></span> <span class='ocrx_word' id='word_1_305' title='bbox 1901 2416 2237 2472; x_wconf 69' lang='lat' dir='ltr'><strong>Matthteum</strong></span> <span class='ocrx_word' id='word_1_306' title='bbox 2271 2433 2323 2470; x_wconf 92' lang='lat' dir='ltr'><strong>e-</strong></span> 
     </span>
    </p>
   </div>
   <div class='ocr_carea' id='block_1_42' title="bbox 2346 2416 4000 2490">
    <p class='ocr_par' dir='ltr' id='par_1_42' title="bbox 2437 2418 4000 2490">
     <span class='ocr_line' id='line_1_42' title="bbox 2437 2418 4000 2490; baseline 0.001 -24"><span class='ocrx_word' id='word_1_307' title='bbox 2437 2425 2605 2485; x_wconf 81' lang='grc' dir='ltr'>κοστῲ</span> <span class='ocrx_word' id='word_1_308' title='bbox 2660 2420 2887 2490; x_wconf 75' lang='grc' dir='ltr'><strong>τετάρτῳ</strong></span> <span class='ocrx_word' id='word_1_309' title='bbox 2952 2418 3208 2489; x_wconf 68' lang='grc' dir='ltr'>κεφαλαίῳ</span> <span class='ocrx_word' id='word_1_310' title='bbox 3277 2427 3367 2470; x_wconf 67' lang='grc' dir='ltr'>τοῦ</span> <span class='ocrx_word' id='word_1_311' title='bbox 3433 2423 3564 2470; x_wconf 68' lang='grc' dir='ltr'>κατὰ</span> <span class='ocrx_word' id='word_1_312' title='bbox 3628 2420 3876 2474; x_wconf 74' lang='grc' dir='ltr'>Ματῦαῐον</span> <span class='ocrx_word' id='word_1_313' title='bbox 3927 2423 4000 2474; x_wconf 79' lang='grc' dir='ltr'><strong>την</strong></span> 
     </span>
    </p>
   </div>
   <div class='ocr_carea' id='block_1_43' title="bbox 668 2503 2322 2582">
    <p class='ocr_par' dir='ltr' id='par_1_43' title="bbox 668 2506 2322 2578">
     <span class='ocr_line' id='line_1_43' title="bbox 668 2506 2322 2578; baseline -0.001 -18"><span class='ocrx_word' id='word_1_314' title='bbox 668 2507 1077 2564; x_wconf 79' lang='lat' dir='ltr'><strong>narrationem</strong></span> <span class='ocrx_word' id='word_1_315' title='bbox 1106 2506 1244 2562; x_wconf 86' lang='lat' dir='ltr'><strong>dicti</strong></span> <span class='ocrx_word' id='word_1_316' title='bbox 1296 2507 1496 2562; x_wconf 87' lang='lat' dir='ltr'><strong>illius:</strong></span> <span class='ocrx_word' id='word_1_317' title='bbox 1540 2507 1882 2578; x_wconf 82' lang='lat' dir='ltr'><strong>Priusquam</strong></span> <span class='ocrx_word' id='word_1_318' title='bbox 1933 2506 2132 2576; x_wconf 77' lang='lat' dir='ltr'><strong>gallus</strong></span> <span class='ocrx_word' id='word_1_319' title='bbox 2182 2506 2322 2562; x_wconf 85' lang='lat' dir='ltr'><strong>ceci-</strong></span> 
     </span>
    </p>
   </div>
   <div class='ocr_carea' id='block_1_44' title="bbox 2347 2503 4001 2582">
    <p class='ocr_par' dir='ltr' id='par_1_44' title="bbox 2437 2503 4001 2582">
     <span class='ocr_line' id='line_1_44' title="bbox 2437 2503 4001 2582; baseline 0.003 -28"><span class='ocrx_word' id='word_1_320' title='bbox 2437 2503 2686 2576; x_wconf 74' lang='grc' dir='ltr'>ἐξήγησιν</span> <span class='ocrx_word' id='word_1_321' title='bbox 2774 2515 2888 2572; x_wconf 70' lang='grc' dir='ltr'>τοῦ,</span> <span class='ocrx_word' id='word_1_322' title='bbox 2989 2513 3112 2582; x_wconf 79' lang='grc' dir='ltr'>Πρὶν</span> <span class='ocrx_word' id='word_1_323' title='bbox 3217 2506 3466 2582; x_wconf 64' lang='grc' dir='ltr'>ἀλέκτορα</span> <span class='ocrx_word' id='word_1_324' title='bbox 3570 2516 3818 2580; x_wconf 70' lang='grc' dir='ltr'>φωνῆσαι,</span> <span class='ocrx_word' id='word_1_325' title='bbox 3906 2514 4001 2580; x_wconf 76' lang='grc' dir='ltr'>τρις</span> 
     </span>
    </p>
   </div>
   <div class='ocr_carea' id='block_1_45' title="bbox 669 2593 2323 2667">
    <p class='ocr_par' dir='ltr' id='par_1_45' title="bbox 669 2596 1538 2667">
     <span class='ocr_line' id='line_1_45' title="bbox 669 2596 1538 2667; baseline -0.005 -16"><span class='ocrx_word' id='word_1_326' title='bbox 669 2596 850 2665; x_wconf 84' lang='lat' dir='ltr'><strong>nerit,</strong></span> <span class='ocrx_word' id='word_1_327' title='bbox 881 2600 970 2652; x_wconf 89' lang='lat' dir='ltr'><strong>ter</strong></span> <span class='ocrx_word' id='word_1_328' title='bbox 995 2611 1088 2652; x_wconf 87' lang='lat' dir='ltr'><strong>me</strong></span> <span class='ocrx_word' id='word_1_329' title='bbox 1125 2596 1435 2667; x_wconf 87' lang='lat' dir='ltr'><strong>abnegabis</strong></span> <span class='ocrx_word' id='word_1_330' title='bbox 1467 2598 1538 2647; x_wconf 58' lang='grc' dir='ltr'><strong>τί.</strong></span> 
     </span>
    </p>
   </div>
   <div class='ocr_carea' id='block_1_46' title="bbox 1171 2593 2825 2667">
    <p class='ocr_par' dir='ltr' id='par_1_46' title="bbox 1171 2593 2825 2667">
     <span class='ocr_line' id='line_1_46' title="bbox 1171 2593 2825 2667; baseline -0.002 -17"><span class='ocrx_word' id='word_1_331' title='bbox 1171 2596 1435 2667; x_wconf 87' lang='lat' dir='ltr'><strong>bnegabis</strong></span> <span class='ocrx_word' id='word_1_332' title='bbox 1467 2598 1538 2647; x_wconf 70' lang='grc'><strong>⁷³.</strong></span> <span class='ocrx_word' id='word_1_333' title='bbox 2436 2593 2635 2667; x_wconf 77' lang='grc' dir='ltr'>ἀπαρνη</span> <span class='ocrx_word' id='word_1_334' title='bbox 2649 2615 2712 2664; x_wconf 79' lang='grc' dir='ltr'><strong>ση</strong></span> <span class='ocrx_word' id='word_1_335' title='bbox 2746 2615 2825 2667; x_wconf 76' lang='grc' dir='ltr'><strong>με.</strong></span> 
     </span>
    </p>
   </div>
   <div class='ocr_carea' id='block_1_47' title="bbox 738 2683 2392 2758">
    <p class='ocr_par' dir='ltr' id='par_1_47' title="bbox 738 2683 2326 2755">
     <span class='ocr_line' id='line_1_47' title="bbox 738 2683 2326 2755; baseline 0.001 -17"><span class='ocrx_word' id='word_1_336' title='bbox 738 2684 899 2739; x_wconf 88' lang='lat' dir='ltr'><strong>Vers.</strong></span> <span class='ocrx_word' id='word_1_337' title='bbox 929 2687 1014 2739; x_wconf 84' lang='grc'><strong>69.</strong></span> <span class='ocrx_word' id='word_1_338' title='bbox 1065 2683 1140 2738; x_wconf 86' lang='lat' dir='ltr'><strong>Et</strong></span> <span class='ocrx_word' id='word_1_339' title='bbox 1192 2685 1435 2738; x_wconf 88' lang='lat' dir='ltr'><strong>—Vers.</strong></span> <span class='ocrx_word' id='word_1_340' title='bbox 1488 2686 1575 2738; x_wconf 81' lang='lat'><strong>72.</strong></span> <span class='ocrx_word' id='word_1_341' title='bbox 1627 2685 1838 2739; x_wconf 76' lang='lat' dir='ltr'><strong>cecinit</strong></span> <span class='ocrx_word' id='word_1_342' title='bbox 1894 2684 1972 2737; x_wconf 90' lang='lat' dir='ltr'><strong>De</strong></span> <span class='ocrx_word' id='word_1_343' title='bbox 2028 2684 2224 2755; x_wconf 87' lang='lat' dir='ltr'><strong>puella</strong></span> <span class='ocrx_word' id='word_1_344' title='bbox 2271 2690 2326 2740; x_wconf 92' lang='lat' dir='ltr'><strong>et</strong></span> 
     </span>
    </p>
   </div>
   <div class='ocr_carea' id='block_1_48' title="bbox 2342 2683 3996 2758">
    <p class='ocr_par' dir='ltr' id='par_1_48' title="bbox 2507 2683 3996 2758">
     <span class='ocr_line' id='line_1_48' title="bbox 2507 2683 3996 2758; baseline -0.003 -20"><span class='ocrx_word' id='word_1_345' title='bbox 2507 2686 2609 2738; x_wconf 81' lang='lat' dir='ltr'><em>Kal</em></span> <span class='ocrx_word' id='word_1_346' title='bbox 2654 2683 2899 2756; x_wconf 71' lang='grc' dir='ltr'>ἐφώνησε.</span> <span class='ocrx_word' id='word_1_347' title='bbox 2953 2690 3074 2758; x_wconf 82' lang='grc' dir='ltr'>Περὶ</span> <span class='ocrx_word' id='word_1_348' title='bbox 3118 2695 3210 2747; x_wconf 74' lang='grc' dir='ltr'>τῆς</span> <span class='ocrx_word' id='word_1_349' title='bbox 3256 2683 3547 2747; x_wconf 75' lang='grc' dir='ltr'><strong>παιδίσκης</strong></span> <span class='ocrx_word' id='word_1_350' title='bbox 3591 2691 3676 2739; x_wconf 76' lang='grc' dir='ltr'><strong>καὶ</strong></span> <span class='ocrx_word' id='word_1_351' title='bbox 3733 2695 3824 2738; x_wconf 78' lang='grc' dir='ltr'><strong>των</strong></span> <span class='ocrx_word' id='word_1_352' title='bbox 3870 2703 3996 2756; x_wconf 81' lang='grc' dir='ltr'>παρε-</span> 
     </span>
    </p>
   </div>
   <div class='ocr_carea' id='block_1_49' title="bbox 665 2772 2319 2847">
    <p class='ocr_par' dir='ltr' id='par_1_49' title="bbox 665 2772 2319 2845">
     <span class='ocr_line' id='line_1_49' title="bbox 665 2772 2319 2845; baseline 0.001 -17"><span class='ocrx_word' id='word_1_353' title='bbox 665 2772 1004 2828; x_wconf 86' lang='lat' dir='ltr'><strong>astantibus</strong></span> <span class='ocrx_word' id='word_1_354' title='bbox 1032 2777 1307 2829; x_wconf 83' lang='lat' dir='ltr'><strong>accurate</strong></span> <span class='ocrx_word' id='word_1_355' title='bbox 1327 2773 1554 2828; x_wconf 90' lang='lat' dir='ltr'><strong>dictum</strong></span> <span class='ocrx_word' id='word_1_356' title='bbox 1581 2777 1674 2828; x_wconf 89' lang='lat' dir='ltr'><strong>est</strong></span> <span class='ocrx_word' id='word_1_357' title='bbox 1722 2773 2094 2842; x_wconf 88' lang='lat' dir='ltr'><strong>sexagesimo</strong></span> <span class='ocrx_word' id='word_1_358' title='bbox 2117 2775 2319 2845; x_wconf 91' lang='lat' dir='ltr'><strong>quinto</strong></span> 
     </span>
    </p>
   </div>
   <div class='ocr_carea' id='block_1_50' title="bbox 2345 2772 3999 2847">
    <p class='ocr_par' dir='ltr' id='par_1_50' title="bbox 2438 2774 3999 2847">
     <span class='ocr_line' id='line_1_50' title="bbox 2438 2774 3999 2847; baseline 0 -23"><span class='ocrx_word' id='word_1_359' title='bbox 2438 2779 2645 2824; x_wconf 82' lang='grc' dir='ltr'>στώτων</span> <span class='ocrx_word' id='word_1_360' title='bbox 2704 2777 2901 2847; x_wconf 80' lang='grc' dir='ltr'>εἴρηται</span> <span class='ocrx_word' id='word_1_361' title='bbox 2967 2774 3293 2846; x_wconf 73' lang='grc' dir='ltr'>λεπτομερὼς</span> <span class='ocrx_word' id='word_1_362' title='bbox 3349 2775 3398 2826; x_wconf 82' lang='grc' dir='ltr'>ἐν</span> <span class='ocrx_word' id='word_1_363' title='bbox 3457 2786 3526 2827; x_wconf 74' lang='grc' dir='ltr'>τὼ</span> <span class='ocrx_word' id='word_1_364' title='bbox 3584 2776 3839 2845; x_wconf 77' lang='grc' dir='ltr'><strong>ἑξηκοστῷ</strong></span> <span class='ocrx_word' id='word_1_365' title='bbox 3895 2778 3999 2845; x_wconf 67' lang='grc' dir='ltr'>πέρι-</span> 
     </span>
    </p>
   </div>
   <div class='ocr_carea' id='block_1_51' title="bbox 666 2861 2320 2934">
    <p class='ocr_par' dir='ltr' id='par_1_51' title="bbox 666 2861 2320 2933">
     <span class='ocr_line' id='line_1_51' title="bbox 666 2861 2320 2933; baseline 0.001 -16"><span class='ocrx_word' id='word_1_366' title='bbox 666 2862 854 2933; x_wconf 89' lang='lat' dir='ltr'><strong>capite</strong></span> <span class='ocrx_word' id='word_1_367' title='bbox 880 2861 1193 2932; x_wconf 78' lang='lat' dir='ltr'><strong>Evangelii</strong></span> <span class='ocrx_word' id='word_1_368' title='bbox 1228 2863 1558 2918; x_wconf 88' lang='lat' dir='ltr'><strong>sccundum</strong></span> <span class='ocrx_word' id='word_1_369' title='bbox 1595 2861 1933 2917; x_wconf 68' lang='lat' dir='ltr'><strong>Matthaeum</strong></span> <span class='ocrx_word' id='word_1_370' title='bbox 1968 2867 2063 2928; x_wconf 89' lang='lat' dir='ltr'><strong>;et</strong></span> <span class='ocrx_word' id='word_1_371' title='bbox 2087 2862 2166 2918; x_wconf 92' lang='lat' dir='ltr'><strong>ibi</strong></span> <span class='ocrx_word' id='word_1_372' title='bbox 2194 2863 2320 2932; x_wconf 92' lang='lat' dir='ltr'><strong>lege</strong></span> 
     </span>
    </p>
   </div>
   <div class='ocr_carea' id='block_1_52' title="bbox 2341 2861 3995 2934">
    <p class='ocr_par' dir='ltr' id='par_1_52' title="bbox 2434 2864 3995 2934">
     <span class='ocr_line' id='line_1_52' title="bbox 2434 2864 3995 2934; baseline -0.001 -22"><span class='ocrx_word' id='word_1_373' title='bbox 2434 2882 2543 2931; x_wconf 82' lang='grc' dir='ltr'><strong>πτῳ</strong></span> <span class='ocrx_word' id='word_1_374' title='bbox 2602 2869 2859 2934; x_wconf 63' lang='grc' dir='ltr'>κεφαλαίῳ</span> <span class='ocrx_word' id='word_1_375' title='bbox 2919 2872 3008 2914; x_wconf 67' lang='grc' dir='ltr'><strong>τον</strong></span> <span class='ocrx_word' id='word_1_376' title='bbox 3067 2866 3200 2914; x_wconf 75' lang='grc' dir='ltr'>κατά</span> <span class='ocrx_word' id='word_1_377' title='bbox 3257 2866 3535 2926; x_wconf 76' lang='grc' dir='ltr'>Ματθαῐον,</span> <span class='ocrx_word' id='word_1_378' title='bbox 3613 2871 3701 2917; x_wconf 84' lang='grc' dir='ltr'>καὶ</span> <span class='ocrx_word' id='word_1_379' title='bbox 3777 2864 3995 2933; x_wconf 68' lang='grc' dir='ltr'>ἀνάγνωθι</span> 
     </span>
    </p>
   </div>
   <div class='ocr_carea' id='block_1_53' title="bbox 666 2949 2320 3022">
    <p class='ocr_par' dir='ltr' id='par_1_53' title="bbox 666 2949 2320 3022">
     <span class='ocr_line' id='line_1_53' title="bbox 666 2949 2320 3022; baseline 0 -15"><span class='ocrx_word' id='word_1_380' title='bbox 666 2949 809 3007; x_wconf 88' lang='lat' dir='ltr'><strong>dicti</strong></span> <span class='ocrx_word' id='word_1_381' title='bbox 836 2949 989 3006; x_wconf 86' lang='lat' dir='ltr'><strong>illius</strong></span> <span class='ocrx_word' id='word_1_382' title='bbox 1038 2951 1634 3022; x_wconf 86' lang='lat' dir='ltr'><strong>interpretationem:</strong></span> <span class='ocrx_word' id='word_1_383' title='bbox 1686 2952 1762 3006; x_wconf 88' lang='lat' dir='ltr'><strong>Et</strong></span> <span class='ocrx_word' id='word_1_384' title='bbox 1811 2953 2108 3020; x_wconf 81' lang='lat' dir='ltr'><strong>ingressus</strong></span> <span class='ocrx_word' id='word_1_385' title='bbox 2164 2955 2320 3007; x_wconf 86' lang='lat' dir='ltr'><strong>intro</strong></span> 
     </span>
    </p>
   </div>
   <div class='ocr_carea' id='block_1_54' title="bbox 2336 2949 3990 3022">
    <p class='ocr_par' dir='ltr' id='par_1_54' title="bbox 2433 2950 3990 3021">
     <span class='ocr_line' id='line_1_54' title="bbox 2433 2950 3990 3021; baseline -0.001 -20"><span class='ocrx_word' id='word_1_386' title='bbox 2433 2957 2525 3007; x_wconf 80' lang='grc' dir='ltr'><strong>την</strong></span> <span class='ocrx_word' id='word_1_387' title='bbox 2584 2950 2832 3021; x_wconf 73' lang='grc' dir='ltr'><strong>ἐξήγησιν</strong></span> <span class='ocrx_word' id='word_1_388' title='bbox 2908 2955 3011 3004; x_wconf 82' lang='grc' dir='ltr'>ἐκεῖ</span> <span class='ocrx_word' id='word_1_389' title='bbox 3065 2961 3176 3012; x_wconf 71' lang='grc' dir='ltr'>τοῦ,</span> <span class='ocrx_word' id='word_1_390' title='bbox 3261 2959 3348 3004; x_wconf 77' lang='grc' dir='ltr'>καὶ</span> <span class='ocrx_word' id='word_1_391' title='bbox 3425 2954 3664 3005; x_wconf 71' lang='grc' dir='ltr'>εἰσελθὼν</span> <span class='ocrx_word' id='word_1_392' title='bbox 3742 2957 3837 3005; x_wconf 80' lang='grc' dir='ltr'>ἔσω</span> <span class='ocrx_word' id='word_1_393' title='bbox 3903 2950 3990 3001; x_wconf 65' lang='grc' dir='ltr'>ἐκεί-</span> 
     </span>
    </p>
   </div>
   <div class='ocr_carea' id='block_1_55' title="bbox 665 3035 2319 3115">
    <p class='ocr_par' dir='ltr' id='par_1_55' title="bbox 665 3038 2319 3110">
     <span class='ocr_line' id='line_1_55' title="bbox 665 3038 2319 3110; baseline 0.001 -15"><span class='ocrx_word' id='word_1_394' title='bbox 665 3038 891 3095; x_wconf 88' lang='lat' dir='ltr'><strong>sedebat</strong></span> <span class='ocrx_word' id='word_1_395' title='bbox 921 3054 1056 3096; x_wconf 88' lang='lat' dir='ltr'><strong>cum</strong></span> <span class='ocrx_word' id='word_1_396' title='bbox 1087 3041 1397 3105; x_wconf 80' lang='lat' dir='ltr'><strong>ministris,</strong></span> <span class='ocrx_word' id='word_1_397' title='bbox 1434 3047 1497 3095; x_wconf 89' lang='lat' dir='ltr'><strong>ut</strong></span> <span class='ocrx_word' id='word_1_398' title='bbox 1524 3042 1737 3097; x_wconf 83' lang='lat' dir='ltr'><strong>videret</strong></span> <span class='ocrx_word' id='word_1_399' title='bbox 1763 3042 1941 3110; x_wconf 81' lang='lat' dir='ltr'><strong>ﬁnem</strong></span> <span class='ocrx_word' id='word_1_400' title='bbox 1992 3043 2059 3095; x_wconf 78' lang='grc'><strong>⁷⁵.</strong></span> <span class='ocrx_word' id='word_1_401' title='bbox 2094 3044 2171 3096; x_wconf 92' lang='lat' dir='ltr'><strong>De</strong></span> <span class='ocrx_word' id='word_1_402' title='bbox 2194 3042 2319 3096; x_wconf 88' lang='lat' dir='ltr'><strong>reli-</strong></span> 
     </span>
    </p>
   </div>
   <div class='ocr_carea' id='block_1_56' title="bbox 2340 3035 3994 3115">
    <p class='ocr_par' dir='ltr' id='par_1_56' title="bbox 2437 3035 3994 3115">
     <span class='ocr_line' id='line_1_56' title="bbox 2437 3035 3994 3115; baseline -0.001 -25"><span class='ocrx_word' id='word_1_403' title='bbox 2437 3041 2557 3096; x_wconf 83' lang='grc' dir='ltr'>θητο</span> <span class='ocrx_word' id='word_1_404' title='bbox 2616 3044 2745 3111; x_wconf 68' lang='grc' dir='ltr'>μετὰ</span> <span class='ocrx_word' id='word_1_405' title='bbox 2803 3049 2900 3091; x_wconf 76' lang='grc' dir='ltr'>τῶν</span> <span class='ocrx_word' id='word_1_406' title='bbox 2964 3043 3228 3115; x_wconf 73' lang='grc' dir='ltr'><strong>ὑπηρετῶν</strong></span> <span class='ocrx_word' id='word_1_407' title='bbox 3299 3039 3428 3093; x_wconf 77' lang='grc' dir='ltr'>ἰδεῖν</span> <span class='ocrx_word' id='word_1_408' title='bbox 3475 3047 3532 3093; x_wconf 84' lang='grc' dir='ltr'>τὸ</span> <span class='ocrx_word' id='word_1_409' title='bbox 3588 3043 3744 3102; x_wconf 68' lang='grc' dir='ltr'>τέλος.</span> <span class='ocrx_word' id='word_1_410' title='bbox 3809 3046 3914 3112; x_wconf 80' lang='grc' dir='ltr'>Περὶ</span> <span class='ocrx_word' id='word_1_411' title='bbox 3951 3035 3994 3090; x_wconf 78' lang='grc' dir='ltr'><strong>δί</strong></span> 
     </span>
    </p>
   </div>
   <div class='ocr_carea' id='block_1_57' title="bbox 664 3127 2318 3220">
    <p class='ocr_par' dir='ltr' id='par_1_57' title="bbox 664 3127 2317 3201">
     <span class='ocr_line' id='line_1_57' title="bbox 664 3127 2317 3201; baseline 0.003 -19"><span class='ocrx_word' id='word_1_412' title='bbox 664 3127 803 3201; x_wconf 90' lang='lat' dir='ltr'><strong>quis</strong></span> <span class='ocrx_word' id='word_1_413' title='bbox 831 3133 1031 3184; x_wconf 90' lang='lat' dir='ltr'><strong>autem</strong></span> <span class='ocrx_word' id='word_1_414' title='bbox 1052 3129 1179 3201; x_wconf 88' lang='lat' dir='ltr'><strong>pari</strong></span> <span class='ocrx_word' id='word_1_415' title='bbox 1207 3129 1391 3186; x_wconf 92' lang='lat' dir='ltr'><strong>modo</strong></span> <span class='ocrx_word' id='word_1_416' title='bbox 1419 3129 1644 3186; x_wconf 88' lang='lat' dir='ltr'><strong>dictum</strong></span> <span class='ocrx_word' id='word_1_417' title='bbox 1666 3137 1753 3187; x_wconf 86' lang='lat' dir='ltr'><strong>est</strong></span> <span class='ocrx_word' id='word_1_418' title='bbox 1783 3130 2160 3200; x_wconf 89' lang='lat' dir='ltr'><strong>sexagesimo</strong></span> <span class='ocrx_word' id='word_1_419' title='bbox 2192 3146 2317 3187; x_wconf 87' lang='lat' dir='ltr'><strong>sex-</strong></span> 
     </span>
    </p>
   </div>
   <div class='ocr_carea' id='block_1_58' title="bbox 2345 3127 3999 3220">
    <p class='ocr_par' dir='ltr' id='par_1_58' title="bbox 2361 3128 3999 3220">
     <span class='ocr_line' id='line_1_58' title="bbox 2361 3128 3999 3220; baseline 0 -40"><span class='ocrx_word' id='word_1_420' title='bbox 2361 3164 2402 3220; x_wconf 64' lang='grc' dir='ltr'>Ο</span> <span class='ocrx_word' id='word_1_421' title='bbox 2431 3137 2526 3180; x_wconf 80' lang='grc' dir='ltr'>τῶν</span> <span class='ocrx_word' id='word_1_422' title='bbox 2574 3129 2734 3180; x_wconf 53' lang='lat' dir='ltr'><em>illi»</em></span> <span class='ocrx_word' id='word_1_423' title='bbox 2780 3128 2964 3200; x_wconf 61' lang='grc' dir='ltr'><strong>ἐλέχθη</strong></span> <span class='ocrx_word' id='word_1_424' title='bbox 3001 3130 3151 3181; x_wconf 78' lang='grc' dir='ltr'>παλιν</span> <span class='ocrx_word' id='word_1_425' title='bbox 3193 3130 3240 3181; x_wconf 75' lang='grc' dir='ltr'>ἐν</span> <span class='ocrx_word' id='word_1_426' title='bbox 3289 3139 3358 3200; x_wconf 81' lang='grc' dir='ltr'>τῷ</span> <span class='ocrx_word' id='word_1_427' title='bbox 3404 3131 3674 3202; x_wconf 73' lang='grc' dir='ltr'><strong>ἑξηκοστῷ</strong></span> <span class='ocrx_word' id='word_1_428' title='bbox 3717 3133 3837 3201; x_wconf 75' lang='grc' dir='ltr'>ἕκτῳ</span> <span class='ocrx_word' id='word_1_429' title='bbox 3878 3148 3999 3200; x_wconf 66' lang='grc' dir='ltr'>κεφα-</span> 
     </span>
    </p>
   </div>
   <div class='ocr_carea' id='block_1_59' title="bbox 667 3216 2321 3291">
    <p class='ocr_par' dir='ltr' id='par_1_59' title="bbox 667 3216 1486 3291">
     <span class='ocr_line' id='line_1_59' title="bbox 667 3216 1486 3291; baseline 0.002 -17"><span class='ocrx_word' id='word_1_430' title='bbox 667 3221 726 3274; x_wconf 95' lang='lat' dir='ltr'><strong>to</strong></span> <span class='ocrx_word' id='word_1_431' title='bbox 758 3216 915 3273; x_wconf 89' lang='lat' dir='ltr'><strong>illius</strong></span> <span class='ocrx_word' id='word_1_432' title='bbox 939 3217 1240 3288; x_wconf 83' lang='lat' dir='ltr'><strong>Evangelii</strong></span> <span class='ocrx_word' id='word_1_433' title='bbox 1270 3218 1486 3291; x_wconf 90' lang='lat' dir='ltr'><strong>capite.</strong></span> 
     </span>
    </p>
   </div>
   <div class='ocr_carea' id='block_1_60' title="bbox 1663 3216 3317 3291">
    <p class='ocr_par' dir='ltr' id='par_1_60' title="bbox 2371 3216 3317 3290">
     <span class='ocr_line' id='line_1_60' title="bbox 2371 3216 3317 3290; baseline 0.005 -21"><span class='ocrx_word' id='word_1_434' title='bbox 2371 3216 2401 3220; x_wconf 44' lang='lat' dir='ltr'><strong>r</strong></span> <span class='ocrx_word' id='word_1_435' title='bbox 2429 3217 2556 3288; x_wconf 80' lang='grc' dir='ltr'>λαίῳ</span> <span class='ocrx_word' id='word_1_436' title='bbox 2589 3227 2677 3269; x_wconf 71' lang='grc' dir='ltr'>τοὺ</span> <span class='ocrx_word' id='word_1_437' title='bbox 2712 3223 2941 3270; x_wconf 73' lang='grc' dir='ltr'>τοιούτου</span> <span class='ocrx_word' id='word_1_438' title='bbox 2977 3220 3317 3290; x_wconf 55' lang='lat' dir='ltr'><strong>Biar/751101).</strong></span> 
     </span>
    </p>
   </div>
   <div class='ocr_carea' id='block_1_61' title="bbox 735 3307 2389 3383">
    <p class='ocr_par' dir='ltr' id='par_1_61' title="bbox 735 3307 2315 3383">
     <span class='ocr_line' id='line_1_61' title="bbox 735 3307 2315 3383; baseline 0.002 -22"><span class='ocrx_word' id='word_1_439' title='bbox 735 3307 894 3364; x_wconf 85' lang='lat' dir='ltr'><strong>Vers.</strong></span> <span class='ocrx_word' id='word_1_440' title='bbox 924 3309 1012 3363; x_wconf 86' lang='lat'><strong>72.</strong></span> <span class='ocrx_word' id='word_1_441' title='bbox 1045 3308 1123 3364; x_wconf 86' lang='lat' dir='ltr'><strong>Et</strong></span> <span class='ocrx_word' id='word_1_442' title='bbox 1146 3309 1495 3366; x_wconf 83' lang='lat' dir='ltr'><strong>recordatus</strong></span> <span class='ocrx_word' id='word_1_443' title='bbox 1521 3340 1588 3350; x_wconf 96' lang='lat'><strong>—</strong></span> <span class='ocrx_word' id='word_1_444' title='bbox 1609 3310 1789 3379; x_wconf 82' lang='lat' dir='ltr'><strong>ﬂevit.</strong></span> <span class='ocrx_word' id='word_1_445' title='bbox 1818 3309 2044 3365; x_wconf 88' lang='lat' dir='ltr'><strong>Ibidem</strong></span> <span class='ocrx_word' id='word_1_446' title='bbox 2075 3325 2315 3383; x_wconf 89' lang='lat' dir='ltr'><strong>quoque</strong></span> 
     </span>
    </p>
   </div>
   <div class='ocr_carea' id='block_1_62' title="bbox 2343 3307 3997 3383">
    <p class='ocr_par' dir='ltr' id='par_1_62' title="bbox 2503 3307 3997 3381">
     <span class='ocr_line' id='line_1_62' title="bbox 2503 3307 3997 3381; baseline -0.003 -20"><span class='ocrx_word' id='word_1_447' title='bbox 2503 3309 2605 3361; x_wconf 80' lang='lat' dir='ltr'><em>Kal</em></span> <span class='ocrx_word' id='word_1_448' title='bbox 2661 3307 2953 3377; x_wconf 68' lang='grc' dir='ltr'>ἀνεμνήσθη</span> <span class='ocrx_word' id='word_1_449' title='bbox 3021 3340 3073 3348; x_wconf 95' lang='grc'><strong>-</strong></span> <span class='ocrx_word' id='word_1_450' title='bbox 3126 3308 3348 3366; x_wconf 75' lang='grc' dir='ltr'>ἔκλαιεν.</span> <span class='ocrx_word' id='word_1_451' title='bbox 3399 3309 3490 3362; x_wconf 83' lang='grc' dir='ltr'>Ἐν</span> <span class='ocrx_word' id='word_1_452' title='bbox 3549 3308 3725 3381; x_wconf 79' lang='grc' dir='ltr'>ἐκείνῳ</span> <span class='ocrx_word' id='word_1_453' title='bbox 3779 3312 3857 3361; x_wconf 79' lang='grc' dir='ltr'>καὶ</span> <span class='ocrx_word' id='word_1_454' title='bbox 3906 3310 3997 3380; x_wconf 81' lang='grc' dir='ltr'>περὶ</span> 
     </span>
    </p>
   </div>
   <div class='ocr_carea' id='block_1_63' title="bbox 662 3394 2316 3472">
    <p class='ocr_par' dir='ltr' id='par_1_63' title="bbox 662 3395 2316 3455">
     <span class='ocr_line' id='line_1_63' title="bbox 662 3395 2316 3455; baseline 0.001 -3"><span class='ocrx_word' id='word_1_455' title='bbox 662 3395 733 3452; x_wconf 87' lang='lat' dir='ltr'><strong>de</strong></span> <span class='ocrx_word' id='word_1_456' title='bbox 759 3395 850 3452; x_wconf 89' lang='lat' dir='ltr'><strong>his</strong></span> <span class='ocrx_word' id='word_1_457' title='bbox 874 3395 1102 3453; x_wconf 79' lang='lat' dir='ltr'><strong>dictum</strong></span> <span class='ocrx_word' id='word_1_458' title='bbox 1140 3401 1248 3453; x_wconf 91' lang='lat' dir='ltr'><strong>est.</strong></span> <span class='ocrx_word' id='word_1_459' title='bbox 1282 3401 1410 3454; x_wconf 88' lang='lat' dir='ltr'><strong>Non</strong></span> <span class='ocrx_word' id='word_1_460' title='bbox 1439 3397 1635 3454; x_wconf 88' lang='lat' dir='ltr'><strong>solum</strong></span> <span class='ocrx_word' id='word_1_461' title='bbox 1675 3404 1877 3455; x_wconf 91' lang='lat' dir='ltr'><strong>autem</strong></span> <span class='ocrx_word' id='word_1_462' title='bbox 1939 3399 2052 3453; x_wconf 92' lang='lat' dir='ltr'><strong>boc</strong></span> <span class='ocrx_word' id='word_1_463' title='bbox 2091 3400 2316 3454; x_wconf 88' lang='lat' dir='ltr'><strong>dictum</strong></span> 
     </span>
    </p>
   </div>
   <div class='ocr_carea' id='block_1_64' title="bbox 2343 3394 3997 3472">
    <p class='ocr_par' dir='ltr' id='par_1_64' title="bbox 2428 3394 3997 3472">
     <span class='ocr_line' id='line_1_64' title="bbox 2428 3394 3997 3472; baseline -0.001 -25"><span class='ocrx_word' id='word_1_464' title='bbox 2428 3399 2618 3447; x_wconf 75' lang='grc' dir='ltr'>τούτων</span> <span class='ocrx_word' id='word_1_465' title='bbox 2670 3396 2885 3469; x_wconf 68' lang='grc' dir='ltr'>ἐρρηθη.</span> <span class='ocrx_word' id='word_1_466' title='bbox 2949 3397 3022 3448; x_wconf 71' lang='grc'><strong>0-5</strong></span> <span class='ocrx_word' id='word_1_467' title='bbox 3089 3403 3241 3469; x_wconf 74' lang='grc' dir='ltr'>μόνον</span> <span class='ocrx_word' id='word_1_468' title='bbox 3304 3394 3362 3450; x_wconf 71' lang='grc' dir='ltr'>δε</span> <span class='ocrx_word' id='word_1_469' title='bbox 3416 3402 3604 3450; x_wconf 73' lang='grc' dir='ltr'>τούτου</span> <span class='ocrx_word' id='word_1_470' title='bbox 3665 3408 3753 3451; x_wconf 75' lang='grc' dir='ltr'>τοῦ</span> <span class='ocrx_word' id='word_1_471' title='bbox 3802 3400 3997 3472; x_wconf 71' lang='grc' dir='ltr'>ῥήματος</span> 
     </span>
    </p>
   </div>
   <div class='ocr_carea' id='block_1_65' title="bbox 661 3483 2315 3560">
    <p class='ocr_par' dir='ltr' id='par_1_65' title="bbox 661 3486 2312 3560">
     <span class='ocr_line' id='line_1_65' title="bbox 661 3486 2312 3560; baseline 0.001 -18"><span class='ocrx_word' id='word_1_472' title='bbox 661 3486 906 3544; x_wconf 76' lang='lat' dir='ltr'><strong>verbum</strong></span> <span class='ocrx_word' id='word_1_473' title='bbox 954 3502 1077 3560; x_wconf 73' lang='lat' dir='ltr'><strong>pm</strong></span> <span class='ocrx_word' id='word_1_474' title='bbox 1129 3488 1337 3544; x_wconf 88' lang='lat' dir='ltr'><strong>timore</strong></span> <span class='ocrx_word' id='word_1_475' title='bbox 1399 3489 1473 3544; x_wconf 88' lang='lat' dir='ltr'><strong>ab</strong></span> <span class='ocrx_word' id='word_1_476' title='bbox 1538 3489 1935 3544; x_wconf 89' lang='lat' dir='ltr'><strong>imbecillitate</strong></span> <span class='ocrx_word' id='word_1_477' title='bbox 1993 3491 2312 3554; x_wconf 80' lang='lat' dir='ltr'><strong>exciderat,</strong></span> 
     </span>
    </p>
   </div>
   <div class='ocr_carea' id='block_1_66' title="bbox 2339 3483 3993 3560">
    <p class='ocr_par' dir='ltr' id='par_1_66' title="bbox 2429 3483 3993 3556">
     <span class='ocr_line' id='line_1_66' title="bbox 2429 3483 3993 3556; baseline 0.001 -21"><span class='ocrx_word' id='word_1_478' title='bbox 2429 3483 2529 3536; x_wconf 79' lang='grc' dir='ltr'><strong>ἀπὸ</strong></span> <span class='ocrx_word' id='word_1_479' title='bbox 2561 3489 2672 3553; x_wconf 79' lang='lat'><strong>(77)</strong></span> <span class='ocrx_word' id='word_1_480' title='bbox 2706 3493 2795 3536; x_wconf 78' lang='grc' dir='ltr'>τοῦ</span> <span class='ocrx_word' id='word_1_481' title='bbox 2836 3485 2992 3556; x_wconf 70' lang='grc' dir='ltr'>φόϐον</span> <span class='ocrx_word' id='word_1_482' title='bbox 3022 3492 3110 3538; x_wconf 79' lang='grc' dir='ltr'>καὶ</span> <span class='ocrx_word' id='word_1_483' title='bbox 3141 3494 3234 3547; x_wconf 79' lang='grc' dir='ltr'>τῆς</span> <span class='ocrx_word' id='word_1_484' title='bbox 3278 3485 3543 3549; x_wconf 76' lang='grc' dir='ltr'><strong>ἀσθενείας</strong></span> <span class='ocrx_word' id='word_1_485' title='bbox 3576 3486 3856 3550; x_wconf 73' lang='grc' dir='ltr'>ἐπελάϐετο,</span> <span class='ocrx_word' id='word_1_486' title='bbox 3898 3485 3993 3536; x_wconf 69' lang='grc' dir='ltr'><strong>ἀλλά</strong></span> 
     </span>
    </p>
   </div>
   <div class='ocr_carea' id='block_1_67' title="bbox 662 3572 2316 3651">
    <p class='ocr_par' dir='ltr' id='par_1_67' title="bbox 662 3576 2316 3651">
     <span class='ocr_line' id='line_1_67' title="bbox 662 3576 2316 3651; baseline 0.003 -21"><span class='ocrx_word' id='word_1_487' title='bbox 662 3591 868 3633; x_wconf 85' lang='lat' dir='ltr'><strong>verum</strong></span> <span class='ocrx_word' id='word_1_488' title='bbox 890 3577 1056 3633; x_wconf 87' lang='lat' dir='ltr'><strong>etiam</strong></span> <span class='ocrx_word' id='word_1_489' title='bbox 1089 3576 1233 3633; x_wconf 92' lang='lat' dir='ltr'><strong>illud</strong></span> <span class='ocrx_word' id='word_1_490' title='bbox 1255 3578 1420 3651; x_wconf 90' lang='lat' dir='ltr'><strong>quod</strong></span> <span class='ocrx_word' id='word_1_491' title='bbox 1451 3578 1683 3633; x_wconf 85' lang='lat' dir='ltr'><strong>dixerat</strong></span> <span class='ocrx_word' id='word_1_492' title='bbox 1725 3595 1738 3632; x_wconf 92' lang='lat'><em>:</em></span> <span class='ocrx_word' id='word_1_493' title='bbox 1769 3579 2109 3649; x_wconf 81' lang='lat' dir='ltr'><strong>Quicunque</strong></span> <span class='ocrx_word' id='word_1_494' title='bbox 2141 3580 2316 3635; x_wconf 82' lang='lat' dir='ltr'><strong>abne-</strong></span> 
     </span>
    </p>
   </div>
   <div class='ocr_carea' id='block_1_68' title="bbox 2342 3572 3996 3651">
    <p class='ocr_par' dir='ltr' id='par_1_68' title="bbox 2427 3572 3996 3650">
     <span class='ocr_line' id='line_1_68' title="bbox 2427 3572 3996 3650; baseline -0.001 -25"><span class='ocrx_word' id='word_1_495' title='bbox 2427 3579 2514 3625; x_wconf 81' lang='grc' dir='ltr'>καὶ</span> <span class='ocrx_word' id='word_1_496' title='bbox 2591 3583 2716 3627; x_wconf 66' lang='grc' dir='ltr'>τοῦ.</span> <span class='ocrx_word' id='word_1_497' title='bbox 2802 3574 2987 3636; x_wconf 88' lang='grc' dir='ltr'>Ὀστις</span> <span class='ocrx_word' id='word_1_498' title='bbox 3058 3572 3171 3626; x_wconf 76' lang='grc' dir='ltr'><strong>δ’ἀν</strong></span> <span class='ocrx_word' id='word_1_499' title='bbox 3246 3575 3540 3650; x_wconf 73' lang='grc' dir='ltr'>ἀρνήσηται</span> <span class='ocrx_word' id='word_1_500' title='bbox 3611 3597 3674 3650; x_wconf 81' lang='grc' dir='ltr'>με</span> <span class='ocrx_word' id='word_1_501' title='bbox 3745 3577 3996 3649; x_wconf 77' lang='grc' dir='ltr'>ἔμπροσθεν</span> 
     </span>
    </p>
   </div>
   <div class='ocr_carea' id='block_1_69' title="bbox 659 3662 2313 3739">
    <p class='ocr_par' dir='ltr' id='par_1_69' title="bbox 659 3666 2311 3739">
     <span class='ocr_line' id='line_1_69' title="bbox 659 3666 2311 3739; baseline 0.002 -19"><span class='ocrx_word' id='word_1_502' title='bbox 659 3666 879 3734; x_wconf 84' lang='lat' dir='ltr'><strong>gaverit</strong></span> <span class='ocrx_word' id='word_1_503' title='bbox 908 3681 1001 3721; x_wconf 92' lang='lat' dir='ltr'><strong>me</strong></span> <span class='ocrx_word' id='word_1_504' title='bbox 1021 3681 1222 3724; x_wconf 89' lang='lat' dir='ltr'><strong>coram</strong></span> <span class='ocrx_word' id='word_1_505' title='bbox 1240 3666 1589 3732; x_wconf 82' lang='lat' dir='ltr'><strong>hominibus,</strong></span> <span class='ocrx_word' id='word_1_506' title='bbox 1612 3671 1666 3723; x_wconf 92' lang='lat' dir='ltr'><strong>et</strong></span> <span class='ocrx_word' id='word_1_507' title='bbox 1684 3682 1788 3737; x_wconf 88' lang='lat' dir='ltr'><strong>ego</strong></span> <span class='ocrx_word' id='word_1_508' title='bbox 1807 3667 2098 3738; x_wconf 82' lang='lat' dir='ltr'><strong>abnegabo</strong></span> <span class='ocrx_word' id='word_1_509' title='bbox 2113 3670 2261 3724; x_wconf 75' lang='lat' dir='ltr'><strong>eum7</strong></span> <span class='ocrx_word' id='word_1_510' title='bbox 2271 3670 2311 3739; x_wconf 82' lang='grc'><strong>⁸,</strong></span> 
     </span>
    </p>
   </div>
   <div class='ocr_carea' id='block_1_70' title="bbox 2347 3662 4001 3739">
    <p class='ocr_par' dir='ltr' id='par_1_70' title="bbox 2426 3662 4001 3738">
     <span class='ocr_line' id='line_1_70' title="bbox 2426 3662 4001 3738; baseline 0.002 -26"><span class='ocrx_word' id='word_1_511' title='bbox 2426 3671 2524 3713; x_wconf 87' lang='grc' dir='ltr'>τῶν</span> <span class='ocrx_word' id='word_1_512' title='bbox 2578 3662 2877 3737; x_wconf 71' lang='grc' dir='ltr'>ἀνθρώπων,</span> <span class='ocrx_word' id='word_1_513' title='bbox 2949 3663 3243 3738; x_wconf 74' lang='grc' dir='ltr'>ἀρνήσομαι</span> <span class='ocrx_word' id='word_1_514' title='bbox 3304 3666 3457 3718; x_wconf 67' lang='grc' dir='ltr'>αὐτὸν</span> <span class='ocrx_word' id='word_1_515' title='bbox 3523 3666 3668 3738; x_wconf 72' lang='grc' dir='ltr'><strong>κάγὼ</strong></span> <span class='ocrx_word' id='word_1_516' title='bbox 3741 3665 4001 3738; x_wconf 65' lang='grc' dir='ltr'>ξαπροσθεν</span> 
     </span>
    </p>
   </div>
   <div class='ocr_carea' id='block_1_71' title="bbox 661 3752 3351 3827">
    <p class='ocr_par' dir='ltr' id='par_1_71' title="bbox 661 3752 3351 3827">
     <span class='ocr_line' id='line_1_71' title="bbox 661 3752 3351 3827; baseline 0.004 -33"><span class='ocrx_word' id='word_1_517' title='bbox 661 3757 772 3809; x_wconf 58' lang='lat' dir='ltr'><strong>etc.</strong></span> <span class='ocrx_word' id='word_1_518' title='bbox 2427 3760 2517 3802; x_wconf 74' lang='grc' dir='ltr'>τοῦ</span> <span class='ocrx_word' id='word_1_519' title='bbox 2550 3758 2753 3826; x_wconf 80' lang='grc' dir='ltr'>Πατρός</span> <span class='ocrx_word' id='word_1_520' title='bbox 2772 3772 2871 3824; x_wconf 83' lang='grc' dir='ltr'><strong>μου</strong></span> <span class='ocrx_word' id='word_1_521' title='bbox 2894 3761 2984 3804; x_wconf 71' lang='grc' dir='ltr'>τοῦ</span> <span class='ocrx_word' id='word_1_522' title='bbox 3007 3752 3052 3804; x_wconf 79' lang='grc' dir='ltr'>ἐν</span> <span class='ocrx_word' id='word_1_523' title='bbox 3094 3754 3351 3827; x_wconf 69' lang='grc' dir='ltr'>οὐρανοῖς.</span> 
     </span>
    </p>
   </div>
   <div class='ocr_carea' id='block_1_72' title="bbox 734 3859 2388 3936">
    <p class='ocr_par' dir='ltr' id='par_1_72' title="bbox 734 3867 2314 3932">
     <span class='ocr_line' id='line_1_72' title="bbox 734 3867 2314 3932; baseline 0.006 -9"><span class='ocrx_word' id='word_1_524' title='bbox 734 3867 884 3923; x_wconf 82' lang='lat' dir='ltr'><strong>CAP.</strong></span> <span class='ocrx_word' id='word_1_525' title='bbox 911 3869 1018 3924; x_wconf 76' lang='lat' dir='ltr'><strong>XV~</strong></span> <span class='ocrx_word' id='word_1_526' title='bbox 1048 3871 1204 3926; x_wconf 87' lang='lat' dir='ltr'><strong>Vers.</strong></span> <span class='ocrx_word' id='word_1_527' title='bbox 1238 3871 1289 3925; x_wconf 82' lang='grc'><strong>1.</strong></span> <span class='ocrx_word' id='word_1_528' title='bbox 1322 3871 1400 3926; x_wconf 85' lang='lat' dir='ltr'><strong>Et</strong></span> <span class='ocrx_word' id='word_1_529' title='bbox 1446 3871 1644 3928; x_wconf 84' lang='lat' dir='ltr'><strong>statim</strong></span> <span class='ocrx_word' id='word_1_530' title='bbox 1667 3902 1736 3913; x_wconf 94' lang='lat'><strong><em>—</em></strong></span> <span class='ocrx_word' id='word_1_531' title='bbox 1765 3871 1980 3930; x_wconf 90' lang='lat' dir='ltr'><strong>Pilato.</strong></span> <span class='ocrx_word' id='word_1_532' title='bbox 2032 3875 2314 3932; x_wconf 83' lang='lat' dir='ltr'><strong>Praeterea</strong></span> 
     </span>
    </p>
   </div>
   <div class='ocr_carea' id='block_1_73' title="bbox 2021 3859 3675 3936">
    <p class='ocr_par' dir='ltr' id='par_1_73' title="bbox 2032 3859 3675 3936">
     <span class='ocr_line' id='line_1_73' title="bbox 2032 3859 3675 3936; baseline 0.001 -20"><span class='ocrx_word' id='word_1_533' title='bbox 2032 3875 2314 3932; x_wconf 65' lang='grc' dir='ltr'><strong>Ριοωιει-θα</strong></span> <span class='ocrx_word' id='word_1_534' title='bbox 2497 3860 2599 3912; x_wconf 82' lang='grc' dir='ltr'><strong>Καὶ</strong></span> <span class='ocrx_word' id='word_1_535' title='bbox 2628 3859 2811 3921; x_wconf 69' lang='grc' dir='ltr'>εὐθέως</span> <span class='ocrx_word' id='word_1_536' title='bbox 2857 3891 2902 3900; x_wconf 87' lang='lat'>—</span> <span class='ocrx_word' id='word_1_537' title='bbox 2936 3861 3157 3932; x_wconf 77' lang='grc' dir='ltr'><strong>Ιιιλάτῳ.</strong></span> <span class='ocrx_word' id='word_1_538' title='bbox 3182 3861 3288 3914; x_wconf 85' lang='grc' dir='ltr'><strong>Καὶ</strong></span> <span class='ocrx_word' id='word_1_539' title='bbox 3320 3867 3435 3936; x_wconf 78' lang='grc' dir='ltr'>περὶ</span> <span class='ocrx_word' id='word_1_540' title='bbox 3467 3866 3675 3917; x_wconf 80' lang='grc' dir='ltr'>τούτων.</span> 
     </span>
    </p>
   </div>
   <div class='ocr_carea' id='block_1_74' title="bbox 661 3973 951 4032">
    <p class='ocr_par' dir='ltr' id='par_1_74' title="bbox 661 3973 951 4032">
     <span class='ocr_line' id='line_1_74' title="bbox 661 3973 951 4032; baseline 0.007 -2"><span class='ocrx_word' id='word_1_541' title='bbox 661 3977 717 4032; x_wconf 89' lang='lat' dir='ltr'><strong>et</strong></span> <span class='ocrx_word' id='word_1_542' title='bbox 741 3973 811 4031; x_wconf 90' lang='lat' dir='ltr'><strong>de</strong></span> <span class='ocrx_word' id='word_1_543' title='bbox 831 3974 951 4032; x_wconf 88' lang='lat' dir='ltr'><strong>his.</strong></span> 
     </span>
    </p>
   </div>
   <div class='ocr_carea' id='block_1_75' title="bbox 733 4063 2387 4140">
    <p class='ocr_par' dir='ltr' id='par_1_75' title="bbox 733 4064 2311 4140">
     <span class='ocr_line' id='line_1_75' title="bbox 733 4064 2311 4140; baseline 0.007 -22"><span class='ocrx_word' id='word_1_544' title='bbox 733 4064 900 4122; x_wconf 88' lang='lat' dir='ltr'><strong>Vers.</strong></span> <span class='ocrx_word' id='word_1_545' title='bbox 962 4067 1016 4121; x_wconf 80' lang='lat'><strong>2.</strong></span> <span class='ocrx_word' id='word_1_546' title='bbox 1083 4066 1161 4122; x_wconf 82' lang='lat' dir='ltr'><strong>Et</strong></span> <span class='ocrx_word' id='word_1_547' title='bbox 1208 4065 1589 4140; x_wconf 87' lang='lat' dir='ltr'><strong>interrogavit</strong></span> <span class='ocrx_word' id='word_1_548' title='bbox 1640 4070 1896 4125; x_wconf 85' lang='lat' dir='ltr'><strong>-Vers.</strong></span> <span class='ocrx_word' id='word_1_549' title='bbox 1943 4074 1991 4126; x_wconf 90' lang='lat'><strong>5.</strong></span> <span class='ocrx_word' id='word_1_550' title='bbox 2070 4073 2311 4129; x_wconf 82' lang='lat' dir='ltr'><strong>Pilatus.</strong></span> 
     </span>
    </p>
   </div>
   <div class='ocr_carea' id='block_1_76' title="bbox 2351 4063 4005 4140">
    <p class='ocr_par' dir='ltr' id='par_1_76' title="bbox 2500 4063 4005 4139">
     <span class='ocr_line' id='line_1_76' title="bbox 2500 4063 4005 4139; baseline -0.003 -20"><span class='ocrx_word' id='word_1_551' title='bbox 2500 4064 2603 4119; x_wconf 80' lang='lat' dir='ltr'><em>Kal</em></span> <span class='ocrx_word' id='word_1_552' title='bbox 2651 4063 2982 4139; x_wconf 73' lang='grc' dir='ltr'>ἐπηρώτησεν</span> <span class='ocrx_word' id='word_1_553' title='bbox 3035 4097 3098 4106; x_wconf 89' lang='lat'><strong>——</strong></span> <span class='ocrx_word' id='word_1_554' title='bbox 3144 4066 3388 4122; x_wconf 65' lang='grc' dir='ltr'>Πιλᾶτον.</span> <span class='ocrx_word' id='word_1_555' title='bbox 3449 4073 3692 4126; x_wconf 81' lang='grc' dir='ltr'>Ζητησον</span> <span class='ocrx_word' id='word_1_556' title='bbox 3748 4071 3804 4119; x_wconf 85' lang='grc' dir='ltr'>τὸ</span> <span class='ocrx_word' id='word_1_557' title='bbox 3854 4066 4005 4128; x_wconf 76' lang='grc' dir='ltr'>ἐξηκοο</span> 
     </span>
    </p>
   </div>
   <div class='ocr_carea' id='block_1_77' title="bbox 661 4151 2315 4232">
    <p class='ocr_par' dir='ltr' id='par_1_77' title="bbox 661 4155 2311 4232">
     <span class='ocr_line' id='line_1_77' title="bbox 661 4155 2311 4232; baseline 0.003 -21"><span class='ocrx_word' id='word_1_558' title='bbox 661 4155 870 4222; x_wconf 69' lang='lat' dir='ltr'><strong>Quaere</strong></span> <span class='ocrx_word' id='word_1_559' title='bbox 927 4155 1372 4228; x_wconf 87' lang='lat' dir='ltr'><strong>sexagesimum</strong></span> <span class='ocrx_word' id='word_1_560' title='bbox 1431 4158 1750 4230; x_wconf 87' lang='lat' dir='ltr'><strong>septimum</strong></span> <span class='ocrx_word' id='word_1_561' title='bbox 1789 4166 1970 4232; x_wconf 89' lang='lat' dir='ltr'><strong>caput</strong></span> <span class='ocrx_word' id='word_1_562' title='bbox 2011 4163 2311 4231; x_wconf 88' lang='lat' dir='ltr'><strong>Evangelii</strong></span> 
     </span>
    </p>
   </div>
   <div class='ocr_carea' id='block_1_78' title="bbox 2356 4151 4010 4232">
    <p class='ocr_par' dir='ltr' id='par_1_78' title="bbox 2431 4151 4010 4226">
     <span class='ocr_line' id='line_1_78' title="bbox 2431 4151 4010 4226; baseline -0.002 -19"><span class='ocrx_word' id='word_1_563' title='bbox 2431 4159 2550 4207; x_wconf 84' lang='grc' dir='ltr'>στὸν</span> <span class='ocrx_word' id='word_1_564' title='bbox 2600 4151 2819 4225; x_wconf 77' lang='grc' dir='ltr'>ἕϐδομον</span> <span class='ocrx_word' id='word_1_565' title='bbox 2876 4154 3148 4226; x_wconf 51' lang='grc' dir='ltr'>κεφάλαιον</span> <span class='ocrx_word' id='word_1_566' title='bbox 3193 4164 3283 4207; x_wconf 68' lang='grc' dir='ltr'>τοῦ</span> <span class='ocrx_word' id='word_1_567' title='bbox 3331 4160 3462 4207; x_wconf 83' lang='grc' dir='ltr'><strong>κατά</strong></span> <span class='ocrx_word' id='word_1_568' title='bbox 3516 4157 3802 4212; x_wconf 70' lang='grc' dir='ltr'>Ματθαῐον.</span> <span class='ocrx_word' id='word_1_569' title='bbox 3859 4157 4010 4211; x_wconf 79' lang='grc' dir='ltr'>Ἐκεῖ-</span> 
     </span>
    </p>
   </div>
   <div class='ocr_carea' id='block_1_79' title="bbox 661 4242 2315 4319">
    <p class='ocr_par' dir='ltr' id='par_1_79' title="bbox 661 4243 2314 4307">
     <span class='ocr_line' id='line_1_79' title="bbox 661 4243 2314 4307; baseline 0.003 -6"><span class='ocrx_word' id='word_1_570' title='bbox 661 4243 998 4302; x_wconf 81' lang='lat' dir='ltr'><strong>secundum</strong></span> <span class='ocrx_word' id='word_1_571' title='bbox 1018 4245 1370 4302; x_wconf 75' lang='lat' dir='ltr'><strong>Mattheaum.</strong></span> <span class='ocrx_word' id='word_1_572' title='bbox 1418 4245 1559 4303; x_wconf 90' lang='lat' dir='ltr'><strong>Inde</strong></span> <span class='ocrx_word' id='word_1_573' title='bbox 1597 4248 1758 4304; x_wconf 91' lang='lat' dir='ltr'><strong>enim</strong></span> <span class='ocrx_word' id='word_1_574' title='bbox 1789 4247 1957 4304; x_wconf 84' lang='lat' dir='ltr'><strong>facile</strong></span> <span class='ocrx_word' id='word_1_575' title='bbox 1987 4255 2148 4307; x_wconf 86' lang='lat' dir='ltr'><strong>estet</strong></span> <span class='ocrx_word' id='word_1_576' title='bbox 2189 4252 2314 4306; x_wconf 77' lang='lat' dir='ltr'><strong>haec</strong></span> 
     </span>
    </p>
   </div>
   <div class='ocr_carea' id='block_1_80' title="bbox 1837 4242 3491 4319">
    <p class='ocr_par' dir='ltr' id='par_1_80' title="bbox 1837 4242 3491 4319">
     <span class='ocr_line' id='line_1_80' title="bbox 1837 4242 3491 4319; baseline -0.003 -18"><span class='ocrx_word' id='word_1_577' title='bbox 1837 4249 1957 4304; x_wconf 67' lang='lat' dir='ltr'><strong>icile</strong></span> <span class='ocrx_word' id='word_1_578' title='bbox 1987 4255 2148 4307; x_wconf 79' lang='lat' dir='ltr'><strong>estet</strong></span> <span class='ocrx_word' id='word_1_579' title='bbox 2189 4252 2314 4306; x_wconf 57' lang='lat' dir='ltr'><strong>hac</strong></span> <span class='ocrx_word' id='word_1_580' title='bbox 2429 4247 2508 4298; x_wconf 76' lang='grc' dir='ltr'>θεν</span> <span class='ocrx_word' id='word_1_581' title='bbox 2535 4248 2630 4317; x_wconf 71' lang='grc' dir='ltr'>γὰρ</span> <span class='ocrx_word' id='word_1_582' title='bbox 2663 4249 2751 4296; x_wconf 83' lang='grc' dir='ltr'><strong>καὶ</strong></span> <span class='ocrx_word' id='word_1_583' title='bbox 2783 4253 2944 4296; x_wconf 72' lang='grc' dir='ltr'>ταῦτα</span> <span class='ocrx_word' id='word_1_584' title='bbox 2973 4242 3258 4315; x_wconf 70' lang='grc' dir='ltr'>διαγνῶναι</span> <span class='ocrx_word' id='word_1_585' title='bbox 3280 4242 3491 4319; x_wconf 68' lang='grc' dir='ltr'>ῥᾴδιον.</span> 
     </span>
    </p>
   </div>
   <div class='ocr_carea' id='block_1_81' title="bbox 667 4332 1019 4405">
    <p class='ocr_par' dir='ltr' id='par_1_81' title="bbox 667 4332 1019 4405">
     <span class='ocr_line' id='line_1_81' title="bbox 667 4332 1019 4405; baseline 0.006 -15"><span class='ocrx_word' id='word_1_586' title='bbox 667 4332 993 4405; x_wconf 88' lang='lat' dir='ltr'><strong>intelligere</strong></span> <span class='ocrx_word' id='word_1_587' title='bbox 1005 4379 1019 4392; x_wconf 93' lang='lat'><strong>.</strong></span> 
     </span>
    </p>
   </div>
   <div class='ocr_carea' id='block_1_82' title="bbox 730 4423 2384 4514">
    <p class='ocr_par' dir='ltr' id='par_1_82' title="bbox 730 4423 2384 4514">
     <span class='ocr_line' id='line_1_82' title="bbox 730 4423 2384 4514; baseline 0.008 -36"><span class='ocrx_word' id='word_1_588' title='bbox 730 4423 891 4480; x_wconf 88' lang='lat' dir='ltr'><strong>Vers.</strong></span> <span class='ocrx_word' id='word_1_589' title='bbox 1003 4425 1074 4480; x_wconf 90' lang='lat' dir='ltr'><strong>In</strong></span> <span class='ocrx_word' id='word_1_590' title='bbox 1099 4425 1254 4495; x_wconf 85' lang='lat' dir='ltr'><strong>festo</strong></span> <span class='ocrx_word' id='word_1_591' title='bbox 1305 4433 1496 4483; x_wconf 90' lang='lat' dir='ltr'><strong>autem</strong></span> <span class='ocrx_word' id='word_1_592' title='bbox 1525 4457 1595 4468; x_wconf 89' lang='lat'><em>—</em></span> <span class='ocrx_word' id='word_1_593' title='bbox 1663 4427 1824 4483; x_wconf 88' lang='lat' dir='ltr'><strong>Vers.</strong></span> <span class='ocrx_word' id='word_1_594' title='bbox 1885 4431 1972 4485; x_wconf 83' lang='grc'><strong>14.</strong></span> <span class='ocrx_word' id='word_1_595' title='bbox 2028 4428 2316 4501; x_wconf 71' lang='lat' dir='ltr'><strong>Cruci/iga</strong></span> <span class='ocrx_word' id='word_1_596' title='bbox 2346 4437 2384 4492; x_wconf 83' lang='grc' dir='ltr'><strong>Ι]</strong></span> 
     </span>
    </p>
   </div>
   <div class='ocr_carea' id='block_1_83' title="bbox 2351 4423 4005 4514">
    <p class='ocr_par' dir='ltr' id='par_1_83' title="bbox 2351 4437 4005 4514">
     <span class='ocr_line' id='line_1_83' title="bbox 2351 4437 4005 4514; baseline -0.001 -22"><span class='ocrx_word' id='word_1_597' title='bbox 2351 4437 2390 4492; x_wconf 90' lang='lat' dir='ltr'><strong>D</strong></span> <span class='ocrx_word' id='word_1_598' title='bbox 2499 4442 2646 4495; x_wconf 84' lang='grc' dir='ltr'><strong>Κατά</strong></span> <span class='ocrx_word' id='word_1_599' title='bbox 2679 4437 2736 4493; x_wconf 60' lang='grc' dir='ltr'><strong>δὴ</strong></span> <span class='ocrx_word' id='word_1_600' title='bbox 2780 4440 2952 4514; x_wconf 71' lang='grc' dir='ltr'>ἑορτὴν</span> <span class='ocrx_word' id='word_1_601' title='bbox 2995 4471 3061 4481; x_wconf 92' lang='grc'><strong><em>-</em></strong></span> <span class='ocrx_word' id='word_1_602' title='bbox 3107 4443 3412 4514; x_wconf 78' lang='grc' dir='ltr'>σταύρωσον</span> <span class='ocrx_word' id='word_1_603' title='bbox 3463 4441 3638 4496; x_wconf 71' lang='grc' dir='ltr'>αὐτόν.</span> <span class='ocrx_word' id='word_1_604' title='bbox 3692 4449 3866 4495; x_wconf 67' lang='grc' dir='ltr'>Ταῦτα</span> <span class='ocrx_word' id='word_1_605' title='bbox 3910 4441 4005 4509; x_wconf 74' lang='grc' dir='ltr'><strong>(Ῑ8)</strong></span> 
     </span>
    </p>
   </div>
   <div class='ocr_carea' id='block_1_84' title="bbox 659 4513 2313 4604">
    <p class='ocr_par' dir='ltr' id='par_1_84' title="bbox 659 4513 2313 4589">
     <span class='ocr_line' id='line_1_84' title="bbox 659 4513 2313 4589; baseline 0.005 -21"><span class='ocrx_word' id='word_1_606' title='bbox 659 4527 808 4569; x_wconf 88' lang='lat' dir='ltr'><strong>eum.</strong></span> <span class='ocrx_word' id='word_1_607' title='bbox 839 4515 905 4569; x_wconf 88' lang='lat' dir='ltr'><strong>Et</strong></span> <span class='ocrx_word' id='word_1_608' title='bbox 928 4513 1041 4571; x_wconf 87' lang='lat' dir='ltr'><strong>hac</strong></span> <span class='ocrx_word' id='word_1_609' title='bbox 1067 4517 1273 4573; x_wconf 91' lang='lat' dir='ltr'><strong>omnia</strong></span> <span class='ocrx_word' id='word_1_610' title='bbox 1307 4515 1468 4574; x_wconf 91' lang='lat' dir='ltr'><strong>dicto</strong></span> <span class='ocrx_word' id='word_1_611' title='bbox 1510 4518 1702 4589; x_wconf 91' lang='lat' dir='ltr'><strong>capite</strong></span> <span class='ocrx_word' id='word_1_612' title='bbox 1748 4519 2165 4576; x_wconf 86' lang='lat' dir='ltr'><strong>convenienter</strong></span> <span class='ocrx_word' id='word_1_613' title='bbox 2220 4522 2313 4576; x_wconf 90' lang='lat' dir='ltr'><strong>de-</strong></span> 
     </span>
    </p>
   </div>
   <div class='ocr_carea' id='block_1_85' title="bbox 2353 4513 4007 4604">
    <p class='ocr_par' dir='ltr' id='par_1_85' title="bbox 2427 4529 4007 4604">
     <span class='ocr_line' id='line_1_85' title="bbox 2427 4529 4007 4604; baseline 0.001 -23"><span class='ocrx_word' id='word_1_614' title='bbox 2427 4532 2594 4581; x_wconf 68' lang='grc' dir='ltr'>πάντα</span> <span class='ocrx_word' id='word_1_615' title='bbox 2639 4529 2685 4580; x_wconf 75' lang='grc' dir='ltr'>ἐν</span> <span class='ocrx_word' id='word_1_616' title='bbox 2734 4529 2906 4601; x_wconf 76' lang='grc' dir='ltr'>ἐκείνῳ</span> <span class='ocrx_word' id='word_1_617' title='bbox 2957 4538 3026 4600; x_wconf 80' lang='grc' dir='ltr'>τῷ</span> <span class='ocrx_word' id='word_1_618' title='bbox 3076 4530 3328 4602; x_wconf 73' lang='grc' dir='ltr'>κεφαλαίῳ</span> <span class='ocrx_word' id='word_1_619' title='bbox 3376 4533 3511 4582; x_wconf 79' lang='grc' dir='ltr'>κατὰ</span> <span class='ocrx_word' id='word_1_620' title='bbox 3563 4535 3619 4582; x_wconf 82' lang='grc' dir='ltr'>τὸ</span> <span class='ocrx_word' id='word_1_621' title='bbox 3665 4532 3796 4592; x_wconf 80' lang='grc' dir='ltr'>εἰκὸς</span> <span class='ocrx_word' id='word_1_622' title='bbox 3860 4532 4007 4604; x_wconf 71' lang='grc' dir='ltr'>ἡρμη-</span> 
     </span>
    </p>
   </div>
   <div class='ocr_carea' id='block_1_86' title="bbox 659 4601 2313 4676">
    <p class='ocr_par' dir='ltr' id='par_1_86' title="bbox 659 4601 1068 4661">
     <span class='ocr_line' id='line_1_86' title="bbox 659 4601 1068 4661; baseline 0.007 -5"><span class='ocrx_word' id='word_1_623' title='bbox 659 4601 884 4659; x_wconf 89' lang='lat' dir='ltr'><strong>clarata</strong></span> <span class='ocrx_word' id='word_1_624' title='bbox 910 4608 1068 4661; x_wconf 89' lang='lat' dir='ltr'><strong>sunt.</strong></span> 
     </span>
    </p>
   </div>
   <div class='ocr_carea' id='block_1_87' title="bbox 1040 4601 2694 4676">
    <p class='ocr_par' dir='ltr' id='par_1_87' title="bbox 1040 4609 2694 4676">
     <span class='ocr_line' id='line_1_87' title="bbox 1040 4609 2694 4676; baseline 0.001 -6"><span class='ocrx_word' id='word_1_625' title='bbox 1040 4609 1068 4661; x_wconf 56' lang='grc' dir='ltr'><strong>Ῐο</strong></span> <span class='ocrx_word' id='word_1_626' title='bbox 2423 4621 2694 4676; x_wconf 76' lang='grc' dir='ltr'>νεύθησαν.</span> 
     </span>
    </p>
   </div>
   <div class='ocr_carea' id='block_1_88' title="bbox 732 4689 2386 4783">
    <p class='ocr_par' dir='ltr' id='par_1_88' title="bbox 732 4689 2312 4783">
     <span class='ocr_line' id='line_1_88' title="bbox 732 4689 2312 4783; baseline 0.007 -38"><span class='ocrx_word' id='word_1_627' title='bbox 732 4689 896 4783; x_wconf 67' lang='lat' dir='ltr'><strong>Vers.</strong></span> <span class='ocrx_word' id='word_1_628' title='bbox 931 4693 1016 4783; x_wconf 79' lang='lat' dir='ltr'><strong>t5.</strong></span> <span class='ocrx_word' id='word_1_629' title='bbox 1040 4694 1272 4783; x_wconf 76' lang='lat' dir='ltr'><strong>Pilatus</strong></span> <span class='ocrx_word' id='word_1_630' title='bbox 1298 4703 1484 4754; x_wconf 86' lang='lat' dir='ltr'><strong>autem</strong></span> <span class='ocrx_word' id='word_1_631' title='bbox 1510 4727 1580 4739; x_wconf 92' lang='lat'>—</span> <span class='ocrx_word' id='word_1_632' title='bbox 1607 4697 1768 4753; x_wconf 86' lang='lat' dir='ltr'><strong>Vers.</strong></span> <span class='ocrx_word' id='word_1_633' title='bbox 1814 4699 1894 4753; x_wconf 88' lang='lat' dir='ltr'><strong>t9.</strong></span> <span class='ocrx_word' id='word_1_634' title='bbox 1945 4714 2094 4755; x_wconf 91' lang='lat' dir='ltr'><strong>eum.</strong></span> <span class='ocrx_word' id='word_1_635' title='bbox 2128 4699 2312 4755; x_wconf 89' lang='lat' dir='ltr'><strong>Mani-</strong></span> 
     </span>
    </p>
   </div>
   <div class='ocr_carea' id='block_1_89' title="bbox 2350 4689 4004 4783">
    <p class='ocr_par' dir='ltr' id='par_1_89' title="bbox 2492 4705 4004 4783">
     <span class='ocr_line' id='line_1_89' title="bbox 2492 4705 4004 4783; baseline -0.002 -23"><span class='ocrx_word' id='word_1_636' title='bbox 2492 4707 2550 4760; x_wconf 75' lang='grc' dir='ltr'><strong>Ὀ</strong></span> <span class='ocrx_word' id='word_1_637' title='bbox 2600 4705 2658 4760; x_wconf 65' lang='grc' dir='ltr'><strong>δὲ</strong></span> <span class='ocrx_word' id='word_1_638' title='bbox 2720 4707 2932 4765; x_wconf 63' lang='lat' dir='ltr'><strong>nam;</strong></span> <span class='ocrx_word' id='word_1_639' title='bbox 2985 4739 3049 4749; x_wconf 88' lang='lat'><strong>—</strong></span> <span class='ocrx_word' id='word_1_640' title='bbox 3102 4708 3262 4778; x_wconf 69' lang='grc' dir='ltr'>αὐτῷ.</span> <span class='ocrx_word' id='word_1_641' title='bbox 3319 4713 3629 4783; x_wconf 66' lang='grc' dir='ltr'>Σαφέστερον</span> <span class='ocrx_word' id='word_1_642' title='bbox 3678 4716 3703 4761; x_wconf 84' lang='grc' dir='ltr'><strong>ο</strong></span> <span class='ocrx_word' id='word_1_643' title='bbox 3762 4710 4004 4766; x_wconf 67' lang='lat' dir='ltr'><strong>Mat-Gaio;</strong></span> 
     </span>
    </p>
   </div>
   <div class='ocr_carea' id='block_1_90' title="bbox 661 4775 2315 4875">
    <p class='ocr_par' dir='ltr' id='par_1_90' title="bbox 661 4775 2312 4875">
     <span class='ocr_line' id='line_1_90' title="bbox 661 4775 2312 4875; baseline 0.008 -44"><span class='ocrx_word' id='word_1_644' title='bbox 661 4775 1121 4875; x_wconf 40' lang='lat' dir='ltr'><strong>festiue-scripsit</strong></span> <span class='ocrx_word' id='word_1_645' title='bbox 1147 4781 1221 4838; x_wconf 90' lang='lat' dir='ltr'><strong>de</strong></span> <span class='ocrx_word' id='word_1_646' title='bbox 1246 4783 1338 4838; x_wconf 87' lang='lat' dir='ltr'><strong>bis</strong></span> <span class='ocrx_word' id='word_1_647' title='bbox 1365 4784 1670 4840; x_wconf 82' lang='lat' dir='ltr'><strong>Mattbaeus</strong></span> <span class='ocrx_word' id='word_1_648' title='bbox 1699 4786 1985 4858; x_wconf 70' lang='lat' dir='ltr'><strong>praedicto</strong></span> <span class='ocrx_word' id='word_1_649' title='bbox 2014 4790 2219 4860; x_wconf 89' lang='lat' dir='ltr'><strong>capite,</strong></span> <span class='ocrx_word' id='word_1_650' title='bbox 2252 4789 2312 4844; x_wconf 93' lang='lat' dir='ltr'><strong>in</strong></span> 
     </span>
    </p>
   </div>
   <div class='ocr_carea' id='block_1_91' title="bbox 2346 4775 4000 4875">
    <p class='ocr_par' dir='ltr' id='par_1_91' title="bbox 2422 4793 4000 4875">
     <span class='ocr_line' id='line_1_91' title="bbox 2422 4793 4000 4875; baseline -0.003 -25"><span class='ocrx_word' id='word_1_651' title='bbox 2422 4804 2538 4872; x_wconf 82' lang='grc' dir='ltr'>περὶ</span> <span class='ocrx_word' id='word_1_652' title='bbox 2594 4801 2786 4849; x_wconf 81' lang='grc' dir='ltr'>τούτων</span> <span class='ocrx_word' id='word_1_653' title='bbox 2846 4799 3116 4871; x_wconf 80' lang='grc' dir='ltr'>ἱστόρησεν</span> <span class='ocrx_word' id='word_1_654' title='bbox 3170 4798 3219 4850; x_wconf 83' lang='grc' dir='ltr'>ἐν</span> <span class='ocrx_word' id='word_1_655' title='bbox 3271 4807 3340 4868; x_wconf 81' lang='grc' dir='ltr'>τῷ</span> <span class='ocrx_word' id='word_1_656' title='bbox 3399 4793 3686 4856; x_wconf 69' lang='grc' dir='ltr'>δηλωθέντί</span> <span class='ocrx_word' id='word_1_657' title='bbox 3744 4797 4000 4875; x_wconf 62' lang='grc' dir='ltr'>κεφαλαίῳ,</span> 
     </span>
    </p>
   </div>
   <div class='ocr_carea' id='block_1_92' title="bbox 660 4867 2314 4966">
    <p class='ocr_par' dir='ltr' id='par_1_92' title="bbox 660 4867 2313 4966">
     <span class='ocr_line' id='line_1_92' title="bbox 660 4867 2313 4966; baseline 0.008 -44"><span class='ocrx_word' id='word_1_658' title='bbox 660 4881 784 4966; x_wconf 81' lang='lat' dir='ltr'><strong>quo</strong></span> <span class='ocrx_word' id='word_1_659' title='bbox 813 4867 995 4925; x_wconf 89' lang='lat' dir='ltr'><strong>etiam</strong></span> <span class='ocrx_word' id='word_1_660' title='bbox 1021 4869 1095 4926; x_wconf 93' lang='lat' dir='ltr'><strong>de</strong></span> <span class='ocrx_word' id='word_1_661' title='bbox 1125 4872 1407 4929; x_wconf 88' lang='lat' dir='ltr'><strong>omnibus</strong></span> <span class='ocrx_word' id='word_1_662' title='bbox 1432 4875 1658 4931; x_wconf 88' lang='lat' dir='ltr'><strong>dictum</strong></span> <span class='ocrx_word' id='word_1_663' title='bbox 1685 4881 1794 4933; x_wconf 90' lang='lat' dir='ltr'><strong>est.</strong></span> <span class='ocrx_word' id='word_1_664' title='bbox 1849 4877 2116 4934; x_wconf 84' lang='lat' dir='ltr'><strong>Salutare</strong></span> <span class='ocrx_word' id='word_1_665' title='bbox 2171 4895 2313 4936; x_wconf 88' lang='lat' dir='ltr'><strong>vero</strong></span> 
     </span>
    </p>
   </div>
   <div class='ocr_carea' id='block_1_93' title="bbox 2347 4867 4001 4966">
    <p class='ocr_par' dir='ltr' id='par_1_93' title="bbox 2424 4884 4001 4961">
     <span class='ocr_line' id='line_1_93' title="bbox 2424 4884 4001 4961; baseline -0.003 -23"><span class='ocrx_word' id='word_1_666' title='bbox 2424 4887 2472 4938; x_wconf 78' lang='grc' dir='ltr'>ἐν</span> <span class='ocrx_word' id='word_1_667' title='bbox 2603 4891 2691 4938; x_wconf 82' lang='grc' dir='ltr'>καὶ</span> <span class='ocrx_word' id='word_1_668' title='bbox 2739 4891 2855 4960; x_wconf 79' lang='grc' dir='ltr'>περὶ</span> <span class='ocrx_word' id='word_1_669' title='bbox 2909 4890 3110 4939; x_wconf 82' lang='grc' dir='ltr'>πάντων</span> <span class='ocrx_word' id='word_1_670' title='bbox 3155 4886 3368 4961; x_wconf 76' lang='grc' dir='ltr'>ἐρρήθη.</span> <span class='ocrx_word' id='word_1_671' title='bbox 3423 4892 3491 4940; x_wconf 87' lang='grc' dir='ltr'><strong>Τὸ</strong></span> <span class='ocrx_word' id='word_1_672' title='bbox 3546 4884 3605 4940; x_wconf 73' lang='grc' dir='ltr'><strong>δὲ</strong></span> <span class='ocrx_word' id='word_1_673' title='bbox 3664 4887 4001 4948; x_wconf 72' lang='grc' dir='ltr'>ἀσπάζεσθαι,</span> 
     </span>
    </p>
   </div>
   <div class='ocr_carea' id='block_1_94' title="bbox 661 4956 2315 5050">
    <p class='ocr_par' dir='ltr' id='par_1_94' title="bbox 661 4956 1796 5038">
     <span class='ocr_line' id='line_1_94' title="bbox 661 4956 1796 5038; baseline 0.011 -28"><span class='ocrx_word' id='word_1_674' title='bbox 661 4956 959 5026; x_wconf 83' lang='lat' dir='ltr'><strong>signiﬁcat</strong></span> <span class='ocrx_word' id='word_1_675' title='bbox 982 4959 1095 5016; x_wconf 87' lang='lat' dir='ltr'><strong>hoc</strong></span> <span class='ocrx_word' id='word_1_676' title='bbox 1128 4962 1189 5017; x_wconf 89' lang='lat' dir='ltr'><strong>in</strong></span> <span class='ocrx_word' id='word_1_677' title='bbox 1220 4961 1368 5029; x_wconf 89' lang='lat' dir='ltr'><strong>loco,</strong></span> <span class='ocrx_word' id='word_1_678' title='bbox 1405 4963 1796 5038; x_wconf 88' lang='lat' dir='ltr'><strong>Compellare.</strong></span> 
     </span>
    </p>
   </div>
   <div class='ocr_carea' id='block_1_95' title="bbox 1688 4956 3342 5050">
    <p class='ocr_par' dir='ltr' id='par_1_95' title="bbox 1688 4979 3342 5050">
     <span class='ocr_line' id='line_1_95' title="bbox 1688 4979 3342 5050; baseline 0.002 -27"><span class='ocrx_word' id='word_1_679' title='bbox 1688 4983 1796 5024; x_wconf 75' lang='lat' dir='ltr'><strong>are.</strong></span> <span class='ocrx_word' id='word_1_680' title='bbox 2421 4983 2507 5027; x_wconf 83' lang='grc' dir='ltr'>νῦν</span> <span class='ocrx_word' id='word_1_681' title='bbox 2551 4980 2609 5028; x_wconf 86' lang='grc' dir='ltr'>τὸ</span> <span class='ocrx_word' id='word_1_682' title='bbox 2640 4979 3043 5050; x_wconf 77' lang='grc' dir='ltr'>προσαγορεύειν</span> <span class='ocrx_word' id='word_1_683' title='bbox 3079 4981 3342 5048; x_wconf 77' lang='grc' dir='ltr'>σημαίνει.</span> 
     </span>
    </p>
   </div>
   <div class='ocr_carea' id='block_1_96' title="bbox 734 5047 2388 5140">
    <p class='ocr_par' dir='ltr' id='par_1_96' title="bbox 734 5047 2310 5140">
     <span class='ocr_line' id='line_1_96' title="bbox 734 5047 2310 5140; baseline 0.008 -40"><span class='ocrx_word' id='word_1_684' title='bbox 734 5047 891 5102; x_wconf 86' lang='lat' dir='ltr'><strong>Vers.</strong></span> <span class='ocrx_word' id='word_1_685' title='bbox 1050 5051 1297 5123; x_wconf 84' lang='lat' dir='ltr'><strong>Cumque</strong></span> <span class='ocrx_word' id='word_1_686' title='bbox 1344 5085 1413 5095; x_wconf 92' lang='lat'><strong>—</strong></span> <span class='ocrx_word' id='word_1_687' title='bbox 1445 5055 1610 5110; x_wconf 83' lang='lat' dir='ltr'><strong>Vers.</strong></span> <span class='ocrx_word' id='word_1_688' title='bbox 1672 5057 1759 5112; x_wconf 79' lang='lat'><strong>&#39;23.</strong></span> <span class='ocrx_word' id='word_1_689' title='bbox 1816 5060 2057 5130; x_wconf 81' lang='lat' dir='ltr'><strong>accepit.</strong></span> <span class='ocrx_word' id='word_1_690' title='bbox 2108 5060 2186 5114; x_wconf 92' lang='lat' dir='ltr'><strong>De</strong></span> <span class='ocrx_word' id='word_1_691' title='bbox 2218 5059 2310 5116; x_wconf 87' lang='lat' dir='ltr'><strong>his</strong></span> 
     </span>
    </p>
   </div>
   <div class='ocr_carea' id='block_1_97' title="bbox 2348 5047 4002 5140">
    <p class='ocr_par' dir='ltr' id='par_1_97' title="bbox 2493 5061 4002 5140">
     <span class='ocr_line' id='line_1_97' title="bbox 2493 5061 4002 5140; baseline -0.003 -20"><span class='ocrx_word' id='word_1_692' title='bbox 2493 5067 2598 5121; x_wconf 86' lang='lat' dir='ltr'><em>Kal</em></span> <span class='ocrx_word' id='word_1_693' title='bbox 2653 5067 2734 5118; x_wconf 84' lang='grc' dir='ltr'>ὅτε</span> <span class='ocrx_word' id='word_1_694' title='bbox 2777 5097 2844 5105; x_wconf 91' lang='grc'><strong>-</strong></span> <span class='ocrx_word' id='word_1_695' title='bbox 2901 5065 3064 5119; x_wconf 63' lang='grc' dir='ltr'>ἔλαϐε.</span> <span class='ocrx_word' id='word_1_696' title='bbox 3121 5071 3217 5118; x_wconf 83' lang='grc' dir='ltr'><strong>Καὶ</strong></span> <span class='ocrx_word' id='word_1_697' title='bbox 3265 5070 3376 5140; x_wconf 87' lang='grc' dir='ltr'>περὶ</span> <span class='ocrx_word' id='word_1_698' title='bbox 3431 5069 3619 5118; x_wconf 78' lang='grc' dir='ltr'>τούτων</span> <span class='ocrx_word' id='word_1_699' title='bbox 3681 5069 3870 5139; x_wconf 79' lang='grc' dir='ltr'>ὁμοίως</span> <span class='ocrx_word' id='word_1_700' title='bbox 3918 5061 4002 5115; x_wconf 74' lang='grc' dir='ltr'>ἐκεῖ</span> 
     </span>
    </p>
   </div>
   <div class='ocr_carea' id='block_1_98' title="bbox 659 5137 2313 5228">
    <p class='ocr_par' dir='ltr' id='par_1_98' title="bbox 659 5137 2307 5228">
     <span class='ocr_line' id='line_1_98' title="bbox 659 5137 2307 5228; baseline 0.01 -37"><span class='ocrx_word' id='word_1_701' title='bbox 659 5137 1144 5228; x_wconf 78' lang='lat' dir='ltr'><strong>quoqueibidem</strong></span> <span class='ocrx_word' id='word_1_702' title='bbox 1175 5141 1540 5200; x_wconf 87' lang='lat' dir='ltr'><strong>declaratum</strong></span> <span class='ocrx_word' id='word_1_703' title='bbox 1589 5153 1703 5204; x_wconf 89' lang='lat' dir='ltr'><strong>est.</strong></span> <span class='ocrx_word' id='word_1_704' title='bbox 1737 5148 1967 5205; x_wconf 86' lang='lat' dir='ltr'><strong>Patrem</strong></span> <span class='ocrx_word' id='word_1_705' title='bbox 1994 5165 2130 5205; x_wconf 89' lang='lat' dir='ltr'><strong>vero</strong></span> <span class='ocrx_word' id='word_1_706' title='bbox 2161 5151 2307 5207; x_wconf 88' lang='lat' dir='ltr'><strong>dixit</strong></span> 
     </span>
    </p>
   </div>
   <div class='ocr_carea' id='block_1_99' title="bbox 2347 5137 4001 5228">
    <p class='ocr_par' dir='ltr' id='par_1_99' title="bbox 2425 5151 4001 5228">
     <span class='ocr_line' id='line_1_99' title="bbox 2425 5151 4001 5228; baseline -0.003 -20"><span class='ocrx_word' id='word_1_707' title='bbox 2425 5161 2822 5228; x_wconf 80' lang='grc' dir='ltr'>σεσαφήνισται.</span> <span class='ocrx_word' id='word_1_708' title='bbox 2874 5160 2971 5208; x_wconf 82' lang='grc' dir='ltr'><strong>Τὸν</strong></span> <span class='ocrx_word' id='word_1_709' title='bbox 3002 5160 3198 5228; x_wconf 84' lang='grc' dir='ltr'>πατέρα</span> <span class='ocrx_word' id='word_1_710' title='bbox 3243 5151 3300 5208; x_wconf 72' lang='grc' dir='ltr'><strong>δὲ</strong></span> <span class='ocrx_word' id='word_1_711' title='bbox 3351 5151 3484 5208; x_wconf 80' lang='grc' dir='ltr'>εἶπεν</span> <span class='ocrx_word' id='word_1_712' title='bbox 3537 5153 3880 5228; x_wconf 74' lang='grc' dir='ltr'>Ἀλεξάνδρον</span> <span class='ocrx_word' id='word_1_713' title='bbox 3929 5155 4001 5203; x_wconf 80' lang='grc' dir='ltr'>καὶ</span> 
     </span>
    </p>
   </div>
   <div class='ocr_carea' id='block_1_100' title="bbox 660 5223 2314 5318">
    <p class='ocr_par' dir='ltr' id='par_1_100' title="bbox 660 5223 2300 5308">
     <span class='ocr_line' id='line_1_100' title="bbox 660 5223 2300 5308; baseline 0.012 -28"><span class='ocrx_word' id='word_1_714' title='bbox 660 5223 971 5284; x_wconf 78' lang='lat' dir='ltr'><strong>Alexandri</strong></span> <span class='ocrx_word' id='word_1_715' title='bbox 1003 5234 1059 5288; x_wconf 88' lang='lat' dir='ltr'><strong>et</strong></span> <span class='ocrx_word' id='word_1_716' title='bbox 1097 5230 1245 5301; x_wconf 81' lang='lat' dir='ltr'><strong>Ruﬁ,</strong></span> <span class='ocrx_word' id='word_1_717' title='bbox 1277 5236 1480 5306; x_wconf 87' lang='lat' dir='ltr'><strong>utpote</strong></span> <span class='ocrx_word' id='word_1_718' title='bbox 1500 5235 1603 5308; x_wconf 87' lang='lat' dir='ltr'><strong>qui</strong></span> <span class='ocrx_word' id='word_1_719' title='bbox 1636 5237 1833 5293; x_wconf 88' lang='lat' dir='ltr'><strong>adhuc</strong></span> <span class='ocrx_word' id='word_1_720' title='bbox 1873 5239 2176 5307; x_wconf 83' lang='lat' dir='ltr'><strong>vivebant,</strong></span> <span class='ocrx_word' id='word_1_721' title='bbox 2198 5258 2300 5299; x_wconf 81' lang='lat' dir='ltr'><strong>no-</strong></span> 
     </span>
    </p>
   </div>
   <div class='ocr_carea' id='block_1_101' title="bbox 2349 5223 4003 5318">
    <p class='ocr_par' dir='ltr' id='par_1_101' title="bbox 2423 5240 4003 5318">
     <span class='ocr_line' id='line_1_101' title="bbox 2423 5240 4003 5318; baseline -0.003 -20"><span class='ocrx_word' id='word_1_722' title='bbox 2423 5246 2660 5318; x_wconf 62' lang='lat' dir='ltr'><strong>’Pouqou,</strong></span> <span class='ocrx_word' id='word_1_723' title='bbox 2702 5248 2769 5307; x_wconf 87' lang='grc' dir='ltr'>ὡς</span> <span class='ocrx_word' id='word_1_724' title='bbox 2821 5247 2896 5297; x_wconf 77' lang='grc' dir='ltr'>ἔτι</span> <span class='ocrx_word' id='word_1_725' title='bbox 2945 5245 3147 5306; x_wconf 79' lang='grc' dir='ltr'>ζώντων</span> <span class='ocrx_word' id='word_1_726' title='bbox 3201 5249 3290 5297; x_wconf 76' lang='grc' dir='ltr'>καὶ</span> <span class='ocrx_word' id='word_1_727' title='bbox 3338 5243 3682 5318; x_wconf 73' lang='grc' dir='ltr'>ἐγνωσμένων.</span> <span class='ocrx_word' id='word_1_728' title='bbox 3734 5251 3851 5305; x_wconf 85' lang='grc' dir='ltr'>Τοῖς</span> <span class='ocrx_word' id='word_1_729' title='bbox 3895 5240 4003 5294; x_wconf 78' lang='grc' dir='ltr'>ἁπο-</span> 
     </span>
    </p>
   </div>
   <div class='ocr_carea' id='block_1_102' title="bbox 730 5361 2379 5444">
    <p class='ocr_par' dir='ltr' id='par_1_102' title="bbox 730 5361 2379 5444">
     <span class='ocr_line' id='line_1_102' title="bbox 730 5361 2379 5444; baseline 0.013 -29"><span class='ocrx_word' id='word_1_730' title='bbox 730 5361 780 5397; x_wconf 73' lang='lat'>&quot;</span> <span class='ocrx_word' id='word_1_731' title='bbox 807 5362 1004 5421; x_wconf 82' lang='lat' dir='ltr'><strong>Matth.</strong></span> <span class='ocrx_word' id='word_1_732' title='bbox 1034 5381 1185 5431; x_wconf 73' lang='lat' dir='ltr'><strong>xxvx,</strong></span> <span class='ocrx_word' id='word_1_733' title='bbox 1220 5368 1309 5422; x_wconf 82' lang='grc'><strong>34.</strong></span> <span class='ocrx_word' id='word_1_734' title='bbox 1425 5369 1472 5404; x_wconf 77' lang='grc'><strong>⁷⁵</strong></span> <span class='ocrx_word' id='word_1_735' title='bbox 1503 5368 1625 5426; x_wconf 92' lang='lat' dir='ltr'><strong>ibid</strong></span> <span class='ocrx_word' id='word_1_736' title='bbox 1647 5372 1742 5430; x_wconf 80' lang='lat'><strong>58.</strong></span> <span class='ocrx_word' id='word_1_737' title='bbox 1862 5375 1908 5410; x_wconf 72' lang='lat'><strong>7°</strong></span> <span class='ocrx_word' id='word_1_738' title='bbox 1935 5376 2113 5432; x_wconf 87' lang='lat' dir='ltr'><strong>Matth</strong></span> <span class='ocrx_word' id='word_1_739' title='bbox 2134 5421 2147 5434; x_wconf 97' lang='lat'><strong>.</strong></span> <span class='ocrx_word' id='word_1_740' title='bbox 2189 5393 2250 5444; x_wconf 86' lang='lat' dir='ltr'><strong>x,</strong></span> <span class='ocrx_word' id='word_1_741' title='bbox 2283 5379 2379 5436; x_wconf 87' lang='lat'><strong>33.</strong></span> 
     </span>
    </p>
   </div>
   <div class='ocr_carea' id='block_1_103' title="bbox 1880 5553 2795 5625">
    <p class='ocr_par' dir='ltr' id='par_1_103' title="bbox 1880 5553 2795 5625">
     <span class='ocr_line' id='line_1_103' title="bbox 1880 5553 2795 5625; baseline 0.007 -6"><span class='ocrx_word' id='word_1_742' title='bbox 1880 5553 2099 5622; x_wconf 60' lang='lat' dir='ltr'><strong>Varias</strong></span> <span class='ocrx_word' id='word_1_743' title='bbox 2125 5553 2454 5625; x_wconf 90' lang='lat' dir='ltr'><strong>lectiones</strong></span> <span class='ocrx_word' id='word_1_744' title='bbox 2485 5563 2550 5624; x_wconf 87' lang='lat' dir='ltr'><strong>et</strong></span> <span class='ocrx_word' id='word_1_745' title='bbox 2592 5567 2795 5625; x_wconf 72' lang='lat' dir='ltr'><strong>notae.</strong></span> 
     </span>
    </p>
   </div>
   <div class='ocr_carea' id='block_1_104' title="bbox 731 5739 3050 5827">
    <p class='ocr_par' dir='ltr' id='par_1_104' title="bbox 731 5739 3050 5827">
     <span class='ocr_line' id='line_1_104' title="bbox 731 5739 3050 5827; baseline 0.007 -31"><span class='ocrx_word' id='word_1_746' title='bbox 731 5739 843 5814; x_wconf 86' lang='lat'><strong>(77)</strong></span> <span class='ocrx_word' id='word_1_747' title='bbox 875 5746 982 5797; x_wconf 87' lang='grc' dir='ltr'><strong>Υπό</strong></span> <span class='ocrx_word' id='word_1_748' title='bbox 1011 5763 1131 5803; x_wconf 86' lang='grc' dir='ltr'>του.</span> <span class='ocrx_word' id='word_1_749' title='bbox 1169 5751 1226 5800; x_wconf 85' lang='grc' dir='ltr'><strong>Β.</strong></span> <span class='ocrx_word' id='word_1_750' title='bbox 2492 5755 2604 5827; x_wconf 78' lang='grc' dir='ltr'><strong>(ῖὸ)</strong></span> <span class='ocrx_word' id='word_1_751' title='bbox 2637 5755 2741 5809; x_wconf 86' lang='lat' dir='ltr'><em>Kal</em></span> <span class='ocrx_word' id='word_1_752' title='bbox 2769 5773 2956 5809; x_wconf 82' lang='grc' dir='ltr'>ταυτα.</span> <span class='ocrx_word' id='word_1_753' title='bbox 2992 5759 3050 5812; x_wconf 82' lang='grc' dir='ltr'><strong>Β.</strong></span> 
     </span>
    </p>
   </div>
  </div>
