4188 6436
181 404 294 464 845

1244 406 1601 469 COMMENT.
1643 408 1713 467 ΙΝ
1752 404 2077 467 MARCUM.
2117 443 2187 452 —
2216 414 2374 471 CAP.
2402 414 2550 472 XVI.

3454 423 3560 481 846

188 531 404 594 στόλοις
430 535 533 606 γὰρ
584 531 940 593 ἀκολουθῆσαι
986 541 1077 590 καὶ
1107 540 1326 601 τούτους
1373 538 1606 611 λέγουσι,
1638 558 1780 593 πεττε-

1911 538 2067 613 tique
2106 544 2293 611 erant,
2336 542 2483 598 dum
2511 542 2641 599 huic
2670 542 2974 603 scriberet.
3013 544 3195 602 Aiunt
3231 547 3413 615 enim,
3444 547 3558 606 hos

188 625 481 683 στευκότας
509 621 582 685 εἰς
612 625 694 675 τὸν
730 629 976 698 Χριστόν.

262 822 368 871 Kal
416 823 813 892 σταυρώσαντες
870 820 1021 874 αὐτὸν
1074 853 1139 863 -—-
1190 824 1314 898 ἄρῃ.
1370 822 1485 878 "Erl
1524 830 1615 878 καὶ
1676 829 1793 899 περὶ

185 927 386 960 τουτων
394 950 405 961 .

258 996 359 1049 Ἦν
411 993 471 1048 δὲ
518 1028 576 1036 -
624 997 801 1052 αὐτόν.
855 1002 955 1052 Καὶ
1014 1004 1117 1073 μὴν
1174 1000 1223 1053 ἰν
1276 1003 1393 1075 ἕκτη
1452 1004 1561 1075 ὥρᾳ
1606 1001 1794 1056 ἔσταν-

181 1087 354 1159 paen,
414 1086 585 1146 καθὼς
641 1088 666 1138 ὁ
722 1086 960 1150 Ἰωάννης
1021 1095 1170 1162 φησί.
1241 1096 1303 1143 Τί
1368 1092 1454 1144 οὖν
1528 1094 1670 1145 ἔστιν
1726 1092 1793 1145 εἰ-

182 1182 300 1228 πεῖν
332 1193 346 1239 ;
381 1175 459 1227 ὅτι
488 1177 564 1239 τὸ,
598 1174 693 1228 Ἦν
726 1172 785 1228 δὲ
815 1178 925 1249 ὥρα
946 1177 1058 1249 (79)
1088 1185 1257 1251 τρίτη,
1287 1180 1391 1252 οὐχ
1431 1181 1629 1234 ἕλκεται
1664 1186 1793 1256 πρὸς

177 1269 270 1333 τὸ,
319 1269 409 1316 καὶ
464 1262 801 1339 ἐσταύρωσαν
863 1266 1037 1328 αὐτὸν,
1090 1266 1215 1321 ἄλλα
1288 1274 1418 1343 πρὸς
1471 1275 1562 1329 τὴν
1616 1269 1791 1344 ἀρχὴν

176 1362 287 1406 τῶν
319 1355 499 1406 παθῶν
545 1362 637 1405 κού
683 1361 919 1430 Σωτῆρος
956 1355 1278 1430 ἀναφέρεται.
1329 1358 1426 1411 Ἢν
1476 1356 1553 1426 δὲ,
1610 1366 1786 1433 φησὶν,

179 1444 296 1517 ὥρα
341 1448 518 1517 τρίτη,
574 1445 658 1495 ὅτε
711 1439 955 1501 δηλονότι
1009 1446 1202 1519 ἤρξατο
1259 1452 1488 1520 πάσχειν
1544 1451 1643 1502 ὑπὸ
1691 1459 1789 1503 τῶν

180 1539 516 1606 στρατιωτῶν
558 1540 649 1583 τοῦ
700 1532 946 1586 Πιλάτου.
990 1533 1114 1587 Εἶτα
1165 1540 1223 1589 τὸ
1272 1537 1391 1600 ἑξῆς
1439 1537 1788 1611 ἀναγνωστέον

177 1621 299 1673 καθ’
375 1620 554 1689 ἑαυτὸ,
615 1626 715 1674 Καὶ
796 1620 1131 1699 ἕσταύρωσαν
1184 1626 1356 1690 αὑτὸν,
1411 1626 1458 1679 ἐν
1515 1629 1635 1702 ἕκτη
1692 1626 1787 1688 δη-

177 1706 316 1767 λαδὴ
380 1711 511 1782 ὥρᾳ.
574 1708 736 1763 Ὥστε
787 1712 817 1770 ἠ
878 1715 967 1784 μὲν
1036 1721 1131 1776 τῆς
1191 1720 1369 1787 τρίτης
1420 1718 1552 1790 ὧρας
1607 1723 1785 1791 μνήμη

179 1799 321 1871 παρὰ
350 1807 426 1870 τῷ
483 1801 680 1871 Μάρκῳ
729 1805 822 1858 τὴν
876 1799 1051 1875 ἀρχὴν
1107 1803 1339 1875 ἐμφαίνει
1396 1814 1495 1857 τῶν
1539 1814 1786 1860 Δεσποτι-

1906 633 2141 686 secutos
2200 646 2328 688 esse
2371 632 2697 705 apostolos,
2758 649 2897 691 cum
2934 634 2996 691 in
3047 634 3347 694 Christum
3367 638 3560 696 credi-

1902 718 2153 776 dissent.

1972 810 2141 867 Vers.
2179 812 2275 869 24.
2305 813 2383 868 Et
2404 817 2705 885 postquam
2720 813 3141 884 cratim-erunt
3169 830 3368 872 eum—
3394 817 3557 875 tolle-

1901 908 1991 958 ret
2005 946 2018 958 .
2052 901 2331 957 Praeterea
2350 908 2406 956 et
2429 901 2504 956 de
2528 901 2650 958 his.

1972 992 2144 1048 Vers.
2183 993 2276 1047 25.
2315 992 2467 1047 Erat
2490 997 2680 1047 autem
2715 1024 2785 1032 —
2810 1008 2964 1049 eum.
3005 992 3182 1067 Atqui
3208 994 3362 1053 hora
3389 999 3557 1053 sexta.

1903 1080 2220 1137 cruciﬁxus
2232 1086 2337 1146 est,
2355 1080 2507 1135 sicut
2521 1079 2932 1137 dicitJoannes
2946 1083 2990 1117 ⁷⁷
3006 1127 3019 1139 .
3044 1082 3197 1147 Quid
3209 1100 3351 1154 ergo
3363 1083 3557 1140 dicen-

1902 1172 2048 1228 dum
2076 1170 2199 1229 est?
2218 1170 2385 1238 Quod
2402 1170 2483 1235 id,
2515 1170 2682 1243 quod
2703 1171 2953 1227 dicitur:
2988 1172 3149 1229 Erat
3179 1180 3371 1229 autem
3414 1174 3558 1230 hora

1902 1262 2102 1324 tertia.
2130 1276 2252 1318 non
2276 1259 2525 1317 trahitur
2548 1259 2627 1316 ad
2644 1259 2706 1315 id
2730 1260 2895 1333 quod
2918 1260 3189 1317 additur:
3217 1262 3297 1317 Et
3324 1263 3557 1332 cruciﬁ-

1898 1357 2118 1408 zerunt
2173 1366 2326 1416 eum,
2367 1348 2470 1405 sed
2520 1348 2769 1406 refertur
2820 1350 2900 1406 ad
2928 1350 3291 1422 principium
3323 1366 3555 1408 eorum.

1899 1456 2029 1513 qua).
2047 1456 2263 1512 passus
2281 1445 2371 1496 est
2393 1438 2681 1496 Salvator.
2706 1440 2856 1495 Erat
2882 1445 3100 1509 autem,
3126 1440 3331 1513 inquit,
3361 1442 3554 1508 tertia,

1897 1529 2146 1602 quando
2201 1528 2471 1585 videlicet
2512 1528 2638 1601 pati
2686 1528 2866 1600 coepit
2918 1545 2955 1584 a
3009 1528 3294 1585 militibus
3367 1528 3551 1586 Pilati.

1900 1618 2122 1675 Deinde
2168 1618 2335 1692 quod
2374 1619 2662 1691 sequitur,
2706 1632 2810 1689 per
2835 1633 2896 1673 se
2927 1615 3250 1688 legendum
3280 1621 3369 1673 est
3399 1637 3413 1677 :
3473 1617 3555 1673 Et

1894 1708 2317 1776 eruciﬁxerunt
2336 1723 2489 1774 eum,
2508 1712 2675 1763 sexta
2690 1705 2961 1763 videlicet
2980 1705 3155 1762 hora.
3183 1705 3393 1762 Mentio
3410 1721 3553 1777 ergo

1897 1796 2077 1851 tertiis
2104 1796 2287 1863 horae,
2314 1811 2450 1869 qua:
2468 1799 2531 1851 ﬁt
2547 1810 2584 1852 a
2608 1795 2814 1852 Marco
2838 1794 3202 1868 principium
3221 1794 3555 1852 manifestat

179 1895 278 1938 κῶν
306 1889 659 1960 παθημάτων,
717 1890 746 1947 η
808 1886 867 1942 δὲ
895 1899 988 1952 τῆς
1034 1893 1187 1955 ἕκτης
1243 1898 1384 1970 παρά
1427 1905 1498 1967 τῷ
1550 1897 1780 1972 Ἰωάννη,

1911 1900 2104 1942 eorum
2157 1900 2287 1958 qum
2326 1901 2543 1959 passus
2569 1889 2656 1942 est
2687 1884 2977 1941 Dominus
3010 1901 3025 1939 :
3076 1888 3256 1940 sexta:
3320 1886 3486 1948 vero,
3517 1899 3555 1942 a

180 1980 235 2029 τὸ
261 1978 402 2039 τέλος
434 1976 625 2041 αὐτῶν,
659 1980 779 2051 ὅπερ
811 1976 950 2032 ἐστὶν
975 1982 1006 2039 ἠ
1039 1985 1356 2057 σταύρωσις.

248 2071 353 2119 Καὶ
392 2061 457 2123 ἦν
509 2096 580 2109 —
629 2063 897 2128 ὠνείδιζον
955 2069 1130 2126 αὐτόν.
1184 2078 1285 2125 Kal
1332 2078 1447 2150 περὶ
1494 2079 1688 2129 τούτων
1736 2076 1784 2130 ἐν

183 2162 248 2224 τῷ
272 2150 722 2227 προδιαληφθέντι
746 2156 1000 2230 κεφαλαίῳ
1038 2158 1286 2215 λελεκται.

255 2248 546 2316 Λεγομέιης
576 2241 636 2297 δε
665 2276 736 2286 -
794 2253 945 2302 Θεοῦ.
982 2247 1246 2313 Ὡσαύτως
1289 2256 1379 2305 καὶ
1429 2258 1546 2328 περὶ
1592 2258 1785 2309 τούτων

196 2332 393 2382 πάντων
421 2331 520 2385 ἱκιῖ
545 2330 581 2386 δ
586 2352 637 2392 ιη
642 2353 672 2409 ρ
678 2339 945 2407 μήνευται.

265 2419 435 2473 Ἦσαν
491 2419 543 2476 δε
594 2454 658 2465 --
703 2424 1057 2500 Ἰεροσόλυμα.
1120 2433 1221 2482 Καὶ
1275 2435 1393 2507 περὶ
1431 2436 1625 2486 τούτων
1683 2433 1785 2489 ἰκεί

197 2509 440 2570 ζήτησον.

185 2649 324 2698 ΚΕΦ.
398 2646 538 2702 MH’.
597 2651 726 2722 Περὶ
792 2656 888 2711 τῆς
947 2649 1200 2715 αἰτήσεως
1265 2662 1355 2708 τοῦ
1404 2661 1647 2730 σώματος
1692 2666 1784 2713 τοῦ

870 2744 1083 2804 Καρίου.

246 2845 350 2894 Kal
410 2839 521 2901 ἤδη
581 2840 735 2914 ὀψίας
779 2850 1055 2919 γενομένης
1114 2881 1180 2890 -
1226 2858 1318 2904 τοῦ
1371 2861 1525 2907 Θεοῦ.
1574 2855 1658 2910 Ἐν
1709 2866 1782 2930 τῷ

174 2929 304 2983 τέλει
341 2939 438 2983 τοῦ
483 2934 722 2985 τοιούτου
775 2934 1053 3007 κεφαλαίου
1110 2943 1199 2991 καὶ
1250 2946 1368 3015 περὶ
1418 2947 1605 2997 τούτου
1664 2929 1783 3006 διη-

168 3018 447 3093 κρίϐωται.
507 3020 884 3095 Προσάϐϐατον
924 3024 1043 3098 (80)
1101 3023 1161 3080 δε
1212 3031 1243 3088 ἡ
1294 3039 1599 3105 παρασκευὴ
1644 3035 1783 3109 λέγε-

166 3128 278 3170 ται,
306 3111 381 3171 ὡς
403 3112 507 3183 πρὸ
538 3118 632 3163 τοῦ
653 3110 920 3166 Σαϐϐάτον
947 3121 1232 3189 τεταγμένη
1263 3119 1435 3183 εὐθύς.

243 3199 349 3253 Kal
430 3199 702 3272 τολμήσας
754 3233 820 3242 -
886 3210 1161 3277 μνημείου.
1236 3208 1316 3262 Ἐν
1382 3218 1454 3281 τῷ
1516 3210 1779 3287 ἓξηκοστῷ

398 3287 658 3360 κεφαλαίῳ
718 3297 808 3343 τοῦ
878 3295 1015 3344 κατὰ
1074 3296 1339 3350 Ματθαὶᾏν
1397 3308 1564 3353 ταῦτα
1609 3306 1780 3356 πάντα

157 3378 307 3428 κατὰ
331 3379 394 3430 τό
413 3386 681 3450 προσῆκον
702 3381 1129 3455 ἡρμηνεύθησαν.

229 3571 293 3625 Ἠ
322 3567 385 3625 δέ
422 3578 605 3647 Μαρία
647 3605 713 3619 --
741 3574 996 3649 ἀλείψωσι
1035 3583 1121 3633 τὸν
1163 3581 1393 3642 Ἰησοῦν.
1436 3584 1660 3652 Ὁμοίως
1688 3596 1777 3644 καὶ

154 3669 355 3716 ταῦτα.
1498 3645 1508 3660 ⁸

235 3752 343 3805 Kal
377 3750 492 3803 λίαν
523 3783 592 3793 -
624 3750 851 3828 σφόδρα.
884 3754 1153 3823 Ὡσαύτως
1181 3766 1271 3815 καὶ
1302 3770 1490 3824 ταῦτα.

231 3947 342 4003 Καὶ
389 3947 722 4004 εἰσελθοῦσαι
773 3984 841 3995 —-
906 3954 1047 4028 ὑμῖν.
1107 3956 1209 4014 Kal
1257 3966 1376 4035 περὶ
1428 3966 1622 4018 τόυτων
1674 3964 1775 4021 ἐκεῖ

160 4035 196 4092 δ
201 4040 589 4110 ιασεσάφηται.

228 4128 337 4183 Kal
370 4126 675 4191 ἐξελθοῦσαι
721 4161 785 4173 -
834 4130 1107 4206 ἐφοϐοῦντο
1157 4142 1279 4213 γὰρ.
1341 4140 1457 4194 "Erl
1508 4149 1598 4196 καὶ
1656 4153 1773 4221 περὶ

161 4236 359 4269 τουτων
368 4256 381 4269 .

228 4311 373 4359 ¹Φασὶ
428 4305 543 4379 (81)
603 4304 663 4361 δέ
714 4329 845 4374 τινες
890 4321 991 4365 τῶν
1047 4315 1160 4388 (8‘2)
1215 4316 1478 4391 ἐξηγητῶν
1527 4322 1767 4391 ἐνταῦθα,

160 4395 615 4469 συμπληροῦσθαι
658 4401 715 4451 τὸ
762 4403 898 4453 κατὰ
948 4404 1159 4480 Μάρκον
1198 4407 1533 4481 Εὐαγγελίον·
1595 4416 1663 4465 τὰ
1712 4411 1770 4468 δὲ

154 4482 341 4556 ἐφεξῆς
419 4487 730 4559 προσθήκην
805 4486 932 4543 εἷναι
1001 4502 1454 4573 μεταγενεστέραν.
1513 4507 1625 4575 Χρὴ
1710 4500 1770 4556 δε

1893 1976 2140 2041 Joanne,
2172 1976 2354 2032 ﬁnem
2382 1974 2659 2042 ostendit,
2692 1974 2797 2047 qui
2824 1973 2934 2030 fuit
2962 1972 3288 2031 cruciﬁxio.

1966 2066 2126 2121 Vers.
2158 2069 2248 2121 26.
2276 2066 2359 2123 Et
2398 2071 2524 2122 erat
2556 2094 2620 2104 —
2654 2064 2821 2121 Vers.
2858 2066 2947 2120 32.
2973 2063 3033 2118 in
3072 2079 3223 2120 eum.
3261 2062 3450 2121 Etiam
3478 2065 3550 2122 de

1892 2154 1986 2212 his
2024 2155 2307 2227 praedicto
2335 2153 2528 2226 capite
2559 2153 2786 2209 dictum
2823 2156 2930 2209 est.
3332 2176 3337 2183 ο

1963 2246 2123 2300 Vers.
2158 2243 2251 2300 33.
2289 2244 2477 2300 Facta
2492 2249 2689 2300 autem
2722 2244 2960 2299 —-Vers.
2999 2246 3095 2299 39.
3125 2241 3253 2300 Dei.
3276 2241 3553 2301 Similiter

1895 2339 1952 2392 et
1975 2335 2050 2391 de
2069 2335 2164 2390 his
2190 2333 2473 2391 omnibus
2502 2332 2646 2390 data
2674 2338 2762 2390 est
2792 2332 3017 2389 ibidem
3044 2332 3404 2406 explanatio.

1963 2425 2123 2481 Vers.
2152 2427 2240 2481 40.
2275 2425 2466 2482 Erant
2490 2430 2686 2481 autem
2714 2454 2783 2465 -
2807 2423 2974 2481 Vers.
3014 2425 3107 2482 41.
3168 2422 3550 2494 Ierosolyma.

1896 2515 1975 2571 De
2004 2512 2099 2569 his
2124 2512 2305 2570 etiam
2334 2512 2418 2569 ibi
2439 2528 2641 2586 quaere
2662 2512 3119 2587 expositionem.

2028 2657 2179 2715 CAP.
2223 2657 2447 2715 XLVIII.
2486 2659 2564 2713 De
2590 2657 2869 2729 petitione
2894 2656 3158 2727 corporis
3183 2655 3420 2713 Christi.

1963 2872 2126 2927 Vers.
2149 2873 2243 2930 42,
2281 2872 2369 2930 Et
2394 2873 2563 2943 facta
2573 2874 2703 2944 jam
2726 2887 2970 2943 vespera
3000 2903 3071 2914 —-
3095 2871 3270 2929 Vers.
3307 2871 3399 2928 43.
3416 2871 3544 2929 Dei.

1894 2961 1958 3018 In
1996 2961 2115 3018 ﬁne
2146 2960 2302 3017 illius
2333 2962 2544 3035 capitis
2573 2963 2753 3019 etiam
2787 2962 2856 3019 de
2907 2960 3003 3017 his
3035 2960 3325 3019 subtiliter
3350 2965 3553 3018 actum

1891 3054 2002 3109 est.

1811 3243 1852 3301 ο
1962 3265 2128 3321 Vers.
2159 3268 2249 3322 43.
2280 3263 2363 3322 Ει
2387 3271 2620 3337 sumpta
2647 3266 2907 3323 audacia
2941 3296 3007 3306 —
3030 3266 3193 3321 Vers.
3216 3268 3310 3321 46.
3338 3264 3550 3323 Monu-

1889 3355 2086 3410 menti.
2112 3354 2493 3425 Sexagesimo
2521 3360 2733 3410 octavo
2764 3355 2956 3425 capite
3005 3352 3303 3422 Evangelii
3335 3367 3550 3409 secun-

1889 3442 2036 3499 dum
2063 3442 2398 3500 Matthwum
2424 3443 2552 3500 haec
2572 3442 2788 3507 omnia,
2817 3447 3001 3515 prout
3054 3440 3348 3508 convenit,
3389 3444 3550 3513 pate-

1887 3536 2050 3599 facta
2090 3537 2255 3590 sunt.

1957 3623 2120 3678 Vers.
2160 3621 2254 3679 47.
2292 3621 2487 3680 Maria
2526 3626 2715 3679 autem
2747 3652 2815 3662 —
2864 3619 3021 3678 CAP.
3074 3621 3216 3677 XVI.
3277 3620 3444 3675 Vers.
3498 3619 3546 3673 l.

1886 3718 2165 3783 ungerent
2192 3710 2411 3767 Iesum.
2445 3710 2721 3769 Similiter
2750 3716 2808 3767 et
2833 3711 2988 3767 haec.

1958 3799 2122 3857 Vers.
2156 3804 2209 3855 2.
2239 3800 2322 3855 Et
2353 3800 2523 3858 valde
2564 3830 2632 3842 -—
2661 3800 2826 3858 Vers.
2858 3800 2913 3856 4.
2953 3798 3138 3857 valde.
3188 3796 3465 3855 Similiter
3492 3800 3550 3855 et

1884 3889 2034 3947 haec.

1957 3982 2124 4036 Vers.
2164 3983 2221 4035 5.
2255 3979 2336 4034 Et
2362 3979 2628 4052 ingressae
2652 4012 2722 4020 -—
2746 3981 2909 4036 Vers.
2956 3981 3010 4035 7.
3040 3978 3224 4037 vobis.
3258 3976 3442 4035 Etiam
3469 3975 3549 4033 ibi

1884 4068 1959 4125 de
1988 4069 2081 4124 his
2112 4072 2315 4123 actum
2348 4073 2454 4124 est.

1957 4160 2116 4212 Vers.
2148 4160 2200 4212 8.
2231 4156 2482 4228 Cumque
2506 4159 2759 4215 exissent
2788 4189 2854 4200 —
2884 4160 3167 4217 timebant
3190 4164 3370 4220 enim.
3392 4163 3549 4219 Prae-

1884 4250 2044 4302 terea
2067 4249 2124 4301 et
2150 4245 2224 4301 de
2251 4245 2367 4301 his.

1955 4333 2212 4399 Quidam
2239 4339 2439 4390 autem
2466 4334 2854 4407 interpretum
2885 4341 3180 4401 asserunt,
3198 4337 3313 4394 hoc
3334 4337 3396 4393 in
3412 4336 3546 4396 loco

1881 4422 2247 4495 completum
2277 4437 2407 4479 esse
2438 4422 2611 4480 Marci
2644 4424 3034 4493 Evangelium
3071 4441 3084 4491 ;
3115 4441 3245 4498 quae
3278 4441 3419 4482 vero
3453 4442 3543 4482 se-

1881 4516 2147 4584 quuntur
2208 4511 2591 4567 recentiorem
2656 4528 2785 4567 esse
2845 4512 3244 4570 additionem.
3299 4514 3545 4586 Oportet

150 4577 248 4625 καὶ
300 4576 502 4632 ταύτην
560 4575 893 4650 ἑρμηνεῦσαι,
969 4579 1132 4641 μηδὲν
1183 4594 1243 4659 τῇ
1305 4586 1520 4664 ἀληθείᾳ
1579 4591 1764 4666 λυμαι-

1911 4616 2083 4659 amen
2121 4604 2177 4657 et
2213 4600 2372 4657 hanc
2426 4599 2762 4673 explanare,
2811 4617 2949 4658 cum
2980 4601 3213 4659 veritati
3261 4602 3410 4659 nihil
3457 4618 3545 4659 re-

149 4667 398 4737 νομένην.

224 4752 490 4813 Ἀναστὰς
546 4750 604 4807 δε
660 4785 723 4798 —
778 4752 1047 4833 δαιμόνια.
1102 4766 1243 4821 Μετὰ
1287 4770 1347 4820 τὸ
1409 4769 1565 4823 εἰπεῖν
1620 4772 1769 4829 Ἀνα-

152 4845 307 4908 στὰς,
362 4842 663 4916 ὑπόστιξον,
714 4844 826 4901 εἶτα
870 4848 1145 4924 ἀνάγνωθι,
1208 4861 1355 4932 Πρωῖ
1401 4868 1578 4935 πρώτη
1637 4863 1770 4917 Σαϐ-

146 4932 327 4986 Gai-remo
382 4930 538 5004 ἐφάνη
612 4945 813 5009 πρῶτον
866 4946 1044 5015 Μαρίᾳ
1113 4952 1175 5018 τῇ
1236 4930 1585 5025 Μαγδαληνῇ..
1639 4960 1769 5009 Πότε

144 5027 244 5095 μὲν
269 5025 376 5096 γὰρ
410 5020 622 5092 ἀνέστη,
662 5022 886 5086 ἄδηλον·
945 5036 1070 5085 ποτε
1108 5030 1168 5087 δε
1224 5033 1403 5109 ἐφάνη,
1466 5020 1645 5114 δῆλον,
1703 5048 1769 5107 ὡς

144 5116 242 5165 καὶ
306 5110 360 5163 ἓν
430 5119 503 5183 τῷ
556 5112 765 5189 ῥηθέντι
815 5119 1074 5195 κεφαλαίῳ
1126 5130 1452 5203 προείρηται.
1518 5110 1639 5187 Καὶν
1688 5138 1768 5189 ὅτι

215 5209 271 5245 ⁷⁷
312 5209 486 5267 Joan.
526 5227 648 5280 xix,
691 5213 778 5271 14.

1879 4694 2131 4766 pugnet.

1948 4782 2116 4837 Vers.
2147 4784 2204 4839 9.
2236 4782 2371 4837 Cum
2394 4785 2588 4836 autem
2602 4781 2938 4836 surrexisset
2961 4812 3023 4822 -
3047 4780 3341 4839 daemonia.
3370 4784 3543 4843 Post-

1879 4886 2065 4944 quam
2100 4870 2326 4927 dictum
2365 4875 2453 4926 est
2484 4890 2498 4926 :
2548 4871 2683 4926 Cum
2731 4874 2910 4926 autem
2948 4873 3302 4942 surrexisset,
3344 4874 3543 4929 statim

1878 4976 2035 5033 pone
2066 4960 2497 5016 distinctionem
2536 4975 2551 5026 ;
2580 4958 2798 5015 deinde
2825 4960 2956 5030 lege
2988 4977 3000 5015 :
3034 4961 3195 5018 Mane
3233 4962 3396 5033 prino
3414 4961 3546 5017 Sab-

1881 5050 2127 5107 batorum
2157 5050 2415 5121 apparuit
2439 5050 2679 5121 primum
2709 5049 2904 5105 Maria:
2944 5050 3302 5122 Magdalenw.
3344 5051 3544 5106 Incer-

1880 5145 2008 5198 tum
2041 5144 2129 5196 est
2153 5140 2448 5213 siquidem
2475 5139 2722 5214 quando
2745 5140 3066 5196 surrexerit
3093 5157 3108 5209 ;
3140 5140 3388 5214 quando
3439 5156 3543 5198 au.

1378 5327 1598 5399 Variae
1636 5333 1963 5406 lectiones
1995 5347 2060 5405 et
2090 5347 2295 5406 nota.

216 5421 345 5563 579)
382 5427 453 5478 Τό
484 5422 544 5479 δέ
575 5422 637 5486 ἦν
668 5428 778 5502 ὥρα
809 5437 864 5485 Β.

248 5494 341 5560 80)
371 5499 510 5563 Πρὸς
531 5498 795 5553 Σάϐϐπτον
817 5505 864 5558 Α

371 5499 510 5570 Πρὸς
531 5494 795 5570 sessim
817 5505 885 5559 Α.

220 5564 1092 5660 (‘84:)-iLi'u‘nclocum.exgodice
1110 5582 1393 5660 _Parisino
1424 5590 1605 5660 Regio
1633 5592 1761 5649 lau-

142 5635 433 5781 gat‘fégch.
461 5640 760 5700 Simonius
776 5644 837 5702 in
860 5648 1010 5706 Hist.
1035 5635 1388 5713 miltiam);

220 5760 544 5857 (Sij'ltecte
585 5784 935 5863 interpretes
982 5760 1269 5857 nominat.
1316 5802 1383 5860 lli
1430 5806 1595 5865 enim
1650 5808 1764 5867 soli

1875 5454 2037 5510 hunc
2059 5455 2253 5510 locum
2278 5453 2690 5526 sollicitarunt.
2726 5452 3002 5524 Intelligit
3023 5458 3223 5526 autem
3249 5454 3542 5526 interpre-

1878 5531 1963 5598 tes
1996 5542 2121 5593 eos,
2169 5541 2241 5598 ex
2269 5525 2490 5598 quibus
2532 5526 2778 5598 repetita
2817 5532 2955 5581 sunt
2982 5525 3223 5598 scholia
3253 5525 3534 5598 codicum

1875 5595 2345 5669 Mosquensiuiii,
2387 5612 2543 5669 quos
2591 5597 2650 5651 in
2685 5612 2819 5669 mea
2848 5597 2993 5652 Novi
3016 5599 3374 5653 Testamenti
3407 5597 3530 5653 edi-

1876 5667 2295 5750 tione—appello
2325 5667 2476 5750 ard.
2511 5684 2569 5750 θ’.
2609 5667 3134 5750 tO_._Rep_er_iu_ntur
3154 5683 3294 5750 vero
3319 5668 3533 5750 hujus-

1875 5739 2034 5795 modi
2059 5738 2295 5796 cOdiees
2332 5739 2511 5794 etiam
2540 5738 2601 5793 in
2632 5740 2757 5793 aliis
2796 5738 3193 5804 bibliothecis,
3237 5743 3301 5795 ut
3325 5754 3393 5797 ex
3415 5738 3532 5799 Mil-

1872 5810 1975 5879 lio,
1992 5810 2325 5870 Wetstenio
2355 5815 2413 5869 et
2436 5809 2570 5866 aliis
2597 5814 2857 5868 constat.
3467 5828 3495 5859 κ
