4188 6426
231 364 345 420 849
1323 352 1692 412 COMMENT.
1736 351 1804 406 IN
1844 348 2175 406 MARCUM.
2206 379 2274 388 ——
2300 347 2454 403 CAP.
2486 345 2630 401 XVI.
3499 329 3604 400 350

232 489 439 557 αὐτοῖς,
499 488 689 561 Εἰρήνη
747 488 890 558 ύμῖν,
947 491 1037 538 καὶ
1098 488 1163 538 τὰ
1221 482 1354 546 ἑξῆς.
1399 481 1480 533 Ἐν
1528 485 1590 552 τῇ
1648 477 1883 550 ἕσπέρᾳι

1990 490 2066 530 ιιι]
2101 473 2354 530 etiamin
2395 471 2663 544 ejusdem
2690 471 3071 542 diei‘vcspera
3089 469 3328 528 accidit.
3363 470 3607 543 Scripsit

233 578 297 634 δὲ
350 587 446 640 τῆς
499 578 662 640 αὐτῆς
735 579 926 651 ἡμέρας
977 581 1066 628 καὶ
1111 581 1262 626 τοῦτο
1314 577 1537 643 γέγονεν.
1603 565 1840 640 Ἔγραψε

1990 564 2110 620 nim
2141 569 2200 619 et
2224 565 2478 619 Joannes
2505 579 2516 616 :
2549 563 2695 618 Cum
2723 576 2916 616 serum
2937 566 3072 616 esset
3102 561 3331 625 dieillo,
3366 559 3467 631 qui
3484 566 3604 615 erat

228 673 336 742 γὰρ
392 672 482 719 καὶ
554 668 578 718 6
629 668 866 726 Ἰωάννης
913 667 992 717 ὅτι
1053 664 1232 724 Οὔσης
1308 660 1478 731 ὀψίας,
1534 666 1595 729 τῇ
1671 659 1840 728 ἡμέρα

1993 669 2096 708 nus
2126 652 2533 718 Sabbatorum,
2560 656 2614 708 et
2641 652 2795 721 fores
2827 655 3015 706 essent
3040 649 3278 714 clausae,
3304 648 3406 704 ubi
3429 653 3605 705 erant

231 757 427 831 ἐκείνῃ,
499 764 562 830 τῇ
645 761 743 828 μιᾷ
798 763 897 808 τῶν
978 751 1272 818 Σαϐϐάτων,
1345 755 1434 801 xui
1497 756 1595 800 τῶν
1673 747 1838 816 θυρῶν

1990 741 2216 809 iscipuli
2243 741 2585 810 congregati
2608 743 2853 808 propter
2882 744 3099 795 metum
3128 737 3602 804 Judaeorum,ve-

231 848 626 918 κεκλεισμένων,
709 847 836 897 ὅπου
918 841 1051 903 ἦσαν
1140 844 1189 894 οἱ
1267 841 1501 911 μαθηταὶ
1583 837 1839 904 συνηγμέ-

1993 833 2034 886 it
2062 830 2245 894 Iesus,
2275 830 2431 885 stetit
2462 830 2524 884 in
2554 829 2758 893 medio,
2793 833 2848 884 et
2869 828 2952 883 ait
2982 827 3127 892 illis,
3177 827 3318 884 Paa:
3349 827 3511 883 vobis
3532 827 3603 898 ⁸⁸,

232 958 315 990 νοι
369 933 461 990 διὰ
522 941 609 988 τὸν
673 933 825 1007 φόϐον
902 943 998 986 τῶν
1054 928 1345 995 Ἰουδαίων,
1416 925 1563 986 ἦλθεν
1640 927 1666 976 6
1739 923 1840 980 ’1η-

1990 923 2058 975 tc.
2080 922 2241 975 Tunc
2265 919 2425 974 enim
2457 918 2834 990 exprobravit
2854 915 3331 972 incredulitatem
3361 917 3604 987 feorum,

237 1035 384 1096 σούς,
443 1030 532 1077 καὶ
572 1029 697 1083 ἔστη
755 1025 826 1086 εἰς
891 1027 948 1076 τό
1006 1027 1184 1095 μέσον,
1243 1024 1332 1070 καὶ
1388 1017 1524 1087 λέγει
1582 1013 1754 1072 αὐτοῖς
1821 1031 1832 1042 '

1990 1009 2265 1080 m'rlistp‘e
2285 1007 2582 1073 duritiem,
2607 1007 2728 1062 sive
2755 1004 3436 1077 impersuasibilitatem:
3463 1005 3608 1076 quia

236 1118 433 1191 Εἰρήνη
483 1117 605 1188 ύμῖν
649 1119 738 1166 καὶ
809 1116 873 1165 τὰ
931 1113 1064 1176 ἑξῆς.
1125 1116 1250 1162 Τότε
1296 1111 1396 1180 γὰρ
1454 1100 1693 1156 ὠνείδισε
1747 1123 1836 1159 την

1995 1100 2039 1152 is
2067 1099 2168 1169 qui
2204 1098 2472 1152 viderant
2501 1112 2662 1164 eum,
2691 1102 3008 1167 postquam
3037 1098 3456 1160 resurrexerat,
3482 1109 3606 1150 non

238 1205 493 1258 ἀπιστίαν
567 1205 735 1256 αὐτῶν
809 1208 899 1254 xui
985 1194 1426 1272 σκληροκαρδίαν,
1479 1197 1638 1246 εἰτουν
1697 1190 1839 1242 ἀπεί-

1990 1187 2342 1254 rediderant,
2371 1191 2513 1257 puta
2541 1183 2904 1254 Magdalenaa
2918 1183 3153 1239 etalteri
3177 1183 3392 1249 Mariae,
3427 1198 3497 1238 ac
3514 1181 3609 1238 his

241 1297 402 1357 θειαν,
461 1296 539 1346 ὅτι
593 1301 700 1354 τοῖς
750 1294 1078 1363 θεασαμένοις
1125 1289 1276 1340 αὐτὸν
1330 1285 1665 1356 ἐγηγερμένον
1746 1279 1839 1331 οὐκ

1997 1276 2190 1330 uobus
2223 1276 2296 1330 de
2330 1275 2552 1346 quibus
2583 1273 2822 1346 scripsit
2851 1275 3102 1329 Marcus.
3131 1277 3333 1345 Itaque
3378 1275 3607 1329 Marcus

238 1385 579 1448 ἓπιστευσαν,
629 1387 790 1453 ἤγουν
828 1390 888 1453 τῇ
945 1375 1264 1449 Μαγδαληνῇ
1299 1378 1386 1426 καὶ
1438 1380 1498 1444 τῇ
1558 1370 1706 1442 ἄλλη,
1751 1372 1840 1419 καὶ

1994 1366 2170 1420 ictam
2202 1363 2727 1437 exprobrationem
2753 1362 3005 1435 scripsit.
3048 1361 3239 1418 Lucas
3263 1377 3406 1418 vero
3435 1366 3492 1418 et
3517 1361 3610 1418 Jo-

233 1481 345 1536 τοῖς
385 1470 514 1526 δυσὶ
551 1475 773 1538 τούτοις,
816 1475 933 1545 περὶ
985 1468 1051 1519 ὧν
1105 1468 1130 1518 6
1167 1468 1376 1540 Μάρκος
1433 1464 1728 1535 ἱστόρησεν.
1781 1456 1841 1510 Ὀ

1990 1469 2136 1509 nnes
2167 1453 2278 1510 hac
2307 1451 2722 1524 praetermissa,
2751 1451 3009 1508 aliarum
3030 1466 3228 1508 rerum
3290 1465 3421 1522 qum
3467 1454 3610 1508 tunc

233 1568 326 1637 μὲν
358 1560 447 1616 οὖν
496 1563 712 1636 Μάρκος
754 1563 840 1612 τὸν
869 1542 1091 1634 ῥηθέντα
1142 1551 1440 1626 ὀνειδισμὸν
1495 1546 1776 1637 ἀνέγραψεν
1821 1561 1835 1578 ⁶
1878 1635 1883 1637 ἐ

1990 1549 2117 1599 ictae
2144 1547 2302 1609 sunt,
2334 1542 2754 1598 meminerunt.

230 1630 256 1710 ό
324 1652 384 1708 δέ
451 1630 662 1712 Λουκᾶς
723 1653 814 1702 xui
869 1630 904 1700 ⁷ό
968 1648 1221 1712 Ἰωάννης,
1287 1651 1466 1696 τοῦτον
1571 1631 2019 1710 παραδραμόντες,
2089 1631 2267 1706 ἑτέρων
2330 1632 2652 1705 πραγμάτων
2703 1630 3086 1704 ἐμνημόνευσαν
3135 1635 3422 1689 τηνικαῦτα
3465 1649 3612 1704 γεγε-

229 1768 290 1806 νη
297 1749 482 1819 μένων.

305 1838 412 1891 Καὶ
440 1829 577 1886 εἶπεν
610 1859 671 1869 —-
691 1832 880 1881 κτίσει.
915 1827 1065 1898 nam;
1099 1832 1161 1896 τῇ
1192 1823 1463 1894 οἰκουμένη
1494 1836 1504 1848 ’
1531 1813 1637 1872 εἶπε
1664 1811 1721 1868 δι
1748 1813 1840 1867 αὖ·
1879 1809 1922 1866 Β

231 1933 334 1985 τοῖς
365 1927 454 1975 τὸν
484 1921 639 1991 λόγον
675 1925 856 1970 τοῦτον
883 1916 940 1968 ού
974 1920 1088 1968 τότε
1117 1915 1336 1975 πάντως,
1363 1909 1468 1962 ἀλλ’
1500 1909 1734 1978 ὕστερον,
1761 1905 1843 1955 ὅτε

2025 1905 2192 1958 Vers.
2238 1906 2325 1958 15.
2365 1901 2442 1957 Et
2468 1899 2624 1957 dixit
2651 1931 2718 1941 —
2752 1904 3047 1956 creatum.
3079 1899 3201 1956 Hoc
3237 1902 3325 1956 est
3364 1899 3425 1956 in
3475 1901 3611 1958 uni-

236 2013 597 2074 ἑττιὶρεύθτῑσοῑν
639 2007 710 2067 εἷς
735 2011 828 2064 τὴν
853 2004 1144 2068 Γαλιλαίαν,
1177 2003 1248 2064 εἰς
1285 2004 1342 2052 τὸ
1374 2001 1510 2074 ὄρος,
1542 1996 1601 2050 οὗ
1628 1993 1842 2056 ἑτάξατο

1995 2007 2187 2048 ersum
2216 1991 2446 2047 orbem.
2489 1989 2634 2046 Dixit
2671 1996 2872 2045 autem
2894 1988 3012 2044 illis
3057 1988 3218 2046 hunc
3248 2004 3610 2057 sermonem,

329 2069 337 2087 ί
1402 2069 1410 2074 .

239 2104 416 2164 αὐτοῖς
447 2103 474 2152 6
513 2104 744 2164 Ἰησοῦς,
767 2098 836 2157 ὡς
874 2094 957 2147 ἐπὶ
978 2101 1069 2146 τοῦ
1098 2093 1266 2152 τέλους
1297 2097 1389 2142 τοῦ
1416 2090 1550 2140 κατὰ
1581 2085 1842 2142 Ματθαῖον

1990 2097 2072 2137 .on
2101 2086 2240 2137 tunc
2265 2095 2426 2148 sane,
2454 2078 2556 2134 sed
2580 2077 2992 2151 postmodum,
3015 2093 3156 2134 cum
3185 2077 3434 2150 profecti
3465 2083 3604 2136 sunt

248 2193 315 2245 Εύ
323 2189 562 2262 αγγελίου
590 2190 900 2260 γέγραπται.

1990 2186 2012 2226 ι
2053 2169 2362 2226 Galilaeam
2390 2168 2449 2224 in
2480 2172 2766 2234 montem,
2801 2166 2860 2222 in
2887 2181 3010 2240 quo
3062 2167 3364 2223 constituit
3387 2167 3502 2224 illis
3519 2171 3613 2225 Je-

1955 2277 2075 2324 sus,
2125 2258 2300 2315 veluti
2334 2259 2492 2314 circa
2538 2257 2723 2313 ﬁnem
2761 2255 3056 2328 Evangelii
3099 2255 3431 2314 secundum
3469 2261 3608 2316 Mat-

1954 2351 2176 2407 thaaum
2208 2350 2494 2422 scriptum
2531 2352 2617 2404 est
2637 2349 2685 2384 ⁸⁸
2698 2392 2711 2406 .

2026 2442 2170 2505 Quas
2197 2454 2335 2494 vero
2375 2441 2710 2510 sequuntur
2736 2435 3040 2494 Matthaaus
3073 2435 3322 2509 quidem
3350 2434 3607 2510 reliquit,

678 2525 872 2612 ξυνησξῖ
899 2525 911 2536 ’
942 2525 967 2555 °
999 2525 1057 2556 °‘
1095 2525 1304 2574 “"9"”
1331 2525 1629 2569 ““"'”"”’
1658 2525 1844 2546 ""“"‘
1952 2529 2167 2585 horum
2200 2527 2542 2584 narratione
2561 2525 2930 2582 abbreviala.
2961 2528 3188 2583 Marcus
3215 2541 3356 2583 vero
3383 2526 3606 2594 retulit,

243 2621 330 2661 νας
356 2603 442 2650 τόν
465 2603 583 2672 περὶ
603 2600 794 2649 τούτων
822 2594 994 2665 λόγον.

1995 2618 2198 2674 ilatato
2224 2618 2298 2673 de
2315 2617 2407 2673 his
2434 2631 2732 2672 sermone.

308 2689 368 2741 Ὀ
397 2689 688 2746 πιστεύσας
720 2716 784 2725 -
838 2683 1305 2756 κατακριθήσεται.
1358 2683 1417 2729 Ὀ
1472 2683 1720 2733 πιτεύσας
1749 2683 1840 2724 xui

2021 2708 2190 2765 Vers.
2233 2711 2319 2765 l6.
2357 2706 2470 2774 Qui
2482 2705 2784 2762 crediderit
2799 2735 2870 2747 —
2891 2703 3391 2762 condemnabitur.
3419 2737 3487 2747 —
3505 2705 3612 2772 Qui

237 2777 557 2850 βαπτισθεὶς
603 2777 910 2841 σωθήσεται,
956 2774 1058 2842 εἴγε
1102 2774 1194 2826 τὴν
1246 2771 1427 2819 πίστιν
1457 2770 1547 2816 καὶ
1589 2768 1646 2816 τὸ
1705 2762 1841 2834 βάπ-

2294 2762 2707 2866 etbaptizatus
2755 2794 2958 2864 fuerit,
2991 2795 3193 2852 salvus
3247 2793 3381 2860 erit,
3431 2762 3611 2853 modo

231 2888 401 2941 τισμα
424 2869 637 2939 καθαρὰ
682 2869 772 2916 καὶ
812 2861 1008 2916 ἱσπιλα
1051 2861 1390 2931 συντηρήσει,
1419 2861 1448 2915 ἦ
1497 2861 1584 2906 καὶ
1615 2861 1744 2926 μετὰ
1781 2861 1839 2902 το

1995 2887 2134 2943 dem
2166 2903 2234 2943 ac
2263 2886 2632 2959 baptismum
2655 2884 2968 2957 impolluta
3024 2883 3479 2950 conservaverit,
3510 2889 3612 2942 aut

233 2957 504 3010 σπιλώσαι
533 2956 830 3026 καθαρίσει.

1994 2981 2086 3032 ost
2105 2956 2439 3032 contractas
2464 2974 2673 3032 sordes
2709 2956 3125 3030 emundaverit
3149 2988 3221 3030 ac
3257 2974 3609 3046 puriﬁcave-

1948 3065 2047 3121 rit.

307 3177 523 3225 Νοεῖται
580 3165 638 3222 δε
690 3171 775 3219 xui
834 3165 1013 3239 ἑτέρως
1043 3165 1068 3217 6
1111 3163 1283 3234 λόγος,
1338 3158 1500 3213 ὄτιὉ
1550 3159 1883 3217 πιστεύσας(

2022 3152 2366 3222 Intelligitur
2397 3155 2582 3207 autem
2614 3151 2863 3206 verbum
2893 3150 3001 3206 hoc
3022 3153 3078 3206 et
3103 3149 3222 3206 alio
3259 3151 3460 3218 modo,
3497 3152 3612 3220 Qui

234 3266 328 3314 xui
367 3259 686 3324 βαπτισθεὶς
719 3258 1035 3317 σωθήσεταί,
1097 3257 1196 3324 εἴγε
1244 3254 1307 3304 τὰ
1337 3258 1431 3311 τῆς
1480 3252 1707 3308 πίστεως
1753 3251 1842 3298 xui

1990 3242 2199 3298 rederit
2221 3249 2270 3297 et
2301 3241 2628 3308 baptizatus
2652 3239 2856 3310 fuerit,
2888 3240 3088 3296 salvus
3115 3239 3245 3303 erit,
3279 3239 3330 3295 si
3362 3255 3433 3296 ea
3465 3256 3603 3313 quas

315 3313 323 3314 ί
366 3313 376 3333 ι
673 3313 685 3319 -
1024 3313 1033 3317 ν
1149 3313 1161 3324 1

235 3355 304 3404 τὰ
354 3358 448 3402 τοῦ
507 3348 880 3422 βαπτὶσματος
919 3340 1252 3406 ἐπιδείξεται.
1301 3348 1480 3393 Ταῦτα
1528 3335 1587 3390 δέ
1640 3337 1769 3389 εἰσιν
1809 3338 1838 3394 ἠ

1994 3331 2088 3386 dei
2115 3333 2252 3384 sunt
2274 3343 2376 3400 per
2408 3327 2781 3399 baptismum
2812 3331 3128 3398 susceptas,
3160 3327 3610 3386 demonstrave-

237 3441 468 3514 ἐργασία
501 3448 595 3491 τῶν
637 3436 844 3489 ἐντολῶν
880 3455 970 3487 του
1027 3439 1263 3507 Χριστοῦ
1311 3435 1399 3482 xui
1430 3430 1460 3488 ἠ
1496 3427 1695 3500 φυλακὴ
1729 3426 1842 3479 ἑαυ-

1990 3421 2026 3475 it
2056 3436 2069 3485 ;
2099 3419 2196 3474 illa
2232 3433 2375 3474 vero
2419 3415 2575 3472 sunt'
2597 3417 2862 3489 operatio
2909 3415 3317 3472 mandatorum
3363 3417 3483 3484 Dei,
3535 3434 3608 3474 ac

235 3505 355 3585 έοέ).
1078 3505 1084 3507 ﬁ
1952 3509 2044 3564 sui
2083 3508 2269 3580 ipsius
2294 3505 2586 3563 custodia.

315 3621 430 3675 Οὐκ
474 3617 581 3671 εἰπε
631 3614 690 3670 δὲ
750 3617 829 3668 ὅτι
881 3615 938 3666 Ὀ
998 3615 1286 3673 πιστεύσας
1343 3615 1514 3682 μόνον,
1575 3605 1698 3662 οὐδὲ
1762 3611 1842 3660 ὅτι

2023 3603 2150 3656 Νοιι
2189 3597 2336 3653 dixit
2362 3600 2596 3652 autem:
2619 3595 2724 3660 Qui
2748 3595 2945 3651 solum
2973 3595 3285 3653 crediderit
3317 3612 3332 3663 ;
3367 3611 3555 3669 neque
3587 3613 3602 3654 :

233 3715 295 3766 '0
345 3709 665 3784 βαπτισθεὶς
732 3711 882 3777 μόνον
943 3720 954 3732 ⁸
1004 3702 1109 3754 ἀλλ’
1175 3701 1440 3774 ἀμφότερα
1506 3698 1774 3762 συνέζευξε
1825 3714 1838 3729 ο

1990 3689 2054 3752 iui
2079 3687 2414 3760 baptizatus
2447 3685 2638 3751 fuerit,
2687 3689 2938 3751 tantum,
2966 3684 3070 3740 sed
3120 3689 3440 3758 utrumque
3469 3702 3608 3743 con-

238 3805 452 3873 θάτερον
499 3801 598 3872 γὰρ
662 3798 874 3868 θατέρου
933 3798 1098 3867 χωρὶς
1156 3791 1214 3843 οὐ
1272 3791 1430 3851 σώζει
1485 3793 1571 3842 τόν
1637 3791 1842 3863 ἄνθρω-

1990 3778 2143 3833 ιιιχὶι
2173 3793 2184 3830 :
2219 3775 2472 3832 alterum
2501 3775 2655 3831 enim
2685 3773 2813 3830 sine
2845 3774 3030 3832 altero
3051 3789 3175 3831 non
3214 3774 3440 3832 salvum
3465 3775 3608 3836 facit

331 2424 406 2476 Τὰ
432 2416 484 2472 δ’
515 2419 685 2491 ἐφεξῆς
709 2418 735 2469 6
761 2419 850 2490 μὲν
883 2416 1147 2474 Ματθαῖος
1170 2409 1439 2485 παρέλιπε,
1470 2409 1732 2477 συντεμὼν
1755 2407 1843 2462 τὴν

253 2515 367 2583 περὶ
398 2512 584 2561 τούτων
615 2504 870 2578 διήγησιν
899 2524 911 2536 ·
942 2505 967 2555 6
999 2499 1057 2556 δε
1095 2504 1304 2574 Μάρκος
1331 2495 1629 2569 ἀπήγγειλε,
1656 2493 1844 2546 πλατύ-

231 3912 352 3945 πον.

1995 3867 2280 3923 ominem.

307 3984 508 4051 Σημεῖα
539 4007 600 4018 --
636 3973 1106 4048 παρακολουθήσει.
1166 3977 1286 4032 Τοῖς
1331 3971 1680 4022 πιστεύσασιν
1737 3967 1842 4039 οὐχ

2023 3975 2184 4030 Vers.
2223 3977 2310 4030 17.
2355 3971 2527 4042 Signa
2580 4003 2648 4012 —
2677 3977 3113 4044 prosequentur.
3160 3973 3272 4029 Eos
3303 3972 3402 4046 qui
3427 3971 3609 4030 credi-

231 4069 435 4131 ἁπλῶς,
470 4065 576 4117 αλλ’
603 4069 672 4125 ὡς
702 4064 1000 4138 εἰρήκαμεν.
1034 4057 1163 4114 Εἶτα
1205 4060 1340 4131 λέγει
1377 4063 1467 4111 καὶ
1515 4063 1580 4110 τὰ
1625 4065 1837 4131 σημεῖα,

1994 4064 2180 4120 erint:
2213 4077 2334 4118 non
2359 4059 2726 4134 simpliciter,
2754 4061 2855 4117 sed
2894 4061 3046 4118 sicut
3085 4059 3349 4118 diximus.
3384 4062 3608 4119 Deinde

231 4164 376 4223 ἤτοι,
414 4158 677 4228 θαύματα.

1995 4153 2119 4209 onit
2139 4159 2194 4209 et
2225 4152 2416 4222 signa,
2442 4151 2566 4207 sive
2596 4151 2906 4207 miracula.

303 4248 390 4300 Ἐν
413 4253 486 4313 τῷ
517 4244 733 4315 ὀνόματί
763 4261 862 4314 μου
890 4271 958 4281 -
987 4245 1207 4301 καιναῖς.
1239 4237 1506 4298 Γλώσσαις
1533 4232 1756 4300 ξέναις,δ
1761 4256 1840 4287 ια-

2020 4243 2179 4297 Vers.
2215 4243 2296 4296 t7.
2322 4243 2434 4298 Per
2463 4256 2674 4297 nomen
2695 4255 2906 4298 meum.
2941 4270 3010 4280 —
3034 4239 3222 4298 novis.
3252 4239 3606 4313 Linguispe-

230 4337 429 4395 λέκτοις
459 4333 798 4385 ἀλλοεθνέσιν.

1990 4330 2241 4400 egrinis:
2277 4329 2578 4386 idiomatis
2609 4329 2862 4386 aliarum
2903 4328 3192 4398 gentium.

303 4425 485 4496 Ὀφεις
508 4422 718 4494 ἁρούσι.
753 4419 1170 4492 Ἀφανίσουσιν’,
1206 4416 1537 4483 ἁνελοῡσιν,ἧ
1567 4421 1656 4468 καὶ
1688 4414 1841 4489 ἀροῦ-

2019 4422 2186 4476 Vers.
2224 4419 2306 4474 18.
2351 4419 2647 4488 Serpentes
2680 4420 2916 4476 tollent.
2967 4417 3276 4482 Delebunt,
3310 4417 3602 4489 occident,

233 4533 319 4566 σιν
354 4511 402 4564 ἐν
435 4511 547 4581 (86)
578 4515 722 4584 χειρὶ
762 4505 1066 4568 ἀκινδύνως.
1873 4507 1883 4563 ]

1992 4515 2055 4565 ut
2080 4509 2249 4566 etiam
2283 4509 2342 4564 in
2375 4508 2654 4565 manibus
2686 4509 2914 4580 absque
2944 4505 3198 4579 periculo
3226 4506 3530 4564 tenebunt.

306 4601 416 4655 Κᾶν
465 4630 528 4640 —-
842 4596 1009 4650 Πολλὰ
1070 4603 1288 4647 τοιαῦτα
1345 4594 1550 4654 πολλοῖς
1607 4613 1834 4666 παρηκοο

2019 4600 2187 4655 Vers.
2239 4602 2318 4653 18.
2350 4599 2497 4653 Etsi
2534 4628 2600 4637 —
2625 4597 2856 4653 nocebit.
2910 4596 3084 4653 Multa
3127 4595 3270 4653 talia
3326 4596 3604 4670 plurimis

226 4692 499 4748 λούθησαν
540 4688 732 4759 ἁγίοις,
761 4697 848 4738 και
873 4683 952 4738 ἀεὶ
981 4684 1435 4756 παρακολουθοῦσι
1474 4691 1582 4746 τοῖς
1629 4690 1836 4745 πιστοῖς

1990 4688 2324 4757 ontigerunt
2349 4687 2591 4751 sanctis,
2611 4701 2961 4759 semperque
2986 4684 3601 4758 contiguntﬁdelibus,

227 4785 344 4854 μὲν,
377 4781 620 4852 ἐργάταις
672 4773 729 4829 δὲ
776 4781 988 4827 καὶτῶν
1017 4773 1352 4845 εύαγγελικών
1385 4772 1614 4825 ἐντολῶν.
1651 4778 1840 4835 Πίστις

1997 4779 2051 4832 ui
2078 4777 2345 4833 videlicet
2370 4781 2719 4832 exercentur
2759 4776 2818 4831 in
2855 4775 3215 4847 evangelicis
3243 4776 3555 4849 praeceptis
3587 4792 3601 4832 :

224 4874 330 4943 γὰρ
384 4872 555 4942 χωρὶς
611 4869 770 4940 ἔργων
823 4865 976 4939 νεκρά
1025 4862 1135 4916 ἐστι
1181 4866 1314 4914 κατα
1359 4867 1444 4915 τὸν
1504 4867 1661 4935 μέγαν
1727 4864 1838 4935 (87)

1994 4883 2092 4923 am
2122 4867 2273 4922 ﬁdes
2291 4865 2418 4922 sine
2440 4864 2724 4937 operibus
2750 4869 2989 4922 mortua
3009 4870 3097 4923 est
3113 4866 3286 4937 juxta
3311 4880 3604 4937 magnum

226 4955 452 5012 Παῦλον.

1994 4956 2116 5011 lum
2148 4955 2440 5012 Jacobum
2470 4955 2538 5009 ⁸⁷.

299 5049 423 5099 Ἐπὶ
447 5073 510 5085 -
544 5044 740 5106 ἕξουσι.
777 5045 870 5095 Διὰ
901 5051 999 5094 τῶν
1020 5043 1275 5116 ῥηθέντων
1301 5047 1526 5114 σημείων
1545 5049 1633 5096 καὶ
1655 5047 1720 5097 τὰ
1745 5064 1840 5096 πα-

2020 5046 2164 5101 Vers
2229 5047 2311 5099 18.
2376 5043 2554 5115 Super
2603 5074 2672 5085 —
2722 5043 3004 5100 habebunt.
3056 5045 3162 5100 Per
3211 5043 3371 5102 dicta
3411 5043 3601 5116 signa,

221 5133 604 5212 ραλελειμμένα
625 5129 1006 5204 ἐνέφηνεν.[ἰῖπε
1031 5134 1132 5204 γὰρ
1164 5130 1538 5204 καὶπρολαϐὼν
1572 5135 1652 5185 ὃτι
1671 5135 1840 5186 πάντα

1990 5135 2131 5191 tiam
2156 5149 2228 5190 ea.
2256 5133 2446 5190 innuit
2471 5149 2602 5206 qua:
2631 5133 3028 5206 praetermissa
3062 5136 3222 5192 sunt.
3263 5132 3416 5190 Dixit
3437 5133 3600 5191 enim

229 5222 440 5279 δυνατὰ
464 5230 535 5293 τῷ
561 5224 858 5274 πιστεύοντι
871 5266 883 5278 ,

1990 5240 2009 5280 ι
2039 5223 2532 5296 praecedentibus,
2563 5223 2730 5296 quod
2755 5223 2962 5281 omnia
2981 5221 3296 5296 possibilia
3319 5228 3462 5281 sunt
3479 5239 3602 5282 cre-

1951 5312 2113 5370 denti
2142 5313 2210 5367 ⁸⁸.

306 5464 356 5500 ⁸³
382 5461 581 5520 Matth.
613 5478 708 5530 xx,
748 5462 828 5518 19.
943 5461 990 5497 ⁸⁸
1017 5461 1212 5519 Matth.
1237 5476 1439 5529 xxxm,
1469 5463 1556 5519 i6.
1671 5463 1879 5524 °7Jac.i

1991 5467 2024 5519 6
2158 5466 2205 5501 ⁸⁸
2227 5466 2400 5521 Marc.
2433 5479 2513 5532 ιχ,
2532 5465 2621 5520 23.

1455 5587 1682 5655 Variae
1713 5589 2040 5658 lectiones
2087 5599 2152 5657 et
2184 5599 2386 5658 notae.

309 5731 427 5802 (86)
469 5734 661 5806 Χερσίν
691 5728 872 5788 habet
893 5727 1212 5788 Hentenius
1239 5729 1300 5786 in
1333 5729 1836 5805 interpretatione.
2022 5734 2136 5806 (87)
2163 5734 2288 5790 Imo
2309 5732 2574 5802 Ἰάκωϐον,
2605 5734 3012 5808 ιιιᾙοιιιθιιὶιιε
3039 5733 3242 5794 habet.
