4188 6424
621 301 725 362 851
1925 308 2281 366 EUTHYMII
2322 310 2650 370 ZIGABENI
3891 335 3996 389 852

695 429 855 483 Vers.
890 429 972 484 19.
1024 429 1288 484 Dominus
1328 432 1507 502 itaque
1540 463 1596 474 —-
1625 433 1834 488 omium.
1878 463 1948 475 -
1993 436 2279 506 Postquam
2313 436 2349 489 A

2344 457 2359 489 ι
2462 438 2519 491 Ὀ
2548 444 2638 512 μὲν
2665 438 2752 494 οὖν
2781 444 2973 516 Κύριος
2995 477 3063 486 —
3101 447 3334 522 οὐρανόν.
3375 455 3517 510 Μετὰ
3555 457 3612 506 τὸ
3639 455 3871 517 λαλῆσαι
3911 460 3998 512 αὔ-

623 515 826 572 locutus
847 524 941 584 est,
973 534 1090 574 non
1143 520 1272 575 haec
1326 521 1542 587 solum,
1586 523 1693 578 sed
1732 527 1788 578 et
1816 525 2021 581 omnia
2077 525 2274 593 verba,

2392 525 2500 590 τοῖς
2531 530 2588 581 οὐ
2619 536 2770 602 μόνον
2800 538 2914 594 τοὺς
2937 535 3120 608 λόγους
3148 542 3379 606 τούτους,
3424 542 3551 596 ἀλλὰ
3575 547 3795 610 πάντας,
3840 550 3999 613 ὅσους

619 611 914 678 quotquot
939 607 1023 663 eis
1054 607 1288 664 locutus
1320 614 1407 664 est
1437 627 1472 666 a
1503 610 1597 666 die
1629 615 2104 671 ressurrectionis
2132 631 2273 679 suae,

2391 616 2605 677 ἕλάλησε
2649 625 2870 692 τούτοις,
2908 624 3006 676 ἀπὸ
3064 635 3155 688 τῆς
3192 631 3380 704 ἡμέρας
3413 641 3503 694 τῆς
3531 633 3868 700 ἀναστάσεως
3898 640 3997 691 αὖ-

619 696 812 751 donec
837 697 1115 768 completi
1148 704 1285 753 sunt
1331 700 1732 770 quadraginta
1762 702 1909 769 dies,
1964 705 2024 760 in
2055 705 2273 776 quibus

2390 715 2480 759 του
2522 715 2684 785 μέχρι
2736 713 3154 788 συμπληρώσεως
3194 727 3291 770 τῶν
3349 727 3746 798 τεσσαράκοντα
3793 729 3995 800 ἡμερῶν

619 787 946 859 apparebat
973 787 1301 860 discipulis,
1334 795 1390 843 et
1420 791 1885 848 conversabatur
1918 810 2056 850 eum
2088 796 2172 851 eis
2205 798 2273 852 '9.

2390 795 2438 848 ἐν
2466 800 2548 860 αἶς
2579 796 2639 857 ἦν
2667 801 3008 876 ὀπτανόμενος
3069 813 3177 870 τοίς
3212 811 3497 880 μαθηταῖς,
3542 818 3633 866 καὶ
3682 818 3996 880 συκαυλιζό-

2386 907 2534 959 μενος
2562 890 2695 959 (88).

690 981 940 1039 Dictium
979 987 1067 1039 est
1091 987 1290 1040 autem
1316 984 1392 1040 de
1435 988 1848 1058 assumptione
1873 1005 1980 1045 sua
2010 991 2184 1048 etiam
2213 992 2275 1049 in

2458 981 2673 1052 Εἴρηται
2705 978 2762 1036 δὲ
2785 987 2898 1057 περὶ
2923 993 3013 1045 τῆς
3045 984 3343 1058 ἀναλήψεως
3373 990 3532 1044 αὐτοῦ
3560 999 3648 1046 καὶ
3681 994 3728 1047 ἐν
3750 1005 3823 1068 τῷ
3858 997 3987 1054 τέλει

616 1069 736 1127 ﬁne
766 1072 1068 1141 Evangelii
1091 1075 1264 1144 juxta
1290 1075 1629 1131 Matthaeum.

2386 1075 2476 1126 τῆς
2498 1067 2790 1140 ἐξηγήσεως
2831 1081 2921 1124 τοῦ
2951 1079 3084 1127 κατὰ
3115 1079 3401 1134 Ματθαίον.

687 1164 847 1217 Vers.
885 1167 975 1219 19.
1012 1163 1085 1218 Ει
1128 1164 1263 1218 sedit
1304 1195 1372 1204 —
1419 1166 1542 1223 Dei.
1579 1169 1755 1240 Atqui
1795 1171 1946 1225 Deus
1997 1175 2054 1226 et
2105 1174 2274 1228 Pater

2457 1159 2559 1212 Καὶ
2591 1157 2825 1213 ἐκάθισεν
2861 1195 2924 1203 —
2946 1172 3036 1216 τοῦ
3069 1172 3222 1233 Θεοῦ,
3241 1169 3340 1223 Καὶ
3376 1174 3478 1234 μὴν
3500 1173 3525 1223 ό
3549 1176 3674 1234 Θεὸς
3693 1180 3782 1228 καὶ
3807 1182 3982 1250 Πατὴρ

617 1249 744 1321 ejus
767 1266 904 1306 cum
927 1252 998 1306 sit
1027 1252 1434 1324 incorporeus,
1454 1271 1838 1330 nequaquam
1857 1259 2061 1316 dextra
2090 1261 2271 1318 habet

2383 1245 2560 1311 αὐτοῦ,
2618 1268 2892 1320 ασωματος
2933 1253 3019 1315 ὡν,
3064 1254 3155 1305 οὐκ
3204 1255 3263 1306 ἂν
3320 1261 3438 1329 ἔχοι
3479 1257 3677 1324 δεξιάἡ
3708 1263 3979 1339 ἀριστερά.

615 1341 711 1393 aut
749 1338 989 1395 sinistra
1029 1357 1042 1405 ;
1083 1340 1139 1395 hi
1170 1357 1434 1416 namque
1462 1344 1696 1402 habitus
1739 1353 1876 1404 sunt
1925 1366 2264 1422 corporum.

2379 1339 2488 1385 Τῶν
2523 1340 2773 1408 σωμάτων
2802 1343 2899 1412 γὰρ
2943 1351 3108 1394 ταυτα
3141 1350 3423 1416 σχήματα.
3463 1354 3658 1403 Λοιπὸν
3683 1349 3770 1404 οὖν
3795 1358 3853 1406 τό
3894 1359 3983 1427 μὲν

615 1427 927 1499 Reliquum
955 1433 1042 1484 est
1064 1445 1223 1501 ergo,
1257 1437 1320 1487 ut
1351 1433 1556 1489 sedere
1583 1435 1785 1506 ipsius,
1845 1440 2105 1510 requiem
2139 1459 2266 1498 ma-

2379 1425 2599 1476 καθίσαι
2628 1423 2781 1484 δηλοῖ
2802 1427 3092 1483 ἀνάπαυσιν
3122 1439 3211 1484 καὶ
3239 1435 3529 1490 ἀπόλαυσιν
3556 1448 3645 1500 τῆς
3665 1443 3803 1504 θείας
3823 1442 3982 1516 βασι-

612 1515 850 1572 nifestet
874 1532 941 1572 ac
963 1518 1297 1575 fruitionem
1328 1521 1512 1577 divini
1530 1525 1712 1594 regni.
1749 1529 1918 1593 Quod
1941 1534 2139 1585 autem
2163 1533 2266 1589 ad-

2380 1518 2535 1575 ).u'ocg'
2579 1519 2636 1566 τὸ
2669 1513 2728 1568 δὲ
2760 1517 2846 1570 Ἐκ
2879 1515 3059 1581 δεξιῶν
3090 1530 3181 1574 τοῦ
3213 1530 3346 1576 Θεοῦ
3377 1526 3636 1580 οἰκείωσιν
3686 1536 3772 1582 καὶ
3805 1533 3983 1605 ὁμοτι-

606 1603 767 1666 ditur
801 1623 814 1661 :
844 1606 888 1676 Α
919 1607 1131 1662 dextris
1165 1610 1290 1672 Dei,
1327 1610 1764 1672 familaritatem
1804 1616 2052 1676 deuolat
2092 1635 2162 1676 ac
2185 1637 2260 1677 ae-

1364 1612 1764 1672 imilaritatem
1804 1616 2052 1676 denotat
2092 1635 2162 1676 ac
2185 1637 2265 1677 ω-
2378 1606 2501 1673 μίαν
2524 1609 2649 1676 πρὸς
2678 1609 2764 1657 τὸν
2794 1613 3018 1682 Πατέρα·

611 1694 844 1766 qualem
876 1711 1012 1751 cum
1041 1701 1205 1754 Patre
1234 1700 1542 1757 honorem.

681 1785 869 1854 -ι-Νοιι
921 1790 1151 1843 tantum
1199 1789 1260 1844 in
1312 1789 1532 1846 dextris
1588 1795 1770 1851 Patris
1802 1797 2006 1854 sedere
2054 1800 2266 1859 dicitur
2298 1789 2335 1846 Β

2315 1789 2342 1845 3
2454 1780 2556 1854 [Οὐ
2622 1788 2774 1856 μόνον
2825 1787 2936 1856 (89)
3004 1790 3271 1847 καθῆσθαι
3318 1797 3364 1844 ἐν
3427 1792 3571 1857 δεξιᾶ
3617 1805 3704 1850 τοῦ
3763 1805 3969 1874 Πατρός

609 1871 805 1938 Filius,
831 1890 1036 1931 verum
1067 1877 1233 1932 etiam
1265 1884 1452 1934 stare:
1483 1883 2001 1952 quemadmodum
2028 1889 2089 1944 in
2110 1891 2263 1948 libro

2378 1873 2402 1922 ὁ
2451 1876 2587 1936 Υιὸς⁹
2626 1873 2752 1925 ἀλλὰ
2781 1880 2868 1927 καὶ
2926 1878 3177 1931 ἵστασθαι
3226 1881 3435 1952 λέγεται,
3483 1888 3544 1944 ὡς
3594 1885 3639 1938 ἐν
3676 1896 3735 1959 τῇ
3793 1887 3958 1960 βίϐλῳ

606 1963 888 2018 Actorum
912 1964 1060 2021 dixit
1095 1967 1428 2038 Stephanus
1461 1972 1508 2005 9°
1538 1988 1551 2038 ;
1586 1977 1649 2028 ut
1676 1974 1843 2030 illiud
1882 1978 2130 2048 quidem
2173 1997 2260 2036 re-

2376 1969 2474 2012 τῶν
2525 1964 2761 2036 Πράξεων
2803 1968 2828 2017 ό
2881 1971 3125 2039 Στέφανος
3182 1973 3349 2042 εἴρηκε
3381 1990 3391 2000 ·
3425 1982 3510 2024 τοῦ
3561 1980 3645 2047 μὲν
3701 1981 3760 2028 τό
3814 1981 3964 2030 καθι-

2388 2046 2409 2062 .
2461 2060 2474 2062 _
2525 2055 2544 2062 -
2672 2052 2680 2062 .
2835 2057 2880 2062 ,γ
3230 2057 3246 2062 _
3465 2061 3470 2062 ,

608 2050 804 2121 quiem
831 2053 1102 2124 designet
1166 2056 1765 2129 intransmutabilem,
1795 2046 1918 2121 hoc
1948 2073 2146 2125 autem
2173 2071 2262 2126 ﬁr-

2376 2046 2605 2124 δρυσθαι
2661 2052 2984 2121 ἀμεταθέτως
3019 2075 3030 2085 ·
3065 2066 3154 2110 τοῦ
3217 2057 3296 2119 δε,
3347 2065 3403 2113 τό
3447 2061 3718 2133 βεϐηκέναι
3761 2073 3967 2137 παγίως

604 2153 769 2194 mam
801 2155 869 2194 ac
900 2141 1162 2199 divinam
1214 2145 1272 2200 in
1307 2146 1464 2203 bono
1515 2150 2045 2211 conﬁrmationem.
2097 2159 2258 2215 Unde

2372 2144 2429 2191 τό
2482 2143 2610 2192 θεῖον
2665 2143 2711 2194 ἐν
2765 2153 2835 2213 τῷ
2889 2143 3090 2216 ἀγαθῷ,
3154 2144 3563 2220 δογματίζοντος
3623 2196 3635 2208 .
3671 2160 3760 2207 καὶ
3813 2153 3965 2208 οὐδὲν

603 2226 768 2284 nulla
797 2228 1147 2299 hujusmodi
1185 2234 1500 2292 verborum
1536 2237 1872 2297 immutatio
1909 2245 2102 2301 reddit
2158 2248 2257 2303 ali-

2371 2231 2400 2286 ἠ
2440 2239 2534 2280 τῶν
2572 2232 2821 2304 ῥημάτων
2878 2234 3115 2308 ἑτερότης
3161 2243 3275 2311 περὶ
3335 2243 3421 2290 τὸν
3475 2249 3590 2292 νοῦν
3642 2239 3959 2318 διαφέρεται.

602 2333 784 2389 quam
819 2321 1121 2376 sententiae
1147 2322 1571 2382 diversitatem.
1610 2329 1895 2387 Praeterea
1929 2350 2064 2389 cum
2113 2337 2256 2394 dixit

2367 2318 2559 2380 ’Ἄλλως
2611 2340 2679 2385 τε,
2722 2324 2746 2372 ὁ
2791 2323 2940 2374 εἰπὼν
2983 2326 3232 2377 ἱστασθαι
3275 2331 3361 2378 τόν
3412 2335 3528 2382 Υιόν
3567 2331 3660 2383 οὐκ
3715 2329 3822 2385 εἶπε
3870 2355 3962 2385 κα-

602 2411 756 2462 stare
784 2407 1011 2473 Filium,
1045 2425 1168 2465 non
1199 2411 1348 2467 dixit
1388 2415 1589 2471 sedere
1618 2419 1846 2476 Patrem
1881 2437 1989 2478 :ne
2042 2440 2111 2480 ex
2142 2427 2256 2483 hoc

2371 2410 2565 2467 θῆσθαι
2619 2415 2704 2461 τὸν
2747 2416 2966 2484 Πατέρα,
3029 2415 3109 2465 ἵνα
3165 2421 3253 2467 καὶ
3290 2417 3403 2488 (90)
3459 2416 3713 2495 διαφορὰν
3761 2428 3962 2480 νοήσω-

599 2494 1000 2566 intelligamus
1039 2499 1432 2558 differentiam
1464 2504 1791 2575 dignitatis.
1828 2513 2018 2568 Restat
2055 2515 2250 2585 igitur,

2367 2517 2455 2569 μεν
2479 2497 2788 2571 ἀξιώματος.
2821 2506 3014 2554 Λοιπὸν
3045 2499 3138 2555 οὗκ
3160 2510 3248 2557 καὶ
3292 2510 3627 2578 συγκάθηται
3665 2516 3754 2563 καὶ
3786 2518 3965 2564 συνίσ-

599 2588 662 2640 ut
683 2590 740 2641 et
773 2587 1099 2644 consedere
1119 2590 1269 2646 Patri
1295 2591 1525 2650 dicatur
1545 2601 1602 2652 et
1627 2597 1804 2654 simul
1827 2616 1965 2658 cum
1992 2619 2062 2660 eo
2077 2612 2250 2663 stare.
2365 2589 2562 2658 τίκτω]-

669 2675 830 2730 Vers.
863 2675 953 2733 20.
981 2677 1085 2734 Illi
1112 2695 1234 2733 vero
1263 2711 1329 2720 —
1358 2683 1557 2754 signis.
1597 2687 1944 2747 Sermonem
1969 2695 2255 2764 praedica-

2439 2677 2650 2730 Ἐκεῖνοι
2673 2675 2731 2731 δὲ
2761 2711 2828 2719 -
2861 2685 3107 2752 σημείων.
3140 2681 3261 2756 [Τόν
3291 2683 3445 2756 λόγον
3475 2694 3565 2738 τοῦ
3608 2689 3723 2759 (91)
3762 2695 3965 2764 κηρύγ-

597 2761 795 2819 tionis.
1969 2761 1987 2764 “

1969 2761 1987 2764 “
2365 2786 2542 2838 ματος.
2568 2768 2583 2838 ]

671 2851 901 2908 Utinam
935 2856 1134 2910 autem
1160 2859 1214 2913 et
1231 2873 1501 2918 sermone
1515 2863 1796 2922 doctrinae
1811 2874 2025 2928 nostrae
2039 2874 2252 2930 conﬁr-

2439 2860 2529 2914 Εἲη
2561 2855 2620 2910 δὲ
2651 2865 2738 2910 καὶ
2767 2864 2851 2911 τὸν
2900 2859 3048 2932 λόγον
3092 2871 3182 2922 τῆς
3212 2865 3467 2938 ἡμετέρας
3498 2863 3855 2930 διδασκαλίας
3880 2869 3965 2942 βε-

593 2943 790 3032 metur
819 2956 924 3013 per
954 2942 1382 3018 subsequentia
1408 2951 1622 3010 debita
1676 2956 1908 3014 virtutis
1956 2961 2146 3032 signa,
2190 2970 2247 3022 ut

2364 2945 2642 3000 ϐαιοῦσθαι
2666 2945 2757 3000 διὰ
2783 2958 2880 3000 τῶν
2908 2949 3578 3025 ἑπακολουθίῐνόφειλόντων
3613 2963 3842 3028 σημείων
3871 2969 3960 3022 τῆς

592 3025 654 3082 in
677 3027 796 3083 ﬁne
821 3031 950 3086 vitae
964 3037 1181 3090 nostrae
1195 3037 1426 3107 perfecti
1452 3041 1845 3110 inveniamur.
1862 3064 1966 3121 per
1993 3025 2246 3122 gratiam

2363 3033 2567 3109 ἀρετῆς,
2605 3040 2685 3089 ἱνα
2715 3038 2893 3091 τέλειοι
2924 3042 3202 3113 εὑρεθὼμεν
3248 3041 3295 3093 ἐν
3337 3053 3406 3113 τῷ
3439 3044 3568 3097 τέλει
3592 3055 3681 3108 τῆς
3711 3049 3960 3124 ἡμετέρας

591 3118 649 3173 et
670 3115 1100 3191 benignitatem
1131 3125 1365 3185 Domini
1392 3132 1574 3188 nostri
1597 3135 1733 3192 Jesu
1773 3115 2024 3198 Christi:
2036 3146 2243 3202 Amen.

2307 3143 2330 3200 ς
2363 3130 2514 3194 ζωῆς,
2543 3130 2732 3202 χάριτι
2753 3135 2841 3183 καὶ
2882 3129 3236 3204 φιλανθρωπίᾳ
3261 3142 3352 3185 τοῦ
3379 3135 3576 3207 Κυρίου
3603 3138 3750 3209 ἡμῶν
3783 3140 3961 3196 Ἰησοῦ

2358 3225 2614 3292 Χριστοῦ.
2648 3217 2838 3290 Ἀμήν.

3076 3310 3198 3363 Τελο
3207 3332 3227 3373 ς

2732 3405 2820 3449 του
2846 3401 2980 3451 κατά
3010 3400 3216 3472 Μάρκον
3239 3398 3574 3472 Εὔα-Πελίου.

615 3613 622 3622 .
662 3540 729 3597 es.
760 3542 892 3617 Act.
917 3563 952 3618 ι,
985 3551 1038 3614 3,
1068 3552 1118 3604 4.
1233 3553 1282 3588 ⁸ο
1312 3556 1435 3617 Act,
1467 3572 1561 3624 vn,
1597 3562 1682 3614 56.

1831 3741 2046 3812 Variae
2075 3743 2404 3818 lectiones
2441 3760 2505 3819 et
2573 3760 2751 3820 notae

655 3941 773 4087 (88g
808 3943 899 4001 Sic
937 3948 1181 4021 uterque
1205 3951 1413 4010 codex.
1572 4031 1583 4041 '
1847 4035 1858 4047 _
2092 4040 2102 4051 .
2412 3974 2529 4087 590)
2561 3977 2663 4030 Καὶ
2689 3976 2903 4032 omittit
2941 3978 3006 4033 Β.

655 4014 744 4086 (89
797 4015 1035 4078 Inclusa
1063 4020 1251 4080 codex
1293 4030 1537 4087 uterque
1567 4046 1628 4087 1n
1667 4048 1939 4087 mamma
1969 4039 2226 4087 exhibet-
2433 4047 2525 4087 on
2555 4047 2779 4087 Innlnan
2817 4048 3006 4087 nhenn

655 4014 766 4087 (89)
797 4015 1035 4078 Inclusa
1063 4014 1251 4080 c'odex
1293 4030 1537 4100 uterque
1567 4031 1628 4088 in
1667 4035 1939 4108 margine
1969 4039 2227 4098 exhibet.
3064 4053 3135 4106 A.
