4188 6434
256 323 366 382 853
1586 317 1952 374 COMMENT.
1995 317 2065 376 IN
2108 317 2374 375 LUCAM.
3525 319 3626 375 854

699 653 872 762 ΤΟ
970 652 1365 760 ΚΑΤΑ
1460 641 2056 761 ΛΟΥΚΑΝ
2155 643 3084 763 ΕΥΑΓΓΕΛΙΟΝ

1110 1098 1241 1152 ΤΟΥ
1282 1101 1456 1149 ΚΑΤΑ
1496 1097 1770 1147 ΛΟΥΚΑΝ
1812 1097 2222 1146 Ε1“Αὲ“ΓΕΛΙΟΙ’
2257 1092 2347 1146 ΤΑ
2387 1095 2748 1145 ΚΕΦΑΛΑΙΛ.

289 1319 352 1375 οι“.
400 1323 525 1392 Περὶ
554 1324 649 1377 τῆς
681 1316 1004 1390 ἀπογραφῆς.
1036 1316 1202 1388 (Cap.
1244 1316 1310 1372 II.
1345 1331 1498 1372 vers.
1531 1320 1604 1387 1.)
1897 1315 1941 1368 Α

1977 1313 2060 1370 ισ’.
2105 1319 2231 1388 Περὶ
2296 1322 2392 1375 τῆς
2474 1321 2574 1365 τῶν
2652 1311 2952 1368 ἀποστόλων
3023 1313 3284 1388 ἐκλογῆς..
3338 1313 3458 1387 (VI,
3515 1314 3631 1388 12.)

291 1408 365 1482 β’.
411 1413 537 1482 Περὶ
568 1415 666 1458 τῶν
698 1404 1091 1480 ἀγραυλούντων
1125 1410 1396 1478 ποιμένων.
1434 1405 1497 1470 II,
1539 1404 1618 1475 8.)
2161 1405 2262 1460 ΜΘ.
2299 1403 2384 1459 ιϐ’.
2422 1403 2528 1478 Μρ.
2565 1402 2634 1461 η’.

286 1498 360 1569 γ’,
405 1503 530 1569 Περὶ
561 1503 652 1547 τοῦ
679 1502 901 1567 Σῦμεων.
937 1496 1020 1564 (II,

1973 1495 2061 1556 ιζ’.
2105 1499 2230 1568 Περὶ
2260 1502 2357 1546 τῶν
2396 1501 2764 1568 μακαρισμῶν.
2797 1493 2915 1561 (VI,
2945 1493 3063 1564 20.)
3089 1495 3193 1552 ΜΘ.
3226 1491 3283 1549 ε’.

289 1584 362 1640 δ’.
408 1590 533 1660 Περὶ
561 1591 750 1644 Ἀννης
773 1593 864 1643 τῆς
889 1580 1231 1655 προφήτιδος.
1269 1584 1352 1653 (II,
1395 1583 1512 1652 36.)
1971 1583 2056 1642 ιη’.
2100 1588 2224 1656 Περὶ
2262 1590 2352 1636 τοῦ
2384 1582 2789 1658 ἑκατοντάρχου.
2836 1583 2974 1653 (VII,
3031 1582 3110 1655 1.)
3146 1581 3255 1637 Μθ.
3303 1583 3371 1645 ζ’.
3419 1583 3521 1639 Ἰω.
3553 1579 3622 1639 σ’.

283 1676 340 1732 ε’.
398 1680 522 1747 Περὶ
598 1681 690 1725 τοῦ
762 1677 1032 1744 γενομένου
1078 1673 1314 1746 ῥήματος
1396 1675 1520 1744 πρὸς
1595 1671 1856 1728 Ἰωάννην.
1969 1672 2054 1728 ιϐ’.
2100 1678 2224 1746 Περὶ
2243 1679 2334 1726 τοῦ
2361 1675 2478 1724 υἱοῦ
2510 1679 2606 1733 τῆς
2633 1677 2808 1747 χήρας
2839 1671 2973 1742 (VII,
3007 1671 3118 1744 11.)

435 1765 554 1834 (III,
596 1763 794 1832 1.)Μθ.
827 1759 898 1832 γ’.
1990 1761 2056 1818 κ’.
2100 1767 2226 1835 Περὶ
2275 1770 2376 1815 τῶν
2454 1760 2842 1814 ἀποσταλέντων
2922 1763 3065 1834 παρὰ
3138 1759 3394 1818 Ἰωάννου.
3473 1760 3619 1834 (VII,

281 1874 333 1909 σ.
381 1858 510 1927 Περὶ
585 1860 684 1903 τῶν
729 1850 1162 1924 ἐπερωτησάντων
1241 1854 1328 1902 τὸν
1405 1851 1666 1908 Ἰωάννην.
1741 1848 1854 1920 (ΙΙΙ,
2148 1850 2492 1923 18.)Μθ.κ’.

433 1943 542 2010 10.)
1961 1940 2059 1996 κοί.

1962 1940 2059 1996 κοί.
2103 1945 2228 2016 Περὶ
2294 1949 2383 2001 τῆς
2453 1938 2740 2010 exesam;
2813 1940 2900 1991 τὸν
2982 1939 3178 2014 Κύριον
3255 1940 3423 2014 μύρῳ.
3478 1939 3616 2014 (νη,

281 2032 351 2094 ζ’.
394 2037 520 2104 Περὶ
552 2037 642 2082 τοῦ
673 2036 965 2102 πειρασμοῦ
987 2036 1078 2082 τοῦ
1110 2037 1345 2102 Σωτῆρος
1377 2029 1493 2098 (IV,
1527 2028 1600 2099 1.)
2141 2031 2254 2101 36.)
2294 2031 2398 2085 ΜΘ.
2572 2031 2674 2102 Μρ.
2719 2025 2829 2101 pd’.
2860 2026 2960 2082 Ἰω.
2999 2025 3091 2101 ιβ’.
3375 2071 3382 2078 .

277 2124 348 2180 η’.
394 2126 518 2194 Περὶ
588 2127 681 2170 τοῦ
751 2120 964 2190 ἔχοντος
1048 2126 1249 2191 πνεῦμα
1333 2115 1629 2190 δαιμονίου.
1737 2118 1848 2189 (IV,
1961 2119 2069 2194 ιβ’.
2113 2125 2237 2194 Περὶ
2274 2121 2365 2180 τῆς
2420 2117 2721 2193 παραϐολῆς
2766 2124 2858 2170 τοῦ
2904 2120 3124 2192 σπόρου.
3174 2117 3346 2191 (VIII,
3390 2117 3470 2188 4.)
3509 2118 3613 2176 ΜΘ.

424 2212 537 2281 33.)
580 2211 680 2282 Μρ.
715 2207 786 2260 α’.
2138 2206 2246 2264 κὸη.
2281 2211 2383 2284 Μρ.
2419 2208 2485 2262 θ’.

293 2297 358 2350 θ’.
401 2303 516 2368 Περὶ
562 2305 653 2357 τῆς
702 2299 944 2372 πενθερᾶς
990 2300 1209 2368 Πέτρου.
1272 2295 1392 2367 (ιν,
1448 2299 1563 2363 38.)
1616 2296 1721 2352 ΜΘ.
1780 2295 1851 2354 η’.
1959 2297 2061 2370 κγ’.
2106 2303 2231 2372 Περὶ
2281 2307 2374 2360 τῆς
2432 2296 2783 2370 ἐπιτιμήσεως
2838 2301 2938 2348 τῶν
2992 2291 3219 2352 ὗδὰτων.
3270 2294 3440 2369 (VIII,
3496 2298 3613 2370 22.)

436 2387 538 2461 Μρ.
2139 2388 2248 2443 ΜΘ.
2291 2387 2379 2440 ια’.
2413 2387 2517 2460 Μρ.
2554 2385 2602 2440 ι’.

290 2475 341 2531 ι’.
386 2480 504 2548 Περὶ
564 2484 663 2527 τῶν
742 2475 982 2527 ἰαθέντων
1058 2473 1160 2527 ἀπὸ
1190 2475 1433 2527 ποικίλων
1492 2478 1676 2528 νόσων.
1733 2475 1848 2547 (IV,
1958 2475 2063 2533 κδ’.
2107 2482 2232 2553 Περὶ
2306 2483 2400 2529 τοῦ
2447 2478 2654 2549 ἔχοντος
2693 2476 2780 2527 τὸν
2835 2473 3077 2547 λεγιῶνα.
3137 2474 3297 2548 (VIII,
3344 2475 3460 2549 26.)
3500 2475 3608 2534 ΜΘ.

425 2568 538 2632 40.)
568 2567 667 2620 ΜΘ.
700 2564 744 2616 θ’
775 2567 876 2638 Μρ.
910 2563 976 2635 γ’.
2137 2565 2234 2640 ιβ’.
2267 2567 2374 2642 Μρ.
2411 2564 2498 2622 ια’.

242 2653 332 2708 ια’.
380 2658 504 2726 Περὶ
535 2662 630 2715 τῆς
654 2655 817 2728 ἄγρας
849 2662 947 2705 τῶν
981 2653 1196 2725 ἰχθύων.
1233 2653 1322 2723 (V,
1358 2656 1433 2726 4.)
1883 2648 1926 2702 Β
1956 2656 2022 2710 κε’
2062 2661 2186 2733 Περὶ
2213 2665 2307 2720 τῆς
2339 2657 2597 2728 θυγατρὸς
2623 2661 2714 2708 τοῦ
2755 2652 3220 2730 ἀρχιπνὰγὼγου.
3281 2653 3446 2728 (VIII,
3490 2657 3608 2730 40.)

241 2742 337 2815 ιβ’.
383 2748 510 2815 Περι
536 2751 626 2794 τοῦ
655 2742 860 2817 λεπροῦ.
889 2742 976 2810 (V,
1012 2745 1120 2814 1'2.)
1150 2745 1250 2798 Μθ.
1289 2743 1332 2806 ζ’
1358 2747 1464 2817 Μρ.
1497 2741 1566 2799 δ’.
2134 2747 2242 2802 ΜΘ.
2277 2745 2350 2802 ιε’.
2387 2747 2487 2818 Mp.
2516 2743 2612 2818 ιβ’.

239 2832 327 2904 ιγ’,
376 2837 502 2905 Περὶ
551 2838 641 2884 τοῦ
693 2831 1070 2906 παραλυτικοῡ.
1131 2831 1220 2903 (V,
1278 2833 1382 2904 18.)
1435 2835 1534 2889 ΜΘ.
1599 2835 1682 2906 ιγ’.
1737 2838 1839 2910 Μρ.
1953 2835 2047 2899 κς’.
2092 2841 2217 2911 Περὶ
2247 2844 2340 2899 τῆς
2375 2835 2774 2911 αἱμορῥοούσης.
2808 2833 2974 2905 (VIII,
3019 2833 3132 2908 43.)
3186 2835 3294 2890 Μθ.
3356 2834 3450 2891 ισ’.
3497 2835 3607 2909 MP.

419 2929 477 2974 ε’.
513 2927 599 2977 Ῐω.
639 2921 702 2983 ζ’.
2133 2932 2220 2998 ιγ’.

234 3008 327 3064 ιδ’.
373 3014 500 3082 Περὶ
555 3013 681 3061 Λευὶ
733 3017 824 3061 τοῦ
880 3009 1116 3063 τελώνου.
1193 3011 1287 3082 (V,
1364 3012 1480 3083 27.)
1561 3013 1667 3070 Μθ.
1746 3011 1838 3070 ιδ’.
1950 3015 2048 3077 κζ’.
2093 3019 2218 3090 Περὶ
2267 3023 2360 3077 τῆς
2414 3013 2704 3075 ἀποστολῆς
2768 3020 2868 3066 τῶν
2915 3008 3146 3069 δώδεκα.
3198 3013 3312 3086 (IX,
3386 3014 3464 3087 1.)
3500 3015 3610 3074 M9.

417 3102 519 3171 M9.
555 3097 622 3158 ς’.
2132 3104 2213 3159 .6'.
2245 3107 2346 3178 up.
2384 3104 2472 3161 ιθ’.

229 3189 306 3242 ιε’.
357 3193 485 3262 Περὶ
554 3195 644 3239 τοῦ
696 3186 854 3262 ξηρὰν
912 3190 1129 3259 ἔχοντος
1184 3193 1278 3247 τὴν
1343 3197 1519 3262 χεῖρα.
1591 3192 1704 3264 (VI,
1760 3195 1837 3267 6.)
1949 3193 2050 3253 κη’.
2092 3198 2217 3266 Περὶ
2275 3202 2374 3246 τῶν
2424 3197 2568 3245 πέντε
2624 3194 2789 3268 ἄρτων
2831 3195 3048 3245 καὶτῶν
3081 3187 3177 3246 δύο
3213 3191 3432 3265 ἰχθύων.
3483 3193 3604 3266 (ΙΧ,

414 3277 520 3330 M9.
551 3295 654 3328 xw.
684 3279 784 3350 Μρ.
819 3277 883 3337 ςκ.
2132 3283 2242 3354 12.)
2275 3283 2379 3338 Μθ.
2411 3280 2522 3337 κσ’.
2569 3283 2671 3354 Μρ.
2703 3278 2789 3336 ια’.
2819 3278 2924 3337 Ἰω.
2959 3279 3030 3338 η’.

1544 3723 2202 3817 EVANGELIUM

988 3944 2012 4128 SECUNDUM
2100 3946 2757 4128 LUCAM

1381 4430 1652 4488 CAPITA
1697 4425 2138 4486 EVANGELII
2172 4424 2444 4484 LUC/E.

319 4592 366 4642 1.
413 4587 486 4642 De
506 4603 661 4642 censu
695 4587 947 4643 Caesaris.
2025 4592 2113 4644 15.
2160 4587 2238 4642 De
2278 4583 2498 4640 habente
2525 4583 2779 4639 dextram
2803 4598 3023 4638 manum
3050 4579 3294 4638 aridam.

312 4680 366 4730 2.
411 4676 489 4730 De
517 4678 830 4746 pastoribus
860 4678 916 4732 in
945 4693 1074 4748 agro
1118 4673 1444 4746 degentibus.
1870 4659 1910 4716 (ἶ
2025 4681 2108 4734 16.
2152 4675 2230 4731 De
2258 4675 2623 4746 apostolorum
2653 4673 2928 4730 electione.

317 4770 369 4821 3.
414 4766 482 4819 De
505 4765 772 4836 Symeone.
2027 4767 2106 4822 17.
2149 4767 2234 4820 De
2271 4762 2713 4820 beatitudinibus.

316 4859 366 4910 4.
412 4856 488 4909 De
528 4857 691 4910 Anna
721 4855 1081 4926 prophetissa.
2026 4859 2109 4912 18.
2152 4855 2231 4910 De
2259 4853 2590 4910 centurione.

318 4949 367 4999 5.
411 4944 488 4998 De
518 4944 673 4999 verbo
701 4945 838 5016 quod
865 4945 1069 5014 factum
1109 4949 1182 4998 est
1212 4942 1280 4996 ad
1309 4943 1588 4998 Joannem.
2027 4946 2108 5000 19.
2155 4944 2230 4999 De
2260 4944 2378 5016 ﬁlio
2407 4941 2608 4999 viduae.

314 5033 369 5090 6.
411 5033 494 5089 De
521 5034 604 5088 his
640 5035 736 5104 qui
757 5033 1021 5090 Joannem
1062 5032 1498 5103 interrogabant.
2020 5039 2108 5090 20.
2153 5033 2230 5089 De
2253 5033 2535 5104 discipulis
2574 5031 2752 5087 missis
2781 5048 2814 5086 a
2841 5031 3068 5087 Joanne.

311 5125 367 5179 7.
412 5122 493 5177 De
521 5123 906 5178 tenta-tionibus
949 5122 1096 5176 Jesu.
2020 5128 2116 5180 21.
2163 5125 2240 5178 De
2270 5141 2330 5178 ea
2356 5139 2470 5194 qua:
2499 5122 2666 5178 unxit
2699 5120 2991 5176 Dominum
3030 5123 3320 5191 unguento.

312 5215 363 5268 8.
400 5211 476 5266 De
505 5212 723 5267 habente
750 5212 1009 5283 spiritum
1031 5210 1435 5266 deemoniacum.
2020 5218 2107 5268 22.
2150 5212 2229 5267 De
2248 5211 2544 5267 seminante
2569 5209 2852 5282 parabola.

309 5304 363 5358 9.
404 5303 480 5357 De
499 5318 655 5357 socru
678 5302 851 5357 Petri.
2020 5306 2107 5358 23.
2152 5302 2227 5356 De
2249 5301 2619 5372 increpatione
2642 5299 2791 5354 venti
2817 5314 2884 5354 ac
2912 5296 3249 5371 tempestatis
3291 5295 3488 5354 maris.

313 5392 398 5448 10.
441 5391 518 5445 De
555 5393 816 5446 curatisa
848 5391 1030 5446 variis
1057 5389 1273 5444 morbis.
2019 5394 2107 5446 24.
2153 5389 2228 5444 De
2254 5389 2452 5459 legione
2477 5389 2801 5446 dwmonum.

315 5486 400 5536 11.
443 5479 520 5534 De
555 5488 786 5551 captura
813 5480 1066 5552 piscium.
2022 5484 2108 5534 25.
2155 5479 2232 5534 De
2249 5478 2372 5548 ﬁlia
2399 5477 2830 5549 archisynagogi.

314 5571 403 5624 12.
446 5569 521 5623 De
554 5569 776 5640 leproso.
2022 5573 2109 5623 26.
2154 5567 2232 5622 De
2265 5567 2489 5621 muliere
2515 5566 2788 5638 proﬂuvio
2821 5565 3105 5638 sanguinis
3145 5564 3442 5643 laborante.

321 5662 405 5715 13.
450 5657 525 5712 De
552 5659 884 5730 paralytico.
2022 5660 2110 5714 27.
2152 5658 2230 5711 De
2259 5657 2544 5711 emissione
2568 5655 2840 5712 duodecim
2868 5656 3247 5728 apostolorum.

320 5752 407 5806 14.
448 5748 524 5803 De
549 5747 684 5804 Levi
709 5747 1020 5828 publicano.
2024 5749 2112 5803 28.
2153 5747 2234 5801 De
2261 5746 2494 5818 quinque
2505 5745 2740 5818 panibus
2761 5752 2811 5804 et
2841 5745 3041 5805 duobus
3067 5745 3320 5818 piscibus.
