4188 6432
604 364 709 422 855
1934 353 2281 417 summu
2321 353 2648 412 ZIGABENI
3866 360 3958 420 εδδ

603 490 701 549 κθ’.
744 495 869 566 Περὶ
895 499 987 553 τῆς
1013 499 1111 544 τῶν
1150 491 1397 564 μαθητῶν
1424 488 1802 566 ἐπερωτήσεως.
1850 490 1962 562 (IX,
2012 487 2122 561 18.)
2151 489 2259 542 Μθ.
2296 486 2342 539 Α
2372 484 2483 558 μθ’.
2525 490 2645 561 Περὶ
2721 495 2820 539 τῶν
2880 487 3207 563 παραϐολῶν.
3287 486 3456 561 (XIII,
3529 487 3642 560 18.)
3708 490 3811 542 Μθ.
3875 487 3957 548 κδ.

780 580 882 651 λγ’.
914 587 1019 651 Mp.
1051 577 1156 634 κδ’.
2548 584 2655 651 Μρ.
2699 578 2764 633 θ’.

868 622 882 637 .
1007 624 1019 636 .
1142 619 1156 633 .
2550 601 2597 631 xu
2642 619 2655 632 .
2699 601 2726 630 σ
2752 620 2764 633 .

637 669 697 725 λ’.
739 601 865 744 [lxi
915 601 1529 744 1’τῗιῖῗςκείεταμ.ορφεὶισεει›ς
1580 675 1674 722 τοῦ
1726 668 1925 729 Ἰησοῦ.
1976 669 2087 740 (ΙΧ,
2144 666 2259 737 28.)
2404 663 2463 722 ν’.
2506 601 2632 741 [Ispr
2711 674 2795 720 τοῦ
2863 666 3308 742 ἐπερωτήσαντος,
3366 666 3412 721 εί
3464 665 3637 741 ὀλίγοι
3696 668 3745 720 oi
3809 669 3957 731 σωζό-

779 762 886 815 Μθ.
918 756 1018 814 λό.
1063 765 1168 831 Μρ.
1208 758 1298 816 κε’.
2050 843 2067 851 Α
2408 842 2423 851 ⁸

2545 775 2708 829 μενοι.
2735 756 2899 829 (XIII,
2931 758 3042 828 2'2.)
3323 843 3336 851 _
3571 841 3592 851 _
3852 843 3871 851 -

601 845 698 903 λα’.
738 853 865 923 Περὶ
896 854 989 901 τοῦ
1036 847 1489 919 σεληνιαζομένου.
1536 846 1645 917 (IX,
1675 847 1789 918 37.)
1839 848 1945 902 Μθ.
2002 843 2092 902 λε’.
2149 851 2257 918 Μρ.
2366 842 2464 897 νὰ’.
2506 850 2633 921 Περὶ
2700 855 2799 899 τῶν
2868 845 3110 900 εἰπόντων
3183 854 3257 918 τῷ
3320 843 3500 905 Ἰησοῦ
3558 841 3657 899 διὰ
3709 843 3949 922 Ἡρώδην.
4128 841 4129 899 ἰ

778 933 881 999 κζ’.

2545 933 2705 1007 (xm,
2732 935 2845 1007 δι.)

599 1023 705 1098 λβ.
745 1030 871 1100 Περὶ
899 1033 999 1078 τῶν
1040 1022 1503 1098 διαλογιζομένων,
1550 1028 1625 1085 τίς
1687 1027 1894 1097 μείζων.
1964 1024 2086 1097 (IX,
2364 1020 2467 1095 νβ’.
2508 1028 2633 1099 Περὶ
2670 1031 2763 1076 τοῦ
2793 1019 3118 1100 ὑδρωπικοῦ.
3148 1023 3311 1096 (XIV,
3348 1025 3422 1097 1.)

778 1118 883 1171 ΜΘ.
909 1113 1006 1179 λζ’.
1037 1121 1143 1188 Μρ.
1174 1112 1277 1170 κσ’.
2363 1110 2459 1185 η’.
2501 1115 2627 1187 [lupi
2679 1120 2772 1166 τοῦ
2823 1118 2895 1187 μὴ
2948 1110 3155 1186 ἀγαπᾷν
3196 1117 3286 1176 τὰς
3336 1114 3742 1189 πρωτοκλισίας.
3798 1115 3948 1185 (XIV,

600 1202 696 1277 λγ.
738 1209 863 1278 Περὶ
902 1211 995 1258 τοῦ
1030 1209 1102 1278 μὴ
1154 1203 1552 1278 ὶπιτρεπομένου
1593 1202 1910 1265 ἀκολουθεῖν.
1970 1202 2090 1276 (ΙΧ,
2142 1200 2255 1274 56.)
2542 1201 2622 1273 Ἰ.)
3407 1190 3415 1197 ’

784 1297 893 1352 Μθ,
933 1296 985 1352 ι’.
2365 1288 2466 1346 νδ’.
2510 1296 2635 1367 Περὶ
2686 1301 2784 1346 τῶν
2834 1291 3158 1367 καλουμένων
3235 1291 3284 1345 ἓν
3358 1300 3432 1365 τῷ
3509 1289 3724 1366 δείπνῳ.
3800 1293 3947 1367 (XIV,

597 1379 699 1439 λδ’.
741 1388 865 1459 [lupi
893 1392 993 1437 τῶν
1024 1380 1439 1456 ἁναδειχθίντων
1470 1380 1849 1457 ἕϐδομὴκοντα.
1887 1384 1971 1456 (X,
2010 1384 2079 1454 I.)
2547 1380 2661 1454 15.)
2690 1384 2797 1438 Μθ.
2824 1381 2922 1439 να’.

598 1471 683 1530 λε’.
726 1478 852 1547 Περὶ
888 1481 983 1527 τοῦ
1012 1472 1430 1549 ἐπερωτήσαντος
1458 1480 1696 1547 νομικοῦ.
1740 1474 1825 1545 (X,
1861 1474 1976 1544 25.)
2019 1476 2125 1529 ΜΘ.
2158 1470 2256 1529 νϐ’.
2366 1467 2448 1522 "'-
2514 1469 2789 1545 Παραϐολὴ
2830 1475 2949 1546 περὶ
2973 1466 3261 1546 οἰκοδομῆς
3283 1473 3509 1548 πύργου.
3553 1472 3702 1545 (XIV.
3741 1474 3849 1543 28.)

779 1569 887 1638 Μρ.
918 1560 1012 1618 λθ’.
2365 1559 2433 1611 να

2365 1556 2461 1613 νσ’.
2504 1563 2630 1634 Περὶ
2667 1569 2767 1613 τῶν
2797 1559 2978 1614 ἑκατόν
3016 1559 3287 1633 προϐάτων
3313 1560 3606 1635 παραϐολή.
3636 1561 3767 1635 (XV,
3803 1562 3877 1634 3.)

597 1650 696 1710 λσ’.
738 1656 865 1728 Περὶ
894 1660 984 1705 τοῦ
1012 1651 1326 1726 ἕμπεσόντος
1370 1651 1442 1713 εἰς
1471 1655 1590 1715 τοὺς
1621 1650 1841 1725 λῃστάς.
1875 1652 1961 1724 (x,
1997 1651 2116 1724 30.)
2366 1645 2461 1709 νζ.
2506 1653 2631 1721 Περὶ
2685 1657 2779 1702 τοῦ
2857 1646 3298 1724 ἀποδημήσαντος
3356 1650 3429 1713 εἰς
3490 1657 3667 1727 χώραν
3724 1653 3937 1726 μακράν.

597 1738 699 1805 λζ’.
740 1746 868 1815 Περὶ
892 1743 1112 1817 Μάρθας
1140 1746 1231 1795 καὶ
1266 1742 1493 1815 Μαρίας.
1526 1741 1613 1814 (X,
1640 1740 1759 1812 38.)

1176 1746 1231 1795 ai
1266 1742 1493 1815 Μαρίας.
1526 1741 1613 1814 (x,
1640 1740 1759 1812 38.)
2542 1737 2681 1807 (xv,
2716 1739 2829 1810 I2.)

597 1830 695 1890 λη’.
739 1836 863 1905 Περὶ
892 1840 1220 1906 προσευχῆς.
1254 1832 1359 1903 (XI,
1399 1831 1473 1902 1.)
2284 1838 2329 1895 Β
2362 1824 2462 1886 νη’.
2505 1832 2630 1901 Περὶ
2659 1835 2750 1880 τοῦ
2779 1827 3051 1901 οἰκονόμου
3088 1836 3184 1891 τῆς
3211 1825 3437 1890 ἀδικίας.
3476 1829 3625 1900 (XVI,
3653 1827 3727 1900 1.)

598 1919 693 1976 ).θ’.
734 1925 859 1996 [lupi
886 1928 980 1974 τοῦ
1023 1922 1233 1993 ἔχοντος
1284 1916 1554 1994 δαιμόνιον
1596 1923 1786 1992 κωφόν.
1833 1922 1940 1990 (XI,
1997 1923 2107 1988 14.)
2145 1923 2251 1975 Μθ.
2362 1915 2458 1970 νο’.
2500 1921 2626 1993 Περὶ
2655 1926 2747 1969 τοῦ
2774 1916 3025 1970 πλουσίου
3054 1922 3256 1971 καὶτοῦ
3292 1919 3551 1990 Λαζάρου.
3582 1918 3724 1990 (XVI,
3756 1916 3857 1988 19.)

774 2006 886 2082 κβ.
2399 2004 2459 2070 ξ’.
2502 2011 2627 2080 Περὶ
2662 2015 2757 2060 τῶν
2786 2003 2916 2061 δέκα
2943 2006 3157 2079 λεπρῶν.
3188 2007 3369 2075 (XVII,
3409 2009 3516 2075 II.)

632 2096 704 2171 μ’.
746 2102 871 2172 [lupi
922 2104 1013 2159 τῆς
1068 2096 1126 2150 in
1180 2105 1275 2151 τοῦ
1335 2096 1501 2171 ὄχλου
1560 2096 1820 2170 ἕπορείσης
1875 2103 2066 2171 φωνην.
2142 2101 2252 2169 (XI,
2365 2094 2459 2159 ξεί.
2503 2101 2628 2169 Περὶ
2656 2104 2747 2149 τοῦ
2770 2104 2952 2173 κριτοῦ
2980 2105 3075 2160 τῆς
3104 2093 3334 2159 ἀδικίας.
3369 2096 3574 2169 (XVIII,
3609 2097 3677 2168 I.)

772 2187 891 2259 27.)
2364 2183 2426 2258 εβ

2364 2183 2466 2258 ξβ’.
2509 2190 2634 2260 [lupi
2679 2194 2772 2239 τοῦ
2833 2190 3121 2261 Φαρισαίου
3178 2190 3269 2240 καὶ
3325 2193 3422 2239 τοῦ
3465 2185 3696 2240 τελώνου.
3744 2184 3936 2255 (XVIII,

595 2275 703 2349 μα’.
740 2279 867 2351 Περὶ
893 2282 995 2329 τῶν
1033 2275 1313 2331 αἰτούντων
1337 2283 1571 2351 σημεῖον.
1605 2276 1711 2349 (XI,
1738 2278 1853 2346 29.)
1884 2278 1989 2332 Μθ.
2018 2275 2119 2350 κγ’.

968 2296 995 2329 ν
1033 2275 1313 2331 αἰτούντων
1337 2283 1571 2351 σημεῖον.
1605 2276 1711 2349 (XI,
1738 2278 1853 2346 29.)
1884 2278 1989 2332 Μθ.
2018 2275 2119 2350 κγ’.
2542 2277 2620 2347 9.)

595 2363 713 2440 μβ’.
757 2370 884 2440 Περὶ
915 2373 1009 2419 τοῦ
1046 2371 1334 2443 Φαρισαίου
1395 2374 1487 2420 τοῦ
1543 2365 1851 2428 καλέσαντος
1888 2369 1976 2420 τόν
2025 2366 2251 2426 Ἰησοῦν.
2365 2362 2464 2438 ἔν’.
2508 2370 2632 2437 [lupi
2669 2372 2760 2418 τοῦ
2811 2363 3235 2439 ἕπερωτησαντος
3290 2364 3547 2419 πλουσίου
3602 2368 3687 2420 τὸν
3731 2364 3941 2424 Ἰησοῦν.

776 2456 886 2526 (x1,
929 2456 1044 2526 37.)
1180 2504 1187 2511 .

2541 2454 2750 2527 (xvm,
2788 2454 2900 2526 18.)
2927 2456 3031 2510 me.
3064 2454 3176 2529 μα’.
3208 2461 3314 2529 Μρ.
3336 2454 3436 2509 κθ’.

595 2541 699 2617 μέγ’.
742 2549 869 2620 Περὶ
907 2551 996 2598 τοῦ
1042 2543 1365 2627 ταλανισμοῦ
1408 2553 1508 2598 τῶν
1538 2553 1780 2618 νομικῶν.
1837 2545 1947 2613 (XI,
1995 2547 2113 2618 46.)
2145 2548 2249 2604 Μθ.

2364 2538 2465 2607 ξδ’.
2510 2548 2635 2618 Περὶ
2676 2551 2767 2597 τοῦ
2817 2543 3031 2617 τυφλοῦ.
3090 2544 3305 2617 (XVIII,
3363 2546 3477 2612 35.)
3532 2546 3637 2600 M0.
3692 2539 3802 2617 μδ’.
3848 2550 3942 2620 Mp.

777 2634 883 2689 νσ’.
2540 2631 2617 2687 λα’

595 2719 705 2797 μδ’.
746 2728 869 2797 [lupi
904 2730 1000 2786 τῆς
1030 2723 1200 2796 ζύμης
1230 2730 1330 2775 τῶν
1361 2727 1679 2797 Φαρισαίων.
1728 2723 1862 2795 (XII,
1903 2725 1975 2796 I.)
2010 2726 2113 2781 M0.
2144 2725 2249 2800 ).β’.

1728 2723 1862 2795 (xu,
1903 2725 1975 2796 ι.)
2010 2726 2113 2781 κο.
2144 2725 2251 2800 ).β’.
2363 2721 2450 2786 ξε’.
2494 2729 2618 2800 Περὶ
2648 2730 2741 2777 τοῦ
2769 2727 3064 2797 Ζακχαίου.
3105 2723 3259 2795 (χιχ,
3306 2723 3378 2791 ι.)

652 2860 662 2871 .
772 2819 879 2887 Μρ.
910 2809 1018 2884 κβ.
2363 2811 2460 2875 Ea".
2496 2818 2622 2887 [lupi
2677 2822 2770 2868 τοῦ
2833 2815 3169 2887 πορευθέντος
3222 2809 3394 2867 λαϐεῖν
3447 2812 3613 2883 ἑαυτῷ
3675 2811 3948 2887 βασιλείαν.

597 2900 692 2974 με’.
734 2906 860 2974 Περὶ
897 2908 990 2953 τοῦ
1022 2900 1334 2964 θελήσαντος
1380 2903 1703 2977 μερίσασθαι
1753 2907 1847 2963 τὴν
1877 2903 2082 2960 οὐσίαν.
2114 2906 2249 2973 (XII,

1184 2920 1334 2964 αντος
1380 2903 1703 2977 μερίσασθαι
1753 2907 1847 2963 τὴν
1877 2903 2082 2960 οὐσίαν.
2114 2906 2249 2973 (XII,
2540 2905 2693 2973 (XIX,
2730 2902 2838 2971 I2.)

646 3036 663 3051 .
781 2991 891 3062 13.)

2363 2988 2459 3053 εξ.
2502 2997 2627 3067 Περὶ
2655 3001 2752 3044 τῶν
2780 2991 3037 3044 λαϐόντων
3068 2994 3161 3053 τὰς
3191 2987 3323 3045 δέκα
3351 2996 3503 3062 μνᾶς.
3530 2992 3690 3063 (XIX,
3723 2991 3834 3063 13.)

597 3079 705 3146 μσ’.
747 3085 873 3154 Περὶ
896 3086 1007 3148 τοῦ,
1055 3079 1116 3133 οὗ
1156 3079 1435 3155 εὐφόρησεν
1475 3084 1507 3141 ἠ
1554 3087 1730 3157 χώρα,
1771 3083 2049 3143 πλουσίου.
2109 3086 2250 3159 (XII,

2363 3079 2462 3142 511'.
2508 3086 2631 3152 [lupi
2688 3089 2779 3133 τοῦ
2850 3080 3042 3136 πώλου.
3120 3081 3278 3153 (XIX,
3336 3081 3450 3153 29.)
3515 3083 3623 3137 Μθ.
3700 3080 3797 3155 μί’.
3852 3087 3941 3154 Μρ.

784 3170 896 3242 ιο.)
2282 3194 2325 3243 α

2282 3194 2325 3243 η
2538 3168 2639 3243 λβ’.
2670 3174 2753 3226 Im.
2789 3165 2878 3224 ιδ’.

598 3256 707 3331 με.
751 3194 1007 3333 Ιίεέἵτῶν
1039 3257 1321 3315 Γαλιλαίων
1349 3262 1440 3314 καὶ
1481 3268 1581 3313 τῶν
1626 3259 1676 3314 iv
1712 3268 1784 3333 τῷ
1834 3263 2059 3337 Σιλωάμ.
2094 3265 2250 3335 (XIII,
2282 3194 2325 3252 C
2363 3256 2460 3323 ἔθ’.
2503 3194 2639 3332 uti).
2670 3194 2837 3311 ’ἔλθω
2863 3207 3299 3334 ὶπσρωτησάντων
3364 3261 3451 3312 τὸν
3537 3262 3734 3335 Κύριον
3811 3258 3954 3333 ἀρχι-

780 3348 857 3420 1.)
2541 3352 2690 3423 ερίων
2760 3352 2848 3401 καὶ
2916 3352 3285 3422 Γραμματίων.
3336 3349 3468 3421 (XX,
3547 3349 3625 3422 1.)
3694 3351 3798 3405 ΜΘ.
3852 3346 3952 3422 ια’.

596 3434 705 3513 (.m'.
747 3442 874 3513 [lupi
946 3444 1038 3499 τῆς
1111 3436 1345 3511 ίχοῦσης
1426 3446 1630 3513 πνεῦμα
1726 3439 2013 3505 ἀσθενείας.
2088 3442 2251 3513 (XIII,
2540 3443 2646 3510 Μρ.
2677 3435 2763 3494 λε’.

780 3526 893 3599 10.)

667 3797 757 3854 29.
800 3796 877 3852 De
913 3794 1343 3865 interrogatione
1372 3794 1590 3850 Domini
1619 3796 1697 3852 ad
1722 3795 2033 3868 discipulos.
2589 3809 2727 3868 sent,
2758 3803 2856 3875 qui
2880 3803 3107 3859 salutem
3134 3811 3605 3876 consequerentur.

666 3886 756 3941 30.
799 3885 879 3940 De
907 3883 1388 3956 ιναηδβθαναιιόηο
1405 3883 1554 3940 «rem.
2432 3897 2488 3951 5|
2506 3932 2519 3947 .
2560 3893 2638 3950 De
2658 3892 2745 3948 his
2763 3893 2860 3965 qui
2870 3892 3196 3961 suadebant,
3213 3900 3274 3949 ut
3285 3893 3783 3966 secederetpropter
3797 3892 3962 3948 Hero-

666 3973 730 4030 31
744 4015 759 4032 .
799 3975 884 4029 De
911 3972 1168 4028 lunatico.
2568 3982 2707 4040 dm

666 4062 757 4118 32.
798 4061 876 4117 De
893 4060 1315 4133 disputantibus,
1347 4062 1467 4133 quis
1486 4068 1613 4117 esset
1633 4065 1828 4135 major.
2425 4072 2517 4125 52.
2559 4071 2637 4127 De
2673 4070 2977 4142 hydropico.

668 4155 756 4209 33.
799 4149 877 4207 De
906 4168 963 4206 eo
977 4150 1069 4206 cui
1104 4167 1210 4205 non
1244 4152 1501 4222 permisit
1520 4159 1580 4207 ut
1597 4161 1926 4225 sequeretur.
2429 4165 2515 4218 53.
2547 4163 2626 4217 De
2643 4178 2751 4215 non
2776 4160 3030 4216 amandis
3054 4159 3252 4232 primis
3278 4159 3634 4217 accubitibus.

667 4243 755 4300 34.
798 4242 879 4297 De
901 4240 1196 4313 designatis
1218 4242 1568 4311 septuaginta
1597 4243 1881 4313 apostolis.
2430 4250 2517 4305 54.
2554 4252 2632 4305 De
2654 4250 2907 4305 invitatis
2929 4249 2999 4304 ad
3024 4265 3249 4306 trenam.

667 4332 756 4388 35.
799 4331 876 4386 De
895 4337 1130 4386 tentante
1156 4329 1482 4402 legisperito.
2430 4344 2515 4395 55.
2558 4341 2637 4394 De
2663 4339 3025 4411 adiﬁcatione
3048 4340 3228 4394 turris
3249 4338 3531 4411 parabola.

665 4418 754 4476 36.
797 4419 875 4474 De
913 4435 970 4474 eo
1001 4420 1098 4490 qui
1122 4417 1392 4473 inciderat
1414 4418 1473 4474 in
1503 4417 1759 4476 latrones.
2431 4426 2515 4483 56.
2560 4427 2638 4482 De
2660 4435 2869 4482 centum
2892 4427 3080 4482 ovibus
3116 4425 3396 4498 parabola.

666 4508 755 4563 37.
798 4507 877 4564 De
902 4508 1125 4566 Martha
1153 4513 1202 4562 et
1240 4507 1450 4563 Maria.
2282 4534 2320 4589 Π

2306 4534 2328 4588 )
2431 4521 2520 4574 57.
2560 4516 2637 4572 De
2661 4515 2865 4571 duobus
2884 4516 3036 4587 ﬁliis,
3054 4532 3282 4587 quorum
3294 4517 3493 4587 junior
3505 4516 3792 4574 luxuriose
3805 4517 3960 4573 vixit.

666 4596 755 4653 38.
795 4598 876 4652 De
903 4596 1146 4651 oratione
1160 4640 1172 4653 .

2430 4609 2517 4662 58.
2561 4612 2635 4663 Ds
2657 4606 3025 4678 dispensatore
3055 4606 3260 4677 iniquo.

665 4687 755 4741 39.
798 4683 868 4739 De
889 4683 1050 4752 ejecta
1071 4683 1345 4739 daemonio
1372 4689 1538 4739 muto.
2427 4695 2515 4752 59.
2558 4696 2635 4752 Dc
2671 4695 2839 4752 diu“,
2862 4702 2915 4751 ,ι
2943 4698 3175 4751 Lazaro.

664 4774 753 4829 4ο.
794 4771 878 4827 De
898 4771 1145 4835 muliere,
1173 4787 1293 4843 quae
1310 4771 1373 4827 de
1412 4773 1575 4829 turba
1597 4789 1771 4830 vocem
1797 4776 2025 4834 extulit.
2427 4786 2517 4840 60.
2558 4788 2635 4841 De
2661 4785 2836 4841 decem
2869 4784 3115 4856 leprosis.

665 4863 757 4919 41.
795 4861 879 4915 De
909 4860 995 4914 his
1018 4860 1113 4931 qui
1138 4859 1349 4931 signum
1378 4862 1650 4932 petebant.
2426 4876 2515 4929 6I.
2560 4874 2641 4930 De
2652 4874 2848 4943 judice
2876 4876 3082 4947 iniquo.

662 4950 753 5008 42.
794 4950 873 5004 De
912 4948 1190 5005 Phariszo
1212 4950 1309 5021 qui
1343 4951 1635 5007 Dominum
1660 4951 1948 5011 invitavit.

1730 4954 1948 5011 vitavit.
2427 4968 2516 5022 6'2.
2558 4965 2637 5020 De
2665 4964 2952 5020 Pharist
2980 4971 3029 5018 et
3066 4962 3384 5019 Publicano.

660 5038 751 5095 43.
795 5037 865 5093 De
892 5035 1260 5108 deploratione
1294 5038 1744 5111 legisperitorum.

2426 5052 2512 5110 63.
2555 5051 2634 5108 De
2664 5052 2858 5120 divite,
2890 5052 2989 5125 qui
3018 5052 3308 5109 Dominum
3333 5052 3721 5125 interrogavit.

663 5128 757 5186 44.
804 5128 888 5183 De
923 5127 1189 5201 fermento
1230 5127 1680 5187 Pharisaeorum.

1159 5144 1189 5183 ο
1230 5127 1680 5187 Pharisaeorum.
2427 5146 2515 5200 64.
2556 5142 2633 5198 De
2652 5157 2812 5199 amco.

660 5220 756 5274 45.
802 5218 874 5273 De
902 5233 959 5273 eo
972 5217 1069 5289 qui
1091 5216 1301 5274 volebat
1329 5216 1572 5273 dividere
1592 5218 1987 5282 hereditatem.

1286 5221 1301 5271 t
1329 5216 1572 5273 dividere
1592 5218 1987 5282 hareditatem.
2424 5231 2514 5288 65.
2556 5231 2635 5287 De
2663 5232 2940 5288 Zacchteo.

659 5306 748 5365 46.
787 5308 867 5364 ΠΒ
890 5304 1062 5362 divite
1093 5305 1247 5377 cui“
1268 5322 1398 5377 σθεν
1426 5308 1593 5377 ferax
1618 5308 1745 5377 [υίισ
2426 5324 2514 5378 66.
2559 5321 2638 5377 De
2666 5321 2876 5376 homine
2923 5320 3020 5393 qui
3041 5319 3320 5394 profectus
3355 5325 3453 5387 est.
3482 5327 3543 5377 ut
3570 5321 3836 5393 acciperet
3860 5320 3966 5377 sibi

657 5399 748 5454 47.
788 5398 860 5453 De
881 5394 1131 5451 Galilzis
1158 5400 1208 5449 et
1238 5394 1309 5448 iis
1331 5394 1428 5466 qui
1465 5395 1523 5449 in
1562 5394 1728 5463 Sitoe,
1760 5403 1868 5455 etc.
2086 5434 2095 5441 ο
2570 5426 2817 5482 regnum,

658 5489 746 5544 48.
790 5485 875 5541 De
890 5484 1123 5540 muliere
1152 5489 1434 5539 contracta
1473 5485 1738 5557 spiritum
1782 5488 2128 5562 inﬁrmitatis
2155 5495 2245 5550 ha-
2426 5500 2513 5556 67.
2556 5499 2634 5555 De
2665 5499 2747 5553 his
2783 5500 2882 5571 qui
2916 5498 3091 5554 decem
3120 5499 3296 5554 minas
3331 5505 3669 5571 acceperunt.

801 5574 973 5633 bente.
1036 5658 1048 5660 4
2425 5592 2455 5645 δ

2425 5590 2512 5645 68.
2554 5590 2633 5645 De
2652 5588 2820 5660 pullo.

659 5663 749 5752 49.
791 5661 869 5752 ρο
878 5658 1188 5752 parabolis.
1252 5751 1256 5752 ν
1441 5749 1448 5752 Α

2424 5677 2511 5735 69.
2554 5676 2632 5732 De
2648 5658 3018 5734 sacerdotibus
3033 5684 3082 5733 et
3098 5676 3295 5733 scribis
3311 5693 3373 5733 ac
3390 5675 3712 5744 senioribus,
3732 5678 3834 5752 qui
3852 5678 3960 5734 Do-

661 5751 746 5810 50.
788 5749 872 5808 De
893 5750 1071 5824 ecqui
1095 5751 1389 5809 Dominum
1428 5749 1824 5827 interrogabat,
1865 5773 1940 5813 an
1958 5762 2137 5833 pauci
2164 5778 2239 5818 es-
2562 5766 2771 5822 minum
2799 5765 3239 5840 interrogabant.
