4188 6424
625 341 730 397 859

697 467 858 522 Vers.
892 469 944 520 2.
967 464 1127 521 Sicut
1156 495 1224 505 —
1244 463 1415 522 verbi.
1446 466 1492 519 A
1523 461 1817 536 principio
1849 459 2274 517 miraculorum
2305 455 2348 510 A

627 561 679 613 et
705 556 1080 625 dogmatum.
1141 554 1256 609 Hoc
1292 560 1492 610 autem
1523 553 1788 608 scribens
1812 550 2083 614 ostendit,
2112 547 2276 620 quod

625 646 745 718 ipse
770 645 879 700 illis
930 645 1222 716 posterior
1251 644 1323 700 ad
1374 645 1577 715 ipsum
1609 642 1985 698 accessisset:
2020 639 2275 710 ideoque

623 735 752 791 haec
784 733 862 789 ab
879 732 989 789 illis
1013 733 1321 798 didicerat,
1346 733 1449 805 qui
1476 747 1707 804 semper
1728 747 1865 786 cum
1898 729 2129 784 Christo
2155 727 2278 782 fue-

623 827 780 889 rant,
811 837 881 877 ac
906 822 1144 891 singula
1169 822 1514 878 viderantet
1538 820 1886 890 audierant;
1919 817 2058 873 dicit
2075 822 2276 873 autem

625 927 728 967 eos
757 911 1103 983 discipulos,
1131 911 1234 983 qui
1264 928 1295 967 e
1327 910 1701 967 duodenario
1749 910 1981 966 fuerunt
2001 921 2273 964 numero.

625 1001 886 1056 Verbum
957 1016 1094 1056 vero
1121 1001 1393 1070 intelligit
1452 1000 1550 1056 hic
1592 999 1905 1064 Christum,
1960 998 2058 1068 qui
2089 995 2278 1052 abhis

625 1106 731 1162 per
756 1089 1234 1146 incarnationem
1265 1106 1334 1146 ac
1361 1089 1795 1145 humanitatem
1842 1089 2000 1144 visus
2038 1092 2142 1143 est.
2171 1085 2278 1141 Mi-

625 1180 846 1235 nistros
870 1195 1113 1252 quoque
1138 1180 1244 1234 hos
1268 1179 1621 1244 nominavit,
1657 1183 1857 1251 utpote
1903 1177 2204 1234 auditores
2223 1180 2280 1231 et

626 1269 703 1325 ad
729 1269 870 1324 fidei
901 1268 1380 1341 praedicationem
1405 1269 1676 1325 emissos.

698 1358 860 1413 Vers.
913 1362 964 1413 3.
1008 1357 1189 1414 Visum
1234 1365 1309 1413 est
1339 1391 1405 1400 ——
1461 1360 1770 1430 TheOplu'le.
1798 1357 2103 1415 Asseculin
2163 1356 2279 1409 hoc

623 1461 755 1519 loco
774 1463 875 1519 pro
901 1447 1240 1518 cognitione
1273 1450 1571 1505 sumenda
1597 1456 1708 1506 est.
1759 1452 1982 1505 Cuncta
2012 1449 2282 1501 videlicet

627 1551 810 1608 opera
842 1536 1165 1592 Salvatoris
1197 1553 1265 1593 ac
1292 1556 1619 1596 sermones.
1681 1540 1824 1594 Dicit
1869 1554 2009 1610 ergo
2041 1555 2056 1592 :
2099 1537 2280 1592 Visum

626 1631 778 1680 estet
830 1626 984 1692 mihi,
1015 1626 1128 1681 hoc
1182 1636 1286 1691 est,
1315 1631 1563 1700 Equum
1634 1628 1910 1700 apparuit
1958 1627 2115 1690 mihi,
2179 1624 2279 1696 qui

627 1720 842 1769 cuncta
889 1731 925 1770 a
965 1715 1253 1786 principio
1284 1723 1560 1773 accurate
1598 1718 1870 1790 cognovi,
1919 1716 2121 1771 ordine
2174 1714 2275 1769 tibi

626 1803 901 1859 scribere.
934 1804 1153 1860 Deinde
1178 1807 1355 1862 etiam
1390 1806 1690 1862 scribendi
1718 1824 1968 1863 causam
2011 1806 2200 1863 addit.

696 2034 738 2102 -ξ-
779 2033 881 2088 Hic
912 2033 1185 2088 senatorii
1217 2040 1344 2090 erat
1363 2035 1607 2102 ordinis,
1639 2043 1693 2094 et
1745 2037 2011 2097 fortassis
2071 2045 2274 2115 prtere-

626 2126 773 2178 ctus.
802 2123 1031 2178 Strenui
1062 2123 1218 2178 enim
1243 2140 1462 2182 nomen
1489 2126 1567 2181 ad
1595 2129 1880 2198 praesides
1898 2148 1967 2187 ac
1995 2134 2275 2204 primates

625 2212 966 2270 dicebatur:
998 2213 1152 2268 sicut
1173 2219 1228 2268 et
1245 2213 1463 2268 Paulus
1484 2215 1564 2271 ait
1588 2217 1660 2272 ad
1681 2221 1990 2290 praesidem
2009 2226 2271 2280 Festum:

625 2303 855 2358 Strenue
880 2302 1029 2356 Feste
1047 2305 1086 2356 ί.
1107 2301 1311 2358 Omnis
1334 2305 1510 2359 etiam
1533 2305 1738 2373 homo,
1768 2311 1864 2381 qui
1883 2312 2066 2367 Deum
2090 2321 2271 2382 amat,

627 2397 869 2464 sumpta
891 2393 1177 2447 adversus
1208 2392 1545 2448 affectiones
1562 2394 1920 2463 fortitudine,
1947 2400 2059 2456 dici
2077 2409 2272 2473 potest

625 2487 900 2537 strenuus
947 2482 1302 2554 Theophilus
1364 2499 1434 2539 ac
1499 2485 1736 2557 dignus,
1792 2489 1895 2560 qui
1943 2491 2270 2552 doctrinam

624 2570 830 2627 audiat
849 2570 1248 2638 evangelicam
1266 2613 1278 2626 .

697 2660 856 2714 Vers.
885 2663 936 2714 4.
989 2662 1057 2715 Ut
1080 2691 1147 2700 —
1172 2662 1581 2719 certitudinem.
1615 2667 1682 2720 Ut
1711 2680 2070 2736 agnoscens,
2105 2673 2274 2729 vehe-

625 2750 884 2802 mentius
913 2763 1255 2804 sermonum
1295 2749 1434 2806 ﬁdei
1466 2753 1813 2809 certitudine
1853 2759 2094 2829 rapiaris
2126 2762 2268 2835 (bb);

623 2836 696 2891 de
752 2836 973 2907 quibus
999 2836 1264 2892 imbutus
1288 2839 1504 2906 fueras,
1535 2842 1675 2910 sive,
1697 2846 1766 2900 de
1787 2848 2000 2917 quibus
2030 2852 2272 2908 edoctus

623 2941 706 2992 es,
739 2932 888 2980 nete
916 2925 1079 2980 fallat
1128 2928 1409 2997 narratio,
1457 2947 1642 3002 quam
1675 2937 1842 2994 multi
1899 2944 2275 3000 tentaverunt

621 3020 895 3078 retexere,
934 3015 1083 3069 sicut
1107 3019 1374 3088 superius
1393 3020 1762 3080 declaratum
1799 3033 1900 3083 est.

695 3106 852 3194 Vers.
884 3105 938 3158 5.
967 3105 1101 3159 Fuit
1127 3137 1194 3145 —
1219 3107 1540 3165 Zacharias.
1569 3114 1796 3171 Patrem
1824 3117 2270 3194 dicitBaptistae.

622 3193 885 3250 Primum
905 3199 1103 3250 autem
1127 3196 1488 3256 admiranda
1501 3204 1765 3273 exponit,
1787 3223 1922 3278 quae
1945 3193 2102 3266 circa
2128 3214 2276 3267 Prae-

623 3283 882 3338 cursoris
935 3291 1291 3356 conceptum
1349 3303 1419 3344 ac
1487 3293 1852 3351 nativitatem
1913 3299 2272 3367 acciderunt,

622 3371 1058 3438 demonstrans,
1099 3376 1264 3446 quod
1292 3378 1489 3435 statim
1521 3380 1592 3436 ab
1625 3385 1869 3442 exordio
1905 3388 2032 3444 vita;
2055 3390 2276 3460 dignus

622 3467 768 3528 erat,
803 3461 906 3535 qui
937 3462 1230 3521 Christum
1259 3469 1656 3539 annuntiaret,
1677 3474 2009 3548 populoque
2030 3478 2277 3536 demon-

622 3554 853 3608 straret.

693 3639 846 3704 Quia
877 3655 1018 3698 vero
1044 3657 1116 3698 ea
1154 3650 1500 3701 narraturus
1542 3658 1633 3704 est
1675 3666 1805 3722 qua
1828 3654 1989 3726 apud
2036 3657 2277 3714 Juda'os

623 3728 1018 3797 contigerunt,
1047 3731 1254 3787 merito
1283 3749 1526 3807 quoque
1556 3740 1724 3808 ponit
1753 3756 1876 3812 prae
1906 3744 2093 3800 oculis
2134 3754 2277 3804 tem-

624 3831 738 3887 pus
767 3817 1009 3872 Herodis
1038 3819 1216 3888 regis,
1251 3826 1312 3877 ut
1343 3828 1398 3878 et
1429 3829 1664 3898 tempus
1693 3828 1926 3887 illarum
1956 3849 2154 3892 rerum
2171 3836 2276 3895 ﬁat

623 3904 1036 3999 manifestum.
1064 3909 1361 3999 fierodem
1404 3919 1604 3971 autem
1644 3915 1916 3990 intelligit
1956 3938 2117 3988 eum,
2172 3929 2276 3999 qui

624 3991 883 4049 infantes
915 3995 1149 4086 occidit,
1189 4005 1420 4070 patrem
1468 4002 1622 4060 illius
1679 4007 1944 4078 Herodis,
1973 4017 2076 4086 qui
2135 3991 2273 4074 Prae-

625 4098 930 4140 cursorem
965 4084 1277 4144 interemit.

694 4181 858 4237 Vers.
891 4187 940 4238 5.
968 4186 1060 4240 Ea:
1087 4187 1198 4242 vice
1225 4189 1392 4246 Abiu.
1419 4192 1615 4251 Vicem
1640 4198 2022 4270 appellabant
2049 4204 2274 4264 hebdo-

624 4270 962 4330 madarium
993 4276 1406 4336 ministerium.
1441 4285 1602 4340 Tunc
1638 4287 1930 4360 siquidem
1958 4292 2079 4350 duo
2110 4301 2278 4354 erant

624 4361 829 4434 templi
869 4365 1209 4423 sacerdotes
1265 4370 1378 4426 sibi
1423 4381 1631 4430 mutuo
1682 4381 2088 4440 succedentes.
2131 4387 2277 4443 Abia

623 4450 894 4509 videlicet
925 4459 982 4509 et
1039 4455 1376 4515 Barachias.
1440 4464 1520 4517 Ex
1546 4466 1671 4521 vice
1721 4468 1901 4538 igitur
1929 4471 2095 4540 Abia,
2128 4476 2272 4542 sive,

623 4545 757 4611 post
787 4541 973 4597 vicem
1004 4545 1170 4611 Abia,
1205 4546 1265 4602 id
1305 4554 1412 4615 est,
1437 4555 1759 4611 succedens
1792 4557 1901 4629 ipsi
1933 4562 2103 4619 Abia.

696 4630 856 4685 Vers.
885 4632 936 4685 5.
971 4633 1050 4687 Et
1079 4665 1146 4675 -—
1177 4639 1375 4692 Aaron.
1414 4642 1452 4693 E
1493 4646 1745 4713 posteris
1774 4648 1989 4705 Aaron.
2026 4653 2277 4710 Demon-

626 4718 832 4774 stravit
857 4734 1019 4788 ergo,
1035 4725 1199 4794 quod
1218 4725 1596 4788 Praecursora
1609 4737 1957 4794 sacerdotali
1972 4740 2279 4801 descendit

625 4804 802 4870 tribu,
830 4821 950 4862 non
989 4813 1323 4870 secundum
1363 4824 1593 4887 patrem
1645 4829 1898 4892 tantum,
1932 4829 2034 4884 sed
2099 4833 2276 4890 etiam

627 4894 960 4952 secundum
992 4906 1281 4960 matrem:
1309 4910 1368 4962 et
1398 4910 1671 4983 utrinque
1702 4918 2080 4976 sacerdotalis
2119 4928 2268 4983 erat.

689 4993 706 5029 ¹
734 4993 859 5050 Act.
890 5011 1050 5064 xxvi,
1079 5001 1166 5056 25.

2306 4521 2353 4577 D

1942 331 2290 391 EUTHYMII
2333 329 2660 386 ZlGABENI
3892 314 3981 372 860

2461 455 2643 516 Καθὼς
2699 484 2766 492 —
2815 452 2991 523 λόγου.
3049 449 3166 501 Ἀπ’
3204 446 3383 521 ἀρχῆς
3433 452 3532 497 τῶν
3587 443 3863 515 θαυμάτων
3901 444 3978 490 καὶ

2387 553 2484 594 τῶν
2518 540 2815 616 δογμάτων.
2865 548 3027 593 Τοῦτο
3075 535 3133 590 δὲ
3183 536 3411 609 γράψας,
3469 530 3663 596 ἔδειξεν
3719 533 3793 585 ὅτι
3835 529 3976 590 αὐτὸς

2386 634 2593 707 ὕστερος
2620 632 2817 684 ἐκείνων
2871 629 3144 702 ἐφοίτησεν
3194 625 3335 695 αὐτῷ
3385 642 3396 653 ⁸
3447 620 3534 676 διὸ
3589 627 3682 675 καὶ
3735 620 3851 694 παρ’
3898 618 3979 669 αὖ·

2384 731 2484 774 τῶν
2515 723 2670 794 ἔμαθε
2709 728 2895 785 ταῦτα,
2945 715 3037 771 διὰ
3089 719 3280 776 παντὸς
3333 718 3587 766 συνόντων
3629 720 3701 782 τῷ
3753 716 3973 782 Χριστῷ,

2385 825 2474 872 καὶ
2522 821 2752 894 ὁρώντων
2801 822 2890 870 καὶ
2930 815 3218 868 ἀκουόντων
3277 814 3474 865 ἕκαστα
3518 853 3529 864 .
3579 812 3714 881 λέγει
3768 804 3825 860 δὲ
3871 809 3976 865 τοὺς

2386 919 2476 969 τῆς
2527 905 2835 969 δωδεκάδος
2863 915 2961 958 τῶν
3007 907 3274 978 μαθητῶν.
3335 907 3502 973 Λόγον
3536 896 3596 952 δε
3645 902 3730 951 τόν
3761 899 3974 969 Χριστὸν

2387 997 2607 1051 ἐνταῦθα
2652 1017 2828 1070 φησιν,
2885 997 3136 1069 ὁραθέντα
3189 994 3386 1052 τούτοις
3467 987 3562 1042 διὰ
3602 997 3692 1049 τῆς
3743 986 3974 1059 ἐνανθρω-

2387 1095 2456 1148 πή
2469 1108 2597 1150 σεως
2630 1110 2642 1121 ·
2678 1090 2937 1163 ὑπηρέτας
2969 1083 3027 1138 δέ
3053 1087 3265 1143 τούτους
3295 1082 3584 1153 ὠνόμασεν,
3611 1080 3680 1141 ὠς
3709 1080 3970 1139 ὑπηκόους,

2387 1184 2478 1230 καὶ
2535 1182 2600 1239 ὡς
2660 1175 3046 1237 ἀποσταλέντας
3125 1173 3190 1233 εἰς
3265 1175 3322 1223 τό
3385 1176 3633 1246 κήρυγμα
3699 1176 3792 1229 τῆς
3864 1169 3974 1217 πίσο

2386 1287 2530 1328 τεως.

2460 1353 2643 1419 Ἔδοξε
2703 1387 2766 1394 —
2829 1353 3094 1426 Θεόφιλερ.
3145 1349 3609 1426 Παρακολούθησιν
3645 1352 3735 1404 τήν
3790 1351 3970 1416 γνῶσιν

2389 1445 2707 1503 ὑποληπτέον
2748 1446 2831 1496 ἐπὶ
2855 1453 2944 1496 τοῦ
2972 1448 3221 1516 παρόντος
3247 1443 3431 1515 ῥητοῦ.
3464 1445 3604 1491 Πᾱσι
3630 1433 3703 1500 δὲ,
3745 1442 3848 1494 τοῖς
3887 1436 3969 1505 ἔρ-

2387 1556 2501 1606 γοις
2531 1541 2619 1587 καὶ
2647 1535 2820 1605 λόγοις
2845 1531 3088 1590 δηλονότι
3116 1540 3206 1583 τοι)
3234 1538 3489 1603 Σωτῆρος.
3523 1527 3736 1580 Ἀνωθεν
3766 1520 3840 1586 δὲ,
3861 1521 3965 1572 ἀντὶ

2388 1633 2500 1689 τοῦ,
2531 1624 2641 1677 Ἀπ“
2672 1624 2842 1694 ἀρχῆς
2889 1622 3082 1678 αὑτων,
3125 1625 3277 1690 Λέγει
3305 1627 3430 1689 γοῦν
3463 1620 3539 1668 ότι
3575 1611 3748 1675 Ἔδοξε
3789 1611 3958 1681 κάμοὶ,

2386 1719 2676 1780 τουτέστιν,
2701 1712 2916 1788 ἀρεστόν
2950 1712 3128 1783 ἐφάνη.
3157 1714 3327 1780 γνόντι
3349 1707 3437 1759 ἀπ’
3467 1701 3635 1778 ἀρχῆς
3658 1706 3816 1754 πάντα
3836 1703 3956 1770 πρὸς

2308 1815 2353 1872 Β
2387 1802 2671 1875 ἀκρίϐειοω,
2719 1803 2934 1864 καθεξῆς
2986 1821 3067 1853 σοι
3097 1799 3319 1873 γράψαι.
3355 1793 3476 1851 Εἶτα
3511 1793 3814 1865 προστίθησι
3863 1792 3946 1838 καὶ

2385 1898 2478 1951 τὴν
2513 1893 2683 1944 αἰτίαν
2713 1901 2802 1952 τῆς
2831 1899 3056 1964 γραφῆς.

2455 1984 2540 2052 Ηο
2583 1983 2775 2052 [Θῦτος
2804 1982 2882 2052 (ὃ)
2917 1978 3260 2050 συγκλητικὸς
3301 1973 3358 2034 ἦν
3395 1979 3483 2026 καὶ
3514 1975 3682 2046 ἄρχων
3713 1971 3853 2026 ἴσως.
3877 1968 3943 2017 Τὸ

2383 2075 2484 2143 γαρ
2525 2075 2803 2140 κράτιστος
2828 2069 2910 2121 ἐπὶ
2943 2079 3040 2120 τῶν
3097 2066 3366 2142 ἀρχόντων
3404 2069 3492 2114 καὶ
3527 2064 3772 2132 ἡγεμόνων
3804 2055 3952 2125 ἐλέγε-

2383 2180 2458 2214 το.
2491 2162 2576 2222 Ὠς
2602 2165 2690 2211 καὶ
2722 2163 2746 2211 ό
2775 2158 2975 2220 Παυλός
3033 2177 3163 2229 φησι
3203 2159 3334 2229 πρὸς
3363 2157 3450 2205 τόν
3492 2153 3710 2222 ἡγεμόνα
3744 2153 3956 2205 Φῆστον,

2388 2252 2641 2322 Κροίτιστε
2671 2256 2859 2307 Φῆστε.
2918 2252 3016 2300 Καὶ
3056 2253 3152 2306 πᾶς
3193 2241 3250 2296 δὲ
3297 2245 3568 2314 ἄνθρωπος
3609 2235 3960 2322 emeruerat

2383 2341 2572 2410 κράτος
2615 2341 2748 2389 κατά
2798 2346 2894 2388 τῶν
2939 2337 3116 2387 παθών
3171 2329 3567 2403 ἀναδεξάμενος,
3605 2323 3831 2395 Θεόφιλός
3860 2321 3959 2372 ἐστι

2383 2431 2679 2497 κράτιστος,
2717 2429 2771 2488 ὃς
2795 2431 2883 2477 καὶ
2916 2426 3060 2488 ἄξιος
3083 2432 3155 2494 τῷ
3179 2428 3283 2474 ὄντι
3310 2425 3452 2474 ἐστὶν
3476 2417 3674 2469 ἀκούειν
3699 2419 3784 2466 τοῦ
3810 2411 3959 2477 Εὐαγ-

2381 2517 2552 2589 γελίου
2563 2557 2574 2568 .
2604 2515 2624 2589 ]

2450 2605 2561 2658 Ἰνα
2594 2637 2654 2645 -
2689 2604 2990 2676 ἀσφάλειαν.
3022 2603 3133 2655 Ἰνα
3161 2600 3392 2672 ἐπιγνῷς,
3428 2598 3511 2649 ἱνα
3536 2595 3684 2646 πλέον
3701 2591 3958 2659 κατάσχης

2383 2701 2476 2754 τὴν
2523 2694 2804 2766 ἀσφάλειαν
2835 2703 2932 2745 τῶν
2973 2692 3134 2760 λόγων
3165 2699 3257 2751 τῆς
3288 2693 3530 2747 πίστεως,
3564 2687 3681 2757 περὶ
3710 2682 3774 2732 ὧν
3807 2698 3957 2735 κατη-

2381 2787 2581 2856 χήθης,
2615 2789 2774 2854 ἤγουν
2796 2787 2910 2855 περὶ
2943 2784 3009 2832 ὧν
3041 2777 3366 2850 ἐδιδάχθης,
3394 2778 3526 2827 ὥστε
3563 2777 3633 2844 μὴ
3666 2769 3960 2844 σφάλλεσθαί

2385 2893 2441 2925 σε
2471 2882 2530 2945 τῇ
2590 2870 2860 2944 διηγήσει,
2896 2872 2954 2929 ἣν
2986 2869 3162 2922 πολλοὶ
3210 2866 3557 2939 ἐπεχείρησαν
3598 2859 3957 2921 ἀνατάξασθαι,

2383 2965 2554 3022 καθώς
2592 2961 2823 3035 ἀνωτέρω
2853 2957 3170 3017 δεδήλωται.

2458 3053 2688 3122 Ἐγένετο
2720 3083 2786 3090 —
2808 3054 3104 3123 Ζαχαρίας.
3132 3051 3227 3099 Τόν
3255 3048 3452 3117 πατέρα
3479 3041 3615 3112 λέγει
3643 3046 3736 3091 τοῦ
3761 3045 3955 3090 Βαπτισ·

2313 3170 2354 3228 C
2385 3150 2495 3193 τοῦ.
2533 3141 2898 3214 Προεκτίθεται
2925 3135 2982 3190 δε
3008 3141 3071 3189 τὰ
3109 3139 3244 3188 κατά
3281 3140 3373 3192 τὴν
3412 3129 3673 3198 σύλληψιν
3702 3131 3786 3178 καὶ
3808 3128 3964 3196 γέννη-

2388 3250 2468 3282 σιν
2491 3239 2580 3282 τοῦ
2631 3225 2939 3304 Προδρόμου
2979 3222 3275 3300 παράδοξα,
3315 3227 3583 3293 παριστών
3620 3221 3702 3270 ὅτι
3753 3216 3894 3274 εὐθὺς
3921 3210 3967 3262 ἐκ

2384 3324 2667 3394 προοιμίων
2707 3326 2799 3379 τῆς
2841 3318 2974 3377 ζωῆς
3028 3314 3325 3377 ἀξιόπιστος
3365 3307 3445 3376 ἣν,
3495 3304 3855 3378 καταγγέλλων
3888 3304 3964 3352 καὶ

2386 3404 2736 3462 ὑποδεικνύων
2763 3410 2848 3459 τὸν
2890 3407 3117 3481 Χριστὸν
3149 3412 3219 3474 τῷ
3247 3401 3372 3472 λαῷ.

2459 3590 2597 3640 Ἐπεὶ
2629 3584 2686 3638 δε
2709 3584 2784 3655 (7)
2844 3586 2961 3657 περὶ
3007 3589 3107 3633 τῶν
3151 3580 3294 3652 παρὰ
3337 3583 3439 3636 τοῖς
3495 3570 3782 3635 Ἰουδαίοις
3832 3587 3967 3644 γεγε-

2385 3681 2610 3748 νημένων
2679 3670 3048 3744 διηγήσασθαι
3107 3668 3299 3742 μέλλει,
3357 3670 3816 3736 παρασημειοῡται
3892 3661 3969 3710 τόν

2385 3743 2564 3838 καιρόν
2613 3771 2706 3824 τῆς
2743 3743 2980 3836 Ἡρώδου
3036 3758 3310 3831 βασιλειας
3366 3755 3592 3816 εἰκότως,
3629 3743 3972 3838 ἵνα“’γένηται

2387 3834 2542 3916 δῆλος
2573 3858 2658 3905 καὶ
2692 3854 2716 3903 ό
2755 3834 2940 3925 χρόνος
2971 3848 3136 3900 αὐτῶν
3277 3841 3513 3918 Ὀρώδην
3537 3841 3593 3895 δὲ
3618 3845 3718 3893 νόει
3745 3842 3831 3891 τόν
3857 3834 3972 3910 βρε-

2387 3949 2650 4016 φοκτόνον,
2681 3946 2765 3994 τόν
2796 3944 2995 4012 πατέρα
3015 3933 3276 4009 Ἡρώδου,
3304 3943 3394 3987 τοῦ
3423 3933 3675 3991 ἀνελόντος
3716 3932 3801 3981 τὸν
3848 3928 3976 4000 Πρό-

2387 4030 2420 4085 δ
2423 4053 2602 4106 ρομον.

2458 4102 2543 4183 Ἐξ
2562 4120 2837 4192 ἐφημερίας
2868 4115 3039 4170 Ἀϐιά.
3063 4115 3375 4188 Ἐφήμερίαν
3407 4110 3619 4164 ἐκάλουν
3637 4113 3733 4166 τὴν
3765 4102 3978 4179 ἑϐδομα-

2387 4205 2564 4262 διαίαν
2593 4208 2933 4282 λειτουργίαν.
2977 4208 3074 4258 Δνό
3097 4207 3194 4279 γὰρ
3220 4201 3352 4262 ἦσαν
3383 4207 3498 4254 τότε
3529 4202 3678 4274 ἱερεῖς
3719 4205 3810 4250 τοῦ
3841 4201 3977 4257 ναοῦ,

2387 4298 2613 4356 ἀλλήλων
2651 4295 2924 4370 διάδοχοι.
2957 4295 3110 4350 ’Λϐιά
3133 4300 3223 4346 καὶ
3255 4295 3521 4363 Ζαχαρίας
3678 4287 3768 4350 Ἐξ
3808 4285 3979 4358 ἐφημε-

2384 4394 2496 4463 ρίας
2523 4384 2615 4440 οὖκ
2648 4387 2818 4453 ’Λϐιὰ,
2853 4390 3012 4458 ἧγουν
3052 4386 3179 4457 μετά
3213 4386 3306 4440 τὴν
3338 4379 3614 4453 ἐφημερίσιν
3657 4375 3836 4444 Ἀϐιά,
3875 4393 3981 4426 τον-

2385 4483 2552 4544 τέστι,
2580 4473 2840 4548 διάδοχος
2865 4483 2954 4528 τοῦ
2981 4473 3152 4526 Ἀϐιά.

2461 4573 2663 4619 Καὶ-
2719 4565 2935 4639 Ἀαρών,
3003 4563 3090 4616 Ἐκ
3142 4562 3240 4613 τῶν
3304 4558 3564 4630 ἀπογόνων
3613 4562 3704 4607 τοῦ
3765 4555 3980 4623 Ἀαρών.

2388 4653 2612 4718 Ἐδειξεν
2665 4651 2757 4708 οὖκ
2787 4656 2867 4707 ὅτι
2918 4656 2942 4705 ό
2974 4648 3281 4728 Πρόδρομος
3335 4647 3388 4700 ἐκ
3446 4655 3541 4707 τῆς
3594 4647 3858 4718 ἱερατικῆς
3897 4659 3983 4690 κα·

2387 4751 2567 4817 τὴγετο
2635 4744 2795 4816 φυλῆς
2854 4743 2911 4795 οὗ
2999 4744 3132 4793 κατά
3193 4743 3276 4792 τὸν
3355 4739 3554 4808 πατέρα
3617 4739 3802 4806 μόνον,
3866 4729 3985 4781 ἀλλὰ

2388 4839 2477 4886 καὶ
2534 4837 2669 4887 κατά
2724 4838 2816 4891 τὴν
2891 4836 3112 4905 μητέρα,
3166 4834 3255 4880 καὶ
3317 4825 3670 4899 ἀμφοτέρωθεν
3732 4820 3985 4896 ἱερατικός

2390 4921 2470 4982 ἦν.

1823 5087 2045 5157 Variae
2085 5091 2412 5163 lectiones
2454 5104 2520 5161 et
2567 5102 2769 5160 notae.

700 5197 1485 5296 {dlﬁmeneutergmeorum
1516 5219 1805 5296 agnoscit.
1838 5221 2030 5296 Edidit
2059 5225 2187 5282 haec
2213 5243 2281 5282 ex

628 5272 1309 5364 marginelsuirodicis‘
1335 5272 1676 5364 Hentenius.
1720 5272 2186 5364 Repetite—insunt
2212 5272 2284 5355 3;

626 5341 1086 5415 Theophylacto,
1114 5365 1172 5420 p.
1211 5354 1333 5419 293,
1368 5356 1426 5410 C.
1529 5341 1534 5342 ί
1566 5341 1623 5342 ἡ
1666 5341 1674 5343 ⁷
1725 5341 1889 5366 ”’¹”³

671 5519 978 5610 ξςὸὸὶτζπ-
1009 5528 1366 5610 rapiat-{ala
1408 5535 1608 5610 Graeco
1653 5541 1926 5610 expedita
1977 5551 2111 5600 sunt
2153 5563 2278 5604 om-

625 5596 1226 5688 ξιξεὲἰειρεορξμοὲρίιε,
1243 5608 1305 5656 ut
1331 5608 1526 5688 magis
1553 5596 1826 5688 (ﬁrmius)
1859 5596 2274 5688 cémﬁléété'ris

627 5668 1034 5725 certitudinem
1089 5668 1461 5730 sermonum“
1491 5668 1647 5735 ﬁdei.
1718 5668 2276 5757 nte'i'prtas‘vide‘tdr

2467 5228 2542 5299 (7)
2581 5233 2716 5299 Τῶν,
2746 5224 2926 5281 etiam
2959 5227 3095 5279 ante
3134 5227 3272 5299 περὶ,
3306 5219 3490 5299 habet
3527 5220 3601 5299 Α.

2465 5287 2538 5369 (8)
2580 5287 2778 5360 Αὑτῶν,
2808 5313 2877 5352 ex
2919 5287 3277 5369 correctione
3319 5294 3380 5348 B.
3414 5290 3603 5345 Αὐτοῦ.
3635 5287 3700 5341 Α.

2463 5367 2537 5441 (9)
2580 5374 2849 5442 Βαραχίας
2876 5367 3214 5423 Hentenius.

2386 5549 2625 5618 legisse,
2691 5549 2772 5599 ἱνα
2828 5546 3066 5618 ἐπιγνους
3106 5543 3394 5614 πλεονάσης
3423 5548 3483 5613 τῇ
3530 5537 3840 5618 ἀσςρκαλείᾳε

2384 5605 2479 5746 fa”,
2519 5605 2703 5692 quam
2744 5634 2853 5674 nos
2883 5605 3182 5674 edidimus
3228 5605 3419 5670 verior
3458 5605 3546 5668 est
3603 5605 3763 5668 haud
3799 5605 3981 5676 dubie

2405 5693 2572 5747 ectio.

2405 5707 2572 5748 οοιιο.
