4188 6432
270 334 369 391 861

1415 338 1768 394 COMMENT.
1813 338 1884 394 IN
1921 339 2188 397 LUCAM.
2229 373 2298 381 —
2329 341 2482 397 CAP.
2517 343 2558 396 Ι.

3533 342 3636 399 862

338 459 444 514 Kal
511 464 570 514 τὸ
639 465 798 534 ὄνομα
847 462 1007 526 αὐτῆς
1078 463 1367 518 Ἐλισοίϐετ.
1429 466 1726 539 Προσέθηκε
1773 485 1835 518 κα

2042 467 2210 522 Vers.
2250 469 2303 522 6.
2345 469 2421 523 Et
2448 485 2636 524 nomen
2664 469 2776 541 ejus
2813 467 3120 524 Elisabeth.
3153 467 3391 524 Addidit
3426 473 3484 525 et
3519 469 3635 527 hoc

258 556 414 601 τοῦτο
439 552 603 623 χάριν
639 549 922 626 ἀκριϐείας.

328 638 502 691 Ἦσαν
545 671 613 679 -
672 648 825 694 Θεοῦ.
899 647 1136 704 Δικαίους
1187 645 1300 715 (10)
1362 653 1470 713 νῦν,
1520 650 1640 707 τούς
1693 645 1857 721 ἐναρέ-

253 747 379 788 τους
417 726 572 798 λέγει.
616 727 808 801 [Ἦσαν
855 727 913 783 δὲ
963 728 1164 784 δίκαιοι
1211 733 1304 785 ούκ
1347 733 1558 786 ἐνώπιον
1606 735 1718 807 (11)
1761 744 1857 787 τῶν

257 816 588 892 ἁνθρὼπων,]
641 817 746 870 ἀλλ’
801 818 1012 873 ἐνώπιον
1058 830 1152 875 τοῦ
1205 831 1358 893 Θεοῦ,
1418 832 1600 877 τοῦτον
1650 827 1886 897 ἔχοντες.

254 910 434 981 ἔφορον
491 915 581 968 τῆς
644 904 987 974 δικαιοσύνης
1055 911 1243 967 αύτὼν.
1309 914 1447 972 Δύτη
1508 918 1606 991 γὰρ
1663 914 1858 977 ἀληθὴς

257 991 570 1054 δικαιοσύνη
581 1039 592 1051 .

330 1091 674 1159 Πορευόμενοι
729 1119 794 1128 -
844 1091 1125 1162 ἄμεμπτοι.
1188 1096 1288 1154 Τὰς
1364 1097 1583 1166 νομικὰς
1653 1095 1858 1159 ἐντολὰς

251 1175 494 1247 ὠνόμασε
548 1182 638 1229 καὶ
712 1173 1066 1251 δικαιώματα,
1139 1185 1206 1243 ὡς
1255 1179 1592 1246 δικαιοσύνης
1643 1189 1850 1259 μεστὰς,

250 1269 342 1317 καὶ
383 1266 453 1327 ὡς
482 1261 796 1330 δικαιούσας
825 1273 944 1330 τούς
969 1275 1238 1342 μετιόντας
1268 1272 1446 1336 αύτάς.

323 1464 426 1512 Καὶ
476 1460 571 1512 ούκ
609 1492 678 1503 -
716 1462 1089 1536 προϐεϐηκότες
1144 1465 1190 1518 ἐν
1248 1475 1357 1528 ταῖς
1413 1471 1631 1542 ἡμέραις
1684 1471 1850 1524 αὐτῶν

242 1545 409 1608 ἦσαν,
448 1550 847 1624 Προϐεϐηκότες,
883 1558 999 1613 ἦτοι
1027 1562 1394 1631 γεγηρακότες.

1971 555 2293 626 diligentiae
2332 573 2539 614 causa.

2043 645 2208 701 Vers.
2257 650 2308 701 ὃ.
2336 648 2522 702 Erant
2548 678 2616 688 —
2643 650 2773 703 Deo.
2805 651 3005 704 Justos
3035 646 3178 704 dicit
3222 661 3402 718 nunc,
3433 647 3633 704 virtuti

1968 735 2200 792 deditos
2251 739 2431 792 Erant
2459 742 2654 793 autem
2676 739 2842 810 justi,
2871 754 2993 794 non
3024 754 3227 794 coram
3257 739 3628 807 hominibus,

1969 824 2073 878 sed
2110 840 2312 882 coram
2342 827 2477 894 Deo,
2510 826 2670 882 hunc
2695 826 2986 884 habentes
3013 844 3131 882 suae
3151 827 3396 900 justitite
3433 829 3630 901 inspe-

1968 918 2190 970 ctorem
2224 931 2236 969 :
2270 914 2397 971 haec
2427 916 2588 972 enim
2617 921 2710 972 est
2735 932 2875 973 vera
2894 917 3139 988 justitia.

2040 1146 2210 1204 Vers.
2240 1151 2289 1203 6.
2321 1148 2636 1204 Incedentes
2665 1180 2734 1188 —
2757 1149 2948 1221 absque
2977 1149 3416 1221 reprehensione.
3453 1153 3628 1222 Lega-

1965 1235 2045 1291 lia
2085 1243 2383 1308 praecepta
2424 1238 2651 1294 vocavit
2687 1239 2868 1294 etiam
2903 1239 3379 1310 justiﬁcationes,
3423 1245 3626 1312 utpote

1957 1325 2198 1396 justitiae
2245 1326 2453 1398 plenas
2505 1343 2518 1382 :
2566 1331 2623 1383 et
2662 1343 2797 1400 quae
2843 1328 3184 1384 incedentes
3235 1329 3294 1384 in
3342 1329 3486 1402 ipsis
3528 1330 3627 1401 ju-

1963 1414 2297 1470 stiﬁcarent.

2032 1505 2191 1559 Vers.
2243 1511 2295 1560 7.
2348 1507 2421 1561 Et
2475 1523 2579 1562 non
2624 1539 2692 1547 ——
2736 1515 3104 1579 processerant
3155 1508 3215 1562 in
3259 1509 3446 1564 diebus
3491 1510 3620 1566 suis.

1958 1594 2359 1665 Processerant,
2391 1596 2507 1652 hoc
2539 1603 2642 1668 est,
2689 1599 3016 1654 Senuerant
3045 1606 3100 1653 et
3132 1606 3424 1670 provectae
3454 1604 3625 1656 erant

1959 1683 2162 1739 aetatis.
2827 1702 2833 1706 ·

307 1747 399 1817 -H'
433 1748 498 1800 Αἰ
537 1748 654 1817 (l2)
686 1757 784 1801 τῶν
834 1746 1052 1804 δικαίων
1094 1762 1352 1825 γυναῖκες,
1397 1762 1485 1810 καὶ
1517 1757 1571 1810 αἰ
1618 1755 1835 1826 δίκαιαι,

307 1835 354 1851 η
391 1838 402 1850 .
537 1839 560 1851 ..
780 1841 798 1851 .
945 1845 952 1851 .
1053 1845 1089 1851 .-
1213 1847 1230 1851 _
1330 1847 1340 1851 -
1614 1848 1624 1851 _
1706 1847 1716 1851 _

2027 1774 2070 1842 -ἰ-
2111 1774 2532 1845 Saepenumero
2589 1776 2888 1847 justorum
2939 1791 3174 1842 uxores,
3229 1776 3410 1832 etiam
3444 1777 3620 1849 justas

233 1835 487 1897 πολλάκις
522 1839 748 1906 ἄτεκνοι,
779 1841 860 1891 ἵνα
898 1845 963 1892 σύ
987 1845 1176 1915 μάθῃς,
1204 1847 1283 1896 ὅτι
1319 1847 1344 1897 ό
1374 1853 1526 1919 νόμος
1571 1848 1664 1900 οὐκ
1695 1847 1849 1900 ἀπαι-

235 1934 311 1977 τεί
340 1926 684 1979 πολυτεκνίαν
718 1936 1036 2002 σωματικὴν,
1070 1933 1198 1985 ἀλλὰ
1227 1942 1597 2008 πνευματικήν.

307 2017 547 2085 Ἐγένετο
590 2049 656 2058 -—
701 2021 1046 2092 θυμιάματος.
1113 2022 1384 2096 [Ἔλαχενο
1445 2026 1594 2088 οὗτος
1661 2027 1772 2099 (13)
1821 2029 1846 2079 ό

237 2109 420 2175 καιρὸς
464 2107 491 2162 ἡ
531 2102 722 2165 δεκάτη
773 2117 862 2160 τοῦ
912 2107 1136 2183 ἑϐδόμου
1185 2118 1348 2184 μηνός
1390 2112 1470 2179 ἦν,
1517 2118 1580 2175 ὡς
1630 2119 1654 2167 ό
1693 2122 1848 2189 νόμος

245 2193 484 2246 ἐκέλευεν.
541 2196 622 2248 Ἐν
669 2205 739 2266 τῷ
810 2203 935 2269 μηνὶ
985 2202 1109 2274 γὰρ,
1173 2209 1323 2273 φησι,
1383 2213 1453 2274 τῷ
1521 2202 1726 2277 ἑϐδόμῳ
1780 2214 1841 2278 τῇ

253 2277 443 2355 δεκάτη
482 2293 571 2335 τού
621 2289 780 2357 μηνὸς
827 2296 1178 2344 ταπεινώσατε
1215 2295 1301 2352 τὰς
1331 2293 1516 2364 ψυχὰς
1559 2296 1719 2366 ὑμῶν,
1754 2300 1843 2348 καὶ

255 2372 321 2420 τὰ
370 2371 501 2437 ἑξῆς,
552 2374 652 2425 ὅσα
706 2381 823 2450 περὶ
872 2385 966 2440 τῆς
1015 2379 1156 2442 ἅπαξ
1208 2390 1296 2432 τού
1350 2381 1584 2435 ἐνιαυτοῦ
1639 2389 1844 2456 γενομέ-

248 2478 342 2520 νης
383 2461 452 2523 εἰς
496 2463 561 2514 τὰ
605 2462 767 2534 ’Ἅγια
817 2475 916 2518 τῶν
957 2467 1116 2538 ἁγίων
1158 2467 1367 2523 εἰσόδου
1419 2480 1508 2523 τοῦ
1557 2471 1844 2546 ἀρχιερέως

236 2546 345 2599 ἐκεῖ
396 2546 760 2625 διηγόρευται,
833 2552 1090 2628 Ἕϐδομος
1167 2555 1225 2610 δὲ
1296 2561 1417 2632 παρ’
1474 2560 1750 2635 Ἑϐραίοις,
1815 2562 1839 2614 ὁ

229 2639 355 2712 παρ’
385 2641 512 2710 ἡμῖν
553 2642 914 2715 Σεπτέμϐριος,
962 2649 1078 2700 καθ’
1133 2648 1186 2700 ὃν
1235 2654 1323 2702 καὶ
1355 2651 1471 2720 (14)
1507 2652 1537 2708 ἡ
1575 2650 1840 2704 Ἐλισάϐετ

230 2727 480 2782 συνέλαϐε
503 2734 591 2783 τόν
632 2730 982 2807 Ιιρόδρομον.]

296 2823 445 2870 ’Ἐσω
501 2823 594 2892 μὲν
647 2818 706 2879 ἧν
754 2827 811 2874 τό
868 2826 1245 2902 θυσιαστήριον
1301 2837 1392 2882 τοῦ
1443 2833 1765 2904 θυμιάματος
1820 2853 1832 2865 ·

226 2906 323 2968 ἔξω
383 2905 444 2960 δὲ
495 2913 553 2962 τὸ
609 2913 986 2987 θυσιαστήριον
1037 2925 1136 2967 τῶν
1195 2925 1618 2992 προσφερομένων
1670 2923 1834 2992 ζώων,

227 3002 316 3048 καὶ
347 3007 448 3048 τῶν
484 2999 649 3050 ἄλλων
699 3006 1076 3076 καρπωμάτων.
1113 3006 1200 3060 Ἐκ
1232 3005 1413 3070 δεξιῶν
1447 3007 1504 3062 δὲ
1537 3013 1736 3083 ῖστατο,
1773 3015 1836 3074 ὡς

230 3081 382 3150 δεξιὰ
407 3093 499 3140 καὶ
528 3087 701 3160 ἀγαθὰ
730 3092 922 3163 μέλλων
954 3092 1287 3166 ἀπαγγεῖλαι.

306 3181 408 3228 Καὶ
450 3207 516 3216 -
570 3178 743 3234 αὐτόν.
789 3181 1117 3256 Ἐταράχθη,
1169 3187 1499 3249 ὑποπτεύσας
1552 3186 1657 3248 ἤδη
1705 3190 1838 3244 ἀπο-

231 3265 424 3320 θανεῖν.

303 3352 430 3408 Εἷπε
483 3387 554 3397 -
614 3364 878 3435 Ζαχαρία.
946 3368 1152 3435 Πρῶτον
1227 3363 1458 3418 ἐκϐάλλει
1527 3371 1613 3420 τὸν
1679 3369 1833 3443 φόϐον

227 3452 318 3504 τῆς
373 3445 562 3518 ψυχῆς
610 3448 790 3515 αὐτοῦ,
844 3452 926 3502 ἵνα
966 3457 1138 3528 χωρὶς
1193 3464 1431 3530 ταραχῆς
1479 3455 1700 3532 ἀκούσῃ,
1746 3464 1832 3514 καὶ

227 3535 474 3608 προσέξει
529 3545 640 3599 τοῖς
686 3538 847 3592 αύτοῦ
897 3540 1082 3612 λόγοις·
1133 3543 1287 3596 εἰπὼν
1345 3542 1404 3598 δὲ
1466 3548 1545 3599 ὅτι
1599 3554 1684 3606 Μὴ
1747 3569 1834 3622 φο-

227 3623 342 3689 ϐοῦ,
388 3623 621 3698 ἐνέφηνεν
670 3629 750 3680 ὅτι
793 3637 956 3704 Χαῖρε
995 3648 1011 3663 ·

223 3721 322 3776 τῆς
344 3721 546 3789 χαρᾶς.

294 3810 441 3857 Διότι
499 3836 568 3845 -
615 3825 729 3858 σου.
780 3807 837 3860 Ἡ
895 3810 1021 3884 ὑπὲρ
1077 3819 1166 3872 τῆς
1222 3819 1482 3887 σωτηρίας
1541 3825 1630 3870 τοῦ
1679 3817 1826 3874 λαοῦ.

219 3891 370 3968 ’Υπὲρ
425 3897 620 3956 ταύτης
698 3900 799 3972 γὰρ
878 3901 1205 3953 καθεκάστην
1271 3905 1319 3954 οἱ
1384 3907 1528 3978 ἱερεῖς
1602 3905 1824 3964 ἐδέοντο.

218 3983 564 4043 Εἰσηκούσθη
630 3981 707 4052 δὲ,
778 3989 842 4048 ὡς
907 3988 1170 4060 μέλλοντος
1250 3989 1356 4051 ἤδη
1435 4003 1526 4047 τοῦ
1596 4004 1826 4072 Σωτῆρος

220 4071 643 4146 ἐνανθρωπῆσαι,
701 4081 791 4130 καὶ
838 4086 1009 4131 σῶσαι
1049 4083 1135 4132 τὸν
1184 4082 1304 4134 λαὸν
1363 4083 1520 4136 αὐτοῦ
1581 4084 1680 4139 ἀπὸ
1727 4097 1825 4140 τῶν

220 4160 494 4238 ἁμαρτιῶν
535 4164 720 4220 αὐτῶν.
764 4166 849 4228 Εἰς
880 4165 1146 4233 ἀπόδειξιν
1189 4167 1248 4223 δὲ
1277 4177 1366 4225 καὶ
1419 4171 1704 4246 βεϐαίωσιν
1734 4186 1824 4231 τοῦ

221 4251 634 4314 εὶσακουσθῆναι
657 4260 751 4314 τὴν
778 4252 962 4316 δέησιν
992 4258 1154 4312 αὐτοῦ
1182 4280 1314 4332 φησι
1348 4279 1361 4292 ⁸

1053 3629 1164 3685 εἶτα
1197 3633 1332 3703 λέγει
1383 3641 1470 3689 καὶ
1527 3641 1621 3696 τὴν
1661 3639 1830 3692 αἰτίαν

1958 1860 2155 1916 liberis
2177 1869 2518 1927 caruerunt,
2543 1869 2601 1918 ut
2635 1864 2771 1919 hinc
2802 1864 3218 1936 discas,legem
3242 1882 3364 1922 non
3386 1866 3620 1937 exigere

1956 1951 2256 2013 carnalem
2287 1953 2806 2026 propagationem,
2840 1955 2947 2010 sed
2980 1955 3367 2026 spiritualem.

2027 2059 2188 2114 Vers.
2252 2063 2302 2115 8.
2361 2062 2587 2116 Factum
2639 2067 2716 2116 est
2755 2094 2821 2102 -—
2876 2062 3038 2118 Vers.
3109 2068 3194 2118 11.
3250 2063 3620 2136 thymiamatis

2026 2149 2067 2218 σξη
2119 2149 2160 2218 -ι-
2190 2149 2434 2204 Sortitus
2471 2156 2576 2205 est.
2611 2153 2862 2221 Tempus
2893 2151 3008 2206 hoc
3038 2156 3163 2208 erat
3209 2152 3336 2208 dies
3384 2153 3621 2210 decima

1955 2237 2177 2292 mensis
2195 2237 2452 2309 septimi,
2472 2239 2554 2295 uti
2573 2239 2931 2310 lexjubebat
2947 2243 2989 2296 ³.
3016 2240 3212 2296 Mense
3229 2241 3410 2307 enim,
3425 2242 3620 2316 inquit

1953 2327 2229 2398 septimo,
2261 2327 2495 2384 decima
2531 2329 2754 2384 mensis
2794 2329 2912 2401 die,
2947 2330 3232 2386 demittite
3263 2336 3491 2388 mentes
3525 2349 3617 2389 ve-

1953 2417 2128 2482 stras,
2159 2421 2213 2471 et
2239 2416 2488 2488 reliqua,
2509 2434 2645 2489 quae
2668 2418 2742 2474 de
2771 2418 3013 2474 intrortu
3035 2421 3255 2476 summi
3288 2423 3615 2479 sacerdotis

1950 2502 2006 2557 in
2036 2505 2250 2560 Sancta
2268 2511 2607 2562 sanctorum
2628 2507 2812 2562 semel
2833 2510 3157 2581 quotannis
3180 2509 3337 2566 facto
3355 2510 3437 2566 ibi
3468 2527 3614 2584 prte-

1949 2598 2122 2664 cepta
2163 2601 2312 2650 sunt.
2349 2595 2646 2667 Septimus
2676 2602 2876 2652 autem
2907 2598 3070 2669 apud
3105 2598 3398 2666 Hebraeos,
3449 2601 3614 2672 apud

1947 2697 2058 2737 nos
2096 2690 2188 2738 est
2240 2685 2605 2756 September,
2655 2701 2778 2758 quo
2825 2702 3028 2742 mense
3077 2688 3255 2745 etiam
3309 2688 3612 2746 Elisabeth

1947 2772 2220 2844 concepit
2250 2771 2703 2829 Prazcursorem.

2019 2861 2181 2916 Intus
2224 2867 2347 2918 erat
2364 2862 2546 2918 altare
2575 2863 2982 2935 thymiamatis
3009 2885 3020 2924 :
3045 2870 3211 2921 extra
3233 2881 3373 2922 vero
3405 2865 3607 2933 altare,

1947 2964 2126 3020 super
2154 2950 2318 3021 quod
2350 2951 2756 3008 offerebantur
2776 2953 3065 3010 animalia
3095 2961 3150 3010 et
3178 2955 3530 3011 oblationes.
3563 2957 3610 3011 A

1947 3037 2166 3093 dextris
2196 3045 2393 3094 autem
2426 3041 2597 3107 stetit,
2631 3046 2691 3096 ut
2723 3043 2822 3113 qui
2852 3037 3146 3116 prospera
3174 3051 3231 3100 et
3260 3045 3423 3101 bona
3453 3061 3610 3102 nun-

1871 3152 1910 3208 c
1947 3125 2195 3182 tiaturus
2234 3135 2495 3186 venerat.

2020 3216 2179 3270 Vers.
2241 3221 2325 3271 12.
2370 3219 2447 3272 Ει
2492 3234 2726 3274 —eum.
2759 3219 3050 3278 Turbatus
3091 3226 3196 3286 est,
3245 3222 3603 3294 suspicatus,

1947 3318 2010 3359 se
2040 3305 2308 3375 protinus
2334 3305 2714 3363 moriturum.

2014 3393 2176 3448 Vers.
2213 3397 2298 3452 13.
2324 3394 2486 3450 Dixit
2514 3425 2585 3436 —
2620 3395 2914 3452 Zacharia.
2948 3396 3207 3453 Primum
3239 3398 3454 3469 abjecit
3479 3400 3606 3456 ani-

1945 3482 2024 3538 mi
2065 3481 2222 3538 illius
2263 3482 2559 3550 timorem,
2604 3487 2666 3540 ut
2713 3485 2838 3542 sine
2878 3486 3213 3543 turbatione
3252 3487 3505 3554 audiret,
3547 3494 3606 3548 et

1943 3571 2214 3628 animum
2227 3572 2749 3647 adverteretipsius
2765 3575 3367 3633 sermonibus.Dicens
3386 3584 3597 3646 autem,

1939 3662 2246 3730 Netz'meas,
2278 3662 2492 3734 innuit,
2525 3668 2589 3721 ut
2617 3664 2917 3735 gaudeat;
2949 3665 3166 3723 deinde
3197 3683 3598 3742 causamquo-

1940 3765 2057 3824 que
2089 3752 2257 3824 ponit
2287 3752 2510 3822 gaudii.

2013 3840 2172 3898 Vers.
2198 3845 2278 3898 13.
2300 3843 2522 3910 Ωιιία-
2551 3849 2667 3899 tua.
2702 3845 2897 3911 Quam
2911 3859 3020 3917 pro
3034 3844 3224 3902 salute
3237 3846 3603 3919 populifudi-

1940 3931 2153 3988 sti.Pro
2167 3933 2274 3988 hac
2286 3931 2439 3987 enim
2453 3933 2787 3990 sacerdotes
2799 3934 3054 4007 quotidie
3069 3936 3602 4008 precabantur.Ex-

1936 4022 2142 4078 audita
2170 4026 2258 4078 est
2287 4028 2504 4088 autem,
2534 4039 2602 4079 eo
2634 4024 2797 4096 quod
2821 4024 2950 4095 jam
2980 4024 3250 4083 Salvator
3289 4027 3360 4084 sit
3388 4028 3601 4086 huma-

1936 4111 2178 4168 nitatem
2214 4117 2620 4184 suscepturus,
2656 4116 2713 4168 et
2741 4113 3036 4186 populum
3068 4131 3246 4171 suum
3271 4131 3306 4172 a
3337 4118 3597 4188 peccatis

1933 4189 2137 4258 eurum
2165 4200 2399 4257 salvum
2424 4201 2707 4259 facturus.
2733 4202 2823 4258 Ad
2849 4201 3424 4262 demonstrationem
3455 4222 3598 4266 vero

1933 4296 1990 4346 et
2005 4291 2543 4358 conﬁrmationem,
2562 4293 2729 4366 quod
2750 4293 2878 4366 ejus
2903 4285 3394 4352 oratioexaudita
3414 4302 3592 4363 esset,

1932 4380 2056 4438 ait:

286 4452 392 4507 Kal
445 4452 474 4510 ἠ
534 4457 663 4523 γυνή
724 4484 793 4494 --
855 4473 954 4508 σοι.
1028 4461 1427 4530 Χρησιμεύοντα
1500 4466 1589 4514 καὶ
1639 4471 1820 4516 τοῦτον

2003 4469 2162 4526 Vers.
2214 4473 2294 4526 t3.
2328 4471 2402 4526 Et
2435 4487 2579 4526 uxor
2609 4503 2676 4513 —
2707 4470 2825 4528 tibi.
2860 4475 2925 4528 Et
2953 4471 3116 4528 hunc
3150 4472 3351 4530 utilem
3378 4475 3453 4531 ad
3491 4491 3594 4549 po-

208 4542 346 4613 πρός
388 4544 485 4599 τὴν
539 4546 799 4615 σωτηρίαν
847 4550 938 4596 τοῦ
994 4544 1139 4598 λαοῦ.
1191 4546 1403 4620 ’Ἔμελλε
1447 4553 1549 4626 γὰρ
1603 4550 1818 4606 ὑποδεῖ-

208 4629 298 4690 ξαι
352 4638 424 4701 τῷ
479 4629 585 4701 λαῷ
642 4634 728 4683 τὸν
781 4639 1012 4706 Σωτῆρα.
1076 4641 1176 4690 Καὶ
1225 4635 1426 4713 ἐπείπερ
1487 4642 1516 4699 ἡ
1574 4645 1820 4713 μετάνοια

204 4726 526 4790 προηγεῖται
574 4727 670 4782 τῆς
724 4728 1003 4796 σωτηρίας,
1059 4722 1166 4778 ἔδει
1217 4730 1304 4779 τὸν
1342 4734 1549 4803 κήρυκα
1599 4740 1689 4793 τῆς
1733 4754 1816 4806 με-

201 4811 422 4870 τοωοίας
476 4806 796 4884 προδραμεῖν
847 4819 938 4865 τοῦ
996 4809 1324 4890 δωρουμένου
1379 4823 1471 4878 τὴν
1531 4826 1812 4897 σωτηρίαν.

202 4900 297 4949 Διό
340 4903 430 4950 καὶ
460 4905 698 4970 γεννᾶται
724 4909 924 4976 πρῶτον
952 4903 978 4954 ὀ
1009 4901 1342 4980 Πρόδρομος,

282 4993 386 5040 Καὶ
435 4987 662 5051 italiam;
718 5021 789 5032 —
841 4991 1099 5052 Ἰωάννην.
1155 4993 1238 5056 Ὠς
1296 5005 1677 5074 κεχαρισμένον
1756 5003 1814 5056 ἐκ

200 5076 410 5140 κοιλίας
447 5082 663 5153 μητρὸς,
706 5083 890 5148 εἷτουν,
945 5083 1282 5157 πεφιλημένον
1337 5095 1471 5160 Θεῷ,
1531 5091 1560 5150 ἦ
1591 5094 1658 5154 ὡς
1709 5113 1813 5166 χα-

279 5204 302 5236 ⁹
332 5201 515 5261 Levit.
546 5219 666 5273 xw,
699 5209 787 5262 29.

1931 4559 2054 4630 puli
2084 4559 2357 4616 salutem.
2391 4562 2750 4618 Ostensurus
2791 4562 2950 4618 enim
2981 4565 3107 4618 erat
3136 4563 3360 4635 populo
3393 4564 3593 4622 Salva-

1929 4654 2138 4706 torem.
2163 4649 2312 4707 Nam
2329 4649 2474 4723 quia
2494 4651 2908 4723 paenitentiam
2925 4652 3240 4723 precedere
3262 4658 3492 4726 oportet
3517 4657 3593 4712 ad

1929 4738 2205 4809 salutem,
2238 4755 2386 4812 opus
2419 4740 2598 4795 etiam
2631 4745 2779 4806 erat,
2817 4744 2878 4796 ut
2910 4741 3272 4813 poenitentia;
3303 4743 3590 4816 praedica-

1927 4834 2018 4885 tor
2047 4845 2121 4885 eu
2140 4845 2199 4904 m
2249 4830 2630 4902 praecederet,
2657 4829 2762 4903 qui
2794 4829 3044 4887 salutem
3093 4838 3218 4888 erat
3246 4833 3584 4891 collaturus.

1927 4917 2063 4974 Ideo
2092 4932 2336 4990 quoque
2363 4918 2626 4990 primum
2658 4919 2920 4976 nascitur
2949 4923 3301 4978 Praecursor.

1997 5007 2156 5062 Vers.
2176 5007 2261 5063 13.
2291 5038 2358 5046 -
2378 5009 2454 5062 Et
2466 5007 2676 5065 vocabis
2697 5039 2765 5050 —-
2788 5008 3068 5065 Joannem.
3095 5012 3308 5083 Utpote
3338 5028 3370 5068 a
3389 5017 3590 5071 ventre

1922 5096 2130 5154 matris
2168 5097 2358 5168 gratia
2397 5097 2713 5169 donatum,
2754 5098 2879 5155 sive
2918 5114 2956 5157 a
2994 5101 3115 5158 Deo
3154 5106 3438 5159 amatum.
3485 5103 3590 5160 Vel

1451 5340 1672 5411 Variae
1697 5341 2024 5414 lectiones
2056 5353 2352 5416 etnotae.

272 5498 394 5640 E10;
429 5502 507 5564 Δί,
531 5506 667 5557 ante
704 5507 812 5568 νῦν,
847 5501 1015 5560 addit
1050 5506 1104 5560 Β.

306 5574 361 5625 11
420 5571 564 5638 Qum
593 5571 686 5629 hic
709 5573 941 5632 inclusa
967 5583 1104 5634 sunt

306 5571 390 5645 11)
420 5571 686 5645 Quaabic
709 5573 941 5632 inclusa
967 5583 1125 5645 sunt,
1159 5578 1377 5636 absunt
1406 5598 1440 5636 a
1469 5582 1602 5637 cod.
1633 5590 1694 5640 A.

272 5642 392 5712 (12)
415 5641 705 5726 Quod_hi_c
730 5645 896 5726 addit
918 5641 1212 5726 schglium
1233 5651 1539 5726 interpres,
1557 5655 1808 5714 meinon

197 5721 557 5786 agnoscunt.
583 5713 680 5774 Est
703 5720 902 5775 autem
924 5735 996 5776 ex
1026 5713 1493 5796 Theophylacto,
1525 5713 1712 5801 p.299
1742 5713 1803 5796 Ε.

1920 5515 2328 5590 desumptum.

2023 5587 2102 5669 l3)
2136 5587 2254 5644 Hoc
2285 5589 2536 5669 sobolio,
2559 5593 2729 5669 quod
2752 5598 3001 5669 uterque
3022 5613 3191 5654 meus
3223 5597 3284 5654 in
3315 5597 3583 5668 margine

1917 5655 2114 5726 habet,
2147 5665 2303 5716 caret
2327 5655 2672 5722 Hentenius.

1990 5729 2102 5803 (14)
2133 5730 2191 5784 ’H
2219 5733 2433 5793 omittit
2457 5735 2524 5790 A.
