4188 6424
553 344 658 402 863
1866 345 2218 405 EUTHYMII

2329 343 2590 401 GABENI
3823 345 3929 401 864

552 474 843 544 tanquam
866 489 1110 531 causam
1133 477 1334 546 gratiae
1356 474 1480 532 suis
1501 474 1873 548 parentibus,
1897 471 2216 544 multisque

2327 475 2418 543 ρᾶς
2443 471 2607 521 α’ίτιον
2645 475 2753 530 τοῖς
2804 486 2855 520 τε
2901 471 3208 538 γεννήτορσι
3250 468 3340 516 καὶ
3384 463 3558 528 ἄλλοις
3611 467 3820 530 πολλοῖς
3865 473 3936 533 ὡς

553 560 710 627 aliis,
744 562 922 620 veluti
949 571 1158 636 postea
1187 567 1570 623 manifestum
1602 565 1728 621 erit.
1762 564 2024 620 Joannes
2056 561 2215 618 enim

2327 558 2502 631 ὶφεξῆς
2552 562 2826 629 γενήσεται
2865 553 3044 614 δῆλον.
3099 557 3336 614 Ἰωάννης
3381 558 3483 627 γὰρ
3539 555 3813 629 Ἐϐραῐκόν
3846 563 3937 631 μὲν

555 648 914 708 Hebraicum
964 669 1185 710 nomen
1230 660 1336 721 est,
1369 655 1533 729 quod
1566 656 1614 710 si
1646 654 1783 728 quis
1827 653 1904 710 ad
1944 651 2219 708 Latinam

2327 648 2468 700 ἐστιν
2501 653 2676 720 ὄνομα,
2725 648 3220 718 μεθερμηνευόμενον
3271 641 3331 696 δε
3375 648 3506 717 πρὸς
3538 650 3631 704 τὴν
3659 644 3943 705 Ἑλληνίδα

551 754 764 796 vocem
793 741 1225 815 interpretetur,
1261 750 1436 800 sonat
1483 744 1684 816 gratia
1715 743 1804 798 vel
1837 741 2146 814 gaudium.

2330 742 2518 809 φωνην,
2549 740 2791 808 σημαίνει
2830 736 2991 806 χάριν
3024 735 3053 794 ἦ
3091 735 3290 807 χαράν.

623 828 783 885 Vers.
831 832 916 886 14.
955 833 1033 889 Et
1085 834 1195 890 erit
1245 865 1311 875 —
1365 833 1678 891 exultatio.
1725 832 1835 901 Qui
1877 831 2009 887 talis
2052 832 2219 902 pueri

2403 829 2506 881 Καὶ
2552 828 2702 877 ἔσται
2760 855 2824 864 —-
2891 822 3218 894 ἀγαλλίασις.
3295 826 3535 894 Γεγονότι
3592 830 3756 900 πατρὶ
3837 847 3942 879 τοι-

556 917 745 975 factus
763 921 842 976 sis
865 928 1053 994 pater,
1079 924 1252 995 cujus
1279 929 1333 980 et
1355 929 1700 996 conceptus,
1730 928 1785 978 et
1811 937 1946 994 quae
1961 934 2219 992 sequen-

2331 918 2483 968 ούτου
2514 910 2724 980 παιδὸς,
2756 913 2814 965 οὗ
2853 917 2942 964 καὶ
2988 913 3018 970 ἠ
3073 911 3332 982 σύλληψις
3377 917 3467 965 καὶ
3518 915 3584 964 τὰ
3632 913 3746 977 ἑξῆς
3791 916 3942 989 ὑπερ.

554 1011 669 1070 tur,
713 1013 1194 1082 supernaturalia
1233 1019 1405 1069 erunt
1443 1029 1513 1068 ac
1549 1011 1930 1074 admiranda,
1972 1009 2124 1065 sicut
2163 1009 2219 1064 in

2334 1015 2431 1077 φυῇ
2464 1009 2550 1056 καὶ
2571 1000 2865 1076 παράδοξα,
2899 1003 3071 1063 καθὼς
3103 1003 3385 1075 εὑρήσομεν
3417 1007 3699 1077 προίόντες.

561 1101 951 1170 sequentibus
978 1103 1224 1176 patebit.

630 1185 790 1244 Vers.
845 1193 928 1245 14.
971 1192 1270 1266 Multique
1296 1224 1365 1234 —
1393 1191 1760 1264 gaudebunt.
1794 1191 1924 1246 Non
1964 1186 2219 1270 c0808“.

2407 1203 2506 1252 Καὶ
2534 1197 2712 1251 πολλοὶ
2764 1228 2825 1238 -
2875 1203 3226 1272 χαρήσονται.
3262 1196 3337 1248 Ού
3369 1201 3521 1266 μόνον
3556 1207 3820 1271 συγγενεῖς
3851 1205 3940 1252 xui

560 1276 757 1333 solum
788 1287 842 1335 et
873 1281 1071 1346 vicini,
1111 1299 1321 1339 verum
1355 1283 1556 1350 etiam,
1589 1281 2051 1354 quibuscunque
2082 1278 2219 1334 divi-

2334 1287 2536 1353 οἰκεῖοι,
2567 1286 2693 1339 ἀλλὰ
2721 1292 2811 1340 xui
2857 1289 2996 1348 ὅσοις
3040 1285 3373 1358 ἀπεκαλύφθη
3409 1288 3599 1358 θεόθεν,
3633 1286 3694 1347 ἣν
3740 1289 3940 1362 ἔμελλεν

556 1365 716 1422 nitus
755 1367 1099 1441 innotuerit,
1129 1372 1296 1444 quod
1327 1371 1723 1427 ministerium
1754 1370 1880 1442 ipse
1914 1368 1985 1421 sit
2025 1367 2227 1440 exple—
2334 1375 2500 1430 ἀνύειν
2528 1374 2813 1430 διακονίαν,

557 1459 744 1513 turus.

627 1544 789 1602 Vers.
836 1547 918 1602 14.
961 1548 1088 1605 Erit
1116 1580 1186 1591 —
1218 1549 1490 1607 Domino.
1524 1549 1775 1622 Magnus
1813 1547 1974 1621 apud
2014 1548 2222 1616 Deum,

556 1634 701 1706 quia
732 1651 991 1708 magnus
1028 1639 1369 1695 virtutibus.

2337 1664 2544 1738 ἀρεταῖς

628 1722 792 1780 Vers.
838 1707 921 1781 l5.
961 1727 1040 1783 Et
1081 1729 1284 1785 vinum
1312 1759 1380 1768 —
1423 1727 1592 1784 bibet.
1636 1726 1837 1786 Sicera
1875 1725 2219 1791 vocabaturI

2338 1707 2565 1738 ..Γπ-..ν

2409 1759 2510 1807 Καὶ
2562 1752 2693 1807 οἶνον
2743 1783 2804 1794 -
2855 1756 2972 1825 πίῃ.
3025 1757 3210 1827 Σίκερα
3259 1750 3479 1804 έκαλείτο
3522 1759 3619 1805 πᾶν
3675 1757 3731 1805 τὸ
3787 1757 3931 1828 παρὰ

558 1812 854 1886 quidquid
889 1815 941 1871 in
971 1817 1222 1874 modum
1251 1817 1374 1874 vini
1406 1816 1700 1874 inebriare
1731 1820 1956 1889 poterat
1987 1833 2001 1872 :
2036 1817 2219 1873 maxi-

2338 1847 2422 1896 τὸν
2453 1840 2586 1896 οἶνον
2612 1844 2876 1915 μέθυσμα,
2906 1841 3138 1914 μάλιστα
3184 1837 3243 1894 δι
3276 1845 3330 1893 τό
3378 1839 3430 1892 ix
3481 1846 3715 1911 φοινίκων
3746 1841 3928 1895 ἐσκευ-

561 1914 656 1956 me
687 1917 828 1958 vero
856 1905 1019 1975 potio
1045 1922 1080 1962 a
1112 1906 1452 1978 palmarum
1495 1905 1689 1962 fructu
1720 1905 2010 1961 confecta.

631 1989 791 2045 Vers.
834 1998 914 2047 15.
961 1995 1036 2049 Et
1081 1995 1287 2065 spiritu
1320 2027 1387 2036 —
1416 2010 1561 2052 suae.
1602 1998 1926 2068 Postquam
1970 2009 2077 2066 per
2107 1983 2226 2049 vini

559 2092 629 2133 ac
651 2079 849 2135 sicerte
871 2081 984 2153 (cc)
1007 2083 1437 2140 abstinentiam
1460 2083 1534 2139 de
1561 2084 1838 2139 suavium
1867 2098 2065 2138 rerum
2092 2081 2230 2138 abs-

559 2165 809 2224 tinentia
847 2169 982 2227 fecit
1019 2173 1350 2238 certiorem,
1406 2173 1507 2228 ubi
1547 2173 1727 2228 etiam
1768 2171 1844 2228 ab
1882 2171 1996 2227 hoc
2036 2171 2228 2228 innuit

557 2255 777 2314 durum
810 2261 1279 2319 conversationis
1318 2262 1449 2333 ejus
1481 2262 1842 2326 exercitium,
1877 2259 2223 2332 docuitque,

556 2347 722 2420 quod
754 2365 1010 2422 magnus
1042 2351 1276 2408 futurus
1303 2357 1427 2408 erat
1455 2367 1660 2407 coram
1687 2350 1938 2407 Domino
1973 2365 1984 2404 :
2019 2349 2098 2405 ad
2124 2349 2224 2404 ﬁr-

560 2451 725 2492 mam
755 2437 1038 2513 deinceps
1067 2442 1514 2513 persuasionem
1545 2440 1686 2496 dicit
1718 2440 1798 2510 id,
1827 2439 1990 2512 quod
2026 2439 2224 2510 majus

561 2529 666 2592 est,
691 2527 1159 2602 videlicet,quod
1186 2547 1220 2586 a
1238 2546 1424 2602 puero
1449 2530 1729 2586 induelur
1756 2530 1968 2584 virtute
1990 2546 2060 2584 ex
2079 2529 2221 2596 alto,

562 2617 922 2685 praevidente
961 2620 1080 2674 Deo
1132 2619 1646 2675 conversationem
1695 2619 1824 2690 ejus
1876 2623 1930 2674 et
1964 2619 2024 2674 in
2061 2618 2227 2692 quod

563 2703 836 2761 divinum
866 2723 974 2762 vas
1006 2712 1130 2763 erat
1157 2724 1463 2763 evasurus.

2405 1574 2593 1628 Ἔσται
2634 1606 2699 1615 -
2733 1579 2946 1648 Κυρίου.
2979 1577 3154 1645 Μέγας
3189 1575 3332 1648 παρὰ
3366 1580 3501 1645 Θεῷ,
3535 1577 3603 1637 ὡς
3633 1580 3795 1648 μέγας
3824 1583 3939 1638 ταῖς

2336 1936 2576 2003 ασμένον.

2414 2025 2512 2072 Καὶ
2571 2023 2860 2092 πνεύματος
2917 2050 2984 2060 —
3038 2018 3216 2071 αὐτοῦ.
3280 2021 3374 2070 Διὰ
3425 2027 3518 2081 τῆς
3577 2018 3789 2090 ἀποχῆς
3842 2025 3938 2070 τοῦ

2338 2113 2474 2161 οἴνου
2525 2115 2614 2161 καὶ
2669 2117 2759 2161 τοῦ
2809 2114 2992 2182 σίκερα
3041 2111 3381 2181 προμηνύσας
3445 2113 3536 2167 τὴν
3591 2108 3801 2179 ἀποχην
3839 2115 3941 2158 τῶν

2337 2195 2526 2268 ἡδέων,
2593 2204 2682 2251 καὶ
2746 2203 3092 2271 παραστήσας
3166 2196 3392 2251 ἕντεῡθεν
3464 2203 3556 2257 ἠν
3637 2197 3944 2273 σκληραγω-

2333 2292 2450 2359 γίαν
2499 2296 2594 2350 τῆς
2647 2285 2855 2350 διαίτης
2922 2287 3103 2355 αύτοῦ,
3177 2292 3267 2339 καὶ
3350 2283 3572 2350 διδάξας
3645 2289 3725 2340 ὅτι
3779 2291 3944 2359 μέγας

2336 2380 2484 2430 ἔσται
2515 2381 2648 2430 κατὰ
2680 2381 2829 2445 Θεὸν,
2860 2377 3038 2428 λοιπὸν
3083 2376 3153 2438 εἰς
3197 2376 3548 2451 πληροφορίαν
3579 2377 3714 2448 λέγει
3751 2381 3842 2428 καὶ
3883 2381 3940 2428 τὸ

2335 2468 2532 2538 μεῖζον,
2592 2469 2667 2519 ὁτι
2707 2466 2759 2518 ix
2810 2465 3032 2539 βρέφους
3079 2462 3353 2518 ένδύσεται
3400 2471 3492 2524 τὴν
3525 2465 3576 2529 ἕξ
3628 2466 3793 2537 ὕψους
3844 2461 3939 2518 δύ-

2335 2576 2506 2627 ναμιν,
2566 2552 2867 2630 προειδότος
2904 2563 2995 2607 τοῦ
3054 2563 3187 2608 Θεού
3239 2559 3334 2613 τὴν
3385 2554 3661 2623 πολιτείαν,
3804 2560 3938 2628 χρή·

2338 2664 2505 2710 σεται,
2537 2651 2626 2698 καὶ
2657 2646 2760 2698 οἷον
2789 2643 3108 2704 ἀποϐήσεται
3136 2652 3332 2705 σκεῦος.

634 2793 796 2849 Vers.
831 2797 918 2851 16.
952 2797 1288 2869 Multosque
1317 2828 1386 2838 —-
1420 2799 1706 2866 ipsorum.
1741 2796 1849 2864 Qui
1883 2796 1962 2854 ab
1992 2813 2062 2854 eo
2093 2813 2226 2871 per-

565 2885 724 2940 suasi
750 2884 1096 2955 confugient
1117 2887 1194 2942 ad
1217 2887 1508 2944 Christum
1535 2904 1547 2942 :
1573 2887 1735 2943 hunc
1755 2888 1915 2945 enim
1940 2895 2113 2945 vocat
2133 2889 2228 2945 hic

565 2972 890 3030 Dominum
925 2977 1134 3031 Deum.

634 3065 794 3120 Vers.
835 3066 922 3120 17.
956 3066 1034 3121 Et
1072 3097 1130 3108 —
1159 3081 1245 3124 eo.
1291 3066 1616 3124 Prascurret
1648 3083 1850 3124 coram
1884 3084 1976 3137 eo,
2020 3069 2227 3141 prandi-

563 3168 709 3210 cans
734 3154 1147 3226 pmnitentiam
1179 3161 1234 3212 et
1256 3157 1624 3213 annuntians
1657 3157 1981 3214 adventum
2003 3159 2152 3231 ejus.

2415 2846 2512 2894 Kui
2577 2840 2794 2902 πολλοὺς
2851 2872 2917 2880 -
2976 2840 3164 2894 αὐτῶν.
3224 2838 3380 2892 Ὀσοι
3437 2842 3729 2902 πεισθέντες
3803 2840 3943 2909 αύτῷ

2341 2926 2705 3004 προσέδραμον
2751 2937 2821 2999 τῷ
2865 2937 3098 3004 Χριστῷ.
3148 2935 3340 2981 Τοῦτον
3389 2931 3488 3003 γὰρ
3538 2928 3761 2981 ἐνταῦθα
3806 2928 3942 2980 καλεῖ

2344 3024 2531 3093 Κύριον
2562 3025 2650 3071 καὶ
2683 3024 2830 3072 Θεὸν.

2416 3114 2516 3162 Καὶ
2577 3139 2642 3148 —
2697 3108 2878 3164 αύτού.
2932 3103 3322 3182 Προδραμεῖται
3400 3108 3688 3179 ἔμπροσθεν
3766 3105 3945 3169 αὑτοῦ,

2262 3177 2303 3234 C
2339 3201 2620 3271 κηρύσσων
2663 3199 2792 3268 μετά
2839 3217 3001 3262 νοιαν,
3053 3201 3141 3248 καὶ
3199 3195 3555 3267 καταγγέλλων
3609 3199 3700 3253 τὴν
3753 3215 3948 3269 παρου-

2343 3293 2461 3340 σίαν
2499 3287 2678 3339 αύτού.

636 3351 926 3446 νει-821⁸7.
968 3351 1038 3407 In
1078 3383 1145 3392 —
1175 3352 1338 3409 Elite.
1383 3352 1667 3425 Spiritum
1708 3353 2052 3426 appellavit,
2099 3369 2219 3424 gra-

2409 3378 2495 3428 Ἕν
2557 3408 2623 3416 --
2683 3375 2876 3430 Ἠλίου.
2950 3381 3158 3446 Πνεῦμα
3221 3378 3309 3446 μεν
3373 3374 3608 3446 ὠνόμασε
3667 3376 3723 3425 τὸ
3794 3393 3946 3426 πνευ-

565 3439 707 3496 tiam
733 3440 1102 3513 spiritualein
1120 3462 1133 3497 :
1150 3442 1426 3499 virtutem
1451 3448 1678 3510 autem,
1700 3443 2056 3500 efﬁcaciam.
2087 3445 2219 3501 Dicit

2339 3469 2557 3538 ματικόν
2615 3467 2864 3537 χάρισμα
2913 3479 2924 3493 ’
2975 3439 3300 3533 δύναμινκΐε
3343 3467 3436 3521 την
3474 3439 3754 3537 ένίργειαν.
3793 3468 3940 3533 Λέγει

563 3544 706 3600 ergo
749 3530 908 3602 quod
948 3531 1202 3600 gratiam
1239 3547 1484 3604 quoque
1510 3540 1566 3588 et
1610 3532 1941 3589 efficaciam
1982 3533 2219 3590 habebit

2339 3562 2464 3627 γοῦν
2531 3556 2611 3606 ὃτι
2669 3560 2756 3606 καὶ
2828 3556 2884 3605 τὸ
2939 3555 3187 3626 χάρισμα
3238 3557 3326 3604 καὶ
3390 3557 3481 3609 την
3544 3550 3793 3626 ἐνέργειαν
3847 3551 3947 3615 ἑξςι

565 3618 724 3718 Elim,
764 3634 918 3692 quas
950 3618 1220 3675 videlicet
1258 3620 1499 3676 habebit
1529 3621 1678 3678 Elias
1720 3637 2094 3693 praecurrens
2136 3638 2219 3678 se-

2341 3618 2433 3697 τοῦ
2483 3644 2679 3712 Ἠλίου,
2727 3643 2856 3718 οἷπερ
2912 3618 3260 3709 ’ίίλίαςνέξεῃ
3290 3618 3719 3715 προτρέχωντης
3775 3637 3953 3694 δευτέ-

564 3705 830 3764 cundum
853 3709 1059 3764 Christi
1081 3708 1405 3764 adventum
1437 3726 1450 3765 :
1485 3709 1656 3765 ethic
1683 3725 1843 3766 nunc
1867 3710 2060 3779 faciet,
2091 3727 2219 3784 qua

2342 3754 2432 3810 ρας
2499 3738 2791 3807 παρουσίας
2863 3739 3119 3803 Χριστοῦ.
3184 3736 3282 3783 Kui
3357 3735 3567 3788 ποιησει
3636 3730 3779 3788 οὗτος
3837 3738 3957 3797 νῦν,

563 3797 954 3870 postmodum
997 3797 1260 3852 facturus
1297 3803 1388 3854 est
1433 3798 1610 3856 Elias.
1642 3800 1902 3870 Apponit
1930 3804 2131 3856 autem
2176 3806 2219 3858 e1

2345 3825 2474 3882 οἷπερ
2502 3822 2677 3881 Ἠλίας
2705 3821 2940 3896 ὖστιρον.
3001 3821 3327 3892 Προστίθησι
3361 3815 3420 3871 δε
3463 3824 3550 3870 xui
3595 3822 3668 3878 τίς
3723 3816 3861 3869 ἔστιν
3923 3820 3953 3876 ἡ

565 3901 702 3959 quas
731 3884 926 3942 futura
953 3886 1026 3941 sit
1051 3887 1179 3960 ejus
1210 3886 1420 3954 virtus,
1455 3886 1581 3942 sive
1608 3887 1895 3959 potentia.

2348 3909 2570 3972 δύναμις
2601 3911 2731 3967 αὕτη
2749 3954 2762 3966 .

638 3973 803 4030 Vers.
838 3976 922 4030 17.
964 3976 1034 4032 Ut
1067 3982 1370 4033 convertat
1410 4008 1478 4016 —
1505 3976 1680 4045 ﬁlios.
1712 3976 2087 4050 Prophetavit
2116 3978 2219 4039 hoc

2421 3999 2765 4073 Ἐπιστρέψαι
2816 4028 2881 4040 -
2950 4001 3117 4051 τέκνα.
3195 4000 3552 4070 Προεφήτευσε
3632 4004 3783 4048 τοῦτο
3867 4002 3962 4050 xui

565 4067 620 4120 et
649 4063 982 4131 Malachias,
1015 4069 1071 4120 et
1099 4070 1373 4122 accurate
1415 4064 1786 4123 declaratum
1826 4072 1916 4123 est
1948 4069 2219 4128 vicesimc

2347 4063 2652 4161 Μαλαχίας,
2680 4063 2771 4140 καὶ
2825 4088 3125 4161 ἠρμηνεύθη
3171 4063 3348 4156 σαιρῶς
3390 4085 3440 4137 έν
3492 4094 3562 4156 τῷ
3608 4085 3828 4155 εἰκοστῷ
3880 4106 3960 4139 κε-

562 4153 756 4227 capite
800 4153 1096 4226 Evangelii
1122 4155 1288 4225 juxta
1319 4154 1686 4218 Matthtnum.
1725 4156 1828 4212 ubi
1859 4157 2069 4215 dicitur
2100 4176 2114 4215 :
2155 4161 2219 4218 Et

2347 4178 2546 4251 φαλαίῳ
2599 4185 2687 4230 τοῦ
2743 4179 2878 4228 κατὰ
2937 4177 3223 4240 Ματθαίον,
3283 4176 3403 4227 ἔνθα
3459 4181 3627 4226 κεῖται
3676 4179 3732 4226 τό
3784 4192 3796 4204 ·
3852 4175 3959 4229 Καὶ

563 4242 614 4300 si
626 4244 807 4301 vultis
839 4244 1118 4315 recipere,
1135 4246 1254 4317 ipse
1271 4251 1354 4302 est
1379 4245 1568 4313 Elius,
1594 4247 1698 4319 qui
1719 4253 2006 4306 venturus
2017 4256 2167 4308 erat.
2188 4253 2219 4304 ³.

2347 4242 2391 4322 ii
2449 4242 2612 4320 θελετε
2687 4263 2963 4332 δέξασθαι,
3035 4264 3190 4326 αύτὸς
3265 4262 3404 4316 ἔστιν
3463 4262 3644 4324 Ἠλίας
3688 4265 3714 4315 ὁ
3768 4263 3958 4336 μέλλων

2351 4359 2627 4430 ἔρχεσθαι.

635 4440 801 4498 Vers.
857 4443 940 4498 17.
997 4441 1072 4498 Ει
1132 4471 1197 4482 ——
1243 4443 1571 4511 justorum.
1632 4444 1748 4499 llos
1798 4445 2044 4500 eosdem
2094 4446 2219 4503 dicit

2423 4451 2522 4499 Καὶ
2565 4477 2634 4485 -
2684 4441 2922 4498 δικαίων.
2973 4446 3108 4504 Τοὺς
3154 4441 3344 4502 αύτούς
3394 4440 3528 4513 λέγει
3571 4446 3661 4493 xui
3714 4440 3959 4510 ἀπειθεῖς,

562 4529 994 4598 inobedientes,
1037 4529 1175 4602 quia
1195 4529 1275 4585 ad
1307 4529 1363 4583 id
1405 4545 1592 4601 usque
1617 4535 1852 4602 tempus
1882 4532 2118 4590 fuerant
2150 4534 2219 4591 in~

2348 4539 2414 4598 ὡς
2488 4536 2621 4608 ἄχρι
2705 4537 2820 4586 τότε
2903 4537 2974 4604 μὴ
3060 4533 3376 4591 πεισθέντας.
3459 4530 3792 4604 Ἐπιστρέψει
3871 4527 3962 4583 οὖν

564 4617 926 4674 obedientes.
957 4620 1265 4674 Convertet
1292 4634 1433 4686 ergo
1464 4619 1575 4674 hos
1609 4619 1684 4674 ad
1716 4622 2099 4692 prudentiam
2132 4622 2219 4681 bos

2351 4626 2539 4686 αύτούς
2582 4665 2597 4688 ,
2684 4623 2753 4684 εἰς
2867 4626 3116 4696 φρόνησιν
3211 4619 3453 4694 έναρέτων
3502 4661 3514 4682 ,
3603 4619 3677 4681 εἰς
3754 4623 3962 4672 σύνεσιν

565 4721 801 4771 norum,
837 4706 914 4761 ad
945 4706 1392 4776 intelligentiam
1425 4706 1846 4777 perfectorum.
2356 4713 2572 4766 τελείων.

640 4795 804 4850 Vers.
837 4796 920 4850 18.
960 4796 1033 4851 Ut
1065 4802 1238 4863 paret
1278 4825 1340 4836 -
1383 4806 1803 4865 praeparatam.
1841 4801 2219 4871 Prmparatan

2418 4802 2726 4873 Ἐτοιμοίσαι
2790 4830 2845 4840 οη
2900 4801 3398 4869 κατεσκευασμένον.
3472 4802 3962 4867 Κατεσκευασμένον

570 4899 674 4956 per
718 4884 1125 4956 paenitentiam
1155 4904 1166 4941 :
1204 4884 1295 4941 vel
1328 4891 1723 4957 prasparatam
1754 4888 1834 4944 ad
1866 4887 2069 4946 salutis
2111 4908 2219 4947 sus

2349 4900 2410 4964 τῇ
2491 4894 2757 4962 μετανοίᾳ,
2844 4889 2873 4947 ἣ
2969 4891 3446 4959 κατεσκευασμένον
3525 4885 3592 4946 εἰς
3680 4882 3964 4956 ὑποδοχὴν

572 4973 926 5048 captionem.

2356 4983 2640 5052 σωτηρίας.

644 5063 802 5120 Vers.
871 5067 961 5122 18.
1029 5065 1296 5137 Dixitque
1357 5065 1499 5120 suis.
1573 5064 1660 5121 Ad
1726 5071 2098 5125 senectutem
2164 5087 2219 5127 at

2425 5072 2524 5122 Kui
2564 5064 2672 5120 εἶπε
2720 5097 2788 5107 -
2834 5065 3017 5125 αὐτῆς.
3054 5068 3186 5138 Πρὸς
3223 5069 3281 5116 τὸ
3331 5071 3498 5138 γῆρας
3543 5069 3631 5116 καὶ
3681 5067 3776 5121 τήν
3808 5062 3963 5117 ἆσθέ-

571 5158 799 5211 natura
861 5153 1342 5217 imbecillitatem,
1385 5169 1593 5210 verum
1657 5170 1776 5210 non
1851 5163 2076 5215 attenta
2140 5159 2218 5215 De

2350 5178 2486 5212 νειαν
2536 5166 2632 5219 τῆς
2686 5158 2908 5228 φύσεως,
2971 5153 3078 5205 ἀλλ’
3144 5154 3203 5206 ού
3255 5156 3383 5226 πρὸς
3420 5158 3534 5230 ,τὴν
3589 5149 3813 5226 δύναμιν
3869 5162 3961 5206 τοῦ

645 5279 664 5310 ³
697 5275 892 5334 Matth.
926 5294 1004 5345 χι,
1044 5281 1126 5334 14.

1810 5413 2027 5483 Varias
2066 5415 2393 5485 lectiones
2427 5424 2492 5482 et
2524 5422 2726 5482 nota.

647 5581 756 5651 (cc)
814 5579 892 5634 De
931 5577 1230 5636 vocabulo
1272 5583 1478 5654 σίκερα,
1507 5581 1583 5636 ita
1623 5581 1800 5638 habet
1837 5584 2140 5642 Christost.
2197 5591 2216 5642 t

2349 5584 2742 5654 καταθλῶντες,
2777 5582 2851 5644 εἰς
2894 5583 3032 5633 οἴνου
3092 5583 3583 5654 μετασχηματίζειν
3633 5577 3961 5654 ῗύ-σινὶμΚαο

576 5651 668 5732 γι,
723 5655 976 5732 p._57‘:
1030 5654 1214 5732 Σίκερα
1259 5650 1480 5705 ἐνταῦθα
1505 5672 1662 5732 ,φησι
1716 5654 1815 5706 τῶν
1868 5660 2107 5727 φοινίκων
2154 5663 2240 5711 τόν
2351 5659 2568 5732 ρῳτικὸν
2615 5651 2674 5732 δέ
2726 5653 2838 5732 έστι
2882 5656 2941 5705 τὸ
2986 5650 3370 5719 τοιοῦτον,’κα”ὶ
3400 5653 3552 5725 μέθη.
3586 5650 3749 5707 Adde
3777 5650 3966 5707 Theo-

577 5717 744 5786 0’1r0v;
793 5723 844 5773 ὄν
910 5717 1239 5790 έπετήδεύον,
1315 5717 1668 5798 συντριϐοντες
1743 5732 1832 5777 τὸν
1875 5717 2088 5802 ’καρπόν
2156 5735 2244 5782 καὶ
2351 5717 2516 5801 'phyl.
2546 5743 2608 5800 p.
2639 5731 2767 5783 301.
