4188 6434
240 395 352 450 865

1389 377 1757 441 ΟΟΜΜΕΝΤ.
1802 375 1868 431 IN
1906 372 2167 429 LUCAM.
2208 401 2277 409 -
2317 367 2471 422 CAP.
2510 367 2545 420 l.

3510 363 3616 420 866

251 527 387 575 Θεοῦ
429 518 650 591 βλέψας,
697 516 789 568 οὐκ
820 515 1044 588 εύχερώς
1063 509 1383 588 παρεδέξατο
1423 513 1516 568 τὴν
1547 504 1850 578 ἐπαγγελίαν

2003 497 2198 559 irtute,
2245 492 2450 549 tardus
2478 496 2604 547 erat
2650 492 2729 547 ad
2768 485 3212 561 suscipiendam
3273 487 3448 543 foetus
3481 503 3616 560 pro-

247 618 311 668 τῆ
323 631 344 672 ς
374 617 548 680 γονῆς.

325 703 426 752 Καὶ
446 696 739 770 ἀποκριθεὶς
769 725 836 734 —
864 701 1048 748 ταῦτα.
1087 699 1216 745 Ποῖα
1239 709 1252 759 ;
1275 693 1301 749 ἡ
1321 693 1580 762 γέννησις,
1617 681 1851 746 δηλαδὴ,

249 794 341 842 καὶ
363 790 393 846 ἡ
427 786 617 847 κλῆσις
639 792 728 838 τοῦ
751 785 1016 856 ὀνόματος.

318 877 463 930 Ἀνθ’
494 875 561 926 ὧν
601 905 668 914 -
706 893 828 946 μου.
855 878 978 934 Τοῖς
995 875 1113 945 περὶ
1139 873 1352 924 τούτων.

320 1073 525 1132 Οἶτινες
561 1101 628 1110 -
661 1069 847 1122 αὐτῶν.
891 1067 974 1127 Εἰς
1001 1069 1086 1119 τὸν
1115 1085 1209 1118 καν
1239 1067 1418 1140 καιρὸν
1454 1069 1544 1123 τῆς
1571 1065 1854 1134 γεννήσεως

249 1166 339 1213 καὶ
383 1169 474 1220 τῆς
518 1158 774 1218 κλήσεως.
827 1154 965 1230 Ὀρα
1017 1151 1094 1221 δε,
1147 1157 1226 1206 ὃτι
1280 1150 1373 1206 ὃιά
1415 1157 1509 1210 τὴν
1557 1155 1724 1224 φωνην
1765 1157 1855 1210 τῆς

251 1250 502 1309 ἀπιστίας
532 1247 792 1319 ἐπεσχέθη
833 1250 926 1304 τὴν
953 1249 1146 1317 φωνήν,

329 1450 428 1500 Καὶ
460 1476 528 1486 -
559 1447 851 1519 Ζαχαρίαν.
885 1437 1334 1514 Ἀπεκδεχόμενος
1365 1438 1506 1511 (15).

327 1647 431 1696 Καὶ
480 1671 549 1682 -
587 1643 772 1713 κωφός.
825 1639 900 1692 Ού
952 1643 1104 1711 μόνον
1154 1641 1255 1713 γὰρ
1306 1637 1565 1711 ἐπεσχέθη
1615 1641 1708 1696 τὴν
1763 1657 1862 1708 φω-

247 1737 364 1804 νὴν,
429 1730 560 1783 ἀλλά
606 1735 695 1782 καὶ
750 1733 843 1788 τὴν
901 1727 1080 1794 ἀκοὴν,
1139 1731 1207 1790 ὡς
1260 1731 1392 1801 μετά
1467 1725 1715 1788 ἀπιστίας
1772 1729 1860 1778 καὶ

1965 585 2328 641 missionem.

2031 674 2198 729 Vers.
2231 672 2317 726 19.
2337 671 2412 724 Εἰ
2435 668 2762 740 respondens
2780 699 2844 710 —
2867 667 3004 723 haec.
3039 667 3328 732 Quasnam
3350 663 3378 720 ?
3406 665 3616 723 nativi-

1962 766 2051 819 tas
2075 759 2364 824 videlicet,
2399 774 2468 814 ac
2499 757 2760 813 nominis
2788 756 3116 829 impositio.

2031 850 2201 908 Vers.
2232 852 2326 906 20.
2361 847 2446 904 Eo
2485 846 2629 919 quod
2649 877 2716 888 —
2740 846 2900 903 meis.
2937 846 3078 911 Quae
3109 843 3184 900 de
3213 842 3307 899 his
3335 848 3502 902 erant
3530 859 3619 900 re-

1962 939 2101 998 bus.

2035 1031 2175 1083 Vers
2215 1029 2302 1083 20.
2337 1026 2473 1091 Quae
2505 1055 2572 1066 —
2622 1040 2746 1081 suo.
2777 1023 3086 1096 tTempore
3140 1021 3417 1080 videlicet
3470 1023 3619 1079 nati-

1964 1117 2160 1174 vitatis
2214 1132 2284 1172 ac
2341 1115 2602 1171 nominis
2667 1113 3096 1186 impositionis.
3180 1113 3324 1168 Vide
3397 1117 3615 1178 autem,

1965 1206 2131 1280 quod
2169 1212 2411 1278 propter
2436 1219 2648 1260 vocem
2689 1202 3120 1261 incredulitatis
3161 1207 3386 1258 retenta
3422 1217 3492 1258 ac
3521 1217 3618 1259 co-

1965 1295 2154 1352 hibita
2183 1301 2272 1351 est
2300 1295 2380 1350 illi
2401 1310 2543 1352 vox.

2039 1385 2208 1442 Vers.
2240 1385 2301 1438 21
2320 1428 2333 1442 .
2372 1384 2446 1440 Et
2471 1415 2540 1425 —
2566 1382 2922 1441 Zachariam.
2951 1382 3036 1453 -Η-
3063 1381 3454 1453 Exspectans.

2039 1666 2207 1725 Vers.
2255 1666 2349 1720 2i.
2396 1664 2471 1718 Et
2527 1692 2596 1704 —
2643 1661 2808 1716 Vers.
2863 1661 2950 1716 22.
3009 1665 3207 1714 mutus.
3270 1660 3450 1732 κωφὸς
3489 1657 3623 1731 (pro

1969 1770 2091 1827 quo
2120 1755 2215 1810 hic
2237 1753 2531 1808 habemus
2560 1753 2790 1815 mutum)
2821 1749 3117 1820 signiﬁcat
3141 1748 3320 1804 etiam
3347 1749 3622 1805 surdum.

248 1821 486 1881 ἀκούσας
529 1825 620 1872 καὶ
651 1823 915 1892 φωνήσας.
967 1824 1264 1891 Προεμηνυε
1309 1814 1368 1870 δε
1415 1820 1444 1876 ἠ
1497 1825 1586 1870 τοῦ
1637 1823 1859 1889 γηραιοῦ

1996 1814 2168 1915 ieque
2189 1841 2348 1900 enim
2371 1840 2497 1896 sola
2535 1856 2643 1895 vox
2676 1839 2756 1894 illi
2775 1814 2978 1895 ablata
3003 1843 3112 1902 est,
3141 1837 3246 1893 sed
3273 1841 3330 1894 et
3358 1837 3620 1903 auditus,

248 1913 422 1985 ἱερέως
475 1912 601 1980 σιγὴ
650 1912 737 1966 τὴν
772 1915 867 1968 τῆς
895 1906 1118 1969 παλαιᾶς
1168 1909 1447 1982 ἱερωσύνης
1493 1911 1577 1958 καὶ
1621 1905 1860 1979 λατρείας

247 2005 432 2072 σιγήν.

328 2200 431 2248 Καὶ
463 2192 660 2265 ἐγένετο
705 2224 772 2234 —
802 2193 982 2247 αὐτοῦ.
1015 2197 1130 2267 Χρὴ
1162 2196 1260 2265 γάρ
1311 2196 1396 2245 τόν
1434 2195 1569 2265 ἱερέα
1603 2191 1858 2254 παντελῶς

259 2284 551 2355 ἀπέχεσθαι
594 2292 690 2344 τῆς
739 2283 923 2334 ἑαυτοῦ
969 2287 1217 2354 γυναικὸς
1261 2282 1308 2334 ἐν
1351 2290 1465 2345 ταῖς
1511 2285 1727 2356 ἡμέραις
1770 2291 1861 2342 τῆς

263 2374 572 2446 λειτουργίας
612 2373 794 2423 αὐτοῦ’
837 2378 1002 2424 Τοῦτο
1052 2374 1153 2444 γάρ
1185 2376 1270 2422 καὶ
1324 2373 1350 2422 ό
1394 2374 1526 2432 θεῖος
1554 2373 1862 2444 ὑπαγορεύει

269 2465 475 2533 θεσμός.
549 2461 838 2535 Πληρώσας
911 2457 969 2513 δὲ
1024 2463 1210 2521 ταύτας
1278 2462 1304 2512 ὁ
1357 2466 1632 2536 Ζαχαρίας
1687 2461 1862 2513 λοιπὸν

259 2551 484 2610 συνῆλθε
536 2559 596 2623 τῇ
641 2558 838 2622 γαμετῇ
899 2554 1060 2601 αὐτοῦ
1118 2546 1211 2602 διὰ
1267 2555 1358 2608 την
1414 2550 1722 2622 ἐπαγγελίαν
1771 2557 1866 2612 τῆς

248 2649 438 2712 γονῆς,
473 2636 780 2701 παιδευθεὶς
809 2646 869 2710 τῇ
904 2639 1077 2712 πληγῇ
1111 2647 1203 2701 τῆς
1239 2647 1440 2702 σιωπῆς
1473 2642 1734 2693 πιστεύειν
1763 2646 1868 2700 τοῖς

254 2738 349 2782 τοῦ
389 2727 614 2800 ἀγγέλου
643 2729 868 2802 ῥήμασι.

331 2823 434 2872 Καὶ
492 2848 564 2858 -
610 2822 775 2869 πέντε.
822 2813 1114 2889 Αἱδουμένη
1161 2825 1253 2876 την
1291 2821 1517 2891 γηραιάν
1552 2824 1641 2871 καὶ
1685 2818 1868 2892 ἔξωρον

251 2911 565 2979 κυοφορίαν,
600 2906 694 2968 ἕως
722 2905 782 2958 οὔ
813 2906 925 2977 (16)
956 2911 1046 2958 καὶ
1077 2907 1106 2964 ἠ
1145 2907 1398 2982 Παρθένος
1425 2906 1686 2960 συνέλαϐε.

334 3107 588 3174 Λέγουσα
655 3131 719 3142 —
774 3099 1084 3173 ἀνθρώποις.
1128 3100 1248 3154 Ὅτε
1304 3099 1600 3160 ηὐδόκησεν
1675 3101 1870 3174 ἀφελεῖν

258 3195 319 3244 τὸ
362 3190 413 3243 ἰν
445 3189 736 3266 ἀνθρώποῑς
770 3187 963 3251 ὄνειδός
996 3210 1118 3263 μου,
1146 3195 1204 3243 τὸ
1232 3189 1314 3243 ἐπὶ
1342 3199 1403 3263 τῇ
1452 3190 1686 3263 ἀτεκνίᾳ.
1740 3199 1850 3267 Παρ

265 3281 518 3354 Εϐραίοις
574 3283 664 3352 μεν
710 3282 809 3352 γάρ
856 3276 1048 3340 ὄνειδος
1088 3277 1148 3338 ἦν
1193 3282 1222 3338 ἡ
1274 3281 1507 3355 ἀκαρπία
1558 3277 1649 3333 τοῦ
1692 3288 1867 3354 σώμα-

259 3390 368 3430 τος,
447 3366 532 3422 οἷα
617 3388 1068 3444 σωματικωτεροις
1100 3389 1111 3401 ·
1167 3373 1310 3444 παρά
1395 3369 1453 3422 δε
1535 3377 1871 3444 Χριστιανοίς

262 3456 466 3520 ὄνειδος
524 3459 553 3516 ἡ
615 3457 848 3532 ἀκαρπία
917 3465 1012 3521 τῆς
1069 3457 1272 3530 ψυχῆς,
1345 3457 1432 3512 οἶα
1512 3478 1868 3532 πνευματικωο

262 3554 451 3622 τέροις.

340 3745 424 3797 Ἐν
479 3740 539 3796 δε
587 3753 658 3816 τῷ
708 3748 834 3817 μηνὶ
879 3752 950 3815 τῷ
1006 3745 1137 3816 ἕκτῳ
1175 3777 1240 3786 --
1283 3747 1522 3821 Μαριάμ..
1559 3748 1870 3822 [Γρηγορίου

267 3836 509 3896 Νύσσης.
564 3834 654 3886 Ἐν
701 3836 810 3905 (17)
854 3833 1024 3905 ἐκίενῳ
1072 3844 1143 3905 τῷ
1191 3844 1354 3909 καιρῷ
1413 3837 1437 3887 ὁ
1503 3836 1874 3910 εὐαγγελισμός

267 3931 362 3983 τῆς
412 3927 706 3994 παρουσίας
762 3931 852 3975 τοῦ
911 3931 1143 3998 Σωτῆρος
1197 3929 1389 3996 γέγονε,
1445 3927 1562 3978 καθ’
1608 3925 1661 3977 ὃν
1705 3929 1734 3984 ἡ
1785 3926 1876 3989 νὺξ

270 4009 355 4064 ἐπὶ
417 4015 476 4062 τὸ
507 4009 790 4086 ἀκρότατον
851 4020 1014 4084 μῆκος
1067 4013 1411 4088 προελθοῦσα,
1465 4017 1743 4087 μειοῦσθαι
1786 4021 1875 4068 καὶ

269 4098 538 4175 ὑπορρέειν
596 4102 842 4172 ἄρχεται,
909 4109 1002 4163 τῆς
1059 4103 1251 4176 ἡμέρας
1306 4102 1483 4155 λοιπὸν
1533 4104 1876 4176 αὐξανομένης

267 4194 358 4241 καὶ
410 4194 832 4262 προκοπτούσης,
907 4191 990 4242 ἵνα
1052 4194 1222 4264 μάθῃς
1273 4193 1352 4244 ὅτι
1427 4198 1516 4244 καὶ
1578 4198 1634 4245 τὸ
1697 4200 1875 4254 σκότος

270 4287 363 4338 τῆς
411 4276 652 4342 ἀσεϐείας
696 4284 786 4332 καὶ
833 4287 928 4341 τῆς
966 4280 1220 4354 ἁμαρτίας
1249 4282 1383 4355 ἄχρι
1415 4286 1526 4333 τότε
1572 4284 1773 4354 φθάσαν
1805 4284 1878 4346 εἰς

268 4369 484 4440 μέγεθος
567 4373 752 4430 κακίας
817 4374 906 4420 καὶ
981 4372 1295 4444 κορυφωθεν,
1379 4372 1552 4422 ἔκτοτε
1628 4370 1870 4443 ἀνεκόπη,

269 4461 363 4508 καὶ
435 4460 562 4530 πρὸς
626 4457 851 4528 ἔκλειψιν
929 4463 1019 4510 καὶ
1085 4457 1373 4530 ἀφανισμόν
1453 4459 1718 4527 ἠλαύνετο,
1783 4470 1874 4514 τοῦ

271 4549 436 4618 φωτός
493 4541 601 4603 ἤδη
647 4555 737 4608 τῆς
802 4545 1063 4608 εὐσεϐείας
1116 4553 1204 4599 καὶ
1261 4545 1448 4623 ἀρετῆς
1511 4557 1721 4611 νινῶτος
1785 4537 1954 4604 καιῙ)

271 4633 690 4708 πλεονάζοντος]

346 4722 428 4775 Ἐν
461 4731 530 4794 τῷ
559 4729 684 4796 μηνὶ
734 4733 805 4794 τῷ
845 4725 974 4798 ἕκτῳ
1009 4734 1102 4786 τῆς
1129 4731 1425 4800 κυοφορίας,
1467 4729 1549 4782 ὅτε
1590 4729 1619 4787 ἠ
1675 4735 1877 4802 γαστὴρ

271 4812 495 4884 ὠγκὼθη
526 4820 586 4871 τῆ
599 4834 620 4875 ς
645 4813 940 4869 Ἐλισάϐετ.

347 4907 786 4975 Μεμνηστευμένη
848 4900 907 4956 δε
964 4899 1026 4962 ἦν
1076 4905 1107 4963 ἠ
1169 4907 1441 4978 Παρθένος,
1486 4908 1569 4960 ἵνα
1603 4907 1733 4983 λάθῃ
1792 4914 1877 4963 τόν

273 4986 520 5042 διάϐολον
576 4993 605 5050 ἡ
661 4996 898 5064 γέννησις
946 5001 1034 5046 τοῦ
1082 5001 1336 5068 Χριστοῦ.
1408 5001 1508 5049 Καὶ
1559 5001 1656 5072 γὰρ
1723 5002 1879 5058 ἤκουε

270 5098 376 5131 των
435 5089 708 5155 προφητῶν
787 5082 1256 5154 καταγγελλόδτων,
1333 5086 1410 5137 ὅτι
1480 5085 1536 5137 ἐκ
1619 5090 1874 5161 παρθένου

268 5169 585 5241 γεννηθῆναι
641 5170 828 5243 μέλλεν
893 5179 982 5224 καὶ
1055 5169 1147 5224 δ’ιά
1215 5180 1370 5226 τοῦτο
1451 5181 1731 5251 παρετήρει
1785 5183 1874 5242 τάς

269 5260 580 5332 παρθένους,
639 5261 721 5312 ἶνα
773 5262 884 5313 οἷαν
936 5259 1028 5334 ἴδη
1087 5270 1463 5338 κυοφοροῦσαν,
1517 5270 1634 5339 περὶ
1681 5269 1872 5328 ταύτην

268 5343 511 5420 παγίδας
565 5349 832 5424 καταπήξη
889 5358 980 5412 τῆς
1031 5357 1377 5425 κακοτεχνίας
1432 5352 1613 5407 αὐτοῦ.
1675 5359 1873 5409 Λοιπὸν

1969 1948 2040 1989 eo
2069 1931 2236 2004 quod
2287 1947 2424 1986 cum
2480 1929 2890 1984 incredulitate
2946 1927 3212 1984 audisset
3259 1943 3327 1982 ac
3387 1925 3624 1982 locutus

1968 2021 2196 2078 fuisset.
2227 2019 2832 2090 Signiﬁcabatautem
2859 2017 3158 2073 silentium
3187 2016 3512 2072 sacerdotis
3539 2032 3626 2072 se-

1967 2110 2079 2177 nis,
2109 2109 2318 2166 veteris
2344 2107 2675 2170 sacerdotii,
2709 2107 3022 2179 cultusque
3053 2107 3535 2162 taciturnitatem.

2039 2196 2206 2250 Vers.
2237 2198 2325 2249 23.
2353 2195 2416 2249 Et
2444 2195 2650 2262 factum
2686 2223 2748 2231 —
2777 2193 2934 2247 Vers.
2969 2195 3058 2247 24.
3107 2192 3244 2262 ejus.
3303 2191 3628 2264 Oportebat

1969 2299 2230 2357 namque
2260 2283 2629 2339 sacerdotem
2675 2280 2924 2337 omnino
2977 2280 3276 2336 abstinere
3307 2296 3343 2335 a
3381 2280 3625 2352 propria

1972 2389 2156 2429 uxore
2185 2373 2246 2426 in
2276 2370 2486 2426 diebus
2509 2369 2818 2425 ministerii
2844 2369 2936 2425 sui
2967 2386 2979 2424 :
3014 2369 3129 2425 hoc
3153 2369 3313 2424 enim
3341 2377 3397 2424 et
3427 2369 3629 2424 divina

1971 2460 2061 2517 lex
2094 2459 2394 2532 precepit.
2435 2459 2534 2512 His
2555 2464 2758 2514 autem
2786 2457 3117 2528 completis,
3156 2471 3514 2526 congressus
3539 2462 3630 2512 est

1974 2549 2292 2606 Zacharias
2317 2564 2456 2603 cum
2493 2563 2670 2603 uxore
2719 2562 2828 2602 sua
2858 2551 3095 2618 propter
3132 2547 3494 2618 promissum
3525 2544 3633 2601 fae-

1977 2646 2129 2766 tumi,
2161 2637 2378 2766 siltentii
2428 2635 2666 2708 ﬂagello
2697 2636 2966 2700 edoctus,
3020 2641 3084 2691 ut
3114 2635 3394 2708 angelicis
3432 2635 3631 2692 verbis

1977 2726 2074 2766 cre
2119 2726 2217 2766 ere
2247 2750 2261 2766 .

1977 2726 2261 2768 crederet.

2051 2801 2213 2855 Vers.
2244 2800 2334 2854 24.
2388 2798 2465 2852 Et
2512 2827 2582 2838 —
2621 2796 2873 2869 quinque.
2922 2795 3310 2862 Erubescens,
3367 2811 3438 2853 eo
3467 2795 3633 2868 quod

1978 2894 2136 2946 esset
2163 2887 2362 2944 senior
2386 2902 2456 2943 ac
2480 2886 2912 2958 intempestiva,
2942 2901 3080 2958 qua
3107 2901 3424 2958 praegnans
3448 2885 3631 2954 ﬁeret,

1977 2978 2167 3034 donec
2195 2978 2360 3048 virgo
2383 2976 2561 3033 etiam
2587 2975 2876 3048 concepit.

2051 3067 2221 3122 Vers.
2267 3069 2355 3121 24.
2387 3065 2580 3122 Dicam
2607 3096 2676 3105 —
2716 3065 2876 3120 Vers.
2917 3067 3006 3120 25.
3058 3064 3319 3121 homines.
3381 3064 3636 3131 Quando

1858 3191 1870 3213 ε
1910 3187 1950 3243 C
1979 3154 2377 3222 beneplacuit,
2411 3161 2474 3210 ut
2498 3155 2754 3210 auferret
2777 3153 3172 3225 opprobrium
3216 3169 3440 3217 meum,
3476 3153 3631 3224 quod

1981 3244 2146 3316 apud
2172 3243 2445 3300 homines
2468 3249 2612 3309 erat,
2645 3258 2715 3298 eo
2745 3241 2912 3313 quod
2941 3241 3104 3313 prole
3137 3257 3420 3298 carerem.
3456 3241 3636 3313 Apud

1982 3333 2261 3389 Hebrmos
2291 3331 2590 3404 siquidem
2620 3331 2841 3404 probro
2863 3331 3118 3387 dabatur
3138 3346 3461 3402 corporum
3475 3331 3636 3386 steri-

1981 3421 2136 3494 litas,
2170 3425 2373 3493 utpote
2402 3421 2507 3493 qui
2536 3420 2732 3489 magis
2765 3420 3036 3476 carnales
3059 3426 3228 3476 erant
3253 3435 3324 3475 ac
3363 3435 3633 3490 corpora«

1981 3511 2066 3568 les
2096 3529 2110 3580 ;
2153 3510 2316 3583 apud
2347 3509 2707 3568 Christianos
2751 3524 2894 3565 vero
2949 3509 3167 3582 probro
3197 3509 3374 3565 datur
3403 3509 3641 3565 anima-

1981 3617 2117 3658 rum
2143 3600 2436 3665 sterilitas,
2468 3605 2752 3671 tanquam
2775 3599 2969 3669 magis
2999 3598 3362 3672 spirituales.

2055 3689 2221 3746 Vers.
2251 3693 2340 3746 26.
2372 3690 2544 3744 Sexto
2580 3695 2757 3743 autem
2782 3704 2958 3744 mense
2994 3719 3062 3728 —
3111 3689 3269 3744 Vers.
3311 3693 3400 3744 27.
3427 3687 3636 3744 Maria.

1983 3781 2070 3852 -ι-αι·
2099 3779 2364 3851 Gregorii
2393 3782 2436 3836 Ν
2439 3779 2642 3852 ysseni
2663 3796 2676 3834 :
2695 3777 2797 3836 Illo
2809 3787 3070 3852 tempore
3088 3779 3400 3834 nuntiatus
3427 3783 3515 3834 est
3535 3777 3639 3834 ad-

1986 3876 2200 3926 ventus
2212 3868 2556 3935 Servatoris,
2573 3884 2696 3941 quo
2713 3884 2832 3925 nox
2849 3873 3176 3925 extremam
3199 3868 3638 3939 longitudinem

1986 3968 2177 4026 nacta,
2206 3959 2417 4028 minui,
2443 3965 2500 4015 et
2528 3959 2818 4032 paulatim
2859 3975 3212 4016 evanescere
3250 3960 3474 4031 incipit,
3501 3975 3640 4015 cum

1983 4051 2110 4123 jam
2138 4050 2263 4106 dies
2286 4049 2574 4119 augeatur
2605 4066 2675 4106 ac
2705 4049 2945 4105 ulterius
2983 4049 3270 4122 procedat
3307 4066 3320 4115 ;
3357 4056 3419 4105 ut
3447 4049 3644 4105 discas

1987 4139 2261 4195 tenebras
2304 4139 2621 4209 impietatis
2659 4142 2717 4193 et
2755 4145 3132 4208 peccatorum
3179 4155 3244 4194 eo
3289 4153 3479 4208 usque
3507 4155 3642 4208 pro-

1988 4243 2224 4298 gressas
2279 4228 2357 4282 ad
2389 4227 3264 4298 magnitudinemimprobitatis
3281 4242 3350 4281 ac
3368 4227 3640 4282 cumula-

1989 4322 2098 4383 tas,
2140 4316 2356 4372 exinde
2381 4315 2497 4372 tolli
2531 4322 2710 4387 atque
2735 4317 2888 4372 adeo
2901 4315 3152 4370 deﬁcere
3178 4321 3236 4371 et
3255 4329 3634 4379 evanescere,

1989 4420 2128 4461 cum
2153 4404 2278 4475 iam
2299 4404 2545 4476 pietates
2585 4408 2642 4460 et
2662 4404 2892 4460 virtutis
2912 4403 3017 4459 lux
3047 4403 3246 4459 vincat
3272 4407 3329 4458 et
3348 4401 3636 4460 abundet.

2061 4727 2236 4784 Sexto
2262 4741 2488 4794 mense,
2521 4731 2833 4799 postquam
2865 4740 3184 4798 praegnans
3214 4726 3423 4786 effecta
3446 4728 3644 4786 fuerat

1987 4816 2304 4888 Elizabeth,
2336 4832 2475 4872 cum
2501 4817 2629 4887 ejus
2657 4821 2852 4872 uterus
2885 4817 3328 4874 intumesceret.

2059 4910 2434 4979 Desponsata
2458 4913 2658 4962 autem
2684 4911 2810 4962 erat
2835 4905 3030 4976 Virgo,
3065 4916 3128 4962 ut
3154 4906 3467 4965 diabolum
3501 4907 3645 4966 late-

1986 5001 2073 5052 ret
2126 4996 2334 5052 Christi
2385 4996 2681 5052 nativitas.
2750 4995 3034 5052 Audierat
3097 4996 3260 5053 enim
3314 4999 3640 5070 prophetas

1989 5085 2396 5153 annuntiasse,
2425 5086 2591 5158 quod
2611 5094 2766 5141 esset
2791 5102 2821 5141 e
2839 5086 3066 5156 virgine
3085 5089 3416 5143 nasciturus
3435 5105 3452 5154 ;
3477 5089 3640 5146 idem

1985 5192 2103 5249 que
2121 5177 2378 5246 virgines
2390 5176 2768 5243 observabat,
2791 5174 2914 5230 utsi
2935 5191 3119 5248 quam
3137 5177 3197 5232 in
3215 5184 3378 5233 utero
3400 5185 3636 5249 gestare

1986 5266 2224 5328 videret.
2255 5267 2413 5322 circa
2430 5265 2586 5322 hanc
2610 5265 3024 5322 fraudulentiaa
3043 5282 3166 5322 sum
3182 5267 3433 5340 laqueos
3454 5284 3644 5342 appo-

1987 5362 2174 5414 neret.
2197 5356 2420 5413 Placuit
2447 5359 2648 5428 itaque
2680 5359 2817 5427 Deo,
2842 5360 2903 5412 ut
2929 5355 3126 5430 Virgo,
3155 5373 3293 5431 quae
3315 5358 3381 5414 in
3408 5358 3650 5418 habita-

1498 5469 1715 5540 Variaa
1734 5473 2062 5546 lectiones
2102 5483 2166 5544 et
2207 5483 2414 5542 nota.

345 5601 461 5681 (l5)
501 5601 1106 5681 Apudlientenium,
1158 5603 1274 5663 hoc
1315 5602 1606 5663 vocabulo
1636 5612 1886 5681 praeter-

266 5676 465 5736 misso
492 5676 680 5732 textus
695 5677 936 5748 junctus
961 5681 1067 5735 est.

351 5748 464 5824 (ιε)
499 5753 602 5804 Καὶ
632 5749 800 5807 abest
820 5753 891 5805 A.

1991 5681 2025 5695 η
2064 5609 2177 5695 (1.7)
2206 5609 2342 5695 time
2374 5612 2620 5684 uterque
2651 5623 2818 5667 meus
2842 5607 2906 5666 in
2927 5607 3212 5682 margine
3242 5609 3443 5670 habet.
3479 5610 3651 5672 Caret

1989 5685 2066 5741 iis
2093 5685 2440 5740 Hentenius.
