  <div class='ocr_page' id='page_1' title='image "/cluster/home/n/w/nwhite01/storage/ocr_20150623/129/hvd.32044019208511/467.png"; bbox 0 0 4188 6470; ppageno 0'>
   <div class='ocr_carea' id='block_1_1' title="bbox 555 383 3933 481">
    <p class='ocr_par' dir='ltr' id='par_1_1' title="bbox 555 383 3933 481">
     <span class='ocr_line' id='line_1_1' title="bbox 555 383 3933 481; baseline -0.015 1"><span class='ocrx_word' id='word_1_1' title='bbox 555 420 656 481; x_wconf 77' lang='lat'>867</span> <span class='ocrx_word' id='word_1_2' title='bbox 1889 397 2221 466; x_wconf 77' lang='lat' dir='ltr'>EUTllYMIl</span> <span class='ocrx_word' id='word_1_3' title='bbox 2259 389 2591 455; x_wconf 80' lang='lat' dir='ltr'>ZIGABENI</span> <span class='ocrx_word' id='word_1_4' title='bbox 3833 383 3933 444; x_wconf 77' lang='lat'>368</span> 
     </span>
    </p>
   </div>
   <div class='ocr_carea' id='block_1_2' title="bbox 553 509 2207 614">
    <p class='ocr_par' dir='ltr' id='par_1_2' title="bbox 553 533 2203 614">
     <span class='ocr_line' id='line_1_2' title="bbox 553 533 2203 614; baseline -0.013 -9"><span class='ocrx_word' id='word_1_5' title='bbox 553 550 756 606; x_wconf 90' lang='lat' dir='ltr'>culum</span> <span class='ocrx_word' id='word_1_6' title='bbox 800 562 976 602; x_wconf 90' lang='lat' dir='ltr'>suum</span> <span class='ocrx_word' id='word_1_7' title='bbox 1025 543 1400 614; x_wconf 83' lang='lat' dir='ltr'>segreganda</span> <span class='ocrx_word' id='word_1_8' title='bbox 1447 546 1590 605; x_wconf 89' lang='lat' dir='ltr'>erat,</span> <span class='ocrx_word' id='word_1_9' title='bbox 1645 540 1768 595; x_wconf 89' lang='lat' dir='ltr'>viro</span> <span class='ocrx_word' id='word_1_10' title='bbox 1835 533 2203 605; x_wconf 82' lang='lat' dir='ltr'>desponsata</span> 
     </span>
    </p>
   </div>
   <div class='ocr_carea' id='block_1_3' title="bbox 2276 509 3930 614">
    <p class='ocr_par' dir='ltr' id='par_1_3' title="bbox 2276 509 3930 592">
     <span class='ocr_line' id='line_1_3' title="bbox 2276 509 3930 592; baseline -0.008 -13"><span class='ocrx_word' id='word_1_11' title='bbox 2276 570 2281 579; x_wconf 68' lang='grc'><em>,</em></span> <span class='ocrx_word' id='word_1_12' title='bbox 2314 521 2400 577; x_wconf 77' lang='grc' dir='ltr'>οὖν</span> <span class='ocrx_word' id='word_1_13' title='bbox 2433 525 2458 575; x_wconf 86' lang='grc' dir='ltr'><strong><em>ὁ</em></strong></span> <span class='ocrx_word' id='word_1_14' title='bbox 2490 527 2620 584; x_wconf 83' lang='grc' dir='ltr'>Θεὸς</span> <span class='ocrx_word' id='word_1_15' title='bbox 2669 517 2926 578; x_wconf 78' lang='grc' dir='ltr'>εὐδοκησε</span> <span class='ocrx_word' id='word_1_16' title='bbox 2956 517 3346 592; x_wconf 79' lang='grc' dir='ltr'>μνηστευθῆναι</span> <span class='ocrx_word' id='word_1_17' title='bbox 3397 509 3552 588; x_wconf 79' lang='grc' dir='ltr'>ἀνδρὶ</span> <span class='ocrx_word' id='word_1_18' title='bbox 3604 517 3702 572; x_wconf 76' lang='grc' dir='ltr'>τὴν</span> <span class='ocrx_word' id='word_1_19' title='bbox 3755 511 3930 586; x_wconf 76' lang='grc' dir='ltr'>ἀφορι-</span> 
     </span>
    </p>
   </div>
   <div class='ocr_carea' id='block_1_4' title="bbox 555 605 2209 703">
    <p class='ocr_par' dir='ltr' id='par_1_4' title="bbox 555 618 2203 703">
     <span class='ocr_line' id='line_1_4' title="bbox 555 618 2203 703; baseline -0.014 -9"><span class='ocrx_word' id='word_1_20' title='bbox 555 643 729 703; x_wconf 80' lang='lat' dir='ltr'>esset,</span> <span class='ocrx_word' id='word_1_21' title='bbox 764 643 828 692; x_wconf 92' lang='lat' dir='ltr'>ut</span> <span class='ocrx_word' id='word_1_22' title='bbox 857 637 970 692; x_wconf 87' lang='lat' dir='ltr'>hac</span> <span class='ocrx_word' id='word_1_23' title='bbox 1002 635 1225 698; x_wconf 89' lang='lat' dir='ltr'>relicta,</span> <span class='ocrx_word' id='word_1_24' title='bbox 1261 633 1722 703; x_wconf 89' lang='lat' dir='ltr'>indesponsatas</span> <span class='ocrx_word' id='word_1_25' title='bbox 1757 623 2069 697; x_wconf 88' lang='lat' dir='ltr'>improbus</span> <span class='ocrx_word' id='word_1_26' title='bbox 2110 618 2203 674; x_wconf 85' lang='lat' dir='ltr'>ille</span> 
     </span>
    </p>
   </div>
   <div class='ocr_carea' id='block_1_5' title="bbox 2271 605 3925 703">
    <p class='ocr_par' dir='ltr' id='par_1_5' title="bbox 2317 605 3925 682">
     <span class='ocr_line' id='line_1_5' title="bbox 2317 605 3925 682; baseline -0.007 -15"><span class='ocrx_word' id='word_1_27' title='bbox 2317 617 2529 667; x_wconf 77' lang='grc' dir='ltr'>σθεῖσαν</span> <span class='ocrx_word' id='word_1_28' title='bbox 2606 613 2675 674; x_wconf 86' lang='grc' dir='ltr'>εἰς</span> <span class='ocrx_word' id='word_1_29' title='bbox 2752 614 3154 682; x_wconf 66' lang='grc' dir='ltr'>κατοικητήριον</span> <span class='ocrx_word' id='word_1_30' title='bbox 3232 606 3390 658; x_wconf 77' lang='grc' dir='ltr'>αὑτοῦ</span> <span class='ocrx_word' id='word_1_31' title='bbox 3459 605 3746 677; x_wconf 80' lang='grc' dir='ltr'>Παρθένον,</span> <span class='ocrx_word' id='word_1_32' title='bbox 3829 606 3925 670; x_wconf 85' lang='grc' dir='ltr'>ἱνα,</span> 
     </span>
    </p>
   </div>
   <div class='ocr_carea' id='block_1_6' title="bbox 554 695 2208 788">
    <p class='ocr_par' dir='ltr' id='par_1_6' title="bbox 554 695 2206 788">
     <span class='ocr_line' id='line_1_6' title="bbox 554 695 2206 788; baseline -0.012 -4"><span class='ocrx_word' id='word_1_33' title='bbox 554 695 912 784; x_wconf 78' lang='lat' dir='ltr'>observaret.</span> <span class='ocrx_word' id='word_1_34' title='bbox 969 695 1221 779; x_wconf 13' lang='lat' dir='ltr'>Dictum:</span> <span class='ocrx_word' id='word_1_35' title='bbox 1254 728 1342 778; x_wconf 91' lang='lat' dir='ltr'>est</span> <span class='ocrx_word' id='word_1_36' title='bbox 1377 695 1576 777; x_wconf 80' lang='lat' dir='ltr'>autem</span> <span class='ocrx_word' id='word_1_37' title='bbox 1629 720 1697 773; x_wconf 91' lang='lat' dir='ltr'>de</span> <span class='ocrx_word' id='word_1_38' title='bbox 1737 695 1960 788; x_wconf 81' lang='lat' dir='ltr'>sponso</span> <span class='ocrx_word' id='word_1_39' title='bbox 2014 712 2206 769; x_wconf 82' lang='lat' dir='ltr'>Matris</span> 
     </span>
    </p>
   </div>
   <div class='ocr_carea' id='block_1_7' title="bbox 2272 695 3926 788">
    <p class='ocr_par' dir='ltr' id='par_1_7' title="bbox 2316 695 3926 774">
     <span class='ocr_line' id='line_1_7' title="bbox 2316 695 3926 774; baseline -0.007 -19"><span class='ocrx_word' id='word_1_40' title='bbox 2316 707 2512 764; x_wconf 76' lang='grc' dir='ltr'>ταύτης</span> <span class='ocrx_word' id='word_1_41' title='bbox 2567 704 2591 753; x_wconf 90' lang='lat'>6</span> <span class='ocrx_word' id='word_1_42' title='bbox 2635 704 2852 774; x_wconf 83' lang='grc' dir='ltr'>πονηρὸς</span> <span class='ocrx_word' id='word_1_43' title='bbox 2911 697 3160 760; x_wconf 81' lang='grc' dir='ltr'>ἀποστὰς,</span> <span class='ocrx_word' id='word_1_44' title='bbox 3195 698 3288 756; x_wconf 80' lang='grc' dir='ltr'>τὰς</span> <span class='ocrx_word' id='word_1_45' title='bbox 3333 695 3724 766; x_wconf 75' lang='grc' dir='ltr'>ἁμνηστεύτους</span> <span class='ocrx_word' id='word_1_46' title='bbox 3766 713 3926 764; x_wconf 86' lang='grc' dir='ltr'>παρα-</span> 
     </span>
    </p>
   </div>
   <div class='ocr_carea' id='block_1_8' title="bbox 556 787 2210 882">
    <p class='ocr_par' dir='ltr' id='par_1_8' title="bbox 556 787 1977 882">
     <span class='ocr_line' id='line_1_8' title="bbox 556 787 1977 882; baseline -0.01 -9"><span class='ocrx_word' id='word_1_47' title='bbox 556 817 653 873; x_wconf 91' lang='lat' dir='ltr'>Dei</span> <span class='ocrx_word' id='word_1_48' title='bbox 679 818 738 872; x_wconf 92' lang='lat' dir='ltr'>in</span> <span class='ocrx_word' id='word_1_49' title='bbox 771 815 1063 871; x_wconf 79' lang='lat' dir='ltr'>Procemio</span> <span class='ocrx_word' id='word_1_50' title='bbox 1086 811 1386 881; x_wconf 82' lang='lat' dir='ltr'>Evangelii</span> <span class='ocrx_word' id='word_1_51' title='bbox 1412 812 1581 882; x_wconf 82' lang='lat' dir='ltr'>juxta</span> <span class='ocrx_word' id='word_1_52' title='bbox 1616 787 1977 863; x_wconf 76' lang='lat' dir='ltr'>Mattbaeum.</span> 
     </span>
    </p>
   </div>
   <div class='ocr_carea' id='block_1_9' title="bbox 2274 787 3928 882">
    <p class='ocr_par' dir='ltr' id='par_1_9' title="bbox 2316 787 3928 865">
     <span class='ocr_line' id='line_1_9' title="bbox 2316 787 3928 865; baseline -0.009 -20"><span class='ocrx_word' id='word_1_53' title='bbox 2316 800 2478 865; x_wconf 76' lang='grc' dir='ltr'>τηρῇ.</span> <span class='ocrx_word' id='word_1_54' title='bbox 2524 794 2740 863; x_wconf 81' lang='grc' dir='ltr'>Εἴρηται</span> <span class='ocrx_word' id='word_1_55' title='bbox 2767 787 2824 842; x_wconf 72' lang='grc' dir='ltr'>δὲ</span> <span class='ocrx_word' id='word_1_56' title='bbox 2858 793 2975 860; x_wconf 85' lang='grc' dir='ltr'>περὶ</span> <span class='ocrx_word' id='word_1_57' title='bbox 3004 795 3094 839; x_wconf 75' lang='grc' dir='ltr'>τοῦ</span> <span class='ocrx_word' id='word_1_58' title='bbox 3125 793 3424 857; x_wconf 78' lang='grc' dir='ltr'>μνηστῆρος</span> <span class='ocrx_word' id='word_1_59' title='bbox 3469 792 3566 845; x_wconf 83' lang='grc' dir='ltr'>τῆς</span> <span class='ocrx_word' id='word_1_60' title='bbox 3597 789 3928 857; x_wconf 76' lang='grc' dir='ltr'>Θεομητορος</span> 
     </span>
    </p>
   </div>
   <div class='ocr_carea' id='block_1_10' title="bbox 2319 872 3621 952">
    <p class='ocr_par' dir='ltr' id='par_1_10' title="bbox 2319 872 3621 952">
     <span class='ocr_line' id='line_1_10' title="bbox 2319 872 3621 952; baseline -0.007 -19"><span class='ocrx_word' id='word_1_61' title='bbox 2319 881 2366 934; x_wconf 79' lang='grc' dir='ltr'>ἐν</span> <span class='ocrx_word' id='word_1_62' title='bbox 2393 885 2686 952; x_wconf 77' lang='grc' dir='ltr'>προοιμίοις</span> <span class='ocrx_word' id='word_1_63' title='bbox 2707 887 2794 930; x_wconf 75' lang='grc' dir='ltr'>τοῦ</span> <span class='ocrx_word' id='word_1_64' title='bbox 2825 880 2958 928; x_wconf 80' lang='grc' dir='ltr'>κατὰ</span> <span class='ocrx_word' id='word_1_65' title='bbox 2983 877 3249 928; x_wconf 68' lang='grc' dir='ltr'>Μαι-θαίον</span> <span class='ocrx_word' id='word_1_66' title='bbox 3279 872 3621 944; x_wconf 78' lang='grc' dir='ltr'>Εὑαγγελίου,</span> 
     </span>
    </p>
   </div>
   <div class='ocr_carea' id='block_1_11' title="bbox 627 927 2210 1006">
    <p class='ocr_par' dir='ltr' id='par_1_11' title="bbox 627 927 2210 1006">
     <span class='ocr_line' id='line_1_11' title="bbox 627 927 2210 1006; baseline -0.009 -10"><span class='ocrx_word' id='word_1_67' title='bbox 627 940 797 1006; x_wconf 87' lang='lat' dir='ltr'>Quod</span> <span class='ocrx_word' id='word_1_68' title='bbox 828 955 968 994; x_wconf 89' lang='lat' dir='ltr'>vero</span> <span class='ocrx_word' id='word_1_69' title='bbox 999 937 1237 993; x_wconf 83' lang='lat' dir='ltr'>additur</span> <span class='ocrx_word' id='word_1_70' title='bbox 1265 956 1277 989; x_wconf 88' lang='lat'><strong>:</strong></span> <span class='ocrx_word' id='word_1_71' title='bbox 1331 937 1414 991; x_wconf 89' lang='lat' dir='ltr'>De</span> <span class='ocrx_word' id='word_1_72' title='bbox 1455 934 1606 989; x_wconf 87' lang='lat' dir='ltr'>domo</span> <span class='ocrx_word' id='word_1_73' title='bbox 1637 931 1838 992; x_wconf 83' lang='lat' dir='ltr'>David,</span> <span class='ocrx_word' id='word_1_74' title='bbox 1867 927 2210 998; x_wconf 73' lang='lat' dir='ltr'>intelligitur</span> 
     </span>
    </p>
   </div>
   <div class='ocr_carea' id='block_1_12' title="bbox 553 997 2207 1098">
    <p class='ocr_par' dir='ltr' id='par_1_12' title="bbox 553 997 2207 1098">
     <span class='ocr_line' id='line_1_12' title="bbox 553 997 2207 1098; baseline -0.01 -12"><span class='ocrx_word' id='word_1_75' title='bbox 553 1034 609 1087; x_wconf 86' lang='lat' dir='ltr'>et</span> <span class='ocrx_word' id='word_1_76' title='bbox 637 997 711 1085; x_wconf 73' lang='lat' dir='ltr'>de</span> <span class='ocrx_word' id='word_1_77' title='bbox 757 1029 990 1098; x_wconf 85' lang='lat' dir='ltr'>Virgine</span> <span class='ocrx_word' id='word_1_78' title='bbox 1029 1034 1085 1082; x_wconf 90' lang='lat' dir='ltr'>et</span> <span class='ocrx_word' id='word_1_79' title='bbox 1115 1026 1188 1081; x_wconf 87' lang='lat' dir='ltr'>de</span> <span class='ocrx_word' id='word_1_80' title='bbox 1219 1024 1450 1096; x_wconf 86' lang='lat' dir='ltr'>Joseph.</span> <span class='ocrx_word' id='word_1_81' title='bbox 1510 1022 1657 1078; x_wconf 88' lang='lat' dir='ltr'>Nam</span> <span class='ocrx_word' id='word_1_82' title='bbox 1692 1027 1746 1076; x_wconf 88' lang='lat' dir='ltr'>et</span> <span class='ocrx_word' id='word_1_83' title='bbox 1775 1021 1923 1084; x_wconf 69' lang='lat' dir='ltr'>hinc,</span> <span class='ocrx_word' id='word_1_84' title='bbox 1974 1024 2029 1073; x_wconf 89' lang='lat' dir='ltr'>et</span> <span class='ocrx_word' id='word_1_85' title='bbox 2063 997 2154 1072; x_wconf 85' lang='lat' dir='ltr'>ille</span> <span class='ocrx_word' id='word_1_86' title='bbox 2177 1034 2207 1071; x_wconf 91' lang='lat' dir='ltr'>e</span> 
     </span>
    </p>
   </div>
   <div class='ocr_carea' id='block_1_13' title="bbox 2273 997 3927 1098">
    <p class='ocr_par' dir='ltr' id='par_1_13' title="bbox 2389 997 3927 1071">
     <span class='ocr_line' id='line_1_13' title="bbox 2389 997 3927 1071; baseline -0.007 -13"><span class='ocrx_word' id='word_1_87' title='bbox 2389 1010 2458 1058; x_wconf 86' lang='lat' dir='ltr'><strong><em>T6</em></strong></span> <span class='ocrx_word' id='word_1_88' title='bbox 2508 1002 2565 1056; x_wconf 77' lang='grc' dir='ltr'>δὲ</span> <span class='ocrx_word' id='word_1_89' title='bbox 2624 1004 2722 1066; x_wconf 82' lang='grc' dir='ltr'>Ἐξ</span> <span class='ocrx_word' id='word_1_90' title='bbox 2776 1007 2919 1054; x_wconf 82' lang='grc' dir='ltr'>οἴκου</span> <span class='ocrx_word' id='word_1_91' title='bbox 2995 997 3180 1066; x_wconf 73' lang='grc' dir='ltr'>Δαυὶδ,</span> <span class='ocrx_word' id='word_1_92' title='bbox 3249 1006 3442 1052; x_wconf 85' lang='grc' dir='ltr'>νοεῖται</span> <span class='ocrx_word' id='word_1_93' title='bbox 3499 1005 3590 1051; x_wconf 87' lang='grc' dir='ltr'>καὶ</span> <span class='ocrx_word' id='word_1_94' title='bbox 3665 1002 3785 1071; x_wconf 83' lang='grc' dir='ltr'>περὶ</span> <span class='ocrx_word' id='word_1_95' title='bbox 3837 1005 3927 1060; x_wconf 83' lang='grc' dir='ltr'>τῆς</span> 
     </span>
    </p>
   </div>
   <div class='ocr_carea' id='block_1_14' title="bbox 557 1085 2211 1190">
    <p class='ocr_par' dir='ltr' id='par_1_14' title="bbox 557 1085 1410 1190">
     <span class='ocr_line' id='line_1_14' title="bbox 557 1085 1410 1190; baseline -0.009 -14"><span class='ocrx_word' id='word_1_96' title='bbox 557 1085 728 1190; x_wconf 85' lang='lat' dir='ltr'>gente</span> <span class='ocrx_word' id='word_1_97' title='bbox 752 1085 928 1174; x_wconf 62' lang='lat' dir='ltr'>David</span> <span class='ocrx_word' id='word_1_98' title='bbox 959 1085 1410 1172; x_wconf 78' lang='lat' dir='ltr'>descenderant.</span> 
     </span>
    </p>
   </div>
   <div class='ocr_carea' id='block_1_15' title="bbox 2270 1085 3924 1190">
    <p class='ocr_par' dir='ltr' id='par_1_15' title="bbox 2322 1085 3924 1167">
     <span class='ocr_line' id='line_1_15' title="bbox 2322 1085 3924 1167; baseline -0.006 -20"><span class='ocrx_word' id='word_1_99' title='bbox 2322 1095 2602 1167; x_wconf 81' lang='grc' dir='ltr'>Παρθένου,</span> <span class='ocrx_word' id='word_1_100' title='bbox 2631 1098 2718 1144; x_wconf 81' lang='grc' dir='ltr'>καὶ</span> <span class='ocrx_word' id='word_1_101' title='bbox 2745 1096 2862 1164; x_wconf 79' lang='grc' dir='ltr'>περὶ</span> <span class='ocrx_word' id='word_1_102' title='bbox 2895 1098 2986 1142; x_wconf 75' lang='grc' dir='ltr'>τοῦ</span> <span class='ocrx_word' id='word_1_103' title='bbox 3017 1091 3230 1160; x_wconf 72' lang='grc' dir='ltr'>Ἰωσήφ.</span> <span class='ocrx_word' id='word_1_104' title='bbox 3270 1093 3369 1141; x_wconf 79' lang='grc' dir='ltr'>Καὶ</span> <span class='ocrx_word' id='word_1_105' title='bbox 3401 1089 3533 1144; x_wconf 67' lang='grc' dir='ltr'>αὕτη</span> <span class='ocrx_word' id='word_1_106' title='bbox 3559 1092 3663 1162; x_wconf 74' lang='grc' dir='ltr'>γὰρ</span> <span class='ocrx_word' id='word_1_107' title='bbox 3699 1085 3924 1148; x_wconf 72' lang='grc' dir='ltr'>κακεῖνος</span> 
     </span>
    </p>
   </div>
   <div class='ocr_carea' id='block_1_16' title="bbox 2319 1177 3224 1254">
    <p class='ocr_par' dir='ltr' id='par_1_16' title="bbox 2319 1177 3224 1254">
     <span class='ocr_line' id='line_1_16' title="bbox 2319 1177 3224 1254; baseline -0.007 -18"><span class='ocrx_word' id='word_1_108' title='bbox 2319 1184 2373 1236; x_wconf 85' lang='grc' dir='ltr'>ἐκ</span> <span class='ocrx_word' id='word_1_109' title='bbox 2399 1189 2572 1254; x_wconf 84' lang='grc' dir='ltr'>γένους</span> <span class='ocrx_word' id='word_1_110' title='bbox 2600 1191 2689 1234; x_wconf 75' lang='grc' dir='ltr'>τοὺ</span> <span class='ocrx_word' id='word_1_111' title='bbox 2724 1177 2890 1234; x_wconf 73' lang='grc' dir='ltr'>Δαυίδ</span> <span class='ocrx_word' id='word_1_112' title='bbox 2917 1186 3224 1250; x_wconf 74' lang='grc' dir='ltr'>κατήγοντο.</span> 
     </span>
    </p>
   </div>
   <div class='ocr_carea' id='block_1_17' title="bbox 629 1282 2283 1364">
    <p class='ocr_par' dir='ltr' id='par_1_17' title="bbox 629 1284 2208 1364">
     <span class='ocr_line' id='line_1_17' title="bbox 629 1284 2208 1364; baseline -0.008 -12"><span class='ocrx_word' id='word_1_113' title='bbox 629 1298 792 1352; x_wconf 87' lang='lat' dir='ltr'>Vers.</span> <span class='ocrx_word' id='word_1_114' title='bbox 821 1298 909 1350; x_wconf 90' lang='grc'>28.</span> <span class='ocrx_word' id='word_1_115' title='bbox 963 1296 1035 1349; x_wconf 84' lang='grc' dir='ltr'>Ει</span> <span class='ocrx_word' id='word_1_116' title='bbox 1084 1294 1354 1364; x_wconf 73' lang='lat' dir='ltr'>ingressus</span> <span class='ocrx_word' id='word_1_117' title='bbox 1395 1323 1460 1331; x_wconf 92' lang='lat'>—</span> <span class='ocrx_word' id='word_1_118' title='bbox 1506 1296 1690 1344; x_wconf 85' lang='lat' dir='ltr'>tecum.</span> <span class='ocrx_word' id='word_1_119' title='bbox 1748 1287 2042 1343; x_wconf 83' lang='lat' dir='ltr'>Gaudium</span> <span class='ocrx_word' id='word_1_120' title='bbox 2094 1284 2208 1341; x_wconf 84' lang='lat' dir='ltr'>hoc</span> 
     </span>
    </p>
   </div>
   <div class='ocr_carea' id='block_1_18' title="bbox 2268 1282 3922 1364">
    <p class='ocr_par' dir='ltr' id='par_1_18' title="bbox 2392 1282 3922 1358">
     <span class='ocr_line' id='line_1_18' title="bbox 2392 1282 3922 1358; baseline -0.005 -16"><span class='ocrx_word' id='word_1_121' title='bbox 2392 1296 2492 1343; x_wconf 78' lang='grc' dir='ltr'>Καὶ</span> <span class='ocrx_word' id='word_1_122' title='bbox 2520 1289 2758 1342; x_wconf 82' lang='grc' dir='ltr'>εἰσελθὼν</span> <span class='ocrx_word' id='word_1_123' title='bbox 2789 1319 2857 1327; x_wconf 90' lang='grc'>--</span> <span class='ocrx_word' id='word_1_124' title='bbox 2887 1289 3016 1358; x_wconf 78' lang='grc' dir='ltr'>μετὰ</span> <span class='ocrx_word' id='word_1_125' title='bbox 3065 1293 3178 1340; x_wconf 80' lang='grc' dir='ltr'>σοῦ.</span> <span class='ocrx_word' id='word_1_126' title='bbox 3229 1284 3369 1341; x_wconf 82' lang='grc' dir='ltr'>Αὑτη</span> <span class='ocrx_word' id='word_1_127' title='bbox 3403 1287 3432 1342; x_wconf 79' lang='grc' dir='ltr'>ἡ</span> <span class='ocrx_word' id='word_1_128' title='bbox 3478 1287 3628 1358; x_wconf 78' lang='grc' dir='ltr'>χαρὰ</span> <span class='ocrx_word' id='word_1_129' title='bbox 3675 1288 3768 1342; x_wconf 78' lang='grc' dir='ltr'>τὴν</span> <span class='ocrx_word' id='word_1_130' title='bbox 3801 1282 3922 1356; x_wconf 79' lang='grc' dir='ltr'>ἀρὰν</span> 
     </span>
    </p>
   </div>
   <div class='ocr_carea' id='block_1_19' title="bbox 557 1372 2211 1450">
    <p class='ocr_par' dir='ltr' id='par_1_19' title="bbox 557 1377 2208 1450">
     <span class='ocr_line' id='line_1_19' title="bbox 557 1377 2208 1450; baseline -0.008 -8"><span class='ocrx_word' id='word_1_131' title='bbox 557 1389 686 1442; x_wconf 69' lang='lat' dir='ltr'>Evae</span> <span class='ocrx_word' id='word_1_132' title='bbox 712 1385 884 1441; x_wconf 86' lang='lat' dir='ltr'>solvit</span> <span class='ocrx_word' id='word_1_133' title='bbox 915 1382 1412 1440; x_wconf 88' lang='lat' dir='ltr'>maledictionem.</span> <span class='ocrx_word' id='word_1_134' title='bbox 1464 1380 1567 1434; x_wconf 90' lang='lat' dir='ltr'>Illa</span> <span class='ocrx_word' id='word_1_135' title='bbox 1592 1378 1886 1450; x_wconf 85' lang='lat' dir='ltr'>siquidem</span> <span class='ocrx_word' id='word_1_136' title='bbox 1919 1377 2090 1447; x_wconf 86' lang='lat' dir='ltr'>jussa</span> <span class='ocrx_word' id='word_1_137' title='bbox 2121 1384 2208 1429; x_wconf 89' lang='lat' dir='ltr'>est</span> 
     </span>
    </p>
   </div>
   <div class='ocr_carea' id='block_1_20' title="bbox 2267 1372 3921 1450">
    <p class='ocr_par' dir='ltr' id='par_1_20' title="bbox 2319 1372 3921 1448">
     <span class='ocr_line' id='line_1_20' title="bbox 2319 1372 3921 1448; baseline -0.006 -16"><span class='ocrx_word' id='word_1_138' title='bbox 2319 1380 2466 1432; x_wconf 63' lang='grc' dir='ltr'>ὓυσε</span> <span class='ocrx_word' id='word_1_139' title='bbox 2521 1387 2609 1438; x_wconf 80' lang='grc' dir='ltr'>τῆς</span> <span class='ocrx_word' id='word_1_140' title='bbox 2669 1381 2816 1437; x_wconf 69' lang='grc' dir='ltr'>Εὔας.</span> <span class='ocrx_word' id='word_1_141' title='bbox 2871 1377 3067 1433; x_wconf 84' lang='grc' dir='ltr'>Ἐκείνη</span> <span class='ocrx_word' id='word_1_142' title='bbox 3119 1380 3207 1446; x_wconf 73' lang='grc' dir='ltr'>μεν</span> <span class='ocrx_word' id='word_1_143' title='bbox 3259 1377 3360 1448; x_wconf 78' lang='grc' dir='ltr'>γὰρ</span> <span class='ocrx_word' id='word_1_144' title='bbox 3424 1372 3695 1430; x_wconf 72' lang='grc' dir='ltr'>ἐκελεύσθη</span> <span class='ocrx_word' id='word_1_145' title='bbox 3761 1373 3921 1430; x_wconf 76' lang='grc' dir='ltr'>λύπην</span> 
     </span>
    </p>
   </div>
   <div class='ocr_carea' id='block_1_21' title="bbox 555 1461 2209 1542">
    <p class='ocr_par' dir='ltr' id='par_1_21' title="bbox 555 1465 2204 1542">
     <span class='ocr_line' id='line_1_21' title="bbox 555 1465 2204 1542; baseline -0.01 -10"><span class='ocrx_word' id='word_1_146' title='bbox 555 1475 775 1532; x_wconf 88' lang='lat' dir='ltr'>habere</span> <span class='ocrx_word' id='word_1_147' title='bbox 808 1489 1126 1530; x_wconf 63' lang='lat' dir='ltr'>maerorem</span> <span class='ocrx_word' id='word_1_148' title='bbox 1160 1471 1324 1542; x_wconf 90' lang='lat' dir='ltr'>(nam</span> <span class='ocrx_word' id='word_1_149' title='bbox 1356 1469 1414 1524; x_wconf 92' lang='lat' dir='ltr'>id</span> <span class='ocrx_word' id='word_1_150' title='bbox 1470 1469 1707 1540; x_wconf 81' lang='lat' dir='ltr'>proprie</span> <span class='ocrx_word' id='word_1_151' title='bbox 1749 1465 2044 1536; x_wconf 85' lang='lat' dir='ltr'>signiﬁcat</span> <span class='ocrx_word' id='word_1_152' title='bbox 2070 1465 2204 1522; x_wconf 76' lang='grc' dir='ltr'>λὺπη</span> 
     </span>
    </p>
   </div>
   <div class='ocr_carea' id='block_1_22' title="bbox 2263 1461 3917 1542">
    <p class='ocr_par' dir='ltr' id='par_1_22' title="bbox 2319 1461 3917 1539">
     <span class='ocr_line' id='line_1_22' title="bbox 2319 1461 3917 1539; baseline -0.004 -19"><span class='ocrx_word' id='word_1_153' title='bbox 2319 1473 2478 1539; x_wconf 79' lang='grc' dir='ltr'>ἔχειν,</span> <span class='ocrx_word' id='word_1_154' title='bbox 2540 1464 2781 1524; x_wconf 71' lang='grc' dir='ltr'>αὖτη’ὁ”ε</span> <span class='ocrx_word' id='word_1_155' title='bbox 2831 1468 3027 1538; x_wconf 79' lang='grc' dir='ltr'>χαρὰν,</span> <span class='ocrx_word' id='word_1_156' title='bbox 3063 1473 3151 1524; x_wconf 73' lang='grc' dir='ltr'>τῆς</span> <span class='ocrx_word' id='word_1_157' title='bbox 3196 1462 3366 1524; x_wconf 85' lang='grc' dir='ltr'>λὺπης</span> <span class='ocrx_word' id='word_1_158' title='bbox 3412 1461 3704 1515; x_wconf 78' lang='grc' dir='ltr'>ἀντίπαλον.</span> <span class='ocrx_word' id='word_1_159' title='bbox 3741 1469 3917 1534; x_wconf 78' lang='grc' dir='ltr'>Χαῖρε,</span> 
     </span>
    </p>
   </div>
   <div class='ocr_carea' id='block_1_23' title="bbox 557 1551 2211 1633">
    <p class='ocr_par' dir='ltr' id='par_1_23' title="bbox 557 1555 2209 1633">
     <span class='ocr_line' id='line_1_23' title="bbox 557 1555 2209 1633; baseline -0.008 -13"><span class='ocrx_word' id='word_1_160' title='bbox 557 1563 949 1633; x_wconf 84' lang='lat' dir='ltr'>vocabulum,</span> <span class='ocrx_word' id='word_1_161' title='bbox 995 1560 1159 1633; x_wconf 83' lang='lat' dir='ltr'>quod</span> <span class='ocrx_word' id='word_1_162' title='bbox 1209 1559 1504 1614; x_wconf 84' lang='lat' dir='ltr'>Geneseos</span> <span class='ocrx_word' id='word_1_163' title='bbox 1544 1557 1711 1612; x_wconf 87' lang='lat' dir='ltr'>tertio</span> <span class='ocrx_word' id='word_1_164' title='bbox 1740 1555 1934 1627; x_wconf 85' lang='lat' dir='ltr'>capite</span> <span class='ocrx_word' id='word_1_165' title='bbox 1960 1555 2019 1610; x_wconf 92' lang='lat' dir='ltr'>in</span> <span class='ocrx_word' id='word_1_166' title='bbox 2061 1571 2209 1608; x_wconf 68' lang='lat' dir='ltr'>aeru-</span> 
     </span>
    </p>
   </div>
   <div class='ocr_carea' id='block_1_24' title="bbox 2264 1551 3918 1633">
    <p class='ocr_par' dir='ltr' id='par_1_24' title="bbox 2320 1551 3918 1629">
     <span class='ocr_line' id='line_1_24' title="bbox 2320 1551 3918 1629; baseline -0.005 -20"><span class='ocrx_word' id='word_1_167' title='bbox 2320 1563 2499 1629; x_wconf 74' lang='grc' dir='ltr'>φησὶν.</span> <span class='ocrx_word' id='word_1_168' title='bbox 2559 1559 2628 1616; x_wconf 82' lang='grc' dir='ltr'>ὡς</span> <span class='ocrx_word' id='word_1_169' title='bbox 2671 1555 2936 1624; x_wconf 82' lang='grc' dir='ltr'>ἐκλεγεῖσα</span> <span class='ocrx_word' id='word_1_170' title='bbox 2982 1555 3122 1627; x_wconf 81' lang='grc' dir='ltr'>παρὰ</span> <span class='ocrx_word' id='word_1_171' title='bbox 3162 1555 3338 1613; x_wconf 70' lang='grc' dir='ltr'>πείσας</span> <span class='ocrx_word' id='word_1_172' title='bbox 3385 1554 3480 1612; x_wconf 80' lang='grc' dir='ltr'>τὰς</span> <span class='ocrx_word' id='word_1_173' title='bbox 3526 1553 3802 1622; x_wconf 78' lang='grc' dir='ltr'>παρθένους</span> <span class='ocrx_word' id='word_1_174' title='bbox 3855 1551 3918 1610; x_wconf 81' lang='grc' dir='ltr'>εἰς</span> 
     </span>
    </p>
   </div>
   <div class='ocr_carea' id='block_1_25' title="bbox 559 1637 2213 1719">
    <p class='ocr_par' dir='ltr' id='par_1_25' title="bbox 559 1644 2203 1718">
     <span class='ocr_line' id='line_1_25' title="bbox 559 1644 2203 1718; baseline -0.007 -9"><span class='ocrx_word' id='word_1_175' title='bbox 559 1669 730 1710; x_wconf 88' lang='lat' dir='ltr'>mnas</span> <span class='ocrx_word' id='word_1_176' title='bbox 761 1657 818 1707; x_wconf 94' lang='lat' dir='ltr'>et</span> <span class='ocrx_word' id='word_1_177' title='bbox 841 1651 1110 1707; x_wconf 84' lang='lat' dir='ltr'>dolorem</span> <span class='ocrx_word' id='word_1_178' title='bbox 1155 1649 1419 1716; x_wconf 77' lang='lat' dir='ltr'>vertitur)</span> <span class='ocrx_word' id='word_1_179' title='bbox 1454 1663 1468 1712; x_wconf 92' lang='lat'><strong>;</strong></span> <span class='ocrx_word' id='word_1_180' title='bbox 1495 1647 1617 1702; x_wconf 65' lang='lat' dir='ltr'>haec</span> <span class='ocrx_word' id='word_1_181' title='bbox 1649 1650 1849 1701; x_wconf 89' lang='lat' dir='ltr'>autem</span> <span class='ocrx_word' id='word_1_182' title='bbox 1891 1644 2203 1718; x_wconf 86' lang='lat' dir='ltr'>gaudium,</span> 
     </span>
    </p>
   </div>
   <div class='ocr_carea' id='block_1_26' title="bbox 2262 1637 3916 1719">
    <p class='ocr_par' dir='ltr' id='par_1_26' title="bbox 2319 1637 3916 1719">
     <span class='ocr_line' id='line_1_26' title="bbox 2319 1637 3916 1719; baseline -0.006 -20"><span class='ocrx_word' id='word_1_183' title='bbox 2319 1651 2533 1719; x_wconf 76' lang='grc' dir='ltr'>Μητέρα</span> <span class='ocrx_word' id='word_1_184' title='bbox 2563 1650 2708 1698; x_wconf 83' lang='grc' dir='ltr'>Θεοῦ.</span> <span class='ocrx_word' id='word_1_185' title='bbox 2766 1646 3200 1717; x_wconf 71' lang='grc' dir='ltr'>Κεχαριτωμένηι</span> <span class='ocrx_word' id='word_1_186' title='bbox 3238 1637 3296 1693; x_wconf 74' lang='grc' dir='ltr'>δὲ</span> <span class='ocrx_word' id='word_1_187' title='bbox 3341 1641 3502 1699; x_wconf 63' lang='grc' dir='ltr'>αὐτὴν</span> <span class='ocrx_word' id='word_1_188' title='bbox 3550 1641 3805 1712; x_wconf 72' lang='grc' dir='ltr'>ὠνόμασεν</span> <span class='ocrx_word' id='word_1_189' title='bbox 3849 1641 3916 1700; x_wconf 84' lang='grc' dir='ltr'>ὡς</span> 
     </span>
    </p>
   </div>
   <div class='ocr_carea' id='block_1_27' title="bbox 556 1727 2210 1816">
    <p class='ocr_par' dir='ltr' id='par_1_27' title="bbox 556 1734 2208 1816">
     <span class='ocr_line' id='line_1_27' title="bbox 556 1734 2208 1816; baseline -0.005 -18"><span class='ocrx_word' id='word_1_190' title='bbox 556 1742 719 1816; x_wconf 88' lang='lat' dir='ltr'>quod</span> <span class='ocrx_word' id='word_1_191' title='bbox 738 1741 974 1796; x_wconf 67' lang='lat' dir='ltr'>maerori</span> <span class='ocrx_word' id='word_1_192' title='bbox 997 1737 1364 1795; x_wconf 89' lang='lat' dir='ltr'>contrarium</span> <span class='ocrx_word' id='word_1_193' title='bbox 1381 1741 1470 1792; x_wconf 87' lang='lat' dir='ltr'>est</span> <span class='ocrx_word' id='word_1_194' title='bbox 1497 1752 1509 1789; x_wconf 76' lang='grc' dir='ltr'>ε</span> <span class='ocrx_word' id='word_1_195' title='bbox 1531 1735 1755 1800; x_wconf 89' lang='lat' dir='ltr'>Gaude,</span> <span class='ocrx_word' id='word_1_196' title='bbox 1777 1734 1988 1806; x_wconf 90' lang='lat' dir='ltr'>inquit,</span> <span class='ocrx_word' id='word_1_197' title='bbox 2011 1740 2208 1806; x_wconf 77' lang='lat' dir='ltr'>utpote</span> 
     </span>
    </p>
   </div>
   <div class='ocr_carea' id='block_1_28' title="bbox 2254 1727 3908 1816">
    <p class='ocr_par' dir='ltr' id='par_1_28' title="bbox 2318 1727 3908 1808">
     <span class='ocr_line' id='line_1_28' title="bbox 2318 1727 3908 1808; baseline -0.005 -21"><span class='ocrx_word' id='word_1_198' title='bbox 2318 1739 2543 1808; x_wconf 76' lang='grc' dir='ltr'>χάριτος</span> <span class='ocrx_word' id='word_1_199' title='bbox 2589 1732 2896 1796; x_wconf 77' lang='grc' dir='ltr'>ἀξιωθεῖσαν</span> <span class='ocrx_word' id='word_1_200' title='bbox 2935 1733 3241 1805; x_wconf 71' lang='grc' dir='ltr'>ὑπερφυοῦς·</span> <span class='ocrx_word' id='word_1_201' title='bbox 3278 1734 3334 1782; x_wconf 87' lang='grc' dir='ltr'>τὸ</span> <span class='ocrx_word' id='word_1_202' title='bbox 3373 1727 3431 1782; x_wconf 74' lang='grc' dir='ltr'>δὲ</span> <span class='ocrx_word' id='word_1_203' title='bbox 3473 1730 3529 1781; x_wconf 88' lang='grc' dir='ltr'><strong>Ὀ</strong></span> <span class='ocrx_word' id='word_1_204' title='bbox 3561 1732 3741 1801; x_wconf 72' lang='grc' dir='ltr'>Κύριος</span> <span class='ocrx_word' id='word_1_205' title='bbox 3779 1731 3908 1800; x_wconf 80' lang='grc' dir='ltr'>μετὰ</span> 
     </span>
    </p>
   </div>
   <div class='ocr_carea' id='block_1_29' title="bbox 556 1820 2210 1896">
    <p class='ocr_par' dir='ltr' id='par_1_29' title="bbox 556 1823 2210 1896">
     <span class='ocr_line' id='line_1_29' title="bbox 556 1823 2210 1896; baseline -0.004 -9"><span class='ocrx_word' id='word_1_206' title='bbox 556 1832 709 1887; x_wconf 90' lang='lat' dir='ltr'>inter</span> <span class='ocrx_word' id='word_1_207' title='bbox 732 1845 943 1886; x_wconf 91' lang='lat' dir='ltr'>omnes</span> <span class='ocrx_word' id='word_1_208' title='bbox 965 1827 1211 1896; x_wconf 86' lang='lat' dir='ltr'>virgines</span> <span class='ocrx_word' id='word_1_209' title='bbox 1242 1826 1302 1880; x_wconf 91' lang='lat' dir='ltr'>in</span> <span class='ocrx_word' id='word_1_210' title='bbox 1332 1825 1428 1881; x_wconf 86' lang='lat' dir='ltr'>Dei</span> <span class='ocrx_word' id='word_1_211' title='bbox 1468 1827 1703 1881; x_wconf 76' lang='lat' dir='ltr'>Matrem</span> <span class='ocrx_word' id='word_1_212' title='bbox 1733 1823 1934 1879; x_wconf 86' lang='lat' dir='ltr'>electa.</span> <span class='ocrx_word' id='word_1_213' title='bbox 1987 1823 2210 1881; x_wconf 87' lang='lat' dir='ltr'>Gratio-</span> 
     </span>
    </p>
   </div>
   <div class='ocr_carea' id='block_1_30' title="bbox 1520 1820 3174 1896">
    <p class='ocr_par' dir='ltr' id='par_1_30' title="bbox 1520 1820 3174 1890">
     <span class='ocr_line' id='line_1_30' title="bbox 1520 1820 3174 1890; baseline -0.004 -11"><span class='ocrx_word' id='word_1_214' title='bbox 1520 1830 1703 1879; x_wconf 89' lang='lat' dir='ltr'>atrem</span> <span class='ocrx_word' id='word_1_215' title='bbox 1733 1823 1934 1879; x_wconf 86' lang='lat' dir='ltr'>electa.</span> <span class='ocrx_word' id='word_1_216' title='bbox 1987 1823 2210 1881; x_wconf 85' lang='lat' dir='ltr'>Gratio-</span> <span class='ocrx_word' id='word_1_217' title='bbox 2321 1833 2438 1890; x_wconf 72' lang='grc' dir='ltr'>σοῦ,</span> <span class='ocrx_word' id='word_1_218' title='bbox 2467 1823 2579 1875; x_wconf 79' lang='grc' dir='ltr'>ἀντὶ</span> <span class='ocrx_word' id='word_1_219' title='bbox 2603 1830 2712 1887; x_wconf 70' lang='grc' dir='ltr'>τοῦ,</span> <span class='ocrx_word' id='word_1_220' title='bbox 2743 1822 2800 1874; x_wconf 88' lang='grc' dir='ltr'><strong>Ὀ</strong></span> <span class='ocrx_word' id='word_1_221' title='bbox 2832 1826 2955 1882; x_wconf 78' lang='grc' dir='ltr'>Θεὸς</span> <span class='ocrx_word' id='word_1_222' title='bbox 2992 1820 3038 1872; x_wconf 81' lang='grc' dir='ltr'>ἐν</span> <span class='ocrx_word' id='word_1_223' title='bbox 3071 1825 3174 1872; x_wconf 92' lang='grc' dir='ltr'>σοί.</span> 
     </span>
    </p>
   </div>
   <div class='ocr_carea' id='block_1_31' title="bbox 558 1906 3899 1987">
    <p class='ocr_par' dir='ltr' id='par_1_31' title="bbox 558 1906 3899 1987">
     <span class='ocr_line' id='line_1_31' title="bbox 558 1906 3899 1987; baseline -0.004 -13"><span class='ocrx_word' id='word_1_224' title='bbox 558 1936 687 1976; x_wconf 90' lang='lat' dir='ltr'>sam</span> <span class='ocrx_word' id='word_1_225' title='bbox 729 1934 858 1975; x_wconf 88' lang='lat' dir='ltr'>vero</span> <span class='ocrx_word' id='word_1_226' title='bbox 891 1915 1216 1974; x_wconf 86' lang='lat' dir='ltr'>nominavit</span> <span class='ocrx_word' id='word_1_227' title='bbox 1244 1914 1429 1983; x_wconf 89' lang='lat' dir='ltr'>illam,</span> <span class='ocrx_word' id='word_1_228' title='bbox 1460 1920 1748 1986; x_wconf 86' lang='lat' dir='ltr'>tanquam</span> <span class='ocrx_word' id='word_1_229' title='bbox 1780 1913 2051 1969; x_wconf 84' lang='lat' dir='ltr'>videlicet</span> <span class='ocrx_word' id='word_1_230' title='bbox 2082 1916 2276 1985; x_wconf 87' lang='lat' dir='ltr'>gratia</span> <span class='ocrx_word' id='word_1_231' title='bbox 2316 1913 2757 1987; x_wconf 81' lang='lat' dir='ltr'>supernaturali</span> <span class='ocrx_word' id='word_1_232' title='bbox 2789 1912 3036 1981; x_wconf 87' lang='lat' dir='ltr'>dignam</span> <span class='ocrx_word' id='word_1_233' title='bbox 3076 1927 3088 1965; x_wconf 93' lang='lat'><strong>:</strong></span> <span class='ocrx_word' id='word_1_234' title='bbox 3134 1909 3399 1965; x_wconf 82' lang='lat' dir='ltr'>Dominus</span> <span class='ocrx_word' id='word_1_235' title='bbox 3426 1914 3630 1976; x_wconf 83' lang='lat' dir='ltr'>tecum,</span> <span class='ocrx_word' id='word_1_236' title='bbox 3655 1906 3765 1962; x_wconf 86' lang='lat' dir='ltr'>hoc</span> <span class='ocrx_word' id='word_1_237' title='bbox 3796 1911 3899 1970; x_wconf 88' lang='lat' dir='ltr'>est,</span> 
     </span>
    </p>
   </div>
   <div class='ocr_carea' id='block_1_32' title="bbox 558 2009 1017 2064">
    <p class='ocr_par' dir='ltr' id='par_1_32' title="bbox 558 2009 1017 2064">
     <span class='ocr_line' id='line_1_32' title="bbox 558 2009 1017 2064; baseline -0.009 0"><span class='ocrx_word' id='word_1_238' title='bbox 558 2009 708 2064; x_wconf 90' lang='lat' dir='ltr'>Deus</span> <span class='ocrx_word' id='word_1_239' title='bbox 736 2009 797 2064; x_wconf 90' lang='lat' dir='ltr'>in</span> <span class='ocrx_word' id='word_1_240' title='bbox 829 2013 880 2063; x_wconf 92' lang='lat' dir='ltr'>te</span> <span class='ocrx_word' id='word_1_241' title='bbox 911 2012 1017 2062; x_wconf 90' lang='lat' dir='ltr'>est.</span> 
     </span>
    </p>
   </div>
   <div class='ocr_carea' id='block_1_33' title="bbox 628 2088 2282 2164">
    <p class='ocr_par' dir='ltr' id='par_1_33' title="bbox 628 2092 2212 2158">
     <span class='ocr_line' id='line_1_33' title="bbox 628 2092 2212 2158; baseline 0.001 -9"><span class='ocrx_word' id='word_1_242' title='bbox 628 2097 788 2152; x_wconf 89' lang='lat' dir='ltr'>Vers.</span> <span class='ocrx_word' id='word_1_243' title='bbox 822 2098 910 2151; x_wconf 89' lang='grc'>28.</span> <span class='ocrx_word' id='word_1_244' title='bbox 961 2094 1258 2151; x_wconf 83' lang='lat' dir='ltr'>Benedicta</span> <span class='ocrx_word' id='word_1_245' title='bbox 1286 2123 1352 2136; x_wconf 90' lang='lat'>--</span> <span class='ocrx_word' id='word_1_246' title='bbox 1383 2092 1721 2148; x_wconf 73' lang='lat' dir='ltr'>mulieribus.</span> <span class='ocrx_word' id='word_1_247' title='bbox 1782 2093 1902 2150; x_wconf 85' lang='lat' dir='ltr'>Hoc</span> <span class='ocrx_word' id='word_1_248' title='bbox 1949 2098 2056 2158; x_wconf 87' lang='lat' dir='ltr'>est,</span> <span class='ocrx_word' id='word_1_249' title='bbox 2088 2093 2212 2150; x_wconf 90' lang='lat' dir='ltr'>lau-</span> 
     </span>
    </p>
   </div>
   <div class='ocr_carea' id='block_1_34' title="bbox 2048 2088 3702 2164">
    <p class='ocr_par' dir='ltr' id='par_1_34' title="bbox 2048 2088 3702 2164">
     <span class='ocr_line' id='line_1_34' title="bbox 2048 2088 3702 2164; baseline -0.008 -13"><span class='ocrx_word' id='word_1_250' title='bbox 2048 2135 2056 2158; x_wconf 83' lang='lat'>.</span> <span class='ocrx_word' id='word_1_251' title='bbox 2088 2093 2212 2150; x_wconf 90' lang='lat' dir='ltr'>lau-</span> <span class='ocrx_word' id='word_1_252' title='bbox 2401 2093 2727 2164; x_wconf 71' lang='grc' dir='ltr'>Εὐλογημένη</span> <span class='ocrx_word' id='word_1_253' title='bbox 2760 2123 2827 2130; x_wconf 88' lang='grc'><strong><em>-</em></strong></span> <span class='ocrx_word' id='word_1_254' title='bbox 2850 2089 3076 2162; x_wconf 85' lang='grc' dir='ltr'>γυναιξί.</span> <span class='ocrx_word' id='word_1_255' title='bbox 3115 2088 3429 2161; x_wconf 71' lang='grc' dir='ltr'>Εὑφημητὴ,</span> <span class='ocrx_word' id='word_1_256' title='bbox 3458 2088 3702 2159; x_wconf 83' lang='grc' dir='ltr'>μακαρία.</span> 
     </span>
    </p>
   </div>
   <div class='ocr_carea' id='block_1_35' title="bbox 557 2187 945 2254">
    <p class='ocr_par' dir='ltr' id='par_1_35' title="bbox 557 2187 945 2254">
     <span class='ocr_line' id='line_1_35' title="bbox 557 2187 945 2254; baseline -0.008 -10"><span class='ocrx_word' id='word_1_257' title='bbox 557 2187 717 2254; x_wconf 87' lang='lat' dir='ltr'>data,</span> <span class='ocrx_word' id='word_1_258' title='bbox 753 2188 945 2243; x_wconf 89' lang='lat' dir='ltr'>beata.</span> 
     </span>
    </p>
   </div>
   <div class='ocr_carea' id='block_1_36' title="bbox 558 2256 2212 2424">
    <p class='ocr_par' dir='ltr' id='par_1_36' title="bbox 558 2273 2212 2424">
     <span class='ocr_line' id='line_1_36' title="bbox 628 2273 2212 2346; baseline -0.001 -14"><span class='ocrx_word' id='word_1_259' title='bbox 628 2277 788 2335; x_wconf 87' lang='lat' dir='ltr'>Vers.</span> <span class='ocrx_word' id='word_1_260' title='bbox 819 2278 903 2332; x_wconf 86' lang='lat'>29.</span> <span class='ocrx_word' id='word_1_261' title='bbox 937 2275 1043 2332; x_wconf 83' lang='lat' dir='ltr'>Illa</span> <span class='ocrx_word' id='word_1_262' title='bbox 1067 2293 1189 2331; x_wconf 79' lang='lat' dir='ltr'>vero</span> <span class='ocrx_word' id='word_1_263' title='bbox 1221 2305 1287 2314; x_wconf 94' lang='lat'><strong>—</strong></span> <span class='ocrx_word' id='word_1_264' title='bbox 1334 2275 1466 2346; x_wconf 83' lang='lat' dir='ltr'>ejus.</span> <span class='ocrx_word' id='word_1_265' title='bbox 1517 2275 1756 2344; x_wconf 85' lang='lat' dir='ltr'>Timuit,</span> <span class='ocrx_word' id='word_1_266' title='bbox 1803 2289 1877 2330; x_wconf 89' lang='lat' dir='ltr'>ne</span> <span class='ocrx_word' id='word_1_267' title='bbox 1936 2273 2086 2330; x_wconf 80' lang='lat' dir='ltr'>forte</span> <span class='ocrx_word' id='word_1_268' title='bbox 2107 2273 2212 2330; x_wconf 92' lang='lat' dir='ltr'>do-</span> 
     </span>
     <span class='ocr_line' id='line_1_37' title="bbox 558 2367 919 2424; baseline -0.006 0"><span class='ocrx_word' id='word_1_269' title='bbox 558 2367 723 2424; x_wconf 83' lang='lat' dir='ltr'>losus</span> <span class='ocrx_word' id='word_1_270' title='bbox 742 2371 919 2422; x_wconf 87' lang='lat' dir='ltr'>esset.</span> 
     </span>
    </p>
   </div>
   <div class='ocr_carea' id='block_1_37' title="bbox 2120 2256 3774 2424">
    <p class='ocr_par' dir='ltr' id='par_1_37' title="bbox 2120 2256 3774 2357">
     <span class='ocr_line' id='line_1_38' title="bbox 2120 2256 3774 2357; baseline -0.01 -13"><span class='ocrx_word' id='word_1_271' title='bbox 2120 2273 2215 2330; x_wconf 56' lang='lat'><strong>10&#39;</strong></span> <span class='ocrx_word' id='word_1_272' title='bbox 2245 2256 2288 2311; x_wconf 77' lang='grc' dir='ltr'>Β</span> <span class='ocrx_word' id='word_1_273' title='bbox 2395 2287 2453 2341; x_wconf 81' lang='grc' dir='ltr'><strong><em>Ἠ</em></strong></span> <span class='ocrx_word' id='word_1_274' title='bbox 2481 2285 2541 2340; x_wconf 68' lang='grc' dir='ltr'>δι</span> <span class='ocrx_word' id='word_1_275' title='bbox 2574 2318 2633 2326; x_wconf 93' lang='grc'><strong><em>-</em></strong></span> <span class='ocrx_word' id='word_1_276' title='bbox 2668 2286 2847 2340; x_wconf 70' lang='grc' dir='ltr'>αὑτοῦ.</span> <span class='ocrx_word' id='word_1_277' title='bbox 2875 2283 3140 2357; x_wconf 71' lang='grc' dir='ltr'>Ἐφοϐἠθη</span> <span class='ocrx_word' id='word_1_278' title='bbox 3173 2287 3371 2355; x_wconf 79' lang='grc' dir='ltr'>μήποτε</span> <span class='ocrx_word' id='word_1_279' title='bbox 3403 2277 3612 2354; x_wconf 86' lang='grc' dir='ltr'>δολερὸς</span> <span class='ocrx_word' id='word_1_280' title='bbox 3638 2278 3774 2333; x_wconf 83' lang='grc' dir='ltr'>ἐστι.</span> 
     </span>
    </p>
   </div>
   <div class='ocr_carea' id='block_1_38' title="bbox 581 2371 919 2424">
    <p class='ocr_par' dir='ltr' id='par_1_38' title="bbox 581 2371 919 2424">
     <span class='ocr_line' id='line_1_39' title="bbox 581 2371 919 2424; baseline -0.006 0"><span class='ocrx_word' id='word_1_281' title='bbox 581 2384 723 2424; x_wconf 79' lang='lat' dir='ltr'>usus</span> <span class='ocrx_word' id='word_1_282' title='bbox 742 2371 919 2422; x_wconf 88' lang='lat' dir='ltr'>esset.</span> 
     </span>
    </p>
   </div>
   <div class='ocr_carea' id='block_1_39' title="bbox 629 2452 2283 2535">
    <p class='ocr_par' dir='ltr' id='par_1_39' title="bbox 629 2452 2216 2517">
     <span class='ocr_line' id='line_1_40' title="bbox 629 2452 2216 2517; baseline -0.002 -7"><span class='ocrx_word' id='word_1_283' title='bbox 629 2457 800 2513; x_wconf 87' lang='lat' dir='ltr'>Vers.</span> <span class='ocrx_word' id='word_1_284' title='bbox 839 2457 926 2511; x_wconf 87' lang='grc'>29.</span> <span class='ocrx_word' id='word_1_285' title='bbox 965 2457 1027 2511; x_wconf 86' lang='lat' dir='ltr'>Et</span> <span class='ocrx_word' id='word_1_286' title='bbox 1055 2455 1156 2511; x_wconf 80' lang='lat' dir='ltr'>illa</span> <span class='ocrx_word' id='word_1_287' title='bbox 1184 2487 1253 2498; x_wconf 89' lang='lat'>-—</span> <span class='ocrx_word' id='word_1_288' title='bbox 1280 2455 1564 2511; x_wconf 75' lang='lat' dir='ltr'>salutatio.</span> <span class='ocrx_word' id='word_1_289' title='bbox 1614 2456 1818 2510; x_wconf 91' lang='lat' dir='ltr'>Utrum</span> <span class='ocrx_word' id='word_1_290' title='bbox 1858 2452 2080 2517; x_wconf 88' lang='lat' dir='ltr'>divina,</span> <span class='ocrx_word' id='word_1_291' title='bbox 2139 2467 2216 2508; x_wconf 87' lang='lat' dir='ltr'>an</span> 
     </span>
    </p>
   </div>
   <div class='ocr_carea' id='block_1_40' title="bbox 2261 2452 3915 2535">
    <p class='ocr_par' dir='ltr' id='par_1_40' title="bbox 2400 2454 3915 2535">
     <span class='ocr_line' id='line_1_41' title="bbox 2400 2454 3915 2535; baseline -0.007 -17"><span class='ocrx_word' id='word_1_292' title='bbox 2400 2471 2499 2519; x_wconf 81' lang='grc' dir='ltr'>Καὶ</span> <span class='ocrx_word' id='word_1_293' title='bbox 2578 2496 2644 2505; x_wconf 84' lang='lat'>——</span> <span class='ocrx_word' id='word_1_294' title='bbox 2713 2466 2738 2516; x_wconf 96' lang='lat'>6</span> <span class='ocrx_word' id='word_1_295' title='bbox 2810 2462 3092 2535; x_wconf 78' lang='grc' dir='ltr'>ἀσπασμὸς</span> <span class='ocrx_word' id='word_1_296' title='bbox 3167 2461 3335 2522; x_wconf 77' lang='grc' dir='ltr'>οὗτος.</span> <span class='ocrx_word' id='word_1_297' title='bbox 3406 2463 3624 2532; x_wconf 83' lang='grc' dir='ltr'>Πότερον</span> <span class='ocrx_word' id='word_1_298' title='bbox 3686 2457 3833 2517; x_wconf 86' lang='grc' dir='ltr'>θεῖος,</span> <span class='ocrx_word' id='word_1_299' title='bbox 3889 2454 3915 2511; x_wconf 78' lang='grc' dir='ltr'><strong>ἣ</strong></span> 
     </span>
    </p>
   </div>
   <div class='ocr_carea' id='block_1_41' title="bbox 557 2540 2211 2628">
    <p class='ocr_par' dir='ltr' id='par_1_41' title="bbox 557 2540 2211 2614">
     <span class='ocr_line' id='line_1_42' title="bbox 557 2540 2211 2614; baseline -0.005 -9"><span class='ocrx_word' id='word_1_300' title='bbox 557 2564 595 2605; x_wconf 90' lang='lat' dir='ltr'>a</span> <span class='ocrx_word' id='word_1_301' title='bbox 631 2547 920 2602; x_wconf 69' lang='lat' dir='ltr'>daemone.</span> <span class='ocrx_word' id='word_1_302' title='bbox 980 2546 1405 2602; x_wconf 83' lang='lat' dir='ltr'>Salutationem</span> <span class='ocrx_word' id='word_1_303' title='bbox 1461 2551 1655 2601; x_wconf 88' lang='lat' dir='ltr'>autem</span> <span class='ocrx_word' id='word_1_304' title='bbox 1701 2543 1864 2608; x_wconf 87' lang='lat' dir='ltr'>dicit,</span> <span class='ocrx_word' id='word_1_305' title='bbox 1897 2540 2211 2614; x_wconf 85' lang='lat' dir='ltr'>compella-</span> 
     </span>
    </p>
   </div>
   <div class='ocr_carea' id='block_1_42' title="bbox 2267 2540 3921 2628">
    <p class='ocr_par' dir='ltr' id='par_1_42' title="bbox 2328 2544 3921 2628">
     <span class='ocr_line' id='line_1_43' title="bbox 2328 2544 3921 2628; baseline -0.01 -18"><span class='ocrx_word' id='word_1_306' title='bbox 2328 2554 2616 2628; x_wconf 78' lang='grc' dir='ltr'>δαιμόνιος.</span> <span class='ocrx_word' id='word_1_307' title='bbox 2699 2554 3008 2624; x_wconf 84' lang='grc' dir='ltr'>Ἀσπασμὸν</span> <span class='ocrx_word' id='word_1_308' title='bbox 3095 2547 3154 2604; x_wconf 72' lang='grc' dir='ltr'>δὲ</span> <span class='ocrx_word' id='word_1_309' title='bbox 3227 2549 3363 2621; x_wconf 85' lang='grc' dir='ltr'>λέγει</span> <span class='ocrx_word' id='word_1_310' title='bbox 3427 2552 3520 2606; x_wconf 75' lang='grc' dir='ltr'>τὴν</span> <span class='ocrx_word' id='word_1_311' title='bbox 3601 2544 3719 2618; x_wconf 76' lang='grc'>(18)</span> <span class='ocrx_word' id='word_1_312' title='bbox 3770 2562 3921 2616; x_wconf 88' lang='grc' dir='ltr'>προσ-</span> 
     </span>
    </p>
   </div>
   <div class='ocr_carea' id='block_1_43' title="bbox 561 2637 2215 2717">
    <p class='ocr_par' dir='ltr' id='par_1_43' title="bbox 561 2637 807 2694">
     <span class='ocr_line' id='line_1_44' title="bbox 561 2637 807 2694; baseline -0.02 0"><span class='ocrx_word' id='word_1_313' title='bbox 561 2637 807 2694; x_wconf 90' lang='lat' dir='ltr'>tionem.</span> 
     </span>
    </p>
   </div>
   <div class='ocr_carea' id='block_1_44' title="bbox 908 2637 2562 2717">
    <p class='ocr_par' dir='ltr' id='par_1_44' title="bbox 2329 2650 2562 2717">
     <span class='ocr_line' id='line_1_45' title="bbox 2329 2650 2562 2717; baseline -0.021 -19"><span class='ocrx_word' id='word_1_314' title='bbox 2329 2665 2454 2717; x_wconf 87' lang='grc' dir='ltr'>αγορ</span> <span class='ocrx_word' id='word_1_315' title='bbox 2466 2650 2562 2696; x_wconf 85' lang='grc' dir='ltr'>ίαν.</span> 
     </span>
    </p>
   </div>
   <div class='ocr_carea' id='block_1_45' title="bbox 628 2718 2282 2802">
    <p class='ocr_par' dir='ltr' id='par_1_45' title="bbox 628 2718 2216 2790">
     <span class='ocr_line' id='line_1_46' title="bbox 628 2718 2216 2790; baseline -0.004 -11"><span class='ocrx_word' id='word_1_316' title='bbox 628 2727 787 2781; x_wconf 88' lang='lat' dir='ltr'>Vers.</span> <span class='ocrx_word' id='word_1_317' title='bbox 816 2728 902 2780; x_wconf 87' lang='lat'>30.</span> <span class='ocrx_word' id='word_1_318' title='bbox 947 2724 1020 2778; x_wconf 87' lang='lat' dir='ltr'>Et</span> <span class='ocrx_word' id='word_1_319' title='bbox 1069 2725 1153 2779; x_wconf 87' lang='lat' dir='ltr'>ait</span> <span class='ocrx_word' id='word_1_320' title='bbox 1190 2754 1257 2766; x_wconf 87' lang='lat'><strong>-</strong></span> <span class='ocrx_word' id='word_1_321' title='bbox 1291 2726 1484 2778; x_wconf 86' lang='lat' dir='ltr'>Deum.</span> <span class='ocrx_word' id='word_1_322' title='bbox 1521 2719 2020 2790; x_wconf 89' lang='lat' dir='ltr'>Benevolentiam,</span> <span class='ocrx_word' id='word_1_323' title='bbox 2051 2718 2216 2774; x_wconf 85' lang='lat' dir='ltr'>fami-</span> 
     </span>
    </p>
   </div>
   <div class='ocr_carea' id='block_1_46' title="bbox 2033 2718 3687 2802">
    <p class='ocr_par' dir='ltr' id='par_1_46' title="bbox 2051 2718 3687 2802">
     <span class='ocr_line' id='line_1_47' title="bbox 2051 2718 3687 2802; baseline -0.004 -17"><span class='ocrx_word' id='word_1_324' title='bbox 2051 2718 2216 2774; x_wconf 67' lang='lat' dir='ltr'>fami&#39;</span> <span class='ocrx_word' id='word_1_325' title='bbox 2403 2739 2501 2787; x_wconf 79' lang='grc' dir='ltr'>Καὶ</span> <span class='ocrx_word' id='word_1_326' title='bbox 2536 2731 2668 2785; x_wconf 86' lang='grc' dir='ltr'>εἶπεν</span> <span class='ocrx_word' id='word_1_327' title='bbox 2701 2764 2762 2772; x_wconf 92' lang='lat'>—-</span> <span class='ocrx_word' id='word_1_328' title='bbox 2792 2739 2864 2802; x_wconf 86' lang='grc' dir='ltr'>τῷ</span> <span class='ocrx_word' id='word_1_329' title='bbox 2901 2738 3034 2801; x_wconf 81' lang='grc' dir='ltr'>Θεῷ.</span> <span class='ocrx_word' id='word_1_330' title='bbox 3072 2728 3365 2801; x_wconf 76' lang='grc' dir='ltr'>Εὖμένειαν,</span> <span class='ocrx_word' id='word_1_331' title='bbox 3403 2725 3687 2778; x_wconf 87' lang='grc' dir='ltr'>οίκείωσιν.</span> 
     </span>
    </p>
   </div>
   <div class='ocr_carea' id='block_1_47' title="bbox 557 2815 892 2871">
    <p class='ocr_par' dir='ltr' id='par_1_47' title="bbox 557 2815 892 2871">
     <span class='ocr_line' id='line_1_48' title="bbox 557 2815 892 2871; baseline -0.009 0"><span class='ocrx_word' id='word_1_332' title='bbox 557 2815 892 2871; x_wconf 89' lang='lat' dir='ltr'>liaritatem.</span> 
     </span>
    </p>
   </div>
   <div class='ocr_carea' id='block_1_48' title="bbox 630 2898 2284 2981">
    <p class='ocr_par' dir='ltr' id='par_1_48' title="bbox 630 2898 2216 2971">
     <span class='ocr_line' id='line_1_49' title="bbox 630 2898 2216 2971; baseline -0.004 -12"><span class='ocrx_word' id='word_1_333' title='bbox 630 2903 791 2959; x_wconf 88' lang='lat' dir='ltr'>Vers.</span> <span class='ocrx_word' id='word_1_334' title='bbox 827 2904 913 2958; x_wconf 85' lang='grc'>31.</span> <span class='ocrx_word' id='word_1_335' title='bbox 968 2903 1042 2958; x_wconf 84' lang='lat' dir='ltr'>Et</span> <span class='ocrx_word' id='word_1_336' title='bbox 1071 2919 1180 2957; x_wconf 80' lang='lat' dir='ltr'>ecce</span> <span class='ocrx_word' id='word_1_337' title='bbox 1236 2933 1301 2942; x_wconf 94' lang='lat'><strong>—</strong></span> <span class='ocrx_word' id='word_1_338' title='bbox 1349 2902 1511 2957; x_wconf 86' lang='lat' dir='ltr'>Vers.</span> <span class='ocrx_word' id='word_1_339' title='bbox 1547 2901 1634 2957; x_wconf 79' lang='grc'>32.</span> <span class='ocrx_word' id='word_1_340' title='bbox 1664 2900 1910 2971; x_wconf 73' lang='lat' dir='ltr'>Magnus.</span> <span class='ocrx_word' id='word_1_341' title='bbox 1942 2898 2216 2968; x_wconf 85' lang='lat' dir='ltr'>Magnus,</span> 
     </span>
    </p>
   </div>
   <div class='ocr_carea' id='block_1_49' title="bbox 2270 2898 3924 2981">
    <p class='ocr_par' dir='ltr' id='par_1_49' title="bbox 2404 2903 3924 2981">
     <span class='ocr_line' id='line_1_50' title="bbox 2404 2903 3924 2981; baseline -0.011 -15"><span class='ocrx_word' id='word_1_342' title='bbox 2404 2918 2503 2966; x_wconf 76' lang='grc' dir='ltr'>Καὶ</span> <span class='ocrx_word' id='word_1_343' title='bbox 2533 2908 2649 2964; x_wconf 79' lang='grc' dir='ltr'>ἰδοὺ</span> <span class='ocrx_word' id='word_1_344' title='bbox 2680 2941 2741 2950; x_wconf 95' lang='grc'><strong><em>-</em></strong></span> <span class='ocrx_word' id='word_1_345' title='bbox 2769 2913 2955 2981; x_wconf 86' lang='grc' dir='ltr'>μέγας.</span> <span class='ocrx_word' id='word_1_346' title='bbox 2983 2912 3158 2979; x_wconf 86' lang='grc' dir='ltr'>Μέγας</span> <span class='ocrx_word' id='word_1_347' title='bbox 3186 2903 3278 2959; x_wconf 81' lang='grc' dir='ltr'>διὰ</span> <span class='ocrx_word' id='word_1_348' title='bbox 3311 2905 3368 2956; x_wconf 90' lang='grc' dir='ltr'><strong><em>τὸ</em></strong></span> <span class='ocrx_word' id='word_1_349' title='bbox 3411 2905 3626 2977; x_wconf 84' lang='grc' dir='ltr'>μέγεθος</span> <span class='ocrx_word' id='word_1_350' title='bbox 3659 2911 3753 2954; x_wconf 86' lang='grc' dir='ltr'>τῶν</span> <span class='ocrx_word' id='word_1_351' title='bbox 3785 2903 3924 2975; x_wconf 82' lang='grc' dir='ltr'>ἔργων</span> 
     </span>
    </p>
   </div>
   <div class='ocr_carea' id='block_1_50' title="bbox 559 2991 2213 3075">
    <p class='ocr_par' dir='ltr' id='par_1_50' title="bbox 559 2991 2213 3066">
     <span class='ocr_line' id='line_1_51' title="bbox 559 2991 2213 3066; baseline -0.004 -18"><span class='ocrx_word' id='word_1_352' title='bbox 559 2999 796 3066; x_wconf 88' lang='lat' dir='ltr'>propter</span> <span class='ocrx_word' id='word_1_353' title='bbox 821 2991 1301 3062; x_wconf 85' lang='lat' dir='ltr'>magnitudinem</span> <span class='ocrx_word' id='word_1_354' title='bbox 1331 3007 1584 3063; x_wconf 87' lang='lat' dir='ltr'>operum</span> <span class='ocrx_word' id='word_1_355' title='bbox 1611 3006 1681 3046; x_wconf 90' lang='lat' dir='ltr'>ac</span> <span class='ocrx_word' id='word_1_356' title='bbox 1709 3003 2057 3045; x_wconf 86' lang='lat' dir='ltr'>sermonum</span> <span class='ocrx_word' id='word_1_357' title='bbox 2081 3002 2213 3043; x_wconf 88' lang='lat' dir='ltr'>suo-</span> 
     </span>
    </p>
   </div>
   <div class='ocr_carea' id='block_1_51' title="bbox 1169 2991 2823 3075">
    <p class='ocr_par' dir='ltr' id='par_1_51' title="bbox 1169 3001 2823 3075">
     <span class='ocr_line' id='line_1_52' title="bbox 1169 3001 2823 3075; baseline -0.005 -29"><span class='ocrx_word' id='word_1_358' title='bbox 1169 3007 1301 3048; x_wconf 90' lang='lat' dir='ltr'>nem</span> <span class='ocrx_word' id='word_1_359' title='bbox 1331 3007 1584 3063; x_wconf 87' lang='lat' dir='ltr'>operum</span> <span class='ocrx_word' id='word_1_360' title='bbox 1611 3006 1681 3046; x_wconf 91' lang='lat' dir='ltr'>ac</span> <span class='ocrx_word' id='word_1_361' title='bbox 1709 3003 2057 3045; x_wconf 86' lang='lat' dir='ltr'>sermonum</span> <span class='ocrx_word' id='word_1_362' title='bbox 2081 3002 2218 3043; x_wconf 88' lang='lat' dir='ltr'>suo-</span> <span class='ocrx_word' id='word_1_363' title='bbox 2329 3010 2416 3056; x_wconf 67' lang='grc' dir='ltr'>καὶ</span> <span class='ocrx_word' id='word_1_364' title='bbox 2441 3005 2605 3075; x_wconf 62' lang='grc' dir='ltr'>λόγων</span> <span class='ocrx_word' id='word_1_365' title='bbox 2643 3001 2823 3053; x_wconf 52' lang='grc' dir='ltr'>αὑτοῦ,</span> 
     </span>
    </p>
   </div>
   <div class='ocr_carea' id='block_1_52' title="bbox 563 3097 720 3138">
    <p class='ocr_par' dir='ltr' id='par_1_52' title="bbox 563 3097 720 3138">
     <span class='ocr_line' id='line_1_53' title="bbox 563 3097 720 3138; baseline -0.013 0"><span class='ocrx_word' id='word_1_366' title='bbox 563 3097 720 3138; x_wconf 83' lang='lat' dir='ltr'>rum.</span> 
     </span>
    </p>
   </div>
   <div class='ocr_carea' id='block_1_53' title="bbox 629 3168 2283 3248">
    <p class='ocr_par' dir='ltr' id='par_1_53' title="bbox 629 3169 2216 3248">
     <span class='ocr_line' id='line_1_54' title="bbox 629 3169 2216 3248; baseline 0.006 -26"><span class='ocrx_word' id='word_1_367' title='bbox 629 3171 791 3226; x_wconf 88' lang='lat' dir='ltr'>Vers.</span> <span class='ocrx_word' id='word_1_368' title='bbox 825 3171 911 3226; x_wconf 90' lang='grc'>32.</span> <span class='ocrx_word' id='word_1_369' title='bbox 961 3170 1033 3224; x_wconf 87' lang='lat' dir='ltr'>Et</span> <span class='ocrx_word' id='word_1_370' title='bbox 1093 3169 1268 3224; x_wconf 81' lang='lat' dir='ltr'>Filius</span> <span class='ocrx_word' id='word_1_371' title='bbox 1309 3201 1374 3210; x_wconf 91' lang='lat'>—</span> <span class='ocrx_word' id='word_1_372' title='bbox 1432 3170 1731 3227; x_wconf 77' lang='lat' dir='ltr'>vocabitur.</span> <span class='ocrx_word' id='word_1_373' title='bbox 1779 3173 1910 3229; x_wconf 84' lang='lat' dir='ltr'>Erat</span> <span class='ocrx_word' id='word_1_374' title='bbox 1970 3174 2216 3248; x_wconf 89' lang='lat' dir='ltr'>quidem</span> 
     </span>
    </p>
   </div>
   <div class='ocr_carea' id='block_1_54' title="bbox 2278 3168 3932 3248">
    <p class='ocr_par' dir='ltr' id='par_1_54' title="bbox 2403 3168 3932 3245">
     <span class='ocr_line' id='line_1_55' title="bbox 2403 3168 3932 3245; baseline -0.01 -11"><span class='ocrx_word' id='word_1_375' title='bbox 2403 3187 2503 3235; x_wconf 79' lang='grc' dir='ltr'>Καὶ</span> <span class='ocrx_word' id='word_1_376' title='bbox 2562 3183 2680 3240; x_wconf 77' lang='grc' dir='ltr'>Υἱὸς</span> <span class='ocrx_word' id='word_1_377' title='bbox 2737 3209 2805 3220; x_wconf 93' lang='grc'><strong><em>-</em></strong></span> <span class='ocrx_word' id='word_1_378' title='bbox 2863 3178 3202 3236; x_wconf 80' lang='grc' dir='ltr'>κληθήσεται.</span> <span class='ocrx_word' id='word_1_379' title='bbox 3282 3175 3378 3227; x_wconf 82' lang='grc' dir='ltr'>Ἦν</span> <span class='ocrx_word' id='word_1_380' title='bbox 3447 3177 3535 3245; x_wconf 77' lang='grc' dir='ltr'>μεν</span> <span class='ocrx_word' id='word_1_381' title='bbox 3603 3175 3729 3232; x_wconf 83' lang='grc' dir='ltr'>Υἱὸς</span> <span class='ocrx_word' id='word_1_382' title='bbox 3803 3168 3932 3239; x_wconf 61' lang='grc' dir='ltr'>Ὑψί-</span> 
     </span>
    </p>
   </div>
   <div class='ocr_carea' id='block_1_55' title="bbox 560 3259 2214 3337">
    <p class='ocr_par' dir='ltr' id='par_1_55' title="bbox 560 3259 2214 3333">
     <span class='ocr_line' id='line_1_56' title="bbox 560 3259 2214 3333; baseline 0.002 -17"><span class='ocrx_word' id='word_1_383' title='bbox 560 3259 736 3316; x_wconf 89' lang='lat' dir='ltr'>Filius</span> <span class='ocrx_word' id='word_1_384' title='bbox 757 3259 1035 3316; x_wconf 88' lang='lat' dir='ltr'>Altissimi</span> <span class='ocrx_word' id='word_1_385' title='bbox 1061 3276 1074 3314; x_wconf 88' lang='lat'><strong>:</strong></span> <span class='ocrx_word' id='word_1_386' title='bbox 1105 3259 1182 3315; x_wconf 86' lang='lat' dir='ltr'>ita</span> <span class='ocrx_word' id='word_1_387' title='bbox 1199 3264 1401 3316; x_wconf 88' lang='lat' dir='ltr'>autem</span> <span class='ocrx_word' id='word_1_388' title='bbox 1428 3266 1642 3333; x_wconf 90' lang='lat' dir='ltr'>postea</span> <span class='ocrx_word' id='word_1_389' title='bbox 1662 3263 1838 3320; x_wconf 83' lang='lat' dir='ltr'>etiam</span> <span class='ocrx_word' id='word_1_390' title='bbox 1859 3271 2108 3321; x_wconf 90' lang='lat' dir='ltr'>vocatus</span> <span class='ocrx_word' id='word_1_391' title='bbox 2133 3270 2214 3320; x_wconf 86' lang='lat' dir='ltr'>est</span> 
     </span>
    </p>
   </div>
   <div class='ocr_carea' id='block_1_56' title="bbox 2277 3259 3931 3337">
    <p class='ocr_par' dir='ltr' id='par_1_56' title="bbox 2333 3263 3931 3337">
     <span class='ocr_line' id='line_1_57' title="bbox 2333 3263 3931 3337; baseline -0.01 -13"><span class='ocrx_word' id='word_1_392' title='bbox 2333 3280 2475 3324; x_wconf 81' lang='grc' dir='ltr'>στοῡ’</span> <span class='ocrx_word' id='word_1_393' title='bbox 2533 3269 2722 3327; x_wconf 74' lang='grc' dir='ltr'>ἐκλήθη</span> <span class='ocrx_word' id='word_1_394' title='bbox 2785 3264 2843 3319; x_wconf 79' lang='grc' dir='ltr'>δε</span> <span class='ocrx_word' id='word_1_395' title='bbox 2895 3269 3008 3337; x_wconf 82' lang='grc'>(19)</span> <span class='ocrx_word' id='word_1_396' title='bbox 3072 3274 3226 3317; x_wconf 74' lang='grc' dir='ltr'>τουτο</span> <span class='ocrx_word' id='word_1_397' title='bbox 3274 3270 3362 3316; x_wconf 77' lang='grc' dir='ltr'>καί</span> <span class='ocrx_word' id='word_1_398' title='bbox 3395 3264 3612 3337; x_wconf 74' lang='grc' dir='ltr'>ὕστερον</span> <span class='ocrx_word' id='word_1_399' title='bbox 3671 3263 3810 3334; x_wconf 88' lang='grc' dir='ltr'>παρά</span> <span class='ocrx_word' id='word_1_400' title='bbox 3844 3266 3931 3311; x_wconf 82' lang='grc' dir='ltr'>τῶν</span> 
     </span>
    </p>
   </div>
   <div class='ocr_carea' id='block_1_57' title="bbox 559 3349 2213 3422">
    <p class='ocr_par' dir='ltr' id='par_1_57' title="bbox 559 3349 1661 3422">
     <span class='ocr_line' id='line_1_58' title="bbox 559 3349 1661 3422; baseline 0 -16"><span class='ocrx_word' id='word_1_401' title='bbox 559 3349 637 3406; x_wconf 87' lang='lat' dir='ltr'>ab</span> <span class='ocrx_word' id='word_1_402' title='bbox 666 3349 778 3414; x_wconf 89' lang='lat' dir='ltr'>his,</span> <span class='ocrx_word' id='word_1_403' title='bbox 811 3349 914 3422; x_wconf 91' lang='lat' dir='ltr'>qui</span> <span class='ocrx_word' id='word_1_404' title='bbox 938 3350 1222 3422; x_wconf 90' lang='lat' dir='ltr'>inipsum</span> <span class='ocrx_word' id='word_1_405' title='bbox 1261 3350 1661 3408; x_wconf 86' lang='lat' dir='ltr'>crediderunt.</span> 
     </span>
    </p>
   </div>
   <div class='ocr_carea' id='block_1_58' title="bbox 1374 3349 3028 3422">
    <p class='ocr_par' dir='ltr' id='par_1_58' title="bbox 1374 3350 3028 3418">
     <span class='ocr_line' id='line_1_59' title="bbox 1374 3350 3028 3418; baseline 0.002 -14"><span class='ocrx_word' id='word_1_406' title='bbox 1374 3350 1661 3408; x_wconf 81' lang='lat' dir='ltr'>iiderunt.</span> <span class='ocrx_word' id='word_1_407' title='bbox 2331 3361 2724 3413; x_wconf 76' lang='grc' dir='ltr'>πιστευσάντων</span> <span class='ocrx_word' id='word_1_408' title='bbox 2753 3357 2822 3418; x_wconf 82' lang='grc' dir='ltr'>εἰς</span> <span class='ocrx_word' id='word_1_409' title='bbox 2855 3356 3028 3408; x_wconf 70' lang='grc' dir='ltr'>αὐτόν.</span> 
     </span>
    </p>
   </div>
   <div class='ocr_carea' id='block_1_59' title="bbox 630 3440 2284 3520">
    <p class='ocr_par' dir='ltr' id='par_1_59' title="bbox 630 3440 2219 3513">
     <span class='ocr_line' id='line_1_60' title="bbox 630 3440 2219 3513; baseline 0.004 -19"><span class='ocrx_word' id='word_1_410' title='bbox 630 3442 791 3496; x_wconf 87' lang='lat' dir='ltr'>Vers.</span> <span class='ocrx_word' id='word_1_411' title='bbox 832 3440 920 3496; x_wconf 82' lang='grc'>32.</span> <span class='ocrx_word' id='word_1_412' title='bbox 953 3440 1026 3495; x_wconf 90' lang='lat' dir='ltr'>Et</span> <span class='ocrx_word' id='word_1_413' title='bbox 1055 3440 1208 3495; x_wconf 85' lang='lat' dir='ltr'>dabit</span> <span class='ocrx_word' id='word_1_414' title='bbox 1240 3471 1309 3480; x_wconf 94' lang='lat'>—</span> <span class='ocrx_word' id='word_1_415' title='bbox 1325 3443 1509 3512; x_wconf 78' lang='lat' dir='ltr'>patris</span> <span class='ocrx_word' id='word_1_416' title='bbox 1527 3442 1717 3513; x_wconf 76' lang='lat' dir='ltr'>ipsius.</span> <span class='ocrx_word' id='word_1_417' title='bbox 1741 3444 2068 3511; x_wconf 82' lang='lat' dir='ltr'>Thronum,</span> <span class='ocrx_word' id='word_1_418' title='bbox 2097 3444 2219 3500; x_wconf 86' lang='lat' dir='ltr'>sive</span> 
     </span>
    </p>
   </div>
   <div class='ocr_carea' id='block_1_60' title="bbox 2275 3440 3929 3520">
    <p class='ocr_par' dir='ltr' id='par_1_60' title="bbox 2406 3441 3929 3520">
     <span class='ocr_line' id='line_1_61' title="bbox 2406 3441 3929 3520; baseline -0.011 -18"><span class='ocrx_word' id='word_1_419' title='bbox 2406 3454 2506 3502; x_wconf 81' lang='grc' dir='ltr'>Καὶ</span> <span class='ocrx_word' id='word_1_420' title='bbox 2539 3445 2701 3500; x_wconf 80' lang='grc' dir='ltr'>δώσει</span> <span class='ocrx_word' id='word_1_421' title='bbox 2746 3449 2934 3520; x_wconf 82' lang='grc' dir='ltr'>πατρὸς</span> <span class='ocrx_word' id='word_1_422' title='bbox 2977 3475 3043 3485; x_wconf 90' lang='grc'><strong>-</strong></span> <span class='ocrx_word' id='word_1_423' title='bbox 3081 3443 3261 3498; x_wconf 78' lang='grc' dir='ltr'>αὑτοῦ.</span> <span class='ocrx_word' id='word_1_424' title='bbox 3293 3447 3391 3495; x_wconf 85' lang='grc' dir='ltr'>Τὸν</span> <span class='ocrx_word' id='word_1_425' title='bbox 3445 3443 3647 3512; x_wconf 86' lang='grc' dir='ltr'>θρόνον,</span> <span class='ocrx_word' id='word_1_426' title='bbox 3703 3444 3819 3498; x_wconf 76' lang='grc' dir='ltr'>ἦτοι</span> <span class='ocrx_word' id='word_1_427' title='bbox 3847 3441 3929 3494; x_wconf 75' lang='grc' dir='ltr'>την</span> 
     </span>
    </p>
   </div>
   <div class='ocr_carea' id='block_1_61' title="bbox 557 3530 2211 3613">
    <p class='ocr_par' dir='ltr' id='par_1_61' title="bbox 557 3533 1836 3602">
     <span class='ocr_line' id='line_1_62' title="bbox 557 3533 1836 3602; baseline 0.001 -17"><span class='ocrx_word' id='word_1_428' title='bbox 557 3544 812 3599; x_wconf 88' lang='lat' dir='ltr'>regnum</span> <span class='ocrx_word' id='word_1_429' title='bbox 853 3536 908 3585; x_wconf 92' lang='lat' dir='ltr'>et</span> <span class='ocrx_word' id='word_1_430' title='bbox 941 3535 1302 3600; x_wconf 88' lang='lat' dir='ltr'>potestatem</span> <span class='ocrx_word' id='word_1_431' title='bbox 1334 3547 1514 3602; x_wconf 88' lang='lat' dir='ltr'>super</span> <span class='ocrx_word' id='word_1_432' title='bbox 1543 3533 1836 3587; x_wconf 66' lang='lat' dir='ltr'>Hebraeos.</span> 
     </span>
    </p>
   </div>
   <div class='ocr_carea' id='block_1_62' title="bbox 1958 3530 3612 3613">
    <p class='ocr_par' dir='ltr' id='par_1_62' title="bbox 2333 3530 3612 3613">
     <span class='ocr_line' id='line_1_63' title="bbox 2333 3530 3612 3613; baseline -0.005 -22"><span class='ocrx_word' id='word_1_433' title='bbox 2333 3538 2626 3613; x_wconf 86' lang='grc' dir='ltr'>βασιλείαν,</span> <span class='ocrx_word' id='word_1_434' title='bbox 2661 3543 2752 3593; x_wconf 80' lang='grc' dir='ltr'>τὴν</span> <span class='ocrx_word' id='word_1_435' title='bbox 2788 3535 2870 3587; x_wconf 80' lang='grc' dir='ltr'>ἐπὶ</span> <span class='ocrx_word' id='word_1_436' title='bbox 2902 3539 3020 3595; x_wconf 77' lang='grc' dir='ltr'>τοὺς</span> <span class='ocrx_word' id='word_1_437' title='bbox 3055 3533 3327 3607; x_wconf 77' lang='grc' dir='ltr'>Ἐϐραίους</span> <span class='ocrx_word' id='word_1_438' title='bbox 3355 3530 3612 3593; x_wconf 76' lang='grc' dir='ltr'>ἐξουσίαν.</span> 
     </span>
    </p>
   </div>
   <div class='ocr_carea' id='block_1_63' title="bbox 630 3618 2284 3698">
    <p class='ocr_par' dir='ltr' id='par_1_63' title="bbox 630 3618 2222 3693">
     <span class='ocr_line' id='line_1_64' title="bbox 630 3618 2222 3693; baseline 0.002 -20"><span class='ocrx_word' id='word_1_439' title='bbox 630 3619 791 3674; x_wconf 85' lang='lat' dir='ltr'>Vers.</span> <span class='ocrx_word' id='word_1_440' title='bbox 812 3619 899 3674; x_wconf 85' lang='lat'>33.</span> <span class='ocrx_word' id='word_1_441' title='bbox 914 3621 988 3673; x_wconf 87' lang='lat' dir='ltr'>Et</span> <span class='ocrx_word' id='word_1_442' title='bbox 1013 3618 1348 3689; x_wconf 80' lang='lat' dir='ltr'>regnabit—</span> <span class='ocrx_word' id='word_1_443' title='bbox 1365 3621 1520 3687; x_wconf 78' lang='lat' dir='ltr'>ﬁnis.</span> <span class='ocrx_word' id='word_1_444' title='bbox 1547 3620 1806 3691; x_wconf 88' lang='lat' dir='ltr'>Populus</span> <span class='ocrx_word' id='word_1_445' title='bbox 1827 3622 1927 3676; x_wconf 91' lang='lat' dir='ltr'>Dei</span> <span class='ocrx_word' id='word_1_446' title='bbox 1949 3621 2222 3693; x_wconf 89' lang='lat' dir='ltr'>quando-</span> 
     </span>
    </p>
   </div>
   <div class='ocr_carea' id='block_1_64' title="bbox 2276 3618 3930 3698">
    <p class='ocr_par' dir='ltr' id='par_1_64' title="bbox 2408 3618 3930 3698">
     <span class='ocr_line' id='line_1_65' title="bbox 2408 3618 3930 3698; baseline -0.01 -17"><span class='ocrx_word' id='word_1_447' title='bbox 2408 3633 2506 3681; x_wconf 77' lang='grc' dir='ltr'>Καὶ</span> <span class='ocrx_word' id='word_1_448' title='bbox 2587 3625 2887 3698; x_wconf 75' lang='grc' dir='ltr'>βασιλεύσει</span> <span class='ocrx_word' id='word_1_449' title='bbox 2956 3655 3023 3663; x_wconf 89' lang='lat'>—</span> <span class='ocrx_word' id='word_1_450' title='bbox 3099 3622 3254 3682; x_wconf 83' lang='grc' dir='ltr'>τέλος.</span> <span class='ocrx_word' id='word_1_451' title='bbox 3309 3621 3366 3673; x_wconf 88' lang='grc' dir='ltr'>Ὁ</span> <span class='ocrx_word' id='word_1_452' title='bbox 3437 3618 3561 3680; x_wconf 84' lang='grc' dir='ltr'>λαός</span> <span class='ocrx_word' id='word_1_453' title='bbox 3640 3626 3732 3670; x_wconf 84' lang='grc' dir='ltr'>τοῦ</span> <span class='ocrx_word' id='word_1_454' title='bbox 3812 3620 3930 3668; x_wconf 82' lang='grc' dir='ltr'>Θεοῦ</span> 
     </span>
    </p>
   </div>
   <div class='ocr_carea' id='block_1_65' title="bbox 560 3703 2214 3789">
    <p class='ocr_par' dir='ltr' id='par_1_65' title="bbox 560 3707 2214 3780">
     <span class='ocr_line' id='line_1_66' title="bbox 560 3707 2214 3780; baseline 0 -16"><span class='ocrx_word' id='word_1_455' title='bbox 560 3724 673 3780; x_wconf 90' lang='lat' dir='ltr'>que</span> <span class='ocrx_word' id='word_1_456' title='bbox 696 3707 1158 3774; x_wconf 84' lang='lat' dir='ltr'>lsraelvocatur,</span> <span class='ocrx_word' id='word_1_457' title='bbox 1188 3707 1489 3762; x_wconf 90' lang='lat' dir='ltr'>interdum</span> <span class='ocrx_word' id='word_1_458' title='bbox 1512 3710 1861 3765; x_wconf 82' lang='lat' dir='ltr'>veroJacob.</span> <span class='ocrx_word' id='word_1_459' title='bbox 1882 3711 2042 3765; x_wconf 86' lang='lat' dir='ltr'>Unus</span> <span class='ocrx_word' id='word_1_460' title='bbox 2059 3711 2214 3764; x_wconf 91' lang='lat' dir='ltr'>enim</span> 
     </span>
    </p>
   </div>
   <div class='ocr_carea' id='block_1_66' title="bbox 2281 3703 3935 3789">
    <p class='ocr_par' dir='ltr' id='par_1_66' title="bbox 2281 3703 3935 3789">
     <span class='ocr_line' id='line_1_67' title="bbox 2281 3703 3935 3789; baseline -0.01 -18"><span class='ocrx_word' id='word_1_461' title='bbox 2281 3709 2294 3762; x_wconf 67' lang='grc' dir='ltr'><strong>ἶ</strong></span> <span class='ocrx_word' id='word_1_462' title='bbox 2332 3722 2454 3771; x_wconf 69' lang='grc' dir='ltr'>ποτε</span> <span class='ocrx_word' id='word_1_463' title='bbox 2505 3719 2594 3789; x_wconf 73' lang='grc' dir='ltr'>μεν</span> <span class='ocrx_word' id='word_1_464' title='bbox 2653 3713 2867 3788; x_wconf 76' lang='grc' dir='ltr'>Ἰσραὴλ</span> <span class='ocrx_word' id='word_1_465' title='bbox 2912 3712 3164 3778; x_wconf 85' lang='grc' dir='ltr'>καλεῖται,</span> <span class='ocrx_word' id='word_1_466' title='bbox 3219 3714 3343 3763; x_wconf 75' lang='grc' dir='ltr'>ποτε</span> <span class='ocrx_word' id='word_1_467' title='bbox 3390 3706 3448 3762; x_wconf 75' lang='grc' dir='ltr'>δε</span> <span class='ocrx_word' id='word_1_468' title='bbox 3493 3706 3700 3761; x_wconf 79' lang='grc' dir='ltr'>Ἰακώϐ.</span> <span class='ocrx_word' id='word_1_469' title='bbox 3742 3705 3797 3756; x_wconf 85' lang='grc' dir='ltr'><strong>Ὀ</strong></span> <span class='ocrx_word' id='word_1_470' title='bbox 3848 3703 3935 3755; x_wconf 79' lang='grc' dir='ltr'>αὑ-</span> 
     </span>
    </p>
   </div>
   <div class='ocr_carea' id='block_1_67' title="bbox 561 3795 2215 3880">
    <p class='ocr_par' dir='ltr' id='par_1_67' title="bbox 561 3795 2215 3870">
     <span class='ocr_line' id='line_1_68' title="bbox 561 3795 2215 3870; baseline -0.001 -18"><span class='ocrx_word' id='word_1_471' title='bbox 561 3798 839 3867; x_wconf 89' lang='lat' dir='ltr'>idemque</span> <span class='ocrx_word' id='word_1_472' title='bbox 853 3795 1030 3850; x_wconf 88' lang='lat' dir='ltr'>homo</span> <span class='ocrx_word' id='word_1_473' title='bbox 1049 3800 1104 3850; x_wconf 89' lang='lat' dir='ltr'>et</span> <span class='ocrx_word' id='word_1_474' title='bbox 1131 3795 1304 3849; x_wconf 89' lang='lat' dir='ltr'>Israel</span> <span class='ocrx_word' id='word_1_475' title='bbox 1328 3796 1576 3851; x_wconf 77' lang='lat' dir='ltr'>etlacob</span> <span class='ocrx_word' id='word_1_476' title='bbox 1590 3804 1732 3852; x_wconf 90' lang='lat' dir='ltr'>erat.</span> <span class='ocrx_word' id='word_1_477' title='bbox 1764 3800 1828 3852; x_wconf 87' lang='lat' dir='ltr'>Et</span> <span class='ocrx_word' id='word_1_478' title='bbox 1849 3803 2064 3854; x_wconf 88' lang='lat' dir='ltr'>natura</span> <span class='ocrx_word' id='word_1_479' title='bbox 2085 3798 2215 3870; x_wconf 91' lang='lat' dir='ltr'>qui-</span> 
     </span>
    </p>
   </div>
   <div class='ocr_carea' id='block_1_68' title="bbox 2278 3795 3932 3880">
    <p class='ocr_par' dir='ltr' id='par_1_68' title="bbox 2333 3795 3932 3880">
     <span class='ocr_line' id='line_1_69' title="bbox 2333 3795 3932 3880; baseline -0.01 -21"><span class='ocrx_word' id='word_1_480' title='bbox 2333 3811 2419 3868; x_wconf 84' lang='grc' dir='ltr'>τὸς</span> <span class='ocrx_word' id='word_1_481' title='bbox 2462 3810 2560 3880; x_wconf 80' lang='grc' dir='ltr'>γὰρ</span> <span class='ocrx_word' id='word_1_482' title='bbox 2599 3802 2658 3863; x_wconf 75' lang='grc' dir='ltr'>ἧν</span> <span class='ocrx_word' id='word_1_483' title='bbox 2689 3809 2778 3856; x_wconf 84' lang='grc' dir='ltr'>καὶ</span> <span class='ocrx_word' id='word_1_484' title='bbox 2828 3802 3035 3876; x_wconf 79' lang='grc' dir='ltr'>Ἰσραὴλ</span> <span class='ocrx_word' id='word_1_485' title='bbox 3085 3806 3173 3853; x_wconf 83' lang='grc' dir='ltr'>καὶ</span> <span class='ocrx_word' id='word_1_486' title='bbox 3232 3797 3435 3853; x_wconf 76' lang='grc' dir='ltr'>Ἰακὼϐ.</span> <span class='ocrx_word' id='word_1_487' title='bbox 3493 3797 3602 3850; x_wconf 79' lang='grc' dir='ltr'>Καὶ</span> <span class='ocrx_word' id='word_1_488' title='bbox 3660 3798 3806 3867; x_wconf 69' lang='grc' dir='ltr'>φύσει</span> <span class='ocrx_word' id='word_1_489' title='bbox 3845 3795 3932 3865; x_wconf 75' lang='grc' dir='ltr'>μεν</span> 
     </span>
    </p>
   </div>
   <div class='ocr_carea' id='block_1_69' title="bbox 561 3884 2215 3960">
    <p class='ocr_par' dir='ltr' id='par_1_69' title="bbox 561 3884 2215 3960">
     <span class='ocr_line' id='line_1_70' title="bbox 561 3884 2215 3960; baseline 0.001 -19"><span class='ocrx_word' id='word_1_490' title='bbox 561 3885 700 3941; x_wconf 89' lang='lat' dir='ltr'>dem</span> <span class='ocrx_word' id='word_1_491' title='bbox 730 3885 911 3938; x_wconf 85' lang='lat' dir='ltr'>Jacob</span> <span class='ocrx_word' id='word_1_492' title='bbox 944 3889 1110 3939; x_wconf 88' lang='lat' dir='ltr'>vetus</span> <span class='ocrx_word' id='word_1_493' title='bbox 1135 3889 1262 3939; x_wconf 90' lang='lat' dir='ltr'>erat</span> <span class='ocrx_word' id='word_1_494' title='bbox 1288 3884 1571 3956; x_wconf 84' lang='lat' dir='ltr'>populus,</span> <span class='ocrx_word' id='word_1_495' title='bbox 1603 3890 1805 3958; x_wconf 91' lang='lat' dir='ltr'>utpote</span> <span class='ocrx_word' id='word_1_496' title='bbox 1837 3903 1871 3941; x_wconf 88' lang='lat' dir='ltr'>a</span> <span class='ocrx_word' id='word_1_497' title='bbox 1899 3887 2084 3943; x_wconf 86' lang='lat' dir='ltr'>Jacob</span> <span class='ocrx_word' id='word_1_498' title='bbox 2115 3903 2215 3960; x_wconf 84' lang='lat' dir='ltr'>per</span> 
     </span>
    </p>
   </div>
   <div class='ocr_carea' id='block_1_70' title="bbox 2280 3884 3934 3960">
    <p class='ocr_par' dir='ltr' id='par_1_70' title="bbox 2335 3884 3934 3954">
     <span class='ocr_line' id='line_1_71' title="bbox 2335 3884 3934 3954; baseline -0.011 -5"><span class='ocrx_word' id='word_1_499' title='bbox 2335 3893 2520 3949; x_wconf 80' lang='grc' dir='ltr'>Ἰακὼϐ</span> <span class='ocrx_word' id='word_1_500' title='bbox 2574 3891 2633 3952; x_wconf 77' lang='grc' dir='ltr'>ἧν</span> <span class='ocrx_word' id='word_1_501' title='bbox 2666 3896 2690 3945; x_wconf 91' lang='lat'>6</span> <span class='ocrx_word' id='word_1_502' title='bbox 2740 3891 2958 3952; x_wconf 83' lang='grc' dir='ltr'>παλαιὸς</span> <span class='ocrx_word' id='word_1_503' title='bbox 2994 3891 3134 3953; x_wconf 79' lang='grc' dir='ltr'>λαὸς,</span> <span class='ocrx_word' id='word_1_504' title='bbox 3182 3893 3248 3949; x_wconf 84' lang='grc' dir='ltr'>ὡς</span> <span class='ocrx_word' id='word_1_505' title='bbox 3308 3887 3359 3950; x_wconf 77' lang='grc' dir='ltr'>ἐξ</span> <span class='ocrx_word' id='word_1_506' title='bbox 3411 3884 3615 3954; x_wconf 76' lang='grc' dir='ltr'>Ἰακὼϐ,</span> <span class='ocrx_word' id='word_1_507' title='bbox 3668 3886 3799 3936; x_wconf 82' lang='grc' dir='ltr'>κατὰ</span> <span class='ocrx_word' id='word_1_508' title='bbox 3843 3887 3934 3939; x_wconf 79' lang='grc' dir='ltr'>τήν</span> 
     </span>
    </p>
   </div>
   <div class='ocr_carea' id='block_1_71' title="bbox 561 3972 2215 4056">
    <p class='ocr_par' dir='ltr' id='par_1_71' title="bbox 561 3972 2215 4048">
     <span class='ocr_line' id='line_1_72' title="bbox 561 3972 2215 4048; baseline 0.002 -20"><span class='ocrx_word' id='word_1_509' title='bbox 561 3973 870 4042; x_wconf 87' lang='lat' dir='ltr'>sanguinis</span> <span class='ocrx_word' id='word_1_510' title='bbox 892 3972 1311 4042; x_wconf 88' lang='lat' dir='ltr'>cognationem</span> <span class='ocrx_word' id='word_1_511' title='bbox 1325 3973 1732 4031; x_wconf 89' lang='lat' dir='ltr'>descendens:</span> <span class='ocrx_word' id='word_1_512' title='bbox 1766 3977 2091 4048; x_wconf 91' lang='lat' dir='ltr'>adoptione</span> <span class='ocrx_word' id='word_1_513' title='bbox 2120 3993 2215 4032; x_wconf 91' lang='lat' dir='ltr'>ve-</span> 
     </span>
    </p>
   </div>
   <div class='ocr_carea' id='block_1_72' title="bbox 2285 3972 3939 4056">
    <p class='ocr_par' dir='ltr' id='par_1_72' title="bbox 2333 3973 3939 4056">
     <span class='ocr_line' id='line_1_73' title="bbox 2333 3973 3939 4056; baseline -0.009 -19"><span class='ocrx_word' id='word_1_514' title='bbox 2333 3984 2385 4048; x_wconf 81' lang='grc' dir='ltr'>έξ</span> <span class='ocrx_word' id='word_1_515' title='bbox 2442 3986 2662 4056; x_wconf 85' lang='grc' dir='ltr'>αἱματος</span> <span class='ocrx_word' id='word_1_516' title='bbox 2736 3985 3055 4052; x_wconf 68' lang='grc' dir='ltr'>συγγένειανσ</span> <span class='ocrx_word' id='word_1_517' title='bbox 3124 3981 3259 4031; x_wconf 83' lang='grc' dir='ltr'>θέσει</span> <span class='ocrx_word' id='word_1_518' title='bbox 3338 3973 3396 4029; x_wconf 70' lang='grc' dir='ltr'>δι</span> <span class='ocrx_word' id='word_1_519' title='bbox 3468 3973 3660 4029; x_wconf 75' lang='grc' dir='ltr'>Ἰακὼϐ</span> <span class='ocrx_word' id='word_1_520' title='bbox 3731 3975 3756 4025; x_wconf 92' lang='lat'>6</span> <span class='ocrx_word' id='word_1_521' title='bbox 3835 3975 3939 4032; x_wconf 87' lang='grc' dir='ltr'>νέος</span> 
     </span>
    </p>
   </div>
   <div class='ocr_carea' id='block_1_73' title="bbox 561 4061 2215 4143">
    <p class='ocr_par' dir='ltr' id='par_1_73' title="bbox 561 4061 2215 4138">
     <span class='ocr_line' id='line_1_74' title="bbox 561 4061 2215 4138; baseline 0.002 -20"><span class='ocrx_word' id='word_1_522' title='bbox 561 4078 650 4127; x_wconf 87' lang='lat' dir='ltr'>ro,</span> <span class='ocrx_word' id='word_1_523' title='bbox 681 4061 860 4117; x_wconf 87' lang='lat' dir='ltr'>Israel</span> <span class='ocrx_word' id='word_1_524' title='bbox 907 4077 1094 4116; x_wconf 86' lang='lat' dir='ltr'>novus</span> <span class='ocrx_word' id='word_1_525' title='bbox 1119 4067 1243 4118; x_wconf 87' lang='lat' dir='ltr'>erat</span> <span class='ocrx_word' id='word_1_526' title='bbox 1270 4063 1566 4135; x_wconf 81' lang='lat' dir='ltr'>populus;</span> <span class='ocrx_word' id='word_1_527' title='bbox 1603 4081 1744 4121; x_wconf 90' lang='lat' dir='ltr'>nam</span> <span class='ocrx_word' id='word_1_528' title='bbox 1787 4081 1896 4138; x_wconf 88' lang='lat' dir='ltr'>pro</span> <span class='ocrx_word' id='word_1_529' title='bbox 1929 4068 2103 4122; x_wconf 90' lang='lat' dir='ltr'>veteri</span> <span class='ocrx_word' id='word_1_530' title='bbox 2132 4068 2215 4122; x_wconf 93' lang='lat' dir='ltr'>in-</span> 
     </span>
    </p>
   </div>
   <div class='ocr_carea' id='block_1_74' title="bbox 2279 4061 3933 4143">
    <p class='ocr_par' dir='ltr' id='par_1_74' title="bbox 2332 4062 3933 4143">
     <span class='ocr_line' id='line_1_75' title="bbox 2332 4062 3933 4143; baseline -0.009 -17"><span class='ocrx_word' id='word_1_531' title='bbox 2332 4075 2470 4139; x_wconf 87' lang='grc' dir='ltr'>λαός,</span> <span class='ocrx_word' id='word_1_532' title='bbox 2512 4076 2648 4124; x_wconf 78' lang='grc' dir='ltr'>κατὰ</span> <span class='ocrx_word' id='word_1_533' title='bbox 2703 4075 2796 4129; x_wconf 83' lang='grc' dir='ltr'>τὴν</span> <span class='ocrx_word' id='word_1_534' title='bbox 2854 4069 2906 4132; x_wconf 79' lang='grc' dir='ltr'>ἐξ</span> <span class='ocrx_word' id='word_1_535' title='bbox 2977 4067 3162 4143; x_wconf 76' lang='grc' dir='ltr'>ἀρετῆς</span> <span class='ocrx_word' id='word_1_536' title='bbox 3222 4070 3538 4137; x_wconf 65' lang='grc' dir='ltr'>συγγένειαν</span> <span class='ocrx_word' id='word_1_537' title='bbox 3603 4062 3933 4133; x_wconf 78' lang='grc' dir='ltr'>Αντεισήχθη</span> 
     </span>
    </p>
   </div>
   <div class='ocr_carea' id='block_1_75' title="bbox 562 4151 2216 4236">
    <p class='ocr_par' dir='ltr' id='par_1_75' title="bbox 562 4153 2216 4230">
     <span class='ocr_line' id='line_1_76' title="bbox 562 4153 2216 4230; baseline 0.005 -24"><span class='ocrx_word' id='word_1_538' title='bbox 562 4153 773 4208; x_wconf 90' lang='lat' dir='ltr'>ductus</span> <span class='ocrx_word' id='word_1_539' title='bbox 804 4158 890 4208; x_wconf 90' lang='lat' dir='ltr'>est</span> <span class='ocrx_word' id='word_1_540' title='bbox 915 4168 1105 4208; x_wconf 89' lang='lat' dir='ltr'>novus</span> <span class='ocrx_word' id='word_1_541' title='bbox 1146 4153 1424 4225; x_wconf 89' lang='lat' dir='ltr'>populus.</span> <span class='ocrx_word' id='word_1_542' title='bbox 1461 4156 1648 4228; x_wconf 89' lang='lat' dir='ltr'>Super</span> <span class='ocrx_word' id='word_1_543' title='bbox 1673 4157 1832 4212; x_wconf 91' lang='lat' dir='ltr'>hunc</span> <span class='ocrx_word' id='word_1_544' title='bbox 1867 4159 2069 4230; x_wconf 89' lang='lat' dir='ltr'>itaque</span> <span class='ocrx_word' id='word_1_545' title='bbox 2113 4175 2216 4214; x_wconf 91' lang='lat' dir='ltr'>no-</span> 
     </span>
    </p>
   </div>
   <div class='ocr_carea' id='block_1_76' title="bbox 2285 4151 3939 4236">
    <p class='ocr_par' dir='ltr' id='par_1_76' title="bbox 2332 4151 3939 4236">
     <span class='ocr_line' id='line_1_77' title="bbox 2332 4151 3939 4236; baseline -0.009 -21"><span class='ocrx_word' id='word_1_546' title='bbox 2332 4168 2432 4236; x_wconf 83' lang='grc' dir='ltr'>γάρ</span> <span class='ocrx_word' id='word_1_547' title='bbox 2489 4165 2645 4223; x_wconf 86' lang='grc' dir='ltr'>ὁνέος</span> <span class='ocrx_word' id='word_1_548' title='bbox 2695 4168 2785 4212; x_wconf 79' lang='grc' dir='ltr'>τοῦ</span> <span class='ocrx_word' id='word_1_549' title='bbox 2841 4158 3084 4211; x_wconf 80' lang='grc' dir='ltr'>παλαιοῦ.</span> <span class='ocrx_word' id='word_1_550' title='bbox 3134 4160 3327 4209; x_wconf 85' lang='grc' dir='ltr'>Λοιπὸν</span> <span class='ocrx_word' id='word_1_551' title='bbox 3385 4151 3471 4206; x_wconf 76' lang='grc' dir='ltr'>οὖν</span> <span class='ocrx_word' id='word_1_552' title='bbox 3525 4152 3610 4205; x_wconf 79' lang='grc' dir='ltr'>ἐπὶ</span> <span class='ocrx_word' id='word_1_553' title='bbox 3642 4160 3825 4206; x_wconf 78' lang='grc' dir='ltr'>τοῦτον</span> <span class='ocrx_word' id='word_1_554' title='bbox 3861 4153 3939 4202; x_wconf 86' lang='grc' dir='ltr'>τὸν</span> 
     </span>
    </p>
   </div>
   <div class='ocr_carea' id='block_1_77' title="bbox 565 4241 2219 4318">
    <p class='ocr_par' dir='ltr' id='par_1_77' title="bbox 565 4242 2219 4318">
     <span class='ocr_line' id='line_1_78' title="bbox 565 4242 2219 4318; baseline 0.004 -22"><span class='ocrx_word' id='word_1_555' title='bbox 565 4258 703 4298; x_wconf 87' lang='lat' dir='ltr'>vum</span> <span class='ocrx_word' id='word_1_556' title='bbox 722 4243 1010 4314; x_wconf 91' lang='lat' dir='ltr'>populum</span> <span class='ocrx_word' id='word_1_557' title='bbox 1033 4242 1303 4312; x_wconf 87' lang='lat' dir='ltr'>regnabit</span> <span class='ocrx_word' id='word_1_558' title='bbox 1331 4243 1391 4298; x_wconf 90' lang='lat' dir='ltr'>in</span> <span class='ocrx_word' id='word_1_559' title='bbox 1415 4249 1728 4310; x_wconf 58' lang='lat' dir='ltr'>internum,</span> <span class='ocrx_word' id='word_1_560' title='bbox 1747 4246 1807 4300; x_wconf 92' lang='lat' dir='ltr'>id</span> <span class='ocrx_word' id='word_1_561' title='bbox 1831 4252 1940 4312; x_wconf 89' lang='lat' dir='ltr'>est,</span> <span class='ocrx_word' id='word_1_562' title='bbox 1966 4262 2219 4318; x_wconf 89' lang='lat' dir='ltr'>semper,</span> 
     </span>
    </p>
   </div>
   <div class='ocr_carea' id='block_1_78' title="bbox 2286 4241 3940 4318">
    <p class='ocr_par' dir='ltr' id='par_1_78' title="bbox 2333 4241 3940 4315">
     <span class='ocr_line' id='line_1_79' title="bbox 2333 4241 3940 4315; baseline -0.009 -11"><span class='ocrx_word' id='word_1_563' title='bbox 2333 4253 2453 4304; x_wconf 76' lang='grc' dir='ltr'>λαόν</span> <span class='ocrx_word' id='word_1_564' title='bbox 2495 4249 2794 4303; x_wconf 78' lang='grc' dir='ltr'>ϐασιλεύσει</span> <span class='ocrx_word' id='word_1_565' title='bbox 2855 4247 2928 4309; x_wconf 84' lang='grc' dir='ltr'>εἰς</span> <span class='ocrx_word' id='word_1_566' title='bbox 2983 4250 3103 4307; x_wconf 79' lang='grc' dir='ltr'>τοὺς</span> <span class='ocrx_word' id='word_1_567' title='bbox 3159 4246 3365 4309; x_wconf 84' lang='grc' dir='ltr'>αἰῶνας,</span> <span class='ocrx_word' id='word_1_568' title='bbox 3424 4248 3586 4315; x_wconf 77' lang='grc' dir='ltr'>ἤγουν</span> <span class='ocrx_word' id='word_1_569' title='bbox 3638 4241 3736 4308; x_wconf 78' lang='grc' dir='ltr'>ἀεὶ,</span> <span class='ocrx_word' id='word_1_570' title='bbox 3786 4245 3840 4293; x_wconf 78' lang='grc' dir='ltr'>ἔκ</span> <span class='ocrx_word' id='word_1_571' title='bbox 3891 4257 3940 4291; x_wconf 86' lang='grc' dir='ltr'>τε</span> 
     </span>
    </p>
   </div>
   <div class='ocr_carea' id='block_1_79' title="bbox 564 4331 2218 4414">
    <p class='ocr_par' dir='ltr' id='par_1_79' title="bbox 564 4331 2218 4408">
     <span class='ocr_line' id='line_1_80' title="bbox 564 4331 2218 4408; baseline 0.003 -21"><span class='ocrx_word' id='word_1_572' title='bbox 564 4334 660 4404; x_wconf 89' lang='lat' dir='ltr'>qui</span> <span class='ocrx_word' id='word_1_573' title='bbox 689 4331 958 4388; x_wconf 88' lang='lat' dir='ltr'>videlicet</span> <span class='ocrx_word' id='word_1_574' title='bbox 987 4347 1061 4388; x_wconf 84' lang='lat' dir='ltr'>ex</span> <span class='ocrx_word' id='word_1_575' title='bbox 1090 4332 1371 4404; x_wconf 86' lang='lat' dir='ltr'>operibus</span> <span class='ocrx_word' id='word_1_576' title='bbox 1420 4349 1491 4389; x_wconf 92' lang='lat' dir='ltr'>ac</span> <span class='ocrx_word' id='word_1_577' title='bbox 1519 4336 1902 4391; x_wconf 88' lang='lat' dir='ltr'>sermonibus</span> <span class='ocrx_word' id='word_1_578' title='bbox 1930 4337 2131 4408; x_wconf 89' lang='lat' dir='ltr'>ipsum</span> <span class='ocrx_word' id='word_1_579' title='bbox 2160 4352 2218 4392; x_wconf 88' lang='lat' dir='ltr'>a-</span> 
     </span>
    </p>
   </div>
   <div class='ocr_carea' id='block_1_80' title="bbox 2287 4331 3941 4414">
    <p class='ocr_par' dir='ltr' id='par_1_80' title="bbox 2333 4332 3941 4414">
     <span class='ocr_line' id='line_1_81' title="bbox 2333 4332 3941 4414; baseline -0.009 -20"><span class='ocrx_word' id='word_1_580' title='bbox 2333 4351 2430 4395; x_wconf 82' lang='grc' dir='ltr'>τῶν</span> <span class='ocrx_word' id='word_1_581' title='bbox 2489 4344 2648 4414; x_wconf 80' lang='grc' dir='ltr'>ἔργων</span> <span class='ocrx_word' id='word_1_582' title='bbox 2705 4343 2794 4390; x_wconf 82' lang='grc' dir='ltr'>καὶ</span> <span class='ocrx_word' id='word_1_583' title='bbox 2864 4345 2964 4389; x_wconf 83' lang='grc' dir='ltr'>τῶν</span> <span class='ocrx_word' id='word_1_584' title='bbox 3038 4336 3201 4406; x_wconf 79' lang='grc' dir='ltr'>λόγων</span> <span class='ocrx_word' id='word_1_585' title='bbox 3282 4333 3554 4404; x_wconf 81' lang='grc' dir='ltr'>ἐπιγνόντα</span> <span class='ocrx_word' id='word_1_586' title='bbox 3618 4332 3799 4401; x_wconf 76' lang='grc' dir='ltr'>αὑτὸν,</span> <span class='ocrx_word' id='word_1_587' title='bbox 3857 4332 3941 4381; x_wconf 83' lang='grc' dir='ltr'>καὶ</span> 
     </span>
    </p>
   </div>
   <div class='ocr_carea' id='block_1_81' title="bbox 563 4415 2217 4499">
    <p class='ocr_par' dir='ltr' id='par_1_81' title="bbox 563 4422 2217 4494">
     <span class='ocr_line' id='line_1_82' title="bbox 563 4422 2217 4494; baseline 0.002 -17"><span class='ocrx_word' id='word_1_588' title='bbox 563 4423 789 4491; x_wconf 84' lang='lat' dir='ltr'>gnovit,</span> <span class='ocrx_word' id='word_1_589' title='bbox 818 4438 1062 4494; x_wconf 88' lang='lat' dir='ltr'>seseque</span> <span class='ocrx_word' id='word_1_590' title='bbox 1113 4422 1193 4478; x_wconf 90' lang='lat' dir='ltr'>illi</span> <span class='ocrx_word' id='word_1_591' title='bbox 1242 4424 1570 4479; x_wconf 83' lang='lat' dir='ltr'>voluntarie</span> <span class='ocrx_word' id='word_1_592' title='bbox 1622 4425 1908 4480; x_wconf 84' lang='lat' dir='ltr'>subdidit.</span> <span class='ocrx_word' id='word_1_593' title='bbox 1957 4425 2217 4481; x_wconf 78' lang='lat' dir='ltr'>Christus</span> 
     </span>
    </p>
   </div>
   <div class='ocr_carea' id='block_1_82' title="bbox 2287 4415 3941 4499">
    <p class='ocr_par' dir='ltr' id='par_1_82' title="bbox 2337 4415 3941 4499">
     <span class='ocr_line' id='line_1_83' title="bbox 2337 4415 3941 4499; baseline -0.009 -17"><span class='ocrx_word' id='word_1_594' title='bbox 2337 4431 2586 4491; x_wconf 80' lang='grc' dir='ltr'>ἑκουσίως</span> <span class='ocrx_word' id='word_1_595' title='bbox 2646 4429 3051 4499; x_wconf 77' lang='grc' dir='ltr'>ὑποτεταγμένον</span> <span class='ocrx_word' id='word_1_596' title='bbox 3098 4423 3256 4494; x_wconf 77' lang='grc' dir='ltr'>αὑτῷ.</span> <span class='ocrx_word' id='word_1_597' title='bbox 3313 4422 3370 4473; x_wconf 80' lang='grc' dir='ltr'><strong>Ὀ</strong></span> <span class='ocrx_word' id='word_1_598' title='bbox 3430 4425 3532 4495; x_wconf 75' lang='grc' dir='ltr'>γὰρ</span> <span class='ocrx_word' id='word_1_599' title='bbox 3593 4425 3828 4494; x_wconf 79' lang='grc' dir='ltr'>Χριστὸς</span> <span class='ocrx_word' id='word_1_600' title='bbox 3884 4415 3941 4476; x_wconf 75' lang='grc' dir='ltr'>ἦν</span> 
     </span>
    </p>
   </div>
   <div class='ocr_carea' id='block_1_83' title="bbox 565 4510 2219 4609">
    <p class='ocr_par' dir='ltr' id='par_1_83' title="bbox 565 4511 2219 4587">
     <span class='ocr_line' id='line_1_84' title="bbox 565 4511 2219 4587; baseline 0.004 -23"><span class='ocrx_word' id='word_1_601' title='bbox 565 4513 880 4583; x_wconf 89' lang='lat' dir='ltr'>siquidem,</span> <span class='ocrx_word' id='word_1_602' title='bbox 912 4518 965 4566; x_wconf 90' lang='lat' dir='ltr'>et</span> <span class='ocrx_word' id='word_1_603' title='bbox 997 4511 1055 4565; x_wconf 91' lang='lat' dir='ltr'>in</span> <span class='ocrx_word' id='word_1_604' title='bbox 1097 4516 1382 4583; x_wconf 84' lang='lat' dir='ltr'>quantum</span> <span class='ocrx_word' id='word_1_605' title='bbox 1427 4515 1598 4576; x_wconf 88' lang='lat' dir='ltr'>Deus,</span> <span class='ocrx_word' id='word_1_606' title='bbox 1644 4529 1747 4568; x_wconf 81' lang='lat' dir='ltr'>rex</span> <span class='ocrx_word' id='word_1_607' title='bbox 1786 4520 1914 4570; x_wconf 86' lang='lat' dir='ltr'>erat</span> <span class='ocrx_word' id='word_1_608' title='bbox 1948 4535 1958 4572; x_wconf 92' lang='lat'>:</span> <span class='ocrx_word' id='word_1_609' title='bbox 1987 4515 2219 4587; x_wconf 82' lang='lat' dir='ltr'>Regnum</span> 
     </span>
    </p>
   </div>
   <div class='ocr_carea' id='block_1_84' title="bbox 2285 4510 3939 4609">
    <p class='ocr_par' dir='ltr' id='par_1_84' title="bbox 2335 4510 3939 4592">
     <span class='ocr_line' id='line_1_85' title="bbox 2335 4510 3939 4592; baseline -0.007 -21"><span class='ocrx_word' id='word_1_610' title='bbox 2335 4524 2426 4592; x_wconf 70' lang='grc' dir='ltr'>μὲν</span> <span class='ocrx_word' id='word_1_611' title='bbox 2488 4518 2729 4591; x_wconf 71' lang='grc' dir='ltr'>βασιλεὺς</span> <span class='ocrx_word' id='word_1_612' title='bbox 2781 4522 2869 4568; x_wconf 78' lang='grc' dir='ltr'>καί</span> <span class='ocrx_word' id='word_1_613' title='bbox 2927 4518 2994 4576; x_wconf 82' lang='grc' dir='ltr'>ὡς</span> <span class='ocrx_word' id='word_1_614' title='bbox 3048 4517 3191 4573; x_wconf 67' lang='grc' dir='ltr'>Θεὸς*</span> <span class='ocrx_word' id='word_1_615' title='bbox 3223 4513 3280 4565; x_wconf 81' lang='grc' dir='ltr'>ἸΙ</span> <span class='ocrx_word' id='word_1_616' title='bbox 3331 4510 3596 4584; x_wconf 81' lang='grc' dir='ltr'>βασιλεία,</span> <span class='ocrx_word' id='word_1_617' title='bbox 3623 4515 3726 4585; x_wconf 79' lang='grc' dir='ltr'>γὰρ</span> <span class='ocrx_word' id='word_1_618' title='bbox 3768 4511 3939 4582; x_wconf 69' lang='grc' dir='ltr'>φησιν,</span> 
     </span>
    </p>
   </div>
   <div class='ocr_carea' id='block_1_85' title="bbox 563 4593 2217 4679">
    <p class='ocr_par' dir='ltr' id='par_1_85' title="bbox 563 4599 2217 4676">
     <span class='ocr_line' id='line_1_86' title="bbox 563 4599 2217 4676; baseline 0.003 -21"><span class='ocrx_word' id='word_1_619' title='bbox 563 4599 774 4672; x_wconf 89' lang='lat' dir='ltr'>inquit,</span> <span class='ocrx_word' id='word_1_620' title='bbox 803 4617 976 4655; x_wconf 84' lang='lat' dir='ltr'>meum</span> <span class='ocrx_word' id='word_1_621' title='bbox 1004 4617 1107 4655; x_wconf 84' lang='lat' dir='ltr'>non</span> <span class='ocrx_word' id='word_1_622' title='bbox 1135 4608 1209 4655; x_wconf 84' lang='lat' dir='ltr'>est</span> <span class='ocrx_word' id='word_1_623' title='bbox 1231 4618 1296 4655; x_wconf 77' lang='lat' dir='ltr'>ex</span> <span class='ocrx_word' id='word_1_624' title='bbox 1335 4601 1426 4656; x_wconf 87' lang='lat' dir='ltr'>hoc</span> <span class='ocrx_word' id='word_1_625' title='bbox 1445 4601 1644 4656; x_wconf 82' lang='lat' dir='ltr'>mundo</span> <span class='ocrx_word' id='word_1_626' title='bbox 1666 4603 1686 4637; x_wconf 79' lang='grc'><strong><em>⁴</em></strong></span> <span class='ocrx_word' id='word_1_627' title='bbox 1709 4621 1722 4670; x_wconf 89' lang='lat'><strong>;</strong></span> <span class='ocrx_word' id='word_1_628' title='bbox 1754 4608 1810 4658; x_wconf 94' lang='lat' dir='ltr'>et</span> <span class='ocrx_word' id='word_1_629' title='bbox 1836 4604 1896 4658; x_wconf 94' lang='lat' dir='ltr'>in</span> <span class='ocrx_word' id='word_1_630' title='bbox 1923 4611 2217 4676; x_wconf 87' lang='lat' dir='ltr'>quantum</span> 
     </span>
    </p>
   </div>
   <div class='ocr_carea' id='block_1_86' title="bbox 2290 4593 3944 4679">
    <p class='ocr_par' dir='ltr' id='par_1_86' title="bbox 2338 4593 3944 4679">
     <span class='ocr_line' id='line_1_87' title="bbox 2338 4593 3944 4679; baseline -0.008 -19"><span class='ocrx_word' id='word_1_631' title='bbox 2338 4612 2366 4667; x_wconf 80' lang='grc' dir='ltr'>ἡ</span> <span class='ocrx_word' id='word_1_632' title='bbox 2422 4609 2536 4679; x_wconf 72' lang='grc' dir='ltr'>ἐμὴ,</span> <span class='ocrx_word' id='word_1_633' title='bbox 2593 4607 2686 4658; x_wconf 79' lang='grc' dir='ltr'>οὑκ</span> <span class='ocrx_word' id='word_1_634' title='bbox 2746 4609 2884 4657; x_wconf 80' lang='grc' dir='ltr'>ἔστιν</span> <span class='ocrx_word' id='word_1_635' title='bbox 2944 4603 2997 4656; x_wconf 86' lang='grc' dir='ltr'>ἐκ</span> <span class='ocrx_word' id='word_1_636' title='bbox 3050 4599 3140 4655; x_wconf 80' lang='grc' dir='ltr'>τοῦ</span> <span class='ocrx_word' id='word_1_637' title='bbox 3211 4607 3410 4674; x_wconf 87' lang='grc' dir='ltr'>κόσμου</span> <span class='ocrx_word' id='word_1_638' title='bbox 3488 4603 3696 4652; x_wconf 82' lang='grc' dir='ltr'>τούτου·</span> <span class='ocrx_word' id='word_1_639' title='bbox 3755 4596 3816 4657; x_wconf 70' lang='grc' dir='ltr'>ἦν</span> <span class='ocrx_word' id='word_1_640' title='bbox 3892 4593 3944 4648; x_wconf 68' lang='grc' dir='ltr'>δέ</span> 
     </span>
    </p>
   </div>
   <div class='ocr_carea' id='block_1_87' title="bbox 565 4687 2219 4770">
    <p class='ocr_par' dir='ltr' id='par_1_87' title="bbox 565 4688 2219 4764">
     <span class='ocr_line' id='line_1_88' title="bbox 565 4688 2219 4764; baseline 0.004 -19"><span class='ocrx_word' id='word_1_641' title='bbox 565 4688 748 4745; x_wconf 88' lang='lat' dir='ltr'>homo</span> <span class='ocrx_word' id='word_1_642' title='bbox 776 4690 1077 4746; x_wconf 89' lang='lat' dir='ltr'>:habebat</span> <span class='ocrx_word' id='word_1_643' title='bbox 1097 4689 1258 4745; x_wconf 89' lang='lat' dir='ltr'>enim</span> <span class='ocrx_word' id='word_1_644' title='bbox 1287 4692 1441 4762; x_wconf 86' lang='lat' dir='ltr'>regis</span> <span class='ocrx_word' id='word_1_645' title='bbox 1468 4707 1669 4764; x_wconf 86' lang='lat' dir='ltr'>opera,</span> <span class='ocrx_word' id='word_1_646' title='bbox 1697 4697 1839 4764; x_wconf 90' lang='lat' dir='ltr'>puta</span> <span class='ocrx_word' id='word_1_647' title='bbox 1876 4693 2127 4749; x_wconf 91' lang='lat' dir='ltr'>subditis</span> <span class='ocrx_word' id='word_1_648' title='bbox 2150 4694 2219 4751; x_wconf 89' lang='lat' dir='ltr'>le-</span> 
     </span>
    </p>
   </div>
   <div class='ocr_carea' id='block_1_88' title="bbox 2288 4687 3942 4770">
    <p class='ocr_par' dir='ltr' id='par_1_88' title="bbox 2339 4687 3942 4770">
     <span class='ocr_line' id='line_1_89' title="bbox 2339 4687 3942 4770; baseline -0.009 -19"><span class='ocrx_word' id='word_1_649' title='bbox 2339 4704 2428 4751; x_wconf 79' lang='grc' dir='ltr'>καὶ</span> <span class='ocrx_word' id='word_1_650' title='bbox 2484 4700 2549 4758; x_wconf 74' lang='grc' dir='ltr'>ὡς</span> <span class='ocrx_word' id='word_1_651' title='bbox 2619 4698 2908 4770; x_wconf 77' lang='grc' dir='ltr'>ἅνθρωπος.</span> <span class='ocrx_word' id='word_1_652' title='bbox 2989 4691 3117 4763; x_wconf 66' lang='grc' dir='ltr'>Εἶχε</span> <span class='ocrx_word' id='word_1_653' title='bbox 3200 4694 3300 4763; x_wconf 80' lang='grc' dir='ltr'>γὰρ</span> <span class='ocrx_word' id='word_1_654' title='bbox 3368 4693 3494 4763; x_wconf 75' lang='grc' dir='ltr'>ἔργα</span> <span class='ocrx_word' id='word_1_655' title='bbox 3565 4687 3831 4761; x_wconf 78' lang='grc' dir='ltr'>βασιλέως</span> <span class='ocrx_word' id='word_1_656' title='bbox 3889 4687 3942 4736; x_wconf 79' lang='grc' dir='ltr'>τὸ</span> 
     </span>
    </p>
   </div>
   <div class='ocr_carea' id='block_1_89' title="bbox 567 4777 2221 4860">
    <p class='ocr_par' dir='ltr' id='par_1_89' title="bbox 567 4778 2221 4854">
     <span class='ocr_line' id='line_1_90' title="bbox 567 4778 2221 4854; baseline 0.003 -21"><span class='ocrx_word' id='word_1_657' title='bbox 567 4793 671 4848; x_wconf 87' lang='lat' dir='ltr'>ges</span> <span class='ocrx_word' id='word_1_658' title='bbox 699 4778 979 4843; x_wconf 90' lang='lat' dir='ltr'>condere,</span> <span class='ocrx_word' id='word_1_659' title='bbox 1019 4778 1292 4850; x_wconf 89' lang='lat' dir='ltr'>dirigere,</span> <span class='ocrx_word' id='word_1_660' title='bbox 1327 4781 1617 4851; x_wconf 83' lang='lat' dir='ltr'>excolere,</span> <span class='ocrx_word' id='word_1_661' title='bbox 1667 4797 1737 4837; x_wconf 91' lang='lat' dir='ltr'>ac</span> <span class='ocrx_word' id='word_1_662' title='bbox 1770 4798 1874 4854; x_wconf 91' lang='lat' dir='ltr'>pro</span> <span class='ocrx_word' id='word_1_663' title='bbox 1919 4783 2006 4838; x_wconf 89' lang='lat' dir='ltr'>eis</span> <span class='ocrx_word' id='word_1_664' title='bbox 2058 4784 2221 4838; x_wconf 87' lang='lat' dir='ltr'>morti</span> 
     </span>
    </p>
   </div>
   <div class='ocr_carea' id='block_1_90' title="bbox 2291 4777 3945 4860">
    <p class='ocr_par' dir='ltr' id='par_1_90' title="bbox 2338 4777 3945 4860">
     <span class='ocr_line' id='line_1_91' title="bbox 2338 4777 3945 4860; baseline -0.007 -21"><span class='ocrx_word' id='word_1_665' title='bbox 2338 4789 2627 4860; x_wconf 82' lang='grc' dir='ltr'>νομοθετεῖν</span> <span class='ocrx_word' id='word_1_666' title='bbox 2685 4791 2794 4844; x_wconf 85' lang='grc' dir='ltr'>τοῖς</span> <span class='ocrx_word' id='word_1_667' title='bbox 2864 4785 3110 4842; x_wconf 78' lang='grc' dir='ltr'>ὑπηκόοις</span> <span class='ocrx_word' id='word_1_668' title='bbox 3168 4781 3350 4844; x_wconf 73' lang='grc' dir='ltr'>αὑτοῦ,</span> <span class='ocrx_word' id='word_1_669' title='bbox 3408 4782 3463 4830; x_wconf 87' lang='grc' dir='ltr'>τὸ</span> <span class='ocrx_word' id='word_1_670' title='bbox 3538 4779 3838 4852; x_wconf 75' lang='grc' dir='ltr'>ῥυθμίζειν,</span> <span class='ocrx_word' id='word_1_671' title='bbox 3893 4777 3945 4826; x_wconf 78' lang='grc' dir='ltr'>τὸ</span> 
     </span>
    </p>
   </div>
   <div class='ocr_carea' id='block_1_91' title="bbox 567 4867 2221 4950">
    <p class='ocr_par' dir='ltr' id='par_1_91' title="bbox 567 4868 2221 4945">
     <span class='ocr_line' id='line_1_92' title="bbox 567 4868 2221 4945; baseline 0.004 -23"><span class='ocrx_word' id='word_1_672' title='bbox 567 4883 695 4923; x_wconf 89' lang='lat' dir='ltr'>sese</span> <span class='ocrx_word' id='word_1_673' title='bbox 721 4882 1017 4938; x_wconf 85' lang='lat' dir='ltr'>exponere</span> <span class='ocrx_word' id='word_1_674' title='bbox 1043 4883 1056 4921; x_wconf 91' lang='lat'>:</span> <span class='ocrx_word' id='word_1_675' title='bbox 1086 4884 1226 4923; x_wconf 87' lang='lat' dir='ltr'>nam</span> <span class='ocrx_word' id='word_1_676' title='bbox 1254 4868 1381 4924; x_wconf 78' lang='lat' dir='ltr'>haec</span> <span class='ocrx_word' id='word_1_677' title='bbox 1399 4871 1780 4943; x_wconf 88' lang='lat' dir='ltr'>potissimum</span> <span class='ocrx_word' id='word_1_678' title='bbox 1811 4887 1974 4936; x_wconf 87' lang='lat' dir='ltr'>eum,</span> <span class='ocrx_word' id='word_1_679' title='bbox 2002 4873 2221 4945; x_wconf 64' lang='lat' dir='ltr'>quire:</span> 
     </span>
    </p>
   </div>
   <div class='ocr_carea' id='block_1_92' title="bbox 2294 4867 3948 4950">
    <p class='ocr_par' dir='ltr' id='par_1_92' title="bbox 2340 4867 3948 4950">
     <span class='ocr_line' id='line_1_93' title="bbox 2340 4867 3948 4950; baseline -0.01 -20"><span class='ocrx_word' id='word_1_680' title='bbox 2340 4881 2617 4950; x_wconf 82' lang='grc' dir='ltr'>περιέπειν,</span> <span class='ocrx_word' id='word_1_681' title='bbox 2680 4878 2736 4926; x_wconf 83' lang='grc' dir='ltr'>τό</span> <span class='ocrx_word' id='word_1_682' title='bbox 2795 4873 3278 4946; x_wconf 65' lang='grc' dir='ltr'>ὑπεραποθνώσκειν</span> <span class='ocrx_word' id='word_1_683' title='bbox 3353 4868 3540 4938; x_wconf 78' lang='grc' dir='ltr'>αὑτῶν,</span> <span class='ocrx_word' id='word_1_684' title='bbox 3627 4867 3660 4918; x_wconf 87' lang='grc' dir='ltr'><strong>ἆ</strong></span> <span class='ocrx_word' id='word_1_685' title='bbox 3720 4867 3948 4940; x_wconf 75' lang='grc' dir='ltr'>μάλιστα</span> 
     </span>
    </p>
   </div>
   <div class='ocr_carea' id='block_1_93' title="bbox 567 4955 2221 5040">
    <p class='ocr_par' dir='ltr' id='par_1_93' title="bbox 567 4955 1070 5026">
     <span class='ocr_line' id='line_1_94' title="bbox 567 4955 1070 5026; baseline 0 -14"><span class='ocrx_word' id='word_1_686' title='bbox 567 4962 678 5024; x_wconf 88' lang='lat' dir='ltr'>est,</span> <span class='ocrx_word' id='word_1_687' title='bbox 712 4955 1070 5026; x_wconf 88' lang='lat' dir='ltr'>insigniunt.</span> 
     </span>
    </p>
   </div>
   <div class='ocr_carea' id='block_1_94' title="bbox 1767 4955 3421 5040">
    <p class='ocr_par' dir='ltr' id='par_1_94' title="bbox 2341 4957 3421 5040">
     <span class='ocr_line' id='line_1_95' title="bbox 2341 4957 3421 5040; baseline -0.009 -21"><span class='ocrx_word' id='word_1_688' title='bbox 2341 4968 2806 5040; x_wconf 80' lang='grc' dir='ltr'>χαρακτηρίζουσι</span> <span class='ocrx_word' id='word_1_689' title='bbox 2833 4966 2917 5014; x_wconf 82' lang='grc' dir='ltr'>τὸν</span> <span class='ocrx_word' id='word_1_690' title='bbox 2950 4960 3154 5022; x_wconf 78' lang='grc' dir='ltr'>ἀληθῶς</span> <span class='ocrx_word' id='word_1_691' title='bbox 3180 4957 3421 5031; x_wconf 83' lang='grc' dir='ltr'>βασιλέα.</span> 
     </span>
    </p>
   </div>
   <div class='ocr_carea' id='block_1_95' title="bbox 639 5045 2293 5129">
    <p class='ocr_par' dir='ltr' id='par_1_95' title="bbox 639 5047 2293 5124">
     <span class='ocr_line' id='line_1_96' title="bbox 639 5047 2293 5124; baseline 0.007 -25"><span class='ocrx_word' id='word_1_692' title='bbox 639 5047 755 5100; x_wconf 83' lang='lat' dir='ltr'>Ista</span> <span class='ocrx_word' id='word_1_693' title='bbox 812 5051 1013 5102; x_wconf 90' lang='lat' dir='ltr'>autem</span> <span class='ocrx_word' id='word_1_694' title='bbox 1062 5047 1217 5104; x_wconf 90' lang='lat' dir='ltr'>dicta</span> <span class='ocrx_word' id='word_1_695' title='bbox 1275 5053 1412 5104; x_wconf 91' lang='lat' dir='ltr'>sunt</span> <span class='ocrx_word' id='word_1_696' title='bbox 1465 5049 1658 5121; x_wconf 87' lang='lat' dir='ltr'>capite</span> <span class='ocrx_word' id='word_1_697' title='bbox 1713 5051 1907 5124; x_wconf 91' lang='lat' dir='ltr'>primo</span> <span class='ocrx_word' id='word_1_698' title='bbox 1958 5053 2226 5124; x_wconf 87' lang='lat' dir='ltr'>Evange-</span> <span class='ocrx_word' id='word_1_699' title='bbox 2261 5059 2293 5113; x_wconf 81' lang='grc' dir='ltr'>Ε</span> 
     </span>
    </p>
   </div>
   <div class='ocr_carea' id='block_1_96' title="bbox 2291 5045 3945 5129">
    <p class='ocr_par' dir='ltr' id='par_1_96' title="bbox 2291 5045 3945 5129">
     <span class='ocr_line' id='line_1_97' title="bbox 2291 5045 3945 5129; baseline -0.007 -22"><span class='ocrx_word' id='word_1_700' title='bbox 2291 5061 2305 5111; x_wconf 73' lang='grc' dir='ltr'>ι</span> <span class='ocrx_word' id='word_1_701' title='bbox 2419 5058 2638 5129; x_wconf 82' lang='grc' dir='ltr'>Εἰρηται</span> <span class='ocrx_word' id='word_1_702' title='bbox 2669 5049 2726 5105; x_wconf 66' lang='grc' dir='ltr'>δι</span> <span class='ocrx_word' id='word_1_703' title='bbox 2757 5059 2924 5104; x_wconf 74' lang='grc' dir='ltr'>ταῦτα</span> <span class='ocrx_word' id='word_1_704' title='bbox 2967 5055 3054 5102; x_wconf 82' lang='grc' dir='ltr'>καὶ</span> <span class='ocrx_word' id='word_1_705' title='bbox 3097 5049 3146 5100; x_wconf 83' lang='grc' dir='ltr'>έν</span> <span class='ocrx_word' id='word_1_706' title='bbox 3203 5057 3274 5119; x_wconf 84' lang='grc' dir='ltr'>τῷ</span> <span class='ocrx_word' id='word_1_707' title='bbox 3304 5053 3491 5120; x_wconf 81' lang='grc' dir='ltr'>πρώτῳ</span> <span class='ocrx_word' id='word_1_708' title='bbox 3545 5045 3807 5119; x_wconf 72' lang='grc' dir='ltr'>κεφαλαίῳ</span> <span class='ocrx_word' id='word_1_709' title='bbox 3862 5063 3945 5096; x_wconf 83' lang='grc' dir='ltr'>τόν</span> 
     </span>
    </p>
   </div>
   <div class='ocr_carea' id='block_1_97' title="bbox 567 5134 2221 5213">
    <p class='ocr_par' dir='ltr' id='par_1_97' title="bbox 567 5134 2221 5213">
     <span class='ocr_line' id='line_1_98' title="bbox 567 5134 2221 5213; baseline 0.004 -23"><span class='ocrx_word' id='word_1_710' title='bbox 567 5134 627 5190; x_wconf 90' lang='lat' dir='ltr'>lii</span> <span class='ocrx_word' id='word_1_711' title='bbox 658 5135 990 5192; x_wconf 90' lang='lat' dir='ltr'>secundum</span> <span class='ocrx_word' id='word_1_712' title='bbox 1031 5137 1392 5202; x_wconf 69' lang='lat' dir='ltr'>Matthseum,</span> <span class='ocrx_word' id='word_1_713' title='bbox 1445 5140 1546 5194; x_wconf 92' lang='lat' dir='ltr'>ubi</span> <span class='ocrx_word' id='word_1_714' title='bbox 1581 5141 1834 5196; x_wconf 84' lang='lat' dir='ltr'>habetur</span> <span class='ocrx_word' id='word_1_715' title='bbox 1871 5159 1882 5196; x_wconf 95' lang='lat'><strong>:</strong></span> <span class='ocrx_word' id='word_1_716' title='bbox 1946 5141 2051 5206; x_wconf 82' lang='lat' dir='ltr'>Qui</span> <span class='ocrx_word' id='word_1_717' title='bbox 2080 5153 2221 5213; x_wconf 77' lang='lat' dir='ltr'>regal</span> 
     </span>
    </p>
   </div>
   <div class='ocr_carea' id='block_1_98' title="bbox 2291 5134 3945 5213">
    <p class='ocr_par' dir='ltr' id='par_1_98' title="bbox 2342 5135 3945 5208">
     <span class='ocr_line' id='line_1_99' title="bbox 2342 5135 3945 5208; baseline -0.008 -11"><span class='ocrx_word' id='word_1_718' title='bbox 2342 5148 2477 5197; x_wconf 83' lang='grc' dir='ltr'>κατὰ</span> <span class='ocrx_word' id='word_1_719' title='bbox 2525 5144 2813 5208; x_wconf 57' lang='lat' dir='ltr'>Mareotica,</span> <span class='ocrx_word' id='word_1_720' title='bbox 2859 5141 2980 5192; x_wconf 80' lang='grc' dir='ltr'>ἔνθα</span> <span class='ocrx_word' id='word_1_721' title='bbox 3017 5147 3188 5190; x_wconf 81' lang='grc' dir='ltr'>κεῖται</span> <span class='ocrx_word' id='word_1_722' title='bbox 3233 5141 3312 5191; x_wconf 85' lang='grc' dir='ltr'>τὸ.</span> <span class='ocrx_word' id='word_1_723' title='bbox 3360 5135 3547 5196; x_wconf 84' lang='grc' dir='ltr'>Ὅστις</span> <span class='ocrx_word' id='word_1_724' title='bbox 3584 5141 3837 5208; x_wconf 85' lang='grc' dir='ltr'>ποιμανεῖ</span> <span class='ocrx_word' id='word_1_725' title='bbox 3866 5137 3945 5185; x_wconf 86' lang='grc' dir='ltr'>τὸν</span> 
     </span>
    </p>
   </div>
   <div class='ocr_carea' id='block_1_99' title="bbox 569 5223 2223 5305">
    <p class='ocr_par' dir='ltr' id='par_1_99' title="bbox 569 5223 1703 5298">
     <span class='ocr_line' id='line_1_100' title="bbox 569 5223 1703 5298; baseline 0.004 -19"><span class='ocrx_word' id='word_1_726' title='bbox 569 5223 715 5295; x_wconf 89' lang='lat' dir='ltr'>(sive</span> <span class='ocrx_word' id='word_1_727' title='bbox 735 5227 941 5297; x_wconf 83' lang='lat' dir='ltr'>pascat)</span> <span class='ocrx_word' id='word_1_728' title='bbox 966 5226 1223 5298; x_wconf 81' lang='lat' dir='ltr'>populum</span> <span class='ocrx_word' id='word_1_729' title='bbox 1249 5244 1420 5282; x_wconf 87' lang='lat' dir='ltr'>meum</span> <span class='ocrx_word' id='word_1_730' title='bbox 1455 5228 1632 5282; x_wconf 78' lang='lat' dir='ltr'>Israel</span> <span class='ocrx_word' id='word_1_731' title='bbox 1661 5230 1703 5284; x_wconf 83' lang='grc'>⁵.</span> 
     </span>
    </p>
   </div>
   <div class='ocr_carea' id='block_1_100' title="bbox 1333 5223 2987 5305">
    <p class='ocr_par' dir='ltr' id='par_1_100' title="bbox 1334 5228 2987 5305">
     <span class='ocr_line' id='line_1_101' title="bbox 1334 5228 2987 5305; baseline 0.001 -23"><span class='ocrx_word' id='word_1_732' title='bbox 1334 5244 1420 5282; x_wconf 85' lang='lat' dir='ltr'>um</span> <span class='ocrx_word' id='word_1_733' title='bbox 1455 5228 1632 5282; x_wconf 80' lang='lat' dir='ltr'>Israel</span> <span class='ocrx_word' id='word_1_734' title='bbox 1661 5230 1703 5284; x_wconf 82' lang='grc'>⁵.</span> <span class='ocrx_word' id='word_1_735' title='bbox 2341 5232 2463 5286; x_wconf 85' lang='grc' dir='ltr'>λαὸν</span> <span class='ocrx_word' id='word_1_736' title='bbox 2494 5251 2593 5305; x_wconf 85' lang='grc' dir='ltr'>μου</span> <span class='ocrx_word' id='word_1_737' title='bbox 2635 5234 2720 5284; x_wconf 88' lang='grc' dir='ltr'>τὸν</span> <span class='ocrx_word' id='word_1_738' title='bbox 2755 5228 2987 5302; x_wconf 74' lang='grc' dir='ltr'>Ἰσραήλ.</span> 
     </span>
    </p>
   </div>
   <div class='ocr_carea' id='block_1_101' title="bbox 639 5309 2293 5392">
    <p class='ocr_par' dir='ltr' id='par_1_101' title="bbox 639 5315 2225 5389">
     <span class='ocr_line' id='line_1_102' title="bbox 639 5315 2225 5389; baseline 0.009 -23"><span class='ocrx_word' id='word_1_739' title='bbox 639 5315 805 5370; x_wconf 89' lang='lat' dir='ltr'>Vers.</span> <span class='ocrx_word' id='word_1_740' title='bbox 834 5319 921 5371; x_wconf 72' lang='grc'>34.</span> <span class='ocrx_word' id='word_1_741' title='bbox 966 5316 1123 5371; x_wconf 74' lang='lat' dir='ltr'>Dixit</span> <span class='ocrx_word' id='word_1_742' title='bbox 1154 5347 1220 5356; x_wconf 92' lang='lat'><strong>—</strong></span> <span class='ocrx_word' id='word_1_743' title='bbox 1259 5333 1580 5388; x_wconf 83' lang='lat' dir='ltr'>cognoscam.</span> <span class='ocrx_word' id='word_1_744' title='bbox 1615 5319 1922 5384; x_wconf 87' lang='lat' dir='ltr'>Quomodo</span> <span class='ocrx_word' id='word_1_745' title='bbox 1955 5320 2062 5378; x_wconf 90' lang='lat' dir='ltr'>erit</span> <span class='ocrx_word' id='word_1_746' title='bbox 2094 5320 2225 5389; x_wconf 88' lang='lat' dir='ltr'>hoc,</span> 
     </span>
    </p>
   </div>
   <div class='ocr_carea' id='block_1_102' title="bbox 2291 5309 3945 5392">
    <p class='ocr_par' dir='ltr' id='par_1_102' title="bbox 2416 5309 3945 5392">
     <span class='ocr_line' id='line_1_103' title="bbox 2416 5309 3945 5392; baseline -0.008 -18"><span class='ocrx_word' id='word_1_747' title='bbox 2416 5320 2544 5379; x_wconf 85' lang='grc' dir='ltr'>Εἶπε</span> <span class='ocrx_word' id='word_1_748' title='bbox 2600 5353 2668 5361; x_wconf 97' lang='lat'><strong><em>—</em></strong></span> <span class='ocrx_word' id='word_1_749' title='bbox 2722 5325 2985 5392; x_wconf 86' lang='grc' dir='ltr'>γινώσκω.</span> <span class='ocrx_word' id='word_1_750' title='bbox 3039 5323 3156 5380; x_wconf 79' lang='grc' dir='ltr'>Πῶς</span> <span class='ocrx_word' id='word_1_751' title='bbox 3196 5317 3341 5370; x_wconf 85' lang='grc' dir='ltr'>ἔσται</span> <span class='ocrx_word' id='word_1_752' title='bbox 3391 5322 3565 5379; x_wconf 83' lang='grc' dir='ltr'>τοῦτο,</span> <span class='ocrx_word' id='word_1_753' title='bbox 3623 5309 3833 5373; x_wconf 80' lang='grc' dir='ltr'>δηλαδή</span> <span class='ocrx_word' id='word_1_754' title='bbox 3892 5313 3945 5363; x_wconf 83' lang='grc' dir='ltr'>τὸ</span> 
     </span>
    </p>
   </div>
   <div class='ocr_carea' id='block_1_103' title="bbox 641 5413 1655 5484">
    <p class='ocr_par' dir='ltr' id='par_1_103' title="bbox 641 5413 1655 5484">
     <span class='ocr_line' id='line_1_104' title="bbox 641 5413 1655 5484; baseline 0.005 -15"><span class='ocrx_word' id='word_1_755' title='bbox 641 5414 662 5449; x_wconf 67' lang='grc'>⁸</span> <span class='ocrx_word' id='word_1_756' title='bbox 693 5413 864 5472; x_wconf 86' lang='lat' dir='ltr'>Joan.</span> <span class='ocrx_word' id='word_1_757' title='bbox 894 5430 1056 5484; x_wconf 83' lang='lat' dir='ltr'>xvm,</span> <span class='ocrx_word' id='word_1_758' title='bbox 1089 5418 1157 5471; x_wconf 87' lang='lat'>36</span> <span class='ocrx_word' id='word_1_759' title='bbox 1233 5416 1254 5450; x_wconf 80' lang='grc'><strong>⁵</strong></span> <span class='ocrx_word' id='word_1_760' title='bbox 1286 5415 1488 5472; x_wconf 86' lang='lat' dir='ltr'>Matth.</span> <span class='ocrx_word' id='word_1_761' title='bbox 1520 5433 1578 5484; x_wconf 85' lang='grc' dir='ltr'>ιι,</span> <span class='ocrx_word' id='word_1_762' title='bbox 1603 5418 1655 5474; x_wconf 92' lang='grc'>6.</span> 
     </span>
    </p>
   </div>
   <div class='ocr_carea' id='block_1_104' title="bbox 1800 5517 2732 5642">
    <p class='ocr_par' dir='ltr' id='par_1_104' title="bbox 1800 5517 2732 5642">
     <span class='ocr_line' id='line_1_105' title="bbox 1800 5517 2732 5642; baseline 0 -39"><span class='ocrx_word' id='word_1_763' title='bbox 1800 5538 2018 5606; x_wconf 79' lang='lat' dir='ltr'>Variae</span> <span class='ocrx_word' id='word_1_764' title='bbox 2048 5517 2481 5642; x_wconf 43' lang='lat' dir='ltr'>lectiones-et</span> <span class='ocrx_word' id='word_1_765' title='bbox 2526 5543 2732 5604; x_wconf 62' lang='lat' dir='ltr'>nota.</span> 
     </span>
    </p>
   </div>
   <div class='ocr_carea' id='block_1_105' title="bbox 638 5666 2292 5752">
    <p class='ocr_par' dir='ltr' id='par_1_105' title="bbox 638 5667 2247 5752">
     <span class='ocr_line' id='line_1_106' title="bbox 638 5667 2247 5752; baseline -0.006 -26"><span class='ocrx_word' id='word_1_766' title='bbox 638 5667 754 5750; x_wconf 77' lang='grc'>(18)</span> <span class='ocrx_word' id='word_1_767' title='bbox 782 5670 866 5752; x_wconf 70' lang='grc' dir='ltr'>με.</span> <span class='ocrx_word' id='word_1_768' title='bbox 887 5672 1164 5752; x_wconf 78' lang='lat' dir='ltr'>uterque.</span> <span class='ocrx_word' id='word_1_769' title='bbox 1188 5669 1616 5752; x_wconf 75' lang='lat' dir='ltr'>corrigendum</span> <span class='ocrx_word' id='word_1_770' title='bbox 1657 5678 2044 5752; x_wconf 69' lang='grc' dir='ltr'>προσηγορίαν,</span> <span class='ocrx_word' id='word_1_771' title='bbox 2093 5675 2247 5732; x_wconf 66' lang='lat' dir='ltr'>seri-</span> 
     </span>
    </p>
   </div>
   <div class='ocr_carea' id='block_1_106' title="bbox 1603 5666 3257 5752">
    <p class='ocr_par' dir='ltr' id='par_1_106' title="bbox 1603 5666 3257 5752">
     <span class='ocr_line' id='line_1_107' title="bbox 1603 5666 3257 5752; baseline -0.002 -26"><span class='ocrx_word' id='word_1_772' title='bbox 1603 5688 1616 5726; x_wconf 92' lang='grc' dir='ltr'>ι</span> <span class='ocrx_word' id='word_1_773' title='bbox 1657 5678 2044 5752; x_wconf 79' lang='grc' dir='ltr'>προσηγορίαν.</span> <span class='ocrx_word' id='word_1_774' title='bbox 2093 5675 2247 5732; x_wconf 87' lang='lat' dir='ltr'>Scri-</span> <span class='ocrx_word' id='word_1_775' title='bbox 2426 5671 2542 5746; x_wconf 82' lang='grc'>(19)</span> <span class='ocrx_word' id='word_1_776' title='bbox 2570 5674 2630 5724; x_wconf 65' lang='grc' dir='ltr'>Δὶ</span> <span class='ocrx_word' id='word_1_777' title='bbox 2649 5674 2736 5724; x_wconf 77' lang='grc' dir='ltr'>καὶ</span> <span class='ocrx_word' id='word_1_778' title='bbox 2764 5676 2918 5723; x_wconf 80' lang='grc' dir='ltr'>τοῦτο</span> <span class='ocrx_word' id='word_1_779' title='bbox 2953 5666 3166 5744; x_wconf 80' lang='grc' dir='ltr'>ὕστερον</span> <span class='ocrx_word' id='word_1_780' title='bbox 3199 5671 3257 5723; x_wconf 91' lang='grc' dir='ltr'>Β.</span> 
     </span>
    </p>
   </div>
   <div class='ocr_carea' id='block_1_107' title="bbox 566 5740 2073 5822">
    <p class='ocr_par' dir='ltr' id='par_1_107' title="bbox 566 5740 2073 5822">
     <span class='ocr_line' id='line_1_108' title="bbox 566 5740 2073 5822; baseline -0.001 -20"><span class='ocrx_word' id='word_1_781' title='bbox 566 5740 662 5802; x_wconf 61' lang='grc' dir='ltr'>δώ</span> <span class='ocrx_word' id='word_1_782' title='bbox 701 5740 977 5798; x_wconf 85' lang='lat' dir='ltr'>videntur</span> <span class='ocrx_word' id='word_1_783' title='bbox 997 5740 1060 5797; x_wconf 71' lang='lat' dir='ltr'>id</span> <span class='ocrx_word' id='word_1_784' title='bbox 1085 5749 1280 5799; x_wconf 83' lang='lat' dir='ltr'>mente</span> <span class='ocrx_word' id='word_1_785' title='bbox 1310 5743 1598 5800; x_wconf 77' lang='lat' dir='ltr'>habuisse</span> <span class='ocrx_word' id='word_1_786' title='bbox 1629 5740 2073 5822; x_wconf 70' lang='grc' dir='ltr'>προσαγόρευσιν.</span> 
     </span>
    </p>
   </div>
  </div>
