4188 6446
262 410 374 469 869

1380 399 1752 457 COMMEN'I‘.
1802 393 1870 450 IN
1912 388 2175 450 LUCAM.
2218 423 2283 433 —
2325 388 2480 447 CM”.
2526 386 2569 450 1.

3536 387 3640 450 870

268 534 543 590 συλλαϐεῖν
609 532 657 586 ἐν
707 536 925 605 γαστρὶ,
996 535 1085 583 καὶ
1148 534 1309 581 τεκεῖν
1366 528 1515 591 υἱόν;
1576 524 1859 580 Ἠπίστησι

1986 520 2048 572 ut
2077 512 2351 571 videlicet
2390 514 2723 588 concipiam
2767 514 2826 570 in
2854 518 3023 573 utero
3052 520 3107 571 et
3131 515 3365 587 pariam
3392 515 3581 572 ﬁlium
3612 517 3641 574 Ὺ

266 628 360 693 μὲν
418 620 506 677 οὖν
560 627 650 675 καὶ
704 622 859 687 αὕτη,
927 619 1211 692 καθάπερὸ
1246 620 1535 688 Ζαχαρίας,
1595 613 1701 685 οὐχ
1753 612 1872 663 ὑπε-

267 715 432 774 ϐληθη
477 710 537 766 δὲ
588 721 678 773 τῆς
722 709 968 770 ἀπιστίας
1019 708 1263 780 ἐπιτιμίῳ
1290 719 1304 736 ’
1363 702 1502 757 διότι
1551 704 1740 761 ἐκεῖνος
1783 702 1872 773 μὲν

266 801 384 876 εἶχε
435 797 841 875 παραδείγματα
888 797 1051 851 πολλὰ
1087 805 1179 858 τῆς
1230 794 1277 847 ἐν
1315 798 1457 869 γήρει
1507 788 1868 854 παιδοποιίας,

265 898 363 951 τὴν
419 890 639 967 Σάρραν,
697 893 792 947 τὴν
845 888 1131 954 Ῥεϐέκκαν,
1187 889 1280 942 τὴν
1331 881 1545 954 Ῥαχὴλ,
1611 885 1702 939 τὴν
1744 878 1871 931 Ἀν-

265 999 394 1034 ναν·
449 982 480 1038 ἡ
548 976 607 1032 δε
663 980 913 1051 παρθένος
963 972 1085 1029 οὐδὲ
1142 976 1211 1029 ἓν.
1273 970 1512 1046 Οὐδεμία
1575 973 1676 1045 γὰρ
1744 989 1871 1042 παρ-

268 1073 409 1132 θένος
506 1070 596 1129 ἕως
692 1067 850 1128 αὐτῆς
961 1067 1079 1118 ἄνευ
1183 1059 1373 1137 ἀνδρὸς
1450 1058 1692 1114 συνέλαϐε
1781 1064 1872 1111 καὶ

263 1162 403 1212 ἔτεκε
429 1157 569 1229 (20).

341 1252 441 1301 Καὶ
502 1246 800 1321 ἀποκριθεὶς
848 1275 920 1285 -
969 1243 1052 1295 ἰπὶ
1103 1246 1179 1296 σί.
1217 1240 1460 1314 [Πνεῦμα
1524 1238 1638 1311 (21)
1684 1238 1867 1309 ἅγιον·

267 1344 477 1409 Πνεῦμα
513 1339 603 1408 μεν
642 1334 812 1407 ἅγιον,
853 1335 1101 1406 καθαῖρον
1142 1334 1226 1383 ἐπὶ
1264 1331 1433 1395 πλέον,
1466 1332 1557 1380 καὶ
1606 1328 1824 1400 ἁγιάζον
1853 1346 1866 1359 ·

264 1424 493 1499 δύναμις
570 1421 629 1477 δε
700 1424 972 1494 Ὑψίστου,
1054 1420 1539 1495 παρασκευάζουσα
1625 1414 1869 1475 δεκτικὴν

259 1523 356 1570 τοῦ
438 1518 613 1585 Λόγου
696 1517 786 1564 καὶ
860 1518 994 1565 Θεοῦ
1070 1516 1160 1563 καὶ
1236 1513 1553 1585 παρέχουσα
1629 1526 1869 1580 γεννητι-

257 1610 357 1664 κὴν
391 1601 638 1671 δύναμιν.
656 1600 679 1674 ]

334 1695 605 1768 Ἐνεργοῦν
678 1690 986 1766 ἀπορρήτως
1048 1694 1139 1742 καὶ
1221 1692 1315 1747 τὴν
1380 1683 1622 1762 ἕνανδρον
1677 1686 1867 1746 συλλη-

255 1785 352 1857 ψιν
390 1789 485 1835 καὶ
516 1785 604 1835 τὸν
628 1782 861 1856 ὑπερφυῆ
892 1785 1061 1834 τόκον.

1986 608 2052 661 Et
2078 605 2204 660 haec
2241 606 2440 676 itaque
2478 621 2599 660 non
2640 603 2909 670 credidit,
2959 604 3111 660 sicut
3146 604 3481 670 Zacharias,
3515 621 3639 661 non

1988 699 2189 749 tamen
2209 693 2638 749 incredulitatis
2663 692 2972 749 admonita
2996 697 3086 748 est
3106 707 3213 764 per
3240 707 3516 764 pmnam:
3544 693 3639 750 ille

1987 782 2281 855 siquidem
2332 782 2521 838 multa
2561 781 2773 837 habuit
2830 781 3107 853 exempla
3137 782 3532 854 susceptionis
3574 782 3640 838 li-

1985 870 2268 927 berorum
2294 871 2349 926 in
2372 876 2706 927 senectute:
2736 870 2994 936 Sarram,
3024 871 3377 936 Rebeccam,
3396 870 3636 937 Rachel,

1986 963 2220 1016 Annam
2264 960 2483 1029 :virgo
2513 964 2714 1015 autem
2758 959 3009 1016 nullum.
3057 957 3232 1015 Nulla
3277 960 3438 1015 enim
3468 960 3638 1030 virgo

1985 1050 2061 1105 ad
2090 1049 2151 1104 id
2180 1064 2370 1121 usque
2409 1055 2645 1121 tempus
2677 1050 2804 1104 sine
2832 1046 2963 1105 viro
2992 1052 3341 1120 conceperat
3365 1055 3422 1104 et
3464 1063 3640 1121 pepe-

1981 1142 2164 1194 rerat.

2051 1226 2218 1282 Vers.
2278 1228 2365 1281 35.
2421 1225 2495 1280 Et
2540 1225 2860 1297 respondens
2909 1257 2980 1267 —
3027 1226 3089 1279 in
3145 1231 3213 1280 te.
3264 1226 3351 1296 ﬁ-
3392 1224 3639 1298 Spiritus

1980 1320 2258 1371 sanctus:
2289 1313 2533 1385 Spiritus
2556 1315 2802 1387 quidem
2824 1318 3092 1379 sanctus,
3109 1314 3301 1383 magis
3319 1314 3640 1386 puriﬁcans

1980 1408 2036 1458 et
2073 1402 2450 1459 sanctiﬁcans
2480 1420 2493 1469 ;
2525 1403 2784 1475 potentia
2840 1418 2981 1459 vero
3028 1403 3334 1467 Altissimi,
3376 1402 3640 1459 efﬁciens

1979 1496 2185 1563 aptam
2217 1491 2296 1547 ad
2339 1492 2753 1564 recipiendum
2767 1492 2969 1563 Logon
2996 1499 3053 1549 et
3079 1495 3264 1548 Deum
3295 1499 3351 1547 et
3378 1492 3638 1563 largiens

1978 1579 2319 1636 facultatem
2353 1580 2657 1652 gignendi.

2050 1671 2160 1736 Qui
2198 1669 2574 1726 ineffabiliter
2623 1670 2963 1743 operabitur
3008 1674 3063 1726 et
3117 1674 3476 1743 conceptum
3509 1670 3635 1728 sine

1978 1758 2126 1820 viro,
2159 1762 2215 1814 et
2243 1763 2482 1830 partum
2514 1758 3054 1830 supernaturalem.

332 1878 435 1927 Καὶ
487 1848 824 1944 δύναμιξ-
868 1887 975 1925 σοι.
1028 1873 1098 1923 T6
1148 1869 1274 1921 αὐτὸ
1325 1865 1479 1927 δηλοῖ
1527 1872 1619 1919 καὶ
1659 1867 1859 1929 οὖτοςό

2048 1848 2218 1903 Vers.
2254 1852 2346 1904 35.
2382 1848 2455 1901 Et
2494 1848 2681 1903 virtus
2704 1879 2769 1889 —-
2795 1848 2917 1903 tibi.
2953 1848 3116 1903 ldem
3146 1864 3390 1921 quoque
3418 1848 3637 1906 indicat

253 1963 427 2034 λόγος.
504 1964 731 2033 Δύναμις
786 1967 918 2013 Θεοῦ
968 1961 1217 2012 σιεπάσει
1289 1977 1366 2026 σε,
1444 1954 1754 2030 δυναμοῦσά
1807 1975 1865 2009 σε

252 2056 385 2127 πρὸς
410 2052 705 2123 ὑπουργίαν
734 2056 826 2101 τοῦ
846 2051 1084 2101 τοιούτου
1110 2050 1431 2122 πράγματος.

328 2144 416 2192 Διό
452 2170 521 2181 -
557 2145 711 2193 Θεοῦ.
746 2142 834 2191 Διό
881 2143 971 2190 καὶ
1015 2141 1075 2190 τό
1133 2139 1281 2209 ἅγιον
1326 2135 1536 2211 βρέφος,
1587 2139 1645 2189 τὸ
1684 2143 1862 2209 γεννώ-

264 2248 405 2301 μενον
455 2227 508 2281 ἐκ
583 2227 698 2300 (22)
778 2235 894 2293 σοῦ,
953 2227 1274 2286 κληθήσεται
1346 2229 1466 2288 Υἱὸς
1538 2231 1664 2280 Θεοῦ
1719 2229 1863 2299 παρὰ

268 2325 368 2368 τῶν
415 2325 611 2370 πιστῶν
660 2313 755 2369 διὰ
821 2319 891 2369 τὰ
942 2318 1191 2391 θεοπρεπῆ
1263 2318 1390 2391 ἔργα
1432 2324 1525 2379 τῆς
1596 2318 1861 2389 ἡνωμένης

271 2406 412 2477 αῦτῷ
439 2408 692 2467 θεότητος,

334 2499 469 2556 Τινὲς
529 2492 612 2561 δε,
681 2493 1116 2567 ἀναγινώσκοντες
1194 2499 1252 2548 τό
1335 2501 1663 2568 Γεννώμενον,
1729 2497 1858 2548 ὑπο-

255 2588 525 2650 στίζουσι,
620 2585 849 2656 λέγοντες
924 2587 1005 2638 ὅτι
1067 2582 1162 2638 διὰ
1238 2588 1297 2638 τό
1372 2584 1593 2639 ἐπελθεῖν
1651 2593 1860 2660 Πνεῦμα

248 2675 423 2745 ἅγιον,
475 2679 567 2726 καὶ
609 2676 919 2727 ἑπισκὶάσαι
968 2670 1190 2747 δύναμιν
1235 2673 1510 2746 Ὑψίστου,
1564 2678 1622 2727 τό
1671 2681 1857 2748 γεννώ-

246 2783 397 2835 μενον
457 2766 609 2816 ἔσται
660 2766 823 2835 ἅγιον,
875 2767 995 2822 ἤτοι
1048 2766 1179 2816 θεῖον
1228 2781 1240 2794 ·
1291 2762 1403 2817 εἶτα
1452 2768 1520 2817 τὰ
1575 2765 1691 2838 (23)
1741 2765 1858 2828 ἑξῆς

246 2852 521 2913 ἁπολύτως
548 2852 984 2924 ἀναγινώσκουσι.

320 2946 424 2995 Καὶ
472 2939 590 2995 ἰδοὺ
623 2974 687 2983 —-
730 2943 896 3017 ῥῆμα.
958 2945 1090 3016 Πρὸς
1144 2942 1499 3019 πληροφορίαν
1543 2944 1707 3005 αὐτῆς
1757 2965 1854 2998 πα-

239 3028 517 3104 ράδειγμα
545 3033 727 3089 τίθησι
759 3036 854 3090 τὴν
884 3031 1178 3096 Ἐλισάϐετ,
1208 3030 1502 3100 διδάσκων,
1534 3035 1615 3088 ὅτι
1638 3034 1696 3086 Ὀ
1725 3031 1855 3097 δοὺς

240 3124 445 3196 καρπόν
502 3126 567 3191 τῇ
633 3118 850 3193 ἀκάρπῳ
898 3121 1074 3193 κοιλίᾳ
1138 3130 1230 3184 τῆς
1285 3128 1508 3198 στείρας,
1560 3123 1712 3184 αὐτὸς
1763 3128 1853 3176 καὶ

1974 1935 2071 1992 hic
2101 1952 2319 2001 sermo,
2358 1936 2544 1993 Virtus
2582 1937 2686 1992 Dei
2707 1942 2953 2008 proteget
2999 1944 3047 1992 te
3077 1953 3091 2004 ;
3130 1942 3432 2009 potentem
3458 1938 3636 1995 faciet

1974 2031 2031 2082 te
2057 2026 2135 2083 ad
2163 2026 2343 2097 hujus
2382 2027 2461 2081 rei
2499 2026 2927 2098 operationem.

2044 2134 2206 2190 Vers.
2253 2134 2347 2190 35.
2379 2131 2525 2189 Ideo.
2556 2163 2620 2173 —
2660 2132 2788 2188 Dei.
2840 2131 2976 2189 Ideo
3007 2148 3250 2206 quoque
3280 2141 3520 2191 sanctus
3550 2134 3637 2190 in-

1972 2220 2129 2288 fans,
2171 2222 2385 2295 inquit,
2412 2221 2513 2295 qui
2546 2237 2617 2278 ex
2653 2225 2707 2278 te
2753 2222 3036 2292 nascitur,
3078 2221 3392 2279 vocabitur
3416 2240 3452 2280 a
3490 2222 3634 2279 ﬁde-

1969 2309 2127 2367 libus
2180 2311 2357 2367 Filius
2389 2313 2507 2377 Dei,
2560 2315 2804 2384 prapter
2854 2310 3063 2368 divina
3083 2326 3267 2384 opera
3310 2312 3489 2369 unitas
3518 2310 3633 2368 sibi

1971 2398 2310 2458 divinitatis.

2042 2489 2296 2555 Quidam
2310 2494 2512 2546 autem
2524 2489 2625 2546 ubi
2646 2489 2894 2560 legerint
2912 2506 2926 2545 :
2953 2489 3108 2556 Quod
3124 2492 3389 2562 nascitur,
3406 2489 3634 2547 faciunt

1971 2577 2053 2634 ibi
2080 2578 2629 2635 subdistinctionem
2670 2579 2932 2635 dicentes
2966 2580 3153 2651 quod,
3194 2580 3323 2650 quia
3376 2580 3631 2650 Spiritus

1968 2675 2183 2723 sanctus
2205 2670 2561 2739 superveniet,
2612 2675 2661 2723 et
2696 2669 2900 2723 virtute
2938 2668 3218 2724 Altissimi
3268 2668 3629 2734 obumbrabit,

1970 2756 2108 2824 ideo,
2165 2758 2303 2829 quod
2375 2758 2642 2823 imcitur,
2702 2758 2809 2812 erit
2861 2765 3106 2813 sanctum
3161 2759 3285 2814 sive
3333 2758 3631 2813 divinum:

1968 2845 2203 2912 deinde,
2229 2847 2394 2919 quod
2425 2848 2693 2919 sequitur
2722 2846 2991 2903 absolute
3021 2847 3251 2918 legunt.

2040 2936 2200 2992 Vers.
2231 2936 2327 2992 36.
2365 2939 2443 2993 Et
2471 2955 2578 2993 ecce
2612 2970 2674 2979 —
2720 2938 2878 2993 Vers.
2925 2938 3015 2996 37.
3046 2938 3290 2996 verbum.
3330 2941 3400 2995 Ut
3429 2937 3634 2994 certio-

1965 3041 2094 3082 rem
2120 3042 2254 3083 eam
2276 3027 2500 3093 reddat,
2525 3028 2862 3099 exemplum
2890 3028 3189 3084 Elizabeth
3211 3028 3292 3083 illi
3313 3029 3629 3100 proponit;

1965 3115 2209 3186 docens,
2225 3116 2391 3189 quod
2416 3117 2524 3181 Qui
2556 3118 2745 3172 ventri
2771 3117 2981 3172 sterilis
3002 3117 3198 3173 fructu
3221 3118 3446 3173 carenti
3472 3118 3633 3174 dedit

239 3208 292 3261 ἐν
352 3213 436 3261 σοὶ
493 3214 719 3277 ποιήσει,
776 3209 803 3261 6
861 3206 932 3262 δι’
983 3210 1109 3282 ἐμοῦ
1164 3216 1247 3264 σοὶ
1303 3212 1562 3270 λελάληκα.
1630 3219 1734 3265 Πᾶν
1793 3208 1852 3265 δε

1983 3203 2241 3270 'ructum,
2278 3207 2404 3276 ipse
2428 3221 2671 3277 quoque
2699 3205 2761 3260 in
2797 3211 2853 3261 te
2882 3204 3080 3273 faciet,
3124 3205 3291 3279 quod
3318 3222 3423 3278 per
3445 3222 3540 3263 me
3565 3208 3633 3264 ti-

236 3300 409 3374 ῥῆμα,
444 3296 560 3350 ἀντὶ
589 3305 701 3365 τοῦ,
751 3305 858 3351 Πᾶν
908 3298 933 3351 6
970 3298 1128 3372 λέγει,
1178 3307 1278 3353 πᾶν
1323 3301 1349 3353 6
1392 3300 1778 3374 ἐπαγγέλλεται,
1821 3304 1851 3362 ἡ

239 3393 370 3456 πᾶν,
410 3386 438 3439 6
465 3385 604 3458 λέγει
634 3405 735 3449 τις.

320 3598 483 3654 Ἀλλὰ
534 3607 643 3662 πῶς
686 3599 748 3659 ἧν
793 3602 822 3659 ἡ
874 3600 1143 3655 Ἐλισάϐετ
1185 3609 1442 3676 συγγενὴς
1481 3613 1571 3666 τῆς
1600 3611 1851 3682 Μαρίας;

247 3688 449 3746 Ἐκείνη
507 3691 599 3761 μὶν
654 3691 754 3764 γὰρ
816 3688 871 3742 ἐκ
925 3700 1016 3752 τῆς
1072 3698 1320 3753 Λευῖτικῆ
1332 3716 1372 3761 ς,
1440 3698 1607 3748 εἴτουν
1662 3697 1857 3769 ἱερατι-

246 3787 348 3840 κῆς
402 3782 662 3849 κατήγετο
718 3778 903 3850 φυλῆς·
967 3780 1095 3840 αῦτη
1156 3778 1216 3835 δὲ
1273 3781 1327 3835 ἐκ
1379 3792 1473 3846 τῆς
1530 3782 1850 3855 Ἰουδαϊκῆς,

247 3870 412 3938 ἤγουν
466 3865 778 3953 βασιλικῆς.
854 3871 1099 3943 Διάφοροι
1159 3876 1434 3943 γεγόνασιν
1511 3873 1854 3953 ἐπιγαμϐρεῖ-

246 3974 303 4007 αι
367 3964 471 4007 τῶν
523 3951 620 4007 δύο
683 3959 876 4009 τούτων
933 3958 1120 4029 φυλῶν.
1181 3962 1381 4036 Ἀαρὼν
1432 3966 1530 4038 γὰρ
1586 3951 1851 4042 πρότερον,

243 4048 331 4097 καὶ
384 4040 569 4099 Ἰωδαε
622 4045 860 4119 ὕστερον,
920 4045 1185 4123 ἀρχιερεῖς
1242 4049 1522 4128 ἀμφότεροι
1589 4040 1751 4123 ὄντες,
1800 4058 1856 4112 ἐκ

241 4142 339 4193 τῆς
388 4131 677 4205 βασιλικῆς
733 4134 896 4206 φυλῆς
950 4145 1202 4207 γυναῖκας
1254 4142 1532 4212 ἠγάγοντο,
1588 4151 1673 4197 καὶ
1742 4150 1852 4219 μετ’

243 4222 433 4282 αὐτοὺς
489 4222 673 4296 ἕτεροι.
733 4228 930 4277 Λοιπὸν
988 4222 1075 4278 οὖν
1150 4226 1205 4279 ἐκ
1271 4234 1521 4294 τοιαύτης
1580 4232 1855 4298 ἐπικλοκῆς

243 4307 379 4370 ἦσαν
440 4318 709 4382 συγγενεῖς
775 4311 1003 4371 ἀλλήλων
1070 4321 1161 4368 καὶ
1218 4314 1393 4371 αὗται.
1453 4322 1597 4374 Ἐπεὶ
1651 4327 1752 4399 γὰρ
1805 4324 1855 4377 ἐν

241 4404 334 4473 μὲν
380 4402 539 4462 θείοις
596 4403 876 4474 πράγμασι
936 4408 1188 4479 πρωτεύει
1255 4412 1313 4460 τό
1382 4411 1637 4483 ἱερατικὸν
1693 4418 1852 4485 γένος,

242 4488 290 4542 ἄν
338 4486 398 4542 δὲ
459 4488 799 4565 ἀνθρωπίνοις
836 4493 950 4564 (2i)
1008 4498 1064 4547 τὸ
1119 4494 1417 4569 βασιλικὸν,
1475 4500 1680 4564 εἰκότως
1737 4523 1856 4557 συν-

241 4579 567 4645 επλάκησαν,
603 4580 687 4632 ἶνα
736 4588 826 4635 καὶ
875 4585 1033 4658 ἱερεὺς
1073 4585 1354 4659 βασιλικός
1397 4596 1500 4661 εἴη,
1549 4598 1639 4647 καὶ
1682 4596 1708 4648 ό
1757 4593 1856 4668 βα-

243 4668 422 4730 σιλεὺς
455 4669 732 4741 ἰερατικός.

314 4754 441 4811 Eine
491 4788 563 4800 —
616 4779 731 4813 σου.
782 4766 997 4834 Λοιπὸν,
1058 4765 1116 4817 οῦ
1160 4772 1313 4839 μόνον
1356 4768 1679 4843 ἐπίστευσεν,
1726 4774 1856 4831 ἀλλὰ

238 4852 334 4900 καὶ
395 4846 591 4911 ηὔξατο
665 4853 908 4922 γενέσθαι
978 4854 1132 4928 αὐτῇ,
1192 4860 1360 4921 καθὼς
1413 4863 1438 4913 ό
1495 4864 1713 4937 ἅγγελος
1785 4871 1851 4920 εἶ-

238 4955 391 5012 ρηκε.
1034 4990 1039 4991 ,

288 5032 420 5131 ’Καὶ
457 5058 525 5069 -—
554 5030 791 5104 ἅγγελος.
830 5029 973 5094 Ἤδη
1026 5035 1387 5105 συλλαϐούσης
1439 5044 1552 5117 ἅμα
1596 5054 1669 5120 τῷ
1711 5046 1848 5123 λόγῳ

236 5133 430 5171 αυτοῦ.

1964 3293 2021 3349 bi
2062 3293 2296 3349 locutus
2343 3300 2453 3349 est.
2497 3294 2687 3350 Omne
2713 3294 2876 3350 enim
2904 3294 3183 3360 verbum,
3226 3295 3308 3360 id,
3349 3300 3433 3350 est
3462 3297 3631 3366 quid-

1963 3382 2111 3456 quid
2167 3381 2325 3448 dicit,
2358 3381 2657 3455 quidquid
2685 3383 3022 3449 annuntiat,
3070 3383 3163 3439 vel
3195 3383 3492 3455 quidquid
3523 3384 3631 3440 ali-

1963 3470 2099 3545 quis
2126 3470 2289 3527 dicit.

2037 3561 2150 3619 Sed
2205 3559 2501 3633 quomodo
2558 3564 2683 3617 erat
2728 3559 3022 3618 Elizabeth
3078 3565 3335 3632 cognata
3377 3561 3569 3618 Mariae
3599 3561 3630 3617 ?

1963 3650 2069 3706 Illa
2096 3650 2343 3723 quidem
2374 3665 2446 3706 ex
2477 3650 2748 3718 Levitica,
2781 3653 2901 3707 sive
2949 3650 3317 3715 sacerdotali,
3349 3650 3503 3707 tribu
3530 3651 3629 3707 de-

1962 3740 2435 3805 scenderat,haac
2466 3745 2665 3795 autem
2685 3739 2756 3796 .ie
2777 3739 3045 3806 Iudaica,
3079 3740 3201 3795 sive
3220 3740 3408 3810 regia.
3438 3739 3627 3798 Varia:

1961 3828 2431 3885 fueruntbarum
2446 3830 2701 3886 duarum
2730 3829 2995 3886 tribuum
3017 3829 3407 3901 cognationes
3440 3847 3453 3883 :
3487 3845 3625 3885 cum

1962 3920 2123 3975 enim
2155 3920 2354 3977 Aaron
2407 3918 2692 3991 primum,
2725 3924 2783 3976 et
2824 3919 3213 3992 postmodum
3255 3918 3485 3984 Joiada,
3522 3916 3628 3992 qui

1963 4011 2145 4067 ambo
2172 4008 2397 4065 summi
2423 4009 2760 4065 sacerdotes
2791 4014 2960 4066 erant
2982 4026 3196 4065 uxores
3218 4025 3251 4065 e
3280 4009 3443 4082 regia
3466 4009 3624 4065 tribu

1963 4099 2255 4165 duxerint,
2298 4104 2355 4154 et
2398 4104 2533 4171 post
2572 4100 2682 4154 hos
2723 4098 2846 4167 alii,
2889 4106 3275 4155 consecutum
3325 4104 3434 4166 est,
3464 4103 3528 4153 ut
3554 4113 3629 4154 ex

1966 4190 2065 4245 tali
2095 4187 2477 4260 permistione
2507 4189 2598 4243 hae
2630 4188 2762 4243 duae
2811 4196 3007 4243 essent
3037 4190 3187 4243 inter
3217 4203 3279 4242 se
3330 4195 3623 4255 cognatae.

1966 4279 2114 4344 Quia
2143 4277 2303 4332 enim
2318 4276 2380 4330 in
2406 4275 2624 4331 divinis
2640 4276 2819 4331 rebus
2843 4277 3068 4347 primas
3100 4274 3325 4330 ferebat
3350 4274 3627 4330 sacerdo-

1964 4365 2079 4422 tale
2109 4380 2319 4436 gcnus,
2352 4364 2415 4420 in
2444 4365 2729 4421 humanis
2762 4379 2901 4420 vero
2942 4364 3142 4434 regale
3172 4378 3185 4416 ε
3226 4363 3436 4418 merito
3460 4376 3627 4417 com-

1964 4456 2147 4511 mista
2173 4459 2332 4520 sunt,
2365 4460 2429 4509 ut
2457 4459 2515 4509 et
2528 4452 2806 4509 sacerdos
2820 4451 3036 4524 regalis
3064 4457 3236 4517 esset,
3263 4454 3321 4508 et
3344 4454 3626 4506 rexesset

1890 4563 1937 4617 ι)
1964 4541 2378 4602 sacerdotalis.

2032 4781 2197 4838 Vers.
2228 4779 2315 4836 38.
2345 4777 2503 4834 Dixit
2523 4807 2593 4818 -—
2615 4784 2787 4835 tuum.
2811 4776 2944 4833 Jam
2972 4792 3096 4833 non
3126 4774 3323 4833 solum
3350 4773 3620 4842 credidit,

1963 4870 2537 4942 sedetiamoptabat.
2559 4872 2621 4925 ut
2640 4867 2754 4924 sibi
2783 4867 3179 4939 contingeret,
3212 4867 3362 4923 sicut
3390 4865 3625 4923 dixerat

1959 4961 2212 5110 “3211‘:
2220 4998 2324 5108 .38.
2368 5051 2431 5105 Et
2471 5080 2535 5091 —
2559 5004 2802 5119 angelus.
2859 5046 3049 5105 Simul
3091 5062 3160 5105 ac
3186 5045 3317 5118 jam
3358 5060 3466 5118 per
3494 5059 3624 5102 ver-

1956 5141 2107 5200 bum
2146 5156 2323 5197 suum
2352 5142 2734 5211 conceperat.

1518 5296 1740 5371 Varias
1764 5303 2095 5375 lectiones
2128 5312 2192 5371 et
2216 5310 2420 5371 notae.

312 5435 430 5515 (20)
469 5448 570 5498 Καὶ
599 5449 791 5505 τέτοκε.
825 5455 886 5507 Β.

306 5518 423 5593 (2i)
465 5516 606 5593 Quae
636 5518 731 5593 ilic
760 5520 995 5581 inclusa
1021 5528 1175 5593 sunt,
1201 5525 1369 5584 addit
1398 5529 1581 5588 codex
1602 5534 1667 5591 B.
1700 5551 1844 5593 mox

278 5588 971 5675 o‘stvocab‘ulatfepﬂaﬁ
1015 5588 1192 5675 eéxpx}.
1233 5601 1299 5655 1n
1337 5603 1603 5675 margine
1643 5588 1843 5664 autem

277 5655 424 5713 abet
461 5662 525 5714 Α.
566 5660 735 5719 Caret
769 5655 846 5719 iis
876 5655 1224 5725 'Hentenius.

311 5727 426 5804 (22)
457 5730 550 5784 Ἐκ
580 5740 675 5787 σοῦ
706 5750 847 5807 ergo
883 5742 971 5795 est
1006 5738 1432 5815 interpretatio.
1461 5748 1605 5805 Nam
1636 5765 1749 5808 nec
1778 5750 1843 5809 in

1953 5469 2114 5523 textu
2141 5465 2359 5521 horum
2402 5467 2738 5534 comparet.
2774 5462 2867 5520 Bis
2904 5463 3134 5522 omisso
3173 5461 3230 5519 ἐκ
3261 5468 3376 5531 σοῦ,
3410 5460 3622 5521 laudat

1953 5536 2209 5610 Cyrinus
2237 5541 2357 5610 tom
2371 5578 2387 5593 .
2418 5535 2507 5610 1y,

2543 5551 2612 5608 p.
2651 5534 2775 5592 125.

2048 5611 2140 5677 23)
2167 5607 2238 5661 Τὸ
2270 5605 2403 5670 ἑξῆς.
2442 5605 2508 5664 B.

2048 5611 2140 5677 23)
2167 5608 2238 5661 Τὸ
2270 5608 2403 5670 ἑξῆς.
2442 5608 2508 5664 Β.

2024 5608 2138 5755 (24)
2170 5679 2508 5754 ³Δνθρὼποις’
2539 5679 2605 5738 Β.
