4188 6424
582 330 685 385 δτι
1921 318 2267 382 EU'I‘HYMII
2307 321 2639 384 ZIGABENI
3866 335 3971 389 372

658 455 827 511 Vers.
865 453 956 510 39.
989 449 1314 524 Exsurgens
1345 484 1410 494 —
1450 447 1612 508 Iuda.
1658 453 1937 508 Montane
1992 456 2118 508 erat
2159 455 2235 508 Ju-

2433 455 2739 510 Ἀναστᾶσα
2788 487 2852 495 -
2903 451 3099 512 Ἰούδα.
3153 456 3211 510 Ἠ
3275 454 3469 527 ὀρεινὴ,
3527 455 3676 519 πόλις
3748 454 3810 516 ἧν
3876 469 3970 520 τῆς

583 541 731 598 diem
755 542 982 608 civitas,
1017 542 1074 598 in
1106 558 1229 615 qua
1259 541 1570 598 habitabat
1616 540 1926 597 Elizabeth.
1963 541 2119 596 Abiit
2147 557 2235 596 au-

2360 541 2642 611 Ἰουδαίας,
2678 543 2724 596 έν
2769 546 2829 616 τῇ
2865 549 2985 615 ᾤκει
3033 547 3061 603 ἡ
3098 543 3389 597 Ἐλισοὶϐετ.
3446 544 3676 603 Ἀπῆλθε
3729 543 3788 599 δὲ
3842 546 3963 610 ἐκεῖ,

584 641 704 695 tem
735 631 876 687 illuc
917 631 1124 687 divino
1165 647 1479 702 praegnans
1523 630 1764 703 Spiritu,
1816 634 1878 685 ut
1917 629 2141 686 infante
2188 630 2235 685 ir

2361 635 2478 704 θείῳ
2550 637 2811 705 Πνεύματι
3071 636 3364 698 κινηθεῖσα,
3441 634 3522 685 ἵνα
3589 640 3968 708 σκιρτήσαντος

586 726 755 779 utero
825 719 1121 776 Elizabeth
1187 719 1534 790 exsultante,
1589 723 1645 776 et
1691 719 1787 775 illa
1829 718 2235 792 prophetantel

2356 727 2445 794 μὲν
2503 730 2595 775 τοῦ
2649 721 2871 796 βρέφους
2924 721 2972 774 έν
3023 730 3084 795 τῇ
3140 722 3313 795 κοιλίᾳ
3364 731 3461 783 τῆς
3507 722 3798 790 Ἐλισοὲϐετ,
3831 746 3968 800 προ-

583 809 875 882 majorem
903 809 1197 881 acciperet
1225 808 1667 866 celsitudinem.

2357 814 2694 882 φητευσοίσης
2767 808 2826 863 δι
2899 816 2987 863 καὶ
3059 810 3243 875 αὐτῆς,
3305 807 3524 874 δέξηται
3583 812 3794 866 πλείονα
3849 815 3966 886 (26)

2354 899 2728 974 πληροφορίαν.

659 990 818 1044 Vers.
869 990 958 1044 40.
1007 988 1084 1044 Et
1131 988 1360 1043 intravit
1397 1018 1466 1029 —
1490 986 1808 1044 Elizabeth.
1841 985 2235 1059 compellavit,

2426 1011 2526 1058 Καὶ
2584 1005 2816 1065 εἰσῆλθεν
2888 1036 2958 1046 --
3034 1005 3302 1059 Ελισοίϐετ.
3386 1012 3839 1080 Προσηγόρευσεν,
3895 1012 3966 1072 ὡς

587 1081 651 1134 ut
682 1076 867 1134 moris
896 1083 1042 1133 erat.

2354 1096 2484 1154 ἔθος.

655 1168 820 1223 Vers.
848 1166 908 1221 4t
929 1211 942 1223 .
977 1167 1052 1222 Et
1070 1167 1276 1237 factum
1311 1197 1379 1207 —-
1407 1167 1540 1238 ejus.
1597 1165 1856 1224 Christus
1893 1163 2132 1237 quidem
2163 1164 2241 1220 lo-

576 1261 757 1314 cutus
811 1262 899 1312 est
955 1272 1060 1327 per
1124 1272 1190 1312 os
1239 1273 1361 1312 suae
1418 1256 1606 1313 Matris
1655 1271 1667 1310 :
1721 1254 1977 1310 Joannes
2042 1261 2241 1310 autem

577 1346 814 1403 audivit
843 1362 948 1418 per
963 1362 1137 1404 aures
1165 1363 1287 1401 sure
1312 1347 1513 1402 matris
1543 1363 1556 1401 :
1583 1346 1856 1417 etagnito
1885 1349 2240 1416 supernatu-

577 1436 781 1492 raliter
804 1435 1059 1492 Domino
1090 1452 1221 1506 suo,
1239 1435 1633 1492 exsultatione
1659 1436 1822 1491 illum
1848 1434 2193 1507 praedicavit
2225 1452 2238 1502 ;

580 1525 781 1580 infans
811 1526 989 1592 enim,
1031 1527 1133 1598 qui
1161 1524 1221 1579 in
1251 1531 1418 1580 utero
1444 1523 1744 1580 ferebatur
1801 1524 2074 1593 Virginis,
2109 1539 2242 1594 pro-

578 1613 819 1686 phetica
847 1614 1043 1670 statim
1070 1615 1261 1684 gratia
1283 1615 1529 1671 donavit
1547 1613 1973 1685 infantem,qui
1999 1613 2058 1668 in
2080 1617 2240 1669 utero

578 1703 928 1772 gestabatur
957 1703 1186 1759 sterilis.

651 1791 819 1850 Vers.
845 1793 940 1848 4t.
974 1793 1051 1848 Et
1082 1792 1302 1864 impleta
1337 1822 1406 1832 —
1439 1793 1593 1848 Vers.
1625 1793 1714 1847 42.
1756 1789 1961 1846 ventris
2013 1790 2117 1846 tui.
2149 1790 2239 1846 Ab
2270 1811 2315 1870 Β

576 1880 798 1940 infante
853 1881 958 1954 qui
1019 1887 1144 1938 erat
1225 1881 1286 1938 in
1333 1881 1536 1946 sterili,
1613 1880 1972 1953 prmdicatur
2043 1878 2239 1935 infans

579 1971 684 2043 qui
713 1977 838 2026 erat
867 1971 927 2026 in
974 1971 1207 2041 Virgine
1235 1990 1248 2028 :
1284 1988 1321 2028 a
1391 1971 1570 2026 sterili
1609 1986 1750 2026 vero
1781 1970 1976 2040 Virgo.
2006 1969 2237 2025 Christo

577 2059 869 2131 siquidem
894 2059 1148 2116 revelato
1178 2061 1250 2127 ei,
1283 2061 1468 2134 quiin
1502 2065 1666 2116 utero
1700 2059 1996 2115 Elizabeth
2026 2057 2238 2131 imple-

576 2153 676 2204 tus
701 2156 827 2205 erat
853 2149 1070 2222 Spiritu
1112 2155 1341 2216 sancto,
1379 2149 1659 2222 impletur
1696 2155 1753 2204 et
1795 2149 1966 2220 ipsa:
2002 2151 2058 2202 et
2098 2163 2234 2219 quae

575 2239 930 2312 prophetam
955 2239 1015 2294 in
1039 2245 1204 2296 utero
1232 2240 1506 2311 gestabat
1531 2239 1711 2295 etiam
1761 2235 2131 2301 vaticinatur,
2165 2251 2235 2291 ac

575 2327 868 2384 benedicit
897 2334 953 2385 et
976 2329 1277 2398 Virginem
1308 2334 1364 2384 et
1392 2329 1649 2384 fructum
1693 2326 1916 2382 ventris
1958 2324 2233 2394 Virginis.

2426 1204 2526 1252 Καὶ
2578 1198 2772 1270 ἐγένετο
2826 1231 2891 1239 —
2947 1199 3127 1260 αὐτῆς.
3185 1200 3244 1254 Ὀ
3291 1204 3381 1273 μεν
3428 1207 3662 1276 Χριστὸς
3719 1203 3962 1275 ἐφθέγξα-

2349 1306 2406 1338 το
2445 1284 2538 1339 διὰ
2582 1295 2672 1340 τού
2714 1293 2972 1360 στόματος
3001 1298 3092 1349 τῆς
3123 1286 3267 1352 ἰδίας
3307 1297 3528 1363 μητρός·
3572 1294 3597 1344 6
3629 1289 3687 1345 δε
3721 1293 3960 1356 Ἰωάννης

2349 1379 2544 1433 ἤκουσε
2596 1373 2689 1429 διὰ
2732 1387 2830 1429 τῶν
2881 1383 3023 1430 ὤτων
3055 1387 3147 1439 τῆς
3199 1379 3388 1440 οἰκείας
3438 1385 3660 1455 μητρὸς,
3710 1388 3797 1436 καὶ
3851 1382 3958 1436 ἐπι-

2348 1471 2498 1532 γνούς
2551 1467 2822 1541 ὑπερφυῶς
2878 1471 2964 1519 τὸν
3046 1467 3230 1520 ἑαυτοῦ
3299 1475 3586 1540 Δεσπότην,
3655 1469 3960 1544 ἀνεκήρυξεν

2350 1555 2504 1606 αύτόν
2571 1564 2642 1625 τῷ
2697 1561 3032 1628 σκιρτήματι.
3107 1558 3176 1611 Τὸ
3231 1560 3332 1630 γὰρ
3404 1559 3452 1610 ἐν
3523 1569 3585 1632 τῇ
3645 1560 3818 1634 κοιλία
3867 1571 3960 1624 τῆς

2351 1646 2610 1717 Παρθένου
2667 1643 2856 1716 βρέφος
2914 1646 3098 1698 αὐτίκα
3159 1653 3482 1720 προφητικὴν
3547 1651 3710 1722 χάριν
3757 1648 3957 1724 ἐδωρή-

2351 1752 2479 1785 σατο
2510 1741 2580 1802 τῷ
2608 1731 2656 1784 έν
2686 1742 2746 1805 τῇ
2777 1733 2948 1805 κοιλίᾳ
2975 1742 3068 1795 τῆς
3097 1740 3302 1808 στείρας
3333 1735 3528 1811 βρέφει.

2423 1828 2518 1875 Καὶ
2580 1821 2812 1880 ἐπλήσθη
2865 1853 2932 1862 —
2989 1822 3188 1885 κοιλίας
3244 1844 3355 1877 σου.
3412 1828 3558 1899 Παρὰ
3619 1829 3710 1897 μεν
3755 1834 3844 1878 τοῦ
3892 1825 3940 1877 έν

2346 1920 2408 1984 τῇ
2469 1915 2649 1984 στείρα
2697 1909 2924 1984 βρέφους
2979 1910 3382 1988 ἀνακηρύττεται
3427 1916 3486 1965 τὸ
3537 1913 3585 1966 έν
3636 1923 3698 1987 τῇ
3743 1917 3940 1986 Παρθέ-

2346 2020 2415 2069 νῳ
2500 1998 2706 2074 βρέφος·
2787 2003 2932 2074 παρὰ
2999 1997 3058 2054 δε
3128 2011 3225 2063 τῆς
3289 2009 3492 2076 στείρας
3559 2005 3590 2062 ἡ
3663 2006 3945 2076 Παρθένος.

2349 2094 2449 2142 Καὶ
2512 2090 2623 2160 (27)
2693 2091 2818 2162 γὰρ,
2890 2098 2981 2142 τού
3051 2089 3466 2164 έγκεκρυμριένου
3526 2100 3588 2164 τῇ
3646 2088 3808 2149 νηδύι
3860 2099 3953 2152 τῆς

2349 2177 2615 2230 Ἐλισςίϐετ
2673 2178 2992 2240 πλησθέντος
3068 2183 3362 2252 Πνεύματος
3427 2180 3602 2251 ἁγίου,
3657 2180 3956 2252 πίμπλαται

2344 2272 2433 2319 καὶ
2482 2267 2636 2333 αύτὴ,
2687 2273 2776 2319 καί
2823 2267 3040 2340 εὐφημεῖ
3086 2273 3176 2320 καὶ
3235 2273 3329 2326 τὴν
3381 2271 3657 2344 Παρθένον,
3715 2274 3808 2322 καὶ
3867 2274 3954 2322 τὸν

2347 2360 2543 2428 καρπὸν
2570 2364 2658 2416 τῆς
2689 2356 2888 2418 κοιλίας
2913 2365 3008 2419 τῆς
3039 2359 3322 2432 Παρθένου.

2419 2469 2516 2516 Καὶ
2551 2466 2704 2516 πόθεν
2737 2494 2802 2504 --
2852 2469 2978 2539 πρὸς
3031 2481 3142 2536 in;
3193 2466 3354 2516 Πόθεν
3402 2483 3494 2536 μοι
3539 2473 3689 2517 τοῦτο
3733 2467 3792 2517 τὸ
3850 2485 3952 2517 πα-

2341 2549 2564 2627 ράδοξον
2612 2570 2625 2617 ;
2666 2552 2866 2627 Ὠσπερ
2912 2549 2970 2605 δι
3011 2553 3226 2627 ὕστερον
3279 2555 3304 2605 6
3359 2556 3466 2615 υίὸς
3517 2563 3612 2616 τῆς
3658 2553 3952 2623 Ἐλισοὶϐετ,

2342 2642 2572 2703 Mem;
2648 2651 2738 2694 τοῦ
2793 2650 3030 2716 Χριστοῦ
3086 2647 3212 2716 πρὸς
3271 2643 3452 2708 αύτὸν,
3507 2643 3712 2706 ἀνάξιον
3769 2643 3953 2696 ἑαυτὸν

645 2506 815 2564 Vers.
853 2509 947 2564 43.
974 2508 1051 2563 Et
1083 2507 1241 2562 unde
1268 2536 1334 2546 —
1363 2506 1444 2562 ad
1463 2521 1552 2562 me
1575 2507 1603 2559 .9
1636 2504 1799 2561 Unde
1818 2502 1959 2558 mihi
1991 2518 2085 2558 res
2104 2502 2233 2559 haec

568 2595 884 2669 inopinata
901 2598 928 2650 ?
953 2596 1112 2652 Sicut
1139 2597 1298 2651 enim
1324 2595 1708 2667 postmodum
1729 2591 1884 2648 ﬁlius
1906 2591 2230 2658 Elizabeth,

569 2686 840 2742 veniente
867 2686 945 2741 ad
967 2686 1165 2756 ipsum
1186 2684 1762 2753 Christo,indignum
1787 2699 1847 2738 se
1873 2683 1976 2739 tali
2001 2682 2229 2738 Domini

569 2788 822 2830 accessu
852 2773 1109 2838 dicebat,
1144 2773 1228 2828 ita
1256 2788 1500 2845 quoque
1535 2787 1685 2828 nunc
1716 2776 1905 2827 mater
1926 2771 2120 2842 ipsius
2147 2771 2233 2826 in-

567 2861 820 2934 dignam
846 2877 980 2918 sese
1005 2862 1218 2918 fatetur
1245 2861 1376 2916 talis
1406 2861 1670 2916 domina;
1697 2876 1965 2916 accessu.
1993 2861 2229 2916 Matrem

569 2954 773 3006 autem
812 2951 989 3006 etiam
1003 2957 1137 3007 ante
1163 2957 1400 3023 partum
1420 2967 1555 3006 eam
1578 2948 1928 3015 nominavit,
1955 2955 2008 3004 et
2033 2947 2231 3004 Domi-

569 3052 717 3094 num
758 3055 917 3106 eum,
967 3040 1069 3111 qui
1098 3056 1166 3095 ex
1194 3039 1295 3095 illa
1338 3041 1674 3095 nasciturus
1721 3044 1889 3094 erat:
1941 3042 2228 3094 attestans

569 3128 767 3198 angeli
788 3128 1005 3195 verbis,
1037 3129 1219 3202 idque
1258 3128 1545 3193 efficiens,
1583 3134 1642 3183 ut
1671 3127 2049 3184 sermonibus
2097 3127 2227 3198 ejus
2267 3155 2309 3213 Ο

567 3216 800 3274 firmius
831 3218 1004 3290 Virgo
1023 3218 1307 3275 crederet.

2343 2742 2438 2794 τῆς
2484 2735 2726 2792 τοιαύτης
2773 2728 3056 2804 ἐπιδημίας
3119 2740 3211 2783 τού
3261 2736 3523 2784 Δεσπότου
3571 2732 3753 2803 ἔλεγεν.
3816 2732 3952 2784 οὕτω

2341 2828 2429 2874 καὶ
2477 2831 2562 2873 νύν
2607 2824 2636 2879 ἡ
2697 2828 2872 2895 μήτηρ
2925 2822 3081 2873 αὐτοῦ
3130 2820 3342 2884 ἀναξίαν
3391 2822 3578 2880 ἑαυτὴν
3626 2831 3721 2883 τῆς
3777 2827 3951 2874 τοιαύ-

2340 2931 2435 2970 της
2491 2906 2775 2982 ἐπιδημίας
2826 2918 2916 2970 ri};
2971 2907 3252 2972 δεσποίνης
3301 2911 3557 2983 ὁμολογεῖ.
3620 2916 3834 2984 Μητέρα
3884 2908 3941 2962 δὲ

2339 3003 2532 3057 ταύτην
2559 3000 2794 3071 ὠνόμασε
2832 3005 2921 3052 καὶ
2973 3003 3074 3074 πρὸ
3129 3009 3220 3052 τού
3271 3005 3447 3067 τόκου,
3477 3005 3566 3052 καὶ
3618 3004 3809 3074 Κύριον
3858 3003 3937 3052 τὸν

2340 3087 2392 3150 ἕξ
2421 3089 2579 3148 αὐτῆς
2616 3091 2925 3159 γεννηθῆναι
2978 3088 3245 3158 μέλλοντα,
3299 3097 3644 3163 μαρτυρούσα
3691 3097 3803 3151 τοῖς
3853 3097 3942 3141 τού

2340 3176 2559 3248 ἀγγέλου
2611 3177 2804 3249 λόγοις,
2864 3183 2953 3230 καὶ
3016 3176 3350 3253 βεϐαιοτέραν
3407 3177 3538 3250 αύτῇ
3610 3183 3790 3230 πίστιν
3846 3199 3944 3230 πα-

2335 3271 2500 3339 ρέχον
2510 3286 2597 3318 σα.

639 3399 797 3455 Vers.
827 3401 913 3454 45.
934 3398 1085 3456 Ecce
1109 3399 1262 3456 enim
1298 3428 1360 3439 σ-
1409 3412 1551 3454 meo.
1583 3396 1709 3452 Prae
1740 3394 1984 3465 gaudio,
2018 3398 2223 3467 utpote

2402 3370 2548 3426 Ἰδού
2595 3376 2696 3447 γὰρ
2746 3405 2814 3414 -
2868 3393 2990 3446 μου.
3049 3374 3128 3428 Ἐν
3186 3373 3513 3445 ἀγαλλιάσει,
3561 3376 3631 3436 ὡς
3689 3376 3939 3448 αἰσθόμε-

2480 3459 2546 3476 -.
2681 3471 2700 3476 _
2970 3468 2979 3476 .
3148 3471 3167 3476 _
3281 3461 3292 3476 .
3339 3465 3362 3476 -
3421 3469 3430 3476 .
3706 3468 3715 3476 .
3787 3463 3798 3476 .
3883 3463 3900 3476 .

558 3491 820 3547 sentiens
845 3489 973 3561 jam
1000 3488 1316 3547 hominum
1344 3487 1618 3556 salutem,
1650 3502 1720 3544 ac
1737 3459 1812 3542 de
1837 3501 1905 3542 ea
1926 3459 2218 3557 gaudens.

2341 3482 2415 3516 νον
2475 3459 2580 3522 ἤδη
2640 3471 2730 3523 τῆς
2780 3468 3038 3537 σωτηρίας
3106 3471 3202 3515 τῶν
3271 3461 3573 3536 ἀνθρώπων,
3635 3468 3724 3516 καὶ
3777 3463 3940 3537 ἀγαλ-

2330 3551 2572 3626 λιώμενον
2603 3551 2682 3604 ἐπ’
2710 3552 2867 3624 αύτῇ.

633 3690 792 3743 Vers.
819 3686 910 3742 45.
932 3687 1009 3742 Et
1045 3685 1216 3742 beata
1246 3714 1314 3724 —
1353 3683 1598 3740 Domino
1641 3684 1884 3739 Beatam
1935 3681 2223 3754 praedicat

2405 3665 2505 3713 Καὶ
2543 3663 2779 3734 μακαρία
2819 3690 2884 3700 -
2942 3662 3154 3734 Κυρίου.
3207 3660 3503 3732 Μακαρίζει
3555 3664 3649 3717 τὴν
3702 3665 3933 3733 Μαρίαν,

552 3770 834 3842 Mariam,
861 3790 994 3846 quae
1022 3774 1114 3829 his
1135 3774 1317 3830 fidem
1341 3771 1618 3828 habuerit
1634 3788 1766 3844 quae
1779 3770 1890 3826 sibi
1913 3747 1957 3827 ἆ
1969 3771 2221 3827 Domino

2341 3752 2394 3810 ὣς
2450 3751 2809 3801 πιστεύσασαν
2865 3755 2969 3808 τοῖς
3040 3747 3396 3820 λελαλημένοις
3444 3749 3570 3821 αὐτῇ
3627 3750 3769 3820 παρὰ
3825 3749 3940 3801 Κυ-

2372 3843 2382 3852 ,
2507 3834 2575 3852 ι.
2720 3846 2735 3852 -
2819 3835 2830 3851 .
2928 3836 2956 3852 Α
3112 3844 3154 3852 _
3237 3842 3245 3852 .
3466 3840 3476 3851 .
3581 3838 3592 3850 ρ
3651 3836 3733 3852 ,πε
3829 3836 3878 3852 οι,

556 3879 668 3936 per
687 3834 970 3934 angeliim
999 3861 1162 3919 dicta
1187 3872 1344 3918 sunt.
1375 3834 1789 3930 Praecognovit
1838 3861 1997 3916 enim
2028 3861 2217 3916 Eliza-

2341 3843 2444 3890 :iou
2495 3834 2589 3890 διὰ
2643 3846 2738 3890 τοῦ
2809 3835 3050 3908 ἁγγελου.
3112 3842 3349 3910 Προέγνω
3419 3840 3518 3911 γὰρ
3571 3838 3600 3894 ἡ
3651 3836 3938 3892 Ἐλισοίϐετ

552 3926 703 4010 ξηαπ
733 3926 910 4009 etiam
941 3969 1031 4021 ea,
1066 3968 1202 4024 quas
1236 3951 1394 4007 dicta
1441 3926 1624 4017 erant,
1658 3950 1882 4023 etquod
1903 3950 2076 4022 Virgo
2099 3967 2216 4007 cre-

2341 3932 2417 3980 ιαὶ
2474 3930 2540 3980 τὰ
2603 3926 2936 3998 λελαλημένα,
2997 3931 3086 3978 καὶ
3155 3928 3235 3979 ὅτι
3291 3931 3628 3979 πεπίστευκεν
3677 3926 3848 3986 αὐτοῖς
3902 3929 3933 3984 ἡ

2341 4024 2370 4030 _
2454 4019 2502 4030 -.
2670 4024 2697 4030 _
2762 4024 2775 4030 _
2968 4019 2976 4030 .
3107 4011 3128 4028 ν
3286 4021 3294 4030 .
3388 4015 3456 4030 ...ς
3761 4021 3770 4030 .

552 4041 808 4099 diderat.
837 4015 1040 4114 itaque
1067 4015 1201 4098 alia».
1239 4057 1480 4114 quoque
1509 4015 2126 4111 steriles-genueram,
2160 4047 2220 4097 at

2341 4019 2606 4090 Παρθένος.
2669 4024 2870 4090 Στείραι
2926 4019 3017 4088 μὶν
3071 4015 3158 4067 οὖν
3214 4021 3302 4068 καὶ
3373 4015 3525 4068 ἄλλαι
3571 4021 3930 4086 γεγεννήκασι·

554 4147 865 4205 nunquam
896 4149 1103 4189 earum
1138 4132 1334 4188 infans
1389 4131 1729 4204 prophetica
1766 4132 1958 4201 gratia
1996 4131 2218 4203 dignus

548 4219 795 4278 habitus
823 4221 1032 4288 fuerat,
1066 4239 1200 4278 cum
1227 4221 1427 4277 adhuc
1450 4223 1513 4277 in
1530 4226 1696 4277 utero
1722 4221 1927 4277 matris
1958 4225 2218 4291 gestare-

554 4316 670 4369 tur.
698 4314 872 4370 Facta
897 4317 1038 4369 sunt
1061 4326 1202 4382 ergo
1217 4311 1377 4368 circa
1389 4311 1545 4367 hanc
1560 4311 1816 4367 sterilem
1836 4310 2214 4378 admiranda,

555 4406 621 4458 ut
659 4403 841 4459 etiam
883 4403 1283 4467 crederentur,
1329 4417 1465 4472 quin
1491 4401 1650 4457 circa
1695 4400 1852 4457 hanc
1898 4399 2054 4457 facta
2075 4406 2214 4456 sunt

551 4487 856 4562 Virginem
887 4491 1145 4546 maxime
1172 4490 1667 4562 supernaturalia.
2248 4524 2292 4578 ι)
2325 4487 2745 4578 “forsitan”
3033 4567 3084 4578 η
3179 4559 3195 4572 .

623 4559 792 4636 vers.
829 4583 897 4636 ιθ
919 4559 1519 4637 Emit—Dominum.
1553 4579 1928 4650 Magni/teat,
1951 4579 2064 4635 hoc
2101 4582 2208 4646 est,

2398 4568 2496 4615 Καὶ
2529 4559 2637 4614 εἶπε
2677 4592 2746 4602 -
2793 4563 3000 4635 Κύριον.
3033 4559 3316 4632 Μεγαλύνει
3360 4563 3390 4619 ἠ
3441 4560 3596 4633 ψυχή
3644 4580 3768 4633 μου,
3817 4578 3934 4614 rou-

546 4665 873 4734 Benedicit,
919 4667 1229 4738 gloriﬁcat.
1264 4668 1362 4724 Est
1384 4674 1582 4725 autem
1619 4647 1715 4725 hic
1743 4647 1941 4724 sermo
1968 4667 2208 4726 creden-

2341 4656 2518 4717 πίστιν,
2583 4650 2836 4722 Εὗφημεῖ,
2884 4647 3114 4712 δοξάζει.
3176 4653 3534 4713 Πιστευούσης
3586 4647 3646 4703 δε
3701 4652 3727 4702 6
3782 4650 3936 4722 λόγος

549 4757 628 4813 tis
657 4773 728 4812 ac
750 4737 971 4827 gratias
1001 4757 1261 4827 agentis.

2341 4737 2492 4805 ιῦτος,
2527 4740 2940 4814 εύχαριστήριος
2961 4741 3050 4794 ὧν.

2329 4105 2514 4179 βρέφος
2566 4102 2624 4158 δὲ
2668 4101 2917 4157 οὐδέποτε
2964 4112 3289 4177 προφητικού
3327 4110 3667 4178 χαρίσματος
3709 4105 3930 4170 ηξιώθη,

2327 4198 2401 4247 ἔτι
2455 4194 2503 4246 έν
2569 4193 2740 4266 κοιλία
2791 4197 2988 4266 μητρός
3047 4193 3206 4245 αύτοῦ
3250 4194 3363 4265 (28)
3430 4199 3722 4266 φερόμενον.
3780 4199 3938 4265 Γεγό-

2325 4304 2474 4337 νασιν
2531 4284 2618 4336 οὖν
2676 4286 2742 4335 τὰ
2792 4286 2926 4335 κατὰ
2975 4287 3069 4341 τὴν
3132 4290 3338 4358 στεῖραν
3391 4286 3585 4340 ταύτην
3633 4279 3931 4357 παράδοξα,

2327 4376 2410 4426 ἵνα
2463 4374 2790 4426 πιστευθῶσι
2840 4377 2930 4424 καὶ
2983 4374 3048 4424 τὰ
3093 4375 3229 4424 κατὰ
3282 4377 3374 4431 τὴν
3435 4374 3684 4446 παρθένον
3736 4375 3934 4431 ταύτην

2325 4465 2745 4538 ὑπερφυέστατα.

624 4844 786 4901 Vers.
810 4845 898 4900 47.
921 4845 997 4900 Et
1027 4846 1347 4902 exsultavit
1372 4878 1442 4887 —
1485 4847 1807 4904 Saluatore
1851 4861 1996 4903 meo.
2032 4846 2211 4919 Spiri-

2399 4852 2496 4900 Καὶ
2563 4846 2848 4918 ἠγαλλίασε
2915 4877 2985 4889 --
3066 4851 3268 4920 Σωτῆρί
3343 4866 3463 4920 μου.
3549 4854 3758 4920 Πνεῦμα
3833 4852 3925 4906 τὴν

547 4941 678 4994 tum
707 4952 911 4992 rursus
963 4936 1230 4994 animam
1271 4936 1545 5010 intelligo.
1598 4938 1809 4995 Gavisa
1842 4945 1950 5005 est,
1995 4938 2206 5010 inquit,

2341 4938 2521 5010 ψυχὴν,
2577 4937 2728 4989 πάλιν
2777 4941 2984 4994 νόησον.
3046 4936 3276 5009 Ἐχάρη,
3322 4941 3498 5009 φησὶν,
3534 4938 3561 4994 ἠ
3613 4936 3768 5008 ψυχή
3827 4957 3928 5008 μου

543 5028 755 5083 anima
772 5043 907 5083 mea
927 5028 984 5082 in
1013 5027 1152 5094 Deo,
1180 5028 1281 5102 qui
1314 5045 1409 5084 me
1439 5029 1668 5084 salvam
1703 5028 1831 5083 fecit
1861 5028 2023 5099 :jam
2046 5028 2208 5084 enim

2341 5034 2406 5080 τπὶ
2460 5035 2532 5097 τῷ
2594 5034 2707 5097 Θεῷ
2760 5034 2831 5096 τῷ
2893 5031 3122 5078 σώσαντί
3182 5045 3264 5098 με.
3319 5031 3593 5098 Σέσωσμαι
3644 5029 3743 5099 γὰρ
3793 5024 3923 5095 ἤδη,

542 5115 716 5171 salva
729 5115 1190 5190 factasum,quai
1205 5119 1378 5190 digna
1404 5117 1609 5173 habita
1625 5133 1760 5172 sum
1790 5123 1849 5172 ut
1869 5120 2071 5174 ﬁerem
2095 5120 2211 5174 Ma-

2341 5118 2604 5180 ιξιωθείσα
2649 5117 2889 5187 γενέσθαι
2929 5120 3116 5190 Μήτηρ
3159 5122 3312 5168 Θεοῦ.
3357 5113 3486 5170 Εἶτα
3531 5115 3665 5187 λέγει
3702 5120 3792 5167 καὶ
3832 5121 3927 5174 τὴν

546 5209 636 5262 ter
648 5205 765 5262 Dei.
791 5205 1010 5263 Deinde
1025 5209 1205 5266 etiam
1223 5223 1471 5265 causam
1491 5205 1654 5278 dicit,
1679 5221 1785 5262 cur
1805 5207 2028 5280 gratias
2045 5213 2201 5278 agat.

2341 5207 2494 5260 ιίτίαν
2519 5213 2614 5268 τῆς
2643 5205 3007 5280 εὐχαριστίας.

1779 5369 1996 5439 Variae
2025 5372 2354 5441 lectiones
2385 5379 2452 5438 et
2482 5377 2682 5437 notae.

618 5543 730 5616 (25)
758 5547 838 5599 Ac
868 5541 916 5598 si
944 5543 1202 5601 κυηθεῖσα
1244 5539 1450 5611 legerit
1479 5541 1822 5600 Hentenius.
1853 5541 2020 5600 Male.
2386 5539 2500 5687 (27;
2528 5539 2595 5596 ln
2623 5539 2740 5596 alia
2767 5536 2977 5621 omnia
3012 5536 3264 5598 discedit
3297 5539 3614 5615 interpres.

618 5616 728 5687 (26)
786 5619 1111 5687 npopopim,
1146 5613 1276 5687 sine
1329 5628 1510 5670 sensu
1528 5615 1599 5671 A.
1667 5613 1984 5673 Hentenius
2038 5613 2203 5674 haud
2385 5613 2477 5687 (28
2525 5611 2696 5666 Αὐτοῦ
2725 5614 2941 5670 omittit
2966 5611 3032 5673 Β,

606 5611 728 5690 (Ξβ)
786 5619 1112 5690 Προφορίανη
1146 5613 1276 5690 sine
1329 5628 1510 5670 sensu
1528 5615 1599 5671 A.
1667 5613 1984 5673 Hentenius
2038 5613 2203 5674 haud

2385 5611 2498 5687 (28)
2525 5611 2696 5666 Αὐτοῦ
2725 5611 2941 5670 omittit
2966 5611 3032 5673 Β.

534 5684 720 5748 dubie
736 5684 942 5755 voluit,
961 5684 1392 5744 'certimdinem.
