4188 6428
217 327 326 384 873

1247 332 1612 388 COMMENT.
1661 327 1723 384 IN
1764 322 2031 380 LUCAM.
2070 355 2138 364 -
2178 324 2334 379 CAP.
2376 327 2418 380 Ι.

3483 330 3588 386 874

290 451 410 504 Ὀτι
458 483 519 491 -—
561 452 737 506 αὐτοῦ.
797 452 917 505 Ἐπὶ
957 459 1050 513 τὴν
1099 455 1366 512 εὐτέλειαν.
1425 465 1668 510 Ταπεινοῖ
1720 456 1822 528 γὰρ

2007 449 2168 504 Vers.
2204 449 2289 505 48.
2345 451 2488 515 Quia
2523 483 2585 491 —
2621 467 2757 508 suae.
2790 451 2880 507 Ad
2911 451 3258 508 utilitatem:
3319 453 3587 524 seipsam

216 541 430 607 ἑαυτὴν,
492 545 559 602 ὡς
610 540 820 604 ἀναξίαν
880 543 1185 601 τηλικούτου
1233 548 1536 620 πράγματος
1587 561 1600 576 ·
1653 546 1681 605 ἦ
1733 548 1824 596 καὶ

217 628 316 683 δια
344 634 440 688 τὴν
473 635 781 682 ταπείνωσιν
820 641 914 692 τῆς
963 631 1287 706 ἀνθρωπίνης
1340 639 1534 708 φύσεως
1570 639 1638 697 ως
1693 639 1823 706 πρὸς

217 723 279 770 τό
318 718 446 789 ὗψο,
475 727 566 779 τῆς
595 721 752 780 θείας.

292 804 436 860 Ἰδοὺ
469 839 536 848 --
568 813 756 879 γενεαί.
792 814 854 863 Ai
888 818 988 862 τῶν
1014 817 1358 866 πιστευόντων
1391 809 1651 872 δηλονότι.

291 1020 411 1072 Ὀτι
440 1051 510 1060 --
542 1016 782 1084 δυνατός.
820 1021 937 1075 Ὀτι
981 1022 1219 1081 ἐποίησεν
1270 1025 1341 1086 εἰς
1384 1023 1470 1098 ἐμὲ
1499 1026 1697 1098 μεγάλα
1728 1031 1819 1078 καὶ

216 1111 454 1184 ὑπερφυῆ
488 1111 760 1182 θαυμάσια
789 1112 815 1162 ό
845 1108 1063 1174 δυνατός
1093 1121 1253 1166 ποιεῖν
1295 1123 1532 1167 τοιαῦτα.

295 1329 396 1376 Καὶ
421 1323 570 1394 άγιον
599 1356 667 1364 —
689 1324 873 1381 αὐτοῦ.
912 1325 1220 1398 Ἐξαίρετον,
1245 1331 1399 1400 μέγα.

295 1415 396 1468 Καὶ
455 1417 513 1467 τό
566 1413 699 1476 ἕλεος
748 1447 816 1454 —
869 1415 1049 1472 αὐτόν,
1106 1420 1175 1468 T6
1238 1418 1330 1478 Εἰς
1374 1419 1546 1488 γενεὰν
1600 1423 1688 1470 καὶ
1733 1437 1819 1489 γε·

214 1505 353 1564 νεὰν,
413 1506 504 1554 καὶ
565 1505 622 1553 τὸ
680 1503 768 1563 Εἰς
822 1506 993 1574 γενεὰς
1043 1513 1246 1575 γενεῶν,
1315 1510 1404 1557 καὶ
1471 1509 1535 1558 τὰ
1604 1513 1822 1558 τοιαῦτα

211 1595 270 1642 τὸ
338 1590 446 1644 Ἀεὶ
501 1596 821 1661 σημαίνουσι
877 1592 1000 1667 παρ’
1053 1592 1333 1666 Ἑϐραίοις.
1408 1599 1561 1666 Λέγει
1630 1600 1816 1661 τοίνυν,

214 1681 296 1731 ὅτι
327 1684 419 1731 καὶ
473 1683 531 1731 τό
563 1679 692 1740 ἕλεος
741 1679 896 1733 αὐτοῦ
929 1681 1007 1733 ἀεί
1051 1680 1191 1734 ἐστιν
1237 1683 1287 1735 ἐν
1338 1692 1444 1745 τοίς
1489 1683 1821 1756 φοϐουμένοις

213 1772 398 1836 αὐτὸν,
459 1770 617 1840 ὅμοια
669 1767 896 1840 λέγουσα
956 1779 1027 1841 τῷ
1098 1768 1266 1824 Δαυίδ
1336 1773 1586 1846 εἰρπκότι”
1637 1777 1706 1824 T6
1763 1770 1890 1846 6&3

215 1857 350 1916 θεός
416 1866 508 1909 τοῦ
581 1863 772 1932 Κυρίου
847 1858 945 1911 ἀπὸ
1017 1868 1108 1911 τοῦ
1181 1861 1365 1922 αἰῶνος
1421 1867 1506 1914 καὶ
1575 1864 1668 1923 ἕως
1731 1870 1823 1914 τοῦ

174 1948 400 2016 ,αἰῶνος
471 1946 556 1998 ἐπὶ
624 1951 744 2009 τοὺς
813 1948 1160 2020 φοϐουμένους
1223 1950 1394 2002 αὐτόν.
1467 1953 1596 2005 Εἶτα
1665 1953 1824 2003 κατα-

216 2034 351 2104 λέγει
406 2040 496 2085 καὶ
549 2035 706 2097 οῐλλας
767 2032 1016 2109 δυνάμεις
1073 2045 1164 2090 τοῦ
1224 2046 1376 2104 Θεοῦ,
1433 2041 1498 2099 ὡς
1550 2041 1663 2099 ἔθος
1713 2046 1824 2101 τοῖς

221 2122 654 2197 εὐχαριστοῦσιν.

290 2213 544 2269 Ἐποίησε
609 2245 675 2254 —-
755 2214 933 2267 αὐτοῦ.
1002 2215 1248 2274 Ἐποίησε
1319 2215 1607 2288 μεγαλεῖον,
1678 2216 1823 2270 ἑποί-

226 2321 326 2357 ησε
375 2307 514 2360 νίκην
565 2301 612 2354 ἐν
673 2300 892 2376 δυνάμει
945 2304 1126 2357 αὐτοῦ.
1181 2304 1238 2357 Ὀ
1284 2304 1528 2380 βραχίων
1581 2309 1682 2380 γὰρ
1742 2306 1823 2358 ἕν-

234 2392 402 2441 ταῦθα
445 2397 528 2448 τὴν
588 2388 810 2464 δύναμιν
853 2398 1094 2464 σημαίνει
1128 2413 1140 2425 ·
1176 2390 1320 2447 διότι
1360 2397 1409 2446 οἱ
1453 2393 1825 2468 ἀγωνιζόμενοι

230 2477 279 2529 ἐν
309 2488 374 2548 τῷ
403 2479 656 2554 βραχίονι
686 2487 778 2540 τὴν
810 2477 1032 2555 δύναμιν
1059 2485 1267 2554 ἔχουσι.

289 2715 661 2784 Διεσκόρπισεν
723 2744 790 2753 --
854 2712 1048 2768 αὐτῶν.
1128 2717 1262 2777 Τοὺς
1337 2716 1699 2790 ὑπερηφάνους
1777 2713 1826 2766 ἓν

211 2807 275 2870 τῇ
343 2797 554 2873 διανοίᾳ
599 2809 693 2864 τῆς
750 2799 971 2877 καρδίας
1039 2803 1228 2869 αὐτῶν,
1300 2809 1416 2865 τοὺς
1467 2806 1828 2880 ὑπερηφάνους

212 2888 261 2940 ἐν
291 2889 518 2950 ἑαυτοῖς.

288 2979 507 3031 Καθείλε
566 3011 631 3018 -
684 2982 882 3041 κενούς,
947 2979 1142 3053 ’Ὅμοια
1191 2989 1358 3034 ταῦτα
1412 2991 1513 3034 τῶν
1569 2990 1664 3044 τῆς
1706 2981 1826 3034 "Av-

209 3089 305 3130 νης

367 3071 569 3142 μητρός
628 3076 718 3120 τοῦ
783 3069 1042 3141 Σαμουὴλ,
1122 3070 1385 3130 εἰπούσης
1448 3075 1635 3145 Κύριος
1690 3092 1826 3124 πτω·

1933 539 2092 594 enim
2119 538 2334 609 dejicit,
2368 540 2540 612 quasi
2591 545 2756 596 tanta
2787 557 2847 596 re
2886 541 3198 614 indignam
3243 557 3255 596 :
3293 541 3384 597 vel
3407 542 3588 598 etiam

1933 632 2174 699 propter
2190 628 2358 700 abjec
2369 631 2586 686 tionem
2602 631 2882 687 humanae
2894 636 3120 687 naturae
3134 635 3496 702 comparatas
3510 631 3588 687 ad

1933 715 2360 774 sublimitatem
2387 719 2627 774 divinae.

1929 888 1966 943 1.
2003 805 2162 860 Vers.
2195 807 2288 864 48.
2327 809 2466 863 Ecce
2511 839 2580 851 —
2616 808 2998 879 generationes.
3033 808 3409 865 Credentium
3437 808 3590 865 vide-

1955 895 2084 943 lcet.

1955 895 2084 944 teet.

2003 980 2166 1034 Vers.
2197 984 2284 1037 49.
2319 982 2460 1048 Quia
2485 1015 2551 1023 —
2577 984 2672 1054 qui
2693 991 2878 1054 potens
2906 991 3004 1040 est.
3033 983 3185 1050 Quia
3217 983 3351 1039 fecit
3387 983 3448 1039 in
3491 998 3587 1039 me

1931 1083 2154 1137 magna
2179 1072 2657 1142 supernaturalia
2679 1072 2988 1142 miracula,
3015 1072 3112 1145 qui
3130 1072 3208 1129 ad
3232 1071 3585 1143 hujusmodi

1929 1155 2200 1214 facienda
2225 1164 2435 1230 potens
2461 1166 2568 1216 est.

2001 1246 2162 1301 Vers.
2192 1251 2280 1302 49.
2323 1249 2397 1304 Et
2421 1251 2626 1321 factum
2652 1282 2720 1292 —
2746 1251 2879 1323 ejus.
2914 1251 3233 1319 Eximium,
3269 1264 3584 1319 magnum.

2003 1337 2162 1391 Vers.
2189 1338 2276 1392 50.
2319 1339 2394 1392 Et
2439 1339 2822 1396 misericordia
2850 1372 2920 1381 —
2957 1357 3096 1395 eum.
3156 1339 3326 1406 Quod
3353 1339 3583 1404 dicitur.

1931 1423 1999 1476 In
2023 1427 2332 1496 progeniem
2360 1435 2409 1482 et
2435 1429 2744 1499 progeniem
2769 1445 2793 1485 .'
2821 1434 2897 1494 et,
2938 1430 3006 1484 In
3045 1430 3411 1501 generationes
3433 1443 3588 1500 gene-

1929 1513 2223 1580 rationum,
2252 1516 2488 1589 aliaque
2531 1518 2768 1582 similia,
2828 1519 2984 1574 idem
3041 1517 3383 1588 signiﬁcant
3420 1516 3588 1589 quod

1933 1604 2195 1676 Semper,
2216 1606 2378 1676 apud
2409 1606 2706 1663 Hebraeos.
2729 1607 3057 1677 Dicitergo,
3079 1607 3243 1680 quod
3275 1607 3450 1662 etiam
3482 1606 3587 1660 mi-

1934 1692 2258 1749 sericordia
2278 1693 2406 1764 ejus
2423 1701 2761 1766 semperest
2785 1696 2844 1750 in
2861 1696 2973 1761 his,
2989 1695 3093 1767 qui
3112 1695 3319 1750 timent
3345 1695 3534 1765 ipsum
3567 1709 3582 1759 ;

1935 1779 2145 1836 similia.
2170 1781 2423 1853 loquens
2462 1800 2600 1839 cum
2658 1783 2860 1848 David,
2902 1783 3004 1855 qui
3045 1783 3164 1840 ait:
3200 1781 3587 1840 Misericordia

1934 1869 2157 1924 Domini
2185 1872 2252 1924 ab
2280 1878 2478 1926 aiter-no
2527 1879 2579 1927 et
2612 1889 2776 1944 usque
2806 1873 2865 1929 in
2916 1878 3178 1926 (eternum
3201 1888 3368 1942 super
3397 1871 3587 1925 timen-

1931 1965 2011 2015 tes
2046 1962 2225 2014 eumﬁ.
2263 1961 2482 2015 Deinde
2520 1966 2790 2016 recenset
2829 1965 2885 2017 et
2935 1961 3087 2018 alias
3127 1961 3231 2016 Dei
3258 1960 3498 2016 virtutes
3524 1965 3588 2014 ut

1932 2048 2117 2103 moris
2141 2054 2226 2104 est
2254 2048 2366 2113 his,
2400 2049 2500 2121 qui
2527 2051 2749 2122 gratias
2780 2055 2986 2121 agunt.

2004 2139 2172 2194 Vers.
2222 2142 2308 2192 5t.
2343 2139 2499 2193 Fecit
2526 2171 2592 2180 —
2639 2156 2819 2196 suum.
2855 2140 3012 2195 Fecit
3053 2137 3585 2208 magniﬁcentiam,

1933 2225 2066 2281 fecit
2104 2226 2414 2283 victoriam
2447 2244 2552 2299 per
2589 2228 2994 2284 fortitudinem
3035 2244 3230 2283 suam.
3280 2230 3416 2282 Nam
3453 2226 3590 2282 bra-

1933 2313 2135 2370 chium
2148 2315 2262 2371 hoc
2290 2317 2350 2371 in
2382 2315 2516 2372 loco
2533 2316 3273 2386 signiﬁcatiortitudinem.
3295 2315 3406 2380 Qui
3423 2316 3585 2370 enim

1934 2402 1994 2457 in
2020 2403 2442 2460 certaminibus
2477 2409 2768 2478 pugnant,
2809 2405 2870 2461 in
2897 2405 3147 2462 brachio
3181 2405 3587 2461 fortitudinem

1933 2491 2179 2548 habent.

2006 2581 2174 2637 Vers.
2231 2583 2318 2637 51.
2370 2583 2633 2654 Dz‘spersit
2692 2614 2757 2624 —
2805 2583 2914 2638 sui.
2970 2581 3273 2654 Superbos
3322 2581 3381 2637 in
3435 2581 3591 2653 cogi-

1934 2670 2157 2726 tatione
2179 2671 2375 2727 cordis
2402 2673 2514 2737 sui,
2549 2671 2842 2744 superbos
2869 2671 3029 2744 apud
3069 2670 3323 2744 seipsos.

2005 2973 2169 3030 Vers.
2203 2977 2290 3029 52.
2325 2975 2583 3030 Detraan't
2612 3005 2683 3016 —
2739 2975 2904 3031 Vers.
2959 2976 3048 3032 53.
3091 2975 3298 3030 inanes.
3367 2973 3595 3030 Similia

1936 3068 2070 3118 sunt
2088 3062 2205 3131 his,
2246 3079 2383 3134 quas
2414 3063 2556 3120 dixit
2589 3065 2782 3130 Anna,
2831 3068 3019 3120 mater
3047 3063 3342 3120 Samuelis
3371 3080 3384 3118 :
3419 3063 3594 3118 Domi-

213 3161 366 3228 χίζει
416 3162 504 3208 καὶ
564 3157 849 3222 πλουτίζει,
916 3167 1149 3211 ταπεινοῖ
1212 3167 1300 3212 καὶ
1363 3159 1572 3231 ἀνυψοῐ.
1636 3165 1826 3214 Λοιπὸν

1952 3169 2036 3206 ius
2084 3168 2375 3222 pauperem
2401 3153 2541 3224 facit
2570 3159 2619 3206 et
2657 3152 2803 3208 ditat
2825 3168 2843 3217 ;
2901 3153 3162 3207 humiliat
3191 3159 3244 3208 et
3271 3152 3508 3206 sublevat
3534 3153 3584 3208 ⁷.

213 3243 304 3298 οὖν
359 3250 670 3320 προφητεύει
723 3253 812 3299 καὶ
888 3254 1004 3322 περὶ
1082 3256 1172 3300 τοῦ
1224 3249 1386 3309 ἐλέους
1440 3257 1531 3301 τοῦ
1581 3250 1650 3311 εἰς
1711 3255 1826 3311 τοὺς

213 3339 586 3411 Χριστιανούς.
616 3341 766 3408 Λέγει
792 3340 914 3412 γὰρ·

289 3424 620 3478 Ἀντελάϐετο
684 3457 748 3464 -—
819 3426 1006 3484 αὐτοῦ.
1082 3426 1440 3497 Ἐπεσκέψατο
1504 3431 1587 3479 τόν
1658 3428 1826 3502 Ἰσρα-

219 3513 455 3570 ηλιτικόν
484 3513 625 3579 λαόν,
668 3518 755 3566 τὸν
806 3511 991 3566 δοῦλον
1023 3515 1209 3570 αὐτοῦ.
1265 3512 1441 3567 Παίδα
1482 3519 1580 3589 γὰρ
1624 3524 1711 3568 νῦν
1740 3521 1827 3569 τόν

223 3599 413 3652 δοῦλον
437 3601 592 3672 λέγει.

1051 3693 1381 3747 Ἀντελάϐετο
1445 3690 1504 3746 δὲ
1563 3699 1653 3747 καὶ
1722 3694 1831 3748 ἒπε-

226 3779 480 3850 σκέψατο,
533 3780 581 3831 ἐν
637 3789 710 3852 τῷ
772 3783 1071 3853 μνησθῆναι
1141 3781 1308 3844 ἐλέους
1361 3784 1431 3845 εἰς
1492 3787 1577 3836 τόν
1647 3785 1825 3849 αἰῶνα,

294 3697 410 3748 Μνη
420 3693 609 3749 σθῆναι
668 3723 736 3732 —
801 3693 980 3744 αἰῶνα.

223 3873 388 3940 ἧγουν
470 3869 638 3931 ἐλέους
728 3871 938 3922 αἰωνίου
970 3915 982 3938 ,
1051 3870 1217 3933 ἐλέους
1287 3869 1599 3938 διηνεκοῦς,
1660 3876 1832 3936 καθὼς

225 3958 462 4016 ελάλησε*
547 3961 720 4020 καθὼς
808 3959 1152 4031 ἐπηγγείλατο
1227 3965 1355 4035 πρὸς
1416 3967 1535 4025 τοὺς
1604 3968 1830 4038 πατέρας

223 4050 390 4120 ημῶν.
458 4045 588 4102 Εἶτα
629 4048 766 4120 λέγει
817 4054 904 4101 καὶ
950 4055 1088 4102 τίσιν
1145 4049 1361 4108 ἐλάλησε
1427 4058 1539 4126 περὶ
1591 4061 1681 4104 τοῦ
1728 4072 1832 4105 τοι·

223 4140 379 4188 ουτου
414 4135 602 4204 ἐλέους,
635 4138 714 4189 ὃτι
755 4145 825 4206 τῷ
876 4136 1114 4211 Ἀϐραὰμ
1164 4145 1254 4191 καὶ
1311 4149 1380 4210 τῷ
1435 4144 1696 4212 σπέρματι
1743 4141 1834 4192 αὐ-

224 4235 338 4293 τοῦ,
391 4230 554 4297 ἤγουν
593 4235 665 4296 τῷ
719 4227 898 4279 Ἰσαὰκ
945 4233 1035 4279 καὶ
1077 4237 1149 4299 τῷ
1208 4227 1413 4293 Ἰακὼϐ,
1466 4234 1551 4280 ναὶ
1595 4235 1697 4300 μὴν
1743 4235 1833 4281 καὶ

225 4325 295 4385 τῷ
349 4312 538 4370 Δαυίὸ.
585 4318 800 4377 Τούτοις
839 4319 940 4389 γὰρ
1010 4320 1078 4377 ὡς
1133 4319 1537 4388 ἐπισημοτάτοις
1589 4337 1832 4390 αινιγμα-

226 4402 407 4465 τωδῶς
458 4403 801 4476 ἐπηγγείλατο
850 4410 966 4479 περὶ
1022 4409 1228 4458 τούτου.
1289 4405 1467 4466 ’Ἑλεος
1517 4403 1575 4458 δε
1619 4407 1691 4468 εἰς
1747 4410 1833 4458 τόν

1939 3241 2223 3312 Deinceps
2254 3255 2396 3307 ergo
2427 3240 2782 3296 vaticinatur
2810 3245 2868 3296 et
2915 3240 2990 3296 de
3018 3240 3423 3296 misericordia
3451 3255 3595 3310 erga

1936 3329 2316 3386 Christianos.
2341 3329 2488 3384 Dicit
2515 3329 2676 3384 enim
2710 3347 2723 3388 :

2008 3418 2169 3471 Vers.
2199 3417 2290 3473 54.
2329 3417 2666 3474 Αιιπίιίαειιε
2693 3423 2767 3471 est
2794 3447 2859 3456 —
2890 3433 3010 3472 suo.
3071 3414 3337 3472 Visitavit
3367 3415 3596 3470 Israeli-

1937 3505 2115 3561 ticum
2133 3505 2425 3577 populum
2440 3521 2641 3574 suum,
2655 3520 2895 3560 servum
2913 3520 3123 3576 suum;
3154 3519 3408 3576 puerum
3431 3503 3592 3559 enim

1937 3595 2079 3652 dicit
2103 3609 2266 3650 nunc
2295 3609 2558 3650 servum.

2011 3695 2165 3748 Vers.
2204 3693 2293 3746 55.
2332 3692 2402 3748 Ut
2437 3707 2644 3747 memor
2671 3695 2800 3746 esset
2827 3721 2899 3732 —-
2945 3690 3223 3748 saeculum.
3262 3690 3595 3747 Auxiliatus

1939 3787 2026 3839 est
2054 3781 2408 3847 etvisitavit,
2443 3786 2508 3836 ut
2536 3796 2768 3838 memor
2783 3783 2936 3836 esset
2957 3779 3374 3836 misericordia:
3399 3780 3462 3836 in
3488 3795 3598 3836 saa-

1939 3873 2138 3927 culum
2169 3888 2181 3926 :
2215 3872 2338 3926 sive
2369 3870 2796 3926 misericordiae
2849 3869 3250 3942 sempiternae,
3283 3870 3597 3928 continuae.

1943 3963 2101 4018 Sicut
2154 3960 2389 4016 locutus
2451 3965 2558 4026 est,
2629 3961 2780 4016 sicut
2834 3960 3211 4016 annuntiavit
3266 3961 3343 4015 ad
3396 3963 3596 4031 patres

1939 4056 2199 4106 nostros.
2236 4049 2452 4105 Deinde
2485 4049 2621 4104 dicit
2652 4049 2852 4116 etiam,
2885 4047 3107 4120 quibus
3145 4048 3378 4106 locutus
3406 4053 3496 4104 est.
3523 4047 3599 4104 de

1940 4140 2042 4210 huj
2055 4137 2289 4194 usmodi
2308 4137 2713 4194 misericordia
2725 4179 2740 4202 ,
2763 4137 2931 4208 quod
2947 4136 3532 4194 videlicetAbraham
3544 4142 3602 4194 et

1942 4229 2153 4284 semini
2199 4228 2350 4297 ejus,
2422 4227 2644 4282 scilicet
2702 4227 2867 4281 Isaac
2921 4229 2975 4280 et
3030 4225 3218 4281 Jacob
3273 4243 3287 4278 :
3344 4225 3600 4295 profecto

1943 4322 1999 4372 ct
2036 4315 2250 4370 David.
2295 4317 2392 4370 His
2439 4315 2621 4378 enim,
2677 4318 2875 4385 utpote
2931 4312 3189 4368 maxime
3240 4311 3599 4383 insignibus,

1942 4403 2314 4474 aenigmatice
2331 4411 2384 4459 et
2398 4404 2473 4458 de
2493 4404 2608 4460 hoc
2621 4401 2946 4458 annuntiav
2956 4400 3018 4455 it.
3044 4401 3445 4457 Misericordia
3459 4415 3601 4458 vero

224 4495 390 4545 αἰῶνα
449 4496 480 4551 ἡ
541 4496 652 4546 θεία
705 4494 1113 4567 ἑνανθρώπησιςτ,
1163 4498 1227 4555 ὡς
1285 4491 1358 4546 δι’
1406 4494 1539 4547 ἔλεον
1595 4504 1695 4547 τῶν
1753 4494 1831 4546 ἁν-

1952 4494 2173 4558 dicitur,
2188 4492 2510 4548 incarnatio
2523 4491 2748 4556 divina,
2769 4495 2970 4562 utpote
2987 4504 3093 4561 per
3105 4488 3600 4554 misericordiam,

226 4585 446 4658 θρῶπων
518 4587 850 4656 γεγενημένη,
927 4582 982 4635 ἐκ
1059 4589 1348 4660 σπέρματος
1435 4584 1673 4658 Ἀϐραὰμ
1746 4587 1836 4636 καὶ

224 4682 327 4724 τῶν
388 4672 665 4745 εἰρημένων
723 4675 845 4724 υἱῶν
897 4678 985 4726 καὶ
1049 4671 1270 4745 ἐκγόνων
1324 4674 1506 4742 αὐτοῦ,
1553 4676 1688 4726 κατὰ
1741 4677 1836 4731 τὴν

225 4765 356 4834 πρὸς
391 4761 580 4822 αὐτοὺς
613 4761 940 4834 ἐπαγγελίαν.

302 4851 592 4925 Ἀπορήσει
647 4847 705 4903 δέ
760 4870 859 4914 τις,
919 4860 1029 4912 πῶς
1079 4851 1378 4905 ἀντελάϐετο
1433 4860 1524 4905 τοῦ
1574 4852 1836 4926 Ἰσραηλιο

223 4947 378 4993 τικού
435 4939 562 4992 λαοῦ
617 4941 642 4991 ό
701 4944 823 5002 Θεὸς
879 4939 928 4991 ἐν
978 4949 1051 5012 τῷ
1103 4943 1404 5014 μνησθῆναι
1451 4950 1541 4994 τοῦ
1596 4943 1837 5016 ῥηθέντος

223 5030 400 5091 ἐλέους
451 5046 464 5096 ;
516 5039 614 5081 τῶν
688 5037 1016 5102 Χριστιανῶν
1086 5034 1186 5106 γὰρ
1258 5031 1447 5103 μᾶλλον
1511 5030 1832 5095 ἀντελάϐετο,

222 5123 316 5171 καὶ
368 5117 428 5169 οὐ
486 5125 584 5169 τῶν
640 5114 933 5175 Ἰουδαίων,
1012 5123 1148 5191 Πρὸς
1207 5119 1260 5171 ὃν
1319 5119 1703 5195 ἁπόκρινόμεθα
1757 5122 1836 5172 ὅτι

220 5207 452 5267 παλαιός
510 5210 600 5278 μὲν
640 5207 855 5280 Ἰσραὴλ
911 5196 954 5258 ὁ.
992 5207 1208 5269 παλαιὸς
1261 5209 1398 5270 λαός
1460 5213 1568 5270 νέος
1626 5206 1684 5262 δὲ
1735 5211 1837 5262 Ἰσ-

220 5295 366 5371 ραὴλ
428 5297 453 5346 6
510 5299 618 5357 νέος
675 5295 818 5364 λαός,
877 5298 901 5347 ὸ
970 5295 1335 5369 ἆντεισαχθείς
1393 5296 1605 5365 ἐκείνου,
1665 5302 1838 5350 τουτέ-

223 5405 348 5438 στιν
388 5386 414 5436 6
464 5388 854 5457 Χριστιανικός,
907 5386 932 5436 6
990 5385 1045 5437 ἐκ
1106 5389 1295 5449 παντὸς
1352 5388 1524 5447 ἔθνους
1569 5392 1841 5459 συγκείμε-

224 5493 340 5533 νος.
381 5475 574 5528 Τοῦτον
624 5475 710 5525 οὖν
756 5477 843 5526 τόν
890 5473 1097 5547 Ἰσραὴλ
1135 5474 1355 5528 ἐνταῦθα
1402 5481 1608 5533 νόησον.
1666 5475 1731 5530 Εἰ
1783 5472 1841 5528 δὲ

224 5567 322 5615 καὶ
379 5566 466 5614 τόν
517 5561 737 5615 παλαιόν
789 5568 1000 5636 νοήσῃς,
1049 5564 1272 5624 σώζεται
1323 5570 1413 5616 καὶ
1456 5563 1621 5626 οὕτως
1677 5566 1701 5616 ό
1758 5564 1839 5616 λό-

309 5713 463 5770 Psal.
500 5730 595 5782 cu,
629 5719 711 5768 t7.
789 5717 808 5749 ⁷
843 5718 979 5786 Reg.
1015 5731 1074 5780 ιι,
1109 5717 1160 5769 7.

529 5812 746 5867 PATROL
784 5812 887 5869 Gn.
930 5812 1174 5869 CXXIX.

1938 4584 2083 4656 quia
2102 4582 2382 4639 misertus
2402 4587 2491 4638 est
2517 4578 3054 4646 Deus,hominibus
3078 4578 3240 4636 facta
3269 4594 3343 4636 ex
3373 4578 3604 4635 semine

1939 4673 2244 4729 Abraham
2276 4671 2693 4743 dictorumque
2715 4669 3000 4733 ﬁliorum,
3026 4684 3098 4724 ac
3118 4668 3198 4726 ab
3225 4684 3298 4726 eo
3319 4669 3598 4741 progeni-

1940 4768 2160 4827 torum,
2190 4762 2365 4832 juxta
2393 4760 2863 4833 promissionem
2900 4757 2981 4814 ad
3011 4773 3114 4815 eos
3144 4757 3390 4815 factam.

2016 4851 2324 4908 Dubitabit
2351 4849 2592 4922 aliquis,
2620 4847 2930 4922 quomodo
2985 4846 3307 4905 auxiliatus
3346 4847 3425 4904 sit
3447 4846 3608 4904 Deus

1943 4940 2260 4997 Israelitico
2282 4938 2528 5011 populo.
2561 4943 2626 4994 ut
2646 4952 2879 4994 memor
2899 4940 3055 4994 esset
3076 4936 3252 4993 dictis
3275 4935 3609 4992 misericor-

1945 5029 2058 5085 dia
2071 5029 2098 5084 ?
2111 5027 2460 5084 Christianis
2472 5041 2738 5099 namque
2750 5026 2950 5098 potius
2962 5025 3283 5086 auxiliatos
3300 5030 3406 5090 est,
3420 5038 3609 5096 quam

1944 5118 2191 5175 Iudaeis.
2220 5117 2321 5173 Cui
2347 5116 2797 5188 respondemus,
2830 5115 2997 5188 quod
3025 5118 3201 5170 vetus
3233 5113 3418 5170 Israel
3458 5112 3612 5170 anti-

1945 5225 2102 5282 quus
2123 5212 2214 5263 est
2233 5206 2494 5279 populus
2517 5223 2534 5272 ;
2552 5221 2746 5265 novus
2761 5210 2961 5261 autem
2985 5204 3186 5268 Israel,
3205 5219 3395 5268 novus
3422 5218 3615 5276 popu-

1945 5297 2040 5353 lus
2070 5312 2179 5368 pro
2210 5296 2308 5351 illo
2338 5297 2644 5360 inductus,
2685 5293 2800 5350 hoc
2830 5299 2942 5357 est,
2976 5292 3368 5359 Christianus,
3409 5292 3515 5364 qui
3541 5306 3616 5348 ex

1949 5387 2115 5444 omni
2133 5389 2307 5455 gente
2329 5385 2596 5440 consistit
2619 5401 2632 5450 ;
2661 5384 2822 5438 hunc
2841 5398 2983 5452 ergo
3006 5381 3190 5438 Israel
3205 5381 3302 5437 hic
3327 5381 3608 5452 intellige.

1953 5475 2177 5542 Quodsi
2189 5474 2369 5529 etiam
2383 5480 2644 5529 veterem
2664 5471 3047 5542 intellexeris,
3067 5471 3148 5528 ita
3159 5486 3405 5545 quoque
3420 5484 3617 5526 sermo

1954 5562 2284 5621 constabit:
2305 5568 2548 5634 propter
2567 5561 2737 5618 illum
2758 5561 2919 5618 enim
2936 5559 3324 5633 potissimum
3345 5563 3620 5617 incarna-

3273 5807 3342 5862 28
