4188 6434
610 355 719 410 875

1927 340 2281 403 EUTHYMII
2330 337 2656 398 ZIGABENI

3878 346 3990 403 876

609 481 705 533 tus
756 480 847 533 est
898 490 912 532 :
975 474 1193 532 deinde
1256 479 1314 533 et
1372 475 1451 532 ab
1497 474 1582 531 eis
1639 476 1891 531 matrem
1934 470 2127 540 elegit,
2191 482 2257 524 ac

2369 484 2482 536 γος.
2525 469 2599 521 Δι’
2647 468 2803 521 αὐτὸν
2853 472 2956 545 γὰρ
3006 468 3196 541 μᾶλλον
3253 467 3670 543 ένηνθρωπησεν,
3732 470 3843 525 έπεὶ
3892 479 3987 526 καὶ

610 574 903 638 cognatus
924 565 1160 621 illorum
1192 571 1573 639 nuncupatus
1601 570 1707 630 est,
1739 568 1796 619 et
1825 561 1987 635 apud
2008 559 2136 615 illos
2158 557 2262 613 do-

608 657 747 722 cuit,
783 672 854 712 ac
884 656 1173 712 miracula
1214 661 1491 727 operatus
1518 658 1641 710 est:
1677 652 1934 723 ideoque
1984 647 2256 705 dicebat:

607 744 738 801 Non
763 762 884 800 sum
913 747 1123 811 missus,
1166 745 1274 799 nisi
1297 745 1368 799 ad
1392 744 1632 817 perditas
1651 759 1766 797 oves
1790 742 1976 795 domus
2006 736 2181 793 Israel
2215 738 2257 789 ⁸.

609 833 760 900 Quia
804 851 947 891 vero
1002 835 1070 890 In
1120 852 1221 891 sua
1258 835 1423 897 venit,
1476 839 1531 890 et
1588 833 1680 888 sui
1741 848 1860 887 eum
1902 846 2009 884 non
2052 842 2261 896 recepe-

607 930 742 979 runt
789 926 833 990 9,
898 924 1034 982 ideo
1091 930 1297 997 gentes
1342 920 1753 980 misericordia
1796 920 1989 992 dignm
2038 914 2260 973 habitas

605 1017 767 1072 sunt.

680 1102 848 1161 Vers.
878 1102 964 1158 56.
994 1102 1188 1158 Mansit
1216 1131 1286 1144 —
1315 1102 1511 1158 tribus.
1544 1101 1655 1157 Per
1681 1098 2054 1156 voluntatem
2092 1094 2259 1151 vide-

601 1192 742 1250 licet
777 1192 980 1264 sponsi
1014 1209 1027 1249 :
1056 1192 1281 1264 Joseph
1325 1192 1486 1248 enim
1516 1195 1573 1247 et
1600 1188 1951 1246 Zachariam
1995 1191 2051 1243 et
2080 1186 2259 1242 Eliza-

603 1280 748 1338 betb
774 1286 1018 1338 sanctos
1030 1297 1157 1339 esse
1171 1280 1418 1347 sciebat,
1432 1286 1489 1339 et
1508 1279 1715 1337 animo
1740 1277 2044 1334 latissimo
2066 1276 2261 1346 Virgi-

604 1385 745 1427 nem
770 1369 853 1425 eis
880 1370 1165 1427 tradidit:
1208 1386 1333 1427 non
1389 1368 1606 1436 solum,
1656 1366 1795 1441 quia
1846 1364 2084 1434 cognati
2128 1363 2259 1436 ejus

604 1462 794 1524 erant,
826 1474 1036 1514 verum
1062 1459 1264 1527 etiam,
1297 1460 1442 1533 quia
1468 1455 2027 1530 irreprebensibiles.
2053 1452 2260 1509 Mansit

604 1552 805 1604 autem
821 1564 1013 1620 usque
1026 1547 1097 1603 ad
1112 1553 1352 1621 partum
1366 1547 1657 1604 Elizabeth
1672 1545 1836 1619 apud
1849 1543 2034 1609 illam,
2054 1546 2258 1614 utpote

602 1640 1093 1706 cognoscentem,
1116 1636 1281 1710 quod
1313 1638 1371 1692 in
1401 1653 1464 1693 se
1493 1635 1780 1706 agebatur
1799 1634 2182 1705 mysterium:
2204 1635 2259 1688 et

602 1724 683 1781 ob
714 1725 772 1780 id
803 1732 1109 1799 amantem
1148 1725 1322 1791 hanc,
1356 1732 1412 1782 et
1432 1725 1510 1781 ab
1538 1725 1653 1780 hac
1680 1730 1965 1779 amatam.

673 1815 835 1869 Vers.
862 1815 953 1868 56.
994 1814 1072 1869 Et
1124 1831 1340 1868 reversa
1385 1821 1460 1869 est
1490 1845 1557 1853 -—
1585 1830 1753 1868 suam.
1798 1813 2077 1868 Devitans
2131 1828 2255 1876 eos,
2285 1812 2328 1872 Β

602 1902 700 1975 qui
716 1901 791 1957 ob
806 1908 1014 1959 natum
1035 1903 1325 1959 infantem
1339 1902 1417 1958 ad
1429 1901 1572 1959 dom
1583 1919 1680 1957 um
1695 1901 1994 1958 Zachariae
2012 1917 2257 1957 concur-

600 2006 729 2046 rere
751 1992 1067 2047 debebant.
1103 1994 1237 2048 Erat
1261 1996 1464 2048 autem
1486 1998 1541 2047 et
1558 1992 1764 2054 moris,
1788 1997 1849 2046 ut
1867 1990 2259 2047 abscederent

600 2080 882 2152 virgines,
909 2098 1047 2138 cum
1077 2082 1347 2154 paritura:
1380 2086 1549 2137 erant
1576 2086 1977 2153 praegnantes.

673 2171 940 2227 Vers.57.
973 2170 1092 2242 Ipsi
1124 2201 1193 2213 —
1247 2171 1412 2227 Vers.
1469 2171 1563 2227 59.
1606 2187 1862 2242 puerum.
1912 2169 2257 2227 Secundum

597 2257 798 2330 legem
810 2301 824 2315 .

668 2349 837 2406 Vers.
892 2350 985 2407 59.
1042 2350 1119 2405 Et
1167 2348 1434 2405 vocabant
1479 2378 1548 2390 ι-
1603 2348 1954 2407 Zachariam.
2009 2347 2255 2404 Plurimi

597 2438 749 2494 enim
773 2437 880 2494 ﬁlii
919 2443 1161 2510 patrum
1198 2437 1549 2494 nominibus
1576 2439 1775 2494 vocati
1807 2443 1968 2495 sunt.

666 2527 833 2585 Vers.
893 2526 982 2584 60.
1011 2529 1088 2583 Et
1143 2526 1461 2599 respondens
1506 2558 1575 2567 —
1615 2528 1869 2583 Joannes.
1927 2529 1975 2583 Δ
2038 2526 2256 2600 Spiritu

597 2621 805 2673 sancto
817 2616 949 2688 ipsa
960 2630 1200 2688 quoque
1212 2630 1431 2671 nomen
1445 2614 1614 2688 pueri
1629 2614 2061 2673 didiceratideo
2074 2616 2253 2672 etiam

596 2703 951 2772 conabatur,
997 2710 1060 2758 ut
1084 2703 1211 2775 ipse
1242 2709 1558 2759 vocaretur
1584 2704 1871 2762 Joannes.

668 2792 840 2849 Vers.
877 2793 968 2846 6|.
992 2793 1073 2846 Et
1097 2792 1362 2848 dixerunt
1388 2823 1456 2833 —
1488 2792 1651 2848 Vers.
1683 2796 1771 2848 62.
1820 2810 1957 2848 mm.
2006 2796 2160 2849 Nutu
2185 2794 2255 2850 il-

595 2880 723 2936 lum
742 2879 1210 2951 interrogabant,
1238 2885 1298 2936 ut
1321 2880 1629 2953 quietiam
1652 2882 1858 2938 audire
1884 2897 2005 2938 non
2027 2888 2249 2951 posset,

598 2969 779 3025 veluti
804 2969 1080 3041 superius
1111 2968 1559 3026 manifestatum
1584 2976 1690 3027 est.
1719 2971 1896 3027 Aiunt
1919 2974 2103 3035 enim,
2132 2987 2252 3028 uno

598 3058 865 3131 quodam
886 3072 1073 3113 nervo
1102 3057 1392 3127 colligatis
1419 3073 1550 3113 esse
1579 3059 1819 3115 audenti
1846 3060 2253 3133 loquendique

594 3145 790 3203 vires:
808 3146 942 3203 ideo
968 3146 1388 3219 nequeaudire
1410 3162 1589 3219 posse
1614 3164 1739 3215 eos,
1757 3149 1861 3222 qui
1888 3165 1925 3205 a
1949 3150 2252 3205 nativitate
2282 3158 2331 3220 α

597 3235 738 3292 muti
771 3242 929 3292 sunt.
957 3237 1256 3293 Zacharias
1292 3251 1434 3307 ergo
1462 3236 1545 3293 ita
1597 3237 1706 3294 fuit
1755 3238 1957 3295 ablata
1994 3238 2249 3311 loquela,

596 3326 748 3383 sicut
770 3326 860 3397 iis,
894 3326 998 3397 qui
1027 3341 1063 3381 a
1083 3326 1399 3382 Nativitate
1430 3324 1533 3383 illa
1569 3327 1780 3398 privati
1812 3332 1964 3384 sunt.

666 3414 835 3471 Vers.
868 3418 957 3471 '73.
987 3414 1062 3469 Et
1093 3415 1399 3487 postulatis
1453 3446 1524 3458 —
1552 3416 1686 3487 ejus.
1737 3416 2071 3482 Postulatis,
2125 3431 2251 3473 non

594 3518 703 3579 per
723 3519 948 3573 vocem,
980 3503 1085 3559 sed
1116 3503 1383 3559 similiter
1412 3519 1517 3575 per
1546 3509 1780 3560 nutum.

665 3594 829 3650 Vers.
882 3593 972 3650 63.
1016 3593 1093 3648 Et
1124 3592 1315 3647 mirati
1364 3600 1489 3647 sunt
1540 3593 1805 3649 universi.
1860 3593 2047 3651 Mirati
2085 3600 2246 3662 sunt,

594 3681 903 3755 quomodo
922 3681 1027 3753 qui
1054 3695 1163 3735 nec
1178 3680 1384 3736 audire
1409 3680 1489 3736 ab
1514 3681 1834 3747 Elizabeth,
1853 3698 1962 3738 nec
1978 3685 2029 3739 ei
2052 3685 2249 3740 dicere

592 3771 710 3827 hoc
745 3774 1041 3842 potuerat,
1074 3783 1212 3824 cum
1261 3785 1334 3825 ea
1362 3771 1779 3827 conveniebat.
1810 3772 2133 3829 Verisimile
2162 3779 2250 3830 est

596 3860 778 3923 enim,
823 3858 1113 3914 Elisabeth
1151 3858 1429 3914 certiores
1485 3858 1616 3915 illos
1658 3859 1888 3931 fecisse,
1935 3862 2090 3932 quod
2126 3878 2248 3919 non

595 3962 698 4021 per
726 3948 1082 4019 scripturam
1120 3946 1235 4003 hoc
1264 3947 1355 4002 vel
1384 3947 1646 4015 dixisset,
1676 3949 1768 4005 vel
1795 3950 2076 4009 audisset.

668 4036 937 4093 Vers.64.
965 4037 1227 4106 Apertum
1259 4066 1313 4078 -
1333 4037 1516 4092 Deum.
1532 4068 1601 4078 —
1621 4039 1888 4109 Apertum
1908 4047 2008 4107 est,
2026 4040 2141 4097 hoc
2161 4047 2250 4098 est

596 4126 658 4184 in
708 4140 922 4184 vocem
963 4124 1228 4182 solutum
1290 4132 1397 4183 est.
1450 4128 1820 4184 Manifestum
1872 4134 1966 4185 est.
2020 4136 2243 4196 autem,

592 4215 760 4289 quod
789 4219 849 4271 et
875 4215 1113 4272 auditus
1144 4215 1364 4287 pariter
1386 4214 1619 4272 solutus
1648 4222 1761 4274 est.
1791 4218 1952 4274 Sicut
1967 4220 2124 4275 enim
2146 4236 2250 4292 pa-

592 4306 735 4362 riter
749 4304 986 4362 ablatus
1019 4303 1227 4369 fuerat,
1263 4304 1345 4361 ita
1390 4320 1628 4377 quoque
1654 4307 1868 4377 pariter
1888 4308 2117 4365 solutus
2137 4315 2243 4367 est.

664 4395 835 4452 Vers.
863 4396 953 4452 65.
974 4395 1049 4449 Et
1070 4394 1249 4466 factus
1268 4396 1345 4449 ut
1363 4424 1431 4439 -—
1451 4410 1656 4451 eorum.
1689 4395 1890 4453 Timor
1912 4411 2036 4470 praa
2058 4399 2247 4456 admi-

590 4485 839 4542 ratione.

663 4574 827 4630 Vers.
852 4577 942 4630 65.
999 4574 1079 4629 Ει
1116 4574 1178 4628 in
1204 4602 1274 4615 -
1303 4573 1429 4628 hac.
1460 4574 1603 4639 Quas
1645 4580 1816 4631 erant
1868 4576 2026 4633 circa
2073 4577 2248 4635 mira-

594 4662 749 4728 cula,
770 4663 944 4728 facta,
963 4664 1021 4717 in
1041 4662 1422 4735 impositione
1442 4664 1694 4719 nominis
1722 4665 1915 4737 pueri,
1939 4668 2248 4738 quomodo

2276 4505 2324 4561 ι)
2428 4490 2532 4545 Καὶ
2575 4488 2767 4561 έγένετο
2833 4518 2898 4528 -
2963 4487 3156 4548 αύτούς
3206 4501 3221 4516 °

2372 554 2425 618 ἔξ
2479 557 2648 610 αὐτῶν
2705 557 2960 621 ἐξελέξατο
3019 563 3236 631 μητέρα,
3316 565 3406 611 καὶ
3480 565 3740 632 συγγενὴς
3810 562 3985 613 αὐτῶν

2370 643 2715 720 ἐχρημάτισε,
2766 654 2857 700 καὶ
2894 649 3017 720 παρ’
3068 648 3244 709 αὐτοῖς
3283 643 3556 713 ἐδίδασκε,
3606 655 3695 701 καὶ
3745 648 3983 723 ἐθαυμα-

2368 738 2577 810 τούργει
2611 754 2624 767 ⁸
2659 734 2743 789 διό
2796 744 2885 790 καὶ
2940 737 3105 808 ἔλεγεν
3158 740 3238 789 ὅτι
3296 737 3407 789 Ούκ
3458 736 3753 795 ἀπεστάλην
3814 740 3859 791 εἰ
3906 745 3980 812 μὴ

2369 824 2442 884 εἰς
2486 828 2551 877 τὰ
2591 826 2829 900 πρόϐατα
2874 829 2939 878 τὰ
2992 825 3293 878 ἀπολωλότα
3344 829 3489 878 οἴκου
3538 827 3775 902 Ἰσραήλ.
3831 829 3978 881 Ἐπεὶ

2370 909 2430 965 δε
2459 914 2528 976 είς
2559 918 2624 967 τὰ
2652 912 2770 967 ἴδια
2806 913 2949 982 ἦλθε,
2989 921 3081 968 καὶ
3118 918 3166 967 οἱ
3216 912 3348 968 ἴδιοι
3385 915 3541 968 αύτόν
3572 916 3630 968 ού
3662 916 3973 990 παρέλαϐον,

2366 1001 2543 1056 λοιπὸν
2568 1006 2633 1057 τά
2657 1006 2775 1064 ἔθνη
2800 1013 2891 1058 τοῦ
2918 1003 3084 1066 έλέους
3114 1003 3433 1067 ἠξιώθησαν.

2440 1092 2641 1165 Ἐμεινε
2706 1124 2770 1136 -
2841 1103 2998 1166 τρεῖς.
3058 1097 3202 1148 Μετὰ
3267 1102 3480 1166 γνώμης
3556 1092 3798 1153 δηλονότι
3879 1102 3976 1148 τοῦ

2368 1191 2670 1256 μνηστῆρος
2728 1200 2740 1212 ·
2802 1182 3045 1255 έγίνωσκε
3091 1186 3193 1258 γὰρ
3247 1185 3273 1235 ὁ
3334 1185 3530 1256 Ἰωσὴφ
3588 1190 3677 1237 καὶ
3733 1189 3820 1237 τόν
3873 1192 3976 1237 Ζα-

2370 1278 2564 1347 χαρίαν
2625 1278 2710 1325 καὶ
2762 1277 2855 1331 τὴν
2899 1272 3175 1328 Έλισάϐετ
3240 1273 3447 1344 ἁγίους,
3518 1279 3607 1326 καὶ
3671 1284 3974 1350 περιχαρῶς

2368 1361 2547 1424 αὐτοῖς
2615 1367 2986 1415 κατεπίστευσε
3058 1366 3151 1420 τὴν
3220 1364 3499 1435 Παρθένον,
3563 1363 3621 1414 ού
3688 1367 3842 1435 μόνον
3908 1366 3973 1423 ὡς

2369 1455 2672 1522 συγγενέσιν
2725 1450 2902 1520 αὐτῆς,
2973 1449 3101 1502 ἀλλὰ
3154 1457 3244 1504 καὶ
3300 1453 3371 1512 ὡς
3432 1449 3815 1513 ἀνεπιλήπτως.
3877 1451 3971 1505 Ἐ-

2365 1560 2503 1613 μεινε
2570 1536 2627 1593 δε
2683 1545 2847 1615 μέχρι
2917 1547 3009 1592 τοῦ
3079 1548 3289 1593 τοκετοῦ
3355 1548 3451 1603 τῆς
3516 1540 3788 1596 Ἐλισάϐετ
3844 1540 3971 1614 παρ’

2365 1630 2495 1703 αύτῇ
2552 1633 2616 1691 ὡς
2665 1632 2965 1703 γινωσούσῃ
3028 1633 3084 1681 τό
3124 1629 3239 1681 κατ’
3295 1630 3456 1689 αὐτὴν
3510 1636 3821 1704 μυστήριον,
3879 1635 3971 1683 καὶ

2367 1715 2459 1770 διὰ
2499 1728 2650 1771 τουτο
2683 1719 2903 1791 φιλουση
2937 1721 3131 1775 ταύτην
3155 1724 3243 1770 καὶ
3272 1719 3564 1791 φιλουμένη.

2440 1813 2538 1861 Καὶ
2608 1807 2923 1883 ύπέστρεᾷεν
2980 1839 3047 1848 —
3130 1806 3310 1869 αὐτῆς.
3398 1808 3750 1879 Εὐλαϐουμένη
3833 1811 3958 1868 τούς

2367 1893 2460 1950 διὰ
2516 1902 2573 1951 τό
2637 1904 2928 1970 τικτόμενον
3002 1896 3292 1970 ὀφείλοντας
3358 1901 3650 1969 συντρέχειν
3725 1895 3809 1948 ἐπὶ
3864 1901 3952 1948 τόν

2366 1984 2504 2040 οἶκον
2543 2007 2634 2039 του
2682 1992 2976 2059 Ζαχαρίου.
3030 1986 3123 2037 Ἠν
3158 1983 3217 2038 δε
3268 1992 3354 2038 καὶ
3407 1988 3514 2045 ἔθος
3542 1989 3836 2059 ὑποχωρεῖν
3868 1987 3963 2043 τὰς

2363 2078 2667 2149 παρθένους,
2701 2080 2783 2128 ὅτε
2816 2074 2989 2147 μέλλοι
3022 2076 3133 2147 (29)
3175 2081 3360 2127 τίκτειν
3390 2076 3417 2130 ἡ
3450 2078 3562 2145 (30)
3592 2077 3793 2147 ἔγκυος.

2432 2172 2505 2239 Τῇ
2537 2196 2607 2205 -
2634 2161 2869 2218 παιδίον.
2900 2167 3046 2218 Κατά
3065 2168 3150 2217 τὸν
3171 2170 3345 2236 νόμον.

2436 2400 2536 2449 Καὶ
2586 2394 2798 2448 ίααλουν
2852 2427 2919 2435 -
2970 2400 3263 2469 Ζαχαρίαν.
3320 2394 3505 2448 Πολλοὶ
3549 2396 3651 2466 γὰρ
3700 2396 3808 2446 υἱοὶ
3860 2401 3969 2454 τοῖς

2361 2492 2462 2536 τῶν
2486 2489 2717 2557 πατέρων
2749 2484 2997 2558 ὀνόμασιν
3023 2484 3338 2542 έκλήθησαν.

2435 2577 2536 2625 Καὶ
2606 2572 2950 2646 ἀποκριθεῖσα
3029 2602 3098 2614 -
3171 2572 3427 2633 Ἰωάννης.
3494 2572 3588 2627 Ἐκ
3667 2573 3964 2644 Πνεύματος

2364 2659 2515 2733 ἀγίου
2546 2668 2635 2715 καὶ
2695 2661 2825 2721 αὕτη
2875 2665 2934 2714 τὸ
2979 2666 3140 2734 ὄνομα
3184 2670 3276 2714 τοῦ
3326 2658 3515 2721 παιδός
3552 2663 3841 2734 μεμάθηκε.
3876 2664 3965 2713 Διὸ

2361 2756 2450 2802 καὶ
2484 2750 2806 2826 ίσχυρίσατο
2840 2750 3074 2809 Ἰωάννην
3114 2751 3471 2822 ὀνομασθῆναι
3499 2749 3673 2805 αύτόν.

2436 2843 2537 2891 Καὶ
2594 2835 2735 2892 εἷπον
2787 2869 2857 2881 -—
2910 2839 3084 2893 αύτόν.
3157 2841 3251 2892 Διά
3308 2842 3559 2911 νεύματος
3610 2840 3845 2913 ἠρώτων,
3897 2841 3965 2901 ὡς

2360 2924 2492 3000 μηδ’
2549 2926 2752 2980 ἀκούειν
2801 2925 3110 3001 δυναμένου,
3156 2929 3323 2988 καθως
3370 2927 3605 3000 ἀνωτέρω
3650 2923 3953 2986 δεδήλωται.

2362 3023 2496 3070 Φασὶ
2526 3020 2627 3092 γὰρ
2669 3017 2740 3070 ένί
2788 3037 2887 3069 τινι
2935 3020 3093 3090 νεύρῳ
3145 3013 3496 3069 συνδεδέσθαι
3543 3019 3638 3078 τὰς
3684 3026 3777 3068 τοῦ
3814 3014 3954 3067 ἀκού-

2360 3124 2432 3157 ειν
2463 3105 2576 3177 (31)
2632 3111 2721 3159 καὶ
2776 3114 2869 3157 τοῦ
2922 3105 3090 3159 λαλεῖν
3134 3102 3403 3178 δυνάμεις·
3450 3101 3538 3157 διό
3594 3111 3685 3157 καὶ
3741 3109 3861 3167 τούς
3909 3103 3962 3156 ἑκ

2358 3204 2569 3268 γενετῆς
2625 3194 2842 3257 ἀλάλους
2899 3192 3037 3268 μηδε
3096 3192 3317 3249 ἀκούειν.
3365 3194 3518 3247 Ούτω
3568 3202 3694 3267 γοῦν
3736 3193 3961 3253 ἐσϐέσθη

2359 3288 2419 3337 τό
2459 3286 2572 3356 (32)
2609 3287 2814 3358 φθέγμα
2841 3290 3135 3359 Ζαχαρίας,
3161 3287 3228 3346 ὡς
3257 3286 3305 3337 οἰ
3334 3283 3388 3336 ἐκ
3418 3293 3647 3357 γενετῆς.

2432 3509 2532 3558 Καὶ
2579 3504 2801 3566 αἰτήσας
2847 3533 2915 3549 —
2967 3503 3148 3559 αὐτοῦ.
3210 3504 3441 3566 Αἰτήσας
3494 3503 3552 3556 ού
3609 3499 3705 3557 διὰ
3773 3511 3960 3576 φωνῆς,

2359 3593 2468 3646 ἀλλ’
2496 3596 2685 3667 ὁμοίως
2716 3591 2811 3646 διὰ
2846 3597 3111 3666 νεύματος.

2430 3689 2531 3737 Καὶ
2588 3683 2889 3755 έθαύμασαν
2951 3685 3155 3742 πάντες.
3226 3683 3590 3755 Ἐθαύμασαν,
3658 3690 3765 3743 πῶς
3825 3688 3963 3754 μήτε

2357 3772 2581 3825 ἀκοῦσαι
2638 3780 2792 3825 τοῦτο
2856 3775 3001 3845 παρὰ
3085 3780 3182 3834 τῆς
3247 3770 3543 3837 Ἐλισάϐετ,
3603 3776 3734 3843 μήτε
3792 3770 3964 3824 εἰπεῖν

2358 3862 2488 3935 αὐτῇ
2563 3869 2716 3915 τοῦτο
2796 3858 3102 3933 δυνάμενος,
3190 3866 3564 3933 συνεφώνησεν.
3635 3858 3785 3919 Εἰκὸς
3854 3861 3963 3934 γὰρ

2355 3958 2448 4012 τὴν
2479 3950 2753 4007 Ἐλισάϐετ
2790 3949 3131 4024 πληροφορείν
3180 3953 3411 4015 τούτους,
3467 3953 3536 4012 ὡς
3580 3949 3638 4002 ού
3692 3945 3787 4000 διὰ
3831 3968 3965 4022 γρα-

2357 4051 2456 4115 φῆς
2480 4050 2631 4093 τοῦτο
2662 4042 2692 4100 ἡ
2729 4040 2842 4111 (33)
2883 4037 3041 4107 εἶπεν,
3072 4040 3101 4098 ἡ
3130 4043 3375 4098 ἣκόυσεν.

2427 4132 2696 4202 Ἀνιῳχθη
2739 4161 2803 4170 -
2835 4134 2983 4183 Θεόν.
3035 4159 3105 4171 -
3156 4129 3447 4199 Ἀνεῴχθη,
3493 4127 3607 4180 ἀντὶ
3650 4135 3762 4191 τοῦ,
3813 4126 3967 4181 ’Δπε-

2354 4220 2482 4278 λύθη
2530 4221 2597 4281 εἰς
2627 4225 2815 4292 φωνήν.
2863 4217 3021 4277 Δῆλον
3052 4214 3111 4270 δε
3157 4218 3272 4289 (34)
3304 4219 3385 4269 ὅτι
3435 4221 3523 4269 καὶ
3574 4219 3604 4275 ἠ
3663 4216 3793 4275 ἀκοὴ
3825 4235 3963 4269 συν-

2356 4310 2608 4368 απελύθη.
2655 4316 2853 4383 Ὠσπερ
2910 4310 3012 4382 γὰρ
3068 4307 3451 4378 συνεπεσχέθη,
3500 4307 3661 4367 οὕτως
3712 4308 3817 4381 ἄρα
3869 4312 3964 4358 καὶ

2358 4398 2613 4453 συναπελύ
2619 4400 2682 4456 θη
2693 4438 2706 4451 .

3278 4485 3435 4546 Φόϐος
3508 4484 3563 4537 ἐκ
3655 4492 3748 4537 τοῦ
3834 4487 3968 4538 θαύ-

2356 4599 2539 4653 ματος.

2426 4670 2531 4724 Καὶ
2569 4669 2619 4720 έν
2667 4697 2734 4708 -
2781 4674 2963 4719 ταῦτα.
3012 4670 3089 4719 Τὰ
3133 4670 3251 4737 περὶ
3301 4672 3400 4716 τῶν
3445 4668 3731 4736 γεγονότων
3761 4665 3966 4732 θαυμά-

594 4751 898 4823 inopinate
949 4753 1008 4807 in
1074 4767 1147 4808 eo
1189 4758 1463 4823 parentes
1514 4760 1916 4810 convenerant
1961 4772 1974 4811 :
2028 4762 2085 4812 et
2128 4773 2247 4830 quo

2363 4778 2454 4810 των
2498 4757 2581 4810 έπὶ
2612 4765 2673 4830 τῇ
2723 4756 2907 4815 κλήσει
2951 4763 3044 4807 τοῦ
3095 4751 3336 4822 παιδίου,
3374 4762 3484 4814 πῶς
3541 4773 3596 4807 τε
3646 4749 3967 4827 παραδόξως

596 4842 771 4912 pacto
795 4855 833 4895 a
856 4840 1138 4897 Zacharia
1184 4841 1534 4899 mirabiliter
1572 4842 1776 4900 ablata
1817 4848 1943 4901 erat
1992 4844 2247 4915 loquela

2363 4854 2724 4920 συνεφώνησαν
2767 4848 2818 4899 οἱ
2862 4850 3161 4917 γεννήτορες
3204 4843 3289 4897 ἐπὶ
3334 4845 3521 4915 ταύτῃ,
3563 4846 3655 4894 καὶ
3698 4850 3808 4903 πῶς
3838 4844 3969 4894 θαυ-

595 4929 860 4986 carentia
888 4943 903 4995 ;
934 4927 1201 4987 similiter
1229 4935 1288 4989 et
1312 4946 1451 5005 quas
1471 4946 1509 4989 a
1535 4932 1825 5004 principio
1849 4934 1929 4992 ad
1952 4934 2133 4993 tinem
2154 4952 2250 4994 us-

2363 4942 2558 5010 μασίως
2610 4935 2838 4993 ἀπελύθη
2890 4943 2984 4996 τῆς
3029 4933 3257 5007 ἁφωνίας
3302 4934 3329 4985 ό
3380 4937 3674 5007 Ζαχαρίας·
3710 4936 3741 4991 ἢ
3777 4937 3869 4985 καὶ
3898 4935 3970 4985 τὰ

593 5032 714 5092 que
729 5018 1125 5089 conﬁgerent.

2363 5027 2446 5080 ἀπ’
2479 5025 2659 5101 ἀρχῆς
2686 5027 2821 5100 ἄχρι
2843 5024 3033 5085 τέλους.

666 5196 691 5232 ⁸
713 5197 913 5256 Matth.
938 5213 1040 5267 xv,
1069 5202 1158 5258 24.
1235 5201 1258 5238 ⁸
1280 5201 1447 5257 Joan.
1478 5202 1533 5266 1,
1563 5202 1654 5257 tt.

1809 5345 2038 5416 Variae
2074 5348 2405 5418 lectiones
2447 5358 2514 5417 et
2536 5358 2741 5417 notas.

689 5506 775 5568 29)
801 5503 998 5562 Μέλλει.
1030 5504 1087 5561 Β.

689 5578 777 5649 30)
814 5582 1055 5649 Ἐγγυος,
1100 5574 1387 5649 frequenti
1416 5591 1633 5632 errore.
1668 5582 1732 5649 Δ,
1761 5577 1823 5633 Β.

691 5617 782 5713 Ξῖί
831 5617 1303 5702 ΑὲιίιῖνἌὲἶῖοῡ
1352 5617 1823 5713 humator-Hie;
1872 5650 2127 5707 inverso.
2176 5653 2239 5706 Β.

689 5716 781 5793 32)
810 5720 920 5777 Pro
947 5716 1322 5777 nominativo
1348 5718 1582 5777 videtur
1604 5722 1907 5793 accepisse
1933 5721 2243 5795 interpres.

2357 5509 2515 5581 Ergo,
2552 5508 2861 5581 Zachariae
2889 5504 3068 5581 dedit,
3118 5505 3234 5561 Sed
3285 5505 3367 5561 ita
3412 5507 3687 5577 Ζαχαρίου
3735 5506 3797 5559 et
3826 5518 3971 5559 mox

2356 5578 2476 5645 τώὗ,
2506 5580 2637 5635 loco
2665 5581 2713 5631 οἱ
2743 5578 3069 5649 legendum
3100 5581 3275 5633 esset.

2451 5652 2542 5723 33)
2580 5650 2668 5717 Ἥ,
2706 5656 3039 5723 postremo,
3076 5649 3259 5705 deest.
3295 5649 3355 5703 Β.

2451 5656 2516 5707 33
2580 5652 2668 5717 Ἦ,
2706 5656 2843 5723 post
2865 5657 2982 5702 τοῦτ

2426 5652 2542 5796 ἒμζ
2576 5726 2638 5775 Δί
2664 5721 2881 5779 omittit
2916 5728 2982 5776 Δ.
