4188 6498
197 404 310 463 877
1332 391 1696 456 COMMENT.
1736 386 1810 444 IN
1850 384 2110 446 LUCAM.
2147 424 2215 434 ——
2245 394 2402 451 CAP.
2443 397 2494 450 Ι.
3473 399 3579 455 878

283 537 386 586 Kal
427 535 596 585 ἔθεντο
643 561 708 572 -
779 531 964 583 αὐτῶν.
1031 526 1246 583 Ἓϐαλον
1302 533 1483 590 ταῦτα,
1545 524 1611 581 ὡς
1667 517 1817 582 ἄξιά·-

1996 517 2155 573 Vers.
2188 523 2276 575 66.
2345 521 2420 576 Et
2462 526 2762 592 posuerunt
2789 551 2859 563 —
2920 537 3018 579 suo
3072 524 3401 580 Posuerunt
3428 525 3578 590 haec,

201 623 359 693 λογα.

1965 620 2216 679 inquam
2243 610 2619 667 admiranda.

1996 695 2157 750 Vers.
2190 695 2273 753 66.
2313 698 2562 754 Dicentes
2591 731 2658 741 —-
2696 701 2850 758 erit?
2887 701 3153 758 Dicentes
3183 698 3579 760 dubltantium

1928 798 2113 849 more,
2136 791 2240 841 aut
2276 788 2629 857 cogitantes.

1997 879 2202 942 Operae
2234 876 2487 945 pretium
2514 881 2606 933 est
2623 883 2822 934 autem
2853 894 3133 951 quaerere,
3166 894 3357 953 quare
3384 879 3582 937 ablata

1927 976 2043 1017 non
2074 969 2161 1017 est
2197 978 2233 1019 a
2259 965 2537 1021 Zacharla
2565 966 2817 1038 loquelae
2848 968 3133 1038 carentia,
3154 968 3403 1040 quando
3436 985 3585 1041 puer

1929 1057 2104 1106 natus
2126 1057 2234 1116 est,
2270 1053 2372 1107 sed
2399 1046 2596 1126 potius
2620 1056 2868 1127 quando
2886 1071 3107 1112 nomen
3133 1057 3403 1129 aceepit"
3441 1057 3584 1112 Dici-

1930 1155 2063 1194 mus
2084 1141 2245 1212 quod
2274 1147 2517 1213 propter
2529 1143 2722 1214 angeli
2740 1144 3081 1201 vaticinium
3106 1145 3368 1203 :diXerat
3390 1147 3577 1202 enim:

1928 1229 2005 1282 Et
2033 1246 2146 1284 ecce
2168 1231 2279 1284 eri:
2304 1238 2500 1297 mutus,
2533 1249 2625 1287 nec
2665 1233 2813 1305 loqui
2858 1235 3075 1305 poteris,
3136 1250 3298 1307 usque
3318 1235 3383 1290 ab
3421 1235 3584 1302 diem,

1932 1336 2039 1391 quo
2064 1318 2181 1376 hwc
2209 1320 2333 1376 ﬁent
2365 1322 2431 1374 ιο.
2468 1321 2768 1393 Siquidem
2793 1322 2999 1378 dicens
3036 1324 3187 1389 Haec,
3221 1323 3343 1380 duo
3384 1324 3588 1399 utique

1933 1408 2353 1475 manifestavit,
2387 1408 2745 1466 nativitatem
2780 1410 3052 1467 videlicet
3082 1424 3153 1468 ac
3194 1412 3456 1469 nominis
3480 1413 3590 1469 im-

1933 1497 2315 1570 positionem,
2342 1513 2458 1553 non
2489 1503 2688 1555 autem
2717 1500 2908 1556 solam
2925 1500 3295 1558 nativitatem
3321 1519 3333 1559 :
3364 1506 3427 1558 ut
3455 1518 3590 1558 con-

1933 1586 2231 1643 venientia
2258 1584 2321 1641 in
2342 1587 2581 1643 nomine
2605 1587 2673 1644 ﬂt
2700 1587 2879 1644 etiam
2910 1589 3288 1646 miraculum.

283 715 531 782 Αέγοντες
559 742 628 750 -
659 713 807 762 ἔσται
859 725 872 776 ;
924 713 1174 780 Λέγοντες
1227 704 1644 779 ἐπαπορητικῶς,
1671 698 1701 756 ἣ
1733 695 1817 748 λο-

200 800 501 872 γεζόμενοι.

281 890 460 952 Ἀξιον
502 884 561 940 δὲ
607 889 859 953 ζητῆσαι,
904 884 1047 940 διατί
1098 886 1192 938 οὐκ
1240 882 1469 939 ἀπελύθη
1514 887 1609 940 τῆς
1675 876 1815 948 ἀφω-

207 985 326 1039 via;
385 980 411 1031 ὁ
463 982 759 1052 Ζαχαρίας,
818 979 900 1029 ὅτε
956 981 1015 1029 τὸ
1070 971 1285 1028 παιδίον
1356 970 1623 1043 ἐγεννήθη,
1691 964 1820 1017 ἀλλὰ

213 1068 411 1141 μᾶλλον
459 1069 542 1119 ὅτε
572 1072 665 1125 τὴν
703 1066 890 1124 κλῆσιν
945 1072 1037 1118 τοῦ
1086 1064 1333 1136 ὀνόματος
1386 1057 1535 1113 ἔλαϐε
1587 1074 1602 1124 ;
1659 1058 1818 1125 Λέγοο

213 1177 310 1231 μεν
339 1154 398 1209 δὲ
423 1159 503 1208 ὅτι
544 1153 639 1209 διὰ
682 1160 776 1213 τὴν
816 1162 908 1207 τοῦ
954 1153 1173 1227 ἀγγέλου
1210 1151 1500 1226 πρόρῥησιν
1535 1190 1547 1202 .
1582 1146 1689 1200 εἶπε
1717 1147 1818 1217 γὰρ

216 1247 361 1318 αὐτῷ
391 1246 503 1317 (35)
548 1265 559 1277 ⁸
597 1242 736 1298 Ἰδοὺ
767 1247 859 1318 ἔση
895 1252 1124 1308 σιωπῶν,
1164 1246 1251 1295 καὶ
1306 1245 1377 1312 μὴ
1412 1236 1698 1301 δυνάμενος
1726 1233 1820 1286 λα-

213 1336 402 1399 λῆσαι,
427 1336 561 1409 ἄχρι
592 1334 651 1394 ἧς
675 1336 871 1407 ἡμέρας
914 1336 1130 1404 γένηται
1157 1336 1345 1387 ταῦτα.
1378 1328 1547 1382 Εἰπὼν
1589 1327 1710 1399 γὰρ,
1743 1325 1823 1376 ὅτι

216 1432 391 1477 ταῦτα
424 1426 493 1475 τὰ
522 1420 617 1475 δύο
647 1425 848 1482 παντως
886 1418 1168 1492 δεδήλωκε,
1219 1424 1312 1477 τήν
1358 1438 1413 1471 τε
1467 1420 1707 1489 γέννησιν
1732 1418 1823 1465 καὶ

216 1520 313 1574 τὴν
369 1514 557 1572 κλῆσιν
611 1521 700 1565 τοῦ
729 1512 995 1583 ὀνόματος,
1029 1509 1134 1562 ἀλλ’
1164 1510 1223 1561 οὐ
1253 1513 1413 1581 μόνην
1448 1511 1542 1565 τὴν
1564 1511 1821 1577 γέννησιν,

219 1609 307 1657 ἱνα
327 1609 419 1656 καὶ
456 1606 516 1656 τό
549 1604 724 1675 θαῦμα
777 1606 991 1673 γένηται
1020 1608 1111 1660 τῆς
1141 1598 1225 1652 ἐπὶ
1261 1606 1334 1669 τῷ
1368 1598 1580 1669 ὂνόματι
1607 1614 1822 1667 συμφω-

213 1699 355 1756 νὶας.

298 1823 400 1873 Καὶ
426 1823 547 1893 χεὶρ
578 1847 641 1856 -ι
674 1815 854 1867 αὐτοῦ.
886 1818 1129 1887 Δύναμις,
1157 1816 1316 1888 χάρις
1345 1818 1492 1867 Θεοῦ.
1858 1851 1904 1907 Β

302 1913 402 1961 Καὶ
432 1911 706 1981 Ζαχαρίας
767 1938 811 1945 -ο
854 1905 1030 1958 αὑτοῦ.
1094 1909 1218 1977 Περὶ
1272 1912 1368 1965 τῆς
1397 1902 1829 1974 ἐνανθρωπησεως

223 2006 319 2051 τοῦ
372 2003 606 2071 Χριστοῦ
656 2015 821 2047 ταυτα
874 2000 1243 2069 προεφήτευσε.
1330 1995 1423 2044 Διὰ
1477 1995 1672 2052 ταύτης
1728 1992 1828 2063 γὰρ

225 2086 556 2158 ἐπεσκέψατο
612 2090 701 2137 καὶ
742 2083 1068 2158 ἐλυτρωσατο
1113 2086 1198 2135 τὸν
1244 2081 1366 2133 λαὸν
1424 2080 1582 2132 αὐτοῦ
1631 2078 1685 2131 ἐκ
1741 2088 1831 2139 τῆς

224 2172 559 2248 τυραννίδος,
602 2173 660 2225 οὐ
704 2177 856 2245 μόνον
904 2181 1003 2225 τῶν
1057 2170 1288 2239 ἀοράτων
1328 2169 1541 2244 ἐχθρῶν,
1582 2167 1708 2220 ἀλλὰ
1741 2172 1832 2220 καὶ

230 2275 333 2317 τῶν
388 2266 603 2337 ὁρατῶν,
653 2264 717 2322 ὡς
746 2266 817 2334 μὴ
875 2258 1169 2332 δυναμένων
1200 2260 1557 2334 περιγενέσθαι
1587 2266 1683 2319 τῆς
1708 2255 1832 2309 πίσ-

2012 1809 2170 1864 Vers.
2204 1812 2291 1865 66.
2333 1811 2409 1864 Et
2446 1827 2639 1866 manus
2668 1841 2734 1851 —-
2765 1810 2880 1866 illo.
2907 1808 3105 1867 Virtus
3136 1826 3205 1868 ac
3231 1812 3423 1884 gratia
3454 1812 3581 1871 Dei.

2016 1898 2170 1952 Vers.
2226 1899 2310 1955 67.
2367 1899 2441 1953 Et
2497 1899 2796 1954 Zacharias
2833 1931 2903 1940 —
2944 1914 3082 1956 suae.
3132 1900 3252 1956 Hac
3282 1901 3356 1956 de
3385 1900 3595 1959 Christi

1940 1988 2341 2044 incarnatione
2385 1988 2737 2060 prophetat:
2766 2004 2872 2060 per
2928 1989 3082 2044 hanc
3115 1989 3274 2045 enim
3338 1989 3597 2046 visitavit

1940 2094 2010 2134 ae
2040 2076 2280 2133 redemit
2306 2076 2597 2149 populum
2618 2093 2820 2144 suum,
2848 2092 2968 2133 non
2996 2076 3192 2133 solum
3217 2095 3253 2133 a
3278 2077 3599 2150 tyrannide

1940 2162 2203 2218 hostium
2221 2161 2631 2230 invisibilium,
2656 2160 2760 2217 sed
2781 2162 2960 2218 etiam
2986 2160 3330 2231 visibilium,
3353 2168 3417 2219 ut
3440 2162 3600 2219 vide-

1942 2250 2263 2319 licet_ﬁdem
2280 2251 2407 2321 ejus
2426 2266 2707 2323 superare
2720 2266 2842 2306 non
2855 2249 3103 2322 possint.
3118 2249 3408 2323 Populum
3423 2268 3599 2307 suum

1947 2344 2183 2408 autem;
2253 2339 2447 2411 primo
2499 2338 2740 2412 quidem
2782 2344 3080 2405 veterem;
3140 2338 3237 2394 illo
3285 2356 3424 2397 vero
3479 2355 3603 2397 non

1948 2428 2244 2495 credente,
2277 2426 2667 2501 postmodum
2696 2444 2942 2485 novum.
2968 2426 3118 2483 Dicit
3146 2432 3340 2485 autem
3367 2445 3439 2486 ea
3463 2445 3603 2502 quae

1950 2515 2147 2573 futura
2173 2520 2330 2583 sunt,
2363 2520 2654 2589 tanquam
2675 2532 2747 2573 ea
2766 2532 2901 2589 quae
2928 2515 3087 2573 facta
3108 2522 3263 2588 sunt,
3278 2534 3442 2574 more
3468 2533 3604 2591 pro-

1952 2606 2186 2680 phetiaa.

236 2374 365 2415 τεως
404 2353 577 2405 αὐτοῦ.
605 2355 743 2405 Λαόν
772 2349 831 2403 δὲ
855 2351 1012 2403 αὐτοῦ
1054 2353 1450 2423 προηγουμένως
1482 2352 1593 2421 μὲν,
1620 2351 1708 2399 τὸν
1739 2367 1836 2399 πα⁸

243 2442 397 2494 λαιόν
438 2459 450 2470 ·
478 2439 664 2494 ἐκείνου
721 2437 779 2493 δὲ
825 2438 1205 2499 ἀπειθήσαντος
1257 2442 1343 2490 τὸν
1385 2441 1492 2489 νέον
1530 2437 1727 2489 λοιπὸν.
1755 2436 1838 2496 Ὠς

244 2535 552 2603 γεγενημένα
602 2527 661 2583 δὲ
716 2529 851 2601 λέγει
909 2530 973 2581 τὰ
1037 2532 1375 2601 γενησόμενα,
1437 2531 1577 2598 νόμῷ
1641 2544 1840 2600 προφη-

240 2626 400 2683 τείας.

312 2727 470 2781 Ἀλλὰ
501 2735 609 2789 πῶς
648 2726 850 2798 λέγεται
898 2728 1028 2787 Θεὸς
1080 2732 1173 2777 τοῦ
1220 2723 1435 2798 ’Ῑσραήλ
1478 2722 1590 2796 (36)
1630 2727 1782 2795 μόνον
1824 2740 1837 2789 ;

239 2819 348 2872 Καὶ
386 2820 488 2890 γὰρ
539 2816 597 2868 οὐ
630 2824 727 2866 τῶν
764 2814 1103 2889 Ἰσραηλιτῶν
1147 2818 1298 2886 μόνον
1356 2811 1467 2865 ἐστὶ
1519 2815 1664 2877 Θεὸς,
1714 2810 1843 2864 ἀλλὰ

239 2911 334 2959 καὶ
362 2906 571 2958 πάντων
601 2913 701 2956 τῶν
750 2903 1052 2977 ἀνθρώπων,
1081 2904 1145 2964 ὡς
1184 2904 1382 2955 πάντων
1417 2906 1668 2963 Ποιητής.
1699 2906 1844 2952 Διότι

2022 2751 2239 2804 Verum
2269 2748 2575 2820 quomodo
2613 2748 2824 2804 dicitur
2853 2747 3009 2803 Deus
3039 2748 3223 2805 solius
3242 2742 3437 2814 israel,
3467 2765 3607 2805 cum

1953 2852 2073 2894 non
2093 2841 2328 2894 tantum
2360 2837 2729 2894 lraelitarum
2758 2837 2913 2895 Deus
2949 2840 3044 2906 sit,
3104 2838 3211 2894 sed
3258 2842 3314 2894 et
3344 2839 3609 2895 omnium

1952 2927 2292 2993 hominum,
2347 2930 2546 2999 utpote
2571 2927 2846 2983 omnium
2878 2932 3109 2985 creator
3138 2927 3168 2983 ?
3191 2927 3343 2994 Quia
3373 2928 3612 2984 caetero-

1953 3030 2087 3072 rum
2112 3016 2359 3088 quidem
2385 3017 2658 3072 omnium
2707 3017 3026 3074 hominum
3076 3018 3227 3073 Deus
3259 3021 3401 3087 erat,
3461 3017 3612 3090 ipsis

788 3104 858 3185 ξε.
893 3104 1061 3185 Pi”?
1118 3104 1332 3185 εκονῖων
1365 3104 1473 3185 ξεατ
1521 3104 1842 3185 υεζξνγνωσξλ
1955 3106 2135 3161 etiam
2188 3104 2543 3160 nolentibus.
2604 3105 2879 3161 Solorum
2931 3116 3131 3162 autem
3188 3106 3609 3173 lsraelitorum,

241 3178 334 3232 Μὴ
365 3171 658 3246 θορυϐηθῇς
690 3170 748 3224 δὲ
782 3170 866 3223 ἐπὶ
905 3178 967 3243 τῇ
999 3166 1291 3244 δυσχερείᾳ
1318 3177 1419 3221 τῶν
1448 3176 1538 3221 τοῦ
1574 3171 1840 3240 Ζαχαρίου

256 3264 268 3272 ρ
366 3270 373 3272 μ
630 3268 645 3272 -.
806 3261 816 3272 ς
951 3262 960 3272 ι
1311 3260 1321 3272 ο
1399 3264 1438 3272 -ρ-
1610 3261 1617 3269 ι
1698 3258 1721 3272 Λ
1802 3251 1835 3272 ἢ·

1965 3192 2377 3256 ultroneorum,
2409 3197 2466 3249 et
2480 3208 2585 3264 per
2604 3194 3025 3264 cognitionem.
3060 3197 3141 3250 Ne
3166 3193 3388 3250 tuberis
3414 3200 3616 3251 autem

241 3264 420 3339 ῥητῶν
449 3281 462 3293 ο
498 3268 716 3314 τοιαῦτα
758 3261 859 3333 γὰρ
906 3262 975 3311 τα
1022 3260 1322 3333 προφητικά
1354 3278 1365 3289 ·
1399 3258 1761 3329 Πειρασόμεθα
1791 3251 1840 3306 δὲ

439 3356 448 3363 .
654 3357 670 3363 _
908 3350 918 3363 .
991 3352 1000 3363 .
1077 3346 1089 3363 υ
1457 3351 1465 3362 ,
1585 3348 1597 3361 .
1656 3353 1676 3362 -
1798 3351 1817 3359 η

1965 3285 2203 3353 propter
2256 3251 2710 3336 difficullatemv
2745 3294 2975 3348 eorum,
3030 3296 3165 3354 quae
3219 3298 3255 3339 a
3334 3283 3618 3339 Zacharia

249 3356 546 3425 σαφηνίσαι
574 3357 764 3419 ταῦτα,
795 3352 932 3401 κατὰ
944 3352 1039 3407 τὴν
1070 3352 1555 3423 ἐπιχορηγουμένην
1576 3352 1701 3418 ἡμῖν
1719 3352 1840 3417 γνῶ-

1965 3352 2239 3425 dieuntur
2278 3385 2292 3435 ;
2321 3380 2467 3425 nam
2486 3369 2836 3440 hL'jusmodi
2861 3374 3001 3427 sunt
3029 3352 3403 3442 prophetica;
3435 3375 3619 3428 tenta-

248 3460 357 3494 σιν.
1961 3459 2165 3515 bimus
2185 3462 2386 3515 tamen
2416 3472 2488 3515 ea
2510 3458 2684 3530 juxta
2717 3458 2924 3515 datam
2962 3458 3133 3516 nobis
3161 3458 3616 3531 intelligentiam

1965 3548 2307 3620 explanare.

2037 3637 2199 3693 Vers.
2229 3637 2317 3693 69.
2339 3638 2417 3692 Et
2443 3637 2626 3694 erexit
2644 3668 2715 3678 —
2741 3637 2911 3694 Vers-
2956 3638 3046 3695 70'.
3096 3646 3336 3694 suorum.
3366 3634 3472 3695 Per
3492 3654 3618 3694 cor-

1967 3740 2342 3799 nu,regnum
2361 3725 2459 3782 hic
2494 3714 2789 3800 intelligit
2820 3744 2834 3783 :
2860 3727 2997 3800 quia
3059 3732 3169 3800 per
3215 3740 3403 3784 cornu
3446 3742 3619 3799 reges

1968 3816 2414 3889 inungebantur
2440 3824 2509 3872 ac
2538 3815 3033 3887 designabantur.

2041 3909 2155 3964 Aut
2200 3905 2495 3977 signiﬁcat
2537 3907 2879 3978 potentiam.
2938 3910 3004 3962 In
3052 3922 3239 3963 cornu
3286 3908 3459 3964 enim‘
3501 3908 3624 3965 for-

1973 3997 2285 4055 titudinem
2301 3995 2528 4053 habent
2550 3998 2759 4052 attines
2786 3994 3120 4054 animantes
3148 4012 3373 4056 cornua
3415 4013 3621 4071 geren-

1970 4092 2076 4144 tes.

2047 4175 2243 4232 Cornu
2271 4188 2415 4231 vero
2429 4173 2793 4247 simpliciter,
2823 4175 2933 4231 sed
2952 4170 3317 4246 salutis,sive
3342 4176 3623 4233 salutare.

1976 4269 2249 4334 Regnum
2278 4268 2471 4321 autem
2490 4267 2548 4319 et
2591 4265 2922 4335 potentiam
2952 4260 3276 4322 salutarem
3307 4264 3450 4320 dicit
3468 4265 3631 4321 Chri-

266 4356 353 4404 τὸν
379 4354 633 4426 Χριστὸν,
667 4352 733 4410 ὡς
764 4348 988 4423 βασιλέα
1022 4358 1120 4402 τῶν
1175 4348 1556 4422 βασιλευόντων
1593 4355 1682 4402 καὶ
1713 4346 1840 4403 δύνα

1978 4359 2163 4423 stum,
2196 4356 2397 4424 utpote
2426 4368 2628 4422 regem
2654 4353 3062 4425 regnantium,
3085 4358 3141 4410 et
3166 4353 3495 4427 potentiam
3526 4369 3632 4426 pa-

266 4461 354 4514 μιν
394 4448 486 4494 τοῦ
549 4443 766 4514 Πατρός,
819 4444 909 4493 καὶ
972 4447 1189 4514 Σωτῆρα
1238 4448 1338 4491 τῶν
1398 4443 1747 4491 πιστευόντων
1804 4440 1840 4492 εἰ

1980 4443 2103 4511 tris,
2149 4456 2218 4498 ac
2250 4440 2621 4501 Salvatorem
2688 4442 2751 4498 in
2808 4456 2870 4499 se
2937 4442 3324 4499 credentium.
3374 4444 3631 4499 Domum

265 4530 441 4584 αὐτόν.
493 4530 650 4581 Οἶκον
696 4525 754 4582 δὲ
796 4533 900 4582 νόει
927 4531 986 4580 τὸ
1023 4533 1163 4601 γένος
1207 4536 1300 4580 τοῦ
1340 4524 1526 4581 Δαυίδ.
1582 4533 1746 4587 Φησὶν
1783 4525 1840 4582 οὖ

1980 4533 2159 4589 etiam
2187 4530 2472 4601 inlelligit,
2526 4530 2775 4588 domum
2820 4532 3025 4589 David.
3067 4532 3214 4589 Dicit
3252 4544 3411 4604 ergo,
3470 4533 3637 4605 quod

267 4622 351 4674 ὅτι
409 4617 691 4677 ἀνέστησεν
751 4620 875 4689 ἡμῖν
930 4626 1003 4688 τῷ
1077 4617 1205 4670 λαιῶ
1261 4618 1420 4671 αὐτοῦ
1507 4617 1781 4690 βασιλείαν
1836 4639 1840 4648 <

1980 4620 2229 4678 instituit
2256 4619 2432 4676 nobis
2450 4620 2678 4692 pepnlo
2726 4626 2836 4677 suo
2894 4636 3149 4693 regnum
3189 4626 3246 4679 et
3303 4622 3636 4695 potentiam

270 4706 497 4780 δύναμιν
551 4711 809 4780 σωτήριον
849 4706 904 4759 ἐκ
948 4710 1123 4777 γένους
1168 4703 1355 4775 Δαυῖδ,
1403 4715 1493 4760 τοῦ
1552 4705 1742 4761 δούλου
1781 4709 1840 4762 αὖ

1983 4710 2308 4767 salutarem
2330 4722 2361 4764 e
2387 4720 2601 4779 genere
2627 4710 2817 4766 David
2843 4710 2998 4767 servi
3029 4710 3141 4766 sui.
3168 4715 3213 4768 A
3231 4725 3445 4782 genere
3478 4712 3638 4768 enim

268 4804 388 4851 τοῦ.
446 4796 532 4850 Ἐκ
590 4800 883 4868 σπέρματος
932 4797 1035 4868 γὰρ
1089 4792 1257 4848 Δαυῖδ
1318 4792 1378 4856 ἦν
1417 4798 1447 4855 ἡ
1484 4799 1758 4871 Παρθένος,
1787 4797 1840 4871 ἀς

1982 4800 2164 4857 David
2194 4798 2599 4855 descendebat
2634 4798 2834 4870 Virgo,
2877 4814 2949 4856 ex
2998 4812 3118 4872 qua
3171 4801 3434 4858 Christus
3464 4807 3641 4858 natus

272 4884 340 4949 ἧς
392 4886 419 4937 ὁ
473 4889 703 4952 Χριστὸς
740 4890 1059 4957 γεγέννηται.
1123 4892 1289 4938 Τοῦτο
1338 4882 1398 4939 δὲ
1453 4892 1750 4954 πεποίηκεν,
1810 4892 1840 4941 ὡ

1984 4894 2091 4947 est.
2123 4889 2280 4947 Fecit
2309 4892 2515 4945 autem
2539 4887 2675 4953 hac,
2709 4888 2863 4945 sicut
2892 4889 3254 4961 promiserat
3276 4907 3385 4963 per
3409 4907 3477 4948 os
3502 4906 3645 4948 san-

272 4975 622 5047 ἐπηγγείλατο
666 4971 759 5026 διὰ
809 4978 1069 5047 στόματος
1110 4983 1210 5027 τῶν
1259 4974 1440 5047 ἁγίων,
1501 4973 1708 5036 δηλαδὴ
1774 4984 1840 5030 τῶ

1988 4984 2241 5044 ctorum,
2269 4976 2539 5034 videlicet
2566 4977 3014 5050 prophetarum,
3058 4978 3166 5051 qui
3200 4979 3343 5035 olim
3381 4979 3642 5037 fuerunt.

272 5063 500 5118 ἔκπαλαι
555 5064 852 5138 προφητῶν,
904 5065 977 5116 Δι’
1033 5063 1200 5116 αὐτῶν
1228 5065 1329 5137 γὰρ
1378 5064 1715 5138 ἐπηγγείλατο
1754 5065 1840 5118 ἀνα

1990 5070 2101 5124 Per
2122 5068 2289 5140 ipsos
2324 5065 2487 5123 enim
2516 5066 2873 5138 promiserat
2891 5081 3093 5137 regem
3119 5069 3485 5125 exoriturum
3543 5086 3650 5142 po-

1989 5161 2213 5214 tentem
2250 5157 2308 5213 in
2332 5155 2517 5213 domo
2547 5155 2755 5222 David,
2792 5155 3164 5213 Salvatorem
3191 5157 3388 5215 Israel.
3436 5159 3502 5215 Et
3532 5158 3648 5215 hoc

1992 5247 2210 5304 docent
2248 5244 2419 5303 multi
2457 5244 2677 5302 Psalmi
2714 5243 2931 5302 David.

238 3005 345 3048 τῶν
386 2998 476 3068 μὲν
514 2992 675 3045 αλλων
705 2996 906 3045 πάντων
951 2991 1230 3064 ἀνθρώπων
1283 2989 1507 3043 ἀκόντων
1548 2989 1661 3042 ἐστὶ
1714 2993 1843 3051 Θεὸς

240 3094 345 3138 τῶν
396 3082 733 3158 Ἰσραηλιτῶν
788 3078 847 3134 δε
893 3085 1061 3154 μόνων
1118 3080 1332 3134 ἑκόντων
1375 3080 1488 3132 κατ’
1518 3078 1842 3150 ἐπίγνωσιν.

332 3641 432 3692 Καὶ
459 3640 636 3711 ἤγειρε
670 3666 736 3676 -
759 3634 941 3689 αὐτοῦ.
982 3637 1051 3687 Τὸ
1081 3638 1231 3709 κέρας
1259 3632 1481 3687 ἐνταῦθα
1510 3633 1540 3691 ἣ
1584 3631 1856 3706 βασιλείαν

253 3723 435 3789 δηλοῖ,
469 3722 608 3778 ὸίοτι
638 3723 687 3777 ἐν
720 3728 899 3797 κέρατι
936 3726 987 3776 οἰ
1016 3721 1258 3797 βασιλεῖς
1307 3722 1546 3797 ἆχρίοντο
1592 3727 1684 3774 καὶ
1708 3740 1859 3798 προε-

254 3815 557 3888 χειρίζοντο
577 3863 583 3872 ,

331 3910 399 3958 Ἤ
442 3900 664 3976 δύναμιν
698 3908 941 3976 σημαίνει
973 3922 985 3934 ·
1040 3899 1178 3956 διότι
1207 3901 1255 3956 ἐν
1297 3907 1472 3977 κέρατι
1505 3908 1598 3962 τὴν
1639 3899 1861 3977 δύναμιν

256 3997 459 4066 ἔχουσι
482 3996 655 4048 πάντα
679 3996 745 4046 τὰ
772 3997 1072 4067 κερασφόρα
1097 3992 1227 4052 ζῶα.

335 4174 507 4245 Κέρας
546 4168 606 4225 δὲ
645 4171 751 4244 οὐχ
789 4171 977 4240 ἁπλῶς,
1038 4170 1166 4224 ἀλλὰ
1210 4176 1492 4245 σωτηρίας,
1543 4175 1704 4242 ἤγουν
1756 4191 1863 4224 σω-

263 4267 464 4337 τήριον,
518 4261 784 4315 Βασιλείαν
847 4258 906 4313 δὲ
965 4266 1057 4313 καὶ
1118 4258 1341 4333 δύναμιν
1400 4264 1680 4336 σωτήριον,
1731 4260 1867 4334 λέγει

277 5160 494 5212 στήσειν
540 5151 762 5225 βασιλέα
791 5149 1013 5205 δυνατὸν
1043 5156 1091 5205 ἐν
1131 5156 1256 5225 οἴκῳ
1307 5151 1495 5223 Δαυὶδ,
1526 5162 1742 5230 Σωτῆρα
1786 5163 1880 5208 τοῦ

276 5242 513 5316 Ἰσραήλ.
568 5247 669 5295 Καὶ
724 5249 875 5295 τοῦτο
929 5238 1258 5296 διδάσκουσι
1302 5243 1502 5317 ψαλμοὶ
1561 5244 1741 5298 πολλοὶ
1790 5253 1881 5298 τοῦ

209 5358 213 5361 τ
274 5328 469 5387 Δαυίδ.

355 5458 404 5493 ιο
428 5456 570 5512 Luc.
592 5471 632 5523 1,
649 5456 739 5511 20.

1507 5564 1732 5633 Variae
1756 5565 2088 5634 lectiones
2115 5576 2181 5633 et
2212 5576 2417 5633 notae.

376 5690 469 5761 35)
512 5695 613 5743 Kal
646 5686 789 5761 ἰδού.
834 5692 892 5744 Β.
1153 5760 1159 5761 7
1236 5760 1241 5761 γ
1636 5698 1667 5723 θ

376 5692 469 5761 35)
512 5695 613 5743 Καὶ
646 5692 789 5744 ἰδού.
834 5692 892 5744 Β.
1636 5698 1667 5723 θ

353 5692 475 5834 ἓ36)
504 5767 678 5815 Μόνου
706 5760 932 5817 B.ldem
969 5775 1112 5817 mox
1151 5760 1328 5817 habet
1347 5765 1536 5834 μόνων,
1559 5777 1670 5834 pro
1698 5782 1871 5835 μονον.
