4188 6432
601 341 706 396 879

675 466 837 522 Vers.

603 569 811 619 cornu,
841 553 1093 609 salutem
1113 559 1168 608 et
1186 553 1636 624 redemptionen
1661 550 1741 606 ab
1759 549 2013 605 inimicis
2040 547 2260 603 nostris

603 641 934 698 visibilibus
963 647 1018 698 et
1059 641 1469 698 invisibilibus.

675 732 836 785 Vers.
874 736 962 784 7'2.
985 731 1053 786 Ut
1076 731 1282 802 faceret
1311 761 1376 769 -
1401 730 1509 784 sui.
1530 728 1826 784 Faciendo
1858 724 2262 782 misericordia

606 834 744 874 cum
771 818 1046 891 patribus
1080 818 1314 881 nostris,
1340 819 1461 872 sive
1487 817 1831 872 miserando
1861 822 2100 888 patrum
2128 829 2262 869 nos-

607 920 856 972 trorum,
911 908 989 963 ad
1071 923 1226 980 quos
1277 907 1434 963 facta
1494 912 1581 962 est
1639 905 1956 976 promissio
2057 903 2262 958 salutis

608 1001 850 1062 nostras,
893 1001 949 1053 et
978 1013 1082 1069 per
1138 997 1269 1052 illos
1325 995 1609 1051 habendo
1631 995 1808 1064 hujus
1876 994 2254 1050 memoriam.

608 1090 1052 1144 Testamentum
1103 1087 1262 1142 enim
1318 1092 1495 1149 vocat,
1533 1084 2030 1156 promissionem:
2082 1081 2263 1152 hujus

609 1181 812 1232 autem
841 1176 1214 1245 memoriam,
1259 1175 1734 1231 terminationem
1769 1189 1839 1228 ac
1863 1172 2264 1244 complemen-

607 1273 754 1321 tum.

685 1355 842 1410 Vers.
875 1358 963 1412 73.
1004 1352 1396 1424 Jurisjurandi
1421 1382 1484 1392 -
1516 1359 1781 1407 nostrum.
1816 1352 1886 1408 Ut
1925 1351 2102 1406 etiam
2144 1365 2264 1405 me-

612 1461 745 1500 mor
775 1447 931 1498 esset
951 1443 1372 1515 jurisjurandi,
1392 1441 1557 1514 quod
1580 1442 1818 1512 juravit,
1848 1442 1961 1496 hoc
1990 1445 2096 1504 est,
2125 1455 2263 1495 con-

609 1533 978 1596 tirmationis,
1009 1548 1194 1604 quam
1209 1529 1583 1587 confirmavit
1604 1530 1684 1585 ad
1710 1530 2012 1586 Abraham
2037 1534 2260 1600 patrem

611 1628 877 1677 nostrum
915 1643 928 1676 :
955 1621 1379 1692 jusjurandum
1411 1620 1569 1675 enim
1590 1619 1710 1680 Dei,
1739 1617 2116 1674 contirmatio
2153 1623 2258 1672 est.

609 1709 1015 1766 lndiﬂ‘crenter
1037 1715 1238 1765 autem
1280 1708 1525 1764 verbum
1574 1710 1873 1780 μνησθῆναι
1903 1724 1938 1762 a
1999 1707 2261 1777 genitivo

1955 329 2307 390 EUTHYMII
2347 329 2506 386 ZIGA
2520 331 2678 390 BENI

912 469 998 519 71.
1057 464 1298 520 Salutem
1358 494 1425 503 —
1490 479 1589 519 nos
1630 461 1822 517 Erexit
1887 465 2085 518 autem
2143 458 2257 514 hoc
2290 455 2334 507 A

3869 331 3978 385 880

2441 463 2773 531 Σωτηρίαν-
2825 461 2981 530 ἡμᾶς.
3041 465 3247 531 Ἴίγειρε
3287 454 3346 509 δὲ
3385 456 3497 527 (3?)
3545 462 3602 508 τὸ
3631 461 3782 529 κέρας
3823 464 3976 508 τοῦτο

2372 553 2634 621 σωτηρίαν
2674 549 2798 620 ἡμῖν
2857 549 2966 618 (38)
3020 552 3110 600 καὶ
3161 547 3419 620 λύτρωσιν
3449 545 3503 609 ἐξ
3551 546 3757 620 ἐχθρῶν
3806 548 3974 618 ἡμῶν,

2378 639 2611 708 ἀοράτων
2641 642 2730 688 καὶ
2761 638 2978 710 ὁρατῶν.

2445 733 2671 784 "etiam
2703 757 2768 765 —
2797 726 2975 780 αύτού.
3024 726 3102 778 Ἐν
3143 734 3213 795 τῷ
3259 734 3483 784 ποιῆσαι
3528 725 3662 788 ἔλεος
3713 728 3845 797 μετὰ
3875 732 3976 777 τῶν

2373 820 2602 886 πατέρων
2661 817 2825 886 ἡμῶν,
2867 818 3024 885 ἤγουν
3091 818 3138 866 ὲν
3179 823 3249 866 τῶ
3310 814 3518 874 ἐλεῆσαι
3575 823 3694 876 τοῦς
3745 819 3975 887 πατέρας

2372 907 2536 976 ἡμῶν,
2591 908 2714 976 πρὸς
2773 904 2860 964 ούς
2911 907 2939 961 η
3001 902 3279 974 ἐπαγγελία
3333 913 3426 965 τῆς
3493 908 3756 976 σωτηρίας
3803 906 3972 975 ἡμῶν,

2371 998 2461 1045 καὶ
2507 990 2580 1044 δι’
2628 992 2848 1052 ἐκείνους
2870 995 3166 1063 μνησθῆναι
3200 997 3409 1053 ταύτης.
3467 995 3731 1051 Διαθηκην
3757 997 3858 1066 γὰρ
3890 992 3974 1044 λέο

2371 1101 2450 1154 γει
2509 1087 2601 1140 τὴν
2661 1081 2983 1152 ἐπαγγελίαν,
3036 1087 3245 1154 μνήμην
3295 1079 3354 1134 δε
3395 1083 3573 1154 αύτῇς,
3606 1087 3699 1140 τὴν
3742 1085 3976 1155 περάτω-

2375 1190 2476 1226 σιν.

2445 1357 2634 1423 Ὅρκον
2681 1382 2723 1390 —
2782 1353 2944 1422 ἡμῶν.
3005 1355 3102 1402 Καὶ
3157 1348 3205 1400 ἐν
3249 1358 3322 1419 τῷ
3352 1351 3652 1420 μνησθῆναι
3681 1353 3768 1402 τὸν
3799 1351 3971 1422 ὅρκον,

2371 1442 2426 1491 ὃν
2483 1439 2819 1510 ὦμοσε(39),
2856 1441 3109 1510 [τουτέστι
3154 1443 3248 1495 τὴν
3301 1436 3609 1510 βεϐαίωσιν,
3665 1438 3725 1496 ἣν
3780 1437 3976 1490 ἐϐεϐαί-

2371 1526 2522 1599 ωσε]
2565 1532 2693 1600 πρὸς
2723 1527 2959 1600 Ἀϐρααμ
3007 1532 3093 1579 τὸν
3132 1531 3332 1600 πατέρα
3381 1529 3526 1598 ἡμῶν
3582 1547 3593 1558 ’
3655 1529 3806 1601 ὅρκος
3867 1530 3973 1601 γὰρ

2371 1617 2618 1670 irrit-)va
2675 1624 2760 1668 και
2820 1621 3046 1688 ὅμοσμα,
3104 1618 3132 1673 η
3187 1614 3492 1687 βεϐαίωσις.
3545 1613 3873 1690 Ἀδιαφόρως
3911 1612 3974 1668 δε

2370 1710 2426 1760 τὸ
2466 1709 2784 1778 μνησθῆναι,
2846 1705 2945 1758 ἀπὸ
2975 1714 3182 1777 γενικῆς
3239 1705 3310 1766 εἰς
3357 1705 3645 1762 αἰτιατικὴν
3686 1747 3698 1758 .
3746 1705 3970 1764 σύνηθες

609 1800 821 1854 transit
849 1799 926 1854 ad
940 1797 1349 1855 accusativum
1378 1796 1468 1852 :id
1483 1798 1642 1853 enim
1666 1797 2004 1869 frequenter
2033 1797 2090 1850 in
2124 1796 2258 1851 scri-

2371 1800 2469 1870 γὰρ
2497 1805 2646 1848 τούτο
2694 1803 2797 1855 τοῖς
2828 1802 3186 1867 προφητικοῐς,
3245 1796 3410 1868 ὡσπερ
3440 1799 3526 1844 καὶ
3557 1796 3583 1850 ἡ
3623 1793 3734 1863 (40)
3777 1796 3960 1864 γριφό-

610 1889 798 1960 pturis
821 1888 1052 1954 accidit,
1094 1887 1470 1959 propheticis,
1513 1888 1664 1942 sicut
1694 1886 1831 1942 etin
1872 1885 2262 1953 aenigmaticis

609 1983 666 2032 et
689 1977 920 2048 figuris,
963 1977 1263 2049 (idemque
1316 1975 1381 2032 ﬁt
1409 1975 1574 2048 apud
1621 1976 1851 2031 Latinos
1905 1975 1966 2030 in
2014 1975 2265 2046 Vulgata

610 2066 1014 2130 translatione,
1045 2082 1179 2120 cum
1200 2065 1394 2137 primo
1412 2065 1628 2121 dicitur
1659 2066 1990 2121 testamenti
2021 2070 2075 2120 et
2100 2068 2263 2136 post-

609 2156 854 2210 modum
884 2154 1363 2226 jusjurandum).
1387 2153 1611 2209 Deinde
1641 2153 1800 2219 dicit,
1819 2154 1894 2208 ad
1922 2153 2061 2224 quid
2089 2152 2263 2208 fuerit

607 2244 721 2300 hoc
749 2249 1170 2299 testamentum
1197 2249 1253 2298 et
1283 2242 1678 2298 conﬁrmatio.

681 2333 843 2389 Vers.
879 2337 966 2390 73.
1002 2333 1075 2389 Ut
1094 2333 1248 2388 daret
1287 2363 1355 2374 —
1395 2332 1556 2388 Vers.
1599 2333 1652 2388 5.
1712 2339 1930 2386 nostra.
1988 2331 2096 2386 Per
2160 2331 2261 2402 hy-

611 2425 898 2495 perbaton
929 2429 1015 2478 est
1044 2422 1257 2477 horum
1287 2422 1585 2478 ordinatio
1618 2422 1952 2477 verborum.
2007 2420 2258 2475 Primum

607 2517 810 2568 autem
841 2511 1163 2567 dicendum
1217 2517 1335 2566 est:
1370 2513 1436 2566 Ut
1484 2510 1655 2566 daret
1692 2510 1863 2564 nobis
1920 2510 2080 2581 quod
2136 2513 2261 2564 sine

607 2601 819 2656 timore
848 2598 1296 2664 serviamusilli,
1323 2599 1380 2653 in
1404 2598 1714 2653 sanctitate
1741 2598 2033 2668 etjustitia
2056 2614 2259 2659 coram

605 2689 739 2757 ipso
761 2688 1047 2745 omnibus
1084 2687 1298 2742 diebus
1318 2686 1450 2742 vitae
1471 2691 1706 2742 nostrae.
1741 2686 1981 2753 Deinde,
2013 2687 2172 2758 quod
2201 2688 2260 2744 in

609 2779 808 2834 medio
836 2776 1122 2833 remansit
1163 2791 1174 2828 2
1209 2775 1288 2829 De
1325 2792 1489 2830 manu
1546 2776 1904 2829 inimicorum
1952 2783 2258 2832 nostrorum

2371 1906 2432 1943 τη
2448 1905 2484 1946 ς.
2519 1882 2642 1936 Εἶτα
2671 1884 2827 1954 λέγει,
2855 1888 2994 1944 τίνος
3021 1885 3183 1957 χάριν
3213 1884 3241 1940 ἡ
3273 1885 3474 1939 τοιαύτη
3533 1878 3762 1938 διαθήκη
3809 1885 3899 1932 καὶ
3920 1881 3950 1936 ἡ

2377 1974 2637 2048 βεϐαἱωσι
2653 1995 2686 2033 ς.

2441 2073 2544 2117 Τού
2631 2060 2816 2115 δούται
2885 2094 2948 2102 -
3004 2065 3146 2134 ἡμῶν
3180 2060 3668 2136 Καθ’ύπερϐατὸνὴ
3727 2059 3968 2121 σύνταξις

2371 2156 2400 2213 ἠ
2430 2164 2527 2207 τῶν
2556 2154 2724 2226 ῥητῶν
2756 2155 2967 2221 τούτων,
3003 2150 3124 2213 οἷον,
3151 2151 3299 2224 ’Υπερ
3332 2159 3423 2202 τού
3455 2146 3649 2218 ,δούναι
3679 2150 3806 2221 ἡμῖν
3849 2147 3971 2219 ἀφό-

2371 2243 2471 2306 ϐως
2504 2244 2759 2315 λατρεύειν
2791 2242 2929 2310 αύτῴ
2959 2240 3005 2292 ἐν
3033 2243 3268 2298 ὁσιότητι
3294 2245 3382 2292 καὶ
3416 2236 3727 2309 δικαιοσύνη
3758 2237 3971 2290 ἐνώπιον

2371 2334 2549 2390 αὐτού,
2584 2335 2756 2391 πάσας
2789 2334 2874 2390 τὰς
2906 2333 3099 2402 ἡμέρας
3127 2339 3220 2391 τῆς
3252 2333 3384 2392 ζωῆς
3427 2331 3592 2401 ήμὼνο
3648 2326 3776 2382 Εἶτα
3812 2330 3869 2378 τὸ
3921 2326 3973 2378 ἐν

2371 2430 2512 2497 μέσῳ
2540 2441 2550 2450 ·
2586 2424 2658 2476 Er.
2687 2424 2863 2494 χειρὸς
2903 2428 3002 2470 τῶν
3034 2418 3237 2490 ἐχθρῶν
3270 2421 3416 2490 ἡμῶν
3452 2419 3763 2492 ῥυσθέντας.
3795 2417 3973 2468 Ὀσιὸο

2370 2531 2503 2569 τητα
2531 2515 2620 2582 μὲν
2649 2506 2735 2561 οὖν
2766 2509 2898 2580 λέγει
2936 2513 3025 2566 τὴν
3050 2507 3332 2577 εύσέϐειαν,
3385 2503 3733 2564 δικαιοσύνην
3777 2502 3836 2558 δὲ
3874 2511 3972 2562 τὸν

2369 2600 2663 2656 τιλειότητα
2692 2607 2790 2650 τῶν
2840 2598 3002 2650 ἄλλων
3034 2597 3245 2670 ἀρετῶν.
3280 2597 3504 2652 Ἔπειτα
3562 2594 3860 2667 μεταϐαίνει
3897 2603 3964 2668 τῇ

2369 2695 2657 2764 προρητεὶᾳ
2685 2693 2774 2739 καὶ
2832 2691 2960 2760 πρὸς
3018 2691 3102 2738 τὸν
3156 2687 3342 2739 ἑαυτοῦ
3381 2681 3554 2738 παῖδα
3593 2686 3854 2753 Ἰωάννην,
3881 2690 3972 2736 καὶ

2371 2798 2519 2852 φησι.

606 2868 860 2924 liberati.
884 2864 1266 2922 Sanctitatem
1285 2865 1483 2936 itaque
1505 2869 1696 2930 vocat,
1715 2863 1936 2920 cultum
1950 2863 2249 2934 divinum;
2273 2869 2563 2940 justitiam
2590 2884 2746 2932 vero,
2770 2866 3132 2938 reliquarum
3174 2864 3597 2936 perfectionem
3659 2863 3959 2926 virtutum,

605 2957 822 3014 Deinde
847 2957 909 3011 in
937 2955 1217 3010 vaticinio
1241 2956 1312 3010 ad
1335 2954 1524 3010 ﬁlium
1553 2971 1797 3027 quoque
1824 2972 2002 3012 suum
2039 2958 2332 3014 Joannem
2363 2957 2713 3026 digreditur,
2742 2961 2794 3011 ct
2822 2955 2932 3010 ait:

677 3047 840 3101 Vers.
869 3048 959 3100 76.
989 3045 1063 3100 Et
1093 3051 1153 3100 tu
1191 3075 1260 3085 —
1284 3043 1572 3100 vocaberis.
1602 3047 1668 3101 Et
1717 3059 1853 3100 vere
1888 3060 2100 3102 omnes
2119 3062 2255 3119 pro-

603 3137 848 3209 phetam
865 3149 1004 3190 eum
1031 3133 1446 3190 nominabant.

674 3227 843 3280 Vers.
870 3229 962 3280 76.
993 3224 1229 3278 Prm'bis
1257 3253 1326 3266 -—
1364 3224 1499 3293 eius.
1542 3223 1862 3280 Dominum
1927 3224 2023 3280 hic
2095 3224 2254 3281 Chri-
2292 3232 2333 3289 C

604 3320 761 3372 stum
789 3313 1071 3386 appellat,
1109 3327 1292 3385 quem
1334 3312 1674 3384 praecedens
1729 3314 2010 3379 Joannes,
2051 3320 2254 3386 utpote

602 3419 935 3478 praecursor
959 3419 1030 3460 ac
1054 3418 1252 3476 praeco
1279 3403 1430 3473 ejus,
1458 3404 1704 3475 quando
1722 3403 1802 3460 ad
1831 3403 2134 3461 desertum
2160 3421 2255 3460 ve-

601 3494 686 3549 nit
722 3493 962 3559 Judaaae,
996 3493 1230 3565 paravit
1251 3492 1380 3548 vias
1397 3493 1546 3562 ejus.

671 3580 815 3644 Quas
869 3583 1071 3634 autem
1117 3577 1236 3632 sint
1259 3576 1370 3631 vias
1441 3577 1591 3647 ejus,
1636 3576 1898 3633 diximus
1942 3579 2110 3635 tertio
2159 3594 2250 3634 ca-

601 3667 720 3739 pite
764 3666 1072 3735 Evangelii
1127 3665 1456 3720 secundum
1498 3665 1855 3732 Matthasum,
1907 3666 2011 3721 ubi
2070 3666 2254 3723 habe-

599 3759 734 3810 tur:
775 3755 892 3808 Vox
917 3753 1203 3808 clamantis
1252 3754 1314 3806 in
1351 3753 1557 3807 deserto
1590 3769 1602 3807 :
1633 3753 1832 3808 Parata
1882 3755 2034 3811 viam
2085 3756 2252 3810 domi-

599 3844 663 3898 ni
692 3844 762 3895 ¹¹.

671 3933 835 3988 Vers.
877 3931 966 3986 77.
1014 3930 1092 3986 Ad
1141 3930 1380 3985 dandam
1430 3961 1499 3970 —
1540 3931 1681 4002 ejus.
1727 3931 1992 4002 Prmibis,
2035 3931 2248 4006 inquit,

599 4026 734 4078 ante
773 4019 987 4076 faciem
1015 4018 1251 4074 Domini
1278 4025 1578 4087 etcaatera,
1603 4024 1668 4076 ut
1687 4019 2034 4093 despopulo
2063 4021 2250 4095 ipsius

597 4110 998 4181 cognitionem
1030 4108 1261 4174 salutis,
1293 4108 1408 4165 hoc
1449 4114 1552 4177 est,
1606 4110 1684 4166 ad
1746 4109 2134 4168 indicandum
2178 4127 2250 4168 ac

595 4197 1138 4256 demonstrandum
1161 4198 1378 4254 Judmis
1397 4199 1692 4256 Christum
1727 4215 1741 4266 ;
1768 4199 1864 4256 hic
1893 4200 2054 4258 enim
2084 4201 2248 4258 salus

593 4290 865 4363 ipsorum
893 4293 998 4346 est.

669 4380 832 4437 Vers.
877 4381 964 4434 77.
1016 4381 1132 4434 Per
1203 4380 1567 4435 remissionem
1619 4411 1689 4421 —
1750 4397 1954 4436 eorum.
2008 4380 2245 4438 Salutis.

593 4469 867 4542 inquam,
911 4484 1048 4542 quin
1106 4473 1194 4524 est
1245 4484 1352 4541 per
1401 4469 1819 4526 remissionem
1872 4476 2248 4541 peccatorum

2443 3053 2541 3100 Καὶ
2587 3050 2650 3097 σύ
2695 3077 2755 3085 --
2809 3044 3072 3116 κληθήσῃ.
3129 3048 3228 3096 Καὶ
3273 3047 3426 3104 ὄντως
3464 3045 3648 3103 πάντες
3697 3047 3956 3118 προφήτην

2368 3137 2522 3189 αὑτὸν
2550 3135 2835 3207 ὠνόμαζον.

2439 3228 2776 3300 Προπορεύσῃ
2811 3255 2877 3262 —
2900 3223 3083 3274 αύτού.
3121 3225 3308 3296 Κύριον
3340 3221 3579 3287 ἐνταῦθα,
3615 3225 3703 3274 τὸν
3735 3224 3967 3293 Χριστὸν

2365 3315 2625 3387 ὀνομάζει,
2665 3313 2725 3365 οὗ
2756 3317 3060 3386 προτρέχων
3093 3315 3116 3363 ὁ
3151 3312 3406 3379 Ἰωάννης,
3437 3314 3504 3373 ὡς
3531 3310 3691 3362 αὐτοῦ
3743 3307 3970 3386 πρόδροο

2361 3424 2458 3478 μος
2486 3411 2574 3456 καὶ
2603 3403 2788 3474 κῆρυξ,
2841 3404 2923 3454 ὅτε
2952 3406 3258 3475 παρεγένετο
3289 3401 3343 3454 εκ
3376 3408 3438 3472 τῇ
3490 3399 3665 3476 ἐρήμῳ
3704 3408 3796 3462 τῆς
3839 3401 3967 3453 Ἰου-

2364 3491 2538 3559 δαίας,
2571 3493 2827 3564 ἡτοίμαζε
2850 3494 2940 3552 τὰς
2969 3488 3125 3552 ὁδούς
3157 3491 3339 3556 αὑτοῦ,

2431 3588 2570 3643 Τίνες
2630 3579 2688 3634 δε
2732 3586 2786 3632 αἱ
2838 3577 2958 3632 ὁδοὶ
3007 3581 3188 3642 αὑτοῦ,
3248 3577 3523 3654 εἰρήϐαμεν
3575 3578 3623 3630 ἐν
3677 3587 3749 3648 τῷ
3801 3584 3967 3652 τρίτῳ

2359 3671 2619 3742 κεφαλαίῳ
2652 3670 2742 3722 τοῦ
2771 3671 2907 3721 κατὰ
2934 3671 3220 3733 Ματθαῖον,
3264 3671 3384 3721 ἔνθα
3407 3676 3572 3721 κεῖται
3622 3672 3679 3719 τὸ
3731 3711 3743 3723 .
3811 3675 3965 3728 Φωνὴ

2361 3758 2589 3832 βοῶντος
2645 3759 2692 3810 ἐν
2734 3767 2794 3830 τῇ
2867 3759 3062 3830 ἐρήμῳ,
3125 3758 3467 3830 Ἑτοιμάσατε
3523 3761 3612 3814 τὴν
3671 3752 3794 3807 ὁδὸν
3848 3759 3968 3812 Κυ-

2357 3852 2494 3922 ρίου.

2430 3944 2533 3989 Τοῦ
2565 3933 2748 3989 δοῦναι
2780 3968 2844 3976 -
2875 3937 3054 3989 αὐτοῦ.
3079 3937 3472 4010 ’Προπορεύση.
3508 3937 3764 4007 φησὶ,πρό
3795 3953 3968 4007 προσ-

2359 4032 2500 4079 ώπου
2559 4031 2772 4100 Κυρίου,
2809 4026 2898 4077 καὶ
2935 4028 3001 4077 τὰ
3031 4022 3168 4090 ἐξῆς,
3201 4027 3329 4099 ύπερ
3380 4033 3470 4077 τοῦ
3525 4021 3708 4076 δοῦναι
3743 4033 3814 4095 τῷ
3849 4024 3967 4096 λαῷ

2359 4116 2518 4168 αὐτου
2543 4124 2737 4185 γνῶσιν
2771 4119 3053 4187 σωτηρίας,
3096 4119 3382 4179 τουτέστιν,
3437 4116 3562 4186 ύπὶρ
3590 4121 3682 4166 τοῦ
3706 4119 3970 4189 γνωρίσαι

2357 4209 2448 4256 καὶ
2469 4201 2743 4266 ὑποδεῖξαι
2772 4211 2881 4266 τοῖς
2909 4200 3189 4264 Ἰουδαίοις
3229 4207 3318 4256 τὸν
3357 4208 3588 4278 Χριστόν
3613 4220 3625 4232 ·
3660 4203 3810 4266 οὗτος
3854 4207 3968 4277 γάρ

2357 4292 2469 4344 έστι
2498 4298 2734 4367 σωτηρία
2770 4293 2958 4348 αὐτῶν.

2428 4380 2516 4436 Ἐν
2562 4381 2739 4453 ἀφέσει
2784 4413 2849 4422 —-
2880 4381 3067 4435 αὐτῶν.
3121 4386 3382 4456 Σωτηρίας
3440 4377 3499 4434 δε
3537 4391 3630 4444 τῆς
3683 4380 3731 4433 ἐν
3781 4381 3969 4454 ἀφέσει

2357 4471 2626 4544 ἁμαρτιῶν
2649 4471 2840 4537 αὐτῶν,
2863 4476 3024 4542 ἤγουν
3054 4480 3144 4532 τῆς
3169 4475 3437 4544 γινομένης
3493 4469 3540 4523 ἓν
3589 4480 3660 4541 τῷ
3710 4470 3967 4543 ἀφεθῆναι

593 4573 822 4622 eorum,
839 4558 982 4623 sive,
1015 4573 1152 4629 quin
1181 4557 1246 4611 ﬁt
1270 4573 1407 4612 cum
1433 4557 1813 4614 remittuntur
1839 4575 1910 4614 ac
1941 4559 2251 4616 solvuntur

2366 4566 2446 4612 mi
2479 4559 2697 4618 λυθῆναι
2729 4562 2818 4620 τὰς
2847 4561 3106 4635 ἁμαρτίας
3129 4560 3319 4614 αὐτῶν.
3351 4561 3504 4612 Οὕτω
3519 4563 3620 4634 γὰρ
3642 4566 3732 4612 καὶ
3752 4562 3777 4612 ὁ
3808 4563 3968 4634 ἄγγε-

594 4646 706 4701 ἱιιιε
739 4651 985 4717 peccata
1015 4662 1143 4702 sua.
1215 4647 1304 4702 Sic
1333 4647 1494 4702 enim
1547 4654 1605 4703 et
1631 4647 1881 4719 angelus
1930 4649 2000 4704 ad
2029 4650 2248 4722 Joseph

592 4733 826 4789 locutus
889 4739 996 4790 est.
1077 4735 1472 4806 interpretans
1541 4751 1763 4793 nomen
1830 4737 2084 4794 Christi:
2130 4740 2250 4809 Ipse

593 4822 774 4886 enim,
804 4821 1018 4894 inquit,
1047 4823 1253 4878 salvum
1280 4824 1444 4894 faciet
1466 4826 1730 4895 populum
1757 4842 1913 4881 suum
1962 4843 1997 4881 a
2019 4827 2248 4898 peccatis

591 4926 779 4967 eorum
818 4911 886 4964 ¹².

665 5000 932 5055 Vers.78.
969 5001 1090 5057 Per
1110 5002 1331 5058 viscera
1360 5033 1429 5042 —
1467 5003 1672 5059 nostri.
1705 5002 1815 5060 Per
1840 5004 2248 5062 remissionem

666 5178 710 5215 ¹¹
741 5177 940 5236 Matth.
975 5194 1052 5246 ιιι,
1075 5183 1159 5234 11.
1240 5180 1286 5216 η
1318 5179 1518 5236 Matth.
1539 5196 1617 5247 ιν,
1643 5182 1733 5236 2t.

2358 4648 2445 4710 λος
2467 4648 2575 4702 εἶπε
2600 4653 2724 4723 πρὸς
2749 4653 2836 4702 τὸν
2865 4650 3080 4722 Ἰωσὴφ,
3113 4650 3400 4723 ἑρμηνεύων
3428 4653 3486 4701 τό
3509 4651 3772 4721 ὄνοματού
3797 4658 3970 4724 Χρισ-

2357 4746 2469 4791 τοῡι
2506 4739 2670 4800 Αὐτὸς
2694 4742 2819 4811 γὰρ,
2863 4745 3012 4811 φησι,
3050 4745 3210 4792 σώσει
3264 4744 3350 4791 τὸν
3390 4738 3512 4790 λαὸν
3541 4738 3702 4791 αὐτοῦ
3728 4738 3831 4792 ἀπὸ
3858 4749 3968 4792 τῶν

2357 4827 2624 4902 ἁμαρτιῶν
2656 4828 2844 4883 αὐτῶν.

2431 5009 2526 5059 Διά
2582 5005 2869 5079 σπλάγχνα
2940 5035 3008 5048 --
3056 5007 3224 5078 ἡμῶν.
3296 5006 3378 5060 Ἐν
3439 5008 3618 5079 ἀφέσει
3680 5003 3740 5060 δε
3795 5007 3971 5083 ἁμαρ-

1841 5362 2066 5429 Varia:
2091 5363 2419 5430 lectiones
2465 5374 2531 5430 et
2577 5372 2776 5431 notae.

681 5552 770 5622 37)
798 5556 858 5605 Δέ
888 5554 1056 5610 abest
1087 5556 1152 5609 A.

683 5627 771 5696 38)
800 5625 950 5697 Ἠμίν
989 5627 1196 5697 ἀθεεὶ.
1222 5627 1281 5678 Β.

681 5699 770 5767 39)
794 5696 931 5761 Quae
969 5697 1063 5752 hic
1087 5696 1318 5753 inclusa
1343 5699 1500 5765 sunt,
1533 5697 1880 5754 addidimus
1907 5715 1981 5756 ex
2020 5700 2154 5756 cod.
2180 5702 2238 5754 Β.

2355 5558 2415 5612 In
2445 5558 2571 5614 cod.
2606 5561 2653 5612 A
2684 5573 2805 5614 non
2831 5556 3128 5626 leguntur.

2420 5630 2532 5702 (40)
2574 5629 2639 5685 Id
2677 5635 2786 5698 est,
2810 5632 2868 5681 τὸ
2895 5623 3309 5700 αἰνιγματῶδες.
