4188 6446
264 403 369 460 881

1358 390 1736 450 COMMENT.
1784 388 1854 443 IN
1891 387 2154 443 LUCAM.
2199 416 2261 427 -
2304 384 2467 442 CAP.
2514 385 2587 443 ll.

3539 380 3642 436 882

263 537 391 581 τιῶν
431 534 494 600 τῇ
547 522 641 578 διὰ
688 523 973 596 σπλάγχνα
1024 520 1190 582 ἐλέους
1235 525 1369 573 Θεοῦ
1419 519 1586 590 ἡμῶν,
1642 518 1760 573 ἤτοι
1807 520 1867 584 τῇ

1993 514 2386 581 peccatorum,
2419 525 2554 582 quin
2579 511 2674 564 est
2700 521 2807 580 per
2828 506 3062 563 viscera
3090 503 3510 562 misericordia:
3538 504 3638 559 Dei

267 614 524 689 διδομένη
556 611 651 668 διὰ
679 616 771 672 τὴν
805 611 1128 685 συμπάθειαν
1157 615 1249 661 τοῦ
1281 607 1444 668 ἐλέους
1470 605 1652 669 αὐτοῦ,
1694 606 1783 654 καὶ
1813 602 1872 653 ού

272 703 370 759 διὰ
392 708 455 758 τὰ
484 707 613 778 ἔργα
641 702 831 756 αὐτῶν.

348 795 428 847 Ἐν
475 791 552 855 οἷς
608 824 677 833 —
743 789 924 862 ὕψους.

266 880 346 937 δι’
402 886 437 936 ὰ
516 881 799 953 σπλάγχνα
854 878 1038 943 ἐλέους,
1096 874 1414 946 ἐπεσκέψατο
1483 875 1638 945 ἡμᾶς,
1708 872 1871 923 εἶτουν

263 973 604 1045 ἐπιφοίτησεν
655 968 870 1027 ἀνατολὴ
921 974 1012 1020 τοῦ
1041 972 1227 1024 νοητοῦ
1261 964 1431 1031 ἡλίου,
1463 961 1517 1025 ἐξ
1565 960 1728 1032 ὕψους
1778 965 1897 1022 τῆς,

265 1064 533 1122 θεότητος.
593 1063 747 1131 Λέγει
793 1054 852 1111 δι
907 1061 1001 1116 τὴν
1054 1057 1175 1109 ὅσον
1230 1056 1375 1106 οῦπω
1426 1050 1720 1124 ἐπιφάνειαν
1778 1053 1870 1099 τοῦ

260 1158 526 1227 Χριστοῦ.

338 1241 614 1313 Ἐπιφᾶναι
682 1268 753 1278 —-
828 1237 1154 1308 καθημένοις
1230 1230 1601 1301 Ἐπεσκέψατο,
1687 1231 1865 1300 φησὶν,

256 1332 408 1403 ἡμᾶς
460 1326 555 1381 διὰ
605 1329 663 1379 τὸ
716 1325 981 1397 ἐπιφᾶναι,
1035 1327 1323 1387 τουτέστιν,
1403 1317 1698 1390 ἐπιλάμψαι
1763 1322 1867 1387 φῶς

257 1418 508 1479 ἀληθείας
535 1423 645 1477 τοῖς
673 1413 721 1467 ἔν
776 1417 950 1467 σκότει
997 1421 1087 1473 τῆς
1135 1411 1334 1471 πλάνης
1375 1410 1706 1480 καθημένοις.
1740 1406 1868 1457 Σκιὰ

257 1506 327 1562 δι
359 1509 578 1560 θανάτου
629 1507 660 1563 ἡ
721 1504 978 1577 ἁμαρτία·
1031 1502 1269 1563 εἰκονίζει
1312 1502 1413 1573 γὰρ
1457 1501 1546 1549 καὶ
1600 1496 1730 1552 αὕτη
1777 1496 1864 1545 τὸν

255 1600 504 1651 θάνατον.
530 1602 730 1666 Ὥσπερ
755 1595 857 1668 γὰρ
880 1592 1027 1653 οὗθος
1055 1590 1244 1662 ψυχης
1269 1588 1379 1641 ἐστι
1402 1589 1699 1661 χωρισμὸς.
1730 1585 1864 1636 οὕτω

250 1693 351 1741 καὶ
378 1687 511 1743 αὕτη
544 1686 842 1756 Πνεῦματος
871 1681 1025 1754 ἁγίου
1057 1678 1169 1733 ἐστὶ
1206 1680 1503 1751 χωρισμὸς.

998 787 1078 841 Ἐν
1147 784 1225 849 οἷς
1300 784 1625 856 σπλάγχνοις
1706 779 1872 840 ἐλέους

1891 1810 1930 1864 Β

329 1888 435 1936 Τοῦ
463 1880 776 1932 κατευθύναι
810 1907 868 1916 -—
896 1876 1116 1951 εἰρήνης.
1145 1874 1294 1947 ’Υμὲρ
1329 1879 1421 1925 τοῦ
1448 1872 1757 1923 κατευθύναι
1774 1888 1861 1927 την

250 1975 471 2045 πορείαν
506 1977 601 2032 τῆς
629 1967 888 2030 πολιτείας
918 1967 1063 2039 ἡμῶν
1095 1964 1166 2026 εἰς
1195 1959 1318 2016 ὁδὸν
1349 1962 1575 2037 εἰρήνης,
1612 1967 1705 2021 τῆς
1729 1961 1860 2011 κατὰ

253 2065 408 2114 Θεὸν.

329 2153 401 2204 Τὸ
432 2145 492 2202 δὲ
517 2179 583 2188 -
614 2148 890 2219 πνεῦματι.
922 2145 1183 2216 Πνεῦματι
1224 2143 1361 2214 θείῳ.

342 2368 445 2418 Καὶ
498 2361 556 2422 ἧν
612 2393 678 2403 -
727 2358 960 2433 Ἰσραήλ.
1004 2357 1130 2419 Ἐως
1186 2358 1384 2431 ἡμέρας
1424 2350 1723 2416 ἀναδείξεως
1762 2351 1860 2404 αῦ-

268 2460 378 2523 τοῦ,
410 2460 502 2515 τῆς
548 2456 679 2525 πρὸς
726 2453 843 2510 τοὺς
881 2447 1226 2523 Ἰσραηλίτας,
1278 2448 1360 2498 ὅτε
1389 2441 1538 2503 ἦλθεν
1583 2442 1649 2503 εἰς
1686 2448 1860 2495 πᾶσαν

264 2548 360 2602 τὴν
397 2546 691 2617 περίχωρον
739 2535 1005 2615 Ἰορδὰνου
1053 2538 1335 2611 κηρύσσων
1415 2531 1696 2607 βάπτισμα
1736 2549 1863 2604 μετα

257 2636 421 2694 νοίας.
476 2626 624 2684 Ἐδει
676 2631 778 2702 γὰρ
832 2627 988 2680 αὑτὸν
1023 2624 1074 2689 ἐξ
1122 2623 1328 2678 ἁπαλῶν
1377 2622 1580 2694 ὀνύχων
1626 2619 1863 2679 ἀσκῆσαι

255 2725 353 2780 τὸν
385 2720 593 2795 ἀρετὴν,
636 2720 718 2771 ἵνα
754 2722 844 2770 καὶ
879 2718 1010 2790 μετὰ
1029 2713 1329 2790 παρρησίας
1357 2711 1571 2784 ἐλέγχῃ,
1603 2715 1693 2762 καὶ
1724 2708 1861 2773 ἀξιό-

254 2829 449 2872 πιστος
502 2812 577 2867 εἴη
633 2809 836 2884 μάρτυς
885 2813 977 2859 τοῦ
1033 2804 1119 2858 ὑπ’
1169 2802 1331 2857 αὐτοῦ
1382 2820 1472 2854 κατ
1486 2799 1860 2872 αγγελλομένου

258 2904 520 2975 Χριστοῦ.

604 3099 749 3147 ΚΕΦ.
788 3092 867 3147 Α’.
910 3095 1036 3167 Περὶ
1064 3097 1160 3152 τῆς
1189 3086 1517 3161 ἀπογραφῆς.

333 3186 560 3256 Ἐγένετο
646 3213 716 3224 -
805 3183 1128 3253 οἰκουμένην.
1196 3175 1620 3251 ’Λπογράφεσθαι
1700 3170 1862 3228 αὐτὴν

1983 600 2187 664 nostri,
2206 599 2327 655 sive
2342 614 2475 671 quae
2486 597 2662 655 datur
2677 612 2783 668 per
2796 595 3287 668 compassionem
3308 593 3638 649 misericor-

1982 687 2097 744 diae
2123 687 2332 760 ipsius,
2356 694 2414 744 et
2441 703 2564 743 non
2590 701 2698 759 per
2726 700 2913 758 opera
2937 699 3168 740 eorum.

2054 779 2219 833 Vers.
2246 776 2335 834 78.
2375 776 2578 845 Quibus
2602 805 2671 817 --
2696 774 2828 830 alto.
2853 775 2963 830 Per
2990 788 3129 846 quae
3175 773 3405 827 viscera
3459 771 3636 826 mise-

1981 865 2250 923 ricordiae
2281 865 2374 922 vel
2399 871 2644 938 propter
2669 865 2898 921 viscera
2929 860 3347 917 misericordiae
3378 858 3637 916 visitavit

1981 969 2113 1021 nos,
2137 956 2258 1011 sive
2287 952 2777 1028 apparuitoriens
2808 950 2952 1008 solis
2976 948 3390 1006 intellectualis
3410 964 3484 1005 ex
3510 948 3633 1005 alto

1980 1043 2322 1101 divinitatis.
2357 1044 2502 1100 Dicit
2532 1046 2735 1098 autem
2760 1039 2969 1097 Christi
3001 1037 3464 1113 apparitionem,
3495 1052 3633 1111 quae

1978 1135 2252 1191 nondum
2282 1138 2429 1190 erat.

2048 1224 2209 1281 Vers.
2237 1222 2325 1279 79.
2362 1224 2430 1280 Ut
2454 1227 2745 1294 appareret
2773 1249 2845 1264 -—
2866 1219 3071 1276 sedent.
3105 1216 3386 1285 Visitavit,
3419 1216 3628 1288 inquit.

1976 1329 2106 1378 nos,
2135 1317 2200 1369 ut
2218 1316 2552 1385 appareret,
2568 1311 2681 1367 hoc
2694 1312 2800 1377 est,
2822 1313 2887 1365 ut
2906 1307 3268 1364 illucesceret
3290 1305 3395 1361 lux
3417 1306 3632 1363 verita-

1975 1402 2048 1459 tis
2076 1401 2192 1472 his,
2224 1402 2328 1475 qui
2357 1402 2419 1457 in
2449 1399 2711 1456 tenebris
2739 1397 2955 1455 erroris
2976 1396 3203 1452 sedent.
3231 1394 3456 1451 Umbra
3484 1409 3631 1451 vero

1974 1492 2204 1554 mortis,
2270 1491 2577 1563 peccatum
2632 1494 2720 1544 est
2774 1504 2789 1554 ;
2840 1501 2986 1542 nam
3065 1490 3123 1541 et
3184 1484 3300 1540 hoc
3369 1486 3627 1539 mortem

1974 1580 2285 1653 signiﬁcat.
2366 1578 2526 1636 Sicut
2615 1577 2775 1634 enim
2843 1575 2974 1631 haec
3047 1574 3265 1629 animae.
3330 1572 3624 1644 separatio

1972 1677 2060 1728 est
2085 1687 2098 1724 :
2128 1670 2209 1727 ita
2237 1683 2481 1743 quoque
2510 1671 2847 1740 peccatum,
2873 1668 2962 1720 est
3014 1662 3267 1735 Spiritus
3307 1661 3495 1716 sancti
3527 1676 3625 1716 ex-

1971 1759 2188 1834 pulsio.

2042 1850 2204 1905 Vers.
2236 1850 2325 1903 79.
2350 1845 2440 1902 Ad
2468 1843 2787 1918 dirigenda:
2806 1874 2877 1883 —-
2898 1841 3069 1913 pacis.
3122 1841 3194 1896 Ut
3213 1838 3494 1909 dirigeret
3515 1837 3623 1894 iter

1970 1934 2439 1994 conversationis
2462 1938 2679 1990 nostrae
2700 1932 2761 1988 in
2773 1930 2930 1987 viam
2942 1929 3109 2003 pacis
3126 1944 3263 2001 quas
3286 1926 3620 1983 secundum

1971 2030 2155 2084 Deum
2181 2030 2287 2083 est.

2038 2116 2203 2172 Vers.
2236 2117 2325 2172 80.
2378 2114 2530 2168 Puer
2591 2118 2771 2167 autem
2823 2138 2895 2153 —
2956 2108 3182 2181 spiritu.

1968 2205 2131 2262 vino.

2043 2294 2203 2351 Vers.
2235 2294 2323 2348 80.
2369 2293 2444 2348 Et
2487 2292 2608 2346 erat
2647 2318 2720 2334 —
2746 2287 2970 2344 Israeli.
3036 2288 3233 2358 Usque
3309 2283 3388 2340 ad
3434 2282 3618 2349 diem,

1970 2399 2093 2459 quo
2122 2384 2321 2456 ipsum
2349 2379 2622 2437 lsraelitis
2646 2374 3048 2435 demonstrari
3067 2376 3367 2447 oporteret
3393 2392 3406 2431 :
3431 2387 3623 2445 quan-

1972 2474 2051 2530 do
2093 2472 2256 2528 venit
2301 2471 2363 2527 in
2413 2484 2679 2534 omnem,
2740 2481 2873 2539 qum
2936 2463 3094 2521 circa
3132 2461 3447 2519 Jordanem
3498 2466 3624 2517 erat

1970 2562 2299 2632 regionem,
2313 2558 2653 2632 praedicans
2664 2554 3034 2627 baptismum
3047 2550 3625 2626 pmnitentiae.0por-

1972 2652 2135 2708 tebat
2169 2651 2328 2705 enim
2390 2663 2528 2703 eum
2570 2661 2606 2701 a
2671 2644 2906 2711 teneris,
2958 2641 3126 2715 quod
3193 2638 3361 2695 aiunt
3406 2636 3625 2706 ungui-

1972 2742 2105 2807 bus,
2162 2738 2239 2796 ad
2269 2738 2534 2795 virtutem
2592 2732 2892 2791 exerceri:
2948 2736 3013 2786 ut
3067 2734 3124 2786 et
3169 2728 3351 2785 libere
3416 2741 3626 2796 argue-

1970 2835 2078 2896 ret,
2110 2833 2168 2886 et
2205 2827 2435 2897 Christi,
2456 2824 2561 2899 qui
2603 2839 2641 2881 a
2664 2837 2729 2879 se
2767 2820 3241 2884 annuntiaretur,
3282 2816 3447 2873 testis
3505 2813 3623 2870 ﬁde

1972 2918 2195 2990 dignus
2227 2920 2405 2975 esset.

3258 2105 3479 2179 Spiritu
3537 2104 3624 2162 di-

2383 3075 2535 3132 CAP.
2577 3075 2620 3129 l.
2660 3072 2740 3129 De
2762 3086 2923 3127 censu
2950 3068 3207 3126 Caesaris.

2045 3185 2197 3243 CAP.
2233 3183 2299 3239 ll.
2348 3183 2516 3238 Vers.
2550 3185 2601 3235 1.
2667 3176 2887 3234 Factum
2941 3207 3010 3216 —
3041 3174 3211 3230 orbis.
3263 3174 3333 3229 Ut
3372 3186 3619 3227 censum

259 3274 330 3335 εἰς
377 3276 437 3326 τὸ
481 3271 638 3326 τελεῖν
680 3280 893 3333 κῆνσον,
944 3269 1010 3330 εἰς
1052 3271 1109 3321 τὸ
1161 3270 1411 3342 παρέχειν
1463 3267 1635 3336 φόρον,
1680 3262 1866 3312 ὑποτε-

1993 3274 2323 3347 Jenderent,
2367 3275 2430 3326 ut
2468 3268 2755 3325 tributum
2781 3263 3171 3327 exsolverent,
3202 3259 3306 3333 qui
3332 3260 3462 3331 jam
3514 3260 3625 3313 Ro-

258 3365 520 3434 ταγμένην
570 3358 677 3420 ἤδη
731 3368 791 3433 τῇ
845 3359 1109 3431 Ῥωμαίων
1161 3354 1393 3427 ἐξουσίᾳ,
1440 3353 1507 3404 ὧν
1558 3348 1696 3423 ἦρχε
1733 3355 1863 3402 Καῖ-

261 3469 366 3523 σαρ
379 3493 394 3506 .

335 3542 635 3614 Προετῦπου
691 3535 751 3592 δε
793 3540 824 3596 ἡ
872 3540 999 3611 πρὸς
1044 3538 1131 3588 τὸν
1184 3534 1433 3608 Καίσαρα
1489 3532 1725 3599 ὑποταγὴ
1768 3526 1865 3598 μά-

264 3649 368 3693 σης
415 3637 510 3691 τῆς
560 3628 866 3701 οἰκουμένης
920 3630 1009 3678 καὶ
1061 3627 1090 3683 ἡ
1155 3623 1430 3697 ἀπογραφὴ
1471 3624 1565 3677 τήν
1617 3620 1748 3693 πρὸς
1776 3618 1863 3667 τὸν

264 3722 495 3792 Χριστὸν
552 3719 819 3789 ὑποταγὴν
865 3717 1044 3776 πάσης
1094 3721 1191 3775 τῆς
1257 3712 1563 3783 οἰκουμένης
1627 3711 1717 3759 καὶ
1769 3710 1863 3763 τὴν

263 3807 568 3881 ἀπογραφὴν
622 3816 719 3860 τῶν
795 3805 1229 3879 ἀπογραφομένων
1296 3801 1363 3862 εἰς
1443 3799 1711 3873 οὐρανούς.
1776 3799 1862 3847 Γέ-

260 3898 375 3951 λονξ
423 3894 483 3950 δὲ
538 3900 564 3956 ἡ
625 3898 839 3954 τοιαύτη
909 3892 1183 3968 ἀπογραφὴ
1238 3892 1507 3963 μέλλοντος
1556 3887 1866 3959 γεννηθῆναι

264 3996 357 4041 τοῦ
402 3993 655 4060 Χριστοῦ,
711 3986 810 4055 ἵνα,
870 3986 1072 4036 πάνωτν
1126 3981 1174 4034 ἐν
1221 3988 1335 4044 ταῖς
1395 3975 1554 4039 ἰδίαις
1606 3978 1866 4049 μητροπό-

263 4076 406 4130 λεσιν
464 4075 918 4150 ἁπογραφομένων,
976 4070 1166 4129 ἁπελθῆ
1223 4075 1312 4122 καὶ
1354 4071 1383 4127 ἠ
1437 4068 1690 4141 Παρθένος
1738 4066 1866 4136 πρὸς

265 4166 383 4238 (41)
413 4169 506 4225 τὴν
538 4167 781 4237 Βηθλεὲμ,
828 4166 918 4216 καὶ
970 4160 1018 4213 ἕν
1072 4160 1201 4234 αὐτῇ
1257 4166 1438 4212 τοῦτον
1485 4160 1731 4229 γεννήσῃ,
1787 4154 1869 4205 ἱνα

269 4257 386 4329 (4⁸2)
424 4254 671 4330 πληρωθῇ
728 4255 758 4312 ἡ
815 4254 1104 4329 προφητεία
1131 4252 1161 4308 ἠ
1198 4248 1442 4321 λέγουσα·
1475 4250 1573 4299 Καὶ
1606 4248 1692 4309 σὺ,
1733 4244 1871 4300 Βηθ-

266 4345 406 4418 λεὶμ,
458 4353 526 4415 γῆ
608 4338 806 4408 Ἰούδα,
882 4336 1129 4412 οὐδαμῶς
1194 4337 1448 4410 ἐλαχίστη
1530 4330 1577 4388 εἷ
1651 4331 1699 4384 ἐν
1762 4337 1872 4391 τοῖς

268 4438 524 4507 ἡγεμόσιν
575 4427 774 4486 Ἰούδα·
830 4431 885 4484 ἐκ
936 4437 1032 4482 σοῦ
1072 4430 1173 4502 γὰρ
1220 4425 1534 4489 ἐξελεύσεται
1565 4424 1867 4493 ἡγούμενος,

1973 3346 2294 3421 manorum
2331 3356 2789 3429 subjecti’erant
2834 3350 3130 3424 potestati,
3174 3362 3431 3421 quorum
3462 3346 3624 3419 prin-

1973 3468 2115 3527 ceps
2138 3455 2265 3507 erat
2295 3451 2506 3506 Cassar.

2048 3525 2686 3610 Praeﬁgurabatautem
2707 3526 3134 3587 universiorbis
3161 3540 3305 3595 erga
3329 3525 3622 3580 Cmsarem

1974 3629 2264 3702 subjectio
2285 3644 2355 3683 ac
2379 3621 2720 3695 descriptio,
2745 3618 2923 3676 totius
2949 3615 3161 3673 mundi
3191 3614 3269 3670 ad
3328 3611 3624 3668 Christum

1974 3699 2417 3792 subiectionem,
2446 3729 2517 3771 ac
2532 3709 2945 3768 recensionem
2971 3721 3201 3768 eorum,
3235 3703 3339 3776 qui
3362 3701 3426 3756 in
3442 3699 3628 3756 caelos

1972 3789 2412 3865 describuntur.
2441 3805 2616 3860 Facta
2644 3802 2734 3856 est
2762 3801 2964 3854 autem
2985 3791 3339 3866 hujusmodi
3367 3789 3630 3860 descrip-

1974 3899 2073 3969 tio,
2106 3913 2245 3954 cum
2276 3893 2615 3951 nasciturus
2647 3886 3058 3945 erathristus
3091 3887 3209 3949 :ut,
3232 3881 3380 3936 dum
3419 3893 3631 3934 omnes

1975 3989 2036 4045 in
2060 3967 2171 4044 sua
2198 3981 2515 4056 metropoli
2541 3977 2801 4036 describi
2831 3977 3152 4049 oporteret,
3184 3971 3392 4036 abiret,
3427 3974 3484 4025 et
3509 3967 3633 4022 Vir-

1976 4093 2053 4149 go
2074 4078 2134 4132 in
2160 4073 2475 4137 Bethleem,
2509 4086 2578 4127 ac
2600 4068 2802 4141 ipsum
2831 4065 2893 4121 in
2914 4081 2987 4120 ea
3010 4067 3261 4135 pareret,
3287 4064 3342 4116 et
3373 4056 3629 4130 prophe-

1977 4145 2058 4222 tia
2087 4162 2454 4234 impleretur,
2482 4173 2620 4231 quae
2659 4155 2777 4212 ait:
2820 4156 2889 4210 Et
2941 4159 3003 4208 tu
3030 4149 3323 4213 Bethleem,
3357 4152 3509 4234 terra
3535 4145 3634 4234 Ju-

1976 4255 2068 4321 da,
2099 4233 2439 4324 naauaquam
2470 4246 2699 4302 minima
2754 4259 2804 4298 es
2848 4242 3001 4297 inter
3044 4238 3391 4310 principatus
3440 4233 3629 4287 Iuda:

1979 4360 2047 4398 ea:
2091 4348 2146 4397 te
2186 4322 2337 4394 enim
2386 4334 2550 4391 exibit
2603 4333 2736 4397 dum,
2787 4329 2885 4402 qui
2942 4333 3094 4399 regat
3143 4322 3405 4394 populum
3452 4335 3633 4375 meum

1981 4429 2170 4494 Israel,
2203 4428 2278 4483 de
2307 4442 2430 4499 qua
2468 4419 2781 4479 manifeste
2819 4417 3048 4473 dictum
3086 4419 3177 4469 est
3214 4411 3408 4483 capite
3436 4407 3631 4480 primo

269 4528 421 4586 ὅστις
502 4529 743 4596 ποιμανεί
814 4523 901 4573 τὸν
973 4518 1093 4571 λαόν
1159 4536 1259 4591 μου
1311 4517 1399 4567 τόν
1476 4510 1690 4586 Ῑσραήλ·
1754 4513 1867 4582 περὶ

1993 4516 2280 4591 Evangelii
2313 4516 2485 4587 juxta
2511 4509 2855 4567 Matthmum

269 4615 301 4674 ἧ
315 4634 335 4675 ς
393 4615 596 4687 εὶρηται
650 4619 820 4685 σαφῶς
870 4608 917 4661 ἓν
968 4615 1041 4679 τῷ
1086 4612 1273 4682 πρώτῳ
1303 4603 1560 4676 κεφαλαίῳ
1610 4606 1700 4653 τοῦ
1739 4603 1874 4651 κατὰ

268 4704 561 4759 Ἀιατθαίον,

347 4791 488 4849 Αὕτη
531 4820 597 4833 --
629 4787 844 4860 ὶγένετο.
876 4789 1055 4859 Μέχρι
1083 4788 1198 4837 τότε
1223 4785 1293 4856 μὴ
1322 4784 1585 4854 γενομένη.

345 4987 764 5059 Ἡγεμονεύοντος
840 5013 910 5023 -
1008 4984 1291 5043 Κυρηνίου.
1391 4982 1491 5036 Τὴν
1598 4978 1874 5049 ἠγεμονίαν

276 5080 529 5149 ἱστόρησε
574 5081 666 5127 τοῦ
718 5073 1003 5148 Κυρηνίου,
1064 5078 1331 5143 σημαίνων
1401 5067 1482 5120 ὅτι
1536 5065 1688 5127 αὐτὸς
1739 5064 1876 5118 έποι-

274 5172 382 5220 εἶτο
431 5168 525 5223 τὴν
574 5162 875 5238 ἀναγραφὴν
922 5159 1037 5233 (43)
1088 5167 1179 5220 τῆς
1235 5162 1442 5234 Συρίας,
1475 5154 1557 5229 ὑφ’
1587 5159 1650 5214 ἣν
1697 5156 1728 5214 ἠ
1773 5162 1878 5208 Πα-

271 5254 538 5312 λαιστίνη.

348 5378 398 5414 ¹⁸
441 5375 612 5435 Mich.
642 5390 704 5433 v.
742 5378 778 5432 2
804 5391 820 5443 ;
845 5372 1046 5432 Matth.
1073 5387 1136 5438 ιι,
1168 5374 1220 5428 6.

2052 4584 2218 4665 Vers.
2249 4584 2473 4660 2;ch
2503 4630 2569 4642 -—
2593 4601 2745 4671 facta
2768 4603 2863 4662 est,
2897 4595 3040 4660 Quae
3080 4604 3271 4663 usque
3300 4584 3445 4644 illud
3478 4588 3631 4642 tem-

1982 4716 2097 4774 pus
2121 4696 2275 4754 facta
2301 4709 2425 4751 non
2463 4695 2606 4748 erat.

2055 4978 2220 5032 Vers.
2256 4976 2310 5028 2.
2338 4967 2581 5026 Prmside
2608 4996 2679 5007 —
2705 4962 2965 5036 Cyrenio.
2989 4956 3399 5028 Principatum
3419 4950 3640 5009 descri-

1985 5065 2107 5141 psit
2120 5059 2464 5136 Cyrenii,ad
2484 5051 2971 5141 signiﬁcandum,
2992 5046 3158 5141 quod
3156 5045 3293 5141 ipse
3322 5040 3522 5141 fecerit
3534 5040 3639 5113 Sy-
3732 5116 3739 5123 '

1983 5131 2088 5214 rite
2125 5131 2611 5224 descriptionem,
2645 5143 2709 5201 in
2735 5156 2861 5215 qua
2890 5139 3002 5196 sita
3038 5139 3128 5194 est
3156 5131 3490 5192 Palaastina.

1476 5494 1702 5564 Variae
1739 5493 2066 5564 lectiones
2086 5498 2152 5557 et
2180 5493 2383 5554 notae.

508 5669 596 5730 Εἰς
624 5674 739 5728 τήν.
770 5675 826 5723 Β.

353 5672 468 5816 EH;
508 5672 596 5730 Εἰς
624 5674 739 5728 τήν.
770 5675 826 5723 Β.

378 5746 445 5799 42
508 5746 611 5796 Καὶ
643 5755 756 5814 pro
786 5742 887 5792 ἶνα·
909 5743 966 5791 Β.

2063 5656 2179 5744 (43)
2235 5654 2321 5710 Ita
2385 5652 2637 5721 uterque
2697 5643 2906 5709 codex,
2946 5641 3077 5698 loco
3142 5637 3463 5713 superioris
3518 5635 3645 5686 ἀπο-

1992 5747 2191 5803 γραφη·
2480 5748 2490 5757 ·
