4188 6466
280 380 394 437 885
1364 377 1736 436 COMMENT.
1776 375 1848 433 IN
1882 374 2148 432 LUCAM.
2189 408 2260 421 —
2297 378 2454 436 CAP.
2495 380 2566 435 II.
3551 380 3659 437 886

285 502 348 559 δὲ
391 509 480 558 καὶ
519 509 716 577 ποιμήν
769 505 1011 578 ἐγεννήθη
1061 513 1153 559 τοῦ
1211 506 1358 571 λαοῦ,
1410 509 1624 578 ποιμέσι
1662 507 1730 556 τὰ
1774 522 1868 577 περ

2015 507 2154 558 rant.
2188 503 2340 568 Quia
2365 504 2542 562 etiam
2573 508 2776 577 pastor
2799 520 2871 561 ac
2922 504 3047 560 dux
3071 504 3266 560 factus
3309 507 3397 560 est
3422 503 3520 578 (ee)
3550 519 3657 576 po-

286 595 449 647 αύτοῦ
479 596 792 668 γνωρίζεται
822 604 1045 670 πρῶτον.

2015 591 2145 662 puli,
2177 592 2505 663 pastoribus
2529 593 2788 665 primum
2819 610 2910 662 ea,
2951 610 3087 666 quae
3124 593 3198 648 de
3224 608 3286 648 se
3319 596 3488 649 erant
3525 609 3656 664 my-

2002 681 2194 746 steria,
2229 683 2652 738 manifestavit.

2073 769 2449 839 Signiﬁcatur
2473 787 2715 844 quoque
2740 777 2794 826 et
2821 771 3006 837 aliud,
3033 771 3200 843 quod
3243 768 3521 826 videlicet
3549 785 3653 842 pa-

2000 858 2254 913 storibus
2297 861 2677 916 rationalium
2731 862 2938 917 ovium
2997 861 3198 916 divina
3224 859 3506 932 mysteria
3534 859 3649 930 pri-

1997 963 2177 1013 mum,
2211 954 2347 1004 ante
2377 949 2546 1017 alios,
2577 949 2932 1006 revelantur.

2066 1037 2232 1092 Vers.
2257 1038 2344 1092 12.
2373 1039 2448 1092 Et
2477 1069 2547 1078 —-
2570 1037 2806 1108 signum.
2845 1041 2964 1095 Hoc
2991 1038 3162 1094 vobis
3199 1048 3648 1116 argumentum,

1993 1126 2160 1198 quod
2183 1142 2322 1182 vera
2351 1126 2572 1182 dicam.

2064 1214 2228 1270 Vers.
2249 1217 2334 1272 12.
2352 1215 2671 1272 Invenietis
2687 1249 2755 1256 —
2771 1231 3048 1287 praesepe.
3071 1219 3289 1274 Fasciis
3311 1219 3643 1293 alligatum,

1990 1307 2055 1358 ut
2073 1303 2289 1359 fascias
2300 1309 2642 1360 nostrorum
2655 1304 2852 1361 solvat
2865 1309 3269 1377 peccatorum.
3287 1307 3533 1368 Jacebat
3547 1327 3649 1369 au-

1989 1397 2128 1458 tem,
2163 1399 2226 1447 ut
2264 1409 2389 1458 eos,
2439 1394 2544 1466 qui
2569 1393 2630 1450 in
2673 1398 2920 1467 peccata
2957 1393 3311 1464 ceciderant,
3373 1400 3641 1471 erigeret.

2057 1481 2218 1536 Vers.
2243 1482 2330 1536 13.
2358 1482 2434 1536 Et
2455 1512 2524 1522 —-—
2549 1484 2819 1538 caelestis.
2846 1485 3018 1539 Facta
3038 1488 3131 1538 est
3159 1500 3296 1542 cum
3319 1488 3556 1558 angelo,
3579 1488 3643 1544 id

1986 1572 2091 1636 est,
2121 1570 2437 1640 conjuncta
2476 1575 2567 1626 est
2585 1570 2667 1626 illi
2699 1571 2934 1641 angelo.

2057 1659 2216 1713 Vers.
2247 1663 2329 1714 13.
2362 1659 2768 1715 Laudantium
2792 1661 2997 1716 Deum.
3029 1661 3256 1717 Laudes
3287 1664 3636 1722 canentium

1983 1745 2086 1801 uni
2127 1752 2346 1801 sanctae
2383 1746 2683 1803 Trinitatis
2733 1747 3045 1815 divinitati,
3095 1754 3341 1823 propter
3387 1752 3639 1809 ordina-

1903 1846 1952 1920 β
1983 1839 2105 1891 tam
2125 1836 2440 1891 hominum
2472 1837 2743 1892 salutem.

2052 1925 2218 1979 Vers.
2249 1929 2329 1980 13.
2363 1927 2441 1981 Et
2484 1927 2812 1982 dicentium
2849 1959 2918 1967 —
2966 1927 3103 1983 Deo.
3155 1928 3314 1984 Laus
3368 1929 3431 1985 in
3470 1931 3634 1988 ccelis

1980 2015 2121 2068 Deo.

2050 2101 2214 2158 Vers.
2249 2101 2332 2156 14.
2365 2102 2444 2157 Et
2489 2101 2552 2157 in
2587 2109 2748 2158 terra
2769 2118 2918 2172 pax.
2950 2104 3020 2160 Ut
3055 2103 3184 2160 haec
3213 2105 3465 2178 hymno,
3508 2108 3633 2165 sive

1975 2189 2139 2246 laudi
2161 2190 2645 2262 correspondeat.
2676 2193 2827 2257 Quia
2845 2195 2904 2247 et
2931 2192 2992 2248 in
3014 2199 3169 2250 terra
3197 2211 3316 2266 pax
3337 2195 3492 2253 facta
3521 2201 3632 2266 est,

1975 2295 2110 2352 quae
2128 2279 2188 2334 in
2219 2280 2378 2334 caelis
2395 2280 2772 2350 versabatur,
2796 2281 3139 2338 hominibus
3165 2299 3377 2355 pacem
3399 2284 3528 2356 jam
3549 2285 3630 2343 ad

1975 2369 2164 2424 Deum
2193 2369 2580 2426 habentibus.

2045 2459 2151 2514 Vel
2179 2461 2322 2532 quia
2360 2461 2538 2516 etiam
2564 2459 2625 2515 in
2658 2465 2813 2517 terra
2844 2458 2947 2516 Dei
2975 2461 3155 2516 Filius
3183 2463 3483 2535 apparuit,
3521 2465 3627 2538 qui

1973 2553 2063 2604 est
2099 2565 2216 2621 pax
2235 2549 2465 2614 mundi,
2501 2549 2795 2605 mediator
2825 2551 2926 2605 Dei
2961 2554 3014 2605 et
3043 2551 3361 2608 hominum
3386 2553 3583 2610 factus
3610 2572 3623 2610 :

1971 2638 2075 2711 qui
2126 2639 2464 2711 pacificavit
2524 2640 2822 2695 terrestria
2859 2640 3221 2710 coelestibus,
3274 2641 3628 2700 dissidentia

1971 2728 2370 2798 conjungens,
2401 2744 2646 2800 eosque,
2674 2727 2775 2800 qui
2806 2727 3063 2784 invicem
3088 2729 3287 2785 hostes
3319 2738 3507 2801 erant,
3540 2747 3628 2787 re-

1969 2815 2316 2872 concilians.

2039 2905 2164 2961 Vel.
2195 2908 2269 2961 Et
2293 2905 2355 2961 in
2410 2913 2575 2963 terra
2597 2922 2742 2976 pax,
2777 2905 2920 2979 quia
2949 2907 3357 2980 omnipotente
3393 2908 3625 2966 Christo

1965 2997 2129 3060 nato,
2153 2993 2382 3049 bellum
2411 3011 2592 3050 omne
2607 2994 2971 3051 dissolutum
3002 3001 3108 3061 est,
3133 2997 3418 3053 omnibus
3441 2997 3623 3054 simul

1967 3082 2244 3152 gentibus
2281 3087 2688 3141 Romanorum
2727 3084 2936 3141 ditioni
2967 3084 3272 3158 subjectis.

363 791 616 848 Δηλοῦται
661 787 719 842 δὲ
757 795 842 842 καὶ
894 791 1077 862 ἕτερον,
1129 791 1208 842 ὅτι
1252 797 1357 850 τοῖς
1403 793 1620 862 ποιμέσι
1663 797 1761 841 τῶν
1808 788 1889 841 λο-

280 889 442 952 γικῶν
497 879 768 952 προϐάτων
827 882 892 931 τὰ
949 881 1061 932 θεῖα
1104 884 1374 952 μυστήρια
1421 883 1521 952 πρό
1575 887 1675 931 τῶν
1723 877 1887 930 ἄλλων

282 968 758 1022 ἀποκαλύπτονται.

357 1063 458 1111 Καὶ
514 1089 586 1100 -
643 1064 878 1129 σημεῖον.
943 1063 1107 1110 Τοῦτο
1155 1059 1276 1130 ὑμῖν
1338 1060 1398 1109 τὸ
1455 1061 1732 1131 τεκμήριον
1791 1062 1885 1109 τοῦ

275 1146 547 1205 ἀληθεύειν
576 1167 660 1220 με.

348 1238 610 1308 Εύρήσετε
687 1267 757 1276 -
849 1237 1012 1308 φάτνῃ
1104 1233 1288 1294 Ἐδέθη
1362 1237 1452 1308 μὶν
1542 1237 1877 1308 σπαργάνοις,

273 1327 360 1376 ἵνα
420 1325 553 1397 λύσῃ
608 1328 674 1377 τὰ
727 1327 1003 1398 σπάργανα
1049 1332 1146 1377 τῶν
1195 1325 1458 1397 ἁμαρτιῶν
1492 1326 1659 1396 ήμῶν·
1719 1327 1880 1378 ἔκειτο

271 1412 356 1484 δὲ,
393 1417 474 1466 ῖνα
495 1413 763 1487 ἀναστήσῃ
805 1417 924 1475 τοὺς
951 1419 1282 1476 πεπτωκότας
1314 1415 1385 1475 ιὶς
1411 1414 1688 1488 ἁμαρτίαν.

347 1507 446 1556 Καὶ
501 1535 571 1543 -
627 1503 887 1576 οὐρανίου.
958 1503 1188 1574 Ἐγένετο
1229 1508 1322 1555 σὺν
1395 1510 1468 1572 τῷ
1535 1501 1754 1574 ἀγγέλῳ,
1815 1498 1879 1557 ἧ-

261 1612 396 1664 γουν
428 1592 652 1651 συνῆλθε
680 1600 754 1662 τῷ
781 1590 979 1663 ἀγγέλῳ
1012 1590 1210 1662 ἐκείνῳ,

341 1681 632 1736 Αἰνούντων
693 1685 779 1733 τὸν
863 1685 1010 1733 Θεὸν.
1087 1688 1197 1733 Τῶν
1272 1679 1499 1752 ἀγγέλων
1582 1680 1873 1752 ὑμνούντων

259 1775 357 1828 τήν
412 1775 538 1840 μίαν
578 1772 796 1828 θεότητα
846 1778 943 1833 τῆς
977 1769 1128 1840 ἁγίας
1162 1766 1410 1842 Τριάδος,
1467 1766 1561 1821 διὰ
1596 1773 1688 1827 τὴν
1737 1767 1871 1821 οἰκο·

255 1861 583 1931 νόμηθεῑσαν
617 1864 878 1932 σωτηρίαν
906 1867 1006 1910 τῶν
1038 1857 1326 1934 ἀνθρώπου.

340 1954 442 2000 Καὶ
504 1948 748 2020 λεγόντων
821 1979 876 1988 -
950 1956 1084 2018 Θεῷ.
1169 1946 1352 2019 "Tino;
1407 1946 1458 1998 ἐν
1510 1946 1748 2020 οὐρανοῖς
1798 1953 1868 2016 τῷ

256 2054 398 2115 Θεῷ.

335 2139 437 2188 Καὶ
476 2163 547 2176 --
576 2136 660 2187 ἑπὶ
717 2143 817 2206 γῆς
860 2135 1058 2209 εἰρήνη.
1116 2142 1280 2188 Τοῦτο
1327 2134 1472 2187 αἰτία
1520 2139 1612 2186 τοῦ
1665 2133 1864 2205 ὕμνου⁶

257 2221 406 2277 διότι
469 2229 557 2276 καὶ
614 2223 698 2276 ἐπὶ
762 2232 860 2295 γῆς
909 2225 1083 2297 εἰρήνη
1140 2230 1367 2295 γέγονεν,
1432 2225 1462 2282 ἠ
1523 2222 1573 2275 ἐν
1629 2221 1866 2297 οὐρανοῖς

259 2314 648 2385 πολιτευομένη,
719 2313 1080 2386 εἰρηνευόντων
1128 2310 1234 2372 ἤδη
1293 2317 1382 2365 καὶ
1423 2321 1524 2364 τῶν
1582 2313 1862 2385 ἀνθρώπων

267 2405 402 2474 πρὸς
432 2405 513 2452 τόν
543 2406 686 2456 Θεόν.

342 2489 406 2543 Ἥ
459 2488 590 2543 διότι
629 2496 721 2543 καὶ
751 2490 836 2543 ἐπὶ
878 2500 979 2562 γῆς
1021 2493 1164 2564 ὤφθη
1220 2493 1245 2544 ὁ
1293 2494 1412 2552 Υἱός
1460 2498 1550 2543 τοῦ
1598 2497 1754 2556 Θεοῦ,
1809 2491 1864 2553 ὃς

255 2579 400 2632 ἐστιν
466 2580 641 2655 εἰρήνη
713 2587 804 2633 τοῦ
869 2585 1089 2652 κόσμου.
1146 2586 1376 2642 Μεσίτης
1437 2583 1537 2653 γὰρ
1593 2588 1727 2633 Θεοῦ
1771 2584 1862 2632 καὶ

248 2668 536 2742 ἀνθρώπων
617 2675 901 2741 γενόμενος,
967 2670 1229 2742 εἰρηνευσε
1312 2672 1378 2722 τὰ
1465 2669 1668 2741 ἐπίγεια
1732 2673 1861 2742 πρὸς

244 2760 315 2810 τὰ
354 2759 594 2833 οὐράνια,
644 2762 708 2811 τὰ
771 2755 1031 2811 διεστῶτα
1071 2759 1304 2830 συνάψας
1359 2764 1448 2812 καὶ
1503 2761 1570 2810 τὰ
1616 2758 1860 2812 ἓκπεπολε

243 2852 464 2919 μωμένα
491 2848 834 2911 καταλλάξας.

319 2937 388 2990 ’Ἠ
460 2944 561 2991 Καὶ
619 2938 704 2990 ἐπὶ
742 2946 845 3009 γῆς
889 2938 1086 3012 εἰρήνη,
1122 2934 1262 2990 διότι
1295 2945 1386 2990 τοῦ
1440 2940 1856 3014 παντοκράτορος

241 3033 485 3100 Χριστοῦ
517 3032 817 3100 τικτομένου
867 3035 967 3089 πᾶς
1016 3027 1254 3099 πόλεμος,
1308 3027 1584 3093 κατελύθη,
1648 3031 1854 3081 πάντων

241 3115 378 3187 ὁμοῦ
431 3124 531 3167 τῶν
587 3115 740 3169 ἐθνῶν
791 3126 864 3188 τῷ
919 3119 1098 3190 κράτει
1163 3125 1262 3168 τῶν
1328 3117 1590 3189 Ῥωμαίων
1653 3119 1853 3171 ὑποτα-

239 3209 455 3275 γέντων.
1887 3204 1928 3260 Π

319 3295 402 3346 Ἐν
478 3293 768 3366 ἀνθρώποις
841 3291 1074 3347 εὐδοκία.
1158 3295 1238 3348 Ἐν
1315 3293 1606 3366 ἀνθρώποις
1677 3303 1766 3347 νῦν
1818 3297 1849 3353 ἡ

2035 3307 2196 3360 Vers.
2220 3305 2306 3360 14.
2331 3306 2403 3360 In
2430 3305 2759 3362 hominibus
2789 3306 3242 3375 beneplacitum.
3278 3310 3343 3362 In
3364 3307 3625 3366 homini-

242 3383 410 3434 πάλαι
468 3379 688 3435 εὐδοκία
739 3391 830 3435 τοῦ
883 3388 1119 3457 Πατρόςο
1154 3384 1286 3441 αὕτη
1335 3382 1394 3436 δέ
1451 3382 1562 3436 ἐστι
1599 3387 1657 3436 τὸ
1716 3384 1853 3436 ἐναν-

2015 3411 2078 3450 us
2094 3409 2255 3450 nunc
2277 3400 2382 3463 est,
2411 3395 2579 3466 quod
2597 3395 2740 3449 olim
2770 3396 2952 3450 Patris
2982 3400 3108 3451 erat
3134 3396 3578 3466 beneplacitum
3603 3413 3617 3454 :

245 3474 531 3544 θρωπῆσαι
556 3476 641 3524 τὸν
677 3475 816 3536 Υίόν,
846 3477 936 3524 καὶ
970 3481 1141 3525 σῶσαι
1169 3477 1256 3525 τόν
1305 3472 1605 3525 ἀπολωλότα
1657 3475 1852 3546 ἄνθρω-

2015 3500 2074 3538 oc
2100 3489 2303 3539 autem
2333 3490 2441 3549 est,
2483 3489 2548 3540 ut
2578 3484 2991 3540 incarnaretur
3023 3485 3122 3540 Dei
3161 3485 3362 3550 Filius,
3405 3501 3475 3541 ac
3505 3487 3622 3542 sal-

242 3580 366 3614 πον.
430 3567 536 3613 Νῦν
585 3564 686 3634 γὰρ
735 3562 1088 3636 πεπλήρωται,
1145 3562 1169 3613 ὃ
1217 3562 1378 3614 πάλαι
1423 3559 1729 3632 εὐδόκησεν,
1781 3567 1852 3615 εἴ·

2015 3581 2202 3630 aretur
2231 3576 2413 3630 homo
2439 3575 2728 3646 perditus.
2746 3577 2911 3628 Nunc
2937 3574 3098 3629 enim
3121 3575 3484 3646 completum
3505 3582 3617 3643 est,

243 3668 371 3700 τονν
401 3651 606 3722 ὥρισεν,
637 3650 878 3708 ἠθέλησε.
1962 3664 2125 3736 quod
2147 3664 2291 3720 olim
2322 3664 2401 3719 illi
2423 3664 2824 3736 beneplacuit,
2855 3663 2980 3719 sive
2999 3663 3166 3735 quod
3193 3663 3480 3731 deﬁnivit,
3514 3672 3618 3722 aut

1961 3752 2167 3810 voluit.

323 3849 424 3897 Καὶ
488 3844 679 3916 ἐγένετο
736 3876 800 3887 --
855 3848 1000 3918 ἡμῖν.
1057 3843 1277 3919 Ἰδωμεν
1333 3850 1392 3899 τὸ
1455 3849 1620 3922 ῥῆμα,
1677 3850 1851 3901 τούτέ-

2031 3845 2198 3900 Vers.
2219 3845 2313 3903 15.
2347 3846 2427 3900 Et
2441 3845 2674 3914 factum
2692 3843 2951 3900 —vobis.
2967 3843 3295 3900 Videamus
3326 3861 3478 3913 rem,
3501 3845 3619 3903 hoc

244 3954 384 4000 στιν,
415 3933 729 4007 ἐξετάσωμεν
765 3936 876 4006 (48)
917 3939 972 3988 τὸ
1021 3937 1183 4010 ῥῆμα,
1231 3939 1289 3988 τό
1332 3942 1450 4010 περὶ
1501 3945 1593 3989 τοῦ
1651 3941 1848 4009 τεχθῆ-

2015 3938 2064 4000 ιῑ,
2106 3935 2482 4007 inquiramus
2517 3933 2762 3999 factum,
2796 3933 2871 3989 de
2903 3937 3045 3990 nato
3077 3933 3256 3990 nobis
3280 3934 3459 3992 hodie
3493 3936 3621 3993 Sal-

239 4043 329 4075 ναι
384 4025 510 4096 ἡμῖν
566 4032 783 4098 Σωτῆρα
850 4029 1094 4097 σήμερον.
1169 4025 1518 4098 Ἐξετάσωμεν
1579 4023 1639 4078 δε
1693 4035 1846 4080 τοῦτο

2015 4028 2185 4080 ιιοτθ.
2247 4024 2627 4095 Inquiramus
2663 4027 2866 4079 autem
2902 4022 3039 4089 hoc,
3081 4039 3189 4095 per
3234 4023 3445 4080 datum
3513 4040 3622 4082 no-

238 4108 337 4164 διὰ
367 4121 461 4164 τοῦ
504 4110 740 4175 δοθέντος
771 4115 896 4186 ἡμῖν
925 4118 1169 4186 σημείου.

2015 4115 2052 4167 is
2092 4113 2354 4184 signum.

315 4208 418 4255 Καὶ
471 4199 624 4261 ἦλθον
677 4235 740 4242 -
787 4205 996 4256 τούτου.
1055 4208 1422 4278 Διεγνὼρισαν,
1488 4204 1599 4276 (49)
1659 4208 1842 4276 ἤγουν,

2027 4202 2196 4256 Vers.
2243 4205 2326 4257 16.
2353 4202 2435 4256 Et
2466 4206 2755 4256 venerunt
2791 4231 2863 4241 —
2891 4201 3057 4258 Vers.
3091 4205 3174 4256 17.
3219 4201 3348 4256 hoc.
3387 4203 3616 4271 Cogno-

237 4293 742 4367 ἑπληροφορήθησαν
797 4297 914 4366 περὶ
992 4299 1081 4344 τοῦ
1141 4293 1377 4366 ῥήματος
1440 4300 1533 4344 τοῦ
1605 4293 1845 4351 λαληθέν-

2015 4295 2187 4358 ιιιιωι,
2217 4290 2335 4345 sive
2387 4288 2669 4344 certiores
2700 4288 2838 4344 facti
2891 4292 3033 4344 sunt
3061 4287 3137 4342 de
3184 4288 3388 4354 verbo,
3448 4291 3614 4360 quod

235 4402 326 4442 τος
363 4380 539 4442 αὐτοῖς
581 4386 698 4456 περὶ
739 4389 829 4434 τοῦ
876 4379 1094 4434 παιδίου
1145 4384 1349 4448 τούτου,
1411 4383 1490 4434 ὅτι
1538 4382 1730 4453 ἐτέχθη
1772 4391 1843 4453 τῷ

2016 4384 2176 4435 ctum
2207 4383 2332 4434 erat
2351 4379 2434 4433 eis
2465 4377 2539 4432 de
2573 4392 2756 4448 puero
2787 4377 2918 4441 hoc,
2951 4376 3119 4448 quod
3151 4381 3330 4432 natus
3356 4383 3482 4434 erat
3510 4393 3616 4449 po-

236 4471 345 4541 λαῷ
376 4476 577 4545 Σωτήρ.

2015 4469 2100 4524 110
2134 4469 2415 4525 Salvator.

318 4565 418 4613 Καὶ
476 4562 660 4620 πάντες
722 4592 793 4600 -
843 4563 973 4635 πρὸς
1050 4559 1252 4620 αὐτούς.
1328 4559 1667 4632 Ἀνήγγειλαν
1741 4564 1842 4634 γὰρ

2025 4560 2193 4615 Vers.
2229 4560 2311 4612 18.
2339 4558 2418 4612 Et
2445 4554 2899 4624 omnes—ipsis.
2934 4552 3149 4609 Statim
3179 4553 3340 4610 enim
3367 4569 3611 4611 annun-

237 4649 435 4701 αὐτίκα
487 4657 558 4718 τῷ
604 4668 656 4700 τε
710 4649 905 4722 Ἰωσήφ
960 4653 1049 4700 καὶ
1106 4656 1168 4721 τῇ
1224 4654 1386 4722 μητρὶ
1459 4657 1550 4701 τοῦ
1625 4647 1843 4702 παιδίου

2015 4652 2252 4704 iverunt
2274 4645 2496 4718 Joseph
2534 4649 2592 4700 et
2618 4644 2795 4700 matri
2823 4642 3012 4716 pueri,
3041 4657 3419 4714 quaecunque
3449 4644 3612 4701 dicta

237 4741 411 4790 πάντα
451 4740 550 4790 ὅσα
579 4742 810 4796 ἥκουσαν
844 4741 986 4811 παρὰ
1036 4745 1128 4790 τοῦ
1187 4737 1425 4809 ἀγγέλου,
1477 4743 1563 4791 καὶ
1618 4743 1684 4792 τὰ
1729 4745 1845 4814 περὶ

2015 4742 2124 4792 ’δῑιι
2162 4736 2308 4806 ipsis
2348 4734 2427 4790 ab
2452 4732 2686 4804 angelo,
2713 4737 2770 4788 et
2818 4731 2894 4787 de
2947 4729 3326 4786 multitudine
3355 4732 3610 4788 caelestis

238 4835 331 4880 τοῦ
373 4827 607 4888 πλήθους
661 4835 751 4888 τῆς
800 4827 1040 4902 οὐρανίου
1101 4833 1362 4900 στρατιᾶς.
1428 4832 1528 4880 Καὶ
1582 4828 1640 4880 οὐ
1691 4834 1844 4902 μόνον

2015 4824 2205 4883 ilitiaa.
2239 4827 2355 4880 Nec
2379 4822 2474 4879 his
2528 4821 2746 4890 solum,
2802 4835 3009 4876 verum
3062 4819 3244 4876 etiam
3295 4820 3606 4889 omnibus,

234 4921 460 4987 τούτοις,
520 4915 647 4968 ἀλλὰ
695 4920 785 4968 καὶ
835 4922 1018 4982 πᾶσιν,
1078 4917 1154 4978 οἷς
1209 4915 1574 4988 ἐνετύγχανον,
1643 4918 1693 4970 οἶ
1756 4923 1845 4972 καὶ

2015 4915 2180 4971 Jibus
2206 4912 2617 4980 occurrebant,
2639 4909 2743 4983 qui
2767 4909 2946 4967 etiam
2968 4908 3345 4966 mirabantur
3389 4910 3465 4967 de
3491 4910 3608 4979 his,

234 5005 572 5075 ἀκούσαντες,
614 5004 935 5077 ἐθαύμασαν,
966 5009 1084 5080 περὶ
1131 5005 1198 5057 ὧν
1232 5009 1492 5064 ἥκουσαν,

2015 5021 2092 5062 lae
2125 5003 2469 5062 audiebant.

1493 5158 1711 5226 Variae
1747 5160 2077 5229 lectiones
2119 5168 2187 5227 et
2223 5166 2426 5226 notae.

333 5328 424 5402 48)
451 5331 521 5380 Τὸ
551 5329 697 5402 ῥῆμα
726 5326 934 5402 abest._
955 5331 1022 5382 Λ.
1041 5397 1055 5402 Α
1370 5401 1375 5402 ί
1462 5399 1511 5402 __
1957 5331 2116 5386 tinus
2141 5328 2402 5402 sequitur
2433 5342 2445 5381 :
2476 5327 2558 5382 Et
2603 5340 2816 5394 omnes,
2870 5325 2988 5402 qui
3014 5323 3356 5402 audierunt,
3398 5323 3608 5382 mirati

333 5329 400 5383 48
451 5331 521 5380 Τὸ
551 5329 697 5401 ῥῆμα
726 5329 914 5383 abest.
955 5331 1022 5382 Λ.
1957 5331 2116 5386 tinus
2141 5329 2402 5402 sequitur
2433 5342 2445 5381 :
2476 5329 2558 5382 Et
2603 5340 2816 5394 omnes,
2870 5329 2974 5397 qui
3014 5329 3356 5389 audierunt,
3398 5329 3604 5382 mirati

307 5329 424 5470 249;
454 5400 770 5472 Hentenius
793 5397 1158 5472 reddendum
1186 5401 1416 5472 censet:
1449 5399 1669 5454 Notum
1694 5402 1848 5468 fece-
1954 5409 2115 5458 sunt.
2149 5403 2364 5456 Netum
2403 5403 2604 5472 autem
2647 5403 2756 5463 est,
2809 5400 3080 5472 γνωρίζειν
3109 5412 3243 5452 esse
3299 5401 3355 5453 et
3380 5412 3604 5468 cogno-

227 5469 1692 5541 runtveldivulqauernnt,obidpotissimumguod
1711 5489 1848 5542 pro-
1955 5489 2137 5539 scere,
2180 5477 2234 5528 et
2265 5474 2474 5526 notum
2499 5469 2720 5527 facere.

308 5668 415 5741 (ee)
449 5667 670 5741 Factus
695 5673 798 5723 est.
833 5666 1072 5741 Videtur
1100 5681 1242 5736 ergo
1270 5665 1494 5741 legisse
1516 5665 1843 5741 ἐργαστικὸν.
1952 5667 2128 5741 plevit
2165 5665 2344 5738 (fecit)
2383 5667 2440 5721 et
2485 5665 2856 5738 superﬂuum
2896 5668 2984 5723 est
3023 5665 3085 5722 in
3113 5667 3440 5737 posterum,
3481 5677 3602 5720 ces-

308 5738 401 5807 (lf)
458 5739 606 5794 Nam
641 5739 744 5794 hoc
766 5770 834 5779 —
864 5739 1148 5808 reliquum
1188 5743 1292 5794 est.
1319 5740 1510 5793 Suum
1540 5738 1710 5795 enim
1740 5740 1847 5795 im-
1953 5738 2044 5796 sat
2070 5739 2132 5794 in
2155 5744 2485 5809 posterum.
