4188 6454
571 384 674 438 887

572 593 690 649 bus
718 591 870 646 dicta
900 597 1086 646 erant.
1113 592 1517 647 Conservabat
1539 595 1740 644 autem
1769 583 1931 656 apud
1959 596 2109 636 sese.

646 682 810 738 Vers.
855 681 943 735 19.
997 681 1324 748 Con/'erens
1380 707 1447 717 —
1499 693 1624 734 suo.
1683 664 2043 731 Ex'aminans
2103 668 2230 722 haec

574 769 738 842 apud
762 787 825 824 se
855 769 1069 841 ipsam,
1097 776 1148 824 et
1179 784 1543 841 comparans
1571 767 1647 821 ad
1664 762 1953 820 Gabrielis
1976 761 2052 814 ab
2065 771 2231 812 exor-

575 858 676 914 dio
708 858 1143 922 salutationem,
1205 874 1276 913 ac
1315 858 1440 912 sine
1489 857 1714 910 semine
1756 855 2127 919 conceptum,
2176 851 2232 899 et

575 947 808 1019 absque
847 946 1155 1002 doloribus
1209 947 1615 1018 puerperium,
1691 947 2046 1014 partumque
2103 933 2232 988 sine

576 1036 952 1107 corruptione
985 1055 996 1092 :
1031 1040 1086 1090 et
1107 1035 1397 1106 paulatim
1427 1031 1838 1088 certitudinem
1869 1022 2235 1095 suscipiebat

576 1123 986 1196 perfectiorem
999 1164 1011 1175 .

648 1214 811 1269 Vers.
844 1216 930 1268 20.
963 1214 1043 1269 Et
1072 1213 1288 1270 reversi
1313 1219 1456 1268 sunt
1501 1244 1569 1252 —
1598 1213 1774 1281 ipsos.
1833 1203 2066 1263 Reversi
2097 1205 2235 1257 sunt

579 1303 661 1361 ad
692 1317 934 1373 gregem
964 1319 1160 1358 suum.

651 1393 813 1448 Vers.
841 1393 930 1447 21.
955 1392 1214 1463 Cumque
1234 1421 1301 1433 —
1321 1395 1506 1448 utero.
1525 1389 2054 1456 Quemadmodum
2067 1390 2232 1462 apud

579 1497 692 1538 nos
730 1481 1091 1548 sacerdotes,
1123 1480 1373 1552 quando
1400 1481 1720 1552 baptizant,
1753 1483 1896 1535 tunc
1927 1480 2105 1536 etiam
2130 1496 2233 1537 no-

578 1585 719 1627 men
751 1570 1072 1642 imponunt
1101 1586 1112 1624 :
1143 1571 1223 1626 ita
1248 1575 1302 1625 et
1325 1569 1486 1641 apud
1516 1567 1810 1633 Hebraeos,
1844 1571 2094 1640 quando
2125 1570 2234 1626 cir-

579 1660 951 1724 cumcidunt,
980 1665 1117 1716 tunc
1149 1660 1327 1715 etiam
1359 1675 1581 1716 nomen
1608 1659 1941 1730 imponunt.

653 1748 949 1806 Dubitavit
969 1754 1168 1804 autem
1200 1747 1437 1820 aliquis,
1467 1763 1650 1820 quare
1681 1748 1947 1804 Christus
1981 1751 2232 1805 circum-

1901 358 2246 422 EU'l‘llYMll
2288 358 2618 415 ZlGABENl

647 503 807 558 Vers.
837 503 926 557 19.
970 501 1170 557 Μανία
1200 508 1398 558 autem
1428 531 1496 540 ——
1547 499 1690 555 hwc.
1740 498 1884 561 Quae
1913 508 1948 549 a
1978 485 2229 562 pastori-
2258 483 2303 538 Α

3848 367 3956 424 888

2423 491 2464 537 Η
2502 482 2559 538 δὲ
2603 489 2821 562 Μαριὰμ
2869 517 2938 527 -
2976 494 3162 541 ταῦτα.
3219 489 3299 539 Τὰ
3342 490 3489 562 παρὰ
3534 498 3634 541 τῶν
3691 496 3956 564 ποιμένων

2338 571 2641 632 λαληθέντα.
2679 581 2949 645 Συνετήρει
2979 572 3038 629 δὲ
3070 583 3238 628 ταῦτα
3280 577 3401 651 παρ’
3431 577 3616 649 ἑαυτῇ.

2412 663 2787 735 Συμϐάλλουσα
2861 695 2931 706 —
2996 664 3180 727 αὐτῆς.
3277 666 3711 740 ιιαρεξετάξουσα
3785 679 3959 726 ταῦτα

2341 753 2458 804 καθ’
2526 753 2732 819 ἑαυτὴν,
2790 758 2921 828 πρὸς
2987 773 3040 807 τε
3084 758 3170 806 τόν
3229 753 3282 817 ἐξ
3340 753 3518 830 ἀρχῆς
3577 758 3955 834 εύαγγελισμόν

2341 848 2433 891 τοῦ
2492 840 2741 916 Γαϐριὴλ,
2800 848 2888 896 καὶ
2942 847 3037 901 τὴν
3094 845 3327 915 ἄσπορον
3381 843 3659 916 σύλληψιν,
3717 855 3808 901 καὶ
3857 856 3955 908 τὴν

2344 926 2591 982 ἀνωδινον
2635 934 2846 999 κύησιν,
2897 938 2987 983 καὶ
3035 935 3120 984 τὸν
3170 934 3394 1004 ἄφθορον
3438 940 3610 998 τόκον,
3661 942 3749 989 καὶ
3797 937 3957 990 τελει-

2344 1024 2536 1092 ωτέραν
2711 1021 2880 1093 ἠρέμα
2909 1018 3171 1093 δεχομένη
3211 1021 3590 1097 πληροφορίαν.

2417 1218 2516 1265 Καὶ
2592 1215 2922 1288 ὑπέστρεψαν
3010 1246 3080 1255 —
3151 1215 3363 1278 αύτούς.

2340 1305 2433 1359 την
2461 1307 2684 1374 ποίμνην
2715 1304 2903 1358 αὐτῶν.

3444 1217 3792 1292 Ὑπέστρεψαν
3881 1223 3959 1285 εἰς

2417 1395 2517 1443 Kal
2569 1393 2651 1444 ὅτε
2696 1422 2766 1434 —
2819 1392 3010 1465 κοιλίᾳ.
3064 1392 3265 1464 Ὠσπερ
3318 1397 3368 1446 οἱ
3422 1396 3547 1470 παρ’
3595 1399 3719 1469 ἡμῖν
3777 1401 3954 1473 ἱερεις,

2343 1479 2425 1531 ὅτε
2473 1477 2819 1552 βαπτίζουσι,
2870 1485 2984 1534 τότε
3031 1487 3122 1534 καὶ
3162 1481 3514 1554 ὀνομάζουσιν
3539 1506 3552 1518 ο
3591 1487 3724 1538 οὕτω
3777 1493 3867 1540 καὶ
3901 1491 3957 1541 οἱ

2342 1572 2465 1641 παρ’
2547 1567 2831 1642 Ἑϐραίοις,
2904 1571 2988 1623 ὅτε
3053 1576 3444 1644 περιτέμνουσι,
3517 1580 3630 1628 τότε
3701 1581 3791 1629 καὶ
3858 1582 3955 1636 τὴν

2344 1655 2437 1715 κλῆ
2448 1675 2530 1708 σιν
2569 1656 2913 1713 ἐπιτιθέασιν.

2414 1746 2702 1819 Ἀπορήσει
2741 1744 2800 1800 δέ
2824 1767 2918 1816 τις,
2954 1749 3056 1815 ὅτι,
3103 1745 3284 1807 ἐπειδὴ
3336 1750 3449 1820 (51)
3491 1756 3666 1804 παύειν
3715 1759 3808 1811 τὴν
3855 1773 3945 1806 πε-

581 1837 791 1895 cisioni
813 1837 996 1894 ﬁnem
1014 1844 1142 1893 erat
1157 1837 1546 1909 impositurus
1562 1836 1590 1890 ‘I
1618 1838 1720 1892 Cui
1740 1838 2233 1908 respondendum

2347 1839 2560 1907 ριτομήν
2645 1835 2843 1908 ἔμελλεν
2920 1839 2946 1889 ὁ
3025 1841 3275 1912 Χριστὸς,
3353 1835 3496 1891 διατί
3571 1844 3933 1914 περιετμήθης

580 1933 688 1992 est,
707 1927 868 2000 quod
889 1926 1003 1983 hoc
1018 1927 1351 1982 secundum
1373 1926 1883 1998 dispensationem
1907 1933 2106 1982 actum
2123 1933 2233 1985 est.

583 2017 702 2074 Nisi
753 2017 915 2072 enim
963 2016 1353 2072 circumcisus
1400 2015 1604 2072 fuisset
1662 2031 2050 2088 nequaquam
2105 2019 2234 2088 ejus

582 2106 857 2162 doctrina
886 2111 1156 2176 suscepta
1194 2104 1416 2170 fuisset,
1463 2105 1567 2160 sed
1599 2105 1850 2162 omnino
1899 2107 2231 2178 repudiata,

580 2199 874 2268 tanquam
898 2194 1244 2263 alienigenae
1271 2215 1284 2250 :
1310 2210 1505 2266 neque
1531 2194 1879 2251 credidisset
1902 2196 2232 2268 quispiam,

579 2284 780 2358 ipsum
804 2299 937 2340 esse
967 2283 1266 2339 Christum
1300 2283 1374 2339 de
1405 2283 1631 2339 semine
1683 2283 1991 2340 Abraham
2032 2300 2238 2356 exspe-

580 2372 1045 2430 ctatum.0mnes
1061 2371 1286 2444 enim,q
1295 2372 1350 2427 ui
1363 2371 1442 2427 ab
1452 2371 1755 2427 Abraham
1769 2371 2235 2432 descendebant.

582 2461 845 2532 sigillum
878 2477 948 2517 ac
979 2461 1214 2532 signum
1252 2459 1554 2516 habebant
1581 2459 2066 2524 circumcisionis,
2100 2478 2235 2534 quas

580 2549 985 2619 distinguebat
1011 2550 1142 2605 illos
1170 2548 1248 2604 ab
1277 2548 1406 2604 aliis
1440 2549 1738 2618 gentibus.
1774 2549 1861 2605 Ob
1888 2549 2001 2606 hoc
2037 2549 2237 2623 itaque

582 2639 971 2695 circumcisus
997 2644 1102 2693 est.
1159 2638 1371 2707 Legem
1405 2639 1582 2692 etiam
1630 2637 1688 2692 in
1715 2637 1828 2693 hoc
1877 2637 2233 2711 adimplens,

582 2729 733 2783 sicut
761 2727 820 2782 in
852 2727 981 2783 aliis
1011 2742 1254 2798 quoque
1288 2726 1605 2797 praeceptis
1635 2726 1952 2796 legalibus,
1989 2744 2062 2784 ne
2093 2729 2238 2801 legis

581 2822 982 2885 transgressor
1026 2814 1342 2870 videretur.
1375 2817 1534 2870 Hanc
1565 2821 1765 2871 autem
1791 2831 2028 2872 cessare
2074 2817 2237 2882 facit,

583 2910 642 2961 et
684 2903 857 2960 valde
893 2903 1339 2960 rationabiliter.
1390 2905 1761 2960 Hebraeorum
1796 2906 1955 2962 enim
1995 2906 2232 2963 circum-

585 2993 734 3049 cisio
763 2992 1231 3049 Christianorum
1269 2995 1560 3065 baptisma
1588 2994 1885 3064 figurabat
1931 3012 1999 3052 ac
2037 2997 2239 3069 praesi-

581 3082 828 3154 gnabat.
857 3081 1385 3148 Quemadmodum
1415 3084 1574 3138 enim
1597 3083 1696 3140 illa
1725 3085 2003 3154 signabat
2029 3102 2154 3151 eos,
2181 3093 2237 3142 et

2347 1928 2481 1996 Πρός
2541 1925 2595 1976 ὃν
2649 1923 3011 1997 ἀπολογητέον,
3073 1928 3147 1978 ὅτι
3205 1927 3313 1978 κατ’
3383 1929 3695 2001 οἰκονομίαν.
3754 1931 3814 1982 Εἰ
3862 1936 3937 2002 μή

2344 2015 2663 2086 περιετμηθη
2703 2017 2824 2086 γὰρ,
2879 2015 2973 2066 ούκ
3019 2015 3081 2066 ἂν
3124 2015 3247 2076 ὅλως
3285 2013 3586 2091 παρεδέχθη
3642 2015 3946 2083 διδάσκων,

2345 2101 2452 2154 ἀλλ’
2505 2101 2810 2176 ἀπεπέμφθη
2862 2103 2942 2170 ἄν,
2985 2107 3054 2166 ὡς
3095 2104 3395 2177 ἀλλόφυλος,
3444 2102 3558 2158 οὐδ’
3607 2106 3666 2158 ἂν
3708 2107 3955 2160 ἐπίστευ-

2349 2196 2406 2244 σέ
2460 2211 2560 2260 τις,
2611 2194 2690 2244 ὃτι
2743 2193 2900 2255 αύτός
2965 2192 3079 2246 έστι
3142 2195 3169 2245 ό
3234 2191 3667 2268 προσδοκώμενος
3717 2202 3955 2271 Χριστὸς

2347 2279 2401 2332 έκ
2454 2285 2749 2355 σπέρματος
2801 2281 3062 2356 Ἀϐραάμ.
3124 2285 3191 2335 Ol
3238 2285 3341 2358 γὰρ
3400 2283 3455 2347 έξ
3507 2283 3745 2358 Ἀϐραὰμ
3791 2286 3929 2338 ἅπαν

2346 2387 2446 2437 τες,
2513 2367 2786 2443 σφραγῖδα
2848 2376 2938 2423 καὶ
3007 2379 3221 2444 σημεῖον
3274 2377 3368 2431 τὴν
3440 2379 3726 2447 περιτομὴν
3784 2372 3953 2447 εἶχον,

2349 2455 2755 2512 διαστέλλουσαν
2797 2460 2982 2522 αύτούς
3035 2460 3137 2513 ἀπὸ
3195 2470 3294 2514 τῶν
3343 2461 3508 2514 ἄλλων
3567 2462 3740 2516 ἐθνῶν.
3781 2471 3956 2538 Περιε-

2346 2549 2520 2619 τμήθη
2589 2552 2679 2620 μεν
2733 2550 2822 2601 οὗν
2875 2546 2970 2602 διὰ
3025 2558 3198 2616 τοῦτο,
3267 2550 3475 2624 πληρῶν
3533 2551 3799 2606 κάνταῦθα
3865 2560 3957 2606 τόν

2346 2641 2518 2709 νόμον,
2569 2640 2743 2712 ὥσπερ
2774 2645 2864 2692 καὶ
2902 2642 2952 2691 έν
2991 2648 3103 2701 τοῖς
3156 2639 3326 2702 ἄλλοις
3377 2650 3610 2714 νομικοῖς
3660 2644 3958 2716 παραγγέλ-

2346 2745 2528 2800 μασιν,
2573 2728 2653 2778 ἰνα
2704 2733 2775 2799 μὴ
2832 2724 2959 2801 δόξῃ
3028 2738 3119 2780 τοῦ
3175 2733 3335 2802 νόμου
3384 2730 3712 2806 παραϐάτης.
3756 2731 3955 2786 Ἐπαν-

2351 2835 2408 2868 σε
2448 2812 2507 2868 δι
2560 2819 2754 2874 ταύτην
2803 2823 2892 2870 καὶ
2948 2820 3082 2870 πάνυ
3136 2817 3377 2890 εὐλόγως.
3434 2819 3491 2872 Ἦ
3545 2825 3644 2894 γάρ
3698 2828 3950 2894 περιτομὴ

2348 2913 2448 2957 τῶν
2498 2904 2743 2977 Ἐϐραίων
2797 2911 2852 2959 τό
2914 2905 3196 2979 βάπτισμα
3269 2917 3368 2960 τῶν
3435 2917 3761 2982 Χριστιανῶν
3830 2911 3942 2962 έτύ-

2347 3013 2446 3046 που
2498 2999 2586 3046 καὶ
2643 3001 3036 3069 προεσήμαινεν.
3085 2996 3283 3070 Ὠσπερ
3339 3001 3440 3072 ’γὰρ
3511 2997 3680 3057 ἐκείνη
3733 3003 3843 3060 τοὺς
3887 3000 3939 3062 ἐξ

2349 3081 2589 3156 Ἀϐραὰμ
2811 3084 3097 3159 έσφράγιζε
3153 3091 3242 3138 καὶ
3295 3082 3584 3140 διέστελλεν
3658 3088 3757 3140 ἀπὸ
3825 3109 3947 3141 παν-

583 3171 661 3228 ab
693 3171 858 3227 omni
888 3175 1064 3244 gente
1080 3171 1488 3241 distinguebat
1519 3189 1532 3227 :
1561 3173 1642 3230 ita
1664 3179 1719 3230 et
1747 3173 1858 3229 hoc
1881 3175 2235 3234 Chritianos.

2349 3175 2437 3233 τὸς
2480 3175 2675 3242 ἔθνους,
2731 3174 2867 3226 οὕτω
2917 3179 3007 3226 καὶ
3053 3182 3207 3227 τοῦτο
3245 3180 3362 3238 τούς
3406 3181 3777 3250 Χριστιανούς.
3823 3179 3950 3249 [Καὶ

583 3261 646 3333 (ιι-
674 3263 740 3317 Et
757 3261 910 3316 sicut
939 3260 1036 3317 illa
1065 3260 1434 3333 superﬂuam
1455 3264 1723 3334 corporis
1745 3264 2119 3335 particulam,
2156 3267 2238 3322 ita

583 3349 779 3408 ethoc
809 3354 1080 3421 amputat
1117 3355 1432 3422 peccatum
1479 3352 1894 3423 superﬂuum).
1921 3355 2242 3425 Oportebat

583 3442 787 3495 autem
840 3453 1072 3495 cessare
1124 3439 1405 3508 ﬁguram,
1452 3441 1723 3497 veniente
1773 3443 2141 3514 exemplari:
2186 3449 2242 3501 et

585 3527 890 3599 quiescere
927 3527 1190 3597 signum,
1239 3528 1509 3584 adhibito
1540 3530 1894 3598 signiﬁcato.
1948 3534 2093 3587 Nam
2125 3533 2239 3589 hoc

586 3616 970 3688 perseipsum
1000 3615 1309 3688 adimplet,
1327 3622 1385 3674 et
1407 3618 1783 3688 superﬂuum
1802 3623 1908 3688 est,
1942 3620 2238 3694 quidquid

586 3704 881 3776 reliquum
907 3709 996 3759 est
1017 3705 1128 3776 (π).

660 3794 824 3850 Vers.
857 3793 944 3847 22.
971 3794 1049 3848 Et
1068 3793 1301 3863 quando
1331 3826 1398 3834 —
1427 3795 1637 3865 Moysi.
1701 3798 1814 3852 Lex
1860 3797 2108 3869 quidem
2140 3800 2242 3856 Dei

586 3885 732 3944 erat,
765 3885 967 3952 utpote
987 3881 1066 3936 ab
1095 3897 1168 3937 eo
1182 3881 1344 3937 data.
1375 3883 1692 3940 Dicebatur
1714 3890 1917 3942 autem
1949 3892 2005 3941 et
2030 3889 2236 3959 Moysi,

589 3974 874 4040 tanquam
900 3969 978 4024 ab
1025 3985 1097 4025 eo
1149 3971 1388 4042 scripta.
1429 3971 1689 4030 Jubebat
1747 3980 1967 4041 autem,
2025 3982 2241 4049 utque;

590 4072 795 4114 semen
817 4059 1255 4130 suscepissetac
1268 4061 1599 4132 peperisset
1615 4063 1972 4130 masculum,
2001 4066 2242 4138 impura

587 4146 910 4204 haberetur
935 4163 1124 4220 usque
1154 4148 1231 4205 ad
1261 4149 1663 4221 quadraginta
1718 4151 1849 4222 djes
1893 4155 1958 4208 ¹⁶.
1996 4157 2114 4210 Hoc
2140 4171 2240 4212 au-

589 4241 710 4294 tem
742 4236 1064 4294 ordinabat
1107 4238 1184 4294 ad
1212 4240 1480 4310 requiem
1515 4240 1737 4306 matris,
1774 4257 1847 4297 ne
1895 4245 2092 4299 statim
2135 4246 2237 4301 viri

587 4325 715 4383 suis
745 4342 883 4399 qua;
913 4327 1284 4399 peperissent
1344 4328 1632 4384 uxoribus
1684 4333 2235 4390 commiscerentur.

587 4413 859 4471 nondum
891 4420 1096 4470 curato
1121 4415 1347 4481 labore,
1379 4418 1481 4489 qui
1513 4418 1810 4490 parientes
1832 4423 2235 4494 consequitur.

2349 3261 2463 3332 (53)
2530 3264 2763 3335 καθάπερ
2830 3262 2989 3321 έκείνη
3048 3267 3284 3338 περιττὸν
3367 3263 3641 3335 ἀποτέμνει
3707 3275 3797 3318 τοῦ
3854 3273 3953 3320 σω-

2349 3370 2514 3423 ματος
2551 3356 2727 3425 μέρος,
2778 3353 2912 3404 οὕτω
2956 3358 3046 3405 καὶ
3084 3361 3237 3405 τοῦτο
3304 3357 3396 3410 τὴν
3447 3353 3706 3428 ἁμαρτίαν
3765 3355 3953 3408 ἀποτέο

2350 3459 2484 3512 μνει,
2533 3446 2771 3514 περιττὴν
2827 3441 3242 3516 ύπάρχουσαν.]
3272 3439 3419 3495 Ἔδει
3470 3440 3529 3496 δε
3573 3446 3835 3504 παυθῆναι
3867 3449 3955 3497 τόν

2351 3532 2530 3596 τύπον,
2591 3528 2818 3590 έλθόντος
2892 3538 2984 3583 τοῦ
3053 3534 3414 3606 πρωτότύπου,
3470 3537 3558 3584 καὶ
3620 3543 3845 3603 σιγῆσαι
3894 3538 3955 3586 τό

2349 3621 2561 3691 μηνύον,
2622 3619 2922 3680 ἐπιστάντος
2973 3627 3066 3672 τοῦ
3108 3625 3452 3692 μηνυομένόυ.
3507 3625 3576 3674 Τὸ
3620 3625 3718 3696 γὰρ
3770 3623 3958 3676 ἑαυτοῦ

2350 3707 2673 3781 πεπλήρωκε,
2705 3713 2796 3761 καὶ
2825 3713 3062 3782 περιττόν
3089 3706 3203 3761 ἔστι
3233 3717 3324 3761 τοῦ
3353 3708 3556 3762 λοιποῦ.

2425 3803 2525 3850 Kal
2568 3799 2650 3850 ὅτε
2702 3829 2768 3838 -
2821 3803 3102 3861 Μωυσέως.
3159 3797 3218 3850 Ὀ
3288 3802 3438 3871 νόμος
3505 3807 3591 3850 τοῦ
3658 3806 3791 3851 Θεοῦ
3860 3803 3959 3872 μὲν

2352 3885 2434 3956 ἦν,
2489 3889 2555 3947 ὡς
2606 3887 2729 3959 παρ’
2775 3886 2934 3939 αὐτοῦ
2996 3888 3321 3959 ύφηγηθείςο
3365 3887 3556 3958 ἐλέγετο
3615 3885 3673 3941 δε
3728 3893 3819 3941 καὶ
3857 3899 3958 3942 τοῦ

2350 3980 2630 4045 Μωυσέως,
2683 3979 2752 4036 ὡς
2807 3975 2930 4050 παρ’
2970 3975 3129 4028 αὐτοῦ
3191 3980 3417 4048 γραφείς.
3472 3977 3695 4030 Ἐκέλευε
3752 3974 3810 4030 δε
3857 3983 3958 4038 τὴν

2351 4066 2832 4139 σπερματισθείσαν
2916 4070 3006 4117 καὶ
3081 4071 3332 4117 τεκοῦσαν
3402 4066 3580 4137 ἄρσεν,
3663 4065 3957 4139 ἀκάθαρτον

2348 4154 2656 4226 νομίζεσθαι
2720 4158 2885 4225 μέχρι
2941 4155 3337 4226 τεσσαράκοντα
3397 4155 3620 4229 ἡμερῶν.
3682 4162 3843 4208 Τοῦτο
3894 4153 3959 4210 δὲ

2347 4247 2691 4317 προσέταττεν
2744 4242 2812 4302 εἰς
2886 4243 3182 4295 ἀνάπαυσιν
3256 4252 3347 4303 τῆς
3417 4248 3642 4317 μήτρας,
3724 4247 3805 4296 ἶνα
3875 4252 3954 4316 μὴ

2349 4332 2499 4392 εύθύς
2556 4333 2605 4384 οἱ
2665 4328 2853 4407 ἄνδρες
2926 4334 3203 4394 τεκούσαις
3251 4338 3366 4393 ταῖς
3430 4341 3687 4404 γαμεταῖς
3764 4333 3957 4386 ἑαυτῶν

2351 4419 2766 4492 συμπλέκωνται,
2815 4425 2974 4492 μήπω
3026 4425 3119 4478 τὴν
3174 4419 3274 4473 ἀπὸ
3326 4429 3420 4473 τοῦ
3480 4429 3640 4474 τεκεῖν
3697 4421 3960 4475 ταλαιπω-

589 4505 812 4560 Verum
847 4503 946 4560 Dei
984 4503 1247 4560 Genitrix
1276 4505 1414 4563 huic
1444 4512 1599 4562 certe
1623 4507 1740 4577 legi
1788 4509 2062 4579 subjecta
2116 4527 2237 4567 non

2349 4515 2464 4574 ρίαν
2547 4511 2983 4584 θεραπευσάσαις.
3046 4509 3180 4562 Ἀλλ’
3246 4513 3274 4569 ἠ
3334 4516 3586 4571 Θεοτόκος
3655 4511 3758 4583 οὐχ
3834 4512 3960 4564 ύπέ-

588 4599 732 4661 erat,
761 4609 831 4649 eo
855 4594 1020 4664 quod
1051 4610 1255 4650 semen
1280 4610 1401 4650 non
1453 4602 1793 4666 susceperat
1821 4614 1834 4654 :
1867 4599 2131 4655 obedivit
2159 4607 2238 4657 tn-

587 4697 748 4746 men,
778 4698 852 4738 ne
881 4683 1074 4752 legem
1108 4684 1440 4752 transgredi
1492 4684 1806 4741 videretur.
1859 4688 2238 4758 Purgationis

587 4775 789 4829 autem
819 4786 1049 4839 eorum,
1089 4777 1236 4843 puta
1267 4773 1471 4829 matris
1505 4774 1670 4843 pueri
1718 4791 1788 4830 ac
1819 4778 2022 4846 sponsi
2065 4779 2192 4848 ejus
2223 4797 2235 4835 :

587 4875 776 4932 appro
784 4860 1133 4932 priabantur
1152 4863 1311 4918 enim
1333 4868 1389 4920 et
1413 4863 1557 4919 viris
1578 4865 1963 4935 purgationes
1982 4882 2236 4925 uxorum

588 4965 860 5006 suarum.

657 5129 704 5164 1⁸
742 5126 923 5186 Lavit.
949 5143 1053 5195 xu,
1082 5132 1134 5186 2.

2349 4620 2485 4653 κειτο
2511 4603 2600 4672 μὲν
2621 4607 2692 4669 τῷ
2723 4603 2862 4671 νόμῳ
2891 4601 3075 4670 τούτῳ,
3114 4595 3206 4650 διὰ
3234 4603 3293 4650 τό
3338 4603 3407 4670 μὴ
3457 4602 3913 4674 σπερσαιισθῆναι
3941 4620 3954 4632 ·

2350 4688 2707 4761 έπειθάρχησε
2747 4684 2805 4741 δε
2835 4687 2994 4758 αύτῷ,
3023 4689 3105 4739 ἶνα
3147 4692 3218 4759 μὴ
3282 4684 3411 4750 ὃόξη
3472 4688 3807 4760 παραϐαινειν
3866 4693 3957 4740 τόν

2347 4783 2519 4848 νόμον.
2569 4785 2673 4830 Τοῦ
2723 4779 3055 4851 καθαρισμοῦ
3100 4772 3159 4828 δι
3198 4777 3386 4842 αύτών,
3437 4781 3554 4836 ἤτοι
3607 4786 3700 4840 τῆς
3753 4783 3960 4850 μητρὸς

2347 4875 2438 4919 τοῦ
2493 4862 2713 4919 παιδίου
2770 4871 2860 4918 καὶ
2911 4873 3002 4918 τοῦ
3049 4873 3352 4940 μνηστῆρος
3399 4865 3597 4928 αὐτῆς·
3654 4868 3957 4938 ’ῼκειοῦντο

2344 4959 2446 5030 γὰρ
2478 4958 2527 5008 οἱ
2566 4952 2754 5030 ἄνδρες
2781 4957 2869 5007 τὸν
2912 4956 3242 5027 καθαρισμὸν
3298 4962 3397 5007 τῶν
3444 4965 3702 5026 γυναικῶν
3760 4956 3956 5014 αὐτῶν,

1808 5336 2016 5405 νοτίδι
2053 5335 2381 5406 lectiones
2423 5347 2489 5404 et
2529 5346 2734 5406 notae.

683 5628 770 5682 5H
802 5628 948 5678 Ἐπεὶ
987 5629 1192 5682 παύειν.
1227 5633 1280 5681 Β.

678 5556 769 5626 50)
792 5553 1126 5626 Τελεωτέραν,
1159 5561 1216 5612 Β,

678 5557 770 5698 5οζ
792 5557 1126 5626 Τελεωτέραν,
1159 5561 1216 5612 Β.

683 5629 742 5682 51
802 5628 948 5678 Ἐπεὶ
987 5629 1192 5682 παύειν.
1227 5633 1280 5681 Β.

653 5557 769 5770 ἕω)
801 5696 888 5760 Ἐξ
913 5695 1151 5772 Ἀϐραάμ
1179 5713 1301 5755 non
1327 5698 1605 5769 exprimit
1634 5699 1940 5772 interpres.

2413 5559 2542 5632 (53),
2562 5559 2698 5616 Haec
2727 5558 2788 5614 in
2817 5557 3084 5632 margine
3108 5559 3174 5612 A.
3206 5558 3538 5632 ﬂentenius
3577 5558 3710 5616 haec
3737 5558 3802 5615 in
3833 5560 3957 5618 ﬁne

2342 5628 2547 5687 scholii
2575 5647 2648 5687 ex
2688 5628 3085 5707 margine—sui
3113 5628 3332 5687 codicis
3363 5629 3695 5690 addiderat.
