4188 6438
294 386 406 442 889

1429 383 1798 443 COMMENT.
1841 379 1911 437 IN
1940 380 2197 439 LUCAM'
2239 413 2305 427 —
2345 383 2501 442 CAP.
2545 386 2613 442 II.

3556 391 3661 448 890

372 512 664 585 Ἀνήγαγον
685 546 752 555 -
782 514 1123 574 κληθήσεται.
1169 520 1537 587 Παραστῆσαι,
1574 515 1739 564 εῖτουν
1762 508 1787 561 ό
1809 527 1896 561 πο-

2082 508 2241 566 Vers.
2301 510 2390 566 22.
2452 511 2819 570 Adduam-unt
2863 543 2934 555 —
2999 517 3164 573 Vers.
3210 521 3301 575 23.
3357 516 3657 573 vocabitur.

297 608 522 672 κομίσαι
545 612 615 674 τῷ
641 606 818 677 Κυρίῳ
867 605 936 667 εἰς
966 607 1052 657 τόν
1082 603 1132 656 ἐν
1179 602 1549 676 Ἰεροσολύμοις
1582 605 1723 652 ναόν.
1756 598 1898 670 Ἐγί-

301 709 504 762 γραπτο
528 695 632 765 γὰρ
671 692 719 744 ἐν
758 701 828 763 τῴ
859 697 996 765 νόμῳ
1043 696 1120 746 ὅτι
1164 698 1270 746 Πᾶν
1312 694 1467 765 ἄρσεν
1499 688 1762 760 διανοῖγον
1799 693 1900 761 μή-

302 799 450 854 τραν,
482 790 682 854 πρῶτον
710 778 972 846 δηλονότι,
1004 787 1243 836 τουτέστι
1271 786 1619 855 πρωτότοκον,
1649 778 1797 850 ἅγιον
1826 785 1898 847 τῷ

300 871 485 940 Κυρίῳ
505 870 820 928 κληθήσεται
851 893 863 905 ·
894 876 1054 943 ἤγουν
1086 870 1439 946 ἀφωρισμένον
1470 878 1541 940 τῷ
1569 875 1683 939 Θεῷ
1706 866 1899 925 κληθή-

302 978 474 1010 σεται.

375 1046 699 1121 Ἀφιεροῦντο
730 1047 788 1103 δὲ
817 1056 882 1103 τὰ
915 1060 1217 1126 πρωτότοκα
1252 1060 1353 1103 τῶν
1380 1048 1634 1122 Ἐϐραίων
1662 1054 1736 1118 τῷ
1765 1051 1896 1117 θεῷ,
1970 1080 1973 1083 ‘

299 1133 446 1190 διότι
474 1139 636 1191 πάλαι
660 1143 723 1193 τὰ
754 1146 1061 1215 πρωτότοκα
1108 1150 1208 1193 τῶν
1238 1140 1537 1213 Αἰγυπτίων
1576 1136 1897 1191 ἐθανάτωσεν

296 1227 431 1300 ύπὶρ
463 1226 750 1304 ἐλευθέρίας
769 1239 870 1282 τῶν
896 1229 1167 1304 Ἑϐραίων.

374 1315 532 1369 Ἀλλὰ
566 1321 635 1371 τὰ
661 1322 751 1392 μεν
778 1319 909 1373 ἄλλα
936 1325 1242 1394 πρωτότοκα
1271 1315 1731 1393 προδιανοιγεῖσαν
1778 1311 1895 1367 δια-

292 1410 537 1477 νοίγουσὶ
562 1412 657 1467 τὴν
682 1414 887 1482 μήτραν
920 1427 932 1440 ⁸
962 1407 1390 1486 προδιανοίγεται
1414 1410 1516 1483 γὰρ
1543 1415 1605 1479 τῇ
1643 1408 1896 1476 συνουσίᾳ

295 1502 396 1547 τοῦ
425 1493 633 1571 ἀνδρὸς,
675 1500 758 1552 ὅτε
782 1502 842 1552 τό
894 1503 1101 1575 σπέρμα
1144 1499 1553 1559 εἰσακοντίξεται
1573 1514 1585 1527 ·
1610 1500 1759 1568 μόνος
1781 1490 1840 1546 δι
1870 1494 1895 1545 ό

293 1588 536 1658 Χριστός
562 1591 722 1658 μήπω
762 1584 1120 1661 διανοιγεῖσαν
1171 1585 1427 1651 διήνοιξεν
1484 1588 1776 1658 ὑπερφυῶς,
1805 1586 1894 1634 καὶ

291 1674 662 1748 καλεισμενην
685 1679 818 1730 κατά
843 1681 996 1750 φύσιν
1027 1678 1275 1754 ἐτήρησεν
1309 1698 1322 1711 ·
1353 1676 1460 1729 inst
1505 1679 1595 1728 καὶ
1634 1678 1788 1746 μόνος
1812 1673 1898 1725 οὗ·

290 1780 379 1823 τος
406 1762 554 1835 ἅγιος
582 1772 656 1835 τῷ
686 1765 861 1839 Κυρίῳ
888 1772 1082 1839 κυρίως
1139 1785 1151 1797 ·
1200 1769 1336 1819 κατὰ
1393 1770 1485 1824 τὴν
1519 1767 1738 1821 θεότητα
1783 1765 1895 1835 μεν,

2009 597 2308 665 Sisterent,
2341 600 2461 655 sive
2490 600 2770 657 aﬂ‘errent
2800 603 3128 660 Dominoin
3159 605 3449 678 templum
3497 607 3658 679 quod

2007 691 2133 743 erat
2182 688 2594 761 Jerosolymis.
2645 691 2936 763 Scriptum
2984 698 3108 749 erat
3167 695 3322 749 enim
3381 696 3440 750 in
3480 695 3654 764 lege:

2006 775 2172 832 Omne
2201 779 2567 834 masculinum
2593 780 2920 852 adaperiens
2942 783 3155 839 vulvam
3183 783 3468 855 (primum
3501 784 3658 840 vide-

2003 864 2156 932 licet,
2215 867 2330 924 hoc
2377 875 2481 933 est,
2535 868 3023 940 primogenitum)
3097 879 3365 929 sanctum
3410 874 3657 929 Domino

2005 956 2315 1012 vocabitur
2345 959 2430 1024 ‘7;
2465 959 2606 1023 sive,
2641 965 2984 1030 separatum
3024 961 3280 1017 Domino
3311 962 3649 1020 vocabitur.

2078 1049 2595 1107 Consecrabantur
2617 1057 2816 1108 autem
2848 1051 3230 1108 Hebraeorum
3259 1052 3659 1123 primogenita

2007 1138 2145 1199 Deo,
2209 1137 2352 1210 quia
2389 1139 2530 1196 olim
2592 1142 2986 1213 primogenita
3039 1144 3430 1213 Egyptorum
3484 1140 3657 1197 morti

2005 1226 2246 1284 tradidit
2275 1243 2385 1300 pro
2406 1228 2673 1286 libertate
2704 1229 3100 1288 Hebraeorum
3126 1232 3194 1282 1⁸.

2075 1316 2188 1373 Sed
2219 1318 2343 1374 tunc
2371 1318 2618 1391 quidem
2647 1321 3044 1391 primogenita
3055 1319 3175 1391 jam
3209 1325 3479 1393 apertam
3512 1320 3660 1376 ada-

2003 1407 2240 1477 periunt
2281 1407 2519 1463 vulvam
2550 1426 2567 1463 :
2598 1410 2862 1483 aperitur
2890 1410 3049 1465 enim
3084 1409 3144 1465 in
3172 1410 3278 1465 viri
3309 1425 3658 1480 congressu,

2002 1495 2252 1568 quando
2282 1511 2486 1552 semen
2509 1497 2785 1554 infundit.
2812 1498 2982 1555 Solus
3012 1497 3490 1569 autemiChristus
3516 1513 3662 1553 non-

2004 1584 2140 1639 dum
2157 1591 2450 1657 apertam,
2467 1586 2992 1660 supernaturaliter
3007 1587 3259 1659 aperuit,
3295 1593 3351 1643 et
3370 1586 3658 1653 clausam,

2002 1674 2351 1729 naturaliter
2379 1676 2636 1731 servavit
2668 1676 2845 1747 :quia
2867 1676 3044 1731 etiam
3076 1675 3236 1731 solus
3282 1676 3373 1731 hic
3420 1675 3659 1748 proprie

2005 1767 2247 1818 sanctus
2275 1764 2648 1830 estDomino,
2683 1770 2739 1819 et
2758 1765 3091 1819 secundum
3113 1764 3496 1827 divinitatem,
3515 1764 3660 1836 quia

294 1853 370 1912 ὡς
399 1854 518 1913 Υἱός
545 1853 724 1919 αὐτοῦ,
754 1858 891 1907 κατὰ
912 1853 971 1908 δι
994 1859 1088 1913 τὴν
1116 1855 1509 1925 ἀνθρωπότητα,
1544 1856 1611 1915 ὡς
1643 1854 1896 1923 ἡνωμένος

2012 1851 2186 1907 Filius
2252 1852 2427 1923 ejus:
2485 1859 2541 1908 et
2590 1854 2922 1909 secundum
2975 1853 3407 1909 humanitatem
3462 1858 3660 1925 utpote

293 1947 370 2010 τῷ
397 1943 503 2012 Υἱῷ
550 1943 730 1997 αὑτοῦ.
769 1942 949 2010 Ὠστε,
1008 1945 1050 1996 εἰ
1073 1949 1163 1997 καὶ
1210 1941 1245 1996 δ
1252 1948 1303 1996 ιὰ
1332 1948 1419 2001 τὴν
1453 1944 1703 2018 ῥηθεῖσαν
1734 1941 1899 1992 αἰτίαν

291 2036 417 2105 περὶ
472 2033 678 2084 πάντων
723 2040 820 2085 τῶν
859 2039 1199 2109 πρωτοτόκων
1244 2033 1589 2106 ἐνομοθετήθη
1638 2034 1694 2084 τό
1733 2033 1899 2105 παρόν

293 2120 477 2194 ῥητόν,
508 2118 636 2173 ἀλλὰ
663 2141 723 2194 γε
754 2126 880 2196 πρὸς
926 2127 1012 2175 τόν
1040 2127 1270 2199 Χριστόν
1301 2127 1454 2196 μόνον
1481 2121 1647 2195 ὀρθῶς
1688 2118 1897 2173 ἀπέϐλε-

294 2228 411 2263 πεν.

378 2296 750 2372 [Ἃμφιλοχίον
774 2300 889 2374 (54)
921 2302 1137 2355 Ἰκονίου
1162 2322 1174 2335 ·
1208 2304 1339 2377 Πρός
1372 2304 1463 2375 μεν
1493 2305 1587 2360 τὴν
1616 2303 1896 2376 παρενικὴν

308 2389 465 2458 φύσιν
520 2385 633 2442 οὐδ’
680 2390 807 2453 ὅλως
854 2393 910 2443 αἱ
976 2394 1284 2466 παρθενικαὶ
1332 2391 1494 2445 πύλαι
1551 2388 1895 2461 ἀνεῴχθησαν

304 2474 553 2550 βουλήσει
580 2486 671 2532 τοῦ
720 2478 907 2553 ἀρτίως
934 2484 1350 2557 κυοφορεθίντος,
1413 2484 1548 2534 κατὰ
1593 2484 1651 2533 τό
1698 2481 1895 2553 φάσκον

296 2571 414 2638 περὶ
439 2566 600 2620 αύτού
621 2569 779 2643 ῥητόν
809 2588 821 2600 ·
859 2571 997 2629 Αὕτη
1030 2574 1060 2630 ἠ
1093 2571 1229 2630 πύλη
1255 2579 1345 2624 τοῦ
1386 2575 1610 2646 Κμρίου,
1642 2574 1731 2622 καὶ
1761 2571 1893 2622 εἰσε-

291 2650 554 2721 λεύσεται,
586 2659 676 2707 καὶ
707 2655 1043 2720 ἐξελεύσεται,
1103 2661 1192 2710 καὶ
1240 2660 1389 2710 ἔσται
1421 2658 1452 2716 ἠ
1493 2655 1629 2715 πύλη
1670 2654 1897 2708 κεκλεισ-

288 2743 418 2813 μενη
455 2758 469 2771 ⁸
508 2743 623 2813 (55)
668 2746 738 2806 ὡς
785 2742 845 2798 δι
890 2749 1016 2820 πρὸς
1064 2751 1159 2805 τὴν
1217 2743 1440 2818 δύναμιν
1497 2753 1591 2799 τού
1619 2747 1894 2817 τεχθέντος

289 2834 581 2897 Δεσπότου,
633 2829 783 2885 ούδεν
840 2834 1134 2888 κέκλεισται
1189 2844 1262 2906 τῷ
1296 2835 1502 2909 Κυρίῳ,
1544 2834 1674 2887 ἀλλὰ
1723 2836 1894 2887 πάντα

289 2918 568 2990 ἀνέῳκται.
594 2920 614 2990 ]

366 3012 470 3061 Καὶ
500 3015 595 3060 τού
639 3004 824 3062 δοῦναι
860 3041 931 3053 —
966 3022 1305 3087 περιστερῶν.
1346 3044 1414 3053 -
1443 3014 1735 3086 ’Δνήγαγον
1795 3012 1895 3065 αύ-

289 3098 378 3149 τόν
404 3096 523 3169 (56)
564 3103 715 3169 φησὶ,
738 3098 864 3175 ύπερ
896 3108 988 3153 τοῦ
1017 3110 1362 3177 παραστῆσαι
1386 3110 1459 3174 τῷ
1495 3105 1695 3176 Κυρίῳ,
1722 3103 1896 3163 καθὼς

2008 1940 2209 1996 unitus
2243 1940 2383 1997 Filio
2400 1942 2553 2011 ejus.
2583 1942 2788 2014 Itaque
2824 1942 2956 1998 licet
2985 1950 3224 2015 propter
3270 1942 3491 1998 dictum
3523 1957 3660 1997 cau-

2007 2043 2137 2084 sam
2194 2029 2269 2084 de
2293 2031 2577 2086 omnibus
2635 2030 3047 2102 primogenitis
3086 2046 3346 2103 praesens
3408 2030 3657 2087 verbum

2007 2123 2297 2175 statutum
2329 2124 2436 2187 est,
2476 2119 2675 2177 solum
2721 2125 2926 2177 tamen
2950 2121 3250 2178 Christum
3289 2121 3510 2177 directe
3538 2136 3658 2177 res-

2005 2206 2166 2280 pieit.

2075 2299 2162 2369 -Η-
2190 2298 2584 2371 Amphilochii
2617 2300 2954 2359 leonensis:
2994 2300 3166 2367 Quod
3218 2300 3420 2356 attinet
3479 2304 3659 2356 natu-

2003 2401 2134 2443 ram
2164 2387 2437 2459 Virginis,
2467 2393 2655 2461 portaa
2684 2389 2966 2460 virgineas
2996 2405 3240 2463 prorsus
3279 2404 3401 2445 non
3435 2394 3657 2462 apertae

2004 2482 2162 2541 sunt,
2224 2476 2530 2534 voluntate
2586 2477 2737 2549 ejus,
2770 2479 2963 2551 quiin
3007 2484 3174 2534 utero
3212 2478 3548 2549 gerebatur,
3571 2494 3658 2533 se-

2002 2564 2272 2622 cundum
2300 2566 2527 2623 dictum
2556 2567 2632 2623 de
2660 2583 2768 2624 eo:
2801 2568 2946 2625 Haec
2974 2574 3056 2625 est
3093 2574 3271 2638 porta
3315 2568 3566 2632 Domini,
3602 2573 3660 2625 et

2001 2654 2278 2723 intrabit,
2298 2662 2353 2712 et
2373 2656 2578 2720 exibit,
2593 2663 2646 2713 et
2668 2660 2781 2714 erit
2806 2664 2982 2724 porta
2998 2659 3204 2714 clausa
3223 2659 3270 2693 ¹⁹
3296 2676 3310 2725 ;
3342 2657 3500 2729 quod
3516 2671 3658 2713 vero

2006 2744 2213 2801 attinet
2243 2746 2568 2816 potentiam
2599 2746 2723 2802 nati
2772 2747 3027 2812 Domini,
3071 2746 3214 2803 nihil
3266 2747 3537 2803 clausum
3568 2750 3660 2803 est

2005 2833 2280 2903 Domino,
2322 2834 2429 2890 sed
2444 2835 2641 2892 omnia
2663 2840 2872 2908 aperta
2898 2840 3059 2892 sunt.

2075 3012 2240 3068 Vers.
2255 3015 2343 3068 24.
2370 3014 2447 3069 Et
2464 3017 2529 3068 ut
2540 3014 3275 3072 darent—columbarum.
3300 3017 3659 3073 —Adduxe-

2002 3107 2150 3158 runt
2168 3116 2322 3167 eum,
2354 3102 2566 3175 inquit,
2597 3110 2663 3159 ut
2682 3103 2948 3160 sisterent
2974 3105 3228 3170 Domino,
3251 3103 3408 3159 sicut
3430 3104 3657 3160 dictum

293 3188 522 3259 εἰρηται,
555 3191 645 3240 καὶ
693 3189 819 3263 ύπὶρ
873 3197 966 3243 τοῦ
998 3186 1181 3244 δοῦναι
1236 3193 1422 3245 θυσίαν
1476 3193 1602 3267 ύπὶρ
1644 3192 1804 3244 αὐτοῦ
1830 3194 1895 3244 τὰ

2012 3192 2111 3255 est,
2145 3193 2202 3246 et
2226 3194 2289 3246 ut
2316 3189 2529 3247 darent
2555 3191 2814 3248 hostiam
2845 3208 2955 3264 pro
2995 3208 3087 3258 eo,
3118 3191 3219 3248 illa
3257 3193 3494 3255 scilicet,
3522 3209 3659 3266 quas

287 3273 536 3349 ρηθέντα.
567 3274 848 3331 Ἐπέταττε
876 3281 975 3352 γὰρ
1016 3281 1042 3331 ό
1071 3299 1226 3353 νομος
1279 3278 1491 3334 διδόναι
1545 3281 1725 3353 ζεῦγος
1768 3300 1893 3355 τρυ-

288 3365 455 3433 γόνων
485 3360 608 3436 ύὰὲρ
665 3369 1004 3439 σωφροσύνης
1051 3375 1143 3420 τοῦ
1206 3365 1397 3429 παιδός
1422 3382 1438 3399 ·
1472 3373 1892 3441 σωφρονέστατον

290 3451 393 3523 φὰρ
416 3453 447 3510 ἠ
482 3457 682 3525 τρυγών
717 3469 729 3483 ⁶
757 3454 788 3513 ἦ
814 3450 912 3507 δύο
940 3460 1185 3517 νεοσσούς
1212 3466 1530 3531 περιστερῶν
1568 3460 1694 3531 ύπερ
1724 3476 1892 3510 τεκνο-

290 3545 471 3611 γονίας
499 3540 661 3593 αύτοῦ
684 3558 699 3572 ⁸
731 3548 1083 3616 γονιμώτατον
1121 3547 1223 3618 γὰρ
1255 3547 1285 3604 ἡ
1316 3548 1618 3620 περιστερά.
1645 3548 1805 3599 Διττὰ
1834 3542 1893 3598 δε

290 3634 382 3682 καὶ
409 3638 597 3695 ταῦτα,
629 3629 862 3703 κάκεῖνα,
892 3634 975 3685 ἶνα
997 3637 1055 3686 τό
1080 3637 1171 3708 μεν
1214 3638 1293 3694 ε’ίη
1325 3635 1397 3698 εἰς
1441 3634 1715 3708 ἕξίλασμα,
1744 3638 1803 3688 τὸ
1831 3630 1892 3687 δι

292 3718 366 3780 εἰς
390 3719 755 3793 ὁλοκάρπωμα.
787 3720 988 3792 Ὠσπερ
1021 3720 1081 3777 δί
1124 3726 1155 3783 ἠ
1197 3730 1373 3800 μήτηρ
1400 3732 1495 3778 τοῦ
1526 3725 1760 3799 Χριστού
1798 3725 1893 3777 ούκ

291 3810 530 3862 ὑπέκειτο
562 3818 633 3882 τῷ
656 3809 1000 3885 προρῥηθίντι
1055 3817 1213 3886 νόμῳ,
1275 3814 1441 3878 οὕτως
1476 3811 1601 3868 οὐδε
1630 3815 1783 3877 αὐτὸς
1818 3823 1891 3886 τῷ

290 3901 531 3970 παρόντι.
678 3910 683 3917 ’

685 4122 838 4177 ΚΕΦ.
873 4121 946 4175 Γ’.
974 4128 1097 4198 Περὶ
1135 4131 1225 4177 τοῦ
1274 4130 1496 4198 Συμεών.

362 4229 470 4296 Κᾳὶ
514 4225 631 4282 ἰδού
690 4259 756 4271 —-
795 4230 1027 4305 Ἰσραήλ,
1088 4232 1423 4302 Ἀνάκλησιν,
1482 4232 1739 4307 λύτρωσιν
1796 4243 1889 4288 τοῦ

288 4317 681 4391 Ἰσραηλιτικοῦ
716 4318 843 4372 λαοῦ
887 4319 987 4373 ἀπὸ
1030 4329 1120 4382 τῆς
1168 4318 1425 4383 δουλείας.
1469 4319 1779 4395 Προσεδόκα
1833 4321 1892 4378 δι

285 4410 483 4466 ταύτην
510 4406 563 4471 ἐξ
592 4407 928 4479 ἀναγνώσεως
955 4417 1055 4462 τῶν
1085 4419 1415 4485 προφητικῶν
1446 4409 1661 4484 βίϐλων,
1711 4410 1767 4464 αἱ
1795 4432 1893 4465 κα-

286 4495 569 4568 τήγγελλον
615 4501 703 4550 τόν
733 4502 983 4572 Χριστόν,
1026 4500 1081 4561 ὃς
1130 4498 1270 4552 ἐστιν
1320 4498 1605 4564 ἀνάκλησις
1655 4509 1747 4553 τοῦ
1774 4506 1887 4555 νέου

285 4586 680 4662 Ἰσραηλιτικοῡ
717 4587 863 4654 λαοῦ,
893 4587 1297 4662 ἀνακαλούμενος
1328 4591 1484 4643 αύτόν
1514 4590 1614 4644 ἀπὸ
1652 4600 1741 4653 τῆς
1767 4588 1889 4645 δου-

285 4675 431 4738 λείας
448 4684 539 4737 τῆς
558 4676 771 4739 πλάνης.

360 4766 467 4820 Καὶ
493 4773 693 4839 πνεῦμα
724 4798 787 4808 —
809 4767 984 4821 αύτόν·
1010 4774 1219 4842 Πνεῦμα
1248 4769 1398 4842 ἅγιον
1424 4788 1755 4845 προφητειας.
1777 4772 1888 4826 Οὐκ

285 4852 350 4914 ἧν
383 4851 444 4908 δι
476 4857 682 4929 ίερεύςό
711 4862 927 4932 Σῡρεών,
970 4861 1040 4920 ὡς
1082 4856 1195 4931 ἐμοὶ
1219 4862 1346 4921 τέως
1376 4856 1523 4912 δοκεῖ
1555 4875 1567 4890 °
1617 4857 1647 4919 ἦ
1696 4864 1798 4935 γὰρ
1826 4861 1886 4914 ἃν

286 4940 524 5002 ἑδήλωσε
550 4948 641 4998 καὶ
677 4952 830 4999 τοῦτο
859 4948 1059 5008 πάντως
1089 4949 1114 4999 ό
1144 4946 1482 5020 εὐαγγελιστή
1494 4970 1535 5017 ς,
1585 4952 1653 5011 ὡς
1682 4949 1888 5024 ἀξίωμα

283 5040 382 5087 τοῦ
412 5030 629 5109 ἀνδρόςῖ

361 5302 404 5337 ¹¹¹
438 5300 627 5360 Exod.
657 5315 775 5368 xui,
806 5303 859 5359 2.
937 5303 985 5341 1³
1013 5302 1158 5361 ibid.
1191 5309 1277 5362 15.
1354 5307 1401 5343 ιθ
1434 5307 1635 5365 Ezech.
1666 5323 1823 5377 XLIV,
1854 5312 1915 5365 2.

2001 3277 2163 3334 dicta
2190 3282 2346 3334 sunt.
2367 3279 2552 3335 Jussit
2575 3280 2733 3335 enim
2752 3281 2866 3346 lex,
2884 3281 3175 3337 utdarent
3194 3297 3306 3353 par
3335 3287 3656 3349 turturum,

2001 3372 2245 3439 propter
2267 3367 2435 3438 pueri
2467 3368 2955 3439 temperantiam,
2985 3374 3071 3425 est
3096 3369 3259 3425 enim
3311 3374 3505 3425 turtur
3531 3371 3656 3427 ani-

2000 3455 2125 3511 mal
2154 3455 2560 3512 castissimum
2596 3461 2737 3524 ;aut
2765 3456 2919 3513 duos
2971 3457 3167 3529 pullos
3210 3457 3653 3526 columbarum,

2001 3552 2244 3617 propter
2271 3544 2402 3616 ejus
2452 3544 2878 3602 fecunditatem
2908 3562 2921 3601 :
2951 3544 3234 3602 columba
3286 3561 3550 3619 namque
3576 3547 3658 3603 fe-

2000 3632 2374 3690 cundissima
2397 3639 2506 3691 est.
2534 3637 2713 3691 Erant
2741 3640 2939 3690 autem
2967 3642 3023 3690 et
3045 3635 3192 3700 haec,
3218 3640 3276 3691 et
3325 3634 3425 3691 illa
3463 3636 3658 3709 dupli-

2000 3720 2113 3777 cia.
2140 3723 2333 3779 Unum
2354 3722 2515 3779 enim
2540 3722 2903 3779 oﬁerebatur
2940 3725 2999 3779 in
3052 3723 3475 3796 placationem,
3516 3724 3658 3781 alte-

1999 3825 2136 3868 rum
2165 3812 2226 3868 in
2277 3811 2665 3870 oblationem.
2721 3815 2945 3877 Verum,
2994 3813 3149 3870 sicut
3204 3813 3418 3871 Christi
3470 3820 3658 3871 mater

1998 3899 2301 3974 praedictas
2327 3901 2444 3971 tegi
2471 3900 2742 3973 subjecta
2771 3917 2896 3958 non
2918 3907 3064 3969 erat,
3093 3903 3173 3958 sic
3220 3918 3331 3960 nec
3357 3902 3483 3975 ipse
3512 3918 3660 3975 prm-

2002 3991 2175 4048 senti.

2478 4132 2632 4187 CAP.
2666 4133 2754 4187 lll.
2790 4132 2868 4188 De
2892 4133 3174 4189 Simeone.

2072 4238 2237 4295 Vere.
2264 4242 2354 4295 25.
2404 4239 2481 4295 Et
2520 4253 2643 4295 ecce
2673 4270 2744 4280 —
2801 4240 3009 4296 Israel.
3053 4240 3117 4295 1d
3169 4245 3276 4311 est,
3337 4240 3659 4297 revocatio-

1999 4341 2161 4393 nem,
2192 4327 2664 4400 redemptionem
2713 4327 3014 4383 Israelitici
3064 4328 3267 4400 populi
3294 4344 3332 4384 a
3356 4328 3652 4384 servitute.

2000 4415 2396 4487 Exspectabat
2446 4421 2644 4471 autem
2699 4416 2854 4472 hanc
2918 4432 2991 4471 ex
3068 4416 3233 4471 libris
3295 4414 3654 4487 propheticis

2000 4503 2291 4560 Christum
2316 4504 2837 4568 annuntiantibus,
2878 4504 2984 4576 qui
3012 4504 3153 4561 novi
3204 4502 3507 4560 lsraelitici
3540 4520 3651 4576 po-

2000 4593 2122 4666 puli
2153 4594 2452 4651 revocatio
2472 4599 2581 4659 est,
2608 4609 2895 4650 revocans
2938 4609 3077 4649 eum
3094 4594 3173 4649 ab
3203 4594 3417 4650 erroris
3475 4594 3654 4650 servi-

1998 4688 2138 4740 tute.

2069 4774 2227 4829 Vers.
2259 4772 2348 4829 25.
2379 4773 2463 4829 Et
2509 4773 2752 4844 spiritus
2797 4802 2868 4815 —
2911 4787 3062 4829 eum.
3123 4772 3379 4845 Spiritus
3406 4777 3652 4830 sanctus

1995 4862 2339 4934 prophetiae.
2400 4866 2526 4920 Non
2596 4868 2721 4919 erat
2776 4868 2977 4918 autem
3032 4864 3332 4931 sacerdos,
3390 4869 3452 4920 ut
3512 4864 3655 4920 mihi

1994 4951 2231 5008 interim
2251 4952 2481 5008 videtur
2512 4968 2525 5008 :
2559 4951 2707 5009 alias
2732 4953 2893 5007 enim
2922 4957 2981 5008 et
3008 4952 3122 5008 hoc
3152 4952 3399 5009 omnino
3451 4955 3650 5009 mani-

1993 5039 2270 5098 festasset
2283 5040 2666 5113 evangelista,
2694 5046 2986 5114 tanquam
3018 5056 3294 5111 magnam
3325 5042 3438 5098 viri
3462 5042 3654 5114 digni-

1992 5132 2197 5187 tatem.

1516 5448 1739 5519 Variaa
1768 5450 2095 5521 lectiones
2126 5463 2193 5521 et
2223 5462 2424 5520 notae.

358 5586 632 5661 (59111139
660 5588 722 5644 in
747 5590 1014 5661 margine
1038 5606 1075 5646 ιι
1102 5606 1290 5648 manu
1329 5592 1881 5651 recentiori.A.Vide

283 5657 667 5732 Amphiloch.
686 5675 760 5732 Ap.
812 5657 909 5718 26:
936 5663 990 5732 Al)
1004 5703 1017 5717 .

356 5728 496 5801 ((55)
534 5728 709 5803 Apud
732 5730 1088 5806 Amphiloeh
1102 5776 1114 5789 .
1127 5731 1480 5797 additurfn;
1497 5738 1628 5810 πρὸς
1644 5740 1738 5797 τὴν
1748 5756 1881 5813 παρ-

1993 5597 2195 5654 θενικὴν
2282 5599 2453 5668 τοίνυν
2534 5597 2688 5667 φύσιν
2776 5594 2889 5648 οὐδ’
2979 5597 3103 5657 ὅλως
3184 5598 3528 5668 ἠνεῴχθησαν
3596 5597 3650 5648 αἱ

1988 5669 2299 5741 παρθενικαὶ
2322 5665 2508 5741 πύλαι.

2063 5738 2175 5811 (36)
2202 5738 2368 5793 Αὐτὸν
2394 5738 2589 5796 abest.
2619 5745 2685 5795 A.
