4188 6458
602 386 704 440 887

603 596 721 650 bus
749 593 900 648 dicta
930 599 1116 648 erant.
1144 593 1547 649 Conservabat
1569 596 1770 645 autem
1799 583 1962 657 apud
1989 596 2140 636 sese.

677 683 840 740 Vers.
886 683 973 736 19.
1027 683 1353 750 Conferens
1409 708 1478 718 —
1529 695 1655 735 suo.
1714 665 2074 732 Ex'aminans
2133 668 2261 723 haec

605 771 769 845 apud
793 789 856 827 se
886 772 1100 843 ipsam,
1127 778 1179 826 et
1210 786 1574 843 comparans
1603 768 1678 822 ad
1695 762 1984 821 Gabrielis
2007 760 2083 815 ab
2096 771 2262 812 exor-

605 861 706 916 dio
739 860 1174 923 salutationem,
1236 876 1306 914 ac
1345 860 1471 914 sine
1520 858 1744 912 semine
1787 855 2158 920 conceptum,
2207 850 2264 899 et

606 949 839 1020 absque
878 948 1186 1004 doloribus
1240 948 1646 1020 puerperium,
1722 948 2077 1014 partumque
2134 933 2262 988 sine

607 1038 983 1109 corruptione
1016 1057 1026 1094 :
1062 1043 1117 1092 et
1139 1037 1428 1108 paulatim
1459 1032 1869 1089 certitudinem
1900 1022 2266 1096 suscipiebat

607 1126 1042 1198 perfectiorem.

680 1215 843 1270 Vers.
875 1219 961 1270 20.
995 1216 1074 1270 Et
1103 1215 1320 1271 reversi
1344 1220 1488 1269 sunt
1533 1245 1600 1252 —
1629 1213 1806 1282 ipsos.
1864 1203 2098 1263 Reversi
2128 1205 2267 1257 sunt

611 1305 692 1363 ad
724 1319 966 1376 gregem
996 1321 1192 1360 suum.

683 1395 845 1450 Vers.
873 1395 962 1449 2t.
987 1393 1246 1465 Cumque
1266 1423 1333 1434 —
1353 1396 1538 1449 utero.
1557 1389 2086 1457 Quemadmodum
2099 1390 2265 1462 apud

611 1498 725 1540 nos
763 1483 1123 1550 sacerdotes,
1156 1481 1405 1554 quando
1431 1481 1752 1553 baptizant,
1785 1484 1928 1534 tunc
1959 1480 2137 1535 etiam
2162 1495 2264 1536 no-

611 1587 751 1629 men
783 1571 1104 1644 imponunt
1133 1587 1145 1624 :
1175 1573 1254 1628 ita
1280 1577 1334 1626 et
1357 1570 1516 1642 apud
1547 1568 1842 1634 Hebraeos,
1876 1570 2126 1640 quando
2157 1569 2266 1625 cir-

611 1661 984 1726 cumcidunt,
1012 1665 1150 1717 tunc
1181 1661 1359 1716 etiam
1391 1675 1612 1716 nomen
1640 1659 1974 1730 imponunt.

686 1750 982 1807 Dubitavit
1001 1755 1200 1805 autem
1232 1749 1469 1821 aliquis,
1500 1763 1682 1821 quare
1713 1748 1980 1804 Christus
2013 1750 2265 1804 circum-

1931 359 2275 423 EU'l‘tlYMll
2317 359 2648 414 ZIGABENI
3891 364 3989 420 338

677 505 838 560 Vers.
868 505 956 559 19.
1001 503 1200 558 Maria
1230 509 1428 560 autem
1459 533 1526 541 —
1577 500 1720 556 hac.
1770 498 1914 562 Quae.
1943 509 1979 550 a
2009 485 2260 572 pastori-
2288 483 2333 538 A

2453 491 2494 536 Η
2532 481 2590 537 δε
2633 487 2853 560 Μαριὰμ
2900 516 2968 526 -
3007 493 3192 539 ταῦτα.
3249 487 3329 538 Τὰ
3372 488 3519 560 παρὰ
3565 495 3664 538 τῶν
3729 493 3988 561 ποιμένων

2368 571 2672 631 λαληθέντα.
2710 580 2979 643 Συνετήρει
3010 571 3069 627 δε
3101 580 3268 626 ταῦτα
3310 575 3431 649 παρ’
3461 575 3646 648 ἑαυτῇ,

2443 662 2818 734 Συμϐάλλουσα
2892 694 2962 704 -
3027 663 3210 725 αὐτῆς.
3308 664 3749 738 ιιαρεξετάζουσα
3826 675 3989 722 ταῦτα

2372 753 2490 804 καθ’
2557 751 2762 819 ἑαυτὴν,
2821 757 2952 827 πρὸς
3017 772 3071 806 τε
3115 756 3201 805 τὸν
3260 751 3312 815 ἐξ
3371 752 3549 828 ἀρχῆς
3607 755 3985 830 εὐαγγελισμόν

2372 848 2464 891 τοῦ
2523 840 2772 915 Γαϐριὴλ,
2831 847 2920 894 καὶ
2973 845 3068 900 τὴν
3125 843 3358 914 ἄσπορον
3412 842 3692 914 σύλληψιν,
3754 851 3848 898 καὶ
3898 853 3985 905 τὴν

2375 925 2623 981 ἀνωδινον
2666 933 2878 997 κύησιν,
2929 936 3018 982 καὶ
3065 934 3152 982 τὸν
3201 933 3425 1003 ἄφθορον
3469 939 3641 998 τόκον,
3693 940 3786 987 καὶ
3837 935 3985 987 τελει-

2375 1023 2567 1091 ωτέραν
2742 1021 2911 1092 ἠρέμα
2941 1017 3202 1092 δεχομένη
3242 1019 3620 1095 πληροφορίαν.

2449 1217 2548 1265 Καὶ
2624 1213 2953 1287 ὑπέστρεψαν
3041 1245 3111 1253 -
3182 1213 3395 1276 αύτούς.

2372 1305 2465 1359 τὴν
2493 1307 2716 1374 ποίμνην
2746 1303 2935 1357 αὐτῶν.

3476 1215 3826 1290 Ὑπέστρεψαν
3916 1220 3984 1281 εἰς

2449 1394 2548 1442 Καὶ
2601 1392 2683 1443 ὅτε
2727 1421 2798 1433 -
2850 1391 3042 1464 κοιλίᾳ.
3095 1391 3296 1463 Ὠσπερ
3349 1395 3400 1444 οἱ
3453 1395 3579 1468 παρ’
3627 1397 3750 1467 ἡμῖν
3807 1399 3979 1470 ἱερεις,

2375 1479 2457 1530 ὅτε
2505 1477 2851 1551 βαπτίζουσι,
2902 1485 3016 1532 τότε
3063 1486 3154 1532 καὶ
3194 1480 3545 1552 ὀνομάζουσιν
3570 1503 3583 1516 ·
3623 1485 3756 1536 οὕτω
3807 1490 3897 1537 καὶ
3931 1488 3982 1537 οἱ

2374 1572 2497 1640 παρ’
2578 1567 2862 1642 Ἑϐραίοις,
2936 1570 3019 1622 ὅτι
3085 1574 3476 1642 περιτέμνουσι,
3549 1578 3661 1626 τότε
3733 1579 3818 1626 καὶ
3887 1578 3979 1632 τὴν

2376 1655 2469 1714 κλῆ
2480 1674 2562 1708 σιν
2601 1655 2945 1711 έπιτιθέασιν.

2446 1745 2734 1818 Ἀπορήσει
2774 1743 2832 1799 δέ
2857 1766 2951 1816 τις,
2987 1748 3088 1814 ὅτι,
3135 1743 3316 1805 ἐπειδὴ
3368 1749 3482 1818 (51)
3524 1753 3699 1802 παύειν
3747 1755 3834 1808 τὴν
3882 1769 3970 1803 πεο

614 1839 823 1897 cisioni
845 1839 1028 1894 ﬁnem
1046 1844 1173 1894 erat
1190 1837 1578 1910 impositurus
1594 1837 1622 1891 ‘i'
1650 1838 1752 1892 Cui
1772 1838 2265 1909 respondendum

2381 1838 2592 1906 ριτομὴν
2677 1835 2875 1907 ἔμελλεν
2952 1838 2978 1887 ὁ
3057 1839 3308 1910 Χριστὸς,
3385 1833 3529 1889 διατί
3604 1841 3958 1911 περιετμήθη;

613 1934 720 1993 est,
739 1928 901 2001 quod
921 1927 1035 1984 hoc
1051 1927 1384 1983 secundum
1406 1927 1916 1998 dispensationem
1939 1932 2138 1983 actum
2155 1932 2266 1985 est.

616 2019 734 2075 Nisi
786 2019 947 2074 enim
996 2017 1386 2072 circumcisus
1434 2015 1636 2072 fuisset
1695 2031 2082 2089 nequaquam
2137 2019 2267 2088 ejus

615 2107 890 2163 doctrina
919 2111 1188 2177 suscepta
1227 2105 1449 2171 fuisset,
1496 2104 1600 2160 sed
1631 2105 1883 2161 omnino
1932 2107 2263 2178 repudiata,

614 2201 908 2270 tanquam
932 2195 1278 2264 alienigenae
1304 2216 1317 2250 :
1343 2210 1538 2266 neque
1564 2194 1911 2251 credidisset
1935 2196 2265 2268 quispiam,

613 2285 813 2359 ipsum
837 2301 970 2342 esse
1000 2284 1299 2340 Christum
1333 2283 1407 2340 de
1438 2284 1664 2339 semine
1718 2283 2024 2340 Abraham
2065 2300 2270 2356 exspe-

614 2373 1078 2432 ctatum.0mnes
1093 2372 1382 2445 enim,qui
1396 2371 1475 2427 ab
1485 2371 1788 2427 Abraham
1801 2371 2268 2432 descendebant.

616 2463 879 2534 sigillum
911 2479 981 2518 ac
1012 2463 1247 2534 signum
1284 2460 1587 2516 habebant
1614 2459 2099 2524 circumcisionis,
2133 2478 2268 2534 quas

614 2550 1018 2620 distinguebat
1044 2551 1175 2606 illos
1203 2549 1281 2605 ab
1310 2549 1439 2605 aliis
1473 2549 1772 2618 gentibus.
1807 2549 1895 2605 Ob
1922 2550 2034 2606 hoc
2069 2549 2270 2622 itaque

615 2641 1004 2697 circumcisus
1030 2645 1136 2694 est.
1193 2639 1404 2708 Legem
1438 2639 1614 2692 etiam
1664 2637 1722 2692 in
1748 2637 1862 2693 hoc
1910 2638 2266 2710 adimplens,

616 2731 767 2785 sicut
794 2728 854 2784 in
886 2728 1014 2784 aliis
1044 2743 1287 2798 quoque
1322 2726 1638 2798 praeceptis
1669 2727 1985 2796 legalibus,
2023 2744 2094 2783 ne
2126 2729 2271 2800 legis

615 2824 1016 2886 transgressor
1060 2815 1375 2871 videretur.
1409 2818 1567 2870 Hanc
1599 2821 1799 2871 autem
1824 2831 2061 2872 cessare
2107 2817 2270 2882 facit,

617 2912 676 2963 et
717 2903 891 2961 valde
927 2903 1373 2961 rationabiliter.
1424 2905 1795 2960 Hebraaorum
1829 2907 1989 2962 enim
2029 2906 2266 2963 circum-

618 2995 768 3050 cisio
797 2994 1265 3050 Christianorum
1303 2995 1594 3066 baptisma
1621 2994 1920 3064 ﬁgurabat
1965 3012 2033 3052 ac
2071 2997 2272 3068 przesi-

615 3084 862 3156 gnabat.
891 3082 1419 3150 Quemadmodum
1450 3084 1608 3138 enim
1631 3083 1730 3140 illa
1759 3085 2037 3154 signabat
2063 3103 2188 3151 eos,
2215 3093 2271 3142 et

2379 1928 2513 1995 Πρός
2575 1924 2627 1975 ὃν
2682 1923 3044 1996 ἀπολογητέον,
3105 1927 3180 1976 ὃτι
3237 1925 3346 1976 κατ’
3416 1927 3727 1999 οἰκονομίαν.
3785 1928 3840 1979 Εἰ
3889 1933 3961 2000 μή

2377 2014 2696 2084 περιετμήθη
2735 2016 2856 2086 γὰρ,
2912 2013 3006 2065 οὐκ
3052 2013 3113 2065 ἄν
3157 2014 3280 2074 ὅλως
3318 2011 3618 2090 παρεδέχθη
3674 2013 3969 2080 διδάσκων,

2377 2101 2484 2154 ἀλλ’
2538 2100 2843 2175 ἀπεπέμφθη
2894 2102 2975 2170 ἂν,
3018 2105 3087 2166 ὡς
3128 2103 3428 2176 ἁλλόφυλος,
3477 2101 3591 2156 οὐδ’
3640 2103 3698 2156 ἂν
3741 2104 3978 2158 ἐπίστευ-

2381 2195 2438 2244 σέ
2492 2211 2593 2259 τις,
2643 2193 2723 2242 ὅτι
2776 2191 2933 2254 αὐτος
2998 2191 3112 2244 έστι
3175 2194 3201 2244 ὀ
3267 2189 3699 2265 προσδοκώμενος
3749 2199 3977 2268 Χριστὸς

2379 2278 2434 2331 έκ
2487 2285 2782 2354 σπέρματος
2834 2280 3095 2356 Ἀϐραάμ.
3156 2283 3224 2333 Οἱ
3271 2284 3374 2357 γὰρ
3433 2280 3487 2345 έξ
3539 2280 3776 2356 Ἀϐραὰμ
3820 2284 3954 2336 ἁπαν

2378 2387 2478 2437 τις,
2546 2366 2819 2441 σφραγῖδα
2881 2375 2971 2422 καὶ
3040 2378 3254 2443 σημεῖον
3307 2376 3402 2429 τὴν
3472 2377 3759 2445 περιτομὴν
3815 2369 3976 2445 εἶχον,

2382 2455 2788 2511 διαστέλλουσαν
2830 2460 3015 2520 αὐτοὺς
3069 2459 3170 2512 ἀπὸ
3228 2469 3328 2512 τῶν
3377 2459 3541 2512 ἄλλων
3599 2460 3772 2514 έθνῶν.
3813 2469 3979 2536 Περιι-

2379 2549 2553 2618 τμὴθη
2621 2550 2712 2620 μὲν
2767 2549 2854 2600 οὖν
2909 2545 3003 2601 διὰ
3057 2558 3232 2615 τοῦτο,
3301 2548 3509 2623 πληρῶν
3566 2549 3831 2604 κάνταῦθα
3895 2557 3980 2604 τὸν

2379 2641 2552 2708 νόμον,
2603 2640 2776 2710 ὥσπερ
2808 2644 2897 2690 καὶ
2935 2641 2986 2690 ἓν
3025 2646 3136 2699 τοῖς
3190 2638 3360 2699 ἄλλοις
3411 2648 3642 2712 νομικοῖς
3693 2641 3980 2713 παραγγέλ-

2380 2745 2562 2799 μασιν,
2606 2727 2688 2777 ἶνα
2738 2731 2808 2798 μὴ
2865 2723 2992 2800 δόξῃ
3062 2736 3153 2779 τοῦ
3209 2732 3368 2800 νόμου
3417 2728 3745 2803 παραϐάτης.
3789 2729 3977 2783 Ἐπαν-

2385 2835 2441 2868 σε
2481 2811 2540 2867 δε
2594 2819 2788 2873 ταύτην
2836 2822 2926 2868 καὶ
2982 2819 3116 2869 πάνυ
3170 2816 3411 2888 εὐλόγως.
3468 2817 3525 2870 Ἦ
3579 2823 3677 2892 γὰρ
3731 2824 3973 2892 περιτομή

2382 2912 2482 2957 τῶν
2531 2903 2777 2977 Ἐϐραίων
2831 2909 2886 2958 τό
2948 2904 3230 2978 βάπτισμα
3303 2915 3401 2958 τῶν
3468 2915 3794 2980 Χριστιανῶν
3863 2908 3967 2959 ἐτύ-

2381 3012 2480 3046 που
2531 2998 2620 3045 καὶ
2676 3000 3070 3068 προεσήμαινεν.
3118 2994 3317 3069 Ὠσπερ
3373 2999 3474 3070 γὰρ
3545 2995 3713 3055 ἐκείνη
3765 3001 3876 3057 τοὺς
3919 2997 3964 3058 ἐξ

2383 3081 2623 3155 Ἀϐραὰμ
2681 3085 2794 3154 (5‘2)
2845 3084 3131 3158 έσφράγιζε
3186 3089 3276 3136 καὶ
3329 3080 3617 3138 διέστελλεν
3691 3085 3791 3138 ἀπὸ
3859 3106 3971 3139 παν-

617 3172 695 3229 ab
727 3172 893 3229 omni
922 3176 1098 3245 gente
1114 3172 1522 3242 distinguebat
1554 3189 1566 3228 :
1596 3173 1676 3230 ita
1697 3179 1754 3230 et
1781 3173 1893 3230 hoc
1916 3175 2268 3233 Chritianos.

2383 3175 2471 3232 τὸς
2514 3174 2709 3241 ἔθνους,
2765 3173 2901 3226 οὕτω
2952 3178 3041 3225 καὶ
3087 3181 3242 3226 τοῦτο
3279 3178 3397 3236 τοὺς
3440 3178 3811 3248 Χριστιανούς.
3856 3177 3973 3247 [Καὶ

617 3263 681 3334 (τ-
708 3264 774 3318 Et
791 3262 945 3318 sicut
974 3261 1070 3318 illa
1099 3262 1468 3334 superﬂuam
1489 3264 1758 3334 corporis
1779 3264 2154 3335 particulam,
2190 3266 2272 3322 ita

617 3356 677 3410 et
699 3351 814 3407 hoc
844 3355 1115 3422 amputat
1152 3356 1466 3422 peccatum
1513 3353 1929 3424 superﬂuum).
1955 3355 2276 3425 Oportebat

619 3443 822 3496 autem
874 3454 1106 3496 cessare
1159 3440 1440 3509 ﬁguram,
1486 3442 1757 3497 veniente
1807 3443 2176 3514 exemplari:
2221 3449 2276 3501 et

620 3528 926 3600 quiescere
963 3528 1225 3598 signum,
1274 3529 1543 3585 adhibito
1575 3530 1928 3598 signiﬁcato.
1982 3534 2127 3587 Nam
2160 3533 2273 3589 hoc

621 3618 1005 3690 perseipsum
1035 3617 1344 3689 adimplet,
1361 3623 1420 3674 et
1442 3618 1817 3688 superﬂuum
1836 3623 1942 3688 est,
1976 3620 2272 3694 quidquid

623 3705 916 3777 reliquum
941 3710 1031 3760 est
1052 3706 1163 3777 (In.

695 3795 858 3851 Vers.
892 3793 980 3848 22.
1007 3795 1084 3849 Et
1103 3794 1336 3864 quando
1366 3826 1433 3835 —
1462 3795 1672 3865 Moysi.
1737 3798 1849 3853 Lex
1895 3797 2142 3869 quidem
2175 3800 2276 3856 Dei

621 3886 767 3945 erat,
801 3886 1002 3953 utpote
1023 3882 1100 3938 ab
1130 3898 1202 3938 eo
1217 3881 1379 3938 data.
1410 3883 1728 3940 Dicebatur
1749 3890 1952 3941 autem
1984 3892 2040 3941 et
2065 3889 2271 3959 Moysi,

627 3975 908 4041 tanquam
936 3969 1014 4026 ab
1061 3985 1132 4026 eo
1184 3972 1423 4042 scripta.
1464 3972 1724 4030 Jubebat
1782 3980 2002 4041 autem,
2060 3982 2123 4032 ut
2143 3993 2276 4049 qua;

626 4073 829 4115 semen
852 4060 1290 4131 suscepissetac
1304 4061 1634 4132 peperisset
1651 4063 2006 4129 masculum.
2036 4066 2277 4138 impura

623 4147 946 4205 haberetur
970 4164 1159 4221 usque
1189 4148 1266 4206 ad
1297 4149 1699 4221 quadraginta
1753 4151 1884 4223 djes
1927 4155 1994 4208 1‘.
2032 4157 2149 4210 Hoc
2175 4171 2275 4211 au-

625 4242 746 4296 tem
777 4237 1100 4294 ordinabat
1142 4239 1220 4295 ad
1247 4240 1515 4311 requiem
1550 4239 1772 4306 matris,
1809 4257 1882 4297 ne
1930 4245 2128 4300 statim
2170 4246 2272 4301 viri

624 4327 751 4384 suis
780 4343 918 4400 quin
948 4329 1320 4400 peperissent
1380 4329 1668 4384 uxoribus
1720 4333 2271 4390 commiscerentur.

622 4415 896 4472 nondum
926 4421 1132 4472 curato
1157 4416 1383 4482 labore,
1415 4418 1517 4490 qui
1548 4419 1846 4490 parientes
1867 4423 2271 4494 consequitur.

2383 3260 2498 3331 (53)
2564 3263 2796 3334 καθάπερ
2864 3261 3024 3320 έκείνη
3082 3266 3318 3337 περιττὸν
3402 3261 3674 3328 ἀποτέμνει
3741 3272 3831 3316 τοῦ
3887 3270 3978 3317 σω-

2383 3369 2548 3423 ματος
2585 3355 2761 3424 μέρος,
2812 3352 2947 3403 οὕτω
2991 3357 3271 3404 καὶτοῦτο
3337 3355 3431 3409 τὴν
3482 3351 3740 3426 ἁμαρτίαν
3800 3353 3978 3406 ἀποτέ-

2385 3459 2519 3512 μνει,
2567 3445 2806 3513 περιττὴν
2861 3440 3277 3515 ύπάρχουσαν.]
3307 3437 3453 3493 Ἔδει
3505 3438 3563 3494 δε
3607 3444 3870 3502 παυθῆναι
3900 3447 3981 3494 τὸν

2385 3531 2564 3595 τύπον,
2626 3527 2852 3589 ἐλθόντος
2926 3537 3018 3582 τοῦ
3088 3532 3448 3604 πρωτοτύπου,
3505 3535 3594 3582 καὶ
3654 3541 3879 3601 σιγῆσαι
3928 3535 3983 3584 τό

2385 3621 2596 3690 μηνύον,
2656 3618 2957 3678 ἐπιστάντος
3008 3626 3101 3671 τοῦ
3143 3623 3486 3690 μηνυομένὸυ.
3542 3623 3612 3672 Τὸ
3655 3623 3752 3694 γὰρ
3805 3621 3986 3673 ἑαυτοῦ

2384 3706 2708 3780 πεπλήρωκε,
2740 3712 2830 3759 καὶ
2860 3712 3096 3780 περιττόν
3124 3705 3239 3759 έστι
3268 3716 3360 3759 τοῦ
3388 3706 3591 3760 λοιποῦ.

2461 3801 2560 3850 Καὶ
2603 3799 2685 3850 ὃτι
2737 3828 2803 3836 -
2856 3801 3138 3859 Μωυσέως.
3195 3795 3254 3847 Ὀ
3324 3801 3474 3868 νόμος
3539 3803 3626 3848 τοῦ
3692 3804 3828 3849 Θεοῦ
3895 3801 3990 3871 μεν

2386 3883 2470 3956 ἦν,
2524 3888 2590 3946 ὡς
2642 3885 2764 3958 παρ’
2810 3885 2970 3938 αὐτοῦ
3031 3887 3356 3958 ὑφηγηθιίς’
3399 3885 3592 3956 ἐλέγετο
3650 3882 3707 3938 δι
3763 3891 3855 3938 καὶ
3893 3895 3989 3940 τοῦ

2384 3979 2665 4044 Μωυσέως,
2719 3978 2787 4036 ὡς
2842 3973 2965 4050 παρ’
3005 3974 3165 4026 αὐτοῦ
3227 3979 3453 4046 γραφείς.
3507 3974 3730 4028 Ἐκέλευε
3788 3971 3847 4028 δε
3893 3981 3990 4034 τὴν

2387 4065 2868 4138 σπερματισθιίσαν
2952 4069 3042 4116 καὶ
3116 4070 3367 4116 τεκοῦσαν
3438 4064 3615 4135 ἄρσεν,
3697 4063 3990 4137 ἀκάθαρτον

2383 4154 2692 4226 νομίζεσθαι
2755 4157 2920 4225 μέχρι
2977 4154 3372 4225 τεσσαράκοντα
3432 4154 3656 4227 ἡμερῶν.
3717 4160 3880 4206 Τοῦτο
3930 4151 3991 4207 δὲ

2383 4247 2727 4317 προσέταττεν
2780 4241 2848 4301 εἰς
2922 4242 3218 4294 ἀνάπαυσιν
3292 4250 3383 4302 τῆς
3453 4247 3676 4315 μήτρας,
3760 4245 3841 4294 ἱνα
3913 4249 3986 4314 μὴ

2385 4332 2535 4392 εὐθὺς
2592 4333 2641 4383 οἱ
2700 4327 2889 4406 ἄνδρες
2962 4333 3240 4392 τεκούσαις
3287 4336 3403 4392 ταῖς
3467 4337 3722 4402 γαμεταῖς
3800 4331 3988 4384 ἑαυτῶν

2388 4419 2802 4492 συμπλέκωνται,
2851 4423 3010 4492 μήπω
3062 4423 3156 4477 τὴν
3210 4417 3310 4471 ἀπὸ
3363 4427 3456 4471 τοῦ
3515 4427 3675 4472 τεκεῖν
3732 4420 3991 4473 ⁴¹ἀλαιπωε-

624 4506 847 4561 Verum
882 4506 983 4562 Dei
1020 4505 1283 4562 Genitrix
1311 4506 1450 4564 huic
1480 4512 1635 4562 certe
1659 4507 1775 4578 legi
1824 4509 2098 4579 subjecta
2152 4527 2270 4568 non

2385 4516 2501 4574 ρίαν
2584 4511 3019 4584 θεραπευσάσαις.
3082 4507 3217 4560 Ἀλλ’
3282 4511 3310 4567 ἠ
3371 4513 3621 4569 Θεοτοκος
3690 4509 3794 4581 οὐχ
3873 4510 3990 4562 ὑπέ-

625 4599 768 4662 erat,
797 4611 867 4651 eo
891 4596 1056 4666 quod
1087 4612 1290 4652 semen
1316 4611 1437 4650 non
1489 4602 1830 4667 susceperat
1857 4614 1870 4654 :
1903 4600 2167 4655 obedivit
2195 4607 2274 4657 ta-

623 4698 786 4748 men,
815 4699 889 4738 ne
918 4683 1110 4754 legem
1143 4685 1476 4752 transgredi
1529 4685 1843 4741 videretur.
1896 4688 2274 4758 Purgationis

623 4776 826 4830 autem
856 4787 1085 4840 eorum,
1126 4778 1272 4844 puta
1303 4774 1508 4829 matris
1542 4775 1706 4844 pueri
1754 4791 1824 4830 ac
1855 4778 2058 4846 sponsi
2101 4779 2228 4848 ejus
2259 4797 2272 4835 :

624 4875 814 4932 appro
821 4861 1169 4932 priabantur
1188 4863 1348 4918 enim
1369 4868 1426 4920 et
1449 4863 1593 4920 viris
1615 4865 1999 4936 purgationes
2018 4883 2273 4925 uxorum

625 4965 897 5007 suarum.

694 5129 742 5165 ¹⁶
780 5126 961 5185 Levit.
987 5143 1090 5195 xu,
1119 5132 1171 5186 2.

2385 4619 2521 4653 κειτο
2547 4603 2636 4671 μεν
2658 4607 2728 4668 τῷ
2759 4602 2897 4670 νόμῳ
2927 4599 3112 4668 τούτῳ,
3150 4593 3184 4648 δ
3191 4599 3243 4649 ιὰ
3271 4601 3329 4648 τὸ
3375 4603 3444 4668 μὴ
3493 4616 3720 4672 σπερσαι
3735 4599 3949 4656 ισθῆναι
3974 4617 3985 4628 '

2385 4688 2743 4760 ἕπειθάρχησε
2783 4683 2841 4740 δε
2871 4686 3031 4758 αὐτῷ,
3059 4687 3141 4737 ἵνα
3183 4690 3254 4757 μὴ
3319 4682 3447 4748 δοξη
3508 4685 3846 4758 παραϐαινειν
3907 4691 3987 4738 τὸν

2383 4783 2555 4848 νόμον.
2605 4784 2709 4830 Τοῦ
2759 4777 3092 4850 καθαρισμοῦ
3137 4771 3195 4826 δε
3235 4775 3422 4840 αὐτῶν,
3474 4779 3591 4833 ἤτοι
3643 4784 3736 4838 τῆς
3791 4780 3987 4848 μητρὸς

2383 4873 2474 4919 τοῦ
2530 4861 2749 4919 παιδίου
2806 4869 2896 4917 καὶ
2948 4872 3039 4917 τοῦ
3086 4871 3388 4938 μνηστῆρος
3435 4863 3634 4925 αὐτῆς·
3690 4865 3986 4935 ’ῼκειοῦντο

2381 4959 2483 5030 γὰρ
2515 4958 2564 5008 οἱ
2603 4951 2790 5030 ἄνδρες
2817 4956 2906 5006 τὸν
2948 4955 3278 5025 καθαρισμὸν
3335 4961 3434 5005 τῶν
3481 4962 3739 5024 γυναικῶν
3799 4954 3984 5008 αὐτῶν.

1845 5335 2054 5405 Varias
2091 5335 2419 5406 lectiones
2459 5347 2527 5404 et
2565 5345 2771 5405 notae.

720 5629 808 5684 51)
839 5629 986 5678 Ἐπεὶ
1024 5629 1229 5682 παύειν.
1263 5633 1317 5681 Β.

716 5557 806 5626 50)
830 5554 1163 5626 Τελεωτέραν,
1197 5561 1254 5612 Β.

716 5558 808 5698 5οζ
830 5558 1163 5626 Τελεωτέραν,
1197 5561 1254 5612 Β.

720 5629 779 5684 51
839 5629 986 5678 Ἐπεὶ
1024 5629 1229 5682 παύειν.
1263 5633 1317 5681 Β.

691 5558 806 5771 ἕω)
839 5697 926 5760 Ἐξ
952 5695 1188 5772 Ἀϐραάμ
1217 5713 1339 5756 non
1364 5697 1642 5769 exprimit
1671 5699 1978 5772 interpres.

2451 5558 2566 5630 (53)
2600 5557 2735 5614 iith
2764 5556 2824 5613 in
2855 5555 3121 5630 margine
3146 5557 3212 5611 Α.
3243 5556 3577 5630 tientenius
3614 5555 3748 5613 haec
3776 5556 3841 5613 in
3870 5557 3981 5614 ﬁne

2379 5626 2585 5686 scholii
2613 5646 2685 5686 ex
2726 5626 3122 5705 margine'sui
3151 5626 3372 5686 codicis
3401 5627 3733 5688 addiderat.
