4188 6428
277 382 387 437 889

1409 377 1779 436 COMMENT.
1822 373 1890 430 IN
1920 373 2178 431 LUCAM°
2220 406 2286 418 —
2326 375 2480 433 CAP.
2526 379 2594 434 ΙΙ.

3537 382 3641 438 890

356 508 645 580 Ἀνήγαγον
667 541 734 550 --
764 510 927 568 κληθὴ
939 529 1104 562 σεται.
1152 515 1398 580 ιιαραστῆ
1410 527 1518 571 σαι,
1555 509 1720 557 εἰτουν
1743 502 1768 554 ό
1790 521 1878 553 πο-

2064 501 2222 557 Vers.
2283 503 2370 558 22.
2434 503 2799 560 Adduxerunt
2845 535 2914 546 —
2980 509 3144 563 Vers.
3192 511 3282 565 23.
3339 507 3638 562 vocabitur.

282 604 504 668 κομίσαι
528 608 596 669 τῷ
625 602 800 671 Κυρίῳ
849 600 916 661 εἰς
948 602 1033 650 τόν
1064 597 1112 650 ἐν
1161 597 1530 669 Ἰεροσολύμοις
1565 599 1704 645 ναόν.
1737 591 1879 663 Ἐγέο

281 705 486 758 γραπτο
511 691 613 759 γὰρ
653 687 701 739 ἐν
739 696 810 758 τῷ
841 693 978 760 νόμῳ
1025 690 1101 740 ὅτι
1146 693 1252 739 Πᾶν
1293 689 1448 758 ἄρσεν
1481 682 1742 753 διανοῖγον
1781 687 1881 754 μή·

282 795 432 849 τραν,
466 786 664 849 πρῶτον
693 774 954 840 δηλονότι,
985 782 1224 830 τουτέστι
1254 780 1600 848 πρωτότοκον,
1631 772 1778 842 ἅγιον
1808 779 1879 840 τῷ

286 866 466 936 Κυρίῳ
487 866 800 923 κληθήσεται
833 889 844 900 ·
875 871 1035 936 ἤγουν
1069 865 1421 940 ἀφωρισμένον
1452 872 1522 933 τῷ
1551 869 1663 932 (θεῷ
1688 860 1880 918 κληθή-

287 973 455 1005 σεται.

358 1042 681 1116 Ἀφιεροῡντο
712 1043 770 1097 δὲ
799 1051 864 1097 τα
897 1054 1199 1119 πρωτότοκα
1236 1054 1334 1096 τῶν
1363 1041 1615 1115 Ἐϐραίων
1645 1048 1716 1110 τῷ
1748 1044 1877 1109 Θεῷ,

285 1129 427 1185 διότι
457 1134 618 1186 πάλαι
642 1138 704 1187 τὰ
736 1141 1043 1209 πρωτότοκα
1091 1145 1189 1186 ⁴ιων
1221 1135 1518 1206 Αἰγυπτίων
1559 1130 1879 1183 ἐθανάτωσεν

281 1223 413 1295 ὑπὲρ
445 1221 731 1299 ἐλευθέρίας
751 1234 851 1276 τῶν
879 1224 1149 1298 Ἑϐραίων.

357 1311 513 1364 Ἀλλὰ
549 1316 616 1365 τὰ
643 1318 734 1386 μὲν
761 1313 890 1367 ἄλλα
919 1319 1224 1388 πρωτότοκα
1254 1309 1712 1387 προδιανοιγεῖσαν
1761 1305 1878 1359 δια-

279 1405 519 1472 νοίγουσὶ
545 1408 640 1461 τὴν
665 1409 868 1476 μήτραν
903 1422 914 1434 ⁸
945 1401 1372 1479 προδιανοίγεται
1397 1404 1498 1476 γὰρ
1526 1408 1587 1472 τῇ
1626 1401 1878 1468 συνουσίᾳ

281 1498 378 1542 τοῦ
407 1489 615 1566 ἀνδρὸς,
658 1495 741 1546 ὅτε
766 1497 824 1546 τό
877 1497 1083 1568 σπέρμα
1127 1493 1535 1552 εἰσακοντίζεται
1557 1507 1568 1520 ⁸
1594 1493 1742 1561 μόνος
1765 1483 1823 1539 δὲ
1853 1487 1877 1536 ὁ

277 1584 518 1653 Χριστός
545 1586 704 1653 μήπω
746 1579 1102 1655 διωοιγεῖσαν
1155 1580 1409 1644 διήνοιξεν
1468 1582 1759 1651 ὑπερφυῶς,
1788 1579 1877 1626 καὶ

277 1669 644 1743 κεκλεισμὲνην
669 1674 802 1724 κατὰ
827 1675 978 1744 φύσιν
1010 1672 1258 1748 ἐτήρησεν
1292 1691 1304 1704 ·
1336 1670 1443 1723 ἐπεὶ
1489 1674 1577 1720 καὶ
1617 1673 1770 1739 μόνος
1797 1665 1881 1718 οὔ·

276 1777 362 1818 τος
390 1758 537 1830 ἅγιος
566 1767 638 1830 τῷ
669 1761 844 1833 Κυρίῳ
872 1766 1064 1833 κυρίως
1123 1779 1134 1791 ·
1184 1764 1318 1812 κατὰ
1376 1764 1468 1817 τὴν
1502 1761 1721 1814 θεότπτα
1767 1759 1878 1827 μὲν,

279 1848 352 1907 ὡς
383 1849 500 1908 Υἱὸς
529 1849 706 1913 αὐτοῦ,
739 1853 874 1901 κατὰ
895 1848 954 1902 δὲ
978 1855 1070 1907 τὴν
1099 1849 1492 1919 ἀνθρωπότητα,
1527 1850 1594 1908 ὡς
1627 1848 1880 1916 ἡνωμένος
1915 1850 1956 1904 Β
1989 1843 2169 1898 Filius
2235 1845 2362 1914 ejus
2398 1863 2410 1896 :

279 1944 353 2006 τῷ
381 1939 486 2007 Υἱῷ
533 1938 712 1992 αὐτοῦ.
754 1937 932 2004 ἐἱσι-ε,
992 1939 1033 1990 εἰ
1058 1943 1146 1990 καὶ
1194 1935 1286 1990 διὰ
1316 1943 1403 1995 τὴν
1437 1938 1686 2012 ῥηθεῖσαν
1718 1934 1881 1985 αἰτίαν

277 2032 400 2100 περὶ
457 2028 661 2078 πάντων
707 2036 804 2079 τῶν
843 2034 1182 2102 πρωτοτόκων
1228 2027 1572 2099 ἐνομοθετήθη
1623 2028 1677 2076 τό
1718 2027 1882 2098 παρόν

279 2116 461 2190 ῥητόν,
493 2115 620 2168 ἀλλά
647 2136 706 2188 γε
739 2121 864 2190 πρὸς
911 2121 996 2170 τόν
1024 2121 1253 2192 Χριστόν
1285 2121 1438 2190 μόνον
1465 2115 1630 2188 ὀρθῶς
1673 2111 1880 2166 ἀπέϐλεο

281 2224 396 2258 πεν.

363 2292 734 2367 [Ἀμφιλοχίον
758 2295 872 2368 (54)
905 2297 1120 2349 Ἰκονίου
1147 2317 1158 2328 ·
1193 2299 1323 2370 Πρός
1356 2298 1446 2368 μεν
1477 2299 1571 2352 τὴν
1600 2297 1880 2368 παρενικὴν

294 2385 449 2454 φύσιν
505 2381 616 2437 οὐδ’
665 2385 791 2447 ὅλως
839 2388 894 2438 αἱ
961 2389 1268 2460 παρθενικαὶ
1316 2385 1478 2438 πύλαι
1535 2382 1879 2454 ἀνεῴχθησαν

289 2470 537 2545 βουλήσει
565 2482 655 2527 τοῦ
704 2473 891 2547 ἀρτίως
919 2478 1335 2550 κυοφορεθέντος,
1398 2477 1532 2526 κατὰ
1578 2478 1635 2525 τό
1683 2475 1879 2545 φάσκον

282 2568 399 2633 περὶ
424 2562 584 2615 αὐτοῦ
606 2565 763 2638 ῥητόν
794 2583 805 2594 ο
845 2566 981 2624 Αὕτη
1016 2568 1044 2624 η
1078 2565 1213 2624 πύλη
1239 2573 1329 2618 τοῦ
1372 2570 1594 2639 Κμρίου,
1627 2567 1715 2615 καὶ
1746 2565 1877 2615 εἰσε-

277 2646 538 2715 λεύσεται,
571 2654 660 2701 καὶ
692 2650 1028 2713 ἐξελεύσεται,
1088 2656 1176 2703 καὶ
1225 2654 1374 2703 ἔσται
1407 2652 1436 2708 ἠ
1478 2649 1613 2707 πύλη
1655 2647 1880 2701 κεκλεισ-

275 2739 403 2808 μένη
441 2754 454 2766 ⁸
494 2738 608 2808 (55)
653 2741 722 2801 ὡς
770 2737 829 2792 δὲ
875 2743 1001 2814 πρὸς
1050 2745 1143 2798 τὴν
1203 2737 1424 2812 δύναμιν
1483 2747 1575 2792 τοῦ
1604 2740 1878 2810 τεχθέντος

275 2829 566 2891 Δεσπὸτου,
618 2825 768 2880 οὐδὲν
825 2829 1119 2882 κέκλεισται
1174 2838 1247 2900 τῷ
1282 2829 1487 2902 Κυρίῳ,
1530 2827 1658 2879 ἀλλὰ
1709 2829 1878 2880 πάντα

275 2914 553 2985 ἀνέῳκται.
581 2915 598 2985 ]

353 3007 456 3056 Καὶ
486 3011 579 3055 τοὺ
625 2999 810 3056 δοῦναι
846 3036 916 3047 -
952 3016 1290 3080 περιστερῶν.
1332 3039 1398 3046 -
1429 3008 1720 3078 ’Δνὴγαγον
1781 3005 1880 3057 αύ-

275 3094 364 3144 τόν
392 3091 508 3163 (56)
549 3099 700 3164 φησὶ,
725 3093 850 3170 ὑπερ
881 3103 972 3147 τοῦ
1002 3105 1347 3171 παραστῆσαι
1373 3104 1444 3167 τῷ
1481 3099 1680 3168 Κυρίῳ,
1708 3096 1881 3155 καθὼς

1991 590 2288 656 Sisterent,
2322 593 2441 647 sive
2471 592 2750 648 afferrent
2782 595 3108 651 Dominoin
3141 595 3428 668 templum
3479 597 3638 668 quod

1989 685 2114 735 erat
2164 681 2574 752 Jerosolymis.
2627 683 2916 754 Scriptum
2965 689 3089 739 erat
3149 686 3303 739 enim
3363 687 3419 739 in
3463 685 3634 753 lege:

1989 769 2153 824 Omne
2183 771 2548 826 masculinum
2575 772 2902 842 adaperiens
2924 774 3136 828 vulvam
3165 775 3448 846 (primum
3484 775 3638 829 vide-

1985 857 2138 924 licet,
2197 859 2311 916 hoc
2360 868 2462 924 est,
2518 861 3004 931 primogenitum)
3079 871 3345 918 sanctum
3393 864 3637 919 Domino

1988 949 2296 1004 vocabitur
2329 951 2370 986 ¹⁷
2399 967 2412 1015 ;
2447 951 2588 1014 sive,
2623 957 2965 1021 separatum
3007 952 3262 1007 Domino
3293 953 3630 1009 vocabitur.

2060 1042 2576 1098 Consecrabantur
2599 1049 2798 1099 autem
2831 1043 3211 1098 Hebraeorum
3242 1043 3640 1113 primogenita

1991 1131 2127 1191 Deo,
2192 1130 2334 1202 quia
2372 1131 2512 1187 olim
2575 1133 2968 1204 primogenita
3021 1135 3411 1204 Egyptorum
3467 1130 3639 1186 morti

1989 1218 2228 1275 tradidit
2259 1235 2366 1291 pro
2389 1220 2655 1277 libertate
2687 1221 3082 1278 Hebraeorum
3109 1222 3176 1272 1⁸.

2058 1309 2170 1364 Sed
2202 1310 2325 1364 lith
2354 1310 2600 1382 quidem
2630 1312 3026 1382 primogenita
3038 1311 3157 1382 jam
3192 1315 3461 1383 apertam
3495 1309 3642 1364 ada-

1986 1399 2222 1469 periunt
2264 1399 2501 1455 vulvam
2533 1418 2549 1454 :
2581 1401 2844 1473 aperitur
2872 1401 3030 1455 enim
3067 1400 3125 1455 in
3155 1401 3259 1455 viri
3292 1416 3640 1470 congressu,

1985 1487 2234 1560 quando
2265 1504 2469 1544 semen
2492 1489 2767 1545 infundit.
2795 1489 2964 1546 Solus
2995 1488 3472 1560 autemitlhristns
3499 1503 3644 1543 non-

1987 1577 2123 1632 dum
2141 1583 2432 1648 apertam,
2450 1577 2975 1651 supernaturaliter
2991 1578 3241 1649 aperuit,
3279 1583 3333 1632 et
3353 1577 3640 1642 clausam,

1986 1667 2333 1721 naturaliter
2363 1667 2619 1722 servavit
2652 1667 2827 1738 :quia
2850 1667 3027 1721 etiam
3059 1666 3219 1721 solus
3265 1666 3356 1720 hic
3403 1665 3642 1737 pr0prie

1989 1760 2229 1810 sanctus
2258 1757 2631 1820 estDomino,
2666 1761 2722 1810 et
2741 1756 3073 1810 secundum
3096 1755 3479 1817 divinitatem,
3499 1755 3642 1826 quia

2469 1852 2523 1899 et
2573 1845 2904 1899 secundum
2959 1844 3388 1899 humanitatem
3445 1849 3642 1914 utpote

1992 1933 2192 1988 unitus
2227 1933 2366 1988 Filio
2384 1933 2535 2002 ejus.
2567 1933 2770 2005 Itaque
2809 1933 2939 1988 licet
2968 1941 3206 2004 propter
3254 1933 3474 1988 dictam
3507 1948 3643 1986 cau-

1991 2036 2120 2076 sam
2178 2021 2251 2076 de
2277 2023 2560 2077 omnibus
2619 2021 3029 2093 primogenitis
3070 2037 3329 2094 praesens
3391 2019 3640 2076 verbum

1991 2116 2279 2167 statutum
2313 2117 2419 2178 est,
2460 2111 2658 2168 solum
2705 2117 2908 2168 tamen
2935 2112 3233 2168 Christum
3273 2111 3493 2166 directe
3523 2125 3640 2166 res-

1989 2200 2149 2272 picit.

2059 2291 2146 2361 -Η-
2175 2290 2568 2363 Amphiloehii
2602 2292 2938 2349 Ieonensis:
2978 2291 3149 2358 Quod
3202 2291 3404 2346 attinet
3463 2294 3643 2345 natu-

1987 2395 2118 2435 ram
2148 2380 2420 2450 Virginis,
2452 2386 2639 2453 portas
2669 2381 2950 2450 virgineas
2981 2396 3224 2454 prorsus
3263 2395 3385 2435 non
3419 2384 3641 2452 apertae

1988 2475 2146 2532 sunt,
2209 2468 2514 2525 voluntate
2571 2470 2720 2540 ejus,
2754 2471 2856 2541 qui
2888 2471 2946 2525 in
2991 2476 3158 2524 utero
3197 2469 3532 2540 gerebatur,
3557 2484 3642 2522 se-

1987 2557 2256 2614 cundum
2285 2559 2511 2614 dictum
2541 2559 2615 2614 de
2645 2575 2752 2614 eo:
2786 2559 2930 2616 Hac
2958 2565 3040 2616 est
3078 2565 3255 2628 porta
3301 2559 3550 2621 Domini,
3587 2563 3644 2614 et

1986 2647 2262 2716 intrabit,
2283 2655 2337 2704 et
2358 2647 2562 2712 exibit,
2577 2655 2630 2704 et
2653 2652 2764 2704 erit
2791 2656 2966 2714 porta
2983 2651 3188 2704 clausa
3209 2650 3254 2683 ¹⁹
3281 2667 3294 2714 ;
3327 2647 3484 2718 quod
3501 2662 3642 2702 vero

1991 2737 2197 2793 attinet
2229 2739 2552 2808 potentiam
2584 2739 2707 2794 nati
2757 2739 3012 2802 Domini,
3056 2737 3198 2793 nihil
3251 2737 3520 2793 clausum
3553 2741 3644 2792 est

1991 2826 2265 2895 Domino,
2307 2827 2412 2881 sed
2429 2827 2625 2883 omnia
2649 2833 2856 2899 aperta
2883 2832 3043 2882 sunt.

2061 3005 2224 3060 Vers.
2240 3007 2328 3060 24.
2357 3006 2430 3060 Et
2450 3006 3260 3062 utdarent—cotumbarum.
3286 3007 3644 3062 -Addua:e-

1988 3099 2135 3150 runt
2155 3109 2307 3159 eum,
2340 3094 2550 3166 inquit,
2583 3102 2646 3150 ut
2667 3095 2932 3151 sisterent
2959 3096 3213 3160 Domino,
3237 3095 3393 3150 sicut
3417 3095 3642 3150 dictum

280 3185 508 3255 εἴρηται,
541 3187 630 3234 καὶ
679 3184 804 3257 ύπερ
859 3192 952 3236 τοῦ
983 3181 1166 3238 δοῦναι
1222 3187 1408 3238 θυσίαν
1462 3187 1588 3260 ὑπὲρ
1629 3185 1790 3237 αὐτοῦ
1815 3188 1878 3237 τὰ

1997 3186 2096 3246 est,
2131 3186 2274 3238 etut
2302 3181 2514 3238 darent
2541 3183 2799 3238 hostiam
2831 3199 2940 3254 pro
2981 3199 3072 3247 eo,
3104 3182 3204 3238 illa
3243 3183 3479 3244 scilicet.
3509 3199 3643 3255 quae

273 3268 521 3343 ῥηθέντα.
554 3269 834 3326 Ἐπέταττε
862 3276 960 3346 γὰρ
1002 3275 1027 3326 ό
1057 3294 1212 3348 νόμος
1265 3272 1477 3328 διδόναι
1532 3275 1710 3346 ζεῦγος
1755 3293 1878 3347 τρυ-

274 3361 441 3428 γόνων
472 3355 594 3431 ὑὰὶρ
651 3363 990 3434 σωφροσύνης
1037 3369 1128 3414 τοῦ
1194 3359 1382 3423 παιδός
1409 3377 1424 3392 ·
1458 3366 1877 3434 σωφρονέστατον

277 3447 380 3519 φὰρ
404 3448 433 3504 ἡ
468 3453 668 3520 τρυγών
703 3465 714 3478 ·
743 3449 774 3508 ἡ
801 3445 897 3501 δύο
926 3454 1171 3511 νεοσσοὺς
1199 3459 1516 3525 περιστερῶν
1554 3453 1680 3523 ὑπερ
1711 3469 1878 3502 τεκνο-

275 3540 458 3606 γονίας
487 3535 646 3588 αὐτοῦ
671 3553 684 3566 ·
717 3543 1070 3610 γονιμώτατον
1107 3541 1209 3612 γὰρ
1241 3541 1271 3596 ἠ
1302 3541 1604 3613 περιστερά.
1633 3541 1791 3592 Διττὰ
1821 3535 1878 3591 δε

277 3629 368 3677 καὶ
398 3633 584 3690 ταῦτα,
615 3625 848 3696 κάκεῖνα,
879 3629 962 3680 ἵνα
984 3632 1042 3680 τό
1067 3631 1157 3701 μὲν
1201 3631 1280 3687 εἴη
1312 3629 1383 3691 εἰς
1428 3628 1701 3700 ἐξίλασμα,
1732 3631 1789 3680 τὸ
1818 3623 1878 3680 δε

279 3713 352 3775 εἰς
378 3714 742 3788 όλοκοίρπωμα.
774 3715 974 3786 Ὠσπερ
1008 3714 1066 3770 δε
1111 3721 1141 3776 ἡ
1184 3724 1359 3794 μήτηρ
1388 3726 1482 3770 τοῦ
1511 3719 1746 3791 Χριστού
1785 3718 1878 3770 ούκ

277 3805 516 3857 ὑπέκειτο
549 3813 620 3876 τῷ
643 3804 986 3880 προῤῥηθίντι
1042 3811 1200 3880 νόμῳ,
1263 3809 1426 3871 οὕτως
1464 3805 1587 3861 ούὸε
1617 3809 1769 3869 αὐτὸς
1806 3816 1877 3878 τῷ

278 3897 518 3965 παρόντι.

672 4117 824 4170 ΚΕΦ.
863 4116 933 4168 ιν.
962 4122 1083 4191 Περὶ
1122 4126 1212 4171 τοῦ
1261 4124 1484 4191 Συμεών.

350 4225 456 4288 Καὶ
501 4221 619 4276 ἰδού
678 4255 743 4265 -
783 4225 1015 4299 Ἰσραήλ.
1076 4226 1410 4295 Ἀνάκλησιν,
1470 4225 1727 4299 λύτρωσιν
1784 4236 1876 4280 τοῦ

277 4312 668 4386 Ἰσραηλιτικοῡ
704 4313 830 4366 λαοῦ
875 4313 974 4366 ἀπὸ
1017 4323 1107 4376 τῆς
1156 4312 1412 4375 δουλείας.
1459 4312 1766 4388 Προσεδόκα
1821 4314 1879 4369 δὲ

275 4406 471 4461 ταύτην
498 4401 550 4466 ἐξ
579 4402 916 4474 ἀναγνώσεως
945 4412 1042 4456 τῶν
1074 4413 1402 4478 προφητικῶν
1434 4402 1648 4476 βίϐλων,
1699 4404 1754 4456 αἱ
1783 4425 1880 4456 κα-

274 4491 557 4563 τήγγελλον
603 4496 690 4544 τόν
723 4496 970 4566 Χριστόν,
1015 4494 1069 4554 ὃς
1118 4492 1258 4545 ἐστιν
1308 4492 1592 4556 ἀνάκλησις
1643 4501 1735 4546 τοῦ
1763 4499 1874 4547 νέου

274 4581 668 4656 Ἱσραηλιτικοῦ
705 4582 850 4647 λαοῦ,
881 4581 1286 4655 ἀνακαλούμενος
1317 4584 1472 4636 αὐτόν
1503 4583 1602 4636 ἀπὸ
1641 4593 1729 4645 τῆς
1756 4581 1877 4638 δου-

274 4671 418 4733 λείας
437 4679 527 4732 τῆς
547 4671 759 4733 πλάνης.

349 4761 454 4816 Καὶ
481 4768 682 4834 πνεῦμα
713 4793 776 4802 -
799 4762 972 4814 αὐτόν·
1001 4769 1207 4835 Πνεῦμα
1237 4763 1386 4834 ἅγιον
1413 4782 1742 4838 προφητείας.
1766 4765 1876 4817 Οὐκ

273 4848 336 4910 ἦν
371 4847 432 4903 δὲ
465 4853 624 4924 ἱερεύς
645 4852 670 4903 ὁ
701 4856 915 4926 Σῦρεὼν,
959 4855 1028 4914 ὡς
1072 4851 1183 4925 ἐμοὶ
1209 4855 1334 4914 τέως
1366 4849 1510 4905 δοκεῖ
1544 4869 1555 4882 ·
1606 4851 1635 4912 ἧ
1686 4857 1786 4927 γὰρ
1815 4854 1874 4906 ἀν

273 4935 512 4997 ἐδήλωσε
539 4944 630 4992 καὶ
667 4947 819 4993 τοῦτο
849 4942 1048 5001 πάντως
1078 4943 1103 4992 ό
1134 4940 1470 5013 εὐαγγελιστὴ
1483 4963 1524 5010 ς,
1575 4945 1641 5004 ὡς
1671 4942 1876 5016 ἀξίωμα

271 5036 369 5082 τοῦ
401 5025 617 5104 ἀνδρόςέ

349 5298 392 5333 ¹⁷
427 5295 616 5354 Exod.
647 5310 765 5361 xui,
796 5298 849 5352 2.
927 5298 975 5334 ³⁸
1003 5297 1147 5355 ibid.
1182 5303 1266 5355 l5.

1344 5301 1390 5336 ιθ
1425 5301 1624 5358 Ezech.
1656 5316 1812 5370 κων,
1844 5305 1904 5358 2.

1987 3270 2148 3326 dicta
2177 3275 2332 3326 sunt.
2353 3272 2537 3326 Jussit
2561 3273 2718 3327 enim
2739 3272 3160 3336 lex,utdarent
3181 3288 3291 3343 par
3322 3277 3642 3338 turturum,

1988 3364 2230 3430 propter
2254 3359 2420 3430 pueri
2453 3359 2940 3430 temperantiam,
2971 3365 3057 3415 est
3083 3360 3244 3415 enim
3298 3364 3490 3414 turtur
3517 3361 3642 3416 ani-

1987 3447 2110 3503 mal
2140 3448 2546 3503 castissimum
2581 3453 2722 3514 ;aut
2752 3448 2905 3503 duos
2958 3448 3153 3519 pullos
3197 3447 3639 3515 columbarum,

1987 3545 2229 3608 prepter
2257 3537 2388 3608 ejus
2440 3536 2864 3594 fecunditatem
2895 3553 2907 3592 :
2939 3536 3220 3592 columba
3273 3552 3536 3608 namque
3563 3537 3644 3592 fe-

1987 3625 2359 3681 cundissima
2384 3631 2492 3682 est.
2521 3629 2699 3682 Erant
2728 3631 2925 3681 autem
2954 3633 3009 3681 et
3032 3626 3178 3690 haec,
3205 3630 3262 3681 et
3313 3625 3411 3681 illa
3450 3626 3643 3698 dupli-

1987 3713 2099 3769 cia.
2127 3716 2318 3770 Unum
2342 3714 2501 3770 enim
2527 3714 2889 3770 oﬁerebatur
2927 3716 2985 3769 in
3039 3713 3461 3786 placationem,
3503 3715 3644 3771 alte-

1986 3818 2122 3860 rum
2153 3804 2212 3860 in
2265 3803 2651 3861 oblationem.
2709 3807 2932 3864 Verum.
2981 3804 3136 3860 sicut
3191 3803 3404 3861 Christi
3457 3810 3644 3860 mater

1986 3892 2287 3966 praedictas
2315 3893 2430 3962 legi
2459 3891 2729 3964 subjecta
2758 3909 2882 3948 non
2905 3899 3051 3958 erat,
3080 3894 3160 3948 sic
3208 3909 3318 3950 nec
3345 3893 3469 3965 ipse
3500 3908 3647 3965 pras-

1989 3983 2162 4040 senti.

2466 4124 2619 4179 CAP.
2654 4125 2742 4178 Ill.
2778 4124 2855 4179 De
2879 4125 3162 4180 Simeone.

2061 4231 2341 4286 Vers.25.
2393 4231 2467 4286 Et
2508 4245 2630 4286 ecce
2660 4262 2730 4270 —
2789 4231 2996 4286 Israel.
3042 4230 3103 4284 ld
3157 4235 3263 4300 est,
3325 4231 3646 4286 revocatio-

1988 4334 2148 4384 nem,
2179 4319 2652 4391 redemptionem
2702 4318 3001 4373 lsraelitici
3053 4318 3253 4389 populi
3283 4333 3319 4373 θ.
3344 4319 3640 4374 servitute.

1988 4407 2383 4478 Exspectahat
2434 4413 2632 4462 autem
2687 4408 2842 4462 hanc
2907 4423 2978 4460 ex
3056 4406 3221 4461 libris
3283 4404 3642 4476 propheticis

1989 4495 2278 4552 Christum
2305 4495 2824 4557 annuntiantibus,
2867 4495 2971 4566 qui
3001 4495 3140 4550 novi
3193 4493 3495 4549 lsraelitici
3529 4510 3639 4565 po-

1990 4585 2109 4657 puli
2141 4586 2440 4642 revocatio
2461 4590 2568 4649 est,
2597 4600 2883 4640 revocans
2927 4600 3066 4639 eum
3083 4585 3160 4638 ab
3191 4583 3406 4638 erroris
3464 4584 3642 4639 servi-

1987 4680 2126 4730 tute.

2058 4767 2216 4821 Vers.
2248 4765 2337 4820 25.
2369 4765 2450 4820 Et
2498 4765 2740 4834 spiritus
2787 4793 2857 4804 —
2900 4778 3050 4819 eum.
3112 4763 3367 4835 Spiritus
3395 4767 3641 4819 sanctus

1985 4855 2327 4926 prophetiae.
2389 4858 2515 4911 Non
2585 4859 2709 4910 erat
2765 4859 2966 4908 autem
3021 4854 3320 4920 sacerdos,
3380 4859 3441 4910 ut
3501 4854 3643 4909 mihi

1984 4944 2219 4999 interim
2241 4944 2469 5000 videtur
2501 4961 2513 4998 :
2548 4943 2696 5000 alias
2721 4944 2882 4998 enim
2912 4948 2969 4998 et
2997 4943 3111 4998 hoc
3143 4943 3388 4998 omnino
3441 4945 3639 4998 mani-

1982 5031 2259 5089 festasset
2273 5032 2655 5104 evangelista,
2684 5037 2974 5104 tanquam
3008 5047 3283 5101 magnam
3316 5032 3427 5087 viri
3452 5031 3643 5102 digni-

1982 5125 2187 5179 tatem.

1506 5442 1729 5510 Variae
1757 5443 2085 5513 lectiones
2117 5456 2182 5513 et
2213 5455 2414 5512 notae.

348 5582 464 5654 (54)
486 5583 623 5654 llaec
651 5583 712 5638 in
739 5585 1004 5654 margine
1029 5601 1065 5640 a
1094 5601 1279 5641 manu
1318 5585 1870 5643 recentiori.A.Vide

271 5652 657 5726 Amphiloch.
678 5670 750 5726 7p.
803 5652 898 5726 26;
928 5657 980 5726 ι)
995 5697 1007 5711 .

347 5724 487 5796 ((55)
525 5724 697 5797 Apud
723 5725 1078 5800 Amphiloch
1093 5770 1104 5783 .
1118 5724 1469 5788 additurus
1488 5731 1618 5803 πρὸς
1635 5733 1727 5789 τὴν
1739 5749 1871 5804 παρ-

1983 5590 2185 5646 θενικὴν
2273 5592 2442 5658 τοίνυν
2525 5589 2678 5658 φύσιν
2767 5585 2879 5638 οὐδ’
2970 5588 3093 5647 όλως
3176 5587 3518 5658 ἠνεῴχθησαν
3587 5587 3640 5637 αἱ

1979 5661 2288 5733 παρθενικαὶ
2313 5657 2473 5733 πύλαι
2486 5701 2498 5714 .

2053 5730 2165 5803 (36)
2193 5730 2358 5784 Αὐτὸν
2385 5730 2579 5786 abest.
2610 5737 2675 5785 A.
