4188 6446
580 373 682 426 887
1911 345 2253 410 EUTHYMH
2296 345 2627 400 ZIGABENI
3855 351 3963 407 838

657 491 816 547 Vers.
846 491 934 545 19.
979 490 1178 545 Maria
1207 496 1406 546 autem
1438 520 1504 528 ——
1555 487 1698 543 hac.
1748 485 1892 549 Qua:
1921 495 1957 536 a
1987 473 2238 549 pastori-
2266 470 2311 524 A

2308 516 2311 523 .
2433 477 2474 522 Η
2511 467 2568 523 δι
2612 474 2830 546 Μαριὰμ
2877 503 2947 512 -
2985 479 3170 525 ταῦτα.
3227 474 3307 524 Τὰ
3350 474 3497 546 παρὰ
3542 482 3642 524 τῶν
3698 480 3962 548 ποιμένων

581 583 699 638 bus
726 580 878 635 dicta
907 586 1094 635 erant.
1121 579 1525 635 Conservabat
1547 583 1748 632 autem
1777 570 1939 644 apud
1967 582 2118 623 sese.

1968 555 2118 623 sese,
2347 558 2650 617 λαληθέντα.
2688 567 2958 629 Συνετηρει
2988 557 3047 614 δὲ
3079 568 3247 612 ταῦτα
3287 561 3409 635 παρ’
3439 561 3622 633 ἑαυτῇ,

655 671 819 727 Vers.
863 670 952 724 19.
1005 671 1332 737 Con/'erens
1388 695 1455 706 —
1507 681 1633 722 suo.
1692 652 2052 719 lix'aminans
2111 655 2239 709 hinc

2421 649 2796 721 Συμϐάλλουσα
2870 681 2941 690 -
3005 650 3190 712 αὐτῆς.
3286 651 3720 724 ιιαρεξετάξουσα
3791 663 3965 709 ταῦτα

583 759 746 832 apud
770 776 833 814 se
864 760 1077 830 ipsam.
1104 765 1157 813 et
1187 773 1552 830 comparans
1580 755 1656 809 ad
1673 749 1962 807 Gabrielis
1985 748 2061 801 ab
2074 758 2237 799 exor-

2350 739 2468 790 καθ’
2535 739 2741 806 ἑαυτὴν,
2800 743 2930 813 πρὸς
2996 759 3049 792 τε
3093 743 3179 791 τὸν
3238 737 3291 802 ἐξ
3349 738 3526 814 ἀρχῆς
3585 742 3961 817 επᾶαγγελισμόν

583 847 684 903 dio
717 847 1152 909 salutationem,
1214 863 1284 902 ac
1324 847 1449 901 sine
1498 845 1723 899 semine
1765 843 2137 907 conceptum,
2185 837 2237 886 et

2351 835 2442 878 τοῦ
2501 826 2750 902 Γαϐριὴλ,
2809 834 2898 880 καὶ
2952 832 3046 886 τὴν
3104 830 3336 900 ἄσπορον
3389 828 3668 900 σύλληψιν,
3725 838 3816 884 καὶ
3865 840 3961 891 τὴν

584 937 817 1008 absque
856 936 1164 990 doloribus
1219 936 1624 1007 puerperium,
1701 935 2056 1002 partumque
2113 921 2238 974 sine

2353 912 2601 968 ἀνὼδινον
2644 920 2856 983 κύησιν,
2907 923 2997 968 καὶ
3044 921 3130 968 τὸν
3179 919 3402 988 ἄφθορον
3447 925 3618 982 τοκον,
3669 925 3757 972 καὶ
3805 921 3962 973 τελει-

585 1003 961 1096 corruptione
995 1045 1004 1081 :
1040 1031 1095 1078 et
1117 1003 1406 1095 paulatim
1437 1020 1847 1076 certitudinem
1879 1009 2239 1082 suscipiebat

1943 1009 2244 1082 [scipiebat
2353 1010 2546 1077 ωτέραν
2721 1007 2890 1079 ἠρέμα
2919 1003 3180 1078 δεχομένη
3220 1006 3597 1081 πληροφορίαν.

586 1113 1020 1186 perfectiorem.

658 1203 821 1258 Vers.
853 1205 939 1256 20.
974 1203 1052 1257 Et
1081 1201 1298 1258 reversi
1323 1207 1466 1256 sunt
1511 1232 1579 1240 —
1608 1200 1784 1268 ipsos.
1844 1190 2076 1250 Reversi
2107 1192 2246 1244 sunt

2427 1205 2526 1252 Καὶ
2603 1200 2932 1273 ὑπέστρεψαν
3020 1231 3090 1240 -
3161 1200 3373 1262 αὐτούς.
3454 1201 3802 1275 Ὑπέστρεψαν
3890 1206 3967 1268 εἰς

589 1291 670 1350 ad
702 1306 944 1362 gregem
974 1308 1171 1346 suum.

2350 1292 2444 1346 τὴν
2472 1293 2695 1361 ποίμνην
2725 1289 2912 1344 αὐτῶν.

661 1381 824 1436 Vers.
851 1381 940 1435 2t.
965 1380 1225 1451 Cumque
1245 1409 1311 1421 —
1332 1383 1516 1436 utero.
1535 1376 2064 1444 Quemadmodum
2077 1377 2243 1449 apud

2427 1381 2527 1430 Καὶ
2579 1379 2661 1430 ὅτε
2706 1407 2776 1420 -
2829 1378 3021 1450 κοιλίᾳ.
3074 1377 3275 1448 Ὠσπερ
3328 1381 3378 1430 οί
3432 1381 3556 1455 παρ’
3605 1383 3729 1453 ἡμῖν
3787 1385 3962 1457 ἱερεις,

589 1485 704 1527 nos
741 1469 1102 1536 sacerdotes,
1135 1468 1384 1541 quando
1411 1469 1730 1539 baptizant,
1764 1471 1906 1522 tunc
1937 1467 2115 1522 etiam
2140 1483 2243 1524 no-

2353 1466 2436 1517 ὅτε
2484 1464 2830 1537 βαπτίζουσι,
2880 1471 2995 1519 τότε
3042 1472 3132 1519 καὶ
3173 1467 3524 1538 ὀνομάζουσιν
3549 1490 3561 1502 ·
3601 1471 3735 1522 οὕτω
3788 1478 3877 1524 καὶ
3911 1474 3965 1524 οἱ

589 1574 729 1616 men
761 1559 1082 1631 imponunt
1113 1575 1122 1612 :
1154 1560 1233 1614 ita
1259 1563 1313 1613 et
1335 1557 1496 1628 apud
1527 1555 1821 1620 Hebraeos,
1855 1557 2105 1627 quando
2135 1557 2243 1612 cir-

2353 1559 2476 1627 παρ’
2557 1553 2842 1628 Ἑϐραίοις,
2915 1557 2998 1608 ὅτε
3064 1561 3454 1628 περιτέμνουσι,
3528 1564 3640 1612 τότε
3712 1565 3802 1612 καὶ
3868 1565 3964 1620 τὴν

589 1649 962 1713 cumcidunt,
991 1653 1128 1704 tunc
1159 1648 1337 1703 etiam
1371 1663 1590 1703 nomen
1619 1647 1952 1717 imponunt.

1270 1664 1337 1702 .m
1371 1663 1590 1703 nomen
1619 1647 1952 1717 imponunt.
2354 1642 2540 1700 κλῆσιν
2580 1642 2924 1698 ἐπιτιθέασιν.

665 1737 960 1794 Dubitavit
980 1742 1178 1792 autem
1211 1735 1448 1808 aliquis,
1479 1750 1660 1808 quare
1692 1735 1958 1790 Christus
1992 1738 2243 1791 circum-

2425 1732 2713 1805 Ἀπορήσει
2752 1730 2811 1785 δέ
2835 1753 2930 1802 τις,
2965 1735 3068 1800 ὅτι,
3115 1730 3295 1792 ἐπειδη
3347 1735 3460 1804 (5i)
3501 1740 3676 1788 παύειν
3726 1741 3819 1794 τήν
3866 1756 3954 1789 πε-

592 1827 802 1884 cisioni
824 1826 1006 1882 ﬁnem
1025 1831 1152 1881 erat
1168 1825 1557 1897 impositurus
1573 1824 1601 1878 ?
1629 1825 1731 1880 Cui
1751 1825 2244 1896 respondendum

2289 1819 2325 1875 Β
2355 1825 2572 1893 ριτομην
2656 1821 2854 1894 έμιλλεν
2931 1825 2958 1874 ό
3035 1826 3287 1896 Χριστὸς,
3363 1820 3506 1875 διατί
3581 1827 3943 1897 περιετμήθης

591 1922 698 1981 est,
718 1915 880 1988 quod
901 1914 1014 1971 hoc
1029 1915 1362 1970 secundum
1384 1913 1894 1986 dispensationem
1918 1920 2117 1970 actum
2133 1919 2244 1972 est.

2358 1914 2492 1982 Πρὸς
2553 1911 2606 1962 ὃν
2661 1910 3022 1982 ἀπολογητέον,
3084 1913 3159 1963 ὅτι
3215 1912 3324 1963 κατ’
3394 1913 3706 1986 οἰκονομίαν.
3766 1914 3826 1966 1-ὶί
3873 1919 3945 1986 μή

594 2006 713 2063 Nisi
765 2006 926 2061 enim
975 2005 1364 2060 circumcisus
1413 2003 1615 2058 fuisset
1674 2019 2060 2076 nequaquam
2116 2005 2246 2075 ejus

2355 2001 2674 2072 περιετμηθη
2714 2003 2835 2073 γὰρ,
2891 2000 2984 2052 οὐκ
3031 2000 3092 2052 ἄν
3136 2001 3260 2061 ὅλως
3297 1998 3596 2076 παρεδέχθη
3653 1999 3955 2066 διδάσκων,

593 2094 869 2150 doctrina
897 2098 1167 2164 suscepta
1207 2093 1428 2158 fuisset,
1475 2092 1578 2148 sed
1610 2092 1862 2148 omnino
1911 2094 2242 2165 repudiata,

2356 2088 2463 2140 ἀλλ’
2517 2087 2821 2162 ἀπεπέμφθη
2874 2089 2954 2155 ἂν,
2997 2093 3066 2152 ὡς
3107 2089 3406 2161 ἁλλόφυλος,
3454 2087 3568 2142 οὐδ’
3618 2090 3677 2142 ἂν
3720 2089 3964 2144 ἐπίστευ-

592 2188 887 2257 tanquam
911 2183 1256 2250 alienigena:
1283 2203 1296 2237 :
1322 2197 1517 2253 neque
1543 2182 1890 2238 credidisset
1913 2183 2244 2255 quispiam,

2360 2183 2417 2230 σέ
2472 2197 2572 2246 τις,
2622 2181 2702 2229 ὅτι
2755 2179 2912 2240 αὐτὸς
2977 2178 3090 2231 ἐστι
3154 2181 3180 2230 ὁ
3246 2176 3678 2252 προσδοκώμενος
3728 2185 3963 2254 Χριστὸς

591 2273 791 2346 ipsum
816 2288 948 2328 esse
979 2271 1278 2327 Christum
1312 2271 1386 2326 de
1417 2271 1643 2326 semine
1696 2270 2002 2326 Abraham
2044 2287 2245 2343 exspe-

2358 2265 2413 2318 ἐκ
2465 2272 2761 2341 σπέρματος
2813 2267 3074 2342 Ἃϐραάμ.
3136 2269 3203 2320 Οἱ
3250 2271 3353 2343 γὰρ
3412 2267 3465 2331 ἐξ
3517 2267 3756 2342 ’Δϐραάμ
3803 2270 3938 2322 ἅπαν

593 2361 1057 2419 ctatum.0mnes
1072 2359 1298 2432 enim,q
1307 2360 1362 2415 ui
1375 2358 1454 2414 ab
1465 2358 1766 2414 Abraham
1781 2359 2247 2419 descendebant.

2357 2374 2457 2424 τες,
2525 2353 2798 2428 σφραγῖδα
2859 2362 2950 2409 καὶ
3019 2365 3233 2429 σημεῖον
3286 2362 3380 2415 τήν
3451 2363 3737 2431 περιτομὴν
3796 2355 3962 2431 εἶχον,

595 2450 857 2520 sigillum
890 2465 960 2505 ac
991 2449 1226 2521 signum
1263 2447 1566 2503 habebant
1593 2446 2078 2510 circumcisionis,
2111 2465 2247 2521 quae

2361 2442 2396 2497 δ
2401 2445 2767 2498 ιαστέλλουσαν
2809 2446 2994 2506 αὐτοὺς
3048 2445 3149 2498 ἀπὸ
3207 2456 3306 2499 τῶν
3355 2446 3519 2498 ἄλλων
3577 2446 3751 2500 ἐθνῶν.
3793 2455 3965 2522 Περιε-

593 2538 998 2607 distinguebat
1023 2538 1154 2593 illos
1182 2536 1260 2592 ab
1289 2536 1418 2592 aliis
1453 2536 1750 2605 gentibus.
1786 2536 1873 2592 Ob
1901 2537 2012 2592 hoc
2049 2536 2247 2609 itaque

2358 2536 2532 2605 τμηθη
2601 2538 2692 2606 μὲν
2746 2535 2834 2587 οὖν
2888 2532 2982 2588 διὰ
3037 2545 3210 2601 τοῦτο,
3279 2535 3487 2609 πληρῶν
3544 2535 3810 2592 κάνταῦθα
3875 2543 3966 2590 τὸν

594 2628 984 2684 circumcisus
1009 2631 1115 2681 est.
1172 2626 1383 2695 Legem
1417 2626 1594 2679 etiam
1643 2624 1700 2679 in
1728 2624 1841 2680 hoc
1889 2625 2245 2698 adimplens,

2359 2627 2531 2695 νόμον,
2582 2627 2755 2697 ὥσπερ
2787 2631 2876 2678 καὶ
2914 2627 2964 2677 ἐν
3003 2633 3115 2686 τοίς
3169 2625 3338 2686 ἄλλοις
3389 2635 3621 2698 νομικοῖς
3672 2627 3967 2699 παραγγέλ-

595 2717 746 2772 sicut
774 2715 833 2770 in
865 2715 993 2770 aliis
1023 2729 1266 2786 quoque
1301 2713 1618 2784 praeceptis
1649 2713 1964 2782 legalibus,
2002 2731 2074 2770 ne
2106 2716 2249 2787 legis

2359 2731 2542 2786 μασιν,
2585 2714 2667 2764 ἶνα
2717 2718 2788 2784 μή
2844 2710 2972 2786 δόξῃ
3040 2723 3131 2766 του
3188 2719 3347 2786 νόμου
3396 2714 3724 2790 παραϐάτης.
3768 2715 3964 2769 Ἐπαν-

594 2811 995 2873 transgressor
1039 2802 1354 2858 videretur.
1388 2805 1547 2857 Hanc
1578 2809 1778 2858 autem
1803 2818 2040 2858 cessare
2086 2804 2248 2869 facit,

2364 2821 2420 2854 σε
2461 2798 2520 2854 δι
2573 2805 2768 2860 ταύτην
2815 2808 2905 2855 καὶ
2961 2805 3096 2856 πάνυ
3149 2802 3390 2875 εὐλόγως.
3447 2803 3504 2856 Ἠ
3557 2810 3656 2878 γὰρ
3709 2811 3959 2878 περιτομὴ

596 2899 654 2950 οι
696 2890 870 2948 valde
906 2890 1352 2948 rationabiliter.
1403 2891 1774 2946 Hebraeorum
1809 2893 1968 2948 enim
2009 2893 2245 2950 circum-

2361 2900 2460 2944 τῶν
2511 2890 2756 2964 Ἐϐραίων
2811 2896 2866 2945 τὸ
2927 2891 3209 2964 βάπτισμα
3281 2902 3381 2944 τῶν
3448 2901 3772 2967 Χριστιανῶν
3841 2894 3952 2945 ἐτύ-

597 2981 747 3038 cisio
776 2980 1244 3037 Christianorum
1283 2982 1573 3053 baptisma
1601 2980 1898 3050 ﬁgurabat
1944 2998 2012 3038 ac
2050 2984 2251 3055 praesi-

2360 2999 2459 3033 που
2510 2985 2599 3032 καὶ
2655 2987 3049 3055 προεσήμαινεν.
3098 2981 3296 3055 Ὠσπερ
3352 2985 3452 3056 γὰρ
3524 2981 3692 3041 ἐκείνη
3743 2987 3854 3044 τοὺς
3900 2983 3949 3045 ἐξ

595 3070 841 3142 gnabat.
871 3069 1398 3136 Quemadmodum
1429 3071 1587 3125 enim
1610 3070 1710 3127 illa
1739 3071 2017 3141 signabat
2042 3089 2167 3138 eos,
2194 3080 2249 3129 et

2362 3068 2602 3142 Ἀϐραὰμ
2660 3071 2773 3140 (5'2)
2825 3071 3110 3145 ἐσφράγιζε
3166 3076 3255 3122 καὶ
3309 3067 3596 3124 διέστελλεν
3670 3072 3769 3125 ἀπὸ
3836 3092 3957 3125 παν-

596 3159 674 3216 ab
707 3159 872 3215 omni
902 3163 1078 3231 gente
1093 3159 1502 3228 distinguebat
1533 3177 1546 3214 :
1575 3160 1656 3216 ita
1677 3166 1732 3216 et
1760 3160 1872 3217 hoc
1895 3161 2248 3220 Chritianos.

2305 3159 2450 3220 310;
2494 3161 2688 3227 ἔθνους,
2744 3160 2880 3212 οὕτω
2931 3165 3020 3212 καὶ
3067 3168 3221 3212 τοῦτο
3258 3164 3376 3222 τοὺς
3419 3166 3790 3235 Χριστιανούς.
3834 3163 3959 3233 [Καὶ

596 3250 661 3320 (1-
687 3251 754 3305 Et
771 3248 924 3304 sicut
953 3248 1050 3304 illa
1079 3249 1448 3320 superﬂuam
1469 3251 1737 3321 corporis
1759 3251 2133 3322 particulam,
2171 3253 2250 3308 ita

2362 3248 2477 3318 (53)
2543 3250 2776 3320 καθάπερ
2843 3247 3003 3306 ἐκείνη
3062 3253 3298 3324 περιττὸν
3381 3248 3654 3312 ἀποτέμνει
3720 3258 3810 3303 τοῦ
3866 3256 3962 3303 σὼ-

597 3337 793 3395 ethoc
823 3342 1094 3409 amputat
1131 3343 1446 3409 peccatum
1493 3339 1908 3410 superﬂuum).
1934 3341 2251 3411 Oportebat

2363 3356 2526 3409 ματος
2565 3342 2740 3410 μέρος,
2792 3339 2926 3390 οὕτω
2970 3344 3251 3391 καὶτοῦτο
3317 3342 3410 3395 τὴν
3461 3338 3719 3412 ἁμαρτίαν
3778 3339 3962 3392 ἀποτέ-

598 3430 801 3483 autem
854 3441 1086 3483 cessare
1138 3427 1419 3496 ﬁguram,
1466 3428 1736 3484 veniente
1786 3429 2155 3500 exemplari:
2200 3435 2252 3487 et

2364 3445 2498 3498 μνει,
2547 3432 2785 3500 περιττὴν
2841 3426 3256 3502 ὑπάρχουσαν.]
3286 3423 3432 3480 Ἔδει
3483 3424 3542 3480 δι
3586 3431 3848 3487 παυθῆναι
3880 3433 3964 3481 τὸν

599 3514 905 3587 quiescere
941 3515 1204 3584 signum,
1253 3515 1523 3571 adhibito
1554 3517 1907 3585 signiﬁcato.
1961 3520 2107 3574 Nam
2139 3520 2253 3576 hoc

2365 3518 2544 3582 τύπον,
2605 3514 2831 3576 ἐλθόντος
2906 3524 2998 3568 τοῦ
3067 3519 3428 3590 πρωτοτύπου,
3483 3522 3572 3568 καὶ
3633 3527 3858 3588 σιγῆσαι
3907 3522 3965 3570 τό

601 3619 708 3677 per
720 3604 984 3675 seipsum
1015 3603 1323 3676 adimplet,
1341 3610 1400 3661 et
1421 3605 1796 3674 superﬂuum
1816 3610 1922 3675 est,
1956 3607 2252 3680 quidquid

2364 3607 2575 3677 μηνύον,
2636 3605 2937 3665 ἐπιστάντος
2987 3613 3080 3657 τοῦ
3123 3610 3465 3677 μηνυομένόυ.
3521 3609 3590 3659 Τὸ
3635 3610 3732 3680 γὰρ
3785 3607 3967 3659 ἑαυτοὺ

602 3692 896 3764 reliquum
921 3697 1011 3747 est
1031 3693 1142 3763 (θ’).

2364 3693 2688 3766 πεπλήρωκε,
2720 3699 2809 3746 καὶ
2839 3699 3076 3767 περιττόν
3104 3692 3218 3746 ἐστι
3247 3703 3339 3746 τοῦ
3367 3693 3568 3747 λοιποῦ.

675 3782 838 3838 Vers.
871 3781 960 3836 22.
986 3782 1063 3836 Et
1083 3781 1316 3852 quando
1346 3813 1413 3822 —
1441 3782 1651 3851 Moysi.
1716 3785 1828 3839 Lex
1875 3785 2122 3856 quidem
2154 3787 2256 3842 Dei

2441 3789 2539 3836 Καὶ
2582 3785 2665 3836 ὅτε
2717 3815 2782 3823 -
2836 3787 3117 3846 Μωυσέως.
3174 3781 3234 3834 Ὀ
3303 3787 3452 3855 νόμος
3518 3790 3605 3835 τοῦ
3672 3790 3806 3835 Θεοῦ
3874 3787 3969 3857 μὶν

601 3873 747 3932 erat,
780 3873 982 3940 utpote
1001 3869 1080 3924 ab
1110 3885 1182 3925 eo
1197 3868 1358 3925 data.
1390 3870 1707 3927 Dicebatur
1729 3877 1932 3928 autem
1964 3879 2020 3928 et
2045 3875 2250 3946 Moysi,

2366 3870 2449 3942 ἦν,
2504 3874 2569 3933 ὡς
2621 3872 2744 3945 παρ’
2789 3872 2949 3924 αὑτοῦ
3011 3873 3336 3945 ὑφηγηθεέςο
3380 3872 3570 3943 ἐλέγετο
3629 3869 3686 3925 δὲ
3741 3877 3834 3925 καὶ
3872 3881 3968 3925 τοῦ

606 3962 888 4029 tanquam
915 3957 993 4013 ab
1041 3972 1112 4013 eo
1163 3959 1402 4030 scripta.
1444 3959 1704 4016 Jubebat
1761 3967 1982 4029 autem,
2039 3969 2256 4036 utquae

2363 3966 2644 4031 Μωυσέως,
2698 3965 2767 4022 ὡς
2823 3961 2945 4036 παρ’
2985 3961 3144 4013 αὐτοῦ
3206 3965 3432 4033 γραφείς.
3487 3961 3709 4014 Ἐκέλευε
3766 3958 3825 4014 δι
3872 3967 3969 4020 τὴν

606 4061 809 4102 semen
831 4047 1270 4118 suscepissetac
1283 4048 1614 4119 peperisset
1631 4050 1986 4116 masculum,
2016 4053 2256 4125 impura

2366 4052 2848 4124 σπερματισθεῖσαν
2932 4055 3021 4103 καὶ
3096 4057 3347 4103 τεκοῦσαν
3417 4051 3594 4122 ἄρσεν,
3677 4049 3969 4124 ἀκάθαρτον

603 4134 925 4193 haberetur
950 4151 1139 4208 usque
1169 4136 1247 4193 ad
1276 4136 1679 4208 quadraginta
1733 4138 1864 4210 djes
1907 4142 1973 4195 ¹⁶.
2012 4143 2128 4197 Hoc
2155 4158 2254 4198 au-

2363 4141 2672 4212 νομίζεσθαι
2735 4144 2900 4212 μέχρι
2956 4141 3352 4211 τεσσαράκοντα
3412 4140 3634 4214 ἡμερῶν.
3697 4146 3859 4192 Τοῦτο
3909 4137 3971 4192 δὲ

605 4229 725 4283 tem
757 4224 1080 4281 ordinabat
1122 4225 1200 4282 ad
1227 4227 1494 4298 requiem
1530 4226 1752 4293 matris,
1789 4244 1862 4283 ne
1910 4231 2107 4286 statim
2150 4232 2252 4288 viri

2363 4233 2707 4304 προσέταττεν
2759 4228 2828 4288 εἰς
2901 4229 3197 4280 ἀνάπαυσιν
3271 4237 3362 4288 τῆς
3432 4233 3656 4302 μήτρας,
3739 4230 3820 4280 ἵνα
3891 4235 3965 4301 μὴ

604 4314 730 4371 uis
760 4330 898 4387 quia
928 4315 1299 4387 peperissent
1360 4315 1646 4371 uxoribus
1699 4320 2250 4377 commiscerentur.

2365 4319 2515 4379 εὐθὺς
2572 4320 2620 4370 οἱ
2680 4314 2869 4393 ἄνδρες
2941 4320 3219 4379 τεκούσαις
3266 4323 3382 4378 ταῖς
3445 4324 3701 4388 γαμεταῖς
3779 4317 3968 4370 ἑαυτῶν

603 4402 875 4460 nondum
906 4408 1112 4459 curato
1137 4403 1362 4468 labore,
1394 4405 1496 4476 qui
1528 4405 1826 4477 parientes
1847 4410 2250 4481 consequitur.

2367 4406 2782 4479 συμπλέκωνται,
2831 4411 2989 4479 μήπω
3042 4410 3136 4464 τὴν
3190 4404 3290 4458 ἀπὸ
3342 4414 3435 4458 τοῦ
3495 4413 3654 4458 τεκεῖν
3712 4406 3972 4459 ταλαιπω-

605 4493 827 4549 Verum
863 4492 962 4548 Dei
1000 4492 1262 4549 Genitrix
1291 4493 1430 4551 huic
1460 4499 1614 4549 certe
1639 4493 1754 4564 legi
1804 4495 2077 4566 subjecta
2132 4513 2253 4554 non

2318 4500 2480 4561 lpiazv
2563 4498 2999 4570 θεραπευσάσαις.
3062 4495 3197 4547 Ἀλλ’
3262 4497 3289 4554 ἠ
3351 4500 3600 4555 Θεοτόκος
3669 4495 3774 4566 οὐχ
3850 4496 3972 4547 ὑπέ-

605 4587 748 4649 erat,
777 4598 847 4638 eo
871 4583 1035 4653 quod
1067 4598 1270 4639 semen
1297 4597 1417 4638 non
1468 4588 1809 4654 susceperat
1837 4600 1850 4640 :
1882 4586 2147 4642 obedivit
2175 4594 2254 4644 ta-

2365 4607 2500 4640 κειτο
2527 4589 2616 4658 μεν
2638 4593 2708 4654 τῷ
2739 4588 2877 4657 νόμῳ
2907 4586 3091 4655 τούτῳ,
3130 4579 3164 4635 δ
3170 4587 3223 4635 ιά
3251 4587 3308 4635 τὸ
3355 4588 3423 4655 μὴ
3473 4586 3926 4658 σπερσαιισθῆναι
3953 4602 3965 4614 ·

603 4685 765 4735 men,
794 4686 869 4726 ne
898 4671 1090 4741 legem
1124 4672 1456 4739 transgredi
1509 4671 1822 4728 videretur.
1876 4675 2254 4744 Purgationis

2366 4674 2723 4747 ἐπειθάρχησε
2763 4669 2821 4726 δι
2851 4672 3011 4744 αὐτῷ,
3039 4674 3121 4724 ἶνα
3163 4676 3234 4744 μὴ
3298 4669 3427 4734 δόξη
3487 4671 3823 4744 παραϐαινειν
3884 4676 3969 4724 τὸν

603 4763 806 4818 autem
836 4774 1065 4827 eorum,
1106 4765 1252 4830 puta
1283 4760 1488 4816 matris
1522 4761 1686 4830 pueri
1734 4777 1804 4816 ac
1835 4765 2038 4833 sponsi
2081 4765 2208 4835 ejus
2239 4783 2251 4821 :

2363 4769 2534 4834 νόμον.
2585 4771 2689 4816 Τοῦ
2739 4764 3071 4837 καθαρισμοῦ
3117 4757 3176 4814 δὲ
3215 4761 3402 4826 αὐτῶν,
3453 4765 3570 4819 ἤτοι
3623 4770 3715 4824 τῆς
3769 4766 3970 4834 μητρὸς

604 4847 1149 4920 appropriabantur
1168 4850 1327 4905 enim
1349 4855 1406 4906 et
1429 4849 1572 4906 viris
1595 4851 1978 4922 purgationes
1998 4869 2252 4912 uxorum

2363 4861 2454 4906 τοῦ
2510 4848 2729 4906 παιδίου
2787 4857 2876 4904 καὶ
2928 4858 3018 4903 τοῦ
3066 4857 3368 4925 μνηστῆρος
3415 4849 3613 4912 αὐτῆς·
3670 4852 3969 4921 ’ῼκειοῦντο

605 4952 876 4994 suarum.
2361 4945 2463 5016 ’γὰρ
2494 4944 2544 4994 οἰ
2582 4938 2771 5016 ἄνδρες
2797 4943 2886 4993 τὸν
2927 4941 3258 5012 καθαρισμὸν
3315 4947 3413 4992 τῶν
3461 4948 3718 5011 γυναικῶν
3777 4939 3967 4995 αὐτῶν.

674 5116 722 5152 η
759 5112 941 5172 Levit.
967 5129 1070 5181 xu,
1099 5118 1152 5172 2.

1825 5321 2034 5391 Variae
2071 5322 2398 5392 lectiones
2439 5333 2507 5390 et
2546 5332 2751 5391 notae.

696 5543 787 5618 5Q)
810 5540 1143 5618 Τελεωτέραν,
1176 5547 1234 5599 B.

2426 5543 2715 5618 (mittam
2744 5543 2805 5600 in
2835 5542 3101 5618 margine
3125 5543 3192 5597 A.
3223 5543 3558 5618 ﬁentenius
3594 5543 3726 5599 haec
3753 5542 3817 5598 in
3847 5542 3964 5600 ﬁne

696 5543 787 5686 5οζ
810 5543 1143 5614 Τελεωτέραν,
1176 5547 1234 5599 B.

701 5615 758 5670 51
819 5615 965 5666 Ἐπεὶ
1004 5616 1208 5669 παύειν.
1244 5619 1297 5668 Β.

671 5543 786 5758 ἐ52)
819 5684 905 5748 Ἐξ
932 5683 1168 5758 ’Λϐραείμ
1197 5699 1318 5742 non
1344 5684 1623 5756 exprimit
1651 5685 1959 5758 interpres.

2431 5544 2547 5618 (53)
2579 5543 2715 5601 Haac
2744 5543 2805 5600 in
2835 5543 3101 5616 margine
3125 5543 3192 5597 A.
3236 5543 3554 5600 Hentenius
3594 5543 3711 5599 haec

2359 5616 2565 5672 scholii
2593 5632 2665 5672 ex
2706 5616 2967 5692 margine
3006 5613 3102 5672 sui
3131 5613 3351 5672 codicis
3381 5613 3711 5674 addiderat.

693 5683 786 5756 52)
819 5684 905 5748 Ἐξ
932 5683 1168 5760 Ἀϐραάμ.
1197 5699 1318 5742 non
1344 5684 1623 5756 exprimit
1651 5685 1959 5759 interpres.
