4188 6424
588 346 689 403 891
1934 337 2284 398 summu
2331 337 2670 399 ZIGABENI
3850 349 3945 407 892

667 472 821 526 Vers.
855 469 942 524 26.
974 471 1051 526 Et
1074 484 1414 540 responsum
1433 473 1734 542 acceperat
1762 500 1828 512 ——
1854 467 2110 525 Domini.
2149 465 2245 518 Le-

2433 465 2533 519 Καὶ
2582 463 2643 525 ἦν
2686 467 2825 538 αύτῷ
2876 470 3367 540 κεχρηματισμένον
3427 499 3497 510 -
3545 470 3761 543 Κυρίου.
3804 474 3942 527 Ἀνα-

592 575 738 627 gens
767 559 923 614 enim
956 560 1223 632 quodam
1291 565 1554 631 tempore
1607 560 1969 633 prophetias,
2005 573 2139 629 quas
2175 554 2249 609 de

595 646 822 703 Christo
840 653 1027 711 erant,
1052 663 1186 704 cum
1212 648 1553 713 invenisset,
1578 650 1734 721 quod
1760 651 1909 703 Deus
1937 645 2251 701 incarnan-

593 737 885 800 dusesset,
905 737 981 792 ad
997 753 1176 808 super
1194 737 1463 794 naturale
1479 738 1843 810 mysterium,
1858 741 2130 807 tanquam
2145 733 2249 789 bo-

596 841 716 893 mo,
740 825 1063 882 anhelabat
1093 843 1105 881 :
1132 826 1268 881 ideo
1289 828 1466 882 etiam
1494 826 1828 891 oraculum,
1860 825 1979 879 sive
2009 836 2252 893 respon-

595 930 750 980 sum,
774 916 1022 987 accepit,
1055 931 1116 970 se
1130 930 1249 971 non
1277 916 1652 980 moriturum,
1681 915 1873 970 donec
1900 913 2030 984 ipse
2059 911 2252 967 Chris-

594 1008 721 1059 tum
744 1004 931 1059 oculis
984 1004 1208 1060 videret
1235 1006 1555 1077 corporeis.
1587 1005 1896 1064 Christum
1925 1007 2121 1059 autem
2144 1000 2249 1055 Do-

593 1094 760 1157 mini,
793 1092 960 1157 dixit,
992 1099 1233 1165 propter
1262 1096 1390 1165 ejus
1413 1096 1489 1149 ad
1523 1096 1754 1151 Patrem
1783 1091 2246 1149 similitudinem.

594 1183 913 1237 Dominum
935 1182 1093 1237 enim
1127 1183 1392 1253 intelligit
1417 1198 1574 1238 nunc
1607 1184 1855 1238 Patrem.

665 1273 752 1341 -Η-
776 1270 1061 1342 Equidem
1092 1272 1317 1328 invenit
1345 1272 1523 1329 etiam
1563 1271 1624 1326 in
1655 1271 1965 1327 codicibus
1996 1268 2250 1325 nonnul-

2357 560 2626 625 γινώσκων
2654 559 2756 628 γὰρ
2788 563 2911 609 ποτε
2934 560 3029 618 τὰς
3066 562 3184 631 περὶ
3216 565 3451 629 Χριστοῦ
3502 568 3832 634 προφητείας,
3863 568 3942 615 καὶ

2360 644 2516 715 εὑρὼν
2543 646 2623 696 ὅτι
2654 650 2783 707 Θεὸς
2822 647 2888 697 ὡν
2919 644 3213 718 ένανθρωπῆ
3225 666 3315 698 σαι
3337 647 3529 719 μέλλει,
3566 654 3696 723 πρὸς
3720 655 3775 702 τὸ
3804 652 3943 724 ὑπερ-

2361 735 2475 803 φυὲς
2499 740 2588 784 τοῦ
2625 739 2944 806 μυστηρίου,
2978 737 3047 795 ὡς
3076 737 3365 808 ἄνθρωπος,
3401 737 3664 809 ἰλιγγίασε
3703 759 3714 771 ο
3751 736 3835 791 διὸ
3863 746 3941 792 καὶ

2359 818 2714 895 χρησμῳδίαν
2745 822 2918 875 ὓ.αϐιν
2952 863 2970 892 ,
3006 828 3168 876 εἰτουν
3196 822 3457 892 ἀπόφασιν
3479 829 3547 889 ὡς
3565 828 3658 880 ούκ
3689 827 3942 882 ἀποθανεῖ·

2360 929 2447 960 ται
2479 914 2666 982 μέχρις
2691 910 2751 962 ἆν
2780 908 2870 985 ἴδη
2901 912 3056 964 αὐτὸν
3082 916 3168 965 τὸν
3222 919 3452 987 Χριστὸν
3507 924 3615 979 τοῖς
3655 922 3765 987 (57)
3792 918 3940 971 αύτοῦ

2361 999 2659 1072 ὀφθαλμοῖς.
2691 1004 2788 1054 Τὸν
2828 1005 3054 1073 Χριστὸν
3083 999 3141 1055 δὴ
3171 1003 3382 1075 Κυρίου.
3422 1001 3531 1057 εἶπε
3562 1002 3657 1059 διὰ
3703 1012 3793 1066 τὴν
3824 1011 3941 1082 πρὸς

2358 1093 2443 1141 τὸν
2474 1094 2680 1163 Πατέρα
2726 1089 3004 1147 οἰκείοισιν.
3058 1092 3248 1164 Κύριον
3292 1096 3393 1166 γὰρ
3449 1095 3561 1166 (58)
3601 1100 3703 1149 νόει
3732 1100 3815 1150 τὸν
3842 1105 3938 1151 Πα-

2358 1181 2498 1250 τέρα.

2428 1266 2620 1342 [Εὗρον
2650 1269 2763 1339 (59)
2791 1268 2935 1341 κάγὼ
2966 1272 3014 1322 έν
3046 1290 3156 1324 τισι
3186 1280 3285 1323 τῶν
3319 1272 3434 1345 (60)
3475 1273 3794 1348 ἀντιγράφων
3830 1281 3937 1348 περὶ

2356 1364 2447 1408 τοῦ
2487 1354 2697 1411 δικαίου
2741 1361 2927 1412 τούτου
2982 1356 3190 1433 ἀνδρὸς,
3225 1364 3289 1422 ὡς
3342 1361 3398 1416 ἐκ
3426 1373 3527 1416 τῶν
3594 1362 3937 1437 ἑϐδομήκοντα

2355 1447 2674 1520 ἓρμηνευτών
2708 1456 2805 1499 τῶν
2857 1447 3104 1520 Ἐϐραίων
3154 1446 3214 1508 ἦν
3247 1449 3295 1502 έν
3342 1459 3456 1513 ταῖς
3495 1455 3706 1526 ἡμέραις
3753 1453 3933 1507 Πτολε-

2353 1539 2512 1605 μαίου
2552 1543 2640 1588 τοῦ
2693 1533 3032 1601 Φιλαδέλςου.
3090 1539 3559 1611 Μεθερμηνεύοντες
3609 1544 3704 1615 γὰρ
3760 1541 3933 1593 ἐκεῖνοι

594 1359 666 1415 lis
714 1362 782 1415 de
826 1360 1123 1431 hocjusto
1170 1361 1317 1425 viro,
1363 1360 1528 1432 quod
1554 1360 1727 1416 fuerit
1776 1376 1847 1415 ex
1876 1358 2249 1430 septuaginta

594 1447 1014 1520 interpretibus
1046 1447 1364 1517 Hebraicis,
1386 1454 1653 1521 tempore
1711 1447 2007 1504 Ptolemaei
2052 1446 2245 1503 Phila-

594 1537 814 1610 delphi.
861 1539 1311 1609 lnterpretantes
1337 1538 1498 1594 enim
1528 1538 1870 1594 vaticinium
1900 1536 2068 1591 Isaiae
2098 1552 2242 1607 pro-

593 1627 786 1699 pheta:
820 1643 833 1680 :
869 1628 1028 1692 Ecce,
1083 1628 1246 1695 virgo
1276 1628 1338 1682 in
1364 1631 1527 1685 utero
1559 1626 1786 1682 habebit
1821 1628 1865 1662 ¹⁹
1891 1645 1905 1693 ;
1937 1626 2052 1682 hoc
2083 1624 2244 1681 solus

2355 1628 2538 1686 πάντες
2592 1630 2683 1683 τὴν
2732 1626 3020 1701 προρρησιν
3072 1627 3291 1681 Ἠσαίου
3350 1637 3443 1682 τοῦ
3490 1636 3767 1703 προφήτου,
3816 1634 3872 1682 τό
3913 1650 3924 1663 ·

594 1716 833 1773 Simeon
908 1731 1029 1771 non
1086 1715 1334 1771 credidit
1412 1716 1736 1789 prophetas,
1796 1714 1990 1771 donec
2038 1714 2092 1771 ei
2164 1713 2243 1770 ab

2355 1710 2517 1779 Ἰδού,
2574 1715 2603 1773 η
2664 1716 2914 1785 παρθένος
2963 1714 3010 1766 έν
3056 1722 3250 1789 γαστρὶ
3294 1718 3392 1780 ἕξει
3448 1736 3459 1748 ⁸
3505 1726 3647 1771 τοῦτο
3702 1723 3851 1789 μόνος
3896 1719 3920 1769 ὁ

593 1805 794 1861 divino
812 1804 1026 1875 angelo
1037 1820 1393 1878 responsum
1419 1811 1590 1871 esset,
1614 1806 1813 1877 ipsum
1840 1820 1959 1861 non
1975 1804 2242 1859 visurum

2355 1808 2557 1875 Συμεὼν
2608 1806 2821 1861 ἠπίστει
2866 1812 2937 1874 τῷ
2991 1811 3253 1877 ωροφητη,
3314 1807 3367 1857 ὁν
3401 1811 3491 1864 τὴν
3526 1808 3635 1876 (61)
3765 1804 3914 1858 έκεῖνο

592 1898 868 1961 mortem,
900 1894 1093 1950 donec
1122 1893 1415 1949 Christum
1446 1893 1681 1950 Domini
1722 1893 1783 1950 in
1826 1907 2047 1949 manus
2080 1907 2245 1948 acce-

2355 1895 2743 1967 χρηματισθεὶς
2773 1895 2872 1945 ύπὸ
2905 1896 3041 1947 θείου
3073 1894 3312 1966 ἀγγέλου,
3334 1900 3403 1967 μὴ
3434 1891 3560 1948 ἰδεῖν
3592 1897 3810 1960 θάνατον,
3832 1895 3917 1955 ἕως

592 1982 761 2055 perit.
2353 1981 2413 2034 ἂν
2439 1986 2528 2034 τύν
2561 1986 2790 2055 Χριστὸν
2847 1983 3041 2057 Κυρίου
3092 1980 3308 2047 δέξηται
3369 1983 3415 2036 ἐν
3445 1992 3558 2044 ταῖς
3582 1987 3753 2037 έάιυτοῦ
3800 2002 3916 2057 χερ-

2357 2072 2487 2146 σίν]

663 2177 826 2233 Vers.
859 2179 946 2232 27.
976 2178 1052 2234 Et
1091 2179 1247 2235 venit
1300 2209 1365 2220 —
1396 2179 1688 2248 templum.
1723 2180 1910 2234 Motus
1941 2193 1978 2234 a
2027 2177 2243 2249 Spiritu

663 2271 795 2304 nntn

2427 2163 2527 2217 Καὶ
2594 2158 2741 2219 ἦλθεν
2803 2191 2869 2201 -
2920 2162 3072 2235 ἱερὸν.
3119 2168 3202 2232 Τῷ
3245 2164 3506 2234 ιινεύματι
3567 2169 3636 2232 τῷ
3857 2179 3929 2213 κι-

2355 2254 2541 2304 νηθείς.

593 2271 817 2324 sancto.

2355 2272 2413 2310 νη
2423 2270 2541 2311 σεις.

662 2359 820 2413 Vers.
853 2356 942 2413 27.
978 2358 1054 2414 Et
1084 2373 1218 2414 cum
1249 2388 1317 2399 —
1345 2373 1504 2415 suae.
1537 2356 1744 2413 Statim
1774 2356 1936 2413 enim
1961 2355 2244 2426 cognovit

2428 2342 2529 2395 Καὶ
2549 2340 2597 2393 έν
2626 2372 2687 2382 -
2716 2341 2896 2393 αὑτοῦ.
2924 2346 3110 2413 Διέγνω
3138 2344 3242 2415 γὰρ
3286 2343 3413 2393 αὐτὸ
3443 2341 3673 2416 παρευθύ
3696 2347 3799 2402 τοῖς
3829 2334 3929 2392 διο·

590 2462 731 2504 eum
765 2447 1291 2518 perspicacissimis
1318 2447 1530 2504 oculis.

666 2538 826 2593 Vers.
859 2536 945 2590 28.
1006 2538 1070 2592 Et
1121 2537 1412 2593 benedixit
1468 2538 1674 2593 Deum.
1725 2536 1837 2602 Qui
1897 2536 2244 2592 incarnatus

591 2630 736 2682 erat.

663 2716 826 2770 Vers.
846 2716 933 2769 28.
956 2716 1033 2769 Et
1062 2715 1147 2770 ait
1172 2746 1241 2754 —
1266 2714 1428 2770 Vers.
1458 2714 1550 2771 29.
1586 2714 1830 2771 Verbum
1857 2719 2043 2770 tuum.
2072 2718 2239 2771 Nunc

591 2804 840 2860 omnino
879 2818 974 2858 me
1020 2802 1284 2859 absolvis
1314 2818 1351 2859 a
1379 2803 1517 2869 vita,
1552 2803 2070 2876 quemadmodum
2095 2803 2240 2860 olim

592 2891 830 2947 dixeras
863 2890 1008 2946 mihi
1038 2890 1357 2962 requirenti
1383 2890 1458 2947 de
1496 2895 1598 2947 tua
1629 2891 2059 2947 incarnatione.

664 2980 828 3035 Vers.
862 2984 948 3035 29.
976 2981 1044 3035 In
1072 2994 1240 3050 pace.
1284 2982 1347 3036 In
1396 2995 1545 3053 pace
1587 2981 2042 3051 cogitationum.
2075 2984 2242 3038 Nunc

592 3068 775 3133 enim,
806 3083 943 3142 quas
975 3085 1071 3126 me
1113 3069 1456 3134 turbabant,
1484 3069 1559 3126 de
1588 3069 1793 3126 divina
1831 3070 2240 3127 incarnatione

590 3158 977 3229 cogitationes
1006 3158 1333 3231 paciﬁcate:
1363 3164 1520 3217 sunt.

661 3248 784 3317 Vel,
818 3249 879 3305 in
910 3264 1055 3321 pace
1086 3248 1506 3320 intrepiditatis
1536 3249 1715 3321 ;quia
1739 3248 2044 3322 deinceps,
2086 3264 2243 3306 mor-

592 3344 711 3396 tem
751 3354 874 3396 non
926 3342 1213 3406 metuam,
1266 3344 1505 3411 propter
1556 3338 1920 3411 profundam
1974 3344 2243 3395 senectu-

591 3434 733 3486 tem.

664 3518 782 3589 Vel,
815 3519 878 3573 In
900 3533 1047 3591 pace
1066 3516 1273 3586 gaudii
1298 3536 1315 3589 ;
1336 3516 1480 3589 quia
1495 3517 1777 3589 deinceps
1796 3533 1911 3573 non
1933 3518 2244 3575 contrista-

589 3609 702 3666 bor
726 3615 967 3683 prOpter
989 3609 1321 3664 libertatem
1352 3607 1582 3664 lsraelis
1614 3625 1627 3674 ;
1652 3608 1781 3678 jam
1823 3608 1982 3664 enim
2010 3609 2133 3665 vidi
2157 3611 2243 3665 Li-

590 3699 948 3754 beratorem.

666 3786 831 3841 Vers.
869 3789 957 3841 30.
992 3785 1143 3852 Quia
1168 3786 1440 3841 viderunt
1460 3816 1528 3828 —
1557 3787 1824 3842 salutare
1845 3792 2028 3842 tuum.
2075 3791 2241 3843 Nunc

591 3875 828 3930 dimittis
857 3890 973 3938 me,
1002 3874 1212 3946 inquit,
1241 3874 1383 3946 quia
1424 3874 1545 3930 vidi
1566 3875 2040 3932 incarnationem
2073 3882 2239 3935 tuam

590 3963 747 4020 hanc
775 3963 934 4018 enim
966 3967 1139 4018 vocat
1189 3962 1489 4033 Salutare,
1535 3968 1739 4037 utpote
1769 3979 1877 4037 pro
1923 3965 2240 4023 hominum

593 4052 783 4109 salute
811 4052 1054 4109 factam.

2354 2438 2586 2504 ρατικοίς
2607 2430 2907 2503 ὀφθαλμοῖς.

2427 2520 2532 2575 Καὶ
2554 2518 2734 2591 εύλογη
2746 2540 2802 2575 σε
2826 2524 2914 2574 τὸν
2940 2526 3088 2575 Θεὸν.
3120 2523 3217 2574 Τὸν
3241 2518 3730 2594 ένανθρωπήσαντα.

2425 2699 2530 2754 Καὶ
2552 2696 2658 2752 εἷπε
2704 2730 2763 2738 -
2809 2698 2956 2773 ῥῆμά
3006 2717 3122 2753 σου.
3160 2705 3267 2751 Νῦν
3324 2696 3565 2760 ἀπολύεις
3614 2716 3679 2770 με
3703 2703 3789 2749 τοῦ
3821 2694 3927 2751 Βίου

2352 2791 2575 2858 πάντως,
2617 2792 2810 2853 καθὼς,
2863 2791 3071 2861 εἴρηκάς
3107 2807 3219 2861 μοι,
3250 2787 3411 2841 πάλαι
3461 2784 3801 2861 διαποροῦντι
3826 2790 3929 2858 πιρὶ

2352 2886 2444 2930 τοῦ
2464 2884 2758 2952 μυστηρίου
2780 2888 2867 2938 τῆς
2901 2888 2995 2938 σῆς
3016 2878 3313 2952 ένανθρωπή
3324 2896 3423 2930 σεω
3434 2898 3473 2938 ς.

2424 2968 2510 3019 Ἐν
2541 2972 2736 3041 εἰρήνη.
2767 2968 2855 3022 Ἐν
2888 2968 3061 3040 εἰρήνῃ
3091 2966 3374 3039 λογισμῶν.
3409 2974 3515 3019 Νῦν
3547 2970 3648 3038 γὰρ
3695 2968 3743 3018 οἱ
3765 2964 3926 3037 ταράτ-

2352 3061 2522 3120 τοντές
2549 3076 2612 3130 με
2640 3057 2882 3130 λογισμοὶ
2923 3063 3038 3130 περὶ
3064 3064 3153 3118 τῆς
3194 3058 3329 3116 θείας
3349 3054 3646 3128 ένανθρωπῆ
3666 3075 3785 3115 σεως
3817 3053 3931 3126 εἰρή-

2273 3154 2317 3225 β
2352 3166 2559 3201 νευσαν.

2424 3236 2512 3306 Ἦ,
2553 3235 2637 3292 Ἐν
2677 3237 2850 3311 εἰρήνη
2891 3234 3127 3309 ἀφοϐίας,
3182 3238 3370 3307 μηκέτι
3397 3232 3716 3307 φοϐούμενον
3743 3237 3825 3286 τὸν
3859 3231 3935 3284 θοί-

2352 3346 2522 3393 νατον,
2557 3324 2653 3381 διὰ
2681 3331 2739 3380 τὸ
2780 3326 2920 3399 βαθύ
2942 3346 3042 3399 μου
3080 3335 3268 3400 γῆρας.

2423 3512 2513 3569 Ἤ,
2541 3506 2623 3563 Ἐν
2655 3506 2830 3581 εἰρήνη
2863 3512 3060 3580 χαρᾶς,
3103 3509 3292 3578 μηκέτι
3316 3503 3634 3576 λυπούμενον
3705 3504 3828 3577 ὑπὲρ
3853 3509 3940 3559 τῆς

2352 3594 2639 3669 ἐλευθερίας
2686 3603 2777 3648 τοῦ
2843 3594 3041 3667 Ἰσραελ
3093 3612 3104 3624 ”
3141 3590 3280 3647 εἶδον
3337 3596 3435 3667 γὰρ
3467 3588 3575 3652 ἤδη
3635 3595 3728 3646 τὸν
3761 3592 3942 3644 έλιυθι·

2349 3703 2543 3758 ρωτην.

2420 3772 2541 3826 Ὀτι
2571 3770 2707 3826 εἶδον
2736 3806 2801 3814 -
2828 3777 3084 3848 σωτήριόν
3112 3791 3227 3827 σου.
3252 3778 3359 3825 Νῦν
3381 3769 3619 3830 ἀπολύεις
3646 3786 3733 3840 με,
3762 3769 3944 3838 φησὶν,

2350 3866 2430 3917 ὅτι
2473 3864 2586 3933 (62)
2646 3860 2783 3917 εἶδον
2835 3869 2928 3922 τήν
2964 3863 3348 3937 ένανθρώπησίν
3403 3878 3497 3912 σου
3552 3873 3567 3890 ⁶
3602 3860 3797 3915 ταύτην
3849 3857 3947 3927 γὰρ

2349 3953 2513 4027 καλεῖ,
2549 3958 2825 4027 σωτήριον,
2855 3958 2918 4013 ὡς
2948 3953 3032 4006 ἐπὶ
3056 3956 3288 4023 σωτηρίᾳ
3306 3958 3403 4001 τῶν
3425 3950 3709 4021 ανθρώπων
3738 3962 3947 4017 γεγενη-

2351 4057 2527 4126 μένην.

2420 4141 2487 4193 ⁸0
2515 4170 2582 4180 -
2627 4137 2782 4189 λαῶν.
2823 4132 2986 4205 Ὀιιερ
3031 4133 3288 4204 σωτήριον
3337 4128 3685 4199 ᾡκονόμησας
3743 4123 3950 4176 ένὼπιον

2353 4233 2575 4295 πάντων,
2611 4229 2694 4279 ἶνα
2736 4231 2896 4278 πᾶσιν
2942 4225 3018 4279 εἴη
3053 4223 3286 4295 φανερὸν,
3326 4217 3385 4271 ού
3433 4221 3586 4290 μόνον
3645 4209 3947 4279 Ἰουδαίοις,

2353 4320 2480 4374 ἀλλά
2508 4324 2597 4372 καὶ
2621 4325 2729 4378 τοίς
2758 4315 2932 4374 ἄλλοις
2974 4313 3165 4365 ἔθνεσι.

665 4141 831 4197 Vers.
863 4142 952 4199 31.
1009 4142 1178 4209 Quod
1195 4172 1265 4183 —
1281 4144 1582 4211 populum.
1617 4144 1789 4210 Quod
1822 4145 2080 4202 salutare
2124 4146 2243 4202 dis-

591 4231 841 4306 posuisti
880 4247 1078 4287 coram
1108 4230 1410 4297 omnibus,
1444 4238 1508 4288 ut
1536 4233 1820 4289 omnibus
1852 4235 2239 4292 manifestum

592 4325 767 4387 esset,
792 4336 914 4377 non
933 4319 1153 4377 Iudaeis
1175 4325 1423 4387 tantum,
1444 4337 1652 4377 verum
1681 4323 1860 4379 etiam
1890 4322 2022 4379 aliis
2051 4325 2240 4395 genti-

590 4411 727 4469 bus.

663 4502 825 4555 Vers.
855 4501 941 4555 32.
968 4500 1187 4555 Lumen
1212 4529 1281 4538 -
1314 4498 1525 4555 Israel.
1565 4501 1608 4571 -ί-
1639 4501 1682 4557 Ο
1721 4500 1827 4573 qui
1860 4517 1995 4557 vere
2039 4500 2242 4558 lumen

2425 4504 2531 4558 Φῶς
2606 4527 2673 4535 -
2729 4491 2960 4567 Ἰσραήλ.
3013 4489 3150 4563 [Φῶς
3218 4486 3351 4559 (63),
3421 4482 3459 4536 ὦ
3523 4492 3629 4557 φῶς
3712 4482 3954 4573 ἀληθινὸν

592 4593 649 4647 et
678 4605 759 4655 es,
789 4593 845 4644 et
872 4588 1106 4653 diceris,
1139 4587 1213 4643 ad
1238 4586 1659 4644 revelationem
1700 4572 1979 4659 gentium,
2024 4591 2100 4647 ad
2133 4608 2243 4646 ma-

2355 4594 2442 4642 καὶ
2476 4589 2529 4639 ὃν
2558 4590 2649 4638 καὶ
2713 4583 3024 4653 καλούμενον
3092 4579 3227 4651 (64),
3269 4577 3337 4637 εἰς
3396 4573 3731 4644 ἀποκάλυψιν
3778 4572 3951 4637 έθνών,

591 4676 1033 4733 nifestationem
1051 4675 1394 4739 affectuum,
1418 4675 1497 4732 ad
1523 4675 1989 4749 increpationem
2016 4678 2245 4735 daemo-

2355 4679 2425 4741 εἰς
2465 4680 2748 4750 φανέρωσιν
2804 4680 2905 4724 τῶν
2959 4671 3159 4738 παθῶν,
3214 4667 3280 4724 εἰς
3322 4665 3538 4737 ἔλεγχον
3586 4672 3689 4716 τῶν
3760 4661 3955 4736 δαιμο-

592 4781 739 4822 num
765 4782 776 4819 :
813 4769 871 4819 et
890 4764 1138 4834 gloriam
1161 4765 1368 4837 populi
1393 4765 1479 4821 tui
1510 4765 1760 4832 Israelis,
1785 4767 1923 4823 novi
1944 4768 2240 4825 videlicet:

2355 4773 2471 4820 νίων
2520 4764 2655 4835 (65).
2698 4762 2803 4817 Καὶ
2854 4757 3011 4822 δόξαν
3059 4757 3187 4810 λαοῦ
3241 4773 3335 4807 σου
3396 4753 3630 4826 Ἰσραὴλ,
3700 4761 3798 4807 τοῦ
3845 4759 3955 4806 νέου

666 4893 713 4927 ¹⁰
744 4891 858 4946 Isa.
891 4905 991 4957 vn,
1025 4888 1108 4945 14.

1817 5044 2043 5114 Variae
2064 5046 2393 5115 lectiones
2423 5052 2489 5113 et
2520 5052 2723 5109 notae.

798 5218 920 5273 Τοῖς
946 5216 1039 5264 τοῦ
1071 5216 1310 5287 σώματος
1340 5212 1640 5287 ὀφθαλμοῖς.
1669 5220 1726 5271 Β.
2430 5214 2545 5287 (62)
2583 5214 2725 5287 Αιότι
2746 5205 2885 5287 εἶδον
2906 5212 2970 5261 Δ.

688 5273 914 5359 58⁷)ῌΓὰρ
939 5291 1026 5335 νῦν
1054 5273 1159 5359 τὸν⁸
1183 5273 1390 5359 Πατέρα
1424 5273 1545 5340 νόει.
1579 5273 1636 5339 Β.
2006 5358 2009 5359 ν

2360 5357 2373 5359 _
2428 5273 2720 5359 (63)_Ht_nc
2756 5282 2817 5337 in
2857 5278 3136 5359 margine
3170 5275 3359 5359 habet.
3387 5276 3457 5331 A.
3505 5274 3704 5359 Codex
3742 5276 3809 5359 Ξ,
3851 5273 3963 5359 ba-

2357 5346 2460 5413 bet
2488 5346 2752 5423 inferius,
2784 5356 2921 5425 post
2947 5346 3309 5425 adrnﬁiaew,_
3345 5347 3469 5425 hoc
3501 5346 3708 5425 modo.
3742 5349 3960 5425 Ἑτέρως

2359 5425 2440 5495 δὲ,
2482 5435 2603 5500 φῶς,
2631 5447 2671 5478 ω
2700 5417 2805 5497 qui);
2834 5422 3094 5481 ἀληθινόν.
3133 5424 3239 5476 Pro
3279 5417 3338 5486 ὦ,
3380 5420 3619 5475 exhibet
3653 5422 3700 5473 Α
3731 5423 3819 5486 ὡς,
3852 5417 3960 5492 pro

2359 5501 2413 5553 ὃν
2439 5505 2635 5555 autem
2677 5501 2766 5549 ὧν.

2432 5571 2546 5643 (64)
2588 5567 2899 5643 Καλούμενε.
2935 5566 3013 5643 _B.
3058 5561 3173 5643 Stati
3203 5562 3348 5643 .hoc,
3397 5562 3649 5619 relatum
3689 5563 3770 5618 ad
3795 5561 3961 5619 Chri-

2362 5634 2540 5706 stum,
2584 5634 2846 5712 postulat
2875 5634 3054 5712 etiam
3095 5634 3321 5691 ἁληθινέ.

2432 5712 2548 5784 (65)
2585 5708 2870 5783 λαιμόνων.
2900 5708 2969 5762 Α.
3325 5729 3331 5735 ‘

693 5355 1189 5430 59)?ln'margine,
1224 5372 1261 5412 a
1298 5355 1485 5430 manu
1515 5373 1765 5430 prorsus
1793 5358 2037 5430 recenti.
2069 5359 2139 5415 A.

693 5362 873 5427 59)?ln
901 5362 1189 5425 margine,
1224 5372 1261 5412 a
1298 5373 1485 5412 manu
1515 5373 1765 5430 prorsus
1793 5362 2037 5414 recenti.
2069 5362 2139 5415 A.

665 5362 776 5498 (60)
797 5425 1040 5483 Codices
1078 5443 1239 5503 nunc
1278 5428 1558 5503 appellat,
1594 5428 2070 5503 fabulasaniles,
2101 5445 2251 5503 qua-

591 5514 728 5555 rum
757 5514 1041 5572 magnam
1070 5498 1512 5572 multitudinem
1539 5502 1595 5554 in
1622 5501 2100 5572 peregrinatione
2121 5498 2250 5558 'sua

593 5586 631 5627 a
659 5570 869 5626 vetulis
890 5569 1117 5642 accepit
1139 5570 1376 5642 divinus
1402 5569 1704 5641 Origenes.

666 5642 782 5716 (ϐξ)
805 5641 1108 5699 Sententia
1135 5641 1372 5716 interim
1415 5643 1493 5698 ita
1541 5643 1803 5716 suppleri
1832 5647 2032 5715 potest
2072 5660 2084 5699 :
2117 5643 2252 5707 Ἕως

596 5709 656 5785 ᾖν
677 5709 830 5784 ἀὐτῷ
860 5712 1253 5785 χρηματισθέν.
