4188 6428
272 357 378 412 893

1291 353 1667 411 COMMENT.
1717 350 1788 416 IN
1834 348 2094 412 LUCAM.
2143 382 2209 390 -
2249 351 2408 406 CAP.
2449 353 2511 407 Il.

3539 350 3644 405 894

277 476 518 538 δηλονότι
573 480 635 530 οὗ
693 481 803 552 (66)
861 478 992 544 δόξα
1052 480 1143 534 διὰ
1203 490 1300 534 σοῦ
1347 484 1374 538 ἡ
1428 481 1716 539 ἀπόκτησις
1773 485 1868 528 τῶν

1991 488 2043 542 in
2063 491 2184 548 quo
2234 493 2338 548 per
2369 483 2419 532 te
2468 482 2556 532 est
2593 478 2915 534 destructio
2963 478 3284 545 malorum,
3327 494 3463 550 quae
3504 482 3641 534 sunt

272 571 416 640 παρά
447 571 603 638 φύσιν
634 577 822 636 κακῶν,
870 577 957 622 καὶ
987 581 1168 632 κτῆσις
1208 580 1306 622 τῶν
1335 574 1470 622 κατὰ
1499 573 1650 640 φύσιν
1684 567 1871 628 καλῶν,

273 663 362 710 καὶ
395 657 671 718 ἐπίκτησις
709 668 805 710 τῶν
850 661 976 733 ὑπὲρ
1029 663 1182 732 φύσιν
1224 660 1450 732 ἀγαθῶν.
1500 657 1568 710 Ἦ
1619 660 1647 715 ἡ
1699 655 1871 731 ἀρετὴ,

272 753 363 799 καὶ
395 749 424 805 ἡ
458 756 671 818 γνῶσις,
701 753 788 800 καὶ
815 750 843 805 ἡ
877 749 1106 822 θέωσις.]

348 843 459 898 Φῶς
519 836 573 886 όν
628 836 699 898 εἰς
756 836 1033 910 ἀνάϐλεψιν
1087 842 1176 911 μὲν
1236 837 1408 903 ἐθνῶν,
1470 845 1569 888 τῶν
1626 835 1876 907 τετυφλω-

275 929 436 997 μένων
501 933 562 997 τῇ
620 925 811 997 πλάνῃ·
877 926 1202 998 ἀποκάλυψιν
1255 931 1353 1002 γὰρ
1402 927 1537 998 λέγει
1597 931 1690 984 τὴν
1755 925 1876 976 ἀνά-

275 1012 473 1084 ϐλεψιν·
527 1013 598 1074 εἰς
661 1011 816 1076 δόξαν
870 1013 929 1068 δὲ
991 1017 1102 1088 (67)
1151 1021 1240 1068 καὶ
1296 1016 1521 1068 εὔκλειαν
1584 1015 1710 1067 λαοῦ
1784 1033 1877 1064 σου

273 1109 367 1154 τοῦ
421 1102 830 1176 Ἰσραηλιτικοῡ.
888 1105 1020 1168 Δόξα
1073 1107 1174 1180 γὰρ
1225 1105 1398 1166 αὐτοῖς
1459 1108 1516 1156 τό
1573 1103 1878 1176 βλαστῆσαι

276 1211 334 1243 σε
378 1189 431 1253 ἐξ
468 1191 636 1242 αὐτῶν
680 1194 815 1244 κατὰ
860 1197 917 1244 τό
968 1193 1300 1266 ἀνθρώπινον.
1351 1200 1450 1247 Καὶ
1492 1198 1643 1253 ὅντως
1691 1195 1720 1251 ἡ
1781 1212 1879 1243 σω-

272 1284 457 1352 τήριος
531 1278 919 1354 ἐνανθρὼπησις
985 1283 1144 1334 αὐτοῦ
1206 1281 1422 1354 ἐφώτισε
1486 1287 1575 1354 μὲν
1637 1285 1702 1334 τὰ
1758 1283 1874 1339 ἔθνη

274 1371 542 1441 φωτισμόν
591 1370 905 1440 θεογνωσίας
961 1376 1050 1422 καὶ
1105 1370 1308 1443 ἀρετῆς,
1369 1368 1588 1434 ἐδόξασε
1644 1367 1702 1423 δὲ
1756 1376 1878 1430 τοὺς

277 1454 585 1522 Ἰουδαίους,
650 1460 729 1510 ὅτι
789 1465 1033 1530 συγγενὴς
1102 1461 1268 1511 αὐτῶν
1349 1462 1590 1532 γενέσθαι
1667 1460 1879 1523 κατηξί-

272 1565 396 1598 ωσε.

347 1639 447 1687 Καὶ
496 1632 557 1692 ἦν
605 1666 673 1678 -—
722 1641 838 1711 περὶ
891 1637 1077 1694 αὐτοῦ.
1121 1639 1466 1710 Ἐθαύμαξον,
1517 1638 1610 1690 οὐκ
1660 1640 1724 1699 ὡς
1761 1643 1876 1691 τότε

269 1723 389 1793 (68)
439 1730 642 1793 πρῶτον
687 1730 805 1797 περὶ
846 1726 1003 1778 αὐτοῦ
1053 1728 1168 1797 (69)
1226 1730 1586 1796 μανθάνοντες,
1632 1727 1739 1780 ἀλλ’
1788 1731 1873 1794 ὡς,

270 1809 346 1883 ἐφ’
403 1809 476 1872 οἷς
546 1816 1036 1886 προμεμαθήκεσαν,
1098 1819 1173 1868 ἔτι
1220 1814 1622 1892 παραδοξότερα
1684 1837 1872 1888 προσεο

271 1904 628 1972 νωτιζόμενοι.

348 1995 446 2042 Καὶ
505 1989 753 2061 εὐλόγησε
822 2023 890 2032 ——
947 1993 1180 2062 Ἰσραήλ.
1233 1994 1322 2055 Εἰς
1377 2003 1574 2047 πτῶσιν
1630 1999 1718 2067 μὲν
1776 2004 1873 2047 τῶν

272 2085 706 2153 προσκοπτόντων
779 2089 885 2142 τοῖς
961 2081 1449 2158 ἀνθρωποπρεπέσιν
1523 2084 1704 2152 αὐτοῦ,
1785 2089 1874 2137 καὶ

269 2174 560 2221 πιπτόντων
617 2169 686 2231 εἰς
747 2168 992 2223 ἀπιστίαν
1045 2181 1135 2232 τῆς
1186 2174 1423 2234 θεότητος
1478 2173 1636 2225 αὐτοῦ
1671 2189 1684 2203 ⁸
1750 2173 1872 2225 ἀνά-

277 2277 464 2310 στασιν
519 2255 576 2310 δὲ
620 2267 718 2310 τῶν
752 2265 1120 2332 προσεχόντων
1169 2271 1273 2322 τοῖς
1310 2264 1639 2334 θεοπρεπέσιν
1689 2264 1867 2334 αὑτοῦ,

275 2351 368 2397 καὶ
422 2345 764 2419 ἀνισταμένων
825 2352 954 2420 πρὸς
1004 2355 1182 2402 πίστιν
1241 2361 1334 2413 τῆς
1388 2354 1626 2414 θεότητος
1689 2353 1869 2408 αὐτοῦ.

281 2440 455 2486 Κεῖται
497 2431 572 2495 δὲ,
626 2440 690 2498 ὡς
728 2437 868 2498 λίθος
925 2439 1316 2512 ἁκρογωνιαίος,
1362 2438 1588 2494 συνδέων
1640 2441 1710 2514 ἐφ’
1756 2445 1870 2494 ἐαυ-

275 2530 345 2592 τῷ
389 2527 507 2586 τοὺς
554 2523 651 2578 δύο
695 2526 870 2594 λαοὺς,
929 2532 1015 2580 τόν
1073 2549 1125 2582 τε
1163 2529 1380 2582 παλαιὸν
1428 2536 1515 2584 καὶ
1574 2535 1659 2583 τὸν
1725 2536 1858 2590 νέον,

267 2611 406 2665 Ἐπεὶ
454 2619 542 2667 καὶ
597 2612 690 2668 διὰ
743 2616 962 2670 Ἠσαίου
1025 2626 1446 2692 προανεφῶνησεν
1507 2623 1530 2673 ό
1589 2625 1730 2687 Θεὸς,
1791 2625 1871 2676 ὅτι

267 2698 410 2754 Ἰδοὺ
442 2705 629 2776 τίθημι
666 2705 717 2757 ἐν
757 2711 882 2759 Σιὼν
926 2706 1066 2760 λὶθον
1107 2714 1510 2782 προσκόμματος
1553 2718 1642 2764 καὶ
1680 2717 1870 2788 πέτραν

270 2789 594 2846 σκανδάλου.

340 2880 507 2952 [(70)
565 2882 652 2945 Εἰς
690 2893 888 2937 πτῶσιν
939 2889 1028 2958 μὲν
1063 2891 1276 2959 σαρκός,
1322 2893 1440 2948 ἤτοι
1474 2898 1570 2942 τοῦ
1618 2900 1870 2964 σαρκικοῦ

269 2977 599 3045 φρονήματος
657 2979 744 3025 καὶ
802 2977 980 3027 παθῶν
1033 2983 1122 3029 καὶ
1174 2977 1436 3051 λογισμῶν
1487 2991 1724 3053 πονηρῶν
1782 2988 1872 3035 καὶ

270 3057 552 3132 δαιμόνων,
587 3068 676 3115 καὶ
724 3071 815 3115 τοῦ
854 3069 986 3117 κατά
1036 3069 1094 3118 τό
1137 3071 1358 3141 γράμμα
1411 3074 1590 3142 νόμου·
1642 3070 1868 3123 ἀνάστα-

1987 569 2193 635 ρτεεῐοτ
2226 572 2523 631 naturam,
2567 572 2618 620 et
2649 568 2950 638 possessio
3000 567 3318 631 bonorum,
3352 584 3482 637 quae
3506 573 3644 622 sunt

1989 655 2320 708 secundum
2337 656 3019 728 naturam,ctacquisitio
3032 656 3491 727 bonorum,quee
3507 662 3643 714 sunt

1989 758 2167 813 supra
2193 751 2491 798 naturam.
2523 745 2644 808 Vel,
2696 745 2884 800 virtus
2917 751 2972 800 et
3015 745 3270 813 cognitio
3301 745 3636 800 divinitatis.

2060 831 2283 887 Lumen
2311 852 2322 890 :
2352 834 2514 904 quod
2547 834 2826 902 gentibuS
2860 850 3055 890 errore
3086 836 3258 890 caecis
3306 835 3497 888 visum
3519 851 3642 888 res-

1990 919 2174 975 tituat.
2233 921 2680 978 Revelationem
2713 924 2868 978 enim
2905 927 3092 987 vocat,
3136 922 3299 976 visus
3330 923 3643 979 restitutio-

1989 1024 2150 1063 nem.
2169 1008 2254 1063 Ad
2276 1009 2521 1077 gloriam
2545 1010 2605 1065 id
2629 1011 2871 1082 quidem
2896 1017 2952 1067 et
2969 1011 3228 1067 nominis
3250 1011 3641 1068 celebritatem

1988 1098 2189 1170 populi
2218 1099 2299 1152 tui
2332 1098 2652 1154 Israelitici.
2681 1103 2817 1155 Nam
2852 1100 3043 1170 gloria
3072 1100 3309 1156 illorum
3344 1106 3448 1165 est,
3477 1101 3643 1172 quod

1989 1187 2314 1242 secundum
2352 1187 2791 1243 humanitatem
2819 1189 2894 1244 sis
2923 1189 3001 1244 ab
3045 1190 3127 1243 eis
3172 1190 3534 1260 progenitus.
3579 1192 3644 1244 Et

1991 1291 2120 1330 vere
2154 1276 2430 1331 salutaris
2449 1279 2800 1342 incarnatio,
2826 1284 3029 1347 gentes
3049 1279 3287 1350 quidem
3307 1277 3638 1349 illustravit,

1987 1363 2371 1420 illustratione
2403 1366 2621 1422 divinas
2652 1367 3009 1435 cognitionis
3035 1383 3105 1422 ac
3127 1367 3370 1433 virtutis;
3403 1367 3641 1422 Judaeos

1988 1469 2127 1508 vero
2158 1454 2524 1523 glorificavit,
2559 1457 2698 1526 quia
2719 1461 3012 1525 cognatus
3039 1472 3246 1511 eorum
3278 1455 3404 1510 ﬁeri
3435 1455 3642 1527 digna-

1987 1545 2081 1596 tus
2098 1548 2202 1597 est.

2057 1631 2217 1686 Vers.
2249 1632 2334 1687 33.
2393 1635 2469 1688 Et
2499 1640 2666 1689 erant
2717 1664 2784 1674 —
2836 1635 2908 1690 de
2938 1634 3056 1690 illo.
3107 1633 3485 1701 Mirabantur,
3517 1648 3638 1690 non

1986 1721 2150 1790 quod
2180 1725 2392 1791 praeter
2421 1738 2508 1786 ea,
2540 1739 2676 1794 quae
2708 1723 2868 1793 prius
2920 1722 3268 1788 didicerant,
3299 1723 3497 1778 adhuc
3534 1722 3641 1779 mi-

1917 1826 1957 1880 Β
1986 1808 2260 1865 rabiliora
2295 1811 2724 1883 percipiebant.

2056 2022 2222 2077 Vers.
2256 2022 2342 2078 34.
2375 2025 2441 2077 Et
2491 2024 2779 2080 benedixit
2821 2055 2890 2066 —
2942 2025 3150 2081 Israel.
3180 2029 3241 2080 ln
3266 2041 3473 2081 casum
3522 2025 3636 2091 his,

1984 2110 2088 2183 qui
2123 2112 2201 2166 ad
2232 2128 2296 2168 ea
2329 2113 2661 2179 offendunt,
2681 2130 2814 2186 quze
2830 2114 3094 2169 hominis
3114 2120 3272 2180 sunt,
3298 2115 3638 2186 quicadunt

1983 2201 2044 2254 in
2065 2199 2531 2257 incredulitatem
2561 2202 2880 2258 divinitatis
2910 2204 3039 2274 ejus
3074 2221 3086 2260 :
3116 2205 3468 2260 erectionem
3499 2220 3637 2260 vero

1980 2290 2095 2356 his,
2125 2291 2228 2362 qui
2268 2291 2574 2347 adhaerent
2602 2292 2804 2356 rebus,
2863 2309 2998 2364 quae
3035 2292 3134 2348 Dei
3179 2297 3334 2347 sunt.
3368 2293 3522 2349 Situs
3551 2297 3640 2349 est

1980 2383 2202 2447 autem,
2230 2384 2426 2452 utpote
2455 2380 2607 2452 lapis
2636 2381 2959 2451 angularis,
2993 2383 3362 2452 conjungens
3386 2382 3459 2438 ad
3489 2382 3639 2454 seip-

1981 2485 2115 2524 sum
2160 2469 2315 2524 duos
2369 2470 2638 2542 populos,
2686 2476 2940 2526 veterem
2989 2487 3059 2526 ac
3111 2487 3356 2527 novum.
3407 2475 3554 2527 Nam
3583 2475 3640 2527 et

1979 2574 2085 2630 per
2102 2559 2315 2615 Isaiam
2330 2559 2602 2631 praedixit
2614 2562 2768 2616 Deus
2785 2579 2797 2615 :
2817 2563 2969 2617 Ecce
2981 2577 3137 2630 pono
3148 2560 3210 2616 in
3225 2562 3365 2618 Sion
3382 2561 3635 2630 lapidem

1981 2648 2316 2716 offensionis
2342 2656 2395 2706 et
2419 2656 2650 2719 petram
2682 2651 3032 2708 scandali.’0

2051 2971 2094 3039 -ι-
2120 2970 2184 3024 In
2207 2985 2415 3026 casum
2439 2970 2684 3042 quidem
2713 2972 2931 3038 carnis,
2967 2970 3090 3026 sive
3109 2971 3366 3027 carnalis
3392 2973 3637 3043 pruden-

1979 3057 2075 3114 tiae
2106 3063 2160 3114 et
2189 3059 2590 3129 aﬂ‘ectionum,
2634 3075 2704 3114 ac
2751 3060 3178 3129 cogitationum
3234 3061 3531 3116 malarum
3583 3065 3639 3117 et

270 3168 354 3200 σιν
388 3146 446 3202 δὲ
484 3154 787 3224 πνεύματος,
832 3158 992 3225 ἤγουν
1032 3165 1380 3228 πνευματικοῦ
1419 3164 1744 3231 φρονήματος
1781 3167 1868 3214 καὶ

1991 3146 2342 3213 iaemonum,
2383 3164 2450 3203 ac
2491 3148 2755 3203 litteratis
2785 3165 2798 3203 :
2834 3149 3199 3205 Erectionem
3225 3165 3364 3205 vero
3392 3150 3634 3220 spiritus

264 3246 496 3308 φυσικῶν
547 3236 813 3313 δυνάμεων
849 3248 938 3295 καὶ
988 3242 1170 3317 ἀρετῆς
1218 3251 1307 3298 καὶ
1353 3253 1586 3317 γνώσεως
1635 3254 1724 3301 καὶ
1777 3259 1867 3302 τοῦ

263 3329 400 3379 κατά
429 3331 487 3379 τό
517 3337 720 3401 πνεῦμα
749 3333 953 3403 νόμου.]

337 3421 440 3468 Καὶ
470 3449 538 3457 —
574 3417 979 3494 ἀντιλεγόμενον.
1028 3427 1128 3475 Καὶ
1165 3424 1235 3484 εἰς
1266 3426 1441 3496 θαῦμα
1483 3426 1865 3500 ἀντιλεγόμενον

261 3511 372 3565 τοῖς
413 3503 676 3579 ἀπίστοις,
718 3513 884 3562 εἵτουν
936 3510 1232 3583 ἀντιλογίας
1273 3515 1636 3588 ὑφιστάμενονο
1693 3519 1868 3590 θαῦμα

261 3594 364 3666 γὰρ
425 3593 506 3660 ἧν,
567 3599 635 3657 ὡς
682 3603 808 3669 μήτε
853 3600 1121 3673 ἄνθρωπος
1175 3605 1349 3673 μόνον,
1409 3605 1495 3670 ὢν,
1551 3612 1683 3678 μήτε
1736 3612 1865 3669 Θεὸς

262 3686 434 3753 μόνον,
498 3684 625 3737 ἀλλὰ
684 3689 1008 3760 θεάνθρωπος
1047 3704 1059 3716 ·
1128 3687 1212 3742 διὸ
1269 3697 1379 3760 καὶ,
1449 3695 1514 3754 ὡς
1574 3697 1866 3770 ὑπερφυοῦς

263 3775 422 3837 ὄντος,
458 3772 801 3846 ἀντιλέγουσι,
833 3780 1000 3830 πάντα
1037 3782 1172 3832 κατά
1203 3784 1356 3852 φύσιν
1400 3783 1734 3853 ἐξετάζοντες,
1777 3792 1864 3839 καὶ

262 3880 335 3931 μη
345 3857 379 3912 δ
383 3863 430 3912 ἓν
452 3864 698 3936 ὑπερφυὲς
719 3865 898 3918 ἐννοεῖν
925 3863 1220 3939 δυνάμενοι.

332 4149 478 4209 Τινὲς
547 4145 605 4200 δὲ
651 4158 865 4222 σημεῖον
937 4151 1320 4228 ἀντιλεγόμενον
1393 4161 1485 4215 τὴν
1568 4162 1861 4236 σταύρωσιν

260 4235 492 4306 λέγουσι·
563 4247 774 4310 σημεῖον
831 4243 942 4312 μὲν,
1000 4245 1064 4302 ὡς
1132 4244 1387 4316 σύμϐολον
1461 4235 1857 4321 φιλανθρωπίας·

263 4320 358 4376 διὰ
412 4328 529 4386 τοὺς
580 4327 877 4402 ἀνθρώπους
919 4333 1018 4403 γὰρ
1082 4336 1270 4391 ταύτην
1319 4335 1600 4407 ὑπέμεινεν·
1671 4337 1860 4391 ἀντιλε-

262 4416 474 4485 γόμενον
506 4411 584 4482 δὲ,
609 4419 674 4476 ὡς
700 4413 1084 4491 ὁνειδιζομένην
1107 4423 1206 4473 ὑπὸ
1237 4432 1334 4474 τῶν
1365 4423 1619 4478 ἀπίστων.

335 4651 432 4699 Καὶ
504 4655 598 4700 σοῦ
673 4681 740 4688 —
817 4651 1070 4724 ῥομφαία.
1147 4653 1426 4726 Ῥομφαίαν
1503 4656 1562 4710 δὲ
1623 4659 1858 4732 ὠνόμασε

257 4741 352 4794 τὴν
391 4740 792 4804 τμητικωτάτην
822 4745 912 4793 καὶ
952 4741 1115 4804 ὀξεῖαν
1161 4740 1372 4810 ὀδύνην,
1408 4749 1524 4809 ἣτις
1553 4744 1736 4808 διῆλθε
1764 4760 1858 4810 τῆν

256 4822 484 4902 καρδίαν
513 4835 608 4889 τῆς
639 4834 980 4904 Θεομήτορος,
1014 4833 1098 4884 ὅτε
1127 4834 1152 4884 ό
1192 4837 1313 4896 Υἴός
1351 4835 1512 4896 αὐτῆς
1540 4839 1854 4902 προσηλώθη

253 4924 329 4986 τῷ
385 4924 616 4988 σταυρῶ.
679 4923 803 4990 Περὶ
871 4921 1066 4983 ταύτης
1119 4925 1218 4998 γὰρ
1280 4932 1373 4986 τῆς
1427 4924 1718 4998 ἀλγηδόνος
1770 4937 1858 4982 νῦν

253 5010 651 5078 προεφήτευσεν.

325 5093 505 5156 Ὀπῶς
563 5127 634 5138 -
699 5093 733 5149 δ
740 5097 1056 5171 ιαλογισμοί.
1117 5107 1230 5154 Τῶν
1307 5104 1718 5175 ὑποπτευόντων,
1777 5111 1856 5162 ὅτι

327 5222 377 5256 ³ο
402 5221 518 5278 Isa.
549 5238 670 5288 vm,
708 5226 771 5277 14
801 5240 1039 5291 ;xxvm,
1076 5226 1140 5281 16
1171 5244 1184 5294 ;
1232 5231 1401 5286 Rom.
1442 5247 1521 5287 x1.
1553 5231 1642 5289 33.

1980 3237 2102 3290 sive
2145 3235 2462 3307 spiritualis
2507 3237 2831 3306 prudentiae
2859 3253 2928 3292 ac
2959 3237 3321 3292 naturalium
3349 3239 3632 3308 potentia-

1974 3340 2130 3389 rum,
2163 3324 2508 3395 virtutisque
2538 3330 2595 3379 et
2640 3325 2994 3393 cognitionis
3051 3342 3121 3381 ac
3159 3325 3303 3393 legis
3357 3327 3632 3398 spiritua-

1975 3414 2064 3468 lis.

2048 3504 2207 3559 Vers.
2239 3503 2327 3557 34.
2355 3503 2429 3558 Et
2457 3533 2526 3542 —
2553 3503 3007 3559 contradicitur.
3064 3505 3131 3558 Et
3157 3504 3219 3558 in
3247 3503 3630 3572 miraculum,

1975 3593 2069 3648 cui
2097 3592 2176 3648 ab
2214 3591 2558 3648 inﬁdelibus
2587 3591 3026 3659 contradicitur,
3071 3594 3196 3648 sive
3215 3593 3629 3650 contradictio-

1973 3697 2114 3738 nem
2139 3682 2432 3737 sustinens
2461 3700 2474 3737 :
2495 3681 2858 3738 miraculum
2875 3681 3035 3738 enim
3053 3686 3197 3751 erat,
3215 3685 3418 3753 utpote
3436 3697 3631 3755 neque

1974 3776 2030 3828 et
2045 3772 2227 3828 homo
2246 3777 2496 3836 tantum,
2514 3787 2708 3844 neque
2723 3772 2874 3827 Deus
2887 3776 3139 3837 tantum,
3162 3772 3265 3828 sed
3285 3775 3436 3827 Deus
3454 3773 3632 3829 simul

1974 3866 2029 3916 et
2058 3862 2242 3917 homo
2272 3861 2454 3934 (quod
2491 3860 2688 3917 Graece
2715 3861 2890 3916 unico
2907 3860 3128 3916 dicitur
3165 3861 3456 3917 vocabulo
3489 3863 3630 3914 θεάν-

1975 3951 2201 4022 θρωπος)
2231 3949 2487 4022 ideoque
2512 3949 2689 4022 quasi
2704 3949 2791 4005 rei
2833 3966 2970 4022 quin
2996 3967 3177 4023 supra
3206 3954 3485 4006 naturam
3519 3958 3626 4021 est,

1971 4039 2438 4094 contradicuntii
2460 4040 2563 4110 qui
2585 4040 2789 4095 omnia
2802 4039 3136 4094 secundum
3155 4044 3421 4094 naturam
3436 4040 3626 4112 inqui-

1969 4132 2238 4192 runt,nec
2251 4128 2540 4200 quidquid
2555 4128 2999 4199 supernaturale
3015 4128 3335 4197 intelligere
3354 4135 3624 4200 possunt.

2039 4216 2284 4283 Quidam
2314 4232 2474 4282 vero,
2512 4217 2772 4286 signum,
2802 4217 2897 4271 cui
2943 4217 3380 4280 contradicitur,
3423 4217 3628 4272 dicunt

1969 4304 2415 4360 cruciﬁxionem
2453 4321 2466 4370 ;
2515 4304 2755 4373 signum
2781 4304 3048 4375 quidem,
3079 4304 3254 4376 quasi
3284 4304 3626 4374 symbolum

1969 4393 2188 4448 amoris
2209 4409 2352 4463 erga
2384 4393 2682 4461 homines,
2709 4409 2853 4449 nam
2881 4393 3039 4447 hanc
3070 4397 3307 4463 propter
3331 4391 3622 4458 homines,

1969 4481 2244 4537 sustinuit
2283 4497 2296 4537 :
2326 4482 2463 4537 huic
2493 4497 2634 4536 vero
2687 4481 2765 4536 ab
2809 4480 3150 4536 inﬁdelibus
3180 4480 3622 4551 contradicitur,

1972 4576 2174 4642 utpote
2197 4572 2279 4626 rei
2307 4570 2639 4641 probrosae.

2031 4662 2200 4716 .Vers.
2236 4662 2322 4716 35.
2352 4661 2418 4715 Et
2471 4666 2634 4717 tuam
2669 4691 2731 4701 —-
2760 4659 3016 4730 gladius.
3046 4659 3320 4716 Gladium
3352 4661 3626 4720 nomina-

1968 4749 2071 4815 vit,
2095 4749 2361 4806 dolorem
2392 4749 2803 4806 acutissimum
2821 4749 3202 4821 maximeque
3233 4750 3620 4820 dividentem,

1968 4840 2072 4911 qui
2099 4840 2428 4912 penetravit
2455 4855 2557 4895 cor
2581 4838 2778 4895 Matris
2794 4839 2913 4903 Dei,
2935 4838 3082 4895 dum
3099 4839 3278 4895 Filius
3310 4841 3439 4913 ejus
3461 4842 3624 4898 cruci

1969 4927 2185 4984 afﬁxus
2213 4933 2318 4985 est.
2362 4931 2440 4985 De
2463 4929 2580 4985 hoc
2603 4929 2764 4984 enim
2793 4929 3054 4986 cruciatu
3074 4944 3236 4985 nunc
3269 4931 3623 4986 vaticinatus

1969 5023 2078 5075 est.

2036 5109 2200 5166 Vers.
2235 5113 2321 5166 35.
2350 5111 2428 5169 Et
2471 5140 2542 5151 —
2569 5109 2968 5181 cogitationes.
3032 5111 3251 5166 Eorum
3294 5109 3398 5182 qui
3436 5112 3623 5184 suspi-

1395 5412 1618 5481 Varim
1658 5415 1985 5483 lectiones
2044 5425 2112 5484 et
2127 5425 2329 5484 notae.

327 5569 441 5700 (66)
470 5570 600 5633 Δόξα
629 5576 1057 5653 nonagnoscit
1089 5578 1424 5636 Hentenius.

327 5640 413 5700 (67
466 5647 565 5694 Καί
587 5648 798 5699 omlttit
821 5648 896 5700 A.

325 5640 436 5710 (67)
466 5647 565 5694 Καί
587 5643 798 5699 omittit
821 5640 896 5702 Α.

327 5711 441 5784 (68)
475 5719 682 5786 Πρῶτον
709 5714 895 5771 abest.
926 5722 987 5771 A.

2060 5589 2150 5659 69)
2176 5587 2563 5659 θαυμάζοντες,
2597 5601 2706 5658 pro
2722 5589 3080 5658 μανθάνοντες.
3100 5592 3165 5643 Α.

2060 5589 2126 5642 69
2181 5587 2563 5659 Θαυμάζοντες,
2597 5601 2706 5658 pro
2722 5589 3080 5658 μανθάνοντες.
3100 5592 3165 5643 Α.

1962 5587 2243 5786 113:2)?
2295 5659 2444 5711 πάλιν
2503 5659 2594 5719 εἰς.
2632 5660 2694 5716 Β.
2735 5660 2923 5715 codex
2972 5662 3040 5728 A,
3085 5661 3214 5716 haec
3239 5660 3300 5716 in
3347 5663 3618 5735 margine
