4188 6424
592 383 699 438 895

1908 377 2252 438 EUTHYMII
2292 376 2618 434 ZIGABENI

3873 373 3973 429 896

591 507 902 573 cabantur,
933 507 1089 564 hanc
1114 522 1239 564 non
1259 521 1388 564 esse
1412 506 1569 564 illius
1593 507 1861 563 Matrem.
1897 505 2055 560 Sicut
2083 503 2243 559 enim

2359 501 2447 552 οὐκ
2500 503 2639 552 ἔστιν
2689 500 2818 557 αῦτη
2886 504 3056 573 μήτηρ
3115 497 3295 553 αὐτοῦ.
3336 496 3538 572 Ὠσπερ
3590 501 3694 571 γὰρ
3770 497 3971 563 πολλοὶ,

592 596 755 652 multi
775 596 853 652 ad
882 612 954 653 ea
980 597 1384 670 respicientes,
1417 612 1552 670 quae
1594 596 1859 653 hominis
1891 598 2047 660 sunt,
2090 592 2244 647 dice-

596 687 740 741 bant
799 684 1081 742 hominen
1134 692 1364 742 tantum
1413 701 1559 751 esse,
1614 684 1822 740 Filium
1873 682 2109 748 Mariae;
2164 680 2245 737 ita

592 789 829 830 rursum
856 774 952 830 alii
979 775 1349 831 attendentes
1376 776 1454 831 ad
1474 791 1566 840 ea,
1591 791 1726 847 quis
1756 772 2084 830 divinitatis
2116 771 2244 842 ejus

594 868 780 929 erant,
803 864 1273 936 suspicabantur,
1311 864 1477 938 quod
1504 870 1659 920 esset
1692 869 1911 919 tantum
1943 865 2111 926 Deus,
2137 875 2245 916 nec

592 955 749 1007 esset
776 950 904 1008 haec
940 958 1128 1009 mater
1147 951 1312 1024 ejus:
1365 956 1504 1008 tunc
1532 957 1735 1009 autem
1787 952 2079 1007 intuentes
2109 964 2242 1004 eam

594 1056 797 1096 amare
836 1040 1149 1106 dolentem,
1181 1057 1251 1098 ac
1293 1040 1619 1115 plurimum
1640 1040 1960 1111 lugentem,
2003 1043 2247 1095 naturaa-

594 1145 713 1202 que
749 1130 976 1199 cedere,
1012 1130 1407 1197 crediderunt,
1437 1131 1604 1203 quod
1634 1136 1825 1187 mater
1864 1134 2020 1185 esset
2070 1128 2199 1199 ejus
2231 1143 2243 1181 :

595 1222 654 1273 et
670 1218 1036 1289 retegebant,
1069 1221 1191 1276 sive
1218 1220 1549 1293 prodebant
1569 1220 1957 1290 cogitationes
1978 1217 2244 1275 cordium

594 1322 865 1375 suorum,
887 1324 1024 1381 qua
1049 1324 1085 1365 a
1106 1309 1444 1383 suspicione
1471 1312 1899 1382 processerant.

917 1523 1078 1580 CAP.
1124 1522 1216 1579 IV.
1255 1523 1344 1580 De
1368 1527 1548 1580 Anna
1568 1522 1950 1594 prophetissa.

670 1628 832 1684 Vera.
859 1628 946 1684 36.
981 1631 1046 1685 Et
1074 1635 1204 1687 erat
1233 1661 1302 1673 —
1338 1632 1562 1687 multis.
1590 1631 1881 1686 Provectce
1917 1628 2243 1686 admodum

596 1717 804 1785 astatis,
835 1718 957 1774 sive
983 1733 1152 1775 anus.

669 1806 829 1862 Vers.
874 1807 963 1862 36.
997 1802 1323 1866 Etuta-erat
1374 1839 1441 1850 —
1489 1809 1662 1867 Vers.
1710 1808 1804 1866 37.
1836 1809 1950 1867 die.
2011 1808 2099 1866 0b
2131 1809 2247 1864 hoc

597 1896 758 1953 enim
786 1896 1133 1969 prophetica
1158 1899 1333 1955 etiam
1353 1898 1542 1968 gratia
1570 1898 1774 1954 dotata
1795 1899 1923 1966 fuit,
1953 1898 2095 1971 quia
2126 1914 2247 1956 non

595 1984 944 2042 discedebat
986 1987 1060 2044 de
1085 1987 1328 2059 templo,
1366 1988 1613 2060 jejuniis
1648 1993 1706 2045 et
1743 1987 2247 2045 obsecrationibus

597 2074 717 2131 Deo
747 2075 1006 2132 serviens
1028 2083 1196 2135 nocte
1213 2093 1285 2135 ac
1309 2078 1428 2135 die.

669 2163 835 2221 Vers.
868 2165 956 2222 38.
988 2168 1059 2222 Et
1087 2167 1216 2225 hac
1241 2198 1310 2209 —
1338 2167 1605 2226 Domino.
1637 2169 1865 2227 Gratias
1884 2168 2103 2240 agebat
2128 2168 2249 2226 Deo

599 2255 934 2312 incarnato.

669 2486 831 2546 Vers.
855 2489 944 2547 38.
977 2522 1045 2532 —-
1062 2492 1147 2548 Ac
1174 2490 1526 2565 loquebatur
1551 2523 1620 2532 —
1642 2494 1996 2550 Jerusalem.
2024 2493 2247 2566 Loque-

600 2576 779 2634 batur
797 2578 871 2634 de
897 2595 990 2645 eo,
1029 2581 1191 2652 quod
1221 2580 1317 2636 hic
1362 2587 1516 2637 esset
1537 2581 1889 2654 redemptio.
1913 2581 2130 2638 Verum
2168 2583 2247 2639 Si-

600 2681 776 2721 meon
805 2666 1071 2737 quidem,
1097 2666 1292 2737 ﬁgura
1317 2674 1442 2724 erat
1457 2671 2060 2734 veteris'l‘estamenti,
2081 2673 2250 2725 Anna

601 2759 797 2809 autem
828 2756 967 2809 Novi
1003 2772 1015 2810 :
1075 2755 1223 2811 inter
1254 2772 1405 2829 quos
1426 2758 1656 2813 medius
1706 2760 1935 2831 positus
1988 2759 2249 2814 Christus

599 2840 743 2897 illud
797 2842 1153 2899 absolvebat
1182 2848 1324 2916 (gg),
1372 2845 1486 2901 hoc
1508 2862 1647 2903 vero
1686 2847 2009 2904 retinebat:
2055 2853 2251 2905 osten-

601 2930 769 2998 dens,
802 2931 969 3004 quod
1023 2938 1187 2989 vetus
1224 2935 1470 3005 quidem
1527 2943 1739 3004 cessat,
1784 2952 2010 2994 novum
2047 2942 2247 2995 autem

601 3019 763 3078 vivit.

673 3108 839 3165 \‘ers.
880 3114 968 3167 39.
1003 3114 1067 3166 Et
1097 3120 1158 3168 ut
1187 3144 1256 3153 -—
1278 3114 1601 3173 Nazareth.
1645 3117 1877 3184 Omnia,
1910 3133 2045 3191 qum
2085 3124 2252 3176 erant

2353 588 2726 652 ἀποϐλέποντες
2795 588 2863 649 εἰς
2921 591 2986 641 τὰ
3056 587 3465 661 ἀνθρωποπρεπῆ
3548 587 3735 652 αὐτοῦ,
3805 587 3971 658 ἔλεγον

2353 681 2433 732 ὅτι
2481 677 2785 750 Ἀνθρωπος
2826 682 2979 751 μόνον
3037 676 3177 729 ἐστὶν
3228 678 3346 739 Υἱὸς
3391 686 3481 737 τῆς
3531 682 3766 752 Μαρίας·
3813 677 3970 738 οὕτως

2351 767 2496 820 ἄλλοι
2542 767 2716 833 πάλιν,
2787 765 3156 826 ἀποϐλέποντες
3208 765 3275 827 εἰς
3326 769 3391 817 τὰ
3444 768 3702 839 θεοπρεπῆ
3780 766 3963 829 αὐτοῦ,

2352 858 2652 910 ὑπώπτευον
2709 858 2789 909 ὃτι
2862 858 2991 919 Θεὸς
3056 861 3210 928 μόνον
3268 853 3399 919 ἐστὶ,
3478 860 3568 908 καὶ
3636 855 3733 907 οὐκ
3830 859 3968 907 Erl-tu

2354 947 2485 1005 αὕτη
2537 951 2710 1022 μήτηρ
2747 945 2927 999 αὐτοῦ*
2988 949 3102 998 τότε
3148 940 3207 997 δι
3265 945 3574 1017 θεασάμενοι
3630 948 3833 1003 ταύτην
3890 964 3970 996 πι-

2354 1044 2486 1110 κρῶς
2518 1033 2867 1108 ὀδυνωμένην,
2894 1038 2984 1087 καὶ
3026 1029 3269 1107 σφοδρῶς
3306 1029 3650 1107 ὀδυρομένην,
3682 1038 3777 1085 καὶ
3804 1035 3967 1092 ἡττω-

2354 1130 2508 1199 μένην
2563 1132 2653 1187 τῆς
2732 1126 2953 1197 φύσεως,
3013 1126 3326 1176 ἐπίστευσαν
3406 1125 3486 1175 ὅτι
3562 1129 3743 1198 μήτηρ
3805 1123 3966 1175 αὑτοῦ

2355 1213 2488 1282 ἐστι,
2563 1214 2654 1266 καί
2723 1211 3080 1284 ἀπεκάλυψαν,
3166 1214 3333 1265 εῖτουν
3421 1211 3772 1285 ἐξηγόρευσαν
3851 1217 3967 1272 τοῦς

2358 1301 2738 1377 διαλογισμοὺς
2791 1310 2891 1354 τῶν
2947 1297 3179 1377 καρδιῶν
3227 1300 3417 1361 αὐτῶν,
3486 1305 3607 1363 τοῦς
3677 1309 3776 1362 τῆς
3834 1302 3964 1353 ὑπο-

2355 1392 2502 1464 ψίας.

2594 1540 2738 1589 ΚΕΦ.
2772 1532 2842 1586 Δ’.
2878 1537 3002 1605 Περὶ
3028 1530 3216 1592 Ἂννης
3240 1538 3328 1592 τῆς
3359 1527 3703 1604 προφήτιδος.

2429 1645 2530 1694 Καὶ
2632 1637 2692 1699 ἧν
2795 1670 2864 1681 -
2965 1638 3198 1700 πολλαῖς.
3310 1637 3688 1709 Προϐεκηκυία,
3791 1641 3955 1690 εἷτουν

2355 1737 2540 1803 γραῦς.

2425 1824 2650 1877 Ζήσασα
2716 1849 2779 1860 --
2832 1819 3045 1892 ἡμέραν.
3100 1819 3195 1870 Διὰ
3243 1822 3392 1868 τοῦτο
3436 1818 3535 1887 γὰρ
3590 1818 3680 1865 καὶ
3746 1832 3941 1887 προφη-

2356 1917 2502 1961 τικοῦ
2545 1913 2882 1981 χαρίσματος
2934 1906 3157 1972 ἠξιώθη,
3204 1901 3341 1957 διότι
3385 1903 3477 1956 οὐκ
3529 1901 3780 1976 ἀφίστατο
3834 1900 3938 1953 ἀπὸ

2356 2006 2448 2051 τοῦ
2475 2000 2577 2073 ἱερο
2591 2005 2632 2067 ἳ,
2664 1996 2712 2050 ἐν
2740 2001 3008 2058 νηστείαις
3037 2000 3126 2047 καὶ
3157 1991 3372 2052 δεήσεσι
3396 1992 3717 2066 λατρεύουσα
3742 1993 3941 2064 νύκτωρ

2355 2092 2445 2141 καὶ
2488 2089 2600 2161 μεθ’
2655 2088 2852 2162 ἡμέραν
2897 2093 2968 2157 τῷ
3009 2089 3137 2156 Θεῷ.
3182 2087 3438 2156 Λατρείαν
3482 2078 3539 2134 δι
3584 2085 3678 2139 τὴν
3709 2075 3946 2133 δουλείαν

2356 2182 2445 2231 καὶ
2472 2180 2742 2253 θεραπείαν
2770 2180 2894 2230 νόει.

2429 2270 2530 2321 Καὶ
2595 2267 2728 2325 αὕτη
2785 2296 2854 2306 -
2932 2268 3126 2338 Κυρίῳ.
3183 2262 3516 2335 Ηῦχαρίστει
3579 2268 3651 2331 τῷ
3699 2264 3829 2331 Θεῷ,
3876 2267 3949 2331 τῷ

2357 2356 2652 2431 ἐνανθρωπή
2662 2374 2831 2408 σαντι.

2432 2449 2532 2497 Καὶ
2614 2443 2775 2497 ἐλάλει
2858 2475 2927 2484 -
3002 2440 3363 2517 Ἰερουσαλήμ.
3438 2438 3639 2494 Ἐλοίλει
3692 2443 3810 2512 περὶ
3866 2437 3954 2490 αῦ-

2356 2541 2470 2599 τοῦ,
2503 2536 2583 2586 ὅτι
2621 2534 2773 2595 οὗτός
2816 2532 2956 2585 ἐστιν
3011 2533 3037 2584 ὁ
3080 2531 3374 2604 λυτρωτὴς.
3421 2527 3558 2581 Ἀλλ’
3608 2529 3635 2579 ὁ
3672 2531 3759 2600 μὶν
3792 2534 3947 2600 Συμε-

2358 2628 2426 2675 ὼν
2474 2626 2636 2686 τύπος
2691 2620 2752 2681 ἦν
2797 2629 2894 2684 τῆς
2959 2620 3191 2681 Παλαιᾶς
3252 2620 3538 2680 Διαθὴκης,
3590 2619 3622 2674 ἡ
3693 2613 3744 2668 δ’
3795 2616 3953 2669 ’Ἀννα

2357 2722 2447 2774 τῆς
2476 2718 2627 2775 Νέας⁸
2657 2713 2724 2764 ὧν
2752 2716 2908 2783 μέσος
2930 2711 2956 2762 ὁ
2978 2713 3207 2783 Χριστὸς
3233 2713 3462 2780 κείμενος
3481 2710 3576 2764 τὴν
3598 2708 3688 2778 μεν
3712 2703 3948 2771 ἁπελυσε,

2359 2806 2451 2860 τὴν
2509 2798 2568 2855 δε
2614 2804 3039 2875 παρακατέσχεν,
3101 2797 3355 2871 ἐμφαίνων
3406 2798 3488 2849 ὅτι
3535 2796 3565 2853 ἠ
3762 2793 3950 2846 παλαιά

2357 2895 2639 2960 πέπαυται,
2663 2893 2692 2948 ἡ
2723 2887 2783 2943 δι
2802 2894 2891 2942 νέα
2923 2892 3008 2954 ζῆ.

2434 3129 2533 3179 Καὶ
2587 3127 2656 3185 ὡς
2700 3154 2765 3163 -
2816 3121 3077 3196 Ναζαρέτ.
3137 3119 3372 3174 ’Λπαντα
3427 3121 3493 3171 τὰ
3545 3122 3664 3193 περὶ
3710 3124 3803 3179 τῆς
3853 3135 3949 3169 πα-

600 3197 755 3255 circa
786 3201 953 3272 pueri
1007 3204 1550 3273 prmsentationem,
1591 3222 1660 3263 ac
1708 3207 1864 3265 circa
1884 3208 2136 3272 hostias,
2175 3207 2250 3265 de

2360 3215 2659 3288 ραστάσεως
2686 3220 2775 3265 τοῦ
2822 3208 3063 3279 παιδίου,
3096 3215 3185 3264 καὶ
3215 3211 3281 3262 τὰ
3320 3213 3439 3283 περὶ
3470 3216 3561 3268 τῆς
3605 3209 3812 3275 θυσίας,
3843 3210 3955 3278 περὶ

600 3287 821 3360 quibus
846 3287 1099 3359 jubebat
1123 3289 1232 3347 lex.

672 3378 880 3442 Quaere
920 3384 1119 3435 autem
1150 3381 1344 3453 primo
1375 3384 1567 3455 capite
1597 3386 1893 3456 Evangelii
1918 3386 2252 3443 secundum

600 3465 934 3523 Matthazum
964 3468 1104 3525 dicti
1145 3470 1298 3526 illius
1320 3473 1747 3544 expositionem
1777 3491 1791 3530 :
1848 3476 1992 3535 Ecce
2022 3476 2251 3544 angelus

600 3556 835 3612 Domini
861 3563 1105 3626 apparet
1131 3560 1193 3614 in
1215 3561 1433 3617 somnis
1450 3562 1661 3631 Joseph
1685 3563 1885 3621 dicens
1912 3581 1923 3618 :
1979 3566 2173 3635 Surge
2199 3571 2253 3622 et

600 3649 794 3718 accipe
842 3662 1085 3716 puerum
1129 3656 1180 3704 et
1234 3658 1481 3709 matrem
1527 3656 1651 3722 eius
1696 3661 1751 3710 et
1774 3655 1907 3726 fuge
1934 3656 1996 3712 in
2020 3656 2254 3727 AE‘gyp-

604 3738 746 3789 tum.

672 3823 837 3879 Vers.
870 3825 957 3880 40.
990 3826 1147 3881 Puer
1165 3832 1356 3883 autem
1386 3857 1456 3870 —
1483 3844 1663 3898 super
1684 3831 1873 3887 illum.
1909 3833 2113 3898 Quoad
2142 3834 2256 3889 hu-

606 3911 947 3967 manitatem
988 3913 1117 3969 haec
1162 3915 1366 3972 omnia
1419 3917 1700 3987 intellige.
1750 3922 2056 3993 Tanquam
2109 3938 2255 3994 puer

601 4000 762 4056 enim
790 4002 1097 4058 crescebat
1125 4009 1296 4060 aetate
1329 4021 1341 4060 :
1373 4006 1875 4065 corroborabatur
1921 4016 2121 4067 autem
2148 4012 2256 4068 ad-

601 4104 808 4144 versus
839 4090 1147 4156 malitiam,
1182 4093 1413 4163 spiritu,
1446 4094 1570 4152 sive
1599 4096 1762 4155 unita
1786 4099 1901 4155 sibi
1923 4099 2250 4157 divinitate.

602 4178 750 4234 Nam
775 4177 1025 4249 Spiritus
1045 4185 1294 4237 vocatur
1313 4187 1367 4238 et
1394 4183 1705 4253 Divinitas;
1729 4185 2088 4259 implebatur
2113 4204 2253 4246 vero

600 4266 905 4339 sapientia,
922 4272 1211 4341 tanquam
1223 4269 1518 4329 divinitati
1545 4275 1745 4331 unitus
1766 4278 1986 4347 ;gratia
2011 4293 2256 4352 quoque

600 4357 748 4412 uniti
768 4356 884 4412 sibi
912 4356 1012 4413 Dei
1033 4365 1156 4415 erat
1186 4375 1368 4432 super
1393 4362 1578 4433 illum,
1602 4380 1737 4437 quas
1764 4366 1961 4437 ipsum
1982 4367 2255 4425 modera-

602 4444 795 4511 batur,
830 4447 1070 4516 regebat
1107 4454 1166 4504 et
1203 4452 1623 4523 componebat.

672 4536 778 4591 Vel
812 4536 992 4591 etiam
1041 4537 1158 4593 alio
1221 4541 1425 4598 modo.
1464 4543 1968 4601 Corroborabatur
2013 4547 2251 4619 Spiritu,

602 4623 870 4681 videlicet
925 4633 1170 4693 sancto;
1211 4629 1402 4699 gratia
1455 4638 1655 4689 autem
1702 4633 1823 4700 Dei,
1876 4636 2001 4692 sive
2043 4636 2251 4710 patris,

601 4717 729 4768 erat
748 4714 1124 4782 superillum.
1147 4718 1306 4773 Sicut
1322 4719 1482 4776 enim
1502 4722 1846 4780 incarnatus
1865 4730 1951 4780 est
1973 4741 2044 4781 ex
2068 4726 2254 4783 Patris

602 4800 997 4873 benepiacito,
1025 4820 1094 4861 ac
1120 4808 1571 4878 superveniente
1598 4813 1816 4884 Spiritu
1881 4820 2087 4872 sancto
2130 4833 2142 4872 :
2173 4816 2258 4874 ita

603 4889 782 4948 etiam
813 4893 1277 4952 conversabatur
1301 4914 1371 4954 ac
1399 4899 1759 4970 Operabatur
1798 4917 1903 4975 per
1919 4901 2255 4977 beneplaci-

605 4984 733 5035 tum
784 4980 964 5035 Patris
994 4987 1051 5038 et
1080 4987 1552 5056 cooperationem
1587 4989 1834 5061 Spiritus
1854 4992 2064 5050 sancti.

677 5071 837 5125 Vers.
864 5072 954 5126 41.
981 5072 1050 5127 Et
1071 5073 1236 5130 ibant
1266 5106 1336 5116 —
1355 5075 1526 5132 Vers.
1557 5081 1646 5136 43.
1673 5079 2026 5141 Jerusalem.
2051 5081 2255 5141 Finitis

601 5158 1224 5231 diebus,videlicetdie
1234 5164 1384 5224 festo
1397 5168 1996 5245 Paschas,diebusque
2008 5174 2255 5247 Azymo-

676 5269 721 5305 ²¹
752 5268 952 5326 Matth.
974 5287 1030 5338 ιι,
1068 5271 1153 5328 i3.

2363 3303 2430 3354 ὧν
2456 3304 2481 3354 ὁ
2512 3308 2666 3375 νόμος
2699 3300 2911 3355 ἐκέλευε.

2432 3393 2672 3450 Ζήτησον
2705 3388 2763 3444 δὲ
2804 3395 2893 3443 καὶ
2940 3388 2988 3442 ἐν
3037 3397 3108 3460 τῷ
3157 3393 3342 3463 πρώτῳ
3387 3386 3644 3459 κεφαλαίῳ
3687 3394 3777 3438 τοῦ
3827 3387 3959 3436 κατὰ

2364 3484 2630 3535 Ματθαίον
2702 3485 2793 3539 τὴν
2874 3479 3122 3551 ἐξήγησιν
3199 3484 3314 3530 τοῦ·
3385 3473 3530 3529 ’ἰδοὺ
3583 3473 3803 3547 ἄγγελος
3860 3480 3960 3527 Ku-

2361 3575 2477 3647 ρίου
2510 3575 2741 3643 φαίνεται
2772 3570 2885 3622 κατ’
2932 3572 3052 3642 ὄναρ
3102 3576 3173 3638 τῷ
3229 3567 3421 3638 Ἰωσὴφ
3473 3565 3652 3636 λέγων·
3708 3563 3964 3636 Ἐγερθεὶς

2364 3659 2627 3734 παράλαϐε
2653 3663 2708 3711 τὸ
2734 3654 2951 3711 παιδίον
3000 3662 3088 3710 καὶ
3119 3662 3206 3714 τὴν
3231 3660 3433 3730 μητέρα
3470 3654 3649 3717 αὐτοῦ,
3690 3657 3780 3704 καὶ
3812 3659 3965 3723 φεῦγε

2364 3751 2431 3813 εἰς
2463 3754 2746 3821 Αἴγυπτον.

2432 3844 2502 3893 Τὸ
2543 3836 2601 3892 δε
2657 3834 2871 3890 παιδίον
2923 3866 2991 3877 --
3037 3834 3114 3888 ἐπ’
3178 3835 3318 3906 αὐτῷ
3410 3836 3553 3888 Κατὰ
3587 3835 3644 3884 τὸ
3698 3828 3968 3901 ἀνθρώπι-

2362 3947 2444 3981 νον
2488 3935 2654 3980 ταῦτα
2698 3930 2866 3979 πάντα
2916 3944 3124 3982 νοησον.
3180 3924 3266 3985 Ὠς
3316 3919 3530 3975 παιδίον
3568 3921 3683 3993 (71)
3726 3922 3828 3993 γὰρ
3871 3920 3963 3977 n5-

2363 4016 2479 4080 ξανε
2535 4019 2624 4089 μεν
2667 4015 2737 4076 εἰς
2766 4014 2991 4085 ἡλικίαν,
3014 4020 3350 4087 ἐκραταιοῦτο
3391 4009 3449 4064 δε
3477 4013 3613 4063 κατὰ
3641 4017 3733 4072 τῆς
3776 4013 3967 4070 κακίας

2361 4108 2637 4178 πνεύματι,
2735 4108 2896 4173 ἤγουν
2979 4111 3040 4176 τῇ
3137 4105 3367 4175 ἠνωμένῃ
3482 4101 3622 4170 αῦτῷ
3735 4100 3963 4156 eumn.

2365 4202 2571 4268 Πνεῦμα
2598 4196 2697 4268 γὰρ
2728 4191 2931 4245 καλειαι
2975 4195 3064 4244 καὶ
3102 4192 3131 4250 ἠ
3167 4193 3361 4251 θεὸτης.
3404 4190 3506 4244 Καὶ
3543 4187 3827 4264 ἐπληροῦτο
3874 4190 3964 4258 μὲν

2367 4288 2572 4356 σοφίας,
2604 4285 2673 4345 ὡς
2701 4285 2956 4355 ἡνωμένον
2988 4288 3050 4353 τῇ
3088 4284 3263 4352 ac?qu
3298 4281 3463 4352 χάρις
3492 4275 3551 4331 δὲ
3580 4286 3671 4330 τοῦ
3703 4281 3964 4350 ἡνωμένον

2364 4373 2505 4443 αὐτῷ
2554 4377 2680 4425 Θεοῦ
2711 4367 2772 4430 ἦν
2831 4369 2907 4423 ἔπ’
2965 4370 3124 4440 αὐτῷ,
3177 4363 3599 4440 παιδαγωγοῦσα
3658 4374 3811 4419 τοῦτο
3876 4370 3962 4419 καὶ

2288 4482 2333 4538 D
2361 4462 2700 4536 ῥυθμίζουσα
2728 4464 2818 4512 καὶ
2846 4465 3277 4530 κατακοσμοῦσα.

2434 4550 2503 4603 ἸΙ
2534 4556 2623 4602 καὶ
2666 4549 2867 4621 ἑτέρως.
2925 4547 3291 4622 Ἐκραταιουτο
3345 4548 3434 4618 μὲν
3488 4548 3770 4617 Πνεῦματι,
3825 4547 3962 4601 ἦτοι·

2363 4649 2435 4712 τῷ
2483 4639 2643 4711 ἁγίῳ·
2703 4640 2863 4711 χάρις
2908 4633 2967 4689 δε
3021 4636 3132 4709 (72)
3190 4639 3339 4702 Θεοῦ,
3389 4638 3551 4706 ἤγουν
3599 4640 3691 4686 τοῦ
3747 4636 3969 4705 Πατρός,

2365 4726 2425 4789 ἦν
2476 4727 2552 4782 ἐπ’
2611 4727 2771 4797 αὐτῷ.
2844 4724 3042 4798 Ὠσπερ
3101 4726 3199 4799 γὰρ
3270 4722 3543 4797 ἐσαρκώθη
3616 4725 3822 4794 Πατρός
3890 4722 3967 4775 εῦ-

2366 4816 2543 4891 ὁοκίᾳ,
2607 4821 2697 4869 καὶ
2755 4817 3046 4887 Πνεῦματος
3115 4812 3267 4885 ἁγίου
3334 4810 3608 4865 ἐπελεύσει*
3674 4812 3811 4864 οὕτω
3879 4816 3967 4865 καὶ

2365 4906 2698 4973 ἐπολιτεύετο,
2750 4909 2840 4957 καὶ
2900 4903 3125 4976 ἐνήργει,
3182 4897 3398 4973 εὐδοκιᾳ
3449 4903 3539 4973 μεν
3597 4907 3686 4953 τοῦ
3744 4905 3966 4976 Πατρὸς,

2366 5000 2614 5069 συνεργίᾳ
2643 4991 2702 5048 δε
2727 5002 2819 5047 τοῦ
2844 4992 2997 5065 ἁγίου
3030 4994 3345 5064 Πνεῦματος.

2437 5090 2539 5140 Καὶ
2621 5083 2922 5157 ἐπορεύοντο
3002 5112 3072 5122 -
3138 5079 3499 5155 Ἰερουσαλήμ.
3579 5079 3967 5134 Τελειωσοὲντων

2364 5177 2454 5236 τὰς
2510 5176 2707 5249 ἡμέρας
2755 5175 2847 5234 τός
2907 5179 3003 5234 τῆς
3052 5170 3228 5244 ἑορτῆς
3299 5176 3391 5222 τοῦ
3451 5169 3653 5241 Πάσχα
3719 5172 3812 5221 καὶ
3876 5177 3966 5231 τῆς

1910 5379 2137 5451 Varias
2169 5380 2499 5452 lectiones
2512 5387 2581 5448 et
2605 5388 2808 5447 notas.

676 5483 789 5555 (7t)
815 5486 918 5557 Γάρ
959 5484 1151 5543 abest.
1183 5490 1249 5543 Α.

676 5658 801 5731 (99)
863 5662 1432 5742 Illud-absoluebat.
1478 5667 1666 5726 lstum
1706 5670 1948 5742 quidem
1978 5672 2250 5731 demisit:

601 5730 757 5800 hanc
788 5748 927 5790 vero
955 5735 1214 5792 retinuit.
1254 5739 1333 5793 De
1376 5738 1654 5796 Simeone
1683 5730 1879 5799 sérmo
1905 5748 2056 5801 estet
2079 5730 2256 5803 Anna

2435 5496 2551 5570 (72)
2586 5502 2691 5550 Τοῦ
2721 5491 2889 5551 addit
2926 5498 2989 5547 Δ.

2362 5672 2608 5800 [10121ng
2654 5669 3043 5730 testamentis.
3089 5666 3361 5730 Ἀπολήιιν
3409 5667 3649 5746 respicit
3701 5667 3782 5728 ad
3835 5683 3968 5741 cap.

2362 5762 2425 5800 ιι.
2528 5786 2541 5800 .

2362 5762 2425 5811 n,
2450 5762 2541 5802 κν.
