4188 6428
261 359 368 415 897

1387 350 1733 408 COMMENT
1772 347 1840 404 IN
1881 342 2148 400 LUCAM.
2188 376 2258 387 —
2294 346 2452 402 CAP.
2494 345 2587 400 III.

3518 345 3624 403 898

265 491 443 564 ἑορτῆς
480 501 582 545 τῶν
621 491 882 564 Ἀζυμων.
949 490 1205 562 ’Υπέμεινε
1248 483 1308 540 δε
1361 490 1546 551 εἳτουν,
1592 483 1864 553 ὑπελείφθη

2018 485 2131 525 um.
2152 470 2690 534 Remansitautem,
2706 469 2827 526 sive
2839 469 3076 526 relictus
3090 470 3252 526 estin
3265 471 3621 540 Jerusalem,

265 583 314 635 ἐν
355 581 717 656 Ἰερουσαλὴμ,
790 579 1104 652 βουλόμενος
1147 576 1407 649 συμμίξαι
1448 582 1556 636 τοῖς
1598 569 1869 626 διδασκά-

264 670 391 730 λοις.

342 764 442 810 Καὶ
473 758 568 810 οὑκ
609 789 678 798 -
725 757 904 812 αὑτοῦ.
956 758 1101 809 Κατὰ
1149 757 1286 808 θείαν
1332 754 1645 825 οἰκονομίαν,
1683 754 1766 803 ἱνα
1794 755 1863 822 μη

266 847 576 899 κωλύσωσιν
604 847 777 911 αὑτὸν,
825 849 891 906 ὡς
917 842 1090 898 παῖδα
1110 850 1199 896 καὶ
1231 844 1590 918 ἀγράμματον.

344 1047 661 1114 Νομίσαντες
694 1072 759 1082 -—
797 1038 1156 1096 διδασκάλων.
1195 1045 1331 1093 Μίαν
1370 1041 1459 1112 μὲν
1509 1042 1703 1113 ἡμέραν
1741 1037 1868 1089 ἀνά-

270 1133 466 1196 λωσαν,
499 1134 582 1184 ὅτε
611 1128 764 1189 ἦλθον
804 1133 1002 1204 ἡμέρας
1029 1126 1172 1193 ὁδὸν,
1215 1134 1303 1180 καὶ
1333 1128 1608 1188 ἀνεζήτουν
1636 1127 1790 1179 αὑτὸν
1821 1125 1868 1178 ἐν

271 1229 383 1282 τοῖς
411 1224 688 1292 συγγενέσι
730 1225 820 1271 καὶ
850 1218 898 1270 ἐν
937 1227 1046 1279 τοῖς
1094 1225 1339 1290 γνωστοῖς
1381 1235 1394 1247 ·
1429 1217 1600 1288 ἑτέραν
1655 1213 1730 1285 δὲ,
1761 1218 1866 1282 ὅτε,

271 1315 344 1382 μή
379 1311 610 1384 εὑρόντες
668 1308 841 1377 αὑτὸν,
877 1307 1206 1382 ὑπέστρεψαν
1251 1307 1323 1369 εἰς
1368 1305 1727 1380 Ἰερουσαλὴμ,
1783 1308 1870 1366 ζη-

270 1407 475 1460 τοῦντες
504 1397 658 1449 αὐτόν
701 1414 714 1426 ’
739 1399 874 1448 κατὰ
903 1401 996 1454 τήν
1018 1402 1197 1470 τρίτην
1229 1393 1288 1448 δε
1325 1395 1501 1448 λοιπὸν
1521 1396 1663 1466 εὗρον
1692 1395 1864 1447 αὑτὸν.

270 1491 358 1540 Ἐν
385 1495 457 1557 τῷ
487 1489 604 1559 ἱερῷ
637 1483 696 1538 δὲ
736 1485 1029 1558 εὑρίσκεται
1055 1487 1080 1537 ὁ
1112 1488 1359 1560 Χριστὸς,
1393 1489 1553 1555 ἤγουν
1585 1483 1632 1534 ἐν
1653 1493 1721 1552 τῷ
1754 1486 1870 1557 ἱερῷ

271 1581 436 1647 τόπῳ,
470 1580 557 1626 καὶ
594 1573 642 1626 ἐν
669 1583 742 1644 τῷ
775 1574 890 1649 ἱερὼ
922 1576 1211 1648 πράγματι,
1245 1579 1332 1626 καὶ
1359 1573 1406 1625 ἐν
1438 1582 1509 1644 τῷ
1533 1576 1649 1646 ἱερῷ
1679 1571 1868 1646 ἀνθρώ.

270 1687 350 1736 πῳ
361 1708 372 1719 .

345 1754 635 1805 ἰἷκοὺοντα
695 1783 762 1792 -—-
817 1752 1020 1812 αὑτοὺς.
1067 1753 1347 1803 Ἀκοὺοντα
1397 1756 1486 1803 καὶ
1541 1750 1872 1825 ἐπερωτῶντα

1975 558 2184 614 volens
2209 559 2582 615 commisceri
2611 557 2971 615 doctoribus.

2051 771 2209 825 Vers.
2252 775 2340 826 43.
2373 771 2451 826 Et
2480 787 2599 827 non
2630 803 2699 811 —
2729 773 2874 842 ejus.
2907 773 3080 828 Juxta
3123 772 3390 828 divinam
3432 775 3625 830 Provi-

1977 859 2243 916 dentiam
2259 859 2374 914 hoc
2401 860 2625 915 factum
2647 866 2754 924 est,
2777 876 2852 916 ne
2873 861 3426 932 prohiberenteum,
3451 863 3628 935 quasi

1977 965 2232 1020 puerum
2258 955 2315 1005 et
2339 949 2461 1004 sine
2491 949 2720 1005 litteris.

2053 1039 2213 1094 Vers.
2245 1041 2331 1093 44.
2380 1038 2792 1094 Existimantes
2844 1070 2910 1080 —-
2960 1040 3120 1094 Vers.
3164 1041 3253 1095 46.
3303 1041 3626 1098 doctorum.

1981 1129 2174 1182 Unum
2201 1125 2447 1200 quidem
2468 1127 2626 1182 diem
2649 1133 3171 1199 consumpserunt,
3200 1130 3442 1200 quando
3461 1147 3631 1188 vene-

1979 1220 2117 1271 runt
2139 1216 2345 1272 itinere
2357 1216 2490 1282 diei,
2509 1220 2567 1271 et
2587 1215 2974 1284 requirebant
2991 1216 3156 1272 illum
3175 1217 3326 1274 inter
3346 1225 3632 1292 cognatos

1980 1309 2037 1360 et
2065 1311 2240 1360 notos
2273 1321 2287 1369 ;
2321 1304 2564 1360 alterum
2589 1304 2836 1376 quando
2882 1320 3001 1360 non
3031 1306 3274 1362 invento
3304 1323 3374 1362 eo
3413 1309 3633 1365 reversi

1980 1393 2189 1448 suntin
2215 1393 2539 1449 Jerusalem
2558 1398 2891 1466 quaerentes
2917 1393 3119 1460 illum;
3153 1395 3378 1452 circiter
3400 1398 3634 1454 tertium

1979 1499 2116 1536 vero
2157 1483 2397 1537 tandem
2436 1483 2998 1540 invenerantillum.

2055 1574 2115 1625 In
2165 1571 2390 1643 templo
2444 1573 2740 1628 invenitur
2793 1571 3078 1637 Christus,
3178 1575 3304 1630 sive
3361 1576 3420 1631 in
3467 1593 3633 1633 sacro

1979 1659 2106 1714 loco
2153 1666 2210 1716 et
2254 1661 2314 1715 in
2364 1677 2534 1716 sacro
2581 1661 2840 1730 negotio,
2907 1677 2978 1717 ac
3031 1662 3092 1716 in
3143 1679 3314 1718 sacro
3365 1664 3631 1721 homine.

2052 1750 2212 1804 Vers.
2243 1753 2329 1804 46.
2363 1749 2712 1806 Audientem
2742 1781 2810 1790 —
2849 1766 2964 1806 eos.
2991 1750 3343 1807 Audientem
3371 1760 3428 1808 et
3465 1754 3636 1811 inter-

269 1848 391 1916 περὶ
432 1851 534 1894 τῶν
579 1845 832 1914 νομίμων,
889 1843 970 1893 ἱνα
1014 1840 1068 1893 ἐκ
1119 1846 1352 1901 νεότητος
1383 1843 1412 1899 ἡ
1453 1843 1662 1901 σύνεσις
1711 1841 1870 1892 αὑτοῦ

2018 1843 2293 1906 ogantem
2326 1837 2400 1893 de
2441 1838 2754 1908 legalibus,
2817 1843 2879 1894 ut
2921 1855 2958 1894 a
3010 1855 3195 1910 puero
3249 1841 3638 1913 intelligentia

269 1933 565 2005 γνῶρισθῇ.
613 1929 922 2002 Φοϐηθώμεν
960 1926 1048 1982 οὑν
1087 1932 1136 1981 οἱ
1163 1926 1502 1997 διδάσκαλοι,
1532 1936 1873 2000 γινώσκοντες

272 2020 430 2073 ὅτιεν
479 2025 623 2092 μέσῳ
678 2022 821 2091 ήμῶν
849 2017 990 2070 ἐστιν
1042 2021 1067 2070 ὁ
1115 2023 1366 2093 Χριστὸς,
1417 2022 1714 2094 προσέχων,
1765 2027 1872 2080 πῶς

276 2106 625 2180 διδάσκομεν.

352 2199 649 2261 Ἐξίσταντο
690 2229 749 2238 -
788 2199 968 2250 αὑτοῦ.
1003 2194 1149 2250 Ἔδει
1195 2199 1296 2269 γὰρ
1328 2206 1480 2250 τοῦτο
1499 2200 1760 2268 γενέσθαι,
1795 2201 1877 2250 ἱνα

283 2289 499 2362 ὕστερον
531 2284 801 2340 διδάσκων
825 2285 1210 2363 εὑπαράὸεκτος
1230 2288 1408 2349 αὑτοῖς
1438 2293 1538 2347 εἰη.

365 2382 462 2429 Καὶ
494 2373 678 2438 ἰδόντες
704 2377 856 2430 αὑτὸν
901 2377 1279 2448 ἐξεπλάγησαν.
1324 2377 1382 2429 Ὀ
1408 2378 1602 2450 Ἰωσήφ
1637 2375 1878 2438 δηλονότι

287 2471 374 2518 καὶ
405 2467 434 2523 ἡ
476 2471 657 2539 Μήτηρ
691 2467 871 2519 αὑτοῦ.
899 2466 1285 2538 Ἐξεπλάγησαν
1319 2463 1378 2519 δε
1403 2467 1462 2519 οὑ
1487 2473 1638 2539 μόνον
1663 2464 1756 2520 διὰ
1783 2473 1878 2526 τήν

283 2559 489 2607 σύνεσιν
519 2555 728 2617 καὶτὰς
759 2556 1061 2629 ἀποκρίσεις
1115 2556 1296 2624 αὑτοῦ,
1349 2555 1477 2609 ἀλλὰ
1517 2563 1608 2609 καὶ
1655 2554 1748 2610 διὰ
1783 2563 1878 2617 τήν

276 2643 493 2715 τόλμαν.

354 2738 453 2786 Καὶ
505 2738 632 2806 πρὸς
685 2765 752 2774 -
793 2753 870 2788 σε.
924 2738 1128 2807 Πατέρα
1167 2733 1324 2786 αὑτοῦ
1369 2738 1453 2786 τὸν
1509 2734 1702 2807 Ἰωσήφ
1758 2738 1881 2789 ὠνό-

275 2841 464 2894 μασεν,
524 2826 594 2885 ὡς
642 2831 923 2896 μνηστῆρα
953 2823 1157 2888 ἑαυτῆς,
1213 2829 1301 2876 καὶ
1350 2826 1419 2884 ὡς
1462 2827 1648 2897 τροφὸν
1697 2825 1875 2878 αὑτοῦ.

274 2909 637 2983 Ὀδυνώμενοι
687 2909 746 2964 δε
779 2911 994 2972 ἐζήτουν
1027 2911 1202 2980 αὑτὸν,
1257 2908 1350 2964 διὰ
1391 2918 1484 2968 τήν
1521 2918 1732 2985 σχέσιν.
1782 2919 1881 2967 Καὶ

279 3004 324 3052 εἰ
347 3019 428 3061 τις
459 2998 519 3053 δε
546 2999 602 3053 ἐκ
642 3003 804 3054 πόθου
840 2997 1162 3074 ὀδυνώμενος
1193 3002 1414 3062 ζητήσει
1467 3002 1644 3070 αὑτὸν,
1679 3004 1880 3077 εὑρήσει

279 3109 461 3142 αυτον.

1984 1927 2112 1997 ejus
2129 1928 2368 1996 cognita
2384 1926 2550 1983 foret.
2576 1929 2913 1984 Timeamus
2935 1944 3098 1999 ergo,
3122 1929 3225 2001 qui
3241 1937 3637 2004 praeceptores

1985 2032 2218 2084 sumus,
2245 2016 2528 2088 quoniam
2561 2016 2621 2071 in
2677 2017 2876 2072 medio
2908 2021 3178 2073 nostrum
3209 2025 3296 2074 est
3349 2022 3634 2089 Christus,

1984 2104 2319 2172 attendens,
2345 2121 2468 2176 quo
2493 2109 2668 2177 pacto
2701 2105 3045 2161 doceamus.

2059 2195 2217 2248 Vers.
2249 2193 2340 2250 47.
2367 2193 2694 2263 Stupebant
2727 2225 2792 2233 —
2819 2196 2966 2264 ejus.
2990 2196 3312 2267 Oportebat
3338 2199 3496 2255 enim
3522 2200 3638 2256 hoc

1989 2281 2204 2350 ﬁeri,ut
2221 2299 2356 2338 cum
2376 2289 2582 2353 postea
2594 2282 3025 2348 doceret,facile
3038 2285 3116 2340 ab
3130 2285 3240 2340 illis
3255 2289 3634 2360 reciperetur.

2060 2372 2323 2426 Vers.48.
2347 2372 2426 2426 Et
2450 2371 2568 2426 viso
2581 2387 2645 2427 eo
2657 2372 3109 2440 obstupuerunt.
3131 2375 3350 2446 Joseph
3367 2377 3642 2433 videlicet

1987 2465 2044 2516 et
2073 2460 2256 2515 Mater
2293 2460 2444 2529 ejus.
2474 2459 2923 2531 Obstupuerunt
2969 2465 3191 2530 autem,
3239 2479 3359 2518 non
3400 2471 3643 2538 propter

1990 2549 2436 2618 intelligentiam
2484 2554 2716 2604 tantum
2762 2554 2819 2605 et
2865 2565 3152 2622 responsa
3200 2551 3374 2618 illius,
3431 2570 3641 2611 verum

1989 2638 2167 2694 etiam
2201 2642 2440 2710 propter
2465 2638 2806 2694 audaciam.

2065 2727 2230 2782 Vers.
2259 2727 2350 2783 48.
2381 2727 2457 2782 Et
2473 2727 2555 2783 ad
2589 2727 2786 2783 itttum
2816 2757 2885 2770 —-
2911 2735 2984 2784 te.
3017 2729 3512 2803 Patrem,Joseph
3539 2747 3639 2789 no.

1993 2815 2240 2872 minavit
2263 2857 2276 2881 ,
2309 2820 2507 2888 utpote
2532 2832 2819 2887 sponsum
2845 2834 3040 2884 suum,
3061 2823 3120 2874 et
3140 2819 3294 2875 illius
3312 2821 3642 2878 nutritium.

1992 2905 2266 2961 Dolantes
2292 2911 2492 2961 autem
2531 2906 2880 2978 quaerebant
2909 2906 3101 2973 illum,
3134 2914 3377 2980 propter
3401 2909 3644 2980 longam

1994 3010 2220 3050 moram
2250 3001 2306 3050 et
2333 2994 2718 3050 desiderium.
2753 2995 2809 3052 Si
2847 2997 2984 3067 quis
3013 3013 3155 3066 ergo
3186 3014 3307 3070 prin
3349 2997 3646 3055 desiderio

1993 3083 2206 3139 dolens
2233 3088 2464 3154 quaerat
2494 3099 2632 3138 eum
2673 3083 2932 3139 inveniet
2957 3083 3146 3140 illum.

357 3184 457 3233 Καὶ
488 3177 596 3232 εἷπε
625 3212 694 3220 -
739 3200 801 3253 με
853 3197 864 3246 ;
896 3180 978 3242 Ὠς
1007 3179 1329 3253 πλανώμενον
1369 3177 1602 3240 δηλαδή.
1655 3185 1781 3242 Θεὸς
1823 3182 1881 3234 οὑ

2063 3171 2226 3226 Vers.
2258 3174 2347 3227 49.
2383 3173 2459 3226 Et
2487 3171 2635 3227 dixit
2675 3203 2743 3210 —
2774 3187 2866 3227 me
2885 3177 2912 3228 ?
2943 3174 3121 3238 Quasi
3163 3180 3461 3232 errantem
3491 3175 3650 3232 vide-

278 3267 558 3324 πλανᾶται.

357 3358 468 3410 Οὑκ
507 3355 684 3430 ᾔδειτε
715 3389 783 3398 --
831 3379 894 3431 με
935 3376 948 3424 ;
983 3359 1064 3412 Ἐν
1101 3367 1174 3418 τῷ
1206 3363 1331 3430 οἴκῳ
1369 3367 1462 3411 τοῦ
1518 3365 1720 3434 Πατρός
1757 3381 1878 3432 μου,

283 3446 458 3520 ’Ἐλεγε
489 3444 548 3500 δὲ
578 3447 696 3521 περὶ
724 3455 815 3500 τοὺ
843 3451 1000 3523 ἱερνιῡ,
1034 3449 1059 3500 ὁ
1086 3457 1156 3519 τῷ
1188 3457 1300 3518 Θεῷ
1340 3454 1428 3500 καὶ
1471 3455 1637 3521 Πατρὶ
1667 3449 1825 3502 αὑτοῦ
1856 3451 1881 3501 ὁ

283 3535 518 3608 Σολομῶν
564 3535 923 3610 ᾠκοδόμησεν.
979 3537 1113 3590 Ἀλλ’
1144 3539 1173 3595 η
1207 3540 1296 3609 μὲν
1329 3542 1517 3610 Μήτηρ
1550 3539 1730 3606 αὑτοῦ,
1763 3545 1881 3613 περὶ

279 3633 374 3677 τοῦ
403 3627 543 3678 θέσει
570 3631 768 3699 Πατρὸς
797 3626 958 3679 αὑτοῦ
985 3625 1138 3679 εἶπεν·
1170 3626 1328 3688 αὑτὸς
1355 3623 1414 3679 δὲ
1442 3629 1604 3700 ταὺτη
1630 3631 1717 3679 τὸν
1731 3629 1884 3699 φύσει

286 3718 496 3787 Πατέρα
521 3716 682 3768 αὑτοῦ
711 3715 959 3787 ἐγνώρισε
974 3757 988 3771 .

361 3916 463 3964 Καὶ
491 3911 643 3964 αὑτοὶ
673 3942 743 3950 -
776 3910 969 3970 αὑτοῖς.
998 3913 1068 3963 Τὸ
1093 3915 1208 3984 περὶ
1240 3917 1334 3964 τοῦ
1366 3914 1524 3985 ίεροῠ.

361 4004 463 4052 Καὶ
490 3999 682 4058 κατέϐη
743 4031 812 4040 -
854 3999 1046 4060 αὑτοῖς.
1086 3996 1354 4052 Παιδεὺων
1402 4003 1786 4055 ὑποτάττεσθαι
1811 4008 1881 4076 μὴ

283 4091 443 4158 μόνον
465 4092 576 4151 τοὶς
606 4092 758 4161 φύσει
785 4096 1047 4160 γονεῦσιν,
1081 4087 1209 4141 ἀλλά
1229 4095 1320 4142 καὶ
1348 4098 1458 4153 τοῖς
1489 4093 1650 4144 θέσει.

363 4271 466 4320 Καὶ
495 4268 526 4325 ἡ
573 4272 750 4340 μήτηρ
781 4298 850 4307 -
898 4266 1080 4329 αὑτῆς.
1123 4270 1201 4320 Τὰ
1227 4272 1347 4340 περὶ
1399 4276 1490 4320 τοῦ
1514 4271 1672 4340 ἱεροῦ,
1705 4273 1794 4320 καὶ
1823 4272 1888 4321 τὰ

285 4363 528 4425 τοιαῦτα,
553 4358 622 4418 ὡς
651 4357 865 4430 ῥήματα
892 4355 998 4428 οὑχ
1036 4355 1210 4418 ἁπλῶς
1239 4353 1448 4421 παιδός,
1501 4355 1628 4409 ἀλλὰ
1655 4361 1744 4409 καὶ
1766 4365 1888 4410 Υιοῦ

293 4453 384 4496 τοῦ
417 4453 572 4498 Θεοὺ.
602 4449 833 4519 Διετήρει
881 4441 940 4498 δὲ
969 4453 1134 4498 ταυτα
1158 4445 1475 4508 έξετάζουσα
1521 4446 1638 4498 καθ’
1679 4445 1886 4513 ἑαυτήν,
1927 4479 1970 4532 D

289 4536 363 4596 ὡς
391 4538 464 4606 μὴ
495 4533 669 4596 ἁπλῶς
700 4534 961 4608 εἰρημένα.

367 4629 471 4676 Καὶ
502 4623 709 4685 Ἰησοῦς
738 4653 810 4664 -
830 4621 1140 4696 ἀνθρώποις.
1173 4622 1262 4684 Ὠς
1276 4620 1490 4676 παιδίον
1529 4627 1668 4696 νόμῳ
1695 4627 1891 4696 φύσεως

290 4711 625 4784 ἀνθρωπίνης
643 4716 954 4786 προέκοπτεν
981 4711 1053 4772 εἰς
1082 4719 1249 4764 ταῦτα
1276 4716 1412 4764 κατὰ
1448 4717 1652 4786 μικρὸν·
1697 4715 1765 4775 ὡς
1788 4715 1890 4787 γὰρ

291 4804 427 4862 Θεὸς
452 4801 740 4862 παντελειος
766 4799 826 4860 ἦν
839 4845 852 4858 ,

371 4888 688 4964 [Γρηγορίου
719 4891 832 4961 (73)
851 4897 942 4942 τοῦ
974 4889 1736 4964 Θεολόγου.Προέκοπτε,φησὶν
1756 4894 1892 4964 (74),

296 4981 476 5053 ὥσπερ
515 4978 710 5051 ἡλικίᾳ,
771 4979 904 5030 οὑτω
961 4984 1051 5031 καὶ
1109 4984 1267 5052 σοφίᾳ
1317 4985 1405 5032 καὶ
1457 4983 1665 5055 χάριτι.
1723 4980 1798 5032 Οὑ
1825 4989 1896 5053 τῷ

292 5085 469 5121 ταυτα
495 5067 770 5140 λαμϐάνειν
799 5067 1022 5130 αὔξησιν
1075 5087 1086 5100 '
1121 5073 1172 5120 τί
1209 5071 1306 5140 γὰρ
1356 5076 1449 5120 τοῦ
1480 5067 1572 5120 ἀπ’
1599 5068 1776 5144 ἀρχῆς
1813 5088 1898 5122 τε-

297 5157 440 5210 λείου
471 5157 654 5229 γένοιτ’
682 5157 742 5209 ἂν
781 5157 1076 5232 τελεώτερον
1112 5175 1125 5226 ;
1155 5156 1282 5209 ἀλλά
1298 5166 1371 5227 τῷ
1401 5159 1536 5210 κατὰ
1563 5162 1750 5231 μικρὸν
1775 5167 1898 5211 ταῦ·

297 5265 364 5298 τα
384 5248 856 5320 παραοκυμνοὺσθαι
881 5252 969 5299 καὶ
999 5248 1457 5320 παρεκφαίνεσθαι.
1488 5245 1511 5320 ]

417 5342 562 5389 ΚΕΦ.
587 5335 660 5390 Ε’.
700 5341 826 5411 Περὶ
849 5344 942 5388 τοῦ
969 5339 1235 5407 γενομένου
1265 5337 1494 5409 ῥήματος
1527 5339 1652 5410 πρὸς
1683 5335 1790 5389 Ἰω-

1009 5444 1183 5482 αννην.

366 5516 453 5569 Ἐν
530 5518 630 5567 ἔτει
693 5544 763 5554 -
820 5518 1104 5587 Καίσαρος.
1177 5516 1320 5566 Μετὰ
1376 5516 1462 5565 τὸν
1521 5512 1896 5587 προρρηθέντα.

1990 3259 2126 3315 licet
2161 3275 2172 3312 :
2219 3262 2370 3313 Deus
2399 3259 2558 3313 enim
2585 3275 2708 3314 non
2737 3266 2910 3315 errat.

2066 3350 2221 3402 Vers.
2271 3347 2360 3402 49.
2394 3348 2751 3403 Nesciebatis
2782 3365 2962 3406 -—me
2985 3349 3012 3404 ?
3044 3349 3101 3405 ld
3132 3356 3238 3418 est,
3264 3352 3324 3406 in
3355 3352 3650 3409 domoPa—

1993 3437 2097 3492 tris
2146 3435 2282 3492 mei.
2345 3436 2582 3492 Dicebat
2619 3443 2816 3492 autem
2871 3437 2946 3493 de
2998 3440 3239 3512 templo,
3307 3441 3472 3512 quod
3531 3445 3648 3497 Deo

1995 3525 2262 3596 Patrique
2295 3541 2406 3580 suo
2437 3541 2473 3580 a
2501 3524 2821 3581 Salomone
2851 3527 3211 3583 aedificatum
3253 3535 3397 3584 erat.
3435 3531 3649 3585 Verum

1994 3619 2170 3672 Mater
2201 3614 2326 3684 ejus
2360 3615 2428 3668 de
2467 3613 2752 3686 adoptivo
2797 3621 2963 3686 patre
3010 3616 3206 3674 locuta
3261 3617 3491 3684 fuerat;
3523 3619 3650 3690 ipse

1994 3715 2195 3760 autem
2224 3720 2384 3769 eum,
2411 3705 2516 3775 qui
2564 3709 2778 3760 natura
2820 3705 2929 3761 sibi
2965 3708 3134 3762 Pater
3180 3711 3323 3772 erat,
3375 3709 3652 3766 manifes-

1993 3793 2180 3849 tabat.

2067 3883 2228 3938 Vers.
2275 3883 2344 3938 50
2396 3882 2472 3937 Et
2512 3883 2622 3954 ipsi
2652 3913 2717 3924 —-
2747 3884 2871 3940 illis
2902 3884 3074 3950 Quod
3118 3889 3245 3942 erat
3294 3885 3368 3943 de
3408 3885 3648 3958 templo.

2067 3973 2228 4028 Vers.
2265 3973 2443 4027 51.Et
2491 3972 2880 4029 descendit—
2931 3974 3071 4030 illis.
3120 3977 3370 4041 Docens,
3404 3983 3469 4033 ut
3518 3975 3652 4032 sub-

1996 4063 2104 4118 diti
2119 4062 2327 4126 simus,
2361 4076 2484 4116 non
2516 4062 2710 4118 solum
2743 4063 3115 4119 naturalibus
3159 4065 3524 4135 parentibus,
3560 4081 3656 4122 ve-

1996 4167 2132 4206 rum
2163 4150 2344 4206 etiam
2370 4149 2690 4222 adoptivis.

2069 4241 2226 4294 Vers.
2262 4243 2347 4292 5t.
2384 4239 2463 4293 Et
2483 4245 2673 4294 mater
2696 4269 2754 4278 —
2780 4254 2901 4294 suo.
2932 4240 3068 4304 Qua
3087 4240 3160 4294 de
3188 4240 3401 4313 templo
3431 4241 3659 4297 dixerat

1999 4343 2070 4384 ac
2100 4325 2336 4392 similia,
2370 4330 2665 4398 tanquam
2710 4326 2891 4382 verba
2918 4342 3040 4382 non
3081 4328 3428 4400 simpliciter
3463 4328 3651 4400 pueri,

2000 4415 2104 4472 sed
2128 4414 2306 4471 etiam
2337 4413 2441 4470 ﬁlii
2475 4417 2595 4470 Dei.
2633 4415 3042 4472 Conservabat
3072 4422 3271 4472 autem
3304 4418 3658 4472 examinans

2001 4504 2166 4577 apud
2197 4519 2346 4570 sese,
2376 4509 2578 4576 utpote
2610 4520 2739 4576 quae
2771 4519 2894 4560 non
2925 4505 3245 4576 vulgariter
3273 4504 3439 4563 dicta
3467 4511 3656 4564 erant.

2073 4594 2236 4651 Vers.
2297 4597 2383 4649 52.
2416 4595 2496 4649 Et
2549 4595 2715 4650 Jesus
2742 4624 2809 4634 —
2841 4593 3114 4651 homines.
3145 4597 3457 4668 Tanquam
3508 4611 3660 4668 puer

2001 4683 2131 4753 lege
2150 4682 2430 4740 humanae
2460 4687 2687 4739 naturai
2712 4682 3002 4756 paulatim
3034 4684 3110 4740 ad
3135 4683 3262 4740 haec
3286 4684 3656 4757 proﬁciebat.

2003 4773 2153 4829 Nam
2186 4778 2249 4828 ut
2277 4776 2428 4830 Deus
2457 4772 2708 4829 omnino
2737 4772 3032 4845 perfectus
3052 4778 3196 4830 erat.

2075 4864 2118 4932 -ι-
2152 4864 2390 4933 Gregor.
2420 4862 2700 4934 Theolog.
2733 4861 3102 4929 Proﬁciebat,
3134 4863 3348 4936 inquit,
3383 4869 3444 4920 ut
3470 4868 3658 4931 aetate,

2007 4951 2088 5007 ita
2109 4957 2166 5007 et
2208 4952 2498 5024 sapientia
2518 4956 2574 5008 et
2599 4951 2804 5021 gratia.
2831 4953 2960 5008 Non
2985 4953 3113 5009 haec
3143 4955 3402 5025 accipere
3432 4958 3664 5026 oportet

2006 5056 2114 5113 per
2159 5045 2577 5112 augmentum.
2628 5040 2783 5106 Quid
2833 5041 2995 5097 enim
3014 5041 3042 5096 ?
3067 5046 3220 5099 Num
3251 5041 3354 5114 qui
3385 5041 3463 5099 ab
3493 5042 3662 5100 initio

2008 5130 2305 5202 perfectus
2353 5134 2498 5200 erat,
2530 5129 2846 5202 perfectior
2891 5129 3020 5186 ﬁeri
3044 5136 3276 5203 poterat
3301 5133 3330 5187 ‘I
3351 5132 3470 5189 Sed
3498 5131 3663 5205 quod

2009 5220 2136 5276 haec
2177 5219 2464 5293 paulatim
2504 5219 2830 5276 denudaret
2859 5236 2928 5277 ac
2953 5220 3410 5278 demonstraret.

2085 5329 2240 5385 CAP.
2277 5329 2324 5382 V
2346 5359 2433 5380 .—
2454 5330 2531 5384 De
2545 5327 2739 5399 verbo,
2761 5329 2920 5400 quod
2931 5328 3156 5398 factum
3183 5338 3261 5386 est
3277 5331 3358 5386 ad
3367 5331 3661 5386 Joannem.

2085 5517 2123 5570 (Ἰ
2134 5517 2236 5570 AP.
2264 5516 2355 5570 Ill.
2372 5514 2536 5570 Vers.
2557 5516 2607 5570 1.
2626 5517 2794 5571 Anno
2809 5544 2879 5558 —
2901 5515 3152 5573 Cesaris
3165 5517 3303 5573 Post
3323 5515 3666 5588 prtedictum

1503 5602 1726 5670 Variae
1765 5605 2092 5672 lectiones
2124 5613 2186 5670 et
2217 5613 2417 5670 notae.

373 5721 490 5794 ('73)
531 5721 577 5774 A
606 5720 666 5776 in
700 5719 969 5791 margine
995 5719 1036 5773 Β
1077 5717 1134 5774 in
1169 5721 1351 5774 textu.

2084 5721 2198 5791 (74)
2220 5719 2461 5790 Gregor.
2485 5722 2756 5779 Nazianz.
2789 5737 2927 5794 pag.
2962 5726 3030 5779 86
3055 5723 3157 5778 ﬁn.
