  <div class='ocr_page' id='page_1' title='image "/cluster/home/n/w/nwhite01/storage/ocr_20150623/129/hvd.32044019208511/487.png"; bbox 0 0 4210 6434; ppageno 0'>
   <div class='ocr_carea' id='block_1_1' title="bbox 595 362 700 421">
    <p class='ocr_par' dir='ltr' id='par_1_1' title="bbox 595 362 700 421">
     <span class='ocr_line' id='line_1_1' title="bbox 595 362 700 421; baseline 0 0"><span class='ocrx_word' id='word_1_1' title='bbox 595 362 700 421; x_wconf 82' lang='lat'><strong>899</strong></span> 
     </span>
    </p>
   </div>
   <div class='ocr_carea' id='block_1_2' title="bbox 1908 346 2624 414">
    <p class='ocr_par' dir='ltr' id='par_1_2' title="bbox 1908 346 2624 414">
     <span class='ocr_line' id='line_1_2' title="bbox 1908 346 2624 414; baseline -0.006 -2"><span class='ocrx_word' id='word_1_2' title='bbox 1908 350 2255 414; x_wconf 81' lang='lat' dir='ltr'><strong>EUTHYMII</strong></span> <span class='ocrx_word' id='word_1_3' title='bbox 2294 346 2624 408; x_wconf 79' lang='lat' dir='ltr'><strong>ZIGABENI</strong></span> 
     </span>
    </p>
   </div>
   <div class='ocr_carea' id='block_1_3' title="bbox 3858 356 3967 414">
    <p class='ocr_par' dir='ltr' id='par_1_3' title="bbox 3858 356 3967 414">
     <span class='ocr_line' id='line_1_3' title="bbox 3858 356 3967 414; baseline 0 0"><span class='ocrx_word' id='word_1_4' title='bbox 3858 356 3967 414; x_wconf 84' lang='lat'><strong>900</strong></span> 
     </span>
    </p>
   </div>
   <div class='ocr_carea' id='block_1_4' title="bbox 668 477 2241 559">
    <p class='ocr_par' dir='ltr' id='par_1_4' title="bbox 668 482 2241 559">
     <span class='ocr_line' id='line_1_4' title="bbox 668 482 2241 559; baseline -0.005 -15"><span class='ocrx_word' id='word_1_5' title='bbox 668 492 1000 559; x_wconf 82' lang='lat' dir='ltr'><strong>Augustum</strong></span> <span class='ocrx_word' id='word_1_6' title='bbox 1032 486 1298 544; x_wconf 83' lang='lat' dir='ltr'><strong>Tiberius</strong></span> <span class='ocrx_word' id='word_1_7' title='bbox 1330 488 1438 544; x_wconf 92' lang='lat' dir='ltr'><strong>fuit</strong></span> <span class='ocrx_word' id='word_1_8' title='bbox 1462 487 1660 544; x_wconf 61' lang='lat' dir='ltr'><strong>Cesar</strong></span> <span class='ocrx_word' id='word_1_9' title='bbox 1688 487 2104 551; x_wconf 81' lang='lat' dir='ltr'><strong>Romanorum,</strong></span> <span class='ocrx_word' id='word_1_10' title='bbox 2131 482 2241 537; x_wconf 89' lang='lat' dir='ltr'><strong>hoc</strong></span> 
     </span>
    </p>
   </div>
   <div class='ocr_carea' id='block_1_5' title="bbox 2352 477 3962 559">
    <p class='ocr_par' dir='ltr' id='par_1_5' title="bbox 2355 478 3962 554">
     <span class='ocr_line' id='line_1_5' title="bbox 2355 478 3962 554; baseline 0.002 -23"><span class='ocrx_word' id='word_1_11' title='bbox 2355 484 2655 549; x_wconf 70' lang='grc' dir='ltr'><strong>Αὔγουστον</strong></span> <span class='ocrx_word' id='word_1_12' title='bbox 2697 478 2982 554; x_wconf 75' lang='grc' dir='ltr'>ὀΤιϐἐριος</span> <span class='ocrx_word' id='word_1_13' title='bbox 3019 482 3199 551; x_wconf 70' lang='grc' dir='ltr'>γίγονε</span> <span class='ocrx_word' id='word_1_14' title='bbox 3245 484 3452 551; x_wconf 74' lang='grc' dir='ltr'>Καῖσαρ</span> <span class='ocrx_word' id='word_1_15' title='bbox 3509 487 3609 531; x_wconf 84' lang='grc' dir='ltr'>τῶν</span> <span class='ocrx_word' id='word_1_16' title='bbox 3666 479 3962 553; x_wconf 84' lang='grc' dir='ltr'>Ῥωμαίων,</span> 
     </span>
    </p>
   </div>
   <div class='ocr_carea' id='block_1_6' title="bbox 596 573 2246 649">
    <p class='ocr_par' dir='ltr' id='par_1_6' title="bbox 596 573 2246 649">
     <span class='ocr_line' id='line_1_6' title="bbox 596 573 2246 649; baseline -0.005 -15"><span class='ocrx_word' id='word_1_17' title='bbox 596 583 702 644; x_wconf 89' lang='lat' dir='ltr'><strong>est,</strong></span> <span class='ocrx_word' id='word_1_18' title='bbox 770 578 1111 649; x_wconf 80' lang='lat' dir='ltr'><strong>imperator.</strong></span> <span class='ocrx_word' id='word_1_19' title='bbox 1172 580 1334 634; x_wconf 89' lang='lat' dir='ltr'><strong>Tunc</strong></span> <span class='ocrx_word' id='word_1_20' title='bbox 1390 577 1550 633; x_wconf 91' lang='lat' dir='ltr'><strong>enim</strong></span> <span class='ocrx_word' id='word_1_21' title='bbox 1615 578 1814 633; x_wconf 63' lang='lat' dir='ltr'><strong>Caesar</strong></span> <span class='ocrx_word' id='word_1_22' title='bbox 1866 592 2001 647; x_wconf 84' lang='lat' dir='ltr'><strong>rege</strong></span> <span class='ocrx_word' id='word_1_23' title='bbox 2052 573 2246 644; x_wconf 82' lang='lat' dir='ltr'><strong>major</strong></span> 
     </span>
    </p>
   </div>
   <div class='ocr_carea' id='block_1_7' title="bbox 595 664 2240 737">
    <p class='ocr_par' dir='ltr' id='par_1_7' title="bbox 595 664 2240 737">
     <span class='ocr_line' id='line_1_7' title="bbox 595 664 2240 737; baseline -0.005 -16"><span class='ocrx_word' id='word_1_24' title='bbox 595 670 722 721; x_wconf 87' lang='lat' dir='ltr'><strong>erat</strong></span> <span class='ocrx_word' id='word_1_25' title='bbox 752 683 766 731; x_wconf 89' lang='lat'><strong>;</strong></span> <span class='ocrx_word' id='word_1_26' title='bbox 796 670 1004 737; x_wconf 85' lang='lat' dir='ltr'><strong>postea</strong></span> <span class='ocrx_word' id='word_1_27' title='bbox 1045 681 1188 721; x_wconf 86' lang='lat' dir='ltr'><strong>vero</strong></span> <span class='ocrx_word' id='word_1_28' title='bbox 1220 665 1467 722; x_wconf 66' lang='lat' dir='ltr'><strong>Caesaris</strong></span> <span class='ocrx_word' id='word_1_29' title='bbox 1507 664 1767 737; x_wconf 74' lang='lat' dir='ltr'><strong>dignitas</strong></span> <span class='ocrx_word' id='word_1_30' title='bbox 1815 664 2100 735; x_wconf 76' lang='lat' dir='ltr'><strong>depressa</strong></span> <span class='ocrx_word' id='word_1_31' title='bbox 2138 666 2240 715; x_wconf 86' lang='lat' dir='ltr'><strong>est.</strong></span> 
     </span>
    </p>
   </div>
   <div class='ocr_carea' id='block_1_8' title="bbox 594 750 2242 825">
    <p class='ocr_par' dir='ltr' id='par_1_8' title="bbox 594 750 2242 825">
     <span class='ocr_line' id='line_1_8' title="bbox 594 750 2242 825; baseline -0.007 -11"><span class='ocrx_word' id='word_1_32' title='bbox 594 754 906 825; x_wconf 85' lang='lat' dir='ltr'><strong>Signiﬁcat</strong></span> <span class='ocrx_word' id='word_1_33' title='bbox 937 760 1126 811; x_wconf 90' lang='lat' dir='ltr'><strong>autem</strong></span> <span class='ocrx_word' id='word_1_34' title='bbox 1177 754 1545 825; x_wconf 85' lang='lat' dir='ltr'><strong>Evangelista</strong></span> <span class='ocrx_word' id='word_1_35' title='bbox 1584 760 1640 809; x_wconf 91' lang='lat' dir='ltr'><strong>et</strong></span> <span class='ocrx_word' id='word_1_36' title='bbox 1696 759 1932 824; x_wconf 79' lang='lat' dir='ltr'><strong>tempus</strong></span> <span class='ocrx_word' id='word_1_37' title='bbox 1971 750 2242 813; x_wconf 68' lang='lat' dir='ltr'><strong>Ctesaris,</strong></span> 
     </span>
    </p>
   </div>
   <div class='ocr_carea' id='block_1_9' title="bbox 591 838 2243 916">
    <p class='ocr_par' dir='ltr' id='par_1_9' title="bbox 591 838 2243 916">
     <span class='ocr_line' id='line_1_9' title="bbox 591 838 2243 916; baseline -0.002 -17"><span class='ocrx_word' id='word_1_38' title='bbox 591 844 697 916; x_wconf 88' lang='lat' dir='ltr'><strong>qui</strong></span> <span class='ocrx_word' id='word_1_39' title='bbox 729 850 868 899; x_wconf 91' lang='lat' dir='ltr'><strong>tunc</strong></span> <span class='ocrx_word' id='word_1_40' title='bbox 916 843 1276 915; x_wconf 86' lang='lat' dir='ltr'><strong>imperabat,</strong></span> <span class='ocrx_word' id='word_1_41' title='bbox 1300 850 1358 899; x_wconf 91' lang='lat' dir='ltr'><strong>et</strong></span> <span class='ocrx_word' id='word_1_42' title='bbox 1382 842 1726 915; x_wconf 63' lang='lat' dir='ltr'><strong>praesidum,</strong></span> <span class='ocrx_word' id='word_1_43' title='bbox 1762 858 1928 896; x_wconf 86' lang='lat' dir='ltr'><strong>more</strong></span> <span class='ocrx_word' id='word_1_44' title='bbox 1960 838 2243 897; x_wconf 70' lang='lat' dir='ltr'><strong>historias.</strong></span> 
     </span>
    </p>
   </div>
   <div class='ocr_carea' id='block_1_10' title="bbox 594 931 1490 989">
    <p class='ocr_par' dir='ltr' id='par_1_10' title="bbox 594 931 1490 989">
     <span class='ocr_line' id='line_1_10' title="bbox 594 931 1490 989; baseline -0.002 0"><span class='ocrx_word' id='word_1_45' title='bbox 594 932 655 989; x_wconf 92' lang='lat' dir='ltr'><strong>ld</strong></span> <span class='ocrx_word' id='word_1_46' title='bbox 679 932 841 989; x_wconf 90' lang='lat' dir='ltr'><strong>enim</strong></span> <span class='ocrx_word' id='word_1_47' title='bbox 865 931 1158 988; x_wconf 82' lang='lat' dir='ltr'><strong>historicis</strong></span> <span class='ocrx_word' id='word_1_48' title='bbox 1189 948 1311 988; x_wconf 90' lang='lat' dir='ltr'><strong>mos</strong></span> <span class='ocrx_word' id='word_1_49' title='bbox 1339 938 1490 988; x_wconf 88' lang='lat' dir='ltr'><strong>erat.</strong></span> 
     </span>
    </p>
   </div>
   <div class='ocr_carea' id='block_1_11' title="bbox 664 1124 2245 1184">
    <p class='ocr_par' dir='ltr' id='par_1_11' title="bbox 664 1124 2245 1184">
     <span class='ocr_line' id='line_1_11' title="bbox 664 1124 2245 1184; baseline -0.003 -1"><span class='ocrx_word' id='word_1_50' title='bbox 664 1130 845 1184; x_wconf 78' lang='lat' dir='ltr'><strong>Vers.</strong></span> <span class='ocrx_word' id='word_1_51' title='bbox 886 1133 905 1183; x_wconf 82' lang='grc'>1</span> <span class='ocrx_word' id='word_1_52' title='bbox 947 1170 960 1183; x_wconf 95' lang='grc'><strong>.</strong></span> <span class='ocrx_word' id='word_1_53' title='bbox 1003 1127 1261 1183; x_wconf 60' lang='lat' dir='ltr'><strong>Prasiae</strong></span> <span class='ocrx_word' id='word_1_54' title='bbox 1293 1159 1357 1169; x_wconf 96' lang='lat'><strong>—</strong></span> <span class='ocrx_word' id='word_1_55' title='bbox 1390 1127 1695 1183; x_wconf 81' lang='lat' dir='ltr'><strong>tetrareha</strong></span> <span class='ocrx_word' id='word_1_56' title='bbox 1726 1127 1807 1180; x_wconf 89' lang='lat' dir='ltr'><strong>De</strong></span> <span class='ocrx_word' id='word_1_57' title='bbox 1846 1124 1939 1180; x_wconf 87' lang='lat' dir='ltr'><strong>his</strong></span> <span class='ocrx_word' id='word_1_58' title='bbox 1982 1126 2245 1181; x_wconf 85' lang='lat' dir='ltr'><strong>accurate</strong></span> 
     </span>
    </p>
   </div>
   <div class='ocr_carea' id='block_1_12' title="bbox 589 1211 2243 1288">
    <p class='ocr_par' dir='ltr' id='par_1_12' title="bbox 589 1211 2243 1288">
     <span class='ocr_line' id='line_1_12' title="bbox 589 1211 2243 1288; baseline -0.003 -17"><span class='ocrx_word' id='word_1_59' title='bbox 589 1215 816 1272; x_wconf 85' lang='lat' dir='ltr'><strong>dictum</strong></span> <span class='ocrx_word' id='word_1_60' title='bbox 859 1221 949 1272; x_wconf 89' lang='lat' dir='ltr'><strong>est</strong></span> <span class='ocrx_word' id='word_1_61' title='bbox 993 1217 1184 1288; x_wconf 89' lang='lat' dir='ltr'><strong>capite</strong></span> <span class='ocrx_word' id='word_1_62' title='bbox 1236 1215 1497 1271; x_wconf 89' lang='lat' dir='ltr'><strong>secundo</strong></span> <span class='ocrx_word' id='word_1_63' title='bbox 1556 1213 1853 1283; x_wconf 81' lang='lat' dir='ltr'><strong>Evangelii</strong></span> <span class='ocrx_word' id='word_1_64' title='bbox 1911 1211 2243 1267; x_wconf 84' lang='lat' dir='ltr'><strong>secundum</strong></span> 
     </span>
    </p>
   </div>
   <div class='ocr_carea' id='block_1_13' title="bbox 591 1302 2240 1375">
    <p class='ocr_par' dir='ltr' id='par_1_13' title="bbox 591 1302 2240 1375">
     <span class='ocr_line' id='line_1_13' title="bbox 591 1302 2240 1375; baseline -0.004 -13"><span class='ocrx_word' id='word_1_65' title='bbox 591 1305 947 1369; x_wconf 69' lang='lat' dir='ltr'><strong>Matthmum,</strong></span> <span class='ocrx_word' id='word_1_66' title='bbox 979 1304 1077 1361; x_wconf 92' lang='lat' dir='ltr'><strong>ubi</strong></span> <span class='ocrx_word' id='word_1_67' title='bbox 1100 1305 1173 1360; x_wconf 90' lang='lat' dir='ltr'><strong>de</strong></span> <span class='ocrx_word' id='word_1_68' title='bbox 1196 1306 1418 1375; x_wconf 83' lang='lat' dir='ltr'><strong>Joseph</strong></span> <span class='ocrx_word' id='word_1_69' title='bbox 1445 1304 1662 1359; x_wconf 82' lang='lat' dir='ltr'><strong>dicitur</strong></span> <span class='ocrx_word' id='word_1_70' title='bbox 1690 1318 1701 1356; x_wconf 89' lang='lat'>:</span> <span class='ocrx_word' id='word_1_71' title='bbox 1738 1302 2001 1357; x_wconf 75' lang='lat' dir='ltr'><strong>Audiens</strong></span> <span class='ocrx_word' id='word_1_72' title='bbox 2023 1308 2240 1364; x_wconf 82' lang='lat' dir='ltr'><strong>autem,</strong></span> 
     </span>
    </p>
   </div>
   <div class='ocr_carea' id='block_1_14' title="bbox 590 1391 2246 1466">
    <p class='ocr_par' dir='ltr' id='par_1_14' title="bbox 590 1391 2246 1466">
     <span class='ocr_line' id='line_1_14' title="bbox 590 1391 2246 1466; baseline -0.003 -17"><span class='ocrx_word' id='word_1_73' title='bbox 590 1395 749 1466; x_wconf 84' lang='lat' dir='ltr'><strong>quod</strong></span> <span class='ocrx_word' id='word_1_74' title='bbox 771 1394 1105 1451; x_wconf 79' lang='lat' dir='ltr'><strong>Archelaus</strong></span> <span class='ocrx_word' id='word_1_75' title='bbox 1131 1400 1405 1464; x_wconf 81' lang='lat' dir='ltr'><strong>regnaret</strong></span> <span class='ocrx_word' id='word_1_76' title='bbox 1442 1393 1505 1449; x_wconf 86' lang='lat' dir='ltr'><strong>in</strong></span> <span class='ocrx_word' id='word_1_77' title='bbox 1535 1393 1742 1449; x_wconf 61' lang='lat' dir='ltr'><strong>Judaa</strong></span> <span class='ocrx_word' id='word_1_78' title='bbox 1766 1407 1877 1460; x_wconf 85' lang='lat' dir='ltr'><strong>pro</strong></span> <span class='ocrx_word' id='word_1_79' title='bbox 1904 1391 2132 1447; x_wconf 85' lang='lat' dir='ltr'><strong>Herode</strong></span> <span class='ocrx_word' id='word_1_80' title='bbox 2143 1406 2246 1459; x_wconf 87' lang='lat' dir='ltr'><strong>pa-</strong></span> 
     </span>
    </p>
   </div>
   <div class='ocr_carea' id='block_1_15' title="bbox 596 1484 1389 1549">
    <p class='ocr_par' dir='ltr' id='par_1_15' title="bbox 596 1484 1389 1549">
     <span class='ocr_line' id='line_1_15' title="bbox 596 1484 1389 1549; baseline -0.004 -9"><span class='ocrx_word' id='word_1_81' title='bbox 596 1492 687 1540; x_wconf 87' lang='lat' dir='ltr'><strong>tre</strong></span> <span class='ocrx_word' id='word_1_82' title='bbox 704 1499 830 1549; x_wconf 85' lang='lat' dir='ltr'><strong>suo,</strong></span> <span class='ocrx_word' id='word_1_83' title='bbox 858 1484 1051 1540; x_wconf 79' lang='lat' dir='ltr'><strong>timuit</strong></span> <span class='ocrx_word' id='word_1_84' title='bbox 1077 1484 1179 1540; x_wconf 78' lang='lat' dir='ltr'><strong>illo</strong></span> <span class='ocrx_word' id='word_1_85' title='bbox 1207 1485 1296 1540; x_wconf 91' lang='lat' dir='ltr'><strong>ire</strong></span> <span class='ocrx_word' id='word_1_86' title='bbox 1321 1484 1389 1537; x_wconf 79' lang='lat'><strong>“.</strong></span> 
     </span>
    </p>
   </div>
   <div class='ocr_carea' id='block_1_16' title="bbox 662 1675 2243 1749">
    <p class='ocr_par' dir='ltr' id='par_1_16' title="bbox 662 1675 2243 1749">
     <span class='ocr_line' id='line_1_16' title="bbox 662 1675 2243 1749; baseline -0.001 -17"><span class='ocrx_word' id='word_1_87' title='bbox 662 1676 833 1733; x_wconf 86' lang='lat' dir='ltr'><strong>Vers.</strong></span> <span class='ocrx_word' id='word_1_88' title='bbox 864 1682 923 1733; x_wconf 98' lang='lat'><strong>2.</strong></span> <span class='ocrx_word' id='word_1_89' title='bbox 948 1677 1159 1733; x_wconf 82' lang='lat' dir='ltr'><strong>Sub—</strong></span> <span class='ocrx_word' id='word_1_90' title='bbox 1192 1677 1436 1749; x_wconf 84' lang='lat' dir='ltr'><strong>Caipha.</strong></span> <span class='ocrx_word' id='word_1_91' title='bbox 1472 1676 1645 1747; x_wconf 78' lang='lat' dir='ltr'><strong>Atqui</strong></span> <span class='ocrx_word' id='word_1_92' title='bbox 1676 1692 1747 1732; x_wconf 90' lang='lat' dir='ltr'><strong>eo</strong></span> <span class='ocrx_word' id='word_1_93' title='bbox 1778 1681 2044 1749; x_wconf 89' lang='lat' dir='ltr'><strong>tempore</strong></span> <span class='ocrx_word' id='word_1_94' title='bbox 2077 1675 2243 1731; x_wconf 87' lang='lat' dir='ltr'><strong>solus</strong></span> 
     </span>
    </p>
   </div>
   <div class='ocr_carea' id='block_1_17' title="bbox 590 1764 2245 1839">
    <p class='ocr_par' dir='ltr' id='par_1_17' title="bbox 590 1764 2245 1839">
     <span class='ocr_line' id='line_1_17' title="bbox 590 1764 2245 1839; baseline -0.002 -17"><span class='ocrx_word' id='word_1_95' title='bbox 590 1767 792 1822; x_wconf 80' lang='lat' dir='ltr'><strong>Annas</strong></span> <span class='ocrx_word' id='word_1_96' title='bbox 809 1766 1075 1839; x_wconf 74' lang='lat' dir='ltr'><strong>pontifex</strong></span> <span class='ocrx_word' id='word_1_97' title='bbox 1107 1773 1232 1822; x_wconf 88' lang='lat' dir='ltr'><strong>erat</strong></span> <span class='ocrx_word' id='word_1_98' title='bbox 1259 1782 1272 1821; x_wconf 91' lang='lat'>:</span> <span class='ocrx_word' id='word_1_99' title='bbox 1304 1766 1561 1837; x_wconf 85' lang='lat' dir='ltr'><strong>Caiphas</strong></span> <span class='ocrx_word' id='word_1_100' title='bbox 1586 1767 1743 1820; x_wconf 88' lang='lat' dir='ltr'><strong>enim</strong></span> <span class='ocrx_word' id='word_1_101' title='bbox 1777 1764 2033 1838; x_wconf 81' lang='lat' dir='ltr'><strong>pontifex</strong></span> <span class='ocrx_word' id='word_1_102' title='bbox 2056 1764 2245 1820; x_wconf 88' lang='lat' dir='ltr'><strong>factus</strong></span> 
     </span>
    </p>
   </div>
   <div class='ocr_carea' id='block_1_18' title="bbox 590 1835 2445 1927">
    <p class='ocr_par' dir='ltr' id='par_1_18' title="bbox 590 1835 2445 1927">
     <span class='ocr_line' id='line_1_18' title="bbox 590 1835 2445 1927; baseline -0.004 -16"><span class='ocrx_word' id='word_1_103' title='bbox 590 1862 678 1912; x_wconf 91' lang='lat' dir='ltr'><strong>est</strong></span> <span class='ocrx_word' id='word_1_104' title='bbox 725 1855 953 1911; x_wconf 84' lang='lat' dir='ltr'><strong>circiter</strong></span> <span class='ocrx_word' id='word_1_105' title='bbox 1008 1872 1260 1920; x_wconf 82' lang='lat' dir='ltr'><strong>annum,</strong></span> <span class='ocrx_word' id='word_1_106' title='bbox 1314 1871 1429 1927; x_wconf 92' lang='lat' dir='ltr'><strong>quo</strong></span> <span class='ocrx_word' id='word_1_107' title='bbox 1472 1855 1792 1910; x_wconf 79' lang='lat' dir='ltr'><strong>cruciﬁxus</strong></span> <span class='ocrx_word' id='word_1_108' title='bbox 1823 1860 1915 1909; x_wconf 88' lang='lat' dir='ltr'><strong>est</strong></span> <span class='ocrx_word' id='word_1_109' title='bbox 1955 1854 2239 1910; x_wconf 76' lang='lat' dir='ltr'><strong>Salvator.</strong></span> <span class='ocrx_word' id='word_1_110' title='bbox 2278 1835 2320 1889; x_wconf 79' lang='grc' dir='ltr'><strong>Β</strong></span> <span class='ocrx_word' id='word_1_111' title='bbox 2355 1854 2445 1894; x_wconf 70' lang='grc' dir='ltr'>νας</span> 
     </span>
    </p>
   </div>
   <div class='ocr_carea' id='block_1_19' title="bbox 591 1944 2243 2016">
    <p class='ocr_par' dir='ltr' id='par_1_19' title="bbox 591 1944 2243 2016">
     <span class='ocr_line' id='line_1_19' title="bbox 591 1944 2243 2016; baseline -0.002 -15"><span class='ocrx_word' id='word_1_112' title='bbox 591 1945 807 2001; x_wconf 85' lang='lat' dir='ltr'><strong>Verum</strong></span> <span class='ocrx_word' id='word_1_113' title='bbox 828 1945 1204 2015; x_wconf 85' lang='lat' dir='ltr'><strong>Evangelista</strong></span> <span class='ocrx_word' id='word_1_114' title='bbox 1230 1945 1608 2015; x_wconf 73' lang='lat' dir='ltr'><strong>conjunxntet</strong></span> <span class='ocrx_word' id='word_1_115' title='bbox 1632 1944 2243 2016; x_wconf 86' lang='lat' dir='ltr'><strong>Caipham,tanquam</strong></span> 
     </span>
    </p>
   </div>
   <div class='ocr_carea' id='block_1_20' title="bbox 592 2033 2243 2105">
    <p class='ocr_par' dir='ltr' id='par_1_20' title="bbox 592 2033 2243 2105">
     <span class='ocr_line' id='line_1_20' title="bbox 592 2033 2243 2105; baseline -0.001 -16"><span class='ocrx_word' id='word_1_116' title='bbox 592 2033 953 2105; x_wconf 90' lang='lat' dir='ltr'><strong>adjutorem.</strong></span> <span class='ocrx_word' id='word_1_117' title='bbox 1010 2036 1141 2090; x_wconf 88' lang='lat' dir='ltr'><strong>Erat</strong></span> <span class='ocrx_word' id='word_1_118' title='bbox 1166 2034 1321 2089; x_wconf 88' lang='lat' dir='ltr'><strong>enim</strong></span> <span class='ocrx_word' id='word_1_119' title='bbox 1366 2048 1545 2105; x_wconf 83' lang='lat' dir='ltr'><strong>gener</strong></span> <span class='ocrx_word' id='word_1_120' title='bbox 1576 2033 1726 2103; x_wconf 86' lang='lat' dir='ltr'><strong>ejus,</strong></span> <span class='ocrx_word' id='word_1_121' title='bbox 1757 2038 1813 2088; x_wconf 92' lang='lat' dir='ltr'><strong>et</strong></span> <span class='ocrx_word' id='word_1_122' title='bbox 1859 2048 2243 2088; x_wconf 84' lang='lat' dir='ltr'><strong>communem</strong></span> 
     </span>
    </p>
   </div>
   <div class='ocr_carea' id='block_1_21' title="bbox 591 2120 2245 2194">
    <p class='ocr_par' dir='ltr' id='par_1_21' title="bbox 591 2120 2245 2194">
     <span class='ocr_line' id='line_1_21' title="bbox 591 2120 2245 2194; baseline -0.001 -16"><span class='ocrx_word' id='word_1_123' title='bbox 591 2123 742 2178; x_wconf 90' lang='lat' dir='ltr'><strong>inter</strong></span> <span class='ocrx_word' id='word_1_124' title='bbox 757 2138 884 2178; x_wconf 88' lang='lat' dir='ltr'><strong>sese</strong></span> <span class='ocrx_word' id='word_1_125' title='bbox 902 2122 1392 2192; x_wconf 83' lang='lat' dir='ltr'><strong>gubernationem</strong></span> <span class='ocrx_word' id='word_1_126' title='bbox 1416 2123 1542 2194; x_wconf 79' lang='lat' dir='ltr'><strong>(Ith)</strong></span> <span class='ocrx_word' id='word_1_127' title='bbox 1562 2122 1882 2186; x_wconf 83' lang='lat' dir='ltr'><strong>habebant,</strong></span> <span class='ocrx_word' id='word_1_128' title='bbox 1909 2122 2081 2178; x_wconf 90' lang='lat' dir='ltr'><strong>veluti</strong></span> <span class='ocrx_word' id='word_1_129' title='bbox 2096 2120 2245 2177; x_wconf 83' lang='lat' dir='ltr'><strong>dixi-</strong></span> 
     </span>
    </p>
   </div>
   <div class='ocr_carea' id='block_1_22' title="bbox 592 2211 2244 2285">
    <p class='ocr_par' dir='ltr' id='par_1_22' title="bbox 592 2211 2244 2285">
     <span class='ocr_line' id='line_1_22' title="bbox 592 2211 2244 2285; baseline -0.001 -18"><span class='ocrx_word' id='word_1_130' title='bbox 592 2227 726 2267; x_wconf 91' lang='lat' dir='ltr'><strong>mus</strong></span> <span class='ocrx_word' id='word_1_131' title='bbox 748 2211 1124 2282; x_wconf 77' lang='lat' dir='ltr'><strong>sexagesimo</strong></span> <span class='ocrx_word' id='word_1_132' title='bbox 1140 2213 1349 2285; x_wconf 92' lang='lat' dir='ltr'><strong>quinto</strong></span> <span class='ocrx_word' id='word_1_133' title='bbox 1366 2213 1536 2281; x_wconf 81' lang='lat' dir='ltr'><strong>juxta</strong></span> <span class='ocrx_word' id='word_1_134' title='bbox 1549 2212 1885 2268; x_wconf 75' lang='lat' dir='ltr'><strong>Matthaeum</strong></span> <span class='ocrx_word' id='word_1_135' title='bbox 1900 2211 2119 2284; x_wconf 87' lang='lat' dir='ltr'><strong>capite,</strong></span> <span class='ocrx_word' id='word_1_136' title='bbox 2144 2212 2244 2268; x_wconf 91' lang='lat' dir='ltr'><strong>ubi</strong></span> 
     </span>
    </p>
   </div>
   <div class='ocr_carea' id='block_1_23' title="bbox 590 2299 2243 2371">
    <p class='ocr_par' dir='ltr' id='par_1_23' title="bbox 590 2299 2243 2371">
     <span class='ocr_line' id='line_1_23' title="bbox 590 2299 2243 2371; baseline -0.001 -16"><span class='ocrx_word' id='word_1_137' title='bbox 590 2299 664 2355; x_wconf 93' lang='lat' dir='ltr'><strong>de</strong></span> <span class='ocrx_word' id='word_1_138' title='bbox 717 2299 889 2357; x_wconf 87' lang='lat' dir='ltr'><strong>Petro</strong></span> <span class='ocrx_word' id='word_1_139' title='bbox 935 2300 1290 2357; x_wconf 79' lang='lat' dir='ltr'><strong>diciturzEt</strong></span> <span class='ocrx_word' id='word_1_140' title='bbox 1327 2302 1623 2371; x_wconf 84' lang='lat' dir='ltr'><strong>ingressus</strong></span> <span class='ocrx_word' id='word_1_141' title='bbox 1672 2303 1827 2356; x_wconf 87' lang='lat' dir='ltr'><strong>intro</strong></span> <span class='ocrx_word' id='word_1_142' title='bbox 1855 2301 2087 2356; x_wconf 80' lang='lat' dir='ltr'><strong>sedebat</strong></span> <span class='ocrx_word' id='word_1_143' title='bbox 2116 2317 2243 2355; x_wconf 84' lang='lat' dir='ltr'><strong>cum</strong></span> 
     </span>
    </p>
   </div>
   <div class='ocr_carea' id='block_1_24' title="bbox 588 2388 2243 2461">
    <p class='ocr_par' dir='ltr' id='par_1_24' title="bbox 588 2388 2243 2461">
     <span class='ocr_line' id='line_1_24' title="bbox 588 2388 2243 2461; baseline -0.001 -16"><span class='ocrx_word' id='word_1_144' title='bbox 588 2390 876 2446; x_wconf 71' lang='lat' dir='ltr'><strong>ministris</strong></span> <span class='ocrx_word' id='word_1_145' title='bbox 906 2393 974 2445; x_wconf 81' lang='grc'><strong>³³.</strong></span> <span class='ocrx_word' id='word_1_146' title='bbox 1001 2388 1305 2461; x_wconf 78' lang='lat' dir='ltr'><strong>Siquidem</strong></span> <span class='ocrx_word' id='word_1_147' title='bbox 1364 2391 1543 2445; x_wconf 89' lang='lat' dir='ltr'><strong>etiam</strong></span> <span class='ocrx_word' id='word_1_148' title='bbox 1603 2390 1807 2445; x_wconf 89' lang='lat' dir='ltr'><strong>Annas</strong></span> <span class='ocrx_word' id='word_1_149' title='bbox 1852 2388 2243 2461; x_wconf 87' lang='lat' dir='ltr'><strong>postmodum</strong></span> 
     </span>
    </p>
   </div>
   <div class='ocr_carea' id='block_1_25' title="bbox 589 2477 1976 2553">
    <p class='ocr_par' dir='ltr' id='par_1_25' title="bbox 589 2477 1976 2553">
     <span class='ocr_line' id='line_1_25' title="bbox 589 2477 1976 2553; baseline -0.001 -19"><span class='ocrx_word' id='word_1_150' title='bbox 589 2478 996 2550; x_wconf 83' lang='lat' dir='ltr'><strong>opitulabatur</strong></span> <span class='ocrx_word' id='word_1_151' title='bbox 1023 2479 1261 2553; x_wconf 68' lang='lat' dir='ltr'><strong>Caiphae</strong></span> <span class='ocrx_word' id='word_1_152' title='bbox 1292 2479 1351 2535; x_wconf 87' lang='lat' dir='ltr'><strong>in</strong></span> <span class='ocrx_word' id='word_1_153' title='bbox 1383 2477 1728 2550; x_wconf 81' lang='lat' dir='ltr'><strong>pontiﬁcatu</strong></span> <span class='ocrx_word' id='word_1_154' title='bbox 1767 2478 1976 2552; x_wconf 88' lang='lat' dir='ltr'><strong>ipsius.</strong></span> 
     </span>
    </p>
   </div>
   <div class='ocr_carea' id='block_1_26' title="bbox 660 2726 2245 2794">
    <p class='ocr_par' dir='ltr' id='par_1_26' title="bbox 660 2726 2245 2794">
     <span class='ocr_line' id='line_1_26' title="bbox 660 2726 2245 2794; baseline 0.001 -12"><span class='ocrx_word' id='word_1_155' title='bbox 660 2730 827 2786; x_wconf 89' lang='lat' dir='ltr'><strong>Vers.</strong></span> <span class='ocrx_word' id='word_1_156' title='bbox 860 2729 1161 2784; x_wconf 86' lang='lat' dir='ltr'><strong>2Faetum</strong></span> <span class='ocrx_word' id='word_1_157' title='bbox 1188 2728 1543 2784; x_wconf 71' lang='lat' dir='ltr'><strong>est—Vera.</strong></span> <span class='ocrx_word' id='word_1_158' title='bbox 1574 2731 1629 2784; x_wconf 88' lang='lat'>3.</span> <span class='ocrx_word' id='word_1_159' title='bbox 1659 2726 1999 2785; x_wconf 72' lang='lat' dir='ltr'><strong>Iordanem.</strong></span> <span class='ocrx_word' id='word_1_160' title='bbox 2037 2729 2245 2794; x_wconf 78' lang='lat' dir='ltr'><strong>Quaere</strong></span> 
     </span>
    </p>
   </div>
   <div class='ocr_carea' id='block_1_27' title="bbox 588 2815 2244 2888">
    <p class='ocr_par' dir='ltr' id='par_1_27' title="bbox 588 2815 2244 2888">
     <span class='ocr_line' id='line_1_27' title="bbox 588 2815 2244 2888; baseline 0 -16"><span class='ocrx_word' id='word_1_161' title='bbox 588 2817 758 2872; x_wconf 87' lang='lat' dir='ltr'><strong>tertio</strong></span> <span class='ocrx_word' id='word_1_162' title='bbox 770 2817 961 2888; x_wconf 88' lang='lat' dir='ltr'><strong>capite</strong></span> <span class='ocrx_word' id='word_1_163' title='bbox 986 2816 1287 2884; x_wconf 81' lang='lat' dir='ltr'><strong>Evangelii</strong></span> <span class='ocrx_word' id='word_1_164' title='bbox 1312 2815 1639 2871; x_wconf 88' lang='lat' dir='ltr'><strong>secundum</strong></span> <span class='ocrx_word' id='word_1_165' title='bbox 1656 2816 1987 2872; x_wconf 73' lang='lat' dir='ltr'><strong>Matthaeum</strong></span> <span class='ocrx_word' id='word_1_166' title='bbox 2015 2817 2244 2872; x_wconf 86' lang='lat' dir='ltr'><strong>dictum</strong></span> 
     </span>
    </p>
   </div>
   <div class='ocr_carea' id='block_1_28' title="bbox 587 2905 2245 2977">
    <p class='ocr_par' dir='ltr' id='par_1_28' title="bbox 587 2905 2245 2977">
     <span class='ocr_line' id='line_1_28' title="bbox 587 2905 2245 2977; baseline -0.001 -15"><span class='ocrx_word' id='word_1_167' title='bbox 587 2905 733 2962; x_wconf 85' lang='lat' dir='ltr'><strong>illud</strong></span> <span class='ocrx_word' id='word_1_168' title='bbox 763 2922 776 2961; x_wconf 90' lang='lat'><strong>:</strong></span> <span class='ocrx_word' id='word_1_169' title='bbox 800 2906 869 2961; x_wconf 88' lang='lat' dir='ltr'><strong>In</strong></span> <span class='ocrx_word' id='word_1_170' title='bbox 897 2905 1097 2962; x_wconf 82' lang='lat' dir='ltr'><strong>diebus</strong></span> <span class='ocrx_word' id='word_1_171' title='bbox 1118 2905 1236 2961; x_wconf 83' lang='lat' dir='ltr'><strong>illis</strong></span> <span class='ocrx_word' id='word_1_172' title='bbox 1255 2907 1409 2962; x_wconf 88' lang='lat' dir='ltr'><strong>venit</strong></span> <span class='ocrx_word' id='word_1_173' title='bbox 1435 2907 1690 2963; x_wconf 79' lang='lat' dir='ltr'><strong>Joannes</strong></span> <span class='ocrx_word' id='word_1_174' title='bbox 1719 2907 2002 2977; x_wconf 77' lang='lat' dir='ltr'><strong>Baptista,</strong></span> <span class='ocrx_word' id='word_1_175' title='bbox 2024 2906 2245 2977; x_wconf 54' lang='lat' dir='ltr'><strong>pradi-</strong></span> 
     </span>
    </p>
   </div>
   <div class='ocr_carea' id='block_1_29' title="bbox 2351 569 3962 643">
    <p class='ocr_par' dir='ltr' id='par_1_29' title="bbox 2351 569 3962 643">
     <span class='ocr_line' id='line_1_29' title="bbox 2351 569 3962 643; baseline 0.001 -23"><span class='ocrx_word' id='word_1_176' title='bbox 2351 573 2619 621; x_wconf 75' lang='grc' dir='ltr'><strong>τουτέστιν</strong></span> <span class='ocrx_word' id='word_1_177' title='bbox 2649 569 3003 642; x_wconf 71' lang='grc' dir='ltr'>αὐτοκράτωρ.</span> <span class='ocrx_word' id='word_1_178' title='bbox 3030 574 3155 620; x_wconf 85' lang='grc' dir='ltr'><strong>Τότε</strong></span> <span class='ocrx_word' id='word_1_179' title='bbox 3185 570 3275 638; x_wconf 66' lang='grc' dir='ltr'><strong>μεν</strong></span> <span class='ocrx_word' id='word_1_180' title='bbox 3304 570 3407 643; x_wconf 76' lang='grc' dir='ltr'><strong>γὰρ</strong></span> <span class='ocrx_word' id='word_1_181' title='bbox 3449 569 3475 620; x_wconf 81' lang='grc' dir='ltr'><strong><em>ὁ</em></strong></span> <span class='ocrx_word' id='word_1_182' title='bbox 3509 576 3715 643; x_wconf 73' lang='grc' dir='ltr'>Καῖσαρ</span> <span class='ocrx_word' id='word_1_183' title='bbox 3766 572 3962 642; x_wconf 77' lang='grc' dir='ltr'>μείζων</span> 
     </span>
    </p>
   </div>
   <div class='ocr_carea' id='block_1_30' title="bbox 2355 653 3960 732">
    <p class='ocr_par' dir='ltr' id='par_1_30' title="bbox 2355 653 3960 732">
     <span class='ocr_line' id='line_1_30' title="bbox 2355 653 3960 732; baseline 0.002 -24"><span class='ocrx_word' id='word_1_184' title='bbox 2355 655 2414 716; x_wconf 72' lang='grc' dir='ltr'><strong>ἦν</strong></span> <span class='ocrx_word' id='word_1_185' title='bbox 2446 677 2535 710; x_wconf 84' lang='grc' dir='ltr'><strong>του</strong></span> <span class='ocrx_word' id='word_1_186' title='bbox 2565 656 2841 730; x_wconf 81' lang='grc' dir='ltr'>βασιλέως·</span> <span class='ocrx_word' id='word_1_187' title='bbox 2876 658 3091 728; x_wconf 68' lang='grc' dir='ltr'>ὕστερον</span> <span class='ocrx_word' id='word_1_188' title='bbox 3126 653 3185 708; x_wconf 66' lang='grc' dir='ltr'><em>δὲ</em></span> <span class='ocrx_word' id='word_1_189' title='bbox 3231 660 3289 707; x_wconf 87' lang='grc' dir='ltr'>τὸ</span> <span class='ocrx_word' id='word_1_190' title='bbox 3321 666 3412 709; x_wconf 78' lang='grc' dir='ltr'><strong>του</strong></span> <span class='ocrx_word' id='word_1_191' title='bbox 3456 663 3721 732; x_wconf 83' lang='grc' dir='ltr'>Καίσαρος</span> <span class='ocrx_word' id='word_1_192' title='bbox 3772 658 3960 712; x_wconf 69' lang='grc' dir='ltr'>ὐπεϐι-</span> 
     </span>
    </p>
   </div>
   <div class='ocr_carea' id='block_1_31' title="bbox 2354 742 3958 821">
    <p class='ocr_par' dir='ltr' id='par_1_31' title="bbox 2354 742 3958 821">
     <span class='ocr_line' id='line_1_31' title="bbox 2354 742 3958 821; baseline 0.001 -22"><span class='ocrx_word' id='word_1_193' title='bbox 2354 746 2526 805; x_wconf 78' lang='grc' dir='ltr'>ϐάσθη</span> <span class='ocrx_word' id='word_1_194' title='bbox 2594 747 2817 818; x_wconf 80' lang='grc' dir='ltr'>ἀξίωμα.</span> <span class='ocrx_word' id='word_1_195' title='bbox 2877 752 3342 820; x_wconf 81' lang='grc' dir='ltr'>Παρασημειοῦται</span> <span class='ocrx_word' id='word_1_196' title='bbox 3400 742 3459 798; x_wconf 70' lang='grc' dir='ltr'><strong>δε</strong></span> <span class='ocrx_word' id='word_1_197' title='bbox 3497 751 3585 798; x_wconf 81' lang='grc' dir='ltr'>τὸν</span> <span class='ocrx_word' id='word_1_198' title='bbox 3630 752 3813 821; x_wconf 81' lang='grc' dir='ltr'>καιρὸν</span> <span class='ocrx_word' id='word_1_199' title='bbox 3863 754 3958 800; x_wconf 71' lang='grc' dir='ltr'>τοῦ</span> 
     </span>
    </p>
   </div>
   <div class='ocr_carea' id='block_1_32' title="bbox 2353 837 3958 909">
    <p class='ocr_par' dir='ltr' id='par_1_32' title="bbox 2353 837 3958 909">
     <span class='ocr_line' id='line_1_32' title="bbox 2353 837 3958 909; baseline 0.002 -22"><span class='ocrx_word' id='word_1_200' title='bbox 2353 855 2406 888; x_wconf 91' lang='grc' dir='ltr'>τε</span> <span class='ocrx_word' id='word_1_201' title='bbox 2436 844 2721 893; x_wconf 76' lang='grc' dir='ltr'>τηνικαῦτα</span> <span class='ocrx_word' id='word_1_202' title='bbox 2750 841 3033 909; x_wconf 75' lang='grc' dir='ltr'>Καίσαρος,</span> <span class='ocrx_word' id='word_1_203' title='bbox 3089 839 3180 886; x_wconf 80' lang='grc' dir='ltr'><strong>καὶ</strong></span> <span class='ocrx_word' id='word_1_204' title='bbox 3223 844 3323 886; x_wconf 76' lang='grc' dir='ltr'>τῶν</span> <span class='ocrx_word' id='word_1_205' title='bbox 3365 837 3630 906; x_wconf 73' lang='grc' dir='ltr'>ἡγεμόνων</span> <span class='ocrx_word' id='word_1_206' title='bbox 3662 838 3688 888; x_wconf 88' lang='grc' dir='ltr'><strong><em>ὁ</em></strong></span> <span class='ocrx_word' id='word_1_207' title='bbox 3745 837 3958 909; x_wconf 73' lang='grc' dir='ltr'><strong>ίῦαγγε-</strong></span> 
     </span>
    </p>
   </div>
   <div class='ocr_carea' id='block_1_33' title="bbox 2352 922 3958 1000">
    <p class='ocr_par' dir='ltr' id='par_1_33' title="bbox 2352 922 3958 1000">
     <span class='ocr_line' id='line_1_33' title="bbox 2352 922 3958 1000; baseline 0.002 -26"><span class='ocrx_word' id='word_1_208' title='bbox 2352 925 2552 989; x_wconf 69' lang='grc' dir='ltr'>λιστός,</span> <span class='ocrx_word' id='word_1_209' title='bbox 2586 931 2724 996; x_wconf 81' lang='grc' dir='ltr'>νόμῳ</span> <span class='ocrx_word' id='word_1_210' title='bbox 2757 927 3017 996; x_wconf 79' lang='grc' dir='ltr'>ἱστορίας.</span> <span class='ocrx_word' id='word_1_211' title='bbox 3072 922 3220 983; x_wconf 80' lang='grc' dir='ltr'>Ἕθος</span> <span class='ocrx_word' id='word_1_212' title='bbox 3249 926 3348 998; x_wconf 75' lang='grc' dir='ltr'><strong>γὰρ</strong></span> <span class='ocrx_word' id='word_1_213' title='bbox 3408 932 3561 977; x_wconf 78' lang='grc' dir='ltr'>τουτο</span> <span class='ocrx_word' id='word_1_214' title='bbox 3591 933 3701 987; x_wconf 84' lang='grc' dir='ltr'>τοῖς</span> <span class='ocrx_word' id='word_1_215' title='bbox 3760 928 3958 1000; x_wconf 83' lang='grc' dir='ltr'>ἱστορι-</span> 
     </span>
    </p>
   </div>
   <div class='ocr_carea' id='block_1_34' title="bbox 2354 1032 2483 1074">
    <p class='ocr_par' dir='ltr' id='par_1_34' title="bbox 2354 1032 2483 1074">
     <span class='ocr_line' id='line_1_34' title="bbox 2354 1032 2483 1074; baseline -0.008 -9"><span class='ocrx_word' id='word_1_216' title='bbox 2354 1032 2483 1074; x_wconf 88' lang='grc' dir='ltr'>κοις.</span> 
     </span>
    </p>
   </div>
   <div class='ocr_carea' id='block_1_35' title="bbox 2424 1120 3949 1194">
    <p class='ocr_par' dir='ltr' id='par_1_35' title="bbox 2424 1120 3949 1194">
     <span class='ocr_line' id='line_1_35' title="bbox 2424 1120 3949 1194; baseline 0 -22"><span class='ocrx_word' id='word_1_217' title='bbox 2424 1120 2837 1191; x_wconf 73' lang='grc' dir='ltr'>Ἠγεμονεύοντος</span> <span class='ocrx_word' id='word_1_218' title='bbox 2922 1150 2990 1159; x_wconf 91' lang='lat'><strong>—</strong></span> <span class='ocrx_word' id='word_1_219' title='bbox 3055 1127 3488 1193; x_wconf 80' lang='grc' dir='ltr'>τετραρχοῦντος.</span> <span class='ocrx_word' id='word_1_220' title='bbox 3545 1123 3764 1194; x_wconf 79' lang='grc' dir='ltr'>Είρηται</span> <span class='ocrx_word' id='word_1_221' title='bbox 3836 1124 3949 1192; x_wconf 76' lang='grc' dir='ltr'>περὶ</span> 
     </span>
    </p>
   </div>
   <div class='ocr_carea' id='block_1_36' title="bbox 2353 1204 3955 1283">
    <p class='ocr_par' dir='ltr' id='par_1_36' title="bbox 2353 1204 3955 1283">
     <span class='ocr_line' id='line_1_36' title="bbox 2353 1204 3955 1283; baseline 0.001 -23"><span class='ocrx_word' id='word_1_222' title='bbox 2353 1229 2549 1261; x_wconf 83' lang='grc' dir='ltr'>τουτων</span> <span class='ocrx_word' id='word_1_223' title='bbox 2604 1208 2830 1283; x_wconf 78' lang='grc' dir='ltr'>ἀκριϐῶς</span> <span class='ocrx_word' id='word_1_224' title='bbox 2883 1207 2931 1260; x_wconf 73' lang='grc' dir='ltr'><strong><em>ἓν</em></strong></span> <span class='ocrx_word' id='word_1_225' title='bbox 2989 1226 3061 1261; x_wconf 87' lang='grc' dir='ltr'><strong>τω</strong></span> <span class='ocrx_word' id='word_1_226' title='bbox 3101 1204 3327 1281; x_wconf 74' lang='grc' dir='ltr'>δευτέρῳ</span> <span class='ocrx_word' id='word_1_227' title='bbox 3374 1214 3634 1281; x_wconf 63' lang='grc' dir='ltr'>κεφαλαίῳ</span> <span class='ocrx_word' id='word_1_228' title='bbox 3680 1218 3773 1263; x_wconf 82' lang='grc' dir='ltr'>τοῦ</span> <span class='ocrx_word' id='word_1_229' title='bbox 3820 1211 3955 1261; x_wconf 84' lang='grc' dir='ltr'>κατὰ</span> 
     </span>
    </p>
   </div>
   <div class='ocr_carea' id='block_1_37' title="bbox 2354 1296 3955 1371">
    <p class='ocr_par' dir='ltr' id='par_1_37' title="bbox 2354 1296 3955 1371">
     <span class='ocr_line' id='line_1_37' title="bbox 2354 1296 3955 1371; baseline 0 -20"><span class='ocrx_word' id='word_1_230' title='bbox 2354 1300 2639 1361; x_wconf 62' lang='lat' dir='ltr'><strong>Mai-Gaiae,</strong></span> <span class='ocrx_word' id='word_1_231' title='bbox 2673 1299 2795 1349; x_wconf 76' lang='grc' dir='ltr'>ἔνθα</span> <span class='ocrx_word' id='word_1_232' title='bbox 2823 1305 2991 1349; x_wconf 84' lang='grc' dir='ltr'>κεῖται</span> <span class='ocrx_word' id='word_1_233' title='bbox 3048 1303 3167 1370; x_wconf 81' lang='grc' dir='ltr'>περὶ</span> <span class='ocrx_word' id='word_1_234' title='bbox 3218 1306 3313 1349; x_wconf 82' lang='grc' dir='ltr'><strong>του</strong></span> <span class='ocrx_word' id='word_1_235' title='bbox 3351 1296 3547 1371; x_wconf 69' lang='grc' dir='ltr'>Ἰωσὴφ</span> <span class='ocrx_word' id='word_1_236' title='bbox 3602 1303 3661 1350; x_wconf 86' lang='grc' dir='ltr'>τό</span> <span class='ocrx_word' id='word_1_237' title='bbox 3707 1313 3721 1326; x_wconf 84' lang='grc'><em>’</em></span> <span class='ocrx_word' id='word_1_238' title='bbox 3784 1302 3955 1352; x_wconf 81' lang='grc' dir='ltr'>Λκού-</span> 
     </span>
    </p>
   </div>
   <div class='ocr_carea' id='block_1_38' title="bbox 2356 1384 3956 1459">
    <p class='ocr_par' dir='ltr' id='par_1_38' title="bbox 2356 1384 3956 1459">
     <span class='ocr_line' id='line_1_38' title="bbox 2356 1384 3956 1459; baseline -0.001 -19"><span class='ocrx_word' id='word_1_239' title='bbox 2356 1407 2451 1449; x_wconf 85' lang='grc' dir='ltr'><strong>σας</strong></span> <span class='ocrx_word' id='word_1_240' title='bbox 2484 1385 2541 1439; x_wconf 70' lang='grc' dir='ltr'><strong>δὲ</strong></span> <span class='ocrx_word' id='word_1_241' title='bbox 2586 1390 2662 1439; x_wconf 84' lang='grc' dir='ltr'>ὅτι</span> <span class='ocrx_word' id='word_1_242' title='bbox 2716 1385 2997 1459; x_wconf 80' lang='grc' dir='ltr'>Ἀρχίλαος</span> <span class='ocrx_word' id='word_1_243' title='bbox 3046 1385 3313 1459; x_wconf 67' lang='grc' dir='ltr'>βασιλεύει</span> <span class='ocrx_word' id='word_1_244' title='bbox 3376 1389 3495 1457; x_wconf 78' lang='grc'>(75)</span> <span class='ocrx_word' id='word_1_245' title='bbox 3547 1396 3640 1447; x_wconf 83' lang='grc' dir='ltr'>τῆς</span> <span class='ocrx_word' id='word_1_246' title='bbox 3693 1384 3956 1449; x_wconf 78' lang='grc' dir='ltr'>Ἰουδαίας</span> 
     </span>
    </p>
   </div>
   <div class='ocr_carea' id='block_1_39' title="bbox 2352 1472 3955 1550">
    <p class='ocr_par' dir='ltr' id='par_1_39' title="bbox 2352 1472 3955 1550">
     <span class='ocr_line' id='line_1_39' title="bbox 2352 1472 3955 1550; baseline -0.001 -21"><span class='ocrx_word' id='word_1_247' title='bbox 2352 1475 2467 1529; x_wconf 78' lang='grc' dir='ltr'>ἀντὶ</span> <span class='ocrx_word' id='word_1_248' title='bbox 2512 1472 2750 1549; x_wconf 76' lang='grc' dir='ltr'>Ἡρώδου</span> <span class='ocrx_word' id='word_1_249' title='bbox 2799 1484 2892 1527; x_wconf 77' lang='grc' dir='ltr'>τοῦ</span> <span class='ocrx_word' id='word_1_250' title='bbox 2934 1479 3132 1550; x_wconf 82' lang='grc' dir='ltr'>πατρὸς</span> <span class='ocrx_word' id='word_1_251' title='bbox 3181 1476 3364 1542; x_wconf 75' lang='grc' dir='ltr'>αὐτοῦ,</span> <span class='ocrx_word' id='word_1_252' title='bbox 3411 1475 3639 1548; x_wconf 72' lang='grc' dir='ltr'><strong>ἐφοϐήθη</strong></span> <span class='ocrx_word' id='word_1_253' title='bbox 3671 1476 3778 1529; x_wconf 72' lang='grc' dir='ltr'>ἐκεῖ</span> <span class='ocrx_word' id='word_1_254' title='bbox 3806 1476 3955 1530; x_wconf 55' lang='lat' dir='ltr'><strong>and-</strong></span> 
     </span>
    </p>
   </div>
   <div class='ocr_carea' id='block_1_40' title="bbox 2357 1569 2479 1618">
    <p class='ocr_par' dir='ltr' id='par_1_40' title="bbox 2357 1569 2479 1618">
     <span class='ocr_line' id='line_1_40' title="bbox 2357 1569 2479 1618; baseline -0.008 0"><span class='ocrx_word' id='word_1_255' title='bbox 2357 1569 2479 1618; x_wconf 83' lang='grc' dir='ltr'><strong>θεῖν.</strong></span> 
     </span>
    </p>
   </div>
   <div class='ocr_carea' id='block_1_41' title="bbox 2424 1655 3952 1727">
    <p class='ocr_par' dir='ltr' id='par_1_41' title="bbox 2424 1655 3952 1727">
     <span class='ocr_line' id='line_1_41' title="bbox 2424 1655 3952 1727; baseline 0 -21"><span class='ocrx_word' id='word_1_256' title='bbox 2424 1656 2542 1706; x_wconf 82' lang='grc' dir='ltr'><strong>Ἐπί</strong></span> <span class='ocrx_word' id='word_1_257' title='bbox 2620 1685 2686 1693; x_wconf 94' lang='grc'><strong><em>-</em></strong></span> <span class='ocrx_word' id='word_1_258' title='bbox 2771 1655 2998 1725; x_wconf 63' lang='grc' dir='ltr'>Καῑάγα.</span> <span class='ocrx_word' id='word_1_259' title='bbox 3092 1657 3193 1705; x_wconf 76' lang='grc' dir='ltr'><strong>Καὶ</strong></span> <span class='ocrx_word' id='word_1_260' title='bbox 3270 1657 3373 1724; x_wconf 85' lang='grc' dir='ltr'>μὴν</span> <span class='ocrx_word' id='word_1_261' title='bbox 3441 1657 3575 1705; x_wconf 82' lang='grc' dir='ltr'>κατὰ</span> <span class='ocrx_word' id='word_1_262' title='bbox 3627 1657 3715 1705; x_wconf 89' lang='grc' dir='ltr'><strong>τόν</strong></span> <span class='ocrx_word' id='word_1_263' title='bbox 3770 1657 3952 1727; x_wconf 83' lang='grc' dir='ltr'>καιρὸν</span> 
     </span>
    </p>
   </div>
   <div class='ocr_carea' id='block_1_42' title="bbox 2356 1737 3947 1815">
    <p class='ocr_par' dir='ltr' id='par_1_42' title="bbox 2356 1737 3947 1815">
     <span class='ocr_line' id='line_1_42' title="bbox 2356 1737 3947 1815; baseline -0.002 -19"><span class='ocrx_word' id='word_1_264' title='bbox 2356 1745 2539 1797; x_wconf 77' lang='grc' dir='ltr'>ἐκεῖνον</span> <span class='ocrx_word' id='word_1_265' title='bbox 2595 1748 2743 1814; x_wconf 80' lang='grc' dir='ltr'>μόνος</span> <span class='ocrx_word' id='word_1_266' title='bbox 2794 1744 2819 1793; x_wconf 84' lang='grc' dir='ltr'><strong>ό</strong></span> <span class='ocrx_word' id='word_1_267' title='bbox 2878 1741 3065 1803; x_wconf 67' lang='grc' dir='ltr'>’Ἅννας</span> <span class='ocrx_word' id='word_1_268' title='bbox 3121 1737 3181 1799; x_wconf 77' lang='grc' dir='ltr'><strong>ἦν</strong></span> <span class='ocrx_word' id='word_1_269' title='bbox 3229 1739 3501 1815; x_wconf 78' lang='grc' dir='ltr'>ἀρχιερεύς</span> <span class='ocrx_word' id='word_1_270' title='bbox 3533 1761 3544 1773; x_wconf 91' lang='grc'><strong>·</strong></span> <span class='ocrx_word' id='word_1_271' title='bbox 3574 1743 3600 1793; x_wconf 84' lang='grc' dir='ltr'><strong><em>ὁ</em></strong></span> <span class='ocrx_word' id='word_1_272' title='bbox 3631 1743 3728 1814; x_wconf 75' lang='grc' dir='ltr'><strong>γὰρ</strong></span> <span class='ocrx_word' id='word_1_273' title='bbox 3785 1745 3947 1794; x_wconf 76' lang='grc' dir='ltr'>Καίά-</span> 
     </span>
    </p>
   </div>
   <div class='ocr_carea' id='block_1_43' title="bbox 2491 1829 3939 1904">
    <p class='ocr_par' dir='ltr' id='par_1_43' title="bbox 2491 1829 3939 1904">
     <span class='ocr_line' id='line_1_43' title="bbox 2491 1829 3939 1904; baseline -0.002 -20"><span class='ocrx_word' id='word_1_274' title='bbox 2491 1835 2706 1904; x_wconf 70' lang='grc' dir='ltr'>ὕστερον</span> <span class='ocrx_word' id='word_1_275' title='bbox 2748 1837 2949 1902; x_wconf 70' lang='grc' dir='ltr'><strong>γέγονεν</strong></span> <span class='ocrx_word' id='word_1_276' title='bbox 3018 1829 3312 1904; x_wconf 74' lang='grc' dir='ltr'>ἀρχιερεὺς,</span> <span class='ocrx_word' id='word_1_277' title='bbox 3370 1833 3501 1882; x_wconf 78' lang='grc' dir='ltr'>κατὰ</span> <span class='ocrx_word' id='word_1_278' title='bbox 3557 1834 3644 1881; x_wconf 87' lang='grc' dir='ltr'>τὸν</span> <span class='ocrx_word' id='word_1_279' title='bbox 3705 1830 3939 1881; x_wconf 71' lang='grc' dir='ltr'>ἐνιαυτόν</span> 
     </span>
    </p>
   </div>
   <div class='ocr_carea' id='block_1_44' title="bbox 2354 1919 3941 1993">
    <p class='ocr_par' dir='ltr' id='par_1_44' title="bbox 2354 1919 3941 1993">
     <span class='ocr_line' id='line_1_44' title="bbox 2354 1919 3941 1993; baseline -0.003 -20"><span class='ocrx_word' id='word_1_280' title='bbox 2354 1931 2449 1982; x_wconf 81' lang='grc' dir='ltr'>τῆς</span> <span class='ocrx_word' id='word_1_281' title='bbox 2484 1930 2575 1973; x_wconf 79' lang='grc' dir='ltr'><strong>του</strong></span> <span class='ocrx_word' id='word_1_282' title='bbox 2629 1929 2861 1993; x_wconf 84' lang='grc' dir='ltr'>Σωτῆρος</span> <span class='ocrx_word' id='word_1_283' title='bbox 2916 1928 3278 1992; x_wconf 73' lang='grc' dir='ltr'>σταυρὼσνως.</span> <span class='ocrx_word' id='word_1_284' title='bbox 3332 1919 3462 1971; x_wconf 82' lang='grc' dir='ltr'>Ἀλλ’</span> <span class='ocrx_word' id='word_1_285' title='bbox 3505 1922 3531 1972; x_wconf 87' lang='grc' dir='ltr'><strong><em>ὁ</em></strong></span> <span class='ocrx_word' id='word_1_286' title='bbox 3563 1919 3941 1990; x_wconf 69' lang='grc' dir='ltr'>εὐαγγελιστής</span> 
     </span>
    </p>
   </div>
   <div class='ocr_carea' id='block_1_45' title="bbox 2356 2009 3948 2083">
    <p class='ocr_par' dir='ltr' id='par_1_45' title="bbox 2356 2009 3948 2083">
     <span class='ocr_line' id='line_1_45' title="bbox 2356 2009 3948 2083; baseline -0.002 -21"><span class='ocrx_word' id='word_1_287' title='bbox 2356 2009 2720 2083; x_wconf 73' lang='grc' dir='ltr'>συμπαρέλαϐε</span> <span class='ocrx_word' id='word_1_288' title='bbox 2775 2016 2865 2062; x_wconf 79' lang='grc' dir='ltr'>καὶ</span> <span class='ocrx_word' id='word_1_289' title='bbox 2936 2013 3023 2061; x_wconf 83' lang='grc' dir='ltr'>τὸν</span> <span class='ocrx_word' id='word_1_290' title='bbox 3093 2011 3348 2081; x_wconf 69' lang='grc' dir='ltr'><strong>Καϊάφαν,</strong></span> <span class='ocrx_word' id='word_1_291' title='bbox 3430 2011 3499 2070; x_wconf 73' lang='grc' dir='ltr'>ὡς</span> <span class='ocrx_word' id='word_1_292' title='bbox 3566 2009 3948 2082; x_wconf 80' lang='grc' dir='ltr'>συμπράκτορα</span> 
     </span>
    </p>
   </div>
   <div class='ocr_carea' id='block_1_46' title="bbox 2353 2097 3951 2173">
    <p class='ocr_par' dir='ltr' id='par_1_46' title="bbox 2353 2097 3951 2173">
     <span class='ocr_line' id='line_1_46' title="bbox 2353 2097 3951 2173; baseline -0.003 -21"><span class='ocrx_word' id='word_1_293' title='bbox 2353 2110 2444 2153; x_wconf 67' lang='grc' dir='ltr'>τοῦ</span> <span class='ocrx_word' id='word_1_294' title='bbox 2486 2100 2659 2154; x_wconf 78' lang='grc' dir='ltr'>Ἀννα.</span> <span class='ocrx_word' id='word_1_295' title='bbox 2707 2100 2803 2151; x_wconf 83' lang='grc' dir='ltr'>Ἦν</span> <span class='ocrx_word' id='word_1_296' title='bbox 2855 2102 2955 2173; x_wconf 71' lang='grc' dir='ltr'><strong>γὰρ</strong></span> <span class='ocrx_word' id='word_1_297' title='bbox 3001 2098 3235 2171; x_wconf 70' lang='grc' dir='ltr'>γαμϐρὸς</span> <span class='ocrx_word' id='word_1_298' title='bbox 3288 2098 3467 2160; x_wconf 70' lang='grc' dir='ltr'>αὐτοῦ,</span> <span class='ocrx_word' id='word_1_299' title='bbox 3520 2102 3611 2150; x_wconf 81' lang='grc' dir='ltr'>καὶ</span> <span class='ocrx_word' id='word_1_300' title='bbox 3638 2102 3817 2155; x_wconf 76' lang='grc' dir='ltr'>κοινὴν</span> <span class='ocrx_word' id='word_1_301' title='bbox 3857 2097 3951 2148; x_wconf 74' lang='grc' dir='ltr'><strong>αὐ-</strong></span> 
     </span>
    </p>
   </div>
   <div class='ocr_carea' id='block_1_47' title="bbox 2353 2184 3952 2260">
    <p class='ocr_par' dir='ltr' id='par_1_47' title="bbox 2353 2184 3952 2260">
     <span class='ocr_line' id='line_1_47' title="bbox 2353 2184 3952 2260; baseline -0.001 -19"><span class='ocrx_word' id='word_1_302' title='bbox 2353 2199 2425 2260; x_wconf 73' lang='grc' dir='ltr'>τῷ</span> <span class='ocrx_word' id='word_1_303' title='bbox 2467 2194 2562 2247; x_wconf 70' lang='grc' dir='ltr'>τὴν</span> <span class='ocrx_word' id='word_1_304' title='bbox 2610 2193 2879 2241; x_wconf 72' lang='grc' dir='ltr'><strong>κατοικίαν</strong></span> <span class='ocrx_word' id='word_1_305' title='bbox 2933 2185 3093 2260; x_wconf 84' lang='grc' dir='ltr'>εἶχεν,</span> <span class='ocrx_word' id='word_1_306' title='bbox 3150 2190 3219 2248; x_wconf 84' lang='grc' dir='ltr'>ὡς</span> <span class='ocrx_word' id='word_1_307' title='bbox 3280 2187 3555 2260; x_wconf 76' lang='grc' dir='ltr'>εἰρήκαμεν</span> <span class='ocrx_word' id='word_1_308' title='bbox 3611 2186 3662 2239; x_wconf 77' lang='grc' dir='ltr'><strong>ἐν</strong></span> <span class='ocrx_word' id='word_1_309' title='bbox 3712 2195 3788 2257; x_wconf 80' lang='grc' dir='ltr'>τῷ</span> <span class='ocrx_word' id='word_1_310' title='bbox 3841 2184 3952 2249; x_wconf 82' lang='grc' dir='ltr'><strong>ἐξη-</strong></span> 
     </span>
    </p>
   </div>
   <div class='ocr_carea' id='block_1_48' title="bbox 2353 2277 3954 2350">
    <p class='ocr_par' dir='ltr' id='par_1_48' title="bbox 2353 2277 3954 2350">
     <span class='ocr_line' id='line_1_48' title="bbox 2353 2277 3954 2350; baseline -0.002 -19"><span class='ocrx_word' id='word_1_311' title='bbox 2353 2290 2525 2350; x_wconf 76' lang='grc' dir='ltr'>κοστῴ</span> <span class='ocrx_word' id='word_1_312' title='bbox 2587 2297 2804 2350; x_wconf 77' lang='grc' dir='ltr'>πεμπτῳ</span> <span class='ocrx_word' id='word_1_313' title='bbox 2861 2277 3120 2349; x_wconf 71' lang='grc' dir='ltr'>κεφαλαίῳ</span> <span class='ocrx_word' id='word_1_314' title='bbox 3175 2284 3266 2329; x_wconf 80' lang='grc' dir='ltr'><strong>τοῦ</strong></span> <span class='ocrx_word' id='word_1_315' title='bbox 3321 2279 3458 2328; x_wconf 81' lang='grc' dir='ltr'>κατὰ</span> <span class='ocrx_word' id='word_1_316' title='bbox 3507 2278 3791 2341; x_wconf 82' lang='grc' dir='ltr'>Ματθαίον,</span> <span class='ocrx_word' id='word_1_317' title='bbox 3834 2277 3954 2327; x_wconf 78' lang='grc' dir='ltr'>ἔνθα</span> 
     </span>
    </p>
   </div>
   <div class='ocr_carea' id='block_1_49' title="bbox 2351 2364 3954 2440">
    <p class='ocr_par' dir='ltr' id='par_1_49' title="bbox 2351 2364 3954 2440">
     <span class='ocr_line' id='line_1_49' title="bbox 2351 2364 3954 2440; baseline -0.002 -21"><span class='ocrx_word' id='word_1_318' title='bbox 2351 2376 2520 2419; x_wconf 86' lang='grc' dir='ltr'>κεῖται</span> <span class='ocrx_word' id='word_1_319' title='bbox 2571 2372 2687 2440; x_wconf 81' lang='grc' dir='ltr'>περὶ</span> <span class='ocrx_word' id='word_1_320' title='bbox 2740 2375 2831 2418; x_wconf 85' lang='grc' dir='ltr'><strong>του</strong></span> <span class='ocrx_word' id='word_1_321' title='bbox 2890 2372 3106 2431; x_wconf 79' lang='grc' dir='ltr'>Ιιετρου,</span> <span class='ocrx_word' id='word_1_322' title='bbox 3193 2365 3291 2433; x_wconf 76' lang='grc' dir='ltr'>ὅτι,</span> <span class='ocrx_word' id='word_1_323' title='bbox 3380 2368 3480 2417; x_wconf 75' lang='grc' dir='ltr'><strong>Καὶ</strong></span> <span class='ocrx_word' id='word_1_324' title='bbox 3546 2364 3784 2417; x_wconf 79' lang='grc' dir='ltr'><strong>εἰσελθὼν</strong></span> <span class='ocrx_word' id='word_1_325' title='bbox 3852 2367 3954 2416; x_wconf 82' lang='grc' dir='ltr'>ἕσω</span> 
     </span>
    </p>
   </div>
   <div class='ocr_carea' id='block_1_50' title="bbox 2353 2452 3955 2529">
    <p class='ocr_par' dir='ltr' id='par_1_50' title="bbox 2353 2452 3955 2529">
     <span class='ocr_line' id='line_1_50' title="bbox 2353 2452 3955 2529; baseline -0.002 -22"><span class='ocrx_word' id='word_1_326' title='bbox 2353 2454 2576 2512; x_wconf 75' lang='grc' dir='ltr'><strong>ἐκάθητο</strong></span> <span class='ocrx_word' id='word_1_327' title='bbox 2629 2458 2760 2527; x_wconf 80' lang='grc' dir='ltr'>μετὰ</span> <span class='ocrx_word' id='word_1_328' title='bbox 2824 2463 2923 2505; x_wconf 81' lang='grc' dir='ltr'>τῶν</span> <span class='ocrx_word' id='word_1_329' title='bbox 2979 2456 3267 2527; x_wconf 72' lang='grc' dir='ltr'><strong>ὑπηρετῶν.</strong></span> <span class='ocrx_word' id='word_1_330' title='bbox 3320 2459 3421 2507; x_wconf 73' lang='grc' dir='ltr'><strong>Καὶ</strong></span> <span class='ocrx_word' id='word_1_331' title='bbox 3466 2455 3570 2529; x_wconf 72' lang='grc' dir='ltr'>’γὰρ</span> <span class='ocrx_word' id='word_1_332' title='bbox 3610 2453 3723 2525; x_wconf 82' lang='lat'><strong>(76)</strong></span> <span class='ocrx_word' id='word_1_333' title='bbox 3777 2452 3955 2505; x_wconf 74' lang='grc' dir='ltr'><strong>ὀἊν-</strong></span> 
     </span>
    </p>
   </div>
   <div class='ocr_carea' id='block_1_51' title="bbox 2353 2540 3949 2620">
    <p class='ocr_par' dir='ltr' id='par_1_51' title="bbox 2353 2540 3949 2620">
     <span class='ocr_line' id='line_1_51' title="bbox 2353 2540 3949 2620; baseline -0.001 -25"><span class='ocrx_word' id='word_1_334' title='bbox 2353 2562 2439 2604; x_wconf 89' lang='grc' dir='ltr'><strong>νας</strong></span> <span class='ocrx_word' id='word_1_335' title='bbox 2470 2545 2685 2620; x_wconf 78' lang='grc' dir='ltr'>ὕστερον</span> <span class='ocrx_word' id='word_1_336' title='bbox 2717 2547 3034 2617; x_wconf 73' lang='grc' dir='ltr'><strong>συνέπραττε</strong></span> <span class='ocrx_word' id='word_1_337' title='bbox 3062 2551 3133 2613; x_wconf 82' lang='grc' dir='ltr'>τῷ</span> <span class='ocrx_word' id='word_1_338' title='bbox 3159 2544 3371 2614; x_wconf 64' lang='grc' dir='ltr'>Καίάνᾳ</span> <span class='ocrx_word' id='word_1_339' title='bbox 3398 2540 3448 2595; x_wconf 76' lang='grc' dir='ltr'><strong><em>ἕν</em></strong></span> <span class='ocrx_word' id='word_1_340' title='bbox 3485 2549 3548 2615; x_wconf 72' lang='grc' dir='ltr'>τῇ</span> <span class='ocrx_word' id='word_1_341' title='bbox 3583 2540 3949 2614; x_wconf 71' lang='grc' dir='ltr'>ἀρχιερωσύνη</span> 
     </span>
    </p>
   </div>
   <div class='ocr_carea' id='block_1_52' title="bbox 2356 2633 2535 2689">
    <p class='ocr_par' dir='ltr' id='par_1_52' title="bbox 2356 2633 2535 2689">
     <span class='ocr_line' id='line_1_52' title="bbox 2356 2633 2535 2689; baseline 0.017 -4"><span class='ocrx_word' id='word_1_342' title='bbox 2356 2633 2514 2686; x_wconf 73' lang='grc' dir='ltr'>αὐτοῦ</span> <span class='ocrx_word' id='word_1_343' title='bbox 2523 2677 2535 2689; x_wconf 93' lang='grc'><strong>.</strong></span> 
     </span>
    </p>
   </div>
   <div class='ocr_carea' id='block_1_53' title="bbox 2428 2718 3954 2796">
    <p class='ocr_par' dir='ltr' id='par_1_53' title="bbox 2428 2718 3954 2796">
     <span class='ocr_line' id='line_1_53' title="bbox 2428 2718 3954 2796; baseline -0.001 -20"><span class='ocrx_word' id='word_1_344' title='bbox 2428 2723 2651 2794; x_wconf 76' lang='grc' dir='ltr'>Ἐγίνετο</span> <span class='ocrx_word' id='word_1_345' title='bbox 2675 2753 2739 2764; x_wconf 87' lang='lat'><strong>-—</strong></span> <span class='ocrx_word' id='word_1_346' title='bbox 2771 2718 3058 2796; x_wconf 80' lang='grc' dir='ltr'><strong>Ἰορδάνου.</strong></span> <span class='ocrx_word' id='word_1_347' title='bbox 3083 2726 3321 2779; x_wconf 75' lang='grc' dir='ltr'>Ζήτησον</span> <span class='ocrx_word' id='word_1_348' title='bbox 3348 2723 3397 2773; x_wconf 71' lang='grc' dir='ltr'><strong><em>ἓν</em></strong></span> <span class='ocrx_word' id='word_1_349' title='bbox 3426 2728 3500 2790; x_wconf 81' lang='grc' dir='ltr'>τῷ</span> <span class='ocrx_word' id='word_1_350' title='bbox 3521 2726 3680 2794; x_wconf 77' lang='grc' dir='ltr'>τρίτῳ</span> <span class='ocrx_word' id='word_1_351' title='bbox 3694 2720 3954 2794; x_wconf 61' lang='grc' dir='ltr'>κεφαλαίῳ</span> 
     </span>
    </p>
   </div>
   <div class='ocr_carea' id='block_1_54' title="bbox 2352 2806 3955 2884">
    <p class='ocr_par' dir='ltr' id='par_1_54' title="bbox 2352 2806 3955 2884">
     <span class='ocr_line' id='line_1_54' title="bbox 2352 2806 3955 2884; baseline -0.001 -20"><span class='ocrx_word' id='word_1_352' title='bbox 2352 2820 2444 2864; x_wconf 77' lang='grc' dir='ltr'>τοῦ</span> <span class='ocrx_word' id='word_1_353' title='bbox 2483 2815 2619 2864; x_wconf 79' lang='grc' dir='ltr'>κατὰ</span> <span class='ocrx_word' id='word_1_354' title='bbox 2648 2813 2916 2865; x_wconf 84' lang='grc' dir='ltr'>Ματθαίον</span> <span class='ocrx_word' id='word_1_355' title='bbox 2942 2815 3000 2862; x_wconf 83' lang='grc' dir='ltr'>τό</span> <span class='ocrx_word' id='word_1_356' title='bbox 3047 2830 3059 2842; x_wconf 91' lang='grc'><strong>·</strong></span> <span class='ocrx_word' id='word_1_357' title='bbox 3096 2816 3160 2863; x_wconf 78' lang='grc' dir='ltr'>Εν</span> <span class='ocrx_word' id='word_1_358' title='bbox 3187 2806 3246 2861; x_wconf 76' lang='grc' dir='ltr'><strong>δε</strong></span> <span class='ocrx_word' id='word_1_359' title='bbox 3298 2815 3413 2870; x_wconf 78' lang='grc' dir='ltr'>ταῖς</span> <span class='ocrx_word' id='word_1_360' title='bbox 3466 2812 3687 2884; x_wconf 71' lang='grc' dir='ltr'>ἡμέραις</span> <span class='ocrx_word' id='word_1_361' title='bbox 3739 2808 3955 2871; x_wconf 72' lang='grc' dir='ltr'>ἐκείναις</span> 
     </span>
    </p>
   </div>
   <div class='ocr_carea' id='block_1_55' title="bbox 2352 2899 3941 2975">
    <p class='ocr_par' dir='ltr' id='par_1_55' title="bbox 2352 2899 3941 2975">
     <span class='ocr_line' id='line_1_55' title="bbox 2352 2899 3941 2975; baseline -0.003 -22"><span class='ocrx_word' id='word_1_362' title='bbox 2352 2907 2697 2975; x_wconf 74' lang='grc' dir='ltr'>παραγίνεται</span> <span class='ocrx_word' id='word_1_363' title='bbox 2719 2903 2965 2961; x_wconf 84' lang='grc' dir='ltr'>Ἰωάννης</span> <span class='ocrx_word' id='word_1_364' title='bbox 3000 2904 3026 2951; x_wconf 85' lang='grc' dir='ltr'><strong>ό</strong></span> <span class='ocrx_word' id='word_1_365' title='bbox 3078 2903 3400 2963; x_wconf 74' lang='grc' dir='ltr'>Βαπτιστὴς,</span> <span class='ocrx_word' id='word_1_366' title='bbox 3449 2902 3735 2972; x_wconf 80' lang='grc' dir='ltr'><strong>κηρύσσων</strong></span> <span class='ocrx_word' id='word_1_367' title='bbox 3784 2899 3831 2950; x_wconf 75' lang='grc' dir='ltr'>ἐν</span> <span class='ocrx_word' id='word_1_368' title='bbox 3881 2906 3941 2970; x_wconf 69' lang='grc' dir='ltr'>τῇ</span> 
     </span>
    </p>
   </div>
   <div class='ocr_carea' id='block_1_56' title="bbox 590 2968 2241 3065">
    <p class='ocr_par' dir='ltr' id='par_1_56' title="bbox 590 2968 2241 3065">
     <span class='ocr_line' id='line_1_56' title="bbox 590 2968 2241 3065; baseline -0.001 -15"><span class='ocrx_word' id='word_1_369' title='bbox 590 3009 729 3050; x_wconf 85' lang='lat' dir='ltr'><strong>cans</strong></span> <span class='ocrx_word' id='word_1_370' title='bbox 748 2995 812 3050; x_wconf 90' lang='lat' dir='ltr'><strong>in</strong></span> <span class='ocrx_word' id='word_1_371' title='bbox 838 2994 1060 3050; x_wconf 86' lang='lat' dir='ltr'><strong>deserto</strong></span> <span class='ocrx_word' id='word_1_372' title='bbox 1083 2993 1306 3050; x_wconf 56' lang='lat' dir='ltr'><strong>ludam</strong></span> <span class='ocrx_word' id='word_1_373' title='bbox 1335 2997 1404 3060; x_wconf 70' lang='grc' dir='ltr'><strong>υς</strong></span> <span class='ocrx_word' id='word_1_374' title='bbox 1435 3002 1490 3050; x_wconf 89' lang='lat' dir='ltr'><strong>et</strong></span> <span class='ocrx_word' id='word_1_375' title='bbox 1520 2994 1648 3065; x_wconf 83' lang='lat' dir='ltr'><strong>lege</strong></span> <span class='ocrx_word' id='word_1_376' title='bbox 1685 2968 1869 3051; x_wconf 74' lang='lat' dir='ltr'><strong>totam</strong></span> <span class='ocrx_word' id='word_1_377' title='bbox 1891 2968 2052 3051; x_wconf 72' lang='lat' dir='ltr'><strong>illius</strong></span> <span class='ocrx_word' id='word_1_378' title='bbox 2082 2995 2241 3051; x_wconf 84' lang='lat' dir='ltr'><strong>verbi</strong></span> 
     </span>
    </p>
   </div>
   <div class='ocr_carea' id='block_1_57' title="bbox 2352 2968 3936 3065">
    <p class='ocr_par' dir='ltr' id='par_1_57' title="bbox 2354 2968 3936 3065">
     <span class='ocr_line' id='line_1_57' title="bbox 2354 2968 3936 3065; baseline -0.004 -22"><span class='ocrx_word' id='word_1_379' title='bbox 2354 2968 2528 3065; x_wconf 66' lang='grc' dir='ltr'>ἕρημω</span> <span class='ocrx_word' id='word_1_380' title='bbox 2559 2999 2652 3051; x_wconf 82' lang='grc' dir='ltr'>τῆς</span> <span class='ocrx_word' id='word_1_381' title='bbox 2685 2986 2948 3049; x_wconf 79' lang='grc' dir='ltr'>Ἰουδαίας</span> <span class='ocrx_word' id='word_1_382' title='bbox 2972 3007 2984 3020; x_wconf 91' lang='grc'><strong>·</strong></span> <span class='ocrx_word' id='word_1_383' title='bbox 3018 2994 3108 3041; x_wconf 79' lang='grc' dir='ltr'>καὶ</span> <span class='ocrx_word' id='word_1_384' title='bbox 3137 2986 3395 3059; x_wconf 74' lang='grc' dir='ltr'>ἀνάγνωθι</span> <span class='ocrx_word' id='word_1_385' title='bbox 3427 2968 3529 3045; x_wconf 33' lang='grc' dir='ltr'>τὴν.</span> <span class='ocrx_word' id='word_1_386' title='bbox 3552 2986 3798 3059; x_wconf 69' lang='grc' dir='ltr'><strong>ἐξήγησιν</strong></span> <span class='ocrx_word' id='word_1_387' title='bbox 3822 2968 3936 3043; x_wconf 83' lang='grc' dir='ltr'>ὃλην</span> 
     </span>
    </p>
   </div>
   <div class='ocr_carea' id='block_1_58' title="bbox 589 3082 1046 3139">
    <p class='ocr_par' dir='ltr' id='par_1_58' title="bbox 589 3082 1046 3139">
     <span class='ocr_line' id='line_1_58' title="bbox 589 3082 1046 3139; baseline -0.002 -1"><span class='ocrx_word' id='word_1_388' title='bbox 589 3082 1046 3139; x_wconf 83' lang='lat' dir='ltr'><strong>enarrationem.</strong></span> 
     </span>
    </p>
   </div>
   <div class='ocr_carea' id='block_1_59' title="bbox 660 3171 2245 3242">
    <p class='ocr_par' dir='ltr' id='par_1_59' title="bbox 660 3171 2245 3242">
     <span class='ocr_line' id='line_1_59' title="bbox 660 3171 2245 3242; baseline 0.004 -18"><span class='ocrx_word' id='word_1_389' title='bbox 660 3172 824 3226; x_wconf 85' lang='lat' dir='ltr'><strong>Vers.</strong></span> <span class='ocrx_word' id='word_1_390' title='bbox 842 3176 899 3229; x_wconf 86' lang='lat'><strong>3.</strong></span> <span class='ocrx_word' id='word_1_391' title='bbox 927 3171 1710 3242; x_wconf 56' lang='lat' dir='ltr'><strong>Maedicam—peccatorum.</strong></span> <span class='ocrx_word' id='word_1_392' title='bbox 1736 3176 1813 3229; x_wconf 91' lang='lat' dir='ltr'><strong>De</strong></span> <span class='ocrx_word' id='word_1_393' title='bbox 1825 3174 1917 3229; x_wconf 88' lang='lat' dir='ltr'><strong>his</strong></span> <span class='ocrx_word' id='word_1_394' title='bbox 1934 3174 2245 3231; x_wconf 84' lang='lat' dir='ltr'><strong>manifeste</strong></span> 
     </span>
    </p>
   </div>
   <div class='ocr_carea' id='block_1_60' title="bbox 588 3259 2243 3333">
    <p class='ocr_par' dir='ltr' id='par_1_60' title="bbox 588 3259 2243 3333">
     <span class='ocr_line' id='line_1_60' title="bbox 588 3259 2243 3333; baseline 0.002 -17"><span class='ocrx_word' id='word_1_395' title='bbox 588 3259 814 3317; x_wconf 90' lang='lat' dir='ltr'><strong>dictum</strong></span> <span class='ocrx_word' id='word_1_396' title='bbox 827 3261 986 3317; x_wconf 85' lang='lat' dir='ltr'><strong>estin</strong></span> <span class='ocrx_word' id='word_1_397' title='bbox 1000 3261 1286 3318; x_wconf 73' lang='lat' dir='ltr'><strong>Prommio</strong></span> <span class='ocrx_word' id='word_1_398' title='bbox 1299 3262 1601 3333; x_wconf 86' lang='lat' dir='ltr'><strong>Evangelii</strong></span> <span class='ocrx_word' id='word_1_399' title='bbox 1615 3264 1944 3319; x_wconf 90' lang='lat' dir='ltr'><strong>secundum</strong></span> <span class='ocrx_word' id='word_1_400' title='bbox 1958 3265 2243 3329; x_wconf 85' lang='lat' dir='ltr'><strong>Marcum,</strong></span> 
     </span>
    </p>
   </div>
   <div class='ocr_carea' id='block_1_61' title="bbox 586 3346 2246 3420">
    <p class='ocr_par' dir='ltr' id='par_1_61' title="bbox 586 3346 2246 3420">
     <span class='ocr_line' id='line_1_61' title="bbox 586 3346 2246 3420; baseline 0.002 -16"><span class='ocrx_word' id='word_1_401' title='bbox 586 3346 692 3404; x_wconf 88' lang='lat' dir='ltr'><strong>ubi</strong></span> <span class='ocrx_word' id='word_1_402' title='bbox 721 3348 939 3405; x_wconf 88' lang='lat' dir='ltr'><strong>dicitur</strong></span> <span class='ocrx_word' id='word_1_403' title='bbox 970 3366 982 3404; x_wconf 88' lang='lat'><strong>:</strong></span> <span class='ocrx_word' id='word_1_404' title='bbox 1015 3350 1157 3405; x_wconf 85' lang='lat' dir='ltr'><strong>Fuit</strong></span> <span class='ocrx_word' id='word_1_405' title='bbox 1196 3349 1453 3407; x_wconf 82' lang='lat' dir='ltr'><strong>Joannes</strong></span> <span class='ocrx_word' id='word_1_406' title='bbox 1494 3351 1799 3420; x_wconf 77' lang='lat' dir='ltr'><strong>baptizans</strong></span> <span class='ocrx_word' id='word_1_407' title='bbox 1828 3354 1890 3408; x_wconf 90' lang='lat' dir='ltr'><strong>in</strong></span> <span class='ocrx_word' id='word_1_408' title='bbox 1920 3355 2165 3418; x_wconf 84' lang='lat' dir='ltr'><strong>deserto,</strong></span> <span class='ocrx_word' id='word_1_409' title='bbox 2196 3358 2246 3407; x_wconf 84' lang='lat' dir='ltr'><strong>et</strong></span> 
     </span>
    </p>
   </div>
   <div class='ocr_carea' id='block_1_62' title="bbox 585 3438 2243 3511">
    <p class='ocr_par' dir='ltr' id='par_1_62' title="bbox 585 3438 2243 3511">
     <span class='ocr_line' id='line_1_62' title="bbox 585 3438 2243 3511; baseline 0.003 -19"><span class='ocrx_word' id='word_1_410' title='bbox 585 3438 919 3506; x_wconf 60' lang='lat' dir='ltr'><strong>pradicans</strong></span> <span class='ocrx_word' id='word_1_411' title='bbox 972 3440 1295 3510; x_wconf 76' lang='lat' dir='ltr'><strong>baptumun</strong></span> <span class='ocrx_word' id='word_1_412' title='bbox 1348 3442 1705 3511; x_wconf 63' lang='lat' dir='ltr'><strong>paenitentiae</strong></span> <span class='ocrx_word' id='word_1_413' title='bbox 1743 3441 1808 3497; x_wconf 91' lang='lat' dir='ltr'><strong>in</strong></span> <span class='ocrx_word' id='word_1_414' title='bbox 1847 3442 2243 3499; x_wconf 78' lang='lat' dir='ltr'><strong>remissionem</strong></span> 
     </span>
    </p>
   </div>
   <div class='ocr_carea' id='block_1_63' title="bbox 581 3530 1095 3595">
    <p class='ocr_par' dir='ltr' id='par_1_63' title="bbox 581 3530 1095 3595">
     <span class='ocr_line' id='line_1_63' title="bbox 581 3530 1095 3595; baseline 0.006 -13"><span class='ocrx_word' id='word_1_415' title='bbox 581 3533 980 3595; x_wconf 82' lang='lat' dir='ltr'><strong>peccatorum.</strong></span> <span class='ocrx_word' id='word_1_416' title='bbox 1027 3530 1069 3564; x_wconf 80' lang='grc'>³⁵</span> <span class='ocrx_word' id='word_1_417' title='bbox 1082 3570 1095 3585; x_wconf 90' lang='grc'><strong>.</strong></span> 
     </span>
    </p>
   </div>
   <div class='ocr_carea' id='block_1_64' title="bbox 658 3615 2242 3691">
    <p class='ocr_par' dir='ltr' id='par_1_64' title="bbox 658 3615 2242 3691">
     <span class='ocr_line' id='line_1_64' title="bbox 658 3615 2242 3691; baseline 0.004 -20"><span class='ocrx_word' id='word_1_418' title='bbox 658 3615 824 3673; x_wconf 87' lang='lat' dir='ltr'><strong>Vers.</strong></span> <span class='ocrx_word' id='word_1_419' title='bbox 865 3620 923 3672; x_wconf 77' lang='grc'><strong>4.</strong></span> <span class='ocrx_word' id='word_1_420' title='bbox 962 3618 1123 3673; x_wconf 81' lang='lat' dir='ltr'><strong>Sicut</strong></span> <span class='ocrx_word' id='word_1_421' title='bbox 1151 3618 1430 3689; x_wconf 82' lang='lat' dir='ltr'><strong>scriptum</strong></span> <span class='ocrx_word' id='word_1_422' title='bbox 1455 3627 1625 3675; x_wconf 87' lang='lat' dir='ltr'><strong>est—</strong></span> <span class='ocrx_word' id='word_1_423' title='bbox 1654 3620 1891 3676; x_wconf 85' lang='lat' dir='ltr'><strong>semitas</strong></span> <span class='ocrx_word' id='word_1_424' title='bbox 1922 3622 2074 3691; x_wconf 87' lang='lat' dir='ltr'><strong>ejus.</strong></span> <span class='ocrx_word' id='word_1_425' title='bbox 2110 3620 2242 3677; x_wconf 62' lang='lat' dir='ltr'><strong>Haec</strong></span> 
     </span>
    </p>
   </div>
   <div class='ocr_carea' id='block_1_65' title="bbox 588 3705 2244 3781">
    <p class='ocr_par' dir='ltr' id='par_1_65' title="bbox 588 3705 2244 3781">
     <span class='ocr_line' id='line_1_65' title="bbox 588 3705 2244 3781; baseline 0.003 -21"><span class='ocrx_word' id='word_1_426' title='bbox 588 3706 894 3777; x_wconf 65' lang='lat' dir='ltr'><strong>Prophetas</strong></span> <span class='ocrx_word' id='word_1_427' title='bbox 937 3705 1117 3761; x_wconf 84' lang='lat' dir='ltr'><strong>verba</strong></span> <span class='ocrx_word' id='word_1_428' title='bbox 1153 3705 1455 3762; x_wconf 88' lang='lat' dir='ltr'><strong>declarata</strong></span> <span class='ocrx_word' id='word_1_429' title='bbox 1479 3712 1618 3763; x_wconf 88' lang='lat' dir='ltr'><strong>sunt</strong></span> <span class='ocrx_word' id='word_1_430' title='bbox 1637 3707 1804 3764; x_wconf 90' lang='lat' dir='ltr'><strong>tertio</strong></span> <span class='ocrx_word' id='word_1_431' title='bbox 1829 3708 2023 3781; x_wconf 87' lang='lat' dir='ltr'><strong>capite</strong></span> <span class='ocrx_word' id='word_1_432' title='bbox 2055 3712 2244 3765; x_wconf 87' lang='lat' dir='ltr'><strong>Evan-</strong></span> 
     </span>
    </p>
   </div>
   <div class='ocr_carea' id='block_1_66' title="bbox 587 3792 2241 3870">
    <p class='ocr_par' dir='ltr' id='par_1_66' title="bbox 587 3792 2241 3870">
     <span class='ocr_line' id='line_1_66' title="bbox 587 3792 2241 3870; baseline 0.005 -23"><span class='ocrx_word' id='word_1_433' title='bbox 587 3792 721 3862; x_wconf 90' lang='lat' dir='ltr'><strong>gelii</strong></span> <span class='ocrx_word' id='word_1_434' title='bbox 741 3794 915 3864; x_wconf 85' lang='lat' dir='ltr'><strong>juxta</strong></span> <span class='ocrx_word' id='word_1_435' title='bbox 926 3795 1265 3850; x_wconf 66' lang='lat' dir='ltr'><strong>Matthaeum</strong></span> <span class='ocrx_word' id='word_1_436' title='bbox 1279 3839 1291 3851; x_wconf 95' lang='lat'><strong>.</strong></span> <span class='ocrx_word' id='word_1_437' title='bbox 1305 3793 1447 3862; x_wconf 69' lang='lat' dir='ltr'><strong>Quae</strong></span> <span class='ocrx_word' id='word_1_438' title='bbox 1461 3812 1598 3851; x_wconf 85' lang='lat' dir='ltr'><strong>vero</strong></span> <span class='ocrx_word' id='word_1_439' title='bbox 1612 3812 1712 3869; x_wconf 89' lang='lat' dir='ltr'><strong>seq</strong></span> <span class='ocrx_word' id='word_1_440' title='bbox 1723 3802 1963 3862; x_wconf 87' lang='lat' dir='ltr'><strong>nuntur,</strong></span> <span class='ocrx_word' id='word_1_441' title='bbox 1980 3798 2241 3870; x_wconf 87' lang='lat' dir='ltr'><strong>prophe-</strong></span> 
     </span>
    </p>
   </div>
   <div class='ocr_carea' id='block_1_67' title="bbox 587 3881 2242 3959">
    <p class='ocr_par' dir='ltr' id='par_1_67' title="bbox 587 3881 2242 3959">
     <span class='ocr_line' id='line_1_67' title="bbox 587 3881 2242 3959; baseline 0.004 -22"><span class='ocrx_word' id='word_1_442' title='bbox 587 3881 669 3937; x_wconf 88' lang='lat' dir='ltr'><strong>tia</strong></span> <span class='ocrx_word' id='word_1_443' title='bbox 684 3886 771 3937; x_wconf 91' lang='lat' dir='ltr'><strong>est</strong></span> <span class='ocrx_word' id='word_1_444' title='bbox 797 3881 1019 3936; x_wconf 84' lang='lat' dir='ltr'><strong>docens</strong></span> <span class='ocrx_word' id='word_1_445' title='bbox 1042 3882 1207 3954; x_wconf 91' lang='lat' dir='ltr'><strong>quod</strong></span> <span class='ocrx_word' id='word_1_446' title='bbox 1220 3881 1482 3955; x_wconf 83' lang='lat' dir='ltr'><strong>aequabit</strong></span> <span class='ocrx_word' id='word_1_447' title='bbox 1496 3884 1756 3940; x_wconf 84' lang='lat' dir='ltr'><strong>Christus</strong></span> <span class='ocrx_word' id='word_1_448' title='bbox 1772 3885 2242 3959; x_wconf 59' lang='lat' dir='ltr'><strong>inaequalitatem</strong></span> 
     </span>
    </p>
   </div>
   <div class='ocr_carea' id='block_1_68' title="bbox 587 3967 2243 4044">
    <p class='ocr_par' dir='ltr' id='par_1_68' title="bbox 587 3967 2243 4044">
     <span class='ocr_line' id='line_1_68' title="bbox 587 3967 2243 4044; baseline 0.005 -21"><span class='ocrx_word' id='word_1_449' title='bbox 587 3967 824 4035; x_wconf 90' lang='lat' dir='ltr'><strong>mundi,</strong></span> <span class='ocrx_word' id='word_1_450' title='bbox 845 3971 1276 4026; x_wconf 82' lang='lat' dir='ltr'><strong>tortuOsitatem</strong></span> <span class='ocrx_word' id='word_1_451' title='bbox 1295 3986 1366 4027; x_wconf 89' lang='lat' dir='ltr'><strong>ac</strong></span> <span class='ocrx_word' id='word_1_452' title='bbox 1385 3971 1766 4044; x_wconf 87' lang='lat' dir='ltr'><strong>asperitatem</strong></span> <span class='ocrx_word' id='word_1_453' title='bbox 1782 3973 2097 4031; x_wconf 90' lang='lat' dir='ltr'><strong>hominum</strong></span> <span class='ocrx_word' id='word_1_454' title='bbox 2117 3990 2243 4032; x_wconf 88' lang='lat' dir='ltr'><strong>cor-</strong></span> 
     </span>
    </p>
   </div>
   <div class='ocr_carea' id='block_1_69' title="bbox 2354 3080 2915 3153">
    <p class='ocr_par' dir='ltr' id='par_1_69' title="bbox 2354 3080 2915 3153">
     <span class='ocr_line' id='line_1_69' title="bbox 2354 3080 2915 3153; baseline -0.004 -21"><span class='ocrx_word' id='word_1_455' title='bbox 2354 3088 2445 3133; x_wconf 78' lang='grc' dir='ltr'><strong>του</strong></span> <span class='ocrx_word' id='word_1_456' title='bbox 2472 3082 2708 3132; x_wconf 79' lang='grc' dir='ltr'>τοιουτου</span> <span class='ocrx_word' id='word_1_457' title='bbox 2733 3080 2915 3153; x_wconf 71' lang='grc' dir='ltr'>ῥητοῦ.</span> 
     </span>
    </p>
   </div>
   <div class='ocr_carea' id='block_1_70' title="bbox 2428 3165 3951 3243">
    <p class='ocr_par' dir='ltr' id='par_1_70' title="bbox 2428 3165 3951 3243">
     <span class='ocr_line' id='line_1_70' title="bbox 2428 3165 3951 3243; baseline -0.003 -23"><span class='ocrx_word' id='word_1_458' title='bbox 2428 3168 2729 3243; x_wconf 82' lang='grc' dir='ltr'>Κηρυσσων</span> <span class='ocrx_word' id='word_1_459' title='bbox 2759 3198 2829 3208; x_wconf 86' lang='lat'><strong>-—-</strong></span> <span class='ocrx_word' id='word_1_460' title='bbox 2858 3165 3152 3239; x_wconf 79' lang='grc' dir='ltr'>ἁμαρτιῶν.</span> <span class='ocrx_word' id='word_1_461' title='bbox 3184 3168 3399 3240; x_wconf 75' lang='grc' dir='ltr'>Εἴρηται</span> <span class='ocrx_word' id='word_1_462' title='bbox 3424 3170 3542 3239; x_wconf 85' lang='grc' dir='ltr'><strong>περὶ</strong></span> <span class='ocrx_word' id='word_1_463' title='bbox 3562 3168 3750 3218; x_wconf 79' lang='grc' dir='ltr'>τούτου</span> <span class='ocrx_word' id='word_1_464' title='bbox 3774 3173 3951 3238; x_wconf 71' lang='grc' dir='ltr'>σαφῶς</span> 
     </span>
    </p>
   </div>
   <div class='ocr_carea' id='block_1_71' title="bbox 2354 3251 3948 3329">
    <p class='ocr_par' dir='ltr' id='par_1_71' title="bbox 2354 3251 3948 3329">
     <span class='ocr_line' id='line_1_71' title="bbox 2354 3251 3948 3329; baseline -0.002 -19"><span class='ocrx_word' id='word_1_465' title='bbox 2354 3257 2401 3310; x_wconf 79' lang='grc' dir='ltr'>ἐν</span> <span class='ocrx_word' id='word_1_466' title='bbox 2434 3266 2505 3329; x_wconf 81' lang='grc' dir='ltr'>τῷ</span> <span class='ocrx_word' id='word_1_467' title='bbox 2534 3261 2792 3329; x_wconf 82' lang='grc' dir='ltr'><strong>προοιμίῳ</strong></span> <span class='ocrx_word' id='word_1_468' title='bbox 2850 3263 2942 3308; x_wconf 79' lang='grc' dir='ltr'>τοῦ</span> <span class='ocrx_word' id='word_1_469' title='bbox 2986 3257 3123 3308; x_wconf 84' lang='grc' dir='ltr'>κατὰ</span> <span class='ocrx_word' id='word_1_470' title='bbox 3170 3255 3405 3327; x_wconf 88' lang='grc' dir='ltr'>Μάρκον,</span> <span class='ocrx_word' id='word_1_471' title='bbox 3456 3256 3577 3307; x_wconf 79' lang='grc' dir='ltr'>ἔνθα</span> <span class='ocrx_word' id='word_1_472' title='bbox 3628 3251 3799 3307; x_wconf 77' lang='grc' dir='ltr'>κεῖται</span> <span class='ocrx_word' id='word_1_473' title='bbox 3850 3260 3948 3307; x_wconf 83' lang='grc' dir='ltr'><strong>τό·</strong></span> 
     </span>
    </p>
   </div>
   <div class='ocr_carea' id='block_1_72' title="bbox 2352 3343 3952 3419">
    <p class='ocr_par' dir='ltr' id='par_1_72' title="bbox 2352 3343 3952 3419">
     <span class='ocr_line' id='line_1_72' title="bbox 2352 3343 3952 3419; baseline -0.005 -17"><span class='ocrx_word' id='word_1_474' title='bbox 2352 3349 2581 3419; x_wconf 67' lang='grc' dir='ltr'><strong>Ἐγένετο</strong></span> <span class='ocrx_word' id='word_1_475' title='bbox 2619 3347 2861 3407; x_wconf 76' lang='grc' dir='ltr'><strong><em>Ἰωάννης</em></strong></span> <span class='ocrx_word' id='word_1_476' title='bbox 2913 3343 3184 3417; x_wconf 76' lang='grc' dir='ltr'>βαπτίζων</span> <span class='ocrx_word' id='word_1_477' title='bbox 3222 3343 3273 3396; x_wconf 78' lang='grc' dir='ltr'><strong>ἐν</strong></span> <span class='ocrx_word' id='word_1_478' title='bbox 3331 3351 3393 3416; x_wconf 66' lang='grc' dir='ltr'>τῇ</span> <span class='ocrx_word' id='word_1_479' title='bbox 3427 3343 3625 3417; x_wconf 74' lang='grc' dir='ltr'>ἆρήμῳ,</span> <span class='ocrx_word' id='word_1_480' title='bbox 3662 3348 3754 3396; x_wconf 78' lang='grc' dir='ltr'>καὶ</span> <span class='ocrx_word' id='word_1_481' title='bbox 3792 3345 3952 3414; x_wconf 86' lang='grc' dir='ltr'>κηρύ-</span> 
     </span>
    </p>
   </div>
   <div class='ocr_carea' id='block_1_73' title="bbox 2355 3432 3953 3508">
    <p class='ocr_par' dir='ltr' id='par_1_73' title="bbox 2355 3432 3953 3508">
     <span class='ocr_line' id='line_1_73' title="bbox 2355 3432 3953 3508; baseline -0.005 -19"><span class='ocrx_word' id='word_1_482' title='bbox 2355 3456 2494 3490; x_wconf 87' lang='grc' dir='ltr'>σσων</span> <span class='ocrx_word' id='word_1_483' title='bbox 2608 3434 2887 3508; x_wconf 78' lang='grc' dir='ltr'><strong>βάπτισμα</strong></span> <span class='ocrx_word' id='word_1_484' title='bbox 2965 3437 3243 3507; x_wconf 78' lang='grc' dir='ltr'>μετανοίας</span> <span class='ocrx_word' id='word_1_485' title='bbox 3329 3433 3407 3495; x_wconf 82' lang='grc' dir='ltr'>εἰς</span> <span class='ocrx_word' id='word_1_486' title='bbox 3510 3434 3694 3507; x_wconf 69' lang='grc' dir='ltr'>ἄφεσιν</span> <span class='ocrx_word' id='word_1_487' title='bbox 3787 3432 3953 3505; x_wconf 76' lang='grc' dir='ltr'>αμαρ-</span> 
     </span>
    </p>
   </div>
   <div class='ocr_carea' id='block_1_74' title="bbox 2350 3534 2494 3581">
    <p class='ocr_par' dir='ltr' id='par_1_74' title="bbox 2350 3534 2494 3581">
     <span class='ocr_line' id='line_1_74' title="bbox 2350 3534 2494 3581; baseline 0.014 -2"><span class='ocrx_word' id='word_1_488' title='bbox 2350 3534 2494 3581; x_wconf 84' lang='grc' dir='ltr'>τεῶν.</span> 
     </span>
    </p>
   </div>
   <div class='ocr_carea' id='block_1_75' title="bbox 2420 3620 3952 3698">
    <p class='ocr_par' dir='ltr' id='par_1_75' title="bbox 2420 3620 3952 3698">
     <span class='ocr_line' id='line_1_75' title="bbox 2420 3620 3952 3698; baseline -0.003 -21"><span class='ocrx_word' id='word_1_489' title='bbox 2420 3632 2507 3686; x_wconf 81' lang='grc' dir='ltr'>Ὠς</span> <span class='ocrx_word' id='word_1_490' title='bbox 2535 3628 2823 3698; x_wconf 69' lang='grc' dir='ltr'>γέγραπται</span> <span class='ocrx_word' id='word_1_491' title='bbox 2878 3652 2945 3664; x_wconf 89' lang='grc'><strong>-</strong></span> <span class='ocrx_word' id='word_1_492' title='bbox 3005 3620 3218 3696; x_wconf 78' lang='grc' dir='ltr'>τρίϐους</span> <span class='ocrx_word' id='word_1_493' title='bbox 3291 3622 3470 3675; x_wconf 72' lang='grc' dir='ltr'>αὐτοῦ.</span> <span class='ocrx_word' id='word_1_494' title='bbox 3522 3626 3703 3673; x_wconf 79' lang='grc' dir='ltr'>Ταῦτα</span> <span class='ocrx_word' id='word_1_495' title='bbox 3747 3622 3814 3673; x_wconf 80' lang='grc' dir='ltr'><strong>τὰ</strong></span> <span class='ocrx_word' id='word_1_496' title='bbox 3860 3623 3952 3692; x_wconf 67' lang='grc' dir='ltr'>μὲν</span> 
     </span>
    </p>
   </div>
   <div class='ocr_carea' id='block_1_76' title="bbox 2355 3710 3958 3786">
    <p class='ocr_par' dir='ltr' id='par_1_76' title="bbox 2355 3710 3958 3786">
     <span class='ocr_line' id='line_1_76' title="bbox 2355 3710 3958 3786; baseline -0.004 -20"><span class='ocrx_word' id='word_1_497' title='bbox 2355 3710 2819 3786; x_wconf 78' lang='grc' dir='ltr'>διηρμηνεύθησαν</span> <span class='ocrx_word' id='word_1_498' title='bbox 2870 3710 2918 3763; x_wconf 74' lang='lat' dir='ltr'><strong>iv</strong></span> <span class='ocrx_word' id='word_1_499' title='bbox 2970 3719 3044 3782; x_wconf 80' lang='grc' dir='ltr'>τῷ</span> <span class='ocrx_word' id='word_1_500' title='bbox 3091 3717 3249 3784; x_wconf 81' lang='grc' dir='ltr'>τρίτῳ</span> <span class='ocrx_word' id='word_1_501' title='bbox 3311 3711 3568 3784; x_wconf 72' lang='grc' dir='ltr'><strong>κεφαλαίῳ</strong></span> <span class='ocrx_word' id='word_1_502' title='bbox 3643 3716 3737 3762; x_wconf 82' lang='grc' dir='ltr'>τοῦ</span> <span class='ocrx_word' id='word_1_503' title='bbox 3815 3711 3958 3761; x_wconf 83' lang='grc' dir='ltr'>κατὰ</span> 
     </span>
    </p>
   </div>
   <div class='ocr_carea' id='block_1_77' title="bbox 2354 3794 3956 3875">
    <p class='ocr_par' dir='ltr' id='par_1_77' title="bbox 2354 3794 3956 3875">
     <span class='ocr_line' id='line_1_77' title="bbox 2354 3794 3956 3875; baseline -0.004 -19"><span class='ocrx_word' id='word_1_504' title='bbox 2354 3805 2615 3856; x_wconf 78' lang='grc' dir='ltr'>Ματθαῐον</span> <span class='ocrx_word' id='word_1_505' title='bbox 2666 3820 2678 3832; x_wconf 90' lang='grc'><strong>·</strong></span> <span class='ocrx_word' id='word_1_506' title='bbox 2707 3804 2774 3854; x_wconf 83' lang='grc' dir='ltr'>τὰ</span> <span class='ocrx_word' id='word_1_507' title='bbox 2818 3797 2877 3853; x_wconf 72' lang='grc' dir='ltr'><strong>δε</strong></span> <span class='ocrx_word' id='word_1_508' title='bbox 2926 3800 3100 3874; x_wconf 72' lang='grc' dir='ltr'><strong>ἐφεξῆς</strong></span> <span class='ocrx_word' id='word_1_509' title='bbox 3159 3805 3445 3875; x_wconf 72' lang='grc' dir='ltr'>προφητεία</span> <span class='ocrx_word' id='word_1_510' title='bbox 3486 3799 3596 3852; x_wconf 78' lang='grc' dir='ltr'>ἐστὶ</span> <span class='ocrx_word' id='word_1_511' title='bbox 3653 3794 3956 3850; x_wconf 78' lang='grc' dir='ltr'>διδάσκου-</span> 
     </span>
    </p>
   </div>
   <div class='ocr_carea' id='block_1_78' title="bbox 2353 3888 3954 3963">
    <p class='ocr_par' dir='ltr' id='par_1_78' title="bbox 2353 3888 3954 3963">
     <span class='ocr_line' id='line_1_78' title="bbox 2353 3888 3954 3963; baseline -0.004 -17"><span class='ocrx_word' id='word_1_512' title='bbox 2353 3912 2421 3946; x_wconf 89' lang='grc' dir='ltr'><strong>σα</strong></span> <span class='ocrx_word' id='word_1_513' title='bbox 2473 3894 2553 3945; x_wconf 87' lang='grc' dir='ltr'>ὅτι</span> <span class='ocrx_word' id='word_1_514' title='bbox 2601 3890 2839 3954; x_wconf 83' lang='grc' dir='ltr'><strong>ἐξισώσει</strong></span> <span class='ocrx_word' id='word_1_515' title='bbox 2888 3895 2982 3948; x_wconf 78' lang='grc' dir='ltr'><strong>την</strong></span> <span class='ocrx_word' id='word_1_516' title='bbox 3039 3888 3335 3963; x_wconf 71' lang='grc' dir='ltr'>ἀνωμαλίαν</span> <span class='ocrx_word' id='word_1_517' title='bbox 3388 3898 3479 3942; x_wconf 77' lang='grc' dir='ltr'><strong>τοῦ</strong></span> <span class='ocrx_word' id='word_1_518' title='bbox 3529 3892 3728 3961; x_wconf 78' lang='grc' dir='ltr'>κόσμου</span> <span class='ocrx_word' id='word_1_519' title='bbox 3769 3888 3954 3962; x_wconf 63' lang='lat' dir='ltr'><strong>0X9:-</strong></span> 
     </span>
    </p>
   </div>
   <div class='ocr_carea' id='block_1_79' title="bbox 2353 3974 3954 4053">
    <p class='ocr_par' dir='ltr' id='par_1_79' title="bbox 2353 3974 3954 4053">
     <span class='ocr_line' id='line_1_79' title="bbox 2353 3974 3954 4053; baseline -0.004 -18"><span class='ocrx_word' id='word_1_520' title='bbox 2353 3986 2495 4049; x_wconf 82' lang='grc' dir='ltr'>στος,</span> <span class='ocrx_word' id='word_1_521' title='bbox 2543 3983 2639 4041; x_wconf 81' lang='grc' dir='ltr'>τὰς</span> <span class='ocrx_word' id='word_1_522' title='bbox 2668 3979 3009 4039; x_wconf 65' lang='grc' dir='ltr'>σκολιότητας</span> <span class='ocrx_word' id='word_1_523' title='bbox 3058 3983 3147 4032; x_wconf 77' lang='grc' dir='ltr'>καὶ</span> <span class='ocrx_word' id='word_1_524' title='bbox 3193 3981 3537 4053; x_wconf 73' lang='grc' dir='ltr'>τραχύτητας</span> <span class='ocrx_word' id='word_1_525' title='bbox 3593 3985 3694 4030; x_wconf 84' lang='grc' dir='ltr'>τῶν</span> <span class='ocrx_word' id='word_1_526' title='bbox 3759 3974 3954 4051; x_wconf 63' lang='grc' dir='ltr'>ἀνθρώ.</span> 
     </span>
    </p>
   </div>
   <div class='ocr_carea' id='block_1_80' title="bbox 586 4058 2241 4142">
    <p class='ocr_par' dir='ltr' id='par_1_80' title="bbox 586 4058 2241 4139">
     <span class='ocr_line' id='line_1_80' title="bbox 586 4058 2241 4139; baseline 0.006 -27"><span class='ocrx_word' id='word_1_527' title='bbox 586 4058 807 4128; x_wconf 87' lang='lat' dir='ltr'><strong>rigens,</strong></span> <span class='ocrx_word' id='word_1_528' title='bbox 834 4074 905 4115; x_wconf 87' lang='lat' dir='ltr'><strong>ac</strong></span> <span class='ocrx_word' id='word_1_529' title='bbox 929 4058 1135 4115; x_wconf 90' lang='lat' dir='ltr'><strong>delens</strong></span> <span class='ocrx_word' id='word_1_530' title='bbox 1153 4061 1242 4131; x_wconf 89' lang='lat' dir='ltr'><strong>(ii)</strong></span> <span class='ocrx_word' id='word_1_531' title='bbox 1266 4063 1463 4117; x_wconf 88' lang='lat' dir='ltr'><strong>aratro</strong></span> <span class='ocrx_word' id='word_1_532' title='bbox 1489 4061 1963 4133; x_wconf 88' lang='lat' dir='ltr'><strong>evangelicorum</strong></span> <span class='ocrx_word' id='word_1_533' title='bbox 1985 4079 2241 4139; x_wconf 67' lang='lat' dir='ltr'><strong>praecep-</strong></span> 
     </span>
    </p>
   </div>
   <div class='ocr_carea' id='block_1_81' title="bbox 2352 4058 3950 4142">
    <p class='ocr_par' dir='ltr' id='par_1_81' title="bbox 2352 4065 3950 4142">
     <span class='ocr_line' id='line_1_81' title="bbox 2352 4065 3950 4142; baseline -0.003 -18"><span class='ocrx_word' id='word_1_534' title='bbox 2352 4091 2458 4124; x_wconf 87' lang='grc' dir='ltr'><strong>πων</strong></span> <span class='ocrx_word' id='word_1_535' title='bbox 2508 4069 2728 4122; x_wconf 71' lang='grc' dir='ltr'>εὐθύνων</span> <span class='ocrx_word' id='word_1_536' title='bbox 2783 4072 2874 4121; x_wconf 79' lang='grc' dir='ltr'>καὶ</span> <span class='ocrx_word' id='word_1_537' title='bbox 2915 4067 3125 4121; x_wconf 80' lang='grc' dir='ltr'>λεαίνων</span> <span class='ocrx_word' id='word_1_538' title='bbox 3180 4077 3252 4139; x_wconf 80' lang='grc' dir='ltr'>τῷ</span> <span class='ocrx_word' id='word_1_539' title='bbox 3308 4065 3508 4142; x_wconf 76' lang='grc' dir='ltr'>ἀρότρῳ</span> <span class='ocrx_word' id='word_1_540' title='bbox 3571 4075 3669 4119; x_wconf 84' lang='grc' dir='ltr'>τῶν</span> <span class='ocrx_word' id='word_1_541' title='bbox 3735 4065 3950 4138; x_wconf 66' lang='grc' dir='ltr'><strong>εὐαγγε-</strong></span> 
     </span>
    </p>
   </div>
   <div class='ocr_carea' id='block_1_82' title="bbox 584 4147 1156 4207">
    <p class='ocr_par' dir='ltr' id='par_1_82' title="bbox 584 4147 1156 4207">
     <span class='ocr_line' id='line_1_82' title="bbox 584 4147 1156 4207; baseline 0.005 -4"><span class='ocrx_word' id='word_1_542' title='bbox 584 4150 805 4204; x_wconf 89' lang='lat' dir='ltr'><strong>torum.</strong></span> <span class='ocrx_word' id='word_1_543' title='bbox 846 4148 941 4205; x_wconf 83' lang='lat' dir='ltr'><strong>Ait</strong></span> <span class='ocrx_word' id='word_1_544' title='bbox 969 4147 1156 4207; x_wconf 90' lang='lat' dir='ltr'><strong>enim.</strong></span> 
     </span>
    </p>
   </div>
   <div class='ocr_carea' id='block_1_83' title="bbox 650 4344 2235 4419">
    <p class='ocr_par' dir='ltr' id='par_1_83' title="bbox 650 4344 2235 4419">
     <span class='ocr_line' id='line_1_83' title="bbox 650 4344 2235 4419; baseline 0.006 -18"><span class='ocrx_word' id='word_1_545' title='bbox 650 4346 693 4416; x_wconf 70' lang='grc' dir='ltr'><strong>σι-</strong></span> <span class='ocrx_word' id='word_1_546' title='bbox 717 4346 1019 4402; x_wconf 89' lang='lat' dir='ltr'><strong>Desertum</strong></span> <span class='ocrx_word' id='word_1_547' title='bbox 1043 4349 1149 4415; x_wconf 91' lang='lat' dir='ltr'><strong>est,</strong></span> <span class='ocrx_word' id='word_1_548' title='bbox 1177 4344 1273 4403; x_wconf 91' lang='lat' dir='ltr'><strong>hic</strong></span> <span class='ocrx_word' id='word_1_549' title='bbox 1296 4346 1559 4403; x_wconf 88' lang='lat' dir='ltr'><strong>mundus</strong></span> <span class='ocrx_word' id='word_1_550' title='bbox 1587 4352 1692 4403; x_wconf 88' lang='lat' dir='ltr'><strong>aut</strong></span> <span class='ocrx_word' id='word_1_551' title='bbox 1710 4347 1981 4407; x_wconf 89' lang='lat' dir='ltr'><strong>humana</strong></span> <span class='ocrx_word' id='word_1_552' title='bbox 2002 4357 2235 4419; x_wconf 89' lang='lat' dir='ltr'><strong>natura,</strong></span> 
     </span>
    </p>
   </div>
   <div class='ocr_carea' id='block_1_84' title="bbox 584 4432 2236 4510">
    <p class='ocr_par' dir='ltr' id='par_1_84' title="bbox 584 4432 2236 4510">
     <span class='ocr_line' id='line_1_84' title="bbox 584 4432 2236 4510; baseline 0.007 -22"><span class='ocrx_word' id='word_1_553' title='bbox 584 4432 708 4489; x_wconf 85' lang='lat' dir='ltr'><strong>sive</strong></span> <span class='ocrx_word' id='word_1_554' title='bbox 764 4437 1052 4508; x_wconf 87' lang='lat' dir='ltr'><strong>cujusque</strong></span> <span class='ocrx_word' id='word_1_555' title='bbox 1116 4436 1342 4503; x_wconf 88' lang='lat' dir='ltr'><strong>anima,</strong></span> <span class='ocrx_word' id='word_1_556' title='bbox 1393 4441 1638 4510; x_wconf 85' lang='lat' dir='ltr'><strong>propter</strong></span> <span class='ocrx_word' id='word_1_557' title='bbox 1709 4437 2236 4500; x_wconf 90' lang='lat' dir='ltr'><strong>infructuositatem</strong></span> 
     </span>
    </p>
   </div>
   <div class='ocr_carea' id='block_1_85' title="bbox 579 4522 2234 4602">
    <p class='ocr_par' dir='ltr' id='par_1_85' title="bbox 579 4522 2234 4602">
     <span class='ocr_line' id='line_1_85' title="bbox 579 4522 2234 4602; baseline 0.005 -22"><span class='ocrx_word' id='word_1_558' title='bbox 579 4522 901 4591; x_wconf 86' lang='lat' dir='ltr'><strong>bonorum,</strong></span> <span class='ocrx_word' id='word_1_559' title='bbox 955 4542 1093 4597; x_wconf 68' lang='lat' dir='ltr'><strong>quas</strong></span> <span class='ocrx_word' id='word_1_560' title='bbox 1132 4542 1167 4581; x_wconf 91' lang='lat' dir='ltr'><strong>a</strong></span> <span class='ocrx_word' id='word_1_561' title='bbox 1196 4526 1375 4582; x_wconf 86' lang='lat' dir='ltr'><strong>veteri</strong></span> <span class='ocrx_word' id='word_1_562' title='bbox 1429 4529 1894 4598; x_wconf 85' lang='lat' dir='ltr'><strong>transgressione</strong></span> <span class='ocrx_word' id='word_1_563' title='bbox 1942 4533 2234 4602; x_wconf 90' lang='lat' dir='ltr'><strong>provenit.</strong></span> 
     </span>
    </p>
   </div>
   <div class='ocr_carea' id='block_1_86' title="bbox 580 4613 2235 4693">
    <p class='ocr_par' dir='ltr' id='par_1_86' title="bbox 580 4613 2235 4693">
     <span class='ocr_line' id='line_1_86' title="bbox 580 4613 2235 4693; baseline 0.007 -26"><span class='ocrx_word' id='word_1_564' title='bbox 580 4614 700 4668; x_wconf 83' lang='lat' dir='ltr'><strong>Vox</strong></span> <span class='ocrx_word' id='word_1_565' title='bbox 755 4619 955 4669; x_wconf 89' lang='lat' dir='ltr'><strong>autem</strong></span> <span class='ocrx_word' id='word_1_566' title='bbox 996 4613 1313 4671; x_wconf 89' lang='lat' dir='ltr'><strong>clamantis</strong></span> <span class='ocrx_word' id='word_1_567' title='bbox 1363 4615 1599 4687; x_wconf 88' lang='lat' dir='ltr'><strong>dicitur,</strong></span> <span class='ocrx_word' id='word_1_568' title='bbox 1639 4618 1833 4673; x_wconf 89' lang='lat' dir='ltr'><strong>morbi</strong></span> <span class='ocrx_word' id='word_1_569' title='bbox 1883 4634 2094 4676; x_wconf 87' lang='lat' dir='ltr'><strong>sensus</strong></span> <span class='ocrx_word' id='word_1_570' title='bbox 2143 4621 2235 4693; x_wconf 87' lang='lat' dir='ltr'><strong>(jj)</strong></span> 
     </span>
    </p>
   </div>
   <div class='ocr_carea' id='block_1_87' title="bbox 2350 4154 3948 4230">
    <p class='ocr_par' dir='ltr' id='par_1_87' title="bbox 2350 4154 3948 4230">
     <span class='ocr_line' id='line_1_87' title="bbox 2350 4154 3948 4230; baseline -0.003 -19"><span class='ocrx_word' id='word_1_571' title='bbox 2350 4158 2505 4211; x_wconf 82' lang='grc' dir='ltr'>λικῶν</span> <span class='ocrx_word' id='word_1_572' title='bbox 2552 4157 2782 4211; x_wconf 73' lang='grc' dir='ltr'>ἐντολῶν.</span> <span class='ocrx_word' id='word_1_573' title='bbox 2839 4155 3055 4230; x_wconf 80' lang='grc' dir='ltr'><strong>[”Ακουε</strong></span> <span class='ocrx_word' id='word_1_574' title='bbox 3114 4158 3228 4228; x_wconf 92' lang='grc'>(77)</span> <span class='ocrx_word' id='word_1_575' title='bbox 3283 4158 3385 4229; x_wconf 70' lang='grc' dir='ltr'>γάρ</span> <span class='ocrx_word' id='word_1_576' title='bbox 3448 4164 3461 4186; x_wconf 90' lang='lat'><strong>‘</strong></span> <span class='ocrx_word' id='word_1_577' title='bbox 3498 4162 3655 4208; x_wconf 80' lang='grc' dir='ltr'>Πᾶσα</span> <span class='ocrx_word' id='word_1_578' title='bbox 3726 4154 3948 4228; x_wconf 70' lang='grc' dir='ltr'>φάραγξ,</span> 
     </span>
    </p>
   </div>
   <div class='ocr_carea' id='block_1_88' title="bbox 2349 4247 2592 4316">
    <p class='ocr_par' dir='ltr' id='par_1_88' title="bbox 2349 4247 2592 4316">
     <span class='ocr_line' id='line_1_88' title="bbox 2349 4247 2592 4316; baseline -0.004 -15"><span class='ocrx_word' id='word_1_579' title='bbox 2349 4268 2398 4303; x_wconf 88' lang='grc' dir='ltr'>κ.</span> <span class='ocrx_word' id='word_1_580' title='bbox 2432 4267 2484 4304; x_wconf 86' lang='grc' dir='ltr'>τ.</span> <span class='ocrx_word' id='word_1_581' title='bbox 2515 4247 2592 4316; x_wconf 86' lang='grc' dir='ltr'><strong>λ.]</strong></span> 
     </span>
    </p>
   </div>
   <div class='ocr_carea' id='block_1_89' title="bbox 2419 4350 3949 4429">
    <p class='ocr_par' dir='ltr' id='par_1_89' title="bbox 2419 4350 3949 4429">
     <span class='ocr_line' id='line_1_89' title="bbox 2419 4350 3949 4429; baseline -0.004 -21"><span class='ocrx_word' id='word_1_582' title='bbox 2419 4354 2442 4429; x_wconf 92' lang='grc'>[</span> <span class='ocrx_word' id='word_1_583' title='bbox 2469 4361 2571 4409; x_wconf 77' lang='grc' dir='ltr'><strong>Τοῦ</strong></span> <span class='ocrx_word' id='word_1_584' title='bbox 2598 4354 2751 4426; x_wconf 73' lang='grc' dir='ltr'>ἁγίου</span> <span class='ocrx_word' id='word_1_585' title='bbox 2782 4352 3025 4425; x_wconf 78' lang='grc' dir='ltr'>Μαξίμου</span> <span class='ocrx_word' id='word_1_586' title='bbox 3055 4368 3069 4385; x_wconf 77' lang='grc'><strong><em>⁸</em></strong></span> <span class='ocrx_word' id='word_1_587' title='bbox 3100 4352 3331 4425; x_wconf 79' lang='grc' dir='ltr'><strong>Ἔρημός</strong></span> <span class='ocrx_word' id='word_1_588' title='bbox 3361 4350 3501 4404; x_wconf 74' lang='grc' dir='ltr'>ἔστιν</span> <span class='ocrx_word' id='word_1_589' title='bbox 3548 4353 3664 4423; x_wconf 86' lang='grc'>(78)</span> <span class='ocrx_word' id='word_1_590' title='bbox 3697 4352 3723 4404; x_wconf 89' lang='grc' dir='ltr'><strong><em>ὁ</em></strong></span> <span class='ocrx_word' id='word_1_591' title='bbox 3752 4355 3949 4423; x_wconf 81' lang='grc' dir='ltr'>κόσμος</span> 
     </span>
    </p>
   </div>
   <div class='ocr_carea' id='block_1_90' title="bbox 2349 4438 3949 4516">
    <p class='ocr_par' dir='ltr' id='par_1_90' title="bbox 2349 4438 3949 4516">
     <span class='ocr_line' id='line_1_90' title="bbox 2349 4438 3949 4516; baseline -0.003 -19"><span class='ocrx_word' id='word_1_592' title='bbox 2349 4445 2522 4513; x_wconf 79' lang='grc' dir='ltr'>οὗτος,</span> <span class='ocrx_word' id='word_1_593' title='bbox 2552 4445 2581 4504; x_wconf 72' lang='grc' dir='ltr'><strong>ᾖ</strong></span> <span class='ocrx_word' id='word_1_594' title='bbox 2617 4446 2647 4502; x_wconf 82' lang='grc' dir='ltr'>ἡ</span> <span class='ocrx_word' id='word_1_595' title='bbox 2682 4443 2975 4516; x_wconf 79' lang='grc' dir='ltr'>ἀνθρωπίνη</span> <span class='ocrx_word' id='word_1_596' title='bbox 3001 4444 3171 4514; x_wconf 76' lang='grc' dir='ltr'>φύσις,</span> <span class='ocrx_word' id='word_1_597' title='bbox 3203 4442 3234 4500; x_wconf 79' lang='grc' dir='ltr'><strong><em>ἦ</em></strong></span> <span class='ocrx_word' id='word_1_598' title='bbox 3260 4444 3290 4499; x_wconf 74' lang='grc' dir='ltr'><strong>ἡ</strong></span> <span class='ocrx_word' id='word_1_599' title='bbox 3318 4442 3539 4494; x_wconf 78' lang='grc' dir='ltr'>ἑκάστου</span> <span class='ocrx_word' id='word_1_600' title='bbox 3559 4438 3841 4513; x_wconf 77' lang='grc' dir='ltr'><strong>ψυχὴ,διὰ</strong></span> <span class='ocrx_word' id='word_1_601' title='bbox 3856 4445 3949 4500; x_wconf 77' lang='grc' dir='ltr'>τήν</span> 
     </span>
    </p>
   </div>
   <div class='ocr_carea' id='block_1_91' title="bbox 2348 4528 3945 4606">
    <p class='ocr_par' dir='ltr' id='par_1_91' title="bbox 2348 4528 3945 4606">
     <span class='ocr_line' id='line_1_91' title="bbox 2348 4528 3945 4606; baseline -0.004 -20"><span class='ocrx_word' id='word_1_602' title='bbox 2348 4533 2403 4586; x_wconf 77' lang='grc' dir='ltr'>ἐκ</span> <span class='ocrx_word' id='word_1_603' title='bbox 2430 4542 2522 4593; x_wconf 82' lang='grc' dir='ltr'>τῆς</span> <span class='ocrx_word' id='word_1_604' title='bbox 2575 4535 2807 4605; x_wconf 81' lang='grc' dir='ltr'>ἀρχαίας</span> <span class='ocrx_word' id='word_1_605' title='bbox 2858 4529 3205 4606; x_wconf 82' lang='grc' dir='ltr'>παραϐάσεως</span> <span class='ocrx_word' id='word_1_606' title='bbox 3232 4528 3494 4603; x_wconf 78' lang='grc' dir='ltr'>ἀκαρπίαν</span> <span class='ocrx_word' id='word_1_607' title='bbox 3542 4538 3642 4583; x_wconf 83' lang='grc' dir='ltr'>τῶν</span> <span class='ocrx_word' id='word_1_608' title='bbox 3692 4528 3904 4601; x_wconf 73' lang='grc' dir='ltr'><strong>ἀγαθῶν</strong></span> <span class='ocrx_word' id='word_1_609' title='bbox 3930 4547 3945 4561; x_wconf 76' lang='grc' dir='ltr'><strong><em>ο</em></strong></span> 
     </span>
    </p>
   </div>
   <div class='ocr_carea' id='block_1_92' title="bbox 2350 4614 3949 4693">
    <p class='ocr_par' dir='ltr' id='par_1_92' title="bbox 2350 4614 3949 4693">
     <span class='ocr_line' id='line_1_92' title="bbox 2350 4614 3949 4693; baseline -0.004 -17"><span class='ocrx_word' id='word_1_610' title='bbox 2350 4628 2489 4681; x_wconf 64' lang='grc' dir='ltr'><strong>Φωνὴ</strong></span> <span class='ocrx_word' id='word_1_611' title='bbox 2517 4619 2578 4675; x_wconf 69' lang='grc' dir='ltr'><strong>δε</strong></span> <span class='ocrx_word' id='word_1_612' title='bbox 2618 4620 2845 4693; x_wconf 82' lang='grc' dir='ltr'>βοῶντος</span> <span class='ocrx_word' id='word_1_613' title='bbox 2869 4620 2989 4692; x_wconf 83' lang='lat'><strong>(79)</strong></span> <span class='ocrx_word' id='word_1_614' title='bbox 3028 4620 3229 4691; x_wconf 75' lang='grc' dir='ltr'>λέγεται</span> <span class='ocrx_word' id='word_1_615' title='bbox 3255 4621 3287 4677; x_wconf 80' lang='grc' dir='ltr'><strong>ἠ</strong></span> <span class='ocrx_word' id='word_1_616' title='bbox 3334 4621 3469 4671; x_wconf 83' lang='grc' dir='ltr'>κατὰ</span> <span class='ocrx_word' id='word_1_617' title='bbox 3521 4614 3829 4676; x_wconf 79' lang='grc' dir='ltr'>συνείδησιν</span> <span class='ocrx_word' id='word_1_618' title='bbox 3864 4617 3949 4671; x_wconf 76' lang='grc' dir='ltr'><strong>ἐπὶ</strong></span> 
     </span>
    </p>
   </div>
   <div class='ocr_carea' id='block_1_93' title="bbox 652 4764 2241 4847">
    <p class='ocr_par' dir='ltr' id='par_1_93' title="bbox 652 4764 2241 4834">
     <span class='ocr_line' id='line_1_93' title="bbox 652 4764 2241 4834; baseline 0.007 -16"><span class='ocrx_word' id='word_1_619' title='bbox 652 4766 700 4798; x_wconf 86' lang='grc'><strong><em>²²</em></strong></span> <span class='ocrx_word' id='word_1_620' title='bbox 722 4764 921 4819; x_wconf 87' lang='lat' dir='ltr'><strong>Matth.</strong></span> <span class='ocrx_word' id='word_1_621' title='bbox 954 4781 1011 4830; x_wconf 82' lang='grc' dir='ltr'>ιι,</span> <span class='ocrx_word' id='word_1_622' title='bbox 1046 4766 1139 4823; x_wconf 86' lang='lat'><strong>22.</strong></span> <span class='ocrx_word' id='word_1_623' title='bbox 1221 4770 1267 4803; x_wconf 80' lang='grc'><em>³³</em></span> <span class='ocrx_word' id='word_1_624' title='bbox 1292 4766 1490 4823; x_wconf 86' lang='lat' dir='ltr'><strong>Matth.</strong></span> <span class='ocrx_word' id='word_1_625' title='bbox 1523 4784 1683 4834; x_wconf 69' lang='lat' dir='ltr'><strong>xxvn,</strong></span> <span class='ocrx_word' id='word_1_626' title='bbox 1723 4772 1807 4825; x_wconf 84' lang='lat'><strong>58.</strong></span> <span class='ocrx_word' id='word_1_627' title='bbox 1888 4772 1938 4808; x_wconf 77' lang='grc'><strong>²⁴</strong></span> <span class='ocrx_word' id='word_1_628' title='bbox 1977 4772 2177 4829; x_wconf 87' lang='lat' dir='ltr'><strong>Matth.</strong></span> <span class='ocrx_word' id='word_1_629' title='bbox 2213 4790 2241 4829; x_wconf 80' lang='grc' dir='ltr'>ι]</span> 
     </span>
    </p>
   </div>
   <div class='ocr_carea' id='block_1_94' title="bbox 2352 4764 2825 4847">
    <p class='ocr_par' dir='ltr' id='par_1_94' title="bbox 2366 4775 2825 4838">
     <span class='ocr_line' id='line_1_94' title="bbox 2366 4775 2825 4838; baseline -0.011 -5"><span class='ocrx_word' id='word_1_630' title='bbox 2366 4816 2383 4833; x_wconf 94' lang='grc'><strong>.</strong></span> <span class='ocrx_word' id='word_1_631' title='bbox 2458 4775 2666 4830; x_wconf 73' lang='lat' dir='ltr'><strong>&quot;Marc</strong></span> <span class='ocrx_word' id='word_1_632' title='bbox 2698 4790 2734 4838; x_wconf 87' lang='grc' dir='ltr'>ι,</span> <span class='ocrx_word' id='word_1_633' title='bbox 2767 4776 2825 4828; x_wconf 77' lang='grc'><strong>4.</strong></span> 
     </span>
    </p>
   </div>
   <div class='ocr_carea' id='block_1_95' title="bbox 1826 4894 2697 4966">
    <p class='ocr_par' dir='ltr' id='par_1_95' title="bbox 1826 4894 2697 4966">
     <span class='ocr_line' id='line_1_95' title="bbox 1826 4894 2697 4966; baseline 0.001 -3"><span class='ocrx_word' id='word_1_634' title='bbox 1826 4894 2394 4966; x_wconf 66' lang='lat' dir='ltr'><strong>Variaalectiones</strong></span> <span class='ocrx_word' id='word_1_635' title='bbox 2417 4910 2481 4966; x_wconf 89' lang='lat' dir='ltr'><strong>et</strong></span> <span class='ocrx_word' id='word_1_636' title='bbox 2496 4907 2697 4965; x_wconf 65' lang='lat' dir='ltr'><strong>notae.</strong></span> 
     </span>
    </p>
   </div>
   <div class='ocr_carea' id='block_1_96' title="bbox 650 5030 2231 5103">
    <p class='ocr_par' dir='ltr' id='par_1_96' title="bbox 650 5030 2231 5103">
     <span class='ocr_line' id='line_1_96' title="bbox 650 5030 2231 5103; baseline 0.008 -18"><span class='ocrx_word' id='word_1_637' title='bbox 650 5030 765 5103; x_wconf 86' lang='lat'><strong>(75)</strong></span> <span class='ocrx_word' id='word_1_638' title='bbox 795 5031 1115 5103; x_wconf 72' lang='lat' dir='ltr'><strong>‘En-iabest</strong></span> <span class='ocrx_word' id='word_1_639' title='bbox 1150 5032 1329 5089; x_wconf 87' lang='lat' dir='ltr'><strong>etiam</strong></span> <span class='ocrx_word' id='word_1_640' title='bbox 1374 5035 1438 5090; x_wconf 91' lang='lat' dir='ltr'><strong>in</strong></span> <span class='ocrx_word' id='word_1_641' title='bbox 1500 5036 1588 5092; x_wconf 86' lang='lat' dir='ltr'><strong>his</strong></span> <span class='ocrx_word' id='word_1_642' title='bbox 1643 5038 1951 5095; x_wconf 89' lang='lat' dir='ltr'><strong>codicibus</strong></span> <span class='ocrx_word' id='word_1_643' title='bbox 1994 5040 2055 5096; x_wconf 91' lang='lat' dir='ltr'><strong>in</strong></span> <span class='ocrx_word' id='word_1_644' title='bbox 2093 5056 2231 5097; x_wconf 88' lang='lat' dir='ltr'><strong>con-</strong></span> 
     </span>
    </p>
   </div>
   <div class='ocr_carea' id='block_1_97' title="bbox 577 5102 1057 5165">
    <p class='ocr_par' dir='ltr' id='par_1_97' title="bbox 577 5102 1057 5165">
     <span class='ocr_line' id='line_1_97' title="bbox 577 5102 1057 5165; baseline -0.002 -6"><span class='ocrx_word' id='word_1_645' title='bbox 577 5106 737 5159; x_wconf 84' lang='lat' dir='ltr'><strong>textu</strong></span> <span class='ocrx_word' id='word_1_646' title='bbox 785 5102 1057 5165; x_wconf 71' lang='lat' dir='ltr'><strong>Matthaai.</strong></span> 
     </span>
    </p>
   </div>
   <div class='ocr_carea' id='block_1_98' title="bbox 650 5173 1342 5317">
    <p class='ocr_par' dir='ltr' id='par_1_98' title="bbox 650 5173 1342 5317">
     <span class='ocr_line' id='line_1_98' title="bbox 650 5173 1342 5317; baseline 0.007 -89"><span class='ocrx_word' id='word_1_647' title='bbox 650 5173 764 5317; x_wconf 53' lang='grc'>(76)</span> <span class='ocrx_word' id='word_1_648' title='bbox 803 5179 905 5228; x_wconf 82' lang='grc' dir='ltr'><strong>Καὶ</strong></span> <span class='ocrx_word' id='word_1_649' title='bbox 940 5177 1042 5250; x_wconf 71' lang='grc' dir='ltr'><strong>γὰρ</strong></span> <span class='ocrx_word' id='word_1_650' title='bbox 1073 5180 1163 5230; x_wconf 85' lang='grc' dir='ltr'>καὶ</span> <span class='ocrx_word' id='word_1_651' title='bbox 1191 5178 1243 5233; x_wconf 88' lang='grc' dir='ltr'><strong>ὁ.</strong></span> <span class='ocrx_word' id='word_1_652' title='bbox 1280 5184 1342 5233; x_wconf 79' lang='grc' dir='ltr'><strong>Δ.</strong></span> 
     </span>
     <span class='ocr_line' id='line_1_99' title="bbox 672 5246 1342 5305; baseline 0.009 -6"><span class='ocrx_word' id='word_1_653' title='bbox 672 5249 740 5299; x_wconf 88' lang='lat'><strong>77</strong></span> <span class='ocrx_word' id='word_1_654' title='bbox 793 5246 1029 5303; x_wconf 89' lang='lat' dir='ltr'><strong>Inclusa</strong></span> <span class='ocrx_word' id='word_1_655' title='bbox 1089 5248 1342 5305; x_wconf 55' lang='lat' dir='ltr'><strong>omittit.</strong></span> 
     </span>
    </p>
   </div>
   <div class='ocr_carea' id='block_1_99' title="bbox 672 5246 1406 5306">
    <p class='ocr_par' dir='ltr' id='par_1_99' title="bbox 672 5246 1406 5306">
     <span class='ocr_line' id='line_1_100' title="bbox 672 5246 1406 5306; baseline 0.008 -7"><span class='ocrx_word' id='word_1_656' title='bbox 672 5246 764 5306; x_wconf 87' lang='lat'><strong>77)</strong></span> <span class='ocrx_word' id='word_1_657' title='bbox 793 5246 1029 5303; x_wconf 84' lang='lat' dir='ltr'><strong>Inclusa</strong></span> <span class='ocrx_word' id='word_1_658' title='bbox 1089 5248 1302 5305; x_wconf 90' lang='lat' dir='ltr'><strong>omittit</strong></span> <span class='ocrx_word' id='word_1_659' title='bbox 1338 5250 1406 5306; x_wconf 88' lang='grc' dir='ltr'><strong>Β.</strong></span> 
     </span>
    </p>
   </div>
   <div class='ocr_carea' id='block_1_100' title="bbox 650 5420 2235 5493">
    <p class='ocr_par' dir='ltr' id='par_1_100' title="bbox 650 5420 2235 5493">
     <span class='ocr_line' id='line_1_101' title="bbox 650 5420 2235 5493; baseline 0.008 -18"><span class='ocrx_word' id='word_1_660' title='bbox 650 5420 781 5493; x_wconf 81' lang='lat' dir='ltr'><strong>(hh)</strong></span> <span class='ocrx_word' id='word_1_661' title='bbox 822 5421 1339 5481; x_wconf 83' lang='lat' dir='ltr'><strong>Gubernationem.</strong></span> <span class='ocrx_word' id='word_1_662' title='bbox 1369 5425 1496 5483; x_wconf 90' lang='lat' dir='ltr'><strong>Imo</strong></span> <span class='ocrx_word' id='word_1_663' title='bbox 1526 5426 1791 5484; x_wconf 86' lang='lat' dir='ltr'><strong>domum.</strong></span> <span class='ocrx_word' id='word_1_664' title='bbox 1824 5432 2077 5482; x_wconf 80' lang='grc' dir='ltr'>Κατοικία</span> <span class='ocrx_word' id='word_1_665' title='bbox 2097 5446 2235 5486; x_wconf 85' lang='lat' dir='ltr'><strong>nus-</strong></span> 
     </span>
    </p>
   </div>
   <div class='ocr_carea' id='block_1_101' title="bbox 577 5493 2237 5574">
    <p class='ocr_par' dir='ltr' id='par_1_101' title="bbox 577 5493 2237 5574">
     <span class='ocr_line' id='line_1_102' title="bbox 577 5493 2237 5574; baseline 0.007 -25"><span class='ocrx_word' id='word_1_666' title='bbox 577 5508 767 5574; x_wconf 78' lang='lat' dir='ltr'><strong>quam</strong></span> <span class='ocrx_word' id='word_1_667' title='bbox 796 5498 893 5574; x_wconf 76' lang='lat' dir='ltr'><strong>est</strong></span> <span class='ocrx_word' id='word_1_668' title='bbox 909 5495 1284 5574; x_wconf 63' lang='grc' dir='ltr'><strong>ριιὸςετνιιιιίοξ</strong></span> <span class='ocrx_word' id='word_1_669' title='bbox 1316 5493 1765 5574; x_wconf 40' lang='grc' dir='ltr'>θρα-διοίκησις.</span> <span class='ocrx_word' id='word_1_670' title='bbox 1802 5499 1966 5574; x_wconf 80' lang='lat' dir='ltr'><strong>Patet</strong></span> <span class='ocrx_word' id='word_1_671' title='bbox 2009 5502 2067 5574; x_wconf 80' lang='lat' dir='ltr'><strong>id</strong></span> <span class='ocrx_word' id='word_1_672' title='bbox 2099 5520 2237 5560; x_wconf 88' lang='lat' dir='ltr'><strong>vero</strong></span> 
     </span>
    </p>
   </div>
   <div class='ocr_carea' id='block_1_102' title="bbox 579 5567 2231 5643">
    <p class='ocr_par' dir='ltr' id='par_1_102' title="bbox 579 5567 2231 5643">
     <span class='ocr_line' id='line_1_103' title="bbox 579 5567 2231 5643; baseline 0.007 -24"><span class='ocrx_word' id='word_1_673' title='bbox 579 5567 757 5643; x_wconf 82' lang='lat' dir='ltr'><strong>etiam</strong></span> <span class='ocrx_word' id='word_1_674' title='bbox 780 5581 849 5643; x_wconf 59' lang='lat' dir='ltr'><strong>ei:</strong></span> <span class='ocrx_word' id='word_1_675' title='bbox 877 5568 995 5643; x_wconf 89' lang='lat' dir='ltr'><strong>l._I.</strong></span> <span class='ocrx_word' id='word_1_676' title='bbox 1036 5569 1182 5622; x_wconf 90' lang='lat' dir='ltr'><strong>Nam</strong></span> <span class='ocrx_word' id='word_1_677' title='bbox 1207 5568 1285 5643; x_wconf 74' lang='lat' dir='ltr'><strong>ad</strong></span> <span class='ocrx_word' id='word_1_678' title='bbox 1316 5567 1521 5643; x_wconf 70' lang='lat' dir='ltr'><strong>Matth.</strong></span> <span class='ocrx_word' id='word_1_679' title='bbox 1568 5585 1725 5637; x_wconf 74' lang='lat' dir='ltr'><strong>xxvn,</strong></span> <span class='ocrx_word' id='word_1_680' title='bbox 1759 5576 1848 5643; x_wconf 83' lang='lat'><strong>58,</strong></span> <span class='ocrx_word' id='word_1_681' title='bbox 1892 5572 1973 5629; x_wconf 90' lang='lat' dir='ltr'><strong>ita</strong></span> <span class='ocrx_word' id='word_1_682' title='bbox 2014 5573 2231 5643; x_wconf 87' lang='lat' dir='ltr'><strong>habet;</strong></span> 
     </span>
    </p>
   </div>
   <div class='ocr_carea' id='block_1_103' title="bbox 652 5635 1903 5713">
    <p class='ocr_par' dir='ltr' id='par_1_103' title="bbox 652 5635 1903 5713">
     <span class='ocr_line' id='line_1_104' title="bbox 652 5635 1903 5713; baseline 0.006 -27"><span class='ocrx_word' id='word_1_683' title='bbox 652 5640 751 5713; x_wconf 65' lang='grc' dir='ltr'><strong>ξςαὶ</strong></span> <span class='ocrx_word' id='word_1_684' title='bbox 773 5639 879 5713; x_wconf 56' lang='grc' dir='ltr'><strong>Ϊὰρ</strong></span> <span class='ocrx_word' id='word_1_685' title='bbox 907 5636 1205 5713; x_wconf 55' lang='grc' dir='ltr'>ἀμφοτέρων</span> <span class='ocrx_word' id='word_1_686' title='bbox 1237 5636 1304 5699; x_wconf 83' lang='grc' dir='ltr'><strong>εἷς</strong></span> <span class='ocrx_word' id='word_1_687' title='bbox 1332 5635 1469 5713; x_wconf 77' lang='grc' dir='ltr'>οἶκος</span> <span class='ocrx_word' id='word_1_688' title='bbox 1507 5645 1595 5693; x_wconf 81' lang='grc' dir='ltr'>καὶ</span> <span class='ocrx_word' id='word_1_689' title='bbox 1620 5635 1718 5711; x_wconf 85' lang='grc' dir='ltr'><strong>μία</strong></span> <span class='ocrx_word' id='word_1_690' title='bbox 1746 5642 1873 5700; x_wconf 73' lang='grc' dir='ltr'><strong>αὖλὴ</strong></span> <span class='ocrx_word' id='word_1_691' title='bbox 1891 5686 1903 5698; x_wconf 90' lang='grc'><strong>.</strong></span> 
     </span>
    </p>
   </div>
   <div class='ocr_carea' id='block_1_104' title="bbox 649 5656 2233 5784">
    <p class='ocr_par' dir='ltr' id='par_1_104' title="bbox 649 5656 2233 5784">
     <span class='ocr_line' id='line_1_105' title="bbox 652 5656 1903 5763; baseline 0.006 -76"><span class='ocrx_word' id='word_1_692' title='bbox 652 5656 879 5763; x_wconf 64' lang='grc' dir='ltr'>λαιὸαρ</span> <span class='ocrx_word' id='word_1_693' title='bbox 907 5657 1205 5713; x_wconf 77' lang='grc' dir='ltr'>αμφοτερων</span> <span class='ocrx_word' id='word_1_694' title='bbox 1237 5658 1304 5699; x_wconf 87' lang='grc' dir='ltr'><strong>εις</strong></span> <span class='ocrx_word' id='word_1_695' title='bbox 1333 5657 1469 5698; x_wconf 83' lang='grc' dir='ltr'>οικος</span> <span class='ocrx_word' id='word_1_696' title='bbox 1507 5659 1595 5693; x_wconf 84' lang='grc' dir='ltr'><strong>και</strong></span> <span class='ocrx_word' id='word_1_697' title='bbox 1620 5656 1718 5711; x_wconf 83' lang='grc' dir='ltr'><strong>μία</strong></span> <span class='ocrx_word' id='word_1_698' title='bbox 1746 5656 1873 5700; x_wconf 63' lang='lat' dir='ltr'><strong>«om</strong></span> <span class='ocrx_word' id='word_1_699' title='bbox 1891 5686 1903 5698; x_wconf 92' lang='lat'><strong>.</strong></span> 
     </span>
     <span class='ocr_line' id='line_1_106' title="bbox 649 5707 2233 5784; baseline 0.007 -22"><span class='ocrx_word' id='word_1_700' title='bbox 649 5707 735 5780; x_wconf 89' lang='lat' dir='ltr'><strong>(ii)</strong></span> <span class='ocrx_word' id='word_1_701' title='bbox 815 5711 991 5766; x_wconf 82' lang='lat' dir='ltr'><strong>elens.</strong></span> <span class='ocrx_word' id='word_1_702' title='bbox 1032 5710 1283 5766; x_wconf 69' lang='lat' dir='ltr'><strong>Planum</strong></span> <span class='ocrx_word' id='word_1_703' title='bbox 1321 5708 1564 5781; x_wconf 72' lang='lat' dir='ltr'><strong>faciens,</strong></span> <span class='ocrx_word' id='word_1_704' title='bbox 1604 5722 1881 5784; x_wconf 67' lang='lat' dir='ltr'><strong>mquam.</strong></span> <span class='ocrx_word' id='word_1_705' title='bbox 1930 5712 2048 5771; x_wconf 75' lang='lat' dir='ltr'><strong>Hoc</strong></span> <span class='ocrx_word' id='word_1_706' title='bbox 2072 5718 2233 5773; x_wconf 88' lang='lat' dir='ltr'><strong>enim</strong></span> 
     </span>
    </p>
   </div>
   <div class='ocr_carea' id='block_1_105' title="bbox 2424 5035 3945 5119">
    <p class='ocr_par' dir='ltr' id='par_1_105' title="bbox 2424 5035 3945 5119">
     <span class='ocr_line' id='line_1_107' title="bbox 2424 5035 3945 5119; baseline -0.005 -20"><span class='ocrx_word' id='word_1_707' title='bbox 2424 5040 2539 5119; x_wconf 68' lang='lat'><strong>(78)</strong></span> <span class='ocrx_word' id='word_1_708' title='bbox 2570 5047 2613 5119; x_wconf 70' lang='grc' dir='ltr'><strong>ᾼ</strong></span> <span class='ocrx_word' id='word_1_709' title='bbox 2650 5039 2711 5097; x_wconf 90' lang='lat' dir='ltr'><strong>in</strong></span> <span class='ocrx_word' id='word_1_710' title='bbox 2742 5038 3081 5119; x_wconf 53' lang='lat' dir='ltr'><strong>margine}</strong></span> <span class='ocrx_word' id='word_1_711' title='bbox 3128 5038 3191 5119; x_wconf 85' lang='lat' dir='ltr'><strong>in</strong></span> <span class='ocrx_word' id='word_1_712' title='bbox 3234 5041 3433 5119; x_wconf 71' lang='lat' dir='ltr'><strong>textu.</strong></span> <span class='ocrx_word' id='word_1_713' title='bbox 3500 5040 3729 5096; x_wconf 81' lang='lat' dir='ltr'><strong>Nomen</strong></span> <span class='ocrx_word' id='word_1_714' title='bbox 3760 5035 3945 5095; x_wconf 83' lang='lat' dir='ltr'><strong>sancti</strong></span> 
     </span>
    </p>
   </div>
   <div class='ocr_carea' id='block_1_106' title="bbox 2349 5109 3346 5169">
    <p class='ocr_par' dir='ltr' id='par_1_106' title="bbox 2349 5109 3346 5169">
     <span class='ocr_line' id='line_1_108' title="bbox 2349 5109 3346 5169; baseline -0.007 0"><span class='ocrx_word' id='word_1_715' title='bbox 2349 5109 2595 5169; x_wconf 72' lang='lat' dir='ltr'><strong>maximi</strong></span> <span class='ocrx_word' id='word_1_716' title='bbox 2627 5126 2750 5168; x_wconf 89' lang='lat' dir='ltr'><strong>non</strong></span> <span class='ocrx_word' id='word_1_717' title='bbox 2782 5109 2966 5168; x_wconf 82' lang='lat' dir='ltr'><strong>habet</strong></span> <span class='ocrx_word' id='word_1_718' title='bbox 3003 5109 3346 5167; x_wconf 85' lang='lat' dir='ltr'><strong>Heutenius.</strong></span> 
     </span>
    </p>
   </div>
   <div class='ocr_carea' id='block_1_107' title="bbox 2419 5177 3945 5255">
    <p class='ocr_par' dir='ltr' id='par_1_107' title="bbox 2419 5177 3945 5255">
     <span class='ocr_line' id='line_1_109' title="bbox 2419 5177 3945 5255; baseline -0.005 -15"><span class='ocrx_word' id='word_1_719' title='bbox 2419 5183 2539 5255; x_wconf 10' lang='lat'><strong>(797)</strong></span> <span class='ocrx_word' id='word_1_720' title='bbox 2566 5187 2765 5255; x_wconf 75' lang='grc' dir='ltr'><strong>Λόγου,</strong></span> <span class='ocrx_word' id='word_1_721' title='bbox 2793 5197 2894 5255; x_wconf 84' lang='lat' dir='ltr'><strong>pro</strong></span> <span class='ocrx_word' id='word_1_722' title='bbox 2915 5181 3143 5255; x_wconf 72' lang='grc' dir='ltr'>λέγεται.</span> <span class='ocrx_word' id='word_1_723' title='bbox 3181 5180 3239 5236; x_wconf 89' lang='grc' dir='ltr'><strong>Β.</strong></span> <span class='ocrx_word' id='word_1_724' title='bbox 3274 5180 3399 5236; x_wconf 88' lang='lat' dir='ltr'><strong>Hoc</strong></span> <span class='ocrx_word' id='word_1_725' title='bbox 3426 5178 3647 5246; x_wconf 88' lang='lat' dir='ltr'><strong>malim,</strong></span> <span class='ocrx_word' id='word_1_726' title='bbox 3681 5180 3790 5237; x_wconf 90' lang='lat' dir='ltr'><strong>etsi</strong></span> <span class='ocrx_word' id='word_1_727' title='bbox 3809 5177 3945 5235; x_wconf 86' lang='lat' dir='ltr'><strong>illud</strong></span> 
     </span>
    </p>
   </div>
   <div class='ocr_carea' id='block_1_108' title="bbox 2345 5252 2928 5327">
    <p class='ocr_par' dir='ltr' id='par_1_108' title="bbox 2345 5252 2928 5327">
     <span class='ocr_line' id='line_1_110' title="bbox 2345 5252 2928 5327; baseline 0 -18"><span class='ocrx_word' id='word_1_728' title='bbox 2345 5252 2556 5327; x_wconf 81' lang='lat' dir='ltr'><strong>legerit</strong></span> <span class='ocrx_word' id='word_1_729' title='bbox 2581 5252 2928 5311; x_wconf 79' lang='lat' dir='ltr'><strong>Hentenius.</strong></span> 
     </span>
    </p>
   </div>
   <div class='ocr_carea' id='block_1_109' title="bbox 2345 5431 2879 5495">
    <p class='ocr_par' dir='ltr' id='par_1_109' title="bbox 2345 5431 2879 5495">
     <span class='ocr_line' id='line_1_111' title="bbox 2345 5431 2879 5495; baseline -0.009 -6"><span class='ocrx_word' id='word_1_730' title='bbox 2345 5437 2436 5489; x_wconf 89' lang='lat' dir='ltr'><strong>est</strong></span> <span class='ocrx_word' id='word_1_731' title='bbox 2473 5432 2535 5488; x_wconf 86' lang='lat' dir='ltr'><strong>h.</strong></span> <span class='ocrx_word' id='word_1_732' title='bbox 2575 5432 2614 5495; x_wconf 86' lang='grc'><strong>1,</strong></span> <span class='ocrx_word' id='word_1_733' title='bbox 2646 5431 2879 5485; x_wconf 84' lang='grc' dir='ltr'>λεαίνειν.</span> 
     </span>
    </p>
   </div>
   <div class='ocr_carea' id='block_1_110' title="bbox 2416 5501 3943 5575">
    <p class='ocr_par' dir='ltr' id='par_1_110' title="bbox 2416 5501 3943 5575">
     <span class='ocr_line' id='line_1_112' title="bbox 2416 5501 3943 5575; baseline -0.004 -13"><span class='ocrx_word' id='word_1_734' title='bbox 2416 5506 2514 5575; x_wconf 88' lang='lat' dir='ltr'><strong>(jj)</strong></span> <span class='ocrx_word' id='word_1_735' title='bbox 2540 5504 2731 5560; x_wconf 78' lang='lat' dir='ltr'><strong>Morbi</strong></span> <span class='ocrx_word' id='word_1_736' title='bbox 2766 5517 2988 5567; x_wconf 82' lang='lat' dir='ltr'><strong>sensus,</strong></span> <span class='ocrx_word' id='word_1_737' title='bbox 3049 5506 3164 5575; x_wconf 74' lang='lat' dir='ltr'><strong>etc.</strong></span> <span class='ocrx_word' id='word_1_738' title='bbox 3218 5504 3440 5575; x_wconf 78' lang='lat' dir='ltr'><strong>Sensus</strong></span> <span class='ocrx_word' id='word_1_739' title='bbox 3471 5501 3847 5575; x_wconf 69' lang='lat' dir='ltr'><strong>conscientia:</strong></span> <span class='ocrx_word' id='word_1_740' title='bbox 3874 5517 3943 5557; x_wconf 80' lang='lat' dir='ltr'><strong>ex</strong></span> 
     </span>
    </p>
   </div>
   <div class='ocr_carea' id='block_1_111' title="bbox 2341 5573 3944 5653">
    <p class='ocr_par' dir='ltr' id='par_1_111' title="bbox 2341 5573 3944 5653">
     <span class='ocr_line' id='line_1_113' title="bbox 2341 5573 3944 5653; baseline -0.002 -22"><span class='ocrx_word' id='word_1_741' title='bbox 2341 5573 2609 5649; x_wconf 48' lang='lat' dir='ltr'><strong>iisfquaa</strong></span> <span class='ocrx_word' id='word_1_742' title='bbox 2639 5575 2889 5653; x_wconf 74' lang='lat' dir='ltr'><strong>quilibet</strong></span> <span class='ocrx_word' id='word_1_743' title='bbox 2927 5573 3214 5653; x_wconf 76' lang='lat' dir='ltr'><strong>peccavit,</strong></span> <span class='ocrx_word' id='word_1_744' title='bbox 3248 5574 3423 5646; x_wconf 87' lang='lat' dir='ltr'><strong>quasi</strong></span> <span class='ocrx_word' id='word_1_745' title='bbox 3453 5573 3725 5630; x_wconf 88' lang='lat' dir='ltr'><strong>clamans</strong></span> <span class='ocrx_word' id='word_1_746' title='bbox 3755 5579 3815 5628; x_wconf 89' lang='lat' dir='ltr'><strong>et</strong></span> <span class='ocrx_word' id='word_1_747' title='bbox 3857 5588 3944 5629; x_wconf 88' lang='lat' dir='ltr'><strong>ar-</strong></span> 
     </span>
    </p>
   </div>
   <div class='ocr_carea' id='block_1_112' title="bbox 2344 5644 3204 5718">
    <p class='ocr_par' dir='ltr' id='par_1_112' title="bbox 2344 5644 3204 5718">
     <span class='ocr_line' id='line_1_114' title="bbox 2344 5644 3204 5718; baseline -0.002 -16"><span class='ocrx_word' id='word_1_748' title='bbox 2344 5644 2533 5718; x_wconf 64' lang='lat' dir='ltr'><strong>guens</strong></span> <span class='ocrx_word' id='word_1_749' title='bbox 2571 5644 2806 5704; x_wconf 73' lang='lat' dir='ltr'><strong>occulta</strong></span> <span class='ocrx_word' id='word_1_750' title='bbox 2834 5644 3051 5711; x_wconf 84' lang='lat' dir='ltr'><strong>cordis,</strong></span> <span class='ocrx_word' id='word_1_751' title='bbox 3094 5649 3204 5702; x_wconf 81' lang='lat' dir='ltr'><strong>etc.</strong></span> 
     </span>
    </p>
   </div>
  </div>
