4210 6462
246 374 347 435 901

1364 375 1730 435 COMMENT.
1771 374 1847 432 IN
1885 369 2144 433 LUCAM.
2183 407 2252 418 —
2291 373 2451 434 CAP.
2484 372 2581 431 III.

3516 366 3625 430 90$

240 509 355 564 τοῖς
396 502 600 573 ἑκάστῳ
645 500 1060 575 πλημμεληθείσι
1110 504 1478 571 συναίσθησις,
1511 506 1665 555 οἱονεὶ
1707 499 1847 575 βοῶ-

1982 491 2128 573 [uasi
2176 517 2282 572 per
2323 499 2746 556 conscientiam
2800 498 3070 556 clamans
3113 504 3324 556 contra
3370 514 3441 555 ea
3488 514 3621 571 quas

244 611 316 644 σα
351 595 437 643 τὸν
477 591 693 663 ἔλεγχον
726 590 859 643 κατά
888 594 946 643 τὸ
976 595 1201 665 κρυπτὸν
1242 601 1332 652 τῆς
1361 588 1601 665 καρδίας,
1635 597 1723 644 καὶ
1751 612 1846 642 πα-

242 688 503 755 ραινοῦσα
554 686 813 752 μετανοεῖν
862 685 951 732 καὶ
1000 680 1276 752 ἑτοιμάσαι
1328 685 1420 739 τὴν
1452 677 1573 732 ὁδὸν
1632 685 1841 753 Κυρίου·

245 770 531 842 ἑτοιμασία
582 765 641 821 δὲ
675 771 704 827 ἡ
756 777 854 820 τῶν
885 774 1087 840 τρόπων
1138 770 1250 840 (80)
1291 774 1381 821 καὶ
1432 779 1528 821 τῶν
1586 769 1848 840 λογισμῶν

244 858 330 913 ἐπὶ
372 863 430 912 τὸ
483 866 713 932 κρεῖττον
761 856 1039 929 μεταϐολὴ·
1084 859 1208 920 ὁδὸς
1274 855 1332 911 δὲ
1392 863 1606 932 Κυρίου,
1653 860 1677 909 ὁ
1717 860 1852 909 κατὰ

246 952 372 1002 Θεὸν
433 945 666 1022 ἐνάρετος
732 944 869 1019 βίος
931 945 1101 1020 τρίϐοι
1163 944 1223 1000 δὲ
1270 948 1429 1000 αὐτοῦ
1496 949 1559 999 τὰ
1624 944 1852 1021 διάφορα

243 1040 384 1090 κατὰ
440 1040 568 1088 Θεὸν
631 1031 1049 1107 ἐπιτηδεύματα,
1106 1034 1169 1096 ἇς
1216 1036 1517 1088 εὐθύνουσιν
1576 1035 1625 1088 οἰ
1686 1034 1850 1110 ὀρθῶς

244 1131 339 1179 καὶ
368 1125 646 1199 ἀμέμπτως
670 1129 764 1183 τὴν
788 1123 972 1198 ἀρετὴν
1004 1121 1413 1187 ἐπιτηδεύοντες.
1445 1126 1518 1177 Ou’
1539 1124 1694 1176 καλὸν
1724 1126 1850 1198 γὰρ,

244 1221 400 1289 φησὶ,
434 1219 492 1267 τὸ
522 1213 698 1279 καλὸν,
740 1215 861 1266 ὅταν
886 1218 957 1286 μὴ
982 1213 1150 1275 καλῶς
1176 1213 1445 1287 γίνηται.]

318 1418 477 1465 Πᾶσα
550 1441 620 1450 —
700 1410 1163 1467 ταπεινωθήσεται.
1254 1409 1380 1483 [Τοῦ
1460 1410 1638 1461 αύτου·
1745 1415 1851 1462 Φα-

242 1500 380 1575 ραγξ
431 1499 546 1572 (81)
598 1496 740 1551 ἐστὶν
792 1500 821 1556 ἡ
880 1498 1101 1551 ἑκάστου
1158 1498 1309 1574 σὰρξ,
1356 1500 1386 1557 ἡ
1434 1506 1505 1569 τῷ
1550 1497 1721 1569 πολλῷ
1762 1502 1850 1550 καὶ

246 1587 466 1664 σφοδρῷ
519 1590 740 1664 ῥεύματι
814 1596 914 1639 τῶν
974 1590 1151 1641 παθῶν
1212 1584 1703 1663 ἐκχαραδρωθεῖσα,
1763 1592 1851 1639 καὶ

244 1685 343 1739 τὴν
400 1681 534 1753 πρὸς
585 1682 680 1736 τὴν
737 1675 937 1749 ψυχὴν,
998 1679 1133 1729 κατὰ
1196 1680 1281 1730 τὸν
1338 1684 1429 1729 τοῦ
1488 1673 1852 1739 συνδήσαντος

249 1777 386 1825 Θεοῦ
448 1767 560 1839 (82)
622 1771 796 1839 νόμον,
850 1771 1201 1839 πνευματικὴν
1260 1771 1532 1839 συνέχειαν
1590 1766 1701 1838 (83)
1763 1775 1848 1818 καὶ

251 1861 537 1929 συνάφειαν
579 1852 955 1927 διατμηθεῖσα.
994 1860 1215 1908 Δυνατόν
1275 1852 1332 1907 δὲ
1386 1861 1475 1908 καὶ
1521 1860 1614 1913 τὴν
1665 1855 1851 1926 ψυχὴν

247 1950 503 2006 νοηθῆναι
559 1946 828 2020 φάραγγα,
878 1949 972 2002 τὴν
1032 1953 1092 2016 τῆ
1153 1953 1326 2017 συχνῇ
1397 1950 1485 1997 καὶ
1565 1944 1705 2016 ὀξείᾳ
1752 1952 1850 1995 τῶν

247 2043 489 2108 πονηρῶν
551 2033 813 2105 λογισμῶν
877 2031 1089 2107 ἐπιρροῇ
1161 2032 1538 2103 κοιλανθεῖσαν,
1598 2038 1687 2085 καὶ
1764 2042 1853 2093 τῆς

248 2131 604 2197 πνευματικῆς
654 2121 971 2193 ὁμαλότητος
1026 2126 1084 2175 τὸ
1140 2121 1320 2184 κάλλος
1384 2119 1476 2174 διὰ
1532 2130 1627 2184 τῆς
1671 2126 1854 2181 κακίας

254 2212 638 2266 ἀποϐαλοῦσαν.
695 2217 851 2264 Πᾶσα
919 2214 1088 2262 τοίνυν
1176 2212 1392 2269 τοιαύτη
1460 2210 1666 2283 φάραγξ
1756 2219 1852 2262 τῶν

259 2301 639 2374 ἑτοιμασάντων
684 2304 774 2359 τὴν
824 2297 947 2352 ὁδὸν
1000 2304 1192 2372 Κυρίου
1241 2298 1658 2374 πληρωθήσεναι,
1696 2318 1852 2352 τουτ-

261 2395 403 2443 έστιν
466 2389 537 2450 εἰς
593 2394 683 2448 τὴν
753 2387 1082 2460 ὀφειλομένην
1156 2388 1267 2450 ἡξει
1349 2391 1694 2454 κατάστασιν,
1760 2384 1855 2441 διὰ

257 2488 352 2539 τῆς
398 2476 652 2538 ἀποϐολῆς
700 2486 796 2538 τῆς
832 2480 1021 2537 κακίας
1076 2480 1166 2529 καὶ
1205 2486 1294 2537 τῆς
1353 2474 1581 2548 ἀγνοίας,
1614 2481 1705 2529 καὶ
1761 2485 1853 2539 τῆς

253 2566 498 2629 ἐπιϐολῆς
595 2573 693 2626 τῆς
771 2563 959 2641 ἀρετῆς
1043 2569 1133 2618 καὶ
1223 2573 1315 2627 τῆς
1396 2572 1654 2637 γνώσεως,
1726 2570 1817 2618 καὶ

248 2677 407 2731 μεων.

322 2745 487 2819 "Ope;
514 2749 606 2818 μέν
633 2742 744 2796 ἐστι
764 2750 912 2797 πᾶσα
939 2752 1130 2815 γνῶσις
1153 2740 1516 2816 ψευδώνυμος,
1547 2742 1855 2819 ἐπαιρομίνη

1959 590 2214 661 quisque
2231 589 2476 660 deliquit
2499 588 2808 659 arguendo
2830 588 3029 644 cordis
3054 587 3303 653 occulta,
3330 591 3387 642 et
3407 587 3619 642 adhor-

1962 678 2144 733 tando
2165 678 2240 732 ad
2255 677 2741 748 resipiscendum,
2759 678 3001 734 eteliam
3019 677 3094 731 ad
3111 677 3448 747 parandum
3463 676 3621 731 viam

1961 766 2215 822 Domini.
2256 766 2612 838 Praeparatio
2642 773 2841 822 autem
2873 771 2958 821 est
2980 782 3216 821 morum
3238 771 3295 820 et
3315 764 3618 834 cogitatio-

1962 871 2111 909 num
2142 856 2219 910 ad
2252 854 2464 909 melius
2499 855 2766 910 mutatio.
2809 855 2909 910 Via
2932 870 3074 910 vero
3100 854 3334 910 Domini
3360 861 3448 909 est
3475 853 3618 920 vita,

1964 959 2097 1015 quas
2125 944 2321 998 virtuti
2345 943 2674 999 secundum
2700 945 2883 998 Deum
2911 944 3196 999 innititur.
3221 942 3454 999 Semitas
3475 956 3622 1014 quo-

1962 1046 2100 1102 que,
2133 1031 2296 1086 varia
2323 1039 2460 1086 sunt
2481 1031 2675 1087 studia
2697 1031 3023 1085 secundum
3045 1034 3264 1086 Deum.
3290 1030 3402 1085 Hes
3430 1035 3623 1086 rectas

1964 1119 2210 1186 faciunt,
2232 1121 2336 1192 qui
2357 1124 2511 1176 recte
2542 1126 2718 1191 atque
2747 1119 3332 1191 irreprehensibiliter
3348 1121 3623 1176 virtutem

1966 1214 2287 1263 sectantur.
2309 1208 2539 1264 Bonum
2557 1209 2740 1272 enim,
2760 1208 2974 1281 inquit,
2994 1224 3115 1265 non
3133 1214 3223 1264 est
3240 1208 3487 1272 bonum,
3508 1207 3624 1263 nisi

1963 1304 2119 1353 recte
2139 1302 2196 1353 et
2221 1297 2375 1354 bene
2395 1297 2518 1354 ﬁat.

2035 1413 2202 1468 Vers.
2234 1417 2284 1467 5.
2309 1413 2507 1469 Omnis
2525 1445 2587 1455 —
2611 1413 2988 1484 deprimetur.
3007 1414 3049 1483 σι-
3068 1412 3247 1469 Vallis
3264 1417 3321 1469 et
3338 1413 3626 1487 cujusque

1964 1517 2124 1566 caro,
2157 1516 2295 1573 qua:
2327 1501 2515 1558 multo
2551 1518 2621 1558 ac
2652 1501 2987 1558 vehementi
3017 1501 3187 1557 ﬂuxu
3218 1500 3622 1567 aﬂ‘ectionum,

1963 1591 2024 1646 in
2055 1589 2304 1646 modum
2335 1591 2611 1646 torrentis
2642 1590 2767 1663 (hic)
2793 1591 3074 1654 demissa,
3106 1589 3468 1661 spiritualem
3501 1590 3626 1646 ani-

1966 1695 2080 1735 mea
2110 1680 2555 1735 continuitatem
2594 1695 2665 1736 ac
2708 1679 3193 1750 conjunctionem
3229 1679 3305 1734 ad
3341 1679 3439 1734 Dei
3470 1679 3628 1735 colli-

1966 1768 2158 1837 gentis
2190 1767 2379 1839 legem
2410 1768 2636 1823 dividit.
2669 1769 2867 1824 Potest
2912 1776 3112 1824 autem
3141 1774 3198 1824 et
3227 1770 3432 1824 anime.
3459 1767 3626 1824 vallis

1964 1855 2229 1925 intelligi,
2276 1872 2414 1928 quin
2446 1856 2733 1930 frequenti
2765 1873 2834 1912 ac
2880 1857 3062 1912 veloci
3114 1857 3412 1913 malarum
3466 1857 3627 1927 cogi-

1966 1946 2261 2001 talionum
2308 1945 2551 2002 deﬂuxu
2601 1953 2867 2012 cavatur,
2898 1951 2953 2001 et
2997 1946 3323 2017 spiritualis
3366 1946 3628 2018 planitie:

1967 2034 2468 2106 pulchritudinem
2494 2052 2599 2107 per
2623 2037 2973 2108 pravitatem
3003 2036 3222 2106 abjicit.
3255 2036 3461 2091 Omnis
3486 2051 3628 2106 ergo

1965 2124 2313 2195 hujusmodi
2358 2125 2527 2181 vallis
2579 2141 2686 2197 per
2730 2142 2832 2181 eos
2892 2125 3256 2197 implebitur,
3305 2125 3410 2198 qui
3465 2125 3627 2181 viam

1967 2212 2200 2268 Domini
2233 2221 2458 2284 parant,
2500 2215 2615 2270 hoc
2644 2220 2733 2270 est
2758 2213 2832 2270 ad
2861 2213 3134 2270 debitum
3180 2219 3398 2270 statum
3424 2228 3631 2285 perve-

1964 2301 2151 2368 nient,
2180 2318 2286 2374 per
2316 2303 2623 2374 pravitatis
2648 2309 2705 2359 et
2752 2304 3099 2373 ignorantiae
3128 2303 3543 2374 abjectionem,
3575 2307 3630 2359 et

1964 2389 2194 2446 virtutis
2220 2406 2291 2447 ac
2344 2392 2599 2448 scientia
2628 2392 3044 2464 adjectionem,
3080 2392 3488 2464 recipientque
3524 2390 3629 2447 de-

1964 2483 2197 2535 centem
2229 2482 2593 2538 naturalium
2633 2482 2914 2538 virtutum
2933 2487 3236 2538 ornatum.

1904 2565 2237 2639 ἆπολήψεται
2305 2574 2399 2628 τὴν
2474 2571 2775 2645 εὐπρέπειαν
2844 2580 2945 2623 τῶν
3022 2572 3158 2623 κατὰ
3250 2573 3401 2643 φύσιν
3475 2567 3631 2623 δυνά-

2038 2765 2081 2834 -ι-
2112 2767 2275 2821 Mons
2301 2772 2387 2821 est
2434 2765 2681 2823 scientia
2728 2766 2925 2823 omnis
2969 2766 3101 2823 falsi
3160 2765 3443 2832 nominis,
3477 2765 3635 2823 elate.

247 2838 388 2888 κατὰ
412 2843 509 2897 τῆς
540 2833 766 2894 ἀληθοῦς
792 2838 1033 2905 γνώσεως
1064 2840 1154 2886 τοῦ
1192 2841 1343 2886 Θεοῦ·
1375 2832 1563 2906 βουνὸς
1609 2830 1668 2886 6":
1715 2840 1857 2887 πᾶσα

1982 2858 2173 2910 :ontra
2202 2871 2408 2911 veram
2443 2855 2537 2911 Dei
2570 2855 2898 2913 scientiam.
2935 2855 3110 2913 Collis
3140 2872 3282 2913 vero
3314 2860 3406 2912 est
3436 2856 3633 2912 omnis

246 2929 414 2978 κακία
436 2924 914 2994 κατεξανισταμένη
937 2930 1032 2982 τῆς
1072 2922 1224 2995 ἀρετῆ
1236 2942 1277 2985 ς.

321 3012 391 3066 Ἥ
448 3017 563 3086 ὄρος
621 3014 711 3084 μὲν
775 3012 841 3064 τὰ
914 3010 1217 3084 ἐνεργητικὰ
1288 3019 1385 3072 τῆς
1439 3009 1670 3083 ψεύδους
1731 3018 1861 3083 γνῶ-

251 3122 384 3164 σεως
460 3103 743 3173 πνεύματα·
795 3098 983 3172 βουνὸς
1042 3096 1120 3165 δὲ,
1181 3100 1247 3151 τὰ
1295 3102 1549 3158 ποιητικὰ
1611 3109 1707 3163 τῆς
1771 3121 1862 3153 κα-

246 3198 393 3259 κίας,
453 3189 488 3241 ἄ
541 3191 716 3242 πάντα
783 3189 1232 3247 ταπεινωθήσεται
1288 3187 1712 3261 καταϐαλλόμενα
1772 3191 1861 3239 καὶ

249 3283 731 3351 κατασκαπτόμενα
773 3282 862 3330 καὶ
902 3276 1328 3352 ἀπορριπτόμενα
1360 3273 1454 3329 διά
1492 3297 1546 3329 τε
1589 3286 1685 3340 τῆς
1725 3276 1858 3329 ἀντι-

253 3353 405 3423 θέτου
434 3373 674 3440 γνώσεως
712 3371 802 3419 καὶ
830 3375 922 3426 τῆς
952 3367 1309 3438 ἀντικειμένης
1339 3364 1538 3438 ἀρετῆς.

330 3462 431 3511 Καὶ
475 3456 764 3530 καθ’ἐτερον
838 3451 896 3507 δὲ
946 3454 1119 3526 λόγον,
1170 3456 1195 3506 ὁ
1261 3458 1565 3528 μεταγαγὼν
1622 3459 1715 3514 τὴν
1759 3454 1862 3518 ἕξιν

252 3553 356 3607 τῆς
392 3541 619 3617 ψευδοῦς
658 3549 895 3616 γνώσεως
942 3543 1010 3604 εἰς
1057 3547 1151 3602 τὴν
1197 3539 1289 3604 τῆς
1333 3542 1578 3607 ἀληθοῦς,
1627 3549 1718 3597 καὶ
1767 3550 1862 3603 τὴν

254 3634 511 3708 ἐνέργειαν
572 3642 663 3694 τῆς
707 3638 896 3695 κακίας
940 3632 1006 3694 εἰς
1052 3638 1146 3691 τὴν
1189 3641 1281 3694 τῆς
1333 3634 1536 3707 ἀρετῆς,
1575 3633 1721 3694 οὗτος
1771 3631 1865 3687 διὰ

258 3732 358 3784 τῆς
394 3725 744 3797 καθαιρέσεως
782 3732 881 3775 τῶν
904 3726 1058 3795 ὁρέων
1084 3727 1174 3775 καὶ
1214 3731 1313 3774 τῶν
1345 3720 1546 3795 βουνῶν
1578 3722 1868 3799 ἀναπληροί

258 3815 358 3872 τας
383 3820 481 3864 τῶν
503 3815 779 3888 φαράγγων
817 3812 1138 3873 κοιλότητας.

331 3910 520 3964 Σκολιά
571 3910 686 3982 (84)
752 3914 863 3981 μὲν,
914 3912 979 3962 τὰ
1038 3913 1182 3982 παρὰ
1245 3912 1399 3982 φύσιν
1460 3917 1720 3983 κινήματα
1768 3920 1863 3963 τῶν

258 4000 578 4057 αἰσθήσεων·
636 3999 829 4052 εύθεῐαι
888 3996 967 4068 δὲ,
1023 4003 1088 4052 τά
1134 4002 1268 4052 κατὰ
1312 4003 1488 4069 φύσιν.
1534 4005 1635 4054 Καὶ
1688 4001 1859 4055 πάλινο

1968 2942 2274 3015 iniquitas,
2296 2950 2503 3000 contra
2520 2945 2794 3000 virtutem
2815 2950 3026 3001 erecta.

2040 3034 2082 3101 σι-
2102 3034 2218 3087 Aut
2244 3049 2417 3088 mons
2444 3033 2741 3103 signiﬁcat
2766 3034 3022 3106 spiritus,
3052 3033 3153 3106 qui
3176 3033 3389 3090 falSam
3416 3032 3635 3105 produ-

1969 3126 2112 3175 cunt
2163 3121 2474 3177 scientiam
2529 3138 2540 3174 :
2586 3122 2751 3177 collis
2803 3138 2944 3178 vero
2999 3138 3121 3189 eos,
3166 3123 3263 3193 qui
3311 3127 3636 3194 operantur

1971 3208 2285 3274 malitiam,
2348 3210 2451 3281 qui
2509 3225 2720 3265 omnes
2775 3210 3206 3282 deprimentur,
3253 3210 3625 3281 dejicientur.

1969 3296 2278 3354 diruentur
2313 3303 2369 3352 et
2399 3298 2739 3353 auferentur
2768 3315 2874 3371 per
2903 3300 3264 3355 contrariam
3300 3299 3631 3364 scientiam,

1970 3390 2027 3441 et
2054 3384 2393 3457 oppositam
2445 3386 2742 3441 virtutem.

2040 3476 2083 3545 -ι-
2125 3475 2269 3530 Item
2321 3474 2438 3530 alio
2486 3490 2730 3547 quoque
2772 3475 2978 3546 modo,
3006 3476 3109 3548 qui
3152 3476 3321 3532 falsae
3376 3477 3633 3532 scientiae

1969 3562 2243 3620 habitum
2286 3562 2349 3618 in
2389 3579 2595 3620 veram
2639 3564 2966 3635 scientiam,
3015 3570 3071 3622 et
3102 3564 3408 3638 pravitatis
3433 3563 3633 3622 efﬁca-

1970 3653 2127 3709 ciam
2154 3651 2214 3707 in
2245 3657 2446 3709 actum
2492 3653 2715 3710 virtutis
2746 3654 3166 3722 immutaverit,
3193 3655 3292 3712 hic
3334 3670 3435 3727 per
3464 3669 3635 3712 mon-

1972 3742 2120 3797 tium
2138 3747 2194 3797 et
2210 3740 2451 3798 collium
2472 3742 2949 3813 subversionem,
2968 3745 3214 3802 vallium
3234 3744 3636 3803 concavitates

1971 3830 2305 3904 repleverit.

2042 3932 2084 4000 -ι-
2108 3929 2387 4002 Obliqua,
2414 3936 2546 3986 sunt
2585 3947 2872 3991 sensuum
2920 3933 3233 3999 motiones,
3262 3947 3399 4005 quae
3424 3939 3637 4006 prater

1975 4024 2251 4075 naturam
2295 4020 2447 4076 ﬁunt
2478 4038 2492 4075 :
2527 4020 2751 4078 directa
2781 4038 2919 4079 vero
2960 4024 3290 4079 secundum
3333 4030 3635 4080 naturam.

258 4097 513 4163 τραχεῖαι
551 4091 640 4161 μὲν
703 4091 758 4141 αἱ
813 4097 913 4140 τῶν
973 4087 1231 4141 ἀκουσίων
1285 4098 1586 4163 πειρασμῶν
1640 4090 1857 4163 προσϐο-

1982 4108 2229 4163 Rursum
2255 4124 2482 4180 asperae
2512 4110 2617 4164 viae
2640 4114 2776 4164 sunt
2804 4111 3200 4167 tentationum
3231 4111 3490 4181 impetus
3506 4128 3638 4184 quae

257 4179 366 4231 λαί·
397 4174 513 4230 ὁδοί
566 4174 648 4243 δὲ,
696 4177 831 4230 λεῖαι
862 4180 917 4231 αἱ
962 4174 1058 4231 διὰ
1097 4181 1287 4230 τούτων
1325 4180 1437 4250 μεθ’
1484 4180 1747 4250 ὑπομονῆς
1778 4185 1867 4231 καὶ

263 4271 611 4340 εὐχαριστίας
656 4267 769 4338 (85)
815 4266 1039 4339 ἀγωγαί.
1091 4266 1361 4339 Ὁμαλίζει
1415 4270 1516 4340 γὰρ
1575 4272 1663 4319 καὶ
1720 4288 1870 4340 μετα-

264 4356 442 4409 ϐάλλει
501 4359 562 4409 τὸ
611 4359 788 4429 τραχὺ
850 4362 941 4408 καὶ
998 4355 1235 4409 ἐπίπονον
1289 4356 1459 4408 αὐτῶν
1500 4356 1610 4427 (86)
1670 4359 1697 4415 ἡ
1758 4358 1870 4430 μεθ’

270 4447 535 4517 ὑπομονῆς
586 4445 928 4518 εὐχαριστία.
974 4445 1160 4498 Σκολιὰ
1204 4442 1284 4514 δὲ,
1334 4449 1645 4520 σαφέστερον
1690 4445 1870 4511 εἰπεῖν,

266 4537 318 4588 οἱ
371 4531 444 4587 δι’
494 4531 690 4596 ἡδονῆς
749 4534 975 4587 ἑκούσιοι
1033 4540 1335 4609 πειρασμοῦ
1393 4533 1716 4608 πολύτροπος
1769 4536 1871 4607 γὰρ

266 4628 298 4684 ἡ
356 4621 545 4683 ἡδονή·
598 4627 771 4696 ὥσπερ
816 4630 907 4676 καὶ
962 4632 1207 4700 τραχεῖαι
1262 4626 1311 4676 οὶ
1352 4621 1424 4677 δι’
1475 4620 1664 4683 ὀδύνης
1712 4625 1873 4674 ἁκού-

268 4712 429 4785 σιοι.]

346 4911 451 4961 Καὶ
483 4908 508 4959 6
548 4908 661 4980 (87)
695 4907 901 4984 φάραγξ
929 4912 1018 4961 καὶ
1055 4911 1114 4960 τὸ
1146 4912 1263 4982 ὅρος
1297 4912 1387 4961 καὶ
1416 4910 1442 4961 6
1506 4907 1695 4981 βουνὸς
1748 4908 1874 4961 ἀνώ-

1978 4196 2153 4252 nobis
2199 4196 2398 4252 invitis
2425 4198 2724 4268 accidunt,
2774 4199 2969 4270 planae
3010 4205 3211 4256 autem
3256 4204 3395 4254 sunt
3428 4203 3640 4255 attrac-

1980 4286 2190 4353 tiones.
2218 4301 2354 4357 quae
2383 4301 2490 4357 per
2517 4286 2627 4342 has
2658 4286 2811 4343 ﬁunt
2836 4288 2897 4342 in
2923 4287 3209 4359 patientia
3229 4292 3285 4342 et
3312 4287 3639 4357 gratiarum

1981 4373 2229 4430 actione.
2288 4373 2577 4445 Explanat
2626 4373 2788 4429 enim
2843 4379 2899 4431 et
2955 4380 3148 4431 mutat
3175 4374 3640 4431 laboriositatem

1980 4463 2214 4519 illarum
2233 4464 2556 4532 gratiarum
2581 4463 2730 4520 actio
2753 4480 2895 4519 cum
2912 4463 3204 4536 patientia
3224 4462 3480 4535 Obliqua
3497 4479 3640 4520 vero

1986 4551 2357 4609 manifestius
2398 4551 2517 4608 dici
2548 4558 2814 4624 possunt,
2870 4551 3226 4609 tentationes
3270 4552 3638 4625 voluntarias,

1983 4658 2119 4717 quin
2163 4658 2269 4713 per
2306 4641 2674 4714 voluptatem
2729 4641 3009 4698 accidunt
3038 4659 3052 4710 ;
3085 4646 3172 4698 est
3197 4642 3359 4699 enim
3399 4642 3563 4699 varia
3588 4648 3646 4700 et

1984 4730 2283 4788 mutabilis
2332 4729 2623 4802 voluptas.
2678 4733 2911 4803 Asperae
2946 4737 3143 4787 autem
3192 4732 3301 4787 vite
3344 4732 3642 4799 dicuntur,

1983 4839 2119 4896 quae
2142 4838 2246 4896 per
2286 4821 2555 4877 dolorem
2584 4820 2782 4876 invitis
2816 4820 2989 4877 nobis
3020 4820 3318 4879 accidunt.

2056 4910 2240 4969 Vallis
2284 4913 2342 4967 et
2381 4926 2557 4966 mons
2600 4926 2671 4966 ac
2695 4910 2878 4977 collis,
2931 4910 3062 4969 loca
3091 4916 3230 4968 sunt
3252 4911 3562 4985 inaequalia
3591 4918 3648 4970 et

1482 5025 1702 5094 Variae
1740 5026 2070 5099 lectiones
2111 5037 2176 5095 et
2224 5037 2431 5097 notae.

490 5147 705 5217 Τροπων
734 5160 788 5195 τε
812 5146 921 5217 καί.
963 5148 1020 5217 B_.

342 5212 466 5300 (81)
488 5212 613 5299 Αζὶη
640 5214 912 5284 margine
939 5217 980 5270 Β
1000 5212 1062 5270 in
1079 5215 1261 5270 textu.
1297 5212 1614 5270 Hentenius
1638 5213 1874 5287 omittit,

267 5304 366 5338 του
397 5303 579 5340 αυτου.

346 5355 463 5426 (82)
495 5362 629 5409 Θεοῦ
668 5355 856 5413 abest.
888 5359 954 5412 A.

374 5428 465 5499 83)
496 5434 562 5480 Τε
598 5432 710 5482 καί.
736 5433 792 5481 Β.

350 5428 467 5571 (84)
498 5501 632 5555 Haec
661 5498 792 5556 infe1

376 5498 467 5571 84)
498 5501 632 5555 Haec
661 5498 910 5556 inferius
938 5498 1202 5557 habebat
1242 5498 1581 5564 Hentenius,
1611 5503 1749 5572 post
1793 5506 1884 5553 καὶ

353 5679 456 5746 kk)
482 5678 555 5734 In
579 5678 813 5735 modum
854 5678 1145 5745 torrentis,
1174 5683 1285 5734 etc.
1316 5676 1499 5745 Quasi
1528 5682 1810 5734 excavata
1829 5682 1887 5734 et

280 5750 554 5809 abscissa
581 5754 676 5806 est.
697 5765 737 5808 a
772 5748 1193 5821 conjunctione
1217 5754 1276 5807 et
1311 5749 1690 5822 copulatione
1720 5750 1888 5822 spiri-

1990 5147 2310 5199 συμπάθεια.

2058 5166 2587 5290 (ιᾶδῗῗῦλαοίίοηεε
2605 5214 2869 5290 ﬂentenli
2898 5215 3279 5273 alienissimis
3299 5219 3457 5273 sunt.
3483 5216 3645 5290 Ἄγω-

1986 5294 2056 5361 vri
2072 5287 2163 5361 est
2187 5287 2430 5345 vivendi
2454 5287 2806 5346 consuetudo
2830 5294 2883 5344 et
2921 5289 3078 5345 ratio

2089 5364 2177 5433 86)
2207 5365 2318 5411 Τῶν
2347 5367 2650 5433 πειρασμῶν
2664 5403 2678 5416 ,

2089 5364 2154 5416 86
2207 5365 2318 5411 Τῶν
2347 5367 2678 5433 πειρασμῶν,

2059 5361 2177 5507 (87)
2229 5433 2294 5507 ln
2342 5434 2503 5507 textu
2545 5430 2851 5507 ﬁ.qucitur
2897 5435 3100 5490 autem
3150 5435 3399 5507 utroque
3440 5431 3644 5489 modo.

1992 5501 2186 5560 malim
2230 5506 2433 5557 tamen
2476 5503 2531 5566 ἠ,
2573 5504 2637 5557 ut
2666 5518 2827 5558 mox.

1992 5678 2138 5805 mali
2160 5677 2393 5747 mentis,
2421 5682 2554 5750 qum
2579 5682 2670 5736 est
2694 5683 3026 5738 secundum
3050 5681 3244 5754 legem
3270 5676 3372 5739 Dei
3384 5681 3649 5740 vincien-
