4210 6440
623 340 730 394 903

1930 316 2271 377 EUTHYMII

2392 315 2673 372 LGABENI
2869 269 2878 282 Ι
3895 323 3988 379 904

624 479 869 521 accessu
895 460 1177 516 difﬁcilia.
1217 458 1640 528 Signiﬁcantur
1685 457 1883 509 autem
1915 463 2018 521 per
2060 443 2279 500 vallem

2392 441 2528 511 μαλα
2584 448 2672 494 καὶ
2719 440 3074 518 δυσπρόσιτα.
3129 441 3422 496 Αἰνίττεται
3454 441 3512 498 δε
3545 441 3640 498 διὰ
3667 454 3758 508 τῆς
3802 450 3988 520 φάραγ-

623 551 913 625 ρτεθίινδοίί
940 557 996 605 et
1022 551 1099 606 ad
1132 548 1486 620 pravitatem
1517 543 1881 601 allicientes:
1919 538 2086 594 vallis
2118 537 2278 591 enim

624 646 926 714 praarupta
951 644 1056 696 est.
1091 641 1197 694 Per
1228 642 1493 692 montem
1524 639 1582 689 et
1611 631 1821 688 collem
1857 628 2014 694 elati,
2044 626 2178 682 duri
2211 643 2278 681 ac

625 731 970 786 infructuosi
1014 731 1090 783 ad
1142 729 1439 782 virtutem.
1494 722 1775 794 lmpletur
1837 727 2036 775 autem
2082 717 2279 773 omnis

627 820 814 882 vallis,
863 819 1078 888 injecto
1105 833 1196 884 eo,
1229 815 1390 887 quod
1421 815 1638 879 deerat,
1675 810 1938 865 videlicet
1966 809 2180 881 pietate
2211 823 2279 862 ac

620 911 830 966 virtute
851 925 864 963 :
885 907 1236 979 deprimitur
1256 920 1396 959 vero
1416 902 1613 958 omnis
1633 916 1800 955 mons
1821 905 1878 954 et
1897 897 2062 953 collis
2079 895 2279 954 ablato

626 998 931 1070 superﬂuo
958 1002 1098 1068 puta
1131 995 1428 1066 impietate
1478 1007 1547 1046 ac
1579 991 1886 1062 pravitate.

700 1300 872 1366 Quod
897 1308 1092 1355 autem
1140 1297 1354 1353 dicitur
1403 1296 1617 1359 Omnis,
1665 1298 1721 1348 et
1742 1293 1788 1348 si
1822 1290 2153 1346 universale
2184 1289 2275 1354 sit,

629 1391 843 1462 saepius
902 1395 1100 1444 tamen
1177 1386 1338 1458 apud
1413 1384 1679 1440 Hebraeos
1746 1399 1866 1438 non
1935 1381 2276 1436 universum

630 1479 944 1548 signiﬁcat,
979 1477 1078 1532 sed
1115 1475 1457 1547 simpliciter
1508 1471 1966 1528 multitudinem.
2001 1472 2195 1525 Potest
2224 1473 2280 1524 et

627 1570 744 1626 alio
770 1583 1012 1640 quoque
1044 1565 1224 1620 modo
1258 1563 1422 1619 vallis
1447 1563 1687 1634 quidem
1720 1561 1850 1616 illos
1881 1562 2145 1622 innuere,
2174 1557 2279 1630 qui

628 1659 688 1714 in
737 1657 1099 1729 profundum
1150 1653 1495 1726 perditionis
1550 1651 1763 1719 dejecti
1815 1656 1971 1714 sunt,
2021 1650 2119 1720 qui
2173 1647 2280 1704 im-

628 1747 886 1819 plebitur
916 1761 1020 1816 per
1057 1743 1462 1811 evangelicam
1496 1740 2000 1811 prtedicationem.
2036 1740 2197 1793 Mons
2224 1743 2280 1792 et

629 1835 814 1900 collis,
855 1833 1041 1889 elatos
1089 1832 1414 1894 diemoues,
1465 1829 1562 1899 qui
1594 1828 2002 1900 deprimentur
2039 1832 2094 1882 et
2119 1842 2278 1880 ever-

631 1930 825 1981 tentur
853 1941 889 1979 a
916 1923 1161 1977 Christo.

701 2014 862 2067 Vers.
890 2017 936 2065 5.
971 2013 1032 2065 Et
1077 2010 1318 2080 obliqua
1346 2011 1489 2076 ﬁent
1520 2038 1588 2048 —
1612 2008 1818 2078 planae.
1860 2005 2114 2076 Obliqua
2144 2009 2285 2059 sunt

633 2102 735 2157 viae
767 2115 1061 2172 perversa:
1105 2098 1442 2160 hominum,
1479 2102 1535 2150 et
1564 2112 1792 2166 aspera:
1819 2095 1947 2159 viae,
1973 2094 2285 2165 opiniones

630 2190 900 2263 ipsorum
934 2205 948 2253 ;
994 2188 1122 2243 haec
1154 2188 1292 2241 ﬁent
1324 2191 1480 2242 recta
1523 2193 1578 2240 et
1609 2185 1810 2256 plana,
1851 2184 1930 2238 ita
1972 2190 2031 2238 ut
2080 2199 2185 2254 per
2213 2198 2286 2237 ea

629 2278 1000 2351 aequabiliter
1029 2283 1281 2349 pergant
1310 2277 1385 2330 ad
1421 2275 1735 2329 Christum.
1768 2275 1880 2327 Aut
1919 2273 2099 2327 etiam
2137 2272 2286 2327 obli-

628 2370 828 2442 quitas
879 2373 935 2423 et
981 2367 1269 2438 asperitas
1313 2365 1637 2436 pravitatis,
1685 2363 1741 2417 in
1777 2361 2189 2418 rectitudinem
2230 2366 2286 2416 et

629 2458 934 2531 planitiem
957 2455 1190 2510 virtutis
1216 2453 1642 2509 immutabitur.

705 2547 800 2602 Vel
825 2545 938 2600 alio
960 2560 1200 2616 quoque
1219 2542 1422 2609 modo,
1451 2540 1772 2612 obliquitas
1799 2544 1854 2595 et
1883 2539 2174 2611 asperitas
2199 2555 2286 2593 ve-

633 2635 766 2690 teris
796 2635 959 2702 legis,
993 2633 1050 2687 in
1083 2631 1499 2688 rectitudinem
1534 2647 1602 2684 ac
1647 2628 2066 2700 perfectionem
2101 2629 2288 2683 Evan-

632 2723 766 2792 gelii
797 2725 1186 2777 convertetur.
1234 2719 1453 2773 Veteris
1487 2717 1730 2790 quidem
1775 2717 1919 2786 legis
1941 2716 2283 2789 obliquitas,

631 2816 758 2867 erat
786 2810 1119 2865 obscuritas
1151 2825 1220 2862 ac
1247 2809 1500 2863 varietas
1533 2825 1545 2872 ;
1597 2806 1888 2877 asperitas
1924 2822 2076 2873 vero,
2100 2811 2286 2860 auste-

632 2901 772 2955 ritas
808 2905 865 2954 et
910 2897 1497 2969 incompassibilitas.
1547 2899 1765 2951 Rursus
1800 2895 2096 2963 Evangelii
2123 2896 2288 2949 recti-

632 2987 780 3044 tudo
829 2993 916 3043 est
966 2986 1201 3042 claritas
1244 3001 1315 3041 ac
1363 2985 1712 3057 simplicitas
1759 2984 2016 3039 :lenitas
2062 2989 2284 3047 autem,

632 3077 1033 3133 mansuetudo
1081 3081 1136 3130 et
1188 3074 1718 3146 compassibilitas.

703 3166 863 3220 Vers.
898 3168 949 3220 6.
976 3165 1049 3219 Et
1078 3164 1298 3220 videbit
1320 3139 1386 3203 λ-
1417 3164 1543 3220 Dei.
1580 3163 1844 3219 Salutare
1871 3163 2074 3217 lumen
2103 3160 2286 3215 Evan-
2323 3139 2364 3196 (ἶ

631 3254 784 3325 gelii,
806 3253 898 3309 vel
913 3253 1235 3310 salutarem
1267 3253 1758 3317 incarnationem,
1784 3269 1920 3324 quas
1943 3252 2125 3307 ambo
2142 3266 2285 3322 pras-

630 3342 862 3415 paravit
885 3342 1037 3398 Deus
1061 3348 1196 3398 ante
1219 3341 1429 3398 faciem
1456 3341 1727 3397 omnium
1757 3340 2141 3413 populorum.

701 3570 865 3626 Vers.
905 3575 963 3625 ’7.
1017 3567 1412 3623 Dicebat—ira
1441 3566 1469 3620 ?
1501 3569 1632 3621 Haec
1679 3566 1856 3620 etiam
1889 3565 2114 3635 scripsit
2143 3565 2286 3620 Mat-

630 3659 821 3714 thaaus
851 3657 1042 3728 capite
1074 3655 1242 3710 tertio
1261 3656 1352 3710 sui
1383 3654 1703 3724 Evangelii,
1734 3661 1790 3710 et
1813 3655 1866 3709 in
1885 3669 1956 3710 eo
1985 3655 2286 3709 declarata

633 3751 789 3802 sunt.

703 3834 868 3889 Vers.
903 3837 955 3888 8.
987 3833 1262 3889 Facite—
1290 3833 1576 3888 Abrahae.
1611 3831 1890 3886 Similiter
1919 3837 1974 3888 et
1997 3832 2144 3887 haec.

701 3925 842 3978 Vers
865 3921 1053 3978 9.Jam
1090 3929 1278 3977 autem
1305 3919 1662 3975 —mittilur.
1694 3919 1821 3975 Pari
1856 3921 2034 3976 modo
2057 3920 2286 3976 ethaac:

631 4027 834 4085 quaere
865 4027 1007 4081 ergo
1040 4010 1120 4064 ibi
1148 4010 1415 4065 omnium
1441 4009 1895 4065 enarrationem.

635 4157 792 4215 CAP.
824 4157 924 4212 Vl.
962 4157 1044 4212 De
1073 4156 1159 4211 his
1178 4156 1283 4226 qui
1327 4155 1606 4211 Joannem
1638 4154 2101 4225 interrogabant.

703 4303 868 4357 Vers.
912 4299 1003 4356 10.
1034 4299 1112 4354 Et
1135 4299 1564 4369 interrogabant
1587 4298 1960 4366 —faciemus
1983 4299 2011 4354 ?
2031 4298 2185 4354 Jussi
2209 4299 2289 4355 l‘a-

630 4406 762 4447 cere
787 4389 1008 4445 fructus
1053 4387 1404 4460 pcenitentia
1443 4387 1657 4457 dignos
1688 4387 2072 4458 interrogant.

698 4481 868 4536 Vers.
909 4485 997 4536 11.
1030 4479 1402 4547 Respondens
1433 4509 1494 4517 —-
1529 4477 1788 4534 habenti.
1815 4478 2029 4534 Tradat
2057 4477 2284 4533 nullam
2319 4493 2364 4548 ι)

628 4570 876 4625 omnino
897 4567 1138 4623 habenti
1164 4584 1176 4622 :
1201 4572 1301 4622 aut
1324 4566 1568 4622 habenti
1588 4566 1851 4637 quidem,
1874 4566 1975 4620 sed
1995 4566 2283 4621 inutilem.

702 4657 861 4712 Vers.
900 4661 988 4712 lt.
1027 4657 1103 4711 Et
1131 4656 1234 4727 qui
1257 4686 1316 4696 -
1341 4655 1550 4724 faciat.
1577 4658 1681 4710 Per
1708 4655 2077 4710 traditionem
2111 4656 2287 4710 vestis

631 4763 703 4803 ac
745 4746 862 4802 cibi
920 4745 1282 4801 inducuntur
1332 4745 1392 4800 hi
1423 4745 1502 4800 ad
1535 4761 1865 4817 pauperum
1921 4744 2284 4810 subsidium,

630 4835 1231 4891 communicationem
1264 4839 1319 4889 et
1348 4839 1625 4889 mutuum
1657 4849 1945 4889 amorem.
1972 4833 2121 4889 Nihil
2149 4850 2287 4904 ergo

628 4939 809 4990 nunc,
858 4925 1022 4996 quod
1049 4926 1290 4994 gravius
1319 4928 1487 4987 esset,
1543 4923 1657 4978 illis
1707 4922 1990 4994 praecepit
2023 4939 2036 4989 ;
2071 4923 2286 4988 sciens,

629 5014 796 5088 quod
823 5029 945 5069 non
977 5013 1163 5069 multo
1208 5017 1344 5085 post
1369 5011 1634 5068 Christus
1683 5010 2036 5082 evangelica
2067 5011 2289 5068 stabili-

628 5108 798 5160 turus
823 5107 976 5158 esset
1003 5107 1322 5174 praecepta.

703 5193 868 5251 Vers.
898 5194 985 5247 t2.
1016 5192 1395 5248 Venerunt—
1417 5192 1576 5245 Vers.
1611 5193 1696 5247 l3.
1719 5189 1955 5260 exigite.
1979 5189 2292 5246 Habebant

631 5282 789 5338 enim
849 5281 1229 5337 constitutum
1271 5280 1345 5335 de
1380 5278 1809 5349 exactionibus,
1850 5279 1923 5334 de
1960 5281 2289 5351 quantitate

633 5378 690 5428 et
717 5371 1000 5444 qualitate
1049 5374 1397 5424 exactorum
1412 5413 1425 5424 .

705 5460 870 5515 Vers.
905 5459 989 5514 14.
1013 5458 1467 5528 Interrogabant
1497 5489 1565 5497 —
1586 5458 2036 5514 calumniemim'.
2068 5458 2289 5512 Concu-

634 5548 863 5604 tiebant
877 5547 1039 5603 enim
1058 5550 1115 5601 et
1132 5545 1657 5603 calumniabantur
1679 5545 1916 5615 multos,
1931 5547 2103 5619 quasi
2120 5561 2156 5601 a
2171 5545 2288 5602 Cas-

632 5652 766 5691 sare
795 5635 1156 5699 deﬁcientes,
1197 5641 1300 5690 aut
1345 5635 1715 5692 insidiatores
1770 5653 1784 5702 ;
1812 5651 1883 5692 eo
1912 5635 2076 5708 quod
2107 5636 2288 5692 vitam

632 5725 880 5797 turpiter
907 5729 1320 5797 quaestuosam
1341 5725 1647 5781 ducerent.

2389 550 2480 600 γος
2521 535 2610 603 μὲν
2668 536 2790 594 τοὺς
2843 531 3137 604 ἀποτόμους
3179 538 3268 584 καὶ
3327 533 3668 598 ἐλκυστικοὺς
3713 536 3786 598 εἰς
3810 542 3985 588 κακίαν

2389 618 2648 692 ἀπότομος
2695 625 2794 693 γὰρ
2846 627 2932 672 καὶ
2987 621 3320 696 ἀπόκρημνος
3368 624 3396 680 η
3460 625 3670 698 φάγαρξ
3701 645 3713 656 ο
3767 623 3858 677 διὰ
3904 634 3985 678 τοῦ

2390 712 2540 780 ὅρους
2590 707 2648 762 δὲ
2695 719 2783 761 και
2825 708 3016 782 βουνοῦ
3056 715 3177 770 τοὺς
3234 711 3556 785 ἐπηρμένους
3607 719 3698 766 καὶ
3745 714 3984 789 σκληρούς

2388 800 2478 847 καὶ
2521 796 2784 869 ἀκάρπους
2847 797 2914 857 εἰς
2969 796 3173 872 ἀρετήν.
3230 803 3329 850 Καὶ
3377 799 3674 872 πληροῦται
3722 805 3811 873 μὲν
3850 809 3984 854 πᾶσα

2389 885 2594 957 φάραγξ
2672 885 3066 958 ἐπιϐαλλομένου
3140 894 3228 937 τοῦ
3307 887 3584 957 λείποντος,
3675 895 3836 962 ἤγουν
3897 899 3982 953 τῆς

2389 973 2645 1035 εύσεϐείας
2697 981 2785 1027 καὶ
2841 974 3040 1049 ἀρετῆς
3094 983 3427 1028 ταπεινοῦταί
3477 975 3537 1030 δὲ
3594 985 3695 1031 πᾶν
3743 985 3852 1052 ὅρος
3901 986 3982 1032 καὶ

2672 884 3066 958 ἐπιϐαλλομένου
3140 894 3228 937 τοῦ
3307 887 3584 957 λείποντος,

2391 1061 2593 1134 βουνὸς,
2630 1062 3037 1136 ἀποτεμνομένου
3069 1071 3160 1116 τοῦ
3194 1070 3600 1139 περιττεύοντος,
3636 1078 3731 1130 τῆς
3757 1068 3981 1131 ἀσεϐείας

2386 1160 2475 1204 καὶ
2505 1158 2707 1214 κακίας.

2457 1246 2527 1295 Τό
2559 1239 2618 1295 δι
2662 1249 2780 1306 πᾶς,
2824 1242 2865 1294 εἰ
2917 1248 3006 1295 καὶ
3049 1243 3323 1296 καθολικόν
3355 1243 3512 1311 ἐστιν,
3563 1245 3669 1298 ἀλλ’
3723 1248 3810 1299 οὖν
3863 1249 3977 1322 παρ’

2387 1331 2637 1403 Ἑϐραίοις
2700 1331 2945 1391 πολλάκις
3002 1332 3060 1384 ού
3129 1339 3372 1404 σημαίνει
3430 1339 3488 1387 τό
3561 1337 3799 1402 καθόλου,
3860 1337 3979 1389 ἀλλὰ

2389 1421 2582 1480 πλῆθος
2632 1419 2823 1480 ἁπλῶς.
2881 1419 2972 1477 Eii:
3021 1418 3070 1472 δ’
3100 1424 3160 1473 οἶν
3205 1430 3294 1473 και
3335 1424 3514 1496 ἑτέρως
3560 1427 3760 1499 φάραγξ
3803 1430 3890 1498 μὲν
3933 1428 3977 1478 οἱ

2389 1510 2793 1584 καταρραγέντες
2842 1510 2914 1570 εἰς
2939 1509 3105 1581 βάθος
3154 1509 3407 1573 ἀπωλείας
3468 1515 3748 1588 ἄνθρωποι,
3806 1520 3975 1575 οἵτινες

2390 1597 2764 1669 ἐπληρώθησαν
2787 1606 2876 1650 τοῦ
2909 1599 3241 1669 εῦαγγελικοῦ
3272 1605 3620 1676 κηρύγματος·
3652 1604 3765 1677 ὅρος
3795 1601 3852 1656 δέ
3888 1611 3972 1656 καὶ

2396 1692 2593 1756 βουνὸς,
2628 1691 2676 1740 οι
2725 1688 3001 1761 ἐπηρμένοι
3042 1685 3301 1760 δαίμονες,
3343 1689 3519 1752 οἱτινες
3567 1691 3965 1750 ἐταπεινώθησαν

2315 1790 2355 1843 Β
2389 1784 2476 1828 καὶ
2511 1783 2790 1830 κατέπεσον
2830 1780 2928 1829 ὑπὸ
2961 1787 3050 1829 τοῦ
3094 1786 3343 1851 Χριστοῦ.

2467 2027 2566 2074 Καὶ
2605 2024 2753 2073 ἔσται
2803 2026 2865 2074 τὰ
2934 2022 3120 2074 σκολιὰ
3177 2055 3241 2062 -
3289 2023 3443 2084 λείας.
3498 2026 3575 2076 Τὰ
3630 2024 3804 2075 σκολιὰ
3863 2026 3960 2082 ἧθη

2393 2121 2490 2163 τῶν
2541 2108 2963 2184 διεστραμμένων
3003 2112 3304 2185 ἀνθρώπων,
3336 2117 3425 2164 καὶ
3468 2115 3521 2163 αἱ
3549 2120 3801 2184 τραχεῖαι,
3841 2123 3970 2184 γνῶ-

2394 2219 2489 2271 μαι
2545 2200 2710 2250 αῦτῶν
2777 2200 3178 2258 εῦθυνθήσονται
3258 2206 3348 2253 καὶ
3406 2201 3784 2265 λέανθήσονται,
3844 2205 3970 2254 ὥστε

2395 2283 2590 2340 ὁδεύειν
2622 2288 2698 2339 ἐπ’
2733 2289 2898 2341 αὐτῶν
2947 2289 3152 2360 ὁμαλῶς
3179 2294 3263 2341 τόν
3295 2295 3543 2364 Χριστόν.
3595 2290 3659 2342 Ἦ
3686 2295 3767 2341 καὶ
3798 2293 3825 2348 ἠ
3860 2310 3969 2342 σκο-

2394 2376 2568 2438 λιότης
2608 2382 2697 2429 καὶ
2752 2381 3022 2450 τραχύτης
3087 2387 3178 2440 τῆς
3244 2384 3431 2441 κακίας
3479 2380 3549 2442 εἰς
3606 2379 3851 2437 εύθυτητα
3889 2385 3970 2432 καὶ

2392 2465 2631 2523 λειότητα
2662 2465 2846 2541 ἀρετῆς
2872 2474 3101 2539 μεταστή
3113 2487 3277 2521 σεται.

2466 2553 2532 2606 Ἠ
2583 2561 2672 2608 καὶ
2717 2556 2914 2630 ἑτέρως,
2965 2559 2994 2615 ἠ
3049 2557 3318 2618 σκολιότης
3365 2563 3456 2610 καὶ
3504 2560 3534 2615 ἡ
3596 2562 3859 2632 τραχύτης
3887 2565 3966 2610 τοῦ

2396 2643 2619 2696 παλαιοῦ
2699 2651 2858 2718 νόμου
2945 2646 3017 2708 εἰς
3087 2646 3344 2705 εὐθύτητα
3424 2652 3512 2699 καὶ
3589 2646 3823 2705 λειότητα
3887 2654 3967 2699 τοῦ

2396 2732 2711 2804 Εύαγγελίου
2769 2734 3241 2806 μεταϐληθὴσεταο.
3295 2743 3399 2788 Τοῦ
3449 2732 3508 2787 δι
3559 2735 3780 2788 παλαιοῦ
3828 2742 3966 2807 νόμου

2400 2822 2674 2884 σκολιότης
2699 2826 2810 2896 μεν,
2844 2826 2872 2881 ἠ
2899 2823 3103 2896 ἁσάφεα
3131 2831 3221 2876 καὶ
3289 2824 3542 2876 ποικιλίαν
3593 2829 3854 2898 τραχύτης
3895 2822 3960 2890 δὲ,

2395 2916 2451 2963 τὸ
2483 2912 2746 2985 αὐστηρὸν
2772 2916 2858 2965 καὶ
2889 2913 3212 2985 ἀσυμπαθές’
3240 2920 3329 2966 καὶ
3357 2922 3450 2966 τοῦ
3493 2913 3806 2986 Etim-7731i»
3826 2914 3955 2964 πάλιν

2399 3001 2612 3062 εύθύτης
2641 3006 2750 3074 μὶν,
2781 3004 2811 3060 ἠ
2843 3007 3096 3075 σαφήνεια
3139 3007 3228 3055 καὶ
3280 3003 3536 3066 ἁπλότης
3583 3003 3779 3064 λειότης
3821 2999 3886 3066 δὲ,
3926 3001 3949 3057 ἠ

2397 3096 2596 3162 πραότη
2609 3112 2630 3153 ς
2660 3096 2749 3144 καὶ
2790 3094 3114 3164 συμπάθεια.

2472 3185 2571 3233 Καὶ
2655 3181 2838 3252 ὄψεται
2922 3214 2990 3221 -
3062 3190 3216 3237 Θεοῦ.
3262 3186 3332 3234 Τὸ
3406 3188 3670 3256 σωτήριον
3736 3192 3830 3255 φῶς
3892 3185 3967 3231 τοῦ

2401 3269 2736 3340 Εύαγγελίου,
2794 3274 2823 3328 ἦ
2875 3275 2968 3328 τὴν
3039 3276 3293 3345 σωτήριον
3346 3270 3758 3344 ἒνανθρὼπησιν,
3809 3272 3840 3322 οἱ
3897 3273 3971 3319 καὶ

2398 3357 2549 3431 ἄμφω
2588 3361 2872 3431 ἡτοίμασεν
2903 3362 2930 3411 ό
2972 3363 3095 3422 Θεὸς
3142 3363 3277 3412 κατά
3307 3366 3583 3436 πρόσωπον
3643 3364 3838 3415 πάντων
3886 3366 3973 3411 τὼν

2394 3448 2527 3500 λαῶν
2537 3489 2548 3500 .

2466 3538 2668 3610 Ἔλεγεν
2697 3570 2760 3579 —-
2795 3538 2956 3611 ὀργῆς
2981 3555 2994 3604 ;
3026 3545 3204 3590 Ταῦτα
3232 3544 3321 3591 καὶ
3352 3541 3377 3591 ό
3403 3541 3676 3603 Ματθαῖος
3713 3537 3977 3612 ἀνέγραψεν

2396 3625 2444 3677 ἐν
2480 3635 2550 3697 τῷ
2579 3630 2739 3699 τρίτῳ
2768 3627 3024 3699 κεφαλαίῳ
3046 3635 3137 3680 τοῦ
3168 3628 3482 3700 Εύαγγελίου
3508 3629 3688 3681 αὐτοῦ·
3713 3635 3800 3681 καὶ
3828 3631 3984 3703 ἡρμη-

2396 3717 2650 3773 νεύθησαν
2681 3715 2729 3767 ἐν
2756 3715 2947 3788 ἐκείνῳ.

2472 3810 2732 3863 Ποιήσατε
2759 3837 2824 3846 -
2854 3805 3116 3880 Ἀϐραάμ.
3142 3807 3362 3879 Ὁμοίως
3401 3812 3492 3861 καὶ
3519 3814 3702 3861 ταῦτα.

2471 3891 2613 3952 Ἤδη
2653 3891 2712 3946 δε
2738 3924 2806 3935 -
2838 3892 3102 3966 βάλλεται.
3136 3895 3524 3969 Παραπλησίως
3549 3901 3636 3949 καὶ
3691 3904 3877 3961 ταῦτα,
3903 3898 3986 3946 καὶ

2403 3984 2628 4044 ζήτησον
2655 3984 2759 4035 ἐκεῖ
2783 3989 2876 4042 τὴν
2917 3984 3167 4055 ἐξήγησιν
3187 3988 3410 4041 πάντων.

2499 4158 2648 4208 KP».
2691 4152 2754 4216 ς-“.
2787 4157 2911 4227 Περὶ
2937 4161 3036 4205 τῶν
3061 4152 3497 4228 ἕπερωτησάντων
3527 4158 3614 4208 ⁴τὸν
3645 4155 3907 4214 Ἰωάννην.

2473 4319 2572 4368 Καὶ
2614 4313 2888 4388 ἐπηρώτων
2945 4345 3015 4354 -
3062 4320 3385 4388 ποιήσομεν;
3431 4315 3793 4378 Κελευσθέντες
3839 4323 3989 4370 ποιεῖν

2397 4407 2629 4475 καρποὺς
2659 4402 2831 4466 ἀξίους
2864 4412 2956 4464 τῆς
2984 4409 3278 4477 μετανοίας,
3311 4405 3657 4479 ἐπερωτῶσιν.

2471 4495 2776 4567 Λποκριθεὶς
2851 4524 2918 4533 -
2991 4497 3189 4565 ἔχοντι.
3260 4490 3545 4547 Μεταδότω
3615 4503 3688 4565 τῷ
3758 4492 3991 4568 μηδόλως

2399 4583 2595 4654 ἔχοντα·
2628 4586 2656 4640 ἧ
2685 4590 2756 4652 τῷ
2786 4585 2964 4654 ἔχοντε
3001 4586 3112 4654 μὲν,
3145 4583 3420 4657 ἄχρηστον
3453 4579 3530 4637 δέ.

2474 4676 2569 4725 Καὶ
2616 4673 2641 4723 ό
2680 4703 2749 4712 -
2793 4677 3022 4726 ποιείτω.
3079 4675 3173 4724 Διὰ
3229 4681 3323 4733 τῆς
3375 4669 3708 4744 μεταδόσεως
3738 4683 3831 4726 τοῦ
3861 4669 3994 4726 ἐνδύ-

2399 4780 2558 4833 ματος
2586 4767 2675 4812 καὶ
2731 4769 2820 4821 τῆς
2875 4770 3064 4833 τροφῆς
3115 4761 3403 4832 εἰσηγεῖται
3465 4763 3667 4824 τούτοις
3719 4769 3812 4822 τὴν
3869 4762 3993 4814 ἀντί-

2398 4849 2557 4920 ληψιν
2614 4859 2713 4901 τῶν
2767 4856 3011 4916 πενήτων,
3059 4856 3147 4903 καὶ
3199 4870 3258 4903 το
3310 4853 3605 4902 κοινωνικὸν
3670 4858 3765 4904 καὶ
3825 4851 3991 4925 φιλάλ-

2398 4938 2569 4998 ληλον.
2607 4935 2773 4992 Οὐδὲν
2804 4939 2892 4991 οὖν
2920 4938 3207 5014 βαρύτερον
3247 4944 3305 4992 τό
3355 4959 3415 5011 γε
3446 4946 3533 4991 νῦν
3586 4942 3712 5012 ἕχον
3745 4940 3993 4994 ἐπιτάττει

2401 5029 2598 5094 αὐτοῖς,
2618 5025 2768 5088 εἰδὼς
2793 5030 2874 5080 ὃτι
2903 5031 2928 5080 ὃ
2955 5032 3186 5102 Χριστὸς
3215 5027 3309 5080 ούκ
3338 5029 3412 5091 εἰς
3430 5031 3635 5102 μακρὰν
3660 5033 3991 5102 νομοθετήσει

2398 5121 2494 5179 τὰς
2519 5117 2852 5190 εύαγγελικὰς
2880 5118 3106 5180 ἐντολάς.

2471 5207 2658 5259 Ἦλθον
2714 5238 2781 5246 -
2846 5209 3127 5280 πράσσετε.
3190 5209 3464 5279 Διάτασγμα
3547 5209 3644 5282 γὰρ
3705 5207 3854 5280 εἶχον
3916 5206 3991 5258 ἐπὶ

2398 5305 2515 5383 ⁴ταῖς
2565 5294 2878 5353 ἀπαιτήσεσι
2934 5301 3052 5372 περὶ
3105 5301 3392 5358 ποσότητος
3439 5302 3528 5349 καὶ
3584 5301 3858 5358 ποιότητος
3900 5303 3990 5349 τῶν

2399 5372 2622 5420 ἁπαιτου
2627 5372 2808 5440 μένων.

2467 5456 2774 5529 Ἐπηρώτων
2827 5486 2895 5497 —-
2955 5462 3405 5530 συκοφαντήσητε.
3457 5463 3678 5511 Διέσειον
3753 5461 3852 5531 γὰρ
3911 5457 3990 5507 καὶ

2400 5546 2780 5618 ἐσυκοφάντουν
2801 5545 3041 5610 πολλοὺς,
3070 5548 3139 5609 ὡς
3175 5546 3478 5610 ἀποστάτας
3503 5548 3532 5606 ἦ
3578 5545 3880 5608 ἐπιϐούλους
3907 5549 3988 5596 τοῦ

2403 5641 2690 5708 Καίσαρος,
2721 5632 2793 5688 δι’
2820 5634 3282 5710 αἰσχροκέρδειαν.
