4210 6456
192 424 300 481 905

1261 416 1617 476 COMMENT.
1661 412 1733 470 IN
1774 409 2036 468 LUCAM.
2078 441 2146 453 —
2186 410 2343 471 CAP.
2387 412 2481 469 Ill.

3463 407 3568 467 906

268 555 370 605 Καὶ
422 582 488 592 --
531 551 700 623 ύμῶν.
760 554 882 611 Τοῖς
926 549 1265 621 σιτηρεσίοις.
1324 540 1669 601 Καταλλήλως
1709 533 1796 589 οὖν

1978 534 2121 591 Vers
2153 536 2239 590 14.
2272 537 2337 591 Et
2367 566 2435 577 —
2474 535 2701 593 vestris.
2746 566 2815 576 —
2843 535 3105 593 Tesseris
3130 534 3560 594 frumentariis.

186 648 329 694 πᾶσι
380 644 660 711 παρῄνεσε,
706 644 797 696 τὴν
852 637 1152 711 τελεωτέραν
1207 630 1561 687 διδασκαλίαν
1620 627 1798 680 ἀπολε-

185 730 385 792 λοιπὼς
407 737 478 799 τῷ
502 736 739 802 Χριστῷ.

266 815 679 893 Προσδοκῶντος
755 847 821 856 -
900 815 1048 867 λαοῦ.
1120 810 1605 884 ’Υπολαμϐάνοντος-
1689 804 1800 858 εἶτα

187 910 525 983 ἐφερμηνεύει
554 910 640 959 τὸν
666 906 834 977 λόγον.

270 1004 373 1053 Καὶ
454 994 891 1067 διαλογιζομένων
948 1026 1017 1034 -
1089 992 1283 1048 ἅπασι,
1360 986 1797 1059 Διαλογιζομένων

188 1091 425 1153 πάντων,
467 1090 669 1158 μήποτε
717 1084 868 1143 αὐτὸς
899 1086 973 1139 εἴη
1035 1084 1059 1133 6
1100 1083 1351 1154 Χριστὸς,
1397 1078 1449 1129 ὃν
1503 1079 1551 1128 οἱ
1598 1082 1802 1149 προφῆ-

188 1198 286 1231 ται
312 1174 755 1247 καταγγέλλουσιο
795 1171 1065 1235 ἐξέπληττε
1092 1173 1194 1243 γὰρ
1241 1168 1423 1227 αύτούς
1453 1168 1478 1218 6
1507 1165 1656 1236 λόγος
1686 1164 1798 1235 (88)

188 1272 287 1319 καὶ
320 1268 349 1325 ἡ
379 1264 615 1317 πολιτεία
639 1260 818 1313 αὐτοῦ’
849 1264 1001 1330 γνοὺς
1029 1256 1087 1312 δε
1114 1260 1138 1310 6
1170 1259 1410 1317 Ἰωάννης
1440 1260 1532 1313 τὴν
1554 1256 1800 1311 τοιαύτην

188 1355 369 1409 αὐτῶν
419 1350 681 1422 ὑπόληψιν
728 1358 802 1421 τῷ
852 1347 1133 1423 διορατικῷ
1181 1350 1453 1418 πνεύματι,
1498 1344 1801 1417 ἀπεκρίνατο

190 1443 569 1517 διορθούμενος
601 1440 776 1497 αύτήν.

266 1538 452 1605 Λέγων
498 1562 564 1572 -—
618 1531 796 1594 αὐτοῦ,
859 1531 1078 1599 Εῖρηται
1147 1530 1236 1577 καὶ
1324 1528 1438 1597 περὶ
1515 1526 1704 1576 τούτων
1754 1520 1802 1573 ἐν

190 1631 266 1693 τῷ
326 1626 487 1696 τρίτῳ
555 1618 815 1691 κεφαλαίῳ
885 1624 976 1668 τού
1029 1618 1163 1667 κατὰ
1225 1616 1506 1678 Ματθαῐον,
1569 1617 1659 1663 καὶ
1718 1611 1805 1671 ζήο

192 1731 362 1771 τησον
394 1709 516 1763 ἐκεῖ.
549 1708 837 1777 Ἀνάγνωθι
877 1702 936 1758 δὲ
966 1709 1055 1757 καὶ
1081 1703 1128 1756 ὲν
1162 1713 1233 1774 τῷ
1264 1707 1520 1777 προοιμίῳ
1550 1708 1641 1753 τοῦ
1672 1703 1805 1753 κατά

194 1804 415 1873 Μάρκον
440 1802 535 1857 τὴν
562 1797 813 1868 ἐξήγησιν
843 1802 954 1847 τοῦ·
985 1793 1238 1869 Ἔρχεται
1269 1794 1294 1844 6
1337 1792 1674 1865 ἰσχυρότερός
1702 1810 1802 1863 μου

199 1890 375 1943 ὀπίσω
401 1907 523 1960 μου.

273 1979 362 2049 +1-
413 1983 477 2029 ‘O
526 1976 764 2036 Ἰωάννης
810 1974 925 2045 (89)
974 1977 1151 2044 φησίν·
1200 1972 1310 2024 Οὐκ
1350 1970 1453 2043 εἰμὶ
1503 1972 1671 2030 ἱκανὸς
1716 1969 1803 2020 λῦε

205 2087 299 2120 σαι
380 2070 466 2119 τὸν
544 2063 734 2139 ίμίιντα
802 2072 902 2115 τῶν
983 2058 1337 2134 ὑποδημάτων
1399 2060 1582 2124 αὐτοῦ,
1671 2062 1804 2110 κατὰ

204 2161 296 2228 μεν
348 2162 433 2214 τήν
484 2162 718 2229 προφανῆ
778 2155 971 2205 ἔννοιαν
1020 2147 1195 2213 δηλοῖ,
1254 2151 1333 2202 ὅτι
1386 2146 1509 2201 οὐδὲ
1575 2151 1803 2219 ἴσχατος

209 2244 392 2305 δοῦλος
421 2244 579 2297 αὐτοῦ
611 2243 715 2315 εἰμι
763 2242 903 2305 ἄξιος
953 2241 1250 2292 τάττεσθαι·
1303 2241 1436 2290 κατὰ
1484 2234 1544 2290 δε
1585 2241 1643 2289 τὸ
1682 2256 1800 2311 κρυ-

213 2342 474 2408 φιωτερον,
517 2330 611 2385 δύο
652 2328 970 2403 ὑποδήματά
1017 2330 1120 2382 εἰσι
1172 2336 1262 2381 τοῦ
1305 2332 1519 2399 Κυρίου,
1573 2329 1602 2385 ἡ
1649 2346 1703 2379 τε
1752 2326 1805 2389 ἐξ

216 2424 430 2497 ούρανοῦ
482 2421 565 2474 ἐπὶ
618 2426 709 2479 τὴν
764 2430 863 2492 γῆν
918 2415 1197 2490 ἐπιδημία,
1248 2422 1336 2469 καὶ
1386 2418 1414 2474 ἠ
1468 2416 1524 2468 ἐκ
1572 2424 1673 2486 γῆς
1720 2416 1804 2469 ἐπὶ

211 2516 299 2565 τὸν
323 2509 476 2583 ᾅδην·
528 2513 719 2563 τούτων
762 2506 849 2562 οὖν
895 2518 993 2561 τῶν
1047 2504 1144 2559 δύο
1188 2504 1481 2578 ἐπιὸημιών
1527 2510 1642 2565 τοὺς
1679 2510 1804 2579 τρό-

204 2621 334 2662 πους
358 2600 417 2652 ού
450 2596 667 2653 δύναταί
694 2618 771 2659 τις
800 2598 977 2660 λῦσαι,
1008 2592 1133 2649 ούδε
1159 2596 1203 2648 εἰ
1232 2598 1365 2647 κατὰ
1397 2595 1634 2651 Ἰωάννην
1668 2597 1802 2647 ἐστι.

201 2696 288 2752 Τίς
307 2693 407 2763 γὰρ
425 2686 649 2743 δύναταί
679 2688 857 2744 εἰπεῖν.
879 2688 907 2745 ἡ
931 2694 1037 2746 πῶς
1059 2684 1357 2760 ἐσαρκὼθη,
1376 2685 1404 2743 ἡ
1432 2692 1537 2744 πῶς
1554 2686 1804 2742 κατῆλθεν

202 2781 274 2841 εἰς
302 2776 440 2851 ᾅδην
465 2794 479 2845 ;

274 2975 447 3036 Αὐτὸς
494 3004 562 3014 -
617 2976 767 3045 πυρί.
834 2971 914 3024 Ἐν
961 2978 1031 3041 τῷ
1096 2967 1381 3027 δηλωθέντι
1437 2974 1595 3042 τρίτῳ
1658 2989 1808 3042 κεφα-

200 3066 329 3136 λαίῳ
390 3071 484 3116 τού
541 3065 679 3113 κατὰ
734 3060 1006 3114 Ματθαῖον
1078 3059 1315 3134 εὑρήσεις
1375 3064 1461 3111 καὶ
1520 3063 1637 3131 περὶ
1693 3063 1809 3112 τούς

201 3175 291 3207 του
306 3200 318 3211 .

1908 624 2129 680 Omnes
2159 638 2302 695 ergo
2351 625 2716 682 admonebat
2753 624 3153 683 diversimode
3193 630 3259 681 ut
3302 625 3569 698 expedie-

1906 712 2026 777 bat,
2060 713 2469 785 perfectiorem
2499 714 2834 770 doctrinam
2862 714 3061 771 Chisto
3090 714 3458 788 relinquens.

1977 801 2143 857 Vers.
2208 803 2295 858 15.
2336 803 2736 871 Exspectante
2769 834 2826 845 —
2882 804 3119 874 populo.
3193 804 3566 877 Suspicante,

1906 888 2123 946 deinde
2156 890 2573 961 interpretatur
2606 891 2880 948 verbum.

1978 978 2139 1034 Vers.
2168 984 2251 1035 l5.
2266 980 2341 1033 Et
2362 980 2750 1050 cogitantibus
2770 1010 2839 1020 —
2854 980 3012 1036 Vers.
3036 981 3123 1036 16.
3145 980 3439 1039 Omnibus.
3461 981 3567 1039 Co-

1908 1066 2235 1136 gitantibus
2256 1067 2563 1134 omnibus,
2583 1082 2730 1123 num
2760 1068 2889 1140 ipse
2913 1075 3066 1124 esset
3083 1068 3569 1142 Christus,quem

1908 1154 2214 1227 prophetas
2242 1155 2705 1212 annuntiabant.
2732 1156 3260 1229 Obstupefaciebat
3281 1158 3441 1213 enim
3464 1173 3569 1215 eos

1910 1243 2282 1299 conversatio
2306 1259 2376 1299 ac
2403 1259 2599 1300 sermo
2626 1244 2835 1316 ipsius.
2866 1246 3067 1302 Sciens
3086 1250 3283 1302 autem
3308 1246 3569 1303 Joannes

1909 1333 2067 1388 hanc
2109 1348 2319 1388 eorum
2365 1332 2712 1405 opinionem
2745 1334 3023 1391 acumine
3056 1338 3151 1391 sui
3201 1335 3443 1407 spritus,
3482 1350 3570 1393 re-

1911 1421 2152 1494 spondit
2181 1421 2343 1478 illam
2378 1422 2701 1492 corrigens.

1982 1510 2148 1567 Vers.
2181 1510 2265 1566 16.
2301 1511 2775 1583 Diceris—ejus.
2834 1512 3065 1569 Dictum
3119 1517 3207 1570 est
3251 1516 3310 1570 et
3354 1512 3430 1570 de
3478 1513 3568 1570 his

1910 1599 2107 1672 capite
2134 1600 2303 1656 tertio
2323 1600 2625 1670 Evangelii
2647 1601 2823 1672 juxta
2851 1602 3212 1659 Matthmum.
3244 1604 3394 1673 Lege
3422 1617 3570 1675 quo-

1911 1705 2031 1762 que
2059 1689 2120 1744 in
2146 1688 2439 1760 procemio
2477 1689 2811 1746 secundum
2834 1690 3095 1747 Marcum
3126 1691 3568 1748 enarrationem

1912 1778 2068 1834 illius
2098 1777 2303 1834 verbi:
2346 1779 2512 1834 Venit
2536 1779 2584 1834 is
2612 1778 2712 1850 qui
2738 1794 2830 1837 me
2852 1779 3072 1849 fortior
3091 1787 3175 1837 est
3213 1786 3346 1851 post
3372 1796 3465 1838 me
3496 1781 3566 1838 ".

1983 1991 2201 2063 +Quod
2230 1993 2492 2048 Joannes
2520 1993 2601 2049 ait
2622 2010 2635 2049 :
2656 1993 2797 2050 Non
2825 2010 2954 2051 sum
2983 1994 3221 2066 dignus,
3249 2002 3316 2051 ut
3340 1996 3568 2053 solvam

1911 2082 2226 2152 corrigiam
2264 2082 2785 2139 calceamentorum
2807 2085 2933 2153 ejus
2958 2102 2970 2141 :
2999 2089 3296 2155 quantum
3333 2086 3409 2141 ad
3436 2100 3572 2142 ma-

1912 2170 2277 2226 nifestiorem
2303 2170 2776 2240 intelligentiam,
2820 2172 3116 2242 signiﬁcat
3163 2188 3228 2229 se
3270 2188 3394 2230 non
3441 2189 3569 2230 esse

1912 2259 2185 2330 dignum,
2230 2258 2336 2332 qui
2363 2259 2457 2314 vel
2505 2261 2809 2317 numerari
2838 2260 3057 2331 dignus
3114 2262 3190 2318 sit
3232 2268 3569 2334 postremus

1913 2348 2043 2419 ejus
2071 2364 2296 2403 servus.
2329 2347 2630 2415 Quantum
2663 2354 2862 2405 autem
2905 2350 2983 2405 ad
3022 2352 3396 2407 reconditum
3439 2367 3573 2408 sen-

1915 2453 2071 2507 sum,
2094 2436 2216 2494 duo
2241 2436 2647 2494 calceameuta
2674 2439 2908 2495 Domini
2934 2443 3072 2496 sunt
3096 2440 3233 2497 duae
3257 2441 3385 2511 ejus
3406 2457 3573 2514 pere-

1915 2526 2299 2596 grinationes,
2324 2532 2460 2598 puta
2489 2543 2525 2583 a
2545 2528 2696 2583 caelo
2727 2529 2787 2583 in
2825 2532 3042 2585 terram
3064 2533 3120 2586 et
3148 2546 3185 2586 a
3206 2534 3359 2587 terra
3386 2530 3462 2587 ad
3485 2531 3572 2587 in-

1915 2615 2149 2671 fernum
2164 2659 2177 2672 .
2198 2616 2421 2672 Harum
2437 2616 2596 2672 enim
2609 2618 3147 2689 peregrinationum
3166 2619 3380 2675 modos
3391 2636 3572 2678 nemo

1914 2708 2112 2777 potest
2126 2704 2373 2770 solvere,
2397 2705 2511 2760 nisi
2538 2705 2755 2761 Joanni
2779 2706 3025 2779 quidem
3060 2706 3137 2762 sit
3173 2707 3401 2765 similis.
3429 2710 3573 2775 Quis

1915 2798 2074 2849 enim
2118 2793 2333 2865 poterit
2355 2794 2571 2865 dicere,
2605 2800 2706 2851 aut
2742 2796 3053 2865 quomodo
3102 2796 3175 2852 sit
3198 2798 3570 2871 incarnatus,

1917 2887 2020 2939 aut
2046 2883 2355 2955 quomodo
2384 2881 2463 2939 ad
2502 2883 2802 2939 infernum
2830 2884 3253 2941 descenderit?

1989 2971 2151 3027 Vers.
2193 2972 2280 3026 16.
2338 2973 2471 3041 Ipse
2524 3003 2592 3012 —
2628 2973 2759 3043 igni
2813 2972 3101 3029 Prasdicto
3155 2974 3323 3031 tertio
3380 2976 3575 3048 capite

1919 3061 2213 3132 Evangelii
2238 3060 2571 3117 secundum
2610 3061 2955 3118 Matthaium
2996 3061 3175 3119 etiam
3203 3063 3279 3121 de
3316 3079 3389 3121 eo
3418 3066 3577 3122 inve-

1918 3164 2045 3206 mes
2054 3188 2068 3203 .

275 3245 553 3316 [Βαπτίζει
580 3238 693 3311 (90)
714 3241 943 3311 Χριστὸς
974 3236 1021 3289 ἐν
1062 3239 1325 3310 Πνεύματι
1365 3256 1455 3309 μεν
1499 3235 1653 3308 ἁγίῳ,
1693 3241 1808 3297 τοὺς

1987 3238 2314 3311 +Baptizat
2356 3238 2621 3295 Christus
2662 3240 2723 3296 in
2751 3237 2977 3310 Spiritu
3014 3244 3222 3297 sancto
3250 3240 3477 3307 ﬁdeles,
3514 3241 3576 3297 in

200 3335 450 3394 πιστούς·
476 3329 524 3382 ἐν
554 3333 683 3401 πυρὶ
710 3324 785 3399 δὲ,
820 3331 937 3387 τοὺς
964 3325 1235 3386 ἀπίστους.
1271 3327 1373 3381 Καὶ
1403 3330 1463 3378 τὸ
1492 3329 1603 3398 μεν,
1650 3325 1697 3377 ἐν
1735 3336 1808 3397 τῷ

202 3427 429 3497 παρόντι
460 3417 589 3492 βίῳ·
628 3421 686 3469 τὸ
714 3413 792 3480 δε,
816 3415 864 3468 ἐν
896 3423 967 3486 τῷ
997 3414 1273 3485 με’λλοντι.]

274 3511 352 3562 Οὔ
390 3539 459 3550 -
501 3506 760 3577 ἀσϐέστῳ.
803 3512 982 3559 Ταῦτα
1020 3509 1109 3557 καὶ
1146 3506 1171 3556 6
1221 3505 1488 3566 Ματθαίος
1533 3503 1805 3577 ἀνέγραψε,

203 3605 292 3654 καὶ
336 3596 807 3671 διηρμηνεύθησαν
863 3595 1054 3667 ὁμοίως
1116 3592 1163 3645 ἐν
1213 3601 1285 3665 τῷ
1336 3598 1496 3667 τρίτῳ
1553 3593 1811 3666 κεφαλαίῳ

207 3690 364 3743 αὐτοῦ
374 3727 388 3740 .

278 3776 454 3832 Πολλὰ
504 3806 572 3817 —
622 3774 749 3844 λαῷ.
815 3772 983 3825 Πολλὰ
1029 3776 1118 3824 καὶ
1185 3774 1331 3845 ἔτερα
1375 3778 1491 3844 περὶ
1538 3781 1629 3825 τοῦ
1690 3780 1812 3845 Χρι-

213 3876 337 3921 στοῦ
398 3864 756 3937 εὐηγγελίζετο
812 3871 884 3933 τῷ
966 3861 1093 3932 λαῷ,

213 3960 321 4029 μεῖν
368 3960 463 4008 καὶ
510 3960 795 4007 πιστεῦσαν
844 3952 1005 4021 αύτῷ,
1057 3951 1323 4024 ἐρχομένῳ
1369 3948 1496 4011 ἤδη·
1553 3954 1606 4018 ἣ,
1653 3952 1817 4005 πολλὰ

214 4050 327 4120 περὶ
378 4047 647 4117 σωτηρίας
702 4040 890 4105 αὐτῶν,
946 4039 1258 4114 παρακαλῶν
1324 4049 1645 4113 μετανοῆσαι
1723 4042 1815 4093 αύ-

1178 3862 1490 3934 παρακαλῶν
1545 3860 1813 3935 προσδρα-

214 4154 361 4197 τους.

286 4224 343 4276 Ὀ
384 4220 443 4276 δὲ
487 4217 731 4295 Ἡρώδης
776 4251 845 4260 -
889 4219 1111 4291 φυλακῇ.
1159 4221 1302 4272 Μετὰ
1348 4223 1407 4271 τὸ
1456 4218 1817 4291 βαπτισθῆναι

220 4316 302 4362 τὸν
345 4315 596 4385 Χριστὸν,
639 4306 903 4368 δηλονότι.
954 4312 1172 4381 Εἶρῆται
1206 4305 1264 4361 δὲ
1294 4314 1411 4383 περὶ
1458 4317 1549 4369 τῆς
1589 4316 1816 4382 φρουρᾶς

223 4408 309 4451 τοῦ
339 4402 563 4453 Ἰωάννον
594 4399 642 4452 ἐν
668 4407 739 4470 τῷ
766 4398 984 4469 εἰκοστῷ
1009 4403 1223 4471 πέμπτῳ
1263 4397 1521 4469 κεφαλαίῳ
1552 4406 1643 4449 τοῦ
1686 4402 1816 4449 κατά

228 4488 370 4541 Mat-:0
377 4494 481 4539 αῖον
490 4532 501 4543 .

1917 3328 2055 3401 igne
2107 3342 2245 3383 vero
2275 3327 2567 3383 inﬁdeles:
2618 3334 2674 3383 et
2719 3328 2865 3383 illud
2913 3328 3156 3400 quidem
3208 3330 3268 3385 in
3298 3331 3577 3401 praesenti

1916 3416 2064 3481 vita,
2096 3416 2211 3472 hoc
2255 3421 2455 3471 autem
2486 3416 2545 3471 in
2573 3416 2793 3472 futura.

1989 3505 2158 3560 Vers.
2220 3510 2303 3560 l7.
2357 3505 2533 3576 Cujus
2577 3536 2643 3545 —
2675 3504 3158 3576 inexstinguibili.
3214 3506 3346 3562 Haec
3394 3506 3578 3564 etiam

1919 3593 2499 3667 scripsitMatthasus,
2531 3597 2587 3649 et
2618 3592 2885 3650 similiter
2908 3593 3216 3651 enucleata
3244 3600 3380 3651 sunt
3411 3596 3579 3654 tertio

1922 3686 2112 3755 capite
2138 3683 2437 3754 Evangelii
2464 3682 2681 3756 ipsius.

1994 3773 2155 3829 Vers.
2174 3773 2261 3827 18.
2276 3773 2474 3830 Multa
2491 3772 2799 3845 —p6pulo.
2816 3771 2993 3829 Multa
3013 3778 3295 3845 praeterea
3306 3778 3361 3831 et
3375 3773 3494 3831 alia
3504 3773 3579 3831 de

1924 3861 2152 3919 Christo
2179 3862 2577 3919 annuntiabat
2605 3862 2825 3935 populo
2860 3862 3211 3935 adhortans,
3246 3868 3309 3919 ut
3336 3864 3415 3920 ad
3441 3881 3580 3921 eum

1924 3956 2320 4017 accurrerent,
2348 3956 2405 4007 et
2428 3951 2488 4007 in
2507 3968 2645 4007 eum
2676 3951 2985 4007 crederent
3009 3953 3114 4024 qui
3131 3953 3257 4024 jam
3286 3953 3579 4011 veniebat.

1922 4041 2044 4107 Vel,
2075 4040 2261 4096 multa
2281 4039 2355 4095 de
2377 4040 2813 4097 saluteillorum
2834 4040 3161 4097 adhortans
3174 4058 3295 4111 eos,
3315 4048 3379 4097 ut
3393 4041 3581 4115 poeni-

1925 4134 2069 4186 teret
2099 4128 2262 4201 ipsos
2290 4144 2359 4184 ac
2391 4128 2821 4199 resipiscerent.

1996 4217 2159 4274 Vers.
2194 4218 2275 4273 19.
2312 4218 2573 4273 Herodes
2618 4225 2809 4273 autem
2849 4248 2916 4259 —
2946 4218 3111 4273 Vers.
3138 4222 3220 4272 20.
3262 4218 3572 4274 Custodia.

1925 4308 2249 4377 Postquam
2282 4306 2548 4361 videlicet
2588 4305 2923 4376 baptizatus
2953 4304 3144 4363 fuerat
3176 4306 3460 4363 Christus.
3492 4307 3583 4361 Di-

1927 4402 2086 4451 ctum
2110 4402 2196 4449 est
2222 4400 2422 4450 autem
2439 4394 2512 4449 de
2532 4394 2777 4449 Joannis
2808 4394 3271 4449 incarceratione
3298 4392 3584 4450 vicesimo

1924 4484 2135 4558 quinto
2178 4484 2373 4554 capite
2405 4481 2701 4551 Evangelii
2733 4484 3065 4537 secundum
3098 4482 3465 4537 Matthasum.

301 4576 504 4645 Εγένετο
565 4607 632 4619 -
702 4573 1002 4634 ηύδόκησα.
1072 4577 1389 4639 Βαπτισθεὶς
1457 4579 1808 4649 προσηύχετο,

1996 4573 2162 4629 Vers.
2196 4574 2286 4627 21.
2340 4572 2587 4629 Factum
2636 4577 2719 4628 est
2750 4603 2817 4613 —
2843 4572 3006 4626 Vers.
3040 4572 3129 4627 20.
3164 4571 3581 4642 Complacitum

229 4658 513 4733 διδάσκων,
544 4667 619 4718 ὅτι
660 4670 767 4740 χρή
812 4669 931 4728 τοὺς
976 4664 1359 4738 βαπτισθέντας
1398 4668 1813 4741 προσεύχεσθαι·

225 4756 283 4805 τὸ
337 4759 539 4827 Πνεῦμα
581 4751 639 4807 δέ
690 4758 747 4808 τὸ
804 4754 952 4826 ἅγιον
1018 4762 1300 4827 σωματικῷ
1357 4751 1485 4807 εῖδει
1542 4754 1816 4823 κατῆλθεν,

228 4843 308 4894 ἵνα
362 4845 513 4917 θεαθῇ
564 4851 669 4905 τοῖς
727 4850 1046 4916 σωματικοῖς
1116 4842 1400 4917 ὀφθαλμοῖς
1458 4853 1558 4896 τῶν
1621 4844 1816 4919 ἀνθρώ-

225 4951 349 4997 πων,
372 4938 460 4986 καὶ
484 4934 552 4994 εἰς
580 4937 739 5005 τιμήν
764 4941 856 4985 τοῦ
889 4937 1128 5005 σώματος
1166 4939 1257 4985 τοῦ
1300 4936 1554 5007 Χρῖστοῦ.
1590 4940 1715 5008 Περὶ
1761 4932 1819 4988 δὲ

226 5021 313 5073 τού
344 5020 713 5096 βαπτίσματος
734 5021 895 5075 αὐτοῦ
912 5022 1225 5097 πλατύτερον
1249 5022 1470 5095 ἔγραψεν
1502 5024 1527 5075 6
1556 5026 1819 5085 Ματθαῖος

225 5105 272 5159 ἐν
313 5117 385 5180 τῷ
430 5116 588 5186 τρίτῳ
627 5110 903 5183 κεφαλαίῳ,
965 5116 1054 5164 καὶ
1095 5113 1497 5187 ἠρμῆνεύθησαν
1548 5112 1597 5165 ἐν
1646 5111 1817 5187 ἐκείνῳ

224 5198 392 5251 πάντα
426 5202 560 5253 κατὰ
584 5200 752 5275 ῥῆμα.

290 5350 340 5385 ³⁸
367 5348 573 5409 Matth.
608 5348 653 5416 ι,
679 5351 734 5407 7.

1926 4670 2030 4721 est.
2080 4662 2418 4735 Baptizatus
2465 4661 2698 4726 orabat,
2752 4661 2981 4716 docens
3028 4676 3153 4726 eos,
3182 4662 3285 4733 qui
3314 4661 3589 4732 baptizati

1928 4758 2067 4810 sunt
2085 4768 2274 4809 orare.
2301 4750 2549 4823 Sipritus
2577 4755 2818 4806 sanctus
2849 4760 3037 4806 autem
3066 4749 3361 4821 corporali
3392 4749 3585 4822 specie

1927 4841 2252 4907 descendit,
2282 4846 2345 4895 ut
2381 4838 2566 4897 oculis
2596 4839 3009 4910 corporalibus
3047 4840 3355 4895 hominum
3400 4838 3590 4895 videri

1928 4937 2160 5005 posset:
2203 4935 2259 4985 et
2285 4930 2463 4985 etiam
2495 4930 2550 4983 in
2579 4929 2872 4985 honorem
2911 4929 3196 5000 corporis.
3224 4928 3442 4983 Christi
3474 4927 3591 4984 Sed

1928 5022 2003 5077 de
2033 5022 2163 5090 ejus
2178 5019 2539 5091 baptismate
2568 5018 2803 5090 planius
2824 5018 3065 5090 scripsit
3091 5017 3401 5074 Matthqu
3426 5016 3591 5071 tertio

1928 5111 2141 5184 capite,
2196 5113 2254 5165 et
2281 5108 2363 5165 ibi
2394 5113 2533 5164 sunt
2572 5108 2779 5165 omnia
2826 5107 2903 5164 ad
2936 5107 3189 5164 verbum
3235 5105 3585 5179 explanata.

1422 5478 1659 5552 Vat-im
1700 5480 2034 5551 lectiones
2073 5488 2139 5549 et
2177 5486 2390 5547 notae.

292 5618 409 5763 ἓεϐζ
442 5620 502 5676 Ἦ
526 5627 762 5677 πολιτεία
785 5627 877 5677 καὶ
897 5624 925 5677 6
948 5622 1117 5706 λόγος..

319 5693 387 5749 89
442 5693 565 5752 Hoc
587 5695 651 5753 in
672 5696 945 5763 margine
974 5695 1198 5753 codicis

319 5691 409 5763 89)
442 5693 565 5752 Hoc
587 5695 651 5753 in
672 5696 945 5766 margine
974 5691 1198 5753 codicis
1226 5691 1447 5766 reperit
1474 5694 1825 5754 Hentenius.

228 5759 491 5823 meorum
506 5771 710 5824 neuter
724 5759 926 5825 habet.
945 5769 1064 5824 Hoc
1083 5759 1434 5824 translatum
1450 5771 1537 5825 est
1552 5782 1624 5825 ex
1644 5767 1830 5826 Theo-

512 5864 751 5921 ΡΑτειοι..
793 5866 899 5926 Gn.
939 5862 1185 5923 CXXIX.

1934 5622 2195 5699 phxlqacg
2219 5635 2281 5693 p.
2332 5619 2439 5699 _325
2469 5618 2533 5673 E.

2009 5644 2018 5680 ι
2064 5640 2195 5679 lact.
2219 5640 2281 5693 p.
2340 5640 2439 5676 πθ
2472 5640 2533 5673 n.

2009 5640 2121 5768 (ξο)
2153 5695 2288 5751 Haec
2328 5691 2391 5749 in
2420 5690 2689 5763 margine
2714 5694 2786 5749 Α.

3252 5856 3323 5913 29
