4210 6434
606 383 711 439 907

1926 365 2262 429 EUTHYMH
2301 364 2625 422 ZlGABENl

3883 373 3993 430 908

677 506 841 564 Vera.
868 505 958 562 25.
988 503 1069 560 Et
1106 502 1321 572 ipse-
1347 500 1620 574 triginta.
1660 504 1737 559 De
1768 501 1863 558 his
1893 498 2139 573 pulchre
2177 496 2265 552 di-

2450 499 2552 546 Kc‘i‘t
2616 494 2768 555 αὐτὸς
2823 525 2891 534 -
2957 494 3254 567 τριάκοντα.
3317 498 3442 566 Περὶ
3517 498 3710 549 τούτων
3782 502 3990 570 εἴρηται

605 599 768 654 etum
795 599 885 652 est
910 594 972 650 in
997 591 1286 666 principio
1316 591 1455 648 dicti
1503 592 1653 648 tertii
1682 590 1912 664 capitis,
1959 588 2059 644 ubi
2087 586 2268 644 babe-

604 689 727 744 tur:
754 685 922 743 Venit
936 684 1196 741 Joannes
1208 681 1494 753 Baptista
1510 682 1846 752 praedicam
1860 682 1915 737 in
1929 679 2158 737 deserto
2166 678 2266 733 Ju-

604 773 744 832 daa
765 774 838 831 ³⁷.

674 988 718 1058 -1-
740 987 1108 1045 Tricenarius
1136 988 1233 1044 hic
1262 1002 1549 1044 numerus
1577 990 1634 1043 et
1661 985 1968 1058 temporis,
1995 987 2052 1040 et
2093 987 2268 1038 natu-

602 1091 686 1133 τω
703 1077 1025 1146 sensibilis,
1050 1082 1399 1150 naturaeque
1424 1074 1825 1146 intelligibilis,
1850 1079 2174 1130 creatorem
2199 1085 2268 1126 ac

603 1165 1056 1237 gubernatorem
1076 1166 1306 1223 inducit
1322 1166 1660 1222 Dominum.
1688 1163 1990 1234 Temporis
2020 1160 2269 1234 quidem

603 1269 713 1327 per
741 1259 994 1328 septem.
1025 1258 1282 1328 Tempus
1315 1256 1498 1320 enim,
1521 1269 1630 1327 per
1657 1257 1884 1326 septem
1913 1251 2042 1306 dies
2068 1265 2272 1322 proce-

605 1345 711 1417 dit,
750 1346 986 1402 Naturaa
1051 1352 1253 1402 autem
1307 1343 1626 1409 sensibilis,
1660 1357 1766 1416 per
1790 1341 2058 1414 quinque
2090 1357 2104 1395 :
2134 1346 2271 1397 sunt

607 1435 762 1493 enim
783 1434 1051 1508 quinque
1068 1450 1300 1491 sensus.
1328 1437 1563 1490 Natura:
1594 1447 1734 1488 vero
1765 1429 2145 1502 intelligibilis
2165 1445 2272 1502 per

604 1528 776 1583 octo:
806 1522 1123 1596 paululum
1153 1523 1314 1579 enim
1345 1537 1528 1594 supra
1560 1526 1815 1593 tempus,
1846 1519 2009 1592 quod
2041 1534 2147 1591 per
2185 1534 2270 1574 se-

604 1617 767 1687 ptem
788 1611 1070 1686 procedit,
1101 1617 1188 1668 est
1217 1609 1676 1682 intelligibilium
1699 1609 2019 1680 generatio.
2055 1607 2272 1664 Guber-

602 1702 910 1760 nationem
939 1716 1104 1768 vero,
1137 1715 1240 1774 per
1258 1700 1491 1766 decem,
1519 1703 1756 1772 propter
1781 1697 2095 1755 denarium
2122 1714 2274 1770 prae-

605 1795 916 1864 captorum
942 1806 1285 1855 numerum,
1307 1790 1413 1862 qui
1433 1789 1708 1845 homines
1734 1787 1812 1844 ad
1834 1787 2268 1844 beatitudinem

605 1880 868 1938 inducit:
901 1885 1003 1937 aut
1029 1881 1183 1946 ideo,
1211 1879 1357 1951 quia
1387 1878 1580 1934 littera
1612 1877 1752 1944 iota,
1775 1893 1913 1950 quas
1951 1877 2158 1932 decem
2192 1878 2268 1933 si-

605 1969 872 2040 gniﬁcat,
906 1968 1260 2041 principium
1289 1972 1378 2024 est
1399 1968 1682 2024 humanas
1711 1965 2129 2038 appellationis
2160 1966 2268 2022 Do-

605 2058 776 2125 mini,
805 2058 1026 2115 scilicet
1070 2057 1336 2114 nominis
1369 2057 1593 2118 Ἰησοῦς.
1651 2056 2027 2126 Conjungens
2066 2055 2267 2127 itaque

607 2151 835 2220 septem
864 2146 1132 2220 quinque
1155 2151 1290 2203 octo
1319 2150 1375 2202 et
1399 2145 1631 2214 decem,
1655 2143 2024 2200 tricesimum
2051 2143 2268 2200 efﬁcies

604 2251 948 2304 numerum,
975 2235 1078 2308 qui
1101 2235 1412 2308 praedictas
1436 2250 1528 2290 res
1551 2233 1800 2306 mystice
1817 2249 1886 2290 ac
1898 2233 2266 2304 aenigmatice

607 2325 895 2395 designat.

678 2413 843 2471 νοτε.
875 2417 964 2470 23.
991 2413 1295 2471 Incedens.
1321 2412 1598 2478 Veniens,
1634 2427 1765 2468 sese
1792 2410 2264 2467 demonstrando

605 2501 687 2562 ad
715 2502 1011 2576 populum
1056 2503 1378 2560 manifesta
1408 2500 1884 2564 conversatione,
1934 2516 2038 2573 per
2092 2501 2265 2572 signa

605 2590 882 2649 videlicet
904 2596 962 2648 et
988 2591 1346 2648 doctrinam.

678 2681 838 2737 Vers.
869 2683 959 2737 23.
995 2681 1066 2737 Ut
1110 2680 1453 2751 putabatur,
1493 2679 1652 2749 filius
1703 2678 1935 2748 Ioseph.
1979 2678 2049 2734 Ut
2094 2682 2263 2750 puta-

608 2769 785 2826 batur
811 2783 849 2826 a
870 2767 1116 2837 Judmis,
1144 2773 1209 2824 ut
1236 2768 1644 2824 enim-veritas
1673 2767 1952 2833 habebat,
1985 2782 2108 2822 non
2139 2772 2264 2822 erat

618 2856 943 2928 ﬁliusejus.
981 2856 1092 2913 Ubi
1121 2860 1324 2914 autem
1349 2857 1424 2913 de
1454 2857 1678 2928 Josepb
1712 2855 1847 2912 fecit
1876 2856 2256 2923 mentionem,

610 2945 880 3004 ascendit
913 2949 969 3001 et
1017 2945 1096 3001 ad
1144 2949 1376 3018 patrem
1417 2945 1658 3018 Josepb,
1691 2944 1908 3001 deinde
1965 2943 2145 3000 etiam
2185 2944 2261 3000 ad

608 3050 791 3093 avum
811 3035 964 3107 ejus,
987 3040 1044 3092 et
1059 3034 1137 3091 ad
1168 3049 1462 3106 proavum
1493 3049 1564 3090 ac
1593 3034 1857 3090 abavum
1890 3051 1904 3100 ;
1929 3039 1986 3090 et
2013 3033 2094 3090 ita
2117 3048 2264 3090 con-

608 3129 924 3197 sequenter
950 3123 1292 3195 regrediens
1317 3123 1584 3180 ascendit
1613 3140 1806 3197 usque
1835 3124 2048 3180 Adam.

681 3213 912 3271 Dictum
955 3218 1044 3270 est
1097 3218 1298 3270 autem
1323 3214 1397 3270 de
1423 3213 1766 3285 hujusmodi
1803 3212 2155 3286 genealogia
2201 3214 2262 3270 in

606 3303 952 3378 primordiis
975 3303 1362 3375 genealogis,
1394 3319 1530 3376 quas
1581 3303 1744 3376 apud
1775 3304 2106 3360 Matthaeum
2151 3308 2260 3373 est,

608 3393 713 3450 ubi
755 3391 984 3458 dicitur,
1026 3392 1174 3448 Filii
1214 3392 1432 3463 David,
1483 3393 1601 3461 ﬁlii
1627 3393 1930 3450 Abraham
1951 3393 1998 3428 ²⁸
2030 3410 2044 3448 :
2079 3399 2136 3448 et
2179 3391 2262 3448 ibi

607 3497 812 3555 qumre
849 3497 1102 3540 causam
1127 3480 1487 3538 diversitatis
1535 3496 1763 3538 earum.

683 3573 846 3628 Vers.
870 3573 957 3627 24.
975 3571 1085 3638 Qui
1102 3571 1218 3642 fuit
1236 3570 1359 3627 Ειί.
1382 3570 1603 3642 Ioseph
1626 3569 1727 3626 ﬁlii
1752 3570 1852 3626 Eli.
1872 3572 2091 3628 Verum
2117 3588 2264 3645 quo-

609 3659 795 3718 modo
811 3660 1042 3716 Mattbm
1051 3676 1117 3714 us
1132 3658 1353 3732 Joseph
1370 3658 1557 3714 ﬁlium
1575 3658 1942 3730 dixitJacob,
1962 3665 2147 3718 Lucas
2165 3678 2266 3719 au-

616 3753 733 3806 tem
774 3763 938 3804 nunc
967 3747 1157 3804 ﬁlium
1205 3746 1286 3803 Eli
1311 3746 1340 3801 ?
1359 3747 1508 3812 Quia
1544 3752 1778 3805 mortuo
1806 3749 1886 3804 Eli
1915 3750 2044 3806 sine
2075 3751 2262 3823 prole,

609 3835 818 3906 Jacob,
835 3835 939 3908 qui
961 3836 1140 3892 frater
1157 3836 1287 3907 ejus
1318 3851 1390 3892 ex
1419 3836 1632 3892 eadem
1654 3841 1841 3893 matre
1863 3844 2008 3904 erat,
2027 3848 2266 3913 sumpta

609 3924 771 3983 illius
804 3939 988 3981 uxore
1010 3925 1180 3996 juxta
1207 3923 1355 3994 legis
1379 3930 1763 3998 praeceptum,
1798 3930 2001 3997 genuit
2023 3931 2260 4003 Josepb,

610 4020 668 4070 et
695 4012 892 4070 factus
915 4017 1003 4069 est
1027 4011 1245 4086 Joseph
1288 4015 1418 4084 lege
1442 4012 1687 4085 quidem
1717 4013 1873 4070 ﬁlius
1902 4016 1999 4081 Eli,
2050 4024 2264 4076 natura

610 4117 749 4159 vero
786 4101 942 4158 ﬁlius
967 4101 1172 4158 Jacob.
1209 4105 1405 4174 Itaque
1434 4102 1738 4158 Mattheus
1771 4105 2104 4163 naturalem
2134 4108 2264 4179 ejus

607 4195 844 4265 patrem
870 4189 1328 4264 scripsit.Lucas
1348 4205 1486 4247 vero
1507 4190 1782 4261 legalem,
1809 4195 2083 4267 utrinque
2104 4197 2261 4253 enim

606 4281 832 4355 Joseph
876 4281 1175 4339 invenitur
1235 4279 1470 4352 generis
1523 4280 1874 4339 relationem
1918 4283 2140 4341 habere
2183 4286 2262 4343 ad

605 4370 818 4429 David.

677 4583 840 4641 Vers.
871 4587 967 4643 24.
1019 4584 1130 4652 Qui
1149 4584 1271 4656 fuit
1311 4584 1604 4642 Matthan.
1645 4584 1835 4658 Ipsius
1858 4585 1943 4642 Eli
1985 4585 2086 4644 ﬁlii
2116 4591 2260 4646 Mat-

607 4671 778 4729 than.
810 4673 929 4730 Sed
956 4673 1263 4746 quomodo
1297 4689 1532 4730 rursum
1557 4675 1860 4732 Matthmus
1887 4676 2153 4734 Matthan
2179 4679 2262 4736 di-

609 4761 690 4816 cit
723 4765 956 4834 patrem
976 4763 1174 4826 Jacob,
1212 4763 1398 4819 Lucas
1428 4768 1629 4820 autem
1656 4780 1816 4820 nunc
1843 4772 2075 4837 patrem
2119 4767 2263 4826 dicit

608 4848 740 4908 Eli?
769 4850 919 4916 Quia
945 4849 1090 4907 alius
1123 4850 1232 4906 fuit
1257 4851 1514 4908 Matthan
1548 4852 1658 4908 iste
1688 4858 1744 4910 et
1784 4853 1937 4911 alius
1970 4854 2091 4912 ille.
2139 4857 2259 4915 Ma-

681 4975 724 5011 ³⁷
750 4975 951 5033 Matth.
987 4989 1068 5040 ιιι,
1103 4975 1154 5029 1.
1187 4975 1234 5011 "
1255 4976 1452 5033 Matth.
1488 4991 1527 5044 ι,
1566 4983 1617 5034 t.

2377 583 2540 643 καλῶς
2597 583 2649 635 έν
2723 583 2866 655 ἀρχῇ
2942 592 3031 634 τοῦ
3111 583 3357 655 ῥηθέντος
3417 588 3596 656 τρίτου
3679 587 3984 657 κεφαλαίου,

2809 679 2884 724 τό.
2950 672 3030 725 Ἐν
3109 667 3167 723 δι
3241 679 3356 732 ταῖς
3417 673 3639 745 ἡμέραις
3707 682 3986 748 παραγίνε-

2376 779 2464 812 ται
2492 761 2727 823 Ἰωάννης
2769 763 2795 813 6
2838 764 3153 827 Βαπτιστης,
3184 764 3468 832 κηρύσσων
3505 760 3552 813 έν
3583 770 3644 835 τῇ
3679 763 3858 838 έρημῳ
3887 775 3983 828 τῆς

2377 845 2660 912 Ἰουδαίας.

2454 937 2536 1006 [Ὁ
2612 939 2892 1013 τριάκοντά
2955 939 3064 1008 (91)
3143 938 3293 1000 οὗτος
3369 938 3590 1012 ἀριθμὸς
3657 948 3852 1015 χρόνον
3932 964 3986 997 τε

2377 1031 2466 1077 καὶ
2513 1030 2712 1098 φύσεως
2767 1029 3028 1090 αἰσθητῆς
3083 1033 3172 1079 καὶ
3235 1032 3432 1100 φύσεως
3483 1038 3670 1092 νοητῆς
3719 1028 3985 1106 δημιουρο

2377 673 2495 724 ἔνθα
2559 681 2726 724 κεῖται

2376 1119 2468 1185 γόν
2539 1121 2627 1168 καὶ
2710 1122 3000 1188 προνοητην
3072 1117 3271 1187 εἰσάγει
3337 1122 3423 1169 τὸν
3487 1122 3696 1191 Κύριον.
3782 1128 3984 1193 Χρόνου

2377 1207 2489 1274 μεν,
2522 1201 2614 1256 διὰ
2652 1215 2741 1256 τοῦ
2786 1207 2931 1258 ἑπτά·
2994 1201 3333 1276 ἐϐδοματικός
3388 1211 3491 1281 γὰρ
3549 1209 3575 1260 ὁ
3628 1214 3833 1281 χρόνος·
3880 1215 3984 1282 φύ-

2381 1311 2510 1354 σεως
2563 1290 2620 1346 δι
2659 1295 2938 1359 αἰσθητῆς,
2999 1292 3092 1346 διὰ
3131 1303 3221 1346 τοῦ
3258 1300 3421 1347 πέντε·
3458 1294 3743 1356 πενταδικὴ
3792 1303 3894 1370 γὰρ
3951 1301 3980 1356 η

2379 1383 2648 1443 αἴσθησις·
2711 1387 2906 1453 φύσεως
2970 1379 3028 1434 δε
3097 1391 3302 1450 νοητῆς,
3368 1381 3462 1436 διὰ
3512 1394 3603 1438 τοῦ
3655 1386 3806 1438 ὀκτώ·
3854 1389 3982 1460 ὑπὲρ

2377 1473 2475 1542 γὰρ
2508 1474 2592 1522 τὸν
2623 1471 2735 1542 (92)
2767 1476 2957 1543 χρόνον
2997 1473 3110 1533 (93)
3155 1474 3184 1528 ἠ
3230 1481 3328 1524 τῶν
3366 1483 3564 1532 νοητῶν
3600 1479 3819 1545 γένεσις·
3867 1477 3982 1546 (94)

2379 1567 2668 1633 προνοητὴν
2702 1563 2813 1630 (95)
2845 1559 2903 1614 δε
2950 1558 3044 1613 διὰ
3087 1570 3179 1613 τοῦ
3227 1559 3376 1626 δέκα,
3430 1560 3524 1616 διὰ
3568 1584 3623 1617 τε
3655 1570 3748 1623 τὴν
3779 1563 3986 1619 δεκάδα

2379 1659 2480 1701 τῶν
2533 1649 2741 1701 έντολῶν
2803 1651 2914 1719 (96)
2965 1650 3033 1711 εἰς
3087 1654 3142 1702 τὸ
3212 1647 3264 1702 εὖ
3323 1653 3452 1704 εἶναι
3502 1657 3622 1714 τοὺς
3679 1653 3984 1727 ἀνθρώπους

2380 1741 2685 1810 ἓνοὶγουσαν,
2736 1744 2824 1790 καὶ
2865 1736 2957 1791 διὰ
3004 1744 3062 1791 τὸ
3117 1738 3291 1814 ἀρχὴν
3331 1742 3458 1793 εἶναι
3514 1751 3603 1802 τῆς
3654 1741 3982 1815 ἀνθρωπίνης

2379 1835 2469 1879 τοῦ
2523 1832 2714 1901 Κυρίου
2774 1834 3137 1902 προσηγορίας
3185 1833 3242 1880 τὸ
3296 1830 3438 1881 ἰῶτα.
3491 1833 3691 1891 Συνθεὶς
3744 1832 3831 1882 οὖν
3879 1836 3972 1883 τὸν

2377 1917 2505 1968 έπτά
2534 1922 2623 1968 καὶ
2666 1921 2752 1968 τὸν
2793 1923 2938 1970 πέντε
2979 1923 3065 1969 καὶ
3100 1922 3184 1970 τὸν
3229 1917 3359 1970 ὀκτὼ
3397 1923 3482 1970 καί
3522 1922 3608 1970 τὸν
3657 1916 3803 1983 δέκα,
3851 1921 3973 1992 (97)

2375 2010 2460 2058 τὸν
2522 2008 2802 2079 τριάκοντα
2865 2006 3182 2081 πληρώσεις,
3235 2016 3496 2080 μυστικῶς
3550 2010 3618 2060 τὰ
3672 2004 3981 2066 δηλωθέντα

2375 2095 2842 2167 ὑπαινιττόμενον.]

2445 2363 2780 2437 Ἀρχόμενος.
2807 2364 2918 2433 (98)
2941 2363 3208 2438 Ἀρχομος
3230 2371 3319 2425 τῆς
3340 2364 3411 2425 εἰς
3434 2368 3521 2416 τόν
3536 2363 3656 2415 λαὸν
3672 2361 3982 2428 ἀναδέίξεως

2372 2452 2552 2517 αὑτοῦ,
2586 2462 2681 2512 τῆς
2713 2460 2928 2526 φανερᾶς
2963 2454 3078 2523 (99)
3117 2453 3378 2514 πολιτείας
3406 2454 3566 2505 αὐτοῦ
3597 2454 3679 2524 (Ι)
3711 2458 3846 2520 ἤτοι,
3881 2466 3982 2506 τῶν

2372 2547 2598 2612 σημείων
2628 2548 2716 2592 καὶ
2742 2552 2830 2602 τῆς
2862 2538 3211 2602 διδασκαλίας

2440 2629 2554 2696 Ὧν,
2605 2634 2671 2692 ὡς
2723 2631 3004 2703 ἐνομίζετο,
3062 2634 3169 2690 υἱὸς
3219 2633 3440 2703 Ἰωσήφ,
3507 2635 3593 2692 Ὠς
3647 2629 3817 2686 ἐδόκει
3876 2642 3980 2694 τοίς

2371 2715 2666 2779 Ἰουδαίοις.
2734 2721 2816 2779 Ὠς
2872 2724 2972 2792 γὰρ
3019 2722 3048 2777 ἡ
3109 2719 3323 2777 ἀληὺιια
3380 2718 3542 2791 εἶχεν,
3597 2722 3691 2773 οὐκ
3755 2719 3814 2780 ἦν
3870 2726 3977 2783 υίὸς

2368 2809 2549 2861 αὑτοῦ.
2621 2809 2786 2861 Εἰπὼν
2854 2805 2913 2861 δέ
2971 2816 3086 2880 περὶ
3139 2818 3231 2860 τοῦ
3294 2809 3504 2881 Ἰωσὴφ,
3574 2810 3832 2863 ἀναϐαίνει
3883 2818 3971 2864 καὶ

2371 2896 2454 2949 ἐπὶ
2486 2902 2572 2948 τὸν
2618 2901 2818 2970 πατέρα
2865 2906 2957 2948 τοῦ
3012 2899 3229 2969 Ἰωσὴφ,
3285 2894 3393 2949 εἶτα
3424 2904 3513 2949 καὶ
3567 2898 3648 2951 έπὶ
3687 2905 3766 2950 τὸν
3827 2903 3960 2950 ποίπ-

2369 3006 2463 3038 πον
2504 2986 2683 3053 αὐτοῦ,
2732 2993 2821 3038 καὶ
2867 2986 2950 3038 ἐπὶ
2981 2991 3064 3038 τόν
3110 2993 3442 3059 πρόπαππον,
3476 2993 3566 3040 καὶ
3612 2987 3686 3039 ἐπὶ
3725 2991 3804 3039 τόν
3844 2988 3957 3039 ἐπί-

2370 3095 2600 3145 παππον,
2629 3081 2718 3128 καὶ
2749 3077 2884 3127 οὕτω
2915 3075 3092 3128 λοιπόν
3115 3074 3470 3140 ἀναποδίζων,
3495 3078 3688 3130 ἄνεισιν
3718 3079 3845 3148 ἄχρι
3871 3085 3961 3129 τοῦ

2297 3193 2340 3250 ο
2378 3161 2552 3237 Αδάμ.

2445 3256 2664 3328 Εἴρηται
2714 3250 2772 3307 δὲ
2817 3258 2933 3328 περὶ
2992 3262 3081 3314 τῆς
3129 3259 3374 3315 τοιαύτης
3430 3255 3761 3326 γενεαλογίας
3813 3254 3862 3307 έν
3903 3263 3973 3326 τῷ

2373 3350 2630 3417 προοιμίῳ
2696 3352 2783 3404 τῆς
2835 3347 2978 3416 παρὰ
3035 3352 3106 3413 τῷ
3162 3346 3415 3414 Ματθαίῳ
3465 3344 3811 3415 γενεαλογίας,
3859 3347 3978 3397 ἔνθα

2373 3441 2541 3486 κεῖται
2590 3438 2666 3484 τό·
2726 3436 2850 3484 Υίοῦ
2910 3429 3096 3498 Δαυίδ,
3145 3435 3262 3484 υἱοῦ
3293 3433 3557 3507 Ἀϐραάμ·
3614 3434 3717 3488 Καὶ
3745 3435 3976 3494 ζήτησον

2373 3521 2477 3574 έκεῖ
2503 3527 2596 3580 τὴν
2636 3522 2830 3574 αἰτίαν.

2443 3619 2545 3664 Τοῦ
2603 3611 2762 3668 Ἰιλεί,
2813 3611 3005 3683 Ἰωσὴφ
3060 3620 3151 3663 τοῦ
3203 3611 3362 3664 Ἰίλεί.
3438 3611 3602 3665 Ἀλλὰ
3655 3620 3758 3673 πῶς
3809 3615 3836 3664 ὀ
3888 3618 3981 3686 μὲν

2375 3703 2640 3762 Ματθαῑος
2711 3702 2820 3752 υἱόν
2871 3708 2961 3752 τοῦ
3019 3699 3206 3752 Ἰακὼϐ
3255 3698 3363 3752 εἶπε
3415 3704 3501 3752 τόν
3564 3702 3781 3773 Ἰωσήφ,
3842 3704 3868 3754 6
3925 3701 3987 3756 δε

2377 3797 2583 3852 Λουκᾶς
2637 3798 2744 3860 νῦν,
2793 3791 2903 3841 υἱον
2964 3797 3055 3841 τοῦ
3117 3788 3467 3855 Ἠλεί;Διότι
3525 3797 3616 3841 τοῦ
3666 3790 3786 3842 Πλεὶ
3837 3810 3988 3845 τετε-

2373 3879 2680 3940 λευτηκότος
2759 3875 3003 3943 ἄπαιδος,
3083 3879 3108 3930 6
3153 3881 3465 3952 ὁμομήτριος
3533 3875 3753 3951 ἀδελφὸς
3820 3881 3989 3935 αὐτοῦ

2378 3969 2581 4033 Ἰακὼϐ,
2639 3968 2805 4020 λαϐὼν
2856 3973 2950 4026 τὴν
2995 3967 3187 4020 ἐκείνου
3225 3976 3450 4039 γυναῖκα
3499 3971 3635 4021 κατά
3669 3975 3754 4020 τόν
3803 3975 3989 4042 νόμον,

2371 4062 2642 4128 γεγέννηκε
2708 4061 2793 4108 τὸν
2866 4056 3082 4128 Ἰωσὴφ,
3170 4062 3259 4109 καὶ
3342 4062 3540 4128 γέγονεν
3635 4060 3658 4109 6

2579 4150 2688 4217 μεν,

2373 4233 2578 4288 Ἰακώϐ.
2616 4240 2714 4286 Καὶ
2757 4234 2934 4286 λοιπόν
2983 4236 3247 4296 Mareade;
3292 4239 3401 4307 μεν,
3453 4239 3538 4286 τόν
3578 4238 3728 4306 φύσει
3781 4243 3996 4310 πατέρα

3758 4058 3989 4132 Ἰωσὴφ,

2372 4153 2509 4218 νόμῳ
2579 4150 2688 4217 μεν,
2772 4148 2883 4207 υίὸς
2968 4154 3058 4197 τοῦ
3108 4146 3266 4199 Ἰίλεί·
3340 4151 3491 4218 φύσει
3559 4143 3637 4206 δὲ,
3708 4149 3819 4208 υίὸς
3895 4159 3992 4201 τοῦ

2372 4325 2531 4376 αὐτοῦ
2557 4323 2830 4396 ἀνέγραῲν
2859 4329 3066 4385 Λουκᾶς
3092 4320 3170 4389 δε,
3195 4329 3280 4376 τὸν
3296 4330 3461 4397 νόμῳ.
3495 4330 3595 4378 Καὶ
3622 4323 3992 4399 ἀμφοτέρωθεν

2369 4416 2470 4487 γὰρ
2499 4415 2524 4465 ὀ
2557 4413 2743 4484 Ἰωσὴφ
2778 4415 3072 4485 εὑρίσκεται
3104 4418 3192 4471 την
3220 4412 3478 4487 ἀναφορὰν
3518 4421 3608 4466 τοῦ
3632 4419 3811 4485 γένους
3841 4418 3990 4487 ἔχων

2371 4503 2456 4556 έπὶ
2486 4507 2570 4556 τὸν
2604 4499 2794 4556 Δαυίδ.

2441 4600 2543 4646 Τοῦ
2611 4595 2849 4646 Ματθοίν.
2909 4594 3012 4646 Τοῦ
3064 4592 3221 4659 Ἰιλεὶ,
3283 4601 3375 4646 τοῦ
3419 4596 3536 4646 υἱοῦ
3593 4601 3684 4646 τοῦ
3737 4597 3982 4648 Ματοοίν.

2371 4682 2527 4737 Ἀλλὰ
2600 4682 2773 4746 πάλιν,
2855 4691 2960 4743 πῶς
3024 4687 3110 4735 τὸν
3169 4685 3383 4736 Ματθάν
3455 4685 3480 4736 6
3555 4687 3644 4755 μέν
3715 4686 3987 4746 Mat-Gaio;

2369 4777 2568 4845 πατέρα
2615 4771 2749 4842 λέγει
2799 4779 2890 4824 τοῦ
2937 4771 3148 4825 Ἰακωϐ.
3200 4774 3225 4824 ὁ
3274 4769 3333 4826 δι
3384 4778 3586 4833 Λουκᾶς
3632 4780 3740 4835 νῦν,
3779 4778 3989 4847 πατέρα

2369 4869 2461 4915 τοῦ
2514 4860 2855 4928 ἨλείςΔιότι
2911 4860 3063 4924 ἄλλος
3127 4861 3273 4923 οὗτος
3329 4863 3354 4913 6
3400 4863 3617 4915 Ματθάν
3681 4866 3770 4914 καὶ
3826 4862 3988 4926 ἄλλος

1813 5123 2035 5193 Variae
2089 5127 2412 5200 lectiones
2452 5142 2517 5199 et
2557 5141 2756 5199 notas.

680 5280 789 5354 (9t)
821 5282 950 5337 Hinc
980 5285 1224 5354 uterque
1254 5283 1314 5338 in
1362 5282 1654 5353 margine.

702 5351 796 5427 99)
819 5358 929 5427 T55”
959 5351 1185 5427 χρόνων·
1220 5359 1281 5427 An

703 5356 796 5491 92)
819 5358 929 5404 Τῶν
959 5357 1185 5427 χρόνων.
1220 5359 1281 5408 Α.

703 5425 768 5479 93
816 5424 1159 5505 _Hentenius
1207 5425 1440 5505 videtur
1475 5424 1694 5505 legisse
1726 5442 1740 5482 :
1768 5431 1974 5505 ’Μικρὸν
2001 5432 2102 5505 γὰρ
2136 5433 2260 5504 ὑπερ

605 5491 938 5570 τὸν-χρόνον,
959 5499 1047 5548 τὸν
1078 5491 1173 5570 δ’ιά
1197 5497 1327 5550 έπτὰ
1349 5491 1731 5570 προχωροῦντα
1758 5500 1811 5557 ἠ.

679 5564 796 5634 (94)
828 5571 978 5625 Γέννη
988 5586 1070 5630 σις
1084 5610 1096 5623 .
1137 5567 1204 5626 Β.

679 5637 794 5710 (95)
826 5637 1087 5711 Intellige
1113 5638 1333 5711 εἰσάγει.

681 5709 792 5782 (96)
823 5713 928 5768 Τήν
958 5709 1187 5768 videtur
1215 5709 1716 5784 interponendum
1771 5727 1932 5771 esse.

2445 5293 2560 5434 (97)
2596 5291 2858 5373 lntellige
2885 5291 3121 5367 ἀριθμὸν,
3157 5291 3319 5366 quod
3363 5291 3980 5373 ﬁenteniusaddidit.

2467 5364 2558 5434 98)
2599 5365 2694 5419 Bis
2714 5364 3008 5434 deinceps
3037 5363 3314 5434 έρχόμενος
3334 5364 3563 5420 Videtur
3592 5363 3807 5434 legisse
3829 5363 3980 5421 Hen-

2467 5364 2558 5445 98)
2599 5365 2694 5445 [iis
2713 5363 3018 5445 ‘deinceps'
3037 5363 3314 5438 έρχόμενος
3334 5363 3563 5420 videtur
3592 5363 3807 5434 legisse
3829 5363 3987 5421 Hen-

2375 5433 3163 5581 te[(13);lef‘lMieatlfinterpretatio
3193 5504 3416 5579 optime
3448 5504 3736 5580 applicari
3781 5509 3986 5581 potest

2370 5575 2666 5636 voeabulo
2696 5575 3048 5641 ’Λναδείξεως.
3085 5575 3290 5645 [Δια-ι,
3331 5581 3422 5635 80.

2441 5650 2519 5725 (ι)
2558 5649 2730 5708 Αὐτοῦ
2761 5649 2979 5710 omittit
3016 5649 3082 5706 Β.
