4210 6438
263 396 368 456 909

1341 384 1712 448 COMMENT.
1754 383 1827 439 IN
1868 379 2130 438 LUCAM.
2172 414 2242 426 —
2279 386 2430 441 CAP.
2473 386 2566 442 IV.

3526 384 3634 443 910

265 527 476 587 ἐκεῖνος.
525 527 632 581 Τὴν
678 523 780 593 γὰρ
811 523 1009 593 μητέρα
1037 526 1129 571 τοῦ
1178 517 1318 571 Ἠλεὶ
1367 520 1456 568 καὶ
1515 521 1608 567 τοῦ
1663 504 1870 573 Ἰακὼϐ,

2002 522 2130 564 rem
2151 508 2454 582 siquidem
2483 509 2674 583 ipsius
2695 508 2779 565 Eli
2805 511 2861 566 et
2883 508 3067 566 Jacob
3091 508 3354 582 primum
3383 507 3556 566 duxit
3570 508 3633 566 in

265 623 448 686 πρῶτοι
501 617 591 685 μὲν
650 613 838 682 ἔγημεν
890 610 914 660 6
975 611 1117 683 ποίρὰ
1168 616 1240 677 τῷ
1297 611 1477 675 Λουκᾷ
1531 603 1747 656 Ματθὰν
1791 597 1875 650 613-

267 723 370 769 τος,
411 707 503 754 καὶ
533 700 768 772 ἐγέννησε
824 702 910 750 τὸν
943 697 1122 750 Ἠλεί·
1185 693 1294 748 εἶτα
1343 694 1692 754 ἀποθανόντος
1750 692 1877 743 ἐκεί-

267 811 377 856 νου,
410 796 586 862 χήραν
622 789 784 842 οὖσαν
821 788 1046 858 ἠγάγετο
1082 789 1276 843 ταυτην
1304 787 1328 836 6
1355 786 1499 858 παρὰ
1523 791 1594 852 τῷ
1620 782 1874 848 Ματθαίῳ

272 882 487 934 Ματθὰν
552 877 756 939 ἐκεῖνος,
835 884 931 938 τῆς
979 875 1140 937 αὐτῆς
1202 877 1290 946 μεν
1341 873 1503 945 φυλῆς
1551 876 1640 941 ὧν,
1701 869 1876 944 ἑτέρας

802 970 888 1016 καὶ
943 963 1178 1035 ἐγέννησε
1248 967 1334 1014 τὸν
1413 959 1634 1014 Ἰακὼϐ·
1693 957 1872 1010 λοιπὸν

1637 1048 1874 1122 ἑτεροπά-

275 965 333 1021 δε
401 972 720 1038 συγγενείας,

273 1058 380 1123 οὖν,
443 1057 581 1108 Ἠλεὶ
635 1060 726 1107 καὶ
797 1053 984 1109 Ἰακὼϐ
1057 1055 1369 1126 ὁμομήτριοι
1453 1053 1562 1122 μεν,

273 1165 410 1218 τριοι
460 1141 538 1198 δέ.
582 1145 868 1215 Ἀνάγουσι
925 1139 984 1194 δὲ
1035 1146 1092 1194 τέ
1145 1145 1306 1212 γένος,
1361 1141 1386 1191 6
1439 1143 1527 1212 μεν
1581 1145 1670 1190 τοῦ
1733 1135 1873 1188 Ἠλεὶ

275 1239 470 1309 πατὴρ,
528 1233 613 1286 ἐπὶ
680 1232 860 1298 Ῥησά,
913 1236 997 1284 τὸν
1055 1233 1166 1282 υἱὸν
1227 1237 1318 1282 τοῦ
1370 1225 1694 1300 Ζοροϐάϐελ·
1730 1226 1756 1276 6
1815 1220 1874 1277 δε

275 1332 365 1376 τοῦ
395 1323 582 1377 Ἰακὼϐ
608 1327 802 1396 πατὴρ,
860 1320 942 1372 ἐπὶ
992 1316 1208 1373 Ἀϐιουὸ
1246 1323 1333 1370 τὸν
1381 1319 1491 1370 υἱὸν
1539 1317 1730 1387 ὁμοίως
1783 1320 1874 1365 τοῦ

276 1411 584 1488 Ζοροϐάϐελ,
639 1415 722 1462 καὶ
785 1409 1064 1482 ἀμφότεροι
1133 1405 1191 1461 δε
1246 1407 1331 1460 ἐπὶ
1397 1410 1481 1458 τὸν
1562 1402 1869 1477 Ζοροϐάϐελ,

278 1504 362 1576 ἀφ’
391 1504 451 1556 οὗ
483 1505 548 1555 τὰ
589 1498 685 1554 δύο
728 1505 848 1572 γένη
899 1508 1067 1552 ταῦτα
1113 1498 1466 1569 ἐσχίσθησαν.
1506 1500 1604 1548 Καὶ
1642 1494 1772 1546 ἄλλα
1817 1490 1875 1546 δὲ

275 1594 490 1646 τοιαῦτά
561 1590 691 1643 εἰσιν
767 1587 816 1640 ἐν
869 1596 984 1650 ταῖς
1049 1596 1146 1640 τῶν
1210 1585 1586 1658 εῦαγγελιστῶν
1642 1581 1875 1655 γενεαλο-

276 1687 438 1754 γίαις.

345 1777 449 1822 Τοῦ
497 1772 624 1822 Λευὶ
661 1797 730 1810 --
772 1775 864 1821 τοῦ
906 1771 1067 1839 Νηρί.
1117 1769 1216 1819 Τὸν
1259 1763 1517 1823 Σαλαθιήλ
1556 1763 1702 1836 ὀμεν
1740 1768 1881 1816 Ματ-

281 1861 425 1920 θαίος
491 1861 602 1910 υἱὸν
667 1865 757 1910 τοῦ
816 1858 1067 1928 Ἰεχονίου
1125 1855 1205 1926 (2)
1268 1855 1557 1926 ὠνόμασεν,
1620 1856 1688 1914 ὡς
1744 1855 1881 1904 κατὰ

278 1951 434 2019 φύσιν
471 1950 584 2000 υἱὸν
623 1947 784 1999 αὐτοῦ
816 1963 830 1977 ο
862 1949 888 1997 6
935 1943 994 1998 δε
1032 1951 1238 2005 Λουκᾶς
1285 1951 1372 1995 νῦν
1419 1944 1530 1994 υἱὸν
1575 1949 1662 1994 τοῦ
1717 1946 1876 2016 Νηρὶ,

279 2041 348 2098 ὡς
395 2040 531 2089 κατὰ
580 2041 756 2108 νόμον.
815 2035 1099 2104 Ἀνάγουσι
1149 2029 1208 2085 δε
1264 2037 1353 2083 καὶ
1405 2031 1549 2083 οὗτοι
1604 2034 1662 2083 τὸ
1713 2033 1876 2102 γένος,

281 2129 307 2178 6
352 2130 441 2198 μεν
498 2131 656 2200 Νηρὶ,
707 2124 791 2176 ἐπὶ
849 2125 1028 2175 Νάθαν
1078 2125 1164 2173 τὸν
1213 2123 1324 2172 υἱὸν
1363 2128 1454 2172 τοῦ
1517 2115 1714 2172 Δάυῖδ·
1744 2121 1769 2171 6
1821 2116 1880 2172 δι

285 2215 536 2285 Ἰεχονίας
617 2211 701 2264 ἐπὶ
783 2211 1102 2283 Σολομῶντα,
1182 2213 1269 2260 τὸν
1353 2211 1464 2261 υἱόν
1537 2211 1722 2280 ὁμοίως
1787 2217 1878 2261 τοῦ

286 2300 470 2371 Δαυὶδ,
500 2305 590 2353 καὶ
617 2299 892 2373 ἀμφότεροι
919 2295 977 2351 δε
1001 2298 1153 2350 πάλιν
1192 2296 1275 2349 ἐπι
1299 2301 1382 2348 νόν
1415 2295 1602 2352 Δαυῑὸ.

352 2398 455 2444 Τοῦ
485 2389 659 2461 Μελχὶ
709 2421 777 2430 -
827 2396 918 2441 τοῦ
964 2385 1160 2460 ’Δδάμ.
1213 2389 1337 2442 Ἀπὸ
1393 2397 1484 2441 τοῦ
1537 2393 1648 2442 νέου
1707 2385 1880 2460 Ἀδὰμ

283 2479 584 2556 ἀρξάμενος,
650 2478 836 2537 ἀνῆλθε
907 2477 1214 2549 γενεαλογῶν
1283 2478 1418 2551 ἄχρι
1493 2484 1584 2529 τοῦ
1657 2477 1879 2530 παλαιοῦ

285 2566 477 2640 Ἀδάμ.
536 2572 641 2626 Τὴν
698 2567 868 2618 αἰτίαν
936 2570 996 2619 ὸε
1041 2567 1347 2638 μεμάθηκας
1406 2565 1454 2618 ἐν
1503 2575 1574 2637 τῷ
1624 2571 1880 2638 προοιμίῳ

281 2668 372 2718 τῆς
435 2660 577 2730 παρά
632 2664 704 2726 τῷ
777 2658 1031 2726 Ματθαίῳ
1099 2654 1446 2726 γενεαλογίας,
1521 2657 1640 2708 ἔνθα
1715 2663 1880 2707 κεῖται

280 2752 337 2801 τό
367 2764 380 2778 ⁸
414 2749 536 2800 Υὶοῦ
565 2742 752 2811 Δαυίδ,
786 2748 900 2797 υἱοῦ
941 2744 1178 2820 Αϐραάμ.

351 2843 454 2890 Τοῦ
511 2843 663 2888 Θεοῦ.
721 2842 824 2887 Τοῦ
875 2831 1070 2906 Ἀδὰμ,
1127 2841 1219 2886 τοῦ
1284 2838 1339 2886 ἐκ
1394 2841 1485 2886 τοῦ
1548 2841 1701 2887 Θεοῦ.
1777 2841 1879 2887 Τοῦ

283 2923 458 2996 Ἀδὰμ
502 2928 600 2997 γὰρ
657 2925 749 2977 οῦκ
801 2927 915 2976 ἔστι
958 2928 1132 2995 πατὴρ
1181 2925 1466 2996 ἅνθρωπος,
1523 2922 1626 2974 ἀλλ’
1677 2925 1701 2975 6
1751 2926 1880 2984 Θεὸς

284 3015 500 3067 ἔπλασεν
541 3015 714 3067 αὐτόν.
757 3012 894 3087 Ὀρα
932 3009 1012 3081 δὲ,
1067 3015 1147 3064 ὅτι
1197 3011 1298 3064 ἀπὸ
1347 3021 1436 3073 τῆς
1489 3012 1882 3087 ἁνθρωπότητος
1913 3011 1954 3067 C

285 3111 377 3156 τοῦ
425 3106 651 3177 Χριστοῦ
706 3101 1004 3176 ἀρξάμενος,
1056 3101 1123 3161 εἰς
1164 3105 1256 3158 τὴν
1311 3103 1530 3158 θεότητα
1585 3102 1745 3154 αὐτοῦ
1796 3106 1882 3154 τὸν

285 3192 436 3262 λόγον
487 3200 577 3252 τῆς
618 3191 945 3262 γενεαλογίας
988 3191 1239 3261 ἀνήγαγε,
1288 3187 1464 3253 δείξας
1527 3194 1614 3242 τὸν
1656 3195 1883 3264 Χριστὸν

287 3283 541 3355 ἠργμένον
591 3284 700 3346 μεν,
745 3283 813 3341 ὡς
862 3281 1152 3352 ἄνθρωπον,
1205 3280 1437 3351 ἄναρχον
1491 3276 1569 3345 δὲ,
1613 3282 1682 3341 ὡς
1733 3285 1881 3333 Θεὸν.

450 3482 594 3530 ΚΕΦ.
634 3474 708 3528 Ζ’.
746 3479 870 3547 Περὶ
899 3482 988 3527 τοῦ
1019 3483 1312 3547 πειρασμοῦ
1351 3483 1442 3528 τοῦ
1473 3483 1722 3550 Σωτῆρος.

362 3602 567 3662 Ἰησοῦς
629 3631 688 3642 -
749 3596 1022 3658 διαϐόλου.
1080 3600 1290 3674 Πλήρης
1362 3605 1656 3673 Πνεῦματος
1709 3602 1882 3674 ἁγίου,

287 3695 370 3744 ἵνα
442 3693 702 3763 μάθοιμεν,
780 3692 858 3742 ὅτι
927 3697 1134 3762 Πνεῦμα
1200 3691 1349 3760 ἅγιον
1397 3691 1718 3764 λαμϐάνομεν
1784 3691 1884 3744 ἀπὸ

286 3789 376 3832 τοῦ
406 3782 541 3832 θείου
575 3777 958 3851 βαπτίσματος.
1003 3779 1292 3849 Ἀνάγνωθι
1322 3777 1380 3832 δὲ
1428 3786 1516 3833 καὶ
1565 3779 1611 3831 ἐν
1660 3789 1730 3850 τῷ
1781 3786 1887 3851 τρί-

286 3890 356 3941 τῃ
384 3868 641 3942 κεφαλαίῳ
677 3877 764 3921 τοῦ
795 3871 930 3920 κατὰ
975 3870 1241 3922 Ματθαῑον
1297 3873 1391 3927 τὴν
1445 3868 1694 3941 ἐξήγησιν
1748 3879 1838 3922 τοῦ
1867 3889 1879 3900 ο

285 3965 411 4013 Τότε
468 3960 495 4012 ὁ
548 3959 750 4018 Ἰησοῦς
808 3957 1018 4030 ἀνήχθη
1080 3957 1151 4019 εἰς
1213 3962 1305 4016 τὴν
1364 3961 1553 4033 ἔρημον
1619 3961 1718 4013 ὑπὸ
1793 3969 1884 4014 τοῦ

288 4053 591 4121 πνεύματος,
625 4049 974 4120 πειρασθῆναι
1000 4049 1098 4098 υπὸ
1138 4055 1228 4099 τοῦ
1261 4044 1528 4103 διαϐόλου.

360 4142 474 4211 Χρὴ
519 4134 577 4190 δὲ
617 4144 912 4208 γινώσκειν,
967 4137 1046 4187 ὅτι
1091 4137 1118 4194 ἡ
1174 4134 1506 4211 ἀνθρωπὸτης
1559 4147 1650 4190 τοῦ
1708 4146 1887 4199 Σωτῆ-

290 4247 378 4300 ρος
434 4229 606 4301 ὥσπερ
667 4221 991 4278 διδάσκαλον
1045 4222 1156 4296 εἶχε
1221 4230 1278 4278 1'6
1337 4233 1546 4299 Πνεῦμα
1609 4233 1664 4280 τὸ
1718 4229 1884 4300 ἅγιον,

293 4317 400 4388 οῇχ
439 4320 509 4377 ὡς
553 4324 646 4378 τῆς
685 4316 948 4387 ἠνωμένης
975 4314 1114 4385 αὐτῷ
1158 4317 1397 4376 θεότητος
1448 4317 1542 4368 οῦκ
1584 4317 1844 4388 ἀρκούσης
1873 4339 1884 4352 ⁸

294 4405 422 4457 ἀλλὰ
493 4407 724 4478 καθάπερ
773 4400 992 4476 εὐδοκία
1063 4411 1153 4456 τοῦ
1210 4410 1411 4478 Πατρός
1461 4405 1885 4479 ἐνηνθρώπησενο

293 4494 428 4546 οὕτω
467 4499 556 4546 καὶ
609 4500 856 4566 συνεργίᾳ
891 4501 982 4546 τοῦ
1022 4493 1174 4565 ἁγίου
1235 4497 1530 4567 Πνεῦματος
1588 4496 1888 4562 ἐτελειοῦτο,

296 4585 380 4635 ἶνα
461 4586 517 4636 τὸ
577 4583 794 4655 ὁμοφυες
860 4583 1027 4636 αὐτῶν
1087 4580 1281 4656 δειχθῇ
1353 4590 1442 4637 καὶ
1495 4585 1571 4656 (3)
1650 4587 1893 4659 φανεράλ-

293 4672 463 4732 ληλον.

367 4766 467 4816 Καὶ
513 4760 607 4814 οῦκ
655 4792 722 4802 -
755 4768 908 4818 Θεοῦ.
963 4761 1096 4816 Ἐκεῖ
1145 4769 1314 4815 ταῦτα
1351 4764 1520 4817 πάντα
1569 4767 1701 4818 κατὰ
1743 4765 1892 4839 λόγον

294 4853 721 4926 ἠρμηνεύθησαν.

368 4946 468 4994 Καὶ
531 4940 803 5012 ἀναγαγὼν
877 4973 945 4982 —
983 4940 1302 5016 λατρεύσεις.
1369 4947 1470 4996 Καὶ
1526 4949 1640 5018 περὶ
1700 4947 1894 4998 τούτων

295 5033 500 5084 πάντων
545 5029 592 5082 ἐν
620 5029 791 5102 ἐκείνῳ
834 5039 906 5102 τῷ
936 5031 1194 5104 κεφαλαίῳ
1231 5036 1532 5104 σαφέστατα
1561 5038 1764 5108 εἴρηται
1795 5036 1894 5107 (4),

1924 4381 1967 4436 D

1986 613 2228 655 uxorem
2257 600 2353 656 hic
2384 600 2670 665 Matthan,
2703 598 2777 654 de
2813 613 2936 670 quo
2961 598 3172 665 Lucas,
3194 603 3252 654 et
3273 599 3480 668 genuit
3501 596 3587 654 Eli
3613 613 3628 654 :

1981 687 2197 744 deinde
2217 688 2347 760 jam
2389 689 2632 745 viduam
2680 688 2851 744 duxit
2881 687 3038 744 hanc
3084 687 3342 745 Matthan
3372 686 3495 751 ille,
3528 688 3636 760 qui

1981 777 2146 850 apud
2169 778 2502 834 Matthmum
2521 778 2782 850 ponitur,
2797 792 2935 832 cum
2953 780 3110 833 esset
3129 777 3201 832 de
3221 777 3432 833 eadem
3453 775 3630 842 tribu,

1979 880 2336 938 quanquam
2365 867 2439 922 de
2498 865 2618 922 alia
2663 865 3038 936 cognatione,
3091 868 3148 922 et
3175 865 3382 937 genuit
3425 864 3634 922 Jacob.

1981 953 2066 1010 Eli
2096 955 2300 1028 itaque
2325 960 2382 1011 et
2404 954 2588 1012 Jacob
2619 955 2697 1011 ab
2744 953 2958 1012 eadem
2988 953 3112 1011 nati
3141 958 3279 1011 sunt
3307 958 3518 1020 matre,
3543 953 3637 1010 di-

1980 1044 2171 1101 versis
2219 1049 2415 1102 tamen
2474 1044 2766 1116 patribus.
2813 1043 3117 1100 Reducunt
3173 1049 3372 1102 autem
3421 1058 3631 1114 genus,

1981 1132 2239 1190 Matthan
2261 1133 2501 1206 quidem
2528 1137 2692 1206 pater
2708 1132 2790 1188 Eli
2811 1133 2890 1190 ad
2908 1136 3058 1190 Resa
3078 1132 3263 1189 ﬁlium
3281 1132 3634 1204 Zorobabel,

1981 1221 2240 1278 Matthan
2263 1238 2406 1279 vero
2445 1229 2609 1294 pater
2634 1222 2816 1279 Jacob
2842 1222 2921 1280 ad
2949 1222 3140 1278 Abiud
3167 1221 3429 1279 similiter
3449 1221 3634 1278 ﬁlium

1979 1310 2330 1378 Zorobabel,
2357 1316 2414 1368 et
2434 1316 2680 1384 uterque
2703 1311 2781 1368 ad
2801 1311 3145 1383 Zorobabel,
3175 1327 3212 1369 a
3233 1326 3350 1384 quo
3377 1311 3492 1368 duo
3507 1311 3637 1367 haec

1983 1413 2204 1470 genera
2227 1399 2420 1458 divisa
2442 1405 2600 1457 sunt.
2630 1400 2757 1456 Alia
2775 1416 3013 1474 quoque
3044 1401 3264 1459 similia
3291 1401 3352 1458 in
3375 1403 3640 1471 Evange-

1982 1487 2254 1546 listarum
2285 1489 2652 1561 genealogiis
2690 1488 3003 1547 habentur.

2057 1812 2215 1866 Vers.
2240 1808 2327 1868 24.
2353 1809 2462 1878 Qui
2472 1808 2596 1879 fuit
2626 1809 2852 1866 Levi—
2875 1809 3040 1866 Vers.
3063 1810 3159 1868 27.
3189 1811 3292 1882 qui
3313 1809 3438 1880 fuit
3466 1809 3635 1868 Neri.

1990 1899 2269 1959 Salathiel
2297 1899 2603 1956 Matthaaus
2627 1898 2816 1956 ﬁlium
2841 1898 3138 1956 Jechonim
3166 1900 3519 1970 nominavit,
3552 1903 3640 1957 ut-

1987 1994 2125 2063 pote
2147 1989 2485 2046 naturalem
2511 1988 2640 2059 ejus
2655 1987 2882 2056 ﬁlium;
2905 1988 3098 2045 Lucas
3119 2003 3258 2046 vero
3283 2004 3439 2046 nunc
3459 1987 3640 2045 ﬁlium

1988 2079 2140 2149 Neri,
2173 2082 2464 2150 tanquam
2494 2076 2772 2147 legalem.
2799 2077 3103 2134 Reducunt
3125 2081 3326 2135 autem
3363 2081 3421 2134 et
3446 2077 3508 2134 hi
3539 2092 3643 2149 ge-

1988 2184 2124 2232 nus,
2151 2168 2284 2223 Neri
2310 2165 2552 2239 quidem
2576 2165 2657 2223 ad
2693 2165 2928 2224 Nathan
2962 2165 3152 2224 ﬁlium
3184 2166 3399 2232 David,
3437 2167 3642 2226 Jecho-

1989 2256 2122 2313 nias
2150 2271 2293 2312 vero
2315 2254 2393 2312 ad
2415 2254 2819 2320 Salomonem,
2841 2254 3033 2312 ﬁlium
3059 2255 3324 2312 similiter
3351 2255 3556 2323 David,
3584 2260 3643 2313 et

1987 2360 2199 2402 rursus
2230 2348 2480 2416 uterque
2505 2344 2582 2400 ad
2618 2343 2823 2401 David.

2060 2434 2224 2491 Vers.
2248 2433 2344 2490 28.
2380 2432 2495 2499 Qui
2539 2432 2657 2503 fuit
2683 2432 2902 2490 Melo/ti
2951 2463 3020 2475 —
3056 2434 3218 2490 Vers.
3247 2433 3336 2492 38.
3379 2434 3487 2506 qui
3521 2433 3644 2504 fuit

1989 2523 2205 2580 Adam.
2229 2523 2275 2578 Α
2304 2537 2464 2578 novo
2483 2521 2682 2578 Adam
2709 2523 3002 2595 incipiens
3029 2522 3298 2579 ascendit
3316 2523 3644 2594 generatio-

1989 2627 2128 2668 nem
2154 2610 2412 2667 texendo
2432 2626 2622 2684 usque
2645 2610 2722 2666 ad
2748 2619 3023 2668 veterem.
3057 2614 3314 2668 Causam
3331 2615 3534 2668 autem
3559 2611 3644 2667 di-

1990 2700 2186 2757 dicisti
2207 2699 2268 2755 in
2298 2699 2640 2771 primordiis
2655 2699 3041 2771 genealogias,
3068 2715 3250 2772 quam
3269 2701 3473 2757 retexit
3503 2699 3646 2757 Mat-

1990 2790 2201 2854 thaaus,
2238 2788 2339 2844 ubi
2376 2788 2592 2845 dicitur
2620 2789 2760 2845 Filii
2786 2789 3003 2856 David,
3025 2790 3139 2859 ﬁlii
3169 2789 3474 2847 Abraham
3500 2792 3571 2845 ³³.

2067 2878 2206 2935 Vers
2247 2876 2336 2934 38.
2371 2878 2485 2945 Qui
2509 2878 2632 2948 fuit
2678 2877 2800 2934 Dei.
2836 2879 3028 2951 Ipsius
3075 2879 3288 2947 Adam,
3321 2879 3428 2952 qui
3468 2878 3577 2935 fuit
3609 2893 3647 2934 a

1991 2967 2137 3024 Deo.
2177 2971 2378 3040 Neque
2407 2967 2568 3023 enim
2610 2967 2724 3040 ipsi
2753 2967 2943 3023 Adam
2969 2967 3078 3024 fuit
3097 2973 3266 3040 pater
3302 2968 3504 3035 homo,
3541 2966 3647 3024 sed

1993 3058 2148 3111 Deus
2177 3055 2451 3117 formavit
2474 3071 2634 3112 eum.
2657 3055 2802 3112 Vide
2825 3060 3048 3123 autem,
3073 3057 3231 3129 quod
3251 3072 3288 3114 a
3309 3056 3523 3114 Christi
3559 3059 3647 3112 in-

1993 3145 2213 3202 choaus
2235 3145 2616 3209 humanitate,
2646 3161 2986 3202 sermonem
3010 3147 3247 3203 reduxit
3259 3147 3337 3204 ad
3351 3148 3400 3219 ej
3411 3163 3482 3203 us
3507 3147 3647 3204 divi-

1993 3235 2244 3290 nitatem
2268 3252 2280 3289 :
2305 3236 2724 3290 demonstrans
2749 3234 3065 3301 Christum,
3091 3241 3155 3292 ut
3185 3235 3492 3292 hominem
3517 3237 3648 3308 qui-

1993 3321 2134 3380 dem
2163 3322 2472 3395 incepisse,
2502 3327 2564 3379 ut
2594 3322 2782 3379 Deum
2813 3339 2956 3380 vero
3000 3338 3196 3380 carere
3221 3323 3540 3397 principio.

2278 3464 2435 3522 CAP.
2466 3464 2580 3521 Vll.
2607 3466 2691 3522 De
2720 3467 3142 3523 lentationibus
3166 3467 3327 3525 Jesu.

2064 3607 2220 3664 CAP.
2278 3606 2370 3663 IV.
2408 3608 2557 3662 Vers
2612 3607 2663 3662 1.
2716 3606 2913 3666 Iesus.
2956 3609 3216 3667 -Vers.
3272 3608 3326 3665 2.
3372 3608 3638 3666 diabolo.

1995 3696 2210 3752 Plenus
2241 3696 2456 3768 Spiritu
2486 3701 2716 3762 sancto,
2747 3705 2810 3752 ut
2840 3697 3118 3764 sciamus,
3154 3697 3320 3770 quod
3363 3699 3646 3771 Spiritum

1994 3789 2271 3840 sanctum
2309 3784 2637 3858 accipimus
2687 3784 2749 3840 in
2805 3785 3006 3842 divino
3071 3785 3444 3858 baptismate.
3501 3787 3649 3859 Lege

1994 3880 2196 3931 autem
2226 3875 2393 3930 tertio
2415 3874 2607 3945 capite
2634 3873 2926 3945 Evangelii
2959 3875 3286 3933 secundum
3311 3875 3649 3932 Matthaum

1995 3963 2420 4036 expositionem
2441 3963 2597 4019 illius
2620 3963 2800 4019 dicti:
2828 3965 2983 4020 Tunc
3021 3965 3232 4022 ductus
3271 3972 3354 4022 est
3392 3965 3560 4022 Iesus
3583 3965 3648 4022 in

1995 4054 2277 4112 desertum
2309 4068 2345 4109 a
2381 4055 2618 4123 spiritu,
2667 4060 2732 4108 ut
2766 4058 3088 4110 tentaretur
3116 4070 3154 4111 a
3189 4054 3409 4111 diabolo
3427 4057 3500 4112 ³ο.

2069 4143 2224 4198 Scire
2245 4148 2447 4198 autem
2465 4147 2717 4213 oportet,
2739 4142 2905 4214 quod
2935 4143 3284 4200 humanitas
3331 4143 3654 4199 Salvatoris

1998 4239 2279 4304 tanquam
2302 4230 2654 4298 magistrum
2674 4229 2884 4286 habuit
2899 4229 3184 4303 Spiritum
3214 4237 3512 4298 sanctum,
3533 4244 3654 4286 non

2000 4319 2160 4393 quod
2184 4319 2349 4375 unita
2379 4317 2491 4374 sibi
2519 4318 2797 4374 divinitas
2827 4334 2950 4375 non
2978 4319 3296 4383 sufﬁceret,
3317 4319 3422 4375 sed
3444 4335 3655 4391 quem-

2001 4409 2330 4466 admodum
2376 4407 2563 4462 Patris
2609 4406 2986 4479 beneplacito
3034 4409 3379 4464 incarnatus
3428 4413 3535 4475 est,
3579 4409 3659 4465 ita

2002 4497 2416 4570 cooperatione
2440 4495 2670 4568 Spritus
2702 4495 2891 4552 sancti
2938 4496 3120 4552 totius
3153 4496 3284 4553 vitae
3312 4496 3502 4569 ipsius
3529 4512 3660 4553 cur-

2002 4586 2258 4645 riculum
2303 4591 2612 4657 peractum
2660 4590 2774 4653 est,
2823 4591 2884 4642 ut
2907 4585 3443 4654 demonstraretur,
3495 4587 3660 4660 quod

2007 4675 2268 4750 ejusdem
2287 4675 2402 4732 sint
2430 4675 2581 4732 inter
2612 4691 2674 4732 se
2719 4682 2964 4732 naturae.

2078 4767 2240 4824 Vers.
2274 4769 2326 4821 2.
2350 4766 2637 4838 Nihilque
2655 4797 2724 4806 —
2745 4765 2915 4825 Vers.
2939 4768 2992 4822 4.
3025 4767 3153 4825 Dei.
3195 4767 3280 4824 Ibi
3297 4771 3350 4824 et
3373 4767 3504 4825 hac
3533 4783 3661 4825 om-

2007 4857 2105 4913 nia
2134 4856 2213 4914 ad
2250 4855 2504 4912 verbum
2523 4855 2830 4913 declarata
2849 4860 3013 4914 sunt.

2079 4946 2244 5003 Vers.
2268 4945 2405 5000 5.Et
2437 4945 2718 5001 subduxit
2741 4943 2995 5002 —Vers.
3035 4946 3353 5004 8.Servies.
3383 4946 3567 5003 Etiam
3587 4945 3662 5001 de

2009 5035 2102 5092 his
2127 5034 2413 5092 omnibus
2433 5034 2534 5090 illo
2575 5035 2768 5107 capite
2800 5035 3284 5093 manifestissime
3313 5036 3532 5094 dictum
3550 5041 3660 5102 est,

1542 5290 1766 5360 Variae
1794 5291 2119 5362 lectiones
2149 5300 2216 5362 et
2253 5303 2452 5362 notae.

368 5154 415 5189 ³⁸
449 5152 650 5209 Matth.
682 5168 722 5223 ι,
759 5157 806 5209 1.
841 5153 889 5189 ⁸ο
917 5153 1116 5210 Matth.
1151 5169 1229 5220 1v,
1263 5154 1315 5210 1.

476 5459 760 5533 ’Ῑεχωνίου.
783 5465 834 5533 7A
849 5501 864 5516 .

363 5459 449 5604 £2;
476 5459 760 5533 ’Ῑεχωνίου.
794 5465 864 5516 Δ.

388 5535 418 5588 3
462 5538 592 5606 _Kai
623 5532 952 5606 φεράλληλον.
1005 5531 1070 5588 Β.
1105 5531 1278 5606 ferri
1325 5534 1518 5605 potest
1549 5536 1898 5605 utrumque.

293 5602 746 5688 noc‘iormatur
781 5621 830 5688 al
868 5609 1052 5688 φέρειν,
1100 5603 1246 5688 illud
1288 5602 1343 5688 ‘a'
1379 5611 1644 5688 φανεροῦν.
1696 5602 1905 5686 flente-

292 5674 433 5750 nius
446 5673 562 5732 hoc
586 5676 855 5750 exclusit.
873 5673 939 5733 'Si
955 5675 1070 5732 hoc
1086 5673 1396 5750 probetur;
1427 5673 1592 5750 φέρειν
1609 5675 1904 5750 accipien-

294 5744 440 5804 dum
470 5752 578 5820 est,
625 5753 689 5806 ut
718 5748 892 5806 Hebr.
923 5763 961 5819 ι,
992 5747 1142 5805 3:11
1176 5745 1298 5820 ἁγία
1317 5744 1649 5822 Τριὰς”φέρει
1686 5744 1898 5818 ἑαυτήν,

2013 5462 2075 5538 i_d
2131 5467 2238 5538 est,
2297 5461 2545 5538 ἐπαρκὴς,
2607 5463 2876 5538 αῦτάρξιης
2918 5461 3058 5517 ἐστὶν
3110 5463 3240 5524 αῦτὴ
3292 5463 3506 5538 ἑαυτῆς.
3553 5470 3668 5523 Aut

2012 5535 2043 5594 ἡ
2126 5533 2254 5606 ἁγία
2327 5533 2486 5611 Τρίἁς
2564 5536 2695 5594 αῦτη
2742 5533 2961 5595 ⁷ἑαυτὴν
3037 5545 3245 5610 φανεροῖ
3303 5545 3410 5601 τοῖς
3469 5537 3667 5614 ἀνθρώ-

2054 5624 2152 5658 οκ.

2011 5623 2164 5751 Μῦὸ
2191 5677 2365 5747 Loco,
2397 5679 2520 5733 ἔνθα
2558 5685 2726 5733 κεῖται
2762 5683 2844 5752 τὸ,
2879 5679 3062 5738 habet
3090 5682 3157 5746 Α,
3198 5678 3246 5734 ἒν
3275 5688 3348 5754 τῷ
3376 5679 3560 5756 λέγειν,
