4210 6454
685 369 784 425 911

2027 359 2366 418 ΕυἸἪΥὶιΙΙ
2406 359 2731 418 ZIGABENI

3951 368 4054 424 912

684 492 787 548 ubi
815 492 1360 550 habetur:lterum
1405 491 1718 563 assumpsit
1775 505 1906 548 eum
1959 489 2216 546 diabolus
2269 487 2320 541 in

2444 489 2562 539 ἔνθα
2602 497 2769 542 κεῖται
2808 493 2884 541 ro"
2921 489 3080 541 Πάλιν
3112 489 3506 565 παραλαμϐάνει
3547 490 3706 544 αὐτὸν
3757 492 3782 542 ὁ
3817 487 4056 556 διάϐολος

682 589 936 640 montem
977 583 1272 640 excelsum
1303 582 1478 639 valde
1508 583 1575 634 ³³.

752 670 924 729 Vers.
979 672 1034 726 9.
1089 671 1480 742 Duxitqus—
1531 671 1694 725 Vers.
1753 669 1838 724 12.
1894 670 2074 726 Deum
2154 672 2328 722 tuum.

681 758 956 816 Similiter
982 766 1038 816 et
1067 759 1189 815 haec
1221 759 1320 815 illo
1353 759 1546 831 capite
1573 757 1991 815 convenienter
2019 755 2333 828 explanata

655 851 838 916 _sunt,
883 847 986 904 ubi
1042 848 1299 905 dicitur:
1337 850 1500 904 Tunc
1529 848 1762 904 assumit
1807 863 1937 904 eum
1975 845 2237 902 diabolus
2274 843 2332 896 in

678 943 934 994 sanctam
956 937 1245 994 civitatem
1265 939 1333 993 ³³.

751 1026 914 1083 Vers.
945 1029 1038 1084 13.
1073 1027 1340 1099 Cumque
1365 1027 1708 1099 explevisset
1735 1057 1800 1068 —
1828 1033 2074 1094 tempus.
2102 1023 2329 1078 Dictum

677 1120 766 1174 est
796 1121 854 1172 et
898 1117 974 1172 de
1015 1117 1130 1172 hoc
1187 1116 1430 1182 ibidem,
1466 1115 1568 1172 ubi
1595 1116 1849 1172 habetur
1884 1131 1896 1169 :
1931 1115 2080 1169 Tunc
2107 1113 2332 1168 dimisit

675 1220 808 1263 eum
846 1205 1124 1262 diabolus
1165 1206 1233 1260 ³⁸.

746 1294 910 1350 Vers.
948 1296 1041 1350 14.
1078 1295 1156 1350 Et
1186 1309 1454 1351 reversus
1484 1301 1640 1350 esl—
1659 1294 1992 1350 Galilaeam.
2031 1292 2096 1346 In
2121 1290 2332 1345 virtute

676 1383 858 1439 unitas
888 1383 972 1440 ibi
1002 1383 1346 1449 divinitatis,
1382 1383 1475 1439 vel
1505 1383 1684 1439 etiam
1721 1381 1903 1438 sancti
1938 1380 2188 1452 Spiritus
2223 1395 2234 1432 :
2270 1384 2334 1434 ut

675 1471 1005 1537 discamus,
1054 1471 1222 1544 quod
1278 1471 1382 1544 qui
1420 1471 1731 1528 diabolum
1774 1469 1998 1536 vicerit,
2051 1467 2332 1540 deinceps

675 1559 1064 1618 conﬁrmatur
1102 1559 1296 1616 divino
1333 1561 1543 1632 Spiritu
1575 1560 1655 1616 ad
1701 1558 1976 1617 facienda
2027 1558 2220 1631 signa.

2445 577 2511 637 εἰς
2533 582 2650 650 ὅρος
2675 578 2872 649 ὑψηλὸν
2899 578 3031 630 λίαν.

2519 673 2615 718 Καὶ
2646 671 2836 738 ἤγαγεν
2879 699 2944 706 —
2975 671 3102 720 Θεὸν
3136 687 3251 720 σου.
3288 667 3508 740 Ὀμοίως
3538 675 3628 721 καὶ
3671 676 3845 721 ταῦτα
3892 669 3938 720 ἐν
3986 679 4049 741 τῷ

2443 757 2659 825 τοιούτῳ
2709 757 2964 827 κεφαλαίῳ
3012 762 3378 828 προσηκόντως
3424 756 3880 829 ἐσαφηνίσθησαν,
3927 760 4044 810 ὅπου

2444 849 2519 894 τό·
2549 849 2676 896 Τότε
2706 844 3096 919 παραλαμϐάνει
3123 846 3278 897 αὐτόν
3311 848 3335 897 ὁ
3381 843 3627 908 διάϐολος
3657 852 3735 909 εὶς
3780 853 3872 905 τὴν
3898 847 4040 918 ἁγίαν

2443 945 2606 987 πόλιν.

2517 1027 2616 1074 Καὶ
2650 1023 2950 1084 συντελέσας
2991 1055 3056 1063 -
3087 1033 3299 1097 καιροῦ,
3339 1023 3564 1099 Ἐρρἠθη
3599 1030 3832 1100 καὶπερὶ
3867 1029 4027 1077 τούτου

2443 1109 2490 1161 ἐν
2535 1111 2692 1182 αὐτῷ.
2745 1118 2843 1165 Καὶ
2906 1114 3135 1173 ζήτησον
3198 1119 3274 1166 τό⁹
3333 1119 3459 1167 Τότι
3517 1113 3738 1186 ἀφίησιν
3805 1114 3951 1166 αὑτὸν
4007 1117 4026 1166 ὁ

2445 1196 2478 1251 δ
2485 1200 2706 1262 ιάϐολος.

2517 1295 2615 1342 Καὶ
2668 1291 2982 1365 ὑπέστρεψεν
3046 1324 3113 1332 ο-
3179 1292 3476 1348 Γαλιλαίαν.
3546 1293 3626 1346 Ἐν
3692 1302 3758 1366 τῇ
3831 1289 4022 1364 δυνάμει

2442 1388 2535 1440 τῆς
2603 1382 2863 1453 ἡνωμένης
2924 1381 3064 1450 αὐτῷ
3143 1383 3406 1446 Θεότητος,
3489 1383 3517 1441 ἢ
3596 1386 3685 1433 καὶ
3750 1390 3844 1434 τοῦ
3895 1380 4021 1451 ἁγίον

2445 1472 2758 1541 Πνεῦματος,
2794 1473 2875 1522 ἶνα
2903 1471 3168 1543 μάθωμεν,
3213 1473 3292 1522 ὅτι
3332 1473 3357 1522 ὁ
3393 1477 3610 1531 νικήσας
3648 1478 3732 1523 τόν
3779 1467 4028 1523 διάϐολον.

2440 1558 2616 1611 λοιπὸν
2660 1556 3036 1631 ἐνδυναμοῦται
3074 1568 3144 1630 τῷ
3173 1562 3291 1630 θείῳ
3332 1564 3591 1632 Ιινεῦματι
3623 1564 3750 1633 πρὸς
3791 1563 3848 1612 τὸ
3880 1565 4033 1611 ποιεῖν

2444 1655 2660 1719 σημεῖα.

2514 1743 2612 1790 Καὶ
2630 1742 2693 1809 φή
2701 1757 2773 1810 μη
2793 1769 2859 1778 -
2877 1741 3099 1792 πάντων.
3124 1737 3518 1811 Εῦφημοῦμενος
3535 1739 3630 1789 ὑπὸ
3648 1744 3738 1788 τῶν
3755 1734 3919 1793 ἀπονή
3924 1753 4028 1807 ρων

745 1809 913 1866 Vers.
955 1810 1045 1864 14.
1085 1808 1173 1898 Et
1205 1808 1377 1877 fama
1401 1838 1470 1847 —
1502 1809 1658 1898 Yers.
1714 1811 1797 1898 lii.
1854 1807 2133 1898 omnibus.
2164 1808 2330 1898 _Lau-
2358 1834 2403 1889 Β
2441 1826 2631 1898 ὄχλων,

673 1897 932 1955 dabatur
959 1912 996 1953 a
1020 1895 1234 1960 turbis,
1261 1911 1397 1968 quas
1422 1894 1649 1951 malitia
1669 1911 1738 1951 ac
1761 1895 1992 1950 invidia
2023 1896 2324 1951 carebant.

747 1987 914 2043 Vers.
956 1986 1038 2041 16.
1066 1985 1141 2041 Et
1169 2016 1237 2025 —
1266 1987 1548 2046 nutritus.
1601 1985 1828 2040 Dictum
1867 1988 1958 2039 est
1987 1985 2061 2039 de
2092 1985 2206 2040 hoc
2248 1985 2330 2039 vi-

674 2075 894 2132 cesimo
949 2079 1162 2146 quarto
1212 2074 1406 2146 capite
1447 2073 1748 2142 Evangelii
1803 2073 2136 2129 secundum
2194 2077 2329 2130 Mat-

676 2165 900 2220 thasum
929 2169 1066 2236 post
1083 2163 1267 2219 ﬁnem
1294 2162 1750 2235 parabolarum.

747 2253 915 2311 Vers.
960 2257 1042 2309 l6.
1074 2253 1150 2308 Et
1181 2254 1469 2324 ingressus
1492 2283 1554 2293 -
1577 2258 1640 2306 ut
1692 2253 1924 2322 legeret.
1959 2251 2331 2308 Adhortanti-

673 2342 787 2400 bus
817 2359 957 2400 cum
985 2342 1454 2416 praiceptoribus
1484 2341 1712 2414 populi,
1747 2342 1912 2412 quod
1943 2347 1997 2397 et
2027 2343 2152 2413 ipse
2180 2359 2330 2413 prie-

675 2438 879 2506 ceptor
933 2433 1232 2490 essetzvel
1275 2439 1334 2487 ut
1384 2436 1832 2503 cognoscerent,
1886 2437 2084 2486 utrum
2139 2431 2329 2501 legere

672 2527 898 2588 nosset,
951 2537 1089 2577 cum
1131 2521 1345 2576 litteras
1386 2535 1507 2576 non
1546 2519 1862 2574 didicisset.

748 2611 907 2666 Vers.
943 2615 1026 2665 17.
1080 2610 1158 2665 Ει
1214 2608 1472 2664 traditus
1521 2614 1600 2663 est
1629 2639 1696 2648 -
1725 2609 2005 2663 Vers.18.
2062 2623 2175 2665 me.
2224 2611 2328 2664 Per

673 2697 1110 2772 providentiam
1142 2713 1304 2752 suam
1331 2697 1426 2768 (ll)
1456 2696 1677 2752 invenit
1707 2695 1928 2763 statim,
1962 2713 2092 2768 qua:
2137 2697 2210 2752 de
2241 2699 2327 2752 di-

674 2787 916 2844 vinitate
956 2801 1067 2842 sua
1095 2785 1253 2842 dicta
1277 2791 1481 2840 erant:
1512 2784 1679 2856 prius
1708 2785 1868 2840 enim
1909 2786 2034 2856 ipse
2067 2786 2192 2842 haec
2223 2803 2328 2859 per

673 2876 1032 2948 prophetam
1055 2874 1250 2930 fuerat
1287 2873 1536 2930 locutus.
1583 2873 1727 2929 Dicit
1755 2879 1976 2941 autem,
2036 2881 2322 2948 tanquam

671 2965 857 3021 homo
890 2984 902 3024 :
937 2964 1218 3020 Divinitas
1258 2963 1513 3030 Domini,
1551 2963 1670 3018 sive
1700 2963 1824 3027 ﬁlii,
1880 2981 2062 3035 super
2096 2980 2189 3019 me
2235 2966 2326 3019 Je-

673 3070 830 3119 sum,
861 3054 978 3111 hoc
1001 3058 1108 3119 est,
1140 3053 1296 3109 Deus
1324 3053 1521 3108 unitus
1551 3058 1643 3109 est
1691 3054 1856 3108 mihi.
1909 3055 2023 3110 Hoc
2061 3070 2325 3126 namque

2513 1923 2612 1968 Καὶ
2668 1948 2730 1957 -
2795 1920 3162 1988 τεθραμμένος.
3213 1921 3422 1989 Εἰρηται
3465 1919 3578 1988 περὶ
3619 1917 3808 1974 ταύτης
3865 1913 3913 1964 ἐν
3954 1920 4028 1982 τῷ

2440 2007 2656 2076 εἰκοστῷ
2696 2009 2922 2080 τετάρτῳ
2953 2006 3210 2078 κεφαλαίῳ
3241 2014 3328 2058 τοῦ
3349 2007 3484 2056 κατὰ
3502 2005 3777 2068 Ματοαῐον,
3811 2004 3943 2076 μετὰ
3971 2006 4029 2053 τὸ

2439 2097 2574 2156 τέλος
2596 2105 2692 2148 τῶν
2723 2096 3046 2169 παραϐολῶν.

2515 2191 2613 2238 Καὶ
2687 2185 2892 2244 εἰσῆλθε
2973 2216 3038 2226 --
3130 2183 3439 2255 ἀναγνῶναι.
3537 2187 3856 2256 Προτραπεὶς
3933 2183 4028 2233 υπὸ

2440 2285 2536 2328 τὼν
2564 2273 2902 2328 διδασκάλων
2933 2282 3022 2326 τοῦ
3061 2275 3206 2338 λαοῦ,
3241 2277 3310 2334 ὼς
3351 2278 3442 2324 καὶ
3489 2272 3642 2332 αὐτὸς
3687 2267 4027 2332 διδάσκαλος,

2439 2367 2468 2424 ἢ
2519 2368 2599 2416 ἱνα
2650 2373 2835 2436 γνοῖεν,
2906 2365 2948 2416 εἰ
3001 2361 3221 2416 δύναται
3275 2362 3666 2432 ἀναγινωσκειν.
3735 2364 3804 2432 μὴ
3858 2362 4025 2431 μαθὼν

2438 2459 2743 2530 γράμματα.

2513 2550 2612 2597 Καὶ
2657 2541 2877 2602 ἐπεδόθη
2935 2574 3003 2583 —
3065 2541 3169 2614 ἐμὲ.
3222 2541 3347 2594 Κατ’
3395 2541 3688 2610 οἰκονομίαν
3720 2538 3855 2610 εὗρεν
3882 2537 4018 2597 εὗθὺς

2437 2637 2498 2686 τὰ
2531 2639 2641 2708 περὶ
2680 2642 2774 2694 τῆς
2819 2635 3058 2692 θεότητος
3110 2631 3268 2682 αὐτοῦ
3302 2631 3458 2704 ῥητά.
3502 2632 3595 2680 Διά
3638 2635 3730 2679 τοῦ
3769 2631 4014 2700 προφήτου

2435 2726 2536 2797 γὰρ
2619 2723 2770 2782 αῦτός
2845 2730 3010 2772 ταῦτα
3087 2725 3528 2792 προανεφωνησεν.
3608 2715 3694 2778 Ὠς
3769 2717 4009 2786 ἄνθρωπος

2438 2811 2496 2865 δὲ
2536 2832 2712 2884 φησιν,
2759 2814 2838 2863 ὅτι
2888 2813 3059 2869 θέότης
3095 2812 3310 2881 Κυριού,
3343 2812 3481 2874 ἦτοι,
3527 2814 3617 2858 τοῦ
3651 2808 3791 2871 Υἰοῦ,
3832 2802 4004 2874 ἐπ’ἐμὲ

2435 2908 2520 2954 τὸν
2577 2904 2799 2964 Ἰησοῦν,
2857 2906 3139 2968 τουτέστιν,
3172 2900 3196 2948 ὁ
3249 2901 3376 2958 Θεὸς
3423 2900 3614 2954 ἡνωταί
3653 2915 3760 2965 μοι.
3813 2899 3995 2960 Πνεῦμα

2434 2996 2555 3064 γὰρ,
2607 2997 2700 3048 την
2752 2993 2970 3046 θεότητα
3015 2998 3103 3040 τοῦ
3137 2991 3255 3040 Υιοῦ
3291 2992 3478 3043 νόησον
3510 2984 3778 3036 κάνταῦθα.
3811 2987 3989 3050 Πνεῦμα

2437 3078 2495 3133 δὲ
2535 3086 2727 3153 Κυρίου
2777 3079 2852 3130 ἐπ’
2894 3077 2998 3149 ἔμε,
3046 3074 3138 3129 διὰ
3185 3081 3242 3127 τὸ
3289 3077 3521 3132 σωθῆναι
3558 3078 3676 3134 τοῦς
3713 3071 3991 3144 ἀνθρώπους.

670 3143 804 3200 loco
858 3159 964 3217 per
1008 3143 1286 3215 Spiritum
1326 3141 1590 3211 intelligo
1623 3142 2014 3198 Divinitatem.
2073 3144 2320 3215 Spiritus

2434 3177 2596 3222 Τοῦτο
2638 3173 2738 3242 γὰρ
2771 3167 2992 3220 ἐλλεῖπον
3026 3165 3441 3228 συνεξακούεται,
3487 3168 3576 3214 καὶ
3608 3159 3760 3221 δῆλον
3808 3158 3896 3210 ἀπὸ
3921 3163 4000 3207 τοῦ

671 3238 873 3290 autem
891 3231 1126 3289 Domini
1153 3248 1333 3305 super
1347 3247 1464 3298 me,
1489 3239 1549 3286 ut
1573 3231 1848 3287 homines
1867 3231 2064 3288 salvos
2083 3233 2321 3301 faciam;

668 3323 732 3379 id
753 3323 912 3379 enim
941 3321 1138 3378 deﬁcit
1164 3327 1220 3378 et
1241 3321 1619 3384 subauditur,
1652 3321 1802 3376 sicut
1829 3321 2204 3378 manifestum
2238 3329 2324 3379 est

669 3412 749 3469 ab
781 3428 874 3478 eo,
910 3411 1076 3484 quod
1108 3412 1395 3484 sequitur.

740 3501 1290 3570 νει-ε.18.Ρι·οριεν
1317 3500 1470 3572 quod
1520 3500 1689 3556 unxit
1738 3515 1844 3556 me.
1889 3499 2067 3571 Cujus
2117 3517 2320 3567 causa,

667 3591 845 3664 cujus
867 3591 1082 3663 gratia,
1099 3592 1266 3645 unxit
1281 3607 1373 3645 me
1387 3590 1691 3645 hominem
1721 3589 1906 3660 Deus;
1929 3591 2096 3645 unxit
2120 3598 2319 3646 autem

666 3695 785 3745 me,
803 3694 928 3735 non
945 3679 1097 3743 oleo,
1131 3677 1282 3733 sicut
1297 3693 1466 3748 reges
1492 3677 1658 3750 ipsos
1680 3679 1840 3749 (mm)
1868 3679 2191 3748 ungebant,
2216 3679 2321 3734 sed

667 3767 997 3824 divinitate.

739 3855 900 3911 Vers.
934 3857 1028 3913 18.
1065 3854 1157 3910 Ad
1203 3855 1732 3925 euangelizandum
1757 3886 1822 3898 —
1853 3871 1963 3912 me.
1989 3856 2176 3924 Pater,
2233 3857 2318 3912 vi-

664 3942 897 4000 delicet.
953 3946 1250 4014 Pauperes
1304 3949 1506 4000 autem
1561 3947 1736 4000 vocat
1788 3944 2060 4014 gentiles,
2121 3950 2318 4017 utpote

663 4032 852 4090 divini
881 4031 1075 4090 cultus
1099 4032 1333 4089 divitias
1356 4048 1476 4089 non
1507 4032 1816 4104 habentes,
1850 4035 2134 4107 omnique
2154 4035 2318 4092 bono

663 4127 956 4180 carentes.

731 4231 848 4286 Aut
883 4229 1062 4285 etiam
1106 4228 1359 4294 ludmos,
1389 4230 1494 4302 qui
1523 4229 1733 4285 virtute
1787 4246 2069 4303 pauperes
2125 4241 2312 4300 erant,

659 4318 880 4392 quibus
894 4317 1364 4374 simulomnibus
1377 4318 2031 4388 evangelizavitcultum
2048 4321 2313 4379 divinum

659 4423 731 4465 ac
764 4409 1304 4472 conversationem,
1353 4423 1489 4478 quas
1513 4407 1848 4464 secundum
1881 4410 2153 4466 virtutem
2205 4417 2310 4478 est,

655 4497 839 4570 idque
877 4512 984 4569 per
1012 4496 1420 4567 Evangelium.

732 4587 891 4642 Vers.
925 4585 1010 4642 18.
1043 4586 1142 4641 Ad
1168 4585 1505 4642 sanandum
1537 4617 1605 4626 —
1635 4587 1823 4644 corde.
1861 4589 2126 4655 Eosdem,
2179 4590 2313 4662 qui-

653 4673 772 4731 bus
799 4675 1090 4744 gravitate
1117 4679 1494 4746 peccatorum
1527 4692 1630 4732 cor
1660 4677 1977 4733 contritum
2008 4684 2157 4734 erat.

728 4764 890 4818 Vers.
928 4765 1009 4818 18.
1057 4765 1155 4819 Ad
1187 4765 1636 4834 praedicandum
1663 4797 1729 4808 -—
1773 4766 1980 4823 visum.
2029 4767 2306 4839 Captivis,

654 4867 914 4924 quorum
941 4852 1134 4908 anima
1152 4870 1188 4909 a
1207 4852 1450 4910 diabolo
1468 4854 1645 4910 ducta
1672 4859 1762 4910 est
1795 4854 1855 4910 in
1886 4857 2306 4927 captivitatem.

653 4940 834 4998 Cascis
859 4957 1016 5011 vero,
1049 4942 1162 4998 hoc
1221 4947 1326 5009 est,
1372 4946 1646 5000 exsecatis
1709 4951 1898 5001 mente
1936 4945 2008 5001 ab
2048 4945 2307 5004 affectio-

722 5069 768 5105 ιι
796 5068 995 5127 Matth.
1024 5086 1096 5140 IV,
1123 5073 1175 5126 s.
1220 5070 1265 5104 υ
1293 5069 1442 5125 Ibid.
1468 5071 1524 5124 δ.
1567 5073 1611 5105 ει
1643 5069 1788 5126 ibid.
1819 5073 1905 5128 11.

2345 4535 2393 4594 D

2435 3259 2609 3331 ἐφεξῆς
2629 3260 2811 3332 ῥητοῦ.

2507 3488 2581 3539 Οὗ
2611 3488 2789 3538 εἵνεκεν
2842 3487 3027 3557 ἔχρισε
3075 3500 3157 3554 με.
3220 3481 3296 3533 Οὗ
3351 3481 3530 3531 εἵνεκεν
3581 3478 3673 3549 (5),
3732 3476 3793 3527 οὗ
3847 3478 4008 3546 χάριν,

2433 3580 2617 3650 ἔχρισε
2666 3593 2727 3646 με
2771 3577 2856 3625 τόν
2896 3574 3164 3646 ἄνθρωπον
3214 3572 3238 3621 ό
3279 3575 3421 3628 Θεός.
3483 3571 3663 3638 ἔχρισε
3709 3561 3768 3616 δι
3799 3583 3880 3635 με,
3933 3561 4012 3614 οῦκ

2432 3666 2602 3735 ἐλαίῳ,
2645 3665 2876 3735 καθάπερ
2932 3665 3054 3722 τοῦς
3105 3658 3340 3732 βασιλεῖς
3371 3661 3569 3728 ἔχριον,
3625 3653 3751 3705 ἀλλὰ
3799 3660 3860 3724 τῇ
3917 3653 4014 3703 θεό-

2431 3773 2572 3811 τητι.

2503 3841 2962 3913 Εὐαγγελίσασθαι
3031 3868 3099 3880 -
3173 3856 3259 3910 με.
3338 3835 3394 3887 ’0
3484 3837 3686 3906 Πατὴρ,

2434 3935 2686 4003 Πτωχοὺς
2740 3927 2798 3982 δε
2844 3929 2996 4000 λέγει,
3057 3931 3171 3987 τοὺς
3236 3925 3290 3987 ἐξ
3331 3923 3504 3987 ἆθνῶν,
3561 3924 3626 3981 ὡς
3688 3925 3756 3992 μὴ
3811 3923 4016 3991 ἔχοντας

2429 4026 2515 4073 τόν
2568 4021 2785 4072 πλοῦτον
2864 4026 2960 4080 τῆς
3036 4015 3316 4083 εὐσεϐείας,
3379 4017 3464 4065 καὶ
3549 4015 3777 4082 γυμνοὺς
3843 4012 4021 4068 παντὸς

3764 3827 4016 3888 δηλονότι.

2429 4112 2648 4182 ἀγαθοῦ.

2498 4201 2565 4253 ’Ἡ
2597 4205 2687 4250 καὶ
2735 4202 2853 4259 τοὺς
2899 4192 3210 4255 Ἰουδαίους,
3265 4195 3514 4264 πτωχοὺς
3558 4194 3698 4249 ὄντας
3747 4188 3795 4240 ἓν
3847 4187 4022 4262 ἀρετῇ,

2426 4293 2503 4352 οἷς
2553 4292 2682 4360 όμοῦ
2735 4295 2892 4340 πᾶσιν
2929 4284 3300 4356 εὐηγγελίσατο
3351 4287 3442 4339 τὴν
3474 4278 3752 4340 εὐσέϐειαν,
3796 4284 3885 4330 καὶ
3935 4282 4026 4334 τὴν

2425 4380 2653 4451 ἐνάρετον
2680 4377 2958 4442 πολιτείαν,
2993 4371 3084 4426 διὰ
3113 4381 3202 4424 τοῦ
3236 4370 3570 4442 Εῦαγγελίου.

2495 4593 2772 4648 ’ἰάσασθαι
2823 4621 2888 4629 -
2919 4585 3163 4661 καρδίαν.
3209 4590 3337 4646 Τοὺς
3381 4588 3592 4649 αυταὺς,
3644 4581 3712 4632 ὧν
3753 4583 3783 4639 ἡ
3832 4576 4031 4653 καρδία

2427 4680 2700 4755 συνετρίϐη
2733 4689 2805 4750 τῷ
2840 4677 2991 4753 βάρει
3021 4685 3116 4738 τῆς
3143 4675 3418 4750 ἁμαρτίας.

2497 4775 2737 4845 Κηρῦζαι
2785 4800 2853 4810 -
2927 4765 3223 4837 ἀνάϐλεψιν.
3283 4762 3654 4836 Αἰχμαλώτοις
3727 4762 3840 4832 μὲν,
3923 4765 4030 4817 τοῖς

2424 4860 2903 4932 αἰχμαλωτισθεῖσι
2974 4860 3064 4913 τὴν
3142 4854 3327 4925 ψυχήν
3407 4853 3506 4903 ὑπὸ
3567 4857 3658 4902 τοῦ
3733 4845 4025 4901 διαϐόλου·

2421 4951 2625 5023 τυφλοῖς
2675 4946 2754 5012 δε,
2809 4953 2913 5007 τοῖς
2942 4945 3254 5018 τυφλωθεῖσι
3287 4946 3373 4994 τὸν
3414 4948 3531 4993 νοῦν
3560 4941 3660 4991 ὑπὸ
3692 4946 3790 4990 τῶν
3824 4939 4022 4990 παθῶν.

1877 5201 2092 5269 Varias
2137 5203 2468 5272 lectiones
2519 5211 2586 5270 et
2634 5210 2836 5270 notae.

718 5338 802 5413 (5)
839 5338 1038 5394 Ἕνεκεν
1050 5381 1064 5396 .
1107 5345 1161 5394 Β.

715 5517 804 5587 (ll)
823 5516 1265 5575 Providentiam
1289 5533 1478 5576 suam.
1513 5518 1696 5576 Suam
1725 5535 1849 5577 non
1875 5526 1961 5579 est
1984 5523 2045 5578 in
2069 5523 2269 5579 Graeco
2289 5564 2302 5577 .

641 5587 928 5664 οῖκονομία
942 5593 1144 5645 autem
1164 5589 1575 5664 alibi_redde_re
1595 5591 1742 5648 solet
1761 5593 2264 5664 dispensationem
2288 5635 2302 5649 .

641 5660 928 5738 ρίκονομία
955 5667 1042 5716 est
1071 5660 1593 5738 vocabulumejus
1643 5664 1819 5738 modi,
1856 5660 2032 5738 'quod
2070 5665 2304 5738 Latina

633 5731 945 5807 lngua'vix
973 5733 1266 5806 exprimit.
1305 5734 1422 5790 Hoc
1445 5731 1577 5790 loco
1623 5734 1864 5792 reddere
1889 5731 2136 5809 "possis,
2187 5752 2305 5808 op-

2413 5528 2839 5667 Ροῖιξιῖιῗῖὶρεοε
2874 5605 2984 5648 nec
3015 5589 3077 5647 in
3106 5588 3310 5647 Graeco
3351 5589 3459 5656 est,
3486 5600 3598 5644 nec
3641 5599 3892 5643 necesse
3937 5584 4026 5641 est

2413 5665 2532 5726 add
2541 5681 2658 5723 ere.
