4210 6442
233 409 338 465 913

1301 415 1668 474 COMMENT.
1713 417 1780 472 IN
1824 413 2086 471 LUCAM.
2131 447 2197 458 --
2237 417 2395 476 CAP.
2437 418 2532 478 IV.

3491 422 3597 481 914

235 534 524 611 Ἐκήρυττε
551 533 609 590 δε
639 545 748 600 τοῖς
777 541 867 611 μὲν
898 539 1201 615 ἐλευθερίαν,
1237 551 1345 606 τοῖς
1373 542 1451 611 δὲ,
1493 548 1719 610 σύνεσιν,
1751 545 1817 598 ὅτι

1944 543 2142 601 nibus.
2170 545 2540 603 Prtedicabat
2565 550 2782 614 autem,
2833 548 2927 604 his
2985 547 3232 621 quidem
3263 548 3598 609 libertatem

235 622 529 698 παρεδίδου
561 630 654 688 τὰς
675 627 1009 700 εύαγγελικάς
1038 630 1263 695 ἐντολάς.
1304 633 1474 687 Αὗται
1507 637 1608 710 γάρ
1643 636 1744 688 εἱσι
1775 638 1832 688 τὸ

237 717 488 787 κήρυγμα
516 724 606 767 τοῦ
639 724 900 792 Σωτῆρος,

315 909 641 965 Ἀποστεῖλαι
693 945 761 953 -
815 913 862 966 ἐν
911 913 1109 988 ἀφέσει.
1171 917 1462 971 Ἀπολῦσαι
1501 918 1549 970 ἐν
1576 918 1836 994 ἐλευθερίᾳ

239 1002 358 1060 τούς
388 1003 800 1075 τεθραυσμένους
821 1012 881 1078 τῇ
917 1005 1184 1081 τυραννίδι
1215 1018 1313 1061 τῶν
1346 1006 1627 1082 δαιμόνων.

313 1195 549 1267 Κηρύξαι
577 1229 645 1238 -
673 1195 870 1256 δεκτόν.
924 1203 1188 1256 Ἐνιαυτὸν
1234 1209 1324 1278 μὲν
1383 1202 1490 1258 εἶπε
1513 1210 1599 1259 τὸν
1631 1213 1833 1281 καιρὸν,

236 1284 394 1335 καθόν
427 1283 679 1341 ἐδίδασκε
729 1295 818 1342 καὶ
861 1291 1272 1366 ἐθαυματούργει
1316 1313 1328 1326 °
1355 1292 1534 1348 δεκτόν
1593 1293 1652 1349 δὲ
1680 1295 1834 1349 αὐτὸν

237 1371 520 1444 ὠνόμασεν,
551 1379 619 1439 ὡς
650 1377 993 1434 εύαποδεκτον
1016 1393 1086 1454 τῷ
1119 1389 1285 1457 Πατρὶ
1317 1387 1442 1458 ὑπὲρ
1479 1388 1648 1438 πάντα
1672 1387 1835 1439 ἐνιαυ-

233 1463 338 1511 τὸν.
378 1463 456 1515 Ἐν
488 1465 628 1536 αύτῷ
661 1471 762 1542 γὰρ
793 1477 866 1539 τῷ
899 1481 1064 1546 καιρῷ
1094 1475 1122 1531 ἡ
1191 1480 1429 1548 σωτηρία
1480 1479 1685 1527 πάντων
1733 1482 1832 1527 τῶν

234 1545 514 1623 ἀνθρώπων
562 1554 900 1629 ἐϐλάστησεν,
935 1564 1068 1625 ἤτοι,
1098 1565 1154 1614 τό
1189 1569 1444 1636 σωτήριον
1494 1565 1830 1636 Εύαγγέλίον,

234 1636 513 1714 Ἐκὴρυττε
537 1640 595 1696 δὲ
629 1649 708 1697 τὸν
734 1645 965 1700 ἐνιαυτὸν
990 1659 1190 1720 τοῦτον,
1232 1655 1358 1724 μετά
1396 1658 1452 1706 τὸ
1483 1658 1833 1729 πειρασθῆναι

237 1734 323 1780 καὶ
355 1739 572 1789 νικῆσαι
600 1737 684 1786 τὸν
711 1743 1019 1808 πειραστὴν,
1053 1745 1142 1793 καὶ
1170 1743 1518 1818 ὑποστρέψαι.
1565 1746 1690 1798 Ἀπὸ
1724 1749 1836 1797 τότε

234 1822 352 1892 γὰρ,
385 1828 560 1893 φησὶν,
597 1824 826 1899 Ἤρξατο
859 1830 884 1880 ὁ
928 1828 1136 1891 Ἰησοῦς
1165 1836 1451 1904 κηρύσσειν
1477 1840 1568 1887 καὶ
1621 1835 1784 1908 λέγειν
1817 1854 1830 1867 ·

236 1911 534 1965 Μετανοεῖτε
586 1933 597 1944 ·
652 1919 840 1986 ἣγγικε
932 1921 1033 1991 γὰρ

234 2008 398 2071 ρανῶν
481 2045 494 2056 .
569 2007 638 2056 Τὸ
717 2007 820 2078 γὰρ
921 2005 1166 2079 Ἥγγικε,
1243 2019 1430 2084 καιροῦ
1517 2018 1834 2086 σημαντικόν

237 2105 370 2140 εστι.

309 2177 414 2230 Καὶ
445 2180 642 2243 πτύξας
671 2213 739 2222 -
769 2182 1000 2237 ἐκάθισε.
1034 2192 1117 2258 Τῷ
1157 2189 1388 2260 ὑπηρέτῃ
1437 2199 1538 2243 τῶν
1571 2189 1834 2246 διδασκά-

232 2263 354 2318 λων.

306 2360 407 2408 Καὶ
431 2360 634 2410 πάντων
675 2391 742 2400 —
772 2361 933 2432 αὐτῷ.
966 2362 1075 2416 Ἵνα
1112 2363 1400 2435 ἀκούσωσι,
1434 2378 1538 2430 πῶς
1568 2370 1828 2444 ἐρμηνεύει

233 2446 299 2496 τὰ
331 2443 724 2516 ἀναγνωσθέντα
746 2451 902 2524 ῥητὼ

299 2530 528 2605 ’Ἠρξατο
555 2567 623 2576 -
653 2539 812 2601 ὑμῶν.
839 2539 897 2592 Ἡ
935 2548 1108 2616 γραφὴ
1145 2545 1297 2611 αὕτη,
1345 2549 1374 2605 ἡ
1437 2547 1484 2599 ἐν
1535 2557 1644 2611 τοῖς
1700 2550 1828 2602 ὠσὶν

225 2620 366 2690 ὑμῶν
400 2639 411 2650 ’
439 2627 494 2675 τὸ
537 2621 596 2677 δὲ
626 2632 872 2700 Σήμερον,
909 2629 1023 2684 ἀντὶ
1054 2641 1170 2700 τοῦ,
1206 2635 1288 2686 Ἐν
1315 2640 1534 2698 ταύταις
1564 2646 1673 2699 ταῖς
1703 2642 1826 2711 ἡμέ-

220 2727 364 2781 ραις.
402 2718 566 2766 Τοῦτο
594 2711 653 2768 δὲ
683 2717 859 2786 εἰπὼν,
909 2717 1190 2789 ἐδήλωσεν,
1219 2725 1299 2776 ὅτι
1340 2727 1494 2790 αύτός
1541 2730 1675 2797 ἐστι,
1710 2731 1826 2805 περὶ

216 2798 277 2850 οὗ
315 2803 380 2852 τὰ
411 2800 800 2873 ἀναγνωσθέντα

298 2979 404 3032 Καὶ
434 2983 616 3042 nunc;
644 3014 714 3024 —
741 2985 922 3040 αὐτοῦ.
956 2985 1080 3042 Εἷπε
1122 2993 1223 3066 γὰρ
1256 2999 1344 3046 καὶ
1401 2995 1532 3048 ἄλλα
1589 3001 1826 3071 θαυμασ-

223 3069 309 3132 τὰ,
364 3068 440 3140 ἐφ’
496 3072 573 3133 οἷς
617 3071 912 3145 ἐθαύμαζον
973 3083 1064 3131 καὶ
1115 3078 1431 3155 ἐμαρτύρουν
1479 3087 1618 3157 αύτῷ
1660 3092 1823 3164 χάριν

225 3158 386 3209 θείαν.

1943 633 2055 690 illis
2076 650 2218 691 vero
2243 635 2712 708 intelligentiam,
2766 637 3007 709 quando
3043 637 3313 696 tradebat
3342 654 3600 713 evange-

1942 723 2055 780 lica
2085 728 2396 796 praecepta.
2438 725 2740 798 Siquidem
2783 725 2877 781 illa
2927 730 3067 784 sunt
3109 728 3454 800 praedicatio
3485 729 3602 788 Sal-

1943 817 2191 869 vatoris.

2015 904 2175 958 Vers.
2209 903 2296 958 18.
2358 904 2454 959 Ad
2499 903 2900 961 dimittendum
2935 935 3004 946 -
3037 920 3152 976 per
3189 907 3598 966 remissionem.

1941 991 2031 1048 Ad
2061 990 2496 1048 absolvendum
2527 1009 2632 1066 per
2672 993 3006 1051 libertatem
3036 995 3373 1054 contractos
3398 1001 3604 1070 tyran-

1945 1079 2080 1134 nide
2111 1080 2483 1140 daemonum.

2014 1186 2182 1246 Vers.
2216 1191 2306 1245 19.
2329 1189 2430 1245 Ad
2446 1189 2889 1259 praedicandum
2913 1220 2984 1234 —
3015 1197 3338 1264 acceptum.
3360 1193 3602 1250 Annum

1947 1277 2175 1331 vocavit
2204 1283 2460 1349 tempus,
2502 1295 2623 1351 quo
2643 1279 2890 1336 docebat
2945 1296 3014 1336 ac
3071 1281 3360 1338 miracula
3387 1298 3602 1355 opera-

1943 1362 2139 1420 batur.
2175 1370 2496 1438 Acceptum
2544 1385 2685 1424 vero
2702 1369 2868 1434 dixit,
2902 1374 3107 1442 utpote
3151 1386 3334 1443 super
3358 1387 3602 1429 omnem

1945 1470 2172 1511 annum
2200 1456 2350 1511 Patri
2377 1456 2822 1529 acceptabilem.
2858 1461 2938 1514 Eo
2971 1459 3128 1515 enim
3152 1465 3422 1532 tempore
3440 1461 3604 1519 salus

1944 1544 2216 1600 omnium
2238 1544 2553 1601 hominum
2568 1547 2946 1615 germinavit.
2977 1553 3090 1605 Aut
3115 1549 3388 1607 salutare.
3417 1553 3605 1607 Evan-

1944 1632 2186 1701 gelium.
2202 1633 2572 1690 Praedicabat
2597 1639 2794 1691 autem
2813 1636 2974 1691 hunc
3004 1652 3253 1706 annum,
3274 1642 3605 1711 postquam

1945 1725 2202 1776 tentatus
2234 1720 2425 1777 fuerat
2450 1737 2520 1777 ac
2548 1727 2901 1779 tentatorem
2932 1729 3316 1796 superaverat
3343 1731 3400 1783 et
3412 1742 3602 1784 rever-

1945 1824 2045 1864 sus
2070 1815 2213 1866 erat.
2242 1809 2328 1864 Ab
2358 1825 2428 1866 eo
2449 1811 2610 1867 enim
2633 1815 2900 1882 tempore
2947 1814 3145 1884 coepit,
3197 1814 3406 1887 inquit,
3439 1816 3604 1872 Jesus

1145 1923 1173 1978 ἡ
1255 1921 1500 1994 βασιλεία
1563 1933 1663 1976 τῶν
1746 1925 1817 1977 ού·

1944 1899 2272 1966 praedicare
2301 1905 2352 1955 et
2373 1900 2586 1964 dicere,
2617 1901 2952 1972 Resipiseite
2972 1902 3157 1959 instat
3181 1903 3336 1960 enim
3361 1919 3603 1976 regnum

1943 1988 2248 2045 caelorum.
2281 1991 2432 2045 Nam
2482 1990 2696 2057 Instat,

1943 2098 2052 2150 est.

2011 2184 2175 2240 Vers.
2201 2187 2297 2242 20.
2338 2185 2602 2258 Cumque
2644 2187 2912 2244 clausum
2967 2219 3032 2232 ——
3084 2189 3316 2247 resedit.
3343 2191 3602 2250 Ministro

1941 2271 2158 2328 scilicet
2187 2273 2522 2329 doctorum.

2010 2363 2170 2417 Vers.
2203 2361 2290 2416 20.
2340 2363 2422 2418 Et
2461 2363 2724 2420 omnium
2782 2395 2849 2405 —
2879 2379 3029 2423 eum.
3059 2367 3128 2423 Ut
3148 2366 3422 2425 audirent
3455 2383 3603 2442 quo-

1941 2450 2123 2506 modo
2148 2451 2634 2522 interpretaretur
2663 2469 2734 2509 ea
2762 2469 2898 2524 quis
2923 2453 3163 2525 legerat.

2009 2540 2166 2594 Vers.
2191 2540 2285 2596 21.
2336 2541 2518 2610 (Icepit
2539 2571 2596 2583 —
2632 2543 2859 2598 vestris.
2902 2542 3352 2614 Scripturahaec,
3380 2549 3446 2602 ut
3465 2545 3599 2602 sub-

1938 2627 2217 2684 audiatur
2263 2630 2443 2695 :Quee
2497 2630 2716 2696 sonuit,
2747 2632 2808 2686 in
2856 2632 3100 2688 auribus
3145 2634 3373 2700 vestris,
3412 2636 3601 2693 Hodie

1935 2732 2098 2782 vero,
2138 2717 2254 2773 hoc
2311 2723 2420 2785 est,
2465 2718 2560 2773 his
2621 2718 2847 2775 diebus.
2909 2723 3029 2777 Hoc
3095 2727 3296 2778 autem
3369 2723 3594 2798 dicens,

1937 2805 2337 2875 signiﬁcabat,
2382 2822 2510 2863 sese
2548 2823 2688 2864 eum
2734 2825 2865 2865 esse
2895 2809 2970 2866 de
3017 2826 3140 2884 quo
3175 2811 3595 2884 loquebantur,

1937 2910 2074 2966 quae
2102 2895 2256 2952 lecta
2278 2911 2379 2952 era
2402 2900 2493 2952 nt.

2007 2984 2166 3040 Vers.
2218 2988 2306 3040 22.
2331 2986 2409 3040 Et
2461 3001 2660 3043 omnes
2696 3018 2766 3028 —
2805 2989 2954 3058 ejus.
2998 2989 3150 3046 Dixit
3200 2991 3361 3048 enim
3396 2998 3452 3048 et
3477 2993 3598 3051 alia

1933 3073 2312 3139 admiranda,
2345 3075 2415 3130 de
2437 3075 2656 3147 quibus
2679 3076 3067 3144 mirabantur,
3100 3083 3156 3135 et
3181 3081 3595 3140 testimonium

1932 3161 1985 3217 ei
2015 3162 2243 3219 dabant
2269 3163 2343 3218 de
2368 3166 2560 3232 gratia
2592 3165 2821 3222 divina.

2774 1991 3060 2064 temporis
3139 1992 3602 2064 signiﬁcativum

299 3249 398 3296 Καὶ
442 3246 609 3318 ἔλεγον
657 3281 725 3290 --
779 3251 1276 3325 Ἰωσήφ;Ζήτησον
1317 3259 1364 3310 ἐν
1417 3269 1488 3332 τῷ
1539 3259 1817 3321 δηλωθέντι

2003 3248 2170 3306 Vers.
2197 3253 2286 3306 22.
2320 3251 2398 3306 Et
2418 3251 2688 3309 dicebant
2745 3280 2806 3292 ——
2845 3255 3064 3324 Joseph
3085 3255 3114 3310 ?
3141 3257 3346 3322 Quaere
3379 3259 3455 3317 de
3478 3260 3595 3319 hoe

223 3332 440 3404 εἰκοστῷ
471 3337 700 3408 τετάρτῳ
724 3338 982 3412 κεφαλαίῳ
1013 3349 1102 3396 καὶ
1126 3350 1242 3419 περὶ
1272 3351 1478 3419 τούτου,
1509 3353 1820 3429 πλατύτερον

219 3424 386 3475 ἐκεῖσε
414 3428 670 3496 κειμένου.

294 3516 394 3563 Καὶ
421 3511 529 3565 εἷπε
557 3512 756 3569 -ὧδε
952 3522 1258 3595 Παραϐολὴν
1306 3527 1525 3582 ἐνταῦθα
1580 3537 1673 3590 τὴν
1721 3555 1818 3587 πα-

217 3605 427 3671 ροιμίαν
466 3602 702 3675 ὠνόμασε
759 3615 1015 3682 παροιμία
1055 3615 1156 3685 γὰρ
1214 3611 1274 3673 ἧν
1305 3616 1551 3691 λεγομένη
1586 3620 1667 3675 ἐπὶ
1715 3633 1815 3676 τῶν

217 3692 505 3742 νοσούντων
550 3692 756 3768 ἰατρῶν,
813 3695 995 3772 Ἰατρε,
1055 3703 1369 3774 θεράπευσον
1420 3714 1655 3764 σεαυτὸν.
1693 3711 1814 3766 Εἷπε

219 3774 277 3828 δὲ
332 3786 502 3840 τοῦτο,
557 3787 706 3852 γνούς
754 3786 945 3850 αύτούς
995 3789 1225 3852 θέλοντας
1284 3796 1360 3867 (8)
1422 3794 1549 3850 ἰδεῖν
1596 3810 1806 3874 σημεῖα.

215 3872 378 3923 Φησὶν
427 3866 514 3920 οὖν
562 3891 573 3902 ·
630 3875 837 3936 Πάντως
888 3875 1047 3950 ἐρεῖτέ
1099 3900 1212 3951 μοι,
1261 3888 1426 3959 Ιατρὲ,
1494 3890 1809 3960 θεράπευσον

215 3961 449 4022 σεαυτὸν,
480 3962 660 4030 ἤγουν,
703 3967 795 4020 τὴν
834 3964 1071 4038 πατρίδα
1099 3989 1213 4031 σου,
1270 3984 1526 4027 νοσοῦσαν
1557 3979 1615 4030 ού
1655 3985 1808 4052 μόνον

209 4052 319 4106 ταῖς
344 4049 619 4119 καχεξίαις
657 4059 749 4103 τοῦ
783 4059 1044 4126 σώματος,
1080 4057 1207 4111 ἀλλά
1248 4067 1336 4114 καὶ
1367 4072 1429 4136 τῇ
1465 4065 1687 4138 ἀπιστίᾳ
1717 4081 1809 4133 τῆς

209 4133 411 4205 ψυχῆς,
441 4143 625 4210 καὶμὴ
658 4136 947 4213 δυναμένην
970 4151 1250 4216 πιστεύειν,
1285 4153 1363 4213 οἷς
1398 4153 1572 4208 ἀκούει
1603 4164 1808 4230 γινομέ-

207 4242 314 4285 νοις
337 4225 479 4297 παρᾶ
507 4235 599 4279 σοῦ
634 4235 886 4302 σημείοις,
913 4233 956 4286 εὶ
981 4234 1057 4306 (9)
1089 4239 1160 4307 μὴ
1189 4244 1274 4291 καὶ
1302 4237 1374 4292 δι’
1405 4243 1568 4313 ὅψεως
1590 4225 1808 4303 τοιαῦτα

212 4312 464 4370 θεάσηται
493 4319 630 4386 (10).

282 4399 404 4454 Εἶπε
436 4401 512 4456 δέ’
547 4436 615 4446 -
646 4407 824 4461 αὐτοῦ.
871 4411 950 4464 Ἐν
976 4421 1048 4483 τῷ
1082 4415 1424 4491 προρῥηθέντι
1478 4421 1694 4494 εἰκοστῷ
1720 4447 1802 4479 τε-
1836 4384 1882 4439 D

210 4492 377 4563 τάρτῳ
405 4493 662 4565 κεφαλαίῳ
683 4505 773 4549 τοῦ
794 4502 928 4553 κατά
953 4501 1220 4557 Ματθαῖον
1255 4508 1482 4581 ἀκριϐῶς
1499 4510 1616 4587 ἐῤῥὴ
1629 4516 1689 4572 θη
1714 4522 1803 4570 καὶ

206 4584 324 4653 περὶ
355 4584 562 4636 τούτου.

275 4670 388 4722 Ἐπ’
438 4669 678 4736 ἀληθείας
727 4707 793 4717 -—
850 4686 1048 4753 χήραν.
1099 4683 1361 4756 Ἐμφαίνει
1420 4685 1512 4741 διὰ
1558 4701 1649 4744 τοῦ
1704 4715 1802 4747 πα-

199 4756 574 4833 ραδείγματος,
639 4765 715 4816 ὅτε
749 4766 840 4818 οὐκ
889 4768 1020 4820 εἰσὶν
1069 4771 1206 4833 ἄξιοι
1267 4782 1514 4848 σημείων,
1572 4778 1665 4834 διὰ
1711 4790 1798 4842 τὴν

201 4847 404 4901 ἀνίατον
455 4849 701 4904 ἀπιστίαν
750 4855 919 4908 αὐτῶν
962 4877 974 4890 ο
1004 4857 1202 4934 Ὠσπερ
1234 4867 1334 4938 γὰρ
1392 4868 1416 4918 ὁ
1449 4869 1620 4932 Ἠλίας
1661 4879 1794 4939 τότε,

199 4937 396 4989 πολλῶν
491 4949 674 5013 χηρῶν
799 4944 966 4997 οὐσῶν
1071 4948 1118 5000 ἐν
1216 4961 1320 5014 τοῖς
1425 4958 1794 5031 Ἰσραηλίταις,

197 5030 326 5098 πρὸς
363 5028 477 5101 (11)
533 5027 783 5103 οὐδεμίαν
833 5033 998 5086 αὐτῶν
1050 5037 1278 5112 ἐπέμφθη
1336 5027 1686 5121 παρὰ-Θεοῦ,
1733 5027 1797 5112 ὡς

197 5113 415 5178 ἀναξίων
476 5128 567 5180 τῆς
624 5117 906 5194 ἐπιδημίας
955 5125 1135 5198 αὐτοῦ,
1185 5135 1311 5203 πρὸς
1362 5113 1522 5206 μύνην
1596 5113 1794 5200 δὲ’τὴν

1929 3337 2088 3396 dicto
2117 3339 2328 3411 capite,
2362 3339 2458 3395 ubi
2484 3340 2612 3396 haec
2637 3340 2795 3398 clare
2825 3347 3150 3414 ponuntur.

2001 3544 2160 3599 Vers.
2189 3545 2281 3601 23.
2340 3543 2416 3600 Et
2463 3545 2646 3602 ait—
2702 3546 2764 3602 in
2810 3547 3030 3618 papria
3057 3554 3184 3608 tua.
3217 3550 3588 3617 Parabolam.

1924 3632 2064 3688 dicit
2082 3632 2178 3688 hic
2205 3633 2607 3705 proverbium,
2654 3634 3059 3706 proverbium,
3113 3637 3386 3711 inquam,
3423 3641 3592 3714 quod

1921 3722 2035 3777 dici
2057 3722 2202 3778 solet
2250 3723 2324 3778 de
2354 3723 2599 3779 medicis
2648 3725 3079 3794 aegrotantibus
3115 3743 3127 3783 :
3162 3728 3412 3795 Medice,
3443 3746 3590 3789 cura

1920 3811 2182 3882 teipsum.
2239 3811 2391 3868 Dixit
2423 3817 2624 3869 autem
2666 3813 2802 3881 hoc,
2862 3817 3117 3885 cognito,
3168 3818 3335 3890 quod
3375 3820 3576 3893 cupidi

1918 3905 2116 3956 essent
2140 3900 2578 3973 videndisigua.
2598 3903 2692 3958 Ait
2720 3919 2861 3975 ergo
2892 3922 2905 3958 :
2937 3907 3184 3964 Omnino
3209 3909 3416 3968 dicetis
3440 3912 3583 3969 uihi.

1916 3991 2150 4057 Medice,
2185 4005 2329 4047 cura
2374 3997 2429 4048 te
2463 3992 2678 4062 ipsum,
2737 3993 2860 4049 sive
2897 3997 3154 4066 patriam
3207 4001 3398 4066 tuam,
3448 4017 3586 4074 quas

1918 4085 2181 4150 aegrotat,
2213 4095 2333 4134 non
2361 4079 2556 4136 solum
2587 4082 2787 4153 pravis
2827 4085 3094 4156 corporis
3124 4085 3447 4156 habitibus,
3478 4106 3579 4147 ve-

1917 4183 2050 4224 rum
2091 4169 2272 4224 etiam
2311 4167 2656 4225 inﬁdelitate
2692 4171 2931 4236 animae,
2992 4188 3102 4229 nec
3141 4175 3377 4233 credere
3425 4179 3584 4236 valet

1916 4255 2124 4326 signis,
2170 4271 2368 4327 quaea
2408 4262 2461 4311 te
2517 4257 2674 4314 facta
2759 4274 2890 4314 esse
2944 4261 3193 4329 audivit,
3233 4264 3346 4320 nisi
3400 4266 3578 4322 etiam

1917 4343 2106 4400 oculis
2133 4343 2348 4399 similia
2379 4345 2592 4401 videat.

1986 4434 2255 4488 Vers.24.
2295 4433 2457 4490 Dixit
2528 4440 2724 4491 autem
2776 4453 2994 4494 —sua.
3066 4438 3355 4498 Prmdicto
3420 4442 3572 4500 vice-

1914 4521 2066 4576 simo
2093 4525 2306 4593 quarto
2335 4522 2528 4594 capite
2560 4523 2857 4594 Evangelii
2879 4526 3052 4597 juxta
3094 4526 3435 4588 Mattbteum
3479 4547 3575 4590 ac-

1912 4615 2110 4666 curate
2141 4611 2320 4666 etiam
2351 4611 2425 4666 de
2459 4610 2575 4667 hoc
2608 4611 2834 4670 dictum
2860 4619 2972 4671 est.

1981 4699 2143 4755 Vers.
2206 4703 2293 4756 25.
2345 4701 2416 4756 In
2470 4701 2722 4758 veritate
2793 4734 2862 4745 —
2927 4704 3092 4761 Vers.
3164 4707 3232 4764 26
3307 4709 3566 4770 viduam.

1911 4788 2174 4844 Ostendit
2201 4788 2315 4845 hoc
2346 4789 2536 4862 signo,
2574 4791 2739 4863 quod
2765 4792 2994 4863 indigni
3027 4795 3144 4851 sint
3201 4797 3386 4868 signis
3436 4817 3569 4872 pro-

1909 4882 2036 4949 pter
2065 4877 2429 4934 insensatam
2475 4879 2716 4936 illorum
2747 4881 3241 4943 incredulitatem.
3271 4888 3566 4954 Quemad-

1907 4965 2158 5022 modum
2193 4967 2352 5022 enim
2410 4971 2465 5024 et
2511 4967 2684 5032 Elias,
2741 4985 2880 5026 cum
2921 4973 3118 5030 multae
3163 4980 3360 5033 essent
3398 4979 3564 5051 apud

1908 5054 2198 5111 Israelitas
2217 5054 2439 5123 vidum,
2475 5057 2551 5113 ad
2606 5057 2834 5116 nullam
2893 5059 3131 5119 illarum
3164 5064 3381 5122 missus
3414 5071 3500 5125 est
3525 5084 3562 5126 a

1907 5145 2047 5214 Deo,
2087 5145 2252 5219 quod
2275 5145 2535 5217 indignae
2561 5153 2774 5219 essent,
2815 5153 2881 5207 ut
2925 5150 3000 5207 ad
3051 5167 3154 5211 eas
3200 5156 3555 5218 accederet:

1394 5361 1618 5430 Variae
1647 5363 1976 5434 lectiones
2007 5377 2073 5436 et
2102 5377 2303 5438 notae.

267 5215 313 5249 ³⁸
344 5217 539 5274 Matth.
562 5233 640 5290 1v,
671 5220 759 5274 t7.

262 5480 344 5624 (6)
370 5481 542 5574 Forte
573 5483 898 5546 Hentenius
925 5493 1199 5554 additum
1219 5500 1437 5572 reperit
1463 5502 1617 5576 ἔλεγε.

285 5557 315 5606 7
390 5555 452 5609 Ει
477 5575 538 5624 τῃ
576 5555 793 5624 πατρίδι
825 5580 939 5624 σου.
971 5568 1134 5624 quod
1168 5569 1488 5624 Hentenius
1547 5577 1617 5624 vii

374 5555 452 5609 Ἑι
477 5562 539 5628 τῇ
562 5555 771 5638 ,πατρίδ
776 5580 793 5611 ι
825 5580 939 5629 σου,
971 5568 1134 5638 quod
1168 5555 1495 5629 Ηθηῖεἰιίὶιέ
1524 5555 1782 5635 'v'i'detur

187 5623 642 5708 legisse,ne_uter
671 5623 944 5708 ineorum
975 5623 1780 5708 εῖεῐιοεςὰίἶῗὲοῖῖἶιιῑεξίίι⁵

184 5697 648 5789 omittunt-inter
677 5702 932 5789 reliquos
960 5697 1190 5769 codices
1210 5697 1616 5789 ’Mosqdeifsé';

258 5770 338 5842 (8)
368 5767 518 5825 Ἰδεῖν
555 5773 728 5832 abest
754 5767 820 5833 A'.

1962 5509 2036 5582 (9)
2064 5509 2124 5564 Εἰ
2150 5514 2234 5563 καὶ
2265 5516 2334 5582 μή
2371 5512 2426 5566 Β.

1963 5582 2077 5652 (10)
2101 5583 2378 5635 Θεάσεται.
2403 5586 2460 5637 Β.

1987 5653 2161 5738 lii-Ai
2191 5660 2328 5726 post
2369 5659 2496 5729 πρός
2544 5656 2710 5716 addit
2765 5660 2832 5716 A.
2884 5658 3085 5719 Malim
3141 5662 3363 5722 addere
3413 5667 3552 5738 post

1890 5723 1948 5776 ού
1955 5723 1989 5779 δ
1992 5729 2140 5798 εμίαν
2147 5766 2160 5783 .
