4210 6436
611 379 718 438 915
1950 384 2291 444 EUTHYMI]

2394 383 2672 444 [GABENI
3887 393 4005 448 916

612 505 692 562 ad
744 505 940 564 solam
980 511 1179 566 autem
1239 509 1403 570 illam
1444 513 1625 579 venit,
1681 529 1816 587 quae
1859 514 1918 570 in
1949 512 2280 584 Sarephtba

2394 510 2637 566 οἰκοῦσαν
2670 513 2718 566 ἐν
2750 519 2983 589 Σαρεπτοί
3039 518 3154 586 (12)
3216 516 3358 570 πόλει
3416 526 3506 578 τῆς
3562 515 3782 581 Σιδῶνος
3812 528 4003 594 χώρας

613 594 843 652 civitate
891 595 1129 653 Sidonis
1174 599 1435 670 regionis
1486 601 1816 670 habitabat,
1858 607 2100 675 propter
2125 601 2280 657 illius

2394 598 2532 667 ἦλθε,
2564 599 2655 655 δια
2680 607 2737 656 τὸ
2775 609 2956 678 σεμνὸν
2987 607 3116 665 αὐτῆ
3130 628 3172 670 ς,
3225 612 3315 659 καὶ
3347 611 3474 681 πρὸς
3527 606 3712 680 ἀρετὴν
3764 610 4000 682 ἕτοιμον,

612 681 985 740 honestatem
1016 690 1071 741 et
1121 689 1652 760 promptitudinem
1685 693 1760 747 ad
1811 693 2107 758 virtutem,
2147 691 2281 746 licet

2394 695 2561 743 καίτοι
2590 691 2865 765 ἇλλόφυλον
2897 691 3077 761 οὖσαν,
3096 701 3184 748 καὶ
3208 695 3675 770 ἐθαυματούργησε
3690 699 3812 772 παρ’
3833 699 3995 773 αὐτῇ,

614 771 952 843 alienigena
980 781 1136 831 esset
1170 782 1260 841 ;et
1295 777 1650 835 miraculum
1694 781 1856 852 apud
1911 797 2043 836 eam
2074 796 2282 848 opera-

2394 783 2456 841 ὡς
2504 783 2533 838 ἡ
2589 788 2739 855 τρίτη
2784 791 2879 834 τῶν
2925 782 3204 856 βασιλειῶν
3234 781 3500 848 διέξεισιν.
3535 787 3670 838 οὕτω
3714 792 3804 839 καὶ
3836 788 3997 851 αύτός

615 865 711 938 tus
758 867 865 931 est,
901 863 1050 919 sicut
1097 867 1356 921 ostendit
1388 868 1592 924 tertius
1623 869 1772 926 liber
1830 872 2054 940 Regum
2086 871 2159 926 ³³.
2197 870 2281 926 Ita

2394 874 2520 943 πρὸς
2549 868 2737 923 οὐδένα
2765 876 2855 944 μὲν
2886 893 2982 924 των
3010 871 3228 936 ἀναξίων
3259 877 3473 948 ἔρχεται
3489 880 3725 933 ποιήσων
3753 885 3988 948 σημεῖον,

615 965 858 1022 quoque
888 952 1014 1024 ipse
1039 953 1117 1010 ad
1143 955 1377 1012 nullum
1406 956 1644 1024 horum,
1677 959 1781 1030 qui
1820 959 2049 1031 indigni
2089 963 2278 1025 erant,

2394 954 2485 1010 διὰ
2510 962 2569 1011 τὸ
2601 965 2672 1026 μὴ
2697 966 2850 1033 μόνον
2882 960 3114 1037 ἀκερδὲς,
3152 963 3278 1016 ἀλλά
3307 968 3392 1015 καὶ
3426 962 3765 1036 βλασφημίας
3805 972 3992 1040 παραί-

617 1039 892 1097 veniebat
921 1042 1096 1111 signa
1125 1043 1430 1101 facturus:
1473 1048 1639 1118 quod
1683 1065 1804 1106 non
1855 1051 2050 1106 solum
2079 1049 2282 1106 inutile

2394 1065 2520 1115 τιον,
2552 1053 2682 1122 πρὸς
2711 1055 2895 1122 μόνους
2927 1048 2984 1104 δε
3016 1056 3137 1115 τοὺς
3165 1052 3718 1126 μεταϐληθησομὲνους
3746 1060 3835 1107 καὶ
3865 1055 3992 1128 ὡφεο

618 1132 792 1198 esset,
805 1145 1001 1186 verum
1017 1133 1196 1188 etiam
1210 1133 1600 1206 blasphemiae
1613 1139 1871 1206 occasio,
1888 1143 1991 1196 sed
2011 1139 2087 1195 ad
2124 1139 2281 1198 solos

2394 1135 2800 1210 ληθησομίνους.

620 1232 722 1273 eos
763 1218 866 1290 qui
911 1234 1017 1291 per
1058 1237 1131 1277 ea
1177 1222 1427 1292 juvandi
1471 1231 1654 1292 erant,
1707 1233 1763 1284 et
1815 1245 1969 1301 quos
2011 1229 2281 1288 futurum

619 1311 763 1372 erat,
791 1312 855 1364 ut
884 1309 1218 1380 pceniteret.

691 1398 778 1467 «H-
803 1395 980 1468 lgitur
1003 1399 1132 1455 hac
1171 1405 1296 1458 erat
1350 1402 1532 1461 vidua
1580 1404 1923 1479 alienigena,
1958 1412 2022 1464 ut
2048 1413 2109 1464 tu
2135 1409 2282 1466 dixi-

622 1483 901 1542 sti?Imo
956 1503 1092 1545 vero
1145 1505 1211 1545 ex
1259 1491 1417 1547 tribu
1474 1493 1608 1548 Levi
1655 1501 1780 1551 erat
1837 1503 1892 1552 et
1933 1503 2124 1554 mater
2148 1513 2281 1571 pro-

621 1575 809 1646 pheta:
859 1577 1042 1645 Jonae,
1073 1594 1259 1650 quam
1306 1586 1444 1652 post
1498 1588 1732 1656 tempus
1779 1587 2109 1658 prophetiae
2157 1604 2280 1645 sum

623 1663 855 1736 accepit
895 1670 951 1722 et
1007 1668 1394 1726 translocavit
1437 1671 1498 1727 in
1557 1677 1714 1730 terra
1770 1674 1986 1741 aliena,
2050 1677 2279 1750 pudore

623 1752 1001 1826 popularium
1029 1772 1292 1823 suorum,
1322 1760 1488 1830 quod
1510 1762 1824 1833 prophetia
1849 1765 1979 1836 ejus
1999 1771 2278 1822 eventum

624 1858 748 1900 non
783 1843 1094 1910 habuerat,
1145 1863 1328 1921 quam
1363 1849 1436 1906 de
1486 1853 1630 1909 urbe
1677 1854 1897 1911 Nineve
1930 1856 2281 1928 praadixerat
2310 1864 2350 1918 Β

626 1937 692 1990 ut
719 1934 924 1992 tertius
951 1937 1184 2009 Regum
1211 1937 1361 1996 liber
1379 1947 1602 1998 narrat.

2466 1350 2694 1424 [Οὐκοῦν
2725 1353 2837 1424 (13)
2884 1355 3016 1413 αὕτη
3045 1358 3074 1414 ἡ
3110 1362 3265 1430 χήρα
3293 1356 3599 1430 ἀλλόφυλος,
3632 1361 3700 1421 ὡς
3747 1361 3814 1410 σὺ
3857 1361 3982 1428 εἰρη-

2390 1461 2482 1502 κας
2514 1459 2527 1507 ;
2557 1441 2714 1496 Ἀλλὰ
2742 1443 2932 1515 μᾶλλον
2953 1443 3008 1496 ἐκ
3034 1455 3123 1505 τῆς
3167 1453 3448 1508 Λευίτικῆς
3474 1447 3635 1520 φυλῆς
3669 1444 3748 1513 ἦν,
3781 1451 3868 1498 καὶ
3895 1452 3991 1517 μη-

2391 1550 2487 1601 τηρ
2521 1540 2611 1584 τοῦ
2640 1539 2909 1605 προφήτου
2960 1535 3125 1599 Ἰωνᾶ,
3191 1536 3248 1593 ἣν
3286 1535 3456 1588 λαϐὼν
3486 1540 3617 1608 μετά
3673 1541 3758 1588 τὸν
3788 1540 3991 1608 καιρὸν,

2391 1629 2479 1681 τῆς
2511 1621 2666 1674 αὑτοῦ
2725 1629 3059 1695 προφητείας,
3111 1630 3400 1695 κατῴκισεν
3463 1627 3577 1696 (14)
3623 1625 3670 1676 ἐν
3724 1632 3789 1696 γῇ
3849 1623 3995 1675 ἀλλο-

2392 1710 2576 1782 φύλων,
2651 1711 3024 1783 αἰσχύνόμενος
3077 1717 3196 1775 τοὺς
3251 1714 3408 1766 αύοοῡ
3460 1715 3763 1786 ὁμοφύλους,
3819 1712 3867 1763 ἐν
3916 1719 3993 1781 τῷ

2392 1795 2782 1869 διαψευσθῆναι
2838 1805 2932 1852 τὶν
2997 1801 3156 1853 αὐτοῦ
3222 1808 3548 1876 προφητείαν,
3601 1802 3660 1859 ἣν
3707 1806 3993 1875 προείρηκε

2390 1892 2508 1959 περὶ
2563 1896 2658 1949 τῆς
2705 1895 2904 1953 Νινευὶ,
2955 1893 3020 1952 ως
3075 1892 3103 1949 ἡ
3163 1895 3306 1963 τρίτη
3389 1899 3488 1943 τῶν
3548 1889 3824 1943 Βασιλειῶν
3881 1885 3992 1941 διέ-

2392 1974 2548 2036 ξεισι.
2580 1975 2601 2049 ]

2465 2069 2565 2118 Καὶ
2595 2066 2861 2119 πολλοὶ-
2902 2073 3078 2142 Σύρος.
3107 2073 3176 2122 Τὸ
3209 2069 3334 2120 αύτὸ
3365 2073 3453 2120 καὶ
3499 2065 3592 2120 διὰ
3621 2075 3710 2119 τοῦ
3737 2071 3996 2140 παρόντος

2395 2150 2595 2224 ἐνέφηνε
2616 2153 3057 2228 παραδείγματος.

2471 2250 2569 2296 Καὶ
2642 2244 2980 2304 ἐπλήσθησαν
3064 2279 3132 2287 -
3209 2247 3384 2300 αύτον.
3450 2244 3694 2308 Ἐδειξαν
3772 2245 3998 2298 ἐντεῦθεν

2399 2329 2641 2394 ἀναξίους
2707 2340 2933 2406 σημείων
3018 2335 3254 2403 ἑαυτοὺς,
3329 2340 3419 2387 καὶ
3474 2339 3561 2387 τὸν
3632 2339 3748 2406 περὶ
3810 2336 3995 2385 τούτου

700 2109 870 2168 Vers.
909 2113 1002 2170 27.
1036 2114 1116 2170 Et
1148 2117 1323 2174 multi
1347 2148 1415 2160 -—
1438 2135 1631 2190 syrus.
1666 2121 1829 2179 Idem
1861 2139 2104 2197 quoque
2134 2140 2284 2198 prae-

629 2201 782 2258 senti
820 2202 1526 2281 manifestavitexemplo.

698 2293 861 2348 Vers.
894 2293 982 2348 28.
1016 2295 1091 2349 Et
1123 2297 1338 2364 repleti
1373 2305 1507 2354 sunt
1541 2328 1610 2340 —
1640 2300 1800 2357 Vers.
1831 2304 1920 2361 29.
1956 2319 2109 2360 eum.
2143 2304 2287 2361 Hinc

629 2379 1012 2437 ostenderunt
1071 2398 1132 2438 se
1175 2383 1338 2455 ipsos
1386 2402 1517 2442 esse
1576 2388 1760 2458 signis
1825 2391 2107 2460 indignos
2173 2409 2183 2446 :
2233 2397 2290 2449 et

632 2468 946 2526 Salvatoris
999 2487 1357 2542 sermonem,
1399 2475 1494 2547 qui
1524 2476 1598 2531 de
1641 2478 1754 2534 hoc
1810 2479 2003 2536 {actus
2053 2482 2289 2539 eratab

631 2573 723 2624 eo,
749 2558 914 2632 quod
953 2559 1146 2616 facere
1177 2563 1572 2633 conabantur,
1599 2567 2008 2624 coﬁrmarunt.

703 2649 861 2703 Vers.
901 2651 989 2712 30,
1023 2650 1151 2720 Ipse
1177 2675 1231 2684 —
1261 2651 1402 2708 ibat.
1423 2654 1698 2710 Servatus
1723 2656 1795 2711 ab
1826 2657 1992 2714 unita
2011 2658 2118 2714 sibi
2147 2659 2292 2716 divi-

631 2736 836 2794 nitate.

704 2826 871 2882 Vers.
899 2827 986 2882 3t.
1013 2829 1092 2885 Et
1145 2829 1446 2886 descendit
1473 2861 1545 2874 —
1591 2831 1754 2888 Vers.
1803 2834 1891 2892 32.
1935 2837 2120 2893 illius.
2148 2838 2295 2896 Scri-

633 2914 750 2987 psit
773 2919 830 2984 et
853 2915 968 2972 hoc
1012 2917 1319 2975 Mattheus
1345 2919 1407 2975 in
1437 2920 1555 2977 ﬁne
1588 2923 1780 2996 quinti
1805 2926 2017 2998 capitis
2049 2943 2061 2981 :
2094 2943 2296 3000 quaere

635 3016 779 3072 ergo
802 3006 1268 3064 enarrationem.
2924 3089 2934 3100 ,
3043 3093 3060 3100 ,
3115 3088 3135 3100 ,
3456 3092 3473 3100 -
3613 3080 3633 3100 .
3784 3087 3794 3096 ι

701 3093 848 3150 CAP.
890 3094 1030 3151 Vlll.
1065 3096 1147 3152 De
1201 3097 1448 3157 habente
1494 3101 1768 3170 spiritum
1841 3103 2291 3164 daemoniacum.

2519 3089 2662 3140 ΚΕΦ.
2695 3083 2772 3141 θ’.
2818 3089 2941 3158 Περὶ
2972 3093 3062 3136 τοῦ
3111 3088 3323 3157 ἔχοντος
3352 3092 3553 3157 πνεῦμα
3601 3080 3884 3183 δαιμονὶου.

706 3183 870 3240 Vers.
898 3184 992 3242 33.
1025 3185 1106 3241 Et
1147 3185 1211 3242 in
1255 3218 1322 3228 —
1354 3189 1512 3245 Vers.
1545 3189 1635 3246 34.
1677 3192 1796 3249 Dei.
1827 3192 1960 3249 Hinc
1991 3200 2047 3252 et
2076 3198 2291 3253 Marcus

2487 3179 2586 3226 Καὶ
2616 3173 2664 3225 ἐν
2696 3205 2762 3213 -
2793 3181 2947 3227 Θεοῦ.
2979 3180 3156 3226 Ταῦτα
3185 3179 3273 3225 καὶ
3305 3177 3512 3248 Μάρκος
3544 3176 3814 3244 ἱστόρησεν
3854 3173 3899 3222 ἐν
3929 3179 4003 3222 τῶ

2508 3270 2514 3277 ν
2774 3263 2792 3279 ι,
2851 3270 2859 3279 ι
3046 3269 3054 3279 ι
3127 3267 3137 3275 ν
3331 3260 3415 3279 ,ΑΨ
3569 3261 3580 3276 9
3671 3261 3682 3278 9
3755 3267 3764 3278 ι
3985 3263 3995 3276 ς

636 3269 834 3342 primo
849 3272 1085 3346 scripsit
1109 3275 1318 3348 capite,
1353 3283 1409 3335 et
1434 3279 1494 3335 in
1529 3294 1599 3336 eo
1629 3280 1703 3337 ad
1724 3281 1975 3339 verbum
1999 3283 2291 3344 declarata

640 3365 770 3403 sunt

2413 3270 2597 3337 πρώτῳ
2645 3263 2922 3335 κεφαλαίῳ,
2973 3269 3062 3316 καὶ
3118 3263 3522 3338 ἡρμηνεύθῆσαν
3561 3263 3608 3314 ἐν
3663 3263 3835 3333 ἐκείνῳ
3873 3263 4007 3312 κατὰ

2412 3351 2583 3403 λόγον.

640 3365 794 3418 sunt.
2415 3365 2583 3423 λογον.

2398 2420 2547 2491 λόγον
2596 2431 2685 2474 τοῦ
2748 2431 2984 2497 Σωτῆρος
3029 2424 3362 2488 ἐϐεϐαίωσαν,
3439 2423 3524 2498 ἀφ’
3594 2425 3661 2475 ὧν
3723 2423 4000 2497 ἐπεχείρη-

2402 2529 2517 2562 σαν.

2474 2600 2656 2664 Ἀὐτός
2687 2632 2752 2642 -
2779 2601 3066 2676 ίπορεύετο.
3099 2606 3478 2677 Φρουρούμενος
3509 2611 3570 2675 τῇ
3600 2605 3834 2675 ἡνωμένη
3858 2601 3992 2671 αὐτῷ

2405 2690 2630 2747 θεότητι.

2477 2785 2577 2833 Καὶ
2602 2780 2848 2838 κατῆλθεν
2878 2813 2946 2822 -
2967 2781 3147 2834 αὐτοῦ.
3172 2781 3404 2855 Ἔγραψε
3432 2789 3584 2834 τοῦτο
3623 2786 3714 2833 καὶ
3742 2782 3994 2839 Mareade;

2405 2866 2453 2919 ἐν
2485 2877 2556 2939 τῷ
2578 2869 2706 2922 τελει
2737 2878 2829 2922 τοῦ
2859 2875 3092 2942 πέμπτου
3131 2870 3432 2943 κεφαλαίου,
3483 2876 3572 2923 καὶ
3618 2872 3846 2932 ζήτησον
3896 2868 3999 2921 ἐκεῖ

2407 2963 2500 3018 τὴν
2541 2959 2810 3031 ἐξήγησιν.

709 3450 874 3508 Vers.
929 3451 1018 3510 35.
1058 3455 1138 3512 Et
1165 3455 1492 3528 increpavit
1514 3489 1582 3499 —
1609 3459 1720 3516 illi.
1753 3461 2028 3521 Similiter
2055 3468 2111 3520 et
2139 3464 2291 3523 hac.

2487 3441 2588 3497 Kal
2622 3440 2928 3514 ἐπετίμησεν
2956 3473 3019 3482 -
3048 3443 3223 3494 αὐτόν.
3258 3441 3481 3508 Ὁμοίως
3506 3447 3596 3493 καὶ
3617 3448 3797 3494 ταῦτα.

685 3618 873 3687 Ὕοτε.
906 3634 988 3688 36.
1038 3633 1106 3688 Et
1142 3635 1334 3703 factus
1387 3643 1467 3692 est
1520 3666 1589 3677 —
1637 3638 1910 3695 exeunt?
1947 3641 2223 3701 Similiter
2245 3648 2291 3700 et

685 3733 788 3761 mn-

2486 3620 2588 3674 Καὶ
2638 3618 2830 3692 ίγένετο
2896 3649 2962 3660 -
3022 3618 3324 3693 ἐξέρχονται
3388 3637 3401 3685 ;
3465 3617 3855 3692 Παραπλησίως
3915 3619 3999 3668 καὶ

2413 3728 2597 3761 ταυτα.

2413 3728 2597 3764 ταυτα.

640 3718 876 3862 ὴωκῗοεε.
932 3810 1019 3863 37.
1056 3809 1495 3904 Egrediebatur
1538 3843 1609 3854 —
1641 3815 1914 3886 regionis.
1964 3819 2196 3880 Dictum
2214 3829 2291 3881 es1

2413 3728 2597 3764 ταυτα.

2485 3797 2589 3853 Καὶ
2660 3797 2977 3871 ἐξεπορεύετο
3061 3828 3127 3840 —-
3202 3803 3522 3872 περιχώρου.
3595 3799 3814 3868 Εἴρηται
3893 3813 4006 3866 περι

644 3893 717 3950 de
741 3893 855 3952 hoc
876 3901 1090 3968 quarto
1117 3897 1292 3970 juxta
1318 3899 1648 3958 Matthaaum
1674 3905 1891 3978 capite.

2410 3890 2596 3941 τούτου
2655 3888 2704 3941 ἕν
2765 3896 2838 3960 τῷ
2893 3889 3116 3960 τετάρτω
3169 3888 3426 3961 κεφαλαίῳ
3495 3894 3586 3939 τοῦ
3658 3889 3797 3938 κατὰ
3869 3888 4007 3941 Ματ-

2413 3979 2576 4030 θαῖον.

1084 4075 1241 4133 CAP.
1271 4079 1357 4134 IX.
1390 4077 1476 4137 De
1510 4095 1677 4138 socru
1714 4083 1898 4142 Petri.

2665 4118 2810 4167 ΚΕΦ.
2845 4111 2914 4168 Θ’.
2952 4117 3077 4186 Περὶ
3107 4119 3203 4174 τῆς
3249 4113 3494 4184 πενθερᾶς
3539 4115 3759 4184 Πέτρου.

716 4161 880 4220 Vers.
910 4165 996 4220 38.
1030 4165 1293 4239 Cumque
1317 4170 1669 4228 surrexisset
1718 4203 1784 4215 —
1845 4175 2005 4234 Vers.
2037 4182 2126 4236 36.
2157 4182 2297 4240 illis-

2485 4203 2736 4263 Ἀναστὰς
2793 4199 2852 4255 δε
2928 4232 2996 4242 -
3079 4202 3277 4262 αὐτοῖς.
3347 4201 3659 4272 Ἠρώτησαν
3723 4205 3834 4272 μεν,
3894 4198 4014 4251 ἀντὶ

645 4258 956 4327 Πρώτησαν,
985 4269 1102 4312 non
1129 4261 1215 4314 est
1255 4257 1572 4328 significat,
1602 4263 2140 4337 lnterrogaverunt,
2173 4272 2291 4340 sed,

2410 4301 2519 4360 τοῦ,
2608 4291 2970 4366 Παρεκοίλεσαν
3047 4310 3060 4322 ·
3148 4291 3454 4362 Ἐκετίμησε
3539 4287 3617 4355 δε,
3699 4287 3810 4342 ἀντὶ
3894 4297 4012 4359 τοῦ,

645 4344 1039 4415 Rogaverunt,
1073 4347 1228 4405 sicut
1279 4350 1416 4407 alibi
1465 4349 1691 4409 dictum
1752 4361 1858 4414 est.
1910 4358 2186 4417 Similiter
2218 4362 2291 4415 ἐπ·

2413 4344 2683 4445 ingemat.

646 4438 876 4506 ετίμησε,
910 4449 1034 4491 non
1064 4442 1155 4492 est
1174 4438 1267 4496 hic
1329 4445 1565 4516 proprie
1603 4447 1948 4521 lncrepavit,
2005 4450 2109 4507 sed
2150 4450 2306 4509 Prai-

645 4524 808 4594 cepit,
839 4523 1005 4597 quod
1031 4527 1207 4584 etiam
1235 4529 1353 4588 alio
1377 4534 1510 4590 loco
1540 4534 1764 4594 dictum
1793 4543 1900 4596 est.
2339 4546 2384 4602 D
2485 4617 2549 4628 _.
2632 4611 2665 4628 ,,
2967 4621 2987 4628 ,
3174 4613 3197 4628 Α
3269 4617 3288 4626 -
3459 4619 3473 4626 -
3559 4614 3628 4628 ..ι
3957 4618 3976 4628 -

718 4613 860 4716 Quae
886 4628 1027 4672 vero
1056 4622 1198 4674 sunt
1225 4619 1299 4676 de
1313 4636 1490 4680 socru
1534 4625 1788 4684 Simonis
1809 4628 1961 4686 Petri
1994 4631 2291 4691 manifeste

2485 4617 2561 4669 Τὰ
2619 4611 2678 4667 δί
2731 4633 2848 4688 περι
2926 4621 3021 4674 τῆς
3075 4613 3320 4684 πενθερᾶς
3385 4619 3475 4662 τοῦ
3559 4614 3754 4683 Πέτρου
3835 4618 4016 4680 σαφῶς

646 4699 945 4793 declarata
976 4705 1244 4765 invenies
1273 4713 1486 4769 octavo
1526 4716 1720 4788 capite
1760 4719 2063 4793 Evangelii
2092 4736 2291 4780 secun-

2415 4707 2819 4778 ἡρμηνεύθησαν
2851 4704 2898 4755 ἐν
2928 4712 2999 4774 τῷ
3039 4697 3213 4773 ὁγδοῳ
3260 4699 3517 4772 κεφαλαίῳ
3546 4707 3638 4751 τοῦ
3684 4702 3817 4751 κατὰ
3866 4699 4016 4754 Ματ-

645 4789 792 4848 dum
823 4794 1176 4854 Matthmum.
1933 4789 1956 4793 ἡ

2418 4797 2580 4848 θαῖον.

897 4883 1051 4941 CAP.
1080 4888 1139 4943 X.
1172 4887 1260 4946 De
1287 4894 1507 4951 curatis
1533 4909 1572 4953 a
1609 4897 1786 4955 variis
1815 4901 2052 4960 morbis.

2633 4907 2776 4956 ΚΕΦ.
2809 4899 2862 4956 l'.
2892 4903 3016 4973 Περὶ
3046 4907 3145 4951 τῶν
3179 4897 3417 4950 ίαθέντων
3436 4895 3536 4948 ἀπὸ
3548 4896 3793 4950 ποικίλων

3123 5007 3308 5042 νοσων.

643 5060 808 5149 vers.
844 5059 934 5118 4ο.
986 5064 1128 5124 Cum
1183 5070 1268 5126 sol
1325 5079 1518 5130 autem
1563 5084 1713 5135 esset
1741 5079 1804 5134 in
1849 5095 2063 5138 occasu
2090 5113 2158 5125 —
2187 5099 2291 5143 eos.

2485 5084 2724 5140 Δύνοντος
2756 5075 2814 5132 δὲ
2840 5086 2932 5130 τοῦ
2959 5077 3106 5135 ἡλίου
3133 5107 3202 5117 ——
3245 5075 3454 5136 αὐτούς.
3501 5075 3717 5149 Εἶρηται
3747 5080 3863 5148 περὶ
3889 5079 4019 5127 τού-

643 5148 876 5243 Dictum
904 5159 993 5212 est
1016 5155 1091 5213 de
1122 5156 1214 5213 his
1240 5160 1300 5216 in
1332 5163 1624 5236 principio
1657 5167 1803 5223 noni
1857 5170 2066 5242 capitis
2120 5173 2291 5231 Evan-

2412 5191 2505 5226 του
2535 5175 2583 5226 ἓν
2606 5172 2719 5243 (15)
2757 5165 2900 5242 ἀρχῇ
2931 5175 3018 5220 τοῦ
3050 5166 3224 5219 ἐνάτου
3268 5164 3548 5236 κεφαλαίου
3579 5171 3669 5217 τοῦ
3701 5167 3835 5216 κατὰ
3869 5170 4016 5218 Ματ-

643 5237 780 5310 gelii
805 5244 1136 5305 secundum
1165 5250 1517 5309 Matthmum.
1933 5237 1946 5242 ⁷

2414 5265 2560 5318 θαῖον
2569 5304 2582 5318 .

716 5364 764 5401 ιε
783 5365 864 5426 1n
883 5371 1024 5442 Reg.
1052 5387 1200 5446 mi,
1234 5379 1285 5433 ο.

1863 5463 2087 5535 Varia
2117 5466 2446 5537 lectiones
2478 5477 2543 5537 et
2561 5475 2764 5536 nota.

713 5573 825 5677 $122
859 5583 1097 5677 ξείρεφθά
1123 5582 1186 5638 Β·
1965 5661 1981 5677 .
2053 5667 2063 5677 .
2140 5665 2152 5677 .
2214 5667 2253 5677 _

2421 5589 2856 5677 colllentenius.
2948 5663 2959 5676 '
3095 5676 3100 5677 γ
3178 5655 3428 5677 me“
3583 5657 3593 5677 ν
3675 5657 3688 5674 ν
3735 5666 3756 5677 _

711 5651 825 5749 £13)
878 5655 999 5749 Hoc
1027 5669 1276 5749 armanLu
1305 5660 2067 5749 ‘prorsus‘recentihabet
2122 5665 2178 5749 ᾼ-
2214 5667 2291 5721 Es

2493 5665 2604 5749 ς14)
2633 5666 2796 5749 Forte
2827 5655 3454 5749 xar'q'ixna’stntelli'ge,
3489 5657 3593 5712 usr’
3625 5657 3757 5717 αὐτῆ
3771 5679 3812 5721 ς.

711 5666 825 5725 (13)
878 5666 999 5709 hoc
1027 5669 1065 5711 a
1095 5669 1276 5713 manu
1327 5671 1572 5740 prorsus
1618 5666 1835 5717 recenti
1881 5666 2067 5743 habet
2122 5666 2168 5719 Α
2214 5667 2291 5721 Es

643 5720 808 5780 utam
848 5726 1136 5786 correctio
1157 5727 1363 5786 scholii
1377 5743 1652 5803 proxume
1677 5733 2116 5792 antecedentis.
2138 5734 2291 5792 Care

2521 5669 2583 5720 14
2633 5666 2796 5719 Forte
2827 5666 3152 5727 κατὼκησεν,
3177 5666 3406 5727 intelligi

2490 5666 2604 5806 £15;
2636 5734 2723 5791 Ἐν
2749 5740 2822 5804 τῷ
2849 5715 3008 5804 ἐνάτῳ
3033 5727 3312 5802 κεφαλαίῳ.
3347 5735 3406 5787 Β.
