  <div class='ocr_page' id='page_1' title='image "/cluster/home/n/w/nwhite01/storage/ocr_20150623/129/hvd.32044019208511/496.png"; bbox 0 0 4210 6438; ppageno 0'>
   <div class='ocr_carea' id='block_1_1' title="bbox 267 361 371 416">
    <p class='ocr_par' dir='ltr' id='par_1_1' title="bbox 267 361 371 416">
     <span class='ocr_line' id='line_1_1' title="bbox 267 361 371 416; baseline 0 -1"><span class='ocrx_word' id='word_1_1' title='bbox 267 361 371 416; x_wconf 84' lang='grc'>917</span> 
     </span>
    </p>
   </div>
   <div class='ocr_carea' id='block_1_2' title="bbox 1497 350 2704 418">
    <p class='ocr_par' dir='ltr' id='par_1_2' title="bbox 1497 350 2704 418">
     <span class='ocr_line' id='line_1_2' title="bbox 1497 350 2704 418; baseline -0.008 -1"><span class='ocrx_word' id='word_1_2' title='bbox 1497 353 1867 418; x_wconf 84' lang='lat' dir='ltr'><strong>COMMENT.</strong></span> <span class='ocrx_word' id='word_1_3' title='bbox 1913 351 1984 406; x_wconf 88' lang='lat' dir='ltr'><strong>IN</strong></span> <span class='ocrx_word' id='word_1_4' title='bbox 2022 350 2288 410; x_wconf 87' lang='lat' dir='ltr'><strong>LUCAM.</strong></span> <span class='ocrx_word' id='word_1_5' title='bbox 2330 381 2397 393; x_wconf 91' lang='lat'>—</span> <span class='ocrx_word' id='word_1_6' title='bbox 2439 351 2595 408; x_wconf 84' lang='lat' dir='ltr'><strong>CAP.</strong></span> <span class='ocrx_word' id='word_1_7' title='bbox 2639 350 2704 408; x_wconf 86' lang='lat' dir='ltr'><strong>V.</strong></span> 
     </span>
    </p>
   </div>
   <div class='ocr_carea' id='block_1_3' title="bbox 3528 349 3637 408">
    <p class='ocr_par' dir='ltr' id='par_1_3' title="bbox 3528 349 3637 408">
     <span class='ocr_line' id='line_1_3' title="bbox 3528 349 3637 408; baseline 0.018 -2"><span class='ocrx_word' id='word_1_8' title='bbox 3528 349 3637 408; x_wconf 81' lang='grc'><strong>918</strong></span> 
     </span>
    </p>
   </div>
   <div class='ocr_carea' id='block_1_4' title="bbox 340 477 1852 562">
    <p class='ocr_par' dir='ltr' id='par_1_4' title="bbox 340 483 1852 562">
     <span class='ocr_line' id='line_1_4' title="bbox 340 483 1852 562; baseline -0.005 -22"><span class='ocrx_word' id='word_1_9' title='bbox 340 487 620 562; x_wconf 81' lang='grc' dir='ltr'><strong>Ἐξήρχετο</strong></span> <span class='ocrx_word' id='word_1_10' title='bbox 649 517 717 527; x_wconf 92' lang='lat'><strong>—</strong></span> <span class='ocrx_word' id='word_1_11' title='bbox 754 484 903 542; x_wconf 83' lang='grc' dir='ltr'><strong>εἶναι.</strong></span> <span class='ocrx_word' id='word_1_12' title='bbox 953 519 1021 529; x_wconf 91' lang='grc'><strong>-</strong></span> <span class='ocrx_word' id='word_1_13' title='bbox 1073 487 1373 559; x_wconf 84' lang='grc' dir='ltr'><strong>Ἐπιτιμῶν,</strong></span> <span class='ocrx_word' id='word_1_14' title='bbox 1417 485 1527 538; x_wconf 79' lang='grc' dir='ltr'><strong>ἀντὶ</strong></span> <span class='ocrx_word' id='word_1_15' title='bbox 1556 490 1671 552; x_wconf 80' lang='grc' dir='ltr'><strong>τοῦ,</strong></span> <span class='ocrx_word' id='word_1_16' title='bbox 1720 483 1852 533; x_wconf 85' lang='grc' dir='ltr'><strong>Ἐπι-</strong></span> 
     </span>
    </p>
   </div>
   <div class='ocr_carea' id='block_1_5' title="bbox 1987 477 3636 562">
    <p class='ocr_par' dir='ltr' id='par_1_5' title="bbox 2051 477 3636 546">
     <span class='ocr_line' id='line_1_5' title="bbox 2051 477 3636 546; baseline -0.001 -14"><span class='ocrx_word' id='word_1_17' title='bbox 2051 477 2218 533; x_wconf 88' lang='lat' dir='ltr'><strong>Vers.</strong></span> <span class='ocrx_word' id='word_1_18' title='bbox 2270 480 2358 534; x_wconf 82' lang='grc'><strong>41.</strong></span> <span class='ocrx_word' id='word_1_19' title='bbox 2416 478 2678 535; x_wconf 72' lang='grc' dir='ltr'><strong>Εεθίὸαηι</strong></span> <span class='ocrx_word' id='word_1_20' title='bbox 2721 490 2974 546; x_wconf 79' lang='grc' dir='ltr'><strong>-,εεεε.</strong></span> <span class='ocrx_word' id='word_1_21' title='bbox 3027 479 3310 546; x_wconf 83' lang='grc' dir='ltr'><strong>Επιτιμῶν,</strong></span> <span class='ocrx_word' id='word_1_22' title='bbox 3374 490 3496 533; x_wconf 88' lang='lat' dir='ltr'><strong>non</strong></span> <span class='ocrx_word' id='word_1_23' title='bbox 3547 480 3636 533; x_wconf 88' lang='lat' dir='ltr'><strong>est</strong></span> 
     </span>
    </p>
   </div>
   <div class='ocr_carea' id='block_1_6' title="bbox 271 574 1864 652">
    <p class='ocr_par' dir='ltr' id='par_1_6' title="bbox 271 574 1864 652">
     <span class='ocr_line' id='line_1_6' title="bbox 271 574 1864 652; baseline -0.003 -24"><span class='ocrx_word' id='word_1_24' title='bbox 271 578 553 648; x_wconf 79' lang='grc' dir='ltr'><strong>στομίζων.</strong></span> <span class='ocrx_word' id='word_1_25' title='bbox 603 577 892 648; x_wconf 73' lang='grc' dir='ltr'><strong>Ἀνάγνωθι</strong></span> <span class='ocrx_word' id='word_1_26' title='bbox 941 574 1000 630; x_wconf 68' lang='grc' dir='ltr'><strong>δί</strong></span> <span class='ocrx_word' id='word_1_27' title='bbox 1055 579 1104 629; x_wconf 79' lang='grc' dir='ltr'>ἑν</span> <span class='ocrx_word' id='word_1_28' title='bbox 1157 585 1228 647; x_wconf 86' lang='grc' dir='ltr'><strong>τῷ</strong></span> <span class='ocrx_word' id='word_1_29' title='bbox 1272 581 1432 652; x_wconf 80' lang='grc' dir='ltr'><strong>τρίτῳ</strong></span> <span class='ocrx_word' id='word_1_30' title='bbox 1480 574 1738 647; x_wconf 78' lang='grc' dir='ltr'><strong>κεφαλαίῳ</strong></span> <span class='ocrx_word' id='word_1_31' title='bbox 1770 578 1864 624; x_wconf 83' lang='grc' dir='ltr'><strong>τοῦ</strong></span> 
     </span>
    </p>
   </div>
   <div class='ocr_carea' id='block_1_7' title="bbox 267 665 1865 741">
    <p class='ocr_par' dir='ltr' id='par_1_7' title="bbox 267 665 1865 741">
     <span class='ocr_line' id='line_1_7' title="bbox 267 665 1865 741; baseline -0.003 -25"><span class='ocrx_word' id='word_1_32' title='bbox 267 670 401 717; x_wconf 81' lang='grc' dir='ltr'><strong>κατὰ</strong></span> <span class='ocrx_word' id='word_1_33' title='bbox 457 669 668 741; x_wconf 84' lang='grc' dir='ltr'><strong>Μάρκον</strong></span> <span class='ocrx_word' id='word_1_34' title='bbox 715 672 810 725; x_wconf 82' lang='grc' dir='ltr'><strong>τὴν</strong></span> <span class='ocrx_word' id='word_1_35' title='bbox 861 665 1110 738; x_wconf 75' lang='grc' dir='ltr'><strong>ίξὴγησιν</strong></span> <span class='ocrx_word' id='word_1_36' title='bbox 1160 673 1270 718; x_wconf 82' lang='grc' dir='ltr'><strong>τοῦ·</strong></span> <span class='ocrx_word' id='word_1_37' title='bbox 1326 671 1426 720; x_wconf 79' lang='grc' dir='ltr'><strong>Καὶ</strong></span> <span class='ocrx_word' id='word_1_38' title='bbox 1453 666 1566 737; x_wconf 87' lang='grc'>(16)</span> <span class='ocrx_word' id='word_1_39' title='bbox 1616 666 1865 733; x_wconf 77' lang='grc' dir='ltr'><strong>ἐπιτιμῶν</strong></span> 
     </span>
    </p>
   </div>
   <div class='ocr_carea' id='block_1_8' title="bbox 269 752 1098 828">
    <p class='ocr_par' dir='ltr' id='par_1_8' title="bbox 269 752 1098 828">
     <span class='ocr_line' id='line_1_8' title="bbox 269 752 1098 828; baseline 0.005 -22"><span class='ocrx_word' id='word_1_40' title='bbox 269 755 362 806; x_wconf 84' lang='grc' dir='ltr'><strong>ούκ</strong></span> <span class='ocrx_word' id='word_1_41' title='bbox 383 758 501 826; x_wconf 73' lang='grc' dir='ltr'><strong>ἤφιε</strong></span> <span class='ocrx_word' id='word_1_42' title='bbox 530 755 696 808; x_wconf 79' lang='grc' dir='ltr'>λαλεῖν</span> <span class='ocrx_word' id='word_1_43' title='bbox 735 759 802 808; x_wconf 81' lang='grc' dir='ltr'><strong>τὰ</strong></span> <span class='ocrx_word' id='word_1_44' title='bbox 832 752 1098 828; x_wconf 84' lang='grc' dir='ltr'><strong>δαιμόνια.</strong></span> 
     </span>
    </p>
   </div>
   <div class='ocr_carea' id='block_1_9' title="bbox 340 924 1865 1006">
    <p class='ocr_par' dir='ltr' id='par_1_9' title="bbox 340 924 1865 1006">
     <span class='ocr_line' id='line_1_9' title="bbox 340 924 1865 1006; baseline -0.003 -24"><span class='ocrx_word' id='word_1_45' title='bbox 340 935 613 1003; x_wconf 76' lang='grc' dir='ltr'><strong>Γενομένης</strong></span> <span class='ocrx_word' id='word_1_46' title='bbox 656 963 723 973; x_wconf 87' lang='lat'><strong>-—</strong></span> <span class='ocrx_word' id='word_1_47' title='bbox 779 936 955 987; x_wconf 87' lang='grc' dir='ltr'><strong>τόπον.</strong></span> <span class='ocrx_word' id='word_1_48' title='bbox 1013 934 1237 1006; x_wconf 78' lang='grc' dir='ltr'><strong>Εἴρηται</strong></span> <span class='ocrx_word' id='word_1_49' title='bbox 1299 935 1390 984; x_wconf 79' lang='grc' dir='ltr'><strong>καὶ</strong></span> <span class='ocrx_word' id='word_1_50' title='bbox 1432 933 1551 1002; x_wconf 82' lang='grc' dir='ltr'><strong>περὶ</strong></span> <span class='ocrx_word' id='word_1_51' title='bbox 1590 929 1776 980; x_wconf 90' lang='grc' dir='ltr'><strong>τούτου</strong></span> <span class='ocrx_word' id='word_1_52' title='bbox 1817 924 1865 978; x_wconf 72' lang='grc' dir='ltr'><strong>ἄν</strong></span> 
     </span>
    </p>
   </div>
   <div class='ocr_carea' id='block_1_10' title="bbox 269 1039 425 1091">
    <p class='ocr_par' dir='ltr' id='par_1_10' title="bbox 269 1039 425 1091">
     <span class='ocr_line' id='line_1_10' title="bbox 269 1039 425 1091; baseline -0.013 -19"><span class='ocrx_word' id='word_1_53' title='bbox 269 1039 425 1091; x_wconf 82' lang='grc' dir='ltr'><strong>ουτῳ.</strong></span> 
     </span>
    </p>
   </div>
   <div class='ocr_carea' id='block_1_11' title="bbox 351 1107 1866 1183">
    <p class='ocr_par' dir='ltr' id='par_1_11' title="bbox 351 1107 1866 1183">
     <span class='ocr_line' id='line_1_11' title="bbox 351 1107 1866 1183; baseline -0.005 -22"><span class='ocrx_word' id='word_1_54' title='bbox 351 1115 449 1163; x_wconf 80' lang='grc' dir='ltr'><strong>Καὶ</strong></span> <span class='ocrx_word' id='word_1_55' title='bbox 471 1112 519 1164; x_wconf 78' lang='grc' dir='ltr'><strong>οἱ</strong></span> <span class='ocrx_word' id='word_1_56' title='bbox 557 1111 712 1183; x_wconf 82' lang='grc' dir='ltr'>ὄχλοι</span> <span class='ocrx_word' id='word_1_57' title='bbox 752 1109 1008 1166; x_wconf 79' lang='grc' dir='ltr'><strong>-αύτῶν,</strong></span> <span class='ocrx_word' id='word_1_58' title='bbox 1049 1111 1130 1165; x_wconf 84' lang='grc' dir='ltr'><strong>Ἐν</strong></span> <span class='ocrx_word' id='word_1_59' title='bbox 1171 1109 1342 1181; x_wconf 76' lang='grc' dir='ltr'><strong>ἕκείνῳ</strong></span> <span class='ocrx_word' id='word_1_60' title='bbox 1380 1110 1468 1160; x_wconf 79' lang='grc' dir='ltr'><strong>καὶ</strong></span> <span class='ocrx_word' id='word_1_61' title='bbox 1510 1110 1629 1180; x_wconf 82' lang='grc' dir='ltr'><strong>περὶ⁵</strong></span> <span class='ocrx_word' id='word_1_62' title='bbox 1674 1107 1866 1157; x_wconf 75' lang='grc' dir='ltr'><strong>τούτων</strong></span> 
     </span>
    </p>
   </div>
   <div class='ocr_carea' id='block_1_12' title="bbox 270 1205 482 1281">
    <p class='ocr_par' dir='ltr' id='par_1_12' title="bbox 270 1205 482 1281">
     <span class='ocr_line' id='line_1_12' title="bbox 270 1205 482 1281; baseline 0 -22"><span class='ocrx_word' id='word_1_63' title='bbox 270 1205 482 1281; x_wconf 75' lang='grc' dir='ltr'><strong>ἑρῥήθη.</strong></span> 
     </span>
    </p>
   </div>
   <div class='ocr_carea' id='block_1_13' title="bbox 334 1290 987 1353">
    <p class='ocr_par' dir='ltr' id='par_1_13' title="bbox 334 1290 987 1353">
     <span class='ocr_line' id='line_1_13' title="bbox 334 1290 987 1353; baseline -0.006 -5"><span class='ocrx_word' id='word_1_64' title='bbox 334 1294 392 1348; x_wconf 82' lang='grc' dir='ltr'><strong>Ὀ</strong></span> <span class='ocrx_word' id='word_1_65' title='bbox 446 1290 505 1346; x_wconf 65' lang='grc' dir='ltr'><strong>δι</strong></span> <span class='ocrx_word' id='word_1_66' title='bbox 565 1323 633 1333; x_wconf 90' lang='lat'><strong>—-</strong></span> <span class='ocrx_word' id='word_1_67' title='bbox 692 1291 987 1353; x_wconf 81' lang='grc' dir='ltr'><strong>Γαλιλαίας.</strong></span> 
     </span>
    </p>
   </div>
   <div class='ocr_carea' id='block_1_14' title="bbox 333 1385 558 1435">
    <p class='ocr_par' dir='ltr' id='par_1_14' title="bbox 333 1385 558 1435">
     <span class='ocr_line' id='line_1_14' title="bbox 333 1385 558 1435; baseline -0.004 0"><span class='ocrx_word' id='word_1_68' title='bbox 333 1385 537 1435; x_wconf 87' lang='grc' dir='ltr'><strong>πάντων</strong></span> <span class='ocrx_word' id='word_1_69' title='bbox 547 1422 558 1434; x_wconf 93' lang='grc'><strong>.</strong></span> 
     </span>
    </p>
   </div>
   <div class='ocr_carea' id='block_1_15' title="bbox 332 1458 1868 1542">
    <p class='ocr_par' dir='ltr' id='par_1_15' title="bbox 332 1458 1868 1542">
     <span class='ocr_line' id='line_1_15' title="bbox 332 1458 1868 1542; baseline -0.008 -18"><span class='ocrx_word' id='word_1_70' title='bbox 332 1471 562 1542; x_wconf 74' lang='grc' dir='ltr'><strong>Ἐγένετο</strong></span> <span class='ocrx_word' id='word_1_71' title='bbox 587 1502 648 1510; x_wconf 88' lang='lat'><strong>—-</strong></span> <span class='ocrx_word' id='word_1_72' title='bbox 680 1469 884 1541; x_wconf 78' lang='grc' dir='ltr'><strong>λίμνην.</strong></span> <span class='ocrx_word' id='word_1_73' title='bbox 916 1471 986 1522; x_wconf 85' lang='grc' dir='ltr'><strong>Τὸ</strong></span> <span class='ocrx_word' id='word_1_74' title='bbox 1012 1469 1102 1540; x_wconf 75' lang='grc' dir='ltr'><strong>μὲν</strong></span> <span class='ocrx_word' id='word_1_75' title='bbox 1129 1471 1346 1538; x_wconf 84' lang='grc' dir='ltr'><strong>Σίμωνος</strong></span> <span class='ocrx_word' id='word_1_76' title='bbox 1393 1468 1483 1517; x_wconf 84' lang='grc' dir='ltr'>καὶ</span> <span class='ocrx_word' id='word_1_77' title='bbox 1513 1458 1782 1536; x_wconf 80' lang='grc' dir='ltr'><strong>’Δνδρέου,</strong></span> <span class='ocrx_word' id='word_1_78' title='bbox 1810 1463 1868 1513; x_wconf 90' lang='grc' dir='ltr'><strong>τὸ</strong></span> 
     </span>
    </p>
   </div>
   <div class='ocr_carea' id='block_1_16' title="bbox 262 1549 1872 1628">
    <p class='ocr_par' dir='ltr' id='par_1_16' title="bbox 262 1549 1872 1628">
     <span class='ocr_line' id='line_1_16' title="bbox 262 1549 1872 1628; baseline -0.007 -16"><span class='ocrx_word' id='word_1_79' title='bbox 262 1557 320 1613; x_wconf 70' lang='grc' dir='ltr'><strong>δε</strong></span> <span class='ocrx_word' id='word_1_80' title='bbox 369 1559 618 1614; x_wconf 79' lang='grc' dir='ltr'><strong>Ἰακώϐου</strong></span> <span class='ocrx_word' id='word_1_81' title='bbox 672 1565 761 1612; x_wconf 85' lang='grc' dir='ltr'><strong>καὶ</strong></span> <span class='ocrx_word' id='word_1_82' title='bbox 801 1559 1059 1612; x_wconf 84' lang='grc' dir='ltr'><strong>Ἰωάννου.</strong></span> <span class='ocrx_word' id='word_1_83' title='bbox 1117 1559 1362 1609; x_wconf 84' lang='grc' dir='ltr'><strong>Κοινωνοὶ</strong></span> <span class='ocrx_word' id='word_1_84' title='bbox 1417 1557 1518 1628; x_wconf 73' lang='grc' dir='ltr'><strong>’γὰρ</strong></span> <span class='ocrx_word' id='word_1_85' title='bbox 1578 1549 1714 1612; x_wconf 80' lang='grc' dir='ltr'><strong>ἦσαν</strong></span> <span class='ocrx_word' id='word_1_86' title='bbox 1779 1559 1872 1611; x_wconf 86' lang='grc' dir='ltr'><strong>τῆς</strong></span> 
     </span>
    </p>
   </div>
   <div class='ocr_carea' id='block_1_17' title="bbox 266 1648 1214 1722">
    <p class='ocr_par' dir='ltr' id='par_1_17' title="bbox 266 1648 1214 1722">
     <span class='ocr_line' id='line_1_17' title="bbox 266 1648 1214 1722; baseline -0.004 -22"><span class='ocrx_word' id='word_1_87' title='bbox 266 1648 477 1715; x_wconf 82' lang='grc' dir='ltr'><strong>ἁλιείας,</strong></span> <span class='ocrx_word' id='word_1_88' title='bbox 508 1651 576 1709; x_wconf 86' lang='grc' dir='ltr'><strong>ὡς</strong></span> <span class='ocrx_word' id='word_1_89' title='bbox 606 1651 866 1721; x_wconf 84' lang='grc' dir='ltr'><strong>πρόῑὸντες</strong></span> <span class='ocrx_word' id='word_1_90' title='bbox 903 1648 1214 1722; x_wconf 80' lang='grc' dir='ltr'><strong>εὑρήσομεν,</strong></span> 
     </span>
    </p>
   </div>
   <div class='ocr_carea' id='block_1_18' title="bbox 1075 1286 1868 1362">
    <p class='ocr_par' dir='ltr' id='par_1_18' title="bbox 1075 1286 1868 1362">
     <span class='ocr_line' id='line_1_18' title="bbox 1075 1286 1868 1362; baseline -0.006 -23"><span class='ocrx_word' id='word_1_91' title='bbox 1075 1289 1290 1362; x_wconf 78' lang='grc' dir='ltr'><strong>Ὁμοίως</strong></span> <span class='ocrx_word' id='word_1_92' title='bbox 1345 1291 1434 1340; x_wconf 82' lang='grc' dir='ltr'><strong>καὶ</strong></span> <span class='ocrx_word' id='word_1_93' title='bbox 1490 1289 1607 1358; x_wconf 86' lang='grc' dir='ltr'><strong>περί</strong></span> <span class='ocrx_word' id='word_1_94' title='bbox 1673 1286 1868 1336; x_wconf 90' lang='grc' dir='ltr'><strong>τούτων</strong></span> 
     </span>
    </p>
   </div>
   <div class='ocr_carea' id='block_1_19' title="bbox 1975 563 3635 639">
    <p class='ocr_par' dir='ltr' id='par_1_19' title="bbox 1975 563 3635 639">
     <span class='ocr_line' id='line_1_19' title="bbox 1975 563 3635 639; baseline 0 -17"><span class='ocrx_word' id='word_1_95' title='bbox 1975 566 2072 622; x_wconf 91' lang='lat' dir='ltr'><strong>hic</strong></span> <span class='ocrx_word' id='word_1_96' title='bbox 2109 567 2348 639; x_wconf 85' lang='lat' dir='ltr'><strong>proprie</strong></span> <span class='ocrx_word' id='word_1_97' title='bbox 2375 568 2715 638; x_wconf 89' lang='lat' dir='ltr'><strong>lncrepans,</strong></span> <span class='ocrx_word' id='word_1_98' title='bbox 2745 565 2872 634; x_wconf 89' lang='lat' dir='ltr'><strong>sed,</strong></span> <span class='ocrx_word' id='word_1_99' title='bbox 2906 563 3222 621; x_wconf 73' lang='lat' dir='ltr'><strong>Silentium</strong></span> <span class='ocrx_word' id='word_1_100' title='bbox 3272 563 3396 620; x_wconf 87' lang='lat' dir='ltr'><strong><em>illis</em></strong></span> <span class='ocrx_word' id='word_1_101' title='bbox 3450 564 3635 635; x_wconf 65' lang='lat' dir='ltr'><strong>impoo</strong></span> 
     </span>
    </p>
   </div>
   <div class='ocr_carea' id='block_1_20' title="bbox 1976 651 3637 726">
    <p class='ocr_par' dir='ltr' id='par_1_20' title="bbox 1976 651 3637 726">
     <span class='ocr_line' id='line_1_20' title="bbox 1976 651 3637 726; baseline 0.001 -15"><span class='ocrx_word' id='word_1_102' title='bbox 1976 671 2140 712; x_wconf 87' lang='lat' dir='ltr'><strong>nens.</strong></span> <span class='ocrx_word' id='word_1_103' title='bbox 2178 657 2332 726; x_wconf 89' lang='lat' dir='ltr'><strong>Lege</strong></span> <span class='ocrx_word' id='word_1_104' title='bbox 2382 661 2580 712; x_wconf 86' lang='lat' dir='ltr'><strong>autem</strong></span> <span class='ocrx_word' id='word_1_105' title='bbox 2625 654 2796 710; x_wconf 89' lang='lat' dir='ltr'><strong>tertio</strong></span> <span class='ocrx_word' id='word_1_106' title='bbox 2846 652 3040 725; x_wconf 91' lang='lat' dir='ltr'><strong>capite</strong></span> <span class='ocrx_word' id='word_1_107' title='bbox 3089 651 3392 723; x_wconf 79' lang='lat' dir='ltr'><strong>Evangelii</strong></span> <span class='ocrx_word' id='word_1_108' title='bbox 3429 668 3637 712; x_wconf 86' lang='lat' dir='ltr'><strong>secun-</strong></span> 
     </span>
    </p>
   </div>
   <div class='ocr_carea' id='block_1_21' title="bbox 1975 741 3636 815">
    <p class='ocr_par' dir='ltr' id='par_1_21' title="bbox 1975 741 3636 815">
     <span class='ocr_line' id='line_1_21' title="bbox 1975 741 3636 815; baseline 0 -15"><span class='ocrx_word' id='word_1_109' title='bbox 1975 745 2122 800; x_wconf 91' lang='lat' dir='ltr'><strong>dum</strong></span> <span class='ocrx_word' id='word_1_110' title='bbox 2157 748 2416 802; x_wconf 83' lang='lat' dir='ltr'><strong>Marcum</strong></span> <span class='ocrx_word' id='word_1_111' title='bbox 2465 744 2610 800; x_wconf 91' lang='lat' dir='ltr'><strong>dicti</strong></span> <span class='ocrx_word' id='word_1_112' title='bbox 2639 743 2798 799; x_wconf 90' lang='lat' dir='ltr'><strong>illius</strong></span> <span class='ocrx_word' id='word_1_113' title='bbox 2829 741 3259 815; x_wconf 81' lang='lat' dir='ltr'><strong>expositionem</strong></span> <span class='ocrx_word' id='word_1_114' title='bbox 3286 758 3300 798; x_wconf 90' lang='lat'><strong>:</strong></span> <span class='ocrx_word' id='word_1_115' title='bbox 3329 749 3382 800; x_wconf 86' lang='lat' dir='ltr'><strong>et</strong></span> <span class='ocrx_word' id='word_1_116' title='bbox 3410 758 3532 800; x_wconf 84' lang='lat' dir='ltr'><strong>non</strong></span> <span class='ocrx_word' id='word_1_117' title='bbox 3561 741 3636 801; x_wconf 84' lang='lat' dir='ltr'><strong>si-</strong></span> 
     </span>
    </p>
   </div>
   <div class='ocr_carea' id='block_1_22' title="bbox 1975 833 2775 906">
    <p class='ocr_par' dir='ltr' id='par_1_22' title="bbox 1975 833 2775 906">
     <span class='ocr_line' id='line_1_22' title="bbox 1975 833 2775 906; baseline -0.004 -16"><span class='ocrx_word' id='word_1_118' title='bbox 1975 835 2152 891; x_wconf 82' lang='lat' dir='ltr'><strong>nebat</strong></span> <span class='ocrx_word' id='word_1_119' title='bbox 2180 835 2332 906; x_wconf 84' lang='lat' dir='ltr'><strong>loqui</strong></span> <span class='ocrx_word' id='word_1_120' title='bbox 2364 833 2662 892; x_wconf 71' lang='lat' dir='ltr'><strong>dtemonia</strong></span> <span class='ocrx_word' id='word_1_121' title='bbox 2708 834 2775 887; x_wconf 79' lang='grc'><strong>³⁸.</strong></span> 
     </span>
    </p>
   </div>
   <div class='ocr_carea' id='block_1_23' title="bbox 2046 919 3636 982">
    <p class='ocr_par' dir='ltr' id='par_1_23' title="bbox 2046 919 3636 982">
     <span class='ocr_line' id='line_1_23' title="bbox 2046 919 3636 982; baseline 0.002 -5"><span class='ocrx_word' id='word_1_122' title='bbox 2046 923 2214 980; x_wconf 87' lang='lat' dir='ltr'><strong>Vers.</strong></span> <span class='ocrx_word' id='word_1_123' title='bbox 2246 927 2335 980; x_wconf 84' lang='grc'><strong>42.</strong></span> <span class='ocrx_word' id='word_1_124' title='bbox 2365 925 2552 981; x_wconf 87' lang='lat' dir='ltr'><strong>Facto</strong></span> <span class='ocrx_word' id='word_1_125' title='bbox 2575 954 2644 965; x_wconf 90' lang='lat'><strong>—</strong></span> <span class='ocrx_word' id='word_1_126' title='bbox 2677 924 2892 982; x_wconf 87' lang='lat' dir='ltr'><strong>locum.</strong></span> <span class='ocrx_word' id='word_1_127' title='bbox 2936 920 3167 977; x_wconf 80' lang='lat' dir='ltr'><strong>Dictum</strong></span> <span class='ocrx_word' id='word_1_128' title='bbox 3197 923 3289 980; x_wconf 89' lang='lat' dir='ltr'><strong>est</strong></span> <span class='ocrx_word' id='word_1_129' title='bbox 3316 919 3392 978; x_wconf 87' lang='lat' dir='ltr'><strong>de</strong></span> <span class='ocrx_word' id='word_1_130' title='bbox 3420 920 3636 980; x_wconf 85' lang='lat' dir='ltr'><strong>eodem</strong></span> 
     </span>
    </p>
   </div>
   <div class='ocr_carea' id='block_1_24' title="bbox 1975 1013 2128 1070">
    <p class='ocr_par' dir='ltr' id='par_1_24' title="bbox 1975 1013 2128 1070">
     <span class='ocr_line' id='line_1_24' title="bbox 1975 1013 2128 1070; baseline -0.007 0"><span class='ocrx_word' id='word_1_131' title='bbox 1975 1013 2128 1070; x_wconf 93' lang='lat' dir='ltr'><strong>loco.</strong></span> 
     </span>
    </p>
   </div>
   <div class='ocr_carea' id='block_1_25' title="bbox 2050 1098 3635 1174">
    <p class='ocr_par' dir='ltr' id='par_1_25' title="bbox 2050 1098 3635 1174">
     <span class='ocr_line' id='line_1_25' title="bbox 2050 1098 3635 1174; baseline -0.001 -14"><span class='ocrx_word' id='word_1_132' title='bbox 2050 1105 2211 1162; x_wconf 88' lang='lat' dir='ltr'><strong>Vers.</strong></span> <span class='ocrx_word' id='word_1_133' title='bbox 2245 1106 2334 1159; x_wconf 75' lang='grc'><strong>42.</strong></span> <span class='ocrx_word' id='word_1_134' title='bbox 2383 1103 2462 1160; x_wconf 82' lang='lat' dir='ltr'><strong>Et</strong></span> <span class='ocrx_word' id='word_1_135' title='bbox 2491 1103 2680 1160; x_wconf 65' lang='lat' dir='ltr'><strong>turbap</strong></span> <span class='ocrx_word' id='word_1_136' title='bbox 2700 1131 2769 1144; x_wconf 93' lang='lat'>—</span> <span class='ocrx_word' id='word_1_137' title='bbox 2794 1101 2896 1160; x_wconf 88' lang='lat' dir='ltr'><strong>eis.</strong></span> <span class='ocrx_word' id='word_1_138' title='bbox 2929 1098 3036 1157; x_wconf 88' lang='lat' dir='ltr'><strong>Illo</strong></span> <span class='ocrx_word' id='word_1_139' title='bbox 3061 1099 3255 1174; x_wconf 80' lang='lat' dir='ltr'><strong>capite</strong></span> <span class='ocrx_word' id='word_1_140' title='bbox 3293 1099 3369 1158; x_wconf 87' lang='lat' dir='ltr'><strong>de</strong></span> <span class='ocrx_word' id='word_1_141' title='bbox 3410 1100 3504 1158; x_wconf 89' lang='lat' dir='ltr'><strong>his</strong></span> <span class='ocrx_word' id='word_1_142' title='bbox 3547 1099 3635 1160; x_wconf 83' lang='lat' dir='ltr'><strong>di-</strong></span> 
     </span>
    </p>
   </div>
   <div class='ocr_carea' id='block_1_26' title="bbox 1977 1197 2278 1250">
    <p class='ocr_par' dir='ltr' id='par_1_26' title="bbox 1977 1197 2278 1250">
     <span class='ocr_line' id='line_1_26' title="bbox 1977 1197 2278 1250; baseline 0 0"><span class='ocrx_word' id='word_1_143' title='bbox 1977 1197 2140 1250; x_wconf 89' lang='lat' dir='ltr'><strong>ctum</strong></span> <span class='ocrx_word' id='word_1_144' title='bbox 2168 1197 2278 1250; x_wconf 90' lang='lat' dir='ltr'><strong>est.</strong></span> 
     </span>
    </p>
   </div>
   <div class='ocr_carea' id='block_1_27' title="bbox 2049 1279 3637 1354">
    <p class='ocr_par' dir='ltr' id='par_1_27' title="bbox 2049 1279 3637 1354">
     <span class='ocr_line' id='line_1_27' title="bbox 2049 1279 3637 1354; baseline 0.001 -17"><span class='ocrx_word' id='word_1_145' title='bbox 2049 1283 2217 1339; x_wconf 86' lang='lat' dir='ltr'><strong>Vers.</strong></span> <span class='ocrx_word' id='word_1_146' title='bbox 2260 1283 2347 1339; x_wconf 88' lang='grc'><strong>43.</strong></span> <span class='ocrx_word' id='word_1_147' title='bbox 2401 1282 2525 1354; x_wconf 85' lang='lat' dir='ltr'><strong>Ipse</strong></span> <span class='ocrx_word' id='word_1_148' title='bbox 2552 1287 2744 1340; x_wconf 85' lang='lat' dir='ltr'><strong>autem</strong></span> <span class='ocrx_word' id='word_1_149' title='bbox 2773 1311 2844 1324; x_wconf 93' lang='lat'><strong>-</strong></span> <span class='ocrx_word' id='word_1_150' title='bbox 2871 1282 3032 1338; x_wconf 83' lang='lat' dir='ltr'><strong>Vers.</strong></span> <span class='ocrx_word' id='word_1_151' title='bbox 3071 1283 3162 1337; x_wconf 88' lang='grc'><strong>44.</strong></span> <span class='ocrx_word' id='word_1_152' title='bbox 3219 1279 3498 1340; x_wconf 75' lang='lat' dir='ltr'><strong>Gatilcea.</strong></span> <span class='ocrx_word' id='word_1_153' title='bbox 3553 1279 3637 1338; x_wconf 86' lang='lat' dir='ltr'><strong>Si-</strong></span> 
     </span>
    </p>
   </div>
   <div class='ocr_carea' id='block_1_28' title="bbox 1979 1369 2812 1428">
    <p class='ocr_par' dir='ltr' id='par_1_28' title="bbox 1979 1369 2812 1428">
     <span class='ocr_line' id='line_1_28' title="bbox 1979 1369 2812 1428; baseline -0.005 0"><span class='ocrx_word' id='word_1_154' title='bbox 1979 1370 2192 1428; x_wconf 89' lang='lat' dir='ltr'><strong>militer</strong></span> <span class='ocrx_word' id='word_1_155' title='bbox 2206 1375 2263 1427; x_wconf 91' lang='lat' dir='ltr'><strong>et</strong></span> <span class='ocrx_word' id='word_1_156' title='bbox 2282 1370 2356 1426; x_wconf 89' lang='lat' dir='ltr'><strong>de</strong></span> <span class='ocrx_word' id='word_1_157' title='bbox 2379 1369 2476 1426; x_wconf 89' lang='lat' dir='ltr'><strong>his</strong></span> <span class='ocrx_word' id='word_1_158' title='bbox 2507 1370 2812 1428; x_wconf 89' lang='lat' dir='ltr'><strong>omnibus.</strong></span> 
     </span>
    </p>
   </div>
   <div class='ocr_carea' id='block_1_29' title="bbox 2049 1459 3638 1518">
    <p class='ocr_par' dir='ltr' id='par_1_29' title="bbox 2049 1459 3638 1518">
     <span class='ocr_line' id='line_1_29' title="bbox 2049 1459 3638 1518; baseline 0 -1"><span class='ocrx_word' id='word_1_159' title='bbox 2049 1461 2211 1518; x_wconf 85' lang='lat' dir='ltr'><strong>CAP.</strong></span> <span class='ocrx_word' id='word_1_160' title='bbox 2255 1461 2324 1515; x_wconf 90' lang='lat' dir='ltr'><strong>V.</strong></span> <span class='ocrx_word' id='word_1_161' title='bbox 2362 1462 2522 1516; x_wconf 84' lang='lat' dir='ltr'><strong>Vers.</strong></span> <span class='ocrx_word' id='word_1_162' title='bbox 2585 1465 2634 1514; x_wconf 85' lang='grc'>1.</span> <span class='ocrx_word' id='word_1_163' title='bbox 2689 1459 2940 1516; x_wconf 88' lang='lat' dir='ltr'><strong>Factum</strong></span> <span class='ocrx_word' id='word_1_164' title='bbox 2990 1462 3074 1516; x_wconf 87' lang='lat' dir='ltr'><strong>est</strong></span> <span class='ocrx_word' id='word_1_165' title='bbox 3117 1489 3185 1500; x_wconf 97' lang='lat'><strong>—</strong></span> <span class='ocrx_word' id='word_1_166' title='bbox 3239 1460 3398 1515; x_wconf 84' lang='lat' dir='ltr'><strong>Vers.</strong></span> <span class='ocrx_word' id='word_1_167' title='bbox 3441 1462 3494 1516; x_wconf 86' lang='lat'><strong>2.</strong></span> <span class='ocrx_word' id='word_1_168' title='bbox 3555 1459 3638 1516; x_wconf 81' lang='grc' dir='ltr'><strong>ιο-</strong></span> 
     </span>
    </p>
   </div>
   <div class='ocr_carea' id='block_1_30' title="bbox 1980 1546 3638 1620">
    <p class='ocr_par' dir='ltr' id='par_1_30' title="bbox 1980 1546 3638 1620">
     <span class='ocr_line' id='line_1_30' title="bbox 1980 1546 3638 1620; baseline 0 -14"><span class='ocrx_word' id='word_1_169' title='bbox 1980 1565 2134 1606; x_wconf 85' lang='lat' dir='ltr'><strong>cum.</strong></span> <span class='ocrx_word' id='word_1_170' title='bbox 2163 1552 2292 1606; x_wconf 91' lang='lat' dir='ltr'><strong>Una</strong></span> <span class='ocrx_word' id='word_1_171' title='bbox 2316 1547 2563 1620; x_wconf 89' lang='lat' dir='ltr'><strong>quidem</strong></span> <span class='ocrx_word' id='word_1_172' title='bbox 2611 1553 2738 1605; x_wconf 90' lang='lat' dir='ltr'><strong>erat</strong></span> <span class='ocrx_word' id='word_1_173' title='bbox 2771 1547 3030 1605; x_wconf 88' lang='lat' dir='ltr'><strong>Simonis</strong></span> <span class='ocrx_word' id='word_1_174' title='bbox 3069 1551 3126 1604; x_wconf 93' lang='lat' dir='ltr'><strong>et</strong></span> <span class='ocrx_word' id='word_1_175' title='bbox 3154 1546 3423 1618; x_wconf 65' lang='lat' dir='ltr'><strong>Andreas,</strong></span> <span class='ocrx_word' id='word_1_176' title='bbox 3453 1546 3638 1606; x_wconf 89' lang='lat' dir='ltr'><strong>altera</strong></span> 
     </span>
    </p>
   </div>
   <div class='ocr_carea' id='block_1_31' title="bbox 1979 1636 3638 1710">
    <p class='ocr_par' dir='ltr' id='par_1_31' title="bbox 1979 1636 3638 1710">
     <span class='ocr_line' id='line_1_31' title="bbox 1979 1636 3638 1710; baseline -0.001 -14"><span class='ocrx_word' id='word_1_177' title='bbox 1979 1655 2119 1696; x_wconf 90' lang='lat' dir='ltr'><strong>vero</strong></span> <span class='ocrx_word' id='word_1_178' title='bbox 2163 1638 2373 1696; x_wconf 86' lang='lat' dir='ltr'><strong>Jacobi</strong></span> <span class='ocrx_word' id='word_1_179' title='bbox 2413 1643 2470 1695; x_wconf 92' lang='lat' dir='ltr'><strong>et</strong></span> <span class='ocrx_word' id='word_1_180' title='bbox 2495 1637 2746 1694; x_wconf 86' lang='lat' dir='ltr'><strong>Joannis</strong></span> <span class='ocrx_word' id='word_1_181' title='bbox 2779 1658 2790 1690; x_wconf 86' lang='lat'><strong>:</strong></span> <span class='ocrx_word' id='word_1_182' title='bbox 2819 1637 2881 1693; x_wconf 89' lang='lat' dir='ltr'><strong>hi</strong></span> <span class='ocrx_word' id='word_1_183' title='bbox 2925 1637 3224 1709; x_wconf 84' lang='lat' dir='ltr'><strong>siquidem</strong></span> <span class='ocrx_word' id='word_1_184' title='bbox 3265 1637 3414 1693; x_wconf 84' lang='lat' dir='ltr'><strong>socii</strong></span> <span class='ocrx_word' id='word_1_185' title='bbox 3461 1636 3524 1693; x_wconf 91' lang='lat' dir='ltr'><strong>in</strong></span> <span class='ocrx_word' id='word_1_186' title='bbox 3551 1637 3638 1710; x_wconf 90' lang='lat' dir='ltr'><strong>pi-</strong></span> 
     </span>
    </p>
   </div>
   <div class='ocr_carea' id='block_1_32' title="bbox 1983 1725 3530 1801">
    <p class='ocr_par' dir='ltr' id='par_1_32' title="bbox 1983 1725 3530 1801">
     <span class='ocr_line' id='line_1_32' title="bbox 1983 1725 3530 1801; baseline 0 -17"><span class='ocrx_word' id='word_1_187' title='bbox 1983 1729 2251 1786; x_wconf 89' lang='lat' dir='ltr'><strong>scatione</strong></span> <span class='ocrx_word' id='word_1_188' title='bbox 2263 1732 2452 1794; x_wconf 86' lang='lat' dir='ltr'><strong>erant.</strong></span> <span class='ocrx_word' id='word_1_189' title='bbox 2465 1731 2642 1801; x_wconf 83' lang='lat' dir='ltr'><strong>prout</strong></span> <span class='ocrx_word' id='word_1_190' title='bbox 2656 1727 2717 1782; x_wconf 91' lang='lat' dir='ltr'><strong>in</strong></span> <span class='ocrx_word' id='word_1_191' title='bbox 2734 1725 3124 1799; x_wconf 84' lang='lat' dir='ltr'><strong>sequentibus</strong></span> <span class='ocrx_word' id='word_1_192' title='bbox 3137 1725 3530 1784; x_wconf 80' lang='lat' dir='ltr'><strong>inveniemus.</strong></span> 
     </span>
    </p>
   </div>
   <div class='ocr_carea' id='block_1_33' title="bbox 332 1815 1852 1895">
    <p class='ocr_par' dir='ltr' id='par_1_33' title="bbox 332 1816 1852 1895">
     <span class='ocr_line' id='line_1_33' title="bbox 332 1816 1852 1895; baseline -0.007 -15"><span class='ocrx_word' id='word_1_193' title='bbox 332 1831 396 1880; x_wconf 82' lang='grc' dir='ltr'><strong>Οἱ</strong></span> <span class='ocrx_word' id='word_1_194' title='bbox 453 1823 510 1880; x_wconf 67' lang='grc' dir='ltr'><strong>δὲ</strong></span> <span class='ocrx_word' id='word_1_195' title='bbox 564 1826 722 1887; x_wconf 81' lang='grc' dir='ltr'><strong>ἁλιεῖς</strong></span> <span class='ocrx_word' id='word_1_196' title='bbox 772 1857 828 1865; x_wconf 90' lang='lat'>—</span> <span class='ocrx_word' id='word_1_197' title='bbox 876 1821 1090 1877; x_wconf 83' lang='grc' dir='ltr'><strong>δίκτυα.</strong></span> <span class='ocrx_word' id='word_1_198' title='bbox 1125 1828 1312 1895; x_wconf 85' lang='grc' dir='ltr'><strong>Σίμων,</strong></span> <span class='ocrx_word' id='word_1_199' title='bbox 1355 1825 1441 1872; x_wconf 77' lang='grc' dir='ltr'><strong>καὶ</strong></span> <span class='ocrx_word' id='word_1_200' title='bbox 1484 1816 1750 1895; x_wconf 81' lang='grc' dir='ltr'><strong>Ἀνδρέας,</strong></span> <span class='ocrx_word' id='word_1_201' title='bbox 1778 1826 1852 1870; x_wconf 77' lang='grc' dir='ltr'>κα</span> 
     </span>
    </p>
   </div>
   <div class='ocr_carea' id='block_1_34' title="bbox 1987 1815 3640 1895">
    <p class='ocr_par' dir='ltr' id='par_1_34' title="bbox 2053 1815 3640 1888">
     <span class='ocr_line' id='line_1_34' title="bbox 2053 1815 3640 1888; baseline 0 -14"><span class='ocrx_word' id='word_1_202' title='bbox 2053 1819 2215 1875; x_wconf 86' lang='lat' dir='ltr'><strong>Vers.</strong></span> <span class='ocrx_word' id='word_1_203' title='bbox 2255 1822 2308 1874; x_wconf 89' lang='lat'><strong>2.</strong></span> <span class='ocrx_word' id='word_1_204' title='bbox 2354 1817 2687 1875; x_wconf 78' lang='lat' dir='ltr'><strong>Piscatores</strong></span> <span class='ocrx_word' id='word_1_205' title='bbox 2714 1846 2783 1857; x_wconf 95' lang='lat'><strong>—</strong></span> <span class='ocrx_word' id='word_1_206' title='bbox 2825 1815 2990 1872; x_wconf 81' lang='lat' dir='ltr'><strong>retia.</strong></span> <span class='ocrx_word' id='word_1_207' title='bbox 3050 1818 3274 1888; x_wconf 90' lang='lat' dir='ltr'><strong>Nempe</strong></span> <span class='ocrx_word' id='word_1_208' title='bbox 3325 1815 3531 1872; x_wconf 90' lang='lat' dir='ltr'><strong>Simon</strong></span> <span class='ocrx_word' id='word_1_209' title='bbox 3581 1818 3640 1874; x_wconf 85' lang='lat' dir='ltr'><strong>et</strong></span> 
     </span>
    </p>
   </div>
   <div class='ocr_carea' id='block_1_35' title="bbox 263 1906 1864 1984">
    <p class='ocr_par' dir='ltr' id='par_1_35' title="bbox 263 1906 1864 1984">
     <span class='ocr_line' id='line_1_35' title="bbox 263 1906 1864 1984; baseline -0.007 -14"><span class='ocrx_word' id='word_1_210' title='bbox 263 1915 524 1980; x_wconf 76' lang='grc' dir='ltr'><strong>Ἰάκωϐος,</strong></span> <span class='ocrx_word' id='word_1_211' title='bbox 558 1921 647 1968; x_wconf 88' lang='grc' dir='ltr'><strong>καὶ</strong></span> <span class='ocrx_word' id='word_1_212' title='bbox 677 1915 937 1974; x_wconf 80' lang='grc' dir='ltr'><strong>Ἰωάννης.</strong></span> <span class='ocrx_word' id='word_1_213' title='bbox 983 1917 1084 1966; x_wconf 75' lang='grc' dir='ltr'><strong>Καὶ</strong></span> <span class='ocrx_word' id='word_1_214' title='bbox 1120 1917 1242 1984; x_wconf 79' lang='grc' dir='ltr'><strong>μὴν,</strong></span> <span class='ocrx_word' id='word_1_215' title='bbox 1273 1912 1299 1962; x_wconf 88' lang='grc' dir='ltr'><strong>ό</strong></span> <span class='ocrx_word' id='word_1_216' title='bbox 1329 1912 1597 1970; x_wconf 86' lang='grc' dir='ltr'><strong>Ματθαῑος</strong></span> <span class='ocrx_word' id='word_1_217' title='bbox 1627 1907 1675 1960; x_wconf 81' lang='grc' dir='ltr'><strong>ἐν</strong></span> <span class='ocrx_word' id='word_1_218' title='bbox 1720 1906 1864 1981; x_wconf 77' lang='grc' dir='ltr'><strong>ἀρχῇ</strong></span> 
     </span>
    </p>
   </div>
   <div class='ocr_carea' id='block_1_36' title="bbox 259 1996 1865 2076">
    <p class='ocr_par' dir='ltr' id='par_1_36' title="bbox 259 1996 1865 2076">
     <span class='ocr_line' id='line_1_36' title="bbox 259 1996 1865 2076; baseline -0.006 -19"><span class='ocrx_word' id='word_1_219' title='bbox 259 2014 352 2058; x_wconf 83' lang='grc' dir='ltr'><strong>τού</strong></span> <span class='ocrx_word' id='word_1_220' title='bbox 409 2008 748 2076; x_wconf 75' lang='grc' dir='ltr'><strong>κηρύγματος</strong></span> <span class='ocrx_word' id='word_1_221' title='bbox 795 2021 952 2073; x_wconf 77' lang='grc' dir='ltr'><strong>φησιν</strong></span> <span class='ocrx_word' id='word_1_222' title='bbox 1003 2001 1192 2061; x_wconf 83' lang='grc' dir='ltr'><strong>αύτούς</strong></span> <span class='ocrx_word' id='word_1_223' title='bbox 1236 1999 1540 2051; x_wconf 69' lang='grc' dir='ltr'><strong>καταλιπεῖν</strong></span> <span class='ocrx_word' id='word_1_224' title='bbox 1578 1999 1645 2049; x_wconf 82' lang='grc' dir='ltr'><strong>τὰ</strong></span> <span class='ocrx_word' id='word_1_225' title='bbox 1691 1996 1865 2049; x_wconf 84' lang='grc' dir='ltr'><strong>ἁλιευ-</strong></span> 
     </span>
    </p>
   </div>
   <div class='ocr_carea' id='block_1_37' title="bbox 259 2085 1863 2160">
    <p class='ocr_par' dir='ltr' id='par_1_37' title="bbox 259 2085 1863 2160">
     <span class='ocr_line' id='line_1_37' title="bbox 259 2085 1863 2160; baseline -0.006 -15"><span class='ocrx_word' id='word_1_226' title='bbox 259 2097 380 2145; x_wconf 83' lang='grc' dir='ltr'><strong>τικὰ</strong></span> <span class='ocrx_word' id='word_1_227' title='bbox 427 2097 614 2156; x_wconf 84' lang='grc' dir='ltr'><strong>πάντα,</strong></span> <span class='ocrx_word' id='word_1_228' title='bbox 655 2097 744 2142; x_wconf 87' lang='grc' dir='ltr'><strong>καὶ</strong></span> <span class='ocrx_word' id='word_1_229' title='bbox 795 2089 1150 2148; x_wconf 79' lang='grc' dir='ltr'><strong>ἀκολουθῆσαι</strong></span> <span class='ocrx_word' id='word_1_230' title='bbox 1192 2097 1264 2158; x_wconf 85' lang='grc' dir='ltr'><strong>τῷ</strong></span> <span class='ocrx_word' id='word_1_231' title='bbox 1312 2095 1546 2160; x_wconf 80' lang='grc' dir='ltr'><strong>Χριστῷ·</strong></span> <span class='ocrx_word' id='word_1_232' title='bbox 1590 2085 1717 2138; x_wconf 80' lang='grc' dir='ltr'><strong>ἀλλὰ</strong></span> <span class='ocrx_word' id='word_1_233' title='bbox 1769 2089 1863 2144; x_wconf 76' lang='grc' dir='ltr'><strong>τὴν</strong></span> 
     </span>
    </p>
   </div>
   <div class='ocr_carea' id='block_1_38' title="bbox 259 2173 1861 2255">
    <p class='ocr_par' dir='ltr' id='par_1_38' title="bbox 259 2173 1861 2255">
     <span class='ocr_line' id='line_1_38' title="bbox 259 2173 1861 2255; baseline -0.005 -21"><span class='ocrx_word' id='word_1_234' title='bbox 259 2186 348 2254; x_wconf 72' lang='grc' dir='ltr'><strong>μὲν</strong></span> <span class='ocrx_word' id='word_1_235' title='bbox 399 2184 592 2255; x_wconf 66' lang='grc' dir='ltr'><strong>ἡμέραν</strong></span> <span class='ocrx_word' id='word_1_236' title='bbox 618 2179 930 2238; x_wconf 81' lang='grc' dir='ltr'><strong>ἠκολούθουν</strong></span> <span class='ocrx_word' id='word_1_237' title='bbox 957 2178 1116 2248; x_wconf 72' lang='grc' dir='ltr'><strong>αὐτῷ·</strong></span> <span class='ocrx_word' id='word_1_238' title='bbox 1169 2181 1262 2235; x_wconf 80' lang='grc' dir='ltr'><strong>τὴν</strong></span> <span class='ocrx_word' id='word_1_239' title='bbox 1307 2173 1366 2229; x_wconf 69' lang='grc' dir='ltr'><strong>δὲ</strong></span> <span class='ocrx_word' id='word_1_240' title='bbox 1421 2179 1584 2227; x_wconf 83' lang='grc' dir='ltr'><strong>νύκτα</strong></span> <span class='ocrx_word' id='word_1_241' title='bbox 1612 2183 1674 2247; x_wconf 75' lang='grc' dir='ltr'><strong>τῇ</strong></span> <span class='ocrx_word' id='word_1_242' title='bbox 1717 2173 1861 2247; x_wconf 78' lang='grc' dir='ltr'><strong>ἀλείᾳ</strong></span> 
     </span>
    </p>
   </div>
   <div class='ocr_carea' id='block_1_39' title="bbox 258 2260 1856 2341">
    <p class='ocr_par' dir='ltr' id='par_1_39' title="bbox 258 2260 1856 2341">
     <span class='ocr_line' id='line_1_39' title="bbox 258 2260 1856 2341; baseline -0.004 -19"><span class='ocrx_word' id='word_1_243' title='bbox 258 2270 569 2341; x_wconf 74' lang='grc' dir='ltr'><strong>ἐσχόλαζον,</strong></span> <span class='ocrx_word' id='word_1_244' title='bbox 634 2276 777 2320; x_wconf 73' lang='grc' dir='ltr'><strong>οὔπω</strong></span> <span class='ocrx_word' id='word_1_245' title='bbox 815 2271 1164 2338; x_wconf 74' lang='grc' dir='ltr'><strong>γνησιώτερον</strong></span> <span class='ocrx_word' id='word_1_246' title='bbox 1214 2266 1560 2326; x_wconf 82' lang='grc' dir='ltr'><strong>οἰκειωθέντες</strong></span> <span class='ocrx_word' id='word_1_247' title='bbox 1635 2260 1729 2315; x_wconf 81' lang='grc' dir='ltr'><strong>διὰ</strong></span> <span class='ocrx_word' id='word_1_248' title='bbox 1800 2266 1856 2316; x_wconf 86' lang='grc' dir='ltr'><strong>τὸ</strong></span> 
     </span>
    </p>
   </div>
   <div class='ocr_carea' id='block_1_40' title="bbox 259 2350 1855 2431">
    <p class='ocr_par' dir='ltr' id='par_1_40' title="bbox 259 2350 1855 2431">
     <span class='ocr_line' id='line_1_40' title="bbox 259 2350 1855 2431; baseline -0.005 -19"><span class='ocrx_word' id='word_1_249' title='bbox 259 2358 613 2431; x_wconf 79' lang='grc' dir='ltr'><strong>αἰσχυντηλόν</strong></span> <span class='ocrx_word' id='word_1_250' title='bbox 643 2358 831 2410; x_wconf 74' lang='grc' dir='ltr'><strong>αὐτῶν.</strong></span> <span class='ocrx_word' id='word_1_251' title='bbox 867 2357 1020 2416; x_wconf 82' lang='grc' dir='ltr'><strong>Εἰκὸς</strong></span> <span class='ocrx_word' id='word_1_252' title='bbox 1063 2353 1144 2424; x_wconf 75' lang='grc' dir='ltr'><strong>δὲ,</strong></span> <span class='ocrx_word' id='word_1_253' title='bbox 1175 2360 1298 2427; x_wconf 89' lang='grc' dir='ltr'><strong>μίαν</strong></span> <span class='ocrx_word' id='word_1_254' title='bbox 1329 2355 1358 2414; x_wconf 80' lang='grc' dir='ltr'><strong>ἦ</strong></span> <span class='ocrx_word' id='word_1_255' title='bbox 1403 2359 1492 2406; x_wconf 79' lang='grc' dir='ltr'><strong>καὶ</strong></span> <span class='ocrx_word' id='word_1_256' title='bbox 1540 2350 1638 2405; x_wconf 85' lang='grc' dir='ltr'><strong>δύο</strong></span> <span class='ocrx_word' id='word_1_257' title='bbox 1667 2355 1855 2415; x_wconf 90' lang='grc' dir='ltr'><strong>νύκτας</strong></span> 
     </span>
    </p>
   </div>
   <div class='ocr_carea' id='block_1_41' title="bbox 258 2448 1226 2519">
    <p class='ocr_par' dir='ltr' id='par_1_41' title="bbox 258 2448 1226 2519">
     <span class='ocr_line' id='line_1_41' title="bbox 258 2448 1226 2519; baseline -0.003 -18"><span class='ocrx_word' id='word_1_258' title='bbox 258 2456 410 2501; x_wconf 84' lang='grc' dir='ltr'><strong>τοῦτο</strong></span> <span class='ocrx_word' id='word_1_259' title='bbox 432 2457 673 2512; x_wconf 87' lang='grc' dir='ltr'><strong>ποιῆσαι,</strong></span> <span class='ocrx_word' id='word_1_260' title='bbox 705 2451 796 2498; x_wconf 83' lang='grc' dir='ltr'><strong>καὶ</strong></span> <span class='ocrx_word' id='word_1_261' title='bbox 822 2451 894 2518; x_wconf 75' lang='grc' dir='ltr'><strong>μὴ</strong></span> <span class='ocrx_word' id='word_1_262' title='bbox 919 2448 1226 2519; x_wconf 80' lang='grc' dir='ltr'><strong>περαιτέρω.</strong></span> 
     </span>
    </p>
   </div>
   <div class='ocr_carea' id='block_1_42' title="bbox 323 2619 1848 2698">
    <p class='ocr_par' dir='ltr' id='par_1_42' title="bbox 323 2619 1848 2698">
     <span class='ocr_line' id='line_1_42' title="bbox 323 2619 1848 2698; baseline -0.005 -19"><span class='ocrx_word' id='word_1_263' title='bbox 323 2625 512 2698; x_wconf 80' lang='grc' dir='ltr'><strong>Ἐμϐὰς</strong></span> <span class='ocrx_word' id='word_1_264' title='bbox 555 2655 622 2665; x_wconf 85' lang='grc'><strong><em>-</em></strong></span> <span class='ocrx_word' id='word_1_265' title='bbox 669 2623 860 2696; x_wconf 77' lang='grc' dir='ltr'><strong>ὀλίγον.</strong></span> <span class='ocrx_word' id='word_1_266' title='bbox 896 2654 962 2664; x_wconf 91' lang='lat'>—</span> <span class='ocrx_word' id='word_1_267' title='bbox 1001 2628 1301 2696; x_wconf 79' lang='grc' dir='ltr'><strong>Πρώτησιν,</strong></span> <span class='ocrx_word' id='word_1_268' title='bbox 1353 2619 1464 2674; x_wconf 78' lang='grc' dir='ltr'><strong>ἀντὶ</strong></span> <span class='ocrx_word' id='word_1_269' title='bbox 1507 2628 1620 2688; x_wconf 79' lang='grc' dir='ltr'><strong>τοῦ,</strong></span> <span class='ocrx_word' id='word_1_270' title='bbox 1681 2627 1848 2696; x_wconf 87' lang='grc' dir='ltr'><strong>Προσ-</strong></span> 
     </span>
    </p>
   </div>
   <div class='ocr_carea' id='block_1_43' title="bbox 253 2716 418 2778">
    <p class='ocr_par' dir='ltr' id='par_1_43' title="bbox 253 2716 418 2778">
     <span class='ocr_line' id='line_1_43' title="bbox 253 2716 418 2778; baseline -0.006 -10"><span class='ocrx_word' id='word_1_271' title='bbox 253 2716 418 2778; x_wconf 82' lang='grc' dir='ltr'><strong>ἐταξε.</strong></span> 
     </span>
    </p>
   </div>
   <div class='ocr_carea' id='block_1_44' title="bbox 325 2797 1850 2874">
    <p class='ocr_par' dir='ltr' id='par_1_44' title="bbox 325 2797 1850 2874">
     <span class='ocr_line' id='line_1_44' title="bbox 325 2797 1850 2874; baseline -0.006 -15"><span class='ocrx_word' id='word_1_272' title='bbox 325 2807 422 2859; x_wconf 79' lang='grc' dir='ltr'><strong>Καὶ</strong></span> <span class='ocrx_word' id='word_1_273' title='bbox 456 2805 678 2864; x_wconf 82' lang='grc' dir='ltr'><strong>καθίσας</strong></span> <span class='ocrx_word' id='word_1_274' title='bbox 726 2833 796 2842; x_wconf 89' lang='grc'><strong><em>-</em></strong></span> <span class='ocrx_word' id='word_1_275' title='bbox 835 2801 1046 2874; x_wconf 81' lang='grc' dir='ltr'><strong>ὄχλους·</strong></span> <span class='ocrx_word' id='word_1_276' title='bbox 1088 2797 1400 2854; x_wconf 82' lang='grc' dir='ltr'><strong>Ἐδίδασκεν</strong></span> <span class='ocrx_word' id='word_1_277' title='bbox 1426 2803 1480 2852; x_wconf 76' lang='grc' dir='ltr'><strong>ἐκ</strong></span> <span class='ocrx_word' id='word_1_278' title='bbox 1510 2807 1602 2852; x_wconf 83' lang='grc' dir='ltr'><strong>τοῦ</strong></span> <span class='ocrx_word' id='word_1_279' title='bbox 1645 2799 1850 2867; x_wconf 79' lang='grc' dir='ltr'><strong>πλοίου,</strong></span> 
     </span>
    </p>
   </div>
   <div class='ocr_carea' id='block_1_45' title="bbox 247 2887 1850 2965">
    <p class='ocr_par' dir='ltr' id='par_1_45' title="bbox 247 2887 1850 2965">
     <span class='ocr_line' id='line_1_45' title="bbox 247 2887 1850 2965; baseline -0.003 -20"><span class='ocrx_word' id='word_1_280' title='bbox 247 2897 332 2945; x_wconf 78' lang='grc' dir='ltr'><strong>ἵνα</strong></span> <span class='ocrx_word' id='word_1_281' title='bbox 370 2898 440 2965; x_wconf 77' lang='grc' dir='ltr'><strong>μὴ</strong></span> <span class='ocrx_word' id='word_1_282' title='bbox 502 2891 822 2944; x_wconf 74' lang='grc' dir='ltr'><strong>ἐπιπίπτοιεν</strong></span> <span class='ocrx_word' id='word_1_283' title='bbox 862 2891 999 2962; x_wconf 81' lang='grc' dir='ltr'><strong>αύτῷ</strong></span> <span class='ocrx_word' id='word_1_284' title='bbox 1043 2887 1376 2956; x_wconf 82' lang='grc' dir='ltr'><strong>διδάσκοντι,</strong></span> <span class='ocrx_word' id='word_1_285' title='bbox 1405 2894 1495 2942; x_wconf 85' lang='grc' dir='ltr'><strong>καὶ</strong></span> <span class='ocrx_word' id='word_1_286' title='bbox 1539 2891 1622 2940; x_wconf 85' lang='grc' dir='ltr'><strong>ἶνα</strong></span> <span class='ocrx_word' id='word_1_287' title='bbox 1657 2891 1850 2949; x_wconf 83' lang='grc' dir='ltr'><strong>πάντας</strong></span> 
     </span>
    </p>
   </div>
   <div class='ocr_carea' id='block_1_46' title="bbox 247 2974 1850 3056">
    <p class='ocr_par' dir='ltr' id='par_1_46' title="bbox 247 2974 1850 3056">
     <span class='ocr_line' id='line_1_46' title="bbox 247 2974 1850 3056; baseline -0.002 -23"><span class='ocrx_word' id='word_1_288' title='bbox 247 2985 363 3055; x_wconf 84' lang='grc' dir='ltr'><strong>όρᾴ,</strong></span> <span class='ocrx_word' id='word_1_289' title='bbox 419 2984 555 3033; x_wconf 82' lang='grc' dir='ltr'><strong>κατὰ</strong></span> <span class='ocrx_word' id='word_1_290' title='bbox 607 2986 886 3056; x_wconf 88' lang='grc' dir='ltr'><strong>πρόσωπον</strong></span> <span class='ocrx_word' id='word_1_291' title='bbox 935 2979 1181 3040; x_wconf 72' lang='grc' dir='ltr'><strong>ἑστῶτας.</strong></span> <span class='ocrx_word' id='word_1_292' title='bbox 1235 2986 1400 3031; x_wconf 83' lang='grc' dir='ltr'><strong>Τοῦτο</strong></span> <span class='ocrx_word' id='word_1_293' title='bbox 1450 2974 1509 3030; x_wconf 68' lang='grc' dir='ltr'><strong>δὲ</strong></span> <span class='ocrx_word' id='word_1_294' title='bbox 1555 2983 1645 3029; x_wconf 83' lang='grc' dir='ltr'><strong>καὶ</strong></span> <span class='ocrx_word' id='word_1_295' title='bbox 1696 2977 1850 3030; x_wconf 84' lang='grc' dir='ltr'><strong>πάλιν</strong></span> 
     </span>
    </p>
   </div>
   <div class='ocr_carea' id='block_1_47' title="bbox 244 3065 1850 3136">
    <p class='ocr_par' dir='ltr' id='par_1_47' title="bbox 244 3065 1850 3136">
     <span class='ocr_line' id='line_1_47' title="bbox 244 3065 1850 3136; baseline -0.002 -14"><span class='ocrx_word' id='word_1_296' title='bbox 244 3074 541 3136; x_wconf 73' lang='grc' dir='ltr'><strong>πεποίηκεν,</strong></span> <span class='ocrx_word' id='word_1_297' title='bbox 597 3073 666 3130; x_wconf 89' lang='grc' dir='ltr'><strong>ὡς</strong></span> <span class='ocrx_word' id='word_1_298' title='bbox 717 3065 825 3122; x_wconf 82' lang='grc' dir='ltr'><strong>εἶπε</strong></span> <span class='ocrx_word' id='word_1_299' title='bbox 880 3069 1148 3129; x_wconf 86' lang='grc' dir='ltr'><strong>Ματθαῖος</strong></span> <span class='ocrx_word' id='word_1_300' title='bbox 1193 3066 1241 3119; x_wconf 81' lang='grc' dir='ltr'><strong>ἐν</strong></span> <span class='ocrx_word' id='word_1_301' title='bbox 1287 3075 1357 3119; x_wconf 86' lang='grc' dir='ltr'><strong>τῶ</strong></span> <span class='ocrx_word' id='word_1_302' title='bbox 1411 3065 1541 3118; x_wconf 74' lang='grc' dir='ltr'><strong>τελει</strong></span> <span class='ocrx_word' id='word_1_303' title='bbox 1570 3073 1659 3118; x_wconf 85' lang='grc' dir='ltr'><strong>τοῦ</strong></span> <span class='ocrx_word' id='word_1_304' title='bbox 1709 3068 1850 3118; x_wconf 83' lang='grc' dir='ltr'><strong>εἰκο-</strong></span> 
     </span>
    </p>
   </div>
   <div class='ocr_carea' id='block_1_48' title="bbox 247 3157 906 3232">
    <p class='ocr_par' dir='ltr' id='par_1_48' title="bbox 247 3157 906 3232">
     <span class='ocr_line' id='line_1_48' title="bbox 247 3157 906 3232; baseline -0.003 -20"><span class='ocrx_word' id='word_1_305' title='bbox 247 3167 375 3212; x_wconf 83' lang='grc' dir='ltr'><strong>στοῦ</strong></span> <span class='ocrx_word' id='word_1_306' title='bbox 400 3163 576 3232; x_wconf 79' lang='grc' dir='ltr'><strong>τρίτου</strong></span> <span class='ocrx_word' id='word_1_307' title='bbox 605 3157 906 3229; x_wconf 79' lang='grc' dir='ltr'><strong>κεφαλαίου.</strong></span> 
     </span>
    </p>
   </div>
   <div class='ocr_carea' id='block_1_49' title="bbox 501 3243 1606 3316">
    <p class='ocr_par' dir='ltr' id='par_1_49' title="bbox 501 3243 1606 3316">
     <span class='ocr_line' id='line_1_49' title="bbox 501 3243 1606 3316; baseline -0.005 -17"><span class='ocrx_word' id='word_1_308' title='bbox 501 3253 644 3301; x_wconf 81' lang='grc' dir='ltr'><strong>ΚΕΦ.</strong></span> <span class='ocrx_word' id='word_1_309' title='bbox 672 3244 770 3298; x_wconf 84' lang='grc' dir='ltr'><strong>ΙΑ’.</strong></span> <span class='ocrx_word' id='word_1_310' title='bbox 806 3250 932 3316; x_wconf 82' lang='grc' dir='ltr'><strong>Περὶ</strong></span> <span class='ocrx_word' id='word_1_311' title='bbox 956 3251 1052 3304; x_wconf 83' lang='grc' dir='ltr'><strong>τῆς</strong></span> <span class='ocrx_word' id='word_1_312' title='bbox 1083 3243 1245 3315; x_wconf 77' lang='grc' dir='ltr'><strong>ἆγρας</strong></span> <span class='ocrx_word' id='word_1_313' title='bbox 1265 3251 1362 3294; x_wconf 83' lang='grc' dir='ltr'><strong>τῶν</strong></span> <span class='ocrx_word' id='word_1_314' title='bbox 1387 3243 1606 3313; x_wconf 83' lang='grc' dir='ltr'><strong>ἰχθύων.</strong></span> 
     </span>
    </p>
   </div>
   <div class='ocr_carea' id='block_1_50' title="bbox 315 3328 1846 3407">
    <p class='ocr_par' dir='ltr' id='par_1_50' title="bbox 315 3328 1846 3407">
     <span class='ocr_line' id='line_1_50' title="bbox 315 3328 1846 3407; baseline -0.003 -20"><span class='ocrx_word' id='word_1_315' title='bbox 315 3341 406 3397; x_wconf 83' lang='grc' dir='ltr'><strong>Ὠς</strong></span> <span class='ocrx_word' id='word_1_316' title='bbox 458 3332 516 3386; x_wconf 74' lang='grc' dir='ltr'><strong>δὲ</strong></span> <span class='ocrx_word' id='word_1_317' title='bbox 565 3365 632 3374; x_wconf 93' lang='grc'><strong><em>--</em></strong></span> <span class='ocrx_word' id='word_1_318' title='bbox 673 3333 859 3407; x_wconf 72' lang='grc' dir='ltr'><strong>ἄγραν.</strong></span> <span class='ocrx_word' id='word_1_319' title='bbox 916 3339 1186 3384; x_wconf 81' lang='grc' dir='ltr'><strong>Γινώσκων</strong></span> <span class='ocrx_word' id='word_1_320' title='bbox 1241 3334 1320 3383; x_wconf 86' lang='grc' dir='ltr'><strong>ὅτι</strong></span> <span class='ocrx_word' id='word_1_321' title='bbox 1369 3328 1569 3393; x_wconf 80' lang='grc' dir='ltr'><strong>διὀλης</strong></span> <span class='ocrx_word' id='word_1_322' title='bbox 1611 3339 1701 3392; x_wconf 83' lang='grc' dir='ltr'><strong>τῆς</strong></span> <span class='ocrx_word' id='word_1_323' title='bbox 1730 3350 1846 3382; x_wconf 85' lang='grc' dir='ltr'><strong>νυκ-</strong></span> 
     </span>
    </p>
   </div>
   <div class='ocr_carea' id='block_1_51' title="bbox 244 3419 1847 3495">
    <p class='ocr_par' dir='ltr' id='par_1_51' title="bbox 244 3419 1847 3495">
     <span class='ocr_line' id='line_1_51' title="bbox 244 3419 1847 3495; baseline -0.002 -19"><span class='ocrx_word' id='word_1_324' title='bbox 244 3429 328 3484; x_wconf 85' lang='grc' dir='ltr'><strong>τὸς</strong></span> <span class='ocrx_word' id='word_1_325' title='bbox 375 3421 526 3475; x_wconf 68' lang='grc' dir='ltr'><strong>οὐδὲν</strong></span> <span class='ocrx_word' id='word_1_326' title='bbox 579 3426 858 3495; x_wconf 75' lang='grc' dir='ltr'><strong>ἧγρευσαν,</strong></span> <span class='ocrx_word' id='word_1_327' title='bbox 907 3419 1166 3492; x_wconf 72' lang='grc' dir='ltr'><strong>ἐπιτρέπει</strong></span> <span class='ocrx_word' id='word_1_328' title='bbox 1203 3423 1409 3480; x_wconf 77' lang='grc' dir='ltr'><strong>τούτοις</strong></span> <span class='ocrx_word' id='word_1_329' title='bbox 1455 3419 1695 3491; x_wconf 86' lang='grc' dir='ltr'><strong>χαλάσαι</strong></span> <span class='ocrx_word' id='word_1_330' title='bbox 1733 3420 1847 3491; x_wconf 86' lang='grc'>(17)</span> 
     </span>
    </p>
   </div>
   <div class='ocr_carea' id='block_1_52' title="bbox 245 3506 1848 3582">
    <p class='ocr_par' dir='ltr' id='par_1_52' title="bbox 245 3506 1848 3582">
     <span class='ocr_line' id='line_1_52' title="bbox 245 3506 1848 3582; baseline -0.001 -18"><span class='ocrx_word' id='word_1_331' title='bbox 245 3516 312 3564; x_wconf 77' lang='grc' dir='ltr'><strong>τὰ</strong></span> <span class='ocrx_word' id='word_1_332' title='bbox 343 3509 537 3563; x_wconf 87' lang='grc' dir='ltr'><strong>δίκτυα</strong></span> <span class='ocrx_word' id='word_1_333' title='bbox 562 3519 672 3574; x_wconf 81' lang='grc' dir='ltr'><strong>νυν,</strong></span> <span class='ocrx_word' id='word_1_334' title='bbox 713 3509 797 3561; x_wconf 77' lang='grc' dir='ltr'><strong>ἳνα</strong></span> <span class='ocrx_word' id='word_1_335' title='bbox 825 3515 1029 3580; x_wconf 71' lang='grc' dir='ltr'><strong>γνόντες</strong></span> <span class='ocrx_word' id='word_1_336' title='bbox 1058 3514 1150 3567; x_wconf 81' lang='grc' dir='ltr'><strong>τὴν</strong></span> <span class='ocrx_word' id='word_1_337' title='bbox 1196 3506 1418 3581; x_wconf 82' lang='grc' dir='ltr'><strong>δύναμιν</strong></span> <span class='ocrx_word' id='word_1_338' title='bbox 1449 3509 1607 3561; x_wconf 69' lang='grc' dir='ltr'><strong>αὐτοῦ</strong></span> <span class='ocrx_word' id='word_1_339' title='bbox 1635 3508 1848 3582; x_wconf 82' lang='grc' dir='ltr'><strong>βεϐαιό-</strong></span> 
     </span>
    </p>
   </div>
   <div class='ocr_carea' id='block_1_53' title="bbox 247 3597 1851 3675">
    <p class='ocr_par' dir='ltr' id='par_1_53' title="bbox 247 3597 1851 3675">
     <span class='ocr_line' id='line_1_53' title="bbox 247 3597 1851 3675; baseline 0 -23"><span class='ocrx_word' id='word_1_340' title='bbox 247 3620 412 3675; x_wconf 85' lang='grc' dir='ltr'><strong>τερον,</strong></span> <span class='ocrx_word' id='word_1_341' title='bbox 471 3599 679 3652; x_wconf 74' lang='grc' dir='ltr'><strong>πλείονα</strong></span> <span class='ocrx_word' id='word_1_342' title='bbox 737 3603 919 3651; x_wconf 89' lang='grc' dir='ltr'><strong>πίστιν</strong></span> <span class='ocrx_word' id='word_1_343' title='bbox 977 3599 1137 3650; x_wconf 74' lang='grc' dir='ltr'><strong>αὐτοῦ</strong></span> <span class='ocrx_word' id='word_1_344' title='bbox 1188 3597 1551 3672; x_wconf 81' lang='grc' dir='ltr'><strong>προσλάϐοιεν,</strong></span> <span class='ocrx_word' id='word_1_345' title='bbox 1601 3603 1691 3650; x_wconf 84' lang='grc' dir='ltr'><strong>καὶ</strong></span> <span class='ocrx_word' id='word_1_346' title='bbox 1747 3599 1851 3652; x_wconf 85' lang='grc' dir='ltr'><strong>λοι-</strong></span> 
     </span>
    </p>
   </div>
   <div class='ocr_carea' id='block_1_54' title="bbox 248 3684 1849 3752">
    <p class='ocr_par' dir='ltr' id='par_1_54' title="bbox 248 3684 1849 3752">
     <span class='ocr_line' id='line_1_54' title="bbox 248 3684 1849 3752; baseline -0.001 -11"><span class='ocrx_word' id='word_1_347' title='bbox 248 3695 343 3741; x_wconf 85' lang='grc' dir='ltr'><strong>πον</strong></span> <span class='ocrx_word' id='word_1_348' title='bbox 376 3687 692 3750; x_wconf 76' lang='grc' dir='ltr'><strong>ἀποστάντες</strong></span> <span class='ocrx_word' id='word_1_349' title='bbox 721 3688 885 3740; x_wconf 79' lang='grc' dir='ltr'><strong>τέλεον</strong></span> <span class='ocrx_word' id='word_1_350' title='bbox 933 3695 1025 3750; x_wconf 85' lang='grc' dir='ltr'><strong>τῆς</strong></span> <span class='ocrx_word' id='word_1_351' title='bbox 1063 3687 1275 3752; x_wconf 84' lang='grc' dir='ltr'><strong>άλιείας,</strong></span> <span class='ocrx_word' id='word_1_352' title='bbox 1329 3684 1580 3749; x_wconf 77' lang='grc' dir='ltr'><strong>διηνεκῶς</strong></span> <span class='ocrx_word' id='word_1_353' title='bbox 1633 3687 1849 3741; x_wconf 81' lang='grc' dir='ltr'><strong>ἀκολου-</strong></span> 
     </span>
    </p>
   </div>
   <div class='ocr_carea' id='block_1_55' title="bbox 251 3768 771 3849">
    <p class='ocr_par' dir='ltr' id='par_1_55' title="bbox 251 3779 617 3849">
     <span class='ocr_line' id='line_1_55' title="bbox 251 3779 617 3849; baseline -0.003 -17"><span class='ocrx_word' id='word_1_354' title='bbox 251 3781 409 3832; x_wconf 85' lang='grc' dir='ltr'><strong>θῶσιν</strong></span> <span class='ocrx_word' id='word_1_355' title='bbox 447 3779 617 3849; x_wconf 80' lang='grc' dir='ltr'><strong>αύτῷ.-</strong></span> 
     </span>
    </p>
   </div>
   <div class='ocr_carea' id='block_1_56' title="bbox 321 3862 1849 3942">
    <p class='ocr_par' dir='ltr' id='par_1_56' title="bbox 321 3862 1849 3942">
     <span class='ocr_line' id='line_1_56' title="bbox 321 3862 1849 3942; baseline -0.001 -20"><span class='ocrx_word' id='word_1_356' title='bbox 321 3874 419 3922; x_wconf 78' lang='grc' dir='ltr'><strong>Καὶ</strong></span> <span class='ocrx_word' id='word_1_357' title='bbox 450 3866 750 3942; x_wconf 84' lang='grc' dir='ltr'><strong>ἀποκριθεὶς</strong></span> <span class='ocrx_word' id='word_1_358' title='bbox 779 3895 842 3904; x_wconf 87' lang='lat'><strong>-—</strong></span> <span class='ocrx_word' id='word_1_359' title='bbox 870 3862 905 3918; x_wconf 89' lang='grc' dir='ltr'><strong>δ</strong></span> <span class='ocrx_word' id='word_1_360' title='bbox 911 3885 1104 3920; x_wconf 87' lang='grc' dir='ltr'><strong>ικτυον.</strong></span> <span class='ocrx_word' id='word_1_361' title='bbox 1136 3867 1452 3929; x_wconf 81' lang='grc' dir='ltr'><strong>Ἐπιστάτης</strong></span> <span class='ocrx_word' id='word_1_362' title='bbox 1483 3866 1596 3939; x_wconf 83' lang='grc'>(18)</span> <span class='ocrx_word' id='word_1_363' title='bbox 1647 3866 1849 3938; x_wconf 73' lang='grc' dir='ltr'><strong>λέγεται</strong></span> 
     </span>
    </p>
   </div>
   <div class='ocr_carea' id='block_1_57' title="bbox 245 3954 645 4018">
    <p class='ocr_par' dir='ltr' id='par_1_57' title="bbox 245 3954 645 4018">
     <span class='ocr_line' id='line_1_57' title="bbox 245 3954 645 4018; baseline -0.003 -8"><span class='ocrx_word' id='word_1_364' title='bbox 245 3961 271 4010; x_wconf 90' lang='grc' dir='ltr'><strong>ό</strong></span> <span class='ocrx_word' id='word_1_365' title='bbox 299 3954 645 4018; x_wconf 84' lang='grc' dir='ltr'><strong>διδάσκαλος.</strong></span> 
     </span>
    </p>
   </div>
   <div class='ocr_carea' id='block_1_58' title="bbox 317 4045 1846 4118">
    <p class='ocr_par' dir='ltr' id='par_1_58' title="bbox 317 4045 1846 4118">
     <span class='ocr_line' id='line_1_58' title="bbox 317 4045 1846 4118; baseline -0.001 -18"><span class='ocrx_word' id='word_1_366' title='bbox 317 4052 417 4100; x_wconf 83' lang='grc' dir='ltr'><strong>Καὶ</strong></span> <span class='ocrx_word' id='word_1_367' title='bbox 468 4055 622 4098; x_wconf 77' lang='grc' dir='ltr'><strong>τοῦτο</strong></span> <span class='ocrx_word' id='word_1_368' title='bbox 689 4050 1002 4106; x_wconf 76' lang='grc' dir='ltr'><strong>ποιήσαντες</strong></span> <span class='ocrx_word' id='word_1_369' title='bbox 1069 4076 1137 4086; x_wconf 89' lang='grc'><strong><em>-</em></strong></span> <span class='ocrx_word' id='word_1_370' title='bbox 1207 4045 1360 4100; x_wconf 84' lang='grc' dir='ltr'><strong>αύτά.</strong></span> <span class='ocrx_word' id='word_1_371' title='bbox 1433 4047 1525 4098; x_wconf 89' lang='grc' dir='ltr'><strong>Διὰ</strong></span> <span class='ocrx_word' id='word_1_372' title='bbox 1597 4048 1846 4118; x_wconf 73' lang='grc' dir='ltr'><strong>νεύματος</strong></span> 
     </span>
    </p>
   </div>
   <div class='ocr_carea' id='block_1_59' title="bbox 241 4131 1843 4210">
    <p class='ocr_par' dir='ltr' id='par_1_59' title="bbox 241 4131 1843 4210">
     <span class='ocr_line' id='line_1_59' title="bbox 241 4131 1843 4210; baseline 0 -22"><span class='ocrx_word' id='word_1_373' title='bbox 241 4135 692 4210; x_wconf 68' lang='grc' dir='ltr'><strong>προσεκαλέσαντο</strong></span> <span class='ocrx_word' id='word_1_374' title='bbox 750 4135 953 4200; x_wconf 83' lang='grc' dir='ltr'><strong>αύτούς,</strong></span> <span class='ocrx_word' id='word_1_375' title='bbox 1015 4139 1086 4207; x_wconf 86' lang='grc' dir='ltr'><strong>μὴ</strong></span> <span class='ocrx_word' id='word_1_376' title='bbox 1141 4131 1419 4207; x_wconf 85' lang='grc' dir='ltr'><strong>δυνάμενοι</strong></span> <span class='ocrx_word' id='word_1_377' title='bbox 1465 4134 1692 4193; x_wconf 81' lang='grc' dir='ltr'><strong>λαλῆσαι</strong></span> <span class='ocrx_word' id='word_1_378' title='bbox 1743 4134 1843 4188; x_wconf 79' lang='grc' dir='ltr'><strong>ἀπὸ</strong></span> 
     </span>
    </p>
   </div>
   <div class='ocr_carea' id='block_1_60' title="bbox 242 4220 1845 4296">
    <p class='ocr_par' dir='ltr' id='par_1_60' title="bbox 242 4220 1845 4296">
     <span class='ocr_line' id='line_1_60' title="bbox 242 4220 1845 4296; baseline -0.001 -19"><span class='ocrx_word' id='word_1_379' title='bbox 242 4232 335 4286; x_wconf 81' lang='grc' dir='ltr'><strong>τῆς</strong></span> <span class='ocrx_word' id='word_1_380' title='bbox 361 4223 652 4286; x_wconf 73' lang='grc' dir='ltr'><strong>ἐκπλήξεως</strong></span> <span class='ocrx_word' id='word_1_381' title='bbox 685 4229 774 4275; x_wconf 86' lang='grc' dir='ltr'><strong>καὶ</strong></span> <span class='ocrx_word' id='word_1_382' title='bbox 827 4231 918 4275; x_wconf 82' lang='grc' dir='ltr'><strong>τοῦ</strong></span> <span class='ocrx_word' id='word_1_383' title='bbox 949 4222 1129 4296; x_wconf 71' lang='grc' dir='ltr'><strong>φόϐου.</strong></span> <span class='ocrx_word' id='word_1_384' title='bbox 1159 4229 1432 4294; x_wconf 83' lang='grc' dir='ltr'><strong>Μετόχους</strong></span> <span class='ocrx_word' id='word_1_385' title='bbox 1463 4220 1521 4276; x_wconf 75' lang='grc' dir='ltr'><strong>δὲ</strong></span> <span class='ocrx_word' id='word_1_386' title='bbox 1541 4224 1697 4295; x_wconf 79' lang='grc' dir='ltr'><strong>λέγει,</strong></span> <span class='ocrx_word' id='word_1_387' title='bbox 1724 4228 1845 4286; x_wconf 84' lang='grc' dir='ltr'><strong>τοὺς</strong></span> 
     </span>
    </p>
   </div>
   <div class='ocr_carea' id='block_1_61' title="bbox 241 4318 532 4374">
    <p class='ocr_par' dir='ltr' id='par_1_61' title="bbox 241 4318 532 4374">
     <span class='ocr_line' id='line_1_61' title="bbox 241 4318 532 4374; baseline 0.007 -8"><span class='ocrx_word' id='word_1_388' title='bbox 241 4318 483 4366; x_wconf 79' lang='grc' dir='ltr'><strong>κοινωνού</strong></span> <span class='ocrx_word' id='word_1_389' title='bbox 494 4334 532 4374; x_wconf 87' lang='grc' dir='ltr'><strong>ς.</strong></span> 
     </span>
    </p>
   </div>
   <div class='ocr_carea' id='block_1_62' title="bbox 313 4399 1841 4474">
    <p class='ocr_par' dir='ltr' id='par_1_62' title="bbox 313 4399 1841 4474">
     <span class='ocr_line' id='line_1_62' title="bbox 313 4399 1841 4474; baseline -0.001 -19"><span class='ocrx_word' id='word_1_390' title='bbox 313 4399 464 4455; x_wconf 82' lang='grc' dir='ltr'><strong>Ἰδὼν</strong></span> <span class='ocrx_word' id='word_1_391' title='bbox 502 4433 570 4442; x_wconf 93' lang='grc'><strong><em>-</em></strong></span> <span class='ocrx_word' id='word_1_392' title='bbox 618 4401 741 4473; x_wconf 81' lang='grc' dir='ltr'><strong>εἰμι,</strong></span> <span class='ocrx_word' id='word_1_393' title='bbox 785 4409 1023 4466; x_wconf 83' lang='grc' dir='ltr'><strong>Συνῆκεν,</strong></span> <span class='ocrx_word' id='word_1_394' title='bbox 1081 4405 1160 4454; x_wconf 83' lang='grc' dir='ltr'><strong>ὄτί</strong></span> <span class='ocrx_word' id='word_1_395' title='bbox 1212 4405 1269 4453; x_wconf 79' lang='grc' dir='ltr'><strong>τό</strong></span> <span class='ocrx_word' id='word_1_396' title='bbox 1312 4406 1631 4474; x_wconf 75' lang='grc' dir='ltr'><strong>πρόσταγμα</strong></span> <span class='ocrx_word' id='word_1_397' title='bbox 1682 4401 1841 4453; x_wconf 79' lang='grc' dir='ltr'><strong>αὐτοῦ</strong></span> 
     </span>
    </p>
   </div>
   <div class='ocr_carea' id='block_1_63' title="bbox 1978 1903 3632 1978">
    <p class='ocr_par' dir='ltr' id='par_1_63' title="bbox 1978 1903 3632 1978">
     <span class='ocr_line' id='line_1_63' title="bbox 1978 1903 3632 1978; baseline -0.001 -16"><span class='ocrx_word' id='word_1_398' title='bbox 1978 1907 2264 1972; x_wconf 81' lang='lat' dir='ltr'><strong>Andreas,</strong></span> <span class='ocrx_word' id='word_1_399' title='bbox 2287 1907 2544 1964; x_wconf 89' lang='lat' dir='ltr'><strong>Jacobus</strong></span> <span class='ocrx_word' id='word_1_400' title='bbox 2573 1909 2632 1962; x_wconf 91' lang='lat' dir='ltr'><strong>et</strong></span> <span class='ocrx_word' id='word_1_401' title='bbox 2650 1905 2931 1962; x_wconf 84' lang='lat' dir='ltr'><strong>Joannes.</strong></span> <span class='ocrx_word' id='word_1_402' title='bbox 2968 1904 3145 1977; x_wconf 83' lang='lat' dir='ltr'><strong>Atqui</strong></span> <span class='ocrx_word' id='word_1_403' title='bbox 3176 1903 3478 1962; x_wconf 77' lang='lat' dir='ltr'><strong>Mattheeus</strong></span> <span class='ocrx_word' id='word_1_404' title='bbox 3530 1905 3632 1978; x_wconf 86' lang='lat' dir='ltr'><strong>ait,</strong></span> 
     </span>
    </p>
   </div>
   <div class='ocr_carea' id='block_1_64' title="bbox 1974 1993 3634 2069">
    <p class='ocr_par' dir='ltr' id='par_1_64' title="bbox 1974 1993 3634 2069">
     <span class='ocr_line' id='line_1_64' title="bbox 1974 1993 3634 2069; baseline 0 -16"><span class='ocrx_word' id='word_1_405' title='bbox 1974 1997 2087 2054; x_wconf 92' lang='lat' dir='ltr'><strong>hos</strong></span> <span class='ocrx_word' id='word_1_406' title='bbox 2116 1997 2177 2053; x_wconf 93' lang='lat' dir='ltr'><strong>in</strong></span> <span class='ocrx_word' id='word_1_407' title='bbox 2206 1995 2504 2069; x_wconf 89' lang='lat' dir='ltr'><strong>principio</strong></span> <span class='ocrx_word' id='word_1_408' title='bbox 2533 1993 2978 2068; x_wconf 83' lang='lat' dir='ltr'><strong>praedicationis</strong></span> <span class='ocrx_word' id='word_1_409' title='bbox 3021 1993 3332 2067; x_wconf 88' lang='lat' dir='ltr'><strong>reliquisse</strong></span> <span class='ocrx_word' id='word_1_410' title='bbox 3381 1995 3634 2068; x_wconf 86' lang='lat' dir='ltr'><strong>piscato-</strong></span> 
     </span>
    </p>
   </div>
   <div class='ocr_carea' id='block_1_65' title="bbox 1971 2081 3636 2151">
    <p class='ocr_par' dir='ltr' id='par_1_65' title="bbox 1971 2081 3636 2151">
     <span class='ocr_line' id='line_1_65' title="bbox 1971 2081 3636 2151; baseline -0.001 -9"><span class='ocrx_word' id='word_1_411' title='bbox 1971 2087 2062 2143; x_wconf 90' lang='lat' dir='ltr'><strong>ria</strong></span> <span class='ocrx_word' id='word_1_412' title='bbox 2111 2085 2338 2151; x_wconf 88' lang='lat' dir='ltr'><strong>omnia,</strong></span> <span class='ocrx_word' id='word_1_413' title='bbox 2371 2089 2430 2141; x_wconf 93' lang='lat' dir='ltr'><strong>et</strong></span> <span class='ocrx_word' id='word_1_414' title='bbox 2459 2088 2692 2140; x_wconf 90' lang='lat' dir='ltr'><strong>secutos</strong></span> <span class='ocrx_word' id='word_1_415' title='bbox 2724 2099 2852 2138; x_wconf 91' lang='lat' dir='ltr'><strong>esse</strong></span> <span class='ocrx_word' id='word_1_416' title='bbox 2895 2081 3220 2139; x_wconf 88' lang='lat' dir='ltr'><strong>Christum.</strong></span> <span class='ocrx_word' id='word_1_417' title='bbox 3271 2084 3492 2140; x_wconf 86' lang='lat' dir='ltr'><strong>Verum</strong></span> <span class='ocrx_word' id='word_1_418' title='bbox 3537 2083 3636 2143; x_wconf 91' lang='lat' dir='ltr'><strong>die</strong></span> 
     </span>
    </p>
   </div>
   <div class='ocr_carea' id='block_1_66' title="bbox 1970 2172 3636 2248">
    <p class='ocr_par' dir='ltr' id='par_1_66' title="bbox 1970 2172 3636 2248">
     <span class='ocr_line' id='line_1_66' title="bbox 1970 2172 3636 2248; baseline -0.001 -18"><span class='ocrx_word' id='word_1_419' title='bbox 1970 2174 2215 2248; x_wconf 91' lang='lat' dir='ltr'><strong>quidem</strong></span> <span class='ocrx_word' id='word_1_420' title='bbox 2249 2173 2660 2247; x_wconf 86' lang='lat' dir='ltr'><strong>sequebantur</strong></span> <span class='ocrx_word' id='word_1_421' title='bbox 2706 2172 3026 2240; x_wconf 87' lang='lat' dir='ltr'><strong>Christum,</strong></span> <span class='ocrx_word' id='word_1_422' title='bbox 3067 2175 3239 2228; x_wconf 90' lang='lat' dir='ltr'><strong>nocte</strong></span> <span class='ocrx_word' id='word_1_423' title='bbox 3275 2188 3413 2229; x_wconf 90' lang='lat' dir='ltr'><strong>vero</strong></span> <span class='ocrx_word' id='word_1_424' title='bbox 3440 2173 3636 2245; x_wconf 88' lang='lat' dir='ltr'><strong>pisca-</strong></span> 
     </span>
    </p>
   </div>
   <div class='ocr_carea' id='block_1_67' title="bbox 1966 2260 3629 2333">
    <p class='ocr_par' dir='ltr' id='par_1_67' title="bbox 1966 2260 3629 2333">
     <span class='ocr_line' id='line_1_67' title="bbox 1966 2260 3629 2333; baseline 0 -15"><span class='ocrx_word' id='word_1_425' title='bbox 1966 2264 2118 2321; x_wconf 90' lang='lat' dir='ltr'><strong>toria</strong></span> <span class='ocrx_word' id='word_1_426' title='bbox 2147 2262 2506 2320; x_wconf 82' lang='lat' dir='ltr'><strong>exercebant</strong></span> <span class='ocrx_word' id='word_1_427' title='bbox 2529 2279 2546 2318; x_wconf 91' lang='lat'><em>:</em></span> <span class='ocrx_word' id='word_1_428' title='bbox 2567 2262 2842 2318; x_wconf 90' lang='lat' dir='ltr'><strong>nondum</strong></span> <span class='ocrx_word' id='word_1_429' title='bbox 2859 2261 3116 2333; x_wconf 86' lang='lat' dir='ltr'><strong>ingenue</strong></span> <span class='ocrx_word' id='word_1_430' title='bbox 3141 2261 3202 2316; x_wconf 89' lang='lat' dir='ltr'><strong>in</strong></span> <span class='ocrx_word' id='word_1_431' title='bbox 3227 2260 3441 2318; x_wconf 87' lang='lat' dir='ltr'><strong>Christi</strong></span> <span class='ocrx_word' id='word_1_432' title='bbox 3457 2261 3629 2318; x_wconf 86' lang='lat' dir='ltr'><strong>fami-</strong></span> 
     </span>
    </p>
   </div>
   <div class='ocr_carea' id='block_1_68' title="bbox 1963 2348 3624 2424">
    <p class='ocr_par' dir='ltr' id='par_1_68' title="bbox 1963 2348 3624 2424">
     <span class='ocr_line' id='line_1_68' title="bbox 1963 2348 3624 2424; baseline -0.001 -15"><span class='ocrx_word' id='word_1_433' title='bbox 1963 2353 2106 2409; x_wconf 88' lang='lat' dir='ltr'><strong>liam</strong></span> <span class='ocrx_word' id='word_1_434' title='bbox 2133 2351 2326 2415; x_wconf 86' lang='lat' dir='ltr'><strong>acciti,</strong></span> <span class='ocrx_word' id='word_1_435' title='bbox 2352 2367 2424 2408; x_wconf 93' lang='lat' dir='ltr'><strong>eo</strong></span> <span class='ocrx_word' id='word_1_436' title='bbox 2449 2351 2614 2424; x_wconf 90' lang='lat' dir='ltr'><strong>quod</strong></span> <span class='ocrx_word' id='word_1_437' title='bbox 2636 2349 2880 2423; x_wconf 87' lang='lat' dir='ltr'><strong>propria</strong></span> <span class='ocrx_word' id='word_1_438' title='bbox 2909 2348 3315 2406; x_wconf 87' lang='lat' dir='ltr'><strong>detinerentur</strong></span> <span class='ocrx_word' id='word_1_439' title='bbox 3342 2364 3624 2407; x_wconf 86' lang='lat' dir='ltr'><strong>verecun-</strong></span> 
     </span>
    </p>
   </div>
   <div class='ocr_carea' id='block_1_69' title="bbox 1961 2437 3626 2509">
    <p class='ocr_par' dir='ltr' id='par_1_69' title="bbox 1961 2437 3626 2509">
     <span class='ocr_line' id='line_1_69' title="bbox 1961 2437 3626 2509; baseline 0.001 -15"><span class='ocrx_word' id='word_1_440' title='bbox 1961 2443 2076 2499; x_wconf 77' lang='lat' dir='ltr'><strong>dia.</strong></span> <span class='ocrx_word' id='word_1_441' title='bbox 2109 2440 2435 2497; x_wconf 87' lang='lat' dir='ltr'><strong>Verisimile</strong></span> <span class='ocrx_word' id='word_1_442' title='bbox 2463 2445 2553 2497; x_wconf 89' lang='lat' dir='ltr'><strong>est</strong></span> <span class='ocrx_word' id='word_1_443' title='bbox 2569 2443 2793 2506; x_wconf 89' lang='lat' dir='ltr'><strong>autem,</strong></span> <span class='ocrx_word' id='word_1_444' title='bbox 2817 2437 2880 2494; x_wconf 90' lang='lat' dir='ltr'><strong>id</strong></span> <span class='ocrx_word' id='word_1_445' title='bbox 2906 2455 3026 2496; x_wconf 89' lang='lat' dir='ltr'><strong>una</strong></span> <span class='ocrx_word' id='word_1_446' title='bbox 3047 2443 3218 2496; x_wconf 90' lang='lat' dir='ltr'><strong>nocte</strong></span> <span class='ocrx_word' id='word_1_447' title='bbox 3240 2438 3491 2509; x_wconf 86' lang='lat' dir='ltr'><strong>factum,</strong></span> <span class='ocrx_word' id='word_1_448' title='bbox 3521 2441 3626 2497; x_wconf 89' lang='lat' dir='ltr'><strong>aut</strong></span> 
     </span>
    </p>
   </div>
   <div class='ocr_carea' id='block_1_70' title="bbox 1959 2529 2796 2602">
    <p class='ocr_par' dir='ltr' id='par_1_70' title="bbox 1959 2529 2796 2602">
     <span class='ocr_line' id='line_1_70' title="bbox 1959 2529 2796 2602; baseline -0.004 -15"><span class='ocrx_word' id='word_1_449' title='bbox 1959 2531 2222 2597; x_wconf 89' lang='lat' dir='ltr'><strong>duabus,</strong></span> <span class='ocrx_word' id='word_1_450' title='bbox 2260 2535 2320 2587; x_wconf 90' lang='lat' dir='ltr'><strong>et</strong></span> <span class='ocrx_word' id='word_1_451' title='bbox 2359 2545 2484 2586; x_wconf 92' lang='lat' dir='ltr'><strong>non</strong></span> <span class='ocrx_word' id='word_1_452' title='bbox 2517 2529 2796 2602; x_wconf 89' lang='lat' dir='ltr'><strong>amplius.</strong></span> 
     </span>
    </p>
   </div>
   <div class='ocr_carea' id='block_1_71' title="bbox 2030 2617 3626 2692">
    <p class='ocr_par' dir='ltr' id='par_1_71' title="bbox 2030 2617 3626 2692">
     <span class='ocr_line' id='line_1_71' title="bbox 2030 2617 3626 2692; baseline 0.001 -16"><span class='ocrx_word' id='word_1_453' title='bbox 2030 2619 2196 2678; x_wconf 88' lang='lat' dir='ltr'><strong>Vers.</strong></span> <span class='ocrx_word' id='word_1_454' title='bbox 2227 2624 2280 2677; x_wconf 88' lang='lat'><strong>3.</strong></span> <span class='ocrx_word' id='word_1_455' title='bbox 2337 2620 2632 2692; x_wconf 82' lang='lat' dir='ltr'><strong>Ingressus</strong></span> <span class='ocrx_word' id='word_1_456' title='bbox 2663 2649 2719 2661; x_wconf 95' lang='lat'><strong>—</strong></span> <span class='ocrx_word' id='word_1_457' title='bbox 2752 2617 3050 2691; x_wconf 86' lang='lat' dir='ltr'><strong>pusillum.</strong></span> <span class='ocrx_word' id='word_1_458' title='bbox 3109 2617 3370 2675; x_wconf 84' lang='lat' dir='ltr'><strong>Verbum</strong></span> <span class='ocrx_word' id='word_1_459' title='bbox 3421 2617 3626 2692; x_wconf 76' lang='grc' dir='ltr'><strong>ἠρώτη-</strong></span> 
     </span>
    </p>
   </div>
   <div class='ocr_carea' id='block_1_72' title="bbox 1963 2706 3443 2780">
    <p class='ocr_par' dir='ltr' id='par_1_72' title="bbox 1963 2706 3443 2780">
     <span class='ocr_line' id='line_1_72' title="bbox 1963 2706 3443 2780; baseline 0 -18"><span class='ocrx_word' id='word_1_460' title='bbox 1963 2728 2047 2762; x_wconf 83' lang='grc' dir='ltr'><strong>σεν</strong></span> <span class='ocrx_word' id='word_1_461' title='bbox 2073 2725 2184 2766; x_wconf 89' lang='lat' dir='ltr'><strong>nec</strong></span> <span class='ocrx_word' id='word_1_462' title='bbox 2213 2709 2306 2765; x_wconf 91' lang='lat' dir='ltr'><strong>hic</strong></span> <span class='ocrx_word' id='word_1_463' title='bbox 2337 2708 2633 2780; x_wconf 84' lang='lat' dir='ltr'><strong>significat</strong></span> <span class='ocrx_word' id='word_1_464' title='bbox 2661 2706 3075 2777; x_wconf 81' lang='lat' dir='ltr'><strong>Interrogavit,</strong></span> <span class='ocrx_word' id='word_1_465' title='bbox 3118 2706 3225 2763; x_wconf 88' lang='lat' dir='ltr'><strong>sed</strong></span> <span class='ocrx_word' id='word_1_466' title='bbox 3247 2706 3443 2763; x_wconf 78' lang='lat' dir='ltr'><strong>Iussit.</strong></span> 
     </span>
    </p>
   </div>
   <div class='ocr_carea' id='block_1_73' title="bbox 2031 2795 3620 2863">
    <p class='ocr_par' dir='ltr' id='par_1_73' title="bbox 2031 2795 3620 2863">
     <span class='ocr_line' id='line_1_73' title="bbox 2031 2795 3620 2863; baseline -0.002 -9"><span class='ocrx_word' id='word_1_467' title='bbox 2031 2801 2192 2854; x_wconf 87' lang='lat' dir='ltr'><strong>Vers.</strong></span> <span class='ocrx_word' id='word_1_468' title='bbox 2224 2799 2281 2853; x_wconf 94' lang='lat'><strong>3.</strong></span> <span class='ocrx_word' id='word_1_469' title='bbox 2334 2799 2412 2854; x_wconf 84' lang='lat' dir='ltr'><strong>Et</strong></span> <span class='ocrx_word' id='word_1_470' title='bbox 2453 2798 2657 2854; x_wconf 86' lang='lat' dir='ltr'><strong>sedens</strong></span> <span class='ocrx_word' id='word_1_471' title='bbox 2692 2796 3002 2854; x_wconf 87' lang='lat' dir='ltr'><strong>—turbas.</strong></span> <span class='ocrx_word' id='word_1_472' title='bbox 3034 2795 3297 2852; x_wconf 88' lang='lat' dir='ltr'><strong>Docebat</strong></span> <span class='ocrx_word' id='word_1_473' title='bbox 3342 2795 3418 2851; x_wconf 91' lang='lat' dir='ltr'><strong>de</strong></span> <span class='ocrx_word' id='word_1_474' title='bbox 3462 2795 3620 2863; x_wconf 87' lang='lat' dir='ltr'><strong>navi,</strong></span> 
     </span>
    </p>
   </div>
   <div class='ocr_carea' id='block_1_74' title="bbox 1961 2885 3624 2958">
    <p class='ocr_par' dir='ltr' id='par_1_74' title="bbox 1961 2885 3624 2958">
     <span class='ocr_line' id='line_1_74' title="bbox 1961 2885 3624 2958; baseline -0.002 -14"><span class='ocrx_word' id='word_1_475' title='bbox 1961 2903 2037 2944; x_wconf 92' lang='lat' dir='ltr'><strong>ne</strong></span> <span class='ocrx_word' id='word_1_476' title='bbox 2065 2888 2127 2944; x_wconf 92' lang='lat' dir='ltr'><strong>in</strong></span> <span class='ocrx_word' id='word_1_477' title='bbox 2157 2903 2296 2944; x_wconf 92' lang='lat' dir='ltr'><strong>eum</strong></span> <span class='ocrx_word' id='word_1_478' title='bbox 2326 2887 2643 2944; x_wconf 85' lang='lat' dir='ltr'><strong>docentem</strong></span> <span class='ocrx_word' id='word_1_479' title='bbox 2679 2885 3007 2942; x_wconf 88' lang='lat' dir='ltr'><strong>irruerent:</strong></span> <span class='ocrx_word' id='word_1_480' title='bbox 3041 2885 3381 2958; x_wconf 83' lang='lat' dir='ltr'><strong>videretque</strong></span> <span class='ocrx_word' id='word_1_481' title='bbox 3410 2900 3624 2942; x_wconf 88' lang='lat' dir='ltr'><strong>omnes</strong></span> 
     </span>
    </p>
   </div>
   <div class='ocr_carea' id='block_1_75' title="bbox 1958 2973 3622 3034">
    <p class='ocr_par' dir='ltr' id='par_1_75' title="bbox 1958 2973 3622 3034">
     <span class='ocr_line' id='line_1_75' title="bbox 1958 2973 3622 3034; baseline -0.001 -2"><span class='ocrx_word' id='word_1_482' title='bbox 1958 2992 2162 3034; x_wconf 89' lang='lat' dir='ltr'><strong>coram</strong></span> <span class='ocrx_word' id='word_1_483' title='bbox 2177 2975 2327 3034; x_wconf 87' lang='lat' dir='ltr'><strong>facie</strong></span> <span class='ocrx_word' id='word_1_484' title='bbox 2345 2981 2586 3032; x_wconf 88' lang='lat' dir='ltr'><strong>stantes.</strong></span> <span class='ocrx_word' id='word_1_485' title='bbox 2618 2975 2736 3030; x_wconf 86' lang='lat' dir='ltr'><strong>Hoc</strong></span> <span class='ocrx_word' id='word_1_486' title='bbox 2760 2979 2962 3031; x_wconf 90' lang='lat' dir='ltr'><strong>autem</strong></span> <span class='ocrx_word' id='word_1_487' title='bbox 2993 2974 3141 3031; x_wconf 89' lang='lat' dir='ltr'><strong>alias</strong></span> <span class='ocrx_word' id='word_1_488' title='bbox 3167 2974 3349 3031; x_wconf 88' lang='lat' dir='ltr'><strong>etiam</strong></span> <span class='ocrx_word' id='word_1_489' title='bbox 3368 2973 3502 3032; x_wconf 81' lang='lat' dir='ltr'><strong>fecit</strong></span> <span class='ocrx_word' id='word_1_490' title='bbox 3525 2988 3622 3031; x_wconf 87' lang='lat' dir='ltr'><strong>ve-</strong></span> 
     </span>
    </p>
   </div>
   <div class='ocr_carea' id='block_1_76' title="bbox 1958 3061 3335 3136">
    <p class='ocr_par' dir='ltr' id='par_1_76' title="bbox 1958 3061 3335 3136">
     <span class='ocr_line' id='line_1_76' title="bbox 1958 3061 3335 3136; baseline 0.001 -17"><span class='ocrx_word' id='word_1_491' title='bbox 1958 3065 2062 3122; x_wconf 92' lang='lat' dir='ltr'><strong>luti</strong></span> <span class='ocrx_word' id='word_1_492' title='bbox 2089 3065 2236 3122; x_wconf 81' lang='lat' dir='ltr'><strong>dixit</strong></span> <span class='ocrx_word' id='word_1_493' title='bbox 2263 3065 2577 3122; x_wconf 70' lang='lat' dir='ltr'><strong>Matthmus</strong></span> <span class='ocrx_word' id='word_1_494' title='bbox 2605 3063 2892 3121; x_wconf 90' lang='lat' dir='ltr'><strong>vicesimo</strong></span> <span class='ocrx_word' id='word_1_495' title='bbox 2919 3065 3092 3120; x_wconf 90' lang='lat' dir='ltr'><strong>tertio</strong></span> <span class='ocrx_word' id='word_1_496' title='bbox 3121 3061 3335 3136; x_wconf 87' lang='lat' dir='ltr'><strong>capite.</strong></span> 
     </span>
    </p>
   </div>
   <div class='ocr_carea' id='block_1_77' title="bbox 2319 3238 3298 3309">
    <p class='ocr_par' dir='ltr' id='par_1_77' title="bbox 2319 3238 3298 3309">
     <span class='ocr_line' id='line_1_77' title="bbox 2319 3238 3298 3309; baseline -0.002 -13"><span class='ocrx_word' id='word_1_497' title='bbox 2319 3241 2471 3296; x_wconf 87' lang='lat' dir='ltr'><strong>CAP.</strong></span> <span class='ocrx_word' id='word_1_498' title='bbox 2500 3240 2581 3297; x_wconf 83' lang='lat' dir='ltr'><strong>X1.</strong></span> <span class='ocrx_word' id='word_1_499' title='bbox 2617 3239 2700 3297; x_wconf 90' lang='lat' dir='ltr'><strong>De</strong></span> <span class='ocrx_word' id='word_1_500' title='bbox 2730 3245 2988 3309; x_wconf 79' lang='lat' dir='ltr'><strong>captura</strong></span> <span class='ocrx_word' id='word_1_501' title='bbox 3011 3238 3298 3308; x_wconf 69' lang='lat' dir='ltr'><strong>piscium.</strong></span> 
     </span>
    </p>
   </div>
   <div class='ocr_carea' id='block_1_78' title="bbox 2030 3327 3623 3400">
    <p class='ocr_par' dir='ltr' id='par_1_78' title="bbox 2030 3327 3623 3400">
     <span class='ocr_line' id='line_1_78' title="bbox 2030 3327 3623 3400; baseline 0 -16"><span class='ocrx_word' id='word_1_502' title='bbox 2030 3329 2196 3385; x_wconf 85' lang='lat' dir='ltr'><strong>Vers.</strong></span> <span class='ocrx_word' id='word_1_503' title='bbox 2235 3330 2289 3384; x_wconf 91' lang='grc'><strong>4.</strong></span> <span class='ocrx_word' id='word_1_504' title='bbox 2343 3331 2412 3386; x_wconf 93' lang='lat' dir='ltr'><strong>Ut</strong></span> <span class='ocrx_word' id='word_1_505' title='bbox 2466 3335 2664 3386; x_wconf 88' lang='lat' dir='ltr'><strong>autem</strong></span> <span class='ocrx_word' id='word_1_506' title='bbox 2699 3359 2753 3370; x_wconf 90' lang='lat'><strong>-</strong></span> <span class='ocrx_word' id='word_1_507' title='bbox 2795 3333 3119 3398; x_wconf 78' lang='lat' dir='ltr'><strong>capturum.</strong></span> <span class='ocrx_word' id='word_1_508' title='bbox 3176 3327 3404 3396; x_wconf 88' lang='lat' dir='ltr'><strong>Sciens,</strong></span> <span class='ocrx_word' id='word_1_509' title='bbox 3459 3327 3623 3400; x_wconf 89' lang='lat' dir='ltr'><strong>quod</strong></span> 
     </span>
    </p>
   </div>
   <div class='ocr_carea' id='block_1_79' title="bbox 1958 3416 3621 3490">
    <p class='ocr_par' dir='ltr' id='par_1_79' title="bbox 1958 3416 3621 3490">
     <span class='ocr_line' id='line_1_79' title="bbox 1958 3416 3621 3490; baseline 0 -16"><span class='ocrx_word' id='word_1_510' title='bbox 1958 3422 2084 3476; x_wconf 90' lang='lat' dir='ltr'><strong>tota</strong></span> <span class='ocrx_word' id='word_1_511' title='bbox 2121 3423 2296 3475; x_wconf 88' lang='lat' dir='ltr'><strong>nocte</strong></span> <span class='ocrx_word' id='word_1_512' title='bbox 2334 3417 2482 3474; x_wconf 88' lang='lat' dir='ltr'><strong>nihil</strong></span> <span class='ocrx_word' id='word_1_513' title='bbox 2523 3422 2824 3490; x_wconf 90' lang='lat' dir='ltr'><strong>ceperant,</strong></span> <span class='ocrx_word' id='word_1_514' title='bbox 2856 3416 3308 3474; x_wconf 89' lang='lat' dir='ltr'><strong>adhortabatur.</strong></span> <span class='ocrx_word' id='word_1_515' title='bbox 3351 3421 3416 3474; x_wconf 90' lang='lat' dir='ltr'><strong>ut</strong></span> <span class='ocrx_word' id='word_1_516' title='bbox 3457 3431 3621 3474; x_wconf 89' lang='lat' dir='ltr'><strong>nunc</strong></span> 
     </span>
    </p>
   </div>
   <div class='ocr_carea' id='block_1_80' title="bbox 1958 3505 3618 3580">
    <p class='ocr_par' dir='ltr' id='par_1_80' title="bbox 1958 3505 3618 3580">
     <span class='ocr_line' id='line_1_80' title="bbox 1958 3505 3618 3580; baseline 0.001 -18"><span class='ocrx_word' id='word_1_517' title='bbox 1958 3508 2228 3565; x_wconf 84' lang='lat' dir='ltr'><strong>laxarent</strong></span> <span class='ocrx_word' id='word_1_518' title='bbox 2252 3507 2441 3573; x_wconf 88' lang='lat' dir='ltr'><strong>retia;</strong></span> <span class='ocrx_word' id='word_1_519' title='bbox 2483 3523 2602 3580; x_wconf 88' lang='lat' dir='ltr'><strong>quo</strong></span> <span class='ocrx_word' id='word_1_520' title='bbox 2641 3506 2880 3576; x_wconf 89' lang='lat' dir='ltr'><strong>cognita</strong></span> <span class='ocrx_word' id='word_1_521' title='bbox 2907 3505 3141 3562; x_wconf 87' lang='lat' dir='ltr'><strong>ﬁrmius</strong></span> <span class='ocrx_word' id='word_1_522' title='bbox 3179 3507 3306 3577; x_wconf 89' lang='lat' dir='ltr'><strong>ejus</strong></span> <span class='ocrx_word' id='word_1_523' title='bbox 3349 3506 3618 3578; x_wconf 90' lang='lat' dir='ltr'><strong>potentia</strong></span> 
     </span>
    </p>
   </div>
   <div class='ocr_carea' id='block_1_81' title="bbox 1958 3594 3612 3672">
    <p class='ocr_par' dir='ltr' id='par_1_81' title="bbox 1958 3594 3612 3672">
     <span class='ocr_line' id='line_1_81' title="bbox 1958 3594 3612 3672; baseline -0.003 -16"><span class='ocrx_word' id='word_1_524' title='bbox 1958 3599 2250 3672; x_wconf 88' lang='lat' dir='ltr'><strong>majorem</strong></span> <span class='ocrx_word' id='word_1_525' title='bbox 2274 3597 2350 3653; x_wconf 95' lang='lat' dir='ltr'><strong>de</strong></span> <span class='ocrx_word' id='word_1_526' title='bbox 2370 3612 2441 3652; x_wconf 91' lang='lat' dir='ltr'><strong>eo</strong></span> <span class='ocrx_word' id='word_1_527' title='bbox 2464 3595 2648 3653; x_wconf 89' lang='lat' dir='ltr'><strong>ﬁdem</strong></span> <span class='ocrx_word' id='word_1_528' title='bbox 2670 3595 3066 3667; x_wconf 87' lang='lat' dir='ltr'><strong>conciperent,</strong></span> <span class='ocrx_word' id='word_1_529' title='bbox 3094 3594 3417 3669; x_wconf 88' lang='lat' dir='ltr'><strong>relictaque</strong></span> <span class='ocrx_word' id='word_1_530' title='bbox 3445 3595 3612 3652; x_wconf 87' lang='lat' dir='ltr'><strong>dein-</strong></span> 
     </span>
    </p>
   </div>
   <div class='ocr_carea' id='block_1_82' title="bbox 1958 3684 3616 3761">
    <p class='ocr_par' dir='ltr' id='par_1_82' title="bbox 1958 3684 3616 3761">
     <span class='ocr_line' id='line_1_82' title="bbox 1958 3684 3616 3761; baseline -0.002 -16"><span class='ocrx_word' id='word_1_531' title='bbox 1958 3704 2099 3761; x_wconf 92' lang='lat' dir='ltr'><strong>ceps</strong></span> <span class='ocrx_word' id='word_1_532' title='bbox 2118 3691 2382 3759; x_wconf 68' lang='lat' dir='ltr'><strong>capturas</strong></span> <span class='ocrx_word' id='word_1_533' title='bbox 2401 3684 2814 3757; x_wconf 90' lang='lat' dir='ltr'><strong>magnitudine</strong></span> <span class='ocrx_word' id='word_1_534' title='bbox 2833 3685 2987 3758; x_wconf 87' lang='lat' dir='ltr'><strong>(nn),</strong></span> <span class='ocrx_word' id='word_1_535' title='bbox 3028 3684 3309 3743; x_wconf 85' lang='lat' dir='ltr'><strong>continue</strong></span> <span class='ocrx_word' id='word_1_536' title='bbox 3340 3700 3480 3742; x_wconf 89' lang='lat' dir='ltr'><strong>eum</strong></span> <span class='ocrx_word' id='word_1_537' title='bbox 3526 3699 3616 3741; x_wconf 89' lang='lat' dir='ltr'><strong>se-</strong></span> 
     </span>
    </p>
   </div>
   <div class='ocr_carea' id='block_1_83' title="bbox 1958 3780 2306 3852">
    <p class='ocr_par' dir='ltr' id='par_1_83' title="bbox 1958 3780 2306 3852">
     <span class='ocr_line' id='line_1_83' title="bbox 1958 3780 2306 3852; baseline -0.009 -17"><span class='ocrx_word' id='word_1_538' title='bbox 1958 3780 2306 3852; x_wconf 88' lang='lat' dir='ltr'><strong>querentur.</strong></span> 
     </span>
    </p>
   </div>
   <div class='ocr_carea' id='block_1_84' title="bbox 2026 3863 3624 3938">
    <p class='ocr_par' dir='ltr' id='par_1_84' title="bbox 2026 3863 3624 3938">
     <span class='ocr_line' id='line_1_84' title="bbox 2026 3863 3624 3938; baseline -0.003 -15"><span class='ocrx_word' id='word_1_539' title='bbox 2026 3869 2190 3923; x_wconf 86' lang='lat' dir='ltr'><strong>Vers.</strong></span> <span class='ocrx_word' id='word_1_540' title='bbox 2233 3869 2284 3920; x_wconf 86' lang='lat'><strong>5.</strong></span> <span class='ocrx_word' id='word_1_541' title='bbox 2340 3865 2421 3922; x_wconf 90' lang='lat' dir='ltr'><strong>Et</strong></span> <span class='ocrx_word' id='word_1_542' title='bbox 2457 3863 2812 3938; x_wconf 83' lang='lat' dir='ltr'><strong>respondens</strong></span> <span class='ocrx_word' id='word_1_543' title='bbox 2852 3894 2923 3906; x_wconf 95' lang='lat'><strong>—</strong></span> <span class='ocrx_word' id='word_1_544' title='bbox 2964 3869 3106 3922; x_wconf 83' lang='lat' dir='ltr'><strong>rete.</strong></span> <span class='ocrx_word' id='word_1_545' title='bbox 3155 3864 3244 3937; x_wconf 72' lang='grc' dir='ltr'><strong>-ι-σι-</strong></span> <span class='ocrx_word' id='word_1_546' title='bbox 3295 3863 3624 3927; x_wconf 78' lang='grc' dir='ltr'><strong>Ἐπιστάτης</strong></span> 
     </span>
    </p>
   </div>
   <div class='ocr_carea' id='block_1_85' title="bbox 1957 3955 2438 4014">
    <p class='ocr_par' dir='ltr' id='par_1_85' title="bbox 1957 3955 2438 4014">
     <span class='ocr_line' id='line_1_85' title="bbox 1957 3955 2438 4014; baseline -0.006 -1"><span class='ocrx_word' id='word_1_547' title='bbox 1957 3955 2176 4014; x_wconf 89' lang='lat' dir='ltr'><strong>dicitur</strong></span> <span class='ocrx_word' id='word_1_548' title='bbox 2213 3955 2438 4012; x_wconf 83' lang='lat' dir='ltr'><strong>doctor.</strong></span> 
     </span>
    </p>
   </div>
   <div class='ocr_carea' id='block_1_86' title="bbox 2028 4041 3618 4115">
    <p class='ocr_par' dir='ltr' id='par_1_86' title="bbox 2028 4041 3618 4115">
     <span class='ocr_line' id='line_1_86' title="bbox 2028 4041 3618 4115; baseline 0 -13"><span class='ocrx_word' id='word_1_549' title='bbox 2028 4045 2199 4102; x_wconf 89' lang='lat' dir='ltr'><strong>Vers.</strong></span> <span class='ocrx_word' id='word_1_550' title='bbox 2225 4045 2280 4100; x_wconf 90' lang='lat'><strong>6.</strong></span> <span class='ocrx_word' id='word_1_551' title='bbox 2309 4044 2561 4115; x_wconf 85' lang='lat' dir='ltr'><strong>Cumque</strong></span> <span class='ocrx_word' id='word_1_552' title='bbox 2593 4043 2705 4100; x_wconf 84' lang='lat' dir='ltr'><strong>hoc</strong></span> <span class='ocrx_word' id='word_1_553' title='bbox 2755 4041 3039 4114; x_wconf 82' lang='lat' dir='ltr'><strong>fecissent</strong></span> <span class='ocrx_word' id='word_1_554' title='bbox 3069 4073 3137 4087; x_wconf 90' lang='lat'><strong>-—</strong></span> <span class='ocrx_word' id='word_1_555' title='bbox 3166 4043 3331 4102; x_wconf 84' lang='lat' dir='ltr'><strong>Vers.</strong></span> <span class='ocrx_word' id='word_1_556' title='bbox 3363 4049 3420 4100; x_wconf 89' lang='lat'><strong>7.</strong></span> <span class='ocrx_word' id='word_1_557' title='bbox 3457 4045 3618 4115; x_wconf 64' lang='lat' dir='ltr'><strong>ipsas.</strong></span> 
     </span>
    </p>
   </div>
   <div class='ocr_carea' id='block_1_87' title="bbox 1955 4132 3620 4204">
    <p class='ocr_par' dir='ltr' id='par_1_87' title="bbox 1955 4132 3620 4204">
     <span class='ocr_line' id='line_1_87' title="bbox 1955 4132 3620 4204; baseline 0 -14"><span class='ocrx_word' id='word_1_558' title='bbox 1955 4136 2110 4191; x_wconf 84' lang='lat' dir='ltr'><strong>Nutu</strong></span> <span class='ocrx_word' id='word_1_559' title='bbox 2139 4149 2245 4190; x_wconf 92' lang='lat' dir='ltr'><strong>eos</strong></span> <span class='ocrx_word' id='word_1_560' title='bbox 2281 4136 2671 4197; x_wconf 89' lang='lat' dir='ltr'><strong>vocaverunt,</strong></span> <span class='ocrx_word' id='word_1_561' title='bbox 2705 4147 2840 4188; x_wconf 88' lang='lat' dir='ltr'><strong>cum</strong></span> <span class='ocrx_word' id='word_1_562' title='bbox 2873 4147 2995 4204; x_wconf 62' lang='lat' dir='ltr'><strong>prie</strong></span> <span class='ocrx_word' id='word_1_563' title='bbox 3036 4137 3281 4204; x_wconf 90' lang='lat' dir='ltr'><strong>stupore</strong></span> <span class='ocrx_word' id='word_1_564' title='bbox 3314 4136 3373 4190; x_wconf 89' lang='lat' dir='ltr'><strong>et</strong></span> <span class='ocrx_word' id='word_1_565' title='bbox 3410 4132 3620 4190; x_wconf 89' lang='lat' dir='ltr'><strong>timore</strong></span> 
     </span>
    </p>
   </div>
   <div class='ocr_carea' id='block_1_88' title="bbox 1953 4220 3619 4294">
    <p class='ocr_par' dir='ltr' id='par_1_88' title="bbox 1953 4220 3619 4294">
     <span class='ocr_line' id='line_1_88' title="bbox 1953 4220 3619 4294; baseline 0.002 -18"><span class='ocrx_word' id='word_1_566' title='bbox 1953 4221 2117 4294; x_wconf 89' lang='lat' dir='ltr'><strong>loqui</strong></span> <span class='ocrx_word' id='word_1_567' title='bbox 2143 4237 2266 4278; x_wconf 91' lang='lat' dir='ltr'><strong>non</strong></span> <span class='ocrx_word' id='word_1_568' title='bbox 2295 4225 2558 4294; x_wconf 86' lang='lat' dir='ltr'><strong>possent.</strong></span> <span class='ocrx_word' id='word_1_569' title='bbox 2592 4220 2911 4293; x_wconf 88' lang='lat' dir='ltr'><strong>Participes</strong></span> <span class='ocrx_word' id='word_1_570' title='bbox 2951 4224 3153 4278; x_wconf 90' lang='lat' dir='ltr'><strong>autem</strong></span> <span class='ocrx_word' id='word_1_571' title='bbox 3197 4225 3374 4278; x_wconf 89' lang='lat' dir='ltr'><strong>vocat</strong></span> <span class='ocrx_word' id='word_1_572' title='bbox 3400 4221 3619 4281; x_wconf 89' lang='lat' dir='ltr'><strong>socios.</strong></span> 
     </span>
    </p>
   </div>
   <div class='ocr_carea' id='block_1_89' title="bbox 2025 4395 3618 4471">
    <p class='ocr_par' dir='ltr' id='par_1_89' title="bbox 2025 4395 3618 4471">
     <span class='ocr_line' id='line_1_89' title="bbox 2025 4395 3618 4471; baseline -0.002 -16"><span class='ocrx_word' id='word_1_573' title='bbox 2025 4400 2186 4455; x_wconf 83' lang='lat' dir='ltr'><strong>Vers.</strong></span> <span class='ocrx_word' id='word_1_574' title='bbox 2226 4401 2278 4454; x_wconf 90' lang='lat'><strong>8.</strong></span> <span class='ocrx_word' id='word_1_575' title='bbox 2336 4397 2546 4454; x_wconf 87' lang='lat' dir='ltr'><strong>Videns</strong></span> <span class='ocrx_word' id='word_1_576' title='bbox 2576 4427 2643 4438; x_wconf 96' lang='lat'><strong>—</strong></span> <span class='ocrx_word' id='word_1_577' title='bbox 2665 4411 2818 4453; x_wconf 91' lang='lat' dir='ltr'><strong>sum.</strong></span> <span class='ocrx_word' id='word_1_578' title='bbox 2846 4395 3154 4465; x_wconf 86' lang='lat' dir='ltr'><strong>Intellexit,</strong></span> <span class='ocrx_word' id='word_1_579' title='bbox 3186 4397 3354 4471; x_wconf 88' lang='lat' dir='ltr'><strong>quod</strong></span> <span class='ocrx_word' id='word_1_580' title='bbox 3395 4411 3618 4470; x_wconf 70' lang='lat' dir='ltr'><strong>praece-</strong></span> 
     </span>
    </p>
   </div>
   <div class='ocr_carea' id='block_1_90' title="bbox 243 4484 1852 4570">
    <p class='ocr_par' dir='ltr' id='par_1_90' title="bbox 243 4487 1841 4564">
     <span class='ocr_line' id='line_1_90' title="bbox 243 4487 1841 4564; baseline 0.001 -22"><span class='ocrx_word' id='word_1_581' title='bbox 243 4487 555 4562; x_wconf 87' lang='grc' dir='ltr'><strong>παραδόξως</strong></span> <span class='ocrx_word' id='word_1_582' title='bbox 608 4492 884 4563; x_wconf 70' lang='grc' dir='ltr'><strong>ἐνήργησε,</strong></span> <span class='ocrx_word' id='word_1_583' title='bbox 943 4495 1030 4542; x_wconf 80' lang='grc' dir='ltr'><strong>καὶ</strong></span> <span class='ocrx_word' id='word_1_584' title='bbox 1087 4493 1166 4543; x_wconf 82' lang='grc' dir='ltr'><strong>ὅτι</strong></span> <span class='ocrx_word' id='word_1_585' title='bbox 1221 4493 1348 4551; x_wconf 85' lang='grc' dir='ltr'><strong>θεῖός</strong></span> <span class='ocrx_word' id='word_1_586' title='bbox 1387 4489 1501 4542; x_wconf 84' lang='grc' dir='ltr'><strong>ἐστι</strong></span> <span class='ocrx_word' id='word_1_587' title='bbox 1552 4495 1639 4542; x_wconf 85' lang='grc' dir='ltr'><strong>καὶ</strong></span> <span class='ocrx_word' id='word_1_588' title='bbox 1686 4491 1841 4564; x_wconf 83' lang='grc' dir='ltr'><strong>ύπερ-</strong></span> 
     </span>
    </p>
   </div>
   <div class='ocr_carea' id='block_1_91' title="bbox 1987 4484 3614 4570">
    <p class='ocr_par' dir='ltr' id='par_1_91' title="bbox 1987 4484 3614 4559">
     <span class='ocr_line' id='line_1_91' title="bbox 1987 4484 3614 4559; baseline 0 -18"><span class='ocrx_word' id='word_1_589' title='bbox 1987 4494 2122 4546; x_wconf 60' lang='lat' dir='ltr'><strong>.tnm</strong></span> <span class='ocrx_word' id='word_1_590' title='bbox 2153 4487 2283 4558; x_wconf 87' lang='lat' dir='ltr'><strong>ejus</strong></span> <span class='ocrx_word' id='word_1_591' title='bbox 2301 4484 2660 4542; x_wconf 88' lang='lat' dir='ltr'><strong>admirando</strong></span> <span class='ocrx_word' id='word_1_592' title='bbox 2691 4485 2870 4542; x_wconf 90' lang='lat' dir='ltr'><strong>modo</strong></span> <span class='ocrx_word' id='word_1_593' title='bbox 2902 4490 3216 4558; x_wconf 89' lang='lat' dir='ltr'><strong>operatum</strong></span> <span class='ocrx_word' id='word_1_594' title='bbox 3242 4489 3387 4553; x_wconf 87' lang='lat' dir='ltr'><strong>erat,</strong></span> <span class='ocrx_word' id='word_1_595' title='bbox 3421 4485 3614 4559; x_wconf 87' lang='lat' dir='ltr'><strong>quod-</strong></span> 
     </span>
    </p>
   </div>
   <div class='ocr_carea' id='block_1_92' title="bbox 243 4579 1843 4652">
    <p class='ocr_par' dir='ltr' id='par_1_92' title="bbox 243 4579 1843 4652">
     <span class='ocr_line' id='line_1_92' title="bbox 243 4579 1843 4652; baseline 0.001 -22"><span class='ocrx_word' id='word_1_596' title='bbox 243 4584 373 4652; x_wconf 78' lang='grc' dir='ltr'><strong>φυής</strong></span> <span class='ocrx_word' id='word_1_597' title='bbox 424 4580 708 4651; x_wconf 79' lang='grc' dir='ltr'><strong>ἄνθρωπος,</strong></span> <span class='ocrx_word' id='word_1_598' title='bbox 764 4584 850 4631; x_wconf 82' lang='grc' dir='ltr'><strong>καὶ</strong></span> <span class='ocrx_word' id='word_1_599' title='bbox 905 4579 1081 4632; x_wconf 87' lang='grc' dir='ltr'><strong>λοιπόν</strong></span> <span class='ocrx_word' id='word_1_600' title='bbox 1137 4579 1340 4642; x_wconf 82' lang='grc' dir='ltr'><strong>ἀνάξιον</strong></span> <span class='ocrx_word' id='word_1_601' title='bbox 1394 4579 1572 4632; x_wconf 81' lang='grc' dir='ltr'><strong>ἑαυτὸν</strong></span> <span class='ocrx_word' id='word_1_602' title='bbox 1633 4579 1843 4651; x_wconf 75' lang='grc' dir='ltr'><strong>λογισά-</strong></span> 
     </span>
    </p>
   </div>
   <div class='ocr_carea' id='block_1_93' title="bbox 242 4667 1840 4741">
    <p class='ocr_par' dir='ltr' id='par_1_93' title="bbox 242 4667 1840 4741">
     <span class='ocr_line' id='line_1_93' title="bbox 242 4667 1840 4741; baseline 0.001 -21"><span class='ocrx_word' id='word_1_603' title='bbox 242 4687 412 4741; x_wconf 78' lang='grc' dir='ltr'><strong>μενος,</strong></span> <span class='ocrx_word' id='word_1_604' title='bbox 441 4667 540 4719; x_wconf 86' lang='grc' dir='ltr'><strong>ύπό</strong></span> <span class='ocrx_word' id='word_1_605' title='bbox 593 4667 783 4730; x_wconf 87' lang='grc' dir='ltr'><strong>πολλῆς</strong></span> <span class='ocrx_word' id='word_1_606' title='bbox 833 4669 975 4741; x_wconf 85' lang='grc' dir='ltr'><strong>μάλα</strong></span> <span class='ocrx_word' id='word_1_607' title='bbox 1028 4677 1118 4729; x_wconf 80' lang='grc' dir='ltr'><strong>τῆς</strong></span> <span class='ocrx_word' id='word_1_608' title='bbox 1177 4667 1439 4729; x_wconf 72' lang='grc' dir='ltr'><strong>εὐλαϐείας</strong></span> <span class='ocrx_word' id='word_1_609' title='bbox 1485 4673 1574 4720; x_wconf 88' lang='grc' dir='ltr'><strong>καὶ</strong></span> <span class='ocrx_word' id='word_1_610' title='bbox 1653 4687 1840 4721; x_wconf 84' lang='grc' dir='ltr'><strong>συστο·</strong></span> 
     </span>
    </p>
   </div>
   <div class='ocr_carea' id='block_1_94' title="bbox 240 4757 1844 4832">
    <p class='ocr_par' dir='ltr' id='par_1_94' title="bbox 240 4757 1844 4832">
     <span class='ocr_line' id='line_1_94' title="bbox 240 4757 1844 4832; baseline 0 -22"><span class='ocrx_word' id='word_1_611' title='bbox 240 4757 356 4820; x_wconf 83' lang='grc' dir='ltr'><strong>λῆς,</strong></span> <span class='ocrx_word' id='word_1_612' title='bbox 399 4764 683 4828; x_wconf 86' lang='grc' dir='ltr'><strong>παρητείτο</strong></span> <span class='ocrx_word' id='word_1_613' title='bbox 712 4762 806 4816; x_wconf 80' lang='grc' dir='ltr'><strong>τὴν</strong></span> <span class='ocrx_word' id='word_1_614' title='bbox 855 4763 1149 4829; x_wconf 88' lang='grc' dir='ltr'><strong>παρουσίαν</strong></span> <span class='ocrx_word' id='word_1_615' title='bbox 1181 4757 1360 4822; x_wconf 68' lang='grc' dir='ltr'><strong>αὑτοῦ,</strong></span> <span class='ocrx_word' id='word_1_616' title='bbox 1416 4759 1677 4832; x_wconf 82' lang='grc' dir='ltr'><strong>φορηθεὶς,</strong></span> <span class='ocrx_word' id='word_1_617' title='bbox 1746 4762 1844 4829; x_wconf 81' lang='grc' dir='ltr'><strong>μὴ·</strong></span> 
     </span>
    </p>
   </div>
   <div class='ocr_carea' id='block_1_95' title="bbox 239 4842 1842 4918">
    <p class='ocr_par' dir='ltr' id='par_1_95' title="bbox 239 4842 1842 4918">
     <span class='ocr_line' id='line_1_95' title="bbox 239 4842 1842 4918; baseline 0.001 -20"><span class='ocrx_word' id='word_1_618' title='bbox 239 4865 364 4899; x_wconf 87' lang='grc' dir='ltr'><strong>ποτε</strong></span> <span class='ocrx_word' id='word_1_619' title='bbox 400 4847 516 4918; x_wconf 84' lang='grc'>(19)</span> <span class='ocrx_word' id='word_1_620' title='bbox 547 4842 885 4918; x_wconf 78' lang='grc' dir='ltr'><strong>κινδυνεύσῃ,</strong></span> <span class='ocrx_word' id='word_1_621' title='bbox 920 4845 1186 4918; x_wconf 76' lang='grc' dir='ltr'><strong>τολμήσας</strong></span> <span class='ocrx_word' id='word_1_622' title='bbox 1217 4842 1578 4909; x_wconf 78' lang='grc' dir='ltr'><strong>ὑποδέξασθαι</strong></span> <span class='ocrx_word' id='word_1_623' title='bbox 1609 4854 1842 4908; x_wconf 80' lang='grc' dir='ltr'><strong>τοιοῦτος</strong></span> 
     </span>
    </p>
   </div>
   <div class='ocr_carea' id='block_1_96' title="bbox 239 4944 493 4988">
    <p class='ocr_par' dir='ltr' id='par_1_96' title="bbox 239 4944 493 4988">
     <span class='ocr_line' id='line_1_96' title="bbox 239 4944 493 4988; baseline 0 0"><span class='ocrx_word' id='word_1_624' title='bbox 239 4944 493 4988; x_wconf 84' lang='grc' dir='ltr'><strong>τοιοῦτον.</strong></span> 
     </span>
    </p>
   </div>
   <div class='ocr_carea' id='block_1_97' title="bbox 310 5022 1841 5097">
    <p class='ocr_par' dir='ltr' id='par_1_97' title="bbox 310 5022 1841 5097">
     <span class='ocr_line' id='line_1_97' title="bbox 310 5022 1841 5097; baseline -0.001 -19"><span class='ocrx_word' id='word_1_625' title='bbox 310 5023 517 5097; x_wconf 81' lang='grc' dir='ltr'><strong>Θὰμϐος</strong></span> <span class='ocrx_word' id='word_1_626' title='bbox 590 5055 660 5064; x_wconf 92' lang='lat'><strong>—</strong></span> <span class='ocrx_word' id='word_1_627' title='bbox 738 5022 1034 5077; x_wconf 79' lang='grc' dir='ltr'><strong>συνέλαϐον.</strong></span> <span class='ocrx_word' id='word_1_628' title='bbox 1119 5027 1270 5086; x_wconf 87' lang='grc' dir='ltr'><strong>Είκὸς</strong></span> <span class='ocrx_word' id='word_1_629' title='bbox 1346 5027 1469 5097; x_wconf 74' lang='grc' dir='ltr'><strong>γὰρ,</strong></span> <span class='ocrx_word' id='word_1_630' title='bbox 1533 5028 1674 5097; x_wconf 77' lang='grc' dir='ltr'><strong>ἔχειν</strong></span> <span class='ocrx_word' id='word_1_631' title='bbox 1747 5028 1841 5078; x_wconf 84' lang='grc' dir='ltr'><strong>σὺν</strong></span> 
     </span>
    </p>
   </div>
   <div class='ocr_carea' id='block_1_98' title="bbox 307 5164 744 5232">
    <p class='ocr_par' dir='ltr' id='par_1_98' title="bbox 307 5164 744 5232">
     <span class='ocr_line' id='line_1_98' title="bbox 307 5164 744 5232; baseline 0.005 -14"><span class='ocrx_word' id='word_1_632' title='bbox 307 5165 351 5200; x_wconf 77' lang='grc'><strong>⁸³³</strong></span> <span class='ocrx_word' id='word_1_633' title='bbox 383 5164 562 5222; x_wconf 85' lang='lat' dir='ltr'><strong>Marc.</strong></span> <span class='ocrx_word' id='word_1_634' title='bbox 594 5181 634 5232; x_wconf 83' lang='grc' dir='ltr'><strong>ι,</strong></span> <span class='ocrx_word' id='word_1_635' title='bbox 658 5167 744 5223; x_wconf 84' lang='grc'><strong>34.</strong></span> 
     </span>
    </p>
   </div>
   <div class='ocr_carea' id='block_1_99' title="bbox 1953 4572 3618 4652">
    <p class='ocr_par' dir='ltr' id='par_1_99' title="bbox 1953 4572 3618 4652">
     <span class='ocr_line' id='line_1_99' title="bbox 1953 4572 3618 4652; baseline -0.001 -18"><span class='ocrx_word' id='word_1_636' title='bbox 1953 4593 2070 4652; x_wconf 90' lang='lat' dir='ltr'><strong>que</strong></span> <span class='ocrx_word' id='word_1_637' title='bbox 2095 4576 2338 4632; x_wconf 86' lang='lat' dir='ltr'><strong>divinus</strong></span> <span class='ocrx_word' id='word_1_638' title='bbox 2363 4590 2431 4630; x_wconf 87' lang='lat' dir='ltr'><strong>ac</strong></span> <span class='ocrx_word' id='word_1_639' title='bbox 2453 4572 2924 4646; x_wconf 88' lang='lat' dir='ltr'><strong>supernaturalis</strong></span> <span class='ocrx_word' id='word_1_640' title='bbox 2948 4574 3134 4632; x_wconf 93' lang='lat' dir='ltr'><strong>homo</strong></span> <span class='ocrx_word' id='word_1_641' title='bbox 3166 4579 3325 4632; x_wconf 85' lang='lat' dir='ltr'><strong>esset</strong></span> <span class='ocrx_word' id='word_1_642' title='bbox 3354 4589 3368 4631; x_wconf 89' lang='lat'><strong>:</strong></span> <span class='ocrx_word' id='word_1_643' title='bbox 3402 4577 3459 4633; x_wconf 90' lang='lat' dir='ltr'><strong>et</strong></span> <span class='ocrx_word' id='word_1_644' title='bbox 3490 4590 3618 4632; x_wconf 81' lang='lat' dir='ltr'><strong>ma-</strong></span> 
     </span>
    </p>
   </div>
   <div class='ocr_carea' id='block_1_100' title="bbox 1953 4663 3616 4738">
    <p class='ocr_par' dir='ltr' id='par_1_100' title="bbox 1953 4663 3616 4738">
     <span class='ocr_line' id='line_1_100' title="bbox 1953 4663 3616 4738; baseline -0.003 -14"><span class='ocrx_word' id='word_1_645' title='bbox 1953 4682 2070 4738; x_wconf 84' lang='lat' dir='ltr'><strong>gna</strong></span> <span class='ocrx_word' id='word_1_646' title='bbox 2106 4665 2264 4722; x_wconf 88' lang='lat' dir='ltr'><strong>illius</strong></span> <span class='ocrx_word' id='word_1_647' title='bbox 2291 4663 2638 4735; x_wconf 88' lang='lat' dir='ltr'><strong>reverentia,</strong></span> <span class='ocrx_word' id='word_1_648' title='bbox 2691 4663 2906 4736; x_wconf 89' lang='lat' dir='ltr'><strong>suique</strong></span> <span class='ocrx_word' id='word_1_649' title='bbox 2964 4663 3338 4738; x_wconf 89' lang='lat' dir='ltr'><strong>correptione</strong></span> <span class='ocrx_word' id='word_1_650' title='bbox 3389 4677 3616 4736; x_wconf 88' lang='lat' dir='ltr'><strong>repres-</strong></span> 
     </span>
    </p>
   </div>
   <div class='ocr_carea' id='block_1_101' title="bbox 1955 4751 3614 4826">
    <p class='ocr_par' dir='ltr' id='par_1_101' title="bbox 1955 4751 3614 4826">
     <span class='ocr_line' id='line_1_101' title="bbox 1955 4751 3614 4826; baseline -0.001 -15"><span class='ocrx_word' id='word_1_651' title='bbox 1955 4773 2078 4821; x_wconf 87' lang='lat' dir='ltr'><strong>sus,</strong></span> <span class='ocrx_word' id='word_1_652' title='bbox 2111 4754 2429 4826; x_wconf 90' lang='lat' dir='ltr'><strong>indignum</strong></span> <span class='ocrx_word' id='word_1_653' title='bbox 2457 4767 2588 4809; x_wconf 90' lang='lat' dir='ltr'><strong>sese</strong></span> <span class='ocrx_word' id='word_1_654' title='bbox 2604 4751 2880 4810; x_wconf 89' lang='lat' dir='ltr'><strong>ducebat.</strong></span> <span class='ocrx_word' id='word_1_655' title='bbox 2915 4752 3056 4825; x_wconf 85' lang='lat' dir='ltr'><strong>Ejus</strong></span> <span class='ocrx_word' id='word_1_656' title='bbox 3073 4753 3273 4826; x_wconf 89' lang='lat' dir='ltr'><strong>itaque</strong></span> <span class='ocrx_word' id='word_1_657' title='bbox 3302 4752 3614 4811; x_wconf 88' lang='lat' dir='ltr'><strong>devitabat</strong></span> 
     </span>
    </p>
   </div>
   <div class='ocr_carea' id='block_1_102' title="bbox 1953 4841 3612 4918">
    <p class='ocr_par' dir='ltr' id='par_1_102' title="bbox 1953 4841 3612 4918">
     <span class='ocr_line' id='line_1_102' title="bbox 1953 4841 3612 4918; baseline -0.001 -17"><span class='ocrx_word' id='word_1_658' title='bbox 1953 4844 2356 4918; x_wconf 68' lang='lat' dir='ltr'><strong>praesentiam,</strong></span> <span class='ocrx_word' id='word_1_659' title='bbox 2385 4842 2620 4910; x_wconf 91' lang='lat' dir='ltr'><strong>timens,</strong></span> <span class='ocrx_word' id='word_1_660' title='bbox 2664 4841 2990 4915; x_wconf 89' lang='lat' dir='ltr'><strong>nequando</strong></span> <span class='ocrx_word' id='word_1_661' title='bbox 3030 4841 3482 4915; x_wconf 84' lang='lat' dir='ltr'><strong>periclitaretur,</strong></span> <span class='ocrx_word' id='word_1_662' title='bbox 3539 4857 3612 4900; x_wconf 91' lang='lat' dir='ltr'><strong>eo</strong></span> 
     </span>
    </p>
   </div>
   <div class='ocr_carea' id='block_1_103' title="bbox 1953 4931 3289 5009">
    <p class='ocr_par' dir='ltr' id='par_1_103' title="bbox 1953 4931 3289 5009">
     <span class='ocr_line' id='line_1_103' title="bbox 1953 4931 3289 5009; baseline -0.001 -17"><span class='ocrx_word' id='word_1_663' title='bbox 1953 4934 2119 5009; x_wconf 88' lang='lat' dir='ltr'><strong>quod</strong></span> <span class='ocrx_word' id='word_1_664' title='bbox 2148 4933 2280 4991; x_wconf 87' lang='lat' dir='ltr'><strong>talis</strong></span> <span class='ocrx_word' id='word_1_665' title='bbox 2309 4931 2487 4989; x_wconf 88' lang='lat' dir='ltr'><strong>talem</strong></span> <span class='ocrx_word' id='word_1_666' title='bbox 2516 4947 2698 4990; x_wconf 88' lang='lat' dir='ltr'><strong>ausus</strong></span> <span class='ocrx_word' id='word_1_667' title='bbox 2730 4931 2939 4989; x_wconf 87' lang='lat' dir='ltr'><strong>fuisset</strong></span> <span class='ocrx_word' id='word_1_668' title='bbox 2963 4931 3289 5005; x_wconf 87' lang='lat' dir='ltr'><strong>suscipere.</strong></span> 
     </span>
    </p>
   </div>
   <div class='ocr_carea' id='block_1_104' title="bbox 2023 5019 3610 5094">
    <p class='ocr_par' dir='ltr' id='par_1_104' title="bbox 2023 5019 3610 5094">
     <span class='ocr_line' id='line_1_104' title="bbox 2023 5019 3610 5094; baseline -0.001 -14"><span class='ocrx_word' id='word_1_669' title='bbox 2023 5023 2185 5080; x_wconf 83' lang='lat' dir='ltr'><strong>Vers.</strong></span> <span class='ocrx_word' id='word_1_670' title='bbox 2226 5024 2283 5078; x_wconf 85' lang='lat'><strong>9.</strong></span> <span class='ocrx_word' id='word_1_671' title='bbox 2318 5019 2534 5093; x_wconf 85' lang='lat' dir='ltr'><strong>Stupor</strong></span> <span class='ocrx_word' id='word_1_672' title='bbox 2557 5051 2625 5063; x_wconf 97' lang='lat'><strong>—</strong></span> <span class='ocrx_word' id='word_1_673' title='bbox 2655 5021 3245 5094; x_wconf 83' lang='lat' dir='ltr'><strong>comprehenderant.</strong></span> <span class='ocrx_word' id='word_1_674' title='bbox 3278 5019 3610 5080; x_wconf 83' lang='lat' dir='ltr'><strong>Verisimile</strong></span> 
     </span>
    </p>
   </div>
   <div class='ocr_carea' id='block_1_105' title="bbox 1451 5264 2374 5335">
    <p class='ocr_par' dir='ltr' id='par_1_105' title="bbox 1451 5264 2374 5335">
     <span class='ocr_line' id='line_1_105' title="bbox 1451 5264 2374 5335; baseline -0.003 -1"><span class='ocrx_word' id='word_1_675' title='bbox 1451 5265 1676 5334; x_wconf 63' lang='lat' dir='ltr'><strong>Variae</strong></span> <span class='ocrx_word' id='word_1_676' title='bbox 1705 5264 2040 5335; x_wconf 87' lang='lat' dir='ltr'><strong>lectiones</strong></span> <span class='ocrx_word' id='word_1_677' title='bbox 2075 5271 2144 5335; x_wconf 86' lang='lat' dir='ltr'><strong>et</strong></span> <span class='ocrx_word' id='word_1_678' title='bbox 2169 5272 2374 5332; x_wconf 67' lang='lat' dir='ltr'><strong>nota.</strong></span> 
     </span>
    </p>
   </div>
   <div class='ocr_carea' id='block_1_106' title="bbox 234 5431 1838 5559">
    <p class='ocr_par' dir='ltr' id='par_1_106' title="bbox 234 5431 1838 5559">
     <span class='ocr_line' id='line_1_106' title="bbox 234 5431 1838 5559; baseline -0.002 -63"><span class='ocrx_word' id='word_1_679' title='bbox 234 5431 420 5559; x_wconf 44' lang='grc'><strong>8036)</strong></span> <span class='ocrx_word' id='word_1_680' title='bbox 445 5432 733 5506; x_wconf 83' lang='grc' dir='ltr'><strong>Ἐπιτιμῶν</strong></span> <span class='ocrx_word' id='word_1_681' title='bbox 763 5449 873 5492; x_wconf 92' lang='lat' dir='ltr'><strong>nec</strong></span> <span class='ocrx_word' id='word_1_682' title='bbox 891 5437 1136 5501; x_wconf 87' lang='lat' dir='ltr'><strong>Marcus,</strong></span> <span class='ocrx_word' id='word_1_683' title='bbox 1166 5449 1276 5492; x_wconf 90' lang='lat' dir='ltr'><strong>nec</strong></span> <span class='ocrx_word' id='word_1_684' title='bbox 1305 5435 1626 5492; x_wconf 84' lang='lat' dir='ltr'><strong>Hentenius</strong></span> <span class='ocrx_word' id='word_1_685' title='bbox 1657 5451 1838 5508; x_wconf 90' lang='lat' dir='ltr'><strong>agno-</strong></span> 
     </span>
    </p>
   </div>
   <div class='ocr_carea' id='block_1_107' title="bbox 307 5575 834 5646">
    <p class='ocr_par' dir='ltr' id='par_1_107' title="bbox 307 5575 834 5646">
     <span class='ocr_line' id='line_1_107' title="bbox 307 5575 834 5646; baseline 0.002 -16"><span class='ocrx_word' id='word_1_686' title='bbox 307 5575 742 5646; x_wconf 77' lang='grc' dir='ltr'><strong>(17)Χαλάσατε.</strong></span> <span class='ocrx_word' id='word_1_687' title='bbox 771 5583 834 5631; x_wconf 77' lang='grc' dir='ltr'><strong>Α.</strong></span> 
     </span>
    </p>
   </div>
   <div class='ocr_carea' id='block_1_108' title="bbox 307 5719 1856 5804">
    <p class='ocr_par' dir='ltr' id='par_1_108' title="bbox 307 5719 1856 5804">
     <span class='ocr_line' id='line_1_108' title="bbox 307 5719 1856 5804; baseline 0 -18"><span class='ocrx_word' id='word_1_688' title='bbox 307 5727 440 5801; x_wconf 86' lang='lat' dir='ltr'><strong>(nn)</strong></span> <span class='ocrx_word' id='word_1_689' title='bbox 471 5730 742 5804; x_wconf 73' lang='lat' dir='ltr'><strong>Capturas</strong></span> <span class='ocrx_word' id='word_1_690' title='bbox 760 5719 1196 5804; x_wconf 73' lang='lat' dir='ltr'><strong>magnitudine.</strong></span> <span class='ocrx_word' id='word_1_691' title='bbox 1226 5727 1480 5788; x_wconf 76' lang='lat' dir='ltr'><strong>Prorsus</strong></span> <span class='ocrx_word' id='word_1_692' title='bbox 1507 5727 1856 5803; x_wconf 89' lang='lat' dir='ltr'><strong>piscatione.</strong></span> 
     </span>
    </p>
   </div>
   <div class='ocr_carea' id='block_1_109' title="bbox 2019 5430 3600 5508">
    <p class='ocr_par' dir='ltr' id='par_1_109' title="bbox 2019 5430 3600 5508">
     <span class='ocr_line' id='line_1_109' title="bbox 2019 5430 3600 5508; baseline 0.003 -18"><span class='ocrx_word' id='word_1_693' title='bbox 2019 5434 2134 5508; x_wconf 62' lang='grc'>(18)</span> <span class='ocrx_word' id='word_1_694' title='bbox 2163 5434 2429 5500; x_wconf 85' lang='lat' dir='ltr'><strong>Quatuor</strong></span> <span class='ocrx_word' id='word_1_695' title='bbox 2478 5431 2611 5489; x_wconf 76' lang='lat' dir='ltr'><strong>haec</strong></span> <span class='ocrx_word' id='word_1_696' title='bbox 2657 5431 2954 5508; x_wconf 81' lang='lat' dir='ltr'><strong>vocabula</strong></span> <span class='ocrx_word' id='word_1_697' title='bbox 2991 5430 3193 5508; x_wconf 86' lang='lat' dir='ltr'><strong>omisit</strong></span> <span class='ocrx_word' id='word_1_698' title='bbox 3246 5431 3600 5495; x_wconf 79' lang='lat' dir='ltr'><strong>Hentenius.</strong></span> 
     </span>
    </p>
   </div>
   <div class='ocr_carea' id='block_1_110' title="bbox 1947 5504 3068 5576">
    <p class='ocr_par' dir='ltr' id='par_1_110' title="bbox 1947 5504 3068 5576">
     <span class='ocr_line' id='line_1_110' title="bbox 1947 5504 3068 5576; baseline -0.003 -11"><span class='ocrx_word' id='word_1_699' title='bbox 1947 5504 2138 5564; x_wconf 83' lang='lat' dir='ltr'><strong>Verba</strong></span> <span class='ocrx_word' id='word_1_700' title='bbox 2175 5508 2484 5562; x_wconf 84' lang='lat' dir='ltr'><strong>contextus</strong></span> <span class='ocrx_word' id='word_1_701' title='bbox 2514 5515 2713 5576; x_wconf 78' lang='lat' dir='ltr'><strong>autem</strong></span> <span class='ocrx_word' id='word_1_702' title='bbox 2743 5504 3068 5576; x_wconf 81' lang='lat' dir='ltr'><strong>conjunxit.</strong></span> 
     </span>
    </p>
   </div>
   <div class='ocr_carea' id='block_1_111' title="bbox 2021 5571 2959 5651">
    <p class='ocr_par' dir='ltr' id='par_1_111' title="bbox 2021 5571 2959 5651">
     <span class='ocr_line' id='line_1_111' title="bbox 2021 5571 2959 5651; baseline -0.002 -18"><span class='ocrx_word' id='word_1_703' title='bbox 2021 5576 2133 5651; x_wconf 83' lang='lat' dir='ltr'><strong>(l9)</strong></span> <span class='ocrx_word' id='word_1_704' title='bbox 2161 5581 2376 5636; x_wconf 81' lang='grc' dir='ltr'><strong>Μήποτε</strong></span> <span class='ocrx_word' id='word_1_705' title='bbox 2404 5580 2495 5630; x_wconf 84' lang='grc' dir='ltr'><strong>καὶ</strong></span> <span class='ocrx_word' id='word_1_706' title='bbox 2526 5571 2871 5650; x_wconf 63' lang='grc' dir='ltr'><strong>κινδυνεύσηῖ</strong></span> <span class='ocrx_word' id='word_1_707' title='bbox 2891 5576 2959 5631; x_wconf 89' lang='grc' dir='ltr'><strong>Β.</strong></span> 
     </span>
    </p>
   </div>
  </div>
