4210 6500
599 359 710 416 919

1926 357 2289 420 EUTHYMII
2326 357 2655 416 ZIGABENI

3891 357 3992 415 920

600 485 763 542 enim
795 487 906 554 est,
936 497 1057 540 non
1087 482 1286 541 solum
1315 483 1558 542 fratrem
1584 485 1892 544 Andream
1924 500 2130 542 secum
2153 484 2258 540 ha-

2376 482 2515 554 αύτῷ
2554 488 2624 556 μή
2675 489 2830 556 μόνον
2867 486 2954 536 τὸν
3008 478 3227 555 ἀδελφὸν
3267 477 3536 557 Ἀνδρέαν,
3570 480 3700 534 ἀλλὰ
3756 485 3861 536 κοίὶ
3917 506 3993 556 μισ

601 573 832 643 buisse,
871 588 1084 629 verum
1127 573 1310 629 etiam
1343 574 1747 631 mercenarios
1787 575 1939 631 sicut
1965 574 2141 630 etiam
2184 572 2259 629 de

602 662 827 720 Jacobo
871 666 930 719 et.
964 664 1194 718 Joanne
1236 661 1442 720 docuit
1488 666 1716 720 Marcus
1754 666 1909 722 circa
1937 664 2120 720 ﬁnem
2164 661 2260 719 sui

601 751 900 826 prooemii.

675 839 949 898 Vers.10.
971 840 1636 910 Similiter—captabis.
1662 841 1992 898 Abundans
2014 843 2264 912 captura

604 929 860 1002 piscium
906 934 1087 1002 typus
1120 934 1247 985 erat
1301 930 1559 1001 copiosa
1613 929 1932 987 hominum
1980 934 2260 1002 captura,

605 1033 676 1076 ac
692 1018 1326 1091 prasignatiomagna
1344 1019 1582 1076 illorum
1609 1019 2030 1084 multitudinis,
2050 1019 2154 1092 qui
2185 1017 2263 1074 ab

605 1107 1204 1182 apostolisirretiendi
1221 1115 1409 1174 erant,
1428 1124 1689 1180 quorum
1705 1108 2048 1165 sensibilem
2061 1111 2260 1179 captu.

604 1212 737 1254 ram
767 1196 845 1253 ad
867 1195 1320 1253 intellectualem
1350 1197 1642 1254 transtulit
1668 1199 1953 1254 Christus.
1983 1196 2261 1262 Posthac,

607 1285 822 1358 inquit,
862 1289 1097 1342 mutata
1125 1285 1231 1341 tibi
1265 1285 1616 1358 piscatione,
1657 1286 1934 1343 homines
1968 1285 2264 1359 captabis.

681 1459 1186 1520 Considerandum
1222 1467 1422 1517 autem
1462 1465 1518 1518 et
1554 1461 1728 1532 juxta
1755 1476 2090 1532 anagogen,
2133 1476 2266 1533 qua

611 1551 690 1608 ad
719 1563 986 1624 prasens
1017 1548 1243 1605 faciunt
1273 1550 1674 1622 propositum.
1702 1553 1848 1606 Ante
1884 1549 2092 1606 Christi
2123 1565 2267 1607 sane

608 1638 1174 1714 peregrinationem,
1247 1654 1366 1696 nox
1423 1644 1548 1696 erat
1594 1638 1815 1695 erroris
1877 1644 1934 1695 et
1990 1640 2267 1710 ignoran-

609 1730 706 1788 tia
764 1732 937 1785 recta
984 1726 1122 1783 ﬁdei
1171 1744 1184 1783 :
1226 1727 1286 1784 in
1351 1743 1471 1800 qua
1535 1727 1844 1800 propheta
1927 1728 2269 1785 laborantes

2374 573 2625 637 σθωτοὺς,
2668 576 2736 633 ὡς
2765 577 2854 625 καὶ
2889 570 3136 633 Ἰάκωϐος
3164 575 3253 623 καὶ
3285 569 3547 639 Ἰωάννης,
3575 573 3754 632 καθὼς
3789 572 3818 624 ὁ
3851 577 3990 645 Μάρ-

2371 679 2460 724 κος
2482 657 2696 725 ἐδίδαξε
2725 665 2855 737 πρὸς
2879 669 2951 733 τῷ
2975 661 3104 714 τελιι
3130 669 3220 713 τοῦ
3250 665 3528 735 προοιμίου
3552 660 3739 716 αὐτοῦ.

2441 837 2664 912 Ὁμοίως
2711 869 2781 880 -
2828 841 2919 912 ἴση
2975 842 3206 911 ζωγρῶν·
3264 845 3330 891 Ἥ
3386 840 3490 912 γὰρ
3545 835 3794 910 δαψιλὴς
3859 842 3988 914 ἄγρα

2371 933 2469 978 τῶν
2501 927 2701 998 ἰχθύων
2739 930 2896 989 τύπος
2927 925 2988 986 ἦν
3018 936 3110 1001 τῇς
3151 924 3409 998 δαψιλοῦς
3438 927 3604 1000 ἄγρας
3646 937 3759 980 τῶν
3801 927 3982 1002 ἀνθρώ-

2373 1034 2501 1081 πων,
2543 1022 2632 1068 καὶ
2688 1022 3008 1091 προμὴνυμα
3053 1016 3143 1070 τοῦ
3195 1015 3384 1069 πολλοῦ
3436 1016 3667 1079 πλήθους
3719 1026 3831 1069 τῶν
3873 1020 3980 1090 μελο

2372 1103 2560 1156 λόντων
2603 1108 2987 1178 σαγηνευθῆναι
3047 1107 3191 1180 παρά
3233 1113 3334 1159 τῶν
3383 1105 3707 1171 ἀποστόλων,
3773 1108 3848 1158 ὧν
3904 1113 3977 1166 τὴν

2376 1194 2636 1253 αἰσθητὴν
2667 1194 2860 1248 ἁλιείαν
2901 1196 2967 1256 εἰς
2995 1200 3184 1254 νοητὴν
3209 1197 3483 1268 μετέθηκεν
3515 1197 3540 1248 ὁ
3570 1200 3836 1271 Χριστός.
3869 1197 3978 1249 Ἀπὸ

2374 1291 2466 1336 τοῦ
2504 1292 2592 1336 νῦν
2620 1286 2744 1358 γὰρ,
2787 1290 2938 1356 φησι,
2970 1284 3384 1358 μεταϐληθείσης
3415 1304 3499 1338 σοι
3537 1294 3629 1347 τῆς
3668 1285 3976 1350 ἁλιευτικῆς,

2376 1371 2673 1448 ἀνθρώπους
2704 1377 2796 1446 ἴση
2835 1375 3085 1448 θηρεύων.

2449 1467 2746 1536 Θεωρητέον
2797 1459 2855 1516 δι
2894 1468 2983 1515 καὶ
3027 1466 3161 1515 κατά
3212 1462 3486 1536 ἀναγωγὴν
3542 1467 3609 1516 τά
3658 1473 3763 1528 τῆς
3802 1467 3980 1538 παρούο

2380 1567 2473 1609 σης
2505 1550 2815 1612 ὑποθέσεως.
2849 1555 2956 1626 Πρὸ
3007 1556 3098 1624 μεν
3128 1560 3219 1613 τῆς
3264 1549 3548 1625 ἐπιδημίας
3593 1562 3691 1606 τοῦ
3725 1561 3976 1630 Χριστοῦ,

2375 1638 2468 1700 νύξ
2498 1635 2558 1696 ἦν
2603 1639 2800 1702 πλάνης
2828 1646 2918 1693 καὶ
2953 1646 3166 1712 ἀγνοίας
3203 1651 3298 1702 τῆς
3353 1642 3512 1716 ὀρθῆς
3550 1647 3805 1710 πίστεως,
3848 1643 3895 1695 ἐν

2377 1728 2426 1778 οἱ
2483 1737 2746 1800 προφῆται
2800 1733 3162 1795 κοπιάσαντες,
3223 1727 3411 1784 οὐδένα
3466 1731 3643 1784 ἐλάϐον
3698 1735 3971 1794 πειθήνιον,

609 1817 841 1876 nullum
853 1815 1235 1874 obedientem
1257 1822 1632 1890 acccperant,
1647 1832 1716 1873 eo
1729 1816 1894 1889 quod
1917 1823 2114 1873 essent
2135 1817 2268 1873 faci-

2378 1819 2680 1889 κακούργων
2734 1823 2891 1870 ὄντων
2947 1827 3048 1872 τῶν
3110 1819 3332 1891 λογικῶν
3385 1818 3586 1872 ἐκείνων
3639 1820 3846 1892 ἰχθύων
3895 1827 3975 1871 καὶ

611 1907 814 1964 norosi
833 1906 947 1980 (oo)
976 1906 1297 1962 rationales
1325 1906 1405 1962 illi
1423 1907 1616 1979 pisces
1628 1912 1684 1963 et
1704 1907 1993 1976 fugerent.
2015 1906 2269 1973 Quando

613 2000 816 2054 autem
852 2001 1018 2052 ortus
1049 1999 1136 2050 est
1161 1994 1260 2052 Sol
1284 1995 1545 2067 justitia,
1578 1995 1895 2052 hominum
1923 1995 2269 2052 illuminans

617 2085 875 2149 animas,
893 2089 1033 2140 tunc
1044 2084 1118 2140 ab
1136 2084 1422 2156 apostolis
1442 2083 1641 2141 laxata
1654 2090 1792 2140 sunt
1818 2085 1966 2140 retia
1985 2085 2270 2141 doctrina

616 2172 1062 2248 pradicationis
1083 2172 1433 2242 evangelicae
1448 2190 1462 2229 :
1478 2177 1534 2230 et
1562 2171 1983 2229 concluserunt
2009 2173 2273 2229 multitu-

616 2262 820 2319 dinem
836 2262 1146 2334 copiosam
1168 2261 1551 2318 rationalium
1570 2262 1844 2335 piscium,
1877 2278 2088 2335 greges
2116 2263 2270 2320 vide-

614 2351 751 2408 licet
779 2351 1066 2422 gentium.
1088 2350 1411 2423 Participes
1423 2366 1566 2407 vero
1595 2367 1665 2407 ac
1684 2351 1826 2407 socii
1851 2358 2109 2423 captura
2131 2367 2273 2423 apo-

616 2439 987 2496 stolicasunt
1011 2439 1275 2512 episcopi
1305 2455 1376 2496 ac
1399 2439 1668 2509 magistri
1685 2438 2060 2510 singularum
2087 2438 2274 2496 eccle-

616 2528 864 2594 siarum,
896 2527 999 2601 qui
1032 2543 1144 2584 suo
1166 2527 1370 2584 labore
1391 2528 1828 2600 coopitulantur
1855 2527 2164 2601 apostolis.

690 2621 847 2674 Vers.
874 2619 959 2674 11.
987 2617 1068 2674 Et
1092 2616 1434 2674 deducenm
1463 2647 1531 2658 —
1548 2631 1698 2674 eum.
1721 2619 1886 2674 Nunc
1914 2616 2168 2689 perfecte
2187 2632 2272 2673 se-

616 2707 736 2765 cuti
767 2709 907 2762 sunt
934 2721 1094 2762 eum.

1044 2794 1196 2850 CAP.
1231 2791 1336 2849 X11.
1369 2794 1454 2850 De
1477 2793 1721 2863 loproso.

687 2883 828 2940 Vers
841 2883 928 2939 12.
955 2883 1031 2938 Et
1039 2882 1272 2950 factum
1289 2888 1373 2939 est
1390 2913 1458 2923 —
1478 2880 1781 2939 mundare.
1804 2884 1883 2939 De
1909 2882 2016 2939 hoc
2040 2881 2270 2939 dictum

619 2976 711 3031 est
742 2976 910 3029 sexto
957 2972 1150 3044 capite
1177 2970 1480 3042 Evangelii
1529 2971 1860 3028 secundum
1909 2971 2266 3028 Matthaum.

687 3061 854 3119 Vers.
890 3064 973 3121 13.
1001 3061 1080 3118 Et
1103 3091 1175 3103 —
1199 3061 1362 3118 Vers-
1398 3063 1490 3118 14.
1527 3061 1760 3118 diceret.
1806 3061 1888 3118 ibi
1917 3062 2100 3119 etiam
2143 3062 2271 3118 hac

615 3149 920 3208 declarata
949 3152 1108 3206 sunt.

687 3239 851 3296 Vers.
882 3242 965 3295 14.
1016 3237 1128 3295 Sed
1153 3267 1223 3280 —
1254 3237 1462 3296 Moses.
1491 3237 1607 3295 Sed
1638 3237 1754 3303 abi,
1796 3238 1990 3312 inquit
2023 3255 2035 3295 :
2069 3239 2273 3297 Deﬁcit

617 3330 798 3396 enim,
826 3328 1037 3402 inquit,
1059 3327 1420 3384 extrinsecus
1443 3327 1831 3386 sumendum.
1861 3328 2130 3386 Invenies
2167 3345 2270 3386 au-

615 3421 736 3476 tem
785 3418 1000 3476 horum
1058 3433 1302 3490 quoque
1354 3417 1794 3475 enarrationem
1841 3418 2125 3490 pradicto
2177 3434 2272 3476 ca-

615 3507 754 3581 pite.

684 3597 858 3655 Vers.
871 3598 954 3653 14.
968 3596 1038 3653 In
1061 3595 1454 3654 testimonium
1471 3596 1618 3653 ειιιε.
1639 3594 1917 3653 Similiter
1937 3600 1996 3654 et
2015 3611 2272 3669 prasen-

615 3685 691 3745 tis
721 3684 904 3742 verbi.

686 3774 851 3830 Vers.
877 3773 957 3829 15.
979 3772 1434 3843 Pervagabatur
1453 3803 1517 3814 --
1537 3771 1706 3829 Vers.
1733 3773 2066 3832 16.0rabal.
2088 3775 2271 3846 Opor-

618 3865 699 3920 tet
739 3876 880 3931 ergo
927 3865 983 3917 et
1028 3875 1163 3923 nos,
1219 3875 1356 3916 cum
1415 3861 1684 3932 praclari
1731 3862 1957 3936 aliquid
2010 3863 2268 3933 agimus,

616 3951 842 4023 fugere,
868 3965 943 4006 ne
970 3949 1051 4007 ab
1080 3948 1426 4006 hominibus
1465 3949 1836 4008 celebramur
1863 3970 1876 4009 :
1909 3968 2080 4010 orare
2106 3967 2267 4022 vero,

617 4045 683 4097 ut
710 4037 889 4096 nobis
927 4037 1152 4096 donum
1183 4043 1239 4094 et
1260 4038 1449 4108 gratia
1479 4045 1880 4096 conservetur.

689 4127 854 4184 Vers.
889 4133 974 4186 l7.
1003 4127 1372 4200 Factumque
1397 4159 1467 4169 —
1495 4127 1722 4185 docens.
1750 4128 1811 4186 ln
1841 4129 1954 4186 hac
2007 4131 2273 4190 oratione

617 4218 695 4286 Et
717 4218 833 4290 ipse
860 4223 990 4274 erat
1018 4216 1255 4282 docens,
1293 4216 1585 4283 abundat,
1622 4222 1672 4273 et
1711 4217 2025 4277 Hebraica
2071 4226 2272 4279 autem

617 4307 837 4378 lingua
847 4307 962 4364 hoc
975 4305 1270 4379 peculiare
1283 4310 1393 4372 est,
1413 4307 1632 4378 sapius
1643 4311 1845 4364 autem
1859 4309 2021 4382 apud
2036 4310 2270 4367 Lucam-

618 4399 850 4455 Marcus
878 4411 1018 4453 vero
1039 4396 1218 4453 etiam
1244 4395 1494 4462 addidit,
1518 4396 1618 4453 ubi
1647 4402 1789 4456 tunc
1814 4405 1943 4457 erat
1974 4400 2183 4458 docens
2202 4403 2270 4467 ³⁷,

614 4501 834 4559 nempe
863 4486 925 4542 in
963 4484 1168 4552 domo,

686 4544 850 4633 Vers.
879 4576 968 4631 17.
1002 4576 1067 4630 Et
1101 4544 1382 4631 sedebant
1406 4603 1470 4616 —
1499 4574 1831 4634 Jerusalem.
1865 4578 1975 4644 Qui
2007 4579 2272 4653 undique
2303 4544 2348 4599 Β

617 4662 986 4722 advenerant
1017 4667 1262 4735 propter
1295 4662 1524 4720 famam
1563 4665 1712 4736 ejus.

688 4751 848 4808 Vers.
877 4752 966 4809 17.
998 4753 1078 4808 Et
1122 4751 1310 4809 virtus
1335 4783 1403 4794 —
1431 4768 1543 4810 eos.
1588 4754 1784 4811 Virtus
1830 4754 1930 4812 Dei
1977 4761 2102 4814 erat
2132 4773 2271 4815 cum

617 4854 690 4897 eo
728 4841 806 4897 ad
834 4840 1179 4898 sanandum
1205 4841 1430 4899 turbas.
1461 4843 1743 4900 Virtutem
1788 4851 1988 4902 autem
2039 4847 2272 4904 Domini

616 4927 784 4996 dixit,
815 4928 892 4987 ob
913 4927 1265 4988 continuam
1285 4937 1340 4988 et
1361 4932 1728 4991 auctoritatis
1750 4932 1993 5007 plenam
2014 4936 2273 4995 sanatio-

615 5030 781 5075 nem.

688 5167 786 5244 (³⁸)
815 5167 1000 5230 Marc.
1029 5183 1094 5240 ιι,
1124 5171 1180 5228 1.

2379 1911 2684 1976 φευγόντων·
2736 1911 2817 1960 ὅτε
2872 1905 2931 1962 δε
2989 1907 3230 1962 ἀνέτειλεν
3283 1911 3308 1960 ό
3340 1907 3518 1970 Ἤλιος
3572 1917 3665 1970 τῆς
3707 1906 3970 1962 δικαιοσύ-

2377 2013 2485 2060 νης,
2516 1996 2540 2046 ὁ
2569 1996 2804 2067 φωτίζων
2841 2000 2933 2059 τὰς
2967 1997 3150 2069 ψυχὰς
3207 2005 3306 2048 τῶν
3339 1996 3638 2073 ἀνθρώπων,
3675 2005 3789 2052 τότε
3840 2000 3970 2072 παρά

2379 2091 2478 2134 τῶν
2509 2082 2806 2137 ἀποστόλων
2855 2085 3125 2157 ἐχαλάσθη
3163 2090 3228 2138 τά
3255 2085 3447 2139 δίκτυα
3484 2097 3574 2148 τῆς
3623 2083 3964 2151 διδασκαλίας

2381 2181 2471 2224 τού
2497 2173 2831 2245 εύαγγελικοῡ
2877 2178 3229 2246 κηρύγματος,
3270 2181 3358 2228 καὶ
3404 2176 3740 2236 συνεκλείσθη
3783 2181 3963 2240 πλῆθος

2380 2259 2599 2333 λογικῶν
2627 2263 2825 2335 ἰχθύων
2862 2265 3014 2328 πολὺ,
3070 2263 3251 2336 ἀγέλαι
3299 2264 3472 2318 ἐθνῶνο
3508 2272 3724 2338 μέτοχοι
3776 2265 3833 2320 δε
3880 2272 3960 2320 καὶ

2382 2357 2612 2404 κοινωνοὶ
2656 2361 2745 2413 τῆς
2794 2351 3141 2413 ἀποστολικῆς
3199 2352 3381 2426 ἄγρας,
3450 2358 3499 2407 οἰ
3558 2359 3830 2408 ἐπίσκοποι
3884 2362 3964 2408 καὶ

2383 2435 2699 2494 διδάσκαλοι
2728 2450 2826 2493 τῶν
2853 2446 2988 2494 κατά
3017 2448 3205 2504 τόπους
3253 2442 3561 2510 ἐκκλησιῶν,
3594 2444 3640 2496 οἳ
3683 2443 3958 2517 συλλαμϐάο

2380 2546 2554 2580 νονται
2584 2537 2675 2581 τοῦ
2705 2535 2862 2582 πόνου
2892 2538 3000 2593 τοῖς
3043 2531 3375 2594 ἀποστόλοις.

2455 2623 2554 2670 Kal
2617 2624 2999 2692 καταγαγόντες
3054 2651 3123 2660 -
3178 2621 3342 2691 αύτῷ.
3408 2628 3515 2676 Νῦν
3579 2621 3808 2684 ὁλοτελῶς
3848 2622 3957 2680 ἠκο-

2378 2703 2538 2764 λούθη
2548 2725 2643 2759 σαν
2673 2708 2810 2778 αὐτῷ
2824 2752 2837 2766 .

2788 2800 2935 2853 ΚΕΦ.
2969 2798 3065 2853 ΙΒ’.
3096 2803 3220 2872 Περὶ
3243 2807 3333 2852 τοῦ
3369 2807 3563 2873 Αεπροῦ.

2455 2890 2555 2938 Καὶ
2582 2884 2776 2958 ἐγένετο
2825 2918 2891 2928 -
2932 2890 3239 2962 καθαρίσαι.
3283 2893 3494 2963 Εἴρηται
3544 2891 3650 2964 περὶ
3687 2888 3860 2938 τούτου
3888 2886 3936 2936 έν

2379 2981 2451 3044 τῷ
2475 2974 2606 3047 ἕκτῳ
2639 2976 2895 3049 κεφαλαίῳ
2916 2985 3007 3029 τοῦ
3029 2982 3162 3030 κατά
3193 2980 3474 3033 Ματθαίον.

2455 3069 2554 3118 Καὶ
2587 3095 2649 3105 -
2688 3065 2838 3120 εἰπεί.
2863 3065 3002 3118 Ἐκεῖ
3027 3072 3114 3119 καὶ
3137 3075 3304 3119 ταὺτα
3325 3063 3780 3140 διηρμηνεύθησαν.

2453 3240 2589 3294 Ἀλλ’
2644 3270 2712 3281 -
2766 3249 3018 3305 Μωύσῆς.
3078 3242 3214 3295 Ἀλλ’
3271 3242 3523 3309 ἀπελθὼν,
3569 3247 3709 3316 φησί,
3754 3245 3838 3293 καὶ
3885 3241 3944 3291 τὰ

2383 3330 2520 3394 ἐξῆς.
2584 3335 2763 3384 Λείπει
2831 3334 2932 3405 γὰρ
2987 3335 3066 3398 τὸ,
3127 3338 3280 3405 φησὶ,
3341 3332 3523 3396 ἐξωθεν
3578 3331 3936 3406 λαμϐανόμενον.

2383 3422 2632 3494 Εὑρήσεις
2686 3417 2744 3473 δι
2792 3426 2882 3473 καὶ
2929 3426 3022 3479 τὴν
3071 3423 3264 3474 τούτων
3296 3420 3548 3493 ἐξήγησιν
3579 3425 3628 3474 εν
3673 3428 3743 3492 τῷ
3769 3419 3932 3494 ῥηθέντι

2381 3507 2659 3580 κεφαλαίῳ.

2455 3597 2540 3658 Εἰς
2560 3599 2846 3672 μαρτύριον
2876 3597 3069 3658 αὐτοῖς.
3105 3597 3328 3669 Ὀμοίως
3361 3603 3451 3650 καὶ
3477 3603 3571 3658 τὴν
3603 3605 3694 3651 τοῦ
3722 3598 3943 3668 παρόντος

2380 3688 2563 3761 ῥητοῦ.

2456 3781 2715 3849 Διήρχετο
2759 3807 2827 3816 -
2873 3781 3311 3849 προσευχόμενος.
3376 3780 3492 3850 Χρὴ
3552 3779 3652 3851 γὰρ
3707 3779 3790 3827 καὶ
3836 3774 3953 3842 ἡμᾶς

2383 3867 2763 3940 κατορθοῦντας
2794 3884 2866 3931 τι,
2904 3868 3106 3937 φεύγειν
3137 3869 3246 3937 μεν,
3282 3867 3408 3936 ὑπερ
3457 3874 3548 3918 τοῦ
3599 3871 3670 3937 μη
3704 3864 3835 3936 παρὰ
3867 3866 3954 3910 τῶν

2385 3953 2664 4029 ἀνθρώπων
2719 3955 3081 4026 εύφημεῑσθαι·
3135 3957 3531 4028 προσεύχεσθαι
3583 3952 3662 4023 δι,
3713 3954 3831 4023 ὑπερ
3875 3952 3955 3998 τοῦ

2385 4041 2815 4117 διαφυλαχθῆναι
2854 4045 2979 4116 ἡμῖν
3009 4047 3066 4096 τὸ
3096 4045 3366 4117 χάρισμα.

2458 4139 2558 4187 Καὶ
2576 4133 2770 4204 ἐγένετο
2800 4165 2868 4174 -
2895 4129 3192 4187 διδάσκων.
3234 4136 3356 4188 Τοῦ·
3393 4133 3504 4205 (20)
3552 4139 3650 4188 Καὶ
3695 4132 3845 4188 αὐτὸς
3901 4121 3957 4182 ἦν

2386 4220 2680 4290 διδάσκων,
2712 4227 2950 4296 περιττόν
2969 4221 3079 4274 ἐστι
3111 4226 3191 4292 τὸ,
3219 4229 3329 4275 καὶ.
3357 4230 3430 4295 Τῇ
3458 4226 3558 4298 γὰρ
3589 4230 3684 4274 τῶν
3717 4215 3959 4288 Ἐϐραίων

2387 4310 2640 4383 διαλέκτῳ
2668 4317 2758 4364 καὶ
2795 4320 2945 4364 τοῦτο
2996 4312 3228 4372 σύνηθες·
3262 4311 3531 4383 πολλαχοῦ
3576 4307 3632 4365 δι
3685 4313 3828 4360 τοῦτο
3878 4305 3962 4352 καί

2383 4404 2528 4472 παρά
2574 4410 2646 4471 τῷ
2693 4407 2897 4471 Λουκᾷ·
2967 4402 3176 4473 Μάρκος
3225 4396 3284 4453 δέ
3329 4403 3637 4475 προσέθηκε,
3667 4399 3753 4449 καὶ
3780 4398 3874 4445 πού
3903 4385 3960 4448 ἧν

2385 4487 2660 4544 διδάσκων
2687 4494 2820 4556 τότε,
2866 4491 2946 4541 ὅτι
2976 4487 3024 4540 ἐν
3055 4488 3214 4560 οἰκίᾳ.

2457 4583 2559 4636 Καὶ
2601 4577 2734 4638 ἦσαν
2781 4580 3063 4650 καθήμενοι
3117 4608 3184 4618 -
3228 4576 3589 4650 Ἰερουσαλήμ.
3644 4567 3960 4641 Πανταχόθεν

2382 4667 2631 4732 ἐλθόντες,
2657 4665 2751 4720 διὰ
2768 4672 2860 4726 τὴν
2887 4672 3064 4739 φήμην
3104 4666 3282 4718 αὐτοῦ.

2456 4760 2556 4814 Καὶ
2591 4754 2813 4828 δύναμις
2844 4787 2908 4796 -
2935 4756 3145 4818 αὐτούς.
3178 4758 3403 4826 Δύναμις
3452 4759 3580 4807 Θεοῦ
3624 4750 3683 4811 ἦν
3713 4745 3829 4821 παρ’
3873 4741 3962 4796 αὖ·

2381 4855 2454 4919 τῷ
2486 4847 2556 4908 εἰς
2585 4851 2642 4899 τὸ
2675 4847 2856 4898 ἰᾶσθαι
2889 4849 3006 4906 τοὺς
3036 4845 3246 4917 ὄχλους
3299 4840 3519 4916 δύναμιν
3569 4840 3627 4895 δέ
3674 4841 3858 4911 Κυρίου
3895 4827 3960 4882 εἷο

2381 4955 2470 4990 πεν
2510 4936 2688 5006 αὐτὴν,
2720 4931 2813 4988 διὰ
2850 4937 2909 4987 τὸ
2950 4938 3167 5006 συνεχὲς
3217 4938 3307 4985 καὶ
3347 4931 3739 4996 ἐξουσιαστικόν
3765 4932 3854 4986 τῆς
3883 4919 3958 4971 id"

2385 5043 2539 5087 σεως.

1816 5245 2045 5316 Varia
2091 5246 2423 5319 lectiones
2450 5258 2518 5318 et
2545 5257 2727 5318 nota

689 5413 824 5486 (20).
855 5412 1488 5488 nentenius‘reddidit,
1531 5429 1602 5488 ac
1655 5415 1700 5471 si
1729 5415 1935 5486 legerit
1965 5415 2013 5468 ἐν
2069 5425 2140 5488 τῷ
2187 5425 2276 5473 καὶ

617 5489 754 5572 ante
782 5483 981 5572 gown;
1018 5483 1254 5572 omittit.
1410 5487 1564 5572 Legi
1603 5501 1746 5559 ergo
1793 5483 1985 5572 possit
2016 5483 2127 5572 πρό·
2160 5498 2271 5557 τοῦ,

618 5555 778 5618 αὐτὸς
805 5555 887 5615 ἦν.
921 5556 1139 5614 Scriba
1169 5571 1312 5628 ergo
1349 5556 1464 5615 hoc
1491 5555 1646 5629 loco,
1674 5555 1838 5627 'non,
1872 5565 1937 5618 ut
1990 5555 2151 5630 alibi,
2186 5555 2278 5620 so-

690 5698 806 5772 (oo)
835 5701 1162 5759 Facinorou‘
1186 5701 1334 5771 Imo,
1361 5699 1615 5768 subdoli,
1648 5701 1894 5760 versuti.

2388 5418 2508 5476 lam
2541 5418 2794 5476 litteram
2820 5416 3223 5488 majuscnlam
3251 5421 3307 5472 et
3333 5415 3643 5478 initialem,
3669 5406 3766 5466 sed
3789 5404 3959 5460 totum

2385 5490 2750 5549 vocabulum
2782 5489 3132 5546 omiserunt.
