4210 6484
333 405 428 463 9m
1463 386 1833 451 COMMENT.
1884 381 1954 439 IN
1996 380 2248 441 LUCAM.
2288 419 2357 430 —
2396 388 2557 449 CAP.
2605 392 2705 450 v1.
3587 392 3694 449 922

2463 515 2621 572 CAP.
2648 516 2786 572 XIII.
2810 519 2887 573 De
2916 517 3259 590 paralytico.

2113 600 2275 656 Vers.
2307 606 2392 662 18.
2424 604 2497 661 Et
2518 620 2647 662 ecce
2666 638 2734 647 -—
2754 608 2883 663 illo.
2905 610 2981 662 De
3002 607 3112 663 hoc
3134 607 3451 665 manlfeste
3467 608 3694 665 dictum

2042 692 2129 745 est
2166 689 2401 749 decimo
2430 695 2602 752 tertio
2631 696 2820 767 capite
2841 696 3014 768 juxta
3032 696 3392 752 Matthteum.

2113 778 2277 835 Vers.
2307 785 2391 837 19.
2423 784 2676 855 Cumque
2696 800 2809 840 non
2840 784 3197 841 invenissent
3243 814 3313 827 —
3342 784 3529 843 turba.
3566 786 3696 852 Qua

654 535 801 583 ΚΕΦ.
831 526 927 582 Il".
955 529 1081 598 Περὶ
1105 530 1198 577 τοῦ
1235 521 1607 598 παραλυτικοῦ.
1960 506 2009 562 Α

410 624 506 674 Καὶ
539 616 657 672 ἰδοὺ
687 648 753 659 —
787 617 1192 689 αὐτοῡΕῖρηται
1221 617 1341 685 περὶ
1371 614 1554 664 τούτου
1589 614 1762 679 σαφῶς
1781 602 1829 655 ἐν
1858 608 1931 671 τῷ

338 704 755 782 τρισκαιδεκάτῳ
785 705 1042 778 κεφαλαίῳ
1072 709 1164 756 τοῦ
1193 704 1330 754 κατὰ
1358 702 1642 754 Μάτθαῖον.

407 798 517 852 Καὶ
546 802 617 870 μὴ
650 798 875 871 εὑρόντες
922 826 991 834 -
1035 792 1212 864 ὄχλον.
1244 796 1401 852 Ποίας
1448 786 1594 860 ὀδοῦ,
1648 782 1742 839 διὰ
1784 787 1933 842 ποίας

338 866 569 942 εἰσόδου.
704 866 714 871 ἰ

2071 866 2159 936 'ia,
2190 884 2299 941 per
2336 886 2523 943 quam
2554 872 2911 943 ingressum.

405 973 714 1035 ’Δναϐάντες
765 1003 835 1014 -
892 990 1005 1025 σου.
1053 970 1136 1024 Ἐν
1191 971 1365 1041 ἐκείνῳ
1422 970 1510 1019 καὶ
1563 969 1684 1038 περὶ
1739 964 1933 1015 τούτων

2114 959 2271 1013 Vers.
2336 964 2418 1017 t9.
2477 960 2799 1019 Conscenso
2845 961 3101 1020 —Vers.
3160 962 3248 1019 20.
3303 966 3421 1020 tua.
3477 964 3540 1020 1n
3595 963 3696 1021 illo

338 1062 455 1139 ίρῥή
466 1066 550 1121 Θη.

2071 1046 2223 1103 tiam
2249 1048 2325 1105 de
2354 1049 2450 1105 his
2481 1050 2711 1107 dictum
2740 1055 2849 1107 est.

2042 1136 2274 1281 h'Vers.
2307 1140 2395 1195 2i.
2421 1140 2855 1212 Coeperuntque
2875 1170 2944 1185 —
2974 1141 3126 1199 Deus
3160 1140 3189 1198 ἲ
3218 1141 3493 1199 Similiter
3535 1146 3593 1199 et
3623 1141 3696 1199 de

2088 1242 2155 1281 ιε.

412 1158 512 1207 Καὶ
541 1152 759 1227 ἤρξαντο
787 1181 854 1193 --
882 1152 908 1202 ό
935 1154 1062 1212 Θεός
1087 1165 1101 1215 ;
1135 1153 1337 1221 Ομοιως
1364 1151 1450 1199 καὶ
1481 1148 1598 1219 περὶ
1619 1161 1831 1198 τουτων.

409 1333 682 1403 Ἐπιγνοὺς
732 1361 800 1370 -
850 1330 1161 1402 περιπάτει;
1224 1323 1614 1401 Παραπλησῖως
1668 1324 1757 1372 καὶ
1818 1324 1936 1392 περὶ

2116 1318 2275 1373 Vers.
2321 1320 2409 1374 22.
2470 1318 2715 1392 Cognita
2765 1348 2833 1365 -
2874 1322 3035 1377 Vere.
3093 1321 3183 1377 23.
3234 1320 3481 1379 ambula
3512 1320 3541 1377 7
3568 1320 3695 1378 Pari

338 1422 551 1472 τούτων.

2071 1407 2224 1463 nodo
2249 1411 2307 1462 et
2327 1407 2401 1464 de
2430 1408 2541 1465 his.

407 1507 519 1562 Ἵνα
564 1538 628 1548 -
658 1510 747 1559 τόν
793 1511 946 1563 Θεόν.
999 1506 1135 1558 Ἐκεῖ
1176 1508 1461 1556 καὶταῦτα
1497 1502 1668 1554 πάντα
1724 1495 1937 1571 διηκρι-

2117 1499 2276 1551 Vers.
2308 1500 2397 1553 24.
2448 1498 2521 1555 Ut
2566 1528 2635 1540 —
2657 1498 2821 1557 Vers.
2852 1503 2939 1557 26.
2966 1501 3174 1558 Deum.
3228 1499 3316 1557 Ibi
3357 1501 3537 1558 etiam
3569 1500 3698 1558 hac

339 1596 504 1656 ϐὡθη,
2045 1584 2251 1641 omnia
2271 1585 2583 1657 diligenter
2620 1588 2930 1646 enucleate.
2957 1592 3107 1645 sunt.

412 1692 513 1739 Καὶ
564 1684 901 1743 ἐπλήσθησαν
959 1714 1023 1723 -
1072 1688 1315 1757 σήμερον.
1373 1684 1451 1734 Τὰ
1500 1676 1779 1754 παράδοξα
1831 1680 1933 1749 γὰρ

2117 1673 2280 1730 Vere.
2336 1675 2424 1731 26.
2458 1676 2797 1748 Impletique
2827 1684 2969 1734 sunt
2995 1709 3065 1719 —
3091 1678 3277 1735 hodie.
3327 1678 3699 1736 Admiranda

338 1775 555 1828 εἰώθασι
576 1774 729 1846 φόϐον
751 1773 975 1847 ἐμποιεῖν
996 1781 1101 1834 τοῖς
1119 1770 1465 1847 ἁμαρτωλοῖς,
1481 1776 1551 1843 μὴ
1576 1772 1673 1821 πού
1696 1788 1744 1821 τι
1768 1764 1935 1821 δεινόν

2071 1764 2270 1836 [uippe
2292 1764 2565 1821 timorem
2589 1766 2779 1822 solent
2793 1768 3110 1824 immittere
3141 1768 3557 1839 peccatoribus
3582 1784 3605 1823 .·
3624 1784 3698 1824 ne

1974 1858 2016 1913 Β
2047 1869 2163 1926 que
2202 1853 2387 1910 modo
2415 1856 2715 1927 patiantur
2738 1856 2965 1929 aliquid
3002 1856 3147 1913 mali
3186 1862 3428 1930 propter
3452 1865 3700 1931 peccata

2048 1959 2175 2001 sua.

335 1866 567 1928 πάθωσι,
594 1860 687 1917 διὰ
711 1866 803 1925 τὰς
831 1863 1090 1939 ἁμαρτίας
1116 1863 1302 1916 αὐτῶν.

646 2047 798 2097 ΚΕΦ.
839 2039 915 2093 ΙΔ¹
950 2043 1073 2114 Περὶ
1104 2041 1231 2091 Λενί
1260 2045 1353 2089 τοῦ
1381 2036 1615 2090 τελώνου.

413 2134 513 2182 Καὶ
571 2132 700 2201 μετὰ
758 2161 821 2170 -
882 2128 1043 2197 αὐτῷ.
1106 2130 1323 2201 Εἴρηται
1371 2129 1488 2200 περὶ
1536 2126 1720 2176 τούτου
1773 2121 1820 2175 ἐν
1870 2129 1941 2174 τῶ

2391 2034 2545 2090 CAP.
2582 2034 2712 2090 XIV.
2746 2034 2831 2092 De
2855 2035 2999 2093 Levi
3022 2034 3355 2105 publicano.

2118 2124 2278 2178 Vers.
2312 2127 2398 2179 27.
2430 2121 2512 2178 Et
2535 2129 2665 2195 post
2700 2154 2772 2164 —
2823 2124 2985 2180 Vers.
3027 2125 3115 2179 28.
3167 2140 3317 2181 eum.
3355 2124 3585 2181 Dictum
3615 2129 3701 2183 est

2048 2211 2122 2268 de
2140 2211 2257 2268 hoc
2295 2211 2531 2268 decimo
2562 2216 2781 2285 quarto
2811 2213 3005 2286 capite
3037 2214 3338 2285 Evangelii
3365 2215 3701 2271 secundum

2049 2301 2417 2357 Matthaaum.

2119 2391 2288 2448 Vers.
2326 2391 2415 2444 29.
2449 2391 2723 2463 Fecitque
2756 2422 2826 2432 —
2850 2392 2958 2464 qui
2984 2378 3424 2449 accumbebant.
3481 2391 3701 2447 Eodem

2049 2478 2241 2551 capite
2270 2478 2450 2535 etiam
2486 2480 2613 2536 haec
2666 2480 3043 2537 manifestata
3090 2486 3228 2537 sunt
3270 2486 3414 2553 Δοχὴ
3478 2486 3699 2546 autem,

2048 2568 2212 2640 quod
2230 2568 2325 2624 hic
2342 2569 2602 2641 ponitur,
2626 2569 2782 2625 idem
2801 2569 3098 2639 signiﬁcat
3120 2570 3306 2642 ,quod
3321 2566 3553 2642 ἓπιδοχὴ
3571 2569 3702 2641 (pp)

2050 2658 2142 2715 vel
2174 2656 2435 2723 ἑστίασις,
2471 2658 2823 2725 convivium,
2847 2661 3083 2730 epulum
3114 2659 3204 2715 vel
3233 2659 3573 2730 prandium.

341 2214 898 2291 τεσσαρεσκαιδεκάτῳ
928 2216 1187 2289 κεφαλαίῳ
1207 2222 1298 2266 τοῦ
1321 2217 1453 2266 κατὰ
1485 2215 1761 2269 Ματθαὶον.

416 2399 515 2447 Καὶ
591 2396 805 2452 ἐποίησε
867 2423 933 2433 --
1010 2396 1381 2463 κατακείμενοι.
1462 2390 1541 2442 Ἐν
1613 2391 1780 2460 ἐκείνῳ
1854 2392 1943 2439 καὶ

341 2491 508 2535 ταῦτα
546 2479 956 2555 διασεσάφηταιο
988 2478 1162 2554 δοχὴν
1210 2477 1270 2533 δε
1313 2479 1466 2551 λέγει,
1507 2483 1600 2537 τὴν
1641 2474 1939 2549 ὑποδοχὴν,

341 2577 437 2631 τὴν
468 2573 727 2626 ἑστῖασιν.

416 2755 516 2803 Καὶ
564 2747 851 2821 ἐγόγγυζον
904 2778 971 2788 —
1027 2752 1215 2800 πίνετε’
1256 2747 1393 2799 Ἐκεῖ
1437 2752 1527 2799 καὶ
1573 2751 1691 2821 περὶ
1747 2749 1939 2799 τούτων

2118 2746 2285 2801 Vers.
2322 2745 2411 2801 30.
2459 2748 2538 2801 Et
2568 2747 3029 2804 murmurabant
3057 2778 3125 2788 —
3157 2747 3351 2803 bibitis
3375 2748 3404 2803 ?
3428 2747 3510 2803 lbi
3542 2753 3599 2803 et
3625 2746 3700 2803 de

343 2836 659 2897 διείληπται.

2071 2835 2141 2890 iis
2170 2834 2544 2908 disputatum
2575 2839 2682 2893 est.

415 2931 516 2981 Καὶ
546 2926 842 3000 ἀποκριθεὶς
870 2956 941 2967 —
985 2928 1275 2999 μετάνοιαν.
1308 2924 1421 2979 Ἐτι
1466 2930 1557 2978 καὶ
1586 2929 1703 2998 περὶ
1750 2926 1939 2977 τούτων

2118 2923 2287 2981 Vere.
2308 2924 2404 2984 31.
2443 2926 2523 2981 Et
2548 2926 2927 2996 respondens.
2958 2956 3028 2967 —
3052 2924 3215 2983 Vers.
3277 2926 3374 2983 32.
3404 2926 3700 2997 paeniten-

341 3020 541 3069 πάντων
555 3060 568 3073 .

2071 3014 2212 3071 iam.
2248 3015 2540 3071 Prmtereo
2566 3018 2623 3071 et
2647 3014 2716 3070 de
2745 3015 2837 3071 his
2865 3014 3168 3072 omnibus.

412 3108 477 3158 Οἱ
504 3102 565 3158 δε
589 3135 656 3147 -
686 3109 961 3172 πίνουσιν;
987 3104 1069 3156 Ἐν
1095 3103 1268 3176 ἐκείνῳ
1293 3110 1364 3156 τῶ
1394 3103 1652 3176 κεφαλαίῳ
1671 3107 1944 3155 καὶταῦτα

338 3200 699 3267 τετυχήκασιν
730 3194 888 3264 ἑξηγή
899 3212 1053 3255 σεως,

2071 3193 2483 3249 enarrationem
2502 3192 2705 3250 sortita
2734 3196 2891 3248 sunt.

409 3283 469 3336 Ὀ
518 3280 576 3337 δὲ
627 3313 696 3324 -
742 3283 1008 3340 νηστεύειν
1038 3297 1053 3347 ;
1088 3280 1214 3334 Κατ’
1260 3279 1514 3354 ἐρώτησιν
1566 3279 1937 3351 ἀναγνωστέον.

2120 3281 2286 3336 Vers.
2310 3283 2401 3339 34.
2430 3281 2545 3337 Ille
2572 3296 2711 3338 vero
2730 3311 2793 3321 -—
2807 3283 3130 3352 jejunent?
3156 3282 3273 3340 Per
3292 3281 3703 3353 interrogatio-

340 3375 545 3447 εἴρηται
583 3367 642 3423 δὲ
675 3374 765 3421 καὶ
793 3374 911 3441 περὶ
939 3371 1127 3421 τούτου
1149 3367 1196 3419 ἐν
1227 3368 1422 3439 ἐκείνῳ⁶
1456 3371 1513 3420 τό
1546 3365 1623 3439 δέ,
1658 3366 1704 3419 ἐν
1728 3368 1787 3438 ᾧ,
1830 3367 1939 3421 ἀντὶ

2071 3383 2190 3425 iem
2205 3369 2320 3426 hoc
2344 3369 2668 3442 legendum
2697 3374 2803 3427 est.
2827 3369 3060 3427 Dictum
3083 3375 3170 3427 est
3191 3375 3394 3427 autem
3412 3376 3470 3427 et
3488 3371 3563 3427 de
3588 3370 3704 3428 hoc

340 3468 454 3528 τοῦ,
479 3460 553 3532 ἔφ’
585 3461 707 3511 ὅσον
720 3503 733 3515 .

2076 3475 2113 3514 n
2142 3458 2355 3515 eodem
2385 3458 2538 3515 loco.

2117 3106 2274 3159 Vere.
2303 3107 2398 3160 33.
2429 3104 2508 3159 At
2534 3104 2634 3160 illi
2665 3135 2735 3145 —
2775 3104 2980 3161 bibunt
3010 3104 3040 3161 ?
3064 3105 3284 3162 Eodem
3331 3104 3526 3179 capite
3570 3104 3701 3162 haac

412 3548 746 3603 Ἐλεύσονται
846 3577 916 3587 —
1006 3548 1242 3621 ἡμέραις.
1330 3552 1544 3618 Ὁμοίως
1644 3550 1732 3598 καὶ
1824 3549 1939 3620 περὶ

2121 3548 2293 3606 Vers.
2332 3553 2419 3606 35.
2468 3548 2704 3606 Venienl
2727 3579 2799 3593 —
2823 3548 3045 3605 diebus.
3082 3547 3361 3607 Similiter
3391 3552 3451 3605 et
3477 3547 3553 3605 de
3586 3546 3699 3604 his.

339 3641 555 3691 τούτων.

410 3726 588 3798 Ἔλεγε
651 3756 719 3766 -
783 3732 982 3780 καινοῦ.
1057 3730 1158 3779 Καὶ
1214 3732 1382 3778 ταῦτα
1446 3724 1632 3779 ἐκεῖθεν
1698 3721 1939 3796 διαγινώ-

2121 3728 2283 3784 Vere.
2314 3729 2401 3783 36.
2434 3726 2679 3783 Dicebat
2707 3755 2778 3767 —
2801 3740 2969 3782 novo.
2999 3725 3187 3783 Etiam
3213 3726 3339 3783 hec
3369 3724 3509 3782 inde
3535 3724 3702 3783 facile

344 3834 523 3869 σκεται
564 3811 775 3890 ῥᾴδιον.
829 3815 905 3866 Οὐ
956 3814 1205 3886 σχίζεται
1236 3811 1297 3867 δε
1333 3818 1391 3867 τὸ
1435 3819 1629 3879 καινὸν,
1673 3813 1783 3866 ἀλλ’
1813 3814 1940 3867 αὐτό

338 3904 527 3977 μᾶλλον
582 3907 763 3976 σχίζει
819 3907 877 3956 τὸ
915 3903 1133 3956 παλαιόν
1192 3904 1307 3976 (21)
1342 3905 1532 3960 Καινόν
1572 3901 1630 3957 δὲ
1672 3902 1823 3976 λέγει,
1880 3906 1940 3956 τό

2050 3821 2510 3886 cognoscuntur.
2553 3815 2788 3870 Novum
2835 3820 3035 3871 autem
3075 3830 3197 3872 non
3249 3814 3558 3886 scinditur,
3601 3814 3703 3872 sed

2048 3906 2250 3977 ipsum
2271 3905 2472 3978 potius
2500 3903 2719 3961 scindit
2738 3906 2927 3962 vetus.

340 3997 488 4050 Θέον.

411 4087 511 4136 Καὶ
540 4078 715 4144 οὐδεὶς
755 4112 819 4123 -
869 4087 1267 4155 συντηροῦνται.
1313 4080 1580 4144 Ὡσαύτως
1634 4088 1724 4136 καὶ
1777 4090 1939 4136 ταῦτα

2117 4086 2281 4139 Vers.
2313 4082 2403 4139 37.
2442 4082 2510 4138 El
2548 4083 2755 4139 nullus
2794 4112 2857 4124 -
2890 4083 3051 4139 Vere.
3106 4081 3194 4139 38.
3253 4088 3701 4139 conservantur.

339 4172 450 4243 (22)
482 4173 670 4225 πάντα.

2071 4172 2325 4229 Similiter
2345 4176 2403 4227 et
2428 4170 2559 4227 hac
2586 4170 2811 4227 omnia.

411 4266 513 4315 Καὶ
581 4256 752 4321 οὐδεὶς
825 4291 895 4300 -
960 4257 1120 4314 ἔστιν.
1190 4265 1469 4313 Δείκνυσιν
1539 4260 1782 4325 ἐντεῦθεν,
1870 4263 1937 4323 ὡς

2117 4260 2282 4316 Vers.
2315 4258 2403 4314 39.
2432 4258 2508 4314 El
2537 4274 2707 4315 nemo
2736 4289 2806 4301 —
2835 4264 2935 4315 est.
2970 4258 3240 4316 Ostendit
3284 4258 3438 4330 quod
3503 4256 3704 4313 nullus

338 4351 364 4402 ό
448 4357 506 4422 τῇ
600 4348 914 4407 παλαιότητι
1003 4355 1095 4401 τοῦ
1177 4354 1337 4421 νόμου
1428 4352 1765 4413 συνεθισθεὶς,
1846 4351 1939 4402 οὐκ

2071 4346 2323 4405 retustati
2334 4346 2482 4420 legis
2495 4351 2790 4414 assuetus,
2804 4347 3002 4404 statim
3027 4351 3221 4419 potest
3238 4345 3540 4418 Evangelii
3553 4344 3704 4402 ferre

340 4438 487 4499 εὐθὺς
540 4435 759 4491 δύναται
810 4443 904 4496 τὴν
950 4442 1235 4496 καινότητα
1297 4446 1390 4490 τοῦ
1457 4438 1774 4509 Εὐαγγελίου
1843 4437 1939 4512 βα-

2071 4436 2395 4493 iovitalem.
2420 4436 2587 4491 Putat
2616 4436 2798 4502 enim,
2819 4434 2965 4491 illud
2994 4434 3206 4492 melius
3231 4450 3361 4491 esse
3390 4450 3459 4490 ac
3478 4433 3702 4503 utilius,

345 4528 574 4589 στάζειν.
631 4529 807 4580 Οῖεται
862 4528 963 4600 γὰρ
1014 4531 1370 4601 χρηστότερον
1436 4525 1642 4592 ἐκεῖνον,
1700 4524 1793 4580 διὰ
1847 4533 1939 4586 τὴν

2071 4530 2295 4599 )ropter
2321 4523 2823 4581 consuetudinem.

344 4620 471 4673 συνή
482 4617 639 4667 θειαν.

416 4704 640 4775 Ἐγένετο
722 4735 791 4746 -
867 4709 1136 4778 σπορίμων
1172 4747 1183 4759 .
1221 4704 1498 4758 ’Σάϐϐατόν
1594 4705 1768 4769 ἁπλῶς
1840 4713 1939 4760 πᾶ-

2124 4703 2277 4763 CAP.
2304 4703 2394 4759 VI.
2437 4703 2603 4759 Vers.
2627 4702 2677 4757 1.
2708 4702 2954 4759 Factum
2981 4708 3063 4759 est
3091 4733 3159 4744 —
3187 4708 3338 4758 sata.
3375 4701 3707 4759 Sabbatum

342 4813 439 4846 σαν
477 4793 653 4867 ἑορτὴν
703 4793 1048 4867 ὀνομάζουσιν
1103 4792 1354 4867 Ἑϐραῖοι,
1408 4792 1502 4847 διὰ
1551 4801 1645 4854 τὴν
1703 4795 1939 4849 ἀνάπαυ-

2071 4792 2415 4868 ιὶιῐιριίοἰῐοτ,
2443 4807 2623 4848 omne
2652 4791 2873 4847 festum
2906 4796 3127 4848 vocant
3183 4790 3423 4850 Hebraei
3464 4796 3708 4864 propter

340 4898 442 4936 σιν*
497 4891 585 4935 νῦν
652 4879 711 4937 δὲ
764 4884 899 4955 λέγει
951 4887 1044 4941 τὴν
1114 4883 1294 4955 ἑορτὴν
1341 4883 1455 4956 (23)
1520 4894 1619 4937 τῶν
1683 4886 1939 4959 Ἀξύμων.

2071 4884 2337 4958 cquiem.
2394 4882 2565 4938 Nunc
2616 4884 2817 4938 autem
2872 4878 3014 4937 dicit
3053 4879 3271 4938 festum
3331 4886 3703 4954 Azymorum.

336 4979 502 5026 Τοῦτο
551 4968 610 5026 δὲ
657 4975 715 5024 τό
770 4970 1031 5026 Σάϐϐατόν
1089 4970 1316 5026 ἕκαλεῖτο
1388 4970 1824 5047 δευτερόπρωτον,
1881 4978 1939 5035 ὡς

2071 4977 2176 5031 i-loc
2199 4973 2398 5045 itaque
2427 4970 2753 5028 Sabbatum
2776 4969 3108 5027 vocabatur
3124 4970 3388 5028 secundo
3419 4970 3703 5043 primum.

1572 5151 1799 5221 Varie
1822 5152 2156 5222 lectiones
2186 5160 2254 5221 et
2271 5160 2475 5221 notae.

409 5347 527 5427 (τε)
564 5352 624 5427 Ἀ
649 5348 876 5427 ,καινόν’
900 5346 991 5427 ad
1025 5349 1133 5399 νέον
1181 5345 1397 5403 omittit
1435 5346 1779 5404 Hentenius.
1832 5347 1943 5404 Pro
2054 5351 2205 5406 tom.
2244 5347 2344 5427 V_I_.
2406 5361 2486 5427 p._
2515 5346 2609 5427 4:}!
2655 5346 2722 5427 ρ,
2751 5344 3130 5427 subitaneam
3159 5343 3703 5427 etsuhobseuram.

339 5415 449 5472 νίον
481 5415 666 5475 habet
694 5419 934 5471 παλαιόν.
970 5426 1032 5473 Α.

413 5490 525 5545 (22)
567 5494 762 5545 Πάντα.
807 5490 995 5545 abest.
1035 5490 1100 5544 Α.

2071 5435 2241 5492 luam
2269 5415 2427 5476 Theo
2471 5418 2510 5474 h
2554 5417 2745 5475 lactus
2792 5433 2847 5489 p.
2900 5419 3023 5476 341.
3074 5419 3136 5473 Ε.
3181 5415 3415 5474 videtur
3440 5415 3709 5473 voluisse

2071 5490 2405 5545 :xnrimere.
2429 5434 2573 5545 313..
2596 5488 2898 5545 Petavium
2923 5488 2986 5545 in
3010 5488 3168 5545 notis
3206 5488 3284 5545 ad
3314 5487 3709 5545 Eninhanium

413 5490 525 5562 (22)
567 5494 762 5557 Πάντα,
807 5490 995 5546 abest.
1035 5490 1100 5544 Α.
1143 5560 1175 5562 __
1288 5560 1294 5562 Α
1529 5560 1568 5562 Η
2053 5487 2405 5562 exprimere.
2429 5487 2573 5546 Vide
2596 5487 2898 5546 Petavium
2923 5488 2986 5545 in
3010 5488 3168 5546 notis
3206 5488 3284 5546 ad
3314 5487 3709 5562 Epiphanium

408 5560 521 5633 (‘23)
561 5562 828 5619 Deseruit
853 5577 996 5633 ergo
1024 5560 1484 5633 explicationem
1514 5560 1940 5634 Chrysostomi.
2055 5560 2212 5635 p.‘6l
2257 5576 2425 5634 seqq.

409 5764 533 5838 (pp)
565 5762 809 5825 ‘cmé‘oxn.
840 5769 922 5823 lta
948 5763 1270 5822 Hentenius
1297 5763 1500 5852 edidit.
1543 5763 1662 5822 Sed
1689 5765 1939 5837 legendu

2071 5760 2342 5839 ποδοχήν.
