4210 6472
486 375 594 434 927

1815 373 2163 434 EUTHYMII
2216 373 2550 434 ZIGABENI

3743 377 3861 435 928

559 503 735 560 Vers.
760 506 854 560 30.
886 503 1061 559 Omni
1087 533 1157 545 —
1177 503 1389 562 tribue.
1420 503 1701 562 Similiter
1720 507 1779 561 et
1800 502 1983 574 hujus
2006 500 2145 558 data

2324 509 2487 558 Παντὶ
2512 535 2575 546 -
2602 501 2637 558 δ
2643 501 2782 560 ίδου.
2807 504 3025 577 Ὁμοίως
3049 509 3138 557 καὶ
3165 508 3258 563 την
3285 506 3490 557 τούτου.

490 595 578 648 est
601 591 1030 664 interpretatio.

560 678 729 734 Vers.
765 683 852 735 30.
880 679 957 734 Et
987 678 1062 736 ab
1092 709 1159 721 —
1189 694 1469 750 reposces.
1505 682 1626 738 Hoc
1671 679 1987 739 manifeste
2039 692 2143 735 ex-

491 767 749 842 positum
789 773 901 826 est.

559 857 732 915 Vers.
771 861 864 914 31.
898 859 977 915 Et
1007 859 1492 932 quemadmodum
1517 891 1582 901 —
1616 859 1958 918 ita.Rursus
1987 857 2048 914 in
2071 872 2143 914 eo

491 945 682 1018 capite
705 962 908 1020 qumre
939 947 1084 1004 dicti
1113 947 1269 1004 illius
1312 949 1874 1020 interpretationem.
1937 946 2144 1004 Omnia

489 1049 630 1106 ergo
672 1052 1029 1110 quacunque
1081 1038 1279 1107 vultis,
1309 1039 1623 1109 utfaciant
1660 1038 1818 1096 vobis
1862 1037 2139 1104 homines,

494 1123 619 1181 hac
647 1131 701 1182 et
723 1141 824 1183 vos
859 1126 1041 1196 facite
1067 1127 1205 1199 ipsis
1240 1130 1308 1181 θ’.

559 1212 727 1270 Vers.
757 1218 850 1273 32.
883 1215 963 1272 Et
1001 1217 1056 1272 si
1077 1216 1325 1288 diligitis
1349 1247 1416 1258 —
1441 1217 1730 1289 diligunt.
1789 1216 1874 1273 lbi
1903 1228 2144 1288 quoque

490 1300 607 1359 hoc
635 1303 926 1362 invenies.

561 1390 730 1450 Vers.
766 1396 833 1450 33
860 1393 936 1450 Et
971 1393 1025 1450 si
1049 1424 1116 1436 —
1144 1396 1396 1465 faciunt.
1431 1398 1580 1453 Nam
1609 1394 1672 1452 id
1713 1392 2142 1457 retributioest,

491 1494 616 1537 non
644 1480 1031 1540 beneﬁcium.

567 1569 726 1626 Vers.
759 1575 846 1628 34.
875 1572 958 1628 Et
993 1573 1046 1628 si
1094 1603 1162 1614 —
1210 1576 1409 1642 paria.
1464 1577 1533 1630 Et
1586 1573 1702 1632 hoc
1760 1572 2147 1630 manifestum

495 1662 603 1715 est.

567 1745 728 1804 Vers.
752 1753 840 1806 35.
881 1751 1294 1808 Verumtamen
1321 1783 1390 1796 —
1428 1753 1645 1809 multa.
1701 1750 1850 1808 Nihil
1908 1751 1983 1807 ab
2034 1748 2148 1807 illis

2327 687 2426 736 Καὶ
2450 681 2548 736 ἀπὸ
2577 715 2640 724 -
2679 682 2908 740 ἀπαίτει.
2935 689 3099 736 Τοῦτο
3127 686 3299 754 σαφές.

2326 866 2426 914 Καὶ
2473 863 2645 923 καθὼς
2676 863 2881 934 ὁμοίως.
2919 859 3003 914 Ἐν
3052 860 3224 931 ἐκείνῳ
3267 859 3419 912 πάλιν
3471 867 3543 930 τῷ
3595 859 3862 931 κεφαλαίῳ

2254 950 2485 1010 ζήτησον
2511 955 2604 1010 τὴν
2661 951 2931 1025 ἑρμηνείαν
2961 958 3075 1007 τοῦ.
3115 953 3287 1002 Πάντα
3313 945 3398 1002 οὖν
3443 951 3544 1002 ὅσα
3573 947 3632 1000 ἃν
3677 949 3863 1007 θελητε

2255 1041 2336 1091 ῖνα
2361 1048 2580 1092 ποιῶσιν
2620 1042 2739 1112 ὑμῖν
2788 1042 2836 1092 οἱ
2885 1041 3168 1115 ἄνθρωποι,
3200 1039 3336 1091 οὕτω
3372 1043 3462 1091 καὶ
3487 1039 3634 1110 ὑμεῖς
3663 1044 3863 1091 ποιεῖτε

2253 1128 2448 1190 αὐτοῖς.

2326 1221 2427 1271 Καὶ
2459 1217 2503 1271 εἰ
2541 1217 2776 1290 ἀγαπᾶτε
2807 1247 2873 1258 -
2895 1216 3193 1290 ἀγαπῶσιν.
3233 1217 3370 1271 Ἐκεῖ
3397 1221 3487 1270 καὶ
3515 1223 3669 1269 τοῦτο
3699 1216 3862 1289 εὑρὴ-

2255 1325 2383 1369 σεις.

2327 1401 2428 1450 Καὶ
2484 1395 2568 1448 ἐὰν
2597 1427 2666 1438 -
2715 1403 2980 1451 ποιοῦσιν.
3023 1393 3248 1467 Ἀμοιϐη
3296 1397 3398 1470 γὰρ
3436 1401 3610 1463 τοῦτο,
3641 1397 3731 1446 καὶ
3762 1393 3862 1446 οὐκ

2257 1486 2545 1560 εὐεργεσία.

2329 1577 2432 1631 Καὶ
2460 1573 2544 1627 ἐὰν
2573 1607 2641 1616 -
2667 1578 2780 1627 ῖσα.
2809 1579 2910 1628 Καὶ
2939 1581 3091 1626 τοῦτο
3121 1569 3404 1647 πρόδηλον.

2331 1753 2469 1813 Πλὴν
2508 1785 2577 1794 —
2598 1753 2772 1814 πολύς.
2805 1749 2986 1811 Μηδὲν
3016 1751 3103 1804 ἀπ’
3135 1751 3304 1804 αὐτῶν
3334 1750 3626 1812 ἐλπίζοντες
3654 1749 3853 1804 λαϐεῖν.

495 1844 805 1908 sperantes
835 1856 940 1896 vos
971 1846 1340 1914 accepturos.
1389 1842 1674 1914 Repetivit
1693 1848 1895 1899 autem
1930 1856 2151 1896 sermo-

2261 1841 2569 1896 Ἐπανελαϐε
2601 1840 2660 1895 δι
2699 1846 2784 1894 τὸν
2822 1841 2994 1914 λόγον,
3035 1839 3258 1913 βεϐαιῶν
3291 1839 3524 1912 μάλιστα
3553 1843 3646 1898 τὴν
3685 1841 3860 1890 τοιαύ-

493 1939 644 1992 nem,
673 1928 1031 1985 conﬁrmans
1060 1930 1408 2000 hujusmodi
1464 1937 1848 2002 praeceptum.

564 2017 607 2087 -ί-
638 2017 707 2072 Et
730 2017 908 2090 quale
939 2024 1208 2074 mutuum
1231 2026 1341 2084 est,
1375 2036 1412 2076 a
1433 2036 1555 2092 quo
1603 2035 1726 2077 non
1774 2022 2153 2092 exspectatur

495 2121 632 2175 spes
664 2107 1019 2178 receptionis
1047 2108 1076 2163 ‘i
1101 2110 1252 2178 Erga
1271 2125 1409 2165 eum
1442 2110 1701 2182 quidem,
1745 2111 1843 2181 qui
1874 2114 2152 2166 mutuum

497 2195 734 2268 accipit,
767 2195 996 2253 donum
1023 2204 1130 2264 est,
1163 2213 1235 2254 eo
1259 2200 1423 2272 quod
1452 2214 1576 2256 non
1607 2201 1678 2256 sit
1702 2216 1837 2271 spes
1871 2197 2155 2271 receptiO'

495 2283 608 2339 nis:
641 2299 785 2356 erga
809 2285 996 2341 Deum
1029 2301 1169 2342 vero
1196 2291 1476 2343 mutuum
1519 2293 1628 2350 est,
1687 2293 1931 2360 propter
1982 2302 2153 2359 spem

493 2371 938 2430 retributionis:
990 2374 1102 2443 Qui
1119 2374 1442 2440 miseretur,
1469 2376 1680 2448 inquit,
1729 2377 2031 2447 pauperis,
2066 2377 2154 2446 fe-

493 2467 760 2528 neratur,
781 2463 900 2520 sive
918 2469 1184 2520 mutuum
1206 2464 1311 2521 dat
1351 2465 1468 2522 Deo
1497 2466 1566 2519 ³⁸.

567 2549 734 2608 Vers.
779 2552 867 2609 35.
918 2553 997 2608 Et
1037 2554 1203 2609 eritis
1250 2583 1320 2595 —
1367 2555 1555 2611 malos
1594 2553 1790 2610 Bonus
1838 2560 1926 2610 est
1979 2554 2152 2611 simul

495 2653 638 2709 erga
663 2655 898 2697 omnes.
934 2641 1097 2697 Dicto
1121 2647 1322 2698 autem
1355 2643 1543 2714 capite
1575 2644 1654 2700 ait
1680 2659 1693 2698 :
1725 2643 2153 2712 Utefﬁciamini

492 2727 610 2796 filii
633 2728 836 2784 Patris
861 2730 1067 2794 vestri,
1100 2732 1205 2801 qui
1236 2731 1300 2786 in
1319 2731 1482 2788 caelis
1504 2738 1607 2797 est,
1627 2732 1767 2803 quia
1791 2733 1968 2788 solem
1982 2749 2150 2789 suum

495 2817 648 2874 oriri
667 2818 821 2886 facit
835 2833 1016 2887 super
1046 2820 1231 2875 malos
1260 2820 1514 2877 acbonos
1525 2828 1580 2878 et
1595 2822 1944 2893 pluitsuper
1953 2824 2150 2893 justas

503 2919 576 2964 ac
606 2903 865 2976 injustas
890 2907 959 2962 “.

568 3082 737 3141 Vers.
795 3086 884 3142 36.
929 3083 1132 3143 Estote
1191 3115 1263 3128 —
1306 3093 1417 3144 est.
1480 3089 1546 3144 Et
1594 3087 1710 3146 hoc
1765 3087 2151 3147 manifestum

499 3171 958 3261 “§:__
1119 3258 1155 3261 __
2185 3205 2226 3261 c

568 3257 709 3314 Vers
761 3259 849 3315 37.
903 3257 986 3314 Et
1027 3258 1216 3317 nolite
1255 3290 1326 3302 —
1363 3262 1723 3320 remittetur.
1801 3262 2023 3320 Dictum
2065 3267 2154 3321 est

499 3345 702 3412 etiam,
731 3345 932 3405 Nolite
947 3347 1221 3419 judicare
1244 3351 1312 3414 ³⁸,
1356 3351 1636 3423 praadicto
1656 3352 1862 3424 capite.

568 3434 730 3492 Ver.
761 3438 852 3496 38.
885 3443 1031 3495 Date
1058 3469 1120 3482 —
1151 3439 1328 3496 vobis.
1360 3439 1503 3498 Date
1529 3456 1601 3498 ac
1649 3447 1923 3512 prmstate
1971 3457 2152 3500 omne

499 3539 688 3596 genus
716 3525 1008 3584 beneﬁcii.

571 3613 737 3671 Vers.
768 3619 858 3672 38.
892 3615 1230 3675 Mensarum
1287 3649 1355 3660 —
1409 3625 1693 3676 vestrum.
1755 3619 2152 3692 Metaphorica

501 3701 718 3759 locutio
734 3709 848 3760 est.
891 3704 1091 3762 Solent
1120 3708 1303 3776 enim,
1329 3708 1433 3779 qui
1455 3708 1710 3764 triticum
1727 3709 1882 3765 bene
1903 3709 2152 3765 metiun-

501 3795 612 3856 tur,
641 3793 1028 3864 superpositis
1079 3795 1272 3851 modio
1322 3797 1626 3860 manibus,
1676 3797 1962 3853 deorsum
2007 3797 2152 3854 illud

497 3894 789 3951 premere,
816 3887 1144 3948 concutere,
1179 3891 1241 3939 ut
1269 3884 1614 3951 descendat,
1642 3891 1699 3943 et
1726 3886 2002 3958 adjicere,
2047 3887 2154 3943 do-

501 3981 611 4024 nec
653 3967 1194 4040 supereﬁ‘undatur.
1229 3973 1497 4030 Reddent
1548 3981 1748 4032 autem
1800 3975 2150 4046 hujusmodi

500 4070 837 4113 mensuram
866 4056 1160 4130 beneﬁcii,
1199 4060 1241 4116 ii
1299 4077 1465 4129 sane,
1514 4063 1616 4136 qui
1670 4063 1960 4121 beneﬁcio
2013 4063 2148 4121 affe-

500 4145 578 4201 cti
607 4150 763 4202 sunt.
780 4148 898 4204 Deo
924 4149 1084 4204 enim
1135 4165 1242 4222 pro
1272 4150 1416 4224 ipsis
1459 4153 1836 4224 rependente,
1885 4155 2031 4227 ipsis
2061 4170 2148 4212 re-

501 4234 760 4308 pendere
784 4235 1075 4294 videntur.
1104 4241 1266 4297 Hanc
1303 4256 1448 4298 vero
1474 4241 1588 4298 illis
1613 4243 1880 4311 reddent,
1935 4245 2040 4318 qui
2085 4243 2150 4301 li-

499 4323 766 4382 beraliter
789 4325 874 4383 eis
902 4332 1162 4385 mutuum
1193 4329 1501 4388 dederunt.

570 4500 734 4560 Vers.
807 4506 897 4561 38.
965 4504 1255 4565 Eamdem
1328 4507 1506 4564 vobis.
1572 4507 1794 4566 Eadem
1875 4510 2150 4569 beneﬁcii

504 4605 804 4660 mensura,
837 4608 960 4666 qua
987 4596 1297 4663 metimini,
1327 4602 1536 4654 mutuo
1601 4597 1744 4655 illud
1795 4598 2003 4657 dantes
2033 4601 2147 4669 his,

502 4681 605 4754 qui
630 4681 918 4752 indigent.

573 4769 737 4828 Vers.
768 4773 857 4827 39.
887 4773 1127 4830 Di.1:it-
1157 4775 1375 4832 cadent
1401 4777 1429 4832 ?
1475 4775 1628 4832 Dixit
1671 4775 1851 4834 etiam
1904 4778 2019 4835 hoc
2067 4779 2153 4835 vi-

504 4859 731 4916 cesimo
773 4865 984 4918 octavo
1049 4864 1240 4934 capite
1289 4864 1596 4938 Evangelii
1625 4866 1961 4924 secundum
2017 4871 2151 4927 Mat-

504 4948 738 5017 thmum,
766 4948 872 5006 sed
900 4948 974 5005 de
1005 4950 1332 5022 Pharismis,
1361 4953 1458 5010 hic
1489 4959 1681 5012 autem
1731 4955 1806 5012 de
1867 4958 2152 5016 omnibus

503 5035 648 5093 dixit
699 5035 1060 5110 simpliciter,
1110 5040 1214 5113 qui
1265 5041 1614 5101 obscuratos
1657 5044 1886 5102 habent
1931 5047 2153 5104 animas

503 5123 734 5191 oculos,
761 5130 819 5184 et
833 5140 938 5184 eos
964 5127 1179 5188 docere
1199 5136 1512 5196 conantur,
1540 5131 1647 5206 qui
1672 5133 1938 5192 similiter
1957 5134 2154 5194 affecti

574 5307 623 5345 ⁸³
647 5307 847 5366 Matth.
872 5323 967 5376 m,
995 5310 1082 5366 l2.
1160 5313 1209 5348 ⁸³
1233 5309 1402 5369 Prov.
1435 5327 1516 5383 ιι,
1542 5311 1616 5369 l7.
1694 5314 1743 5350 “
1774 5314 1974 5371 Matth.
2009 5331 2066 5384 ν,
2097 5316 2186 5374 45.

2183 4554 2229 4610 D

2260 1951 2354 1990 την
2388 1931 2611 1990 ἐντολήν.

2339 2020 2359 2094 [
2395 2026 2494 2074 Καὶ
2524 2029 2668 2074 ποῖον
2697 2020 2813 2092 (29)
2842 2027 2994 2072 τοῦτο
3043 2015 3264 2086 δάνειον,
3307 2019 3346 2089 ᾧ
3400 2026 3495 2079 τῆς
3553 2015 3862 2088 ἀπολήψεως

2263 2110 2405 2172 ἐλπὶς
2456 2111 2514 2162 οὐ
2566 2114 2947 2175 συνέζευκταις
2992 2113 3125 2182 Πρός
3195 2111 3284 2180 μεν
3340 2111 3425 2160 τὸν
3479 2103 3856 2178 δανειζόμενον,

2265 2197 2433 2274 δῶρόν
2482 2199 2614 2265 ἔστι,
2676 2195 2771 2252 διὰ
2824 2204 2916 2257 την
2983 2196 3311 2250 ἁνελπιστίαν
3369 2204 3458 2256 τῆς
3507 2195 3805 2266 ἀποληψεως
3837 2211 3850 2224 °

2263 2293 2392 2363 πρός
2442 2287 2500 2342 ὸε
2559 2293 2646 2340 τὸν
2713 2292 2862 2351 Θεὸν,
2932 2284 3154 2351 δάνειον,
3215 2283 3309 2338 διὰ
3368 2290 3456 2344 τὴν
3514 2283 3702 2336 ἕλπίόα
3765 2292 3860 2346 τῆς

2263 2374 2561 2438 ἀποδόσεως
2612 2395 2625 2407 ⁶
2656 2377 2714 2430 Ὀ
2753 2376 2898 2430 έλεὼν
2963 2379 3086 2450 γὰρ,
3153 2379 3304 2448 φησὶ,
3358 2379 3574 2444 πένητα,
3633 2369 3862 2433 δανείζει

2263 2474 2376 2535 Θεῷ
2391 2507 2404 2522 .

2333 2557 2437 2610 Καὶ
2531 2556 2711 2608 ἔσεσθε
2787 2585 2854 2594 -
2934 2556 3209 2626 πονηρούς.

2262 2646 2455 2704 πάντας
2511 2645 2662 2714 ὁμοῦ,
2713 2643 2797 2695 Ἐν
2839 2639 2896 2695 δε
2944 2650 3015 2712 τῷ
3071 2641 3279 2716 ῥηθέντι
3332 2640 3588 2711 κεφαλαίῳ
3645 2643 3802 2710 φησιν
3845 2655 3858 2668 ·

2258 2731 2431 2793 Ὀπως
2486 2734 2702 2804 γένησθε
2781 2734 2887 2784 υἱοὶ
2937 2739 3029 2783 τοῦ
3109 2732 3308 2802 Πατρός
3392 2731 3558 2800 ὑμῶν,
3631 2735 3723 2779 τοῦ
3815 2726 3862 2778 ἐν

2260 2821 2516 2896 οὐρανοῖς,
2567 2823 2648 2872 ὅτι
2700 2823 2786 2872 τόν
2836 2819 2978 2879 ἣλιον
3009 2819 3166 2872 αὐτοῦ
3196 2817 3451 2870 ἀνατέλλει
3485 2816 3567 2868 ἐπὶ
3611 2819 3864 2890 πονηροὺς

2259 2915 2349 2963 καὶ
2410 2909 2659 2982 ἀγαθοὺς,
2725 2914 2814 2961 καὶ
2887 2907 3076 2981 βρέχει
3141 2906 3224 2960 έπὶ
3291 2903 3528 2966 δικαίους
3593 2910 3681 2957 καὶ
3748 2902 3865 2957 ἀδί-

2261 3019 2404 3061 κους.

2333 3090 2541 3141 Γίνεσθε
2573 3118 2636 3128 -
2668 3086 2801 3141 ἐστί.
2829 3085 2935 3140 Καὶ
2964 3093 3119 3139 τοῦτο
3148 3089 3325 3158 σαφές.

3294 2551 3524 2622 Ἀγαθός
3581 2549 3717 2602 ἔστιν
3779 2549 3862 2602 ἐπὶ

2781 2734 2887 2784 υἱοὶ
2937 2739 3029 2783 τοῦ

2334 3267 2438 3321 Καὶ
2463 3270 2532 3338 μὴ
2561 3295 2620 3306 —
2653 3263 3068 3322 ἀπολυθήσεσθε.
3099 3262 3424 3336 Εἰρηταικαὶ
3448 3264 3526 3314 τὸ.
3545 3261 3628 3320 Μὴ
3647 3264 3853 3335 κρίνετε,

2265 3355 2311 3408 έν
2338 3363 2410 3426 τῷ
2436 3358 2788 3429 προειρημένῳ
2818 3352 3097 3423 κεφαλαίῳ.

2334 3441 2516 3498 Δίδοτε
2547 3475 2614 3484 -
2644 3445 2788 3515 ὑμῖν.
2833 3438 3016 3495 Δίδοτε
3051 3441 3343 3514 εὐεργεσίαν
3371 3442 3506 3492 κατὰ
3534 3441 3692 3492 πάντα
3736 3441 3842 3509 τρό-

2262 3554 2374 3588 πον.

2334 3626 2526 3695 Μέτρον
2587 3651 2658 3662 -
2722 3622 2885 3692 ὑμῶν.
2944 3623 3303 3690 Μεταφορικός
3368 3618 3503 3670 ἐστιν
3566 3617 3590 3667 ό
3645 3615 3798 3684 λόγος
3835 3651 3848 3665 .

2265 3713 2495 3764 Εἰωθασι
2539 3713 2640 3783 γὰρ
2681 3712 2730 3762 οἱ
2777 3707 2942 3768 καλῶς
2993 3715 3297 3781 μετροῦντες
3344 3710 3430 3759 τόν
3488 3713 3648 3770 σῖτον,
3695 3703 3858 3756 ἐπιτι-

2264 3805 2424 3862 θέντες
2468 3808 2538 3870 τῷ
2583 3795 2752 3872 μοδίῳ
2809 3801 2900 3858 τὰς
2951 3803 3151 3871 χεῖρας,
3212 3799 3406 3858 πιέζειν
3459 3796 3615 3847 αὐτόν
3668 3793 3751 3846 ἐπὶ
3806 3796 3860 3844 τό

2261 3894 2421 3952 κάτω,
2476 3894 2565 3940 καὶ
2618 3887 2942 3948 λακτίζοντες
2996 3885 3248 3953 σαλεύειν,
3299 3887 3382 3936 ῖνα
3456 3888 3726 3956 συμπέσῃ,
3777 3886 3864 3934 καὶ

2261 3979 2565 4042 ἐπιϐάλλειν,
2626 3979 2790 4050 ἄχρις
2864 3974 2924 4027 ἂν
3004 3976 3116 4044 (30)
3179 3975 3536 4046 ὑπερεκχυθῇθ
3616 3968 3863 4026 Ἀποδὼ-

2263 4087 2419 4120 σουσι
2451 4063 2509 4119 δε
2564 4071 2622 4118 τό
2673 4073 2906 4117 τοιοῦτον
2955 4069 3140 4137 μέτρον
3200 4071 3294 4125 τῆς
3335 4063 3650 4135 εὐεργεσίας,
3689 4066 3861 4127 τίνες;

2261 4157 2326 4207 Οἱ
2380 4155 2790 4228 εὐεργετηθέντες
2833 4156 3063 4215 πάντως.
3121 4159 3224 4205 Τοῦ
3279 4159 3409 4204 Θεοῦ
3435 4154 3534 4225 γὰρ
3579 4146 3862 4203 ἀποδιδόνο

2258 4264 2341 4306 τος
2367 4246 2493 4316 ὑπερ
2543 4244 2729 4306 αὐτῶν,
2763 4243 2909 4295 αὐτοὶ
2937 4237 3186 4295 δοκοῦσιν
3241 4235 3571 4293 ἀποδιδόναι.
3622 4234 3858 4292 Ἀποδὼα

2263 4351 2420 4386 σουσι
2474 4329 2534 4385 δε
2590 4341 2761 4398 τοῦτο,
2836 4338 2940 4392 τοῖς
3011 4330 3144 4384 οὕτω
3225 4330 3501 4403 φιλοτίμως
3554 4323 3855 4380 δανείσασιν

2263 4422 2460 4484 αὐτοῖς,

2330 4517 2413 4581 Τῷ
2442 4513 2544 4585 ’γὰρ
2576 4509 2716 4580 αὐτῷ
2771 4540 2833 4550 -
2877 4511 3026 4582 ὑμῖν.
3085 4515 3168 4578 Τῷ
3197 4507 3337 4578 αὐτῷ
3394 4511 3565 4581 μέτρῳ
3603 4513 3692 4564 τῆς
3724 4503 3860 4576 εὐερ-

2259 4605 2464 4672 γεσίας,
2481 4599 2592 4672 μεθ’
2617 4599 2675 4652 οὗ
2705 4605 2935 4673 μετρεῖτε
2960 4594 3468 4663 δανείζοντες-αὐτήν
3497 4601 3607 4654 τοῖς
3629 4593 3861 4666 χρῄζου-

2263 4709 2366 4745 σιν.

2333 4777 2458 4833 Eine
2523 4809 2586 4818 —
2639 4773 3115 4844 πεσοῦνται;ῐίἷπε
3175 4781 3326 4826 τοῦτο
3365 4777 3453 4824 καὶ
3497 4770 3544 4822 ἐν
3593 4778 3664 4840 τῷ
3719 4769 3859 4822 εἰκο-

2262 4877 2367 4938 στῷ
2448 4863 2621 4939 ρ’γδόῳ
2672 4867 2930 4938 κεφαλαίῳ
2991 4872 3082 4916 τοῦ
3161 4865 3298 4915 κατὰ
3370 4862 3659 4927 Ματθαῖον,
3737 4858 3861 4910 ἀλλὰ

2261 4963 2377 5030 περὶ
2425 4966 2523 5010 τῶν
2569 4960 2867 5028 Φαρισαίων
2902 4973 2912 4984 ·
2945 4953 3167 5008 ένταῦθα
3196 4950 3255 5006 δε
3302 4953 3436 5024 λέγει
3495 4955 3611 5024 περὶ
3659 4952 3859 5002 πάντων

2261 5047 2436 5108 ἁπλῶς
2495 5055 2594 5098 τῶν
2656 5043 3037 5116 ἕσκοτισμένων
3092 5046 3182 5115 μὲν
3247 5046 3362 5103 τοὺς
3419 5039 3711 5113 ὀφθαλμοὺς
3768 5047 3862 5100 τῆς

2259 5135 2450 5209 ψυχῆς
2497 5173 2510 5187 .
2570 5133 2971 5208 ἐπιχειρούντων
3047 5129 3105 5185 δε
3174 5127 3451 5184 διδάσκειν
3505 5133 3621 5190 τοὺς
3673 5129 3859 5199 ὁμοίως

2301 5315 2347 5353 ³⁸
2391 5313 2590 5374 Matth.
2621 5328 2723 5382 vu,
2761 5317 2807 5370 t.

1729 5492 1955 5563 Varia
1988 5493 2322 5564 lectiones
2351 5503 2420 5563 et
2451 5501 2650 5561 uotae.

544 5681 701 5812 £92)
720 5681 856 5739 Haec
899 5687 1149 5754 uterque
1193 5682 1258 5740 in
1308 5684 1604 5812 margine.
1663 5685 1985 5746 Hentenius
2027 5691 2150 5749 haec

625 5769 657 5811 e
704 5758 766 5812 at
792 5753 970 5812 paulo
996 5758 1150 5812 ante.
1184 5760 1321 5812 post
1335 5774 1436 5812 προ
1478 5753 1617 5812 ηλον.

502 5752 766 5812 habebat
792 5753 970 5828 paulo
996 5752 1150 5822 ante,
1184 5760 1321 5829 post
1335 5752 1617 5831 πρόδηλον.

2332 5688 2447 5762 (30)
2476 5686 2862 5764 Ὑπερεκχυνθῆ
2874 5728 2886 5742 .
2918 5691 2956 5740 Α
2971 5730 2985 5743 .
