4210 6444
322 371 428 433 929
1551 355 1922 428 COMMENT.
1966 363 2035 422 IN
2077 357 2342 422 LUCAM.
2391 398 2459 405 —
2497 361 2652 421 CAP.
2693 356 2784 420 VI.
3581 363 3687 424 930

324 501 498 562 αὐτοῖς
550 501 790 572 ἔχοντας.
855 501 968 573 Χρὴ
1034 499 1136 571 γὰρ
1192 505 1392 571 πρῶτον
1453 495 1760 567 ἀναϐλέψαι,
1815 491 1927 546 εἶτα
1957 496 1986 545 Α

2035 502 2173 546 sunt
2205 507 2218 546 :
2252 491 2510 562 primum
2544 491 2704 546 enim
2724 489 2922 546 videre
2942 505 3096 562 opus
3125 493 3232 556 est,
3265 489 3482 547 deinde
3507 492 3689 550 duca-

326 587 560 661 ὁδηγεῖν.

2035 584 2164 634 tum
2193 577 2322 634 aliis
2354 581 2651 650 praestare.

401 679 512 730 Ούκ
574 676 685 728 ἐστι
736 705 805 716 —
859 675 1039 729 αὑτοῦ.
1095 681 1194 728 Καὶ
1237 683 1390 727 τοῦτο
1429 674 1583 727 πάλιν
1636 671 1683 724 ἐν
1736 679 1807 741 τῷ
1853 669 1925 722 ἐν·

2104 665 2269 723 νοτε.
2301 667 2390 722 40.
2436 667 2573 722 Non
2599 697 2668 707 —
2695 671 2777 722 est
2804 681 2996 721 suum.
3047 667 3110 721 Et
3150 665 3265 722 hoc
3314 681 3556 722 rursum
3585 666 3688 724 de-

325 762 712 836 νεακαιδεκάτῳ
784 763 1042 836 κεφαλαίῳ
1097 771 1188 816 τοῦ
1259 766 1394 816 κατὰ
1467 764 1734 816 Ματθαίον
1809 764 1926 831 περὶ

2035 755 2194 812 cimo
2236 770 2398 811 nono
2419 756 2591 826 juxta
2621 753 2959 811 Matthieum
2991 753 3183 826 capite
3231 753 3307 810 de
3341 769 3406 810 se
3434 755 3566 828 ipso
3595 755 3690 812 di-

329 855 514 907 ἐαυτοῦ
581 857 801 926 εἴρηκεν,
881 851 1098 905 ἐνταῦθα
1167 849 1244 919 δὲ,
1318 857 1434 925 περὶ
1499 860 1596 904 τῶν
1680 851 1926 922 μαθητῶν

2034 843 2118 899 xit
2146 859 2158 899 :
2182 843 2278 898 hic
2307 849 2504 899 autem
2544 843 2618 898 de
2660 842 2964 914 discipulis
2993 841 3105 897 hoc
3135 843 3234 908 ait,
3266 858 3421 915 quos
3468 859 3692 916 prince-

328 948 481 996 τούτὸ
513 962 691 1015 φησιν,
729 941 816 1004 οὓς
861 938 1224 1004 διδασκάλους
1280 940 1539 1007 ἐποίησεν,
1600 941 1680 991 ἶνα
1739 935 1929 1010 μηδεὶς

2035 937 2237 1006 ptores
2275 933 2594 998 constituit,
2620 938 2685 989 ut
2712 931 2913 988 nullus
2938 947 3120 1004 super
3141 948 3245 990 eos
3265 932 3566 1005 efferatur,
3587 949 3691 1007 pu-

329 1033 496 1084 αὐτῶν
557 1034 883 1104 κατεπαρθῇ,
957 1027 1125 1084 δοκῶν
1202 1028 1490 1103 ὑπερϐῆναι
1580 1033 1674 1086 τήν
1746 1026 1927 1100 ἀρετὴν

1474 1049 1490 1080 ι
1580 1033 1674 1086 τὴν
1746 1026 1927 1100 ἀρετὴν
2037 1027 2170 1078 tans
2193 1021 2543 1094 supergredi
2569 1021 2846 1078 virtutem
2871 1021 3131 1078 illorum.

331 1121 518 1174 αὐτῶν.

403 1213 820 1284 Κατηρτισμένος
885 1238 953 1250 -
1011 1207 1189 1262 αὑτοῦ.
1245 1205 1384 1266 Εἶπε
1438 1209 1540 1280 γὰρ
1602 1211 1691 1258 καὶ
1744 1207 1792 1257 ἐν
1857 1212 1930 1275 τῷ

2110 1198 2276 1255 Vers.
2309 1199 2396 1255 40.
2430 1198 2730 1269 Perfectus
2761 1229 2828 1240 —
2857 1213 2995 1255 suus
3035 1196 3192 1254 Dixit
3220 1199 3382 1255 enim
3409 1197 3694 1272 praedicto

331 1295 616 1356 δηλωθέντι
706 1295 1140 1368 ἐννεακαιδεκάτῳ
1236 1301 1530 1370 κεφαλαίῳ·
1623 1298 1704 1348 ὅτι
1781 1293 1934 1368 ἀρκε-

2038 1303 2282 1361 quoque
2311 1287 2549 1343 decimo
2593 1302 2756 1344 nono
2785 1287 2999 1359 capite.
3031 1287 3254 1344 Sufﬁcit
3288 1288 3604 1362 discipulo,
3636 1293 3698 1346 ut

328 1393 416 1440 τόν
467 1397 538 1459 τῷ
610 1391 844 1460 μαθητῇ,
902 1389 985 1439 ἵνα
1065 1391 1300 1459 γένηται,
1382 1390 1451 1447 ὡς
1508 1388 1533 1439 6
1611 1381 1932 1444 διδάσκαλος

1243 1407 1300 1455 ιι,
1382 1390 1451 1447 ὡς
1508 1388 1533 1439 ὁ
1611 1381 1932 1444 διδάσκαλος
2038 1376 2145 1434 ﬁat
2171 1377 2326 1432 sicut
2345 1376 2633 1447 magister
2661 1392 2805 1432 suus
2836 1376 2905 1432 ³⁸.

331 1496 516 1533 αυτου.

399 1569 464 1618 Τί
492 1562 552 1618 δι
581 1597 646 1606 -
679 1563 902 1638 ἀδελφοῦ
948 1585 1064 1620 σου.
1099 1568 1316 1640 Εἴρηται
1349 1571 1512 1617 ταῦτα
1552 1566 1723 1616 πάντα
1763 1569 1854 1616 καὶ
1883 1565 1932 1614 ἓν

2113 1553 2278 1611 Vers.
2309 1557 2398 1610 41.
2433 1554 2588 1622 Quid
2630 1560 2824 1612 autem
2850 1585 2920 1597 —
2949 1554 3112 1612 Vers.
3169 1558 3258 1611 42.
3313 1557 3536 1626 fratris
3585 1557 3696 1614 tui.

329 1662 402 1725 τῷ
431 1658 648 1726 πέμπτῳ
675 1654 937 1727 κεφαλαίῳ
966 1662 1055 1706 τοῦ
1088 1655 1225 1706 κατὰ
1261 1655 1550 1719 Ματθαίον,
1582 1657 1672 1706 καὶ
1703 1653 1932 1714 ζήτησον

2040 1643 2207 1700 Dicta
2237 1649 2375 1700 sunt
2402 1645 2607 1700 omnia
2639 1644 2850 1716 quinto
2871 1643 3043 1715 juxta
3086 1644 3426 1701 Matthmum
3459 1647 3653 1719 capite
3682 1661 3695 1704 :

333 1742 436 1796 ἐκεῖ
462 1748 554 1802 τήν
581 1745 776 1796 τούτων
815 1743 1089 1817 ἐξήγησιν.

2042 1733 2124 1790 ibi
2145 1747 2288 1803 ergo
2316 1749 2518 1806 quaere
2548 1733 3055 1806 explanationem.

1974 1859 2014 1914 Β
2116 1822 2278 1878 Vers.
2309 1822 2399 1878 43.
2425 1822 2559 1878 Νοη
2598 1828 2681 1879 est
2710 1821 2863 1879 enim
2891 1853 2960 1863 —
2989 1822 3154 1880 Vers.
3187 1825 3278 1879 44.
3309 1826 3694 1896 cognoscitur.

405 1922 478 1974 Ού
509 1924 607 1996 γάρ
659 1922 774 1974 ἐστι
826 1953 893 1963 -
948 1927 1282 1994 γινώσκεται.
1340 1921 1559 1994 Ὀμοίως
1610 1926 1699 1972 καὶ
1747 1927 1932 1971 ταῦτα.
2045 1912 2067 1967 ε

2045 1911 2327 1967 Similiter
2369 1917 2428 1967 et
2475 1912 2623 1967 haec.
2667 1916 2941 1967 Attamen
2994 1911 3077 1967 ibi
3116 1911 3192 1968 de
3237 1912 3695 1970 seductoribus:

338 2010 477 2068 Πλὴν
531 2009 632 2062 ἐκεῖ
657 2013 746 2083 μὲν
776 2015 894 2084 περὶ
923 2019 1022 2062 τῶν
1048 2009 1249 2062 πλάνων
1274 2027 1287 2040 ·
1344 2009 1564 2078 ἐνταῦθα
1612 2006 1671 2062 δε
1719 2013 1836 2082 περί
1884 2027 1936 2060 τε

2044 2001 2141 2057 hic
2166 2005 2368 2057 autem
2389 2001 2464 2056 de
2490 1999 2586 2056 his
2612 2001 2716 2074 qui
2732 2001 2971 2073 purgati
2998 2004 3139 2056 sunt
3157 2001 3376 2058 etalios
3405 2010 3695 2077 purgant:

333 2107 433 2149 τῶν
468 2101 858 2172 κεκαθαρμένων
896 2104 982 2150 καὶ
1026 2101 1375 2173 καθαιρόντων
1426 2098 1642 2169 ἑτέρους,
1684 2102 1774 2150 καὶ
1820 2101 1938 2170 περὶ

2045 2093 2104 2145 et
2159 2089 2234 2145 de
2277 2089 2372 2146 his
2419 2089 2522 2162 qui
2573 2105 2714 2146 cum
2766 2090 3061 2146 immundi
3110 2091 3250 2160 sint,
3294 2092 3442 2148 alios
3497 2099 3699 2150 tamen

337 2195 436 2238 τῶν
496 2186 799 2259 ἁκαθάρτῶν
861 2193 952 2239 καὶ
1013 2189 1279 2260 καθαίρειν
1341 2185 1524 2246 ἄλλους
1591 2190 1934 2261 πειρωμένων.

2047 2179 2340 2235 mundare
2373 2183 2621 2234 tentant.
2659 2179 2781 2234 Hos
2830 2184 3030 2235 autem
3084 2195 3192 2252 per
3249 2181 3699 2239 similitudinem

338 2274 704 2350 Παραϐολικῶς
775 2273 833 2328 δὲ
923 2280 1140 2337 τούτους
1227 2281 1316 2347 μὲν
1407 2276 1643 2348 ὠνόμασε
1709 2271 1934 2347 δένδρα·

2047 2267 2368 2340 appellavit
2405 2267 2648 2324 arbores
2679 2284 2690 2322 :
2727 2268 2952 2324 fructus
2983 2284 3120 2326 vero
3161 2271 3539 2342 Operationes
3579 2271 3704 2328 illo-

341 2368 579 2438 καρπούς
605 2361 684 2431 δὲ,
714 2367 807 2425 τὰς
835 2364 1042 2436 πράξεις
1069 2365 1254 2430 αὐτῶν,
1288 2369 1378 2417 καὶ
1403 2371 1645 2436 παραινεῖ
1659 2367 1938 2438 προσέχειν

2046 2373 2203 2413 rum.
2231 2359 2294 2412 Et
2316 2357 2622 2422 admonet,
2657 2362 2720 2412 ut
2754 2357 2830 2414 ad
2864 2357 3081 2414 horum
3120 2361 3492 2430 operationes
3518 2365 3704 2416 atten-

339 2461 449 2513 ταῖς
506 2453 724 2528 πράξεσι
781 2457 994 2518 τούτων,
1047 2457 1102 2504 αἶ
1151 2453 1253 2505 εἰσι
1295 2457 1514 2528 καρπὸς,
1571 2458 1662 2505 καὶ
1707 2456 1779 2525 μὴ
1833 2460 1941 2514 τοῖς

2048 2447 2290 2511 damus,
2319 2462 2455 2519 qua:
2495 2451 2633 2504 sunt
2679 2445 2928 2511 fructus,
2959 2453 3014 2503 et
3055 2463 3174 2504 non
3204 2449 3282 2504 ad
3312 2449 3514 2518 verba,
3564 2465 3702 2523 quae

335 2542 529 2612 λόγοις,
558 2543 608 2593 οἳ
638 2547 740 2594 εἱσι
772 2541 952 2614 φύλλα.

725 2562 740 2592 ι
772 2541 952 2614 φύλλα.
2049 2539 2187 2592 sunt
2223 2535 2387 2592 folia.

408 2630 483 2682 Ού
512 2633 614 2703 γὰρ
663 2661 732 2670 —
777 2630 1060 2702 σταφυλήν.
1123 2629 1199 2682 Ού
1242 2629 1598 2703 συλλέγουσιν,
1641 2626 1764 2683 ούδέ
1811 2649 1940 2701 τρυ-

2121 2625 2283 2681 Vers.
2338 2628 2426 2681 44.
2480 2626 2614 2682 Νοη
2662 2626 2816 2683 enim
2863 2656 2932 2668 —
2969 2641 3168 2684 uvam.
3222 2626 3349 2683 Non
3397 2627 3703 2698 colligunt,

333 2727 473 2791 γώσι
515 2728 736 2772 τοιαυτα
791 2721 845 2771 ἐκ
910 2739 1158 2771 τοιουτων
1205 2721 1254 2772 οἱ
1315 2721 1612 2794 ἄνθρωπον
1673 2719 1826 2772 πάλιν
1880 2717 1940 2772 δὲ

2047 2729 2244 2788 neque
2295 2714 2668 2771 vindemiant
2713 2714 2910 2772 taliae
2940 2715 3160 2772 talibus
3211 2715 3506 2774 homines.
3558 2720 3705 2774 Rur-

338 2805 839 2881 παραδειγματικῶς
897 2807 1106 2880 βεϐαιοῖ
1169 2811 1255 2860 τὸν
1333 2807 1506 2880 λόγον.
1576 2808 1778 2881 Ὠσπερ
1836 2811 1936 2883 γὰρ

2047 2819 2182 2859 sum
2223 2807 2424 2860 autem
2475 2803 2750 2876 exemplo
2793 2803 3112 2860 conﬁrmat
3143 2820 3498 2862 sermonem.
3547 2806 3707 2864 Sicut

332 2905 482 2950 τοῦτο
531 2900 674 2970 παρὰ
731 2900 886 2969 φύσιν
946 2901 1036 2949 καὶ
1085 2893 1415 2950 ἀνένδεκτόν*
1473 2898 1632 2958 οὕτως
1688 2899 1792 2973 ἄρα
1846 2901 1936 2950 κὰ-

2045 2893 2205 2948 enim
2235 2892 2350 2948 hoc
2386 2898 2598 2964 prater
2628 2897 2906 2950 naturam
2955 2898 3045 2950 est
3073 2899 3131 2950 et
3174 2893 3568 2968 impossibile,
3624 2896 3707 2955 ita

335 2994 490 3041 κεῖνο.

2048 2997 2196 3037 sane
2222 2987 2280 3037 et
2303 2981 2471 3048 illud,

405 3075 464 3127 Ὀ
512 3073 703 3145 ἁγαθός
777 3106 842 3114 --
900 3076 1083 3128 αὐτοῦ.
1153 3079 1279 3147 Περὶ
1342 3082 1444 3126 τῶν
1497 3074 1838 3145 εύλογούντων
1907 3078 1933 3132 ἦ

2117 3071 2281 3126 Vers.
2313 3071 2403 3125 45.
2449 3071 2890 3143 Bonus—ejus
2921 3073 2999 3127 De
3027 3071 3143 3136 his,
3187 3072 3290 3145 qui
3340 3071 3707 3131 benedicunt

335 3162 755 3234 κακολοσιούντων
795 3163 908 3234 (31)
939 3167 1061 3224 τούς
1092 3159 1366 3233 ἀδελφοὺς,
1409 3162 1543 3233 λέγει
1571 3171 1690 3214 νῦν·
1727 3159 1834 3214 εἶπε
1881 3159 1939 3214 δε
1979 3210 1997 3264 ί

2049 3158 2527 3214 autmaledicunt
2547 3159 2840 3224 fratribus,
2860 3159 3317 3232 nrncloquitur.
3334 3162 3485 3217 Dixit
3504 3167 3705 3220 autem

335 3260 502 3304 ταῦτα
535 3257 626 3304 καὶ
657 3251 706 3302 ἐν
735 3261 806 3321 τῷ
849 3251 1068 3320 εἰκοστῷ
1101 3247 1322 3324 δευτέρῳ
1372 3250 1629 3323 κεφαλαίῳ
1669 3257 1761 3302 τοῦ
1808 3253 1940 3303 κατὰ
1980 3245 1997 3264 “

2045 3245 2174 3302 haec
2229 3246 2413 3303 etiam
2487 3247 2768 3303 vicesimo
2822 3247 3090 3303 secundo
3143 3249 3334 3321 capite
3403 3251 3707 3321 Evangelii

336 3341 626 3405 Ματθαῖον,
653 3344 743 3390 καὶ
777 3343 1006 3402 ζήτησον
1035 3343 1152 3410 περὶ
1180 3341 1372 3389 τούτων
1394 3338 1516 3391 ἐκεῖ.

2039 3337 2214 3405 juxta
2252 3335 2595 3391 Mattheum
2623 3351 2637 3401 ;
2666 3339 2724 3391 et
2740 3334 2822 3390 ibi
2851 3350 3053 3407 quaere
3083 3335 3158 3392 de
3181 3335 3296 3394 his.

409 3433 471 3480 Τί
498 3424 532 3478 δ
536 3431 558 3479 ε
582 3458 645 3468 -
683 3427 844 3498 λέγω;
882 3433 1022 3485 Ζήτη
1034 3446 1121 3479 σον
1150 3425 1196 3478 ἐν
1222 3434 1294 3498 τῷ
1321 3431 1537 3499 πέμπτῳ
1565 3427 1820 3500 κεφαλαίῳ
1849 3436 1938 3481 τοῦ

2119 3421 2286 3478 Vers.
2345 3423 2434 3478 46.
2493 3422 2648 3490 Quid
2697 3430 2893 3480 autem
2925 3453 2993 3463 —
3024 3423 3156 3480 dico
3182 3423 3212 3477 ‘?
3241 3425 3449 3491 Quaere
3495 3426 3707 3498 quinto

336 3519 472 3568 κατὰ
506 3517 773 3569 Ματθαίον
802 3521 896 3574 τήν
927 3515 1172 3588 ἐξήγησιν
1194 3523 1287 3568 τοῦ
1312 3533 1325 3546 °
1359 3516 1435 3569 Ού
1473 3522 1571 3576 πᾶς
1596 3518 1621 3568 6
1650 3515 1805 3589 λέγων
1825 3537 1936 3590 μοι,

2043 3512 2216 3583 juxta
2240 3511 2579 3568 Matthmum
2619 3513 2811 3583 capite
2857 3511 2997 3568 dicti
3037 3511 3196 3568 illius
3223 3513 3700 3572 enarrationem:

340 3608 516 3679 Κύριε,
576 3608 750 3678 Κύριε,
806 3604 1150 3658 εἰσελεύσεται
1222 3605 1289 3666 εἰς
1353 3609 1447 3663 τήν
1511 3603 1784 3678 βασιλείαν
1839 3616 1938 3658 τῶν

2045 3602 2181 3658 Νοη
2211 3601 2400 3657 omnis
2421 3601 2527 3672 qui
2551 3601 2694 3657 dicit
2723 3601 2887 3670 mihi,
2920 3601 3190 3666 Domine,
3214 3602 3476 3669 Domine,
3513 3603 3705 3663 intra-

337 3693 562 3766 οὐρανῶν
587 3710 598 3723 ⁸
634 3692 740 3745 ἀλλ’
772 3694 798 3746 6
847 3702 1007 3746 ποιῶν
1037 3697 1096 3746 τὸ
1129 3693 1327 3766 θέλημα
1356 3701 1448 3746 τού
1482 3699 1682 3770 Πατρός
1710 3715 1810 3767 μου
1849 3702 1938 3748 τοῦ

2048 3690 2131 3746 bit
2154 3691 2217 3746 in
2248 3704 2490 3761 regnum
2520 3691 2818 3756 caelorum,
2860 3689 2963 3747 sed
3004 3691 3111 3763 qui
3146 3691 3300 3761 facit
3340 3693 3705 3752 voluntatem

337 3781 385 3833 ἕν
411 3783 666 3857 οὐρανοῖς.

2045 3779 2252 3836 Patris
2279 3779 2413 3846 mei,
2443 3779 2548 3852 qui
2577 3780 2641 3835 in
2672 3781 2828 3836 caelis
2858 3783 2937 3837 est
2968 3781 3034 3834 ³⁷.

408 3878 515 3934 Πᾶς
574 3874 598 3924 6
656 3903 724 3912 —
789 3875 998 3945 πέτραν.
1064 3878 1243 3924 Ταῦτα
1296 3874 1466 3946 εἱρηκε
1526 3877 1616 3926 καὶ
1690 3876 1820 3948 πρὸς
1867 3884 1938 3945 τῷ

2116 3869 2281 3924 Vers.
2307 3869 2396 3924 47.
2423 3868 2620 3924 Omnis
2642 3898 2709 3909 —
2731 3869 2894 3924 Vers.
2935 3869 3024 3924 48.
3059 3874 3310 3939 petram.
3357 3873 3490 3928 Hinc
3532 3871 3702 3929 etiam

335 3960 464 4013 τελει
512 3969 604 4014 τοῦ
661 3965 898 4034 πέμπτου
946 3960 1222 4033 κεφαλαίου
1290 3968 1382 4014 τοῦ
1447 3965 1582 4014 κατὰ
1646 3966 1933 4029 Ματθαῖον,

2045 3957 2366 4014 dixitcirca
2391 3957 2574 4013 ﬁnem
2596 3957 2788 4030 quinti
2810 3957 3023 4030 capitis
3049 3959 3348 4030 Evangelii
3369 3961 3704 4018 secundum

331 4055 420 4102 καὶ
473 4051 732 4122 ἀνάγνωθι
803 4049 850 4101 ἐν
930 4050 1070 4120 αύτῷ
1133 4055 1225 4108 τήν
1292 4050 1558 4124 ἑρμηνείαν
1626 4060 1751 4104 τοῦ·
1832 4059 1938 4114 Πᾶς

2045 4047 2422 4113 Matthmum;
2455 4053 2509 4103 et
2535 4047 2596 4102 in
2640 4063 2711 4102 eo
2741 4047 2870 4118 lege
2912 4047 3462 4119 interpretationem
3498 4049 3613 4106 loci
3641 4049 3707 4106 il-

334 4136 444 4206 ούν,
498 4141 646 4202 ὅστις
704 4138 880 4191 ἀκούει
935 4159 1036 4210 μου
1109 4143 1228 4201 τούς
1299 4138 1484 4210 λόγους
1554 4143 1786 4203 τούτους,
1847 4147 1938 4194 καὶ

2045 4135 2197 4190 lius:
2225 4135 2426 4191 Omnis
2455 4151 2615 4205 ergo,
2651 4136 2755 4207 qui
2776 4135 2938 4191 audit
2963 4135 3060 4190 hos
3102 4151 3390 4192 sermones
3421 4153 3596 4206 meos,
3653 4145 3705 4194 et

333 4235 473 4280 ποιεῖ
524 4228 734 4289 αύτούς.
801 4226 938 4282 Ἀλλ’
987 4226 1090 4279 ἐκεῖ
1157 4230 1248 4299 μεν
1320 4227 1572 4300 ἕπιτόμως
1632 4230 1746 4301 (32)
1804 4234 1939 4303 εἴρη-

2044 4223 2190 4293 facit
2221 4239 2332 4291 eos,
2359 4223 2704 4279 assimilabo
2739 4238 2864 4279 eum
2907 4225 3035 4279 viro
3062 4224 3336 4294 prudenti
3359 4225 3428 4278 ⁸³.
3475 4225 3589 4281 Sed
3622 4225 3706 4281 ibi

333 4331 456 4368 ται⁶
537 4319 613 4368 ὅτι
691 4315 873 4376 Ὀστις
956 4312 1270 4388 ὠκοδόμησε
1355 4321 1447 4374 τήν
1527 4317 1694 4368 οἰκίαν
1778 4317 1938 4369 αὐτοῦ

2044 4311 2290 4383 quidem
2321 4311 2748 4383 compendiose
2800 4311 3026 4366 dictum
3069 4316 3156 4368 est
3199 4328 3212 4366 :
3247 4312 3361 4378 Qui
3389 4313 3705 4380 zdiﬁcavit

336 4404 420 4456 ἐπὶ
477 4409 569 4462 τήν
618 4409 844 4476 πέτραν·
890 4403 1113 4456 ἐνταῦθα
1160 4401 1219 4457 δε
1279 4404 1632 4477 πλατύτερον’
1689 4406 1768 4457 ὃτι
1823 4406 1934 4477 (33)

2045 4399 2277 4455 domum
2303 4415 2464 4455 suam
2488 4415 2669 4468 super
2694 4405 2928 4468 petram
2962 4415 2974 4453 :
2999 4399 3095 4454 hic
3116 4403 3320 4455 autem
3345 4399 3525 4457 latius
3549 4417 3562 4456 :
3591 4402 3702 4468 Qui

333 4497 428 4554 ’ος
505 4492 700 4563 ἓσκαψε
778 4499 866 4545 καὶ
950 4492 1208 4556 ἐϐάθυνεν,
1297 4492 1330 4544 ἃ
1416 4501 1768 4565 προηγοῦνται
1845 4501 1936 4546 τοῦ

2050 4489 2194 4545 t‘odit
2213 4490 2278 4544 in
2294 4489 2509 4556 altum,
2533 4488 2700 4561 quod
2732 4489 2810 4545 ad
2829 4487 3181 4559 jaciendum
3213 4488 3704 4556 fundamentum,

337 4580 728 4653 θεμελιριᾳατος.
798 4582 1130 4654 Εἰλήφθησαν
1208 4579 1268 4636 δὲ
1339 4590 1508 4634 ταῦτα
1581 4585 1706 4656 πρὸς
1774 4587 1936 4655 μόνην
1972 4565 1999 4620 ί

2048 4577 2394 4650 ρτωοθόθοε
2423 4583 2511 4634 est
2537 4594 2551 4645 ;
2580 4582 2638 4633 et
2667 4577 2746 4634 ad
2781 4575 2974 4634 solam
3005 4581 3321 4648 acceptum
3351 4583 3440 4634 est
3463 4579 3708 4652 empha-

334 4671 555 4742 ἔμφασιν
618 4669 857 4746 ἀκριϐοῦς
910 4671 1310 4743 θεμελιώματος.
1379 4671 1674 4744 Πλημμύρα
1731 4667 1791 4724 δὲ
1844 4679 1937 4724 τοῦ

2050 4669 2145 4724 sin
2191 4666 2506 4739 diligenter
2536 4667 3000 4724 fundamentum
3050 4666 3346 4739 ponentis.
3395 4667 3705 4726 Inundatio

335 4766 592 4832 ποταμοῦ,
646 4764 702 4813 τὸ
769 4759 965 4822 πλῆθος
1023 4764 1112 4813 καὶ
1160 4763 1188 4819 ἡ
1251 4757 1546 4834 σφοδρότης
1609 4769 1709 4814 τῶν
1755 4780 1936 4835 πειρα-

2046 4773 2185 4815 vero
2212 4755 2502 4824 ﬂuminis,
2534 4760 2626 4814 est
2652 4755 2972 4814 multitudo
2997 4771 3069 4812 ac
3113 4756 3486 4815 vehementia
3515 4761 3703 4816 tenta-

335 4866 500 4901 σμων.
2045 4866 2323 4901 nonum..

370 4869 500 4920 μων.

401 4935 460 4989 '0
515 4934 575 4990 δε
633 4969 698 4980 --
747 4941 904 5012 μέγα.
965 4941 1064 4991 Καὶ
1125 4944 1294 4990 ταῦτα
1349 4936 1452 4991 ἐκεῖ
1519 4935 1931 5012 διασεσάφηται.

2045 4851 2284 4993 ῂοκῗὲτῖ
2316 4935 2406 4992 49.
2461 4936 2573 5002 Qui
2607 4940 2804 4992 autem
2835 4965 2905 4976 -—
2949 4948 3187 5006 magna.
3215 4934 3406 4992 Etiam
3452 4935 3580 4992 haec
3622 4936 3706 4994 ibi

329 5025 532 5100 Ῥῆγμα
562 5023 640 5093 δε,
674 5028 704 5087 ἠ
739 5023 1032 5103 διάῤῥηξις,
1064 5030 1095 5086 ἦ
1127 5022 1386 5088 διάλυσις.

2047 5026 2425 5085 manifestata
2452 5029 2608 5082 sunt.
2635 5025 2826 5082 Ruina
2853 5039 3018 5090 vero,
3051 5039 3228 5081 casus
3249 5028 3337 5082 est
3362 5040 3434 5082 ac
3453 5025 3709 5084 dissolu-

2044 5116 2150 5175 tio.

407 5293 456 5330 ³⁸
485 5291 691 5350 Matth.
715 5309 769 5361 x,
800 5293 889 5352 '25.
955 5293 998 5331 ’⁷
1027 5292 1226 5353 Matth.
1264 5309 1364 5364 vn,
1383 5294 1474 5352 21.
1539 5295 1588 5332 ³³
1615 5293 1765 5354 ibid.
1797 5296 1888 5353 24.

1538 5473 1763 5545 Varia
1797 5473 2128 5544 lectiones
2167 5481 2235 5543 et
2272 5481 2482 5542 nota.

404 5669 519 5817 ἱίὶίζ
558 5667 627 5726 Ἥ
656 5669 1098 5742 κακολογούντων,
1132 5671 1332 5729 abest.
1362 5675 1425 5728 Δ.
2084 5669 2200 5746 (33)
2222 5674 2346 5724 Ὀτι
2373 5667 2516 5732 ὅστις
2551 5666 2768 5743 indu.
2800 5671 2859 5729 Β.

431 5745 498 5798 32
556 5742 880 5817 ’Δποτόμως.
911 5745 987 5802 Α.

431 5742 519 5812 32)
556 5742 880 5820 ’Δποτόμως.
911 5745 987 5802 Α.
