4210 6448
580 310 679 370 931
1927 310 2278 375 EUTHYMII
2312 314 2637 379 ZIGABENI
3849 335 3967 397 932

902 441 1054 496 CAP.
1087 440 1265 496 XVIII.
1296 444 1378 498 De
1407 446 1773 500 centurione.
2265 446 2311 498 Α

2189 531 2197 533 Ξ
2265 446 2311 498 Α
2634 455 2776 506 ΚΕΦ.
2821 452 2924 506 llI'.
2961 459 3086 527 Περὶ
3125 462 3221 508 τοῦ
3252 455 3659 533 ἑκατοντάρχου.

652 530 792 600 Cap.
840 528 950 583 VII.
986 531 1154 585 Vers.
1212 537 1259 585 1.
1310 532 1448 587 Cum
1484 563 1550 571 —
1583 533 1979 603 Capernaum.
2028 531 2237 588 Omnia

2418 534 2562 589 Ἐπεὶ
2593 534 2652 589 δὲ
2694 571 2762 580 -
2817 546 3176 616 Καπερναούμ.
3241 548 3439 598 Πάντα
3473 552 3537 599 τὰ
3587 549 3803 623 ῥήματα
3861 555 3958 605 αὖ-

577 617 763 673 verba
787 634 914 682 sua,
950 633 1085 690 quae
1109 619 1376 676 videlicet
1401 619 1546 676 dicta
1585 628 1724 677 sunt
1749 666 1763 679 .
1799 621 1891 677 Ait
1911 620 2069 676 enim
2091 621 2236 676 lat-

2343 631 2454 688 τοῦ,
2487 628 2551 676 τὰ
2595 628 2835 701 ρηθέντα,
2871 627 3131 688 δηλονότι.
3192 639 3328 691 Φησὶ
3383 638 3484 708 γὰρ
3547 641 3573 689 ό
3641 642 3950 702 Ματθαῐος’

578 706 806 765 ιίιωιιειε
834 708 909 762 Et
937 708 1168 776 factum
1215 714 1298 766 est
1333 725 1465 766 cum
1498 711 1724 779 ﬁnisset
1765 715 1932 766 Jesus
1963 710 2066 767 hos
2113 723 2230 766 ser-

2346 716 2444 764 Καὶ
2483 712 2697 784 ἐγένετο,
2737 719 2819 770 ὅτε
2874 721 3191 774 συνετελεσεν
3246 725 3271 774 ό
3330 724 3535 788 Ἰησοῦς
3589 731 3707 788 τοῦς
3763 729 3951 802 λόγους

575 811 768 852 mones
811 799 877 852 ³⁸.

2341 803 2571 864 τούτους.

646 884 821 976 Vers.
854 888 918 976 72.
969 887 1367 945 Centurionis.
1396 920 1464 930 —
1491 889 1650 946 Vers.
1685 889 1738 944 3.
1768 889 1974 958 ipsius.
2026 891 2091 944 Et
2135 888 2230 944 hic

2408 888 2825 966 Ἐκατοντάρχου
2884 928 2952 938 -
3005 898 3182 952 αὐτοῦ.
3234 931 3303 940 -
3353 900 3608 974 Ἐρωτῶν,
3660 903 3774 959 ἀντὶ
3827 917 3945 976 τοῦ,

569 976 770 1047 ἓρωτῶν
811 975 971 1031 idem
1026 977 1340 1047 signiﬁcat,
1397 978 1562 1051 quod
1611 978 1968 1050 deprecans.
2008 979 2083 1034 De
2113 977 2228 1034 hoc

2339 981 2676 1052 Ιῐαρακαλῶν.
2725 988 2938 1055 Εἴρηται
2997 983 3056 1040 δὲ
3107 993 3222 1060 περὶ
3277 993 3459 1043 τούτου
3505 991 3553 1044 ἄν
3610 1001 3681 1062 τῷ
3731 975 3945 1067 ἑϐδόμῳ

572 1070 773 1120 autem
804 1063 1031 1121 dictum
1059 1072 1146 1122 est
1177 1068 1434 1138 septimo
1449 1067 1621 1138 juxta
1647 1067 1988 1123 Matthaaum
2012 1067 2224 1139 capite.

2337 1068 2594 1141 κεφαλαίῳ
2632 1079 2724 1123 τοῦ
2773 1078 2908 1126 κατά
2938 1077 3226 1142 Ματθαίον,
3259 1085 3348 1130 καὶ
3390 1077 3647 1151 ἀνάγνωθι
3674 1087 3769 1140 τὴν
3816 1083 3940 1141 ὃλην

568 1154 718 1224 Lege
748 1168 890 1224 ergo
917 1155 1093 1209 totius
1118 1154 1326 1226 capitis
1362 1155 1520 1212 illius
1546 1156 2004 1224 enarrationem,
2043 1161 2094 1212 et
2124 1171 2227 1228 po-

2335 1154 2585 1227 ἇξήγησιν
2623 1168 2715 1212 τοῦ
2745 1162 2862 1214 ὅλου
2892 1164 3172 1235 κεφαλαίου
3201 1164 3413 1232 ὶκείνου,
3442 1169 3740 1240 καὶμᾶλλον
3762 1176 3858 1229 την
3891 1170 3937 1223 ἐν

568 1243 854 1298 tissimum
899 1243 958 1298 in
1008 1243 1147 1307 ﬁne,
1183 1249 1244 1300 ut
1292 1245 1463 1309 scias,
1515 1245 1680 1318 quod
1729 1259 1850 1300 non
1899 1249 2225 1316 repugnent

2333 1254 2405 1315 τῷ
2432 1247 2581 1313 τέλει,
2616 1250 2698 1302 ἱνα
2729 1260 2904 1323 σαφῶς
2932 1261 3087 1324 γνῷς,
3133 1256 3214 1307 ὅτι
3252 1255 3310 1308 οὐ
3343 1253 3712 1330 διαφωνοῦσιν,
3756 1260 3799 1313 εἰ
3845 1267 3935 1312 καί

565 1331 1064 1402 evangelistarum
1091 1331 1269 1398 dicta,
1303 1338 1356 1390 et
1387 1335 1433 1389 si
1465 1334 1793 1390 videantur.

939 1347 1064 1387 rum
1091 1331 1269 1398 dicta,
1303 1338 1356 1390 et
1387 1335 1433 1389 si
1465 1334 1793 1390 videantur.
2333 1330 2601 1392 δοκοῦσιν.

636 1420 799 1476 Vers.
829 1424 882 1476 4.
914 1421 1027 1488 Qui
1053 1452 1108 1463 —
1135 1422 1263 1478 hoc.
1300 1424 1438 1489 Hoc,
1471 1422 1766 1495 quidnam
1796 1423 1824 1478 ?
1847 1426 1992 1496 puta
2021 1422 2221 1479 venire

2402 1427 2467 1477 Oi
2498 1456 2564 1468 —
2589 1435 2759 1483 τοῦτο.
2793 1437 2973 1496 Τοῦτο,
3016 1440 3162 1485 ποῖον
3191 1450 3204 1498 ;
3237 1437 3307 1487 Τὸ
3337 1433 3497 1489 ἐλθεῖν
3542 1441 3631 1489 καὶ
3662 1433 3931 1492 διασῶσαι

562 1526 629 1567 ac
664 1525 879 1567 sanare
912 1525 1154 1566 servum
1185 1513 1336 1582 ejus.

1185 1513 1336 1582 ejus.
2329 1517 2415 1565 τόν
2447 1512 2632 1568 δοῦλον
2666 1519 2847 1571 αὐτοῦ.

635 1599 800 1655 Vers.
826 1604 876 1656 5.
899 1599 1098 1670 Diiigit
1123 1631 1188 1639 —-
1209 1601 1398 1657 nobis.
1425 1602 1745 1672 Synagoga
1765 1600 1892 1656 haec
1919 1600 2217 1656 habitacu-

2333 1687 2344 1688 γ
2399 1603 2609 1676 Ἀγαπᾲ
2679 1637 2748 1648 -
2813 1610 2956 1679 ἡμῖν.
3033 1609 3090 1664 Ἡ
3153 1616 3434 1684 συναγωγὴ
3502 1613 3657 1678 αὕτη,
3731 1618 3928 1688 οἴκημα

558 1687 685 1743 lum
717 1693 860 1754 erat,
893 1687 954 1744 in
993 1703 1113 1760 quo
1145 1692 1664 1761 congregabantur
1716 1689 1950 1746 statutis
2002 1705 2038 1746 a
2085 1689 2214 1762 lege

2324 1687 2404 1757 ἦν,
2452 1692 2500 1744 ἐν
2620 1701 2904 1767 συνήγοντο
2950 1702 3084 1751 κατὰ
3140 1703 3228 1761 τὰς
3294 1699 3349 1752 ἐκ
3400 1705 3558 1774 νόμου
3612 1709 3926 1776 τεταγμένας

557 1777 791 1833 diebus.

2246 1800 2286 1854 Β
2322 1782 2535 1856 ἡμέρας.

630 1866 790 1922 Vers.
819 1867 872 1923 6.
930 1871 1097 1926 Jesu:
1124 1873 1311 1926 autem
1357 1899 1423 1910 —
1455 1869 1686 1926 vexari.
1719 1867 1799 1924 Ne
1843 1867 2207 1931 distraharis,

2389 1870 2446 1923 Ὀ
2510 1869 2568 1925 δε
2644 1873 2845 1935 Ἰησοῦς
2913 1907 2974 1916 -
3041 1877 3282 1932 σκύλλου.
3366 1883 3452 1938 Μὴ
3533 1889 3790 1955 περισπῶ,
3844 1887 3918 1954 μὴ

555 1968 631 2011 ne
683 1956 1034 2014 molesteris.

991 1975 1034 2013 ε,
2318 1966 2653 2032 περικόπτου.

628 2043 791 2100 Vers.
821 2047 874 2101 6.
910 2048 1044 2104 Non
1070 2079 1137 2090 —
1162 2047 1323 2104 Vers.
1365 2053 1418 2102 7.
1451 2063 1597 2116 puer
1637 2061 1813 2104 meus.
1849 2049 1975 2103 Haec
2025 2045 2208 2103 etiam

2389 2050 2464 2101 Οὐ
2494 2081 2559 2092 -
2586 2060 2703 2113 παῖς
2741 2073 2862 2124 μου.
2910 2061 3088 2108 Ταῦτα
3138 2053 3246 2109 εἶπε
3288 2062 3378 2110 καὶ
3425 2059 3450 2110 ὀ
3499 2061 3786 2132 Ματθαῑος,
3828 2067 3917 2113 καὶ

549 2133 700 2190 dixit
727 2135 1060 2202 Matthmus,
1095 2143 1150 2193 et
1188 2137 1489 2194 declarata
1517 2141 1657 2191 sunt
1686 2136 1971 2208 praedicto
1995 2136 2204 2207 capite.

1788 2136 1971 2193 edicto
1995 2136 2204 2207 capite.
2318 2139 2718 2212 ἡρμηνεύθησαν
2750 2142 2798 2195 ἐν
2839 2152 2906 2215 τῷ
2933 2145 3142 2218 ῥηθέντι
3172 2145 3450 2218 κεφαλαίῳ.

633 2229 796 2284 Vers.
827 2227 880 2280 8.
903 2226 1202 2297 Siquidem
1234 2257 1301 2266 —
1329 2226 1482 2294 facit
1511 2225 1788 2281 Similiter
1825 2228 1884 2279 et
1911 2223 2062 2281 hac.

1832 2228 1884 2279 et
1911 2223 2062 2281 hac.
2391 2234 2489 2282 Καὶ
2517 2232 2618 2304 γὰρ
2668 2263 2715 2272 -
2752 2240 2905 2286 ποιεῖ.
2946 2233 3164 2306 Ὁμοίως
3189 2240 3278 2287 καὶ
3309 2243 3494 2292 ταῦτα.

621 2320 780 2375 Vers.
812 2317 868 2372 9.
909 2317 1016 2372 Ηίε
1041 2322 1227 2373 autem
1255 2315 1477 2371 auditis
1504 2345 1572 2354 —
1594 2314 1817 2371 inveni.
1852 2313 1986 2370 Pari
2023 2312 2206 2370 modo

2390 2318 2646 2382 ’Λκοῦσας
2723 2317 2782 2374 δι
2845 2330 3008 2375 ταῦτα
3092 2354 3156 2365 -
3243 2323 3408 2399 εὖρον.
3479 2324 3749 2390 Ὡσαύτως
3822 2333 3913 2380 καὶ

550 2414 606 2466 et
626 2409 773 2465 haec.

2315 2415 2496 2478 ταῦτα.

619 2498 780 2552 Vcrs.
810 2498 892 2552 I0.
916 2495 994 2550 Et
1025 2495 1242 2550 reversi
1260 2525 1322 2533 —
1347 2509 1578 2549 sanum.
1606 2493 1685 2547 De
1707 2491 1820 2547 hoc
1858 2506 2094 2547 rursum
2118 2490 2206 2547 in-

2388 2502 2486 2550 Καὶ
2518 2499 2937 2571 ὑποστρέψαντες
2960 2532 3028 2541 -
3053 2501 3374 2571 ὑγιαίνοντα.
3404 2507 3528 2576 Περὶ
3546 2506 3731 2556 τούτου
3757 2505 3911 2556 πάλιν

546 2587 741 2643 venies
793 2585 851 2640 in
883 2583 1044 2639 calce
1089 2581 1507 2649 enarrationis,
1547 2595 1684 2652 qum
1732 2580 1928 2652 posita
1979 2585 2069 2637 est
2123 2581 2202 2639 ad

2312 2587 2545 2658 εὑρήσεις
2566 2587 2614 2639 ἐν
2641 2597 2714 2658 τῷ
2741 2588 2870 2642 τέλει
2908 2597 2998 2650 τῆς
3027 2587 3344 2662 ἐξηγήσεως,
3371 2598 3466 2653 τῆς
3494 2591 3542 2644 ἐν
3563 2599 3636 2663 τῷ
3667 2592 3798 2646 τέλει
3819 2603 3911 2647 τοῦ

544 2677 725 2731 ﬁnem
759 2673 898 2728 dicti
931 2670 1168 2742 capitis.

2309 2674 2580 2746 λεχθέντος
2612 2677 2908 2748 κεφαλαίου.

863 2760 1015 2814 CAP.
1052 2759 1180 2815 XIX.
1216 2757 1299 2814 De
1331 2758 1459 2826 filio
1491 2757 1708 2814 viduae.

2581 2772 2724 2822 ΚΕΦ.
2757 2767 2861 2823 ΙΘ’.
2895 2773 3020 2841 Περὶ
3050 2777 3142 2820 τοῦ
3167 2771 3282 2820 υἱοῦ
3311 2777 3408 2830 τῆς
3435 2775 3629 2844 χήρας.

615 2862 772 2916 Vers.
833 2859 920 2912 11.
961 2857 1036 2912 Et
1070 2857 1301 2924 factum
1333 2861 1417 2912 est
1448 2886 1513 2895 -
1557 2856 1712 2910 Vers.
1771 2854 1854 2909 12.
1888 2870 2014 2912 cum
2062 2856 2194 2913 illa.

2382 2860 2480 2907 Καὶ
2523 2854 2716 2926 ἐγένετο
2767 2887 2831 2896 -
2891 2861 2984 2909 σὺν
3041 2858 3194 2930 αὐτῇ.
3249 2859 3537 2930 Συνήλγουν
3586 2863 3690 2933 γὰρ
3748 2861 3903 2933 αὐτῇ,

543 2948 956 3008 Condolebant
1000 2945 1161 3001 enim
1188 2944 1284 3010 illi.
1329 2950 1392 3001 ut
1415 2960 1552 3016 quas
1607 2959 1728 3001 non
1779 2944 1962 3000 modo
2001 2945 2195 3002 virum

2309 2945 2376 3004 ὡς
2406 2943 2739 3017 amenan
2773 2951 2844 3018 μὴ
2887 2951 2973 2998 τόν
3003 2944 3174 3018 ἄνδρα
3205 2949 3377 3020 μόνον,
3413 2947 3520 2999 ἀλλ’
3553 2945 3661 3008 ἤδη
3688 2955 3780 3002 καὶ
3820 2956 3905 3002 τόν

541 3037 901 3112 perdiderat,
932 3034 1038 3090 sed
1088 3048 1248 3089 nunc
1277 3048 1521 3106 quoque
1548 3032 1760 3104 ﬁlium,
1793 3036 1852 3090 et
1875 3032 2033 3090 hunc
2063 3035 2197 3090 uni-

1397 3049 1521 3106 uque
1548 3032 1760 3104 ﬁlium,
1793 3036 1852 3090 et
1875 3032 2033 3090 hunc
2063 3035 2197 3090 uni-
2305 3036 2437 3100 υἱὸν,
2465 3038 2554 3085 καὶ
2584 3041 2763 3086 τοῦτον
2793 3043 3059 3106 μονογενῆ.

539 3127 828 3198 genitum.
1692 3210 1698 3211 γ
1939 3210 1948 3211 7
2005 3210 2008 3211 ν
2227 3154 2268 3211 C

610 3216 770 3271 Vers.
793 3214 962 3271 13.Et
978 3213 1250 3269 —illam.
1268 3211 1520 3268 Intuitus
1538 3226 1672 3268 eam
1686 3210 2194 3268 inconolabiliter
2243 3209 2254 3211 ⁷

2243 3209 2254 3211 ⁷
2377 3215 2474 3263 Καὶ
2502 3241 2570 3251 —
2598 3212 2751 3284 αὐτῇ.
2797 3209 2944 3266 Ἰδὼν
2973 3212 3136 3272 αὐτὴν
3169 3211 3549 3286 ἀπαρηγόρητα
3593 3216 3890 3269 κλαίουσαν.

534 3306 799 3362 ﬂentem.
834 3303 890 3360 Si
923 3301 1269 3359 enimturba
1292 3301 1704 3368 miserebatur,
1727 3305 1954 3373 quanto
1983 3301 2188 3372 magis,

2301 3301 2360 3352 Εἰ
2384 3301 2484 3373 γὰρ
2514 3301 2540 3351 ὁ
2579 3299 2735 3372 ὄχλος
2768 3301 2902 3360 ἠλέει
2932 3302 3115 3367 αὐτὴν,
3133 3301 3302 3373 πολλῷ
3327 3302 3518 3375 μᾶλλον
3555 3304 3706 3366 αὐτὸς
3740 3307 3768 3363 ἡ
3800 3312 3889 3356 τοῦ

530 3396 634 3469 qui
662 3395 794 3452 fons
824 3399 948 3449 erat
991 3389 1442 3448 misericordia?

1001 3389 1442 3448 misericordia?
2300 3385 2469 3450 ἐλέους
2498 3395 2663 3460 πηγή.

599 3485 763 3541 Vers.
797 3484 884 3549 l3,
935 3482 1207 3554 Dixitque
1234 3510 1304 3523 —
1333 3479 1497 3536 Vers.
1532 3483 1612 3536 14.
1664 3480 1948 3537 loculum.
2010 3485 2188 3537 Arcu-

2373 3481 2472 3531 Καὶ
2503 3475 2635 3532 εἶπεν
2683 3510 2750 3521 -
2783 3488 2961 3554 σοροῦ.
3008 3483 3110 3536 Τοῦ
3157 3479 3428 3548 κὶϐωτίου,
3461 3482 3507 3534 ἕν
3561 3482 3598 3550 ᾧ
3636 3483 3793 3532 ἔκειτο
3843 3481 3868 3530 ό

525 3573 670 3642 lam,
703 3573 762 3628 in
801 3588 920 3642 qua
945 3571 1184 3642 jacebat
1215 3573 1507 3625 mortuus.

830 3588 920 3642 [ua
945 3571 1184 3642 jacebat
1215 3573 1507 3625 mortuus.
2295 3572 2492 3639 νεκρός.

598 3665 757 3717 Vers.
811 3661 899 3715 14.
943 3659 1056 3726 Qui
1097 3673 1230 3714 vero
1263 3659 1510 3713 -—Vers.
1581 3661 1663 3713 15.
1717 3672 1858 3714 suae.
1903 3658 2182 3724 Quemad-

2366 3658 2431 3709 Oi
2462 3653 2521 3710 δε
2552 3689 2618 3699 -
2666 3658 2844 3712 αὐτοῦ.
2895 3656 3094 3732 Ὢσπιρ
3136 3661 3161 3711 ὀ
3220 3656 3460 3736 σίδηρος,
3513 3657 3764 3731 ὁμιλήσας
3809 3666 3881 3729 τῷ

527 3750 768 3806 modum
823 3749 1066 3812 ferrum,
1133 3745 1301 3818 quod
1349 3747 1409 3801 in
1457 3747 1594 3816 igne
1661 3746 1969 3818 aliquanto
2041 3752 2183 3804 tem-

2291 3751 2438 3818 πυρὶ,
2464 3750 2525 3798 τὰ
2570 3755 2661 3799 τοῦ
2700 3750 2863 3821 πυρὸς
2914 3747 3138 3822 ἐνεργεί’
3174 3750 3305 3801 οὕτω
3357 3754 3446 3801 καὶ
3496 3751 3525 3808 ἠ
3582 3751 3706 3819 ἁγία
3758 3749 3886 3822 σαρξ

524 3854 668 3910 pore
700 3835 1048 3905 permansit,
1096 3834 1278 3890 habet
1307 3834 1461 3906 ignis
1494 3834 1892 3906 operationes,
1922 3834 2004 3893 ita
2033 3851 2176 3908 quo-

2289 3835 2471 3900 αὑτοῦ,
2527 3837 2778 3888 ἐνωθέίσα
2831 3845 2893 3909 τῇ
2949 3839 3174 3903 Θεότητι,
3215 3841 3280 3890 τὰ
3333 3846 3424 3898 τῆς
3481 3840 3716 3899 θεότητος
3762 3837 3889 3906 ἐνερ-

521 3943 640 4000 que
668 3931 872 3982 sancta
894 3923 1079 3996 ipsius
1109 3939 1248 3979 caro
1278 3923 1566 3980 divinitati
1598 3924 1783 3992 unita,
1807 3940 1942 3996 quia
1968 3924 2178 3981 divini-

2287 3932 2385 3996 γεί.
2437 3929 2523 3977 Διὸ
2568 3927 2597 3982 ἡ
2631 3931 2750 3998 χεὶρ
2797 3929 2886 3998 μεν
2933 3926 3094 3980 αὐτοῦ
3134 3931 3190 3979 τὸ
3234 3930 3406 3998 νεκρὸν
3440 3932 3530 3980 καὶ
3588 3932 3887 4003 παρειμένον

522 4016 656 4073 tatis
668 4020 826 4080 sunt,
841 4011 1219 4086 cperabatur.
1236 4013 1374 4068 ldeo
1390 4028 1599 4068 manus
1616 4013 1858 4085 quidem
1878 4017 2176 4070 mortuum

2289 4022 2440 4086 σῶμα
2485 4014 2850 4086 συνέσφιγξεν·
2883 4016 2913 4073 ἡ
2962 4011 3020 4069 δε
3071 4020 3208 4088 φωνὴ
3254 4020 3347 4075 τὴν
3391 4016 3664 4089 οἱκομείνην
3702 4017 3887 4090 ψυχὴν

521 4121 588 4162 ac
630 4105 926 4161 desertum
958 4118 1178 4176 corpus
1219 4102 1530 4172 conjunxit
1563 4119 1577 4169 ;
1609 4117 1723 4158 vox
1767 4108 1970 4160 autem
2020 4119 2176 4161 rece-

958 4118 1178 4176 corpus
1219 4102 1530 4172 conjunxit
1563 4119 1577 4169 ;
1609 4117 1723 4158 vox
1767 4108 1970 4160 autem
2020 4119 2176 4161 rece-
2285 4103 2613 4177 ἐπέστρεψεν.

517 4195 753 4252 dentem
789 4193 1056 4250 animam
1085 4192 1402 4249 revocavit.

586 4285 748 4341 Vers.
788 4284 870 4339 16.
915 4283 1155 4351 Accepit
1182 4313 1249 4322 —
1273 4281 1504 4351 plebem
1557 4295 1741 4337 suam.
1795 4281 1949 4338 Olim
1985 4283 2175 4356 siqui-

2355 4281 2539 4336 Ἕλαϐε
2575 4316 2630 4326 «-
2665 4282 2785 4335 λαόν
2809 4283 2989 4338 αὑτοῦ.
3015 4283 3183 4336 Πάλαι
3209 4287 3297 4356 μεν
3323 4285 3420 4357 γὰρ
3446 4287 3535 4336 καὶ
3565 4284 3590 4335 ὁ
3611 4289 3879 4356 προφήτης

512 4374 646 4430 dem
695 4373 987 4446 propheta
1043 4371 1191 4427 Elias
1243 4370 1432 4426 ﬁlium
1491 4370 1918 4442 Sarephthanaa
1973 4372 2171 4429 viduae

2283 4371 2456 4432 Ἠλίας
2540 4370 2792 4429 ἀνέστησε
2859 4375 2946 4423 τόν
3028 4373 3139 4424 υἱὸν
3224 4382 3320 4436 τῆς
3388 4374 3703 4448 Σαραφείας,
3771 4371 3877 4425 ἀλλ’

512 4464 846 4528 suscitavit,
879 4460 985 4518 sed
1015 4461 1381 4533 deplorando
1412 4476 1552 4530 erga
1603 4463 1806 4528 Deum,
1851 4462 2168 4535 ipsumque

2216 4493 2244 4545 )
2281 4459 2676 4533 ἀποδυράμενος
2729 4465 2854 4532 πρὸς
2900 4466 3028 4515 Θεὸν
3067 4467 3156 4515 καὶ
3193 4465 3456 4525 ἱκετεύσας
3499 4463 3675 4516 αὐτόν.
3720 4465 3819 4516 Καὶ
3854 4463 3878 4514 ὁ

508 4552 912 4625 deprecando.
947 4553 1014 4608 Et
1043 4550 1338 4622 propheta
1366 4549 1605 4605 Elisaaus
1629 4550 1820 4606 ﬁlium
1847 4552 2170 4608 Somaniti-

2279 4557 2548 4625 προφήτης
2589 4550 2886 4612 Ἐλισσαῖος
2919 4553 3006 4603 τὸν
3045 4553 3156 4604 υἱὸν
3196 4558 3288 4612 τῆς
3321 4552 3454 4621 (34).
3508 4547 3873 4623 Σωμανίτιδος,

507 4641 623 4707 dis,
665 4641 773 4698 sed
805 4646 1079 4697 extensus
1109 4655 1284 4710 super
1322 4646 1482 4708 eum,
1525 4643 1686 4695 totus
1731 4655 1910 4711 super
1953 4643 2161 4696 totum.

2277 4639 2382 4692 ἀλλ’
2422 4638 2719 4700 ἐπιπλακεὶς
2750 4640 2889 4710 αὐτῷ
2919 4639 3026 4700 ὅλος
3055 4635 3126 4692 δι’
3149 4638 3266 4692 ὅλου
3291 4657 3304 4671 ’
3329 4639 3480 4702 οὗτος
3502 4635 3582 4708 δε,
3616 4639 3878 4712 ἁψάμενος

507 4731 608 4785 Hic
633 4745 772 4785 vero
796 4734 1048 4800 tangens
1080 4728 1271 4783 solum
1293 4743 1363 4784 ac
1378 4727 1620 4798 jubens,
1649 4729 1849 4784 statim
1867 4729 2160 4786 excitavit.

2274 4735 2427 4802 μόνον
2464 4734 2554 4781 καὶ
2597 4729 2913 4802 προστάξας,
2969 4730 3152 4791 εὐθέως
3196 4731 3384 4801 ἤγειρε.
3454 4733 3556 4782 Καὶ
3784 4725 3875 4782 διὰ

505 4819 750 4890 Propter
794 4817 910 4872 hoc
934 4817 1135 4889 itaque
1177 4815 1478 4880 dicebant,
1535 4815 1834 4888 Propheta
1880 4832 2158 4888 magnus,

2272 4826 2424 4871 τοῦτο
2454 4817 2630 4870 λοιπόν
2672 4818 2859 4889 ἔλεγον,
2894 4820 2973 4870 ὃτι
2999 4822 3265 4891 προφήτης
3293 4821 3468 4890 μέγας,
3515 4815 3623 4868 ἀλλ’
3659 4817 3873 4891 ὕστερον

505 4907 614 4964 sed
658 4906 875 4978 ingrati
917 4905 1306 4978 postmodum
1337 4903 1540 4977 ipsum
1579 4905 1945 4962 occiderunt.

1389 4921 1540 4961 isum
1579 4905 1945 4962 occiderunt.
2271 4911 2319 4961 oi
2346 4907 2635 4980 ἀγνώμονες
2665 4906 2856 4960 ἀνεῖλον
2879 4907 3051 4960 αὐτόν.

573 4998 736 5055 Vers.
798 4995 884 5052 1⁸7.
937 4997 1341 5066 Egressusque
1368 5025 1438 5036 —
1463 4994 1773 5064 ﬁnitimam
1835 4998 2156 5068 regionem.

2343 5003 2443 5052 Καὶ
2471 4997 2676 5060 ἐξῆλθεν
2700 5028 2763 5037 -
2783 5004 2846 5070 τῇ
2874 5001 3178 5071 περιχώρῳ.
3199 4995 3261 5050 ’0
3285 4995 3433 5068 λόγος
3461 5002 3554 5050 τοῦ
3582 4997 3867 5069 θαύματος,

502 5091 709 5148 Sermo
739 5087 1030 5153 miraculi,
1070 5092 1128 5144 et
1151 5086 1310 5160 quod
1339 5087 1633 5160 propheta
1672 5103 1933 5159 magnus
1966 5104 2159 5146 surre-

1554 5091 1633 5144 ita
1672 5103 1933 5159 magnus
1966 5104 2159 5146 surre-
2269 5091 2299 5147 ἦ
2332 5088 2413 5140 ὃτι
2441 5091 2708 5160 προφήτης
2734 5090 2893 5158 μέγας
2917 5083 3216 5160 ἕγήγιρται.

500 5179 703 5236 xisset.

569 5357 618 5395 ”
647 5355 846 5415 Matth.
879 5371 977 5421 vu,
1007 5358 1098 5412 28.

1723 5477 1951 5549 Variae
1979 5479 2310 5550 lectiones
2339 5490 2406 5549 et
2438 5489 2638 5549 notae.

2879 5683 2890 5691 ο

566 5677 680 5752 (34)
727 5675 816 5738 Ita
848 5694 1090 5752 quoque
1128 5676 1417 5752 reperitur
1445 5675 1508 5733 in
1557 5674 1734 5752 codd.
1764 5677 1854 5752 7_O,
1914 5675 2004 5732 IV.
2032 5691 2142 5752 pro
2263 5693 2420 5752 cost.

493 5742 818 5828 Σουναρίτις.
867 5742 1087 5810 Crte-cis
1141 5742 1396 5806 m'olesta
1453 5751 1573 5805 erat
1625 5742 1860 5820 syllaba
1913 5742 2053 5801 σουν“
2085 5750 2140 5804 et

1257 5748 1396 5806 testa
1453 5751 1573 5805 erat
1625 5742 1860 5820 syllaba
1913 5742 2053 5801 σουν“
2085 5750 2140 5804 et
2319 5742 2434 5820 (35)
2478 5746 2576 5800 Καί
2606 5742 2826 5806 omittit
2851 5743 2919 5802 Β.
