4210 6444
315 377 418 436 933

388 507 542 561 ΚΕΦ.
580 501 663 558 Κ’.
700 505 826 574 Περὶ
855 509 954 555 τῶν
989 500 1380 556 ἀποσταλέντων
1411 505 1554 570 παρὰ
1581 501 1840 554 Ἰωάννου.
1945 512 1986 564 Α

391 596 494 649 Καὶ
548 590 870 662 ἀπήγγειλαν
936 622 997 631 —
1056 589 1479 664 προσδοκῶμεν;
1536 594 1756 664 Εἷρηται
1800 592 1915 661 περὶ

317 686 513 735 τούτων
563 678 789 756 ἀκριϐῶς
845 678 893 731 ἐν
941 687 1012 749 τῷ
1077 680 1295 750 εἰκοστῷ
1345 679 1604 752 κεφαλαίῳ
1650 687 1741 732 τοῦ
1783 681 1918 730 κατὰ

321 779 370 825 Μ
377 791 438 822 ατ
447 772 472 822 θ
479 777 588 821 αῖον
598 809 609 820 .

394 861 805 933 Παραγενόμενοι
883 888 950 898 -
1035 856 1083 908 ἐν
1149 857 1280 929 ἐμοί.
1362 863 1461 910 Καὶ
1540 863 1654 930 περὶ
1726 859 1917 909 τούτων

322 951 524 1002 πάντων
569 946 616 999 ἐν
671 945 842 1017 ἐκείνῳ
894 943 1304 1019 διασεσάφηται.
1337 948 1612 1017 Μάστιγας
1665 943 1742 1012 δὲ,
1801 950 1919 1007 τούς

327 1043 506 1098 πόνους
552 1035 892 1094 ὑποληπτέον.
937 1035 1059 1090 Εἰσὶ
1089 1038 1189 1110 γὰρ
1242 1055 1370 1096 τινες
1426 1039 1572 1087 νόσοι
1613 1039 1785 1108 χωρὶς
1831 1040 1921 1087 πό-

322 1148 438 1191 νων,
481 1129 548 1188 ὼς
574 1128 604 1184 ἡ
628 1125 899 1196 τυφλότης,
927 1129 1016 1176 και
1046 1126 1075 1182 η
1110 1129 1361 1197 κωφότης,
1393 1129 1484 1176 καί
1509 1127 1538 1182 ἡ
1577 1122 1791 1195 ἀφωνία,
1833 1126 1921 1173 καὶ

324 1215 507 1268 πολλαὶ
533 1221 791 1267 τοιαῦται.

399 1392 744 1444 Ἀπελθόντων
785 1422 851 1431 ---
909 1392 1146 1445 Ιωάννου.
1193 1388 1466 1462 Ἀγγελων,
1495 1397 1594 1441 τῶν
1627 1390 1738 1461 (36)
1772 1387 1923 1460 ἀγγε-

325 1482 441 1535 λίαν
483 1486 755 1556 φερόντων,
787 1488 886 1532 τῶν
916 1488 1176 1552 μηνυτῶν.

397 1663 459 1712 Τί
511 1689 579 1699 -
633 1677 749 1712 σου.
784 1655 1009 1730 Ὁμοίως
1060 1661 1150 1709 καὶ
1191 1660 1306 1726 περὶ
1351 1659 1546 1708 τούτων
1580 1658 1784 1708 πάντων
1823 1654 1925 1708 ὶκει

331 1745 630 1806 διείληπται
660 1749 793 1799 κατά
822 1747 1001 1820 ῥητόν.

399 1841 550 1908 Λέγω
587 1867 655 1878 -
694 1835 860 1890 ἐστίν.
895 1841 995 1889 Καὶ
1028 1842 1196 1887 ταῦτα
1237 1834 1518 1893 καλλίστην
1558 1837 1776 1906 ἔχουσιν
1825 1837 1928 1887 ἐκεῖ

327 1930 422 1984 τὴν
453 1924 723 1997 ἐξήγησιν.

401 2015 504 2069 Καὶ
550 2020 651 2076 πᾶς
718 2045 787 2053 -
843 2015 1103 2066 Ἰωάννου.
1159 2010 1530 2074 Ἐδικαίωσαν,
1591 2016 1755 2065 ιῖτουν
1828 2015 1928 2070 ηῦ-

332 2107 696 2176 χαρίστησαν,
744 2101 1107 2155 ἀποστείλαντι
1151 2101 1328 2162 αὐτοῖς
1370 2106 1456 2154 τόν
1501 2107 1794 2160 Βαπτιστὴν
1847 2100 1929 2153 ἐπὶ

332 2195 549 2263 προνοίᾳ
572 2199 667 2252 τῆς
698 2196 962 2265 σωτηρίας
988 2191 1174 2243 αὐτῶν.
1208 2197 1310 2243 Τοῦ
1342 2198 1576 2264 Χριστοῦ
1607 2191 1718 2262 (37)
1753 2187 1811 2242 δὲ
1841 2193 1930 2241 καὶ

340 2279 489 2342 οὗτος
520 2281 545 2331 6
575 2279 748 2350 λόγος,
781 2282 953 2353 ὥσπερ
984 2283 1156 2332 καὶτὸ
1189 2279 1305 2342 ἑξῆς
1333 2281 1510 2354 ῥητὸν.

409 2370 473 2420 Οἱ
532 2365 590 2420 δὲ
638 2375 917 2443 Φαρισαῖοι
963 2399 1016 2408 -α
1069 2369 1156 2421 ὑπ’
1187 2369 1368 2420 αύτού.
1411 2368 1605 2427 Βουλην
1652 2376 1744 2420 τοῦ
1781 2372 1928 2433 Θεοῦ,

337 2459 392 2508 τὸ
438 2456 711 2528 ϐάπτιῖμα
748 2457 900 2529 λέγει,
955 2460 1020 2518 ὡς
1074 2457 1188 2510 κατ’
1233 2457 1435 2516 ἐντολὴν
1479 2465 1570 2510 τοῦ
1616 2466 1749 2511 Θεοῦ
1795 2462 1932 2528 γινό-

335 2564 500 2618 μενον.
563 2547 791 2617 Ἐγένετο
842 2549 965 2621 γὰρ,
1031 2552 1181 2618 φησι,
1229 2547 1374 2621 ῥῆμα
1427 2555 1559 2600 Θεοῦ
1616 2545 1699 2599 ἐπὶ
1757 2546 1934 2600 Ἰωάν-

333 2654 424 2692 νην
487 2637 572 2686 τὸν
651 2639 924 2708 Ζαχαρίου
983 2637 1093 2686 υἱόν
1156 2634 1205 2686 ἐν
1276 2643 1337 2707 τῇ
1406 2635 1594 2710 ἐρήμῳ,
1645 2641 1736 2688 καὶ
1784 2633 1931 2694 ἦλθεν

335 2723 406 2783 εἰς
445 2729 620 2775 πᾶσαν
672 2729 766 2782 τὴν
814 2729 1111 2798 περίχωρον
1163 2732 1255 2776 τοῦ
1311 2721 1596 2798 Ἰορδάνου,
1652 2728 1931 2799 κηρύσσων

337 2811 620 2885 βάπτισμα
661 2819 930 2885 μετανοίας
967 2813 1033 2874 εἰς
1077 2815 1259 2886 ἄφεσιν
1291 2812 1577 2888 ἁμαρτιῶν.
1613 2815 1697 2875 Εἰς
1725 2814 1933 2875 ἑαυτούς

337 2897 416 2969 δέ,
444 2901 559 2953 ἀντὶ
585 2909 698 2968 τοῦ,
741 2901 823 2957 Ἐν
855 2902 1076 2965 ἑαυτοῖς.

404 3080 517 3133 Τίνι
558 3079 783 3134 πάντων.
831 3079 914 3132 Ἐν
978 3086 1047 3148 τῷ
1101 3079 1349 3152 εἰρημένῳ
1406 3078 1626 3149 εἰκοστῷ
1677 3078 1932 3150 κεφαλαίῳ

334 3169 453 3239 περὶ
484 3167 686 3218 πάντων
720 3169 912 3218 τούτων
941 3167 1048 3237 (38;
1082 3168 1320 3240 εὑρήσεις
1350 3165 1690 3240 λεπτομερῶς.
1967 3202 2006 3258 c

411 3348 556 3398 ΚΕΦ.
593 3348 702 3398 ΚΑ.
736 3347 860 3415 Περὶ
903 3350 999 3403 τῆς
1038 3341 1330 3413 ἀλειψάσης
1353 3346 1436 3395 τὸν
1463 3344 1655 3416 Κύριον
1693 3347 1861 3418 μύρῳ.

412 3432 621 3504 Ἠρὼτα
651 3461 721 3470 ——
761 3431 941 3484 αὐτοῦ.
978 3430 1255 3484 Κάνταῦθα
1301 3435 1360 3484 τό
1395 3433 1619 3505 Ἥρώτα,
1661 3432 1776 3486 ἀντὶ
1821 3442 1935 3504 τοῦ,

343 3517 648 3594 Παρεκάλει.
699 3517 787 3580 Ὡς
810 3525 1076 3592 προφήτην
1121 3516 1179 3573 δὲ
1218 3520 1374 3572 αὐτὸν
1404 3520 1572 3574 ἐκάλει
1601 3525 1732 3596 πρὸς
1765 3522 1935 3576 ἑστία⁸

345 3627 451 3661 σιν.

416 3786 516 3836 Καὶ
544 3782 781 3836 εἰσελθὼν
822 3816 885 3825 -
933 3783 1193 3844 ἀνεκλίθη.
1226 3787 1300 3839 Ού
1349 3792 1690 3862 παρῃτήσατο
1734 3796 1936 3854 τοῦτον,

340 3875 425 3924 ἵνα
453 3877 524 3944 μὴ
570 3870 647 3944 δῴ
676 3877 954 3946 πρόφασιν,
990 3878 1053 3936 ὡς
1097 3875 1339 3938 τελώναις
1367 3881 1456 3949 μὲν
1495 3883 1583 3928 καὶ
1613 3877 1938 3953 ἁμαρτωλοῖς

342 3963 646 4014 συνεσθίωνο
675 3966 796 4024 τοὺς
827 3969 1139 4036 Φαρισαίους
1167 3963 1225 4017 δὲ
1251 3962 1686 4039 βδελυσσόμενος.

415 4144 515 4192 Καὶ
548 4136 666 4192 ἰδού
719 4171 779 4180 ν-
835 4137 1084 4215 δάκρυσι.
1116 4149 1346 4202 Ζήτησον
1394 4143 1442 4194 ἐν
1492 4153 1562 4213 τῷ
1607 4148 1738 4198 κατὰ
1792 4154 1939 4200 Ματ-

347 4229 487 4280 θαῖον
542 4234 635 4287 τὴν
690 4229 929 4301 ἐξήγησιν
979 4240 1070 4283 τοῦ
1132 4232 1418 4294 ἑξηκοστοῦ
1481 4230 1723 4309 δευτέρου
1781 4255 1940 4307 κεφα-

343 4317 514 4373 λαίου.
553 4319 692 4376 Αύτη
720 4315 778 4372 δὲ
822 4322 851 4378 ἡ
885 4328 1035 4390 γυνη,
1065 4324 1130 4373 τὰ
1168 4325 1256 4393 μὲν
1307 4319 1502 4374 ἰδοῦσα
1530 4332 1628 4373 τῶν
1667 4325 1940 4394 θαυμάτων

348 4413 438 4457 τοῦ
473 4414 723 4479 Χριστοῦ,
766 4411 832 4460 τὰ
859 4405 916 4461 δὲ
941 4412 1186 4480 μαθοῦσα
1221 4413 1364 4484 παρὰ
1389 4420 1486 4462 τῶν
1520 4406 1752 4478 ἰδόντων,
1786 4411 1941 4465 ἐπισ-

346 4512 545 4562 τευσεν,
594 4496 672 4547 ὄτι
721 4502 849 4559 Θεὸς
903 4498 1041 4550 ἐστιν
1096 4501 1121 4550 6
1181 4507 1343 4552 ταῦτα
1407 4499 1802 4573 τελεσιουργῶν.
1854 4504 1941 4554 Διό

347 4587 437 4634 καὶ
485 4589 778 4658 πρόσεισιν,
831 4585 1118 4649 ἐλπίζουσα
1169 4587 1338 4640 λαϐεῖν
1393 4588 1576 4661 ἄφεσιν
1624 4598 1723 4641 τῶν
1773 4589 1942 4662 ἁμαρ-

348 4680 468 4724 τιῶν
497 4671 628 4732 αύτῆ
640 4693 680 4734 ς.

1975 4557 2020 4611 D

415 4860 549 4928 Ὅρα
601 4850 661 4907 δὲ
685 4860 779 4914 τὴν
819 4855 1012 4915 πολλὴν
1060 4858 1256 4919 ταύτης
1281 4855 1565 4910 εὐλάϐειαν.
1625 4857 1792 4918 Ἕστη
1841 4863 1942 4937 γὰρ

345 4947 489 5020 παρὰ
530 4946 596 4996 τὰ
632 4946 842 5015 ἔσχατα
893 4948 1021 5018 μέρη
1076 4953 1168 4998 τοῦ
1219 4952 1453 5020 σώματος
1504 4947 1683 5015 αύτοῦ,
1743 4951 1812 5010 ὡς
1865 4948 1946 5003 ἐσο

346 5034 515 5105 χάτη’
543 5037 634 5085 καὶ
663 5031 854 5102 ὀπίσω,
887 5037 956 5097 ὡς
994 5033 1451 5110 ἁπαρῥησίαστος,
1510 5041 1612 5090 Καὶ
1650 5036 1818 5090 ἔκλαιε
1855 5041 1944 5111 μὲν

349 5117 444 5174 διὰ
467 5125 555 5182 τὰς
584 5121 845 5195 ἁμαρτίας
875 5123 1056 5186 αὐτῆς
1086 5123 1268 5197 ἔϐραχε
1319 5122 1379 5178 δί
1425 5129 1547 5188 τοὺς
1575 5123 1742 5188 πόδας
1785 5127 1946 5181 αὑτοῦ

348 5215 451 5271 τοῖς
478 5206 760 5286 δάκρυσιν,
798 5215 862 5274 ὡς
888 5211 1229 5287 ἐπικεκυφυῖα
1255 5214 1452 5277 αὐτοῖς.

421 5447 471 5486 ⁸ο
500 5448 646 5509 Luc.
673 5467 755 5520 ιιι,
787 5451 840 5507 2.

1322 375 1698 433 COMMENT.
1749 370 1818 429 IN
1859 367 2127 429 LUCAM-
2173 403 2242 414 —
2283 371 2443 428 CAP.
2486 368 2614 428 VII.

3554 367 3670 428 934

2202 499 2355 552 CAP.
2391 498 2494 554 XX.
2537 498 2610 553 De
2631 495 2941 564 discipulis
2966 495 3154 551 missis
3185 510 3222 552 a
3249 497 3493 552 Joanne.

2094 586 2256 641 Vers.
2297 589 2378 642 18.
2411 586 2486 640 Et
2506 585 2935 641 nuntiaverunt
2966 615 3035 624 -—
3064 584 3229 639 Vers.
3269 587 3351 640 19.
3383 591 3680 653 exspecta-

2027 674 2202 731 mus?
2235 676 2313 730 De
2342 673 2434 730 his
2486 678 2693 730 exacte
2749 672 2977 728 dictum
3029 675 3118 728 est
3173 671 3455 728 vicesimo
3513 672 3681 744 juxta

2027 763 2367 819 Matthaaum
2391 763 2600 833 capite.

2098 853 2262 909 Vers.
2300 855 2390 907 20.
2429 851 2576 908 Cum
2609 851 2899 908 venissent
2923 881 2990 892 --
3018 849 3180 906 Vere.
3212 851 3299 905 23.
3337 850 3451 906 mei
3479 866 3678 908 causa.

2028 943 2106 998 De
2153 941 2245 996 his
2274 956 2514 1014 quoque
2567 939 2844 996 omnibus
2877 941 2937 996 in
2979 939 3079 995 illo
3109 939 3297 1012 capite
3339 939 3564 995 dictum
3595 945 3684 995 est

2032 1029 2360 1086 manifeste.
2421 1029 2630 1100 Plagas
2682 1035 2898 1092 autem,
2953 1030 3070 1085 sive
3114 1026 3378 1100 ﬂagella.
3427 1026 3684 1099 intelligo

2029 1118 2289 1175 dolores.
2326 1121 2474 1176 Sunt
2505 1119 2666 1174 enim
2696 1119 2887 1174 morbi
2923 1118 3176 1190 quidam
3230 1117 3437 1174 dolore
3482 1133 3685 1174 cereno

2030 1213 2118 1264 tes
2152 1206 2369 1274 ;veluti
2401 1212 2532 1262 sunt
2551 1207 2810 1271 caecitas,
2840 1207 3120 1272 surditas,
3157 1211 3392 1262 mutum
3435 1221 3587 1274 esse,
3615 1221 3686 1262 ac

2033 1295 2200 1351 multi
2244 1296 2342 1366 huj
2355 1295 2602 1351 usmodi.

2101 1385 2263 1440 Vers.
2295 1385 2384 1440 24.
2423 1385 2682 1455 Cumque
2704 1383 3096 1442 discessissent
3120 1415 3184 1426 --
3209 1383 3461 1442 Joanne.
3495 1383 3687 1441 Dictio

2031 1473 2262 1547 ἀγγέλων
2293 1473 2590 1543 signiﬁcat
2621 1473 2716 1529 hic
2769 1475 3286 1541 internuntiantes,
3325 1474 3447 1530 sive
3480 1475 3688 1530 nuntia

2029 1565 2391 1635 perferentes
2420 1579 2454 1618 a
2491 1562 2721 1619 Joanne
2760 1563 2836 1618 ad
2867 1564 3187 1620 Christum.

2106 1653 2266 1709 Vers.
2317 1655 2404 1707 24.
2448 1651 2600 1717 Quid
2639 1683 2705 1692 —
2735 1653 2896 1708 Vers.
2930 1657 3017 1707 27.
3062 1658 3134 1709 te.
3176 1652 3450 1709 Similiter
3506 1656 3564 1708 et
3612 1651 3688 1709 de

2032 1742 2128 1797 his
2159 1741 2442 1798 omnibus
2473 1742 2552 1797 ad
2583 1743 2827 1797 verbum
2859 1741 3082 1798 dictum
3114 1747 3223 1799 est.

2106 1832 2270 1887 Vers.
2299 1832 2387 1886 28.
2423 1831 2566 1886 Dico
2587 1861 2657 1871 —
2687 1837 2792 1888 est.
2822 1833 2887 1886 Et
2924 1831 3054 1887 haec
3083 1846 3328 1903 quoque
3373 1830 3690 1904 pulchram

2037 1920 2260 1976 ibidem
2292 1920 2498 1976 sortita
2530 1927 2667 1974 sunt
2690 1920 3258 1991 interpretationem.

2110 2010 2271 2065 Vers.
2302 2013 2390 2064 29.
2429 2007 2737 2080 Omnisque
2766 2039 2834 2049 —
2862 2008 3132 2074 Joannis,
3189 2008 3688 2074 Justiﬁcaverunt,

2041 2100 2164 2156 sive
2189 2098 2414 2169 gratias
2438 2098 2490 2154 ei
2514 2101 2777 2168 egerunt,
2814 2101 2918 2170 qui
2942 2098 3269 2169 Baptistam
3294 2100 3406 2155 sibi
3425 2099 3689 2166 miserat,

2038 2188 2359 2262 providens
2410 2187 2674 2258 ipsorum
2731 2186 2926 2242 saluti.
2980 2187 3194 2243 Christi
3241 2194 3443 2244 autem
3500 2192 3558 2243 et
3594 2187 3690 2243 hic

2041 2292 2238 2332 sermo
2269 2279 2374 2340 est,
2400 2275 2552 2330 sicut
2583 2275 2758 2330 etiam
2791 2275 3037 2343 dictum,
3069 2275 3235 2348 quod
3266 2276 3552 2348 sequitur.

2110 2366 2275 2422 Vers.
2303 2369 2393 2421 30.
2427 2364 2724 2420 Phariswi
2753 2380 2890 2421 vero
2921 2397 2988 2405 —
3014 2365 3086 2422 ab
3115 2380 3198 2421 eo.
3233 2364 3546 2422 Consilium
3594 2364 3696 2420 Dei

2042 2461 2215 2512 vocat
2244 2455 2444 2526 ipsum
2478 2453 2784 2525 baptisma,
2811 2459 3100 2526 tanquam
3129 2455 3229 2509 Dei
3261 2459 3554 2525 praecepto
3576 2452 3696 2510 fac-

2043 2550 2187 2614 tum,
2209 2544 2454 2600 Factum
2472 2548 2569 2607 est,
2595 2543 2804 2614 inquit,
2829 2543 3069 2599 verbum
3083 2543 3325 2599 Domini
3334 2558 3508 2614 super
3523 2542 3699 2598 Joan-

2040 2648 2164 2690 nem
2195 2632 2500 2689 Zachariae
2534 2632 2723 2699 ﬁlium
2771 2633 2836 2688 in
2880 2633 3101 2689 deserto
3135 2652 3149 2692 :
3179 2639 3233 2689 et
3285 2633 3442 2689 venit
3472 2633 3536 2687 in
3579 2647 3700 2687 om-

2041 2739 2168 2778 nem
2182 2723 2502 2794 regionem,
2527 2737 2660 2792 qua?
2674 2722 2836 2778 circa
2852 2722 3172 2778 Jordanem
3202 2728 3352 2786 erat,
3367 2721 3698 2791 pi'wdicans

2043 2812 2391 2882 baptismum
2403 2811 2756 2882 poenitentia
2768 2811 2831 2868 in
2845 2812 3228 2869 remissionem
3240 2818 3614 2881 peccatorum
3627 2811 3695 2866 ⁸ο.

2042 2900 2108 2956 In
2151 2900 2482 2972 semetipsis
2521 2905 2741 2957 autem.
2781 2900 2933 2957 Nam
2989 2919 3058 2962 εις
3087 2903 3304 2964 ἑαυτοὺς
3332 2900 3559 2973 capitur
3587 2914 3698 2972 pro

2041 2993 2091 3042 ἓν
2120 2991 2336 3051 ἓαυτοῖς.

2113 3077 2276 3134 Vera.
2338 3078 2428 3133 3'1.
2495 3077 2600 3134 Cui
2642 3108 2713 3119 —
2767 3077 2932 3134 Vers.
2992 3082 3079 3135 35.
3147 3078 3404 3135 omnibus
3487 3075 3698 3133 Praedi-

2045 3171 2140 3223 cto
2160 3167 2456 3236 vigesimo
2487 3166 2678 3238 capite
2699 3168 2771 3223 de
2801 3166 2893 3222 his
2923 3166 3207 3223 omnibus
3237 3182 3307 3224 ac
3337 3166 3586 3238 singulis
3612 3167 3700 3221 in-

2043 3256 2266 3312 venies.

2082 3345 2232 3402 CAP.
2260 3347 2387 3401 XXI.
2423 3345 2504 3401 De
2528 3360 2618 3413 ea,
2642 3359 2766 3416 quae
2793 3345 2968 3402 unxit
3000 3344 3312 3400 Dominum
3344 3349 3667 3416 unguento.

2120 3432 2280 3489 Vers.
2341 3433 2433 3488 36.
2477 3433 2782 3490 Invitabat
2836 3464 2907 3474 —
2955 3433 3098 3504 ipso.
3151 3433 3427 3491 Similiter
3497 3437 3552 3489 et
3606 3433 3704 3488 hic

2045 3522 2243 3598 ἠρώτα.
2276 3537 2399 3578 non
2446 3522 2745 3594 signiﬁcat
2783 3522 3212 3593 Interrogabat,
3268 3522 3374 3579 sed
3405 3521 3699 3578 Vocabat:

2045 3627 2212 3680 nam,
2244 3616 2533 3685 tanquam
2557 3612 2936 3684 prophetam,
2964 3628 3104 3670 eum
3134 3612 3212 3670 ad
3238 3611 3579 3670 convivium
3601 3627 3705 3668 vo-

2047 3701 2243 3771 cabat,
2273 3702 2368 3758 vel
2400 3702 2712 3760 invitabat.
3659 3717 3663 3720 ’

2116 3792 2279 3848 Vers.
2311 3795 2404 3849 36.
2463 3793 2542 3848 Et
2590 3793 2886 3863 ingressus
2922 3823 2993 3834 —
3030 3792 3317 3849 accubuit.
3369 3795 3495 3849 Non
3543 3789 3708 3848 devi-

2046 3881 2194 3939 tavit
2219 3881 2401 3946 hunc,
2444 3897 2518 3937 ne
2572 3881 2741 3938 daret
2791 3881 3175 3939 occasionem
3229 3882 3488 3947 dicendi,
3538 3881 3704 3954 quod

2047 3986 2186 4026 cum
2209 3970 2540 4042 publicanis
2563 3975 2618 4026 et
2631 3971 3040 4042 peccatoribus
3061 3986 3183 4028 una
3211 3971 3416 4028 cibum
3445 3975 3702 4043 caperet.

2048 4059 2380 4116 Pharismos
2412 4067 2610 4116 autem
2635 4060 2953 4116 fastideret.

2119 4150 2276 4204 Vera.
2300 4149 2388 4203 37.
2421 4149 2501 4204 Et
2532 4164 2660 4205 ecce
2711 4178 2779 4190 -—
2823 4151 2982 4204 Vera.
3026 4152 3114 4204 38.
3153 4149 3452 4219 lacrymis.
3500 4148 3707 4212 Quaare

2049 4236 2107 4292 in
2137 4235 2456 4306 Evangelio
2501 4237 2834 4292 secundum
2875 4235 3219 4291 Matthaeum
3269 4235 3708 4292 enarrationem

2051 4325 2412 4394 sexagesimi
2455 4325 2698 4380 secundi
2779 4324 3010 4396 capitis.
3058 4325 3190 4380 Haec
3221 4328 3424 4380 autem
3473 4321 3704 4392 mulier,

2051 4429 2189 4470 cum
2221 4412 2427 4469 Christi
2458 4411 2747 4470 miracula
2781 4413 2999 4485 partim
3039 4413 3174 4484 ipsa
3196 4411 3455 4478 vidisset,
3489 4411 3708 4483 partim

2053 4502 2130 4560 ab
2155 4501 2268 4570 his,
2301 4502 2399 4574 qui
2428 4501 2716 4568 viderant,
2747 4500 3033 4569 audisset,
3089 4501 3272 4556 Deum
3303 4514 3432 4556 esse
3463 4498 3712 4557 credidit

2054 4608 2192 4650 eum
2213 4592 2317 4664 qui
2363 4591 2490 4647 haec
2532 4591 2896 4663 operabatur
2926 4607 2941 4657 ;
2973 4589 3108 4646 ideo
3139 4591 3310 4646 etiam
3343 4587 3530 4657 venit,
3581 4603 3714 4662 spe-

2052 4696 2212 4748 rans,
2243 4680 2652 4736 remissionem
2708 4685 3093 4752 pcccatorum
3132 4694 3378 4736 suorum
3425 4693 3490 4736 se
3541 4692 3710 4736 acce-

2053 4775 2313 4844 pturam.

2127 4859 2453 4916 Considera
2482 4873 2618 4914 vero
2643 4873 2932 4928 magnam
2951 4857 3133 4929 hujus
3154 4857 3566 4915 reverentiam.
3592 4858 3713 4914 Ste-

2054 4950 2123 5006 tit
2165 4949 2325 5006 enim
2369 4947 2449 5005 ad
2477 4953 2770 5004 extremas
2823 4947 3090 5020 corporis
3134 4946 3292 5004 illius
3332 4951 3556 5020 partes,
3587 4951 3713 5005 tan-

2055 5054 2241 5112 quam
2259 5043 2548 5102 extrema;
2562 5041 2617 5093 et
2637 5053 2674 5093 a
2687 5042 2871 5106 tergo,
2888 5041 3180 5110 tanquam
3197 5037 3456 5094 audacia
3468 5050 3678 5093 carens
3696 5052 3712 5102 ;

2055 5128 2234 5184 ﬂebat
2266 5127 2513 5200 quidem
2547 5131 2789 5200 propter
2835 5133 3083 5200 peccata
3112 5143 3223 5184 sua
3261 5145 3277 5195 ;
3322 5127 3561 5198 rigabat
3613 5141 3716 5182 au-

2055 5223 2176 5276 tem
2205 5217 2390 5290 pedes
2414 5215 2571 5274 illius
2590 5216 2894 5289 lacrymis,
2924 5220 3129 5291 utpote
3156 5216 3236 5275 ad
3263 5215 3451 5290 pedes
3475 5215 3603 5289 ejus
3630 5214 3717 5272 in-

2059 5307 2298 5365 clinata.

1572 5527 1799 5598 Variae
1835 5527 2165 5599 lectiones
2205 5535 2271 5596 et
2308 5534 2492 5595 notae

575 5668 686 5718 Τῶν

573 5738 696 5796 MO

424 5661 542 5810 ἕξ»ξέ

573 5663 1120 5797 ἐγγᾶιῖφόρών.
1147 5674 1204 5724 Β.
1235 5667 1403 5744 quod
1431 5668 1646 5731 eodem
1675 5671 1849 5770 redit.

811 5738 876 5797 tit
896 5738 966 5796 AL

2132 5669 2247 5746 (38)
2279 5671 2537 5746 Εύρήσεις
2563 5668 2735 5728 abest
2760 5671 2834 5732 Α.
