4210 6464
578 323 676 384 931

900 454 1052 509 CAP.
1084 453 1262 510 XVIII.
1294 457 1375 511 De
1405 459 1770 513 centurione.

650 543 790 614 Cap.
838 542 947 597 VII.
983 543 1152 598 Vers.
1209 550 1257 598 ί.
1307 545 1446 600 Cum
1481 575 1547 584 —
1580 545 1977 616 Capernaum.
2025 543 2234 601 Omnia

575 631 760 687 verba
785 647 912 695 sua,
947 647 1082 703 quae
1106 632 1374 689 videlicet
1398 633 1544 689 dicta
1583 641 1721 690 sunt
1746 679 1760 692 .
1796 634 1888 690 Ait
1908 632 2066 688 enim
2089 633 2233 688 Mat-

575 720 804 778 thams:
832 721 908 776 Et
935 721 1166 790 factum
1213 727 1295 779 est
1331 738 1463 779 cum
1496 723 1722 792 ﬁnisset
1763 727 1930 779 Jesus
1961 722 2064 779 hos
2112 733 2228 778 ser-

573 825 766 866 mones
808 812 875 864 ”.

644 897 806 954 Vers.
862 901 916 954 2.
967 900 1365 958 Centurionis.
1394 933 1462 943 —
1488 903 1648 959 Vers.
1682 901 1736 957 3.
1766 901 1972 970 ipsius.
2023 903 2089 956 Et
2132 900 2228 957 hic

568 990 769 1060 ἐρωτῶν
809 988 969 1044 idem
1023 990 1338 1060 significat,
1395 991 1560 1064 quod
1610 991 1966 1062 deprecans.
2005 991 2081 1046 De
2110 989 2226 1046 hoc

570 1084 772 1133 autem
802 1076 1030 1134 dictum
1057 1085 1144 1134 est
1175 1081 1433 1150 septimo
1448 1081 1619 1150 juxta
1645 1079 1985 1136 Matthmum
2010 1079 2222 1151 capite.

566 1167 717 1236 Lege
747 1181 889 1238 ergo
915 1168 1091 1223 totius
1117 1167 1324 1239 capitis
1360 1168 1518 1225 illius
1544 1169 2002 1236 enarrationem,
2041 1174 2092 1224 et
2123 1183 2225 1240 po-

567 1256 852 1312 tissimum
898 1255 956 1311 in
1007 1255 1145 1321 ﬁne,
1182 1262 1242 1312 ut
1291 1258 1461 1322 scias,
1513 1257 1678 1331 quod
1728 1272 1849 1313 non
1897 1261 2223 1328 repugnent

563 1345 1064 1415 evangelistarum
1089 1345 1268 1411 dicta,
1301 1351 1355 1403 et
1386 1347 1432 1402 si
1464 1347 1791 1402 videantur.

634 1434 798 1490 Vers.
828 1437 881 1489 4.
913 1434 1026 1501 Qui
1052 1465 1106 1476 —
1133 1435 1262 1492 hoc.
1298 1438 1436 1502 Hoc,
1470 1435 1764 1508 quidnam
1795 1435 1823 1491 ?
1845 1439 1990 1508 puta
2020 1434 2219 1491 venire

561 1540 627 1580 ac
663 1538 878 1581 sanare
911 1538 1153 1578 servum
1184 1525 1335 1595 ejus.

634 1613 798 1668 Vers.
825 1617 875 1670 5.
898 1612 1098 1683 Diligit
1122 1644 1187 1652 -
1208 1613 1396 1670 nobis.
1423 1614 1744 1685 Synagoga
1763 1613 1890 1668 haec
1917 1612 2216 1669 habitacu-

557 1701 684 1757 lum
715 1706 859 1767 erat,
892 1701 953 1757 in
991 1716 1112 1773 quo
1143 1704 1663 1773 congregabantur
1715 1701 1948 1758 statutis
2001 1717 2037 1758 a
2083 1701 2212 1773 lege

556 1791 790 1936 (11:12::
817 1881 871 1937 6.
929 1883 1096 1939 Jequ
1123 1885 1310 1939 autem
1356 1911 1422 1923 —-
1454 1881 1684 1938 vexari.
1718 1879 1798 1936 Ne
1841 1879 2206 1943 distraharis,

554 1982 630 2024 ne
680 1970 1034 2026 molesteris.

627 2057 790 2114 Vers.
820 2060 874 2114 6.
908 2061 1043 2117 Non
1069 2091 1136 2102 —
1162 2060 1322 2116 Vers.
1364 2065 1417 2114 7.
1450 2075 1596 2128 puer
1635 2073 1812 2116 meus.
1848 2061 1974 2115 Haec
2024 2057 2207 2115 etiam

549 2146 699 2204 dixit
727 2149 1060 2215 Matthmus,
1095 2156 1150 2206 et
1187 2149 1488 2206 declarata
1516 2153 1656 2204 sunt
1685 2148 1969 2220 praedicto
1994 2147 2203 2219 capite.

633 2242 795 2297 Vers.
826 2241 879 2294 8.
902 2239 1201 2310 Siquidem
1233 2269 1300 2279 —
1328 2238 1482 2307 facit
1510 2237 1786 2293 Similiter
1824 2240 1882 2291 et
1910 2235 2062 2292 hac.

622 2333 779 2388 Vers.
811 2331 867 2386 9.
909 2330 1015 2385 His
1041 2334 1226 2386 autem
1255 2327 1476 2384 auditis
1503 2358 1572 2367 —
1593 2325 1816 2383 inveni.
1851 2324 1985 2382 Pari
2022 2323 2204 2382 modo

669 2437 773 2476 mc.

549 2423 779 2566 etVbcrs.
809 2512 891 2564 ίο.
915 2508 993 2563 Et
1024 2507 1242 2563 reversi
1259 2537 1322 2546 -—
1347 2521 1578 2561 sanum.
1605 2505 1684 2559 De
1706 2503 1819 2559 hoc
1857 2518 2092 2559 rursum
2117 2502 2205 2559 in-

545 2600 740 2656 venies
792 2598 851 2653 in
883 2596 1044 2652 calce
1089 2593 1506 2662 enat-rationis,
1546 2608 1684 2664 quae
1731 2592 1928 2664 posita
1979 2598 2069 2649 est
2123 2593 2202 2650 ad

544 2689 725 2744 ﬁnem
759 2685 898 2742 dicti
930 2683 1168 2755 capitis.

863 2774 1015 2828 CAP.
1052 2772 1181 2828 XIX.
1216 2769 1299 2827 De
1331 2770 1459 2838 lilio
1491 2769 1708 2827 vidua.

615 2875 772 2928 Vers.
833 2872 920 2925 11.
961 2870 1036 2924 Et
1070 2870 1301 2938 factum
1333 2873 1417 2924 est
1447 2898 1513 2907 —
1557 2868 1712 2922 Vers.
1770 2866 1854 2922 12.
1888 2882 2014 2923 cum
2061 2868 2194 2924 illa.

543 2961 956 3021 Condolebant
1001 2958 1161 3013 enim
1188 2957 1285 3022 illi,
1328 2963 1392 3012 ut
1415 2972 1552 3028 quae
1607 2970 1729 3012 non
1778 2956 1962 3012 modo
2001 2957 2196 3013 virum

542 3050 902 3125 perdiderat,
932 3046 1039 3103 sed
1088 3061 1248 3102 nunc
1278 3060 1521 3118 quoque
1548 3044 1760 3116 ﬁlium,
1793 3043 2034 3101 ethunc
2064 3047 2197 3102 uni-

540 3145 962 3284 “32:23.5:
979 3225 1250 3281 —itlam.
1268 3222 1520 3280 Intuitus
1538 3237 1672 3279 eam
1687 3221 2195 3280 inconsolabiliter

535 3319 800 3376 ﬂentem.
835 3317 891 3373 Si
923 3313 1270 3372 enimturba
1293 3312 1704 3379 miserebatur,
1727 3315 1954 3384 quanto
1984 3313 2188 3383 magis,

531 3409 634 3482 qui
663 3407 794 3464 fons
825 3412 948 3462 erat
992 3402 1442 3460 misericordia?

599 3498 764 3553 Vers.
798 3497 885 3561 13,
936 3495 1208 3566 Dixitque
1235 3522 1305 3534 —
1333 3491 1498 3548 Vers.
1533 3494 1612 3548 IL.
1665 3491 1948 3549 locutum.
2011 3496 2189 3548 Arcu-

526 3586 671 3654 lam,
704 3585 764 3640 in
803 3600 921 3655 qua
946 3583 1185 3654 jacebat
1216 3585 1508 3638 mortuus.

599 3677 758 3729 Vers.
812 3672 900 3727 14.
943 3671 1057 3738 Qui
1097 3685 1230 3726 vero
1263 3671 1510 3724 —Vers.
1581 3673 1663 3725 l5.
1717 3684 1860 3726 suae.
1905 3669 2184 3735 Quemad-

528 3762 769 3818 modum
825 3761 1068 3825 ferrum,
1135 3758 1302 3830 quod
1350 3758 1410 3813 in
1458 3759 1595 3828 igne
1662 3757 1970 3830 aliquanto
2041 3763 2184 3814 tem-

525 3866 670 3923 pore
701 3847 1049 3918 permansit,
1097 3847 1280 3902 habet
1309 3846 1462 3918 ignis
1495 3845 1893 3918 operationes,
1923 3845 2006 3904 ita
2035 3862 2178 3919 quo-

523 3955 641 4013 que
669 3942 874 3994 sancta
896 3935 1080 4009 ipsius
1110 3951 1249 3992 caro
1279 3935 1567 3991 divinitati
1599 3935 1784 4003 unita,
1808 3951 1944 4007 qum
1970 3935 2180 3992 divini-

523 4029 658 4085 tatis
669 4032 828 4093 sunt,
843 4024 1220 4099 Operabatur.
1237 4025 1375 4080 Ideo
1391 4040 1601 4080 manus
1617 4025 1860 4096 quidem
1879 4029 2177 4082 mortuum

522 4134 590 4175 ac
631 4117 928 4174 desertum
959 4131 1179 4188 corpus
1220 4114 1531 4185 conjunxit
1564 4130 1578 4180 ;
1611 4129 1724 4170 vox
1768 4119 1971 4171 autem
2022 4130 2178 4172 rece-

519 4207 755 4265 dentem
791 4205 1058 4262 animam
1086 4204 1404 4261 revocavit.

588 4297 750 4354 Vers.
790 4296 872 4352 t6.
916 4295 1157 4363 Accepit
1183 4325 1251 4334 —
1276 4292 1505 4363 plebem
1558 4307 1742 4349 suam.
1797 4292 1951 4350 Olim
1986 4294 2177 4367 siqui-

513 4387 648 4442 dem
697 4385 990 4458 propheta
1045 4383 1192 4440 Elias
1245 4383 1434 4438 ﬁlium
1493 4381 1920 4454 Sarephthanas
1974 4384 2173 4440 vidua:

1924 322 2274 387 EUTHYMII
2310 327 2634 391 ZIGABENI

3846 345 3968 407 932

2631 467 2774 518 KE¢.
2818 464 2921 518 ΗΓ.
2958 469 3082 538 Περὶ
3122 473 3218 518 τοῦ
3249 467 3656 544 ἑκατοντάρχου.

2415 546 2558 600 Ἑπεὶ
2591 546 2649 601 δὲ
2691 583 2759 591 -
2814 557 3174 627 Καπερναούμ.
3237 558 3413 608 Πάντα
3469 561 3534 610 τὰ
3583 560 3800 633 ῥήματα
3859 565 3960 615 αῦ-

2340 643 2451 700 τοῦ,
2484 640 2548 688 τὰ
2592 640 2832 713 ῥηθέντα,
2869 639 3128 699 δηλονότι.
3189 649 3325 702 Φησὶ
3380 649 3482 720 γὰρ
3545 651 3570 699 6
3637 652 3952 712 Ματθαῐος⁸

2344 728 2442 776 Καὶ
2481 723 2694 797 ἐγένετο,
2735 731 2816 782 ὅτε
2871 732 3188 785 συνετελεσεν
3243 736 3268 784 6
3327 735 3532 798 Ἰησοῦς
3585 742 3704 799 τοὺς
3759 739 3953 812 λόγους

2338 829 2569 876 τουτους.

2406 900 2823 978 Ἐκατοντάρχου
2881 939 2949 949 -
3003 909 3179 962 αὐτοῦ.
3232 941 3301 951 --
3351 911 3605 986 Ἐρωτῶν,
3657 913 3772 969 ἀντὶ
3825 927 3946 987 τοῦ,

2338 993 2674 1064 Ιῐαρακαλῶν.
2723 999 2936 1067 Εἴρηται
2995 995 3054 1051 δὲ
3104 1004 3220 1070 περὶ
3275 1003 3457 1054 τούτου
3503 1001 3551 1054 έν
3608 1011 3680 1073 τῷ
3729 1001 3946 1077 ἑϐδόμῳ

2335 1080 2592 1153 κεφαλαίῳ
2630 1091 2722 1135 τοῦ
2771 1089 2906 1137 κατά
2936 1088 3223 1152 Ματθαίον,
3256 1096 3346 1142 καὶ
3387 1088 3645 1161 ἀνάγνωθι
3672 1097 3767 1151 τήν
3814 1093 3942 1151 ὅλην

2333 1165 2583 1239 ἐξήγησιν
2621 1179 2713 1223 τοῦ
2742 1173 2860 1226 ὅλου
2890 1175 3169 1246 κεφαλαίου
3199 1175 3411 1243 ἐκείνου,
3440 1183 3529 1231 καὶ
3547 1179 3738 1251 μᾶλλον
3760 1186 3856 1239 τήν
3889 1180 3939 1232 έν

2332 1265 2403 1327 τῷ
2430 1259 2579 1324 τέλει,
2614 1262 2696 1313 ἱνα
2726 1271 2902 1334 σαφῶς
2930 1273 3085 1335 γνῷς,
3131 1267 3211 1318 ὅτι
3250 1266 3308 1319 οὔ
3341 1264 3712 1340 διαφωνοῦσιν,
3755 1271 3797 1323 εὶ
3845 1277 3936 1322 καὶ

2331 1343 2601 1404 δοκοῦσιν.

2399 1439 2465 1488 Οἱ
2496 1468 2562 1479 -
2587 1447 2757 1494 τοῦτο.
2791 1447 2972 1507 Τοῦτο,
3014 1451 3161 1496 ποῖον
3189 1461 3203 1509 ;
3235 1448 3305 1498 Τὸ
3335 1444 3496 1499 έλθείν
3541 1452 3629 1500 καὶ
3660 1443 3930 1501 διασῶσαι

2328 1529 2413 1577 τὸν
2446 1523 2630 1580 δοῦλον
2664 1530 2845 1582 αὐτοῦ.

2397 1614 2607 1688 Ἀγαπᾴ
2677 1649 2746 1660 -
2811 1621 2954 1689 ἡμῖν.
3031 1620 3088 1674 Ἠ
3152 1627 3432 1695 συναγωγὴ
3500 1623 3656 1689 αὕτη,
3729 1628 3928 1698 οἴκημα

2323 1698 2402 1768 ἦν,
2449 1703 2498 1755 έν
2619 1713 2903 1778 συνήγοντο
2949 1713 3083 1762 κατὰ
3138 1713 3227 1772 τὰς
3293 1709 3348 1763 έκ
3399 1716 3558 1784 νόμον
3611 1719 3926 1786 τεταγμένας

2245 1811 2285 1866 Β
2320 1795 2534 1868 ἡμέρας.

2388 1882 2445 1934 Ὀ
2508 1880 2567 1936 δε
2643 1884 2844 1947 Ἰησοῦς
2912 1918 2973 1928 -
3040 1887 3281 1943 σκύλλου.
3365 1893 3451 1949 Μή
3532 1900 3790 1966 περισπῶ,
3843 1897 3919 1964 μή

2317 1990 2408 2044 περ
2417 1978 2631 2026 ικόπτου
2641 2013 2652 2026 .

2388 2061 2463 2112 Οὐ
2494 2093 2557 2104 —-
2584 2071 2701 2124 παῖς
2739 2084 2860 2136 μου.
2909 2073 3088 2118 Ταῦτα
3137 2063 3245 2120 εἶπε
3287 2073 3377 2120 καὶ
3424 2070 3449 2120 6
3499 2071 3785 2142 Ματθαῶς,
3827 2077 3919 2123 καὶ

2317 2151 2717 2224 ἡρμηνεύθησαν
2749 2153 2796 2206 έν
2837 2163 2905 2225 τῷ
2932 2157 3142 2229 ῥηθέντι
3171 2156 3450 2228 κεφαλαίῳ.

2390 2246 2488 2294 Καὶ
2516 2244 2617 2315 γὰρ
2667 2274 2714 2283 -
2751 2252 2904 2296 ποιεῖ.
2946 2244 3164 2317 Ὀμοίως
3189 2251 3278 2298 καὶ
3307 2254 3494 2303 ταῦτα.

2389 2330 2645 2394 ’Δκούσας
2723 2328 2781 2385 δε
2844 2341 3007 2386 ταῦτα
3091 2365 3156 2376 -
3241 2334 3408 2410 εὗρον.
3479 2335 3748 2400 Ὡσαύτως
3822 2343 3914 2390 καὶ

2315 2437 2496 2474 ταυτα.

2387 2513 2485 2561 Καὶ
2517 2509 2936 2581 ὑποστρέψαντες
2958 2543 3027 2552 —
3053 2512 3373 2582 ὑγιαίνοντα.
3404 2517 3528 2587 Περὶ
3546 2516 3731 2566 τούτου
3757 2515 3914 2567 πάλιν

2312 2598 2544 2670 ιῦρήσιις
2566 2598 2614 2650 έν
2641 2608 2713 2669 τῷ
2741 2599 2869 2653 τελει
2907 2608 2998 2662 τῆς
3026 2599 3344 2673 ἐξηγήσεως,
3371 2609 3466 2664 τῆς
3494 2601 3542 2655 έν
3564 2610 3636 2674 τῷ
3666 2603 3798 2656 τέλει
3819 2613 3914 2657 τοῦ

2309 2685 2580 2757 λεχθέντος
2611 2689 2908 2759 κεφαλαίου.

2580 2783 2724 2832 KRP.
2756 2779 2860 2834 IB'.
2895 2784 3020 2852 Περὶ
3050 2787 3141 2831 τοῦ
3167 2782 3282 2832 υἱοῦ
3311 2787 3408 2840 τῆς
3435 2785 3630 2854 χήρας.

2382 2871 2480 2918 Καὶ
2523 2865 2715 2937 ἐγένετο
2766 2899 2831 2907 -
2890 2872 2984 2920 σῦν
3041 2869 3194 2941 αὐτῇ.
3248 2869 3537 2940 Συνήλγουν
3587 2873 3690 2944 γὰρ
3748 2873 3906 2944 αὐτῇ,

2309 2956 2377 3016 ὡς
2406 2953 2739 3028 ἀποϐαλούσῃ
2773 2961 2844 3028 μὴ
2887 2961 2973 3009 τὸν
3003 2955 3174 3029 ἄνδρα
3205 2960 3377 3030 μόνον,
3414 2957 3520 3010 ἀλλ’
3553 2956 3662 3018 ἤδη
3689 2965 3779 3013 καὶ
3820 2966 3907 3014 τὸν

2305 3048 2437 3111 υἱὸν,
2465 3049 2554 3096 καὶ
2583 3052 2763 3097 τοῦτον
2792 3054 3060 3117 μονογενῆ.

2377 3226 2474 3274 Καὶ
2501 3252 2570 3262 —-
2599 3222 2752 3295 αὐτῇ.
2797 3221 2945 3277 Ἰδὼν
2973 3223 3136 3283 αὐτήν
3169 3222 3550 3298 ἁπαρηγόρητα
3593 3227 3890 3280 κλαίουσαν.

2301 3312 2361 3363 Ei
2384 3312 2485 3384 γὰρ
2515 3312 2539 3362 6
2579 3310 2735 3382 ὀχλος
2768 3312 2902 3371 ἠλέει
2933 3312 3303 3384 αὑτήν,πολλῷ
3327 3313 3520 3386 μᾶλλον
3556 3315 3707 3376 αὐτὸς
3741 3318 3769 3373 ή
3801 3322 3889 3367 τοῦ

2300 3397 2469 3461 έλέους
2499 3406 2664 3472 πηγή.

2373 3492 2472 3542 Καὶ
2503 3486 2635 3542 εἶπεν
2683 3521 2751 3532 -
2784 3499 2962 3565 σοροῦ.
3009 3493 3110 3547 Τοῦ
3157 3490 3429 3560 κιϐωτίου,
3462 3492 3508 3545 έν
3561 3493 3598 3562 ᾧ
3636 3494 3793 3542 ἔκειτο
3844 3491 3869 3542 6

2296 3583 2494 3650 νεκρός.

2367 3669 2432 3719 Oi
2463 3664 2522 3720 δε
2553 3700 2619 3709 -
2667 3669 2845 3723 αὐτοῦ.
2896 3667 3095 3743 Ὠσπερ
3137 3672 3162 3722 ό
3221 3667 3462 3746 σίδηρος,
3515 3668 3766 3742 ὁμιλήσας
3810 3677 3883 3739 τῷ

2291 3762 2438 3829 πυρὶ,
2465 3761 2526 3809 τὰ
2570 3766 2662 3810 τοῦ
2700 3761 2864 3832 πυρὸς
2915 3758 3139 3832 ἐνεργεῖ·
3175 3761 3306 3812 οὕτω
3359 3765 3448 3812 καὶ
3498 3762 3527 3818 ἡ
3584 3762 3708 3830 ἁγία
3759 3760 3889 3832 σαρξ

2290 3846 2472 3911 αὑτοῦ,
2528 3847 2778 3900 ένωθέίσα
2832 3855 2894 3920 τῇ
2950 3850 3175 3914 θεότητι,
3215 3851 3282 3901 τὰ
3335 3857 3426 3909 τῆς
3482 3851 3718 3910 θεότητος
3763 3848 3891 3917 ἐνερ-

2288 3942 2386 4007 γεῖ.
2438 3939 2524 3988 Διὸ
2569 3938 2598 3994 ἠ
2633 3942 2752 4009 χεὶρ
2798 3940 2887 4009 μεν
2935 3937 3096 3990 αὑτοῦ
3135 3942 3191 3990 τὸ
3236 3941 3409 4009 νεκρὸν
3442 3943 3531 3990 καὶ
3591 3943 3890 4013 παρειμένον

2289 4033 2442 4097 σῶμα
2486 4025 2852 4097 συνέσφιγξεν·
2884 4027 2914 4084 ἠ
2963 4022 3022 4080 δε
3072 4031 3209 4099 φωνή
3256 4032 3349 4086 τήν
3393 4026 3666 4100 οἱκομένην
3704 4028 3890 4100 ψυχήν

2286 4114 2615 4188 έπέστρεψεν.

2356 4292 2540 4348 Ἐλαϐε
2575 4327 2632 4337 -
2666 4293 2786 4346 λαὸν
2811 4293 2990 4348 αὐτοῦ.
3016 4293 3184 4347 Πάλαι
3210 4298 3299 4368 μὶν
3324 4296 3422 4367 γὰρ
3448 4298 3537 4346 καὶ
3567 4295 3591 4345 ὀ
3613 4299 3882 4367 προφήτης

2285 4383 2458 4444 Ἠλίας
2542 4382 2794 4441 ἀνέστησε
2860 4385 2947 4435 τὸν
3029 4385 3140 4434 υἱὸν
3225 4393 3322 4447 τῆς
3390 4385 3705 4458 Σαραφείας,
3773 4382 3879 4436 ἀλλ’

515 4476 848 4541 suscitavit,
881 4473 987 4531 sed
1017 4473 1382 4546 deplorando
1414 4489 1554 4543 erga
1605 4476 1808 4540 Deum,
1853 4474 2170 4546 ipsumque

2307 4470 2678 4544 ὶποὸυρέμενος
2731 4476 2855 4543 πρὸς
2901 4476 3030 4526 Θεὸν
3069 4478 3157 4526 καὶ
3194 4476 3458 4535 ἱκετεύσας
3502 4473 3677 4527 αὐτόν.
3722 4476 3821 4526 Καὶ
3855 4473 3881 4524 6

510 4565 914 4638 deprecando.
949 4567 1016 4620 Et
1044 4562 1340 4635 propheta
1367 4561 1606 4617 Eliseeus
1631 4562 1822 4618 ﬁlium
1850 4563 2172 4619 Somaniti-

2307 4568 2550 4636 τροφήτης
2591 4561 2888 4623 Ἐλισσαῖος
2920 4565 3008 4613 τὸν
3047 4564 3158 4615 υἱὸν
3197 4569 3290 4622 τῆς
3323 4563 3456 4632 (34).
3511 4557 3876 4633 Σωμανίτιδος,

509 4653 626 4720 dis,
667 4654 775 4710 sed
807 4658 1081 4710 extensus
1111 4667 1286 4723 super
1324 4661 1484 4720 eum,
1527 4655 1687 4706 totus
1733 4667 1911 4722 super
1955 4655 2163 4708 totum.

509 4744 610 4798 Hic
636 4758 774 4798 vero
799 4747 1050 4813 tangens
1083 4740 1273 4795 solum
1295 4755 1365 4796 ac
1381 4739 1622 4810 jubens,
1651 4740 1851 4796 statim
1869 4740 2162 4797 excitavit.

507 4832 753 4902 Propter
797 4829 912 4884 hoc
936 4829 1137 4902 itaque
1179 4827 1480 4892 dicebant,
1537 4827 1836 4900 Propheta
1882 4843 2159 4900 magnus,

508 4920 616 4978 sed
661 4919 878 4990 ingrati
920 4917 1308 4991 postmodum
1339 4916 1542 4989 ipsum
1581 4917 1947 4974 occiderunt.

576 5011 739 5068 Vers.
800 5007 886 5065 1⁸7.
940 5009 1344 5079 Egressusque
1370 5037 1440 5048 —
1465 5006 1776 5076 ﬁnitimam
1837 5009 2159 5079 regionem.

505 5104 711 5160 Sermo
741 5099 1033 5166 miraculi,
1073 5104 1130 5157 et
1153 5097 1313 5172 quod
1342 5099 1636 5172 propheta
1675 5114 1936 5171 magnus
1969 5115 2162 5157 surre-

503 5191 706 5249 xisset.

496 5325 498 5329 λ
572 5370 621 5408 ²⁹
649 5368 848 5428 Matth.
882 5384 980 5434 νυ,
1010 5371 1100 5425 28.

2279 4650 2384 4702 ἀλλ’
2425 4649 2720 4711 έπιπλακεὶς
2752 4651 2890 4721 αὐτῷ
2920 4650 3028 4711 ὅλος
3057 4647 3128 4702 δι’
3151 4649 3267 4703 ὅλου
3293 4669 3306 4681 ·
3331 4650 3482 4712 οὗτος
3504 4646 3584 4719 δε,
3618 4649 3881 4722 ἁψάμενος

2276 4745 2428 4813 μόνον
2466 4745 2556 4792 καὶ
2600 4740 2915 4812 προστάξας,
2971 4741 3154 4802 εὐθέως
3197 4741 3387 4812 ἤγειρε.
3457 4743 3558 4792 Καὶ
3786 4735 3878 4792 διὰ

2273 4837 2426 4882 τοῦτο
2455 4828 2632 4881 λοιπὸν
2674 4829 2861 4900 ἔλεγον,
2896 4831 2975 4881 ὃτι
3000 4833 3267 4902 προφήτης
3295 4833 3470 4901 μέγας,
3517 4826 3625 4879 ἀλλ’
3661 4828 3876 4901 ὕστερον

2273 4921 2321 4972 οἱ
2348 4917 2637 4992 ἀγνώμονες
2667 4916 2857 4971 ἀνεῖλον
2881 4917 3054 4972 αὐτόν.

2346 5014 2445 5062 Καὶ
2473 5007 2678 5070 ἐξῆλθεν
2702 5039 2765 5048 -
2786 5015 2848 5081 τῇ
2876 5012 3180 5083 περιχώρῳ,
3201 5006 3263 5061 Ὀ
3287 5006 3435 5079 λόγος
3463 5013 3556 5060 τοῦ
3585 5008 3870 5080 θαύματος,

2271 5102 2302 5158 ἦ
2335 5099 2416 5151 ὃτι
2444 5102 2710 5171 προφήτης
2737 5101 2896 5170 μέγας
2920 5095 3219 5171 έγήγερται.

1725 5489 1954 5562 Variae
1982 5491 2312 5562 lectiones
2342 5501 2409 5560 et
2441 5499 2641 5561 notae.

569 5691 684 5765 (34)
729 5688 820 5750 Ita
851 5706 1094 5765 quoque
1131 5688 1420 5765 reperitur
1448 5688 1511 5745 in
1561 5686 1737 5765 codd.
1767 5689 1858 5765 7_0,
1917 5686 2007 5744 IV.
2035 5703 2146 5765 pro

495 5757 821 5841 Σουναμίτις.
871 5757 1090 5822 ΕΓωόίε
1145 5757 1399 5820 ωὀιθειει
1456 5763 1576 5818 erat
1629 5757 1864 5831 syllaba
1916 5757 2055 5813 σουν“
2088 5761 2143 5815 et

2266 5704 2424 5758 σουμ.

2322 5753 2436 5831 (35)
2481 5757 2579 5811 Καί
2610 5753 2830 5817 omittit
2854 5754 2924 5812 Β.
