4210 6442
314 376 418 434 933
1322 376 1696 434 COMMENT.
1746 370 1817 430 IN
1855 369 1933 430 ιι

2058 373 2126 428 Μ-
2172 405 2241 416 -
2281 373 2442 429 CAP.
2485 371 2612 430 VII.

387 505 541 559 ΚΕΦ.
580 500 663 557 Κ’.
699 505 825 572 Περὶ
853 509 954 554 τῶν
989 500 1378 556 ἀποσταλέντων
1410 506 1552 570 παρὰ
1579 503 1838 555 Ἰωάννου.
1944 513 1986 565 Α

389 595 494 648 Καὶ
547 589 869 661 ἀπήγγειλαν
935 623 996 631 -
1055 589 1478 664 προσδοκῶμενς
1535 595 1754 664 Εἴρηται
1798 593 1914 662 περὶ

317 685 511 733 τούτων
561 677 788 754 ἀκριϐῶς
843 677 892 730 ἐν
940 687 1011 749 τῷ
1075 680 1294 750 εἰκοστῷ
1344 680 1602 753 κεφαλαίῳ
1649 688 1740 732 τοῦ
1782 681 1916 730 κατα

319 770 608 824 Ματθαῖον.

393 861 804 932 Παραγενόμενοι
880 887 949 897 -
1033 856 1081 909 ἐν
1148 856 1278 929 ἐμοί.
1361 863 1459 910 Καὶ
1538 863 1652 931 περὶ
1723 860 1915 910 τούτων

320 949 523 1000 πάντων
567 945 614 998 ἐν
670 945 840 1016 ἐκείνῳ
892 942 1303 1019 διασεσάφηται.
1336 948 1610 1017 Μάστιγας
1663 943 1740 1012 δε,
1799 951 1918 1008 τοὺς

325 1041 504 1096 πόνους
550 1034 890 1093 ὑποληπτέον.
935 1034 1057 1090 Εἰσὶ
1087 1037 1187 1110 γὰρ
1240 1055 1368 1096 τινες
1425 1039 1570 1088 νόσοι
1611 1041 1784 1109 χωρὶς
1829 1042 1919 1088 πό-

320 1147 435 1190 νων,
479 1127 546 1187 ὡς
572 1126 601 1183 ἡ
626 1124 897 1195 τυφλότης,
925 1129 1014 1176 καὶ
1043 1125 1072 1182 η
1107 1129 1359 1197 κωφότης,
1392 1129 1481 1177 καί
1506 1127 1535 1182 ἡ
1575 1123 1789 1196 ἀφωνία,
1831 1128 1919 1175 καὶ

322 1213 505 1266 πολλαὶ
530 1221 789 1266 τοιαῦται.

397 1390 741 1443 Ἀπελθόντων
782 1421 848 1430 -ο-
906 1391 1143 1444 Ιωοίννου.
1190 1389 1463 1462 Ἀγγελων,
1493 1399 1591 1441 τῶν
1624 1390 1735 1462 (36)
1769 1388 1920 1461 ἀγγε-

323 1480 438 1533 λίαν
479 1485 752 1554 φερόντων,
785 1487 884 1531 τών
913 1488 1173 1551 μηνυτῶν.

394 1662 456 1710 Τί
508 1688 576 1697 -
630 1675 746 1711 σου.
781 1655 1006 1729 Ὁμοίως
1057 1661 1146 1708 καὶ
1187 1660 1302 1726 περὶ
1349 1659 1542 1709 τούτων
1576 1659 1780 1709 πάντων
1820 1655 1922 1709 ίκει

327 1743 628 1804 διείληπται
657 1748 790 1798 κατὰ
819 1747 998 1820 ῥητόν.

395 1839 546 1906 Λέγω
583 1866 652 1877 -
691 1834 856 1890 ἐστίν.
891 1841 992 1889 Καὶ
1024 1842 1192 1887 ταῦτα
1234 1835 1516 1893 καλλίστην
1555 1838 1772 1907 ἔχουσιν
1821 1839 1925 1888 ἐκεῖ

324 1929 418 1983 τὴν
449 1922 719 1996 ἐξήγησιν.

396 2014 500 2068 Καὶ
546 2019 648 2074 πᾶς
713 2044 784 2052 -
839 2014 1098 2066 Ἰωάννου.
1154 2010 1526 2074 Ἐδικαίωσαν,
1587 2016 1752 2065 εῖτουν
1824 2015 1924 2071 ηύ-

327 2105 691 2174 χαρίστησαν,
740 2100 1102 2154 ἀποστείλαντι
1147 2102 1324 2162 αὐτοῖς
1366 2106 1452 2154 τόν
1498 2107 1790 2160 Βαπτιστὴν
1843 2100 1926 2154 ἐπὶ

327 2193 545 2262 προνοίᾳ
568 2197 663 2251 τῆς
694 2195 958 2264 σωτηρίας
983 2190 1170 2242 αὐτῶν.
1204 2197 1306 2243 Τοῦ
1337 2198 1572 2264 Χριστοῦ
1603 2191 1714 2262 (37)
1749 2188 1807 2243 δὲ
1837 2195 1926 2242 καὶ

336 2277 485 2340 οὗτος
516 2280 540 2330 ό
571 2277 743 2349 λόγος,
777 2281 948 2352 ὥσπερ
980 2284 1070 2331 καὶ
1095 2283 1151 2331 τό
1185 2279 1302 2341 ἑξῆς
1328 2281 1505 2354 ῥητόν.

404 2369 469 2418 Οἱ
527 2363 586 2419 δὲ
634 2373 912 2441 Φαρισαῖοι
958 2399 1011 2407 —
1065 2369 1151 2420 ὑπ’
1183 2369 1364 2421 αὐτοῦ.
1408 2368 1601 2427 Βουλήν
1648 2377 1740 2420 τοῦ
1777 2373 1923 2434 Θεοῦ,

333 2457 388 2507 τὸ
433 2454 707 2526 ϐάπτιτμα
744 2456 895 2528 λέγει,
951 2459 1015 2518 ὡς
1069 2457 1183 2510 κατ’
1229 2457 1431 2516 ἐντολὴν
1474 2465 1566 2510 τοῦ
1611 2467 1744 2511 Θεοῦ
1790 2464 1928 2529 γινό-

330 2562 496 2615 μενον.
558 2546 786 2616 Ἐγένετο
837 2549 960 2620 γὰρ,
1026 2552 1176 2618 φησὶ,
1225 2548 1370 2621 ῥῆμα
1422 2555 1554 2600 Θεοῦ
1611 2545 1694 2600 ἐπὶ
1752 2547 1929 2600 Ἰωάν-

329 2652 419 2690 νην
481 2636 568 2685 τὸν
646 2638 919 2707 Ζαχαρίου
977 2637 1088 2686 υἱόν
1151 2633 1200 2686 ἐν
1272 2643 1332 2707 τῇ
1401 2635 1589 2710 ἐρήμῳ,
1641 2642 1731 2689 καὶ
1779 2633 1926 2695 ἦλθεν

330 2721 401 2781 εὶς
440 2728 615 2774 πᾶσαν
667 2727 760 2781 τὴν
810 2728 1106 2798 περίχωρον
1158 2732 1250 2777 τοῦ
1306 2722 1591 2797 Ἰορδάνου,
1646 2729 1926 2800 κηρύσσων

330 2809 615 2883 βάπτισμα
656 2817 925 2883 μετανοίας
962 2813 1028 2873 εἰς
1071 2815 1254 2886 ἄφεσιν
1286 2812 1572 2888 ἁμαρτιῶν.
1608 2815 1692 2876 Εἰς
1719 2815 1928 2876 ἑαυτούς

331 2895 411 2967 δέ,
439 2899 554 2951 ἀντὶ
579 2907 693 2967 τοῦ,
735 2901 818 2956 Ἐν
850 2901 1071 2964 ἑαυτοῖς.

399 3078 512 3132 Τίνι
553 3077 777 3133 πάντων.
825 3078 908 3131 Ἐν
973 3085 1042 3148 τῷ
1095 3078 1344 3152 εἰρημένῳ
1400 3079 1620 3150 εἰκοστῷ
1671 3079 1928 3152 κεφαλαίῳ

329 3167 446 3237 περὶ
479 3167 680 3216 πάντων
715 3168 906 3217 τούτων
935 3165 1042 3237 (38}
1077 3167 1315 3240 εὑρήσεις
1344 3165 1684 3240 λεπτομερῶς.
1961 3205 2000 3259 C

405 3347 551 3396 ΚΕΦ.
587 3347 696 3397 ΚΑ.
730 3347 854 3414 Περὶ
897 3349 993 3402 τῆς
1032 3341 1324 3412 ἆλειφάσης
1346 3346 1430 3395 τὸν
1457 3345 1649 3417 Κύριον
1686 3348 1855 3419 μύρῳ.

405 3431 615 3502 Ἠρὼτα
645 3460 715 3469 —
755 3430 935 3484 αῦτοῦ.
972 3430 1249 3483 Κάνταῦθα
1295 3436 1353 3484 τό
1389 3433 1612 3506 Ἠρώτα,
1655 3433 1770 3487 ἀντὶ
1815 3443 1929 3505 τοῦ,

335 3515 642 3592 Παρεκάλει.
692 3516 780 3579 Ὦς
803 3524 1069 3591 προφήτην
1114 3516 1173 3572 δὲ
1212 3520 1368 3572 αὐτὸν
1397 3520 1565 3575 ἐκάλει
1595 3526 1725 3597 πρὸς
1759 3523 1929 3576 ἑστία-

338 3625 444 3660 σιν.

408 3785 509 3834 Καὶ
537 3781 774 3835 εἰσελθὼν
815 3815 878 3824 -—
926 3783 1186 3843 ἀνεκλίθη.
1219 3787 1293 3839 Ού
1342 3793 1684 3863 παρῃτήσατο
1727 3797 1930 3856 τοῦτον,

333 3873 418 3922 ἵνα
445 3875 517 3942 μή
563 3868 639 3942 δῷ
670 3877 946 3945 πρόφασιν,
983 3877 1046 3934 ως
1089 3875 1331 3938 τελώναις
1360 3880 1449 3948 μὲν
1487 3883 1576 3930 καὶ
1606 3878 1931 3954 ἁμαρτωλοῖς

335 3962 638 4012 συνεσθίων·
668 3965 790 4022 τοῦς
820 3968 1132 4035 Φαρισαίους
1161 3962 1218 4016 δὲ
1244 3962 1680 4039 βδελυσσόμενος.

407 4142 507 4190 Καὶ
541 4134 658 4190 ἰδού
709 4170 772 4179 -—-
827 4136 1077 4214 δάκρυσι.
1108 4148 1338 4202 Ζήτησον
1387 4143 1434 4195 ἐν
1485 4155 1555 4213 τῷ
1599 4149 1731 4198 κατά
1785 4155 1932 4200 Ματ-

339 4227 479 4278 θαίον
535 4232 627 4286 τήν
682 4227 922 4300 ἐξήγησιν
971 4240 1064 4282 τοῦ
1124 4232 1410 4294 ἑξηκοστοῦ
1473 4231 1715 4309 δευτέρου
1774 4255 1933 4308 κεφα-

335 4314 506 4371 λαίου.
544 4317 684 4374 Αὕτη
711 4314 770 4370 δὲ
815 4321 844 4376 ἡ
877 4327 1028 4389 γυνή,
1059 4325 1123 4372 τὰ
1161 4325 1249 4393 μὲν
1300 4319 1494 4374 ἰδοῦσα
1522 4332 1620 4374 τῶν
1659 4325 1932 4395 Θαυμάτων

340 4410 430 4454 τοῦ
465 4412 715 4477 Χριστοῦ,
758 4409 824 4458 τὰ
851 4404 908 4460 δὲ
933 4411 1178 4479 μαθοῦσα
1214 4413 1356 4483 παρά
1381 4420 1479 4462 τῶν
1512 4407 1744 4479 ἰδόντων,
1778 4413 1932 4465 ἐπισ-

339 4509 537 4559 τευσεν,
586 4494 665 4544 ὅτι
714 4501 841 4558 Θεὸς
895 4497 1034 4549 ἐστιν
1089 4499 1113 4549 ό
1173 4508 1335 4552 ταῦτα
1399 4499 1793 4574 τελεσιουργῶν.
1845 4505 1933 4555 Διό

339 4585 429 4632 καὶ
476 4587 770 4656 πρόσεισιν,
823 4584 1111 4648 ἐλπίζουσα
1161 4587 1331 4640 λαϐεῖν
1385 4588 1567 4661 ἄφεσιν
1616 4599 1714 4642 τῶν
1763 4590 1934 4664 ἁμαρ-

339 4678 460 4722 τιῶν
489 4670 620 4731 αύτῆ
632 4691 672 4733 ς.

1968 4558 2011 4612 D

406 4858 540 4926 Ὅρα
593 4849 770 4913 δὲτὴν
810 4854 1003 4914 πολλὴν
1051 4857 1248 4918 ταύτης
1272 4855 1557 4910 εὐλάϐειαν.
1615 4857 1784 4918 ’Ἑστη
1832 4864 1933 4938 γὰρ

336 4946 480 5018 παρὰ
521 4945 586 4995 τὰ
624 4945 834 5014 ἔσχατα
884 4947 1013 5018 μέρη
1068 4952 1160 4997 τοῦ
1210 4951 1445 5019 σώματος
1496 4947 1674 5014 αὐτοῦ,
1735 4952 1804 5011 ὡς
1855 4949 1937 5003 ἔσ-

337 5033 506 5104 χάτη⁶
535 5036 625 5084 καὶ
654 5031 844 5101 ὀπίσω,
878 5036 947 5096 ὡς
985 5033 1443 5110 ἀπαρρησίαστος.
1502 5042 1603 5091 Καὶ
1641 5037 1810 5091 ἔκλαιε
1846 5041 1935 5111 μὶν

340 5116 434 5173 διὰ
457 5124 546 5182 τὰς
575 5120 835 5194 ἁμαρτίας
865 5123 1047 5186 αὐτῆς
1077 5123 1260 5198 ἔϐρεχε
1311 5121 1370 5179 δὲ
1417 5129 1538 5188 τοὺς
1566 5123 1733 5188 πόδας
1776 5128 1936 5182 αὐτοῦ

338 5215 442 5270 τοῖς
469 5205 751 5285 δάκρυσιν,
789 5214 852 5273 ὡς
878 5211 1220 5287 ἐπικεκυφυῖα
1245 5214 1442 5277 αὐτοῖς.

412 5446 462 5484 ⁸ο
491 5447 636 5508 Luc.
664 5466 745 5519 ιιι,
777 5450 830 5506 2.

3553 372 3670 432 934

2201 500 2354 554 CAP.
2390 499 2493 556 XX.
2536 501 2609 555 De
2630 497 2940 568 discipulis
2965 498 3154 553 missis
3184 513 3221 554 a
3248 499 3492 555 Joanne.

2093 587 2255 642 Vers.
2296 591 2376 643 t8.
2409 587 2484 642 Et
2505 587 2934 643 nuntiaverunt
2965 617 3033 627 —
3063 587 3228 642 Vers.
3267 590 3350 643 t9.
3383 595 3678 656 exspecta-

2025 675 2200 732 mus?
2233 678 2312 731 De
2340 675 2432 732 his
2485 681 2691 732 exacte
2748 675 2976 731 dictum
3028 678 3116 731 est
3172 674 3454 732 vicesimo
3511 675 3680 747 juxta

2026 764 2365 821 Matthasum
2389 765 2598 836 capite.

2096 855 2260 911 Vers.
2299 857 2388 910 20.
2428 853 2575 910 Cum
2607 853 2898 911 venissent
2922 884 2989 894 —
3017 852 3178 909 Vers.
3210 854 3298 908 23.
3337 853 3450 910 mei
3478 869 3676 912 causa.

2027 945 2104 999 De
2151 942 2244 998 his
2273 958 2512 1016 quoque
2564 941 2843 999 omnibus
2876 943 2936 998 in
2977 942 3078 998 illo
3107 942 3295 1014 capite
3337 942 3563 999 dictum
3593 949 3682 999 est

2029 1031 2357 1088 manifeste.
2419 1031 2627 1102 Plagas
2680 1038 2897 1096 autem,
2951 1033 3068 1088 sive
3112 1031 3376 1103 ﬂagella.
3425 1030 3682 1102 intelligo

2027 1120 2286 1177 dolores.
2324 1122 2471 1177 Sunt
2503 1121 2664 1177 enim
2694 1122 2885 1177 morbi
2921 1121 3174 1193 quidam
3228 1121 3434 1178 dolore
3480 1137 3682 1178 caren-

2028 1214 2115 1265 tes
2149 1208 2367 1275 ;veluti
2399 1214 2530 1264 sunt
2549 1209 2808 1274 caecitas,
2838 1209 3118 1276 surditas,
3155 1215 3390 1265 mutum
3433 1225 3584 1278 esse,
3613 1225 3683 1266 ac

2030 1297 2197 1353 multi
2242 1297 2600 1368 hujusmodi.

2098 1387 2260 1442 Vers.
2293 1387 2380 1442 24.
2419 1387 2680 1457 Cumque
2702 1385 3094 1444 discessissent
3117 1419 3182 1429 -
3206 1387 3459 1445 Joanne.
3493 1387 3684 1445 Dictio

2029 1475 2260 1548 ἀγγέλων
2291 1475 2587 1546 signiﬁcat
2618 1476 2713 1532 hic
2767 1478 3283 1544 internuntiantes,
3323 1478 3444 1534 sive
3477 1479 3685 1534 nuntia

2026 1567 2388 1636 perferentes
2417 1581 2452 1620 a
2487 1564 2718 1622 Joanne
2757 1565 2833 1621 ad
2865 1567 3184 1623 Christum.

2103 1655 2262 1710 Vers.
2313 1657 2402 1710 24.
2445 1653 2596 1719 Quid
2636 1685 2702 1695 --
2732 1655 2893 1710 Vers.
2927 1660 3014 1710 27.
3059 1661 3130 1712 te.
3173 1656 3447 1712 Similiter
3503 1660 3560 1713 et
3608 1655 3686 1714 de

2030 1744 2125 1799 his
2155 1743 2439 1800 omnibus
2469 1744 2548 1799 ad
2580 1745 2824 1800 verbum
2856 1743 3079 1801 dictum
3111 1751 3220 1802 est.

2102 1834 2266 1888 Vers.
2295 1834 2383 1888 28.
2420 1833 2562 1889 Dico
2582 1863 2654 1874 —
2683 1840 2788 1890 est.
2819 1836 2884 1889 Et
2920 1833 3051 1890 hac
3079 1850 3324 1908 quoque
3369 1835 3686 1908 pulchram

2034 1921 2257 1978 ibidem
2289 1922 2494 1978 sortita
2526 1929 2664 1976 sunt
2687 1923 3255 1994 interpretationem.

2106 2011 2268 2066 Vers.
2298 2014 2386 2066 29.
2425 2009 2734 2082 Omnisque
2762 2042 2830 2052 —
2858 2011 3128 2078 Joannis,
3187 2013 3684 2078 Justiﬁcaverunt,

2037 2102 2160 2158 sive
2186 2100 2410 2170 gratias
2435 2100 2485 2155 ei
2510 2103 2773 2170 egerunt,
2811 2104 2914 2173 qui
2939 2102 3266 2173 Baptistam
3290 2103 3401 2159 sibi
3421 2102 3684 2169 miserat,

2035 2189 2355 2263 providens
2406 2189 2671 2260 ipsorum
2727 2189 2922 2246 saluti.
2977 2191 3191 2247 Christi
3237 2198 3438 2248 autem
3496 2196 3554 2247 et
3590 2191 3686 2247 hic

2037 2293 2235 2334 sermo
2265 2281 2370 2341 est,
2395 2277 2548 2333 sicut
2579 2277 2755 2333 etiam
2787 2278 3033 2346 dictum,
3065 2279 3229 2351 quod
3261 2279 3546 2352 sequitur.

2106 2367 2270 2423 Vers.
2299 2371 2389 2423 30.
2422 2366 2720 2423 Pharisaei
2749 2383 2886 2424 vero
2917 2400 2984 2408 —
3010 2369 3082 2425 ab
3111 2383 3194 2424 eo.
3228 2367 3541 2425 Consilium
3590 2368 3690 2424 Dei

2038 2461 2211 2513 vocat
2239 2457 2440 2528 ipsum
2473 2456 2780 2528 baptisma,
2807 2461 3095 2529 tanquam
3124 2458 3224 2512 Dei
3255 2462 3550 2529 prmeepto
3572 2457 3691 2514 fac-

2039 2551 2182 2616 tum,
2204 2545 2450 2602 Factum
2467 2551 2564 2611 est,
2590 2545 2800 2618 inquit,
2825 2546 3065 2602 verbum
3080 2547 3320 2602 Domini
3328 2561 3503 2617 super
3519 2546 3694 2602 Joan-

2035 2649 2159 2691 nem
2191 2635 2495 2690 Zachariae
2530 2635 2718 2702 ﬁlium
2767 2636 2831 2691 in
2875 2637 3096 2692 deserto
3131 2655 3143 2695 :
3175 2643 3228 2692 et
3280 2636 3437 2692 venit
3466 2637 3530 2691 in
3574 2650 3694 2691 om-

2037 2740 2164 2780 nem
2178 2725 2497 2795 regionem,
2521 2739 2655 2795 quis
2669 2724 2831 2780 circa
2847 2725 3166 2781 Iordanem
3197 2731 3346 2790 erat,
3361 2712 3692 2795 praedicans

2038 2813 2386 2883 baptismum
2399 2813 2751 2884 paenitentiae
2763 2814 2826 2870 in
2840 2815 3222 2872 remissionem
3233 2821 3608 2884 peccatorum
3621 2815 3689 2870 ‘°.

2037 2902 2104 2958 In
2146 2903 2476 2974 semetipsis
2516 2908 2736 2959 autem.
2776 2902 2927 2960 Nam
2984 2921 3052 2965 εις
3081 2906 3298 2968 ἑαυτοὺς
3326 2904 3554 2976 capitur
3582 2919 3693 2976 pro

2037 2994 2086 3044 'sv
2115 2993 2331 3053 ἑαυτοῖς.

2107 3079 2270 3136 Vers.
2333 3080 2423 3135 31.
2489 3079 2594 3136 Cui
2637 3110 2706 3122 —
2761 3079 2926 3136 Vers.
2986 3085 3074 3138 35.
3141 3081 3399 3138 omnibus
3481 3079 3692 3137 Prmdi-

2040 3173 2134 3224 cto
2156 3169 2450 3238 vigesimo
2481 3168 2672 3240 capite
2693 3170 2766 3225 de
2795 3168 2887 3224 his
2917 3169 3200 3225 omnibus
3231 3185 3301 3226 ac
3332 3169 3580 3241 singulis
3605 3170 3694 3224 in-

2039 3257 2260 3314 venies.

2077 3347 2226 3403 CAP.
2255 3348 2381 3403 XXI.
2417 3346 2498 3402 De
2522 3361 2612 3415 ea,
2635 3361 2759 3418 qua:
2786 3347 2962 3404 unxit
2993 3347 3305 3403 Dominum
3337 3353 3660 3418 unguento.

2114 3434 2274 3490 Vers.
2335 3435 2426 3490 36.
2471 3435 2775 3492 Invitabat
2829 3466 2900 3477 —
2948 3435 3092 3508 ipso.
3145 3436 3420 3494 Similiter
3490 3441 3546 3493 et
3600 3436 3698 3492 hic

2039 3523 2236 3599 ἠρώτα.
2269 3539 2393 3580 non
2440 3524 2739 3595 signiﬁcat
2777 3525 3205 3596 Interrogabat,
3261 3525 3368 3582 sed
3396 3524 3692 3582 Vocabat:

2038 3628 2205 3680 nam,
2237 3617 2526 3686 tanquam
2551 3614 2929 3686 prophetam,
2957 3631 3098 3673 eum
3127 3616 3205 3673 ad
3231 3615 3572 3673 convivium
3594 3631 3698 3672 vo-

2040 3703 2236 3772 cabat,
2266 3703 2362 3760 vel
2393 3704 2706 3762 invitabat.

2109 3793 2271 3850 Vers.
2303 3797 2396 3850 36.
2455 3794 2536 3850 Et
2583 3795 2878 3865 ingressus
2915 3825 2986 3838 -
3023 3795 3309 3853 accubuit.
3362 3798 3487 3853 Non
3537 3793 3700 3853 devi-

2039 3883 2186 3940 tavit
2212 3883 2394 3947 hunc,
2437 3899 2511 3939 ne
2565 3883 2733 3940 daret
2784 3885 3168 3942 occasionem
3222 3885 3480 3951 dicendi,
3530 3885 3696 3957 quod

2040 3988 2179 4028 cum
2201 3972 2533 4044 publicanis
2555 3973 3033 4044 etpeccatoribus
3053 3990 3176 4032 una
3204 3975 3408 4032 cibum
3437 3979 3695 4047 caperet.

2041 4061 2372 4118 Pharisaeos
2405 4068 2602 4118 autem
2627 4063 2946 4119 fastideret.

2111 4153 2268 4206 Vers.
2292 4151 2380 4205 37.
2413 4151 2493 4206 Et
2524 4166 2652 4208 ecce
2703 4180 2771 4193 --
2815 4153 2974 4207 Vers.
3018 4155 3106 4208 38.
3146 4152 3443 4222 lacrymis.
3491 4152 3700 4216 Quare

2041 4237 2100 4294 in
2131 4238 2448 4308 Evangelio
2493 4239 2826 4294 secundum
2866 4239 3211 4294 Mattheeum
3261 4239 3700 4294 enarrationem

2043 4327 2404 4396 sexagesimi
2447 4328 2690 4383 secundi
2771 4326 3003 4399 capitis.
3048 4328 3182 4383 Haec
3213 4332 3415 4383 autem
3465 4325 3697 4396 mulier,

2043 4431 2181 4471 cum
2212 4414 2419 4472 Christi
2450 4414 2738 4471 miracula
2773 4415 2991 4488 partim
3029 4416 3166 4487 ipsa
3187 4414 3447 4482 vidisset,
3482 4414 3701 4487 partim

2044 4503 2122 4561 ab
2147 4503 2259 4571 his,
2292 4504 2390 4576 qui
2420 4503 2708 4571 viderant,
2738 4503 3025 4572 audisset,
3080 4503 3264 4560 Deum
3294 4518 3424 4561 esse
3455 4503 3704 4560 credidit

2045 4609 2184 4651 eum
2205 4595 2308 4666 qui
2355 4593 2481 4649 haec
2523 4594 2887 4665 operabatur
2918 4609 2932 4660 ;
2964 4593 3099 4650 ideo
3129 4593 3301 4650 etiam
3333 4592 3522 4662 venit,
3573 4607 3706 4666 spe-

2044 4698 2204 4751 rans,
2234 4681 2643 4738 remissionem
2699 4688 3084 4754 pcccatorum
3123 4697 3369 4740 suorum
3417 4698 3481 4740 se
3532 4697 3701 4740 acce-

2043 4776 2305 4846 pturam.

2119 4860 2444 4918 Considera
2472 4875 2609 4916 vero
2633 4875 2923 4932 magnam
2941 4860 3124 4933 hujus
3145 4861 3557 4919 reverentiam.
3582 4863 3704 4919 Ste-

2044 4951 2114 5008 tit
2156 4950 2316 5007 enim
2359 4949 2439 5006 ad
2468 4955 2760 5006 extremas
2814 4951 3081 5023 corporis
3125 4950 3283 5008 illius
3323 4956 3547 5024 partes,
3578 4955 3704 5009 tan-

2046 5055 2231 5113 quam
2249 5045 2538 5104 extrema;
2553 5043 2608 5095 et
2629 5055 2664 5096 a
2677 5044 2862 5108 tergo,
2879 5045 3170 5114 tanquam
3187 5041 3446 5099 audacia
3459 5055 3668 5098 carens
3687 5057 3702 5107 ;

2045 5129 2225 5186 ﬂebat
2257 5128 2504 5202 quidem
2537 5134 2780 5202 propter
2825 5136 3074 5203 peccata
3102 5147 3214 5188 sua
3252 5149 3268 5199 ;
3313 5131 3552 5203 rigabat
3603 5145 3706 5187 au-

2047 5224 2166 5364 telm
2196 5218 2380 5292 pedes
2404 5218 2561 5276 illius
2580 5219 2884 5292 lacrymis,
2915 5223 3120 5294 utpote
3146 5220 3226 5279 ad
3254 5219 3441 5294 pedes
3465 5219 3593 5293 ejus
3620 5218 3706 5276 in-

2049 5325 2080 5364 c
2105 5308 2288 5364 inata.

2049 5308 2288 5366 clinata.

1563 5527 1788 5598 Varias
1824 5527 2155 5600 lectiones
2195 5537 2260 5598 et
2297 5536 2481 5597 notas

566 5667 677 5746 τῷν
708 5662 1110 5746 ἀγγελιαφόρὼν.
1136 5673 1194 5723 Β.
1225 5667 1392 5742 quod
1421 5667 1636 5730 eodem
1665 5671 1838 5732 redit.

563 5737 626 5789 At
648 5737 865 5796 omittit
885 5737 955 5796 Α.
987 5737 997 5741 ’
1242 5737 1268 5742 “
1769 5765 1774 5772 ε

414 5659 532 5808 ἓξὲξ

2121 5671 2236 5747 (38)
2269 5673 2527 5748 Eripiam
2553 5670 2725 5731 abest
2750 5675 2824 5734 Α.
