4210 6458
572 312 671 373 931
1919 310 2270 376 ΕυΤῙ-ΙῪΜῙΙ·
2304 313 2629 379 ZIGABENI
3841 332 3966 394 932

895 443 1048 498 CAP.
1079 442 1257 498 XVIII.
1289 445 1370 500 De
1400 448 1764 502 centurione.
2257 446 2304 498 Α

2257 446 2304 498 Α
2627 455 2769 506 ΚΕΦ.
2813 451 2916 506 1Η’.
2954 457 3078 526 Περὶ
3117 460 3213 506 τοῦ
3244 454 3651 531 ἑκατοντάρχου.

645 533 786 604 Cap.
833 531 942 586 VII.
977 533 1148 587 Vers.
1205 539 1252 587 ί.
1303 533 1442 588 Cum
1477 564 1542 572 —
1575 534 1972 604 Capernaum.
2021 531 2229 589 Omnia

2410 534 2554 588 Ἐπεὶ
2586 534 2644 590 δε
2687 571 2754 580 -
2808 545 3169 614 Καπερναοῦμ.
3234 545 3408 596 Πάντα
3464 549 3528 597 τὰ
3578 547 3795 620 ῥήματα
3854 552 3955 602 αὖ·

570 620 756 676 verba
781 636 907 685 sua,
943 636 1078 692 quze
1102 621 1370 678 videlicet
1393 621 1540 678 dicta
1578 629 1716 678 sunt
1742 667 1756 681 .
1792 623 1884 678 Ait
1903 621 2062 677 enim
2084 622 2229 677 Mat-

2337 631 2447 688 τοῦ,
2480 628 2544 676 τὰ
2587 628 2827 701 ῥηθέντα,
2864 627 3123 687 δηλονότι.
3185 637 3320 690 Φησὶ
3375 636 3476 706 γὰρ
3539 639 3565 686 ό
3633 639 3949 698 Ματθαῐος·

571 709 800 768 thmus:
827 710 902 764 Et
930 710 1162 779 factum
1208 717 1291 768 est
1326 727 1459 768 cum
1491 712 1717 781 ﬁnisset
1759 716 1926 768 Jesus
1956 711 2059 768 hos
2107 723 2224 766 ser-

2339 716 2437 764 Καὶ
2476 712 2690 784 ἐγένετο,
2730 719 2812 770 ὅτε
2866 719 3184 773 συνετελεσεν
3239 723 3263 772 ὁ
3323 723 3528 786 Ἰησοῦς
3581 728 3699 786 τοῦς
3754 726 3949 799 λόγους

569 814 761 855 mones
803 801 870 854 ³ο.

2333 804 2563 864 τούτους.

639 887 802 944 Vers.
857 890 911 943 2.
962 889 1360 947 Centurionis.
1389 921 1458 932 —
1483 891 1644 947 Vers.
1678 890 1731 946 3.
1761 890 1967 958 ipsius.
2019 891 2085 944 Et
2127 889 2223 945 hic

2401 888 2818 966 Ἐκατοντάρχου
2877 927 2945 937 -
2998 897 3175 950 αὐτοῦ.
3227 929 3296 938 —
3347 899 3600 974 Ἐρωτῶν,
3653 901 3767 956 ἀντὶ
3821 915 3942 974 τοῦ,

563 979 764 1050 ἐρωτῶν
805 978 964 1033 idem
1019 979 1334 1049 signiﬁcat,
1391 979 1556 1052 quod
1605 979 1962 1051 deprecans.
2001 979 2076 1034 De
2106 977 2221 1034 hoc

2334 981 2670 1052 ῐιαρακαλῶν.
2717 987 2931 1055 Εἴρηται
2990 983 3050 1039 δε
3099 992 3215 1058 περὶ
3270 991 3452 1042 τούτου
3499 988 3546 1041 ἄν
3603 998 3675 1060 τῷ
3723 989 3942 1064 ἑϐδόμῳ

566 1073 767 1122 autem
797 1065 1025 1123 dictum
1052 1073 1140 1123 est
1170 1070 1428 1139 septimo
1443 1069 1614 1139 juxta
1641 1067 1981 1124 Matthaaum
2005 1067 2217 1139 capite.

2329 1068 2587 1140 κεφαλαίῳ
2625 1079 2717 1123 τοῦ
2767 1076 2901 1125 κατὰ
2931 1076 3218 1140 Ματθοιίον,
3251 1083 3342 1128 καὶ
3383 1076 3640 1149 ἀνάγνωθι
3667 1084 3763 1138 τήν
3810 1080 3939 1137 ὃλην

563 1157 712 1226 Lege
742 1171 884 1227 ergo
910 1158 1086 1212 totius
1112 1156 1320 1228 capitis
1356 1157 1514 1214 illius
1540 1157 1998 1224 enarrationem,
2037 1162 2089 1212 et
2118 1171 2220 1228 po-

2329 1154 2578 1227 έξήγησιν
2617 1167 2708 1212 τοῦ
2738 1161 2855 1214 ὅλου
2886 1162 3164 1234 κεφαλαίου
3194 1163 3406 1230 ἐκείνου,
3435 1167 3734 1238 καὶμᾶλλον
3755 1173 3852 1227 τήν
3883 1167 3935 1220 ἐν

562 1245 848 1302 tissimum
893 1244 952 1300 in
1002 1245 1140 1310 ﬁne,
1178 1251 1238 1301 ut
1286 1247 1456 1311 scias,
1509 1246 1673 1320 quod
1724 1261 1844 1302 non
1893 1249 2219 1317 repugnent

2327 1254 2398 1315 τῷ
2425 1246 2574 1312 τέλει,
2609 1249 2692 1301 ἶνα
2722 1260 2898 1322 σαφῶς
2926 1260 3080 1323 γνῷς,
3127 1255 3207 1306 ὅτι
3245 1254 3304 1307 οὔ
3337 1251 3706 1328 διαφωνοῦσιν,
3750 1257 3792 1310 εἰ
3841 1265 3933 1309 καὶ

559 1333 1058 1404 evangelistarum
1085 1333 1263 1399 dicta,
1297 1340 1350 1392 et
1381 1336 1427 1390 si
1460 1335 1786 1391 videantur.

934 1349 1058 1389 rum
1085 1333 1263 1399 dicta,
1297 1340 1350 1392 et
1381 1336 1427 1390 si
1460 1335 1786 1391 videantur.
2327 1331 2596 1392 δοκοῦσιν.

630 1423 794 1479 Vers.
823 1426 876 1478 4.
908 1423 1021 1490 Qui
1047 1453 1102 1464 —
1129 1423 1257 1480 hoc.
1294 1426 1432 1491 Hoc,
1465 1423 1760 1497 quidnam
1790 1424 1818 1479 τ
1841 1427 1986 1496 puta
2015 1422 2215 1480 venire

2395 1427 2461 1476 Oi
2491 1456 2558 1467 —
2583 1435 2753 1482 τοῦτο.
2787 1435 2968 1495 Τοῦτο,
3009 1439 3156 1484 ποῖον
3185 1448 3198 1498 ;
3231 1435 3300 1486 Τὸ
3331 1431 3492 1486 ἐλθεῖν
3537 1439 3625 1487 καὶ
3656 1431 3929 1489 διασῶσαι

557 1529 624 1569 ac
659 1527 874 1569 sanare
907 1527 1148 1567 servum
1180 1514 1330 1584 ejus.

1180 1514 1330 1584 ejus.
2323 1517 2408 1565 τὸν
2441 1511 2626 1568 δοῦλον
2660 1518 2841 1570 αὐτοῦ.

630 1602 794 1658 Vers.
820 1606 870 1658 5.
893 1601 1093 1672 Diligit
1117 1633 1182 1641 —-
1203 1602 1392 1659 nobis.
1419 1603 1739 1674 Synagoga
1759 1601 1886 1657 hac
1913 1600 2212 1657 habitacu-

2393 1603 2603 1675 Ἀγαπᾷ
2673 1637 2742 1648 -
2807 1610 2951 1678 ἡμῖν.
3027 1608 3084 1662 Ἡ
3148 1614 3428 1682 συναγωγή
3496 1611 3652 1677 αὕτη,
3725 1616 3923 1686 οἴκημα

553 1689 680 1746 lum
711 1695 855 1756 erat,
888 1690 948 1746 in
987 1704 1108 1762 quo
1139 1693 1659 1762 congregabantur
1709 1690 1944 1747 statutis
1997 1705 2033 1746 a
2079 1689 2208 1761 lege

2318 1687 2398 1756 ἦν,
2446 1691 2494 1744 έν
2614 1701 2899 1766 συνήγοντο
2944 1700 3079 1750 κατὰ
3135 1701 3224 1760 τὰς
3289 1697 3344 1750 ἐκ
3394 1704 3553 1772 νόμου
3606 1707 3922 1774 τεταγμένας

552 1779 786 1836 diebus.

2240 1800 2281 1854 Β
2316 1783 2529 1856 ἡμέρας.

624 1868 784 1925 Vers.
813 1869 867 1925 6.
925 1872 1092 1928 Jesus
1119 1874 1306 1928 autem
1352 1900 1418 1912 —
1450 1869 1680 1927 vexari.
1713 1868 1794 1925 Ne
1837 1867 2201 1931 distraharis,

2384 1871 2441 1923 Ὀ
2504 1869 2563 1925 δε
2639 1873 2840 1935 Ἰησοῦς
2908 1906 2969 1916 -
3036 1875 3277 1931 σκύλλου.
3361 1881 3446 1937 Μὴ
3528 1887 3785 1954 περισπῶ,
3840 1885 3914 1952 μή

549 1971 626 2013 ne
677 1958 1030 2015 molesteris.

985 1977 1030 2015 ,
2313 1979 2404 2033 περ
2413 1966 2647 2014 ικόπτου.

624 2045 786 2102 Vers.
815 2049 870 2103 6.
905 2050 1039 2105 Non
1065 2080 1132 2091 —
1158 2049 1318 2105 Vers.
1360 2054 1413 2104 7.
1446 2063 1592 2117 puer
1631 2062 1808 2105 meus.
1844 2050 1970 2104 Hmc
2020 2045 2203 2103 etiam

2385 2050 2459 2100 Οὔ
2489 2081 2553 2092 -
2581 2060 2698 2112 παῖς
2735 2072 2856 2124 μου.
2905 2060 3083 2106 Ταῦτα
3133 2051 3241 2108 εἶπε
3283 2060 3373 2108 καὶ
3420 2057 3446 2108 ὁ
3495 2058 3781 2128 Ματθαῖος,
3823 2064 3915 2110 καὶ

544 2135 695 2192 dixit
723 2137 1056 2204 Matthmus,
1091 2145 1145 2194 et
1183 2137 1484 2194 declarata
1512 2142 1653 2192 sunt
1681 2137 1965 2209 praedicto
1990 2135 2199 2207 capite.

1784 2137 1965 2193 edicto
1990 2135 2199 2207 capite.
2313 2139 2713 2212 ἠρμηνεῦθησαν
2745 2141 2792 2194 έν
2833 2151 2901 2213 τῷ
2929 2144 3138 2217 ῥηθέντι
3167 2144 3446 2216 κεφαλαίῳ.

629 2231 791 2286 Vers.
823 2230 875 2282 8.
899 2227 1198 2299 Siquidem
1229 2258 1297 2268 —
1325 2227 1477 2295 facit
1506 2225 1783 2282 Similiter
1820 2229 1879 2280 et
1907 2224 2058 2281 hac.

1827 2229 1879 2280 et.
1907 2224 2058 2281 hac.
2386 2234 2484 2282 Καὶ
2512 2232 2614 2303 γὰρ
2663 2262 2710 2272 -
2747 2239 2900 2284 ποιεῖ.
2942 2232 3160 2305 Ὁμοίως
3185 2239 3274 2286 καὶ
3303 2241 3489 2290 ταῦτα.

616 2322 775 2377 Vers.
808 2320 864 2374 9.
905 2319 1012 2374 His
1037 2323 1223 2374 autem
1252 2316 1472 2372 auditis
1500 2347 1568 2356 —
1589 2314 1812 2372 inveni.
1847 2313 1982 2370 Pari
2018 2312 2200 2370 modo

2385 2318 2642 2382 Ἀκούσας
2719 2317 2777 2373 δε
2840 2329 3004 2374 ταῦτα
3087 2352 3152 2364 —-
3237 2322 3404 2398 εὗρον.
3475 2322 3744 2388 Ὡσαύτως
3818 2331 3911 2377 καὶ

545 2416 602 2468 et
621 2411 769 2467 hac.

2311 2415 2492 2478 ταῦτα.

615 2500 776 2555 Vers.
806 2500 888 2553 lo.
911 2497 989 2552 Et
1021 2496 1238 2552 reversi
1256 2526 1318 2534 —
1343 2509 1574 2550 sanum.
1602 2493 1680 2547 De
1703 2491 1816 2547 hoc
1853 2506 2088 2548 rursum
2113 2490 2201 2547 in-

2384 2502 2482 2549 Kai
2514 2497 2932 2570 ὑποστρέψαντες
2955 2531 3023 2540 -
3049 2501 3370 2570 ὑγιαίνοντα.
3400 2505 3525 2574 Περὶ
3543 2504 3728 2554 τούτου
3754 2503 3910 2555 πάλιν

542 2589 737 2645 venies
789 2587 848 2642 in
879 2584 1040 2641 calce
1085 2582 1503 2650 enarrationis,
1543 2596 1680 2653 qum
1728 2580 1924 2653 posita
1975 2587 2065 2637 est
2119 2581 2199 2639 ad

2309 2587 2541 2658 εὑρήσεις
2562 2586 2610 2638 έν
2637 2596 2709 2656 τῷ
2737 2587 2865 2640 τέλει
2903 2595 2994 2649 τῆς
3022 2586 3340 2660 ἐξηγήσεως,
3368 2597 3462 2652 τῆς
3491 2589 3539 2643 έν
3560 2597 3633 2661 τῷ
3663 2590 3794 2644 τέλει
3816 2601 3910 2645 τοῦ

540 2678 721 2733 ﬁnem
755 2674 894 2730 dicti
927 2672 1165 2744 capitis.

2305 2673 2576 2745 λεχθέντος
2607 2676 2904 2747 κεφαλαίου.

860 2762 1012 2816 CAP.
1048 2761 1177 2817 XIX.
1212 2758 1296 2815 De
1328 2759 1456 2827 ﬁlio
1488 2758 1705 2815 vidum.

2576 2771 2720 2820 ΚΕΦ.
2753 2767 2856 2822 ΙΘ’.
2891 2772 3016 2840 Περὶ
3047 2775 3137 2819 τοῦ
3163 2769 3279 2819 υἱοῦ
3308 2775 3405 2828 τῆς
3432 2773 3627 2842 χήρας.

613 2864 769 2918 Vers.
830 2861 916 2914 11.
958 2859 1033 2913 Ει
1067 2859 1298 2926 factum
1329 2862 1414 2912 est
1445 2887 1509 2896 —
1553 2857 1708 2910 Vers.
1767 2855 1850 2910 12.
1885 2870 2010 2911 cum
2057 2856 2190 2913 illa.

2379 2859 2476 2906 Καὶ
2519 2853 2712 2924 έγένετο
2762 2886 2827 2896 -
2887 2860 2980 2908 σὺν
3038 2857 3190 2929 αὐτῇ.
3245 2856 3534 2928 Συνήλγουν
3584 2861 3687 2931 γὰρ
3745 2859 3902 2931 αὐτῇ,

539 2950 952 3010 Condolebant
997 2947 1158 3002 enim
1184 2945 1282 3010 illi,
1325 2951 1549 3017 utquas
1603 2959 1724 3000 non
1775 2944 1959 3000 modo
1998 2945 2192 3001 virum

2305 2945 2374 3004 ὡς
2402 2942 2735 3016 ἀποϐαλοῦσῃ
2770 2950 2840 3016 μὴ
2883 2950 2969 2997 τὸν
3000 2943 3171 3017 ἄνδρα
3202 2947 3374 3018 μόνον,
3410 2945 3516 2998 ἀλλ’
3551 2943 3659 3006 ἤδη
3685 2953 3776 3000 καὶ
3815 2953 3902 3000 τόν

538 3039 898 3114 perdiderat,
928 3035 1036 3092 sed
1085 3049 1244 3091 nunc
1275 3049 1518 3106 quoque
1544 3032 1756 3104 ﬁlium,
1789 3031 2030 3090 ethunc
2060 3035 2194 3090 uni-

1394 3049 1518 3106 ique
1544 3032 1756 3104 ﬁlium,
1789 3031 2030 3090 ethunc
2060 3035 2194 3090 uni-
2301 3034 2433 3099 υἱὸν,
2462 3037 2550 3084 καὶ
2580 3040 2760 3085 τοῦτον
2789 3042 3056 3105 μονογενῆ.

537 3129 824 3201 genitum.

607 3153 960 3273 32:13.19:
975 3213 1247 3270 —illam.
1265 3211 1517 3268 Intuitus
1535 3227 1668 3268 eam
1683 3210 2192 3268 inconsolabiliter
2224 3153 2264 3210 Ο

2225 3153 2264 3210 C
2374 3214 2471 3262 Καὶ
2498 3240 2566 3250 --
2595 3210 2748 3283 αὐτῇ.
2793 3209 2941 3265 Ἰδὼν
2970 3211 3133 3270 αὐτὴν
3165 3210 3547 3286 ἀπαρηγόρητοι
3590 3213 3887 3267 κλαίουσαν.

532 3308 796 3364 ﬂentem.
831 3305 888 3362 Si
920 3303 1266 3360 enimturba
1289 3301 1700 3367 miserebatur,
1724 3305 1950 3373 quanto
1980 3301 2185 3372 magis,

2298 3301 2358 3351 Ei
2381 3301 2481 3373 γὰρ
2511 3300 2536 3350 ὁ
2575 3299 2732 3371 ὀχλος
2764 3300 2899 3359 ἠλέει
2929 3300 3300 3372 αὐτὴν,πολλῷ
3323 3301 3516 3374 μᾶλλον
3553 3302 3704 3364 αὐτὸς
3737 3305 3764 3360 ἡ
3797 3309 3885 3354 τοῦ

527 3398 632 3471 qui
659 3397 791 3453 fons
821 3400 946 3450 erat
989 3390 1439 3449 misericordia?

998 3390 1439 3449 misericordias?
2297 3385 2466 3449 ἐλέους
2495 3394 2660 3459 πηγή.

596 3487 760 3542 Vers.
795 3485 882 3551 13,
933 3483 1205 3554 Dixitque
1231 3511 1301 3523 —
1331 3480 1494 3536 Vers.
1530 3482 1610 3536 14.
1661 3479 1945 3537 loculum.
2007 3485 2186 3537 Arcu-

2370 3481 2469 3530 Καὶ
2500 3474 2632 3531 εἶπεν
2680 3509 2748 3520 -
2780 3486 2958 3554 σοροῦ.
3005 3481 3107 3535 Τοῦ
3154 3478 3425 3546 κιϐωτίου,
3459 3479 3505 3532 έν
3558 3481 3594 3550 ᾧ
3633 3481 3790 3530 ἔκειτο
3841 3478 3864 3528 ό

523 3574 668 3643 lam,
700 3574 760 3629 in
799 3589 918 3644 qua
943 3572 1182 3643 jacebat
1213 3573 1505 3626 mortuus.

827 3589 918 3644 [ua
943 3572 1182 3643 jacebat
1213 3573 1505 3626 mortuus.
2293 3571 2489 3638 νεκρός.

596 3666 755 3718 Vers.
808 3661 898 3716 14.
940 3660 1054 3727 Qui
1095 3673 1228 3714 vero
1260 3660 1507 3713 —Vers.
1579 3662 1660 3714 t5.
1714 3672 1856 3714 sua.
1902 3657 2180 3724 Quemad-

2363 3657 2429 3708 Οἱ
2459 3652 2518 3708 δε
2549 3687 2615 3698 --
2663 3657 2842 3711 αὐτοῦ.
2893 3655 3092 3730 Ὠσπερ
3133 3659 3159 3710 ὀ
3218 3655 3460 3734 σίδηρος,
3511 3656 3763 3729 ὁμιλήσας
3807 3664 3878 3726 τῷ

525 3751 766 3807 modum
822 3749 1064 3814 ferrum,
1132 3747 1299 3819 quod
1347 3747 1407 3801 in
1456 3748 1592 3817 igne
1659 3745 1967 3818 aliquanto
2039 3751 2181 3803 tem-

2288 3750 2435 3817 πυρὶ,
2462 3749 2524 3797 τὰ
2567 3753 2659 3798 τοῦ
2697 3750 2860 3820 πυρός
2911 3746 3135 3821 ἐνεργεῖ·
3172 3748 3303 3800 οὕτω
3355 3753 3445 3800 καὶ
3495 3749 3523 3806 ἠ
3581 3750 3704 3818 άγία
3755 3747 3884 3818 σαρξ

522 3855 666 3912 pore
698 3836 1047 3906 permansit,
1094 3835 1276 3891 habet
1306 3835 1460 3906 ignis
1492 3834 1890 3906 operationes,
1921 3835 2003 3892 ita
2031 3851 2175 3908 quo-

2287 3834 2468 3898 αὑτοῦ,
2525 3835 2775 3888 ένωθέίσα
2829 3843 2891 3908 τῇ
2947 3837 3172 3901 θεότητι,
3213 3839 3279 3888 τὰ
3332 3844 3423 3897 τῆς
3479 3839 3714 3897 θεότητος
3760 3835 3887 3903 ἐνερ-

521 3945 638 4002 que
666 3931 870 3984 sancta
893 3924 1078 3998 ipsius
1108 3939 1246 3980 caro
1277 3924 1564 3980 divinitati
1596 3923 1782 3992 unita,
1805 3939 1941 3996 quae
1967 3924 2177 3981 divini-

2285 3930 2383 3994 γεί.
2435 3927 2521 3976 Διὸ
2566 3925 2595 3981 ἡ
2629 3930 2749 3996 χεὶρ
2795 3928 2884 3997 μεν
2931 3925 3092 3978 αὐτοῦ
3132 3930 3188 3977 τὸ
3232 3929 3405 3997 νεκρόν
3438 3931 3528 3978 καὶ
3586 3930 3886 4002 παρειμένον

521 4018 655 4074 tatis
667 4021 825 4081 sunt,
839 4013 1218 4088 cperabatur.
1234 4013 1372 4068 Ideo
1389 4029 1598 4069 manus
1615 4013 1858 4085 quidem
1876 4017 2174 4070 mortuum

2287 4020 2438 4084 σῶμα
2483 4013 2848 4085 συνέσφιγξεν·
2881 4015 2910 4071 ἡ
2959 4010 3019 4067 δε
3069 4019 3206 4086 φωνή
3253 4019 3346 4073 τὴν
3390 4014 3663 4087 οἰκομένην
3701 4015 3886 4087 ψυχὴν

519 4123 587 4164 ac
629 4106 925 4162 desertum
956 4119 1176 4176 corpus
1218 4103 1528 4174 conjunxit
1561 4119 1576 4169 ;
1608 4117 1721 4159 vox
1765 4107 1968 4160 autem
2019 4118 2175 4160 rece-

956 4119 1176 4176 corpus
1218 4103 1528 4174 conjunxit
1561 4119 1576 4169 ;
1608 4117 1721 4159 vox
1765 4107 1968 4160 autem
2019 4118 2175 4160 rece-
2284 4101 2611 4176 ἐπέστρεψεν.

516 4197 752 4254 dentem
787 4194 1055 4251 animam
1084 4193 1401 4249 revocavit.

585 4286 748 4342 Vers.
787 4285 870 4340 16.
913 4285 1154 4352 Accepit
1181 4313 1248 4323 —
1273 4281 1502 4352 plebem
1555 4295 1740 4338 suam.
1794 4281 1948 4338 Olim
1983 4283 2174 4355 siqni-

2353 4280 2538 4335 Ἐλαϐε
2573 4315 2629 4324 -
2664 4281 2784 4334 λαὸν
2808 4281 2987 4336 αὑτοῦ.
3013 4281 3181 4334 Πάλαι
3207 4286 3296 4355 μεν
3321 4283 3419 4354 γὰρ
3445 4285 3533 4333 καὶ
3564 4282 3589 4333 ὁ
3610 4286 3879 4354 προφήτης

511 4376 645 4432 dem
694 4374 986 4447 propheta
1042 4372 1190 4428 Elias
1242 4371 1432 4427 ﬁlium
1490 4370 1917 4443 Sarephthanas
1971 4372 2170 4428 viduas

2282 4371 2454 4432 Ἠλίας
2539 4369 2791 4428 ἀνέστησε
2857 4373 2944 4422 τὸν
3027 4372 3138 4422 υἱὸν
3223 4380 3319 4434 τῆς
3388 4372 3702 4446 Σαραφθίας,
3769 4369 3875 4423 ἀλλ’

511 4465 845 4530 suscitavit,
879 4462 984 4520 sed
1015 4462 1380 4534 deplorando
1411 4477 1551 4531 erga
1602 4464 1804 4528 Deum,
1851 4461 2168 4534 ipsumque

2215 4492 2243 4544 )
2280 4457 2675 4532 ἀποδυράμενος
2729 4463 2852 4531 πρὸς
2899 4464 3027 4513 Θεὸν
3065 4466 3154 4513 καὶ
3191 4463 3455 4522 ἱκετεύσας
3498 4461 3675 4514 αὐτόν.
3719 4463 3818 4513 Καὶ
3853 4461 3877 4511 ὁ

508 4554 911 4626 deprecando.
946 4555 1013 4609 Et
1042 4551 1338 4624 propheta
1364 4550 1604 4606 Elisaeus
1629 4551 1819 4607 ﬁlium
1847 4551 2169 4608 Somaniti-

2278 4556 2547 4624 προφήτης
2588 4548 2885 4610 Ἐλισσαῖος
2918 4552 3005 4601 τὸν
3044 4551 3155 4602 υἱὸν
3194 4557 3287 4610 τῆς
3321 4550 3454 4619 (34).
3508 4544 3872 4621 Σωμανίτιδος,

507 4643 623 4709 dis,
665 4643 772 4699 sed
805 4647 1079 4698 extensus
1109 4655 1284 4711 super
1321 4649 1482 4709 eum,
1524 4643 1685 4695 totus
1730 4655 1909 4710 super
1952 4643 2160 4696 totum.

2277 4637 2382 4690 ἀλλ’
2421 4637 2718 4698 ἐπιπλακεὶς
2749 4638 2888 4708 αὐτῷ
2917 4638 3026 4698 ὅλος
3054 4634 3126 4690 δι’
3149 4637 3265 4690 ὅλου
3290 4656 3303 4669 ·
3328 4637 3480 4700 οὗτος
3501 4634 3582 4706 δὲ,
3615 4637 3877 4710 ἁψάμενος

506 4733 608 4787 Hic
633 4746 772 4786 vero
796 4736 1047 4802 tangens
1080 4729 1271 4784 solum
1292 4744 1362 4785 ac
1377 4728 1620 4799 jubens,
1649 4729 1848 4784 statim
1866 4728 2160 4785 excitavit.

2273 4733 2426 4801 μόνον
2463 4733 2553 4780 καὶ
2597 4727 2912 4800 προστάξας,
2969 4728 3151 4790 εὐθέως
3195 4729 3384 4800 ἤγειρε.
3453 4731 3556 4780 Καὶ
3784 4723 3874 4780 διὰ

504 4820 750 4891 Propter
794 4818 910 4873 hoc
934 4818 1135 4890 itaque
1176 4815 1478 4881 dicebant,
1535 4815 1834 4888 Propheta
1879 4831 2157 4888 magnus,

2271 4825 2424 4870 τοῦτο
2453 4816 2629 4869 λοιπὸν
2671 4816 2859 4888 ἔλεγον,
2893 4818 2972 4869 ὅτι
2998 4821 3265 4890 προφήτης
3293 4820 3467 4888 μέγας,
3515 4813 3622 4866 ἀλλ’
3659 4816 3873 4889 ὕστερον

506 4908 614 4966 sed
658 4907 874 4978 ingrati
918 4905 1306 4980 postmodum
1337 4905 1540 4978 ipsum
1579 4905 1945 4962 occiderunt.

1389 4921 1540 4962 psum
1579 4905 1945 4962 occiderunt.
2271 4909 2318 4960 oi
2345 4905 2634 4978 ἀγνώμονες
2665 4904 2855 4959 ἀνεῖλον
2878 4905 3051 4960 αὐτόν.

573 4999 737 5056 Vers.
798 4996 884 5053 17.
938 4997 1341 5068 Egressusque
1368 5025 1437 5037 -—
1463 4995 1774 5064 ﬁnitimam
1835 4997 2156 5068 regionem.

2343 5001 2443 5050 Καὶ
2471 4995 2675 5058 ἐξῆλθεν
2699 5027 2762 5036 -
2783 5003 2845 5068 τῇ
2874 4999 3177 5070 περιχώρῳ.
3198 4993 3260 5049 Ὀ
3284 4993 3432 5066 λόγος
3461 5001 3554 5048 τοῦ
3582 4995 3867 5068 θαύματος,

503 5093 710 5149 Sermo
740 5087 1030 5154 miraculi,
1071 5086 1311 5160 etquod
1339 5087 1633 5160 propheta
1672 5103 1933 5160 magnus
1967 5103 2158 5145 surre-

1553 5091 1633 5145 ata
1672 5103 1933 5160 magnus
1967 5103 2158 5145 surre-
2268 5090 2298 5146 ἥ
2332 5087 2413 5139 ὅτι
2441 5090 2707 5159 προφήτης
2734 5088 2892 5158 μέγας
2917 5082 3215 5159 ἐγήγερται.

501 5180 704 5237 xisset.

493 5314 497 5318 ‘
570 5359 619 5396 ³⁸
648 5355 847 5415 Matth.
880 5371 978 5422 vn,
1009 5358 1098 5412 28.

1723 5473 1952 5549 Variae
1980 5479 2310 5550 lectiones
2339 5489 2406 5548 et
2439 5487 2640 5548 notae.

567 5680 681 5753 (34)
729 5677 818 5737 Ita
850 5693 1092 5753 quoque
1129 5675 1418 5753 reperitur
1447 5676 1509 5733 in
1558 5675 1735 5753 codd.
1765 5667 1855 5753 ῖο,
1915 5674 2005 5732 IV.
2033 5691 2143 5753 pro

1066 5693 1092 5736 ο
1129 5675 1418 5753 reperitur
1447 5676 1509 5733 in
1558 5675 1735 5753 codd.
1765 5667 1855 5753 ῖο,
1915 5674 2005 5732 IV.
2033 5691 2143 5753 pro
2264 5691 2426 5753 συνίει
2479 5749 2516 5753 _
2568 5745 2577 5753 I
2717 5740 2728 5752 ,

493 5741 820 5828 animum
871 5741 1089 5809 'Grm’cis
1142 5741 1398 5807 m'olesta
1453 5750 1574 5805 erat
1626 5741 1862 5820 syllaba
1914 5741 2053 5801 sow'
2086 5749 2140 5803 et

1258 5748 1398 5806 testa
1453 5750 1574 5805 erat
1626 5741 1862 5820 syllaba
1914 5741 2053 5801 σουν“
2086 5749 2140 5803 et
2319 5741 2434 5818 (35)
2479 5745 2577 5798 Καί
2607 5741 2827 5804 omittit
2851 5741 2920 5800 Β.
