4210 6446
291 382 395 442 933

365 511 519 566 ΚΕΦ.
558 506 641 563 Κ’.
677 510 803 578 Περὶ
831 513 932 559 τῶν
967 505 1356 560 ἀποσταλέντων
1387 509 1529 574 παρὰ
1557 506 1816 558 Ἰωάννου.
1922 515 1964 567 Α

368 601 472 654 Καὶ
525 595 848 667 ἀπήγγειλαν
914 627 974 636 -
1033 593 1456 668 προσδοκῶμενς
1513 599 1732 667 Εἴρηται
1777 596 1892 664 περὶ

295 691 489 740 τούτων
540 683 766 760 ἀκριϐῶς
822 683 870 735 ἐν
918 692 990 754 τῷ
1053 685 1272 754 εἰκοστῷ
1322 683 1580 756 κεφαλαίῳ
1627 690 1718 735 τοῦ
1760 684 1894 733 κατὰ

297 777 586 830 Ματθαῖον.

371 867 782 939 Παραγενόμενοι
859 892 928 902 -
1012 861 1060 913 ἐν
1127 861 1257 933 ἐμοί.

298 956 501 1007 πάντων
546 951 593 1004 ἐν
649 951 820 1022 ἐκείνῳ
871 947 1282 1023 ὃιασεσάφηται.
1315 952 1588 1021 Μάστιγας
1642 947 1720 1015 δὲ,
1779 953 1896 1010 τοὺς

1339 867 1438 914 Καὶ
1517 867 1630 934 περὶ
1703 863 1894 913 τούτων

304 1048 483 1103 πόνους
529 1039 870 1099 ὑποληπτέον.
914 1039 1036 1095 Εἰσὶ
1066 1042 1166 1114 γὰρ
1219 1059 1348 1100 τινες
1403 1043 1549 1090 νόσοι
1591 1043 1762 1111 χωρὶς
1808 1045 1898 1090 πό-

299 1153 414 1196 νων,
458 1133 525 1193 ὡς
551 1132 580 1189 ἡ
605 1129 876 1202 τυφλότης,
904 1134 994 1180 καὶ
1023 1130 1051 1186 ἡ
1087 1134 1338 1201 κωφότης,
1371 1133 1460 1180 καί
1485 1130 1514 1186 ἡ
1554 1126 1768 1198 ἀφωνία,
1810 1129 1898 1177 καὶ

301 1220 484 1273 πολλαὶ
509 1227 768 1272 τοιαῦται.

377 1397 721 1450 Ἀπελθόντων
762 1426 828 1435 ---
887 1396 1123 1450 Ιωάννου.
1170 1392 1443 1466 Ἀγγέλων,
1472 1402 1571 1444 τῶν
1603 1393 1715 1465 (36)
1749 1391 1900 1463 ἀγγε-

303 1487 419 1540 λίαν
459 1492 732 1561 φερόντων,
765 1493 864 1537 τῶν
893 1493 1152 1557 μηνυτῶν.

375 1668 436 1717 Τί
489 1695 556 1704 -
610 1682 727 1717 σου.
761 1660 986 1734 Ὁμοίως
1037 1665 1126 1713 καὶ
1168 1665 1282 1730 περὶ
1329 1663 1523 1712 τούτων
1557 1662 1761 1712 πάντων
1801 1659 1902 1712 ἔχει

308 1750 608 1810 διείληπται
637 1754 770 1804 κατὰ
799 1753 978 1825 ῥητόν.

376 1845 527 1912 Λέγω
564 1872 632 1882 -
671 1839 838 1895 ἐστίν.
871 1846 972 1894 Καὶ
1005 1846 1173 1891 ταῦτα
1215 1838 1496 1897 καλλίστην
1535 1842 1752 1911 ἔχουσιν
1802 1841 1906 1891 ἐκεῖ
1941 1869 1982 1923 Β

305 1935 399 1989 τὴν
430 1929 700 2001 ἐξήγησιν.

378 2020 481 2074 Καὶ
527 2024 629 2080 πᾶς
694 2049 765 2058 -
821 2019 1080 2071 Ἰωάννου.
1135 2014 1507 2078 Ἐδικαίωσαν,
1569 2020 1733 2069 ε’ίτουν
1805 2019 1906 2074 ηὐ-

309 2111 673 2180 χαρίστησαν,
721 2105 1084 2159 ἀποστείλαντι
1128 2106 1306 2166 αὐτοῖς
1347 2110 1433 2158 τὸν
1480 2111 1772 2164 Βαπτιστὴν
1825 2104 1907 2156 ἐπὶ

309 2199 527 2268 προνοίᾳ
550 2203 645 2257 τῆς
676 2200 940 2269 σωτηρίας
965 2195 1152 2247 αὐτῶν.
1186 2201 1288 2247 Τοῦ
1319 2202 1553 2268 Χριστοῦ
1585 2195 1696 2266 (37)
1731 2191 1789 2246 δὲ
1819 2197 1907 2245 καὶ

318 2284 467 2346 οὗτος
498 2286 522 2335 ὁ
553 2283 725 2355 λόγος,
759 2287 930 2357 ὥσπερ
962 2288 1133 2336 καὶτὸ
1167 2283 1284 2346 ἑξῆς
1311 2285 1487 2358 ῥητόν.

387 2375 451 2424 Οἱ
509 2369 568 2425 δὲ
616 2379 895 2447 Φαρισαῖοι
941 2403 993 2412 -ο
1047 2373 1134 2425 ὑπ’
1165 2373 1346 2425 αὐτοῦ.
1390 2372 1583 2431 Βουλην
1630 2380 1722 2424 τοῦ
1759 2377 1905 2436 Θεοῦ,

315 2464 370 2513 τὸ
416 2460 689 2532 ϐάπτιτμα
726 2461 877 2533 λέγει,
933 2464 998 2522 ὼς
1052 2461 1166 2514 κατ’
1211 2461 1414 2520 ἐντολὴν
1457 2469 1548 2514 τοῦ
1594 2469 1727 2514 Θεοῦ
1772 2467 1910 2532 γινόο

313 2569 478 2622 μενον,
540 2552 769 2622 Ἐγένετο
820 2553 943 2625 γὰρ,
1009 2556 1159 2622 φησι,
1208 2552 1353 2625 ῥῆμα
1405 2559 1538 2604 Θεοῦ
1594 2549 1677 2603 ἐπὶ
1735 2550 1912 2603 Ἰωάν-

311 2659 402 2696 νην
464 2642 550 2691 τὸν
629 2643 902 2712 Ζαχαρίου
960 2641 1072 2690 υἱόν
1135 2638 1182 2690 ἐν
1255 2647 1315 2711 τῇ
1384 2639 1572 2714 ἐρήμῳ,
1624 2645 1714 2692 καὶ
1762 2636 1909 2698 ἦλθεν

314 2728 384 2788 εἰς
423 2734 598 2780 πᾶσαν
650 2733 744 2787 τὴν
793 2733 1089 2803 περίχωρον
1142 2736 1234 2780 τοῦ
1290 2725 1574 2801 Ἰορδάνου,
1629 2731 1909 2803 κηρύσσων

315 2815 598 2889 βάπτισμα
639 2822 908 2888 μετανοίας
946 2817 1012 2878 εἰς
1055 2819 1238 2889 ἄφεσιν
1270 2816 1555 2893 ἁμαρτιῶν.
1592 2819 1676 2879 Εἰς
1702 2818 1911 2878 ἑαυτούς

315 2902 395 2973 δέ,
423 2906 538 2958 ἀντὶ
563 2913 676 2973 τοῦ,
719 2906 801 2962 Ἐν
833 2906 1054 2969 ἑαυτοῖς.

383 3085 496 3138 Τίνι
537 3083 760 3139 πάντων,
810 3083 892 3136 Ἐν
957 3090 1026 3152 τῷ
1079 3083 1328 3157 εἰρημένῳ
1385 3082 1604 3153 εἰκοστῷ
1656 3082 1911 3154 κεφαλαίῳ

312 3173 431 3244 περὶ
463 3173 664 3222 πάντων
699 3173 890 3223 τούτων
919 3171 1026 3242 (38)
1061 3172 1300 3244 εὑρήσεις
1329 3169 1668 3244 λπτομερώς.
1945 3206 1985 3262 C

391 3353 536 3402 ΚΕΦ.
572 3353 681 3402 ΚΑ.
714 3353 839 3420 Περὶ
882 3355 978 3408 τῆς
1017 3345 1310 3418 ἁλειψάσης
1332 3351 1416 3400 τὸν
1442 3348 1634 3421 Κύριον
1671 3351 1840 3422 μύρῳ.

391 3437 600 3508 Ἠρὼτα
629 3466 700 3475 -—
739 3435 920 3489 αὐτοῦ.
957 3435 1234 3488 Κάνταῦθα
1281 3440 1339 3488 τὸ
1374 3437 1598 3510 Ἠρὼτα,
1639 3436 1755 3490 ἀντὶ
1800 3445 1914 3508 τοῦ,

321 3521 626 3598 Παρεκάλει.
677 3522 765 3584 Ὠς
788 3529 1055 3597 προφήτην
1100 3521 1159 3577 δὲ
1198 3525 1353 3577 αὐτὸν
1383 3524 1551 3578 ἐκάλει
1579 3529 1710 3601 πρὸς
1744 3526 1914 3580 ἑστία-

324 3632 430 3666 σιν.

395 3791 495 3841 Καὶ
523 3787 760 3841 εἰσελθὼν
802 3821 864 3830 -
912 3788 1173 3848 ἀνεκλίθη.
1205 3791 1280 3844 Or)
1329 3795 1669 3867 παρῃτήσατο
1713 3800 1916 3858 τοῦτον,

319 3880 404 3929 ἵνα
431 3881 503 3950 μὴ
549 3875 626 3948 δῷ
656 3883 933 3952 πρόφασιν,
969 3883 1033 3940 ὡς
1076 3880 1318 3943 τελώναις
1347 3884 1436 3952 μὲν
1473 3886 1562 3933 καὶ
1592 3881 1917 3957 ἁμαρτωλοῖς

322 3969 625 4019 συνεσθίων·
655 3971 776 4028 τοῦς
807 3974 1119 4041 Φαρισαίους
1147 3967 1205 4021 δὲ
1231 3966 1665 4042 βδελυσσόμενος.

394 4149 494 4198 Καὶ
527 4141 646 4197 ἰδοῦ
697 4176 759 4186 ~-—
815 4142 1064 4219 δάκρυσι.
1095 4153 1325 4206 Ζήτης·ον
1373 4147 1421 4199 ἐν
1472 4157 1542 4216 τῷ
1586 4153 1717 4202 κατά
1771 4158 1918 4203 Ματ-

326 4234 466 4286 θαῖον
522 4239 614 4292 τὴν
669 4233 909 4306 ἐξήγησιν
959 4244 1051 4288 τοῦ
1111 4237 1397 4299 ἑξηκοστοῦ
1460 4234 1702 4312 δευτέρου
1761 4258 1920 4310 κεφα-

323 4321 493 4378 λαίου.
531 4323 672 4380 Αὕτη
699 4321 757 4376 δὲ
802 4327 831 4382 ἠ
865 4332 1015 4395 γυνη,
1045 4329 1110 4377 τὰ
1148 4329 1236 4397 μὲν
1287 4323 1481 4378 ἰδοῦσα
1509 4336 1607 4378 τῶν
1646 4328 1919 4398 θαυμάτων

327 4418 417 4462 τοῦ
452 4419 702 4484 Χριστοῦ,
745 4415 811 4464 τὰ
838 4409 896 4466 δὲ
920 4416 1166 4484 μαθοῦσα
1201 4417 1344 4488 παρὰ
1368 4423 1467 4466 τῶν
1499 4411 1731 4482 ἰδόντων,
1765 4415 1920 4468 ἐπισ-

327 4517 524 4566 τευσεν,
573 4501 652 4552 ὅτι
701 4506 828 4564 Θεὸς
883 4502 1021 4555 ἐστιν
1076 4505 1101 4554 ὁ
1161 4512 1323 4556 ταῦτα
1387 4503 1781 4577 τελεσιουργῶν.
1833 4508 1920 4558 Διὸ

328 4592 417 4640 καὶ
464 4594 758 4663 πρόσεισιν,
810 4589 1099 4653 ἐλπίζουσα
1149 4591 1319 4645 λαϐεῖν
1373 4592 1555 4665 ἄφεσιν
1604 4602 1702 4645 τῶν
1752 4593 1922 4666 ἀμαρ-

328 4685 448 4728 τιῶν
477 4676 607 4737 αύτῆ
620 4697 660 4739 ς.

1955 4560 1999 4614 D

395 4864 529 4932 Ὅρα
581 4855 641 4912 δε
665 4864 759 4918 τὴν
798 4859 992 4919 πολλὴν
1040 4861 1236 4923 ταύτης
1261 4859 1546 4914 εὐλάϐειαν.
1604 4861 1772 4920 Ἐστη
1821 4866 1922 4940 γὰρ

325 4951 470 5023 παρὰ
510 4950 575 5000 τὰ
613 4950 822 5019 ἔσχατα
873 4953 1001 5022 μέρη
1056 4957 1149 5002 τοῦ
1199 4955 1433 5024 σώματος
1484 4951 1663 5017 αὐτοῦ,
1723 4954 1792 5013 ὡς
1843 4951 1926 5005 ἔσ-

326 5039 495 5110 χάτη’
523 5041 614 5089 καὶ
643 5036 834 5106 ὀπίσω,
867 5041 936 5101 ὡς
974 5038 1432 5114 ἀπαρρησίαστος.
1491 5045 1592 5093 Καὶ
1630 5039 1798 5094 ἔκλαιε
1835 5044 1924 5113 μὲν

329 5121 424 5179 διὰ
447 5129 535 5187 τὰς
564 5125 825 5200 ἁμαρτίας
855 5127 984 5188 αὐτῆ
997 5145 1037 5190 ς·
1066 5127 1249 5201 ἔϐρεχε
1300 5125 1359 5182 δε
1405 5132 1527 5191 τοὺς
1555 5125 1721 5190 πόδας
1765 5130 1926 5184 αὐτοῦ

328 5220 432 5276 τοῖς
458 5211 740 5290 δάκρυσιν,
779 5219 842 5278 ὡς
868 5215 1209 5292 ἐπικεκυφυῖα
1235 5217 1432 5280 αὐτοῖς.

402 5452 452 5490 ⁴⁰
481 5453 626 5514 Luc.
653 5471 735 5524 ιιι,
768 5455 820 5511 2.

1299 379 1674 437 COMMENT.
1724 374 1794 432 ΙΝ
1833 371 2103 432 LUCAM-
2149 407 2218 418 —
2258 375 2418 430 CAP.
2462 371 2589 431 VII.

3529 370 3646 431 934

2178 502 2331 556 CAP.
2367 501 2470 557 XX.
2513 501 2586 556 De
2607 497 2918 568 discipulis
2942 497 3132 553 missis
3162 512 3199 554 a
3227 499 3469 554 Joanne.

2072 589 2232 644 Vers.
2273 592 2354 645 18.
2386 589 2462 644 Et
2483 588 2911 644 nuntiaverunt
2943 617 3011 627 —
3041 587 3206 641 Vers.
3244 589 3328 642 19.
3360 594 3656 655 exspecta-

2004 677 2178 735 mus?
2210 679 2289 733 De
2317 677 2411 733 his
2463 681 2668 734 exacte
2726 675 2954 731 dictum
3005 677 3094 730 est
3150 673 3432 730 vicesimo
3489 674 3658 746 juxta

2005 767 2343 823 Matthaaum
2367 766 2575 837 capite.

2075 857 2238 913 Vers.
2277 859 2366 912 20.
2407 855 2553 912 Cum
2584 855 2876 911 venissent
2900 884 2967 894 —
2994 852 3156 909 Vers.
3189 854 3276 908 23.
3315 853 3428 909 mei
3456 868 3654 910 causa.

2005 947 2084 1001 De
2130 944 2222 1000 his
2251 960 2490 1017 quoque
2543 942 2821 1000 omnibus
2854 943 2914 999 in
2956 942 3056 998 illo
3086 942 3274 1014 capite
3316 942 3541 998 dictum
3571 947 3661 997 est

2008 1032 2336 1090 manifeste.
2397 1032 2605 1104 Plagas
2658 1038 2876 1095 autem,
2930 1033 3046 1088 sive
3090 1030 3354 1102 ﬂagella.
3402 1029 3660 1102 intelligo

2007 1121 2266 1178 dolores.
2303 1123 2450 1178 Sunt
2481 1122 2643 1178 enim
2673 1122 2864 1178 morbi
2899 1121 3153 1193 quidam
3207 1120 3413 1177 dolore
3458 1135 3661 1177 caren-

2007 1217 2095 1266 tes
2129 1209 2346 1276 ;veluti
2378 1215 2508 1264 sunt
2528 1210 2786 1274 cecitas,
2817 1210 3097 1276 surditas,
3133 1215 3369 1264 mutum
3413 1223 3563 1276 esse,
3591 1224 3662 1265 ac

2009 1299 2177 1355 multi
2222 1299 2319 1370 huj
2332 1298 2579 1354 usmodi.

2079 1388 2241 1444 Vers.
2272 1388 2360 1444 24.
2399 1389 2660 1458 Cumque
2681 1386 3074 1444 discessissent
3097 1419 3162 1429 —
3187 1386 3438 1444 Joanne.
3472 1386 3664 1444 Dictio

2009 1477 2240 1550 ἀγγέλων
2271 1476 2567 1547 signiﬁcat
2599 1477 2693 1532 hic
2746 1477 3264 1544 internuntiantes,
3303 1477 3424 1532 sive
3457 1477 3665 1533 nuntia

2006 1569 2368 1638 perferentes
2397 1582 2432 1621 a
2467 1565 2698 1622 Joanne
2738 1566 2813 1622 ad
2845 1567 3165 1623 Christum.

2082 1657 2243 1713 Vers.
2294 1659 2382 1711 24.
2425 1655 2577 1720 Quid
2616 1686 2682 1696 —
2713 1655 2873 1711 Vers.
2907 1660 2995 1710 27.
3039 1661 3111 1712 te.
3153 1655 3428 1712 Similiter
3483 1659 3540 1711 et
3589 1653 3665 1712 de

2010 1746 2106 1801 his
2136 1745 2420 1802 omnibus
2449 1745 2529 1800 ad
2561 1746 2804 1801 verbum
2836 1744 3059 1800 dictum
3091 1750 3200 1802 est.

2083 1836 2247 1890 Vers.
2277 1835 2364 1890 28.
2401 1834 2544 1890 Dico
2564 1864 2634 1875 —
2664 1841 2770 1891 est.
2798 1836 2865 1889 Et
2901 1834 3032 1890 haec
3060 1849 3305 1906 quoque
3350 1833 3667 1906 pulchram

2015 1924 2237 1980 ibidem
2270 1923 2475 1979 sortita
2507 1930 2645 1978 sunt
2668 1923 3236 1994 interpretationem.

2087 2013 2248 2068 Vers.
2279 2015 2368 2068 29.
2407 2011 2716 2084 Omnisque
2743 2043 2811 2052 —
2839 2011 3109 2078 Joannis,
3167 2011 3665 2076 Justiﬁcaverunt,

2018 2104 2141 2160 sive
2167 2102 2392 2172 gratias
2417 2101 2467 2157 ei
2492 2104 2755 2171 egerunt,
2792 2103 2896 2174 qui
2921 2101 3247 2172 Baptistam
3271 2102 3382 2158 sibi
3403 2101 3666 2168 miserat,

2017 2191 2337 2266 providens
2387 2191 2653 2262 ipsorum
2709 2189 2904 2246 saluti.
2959 2190 3172 2246 Christi
3219 2197 3421 2246 autem
3478 2195 3535 2246 et
3572 2189 3668 2246 hic

2019 2296 2217 2336 sermo
2247 2283 2352 2343 est,
2378 2278 2530 2334 sicut
2561 2278 2737 2333 etiam
2769 2279 3015 2346 dictum,
3047 2278 3211 2351 quod
3243 2279 3529 2350 sequitur.

2088 2369 2253 2426 Vers.
2281 2373 2372 2424 30.
2405 2368 2702 2424 Pharisaei
2732 2383 2868 2424 vero
2899 2400 2966 2408 —
2991 2369 3063 2425 ab
3093 2383 3176 2423 eo.
3210 2367 3524 2425 Consilium
3572 2366 3673 2422 Dei

2020 2463 2193 2516 vocat
2221 2459 2422 2530 ipsum
2455 2457 2762 2528 baptisma,
2789 2462 3077 2528 tanquam
3106 2458 3206 2512 Dei
3237 2461 3532 2527 prmeepto
3555 2455 3674 2512 fac-

2021 2553 2165 2618 tum,
2186 2547 2433 2604 Factum
2450 2551 2547 2611 est,
2573 2546 2782 2618 inquit,
2807 2546 3047 2602 verbum
3063 2546 3303 2602 Domini
3311 2561 3486 2616 super
3501 2545 3676 2600 Joan-

2019 2652 2142 2693 nem
2175 2636 2478 2692 Zachariw
2513 2635 2701 2702 ﬁlium
2750 2636 2814 2691 in
2858 2637 3079 2692 deserto
3114 2655 3126 2694 :
3157 2642 3211 2692 et
3262 2635 3420 2691 venit
3450 2635 3512 2690 in
3557 2648 3677 2689 om-

2020 2742 2147 2781 nem
2161 2725 2480 2797 regionem,
2505 2740 2638 2796 quae
2651 2725 2814 2781 circa
2830 2724 3055 2780 Jordan
3063 2740 3150 2780 em
3179 2730 3330 2789 erat,
3344 2723 3675 2793 praedicans

2021 2815 2370 2885 baptismum
2382 2814 2734 2886 paenitentiae
2747 2815 2809 2870 in
2823 2815 3205 2872 remissionem
3217 2820 3592 2884 peccatorum
3605 2813 3673 2868 ⁸ο.

2021 2904 2086 2960 ln
2129 2903 2460 2976 semetipsis
2499 2909 2719 2960 autem.
2760 2903 2910 2960 Nam
2967 2922 3036 2964 εις
3065 2906 3282 2967 ἑαυτοὺς
3309 2903 3537 2975 capitur
3566 2917 3677 2975 pro

2021 2996 2070 3046 εν
2099 2994 2315 3054 ἑαυτοῖς.

2091 3081 2254 3138 Vers.
2317 3081 2407 3136 3t.
2473 3080 2578 3137 Cui
2620 3110 2690 3122 —
2746 3080 2910 3137 Vers.
2970 3084 3058 3137 35.
3125 3081 3382 3137 omnibus
3465 3077 3676 3136 Prandi-

2024 3175 2119 3226 cto
2140 3170 2434 3240 vigesimo
2465 3169 2656 3241 capite
2678 3171 2750 3226 de
2779 3169 2871 3225 his
2901 3168 3185 3225 omnibus
3215 3185 3285 3225 ac
3316 3169 3564 3240 singulis
3590 3169 3679 3223 in-

2023 3260 2244 3316 venies.

2061 3349 2211 3405 CAP.
2239 3350 2366 3405 XXI.
2401 3347 2483 3404 De
2507 3362 2596 3416 ea,
2620 3362 2744 3418 quae
2771 3348 2946 3404 unxit
2977 3347 3289 3403 Dominum
3322 3351 3646 3417 unguento.

2099 3436 2259 3492 Vers.
2320 3436 2412 3492 36.
2457 3436 2760 3493 Invitabat
2814 3467 2885 3477 —
2933 3436 3076 3507 ipso.
3129 3435 3405 3493 Similiter
3475 3439 3532 3491 et
3585 3434 3683 3490 hic

2024 3525 2221 3601 ἠρώτα.
2255 3541 2378 3581 non
2425 3525 2724 3596 signiﬁcat
2763 3525 3190 3596 Interrogabat,
3247 3525 3352 3581 sed
3382 3523 3678 3580 Vocabat:

2024 3630 2190 3682 nam,
2223 3619 2512 3688 tanquam
2536 3615 2914 3686 prophetam,
2941 3631 3083 3672 eum
3112 3615 3190 3672 ad
3217 3613 3558 3672 convivium
3580 3628 3684 3670 vo—

2026 3705 2222 3774 cabat,
2252 3705 2347 3761 vel
2379 3705 2692 3762 invitabat.

2095 3795 2257 3851 Vers.
2289 3798 2382 3852 36.
2442 3795 2522 3851 Et
2569 3795 2864 3866 ingressus
2901 3825 2972 3838 -
3008 3795 3295 3852 accubuit.
3347 3797 3473 3852 Non
3523 3791 3686 3851 devi-

2025 3884 2172 3942 tavit
2198 3884 2380 3948 hunc,
2423 3900 2497 3940 ne
2551 3884 2720 3941 daret
2770 3885 3154 3942 occasionem
3208 3884 3466 3950 dicendi,
3517 3883 3683 3956 quod

2027 3990 2164 4030 cum
2188 3974 2520 4046 publicanis
2542 3973 3019 4045 etpeccatoribus
3039 3989 3162 4031 una
3191 3974 3395 4031 cibum
3423 3977 3682 4046 caperet.

2027 4063 2359 4119 Pharisaeos
2391 4070 2589 4119 autem
2615 4063 2932 4119 fastideret.

2098 4154 2255 4208 Vers.
2279 4152 2368 4206 37.
2401 4152 2481 4207 Et
2511 4167 2640 4208 ecce
2691 4181 2758 4194 —
2802 4153 2961 4207 Vers.
3005 4155 3092 4208 38.
3132 4151 3430 4221 lacrymis.
3479 4151 3687 4215 Quaere

2028 4240 2087 4296 in
2118 4239 2436 4309 Evangelio
2480 4240 2814 4295 secundum
2854 4238 3198 4294 Matthasum
3247 4238 3687 4294 enarrationem

2031 4329 2392 4398 sexagesimi
2434 4328 2678 4384 secundi
2758 4326 2990 4400 capitis.
3036 4328 3169 4383 Haec
3200 4331 3403 4383 autem
3453 4323 3684 4394 mulier,

2031 4433 2169 4474 cum
2200 4416 2407 4473 Christi
2437 4414 2726 4472 miracula
2761 4415 2978 4488 partim
3017 4416 3153 4487 ipsa
3175 4413 3434 4480 vidisset,
3469 4412 3688 4485 partim

2032 4506 2110 4564 ab
2134 4505 2247 4573 his,
2280 4505 2378 4578 qui
2408 4505 2696 4571 viderant,
2726 4503 3013 4571 audisset,
3067 4503 3252 4559 Deum
3281 4517 3411 4559 esse
3442 4500 3692 4559 credidit

2033 4611 2172 4653 eum
2193 4596 2296 4667 qui
2343 4594 2469 4650 haec
2511 4594 2875 4666 operabatur
2906 4609 2921 4659 ;
2953 4592 3087 4649 ideo
3117 4593 3289 4648 etiam
3321 4590 3509 4660 venit,
3560 4605 3694 4663 spe-

2032 4700 2192 4753 rans,
2223 4683 2631 4740 remissionem
2687 4687 3073 4754 pcccatorum
3112 4696 3357 4738 suorum
3405 4695 3468 4738 se
3520 4694 3690 4738 acce-

2032 4778 2293 4848 pturam.

2107 4861 2432 4920 Considera
2461 4875 2598 4916 vero
2622 4875 2911 4931 magnam
2930 4859 3112 4932 hujus
3133 4859 3546 4917 reverentiam.
3571 4860 3693 4916 Ste-

2033 4952 2103 5009 tit
2145 4951 2304 5008 enim
2348 4949 2428 5007 ad
2457 4955 2750 5006 extremas
2803 4949 3070 5022 corporis
3114 4949 3272 5006 illius
3312 4954 3536 5021 partes,
3567 4953 3693 5006 tan-

2035 5056 2220 5115 quam
2238 5045 2527 5105 extrema;
2542 5044 2596 5096 et
2617 5055 2653 5096 a
2667 5044 2851 5108 tergo,
2869 5043 3159 5112 tanquam
3176 5039 3436 5096 audacia
3447 5052 3658 5096 carens
3676 5053 3692 5104 ;

2035 5130 2214 5188 ﬂebat
2246 5129 2493 5203 quidem
2527 5133 2770 5202 propter
2815 5135 3063 5202 peccata
3091 5145 3203 5187 sua
3241 5147 3257 5197 ;
3302 5129 3541 5201 rigabat
3593 5143 3696 5184 au-

2037 5226 2156 5278 tem
2185 5220 2370 5294 pedes
2393 5219 2551 5277 illius
2569 5218 2874 5291 lacrymis,
2904 5223 3109 5293 utpote
3136 5218 3216 5278 ad
3244 5217 3430 5292 pedes
3455 5216 3582 5292 ejus
3610 5215 3696 5274 in-

2039 5309 2278 5368 clinata.

1553 5529 1779 5601 Variae
1815 5530 2152 5602 lectiones
2185 5538 2251 5598 et
2288 5536 2471 5597 nota

555 5673 666 5747 Τῷν
697 5668 1101 5747 ἀγγελιαφόρὼν.
1127 5678 1184 5728 Β.
1216 5671 1383 5747 quod
1412 5671 1626 5734 eodem
1655 5674 1829 5734 redit.

553 5743 616 5795 Δί
638 5743 856 5801 omittit
876 5743 946 5801 Α.
978 5743 987 5746 ’
1234 5743 1259 5747 “
1761 5769 1764 5774 -

404 5666 522 5814 ἔξξέ

2113 5671 2228 5748 (38)
2260 5673 2517 5748 Εύρήσεις
2543 5671 2715 5731 abest
2741 5675 2814 5734 Α.
