4210 6442
197 434 303 495 937

1201 431 1568 493 COMMENT.
1613 411 1680 490 1N
1721 409 1988 490 LUCAM.
2030 461 2097 471 --
2137 429 2290 488 CAP.
2337 430 2477 486 Vlll.

3467 417 3571 484 938

274 567 473 616 Γίνοιτο
510 559 570 616 δε
607 566 696 615 καὶ
741 565 833 621 τήν
885 561 1010 635 ἐμήν
1069 565 1280 636 πόρνην,
1331 567 1468 625 ἤτοι,
1521 565 1612 618 τὴν
1657 558 1802 631 iat-

1974 557 2147 612 tinam
2182 559 2381 611 autem
2423 546 2803 626 contingeret,
2839 553 2904 610 ut
2950 555 3006 610 et
3034 541 3240 608 anima
3288 551 3424 630 mea
3461 551 3575 636 for-

204 649 354 705 δονόν
409 673 508 724 μου
555 651 741 723 ψυχὴν
785 659 1122 724 μετανοῆσαι,
1164 658 1251 704 καὶ
1295 648 1552 725 δάκρυσιν
1594 648 1808 701 ἀπολούο

209 743 410 793 σασθαι
449 745 542 800 τὴν
575 736 849 793 δυσωδίαν
880 749 971 792 τοῦ
1003 739 1260 816 βορϐόρου
1291 748 1380 800 τῆς
1409 740 1688 811 ἁμαρτίας,
1721 744 1807 789 καὶ

209 838 567 906 προσαγαγεῖν
597 837 671 901 τῷ
694 837 808 900 Θεῷ
842 826 1064 882 εὐωδίαν
1089 832 1256 905 μύρου
1294 829 1498 901 ἀρετῆς.

287 1011 391 1064 Καὶ
413 1007 606 1079 ἐγένετο
627 1039 694 1048 -
722 1015 813 1060 τού
835 1014 987 1062 Θεοῦ.
1012 1005 1384 1078 Καταγγὲλλων
1408 1009 1501 1064 τὴν
1528 1004 1814 1058 ἀπόλαυσιν

215 1102 301 1156 τὴν
345 1099 503 1164 θείαν,
554 1101 647 1154 τὴν
677 1095 971 1149 ἀνάπαυσιν
1017 1101 1112 1154 τὴν
1156 1091 1349 1163 ἀίδιον,
1396 1098 1476 1147 ὅτι
1519 1091 1817 1168 δεδώρηται

215 1193 324 1248 τοῖς
355 1188 694 1239 πιστεύουσιν
726 1193 798 1248 εἰς
827 1186 1004 1243 αὐτόν,

291 1279 392 1328 Καὶ
423 1307 488 1316 -
513 1275 674 1345 αύτῷ.
699 1281 827 1333 Συνῆ
839 1294 933 1327 σαν
963 1273 1125 1346 αύτῷ.

292 1364 398 1418 Καὶ
444 1373 682 1436 γυναῖκες
755 1395 822 1404 —-
885 1364 1087 1424 αὐταῖς.
1165 1363 1615 1437 Εὗεργετηθεῖσαι,
1695 1365 1819 1435 γὰρ,

219 1454 314 1506 ούκ
366 1453 669 1510 ἀπέστησαν
715 1451 801 1504 ἀπ’
847 1453 1027 1504 αὐτοῦ’
1072 1448 1322 1524 δαιμόνια
1372 1448 1430 1504 δὲ
1481 1450 1651 1518 ἐπτά,,
1693 1454 1824 1513 τινες

221 1546 578 1618 ἡρμήνευσαν,
629 1541 742 1594 ἀντὶ
779 1549 891 1606 τοῦ,
936 1541 1116 1594 πολλά.
1161 1543 1380 1603 Σύνηθες
1421 1544 1521 1614 γὰρ
1547 1539 1820 1614 Ἑϐραίοις,

224 1633 353 1685 ἑπτα
411 1631 594 1702 λέγειν,
627 1633 694 1682 τὰ
742 1630 924 1682 πολλοί.
974 1632 1278 1705 Ἐπίτροπσν
1331 1626 1389 1681 δε
1431 1626 1665 1702 Ἡρώδου
1709 1629 1820 1700 (42)

223 1726 328 1774 νόει
387 1725 473 1772 τὸν
522 1719 834 1792 ἐπιμελητὴν
887 1723 976 1772 καὶ
1033 1721 1300 1791 οἰκονόμον
1352 1727 1450 1770 τῶν
1508 1718 1824 1792 πραγμάτων

228 1809 409 1864 αύτού.

375 1993 523 2040 ΚΕΦ.
558 1986 681 2042 ΚΒ’.
733 1991 856 2060 Περὶ
895 1993 990 2046 τῆς
1019 1983 1320 2059 παραϐολῆς
1345 1993 1435 2037 τοῦ
1468 1989 1683 2058 σπόρου.

303 2085 543 2136 Συνοντος
575 2073 634 2128 bi
664 2107 731 2118 —
773 2075 1300 2128 ἑκατονταπλασίονα.
1348 2079 1472 2149 Περὶ
1511 2077 1698 2133 ταύτης
1737 2079 1830 2133 τῆς

233 2165 503 2237 παραϐολὴ
517 2185 538 2225 ς
556 2172 648 2217 τού
674 2166 871 2236 σπόρου
886 2164 1198 2237 πλατύτερον
1211 2165 1236 2215 ὁ
1270 2171 1319 2217 Μ
1326 2165 1536 2224 ατθαῐος
1557 2163 1736 2236 ὶστὸρη
1748 2180 1829 2214 σεν

235 2252 284 2305 ἕν
315 2263 386 2324 τῷ
436 2254 653 2324 εἰκοστῷ
679 2256 906 2324 τετάρτῳ
934 2253 1192 2324 κεφαλαίῳ
1235 2253 1413 2307 αὐτοῦ.
1467 2252 1569 2305 Καὶ
1601 2253 1830 2312 ζήτησον

236 2341 284 2394 ἐν
325 2341 497 2414 ἐκείνῳ
531 2347 648 2417 περὶ
678 2346 871 2394 τούτων
896 2344 1120 2396 πάντων.

307 2437 486 2484 Ταῦτα
535 2463 603 2472 -
657 2429 901 2485 ἀκουέτω.
965 2432 1044 2484 Ἐν
1097 2429 1267 2502 ἐκείνῳ
1330 2434 1418 2482 καὶ
1477 2435 1591 2505 περὶ
1647 2432 1831 2482 τούτου

237 2524 462 2596 εἴρηται.

308 2608 622 2683 Ἐπηρώτων
643 2639 709 2650 --
731 2616 885 2662 Θεοῦ.
913 2608 1133 2681 Ὁμοίως
1159 2613 1240 2661 καὶ
1273 2613 1389 2680 περὶ
1413 2611 1623 2661 τούτων.

307 2793 430 2849 Τοῖς
459 2783 518 2840 δε
547 2785 744 2848 λοιποῖς
772 2818 841 2827 —
870 2785 1208 2860 παραϐολαῖς.
1233 2787 1292 2839 Ὀ
1323 2784 1382 2840 δε
1409 2789 1618 2862 Μάρκος
1643 2789 1838 2865 ἔγραψε

242 2881 576 2950 σαφέστερον,
608 2875 786 2948 λέγων’
821 2875 1058 2939 Ἐκείνοις
1091 2873 1149 2929 δὲ
1180 2885 1287 2938 τοῖς
1317 2877 1411 2940 ἔξω
1446 2876 1492 2928 ἐν
1519 2878 1838 2953 παραϐολαῖς

241 2967 307 3016 τὰ
351 2968 522 3017 πάντα
549 2970 766 3036 γίνεται.
823 2971 922 3018 Καὶ
953 2967 1185 3026 ζήτησον
1233 2971 1327 3024 τήν
1365 2969 1559 3018 τούτων
1590 2967 1839 3038 ἐξήγησιν

244 3053 291 3105 ἐν
323 3063 392 3124 τῷ
424 3053 581 3126 ἐνάτῳ
611 3055 869 3126 κεφαλαίῳ
901 3055 1080 3109 αὐτοῦ.

312 3142 423 3197 Ὶνα
472 3176 532 3184 -—
601 3153 867 3197 συνιώσιν.
925 3145 1010 3195 Ἐν
1059 3153 1128 3214 τῷ
1185 3147 1398 3214 τοιούτῳ
1452 3145 1708 3216 κεφαλαίῳ
1753 3155 1841 3198 τοῦ

248 3234 461 3306 Μάρκου
492 3238 582 3284 καὶ
613 3241 780 3284 ταῦτα
810 3228 1292 3304 διηρμηνεύθησαν.

315 3321 469 3374 Ἐστι
500 3352 568 3362 -
602 3320 893 3395 παραϐολή.
939 3321 1102 3388 Αὕτη,
1145 3319 1257 3374 ἀντὶ
1301 3329 1412 3386 τοῦ,
1447 3326 1682 3389 τοιαύτη,
1713 3329 1847 3377 κατά

245 3416 340 3470 τὴν
365 3411 656 3484 ἑρμηνείαν.

319 3507 361 3552 Ο
427 3502 624 3572 σπόρος
686 3529 753 3537 -
791 3502 940 3551 Θεοῦ.
1002 3497 1061 3552 Ὅ
1125 3507 1216 3562 τῆς
1259 3505 1525 3566 πίστεως,⁸
1563 3502 1588 3553 ὁ
1635 3500 1850 3573 εὐαγγε-

246 3588 359 3640 λικὸ
370 3607 408 3648 ς.

323 3681 389 3729 Οἳ
437 3672 497 3729 δὲ
535 3707 603 3716 -
661 3677 919 3729 σωθῶσιν.
980 3677 1058 3731 Ἐν
1112 3687 1182 3749 τῷ
1236 3679 1448 3752 ῥηθέντι
1510 3681 1727 3752 εἰκοστῷ
1769 3700 1849 3734 τε·

249 3768 424 3837 ταρτῳ
488 3764 745 3838 κεφαλαίῳ
826 3771 985 3838 φησὶν
1053 3769 1078 3819 ὁ
1148 3771 1434 3830 Ματθαὶρςο
1500 3772 1576 3822 ὅτι
1655 3776 1852 3832 Παντὸς

254 3855 524 3916 ἀκούοντος
597 3859 684 3906 τὸν
732 3857 881 3927 λόγον
952 3865 1042 3917 τῆς
1101 3855 1396 3928 βασιλείας,
1450 3866 1537 3912 καὶ
1610 3866 1681 3932 μὴ
1733 3880 1850 3913 συν-

253 3948 441 4008 τέντος,
507 3946 720 4018 ἔρχεται
773 3946 798 3997 ὁ
881 3950 1126 4019 πονηρὸς,
1201 3953 1290 4000 καὶ
1361 3947 1584 4020 ἁρπάζει
1644 3953 1702 4002 τὸ
1761 3949 1850 4002 ἐσ-

252 4037 506 4107 παρμένον
583 4033 631 4085 ἐν
704 4042 765 4106 τῇ
821 4032 1020 4108 καρδίᾳ
1093 4035 1274 4092 αὐτοῦ.
1364 4037 1526 4099 Οὗτός
1608 4038 1746 4092 ἐστιν
1827 4041 1851 4091 ὀ

251 4125 395 4197 παρὰ
453 4126 541 4181 τὴν
595 4119 718 4175 ὁδὸν
778 4129 1009 4198 σπαρείς.
1082 4127 1182 4178 Καὶ
1237 4124 1496 4198 ἀνάγνωθι
1565 4132 1657 4186 τὴν
1733 4127 1852 4184 ὅλην

253 4215 448 4264 τούτων
485 4211 756 4284 ἐξήγησιν,
796 4211 879 4285 ἀφ’
921 4214 983 4275 ἧς
1018 4211 1203 4289 ῥᾴδιον
1233 4224 1322 4268 και
1370 4219 1436 4269 τὰ
1476 4222 1708 4291 παρόντα
1739 4213 1854 4268 δια-

255 4309 467 4372 γνῶναι.

328 4393 395 4442 Οἱ
424 4386 483 4442 δι
507 4389 591 4442 ἐπὶ
620 4399 716 4452 τῆς
744 4395 948 4464 πέτρας.
977 4395 1043 4445 Οἱ
1069 4389 1128 4446 δι
1165 4396 1301 4446 κατὰ
1323 4399 1414 4453 τὴν
1445 4400 1656 4467 πέτραν,
1703 4394 1852 4459 εἰσὶν,

259 4478 424 4542 οὗτοι,
455 4475 715 4544 δηλονότι,
749 4485 865 4553 περὶ
903 4481 969 4532 ὧν
997 4480 1116 4555 ἐρεῖ.

331 4569 400 4621 Οἱ
449 4570 569 4622 ὅταν
600 4601 667 4609 -
699 4570 1029 4642 ἀφίστανται.
1079 4573 1164 4626 Ἐν
1213 4581 1285 4645 τῷ
1334 4575 1552 4647 τοιούτῳ
1599 4573 1857 4648 κεφαλαίῳ

259 4665 349 4712 καὶ
374 4663 492 4734 περὶ
521 4667 620 4710 τῶν
649 4661 894 4712 τοιούτων
924 4663 1182 4737 εὑρήσεις.

330 4750 400 4801 Τό
429 4743 490 4800 δὲ
529 4778 594 4788 -
626 4747 776 4803 εἰσιν.
814 4750 962 4806 Ἀντί
1003 4757 1116 4815 τοῦ,
1167 4750 1216 4804 ἓν
1258 4755 1458 4816 τούτοις
1508 4751 1640 4806 ἔστί.
1687 4758 1860 4816 Ποίοις

261 4839 463 4898 τούτοις
485 4854 498 4905 ;
527 4835 807 4894 Ἀκουσον.

335 4928 401 4980 Οἱ
500 4957 570 4967 -—
661 4928 1078 5003 τελεσφοροῦσιν.

264 5015 487 5069 πλούτου
579 5022 668 5070 καὶ
738 5015 960 5083 ἡδονῶν,

263 5110 353 5158 καὶ

1190 4929 1312 4984 ’Υπό
1419 4951 1510 5008 μερ
1521 4953 1536 4984 ι
1541 4940 1677 5005 μνῶν
1774 4938 1864 4986 καὶ

1050 5015 1164 5072 ἀντὶ
1233 5016 1325 5074 τοῦ
1355 5066 1371 5091 ,
1425 5025 1556 5094 μετὰ
1609 5030 1863 5098 μεριμνῶν

453 5105 678 5158 πλούτου
769 5112 858 5160 καὶ
941 5104 1143 5167 ἡδονῶν
1229 5115 1584 5186 πορευομενοι,

264 5193 668 5268 πολιτευόμενοι.
725 5195 808 5250 Ἐν
887 5196 1062 5272 ἐκείνῳ
1137 5195 1215 5272 δι,

267 5282 486 5360 ίρῥῄθη.

1676 5113 1863 5178 εἰτουν,

1314 5205 1404 5254 καὶ
1485 5205 1603 5276 περὶ
1672 5203 1866 5254 τούτων

340 5463 384 5500 ιι
428 5465 706 5534 Marc.1v,
756 5465 847 5524 11.
924 5468 970 5504 ⁸³
1009 5466 1225 5526 Matth.
1257 5483 1383 5538 xm,
1417 5467 1503 5526 19.

1913 646 2157 712 nicaria,
2187 646 2308 700 sive
2339 646 2714 717 voluptatum
2753 643 3025 709 amatrix,
3055 641 3402 714 poenitentia
3431 633 3577 715 pun-

1914 741 2167 805 geretur,
2197 740 2254 790 et
2279 734 2562 806 lacrymis
2611 732 2878 789 ablueret
2907 731 3177 788 faetorem
3221 731 3410 805 ipsius
3442 725 3578 803 pec-

1915 823 2050 889 cati,
2070 839 2140 880 ac
2157 839 2404 880 suavem
2423 823 2503 880 ad
2536 826 2719 879 Deum
2740 821 2994 880 deferret
3022 821 3270 879 odorem
3294 813 3580 891 unguenti

1917 913 2108 986 ipsius
2152 913 2409 971 Virtutis.

1990 1001 2139 1057 CAP.
2165 1001 2312 1056 VIII.
2346 1002 2512 1058 Vers.
2549 1007 2597 1058 1.
2623 999 3182 1074 Factumque—Dei.
3214 993 3582 1056 Denuntians

1919 1091 2086 1163 quod
2115 1090 2310 1147 fruitio
2339 1090 2565 1163 divina,
2607 1093 2962 1166 requiesque
2995 1091 3362 1165 sempiterna
3389 1083 3584 1146 dona-

1921 1179 2127 1234 rentur
2155 1179 2217 1234 in
2259 1179 2458 1251 ipsum
2511 1179 2916 1238 credentibus.

1998 1265 2162 1322 Vers.
2194 1268 2246 1321 1.
2273 1267 2350 1322 Et
2376 1298 2446 1309 —
2470 1285 2555 1326 eo.
2586 1269 2766 1326 Simul
2796 1277 2961 1326 erant
2986 1286 3126 1326 cum
3156 1285 3252 1327 eo.

1997 1355 2164 1411 Vers.
2217 1361 2271 1410 2.
2323 1359 2412 1412 Ac
2460 1359 2728 1414 mulieres
2786 1389 2855 1400 -—-
2903 1361 3065 1416 Vers.
3125 1364 3179 1416 3.
3237 1357 3377 1416 suis.
3433 1347 3584 1414 Cum

1927 1444 2088 1502 enim
2129 1444 2436 1501 beneﬁciis
2477 1447 2555 1501 ab
2581 1463 2652 1502 eo
2701 1447 2928 1504 affectas
2978 1454 3196 1514 essent,
3242 1464 3362 1504 non
3391 1447 3585 1504 dices-

1928 1538 2131 1590 serunt
2153 1534 2229 1590 ab
2261 1550 2352 1590 eo.
2387 1537 2621 1607 Septem
2651 1535 2952 1594 daemonia
2978 1536 3222 1608 quidam
3249 1553 3358 1608 pro
3387 1534 3586 1592 multis

1927 1623 2777 1696 interpretantur.Consuetum
2789 1627 2878 1681 est
2889 1641 3154 1698 namque
3169 1624 3331 1698 apud
3341 1621 3590 1681 Haebm-

1930 1728 1999 1768 os
2029 1716 2260 1784 septem
2287 1729 2516 1777 vocare,
2559 1728 2693 1786 quae
2727 1713 2916 1770 multa
2956 1721 3112 1770 sunt.
3142 1713 3591 1770 PrOcuratorem

1932 1817 2072 1857 vero
2088 1801 2335 1857 Herodis
2353 1801 2614 1873 intellige
2631 1817 3016 1858 meonomum
3035 1807 3090 1859 et
3111 1803 3588 1876 dispensatorem

1861 1907 1900 1960 Β
1935 1905 2136 1946 rerum
2183 1890 2391 1962 ipsius.

2187 1978 2526 2036 CAP.XXII.
2559 1981 2642 2037 De
2683 1981 2999 2038 seminanto
3025 1979 3341 2051 parabola.

2011 2069 2176 2124 Vers.
2202 2072 2253 2124 4.
2276 2071 2421 2126 Cum
2444 2077 2641 2127 autem
2673 2068 3010 2128 conveniret
3027 2101 3094 2114 —
3125 2071 3294 2128 Vers.
3321 2075 3372 2128 8.
3393 2067 3597 2134 centu.

1934 2159 2127 2228 plum.
2188 2159 2266 2214 De
2301 2159 2414 2216 hac
2472 2160 2752 2216 sementis
2798 2160 3088 2233 parabola
3148 2160 3324 2218 latius
3365 2155 3599 2236 scripsit

1941 2248 2244 2304 Matthasus
2293 2249 2571 2304 vicesimo
2619 2254 2835 2323 quarto
2882 2250 3077 2324 capite
3122 2267 3137 2318 ;
3187 2255 3244 2307 et
3293 2250 3373 2308 ibi
3398 2245 3473 2308 de
3501 2249 3594 2308 his

1943 2337 2222 2393 omnibus
2247 2353 2467 2410 quaere.

2012 2426 2180 2482 Vers.
2213 2430 2264 2482 8.
2297 2427 2437 2485 Haec
2461 2458 2530 2470 —
2559 2427 2793 2486 audiat.
2824 2428 2905 2486 De
2934 2428 3027 2485 his
3058 2428 3234 2486 etiam
3263 2429 3346 2486 ibi
3371 2425 3598 2488 dictum

1945 2521 2056 2574 est.

2015 2607 2174 2663 Vers.
2209 2609 2263 2662 9.
2292 2606 2742 2680 Interrogabant
2766 2639 2836 2650 —
2860 2607 3022 2665 Vers.
3054 2610 3140 2665 1ο.
3174 2601 3301 2667 Dei.
3327 2607 3604 2668 Similiter

1946 2699 2003 2751 et
2039 2694 2114 2752 de
2144 2695 2258 2751 his.

2017 2784 2180 2841 Vers.
2222 2787 2310 2842 1ο.
2366 2785 2605 2844 Ceteris
2649 2793 2849 2844 autem
2905 2819 2974 2828 —
3012 2785 3334 2860 parabolis.
3369 2783 3604 2847 Marcus

1948 2890 2089 2930 vero
2114 2875 2347 2948 planius
2374 2876 2626 2949 scripsit,
2681 2877 2886 2932 dicens
2909 2897 2922 2937 :
2956 2877 3063 2934 His
3087 2886 3282 2936 autem
3311 2879 3429 2952 qui,
3453 2879 3607 2950 foris

1947 2971 2110 3030 sunt,
2139 2966 2200 3020 in
2227 2965 2533 3033 parabolis
2562 2966 2760 3023 omnia
2783 2967 2939 3036 ﬁunt
2961 2968 3027 3003 δί·
3061 2969 3122 3022 Et
3156 2968 3374 3025 horum
3406 2983 3608 3042 quare

1950 3054 2381 3126 expositionem
2425 3070 2584 3111 nono
2634 3056 2760 3126 ejus
2791 3057 3002 3128 capite.

2021 3144 2188 3198 Vers.
2223 3144 2308 3198 io.
2363 3145 2438 3200 Ut
2467 3176 2536 3185 —
2573 3144 2941 3216 intelligant.
2969 3145 3053 3201 lbi
3075 3149 3130 3202 et
3159 3145 3282 3203 haec
3308 3135 3611 3204 declarata

1875 3263 1915 3319 ρ
1954 3237 2108 3288 sunt.

2027 3323 2182 3377 Vers.
2217 3325 2295 3379 ll.
2327 3323 2433 3377 Est
2453 3353 2516 3362 -
2543 3323 2850 3394 parabola.
2882 3323 3032 3389 Haec,
3057 3323 3118 3381 id
3143 3327 3248 3390 est,
3283 3323 3420 3380 talis
3443 3324 3614 3397 juxta

1958 3411 2523 3483 interpretationem.

2030 3502 2190 3556 Vers.
2214 3501 2302 3555 11.
2323 3500 2532 3559 Semen
2568 3533 2632 3546 --
2654 3501 2778 3559 Dei.
2803 3500 3014 3559 Sermo
3043 3500 3186 3559 ﬁdei
3213 3502 3614 3588 evangelicus.

2032 3680 2197 3736 Vers.
2231 3681 2318 3738 12.
2354 3679 2464 3745 Qui
2511 3697 2640 3738 vero
2671 3713 2737 3722 -—
2775 3681 2928 3739 salvi
2945 3683 3121 3751 ﬁant.
3156 3681 3440 3740 Prasdicto
3469 3673 3621 3740 vice-

1960 3770 2103 3825 simo
2133 3775 2345 3841 quarto
2372 3771 2556 3842 capite
2588 3771 2666 3826 ait
2697 3769 2998 3828 Mattheeus
3031 3787 3042 3825 :
3079 3771 3222 3828 Cum
3253 3765 3433 3845 quivis
3460 3759 3620 3828 audi-

1961 3859 2046 3915 vit
2069 3859 2304 3915 verbum
2336 3861 2515 3932 regni,
2549 3875 2653 3916 nec
2678 3860 2962 3931 intelligit
2995 3877 3007 3916 :
3038 3862 3188 3917 venit
3211 3861 3313 3918 ille
3334 3863 3538 3928 malus,
3563 3868 3623 3918 et

1959 3949 2118 4018 rapit
2134 3949 2285 4022 quod
2299 3953 2645 4007 seminatum
2676 3958 2754 4006 est
2774 3968 2830 4004 ιη
2857 3951 3034 4007 corde
3060 3951 3230 4022 ipsius
3253 3969 3270 4017 ;
3290 3943 3388 4008 hic
3406 3959 3508 4018 est,
3530 3952 3625 4024 qui

1950 4041 2134 4108 jurta
2178 4040 2329 4095 viam
2372 4040 2681 4096 seminatus
2723 4040 2837 4109 fuit
2896 4041 2965 4094 ⁴².
3017 4043 3081 4096 Et
3107 4044 3237 4111 lege
3281 4043 3624 4097 universam

1962 4127 2198 4184 illorum
2266 4130 2719 4201 expositionem,
2779 4128 2935 4186 unde
2983 4134 3039 4184 et
3085 4131 3404 4202 praesentia
3453 4117 3624 4185 facile

1963 4217 2068 4273 erit
2102 4234 2482 4288 cognoscere.

2041 4394 2198 4449 Vers.
2233 4395 2314 4449 13.
2353 4395 2462 4463 Qui
2491 4410 2626 4451 vero
2652 4410 2825 4465 super
2846 4400 3094 4464 petram.
3131 4395 3240 4460 Qui
3266 4393 3344 4451 ad
3371 4397 3626 4467 petram,

1967 4483 2028 4540 hi
2051 4489 2188 4538 sunt
2218 4483 2507 4548 videlicet,
2535 4483 2608 4540 de
2650 4483 2871 4556 quibus
2900 4483 3167 4539 dicturus
3201 4489 3307 4539 est.

2037 4572 2200 4628 Vers.
2239 4577 2322 4629 13.
2365 4571 2474 4638 Qui
2498 4589 2632 4630 cum
2658 4571 2955 4630 recedunt.
2988 4572 3209 4629 Eodem
3236 4573 3426 4646 capite
3458 4575 3634 4630 etiam

1971 4662 2095 4718 hinc
2139 4661 2420 4718 invenies.

2046 4753 2205 4807 Vers.
2233 4752 2320 4807 14.
2356 4752 2521 4818 Quod
2545 4755 2738 4808 autem
2770 4781 2836 4792 —
2853 4758 3011 4808 sunt.
3041 4752 3160 4809 Hoc
3181 4756 3287 4824 est,
3313 4753 3374 4809 in
3399 4743 3494 4810 his
3520 4757 3632 4810 est.

1973 4841 2260 4908 Qualibus
2291 4841 2381 4897 bis
2439 4841 2467 4895 ?
2500 4839 2673 4896 Audi.
3145 4835 3148 4838 ’

2045 4931 2210 4987 Vers.
2228 4931 2313 4986 H.
2332 4930 2436 4996 Qui
2456 4962 2511 4971 -
2525 4925 3207 5001 referuntfrucluhzﬁub
3223 4931 3636 4988 sollicitudini-

1975 5020 2088 5076 bus
2101 5026 2154 5075 et
2167 5019 2382 5076 divitiis
2398 5036 2467 5076 ac
2492 5019 2919 5091 voluptatibus:
2937 5015 3049 5076 hoc
3063 5029 3147 5076 est
3159 5038 3296 5077 cum
3314 5021 3635 5078 sollicitudi

1975 5109 2154 5165 nibus
2169 5116 2225 5165 et
2252 5108 2470 5165 divitiis
2487 5125 2557 5166 ac
2585 5108 2992 5182 voluptatibus
3009 5115 3214 5166 euntes
3251 5111 3377 5168 sive
3395 5126 3640 5168 conver.

1978 5204 2194 5256 sanies.
2235 5197 2304 5256 ln
2335 5214 2405 5256 eo
2443 5199 2625 5257 etiam
2655 5197 2730 5256 de
2759 5198 2852 5255 his
2891 5199 3117 5257 dictum
3139 5205 3247 5259 est.

1475 5619 1699 5689 Variae”
1738 5620 2068 5692 lectiones
2109 5630 2176 5690 et
2222 5629 2427 5690 notae.

348 5813 463 5888 (42)
498 5810 738 5890 Ἡρώδου
772 5815 966 5873 abest.
999 5819 1065 5872 Α.

563 5913 801 5970 ΡΛτιιοι..
839 5913 948 5972 Gn.
990 5914 1236 5973 CXXIX.
