4210 6448
169 445 278 506 937
1180 441 1548 503 COMMENT.
1593 421 1660 501 1N
1701 419 1968 499 LUCAM.
2010 471 2077 482 -
2117 439 2269 498 CAP.
2317 441 2457 496 vm.
3448 438 3553 494 938

249 578 449 626 Γίνοιτο
486 569 546 626 δὲ
584 577 673 626 καὶ
719 573 810 631 τὴν
863 571 988 644 ἕμήν
1046 575 1259 646 πόρνην,
1310 576 1448 635 ἤτοι,
1500 575 1591 628 τὴν
1637 568 1782 640 φιλη-
1817 567 1860 620 Α
1897 567 1911 620 1

1897 566 2127 621 Utinam
2162 569 2361 622 autem
2402 556 2782 635 contingeret,
2818 567 2884 620 ut
2929 565 2987 620 et
3014 551 3220 620 anima
3269 551 3404 644 inea
3443 563 3555 646 for-

179 660 330 716 δονόν
384 683 484 734 μου
531 661 718 734 ψυχὴν
761 669 1099 734 μετανοῆσαι,
1141 667 1228 714 καὶ
1273 658 1532 734 δάκρυσιν
1573 658 1788 710 ἀπολού-

1895 655 2138 721 nicaria,
2168 655 2288 710 sive
2320 656 2694 726 voluptatum
2731 654 3006 718 amatrix,
3034 652 3382 725 paenitentia
3411 645 3557 726 puri-

184 754 385 804 σασθαι
425 756 518 810 τὴν
551 746 825 804 δυσωδίαν
855 759 946 802 τοὺ
979 748 1236 826 βορϐόρου
1269 757 1357 810 τῆς
1387 750 1668 821 ἁμαρτίας,
1700 752 1788 798 καὶ

1895 750 2148 814 geretur,
2177 750 2234 799 et
2260 743 2542 815 lacrymis
2591 741 2858 798 ablueret
2887 741 3157 798 faetorem
3201 739 3390 815 ipsius
3423 733 3557 826 pec-

184 846 542 917 προσαγαγεῖν
573 848 646 911 τῷ
671 847 784 911 Θεῷ
817 823 1232 915 εύωδίαννμύρου
1270 838 1475 912 ἀρετῆς.

1899 833 2030 898 cati,
2051 848 2120 889 ac
2137 849 2384 889 suavem
2404 833 2483 889 ad
2516 835 2699 888 Deum
2720 831 2974 889 deferret
3002 831 3250 888 odorem
3273 823 3561 902 unguenti

1896 923 2088 995 ipsius
2132 923 2390 980 Virtutis.

261 1022 366 1076 Καὶ
387 1018 581 1090 ἐγένετο
603 1050 669 1058 -
698 1025 788 1070 τοῦ
810 1024 962 1072 Θεοῦ.
987 1016 1359 1088 Καταγγελλων
1383 1019 1477 1075 τὴν
1505 1014 1793 1068 ἀπόλαυσιν

1969 1011 2118 1066 CAP.
2147 1011 2292 1066 VIII.
2327 1011 2492 1068 Vers.
2530 1015 2578 1066 1.
2604 1009 3163 1082 Factumque—Dei.
3195 1002 3563 1066 Denuntians

186 1115 275 1168 τὴν
319 1110 478 1176 θείαν,
529 1112 622 1165 τὴν
652 1105 945 1159 ἀνάπαυσιν
992 1111 1086 1164 τὴν
1131 1102 1324 1174 ἀίδιον,
1371 1108 1451 1158 ὅτι
1495 1101 1793 1178 δεδώρηται

1902 1100 2065 1173 quod
2094 1101 2290 1157 fruitio
2319 1099 2546 1172 divina,
2587 1101 2944 1174 requiesque
2976 1100 3342 1173 sempiterna
3369 1097 3564 1156 dona-'-

187 1205 298 1260 τοῖς
330 1199 670 1250 πιστεύουσιν
701 1203 773 1258 εἰς
801 1196 979 1253 αὐτόν,

1899 1190 2106 1245 rentur
2133 1189 2195 1244 in
2238 1188 2438 1260 ipsum
2491 1187 2897 1246 credentibus.

265 1291 367 1340 Καὶ
396 1318 463 1328 —
489 1286 648 1356 αύτῷ.
674 1292 802 1344 Συνῆ
814 1304 907 1338 σαν
938 1284 1099 1357 αύτῷ.

1975 1276 2140 1333 Vers.
2172 1279 2224 1331 1.
2252 1277 2329 1332 Et
2355 1307 2425 1319 —
2449 1293 2534 1334 eo.
2566 1277 2748 1334 Simul
2778 1285 2943 1334 erant
2967 1294 3107 1334 cum
3138 1294 3233 1336 eo.

267 1376 372 1430 Καὶ
419 1384 657 1447 γυναῖκες
729 1406 797 1414 -
860 1374 1062 1434 αύταῖς.
1139 1374 1589 1447 Εὖεργετηθείσαι,
1669 1376 1794 1446 γὰρ,

1972 1367 2141 1422 Vers.
2195 1371 2248 1421 2.
2301 1370 2390 1422 Ac
2439 1369 2708 1424 mulieres
2766 1398 2836 1408 —
2884 1369 3046 1425 Vers.
3107 1372 3160 1424 3.
3217 1363 3358 1424 Suis.
3415 1356 3564 1424 Cum‘

190 1467 288 1519 ούκ
341 1465 644 1522 ἀπέστησαν
690 1462 777 1514 ἀπ’
823 1463 1002 1515 αὐτοῦ’
1046 1459 1296 1534 δαιμόνια
1346 1459 1404 1515 δὲ
1455 1462 1625 1528 inter"
1668 1466 1800 1524 τινες

1903 1455 2064 1513 enim
2106 1455 2414 1512 beneﬁciis
2455 1457 2534 1512 ab
2560 1473 2631 1512 eo
2681 1456 2909 1512 affectas
2958 1462 3177 1524 essent,
3223 1473 3343 1513 non
3372 1456 3565 1513 dices-

193 1558 552 1630 ἡρμήνευσαν,
604 1552 718 1605 ἀντὶ
755 1561 866 1616 τοῦ,
911 1552 1090 1604 πολλά.
1135 1554 1354 1614 Σύνηθες
1394 1555 1494 1624 γὰρ
1520 1550 1796 1626 Ἑϐραίοις,

1904 1550 2107 1602 serunt
2129 1545 2205 1602 ab
2237 1561 2329 1601 eo.
2364 1548 2599 1618 Septem
2629 1545 2933 1602 daemonia
2958 1544 3202 1618 quidam
3229 1562 3338 1618 pro
3367 1544 3566 1603 multis

196 1629 328 1697 ἑπτὰ
387 1644 569 1714 λέγειν,
603 1645 669 1694 τὰ
717 1641 899 1693 πολλά.
949 1643 1251 1716 Ἐπίτροπον
1304 1637 1362 1693 δε
1403 1638 1639 1713 Ἡρώδου
1685 1640 1796 1711 (42)

1908 1635 2756 1707 interpretantur.Consuetum
2768 1637 3134 1707 estnamque
3149 1634 3312 1707 apud
3321 1629 3570 1691 Haebrae-

195 1739 302 1786 νόει
362 1737 448 1786 τόν
497 1730 809 1803 ἐπιμελητὴν
862 1735 952 1783 καὶ
1009 1732 1273 1803 οἰκονόμον
1325 1739 1422 1782 τῶν
1479 1730 1801 1804 πραγμάτων

1909 1739 1975 1780 os
2005 1727 2236 1796 septem
2263 1739 2493 1788 vocare,
2536 1739 2672 1797 quae
2705 1723 2896 1780 multa
2935 1730 3092 1780 sunt.
3122 1721 3571 1780 Precuratorem

201 1822 383 1876 αὐτοῦ.
1908 1829 2048 1869 vero
2065 1811 2312 1868 Herodis
2330 1812 2591 1884 intellige
2609 1829 2995 1869 mconomum
3014 1817 3069 1869 et
3090 1813 3568 1885 dispensatorem

1837 1919 1877 1974 Β
1912 1917 2112 1958 rerum
2160 1901 2368 1974 ipsius.

348 2005 496 2053 ΚΕΦ.
532 1998 654 2054 KB'.
705 2002 830 2072 Περὶ
868 2004 964 2057 τῆς
993 1995 1292 2071 παραϐολῆς
1317 2005 1407 2049 τοῦ
1441 2001 1658 2071 σπόρου.

2164 1989 2504 2046 CAP.XXI[.
2537 1991 2619 2047 De
2661 1993 2978 2048 seminante
3004 1991 3320 2062 parabola.

277 2097 517 2149 Συνοντος
549 2085 607 2141 ὁὶ
637 2119 704 2130 -—
745 2086 1272 2140 ἑκατονταπλασίονα.
1321 2091 1445 2162 Περὶ
1484 2089 1674 2145 ταύτης
1712 2092 1807 2146 τῆς

1986 2080 2154 2137 Vers.
2179 2084 2230 2136 4.
2253 2083 2397 2137 Cum
2422 2088 2619 2138 autem
2651 2078 2988 2138 conveniret
3006 2111 3073 2123 —
3103 2082 3274 2138 Vers.
3301 2084 3352 2138 8.
3373 2075 3577 2142 centu.

207 2177 478 2250 παραϐολῆ
492 2197 513 2238 ς
531 2185 622 2229 τοῦ
647 2182 843 2248 σπόρου
857 2176 1170 2249 πλατύτερον
1183 2177 1208 2227 ό
1242 2178 1510 2237 Ματθαίος
1532 2175 1806 2249 ἱστόρησεν

1915 2172 2104 2240 plum.
2165 2171 2243 2226 De
2278 2171 2392 2227 hac
2450 2171 2731 2226 sementis
2776 2171 3066 2244 parabola
3127 2170 3304 2228 latius
3345 2163 3577 2244 scripsit

210 2265 260 2318 ἐν
291 2276 362 2338 τῷ
411 2267 627 2336 εἰκοστῷ
653 2268 877 2338 τετάρτῳ
905 2265 1164 2336 κεφαλαίῳ
1207 2265 1387 2319 αὑτοῦ.
1441 2265 1544 2318 Καὶ
1576 2265 1807 2325 ζήτησον

1917 2260 2220 2317 Matthaaus
2271 2261 2549 2316 vicesimo
2597 2265 2813 2334 quarto
2861 2261 3055 2334 capite
3101 2276 3116 2329 ;
3165 2265 3223 2317 et
3271 2260 3352 2317 ibi
3377 2253 3452 2318 de
3480 2257 3574 2316 his

211 2355 261 2408 ἐν
302 2354 472 2427 ἐκείνῳ
506 2360 623 2430 περὶ
652 2358 842 2407 τούτων
867 2356 1092 2408 πάντων.

782 2376 842 2406 ων
867 2356 1092 2408 πάντων.
1919 2349 2199 2405 omnibus
2224 2364 2444 2422 quaere.

285 2451 462 2497 Ταῦτα
510 2476 577 2486 —
631 2442 873 2498 ἀκουέτω.
937 2445 1017 2496 Ἐν
1071 2441 1242 2515 ἐκείνῳ
1305 2447 1394 2495 καὶ
1453 2448 1568 2518 περὶ
1623 2445 1808 2495 τούτου

1988 2438 2157 2494 Vers.
2190 2441 2242 2494 8.
2275 2439 2415 2496 Haec
2439 2469 2508 2481 —
2537 2439 2772 2497 audiat.
2802 2438 2884 2497 De
2913 2439 3006 2496 his
3036 2435 3213 2496 etiam
3241 2439 3325 2496 ibi
3349 2438 3577 2497 dictum

213 2537 438 2610 εἴρηται.
1922 2533 2033 2586 est.

285 2621 595 2697 Ἐπηρώτων
617 2653 682 2664 --
705 2629 859 2676 Θεοῦ.
887 2621 1108 2694 Ὁμοίως
1134 2626 1217 2675 καὶ
1250 2627 1365 2694 περὶ
1389 2624 1600 2674 τούτων.

1992 2619 2151 2675 Vers.
2187 2621 2240 2674 9.
2270 2617 2720 2692 Interrogabant
2745 2649 2814 2660 —
2839 2617 3000 2676 Vers.
3034 2620 3119 2675 10.
3153 2611 3280 2676 Dei.
3306 2615 3582 2677 Similiter

1924 2712 1981 2764 et
2017 2706 2092 2764 de
2122 2707 2236 2763 bis.

285 2808 406 2864 Τοῖς
436 2797 494 2855 δε
523 2800 719 2862 λοιποῖς
748 2832 817 2841 —
846 2799 1185 2875 παραϐολαῖς.
1211 2801 1270 2853 Ὀ
1301 2797 1360 2854 δε
1386 2803 1596 2875 Μάρκος
1621 2801 1815 2878 ἔγραψε

1995 2796 2159 2854 Vers.
2200 2798 2288 2853 1ο.
2345 2796 2584 2855 Caeteris
2627 2803 2828 2855 autem
2884 2829 2953 2838 —
2991 2794 3314 2870 parabolis.
3349 2789 3583 2856 Marcus

219 2895 552 2965 σαφεστερον,
584 2890 763 2963 λέγων·
798 2890 1035 2953 Ἐκείνοις
1068 2887 1126 2943 δὲ
1158 2898 1264 2951 τοῖς
1295 2890 1388 2954 ἔξω
1423 2889 1470 2942 ἐν
1496 2891 1816 2966 παραϐολαῖς

1925 2902 2067 2942 vero
2093 2887 2326 2960 planius
2353 2888 2605 2960 scripsit,
2660 2887 2865 2943 dicens
2889 2907 2902 2947 :
2935 2887 3043 2943 His
3067 2895 3262 2944 autem
3291 2888 3409 2961 qui,
3433 2888 3586 2958 foris

216 2983 284 3031 τὰ
329 2983 499 3032 πάντα
526 2985 744 3050 γίνεται.
800 2985 900 3032 Καὶ
931 2981 1162 3040 ζήτησον
1211 2985 1304 3038 τὴν
1343 2983 1536 3032 τούτων
1568 2980 1818 3052 ἐξήγησιν

1926 2983 2088 3042 sunt,
2119 2978 2179 3032 in
2205 2976 2512 3045 parabolis
2541 2977 2740 3033 omnia
2762 2978 2919 3046 ﬁunt
2941 2978 3007 3013 ⁸¹ο
3040 2979 3102 3032 Et
3136 2977 3354 3034 horum
3386 2992 3587 3051 quaere

220 3068 268 3120 ἐν
301 3077 370 3139 τῷ
401 3068 558 3141 ἐνάτῳ
589 3069 847 3140 κεφαλαίῳ
879 3069 1058 3122 αὑτοῦ.

1928 3065 2360 3138 expositionem
2405 3081 2564 3122 nono
2613 3067 2739 3136 ejus
2771 3067 2981 3138 capite.

290 3156 400 3211 Ἵνα
449 3191 510 3198 -
579 3167 846 3211 συνιῶσιν.
903 3159 988 3209 Ἔν
1037 3166 1106 3227 τῷ
1163 3160 1377 3226 τοιούτῳ
1430 3157 1686 3228 κεφαλαίῳ
1731 3167 1820 3210 τού

2000 3155 2167 3209 Vers.
2202 3155 2287 3208 to.
2343 3155 2416 3210 Ut
2447 3186 2515 3195 -
2553 3155 2921 3225 intelligant.
2949 3155 3032 3210 Ibi
3055 3159 3110 3211 et
3139 3155 3262 3212 haec
3288 3143 3591 3212 declarata

225 3248 439 3321 Μάρκου
470 3252 560 3298 καὶ
590 3255 758 3298 ταῦτα
789 3242 1270 3318 διηρμηνεύθησαν.
1853 3274 1894 3330 C
1933 3248 2087 3298 sunt.

293 3336 447 3388 ’Ἐστι
478 3366 546 3376 —
581 3334 872 3408 παραϐολή.
917 3334 1080 3401 Αὕτη,
1124 3332 1236 3385 ἀντὶ
1279 3341 1390 3397 τοῦ,
1426 3337 1661 3399 τοιαύτη,
1692 3339 1826 3387 κατά

2007 3333 2161 3387 Vers.
2196 3335 2274 3388 tt.
2307 3333 2413 3386 Est
2433 3362 2495 3372 —
2523 3331 2830 3403 parabola.
2862 3331 3012 3396 Haec,
3037 3331 3098 3388 id
3124 3335 3229 3398 est,
3263 3331 3401 3388 talis
3424 3332 3594 3404 juxta

223 3430 318 3484 τὴν
343 3425 635 3498 ἑρμηνείαν.

1938 3420 2503 3492 interpretationem.
3386 3412 3390 3416 ’

297 3521 339 3566 Ο
405 3517 602 3586 σπόρος
664 3542 732 3551 —
770 3515 918 3564 Θεοῦ.
981 3510 1040 3564 Ὀ
1103 3519 1195 3574 τῆς
1239 3516 1505 3577 πίστεως,⁶
1543 3513 1568 3564 ό
1614 3511 1830 3583 εὐαγγε-

2009 3512 2170 3566 Vers.
2194 3510 2282 3564 11.
2303 3509 2512 3568 Semen
2548 3541 2612 3554 -—
2634 3509 2759 3567 Dei.
2783 3507 2993 3566 Sermo
3023 3507 3167 3566 ﬁdei
3193 3509 3594 3582 evangelicus.

224 3603 337 3655 λικό
349 3622 387 3663 ς.

301 3695 368 3744 Οἵ
417 3687 476 3743 δε
513 3721 582 3730 --
640 3691 898 3742 σωθῶσιν.
960 3691 1038 3744 Ἐν
1091 3699 1162 3761 τῷ
1216 3691 1427 3764 ῥηθέντι
1490 3693 1707 3763 εἰκοστῷ
1749 3711 1830 3744 τε·

2011 3690 2178 3746 Vers.
2212 3691 2299 3746 12.
2335 3689 2444 3755 Qui
2491 3705 2620 3748 vero
2650 3721 2718 3730 —
2755 3689 2908 3747 salvi
2926 3690 3102 3760 ﬁant.
3138 3688 3421 3747 Praedicta
3451 3681 3601 3747 vice-

228 3783 402 3852 τάρτῳ
468 3778 724 3852 κεφαλαίῳ
805 3784 964 3852 φησὶν
1032 3782 1057 3832 ὁ
1127 3783 1414 3842 Ματθαίος·
1480 3784 1557 3834 ὅτι
1635 3786 1832 3842 Παντὸς

1941 3781 2084 3836 simo
2114 3785 2326 3852 quarto
2353 3779 2536 3852 capite
2569 3780 2647 3835 ait
2678 3777 2979 3836 Mattheus
3013 3796 3024 3834 :
3061 3779 3204 3836 Cum
3235 3773 3415 3852 quivi:
3442 3779 3601 3835 audi-

233 3870 503 3930 ἀκούοντος
577 3873 663 3920 τὸν
712 3871 861 3941 λόγον
932 3878 1023 3930 τῆς
1081 3868 1376 3942 βασιλείας,
1430 3879 1518 3924 καὶ
1591 3878 1661 3943 μὴ
1714 3891 1832 3924 συν-

1942 3869 2028 3926 vit
2049 3869 2286 3926 verbum
2318 3870 2496 3942 regni,
2531 3885 2634 3926 nec
2660 3869 2944 3939 intelligit
2978 3885 2989 3924 :
3019 3870 3170 3926 venit
3194 3869 3294 3926 ille
3316 3870 3520 3935 malus,
3545 3876 3604 3926 et

234 3963 421 4023 τέντος,
487 3961 700 4032 ἔρχεται
753 3960 778 4011 ό
862 3963 1107 4032 πονηρός,
1182 3965 1270 4012 καὶ
1341 3959 1565 4032 ἁρπάζει
1626 3965 1684 4013 τό
1742 3959 1832 4014 ἐσ-

1944 3960 2099 4028 rapit
2115 3960 2266 4032 quod
2281 3963 2627 4016 seminatum
2658 3967 2736 4016 est
2755 3977 2813 4013 ιη
2839 3959 3016 4016 corde
3042 3959 3212 4031 ipsius
3235 3976 3252 4025 ;
3273 3951 3370 4016 hie
3388 3967 3490 4025 est,
3512 3959 3606 4032 qui

232 4051 486 4122 παρμένον
563 4047 611 4100 ἐν
685 4056 745 4120 τῇ
801 4045 1000 4122 καρδίᾳ
1075 4048 1255 4105 αὐτοῦ.
1345 4049 1508 4111 Οὗτός
1589 4049 1728 4103 ἐστιν
1809 4052 1833 4102 ό

1943 4051 2116 4118 furta
2160 4050 2311 4105 viam
2354 4050 2663 4106 seminatus
2705 4049 2819 4118 fuit
2878 4050 2947 4103 ⁴².
3000 4051 3063 4104 Et
3089 4053 3219 4119 lege
3263 4050 3605 4104 universam

232 4140 376 4212 παρὰ
433 4141 521 4196 τὴν
575 4134 698 4189 ὁδόν
759 4143 990 4211 σπαρείς.
1063 4143 1162 4190 Καὶ
1218 4137 1477 4210 ἀνάγνωθι
1547 4143 1638 4198 τὴν
1715 4137 1833 4194 ὅλην

1943 4138 2180 4194 illorum
2248 4139 2700 4210 expositionem,
2761 4137 2916 4194 unde
2965 4143 3021 4192 et
3068 4138 3386 4210 praesentia
3435 4125 3605 4192 facile

233 4230 428 4279 τούτων
465 4225 736 4298 ἐξήγησιν,
776 4225 860 4299 ἀφ’
901 4228 964 4288 ἧς
999 4223 1184 4302 ῥᾴδιον
1215 4236 1304 4281 και
1351 4231 1418 4282 τὰ
1457 4234 1690 4302 παρόντα
1721 4223 1754 4280 δ
1761 4247 1836 4279 ια-

801 4227 860 4299 ιφ⁹
901 4228 964 4288 ἧς
999 4223 1184 4302 ῥᾴδιον
1215 4236 1304 4281 και
1351 4231 1418 4282 τὰ
1457 4234 1690 4302 παρόντα
1721 4223 1836 4280 δια·
1945 4228 2050 4284 erit
2083 4244 2463 4298 cognoscere.

236 4337 447 4387 γνωναι.

309 4407 375 4456 Οἱ
405 4401 462 4457 δὲ
487 4403 572 4456 ἰπὶ
601 4413 696 4466 τῆς
725 4410 928 4479 πέτρας.
958 4407 1024 4458 Οἱ
1050 4401 1110 4458 δε
1146 4408 1282 4458 κατὰ
1305 4411 1396 4465 τὴν
1427 4411 1638 4479 πέτραν,
1685 4405 1834 4470 εἰσὶν,

2022 4404 2180 4460 Vers.
2215 4405 2296 4459 13.
2335 4404 2443 4473 Qui
2473 4419 2608 4461 vero
2634 4419 2808 4474 super
2829 4408 3076 4474 petram.
3113 4404 3222 4468 Qui
3248 4401 3326 4458 ad
3353 4404 3606 4475 petram,

241 4493 404 4557 οὗτοι,
435 4490 695 4557 δηλονότι,
729 4499 845 4567 περὶ
883 4496 950 4546 ὧν
978 4493 1098 4568 ἐρεῖ.

1949 4494 2009 4551 hi
2033 4499 2170 4549 sunt
2199 4493 2489 4557 videlicet,
2516 4493 2590 4549 de
2632 4491 2853 4565 quibus
2882 4491 3150 4547 dicturus
3183 4497 3289 4547 est.

311 4584 380 4636 Οἱ
430 4585 550 4636 ὅταν
581 4615 648 4624 -
680 4585 1011 4656 ἀφίστανται.
1061 4585 1146 4638 Ἐν
1194 4593 1266 4657 τῷ
1315 4587 1534 4658 τοιούτῳ
1581 4584 1839 4659 κεφαλαίῳ
1872 4631 1916 4686 D

2019 4583 2183 4638 Vers.
2221 4587 2304 4639 13.
2347 4581 2456 4648 Qui
2480 4598 2614 4639 cum
2640 4580 2937 4639 recedunt.
2970 4581 3192 4638 Eodem
3218 4581 3409 4653 capite
3440 4582 3615 4638 etiam

241 4679 330 4726 καὶ
355 4677 474 4748 περὶ
503 4681 601 4724 τῶν
630 4675 875 4726 τοιούτων
906 4677 1164 4751 εὑρήσεις.
1872 4671 1903 4686 ⁸

743 4675 875 4726 ύτων
906 4677 1164 4751 εὑρήσεις.
1872 4671 1915 4686 ν
1952 4672 2077 4728 haec
2120 4671 2401 4728 invenies.

311 4765 382 4816 Τὸ
411 4757 472 4815 δε
510 4792 577 4803 -
608 4761 758 4816 εἰσιν.
795 4764 944 4819 Ἀντὶ
985 4770 1098 4829 τοῦ,
1149 4763 1198 4816 ἓν
1240 4767 1440 4827 τούτοις
1490 4763 1622 4818 ἐστί.
1669 4769 1843 4827 Ποίοις

2027 4763 2187 4817 Vers.
2215 4761 2302 4817 14.
2338 4761 2503 4827 Quod
2527 4763 2720 4817 autem
2753 4791 2819 4800 —
2836 4767 2994 4816 sunt.
3023 4761 3143 4817 Hoc
3164 4753 3269 4832 est,
3295 4760 3356 4817 in
3382 4751 3477 4817 his
3503 4765 3613 4817 est.

245 4854 444 4914 τούτοις
467 4868 480 4918 ;
509 4849 789 4909 Ἄκουσον.

1955 4851 2242 4918 Qualibus
2273 4851 2364 4907 his
2421 4850 2449 4905 ‘I
2482 4849 2655 4906 Audi.

316 4943 382 4994 Οἱ
481 4971 552 4982 --
644 4943 1060 5017 τελεσφοροῦσιν.
1172 4941 1294 4997 ’Υπό
1401 4952 1659 5019 μεριμνῶν
1757 4949 1846 4996 καὶ

2027 4941 2193 4998 Vers.
2211 4941 2296 4995 14.
2315 4939 2419 5006 Qui
2438 4971 2494 4981 —-
2507 4933 3190 5010 referuntfructum.Sub
3205 4939 3617 4996 sollicitudini-

247 5030 469 5084 πλούτου
561 5036 650 5084 καὶ
721 5029 942 5097 ἡδονῶν,
1033 5029 1146 5085 ἀντὶ
1215 5029 1353 5103 τοῦ,
1407 5037 1538 5106 μετὰ
1591 5041 1846 5108 μεριμνῶν

1958 5031 2070 5086 bus
2084 5029 2364 5086 etdivitiis
2381 5046 2450 5085 ac
2475 5028 2902 5100 voluptatibus:
2921 5030 3031 5084 hoc
3046 5036 3279 5085 estcum
3297 5029 3617 5086 sollicitudi

247 5125 336 5172 καὶ
435 5120 661 5173 πλούτου
751 5126 841 5174 καὶ
924 5118 1126 5180 ἡδονῶν
1212 5128 1566 5198 πορευόμενοι,
1659 5124 1846 5190 εἰτουν,

1960 5119 2137 5176 nibus
2153 5125 2208 5176 et
2235 5118 2453 5175 divitiis
2470 5135 2540 5175 ac
2567 5117 2975 5196 voluptatibus
2992 5123 3197 5174 euntes
3234 5118 3360 5176 sive
3378 5134 3622 5176 conver-

249 5208 650 5283 πολιτευόμενοι.
708 5209 792 5264 Ἐν
870 5210 1045 5285 ἐκείνῳ
1119 5207 1198 5284 δε,
1297 5217 1388 5266 καὶ
1468 5217 1586 5288 περὶ
1655 5214 1849 5265 τούτων

1569 5217 1586 5265 ἱ
1655 5214 1849 5265 τούτων
1961 5213 2177 5266 santes.
2218 5207 2286 5265 1n
2318 5224 2388 5265 eo
2426 5208 2608 5266 etiam
2637 5207 2713 5265 de
2742 5207 2835 5264 his
2873 5207 3100 5265 dictum
3122 5213 3229 5266 est.

253 5297 469 5374 ίρῥῄθη.

323 5478 367 5515 ⁴¹
411 5479 690 5548 Marc.1v,
739 5479 831 5538 11.
907 5481 954 5517 ⁸³
993 5479 1208 5538 Matth.
1240 5495 1366 5550 xm,
1399 5479 1486 5538 19.

1459 5632 1682 5702 Variae
1721 5631 2051 5702 lectiones
2093 5641 2160 5700 et
2206 5638 2410 5700 notae.

333 5827 448 5903 (42)
482 5825 722 5904 Ἡρώδου
756 5829 950 5887 abest.
983 5833 1049 5885 Α.

547 5927 785 5985 Parma.
823 5926 932 5985 Gn.
974 5927 1220 5986 CXXIX.

3285 5927 3355 5985 30
