4210 6472
636 413 739 471 939

635 630 692 683 et
705 624 994 769 V223}!
1026 710 1497 768 Nemo—lumen.
1521 711 1652 766 Haec
1669 709 1870 766 debito
1902 709 2080 766 modo
2099 708 2292 764 decla-

633 807 766 860 rata
793 807 934 858 sunt
970 799 1182 874 quinto
1212 800 1406 873 capite
1452 799 1754 870 Evangelii
1785 799 2114 855 secundum
2148 798 2290 854 Mat-

632 891 872 958 thaum,
897 890 1149 963 ubipost
1171 889 1568 946 beatitudines
1593 889 1831 961 ponitur
1855 907 1867 944 :
1901 888 2007 944 Vos
2029 889 2158 945 estis
2183 888 2293 944 lux

632 981 835 1037 mundi
855 980 923 1032 ".
945 979 1036 1036 Ad
1065 978 1365 1052 apostolos
1381 978 1541 1034 enim
1562 978 1724 1034 dicta
1753 985 1907 1044 sunt,
1936 993 2288 1050 quanquam

635 1070 714 1128 ad
744 1087 956 1127 omnes
989 1068 1338 1126 communia
1389 1067 1718 1123 videantur.

706 1158 873 1216 Vers.
894 1160 980 1214 1⁸7.
999 1159 1133 1216 Non
1151 1159 1301 1215 enim
1321 1189 1388 1197 —
1405 1164 1735 1214 venturum.
1759 1156 1998 1213 Decimo
2021 1172 2182 1212 nono
2198 1172 2293 1213 ca-

632 1249 754 1322 pite
779 1248 922 1304 dicit
949 1247 1254 1305 Mattheus
1286 1245 1496 1302 :Nihil
1509 1245 1726 1304 tectum
1756 1252 1858 1312 est,
1887 1247 2028 1316 quin
2049 1246 2122 1300 sit
2145 1246 2291 1301 dete-

633 1337 882 1410 gendum
907 1353 920 1392 :
945 1342 999 1393 et
1028 1336 1186 1392 nihil
1217 1337 1513 1392 occultum
1545 1341 1648 1398 est,
1673 1336 1808 1406 quin
1831 1324 2209 1406 futurumsit.
2229 1341 2292 1388 ut

631 1426 865 1482 sciatur
888 1426 956 1480 “.
1000 1427 1063 1481 Et
1092 1423 1219 1495 lege
1251 1440 1459 1480 eorum
1500 1424 1961 1480 enarrationem.
1995 1422 2294 1478 Versimile

632 1520 718 1571 est
739 1519 960 1582 autem,
997 1513 1161 1586 quod
1189 1514 1364 1569 variis
1393 1512 1758 1585 temporibus
1792 1513 2052 1569 Christus
2078 1511 2295 1568 similia

632 1602 844 1660 dixerit
886 1620 901 1671 ;
951 1602 1087 1659 ideo
1117 1602 1296 1660 etiam
1338 1601 1588 1658 diversis
1638 1600 2090 1672 Evangeliorum
2147 1599 2292 1657 locis

717 1693 829 1749 sita
854 1696 1008 1748 sunt.

632 1707 829 1766 posita
854 1707 1008 1748 sunt.

704 1781 956 1848 Quidam
970 1784 1170 1838 autem
1187 1779 1412 1847 dicunt,
1435 1795 1772 1836 sermonem
1787 1779 1951 1836 hunc
1967 1779 2042 1836 de
2059 1779 2294 1837 occulta

1950 403 2302 465 EUTHYMII
2341 404 2674 466 ZIGABENI

707 536 878 593 Vers.
909 535 997 591 15.
1031 533 1193 602 Quod
1224 549 1359 592 vero
1387 563 1455 576 —
1481 548 1588 604 per
1613 535 1986 604 patientiam.
2018 532 2292 590 Similiter
2322 531 2368 585 A
2471 538 2540 586 Τὸ

3909 406 4026 465 940

2617 532 2675 588 δε
2764 567 2828 574 -
2910 534 2958 587 iv
3051 535 3313 607 ὑπομονῇ.
3418 530 3638 604 ὀμοίως
3721 537 3811 584 καὶ
3893 539 4022 605 περὶ

2402 627 2615 677 τούτων.

2473 710 2666 775 Οὐδεὶς
2705 746 2770 753 -
2811 724 2933 786 φῶς.
2976 719 3153 766 Ταῦτα
3182 715 3313 772 κατὰ
3339 715 3396 764 τὸ
3441 711 3572 772 εἰκός
3601 711 4018 783 ήρμηνεύθησαν

2401 802 2448 854 ἐν
2482 812 2551 872 τῷ
2578 808 2788 874 πέμπτῳ
2829 803 3085 874 κεφαλαίῳ
3121 809 3210 852 τοῦ
3242 804 3377 852 κατὰ
3404 801 3691 863 Ματθαίον,
3725 803 3855 870 μετα
3897 803 4018 860 τοὺς

2401 897 2788 964 μακαρισμούς,
2821 893 2942 944 ἔνθα
2975 899 3139 943 κεῖται
3187 896 3264 942 τό·
3307 890 3470 961 Ὑμεῖς
3519 888 3630 940 ἐστε
3662 891 3718 940 τό
3768 897 3872 959 φῶς
3926 899 4014 940 τοῦ

2402 986 2627 1052 κόσμου.
2670 985 2809 1052 Πρός
2835 985 2956 1042 τοὺς
2989 979 3314 1041 ἀποστόλους
3352 983 3452 1050 γὰρ
3483 977 3801 1051 ἐρρήθησαν,
3843 977 3896 1030 εἰ
3927 985 4014 1030 καὶ

2400 1073 2547 1121 κοινὰ
2579 1067 2797 1122 δοκοῦσι
2823 1073 2952 1141 πρὸς
2980 1072 3196 1130 πάντας.

2474 1160 2548 1210 Οὐ
2629 1163 2727 1232 γὰρ
2808 1191 2874 1202 —-
2931 1158 3074 1230 ἥϐη.
3128 1159 3206 1211 Ἐν
3270 1165 3341 1228 τῷ
3412 1152 3846 1226 ἐννεακαιδεκάτῳ
3938 1177 4004 1208 κε·

2404 1247 2602 1319 φαλαίῳ
2655 1255 2784 1320 φησὶ
2847 1250 3133 1309 Ματθαῑος’
3201 1249 3281 1300 ὅτι
3333 1243 3502 1299 Οὐδέν
3577 1245 3688 1298 ἔστι
3750 1245 4005 1318 κεκαλυμ-

2403 1343 2570 1408 μένον,
2640 1339 2665 1389 ὁ
2741 1338 2834 1390 ουκ
2914 1337 3428 1408 ἀποκαλυφθήσεται,
3505 1340 3595 1386 καὶ
3663 1338 3923 1406 κρυπτὸν,
3986 1335 4008 1385 ὁ

2404 1427 2460 1478 οὗ
2509 1429 2895 1498 γνωσθήσεται.
2944 1432 3041 1479 Καὶ
3079 1425 3337 1496 ἀνάγνωθι
3385 1429 3478 1482 τήν
3523 1424 3774 1494 ἐξήγησιν
3818 1423 4004 1475 αὐτῶν.

2404 1517 2556 1578 Εἰκὸς
2610 1513 2689 1581 δε,
2742 1520 2876 1570 κατὰ
2939 1513 3220 1588 διαφόρους
3258 1519 3471 1589 καιροὺς
3531 1515 3594 1564 τα
3643 1520 3866 1564 τοιαῦτα
3927 1517 4005 1562 τόν

2404 1610 2634 1680 Χριστόν
2661 1607 2838 1661 εἰπεῖν.
2867 1611 2954 1659 Διό
2985 1610 3072 1657 καὶ
3109 1605 3156 1656 iv
3187 1601 3462 1677 διαφόροις
3501 1607 3677 1662 τόποις
3719 1608 3817 1653 τῶν
3848 1600 4004 1671 εὐαγ-

2401 1695 2580 1766 γελίων
2613 1694 2882 1753 ἐτέθησαν.

2471 1789 2614 1846 Τινες
2641 1780 2701 1836 δέ
2718 1804 2865 1856 φασι,
2886 1789 2970 1836 τόν
2993 1783 3142 1855 λόγον
3159 1790 3340 1834 τοῦτον
3368 1777 3496 1834 εἶναι
3512 1785 3629 1852 περὶ
3651 1787 3742 1840 τῆς
3773 1787 4004 1853 κρυπτῆς

632 1869 750 1928 dici
777 1871 1010 1936 virtute,
1035 1886 1162 1942 quae
1183 1870 1432 1926 omnino
1451 1869 1886 1926 manifestanda
1911 1875 1998 1926 est
2023 1874 2284 1941 tempore

2404 1873 2604 1947 ἀρετῆς,
2673 1876 2754 1926 ὅτι
2813 1881 3120 1946 φανεροῦται
3166 1873 3366 1931 πάντως
3432 1869 3480 1922 iv
3545 1877 3618 1938 τῷ
3689 1877 3856 1940 καιρῷ
3911 1875 4000 1928 τῆς

631 1959 1036 2016 retributionis
1070 1977 1082 2014 :
1118 1973 1473 2032 quanquam
1508 1960 1626 2031 (qq)
1653 1960 1713 2015 in
1752 1958 2026 2032 praesenti
2046 1975 2291 2032 quoque

631 2049 750 2105 vita
777 2048 1138 2121 frequentius
1162 2048 1277 2104 hoc
1308 2048 1429 2104 ﬁat.

703 2138 865 2194 Vers.
895 2139 982 2192 18.
1025 2137 1221 2194 Videte
1241 2169 1308 2178 —-
1330 2137 1606 2193 audiatis.
1642 2137 1956 2201 Attendite,
1986 2137 2290 2210 quomodo

627 2227 740 2292 his,
770 2243 945 2300 quam
973 2243 1069 2283 me
1095 2227 1391 2292 dicuntur,
1425 2227 1696 2282 animum
1731 2228 2049 2283 advertatis
2079 2243 2092 2282 :
2117 2244 2292 2299 opor-

628 2322 710 2374 tet
739 2317 898 2372 enim
928 2315 1241 2387 diligenter
1264 2320 1324 2371 et
1350 2332 1488 2371 cum
1517 2316 1714 2370 studio
1734 2314 1859 2370 haec
1895 2316 2116 2381 audire,
2150 2334 2287 2373 cum

627 2405 948 2476 allegorica
977 2406 1093 2462 sint
1116 2422 1185 2462 ac
1210 2404 1502 2476 sublimia,
1561 2409 1754 2460 etnon
1775 2409 1989 2461 temere
2015 2413 2118 2462 aut
2145 2423 2287 2462 casu

627 2495 808 2554 dicta.

699 2588 838 2642 Vers
854 2629 867 2643 .
894 2588 981 2642 18.
1007 2585 1265 2656 Quisquis
1287 2584 1485 2640 —itli.
1507 2583 1853 2655 Quicunque
1876 2584 2150 2641 habuerit
2168 2591 2281 2642 stu-

625 2671 793 2730 dium
808 2690 877 2730 ac
889 2673 1280 2744 diligentiam,
1297 2672 1625 2729 dabiturilli
1640 2673 1853 2728 horum
1874 2674 2156 2743 cognitio.

697 2763 859 2818 Vers.
909 2763 996 2817 18.
1042 2763 1302 2833 Quisquis
1349 2791 1410 2803 -
1452 2776 1535 2818 eo.
1590 2764 1755 2816 Nono
1801 2763 1994 2834 capite
2039 2763 2181 2819 dicit
2229 2772 2284 2821 et

624 2851 857 2907 Marcus
883 2870 895 2909 :
923 2851 1259 2922 Quicunque
1274 2851 1566 2914 habuerit,
1589 2850 1840 2908 dabitur
1869 2852 1938 2916 ei,
1967 2859 2019 2908 et
2042 2854 2142 2924 qui
2162 2871 2280 2911 non

626 2939 820 3009 habet,
849 2942 1021 2996 etiam
1049 2940 1198 3012 quod
1229 2940 1399 2996 habet
1421 2941 1720 3009 auferetur
1744 2941 1818 2997 ab
1844 2956 1907 2997 eo
1937 2943 1981 2975 ‘5
2005 2959 2018 3008 ;
2045 2942 2277 2999 illorum

624 3044 767 3098 ergo
804 3029 930 3100 lege
957 3028 1528 3100 interpretationem.

693 3119 854 3174 Vers.
880 3119 969 3176 19.
1037 3118 1321 3175 Venerunt
1361 3149 1431 3160 —
1489 3119 1741 3174 turbam.
1794 3119 2028 3176 Dictum
2083 3127 2169 3177 est
2202 3122 2276 3178 de

2403 1963 2818 2025 ἀνταποὸοσεως·
2874 1962 3117 2025 πολλάκις
3141 1959 3198 2014 δε
3219 1966 3308 2013 καὶ
3338 1963 3472 2012 κατὰ
3491 1964 3584 2017 τήν
3617 1959 3837 2010 ἐνταῦθα
3865 1959 4000 2018 ζωὴν

2400 2062 2491 2106 τοῦ
2523 2057 2718 2111 ταύτην
2750 2052 3120 2127 ἐργαζομένου,

2474 2143 2681 2195 Βλέπετε
2739 2173 2802 2183 -
2853 2140 3081 2192 ἀκούετε.

2401 2237 2464 2284 τὰ
2479 2233 2723 2304 λεγόμενα
2745 2232 2865 2304 παρ’
2888 2229 3032 2302 ἐμοῦ.
3059 2234 3171 2304 Χρὴ
3195 2233 3295 2303 γὰρ
3317 2224 3620 2289 σπουδαίως
3643 2232 3730 2278 καὶ
3749 2225 3989 2296 ἐπιμελῶς

2400 2323 2566 2374 αὐτῶν
2603 2321 2911 2393 ἀκροᾶσθαι,
2956 2319 3281 2392 πμϐολικὼν
3329 2322 3483 2369 ὄντων
3529 2323 3616 2368 καὶ
3659 2315 3864 2386 ὑψηλῶν
3904 2317 3987 2365 καὶ

3171 2143 3484 2209 Προσέχετε,
3544 2145 3649 2198 πῶς
3698 2135 3994 2195 ἐνωτίζεσθε

2399 2413 2523 2483 οὐχ,
2551 2415 2618 2472 ὡς
2641 2413 2818 2481 ἔτυχε,
2850 2409 3150 2480 λεγομένων.

2466 2590 2556 2650 Ὃς
2589 2621 2650 2629 -
2685 2589 2846 2658 αὐτῷ.
2865 2593 2954 2647 Ὃς
2972 2586 3030 2638 ἂν
3048 2587 3162 2658 (43)
3195 2589 3294 2658 ἔχη
3321 2581 3558 2641 σπουδήν
3572 2587 3654 2634 καὶ
3670 2579 3976 2651 ἐπιμέλειαν,

2397 2677 2684 2737 δοθήσεται
2715 2679 2852 2747 αὐτῷ
2882 2686 3072 2748 γνῶσις
3103 2679 3317 2730 τούτων.

2469 2774 2567 2822 Καὶ
2608 2769 2662 2828 ὃς
2706 2799 2772 2806 —
2805 2766 2987 2819 αὑτοῦ.
3031 2767 3108 2818 Ἐν
3149 2774 3220 2834 τῲ
3273 2763 3430 2833 ἐνάτῳ
3462 2760 3712 2832 κεφαλαίῳ
3763 2762 3920 2829 φησὶν
3960 2760 3987 2808 ό

2393 2859 2502 2928 (ii)
2534 2861 2763 2930 Ma'pxog'
2800 2858 2875 2908 ὅτι
2906 2856 3001 2916 ’ος
3030 2855 3090 2906 ἂν
3122 2858 3245 2926 ἔχη,
3277 2849 3562 2910 δοθήσεται
3602 2849 3759 2919 αὐτῷ,
3804 2851 3892 2898 καὶ
3935 2846 3989 2909 ὃς

2389 2947 2482 2997 οὐκ
2533 2948 2664 3016 ἔχει,
2735 2951 2823 2996 καὶ
2882 2945 2906 2996 ὁ
2973 2948 3106 3013 ἕλει,
3159 2942 3444 3016 ἀρθήσεται
3494 2939 3582 2991 ἀπ’
3656 2938 3834 2990 αὐτου.
3892 2942 3990 2989 Καὶ

2389 3035 2647 3105 ἀνάγνωθι
2677 3040 2770 3091 τήν
2793 3033 3041 3104 ἐξήγησιν
3072 3032 3257 3085 αὐτῶν.

621 3207 780 3263 hisin
798 3207 915 3264 ﬁne
932 3208 1188 3264 vicesimi
1207 3207 1354 3264 tertii
1373 3207 1586 3280 capitis
1620 3208 1918 3281 Evangelii
1941 3211 2272 3267 secundum

2398 3215 2562 3276 τέλους
2593 3221 2683 3265 τοῦ
2731 3213 2969 3264 εἰκοστοῦ
3010 3216 3186 3286 τρίτον
3239 3210 3515 3282 κεφαλαίου
3543 3216 3633 3260 τοὺ
3685 3207 3821 3257 κατὰ
3857 3211 3983 3257 Ματ-

619 3296 982 3363 Matthaaum,

691 3385 857 3445 Vers.
889 3386 976 3444 20.
1008 3387 1084 3444 Et
1108 3389 1442 3445 nuntiatum
1471 3393 1550 3444 est
1569 3418 1636 3428 —
1659 3387 1928 3446 volentes.
1952 3390 1994 3459 ιι-
2013 3389 2049 3456 τ
2074 3390 2278 3448 Dicen-

619 3476 804 3545 tibus,
830 3477 1112 3534 nimirum
1157 3477 1670 3534 annuntiantibus.

700 3567 860 3623 Vers.
893 3566 982 3622 21.
1013 3569 1092 3622 At
1145 3567 1249 3623 ille
1301 3599 1369 3608 —
1417 3567 1672 3636 faciunt.
1734 3566 1819 3623 lbi
1858 3567 2036 3625 etiam
2083 3569 2157 3626 de
2186 3569 2279 3625 his

615 3655 900 3712 omnibus
941 3661 1146 3711 exacte
1186 3655 1598 3712 disseruimus.

616 3742 767 3798 CAP.
821 3743 1010 3800 XXIII.
1057 3745 1144 3800 De
1171 3743 1560 3814 increpatione
1605 3744 1764 3800 venti
1812 3759 1884 3800 ac
1925 3746 2279 3815 tempestatis

1348 3848 1523 3886 mam

689 3921 831 3977 Vers
860 3924 950 3975 22.
991 3921 1070 3976 Et
1101 3919 1306 3978 accidit
1337 3952 1405 3960 —
1436 3919 1600 3975 Vers.
1642 3922 1732 3977 23.
1756 3922 2273 3990 periclitabantur.

613 4008 839 4066 Horum
853 4009 1398 4082 interpretationem
1413 4025 1610 4082 qurere
1623 4009 1681 4064 in
1698 4012 2072 4068 enarratione
2096 4016 2277 4072 unde-

613 4099 749 4157 cimi
769 4099 978 4172 capitis
997 4099 1298 4170 Evangelii
1321 4098 1652 4154 secundum
1683 4099 2044 4158 Matthteum.
2068 4103 2274 4176 Imple-

613 4189 829 4247 bantur
849 4193 1070 4255 autem,
1097 4193 1241 4260 puta
1269 4203 1450 4261 aqua.

683 4278 847 4334 Vers.
876 4281 963 4333 24.
987 4277 1330 4335 Accedentes
1364 4309 1418 4319 —
1447 4277 1948 4349 periclitabantur.
1979 4283 2269 4340 Omniain

610 4383 682 4425 eo
711 4366 898 4440 capite
937 4366 1358 4424 convenienter
1406 4367 1724 4424 manifesta
1756 4375 1911 4424 sunt.

680 4455 844 4513 Vers.
875 4460 963 4512 25.
998 4456 1165 4513 Dixit
1191 4485 1262 4497 -
1293 4463 1483 4513 vestra
1511 4456 1539 4511 ?
1565 4457 1701 4522 Quae
1727 4458 1795 4513 de
1826 4458 1940 4513 hoc
1967 4466 2071 4528 est,
2105 4461 2269 4533 quod

2461 3129 2802 3198 [Ιαρεγένοντο
2859 3155 2924 3164 —-
2990 3123 3167 3194 ὄχλον.
3221 3124 3439 3194 Εἶρηται
3476 3123 3596 3190 περὶ
3655 3120 3850 3168 τούτων
3909 3114 3985 3166 ἐπι

2390 3306 2552 3358 θαίον.

2461 3397 2560 3445 Καὶ
2602 3389 2867 3462 ἀπηγγέλη
2919 3421 2986 3430 —
3037 3389 3277 3449 θέλοντες.
3328 3392 3615 3458 Λεγόντων,
3659 3393 3760 3437 τῶν
3817 3382 3974 3453 ἁπαιτ-

2387 3482 2663 3554 γελλόντων
2693 3483 2806 3552 (45)
2817 3523 2829 3535 .

2458 3571 2517 3623 '0
2560 3567 2618 3623 δε
2668 3602 2730 3610 -
2771 3575 3053 3631 ποιοῦντες.
3126 3569 3261 3622 Ἐκεῖ
3307 3570 3427 3638 περὶ
3504 3566 3711 3617 πάντων
3765 3559 3989 3636 ἀκριϐῶς

2391 3658 2423 3714 δ
2431 3659 2711 3731 ιελάϐομεν.

2496 3756 2638 3804 ΚΕΦ.
2681 3747 2796 3802 Kl".
2835 3751 2958 3821 Περὶ
2989 3754 3081 3808 τῆς
3107 3744 3499 3818 ἕπιπτιμήσεως
3530 3751 3630 3796 τῶν
3655 3738 3882 3795 ὑδάτων.

2463 3934 2562 3982 Καὶ
2641 3927 2830 3999 ἐγένετο
2922 3957 2989 3966 -
3069 3921 3407 3977 ἐκινδύνευον.
3534 3927 3633 3980 Τήν
3719 3921 3994 3995 ἑρμηνείαν

2385 4021 2578 4072 τούτων
2611 4018 2842 4078 ζήτησον
2886 4014 2934 4067 iv
2967 4023 3026 4087 τῇ
3080 4014 3324 4086 ἐξηγήσει
3368 4021 3458 4065 τοῦ
3511 4009 3786 4064 ἑνδεκάτου
3834 4028 3999 4081 κεφα-

2384 4107 2530 4158 λαίου
2580 4114 2670 4158 τοῦ
2720 4108 2854 4157 κατὰ
2902 4106 3189 4158 Ματθαίον.
3230 4102 3640 4174 Συνεπληροῡντο
3673 4096 3752 4166 δε,
3793 4095 3999 4158 ὕδατος

2385 4193 2648 4254 δηλονότι.

2455 4284 2826 4359 Προσελθὲντες
2851 4316 2914 4324 —-
2939 4283 3156 4355 γαλήνη.
3181 4284 3353 4335 Πάντα
3369 4283 3416 4332 iv
3432 4282 3600 4347 ἐκείνῳ
3627 4284 3698 4343 τῷ
3718 4274 4000 4349 κεφαλαίῳ

2381 4380 2748 4449 προσηκόντως
2779 4375 3228 4446 ἓσαφηνὶσθησαν.

2452 4460 2573 4516 Εἶπε
2615 4493 2678 4502 —-
2719 4465 2859 4534 ὑμῶν
2885 4479 2898 4528 ;
2929 4461 2987 4514 'tl
3042 4466 3160 4535 περὶ
3206 4467 3314 4525 τοῦ,
3373 4460 3451 4511 ὃτι
3493 4459 3660 4528 Σωτήρ
3724 4452 3829 4525 εἰμι
3882 4462 4000 4506 τῶν

609 4561 844 4603 servem
892 4563 926 4601 a
962 4545 1263 4618 periculis,
1293 4545 1580 4618 quodque
1628 4547 1816 4618 perire
1870 4563 1993 4605 non
2023 4549 2268 4621 possint,

2398 4549 2800 4617 ιινδυνευόντων,
2858 4556 2946 4604 καὶ
2997 4553 3077 4603 ὅτι
3134 4547 3391 4602 ἀδύνατον
3468 4542 3804 4600 κινδυνεῦσαι
3861 4548 4001 4609 τοὺς

608 4635 711 4708 qui
741 4635 1116 4692 Salvatorem
1163 4650 1366 4690 secum
1386 4633 1627 4690 habent.

683 4724 857 4782 Vers.
914 4725 1002 4778 25.
1044 4723 1256 4780 Territi
1297 4725 1371 4780 ei.
1429 4723 1614 4779 Etiam
1655 4724 1730 4780 de
1757 4724 1851 4780 his
1889 4727 2158 4784 similiter
2187 4727 2270 4784 ibi

607 4811 981 4886 disputatum
1025 4819 1132 4869 est.

858 4902 1016 4960 CAP.
1067 4903 1258 4958 XXIV.
1293 4904 1378 4960 De
1427 4903 1644 4975 legione
1673 4904 2019 4961 daemonum.

681 4989 842 5047 Vers.
873 4994 959 5046 26.
992 4991 1064 5046 Et
1095 4993 1523 5064 navigaverunt
1555 5024 1619 5033 —
1651 4991 1814 5048 Vers.
1865 4995 1953 5050 28.
1985 5001 2265 5068 torqueas.

680 5171 724 5207 "
753 5169 952 5228 Matth.
985 5186 1040 5242 ν,
1082 5171 1164 5227 14.
1244 5171 1289 5207 ⁸⁸
1320 5170 1521 5227 Matth.
1556 5187 1614 5238 x,
1649 5175 1738 5229 26.
1815 5173 1864 5210 ⁴⁸
1895 5176 2069 5231 Marc.
2104 5191 2183 5243 iv,
2215 5179 2304 5232 25.

2381 4646 2598 4714 ἔχοντας
2621 4646 2705 4693 τόν
2737 4648 2953 4712 Σωτῆρα
2982 4640 3029 4692 iv
3061 4639 3282 4698 ἑαυτοῖς.

2451 4729 2756 4791 Φοϐηθέντες
2796 4761 2862 4770 -
2898 4729 3085 4800 αὑτῷς.
3123 4731 3222 4780 Καὶ
3259 4731 3377 4798 περὶ
3420 4744 3616 4777 τουτων
3658 4725 3843 4796 ὁμοίως
3881 4720 4000 4776 ἐκεῖ

2383 4817 2416 4873 δ
2421 4819 2708 4878 ιεὶληπται.

2579 4915 2726 4966 ΚΕΦ.
2756 4907 2874 4962 KA'.
2918 4910 3044 4981 Περὶ
3076 4913 3165 4960 τοῦ
3196 4923 3406 4978 εχοντος
3432 4906 3516 4956 τὸν
3541 4902 3782 4974 λεγεῶνα.

2455 5003 2552 5052 Καὶ
2607 4997 2959 5051 κατέπλευσαν
3024 5027 3093 5036 -
3159 4993 3486 5068 βασανίσῃς.
3572 4992 3653 5046 Ἐν
3727 4999 3786 5064 τῇ
3863 4989 3998 5055 ἐξη-

1847 5344 2067 5414 Varite
2093 5345 2417 5415 lectiones
2449 5355 2515 5416 et
2541 5357 2747 5416 notae.

672 5514 790 5661 £43;
823 5520 893 5575 Ος
930 5513 1016 5567 ἐάν
1047 5513 1168 5597 ἔχη,
1221 5516 1276 5568 Β.

700 5589 769 5644 44
831 5590 966 5645 Φησὶ
987 5589 1078 5638 καὶ
1107 5603 1152 5651 ο,
1179 5589 1242 5644 Β,

700 5589 790 5651 44)
831 5590 966 5645 Φησὶ
987 5589 1078 5638 καὶ
1107 5589 1152 5651 ὁ,
1179 5589 1242 5644 Β,

2455 5517 2571 5590 (45)
2597 5517 2698 5572 His
2725 5515 2913 5590 tribus
2942 5513 3253 5590 vocabulis
3283 5511 3804 5590 caretHentenius.
3839 5511 4003 5588 Ergo

2383 5584 2726 5646 contextum
2754 5587 3125 5660 conjunctim
3161 5584 3425 5643 exhibet.

675 5763 796 5839 (qq)
830 5764 1196 5836 Quanquam,
1241 5768 1353 5821 etc.
1398 5763 1569 5836 Saepe
1607 5779 1749 5821 vero
1787 5764 1968 5822 etiam
2001 5765 2064 5823 in
2101 5765 2224 5824 vita
2253 5767 2382 5840 ejus
2417 5767 2555 5835 hac,
2586 5767 2690 5841 qui
2717 5782 2853 5825 eam
2878 5765 3035 5824 fecit.
