4210 6478
197 395 292 452 941

1293 387 1662 449 COMMENT.
1703 386 1774 441 IN
1810 382 2069 444 LUCAM.
2113 421 2179 430 —-
2219 388 2375 448 CAP.
2408 390 2553 448 VIII.

3466 400 3572 457 942

199 543 354 595 γησει
406 531 498 575 τοῦ
554 518 857 574 δωδεκάτου
907 519 1184 592 κεφαλαίου
1222 527 1313 571 τοῦ
1366 519 1502 569 κατὰ
1538 515 1802 568 Ματθαίον

1963 526 1978 566 ι
2007 517 2378 572 enarratione
2417 518 2749 575 duodecimi
2776 519 2948 590 juxta
2975 519 3316 577 Matthaeum
3368 523 3574 595 capitis

205 617 407 688 εἴρηται
460 616 577 684 περὶ
620 613 805 662 τούτου
873 614 1063 681 σαφῶς.
1105 613 1173 661 Τὸ
1211 609 1407 668 πλῆθος
1463 603 1521 658 δε
1552 613 1650 656 τῶν
1682 608 1804 654 ένοι-

205 706 430 754 κούντων
476 697 781 772 δαιμονίων,
817 701 881 760 ὡς
911 700 982 763 ἐν,
1018 695 1112 750 διὰ
1157 704 1251 756 την
1297 699 1585 760 κοινωνίαν,
1614 689 1802 755 ἐδέετο,

207 797 473 863 χρώμενον
513 798 584 860 τῷ
613 794 837 860 στόματι
857 796 947 840 τοῦ
988 787 1281 862 ἀνθρώπου.

285 879 607 954 ΙΙαρήιγγειλε
661 909 729 918 --
801 876 1095 950 ἀνθρώπου.
1151 876 1235 936 Ὠς
1291 875 1362 927 ἑνὶ
1418 879 1528 934 τοῖς
1607 870 1809 929 πολλοῖς

213 969 449 1022 ἐπέταττε
505 966 749 1040 δαίμοσι,
797 965 890 1020 διὰ
937 972 1031 1025 τὴν
1096 966 1363 1018 ἀσθένειαν
1434 962 1622 1024 αὐτῶν,
1659 961 1687 1018 ἣ
1720 964 1810 1011 καὶ

213 1055 308 1110 διὰ
339 1063 394 1110 τὸ
434 1061 631 1119 πάντας
667 1059 798 1130 ὁμοῦ
838 1056 1059 1128 λεγεῶνα
1109 1054 1405 1117 καλεῖσθαι,
1438 1053 1467 1110 ἡ
1497 1056 1583 1104 καὶ
1616 1047 1710 1103 διὰ
1751 1052 1809 1100 τὸ

212 1149 300 1200 ἕνα
328 1150 444 1199 τινὰ
469 1146 708 1222 ἐξάρχειν
746 1155 844 1198 τῶν
897 1146 1080 1209 ἄλλων,
1137 1144 1192 1205 ὃς
1248 1149 1337 1195 καὶ
1395 1140 1586 1210 ἐδέετο,
1643 1139 1811 1209 καὶ

214 1239 240 1289 6
304 1240 538 1311 Χριστὸς
621 1235 911 1302 ἐπέταττεν,
1004 1236 1074 1295 ὡς
1141 1243 1237 1285 τῶν
1319 1231 1481 1284 ἄλλων
1557 1230 1810 1302 ἑπομένων

215 1325 382 1397 ἐκείνῳ
391 1367 403 1379 .

289 1415 502 1476 Πολλοῖς
531 1447 594 1456 -
626 1415 876 1489 ἐρήμους.
909 1411 1032 1466 Ὑπό
1063 1420 1152 1464 τοῦ
1186 1407 1430 1483 δαίμονος
1455 1417 1546 1462 τοῦ
1583 1407 1810 1481 ἐξάρχου

212 1513 314 1556 τῶν
345 1510 437 1557 σὺν
469 1506 629 1575 αὐτῷ.

286 1595 616 1669 Ἐπερωτησε
642 1625 708 1633 -
741 1591 995 1644 ἀπελθεῖν.
1033 1598 1210 1644 Ταῦτα
1268 1595 1356 1641 καὶ
1411 1589 1436 1640 6
1468 1589 1675 1659 Μάρκος
1707 1584 1813 1637 ἀνέ-

211 1683 386 1756 γραψε
405 1688 493 1735 καὶ
523 1686 749 1745 ζήτησον
772 1686 865 1739 τὴν
895 1683 1088 1732 τούτων
1111 1680 1362 1750 ἐξήγησιν
1381 1677 1428 1729 ἐν
1460 1684 1530 1746 τῷ
1557 1671 1812 1743 ἑνδεκάτῳ

211 1773 470 1845 κεφαλαίῳ
495 1773 672 1825 αὐτοῦ.

285 1950 380 2004 Ἦν
414 1949 473 2004 δὲ
508 1983 568 1990 -
601 1948 883 2020 ἀπεπνίγη·
931 1955 996 2000 Eu
1048 1955 1120 2017 τῷ
1171 1947 1380 2021 ῥηθέντι
1433 1940 1716 2012 δωδεκάτῳ
1739 1961 1819 1994 κε-

217 2039 417 2113 φαλαίῳ
446 2048 538 2092 τοῦ
566 2042 701 2092 κατὰ
728 2040 998 2092 Ματθαίον
1038 2041 1156 2109 περὶ
1205 2039 1396 2088 τούτων
1425 2035 1626 2086 πάντων
1671 2031 1820 2105 ει)ρὴ-

223 2147 350 2191 σεις.

299 2216 485 2291 [Οἶμαι
542 2219 650 2287 (ιδ)
706 2226 804 2269 τῶν
854 2217 1142 2288 ὀμοχώρων
1192 2212 1482 2285 ἀλλοφύλων
1537 2208 1664 2263 εἶναι
1707 2213 1823 2269 τοὺς

224 2313 446 2381 χοίρους
477 2308 626 2369 Εἰκὸς
658 2304 717 2359 δε
747 2311 833 2358 καὶ
881 2309 1000 2367 τοὺς
1030 2300 1322 2364 Ἰουδαίους
1371 2299 1657 2372 διατρέφειν
1701 2304 1826 2370 χοί-

227 2417 353 2471 ρους
382 2396 464 2449 ἐπὶ
493 2402 548 2449 τό
566 2394 1002 2468 (“Mutari-6).er
1031 2393 1240 2454 αὐτοὺς,
1270 2393 1298 2451 ἡ
1324 2396 1414 2442 καὶ
1445 2389 1530 2442 ἐπὶ
1563 2386 1820 2461 διατροφῇ

227 2496 327 2539 τῶν
399 2486 765 2558 φυλασσόντων
826 2487 915 2545 τὰς
1001 2483 1174 2544 πόλεις
1258 2480 1425 2533 αὐτῶν
1499 2485 1825 2553 στρατιωτῶν

226 2576 510 2648 Ῥωμαίων.
548 2575 570 2650 ]

304 2662 516 2725 ’ἰδόντες
576 2661 633 2717 δὲ
703 2695 770 2705 -
819 2661 1027 2735 ἀγρούς.
1094 2659 1313 2733 Ὁμοίως
1378 2663 1468 2710 καὶ
1533 2661 1650 2731 περὶ
1714 2657 1828 2708 τού-

228 2774 328 2807 των
337 2797 347 2809 .

302 2843 647 2907 Ἐξῆλθον-
693 2842 1046 2915 ἐφοϐήθησαν.
1095 2841 1360 2898 Ματθαὶος
1408 2840 1496 2909 μεν
1545 2833 1699 2888 εἶπεν·
1747 2835 1827 2886 ὃτι

232 2933 440 2996 ἐξῆλθον
463 2933 528 2994 εἰς
571 2936 884 2988 συνάντησιν
932 2940 1002 3000 τῷ
1052 2929 1250 2986 Ἰησοῦ.
1281 2927 1514 3001 Ἠρχετο
1543 2927 1644 2998 γὰρ
1677 2923 1828 2982 αὐτὸς

234 3023 318 3076 ἐπὶ
349 3028 440 3081 τὴν
470 3022 612 3074 πόλιν
649 3039 659 3050 ·
708 3026 908 3080 Λουκᾶς
931 3017 990 3072 δὲ
1011 3027 1097 3070 νῦν
1125 3017 1377 3090 ἐμφαίνει,
1409 3020 1478 3087 μὴ
1515 3011 1710 3067 ὁδεύειν
1741 3013 1830 3063 αὐ-

235 3117 341 3165 τόν.
377 3113 436 3164 Εἰ
464 3116 564 3184 γὰρ
593 3108 853 3176 ἐϐάδιζεν,
881 3109 974 3160 οὐκ
1006 3109 1064 3158 ἂν
1088 3109 1112 3158 ό
1142 3114 1232 3158 τοῦ
1261 3105 1497 3176 λεγεῶνος
1525 3103 1832 3172 ἀπαλλαγεὶς

1917 603 1986 657 de
2013 603 2127 659 hoc
2155 606 2466 662 manifeste
2496 607 2710 662 dictum
2734 606 3162 665 est.Multitudo
3185 624 3325 666 vero
3346 609 3578 668 inhabi-

1916 693 2172 749 tantium
2211 696 2270 750 in
2299 711 2369 750 eo
2399 695 2767 761 daemonum,
2804 702 3088 768 tanquam
3119 713 3310 754 unum
3341 703 3578 772 propter

1917 785 2544 850 communicationem,
2573 785 2949 852 obsecrabat,
2976 792 3141 842 utens
3167 804 3268 844 ore
3291 789 3575 845 hominis.

1990 873 2154 928 Vers.
2183 873 2271 929 26.
2306 875 2687 946 Prwcipiebat
2716 907 2785 915 —
2811 875 3056 934 homine.
3102 875 3419 951 Tanquam
3477 879 3580 935 uni

1918 961 2258 1034 imperabat
2281 962 2480 1019 multis
2502 963 2900 1032 daemonibus,
2937 971 3180 1038 propter
3199 965 3437 1024 illorum
3469 968 3581 1023 im-

1919 1051 2299 1108 becillitatem
2327 1071 2339 1121 ;
2373 1052 2467 1108 vel
2501 1053 2700 1119 etiam,
2733 1053 2879 1126 quia
2931 1071 3142 1111 omnes
3194 1056 3392 1124 simul,
3423 1056 3582 1127 legio

1919 1141 2322 1209 vocabantur;
2350 1143 2470 1197 sive
2498 1142 2664 1214 quod
2691 1157 2844 1198 unus
2883 1150 3037 1201 esset
3077 1147 3357 1219 princeps
3415 1150 3585 1204 cate-

1918 1246 2115 1286 rorum
2153 1248 2167 1288 :
2198 1232 2301 1303 qui
2332 1231 2510 1288 etiam
2538 1229 2909 1303 obsecrabat,
2931 1238 2988 1290 et
3009 1237 3104 1292 cui
3157 1235 3423 1292 Christus
3479 1236 3584 1292 im-

1920 1321 2190 1392 perabat,
2223 1327 2513 1393 tanquam
2545 1318 2683 1374 aliis
2713 1335 2842 1374 eum
2873 1325 3280 1396 sequentibus,

1992 1412 2150 1468 Vers.
2181 1415 2270 1467 29.
2305 1413 2665 1485 Frequenter
2700 1446 2769 1455 —
2807 1416 3044 1471 deserta.
3071 1415 3116 1468 A
3147 1413 3428 1480 daemone,
3481 1413 3586 1486 qui

1921 1504 2404 1574 casterorum,qui
2430 1519 2631 1559 secum
2664 1510 2831 1561 erant
2851 1504 3132 1576 princeps
3154 1507 3296 1559 erat.

1995 1593 2154 1648 Vers.
2188 1596 2274 1649 30.
2330 1593 2728 1666 Interrogavit
2783 1628 2844 1636 —
2873 1595 3033 1650 Vers.
3076 1594 3166 1649 31.
3235 1596 3414 1650 irent.
3451 1593 3586 1649 Haec

1926 1682 2122 1738 omnia
2161 1682 2402 1754 scripsit
2457 1686 2705 1754 Marcus,
2763 1689 2820 1740 et
2860 1683 3077 1739 horum
3145 1683 3587 1740 enarrationem

1928 1786 2130 1842 quaere
2179 1770 2496 1829 undecimo
2553 1773 2745 1846 capite
2786 1772 3102 1842 Evangelii,
3137 1771 3299 1844 quod
3329 1769 3424 1828 ille
3460 1786 3577 1829 con

1849 1871 1894 1926 Β
1929 1859 2173 1931 scripsit.

2000 1951 2159 2016 Vers,
2189 1949 2277 2005 32.
2311 1952 2468 2008 Erat
2491 1959 2684 2009 autem
2711 1983 2780 1993 —
2813 1953 2971 2008 Vers.
3000 1956 3088 2009 33.
3121 1952 3450 2022 suffocatus
3479 1958 3588 2008 est.

1933 2040 2211 2096 Praedicta
2254 2039 2608 2097 duodecimo
2666 2041 2858 2114 capite
2906 2041 3202 2112 Evangelii
3230 2041 3590 2098 secundum-

1932 2128 2270 2185 Matthaeum
2310 2129 2382 2185 de
2409 2130 2500 2186 his
2532 2131 2814 2187 omnibus
2845 2130 3133 2186 invenies.

2002 2219 2088 2289 εΗ-
2119 2217 2340 2290 Opinor
2367 2220 2698 2276 vicinorum
2731 2220 3204 2290 alienigenarum
3237 2219 3419 2276 fuisse
3455 2235 3596 2293 por-

1933 2324 2058 2365 cos.
2095 2307 2381 2364 Credibile
2408 2325 2565 2380 vero,
2594 2309 2830 2364 Iudaeos
2857 2310 3029 2366 etiam
3061 2309 3336 2365 nutriisse
3388 2315 3596 2381 porcbs

1935 2403 1998 2453 ut
2018 2413 2122 2453 eos
2141 2396 2662 2464 divenderent,aut
2683 2404 2744 2454 ut
2767 2398 2980 2454 milites
2999 2399 3273 2464 Romani,
3291 2398 3394 2471 qui
3415 2397 3596 2455 urbes

1935 2502 2145 2544 eorum
2172 2486 2603 2553 custodiebant,
2644 2487 2955 2554 haberent,
2982 2503 3105 2560 quo
3135 2487 3453 2544 alerentur.

2007 2666 2167 2722 Vers.
2197 2671 2284 2724 34.
2315 2669 2463 2724 Cum
2493 2673 2694 2724 autem
2720 2667 3001 2724 vidissent
3027 2697 3094 2707 —
3132 2667 3338 2724 vittas.
3376 2665 3600 2724 Simili-

1939 2762 2022 2813 ter
2051 2757 2204 2813 etde
2235 2758 2346 2813 his.

2013 2849 2170 2902 Vers.
2191 2851 2278 2902 35.
2304 2847 2608 2903 Exierunt
2624 2878 2693 2888 -
2715 2847 3063 2904 timuerunt.
3097 2846 3399 2904 Matthseus
3424 2845 3597 2911 dixit,

1938 2935 2103 3008 quod
2125 2936 2385 2992 exierunt
2413 2937 2471 2992 in
2499 2953 2816 2993 occursum
2844 2937 2985 2992 Jesu
3030 2938 3097 3002 ⁸⁸,
3153 2937 3450 3008 siquidem
3475 2936 3604 3008 ipse

1944 3023 2219 3080 veniebat
2245 3024 2304 3079 in
2349 3024 2668 3081 civitatem.
2724 3026 2912 3081 Lucas
2962 3041 3103 3081 vero
3131 3040 3294 3080 nunc
3325 3025 3602 3090 ostendit,

1943 3114 2103 3185 quod
2126 3113 2256 3186 ipse
2285 3129 2406 3169 non
2437 3114 2790 3171 ambulabat
2818 3131 2832 3182 ;
2858 3130 3002 3171 nam
3027 3115 3074 3169 si
3088 3113 3604 3187 progrediebatur.

237 3203 458 3260 ἐκάθητο
479 3203 621 3272 παρὰ
646 3203 766 3259 τοὺς
796 3194 962 3258 πόδας
1009 3197 1186 3248 αὐτοῦ.
1223 3194 1380 3252 Δῆλον
1424 3189 1532 3256 οὖν,
1565 3191 1645 3243 ὃτι
1677 3190 1824 3264 ἐρχό-

1963 3217 2329 3273 nequaquam
2362 3201 2412 3256 is
2438 3201 2597 3272 quia
2635 3203 2947 3258 daemoniis
2980 3203 3261 3260 liberatus
3285 3203 3496 3269 fuerat,
3525 3203 3607 3260 ad

237 3310 386 3364 μενος
423 3290 506 3342 ἐπὶ
562 3293 656 3346 τὴν
696 3287 861 3348 πόλιν,
897 3289 1020 3343 ἔστη
1058 3289 1148 3336 καὶ
1195 3279 1476 3335 ἐδίδασκεν
1501 3298 1512 3308 ·
1548 3283 1573 3331 6
1602 3277 1660 3332 δὲ
1693 3282 1836 3351 Θερα-

236 3378 558 3445 πευθεὶς,ἆτε
578 3385 638 3447 τῇ
665 3371 935 3449 τυραννίδι
955 3382 1054 3425 τῶν
1078 3369 1337 3444 δαιμόνων
1352 3370 1835 3442 τεταλαιπωρηκὼς,

238 3469 450 3521 ἐκάθισε
469 3465 762 3525 κελευσθείς
775 3507 786 3518 .

315 3748 663 3821 Ἀπησγγειλαν
685 3780 752 3790 -
780 3744 1159 3820 δαιμονισθείς.
1201 3753 1317 3808 Πῶς
1341 3746 1518 3816 ὑγίανε
1543 3744 1680 3814 (48).

317 3930 423 3983 Καὶ
454 3928 731 4001 ἠρώτησαν
788 3958 842 3966 -
910 3929 1210 3996 συνὲίχοντο
1244 3946 1257 3957 ο
1283 3925 1364 3978 Ἐν
1429 3934 1501 3996 τῷ
1557 3923 1842 3997 δωδεκάτῳ

241 4018 502 4091 κεφαλαίῳ
531 4024 622 4069 τοῦ
651 4020 785 4068 κατὰ
818 4018 1084 4070 Ματθαῶν
1113 4019 1204 4067 καὶ
1232 4023 1398 4068 ταῦτα
1443 4015 1610 4077 καλῶς
1645 4018 1844 4090 ἡρμνη-

240 4111 520 4166 νεύθησαν.

318 4285 484 4347 Αὐτὸς
510 4281 568 4337 δὲ
600 4314 664 4323 -
706 4284 731 4334 6
773 4283 998 4342 Ἰησοὺς.
1035 4286 1158 4354 Περὶ
1212 4285 1408 4334 τούτων
1439 4287 1528 4336 καὶ
1559 4283 1582 4333 6
1639 4285 1844 4354 Μάρκος

249 4378 522 4448 ἱστόρησεν
555 4372 602 4424 ἐν
624 4380 695 4442 τῷ
725 4369 978 4443 ἑνδεκάτῳ
1007 4371 1264 4444 κεφαλαίῳ
1293 4371 1471 4430 αὐτοῦ,
1496 4377 1585 4424 καὶ
1607 4373 1845 4443 εὑρήσεις

248 4462 296 4514 ἐν
323 4463 515 4532 ἐκείνῳ,
574 4458 718 4514 διατί
748 4465 836 4534 μὲν
891 4463 916 4513 6
947 4460 1074 4536 ἀνὴρ
1132 4457 1304 4513 ἐδέετο
1351 4457 1478 4512 εἶναι
1538 4465 1632 4512 σὺν
1680 4461 1842 4532 αὐτῷ,

1947 3291 2130 3363 pedes
2190 3293 2358 3346 Jesus
2391 3291 2645 3348 sedebat.
2681 3292 3060 3348 Manifestum
3099 3308 3242 3363 ergo
3289 3299 3376 3350 est
3418 3292 3604 3366 quod,

1946 3379 2092 3434 dum
2107 3378 2215 3434 iret
2231 3379 2289 3432 in
2302 3380 2621 3446 civntatem,
2638 3381 2792 3436 stetit
2825 3381 3087 3452 quodam
3107 3382 3165 3437 in
3193 3382 3318 3438 loco
3349 3381 3605 3453 docens;

1949 3469 1999 3524 is
2026 3475 2225 3525 autem
2279 3469 2385 3540 qui
2435 3474 2678 3525 curatus
2724 3472 2937 3534 fuerat,
2976 3477 3261 3544 tanquam
3292 3472 3610 3545 tyrannide

1947 3558 2294 3615 daemOnum
2353 3558 2565 3614 misere
2595 3558 2854 3616 afﬂictus
2906 3576 2976 3617 ac
3009 3559 3363 3631 defatigatus
3403 3561 3612 3618 sedere

1943 3648 2156 3720 jussus
2183 3652 2290 3704 est.

2021 3739 2182 3793 Vers.
2209 3737 2298 3792 36.
2323 3738 2775 3796 Nuntiaverunt
2797 3771 2862 3781 —
2884 3740 2990 3812 qui
3011 3755 3047 3796 a
3077 3741 3369 3798 dwmom’o
3417 3740 3615 3811 agita-

1951 3827 2142 3884 batur.
2169 3829 2256 3898 -Η-
2286 3828 2599 3892 Quomodo
2633 3845 2813 3884 sanus
2847 3829 3038 3884 factus
3071 3829 3165 3885 sit.

2023 3917 2184 3972 Vers.
2212 3917 2300 3973 37.
2343 3918 2421 3972 Et
2472 3925 2838 3988 rogaverunt
2867 3948 2936 3959 —
2981 3919 3342 3975 tenebantur.
3386 3919 3616 3976 Duode-

1952 4007 2108 4063 cimo
2129 4008 2296 4077 juxta
2323 4007 2662 4064 Matthiae-um
2701 4009 2912 4079 capite,
2967 4007 3096 4063 haec
3127 4007 3369 4079 pulchre
3421 4007 3616 4064 decla-

1951 4102 2082 4155 rata
2112 4102 2262 4152 sunt.
2298 4097 2365 4153 Et
2393 4097 2487 4153 hic
2519 4097 2814 4170 ἠρώτησαν,
2875 4097 3034 4153 idem
3089 4105 3177 4153 est
3227 4097 3395 4171 quod
3441 4115 3613 4171 roga-

1957 4187 2122 4244 bant.

2026 4277 2185 4332 Vers.
2240 4279 2326 4331 37.
2381 4276 2514 4344 Ipse
2550 4291 2687 4333 vero
2741 4307 2808 4318 —
2849 4277 3010 4332 Vers.
3045 4280 3132 4332 39.
3159 4278 3354 4334 Jesus.
3389 4275 3469 4333 De
3521 4277 3617 4333 his

1955 4365 2187 4437 scripsit
2215 4367 2442 4435 Marcus
2474 4365 2793 4420 undecimo
2824 4366 3040 4437 capite,
3091 4371 3146 4422 et
3202 4365 3284 4422 ibi
3330 4365 3617 4430 invenies,

1955 4470 2140 4527 quare
2164 4453 2377 4510 orabat
2406 4469 2544 4508 eum
2570 4455 2676 4517 vir,
2710 4460 2773 4510 ut
2795 4470 2932 4510 cum
2962 4455 3094 4527 ipso
3120 4461 3295 4520 esset,
3338 4459 3392 4511 et
3431 4471 3619 4528 quam

251 4548 285 4604 δ
293 4557 399 4604 ιατί
429 4547 462 4603 δ
467 4555 487 4603 ε
513 4552 537 4602 6
575 4553 783 4612 Ἰησοῦς
820 4549 1069 4604 ἀπέλυσεν
1096 4551 1272 4618 αὐτὸν,
1312 4555 1401 4602 καὶ
1425 4555 1662 4623 περὶτῶν
1683 4550 1824 4603 ἄλλω

1963 4544 2036 4600 ob
2067 4557 2315 4598 causam
2340 4542 2565 4598 remisit
2589 4557 2728 4599 eum
2768 4544 2955 4607 Jesus,
2989 4559 3058 4599 ac
3097 4541 3171 4598 de
3204 4542 3332 4599 aliis
3371 4541 3622 4614 diligen-

249 4639 494 4715 ἀκριϐῶς.

395 4735 546 4786 ΚΕΦ.
586 4728 717 4784 ΚΕ’.
752 4735 876 4803 Περὶ
899 4737 996 4791 τῆς
1027 4730 1281 4802 θυγατρὸς
1320 4736 1411 4782 τοῦ
1451 4727 1708 4804 ἀρχισυν-

942 4838 1172 4890 αγωγου.

320 4909 548 4980 Ἐγένετο
578 4940 647 4949 -
671 4908 847 4964 αὐτόν.
876 4907 964 4969 Ὠς
993 4906 1262 4982 εὐεργέτην
1283 4911 1373 4960 καὶ
1399 4915 1635 4982 Σωτῆρα,

326 5093 426 5141 Καὶ
471 5083 588 5140 ἰδοὺ
642 5118 709 5129 -
764 5084 1103 5144 ἀπέθνησκεν.
1154 5089 1372 5160 Εἴρηται
1424 5088 1678 5141 κάλλιστα
1733 5094 1851 5164 περὶ

249 5179 446 5229 τούτων
477 5175 524 5228 ἕν
564 5185 636 5248 τῷ
656 5172 1100 5247 πεντεκαιδεκάτῳ
1130 5176 1387 5249 κεφαλαίῳ
1411 5185 1503 5230 τοῦ
1546 5181 1680 5231 κατὰ
1709 5185 1852 5232 Ματ-

253 5267 398 5318 θαῖον
407 5304 420 5319 .

325 5398 363 5429 ιι
397 5390 600 5448 Matth.
621 5406 748 5461 vui,
765 5391 857 5447 34.

1962 4638 2046 4690 ter
2070 4636 2339 4688 tractata.

2246 4720 2401 4778 CAP.
2427 4722 2582 4779 XXV.
2597 4722 2681 4778 De
2694 4721 2826 4790 ﬁlia
2847 4721 3329 4794 archisynagogi.

2033 4909 2195 4964 Vers.
2229 4911 2316 4963 40.
2345 4909 2582 4966 Factum
2612 4922 2843 4962 -eum.
2881 4907 3193 4977 Tanquam
3219 4906 3373 4964 bene
3431 4907 3506 4963 de
3535 4906 3623 4964 eis

1963 5001 2240 5056 meritum
2271 5013 2341 5053 ac
2366 4997 2759 5054 Salvatorem.

2036 5091 2192 5144 Vers.
2224 5087 2315 5143 41.
2341 5087 2415 5141 Et
2462 5101 2589 5142 ecce
2631 5116 2698 5125 —
2727 5085 2892 5140 Vers.
2914 5088 3004 5140 42.
3030 5085 3411 5142 moriebatur.
3435 5087 3515 5141 De
3533 5085 3625 5140 his

1961 5177 2205 5250 pulchre
2235 5175 2465 5232 dictum
2491 5178 2580 5232 est
2600 5173 2834 5231 decimo
2864 5175 3073 5246 quinto
3093 5181 3265 5246 Juxta
3287 5173 3626 5232 Matthaeum

1962 5268 2154 5340 capite
2168 5307 2181 5322 .
2289 5267 2298 5278 '
3333 5272 3339 5277 ‘

1457 5490 1683 5561 Variae
1725 5492 2052 5564 lectiones
2104 5498 2170 5558 et
2208 5499 2410 5558 notae.

254 5744 415 5787 Dius.

330 5799 443 5877 (47)
469 5800 664 5859 Malim
694 5809 786 5874 τῷ.

303 5655 446 5738 ,(46)
476 5658 610 5714 Hac
658 5662 906 5731 uterque
948 5656 1011 5713 in
1053 5658 1339 5730 margine.
1381 5659 1608 5717 Omittit
1647 5661 1856 5720 Hente-

2038 5660 2153 5732 (48)
2193 5661 2322 5716 Duo
2373 5657 2502 5713 haec
2529 5654 2830 5732 vocabula
2880 5671 3002 5713 non
3053 5654 3237 5712 habet
3285 5652 3626 5713 Hentenius.

1964 5728 2147 5804 Igitur
2167 5738 2392 5790 textum
2414 5728 2548 5802 conj
2558 5731 2747 5784 unxit.
