4210 6458
640 344 744 402 943

711 471 874 528 Vers.
901 474 987 530 42.
1010 472 1171 529 Inter
1197 472 1454 530 eundum
1476 478 1676 530 autem
1702 504 1771 516 —
1812 490 1966 532 eum.
1999 476 2300 532 Constrin-
2331 478 2376 531 A

635 559 877 630 gebant,
910 561 1410 634 comprimebant,
1437 561 1810 634 impellentes
1840 565 2000 621 circa
2030 581 2188 621 eum.

634 648 790 706 CAP.
818 651 993 707 XXVI.
1049 652 1134 706 De
1176 650 1425 707 muliere
1475 653 1770 722 proﬂuvio
1798 655 2112 726 sanguinis
2138 655 2297 712 laboo

1368 747 1561 798 rante.

707 827 868 886 Vers.
901 831 989 887 43.
1020 829 1100 885 Et
1138 828 1354 886 mulier
1383 860 1453 871 —
1485 833 1646 888 Vers.
1676 832 1765 888 44.
1811 833 1970 904 ejus.
2001 833 2093 890 Ab
2123 835 2296 891 annis

631 916 955 985 duodecim,
974 917 1038 974 id
1068 922 1177 986 est,
1200 918 1725 977 annosduodecim
1763 937 1777 987 ;
1802 921 1913 978 hoc
1937 922 2097 979 enim
2119 923 2297 994 signi-

631 1006 967 1065 ﬁcaverunt
993 1006 1221 1080 priores
1251 1008 1652 1079 evangelista.
1695 1012 1923 1067 Marcus
1948 1026 2087 1068 vero
2119 1013 2163 1047 ⁸⁷
2192 1013 2296 1068 ad-

630 1095 801 1164 didit,
843 1095 1008 1169 quod
1058 1111 1177 1153 non
1211 1096 1408 1154 solum
1447 1114 1484 1154 a
1527 1099 1779 1156 medicis
1809 1099 1867 1155 in
1895 1099 2058 1156 nullo
2089 1101 2296 1172 adjuta

629 1183 842 1248 fuerat,
894 1200 1104 1242 verum
1149 1186 1329 1243 etiam
1361 1187 1556 1256 magis
1613 1188 1675 1243 in
1712 1188 1976 1244 deterius
2029 1195 2290 1246 venerat.

631 1274 786 1340 Quid
807 1273 883 1330 sit
905 1281 1101 1331 autem
1139 1274 1398 1342 ﬁmbria,
1443 1275 1669 1333 dictum
1717 1283 1808 1334 est
1843 1277 2076 1334 decimo
2130 1285 2291 1334 sexto

627 1363 820 1438 capite
858 1362 1157 1436 Evangelii
1205 1364 1540 1422 secundum
1605 1367 1956 1423 Matthzeum.
2005 1365 2291 1423 Prmterea

626 1454 770 1511 dicit
797 1456 1020 1511 Marcus
1047 1455 1116 1519 ‘3,
1150 1455 1388 1511 venisse
1419 1455 1616 1528 ipsam
1645 1455 1706 1511 in
1720 1455 1945 1512 turbaa
1964 1461 2153 1527 tergo,
2175 1456 2290 1512 hoc

625 1548 733 1612 est,
763 1542 1161 1600 immiscuisse
1210 1559 1274 1600 se
1315 1544 1525 1610 turbae,
1565 1545 1732 1617 quod
1761 1545 1944 1602 latere
1983 1545 2285 1602 niteretur.

700 1633 817 1692 Sed
841 1633 1268 1690 curmaniteste
1307 1649 1432 1690 non
1462 1634 1647 1705 tetigit
1674 1640 1698 1686 7
1719 1635 1872 1701 Quia
1900 1634 2287 1708 seipsamim-

620 1723 917 1782 mundam
948 1739 1087 1782 esse
1120 1722 1368 1787 sciebat,
1415 1728 1494 1794 et,
1531 1739 1692 1791 cum,
1721 1724 1821 1796 qui
1846 1725 2116 1780 mundus
2163 1729 2289 1781 erat

1971 346 2319 404 EUTHYMH
2359 345 2686 407 ZlGABENI

3912 354 4036 412 944

2483 479 2561 532 Ἐν
2594 477 2652 532 δε
2677 488 2747 549 τῷ
2787 481 3004 552 ὑπάγειν
3033 511 3100 522 -
3130 480 3306 534 αὐτόν.
3359 483 3720 551 Συνέσφιγγον,
3756 481 4037 554 ὠθιζόμε-

2407 587 2484 619 νοι
2505 573 2622 641 περὶ
2650 568 2819 623 αὐτόν.

2697 661 2847 714 Kl”.
2893 659 3008 722 εἰς’.
3043 664 3166 732 Περὶ
3193 668 3287 718 τῆς
3322 657 3725 731 αἰμοῤῥοοὺσης.

2481 841 2580 888 Καὶ
2644 842 2772 906 γυνὴ
2867 867 2932 877 -—
2987 837 3163 896 αὐτῆς.
3225 841 3341 890 Am}
3409 837 3532 888 ἐτῶν
3586 831 3817 899 δώδεκα,
3897 839 4027 889 ἀντὶ

2405 934 2496 976 τοῦ
2523 925 2572 978 έν
2612 929 2749 978 itm
2800 922 3028 980 δώδεκα.
3080 929 3242 982 Τοῦτο
3293 931 3394 997 γὰρ
3450 922 3720 982 animum
3774 928 3826 978 οἱ
3890 946 4026 1000 προ-

2404 1014 2642 1076 λαϐόντες
2673 1015 3056 1086 εὐαγγελισταί.
3090 1019 3297 1088 Μάρκος
3344 1012 3401 1068 δε
3428 1016 3770 1088 προσέθηκεν,
3824 1017 3910 1066 ὅτι
3961 1018 4019 1067 οὐ

2404 1110 2556 1176 μόνον
2599 1101 2748 1157 οὐδεν
2802 1105 3037 1176 ὠφελήθη
3089 1109 3232 1179 παρὰ
3281 1102 3379 1157 τῶν
3449 1104 3658 1178 ἰατρων,
3724 1103 3855 1156 ἀλλὰ
3921 1113 4020 1157 καὶ

2403 1194 2592 1265 μᾶλλον
2650 1194 2721 1254 εἰς
2762 1198 2818 1246 τὸ
2867 1202 3045 1268 χεῖρον
3088 1191 3227 1252 ἦλθε.
3289 1201 3351 1248 Τί
3397 1191 3457 1246 δέ
3509 1193 3622 1246 έστι
3680 1191 4013 1266 κράσπεδον,

2402 1288 2602 1358 εἴρηται
2633 1282 2682 1336 έν
2722 1293 2794 1352 τῷ
2822 1281 3168 1355 εξκαιδεκάτῳ
3211 1283 3470 1356 κεφαλαίῳ
3520 1291 3609 1334 τοὺ
3663 1286 3797 1334 κατᾶ
3855 1291 4014 1338 Ματ-

2404 1375 2567 1428 Θαίον.
2619 1374 2735 1428 Ἔτι
2767 1371 2825 1426 δέ
2878 1393 3036 1445 φησιν
3067 1375 3092 1426 6
3125 1376 3348 1446 Μάρκος.
3413 1372 3572 1424 έλθείν
3621 1372 3781 1430 αὐτὴν
3832 1372 3883 1424 έν
3939 1383 4014 1442 τῷ

2401 1463 2543 1534 ὄχλῳ
2572 1465 3103 1529 ὅπισθεν,τοντέστιν,
3128 1462 3446 1534 ἀναμιγῆναι
3469 1471 3539 1532 τῷ
3564 1461 3729 1533 ὄχλῳ,
3753 1481 4013 1534 μηχανω-

2399 1557 2554 1624 μένην
2584 1552 2776 1606 λαϐεῖν.

2470 1647 2617 1694 Διατί
2665 1639 2724 1694 δε
2764 1642 2868 1712 οὐχ
2918 1641 3091 1712 ἣψατο
3149 1649 3377 1714 φανερῶς
3433 1658 3448 1704 ἱ

2399 1729 2585 1788 ἑαυτὴν
2608 1730 2875 1801 ἐγίνωσκε,
2927 1736 3015 1782 καὶ
3069 1729 3296 1802 ἐφοϐεῖτο
3354 1739 3579 1803 φανερῶς
3626 1730 3872 1800 ἅψασθαι
3910 1740 4010 1783 τοῦ

3512 1645 3654 1694 Διότι
3707 1639 4011 1715 ἀκάθαρτον

620 1813 824 1886 palam
844 1818 1094 1884 tangere
1111 1811 1499 1879 formidabat,
1516 1829 1655 1870 cum
1669 1830 1704 1870 a
1717 1814 1844 1884 lege
1859 1813 2266 1886 prohiberetur

2397 1823 2648 1893 καθαροῦ,
2705 1820 2996 1891 κωλυομένη
3049 1823 3191 1892 παρὰ
3231 1827 3324 1871 τοῦ
3352 1824 3530 1890 νόμου.
3594 1825 3694 1872 Καὶ
3745 1816 3893 1871 διατί
3924 1826 4004 1891 μὴ

620 1903 814 1976 Quare
838 1909 1040 1962 autem
1070 1920 1107 1959 a
1144 1903 1472 1974 longinquo
1506 1909 1671 1959 stans
1701 1919 1822 1960 non
1869 1905 2106 1976 petebat
2127 1905 2288 1959 saui-

627 1997 809 2050 tatem
839 1994 866 2050 ?
898 1994 1047 2060 Quia
1079 1991 1392 2048 verebatur
1413 1991 1762 2064 hujusmodi
1783 1995 2064 2049 morbum
2091 1993 2286 2064 publi'

617 2097 773 2139 care.
809 2083 994 2139 Simul
1022 2083 1203 2139 etiam
1234 2081 1498 2148 timebat,
1528 2098 1602 2138 ne
1649 2098 1773 2155 quo
1807 2084 1988 2138 modo
2017 2081 2223 2154 agnita
2246 2099 2280 2138 a

614 2173 792 2230 turba
819 2173 1199 2246 repelleretur
1227 2177 1468 2244 propter
1500 2189 1665 2230 suam
1705 2172 2132 2245 impuritatem.

684 2263 852 2322 Vers.
889 2268 977 2320 45.
1007 2265 1085 2320 Et
1121 2265 1207 2320 ait
1252 2292 1320 2304 —
1349 2267 1476 2316 me?
1509 2263 1916 2333 Interrogavit,
1943 2279 2064 2319 non
2109 2261 2274 2334 quod

611 2352 930 2425 ignoraret,
981 2353 1089 2410 sed
1139 2359 1202 2408 ut
1221 2353 1339 2420 illa,
1384 2353 1646 2423 cognito,
1679 2353 1846 2425 quod
1874 2369 1995 2408 non
2043 2352 2270 2416 lateret,

609 2449 786 2515 prout
812 2448 1164 2515 speraverat,
1196 2444 1516 2500 sanitatem
1539 2441 1740 2498 furtim
1766 2456 1888 2497 non
1914 2441 2270 2513 subriperet,

608 2533 714 2588 sed
734 2533 884 2590 hanc
907 2533 986 2588 ab
1007 2533 1143 2605 ipso
1159 2534 1425 2589 ultroneo
1441 2532 1718 2600 auferret,
1736 2530 2099 2595 conﬁtendo,
2134 2546 2270 2601 quae

606 2621 765 2678 circa
821 2639 884 2678 se
939 2621 1094 2679 facta
1141 2629 1338 2678 essent
1366 2637 1380 2675 :
1410 2628 1468 2677 et
1499 2619 1576 2676 ita
1607 2625 1750 2676 nota
1789 2619 1999 2675 ﬁerent
2023 2617 2136 2682 his,
2165 2617 2267 2688 qui

605 2709 900 2766 Christum
925 2711 1348 2782 sequebantur,
1379 2716 1432 2765 et
1465 2708 1730 2764 mulieris
1770 2708 1919 2762 ﬁdes
1969 2713 2026 2762 et
2056 2706 2268 2762 Christi

603 2800 810 2867 virtus,
837 2816 1020 2873 quem
1041 2799 1187 2855 nihil
1215 2799 1398 2856 latere
1429 2803 1657 2870 potest;
1690 2814 1762 2854 ac
1798 2797 1966 2852 multi
1998 2803 2058 2852 et
2081 2796 2265 2851 ﬁdem

600 2888 758 2944 illius
811 2889 1195 2958 imitarentur,
1228 2894 1286 2946 et
1322 2888 1600 2945 timerent
1659 2888 1842 2958 hujus
1888 2888 2267 2958 omnipoten-

599 2978 765 3046 tiam,
788 2979 1180 3051 omniumque
1211 2978 1524 3034 scientiam
1557 2994 1572 3045 ;
1613 2983 1887 3050 praetera,
1916 2987 1976 3031 ut
2006 2975 2266 3046 archisy-

597 3083 873 3140 nagogus
895 3085 931 3127 a
955 3068 1224 3142 praesenti
1265 3067 1557 3125 miraculo
1597 3067 1889 3138 majorem
1927 3066 2267 3138 conciperet

596 3158 905 3216 ﬁduciam.

668 3250 831 3308 Vers.
863 3250 953 3304 45.
984 3249 1352 3320 Negantibus
1384 3278 1450 3290 —
1476 3251 1612 3304 me?
1672 3246 1879 3303 Petrus
1911 3245 1984 3302 de
2006 3243 2264 3316 simplici

594 3343 868 3396 contactu
894 3338 1190 3396 Christum
1221 3338 1388 3412 loqui
1414 3337 1818 3400 existimabat,
1869 3351 1993 3408 quo
2034 3350 2259 3403 omnes,

591 3427 698 3502 qui
732 3428 1153 3502 sequebantur,
1186 3427 1517 3498 tangebant
1541 3443 1704 3492 eum,
1736 3425 1976 3498 impulsi
2007 3441 2076 3480 ac
2098 3439 2266 3479 coar-

590 3518 729 3576 ctati
755 3519 913 3575 circa
950 3518 1162 3590 ipsum,
1192 3522 1250 3572 et
1277 3518 1359 3573 ita
1389 3514 1883 3583 constringebant
1910 3529 2050 3568 eum
2081 3527 2093 3566 :
2137 3511 2263 3582 ipse

589 3623 731 3665 vero
765 3607 839 3663 de
890 3607 988 3662 tali
1041 3622 1164 3662 non
1209 3605 1592 3677 loquebatur,
1634 3604 1741 3658 sed
1771 3603 1846 3658 de
1885 3619 1978 3669 eo,
2002 3602 2107 3673 qui
2140 3601 2262 3656 ﬁde

586 3696 777 3753 Iactus
814 3699 963 3752 erat.
993 3696 1142 3750 Cum
1180 3694 1339 3750 enim
1371 3699 1506 3750 tunc
1529 3692 1698 3748 multi
1731 3707 1876 3746 casu
1919 3706 2058 3746 eum
2103 3705 2259 3746 com-

591 3784 902 3857 primendo
927 3783 1462 3853 tangerent,solum
1492 3782 1670 3853 hujus
1689 3780 1872 3836 sensit
1889 3785 2254 3846 contactum,

589 3873 694 3946 qui
732 3890 770 3930 a
793 3873 912 3929 ﬁde
941 3872 1340 3945 procedebat.

658 4053 920 4117 Vers.46,
949 4051 1121 4108 Iesus
1150 4065 1280 4108 vero
1308 4077 1371 4087 —
1423 4048 1743 4120 quispiam.
1806 4047 1954 4114 Quia
1978 4045 2254 4104 nondum

585 4143 863 4201 confessa
906 4145 1032 4198 erat
1066 4140 1284 4199 mulier
1313 4139 1524 4196 timore
1566 4138 1893 4210 perterrita,
1951 4144 2252 4208 exspecta-

582 4235 690 4292 bat
713 4233 839 4306 ipse
858 4233 990 4305 (rr),
1006 4231 1212 4288 dicens
1235 4247 1249 4286 :
1278 4230 1490 4300 Tetigit
1517 4244 1606 4286 me
1626 4228 1944 4300 quispiam,
1961 4235 2023 4283 ut
2040 4227 2252 4283 videns

581 4324 715 4398 ipsa
744 4321 927 4394 hujus
958 4320 1131 4395 quasi
1159 4327 1465 4392 stuporem
1503 4319 1629 4389 (ss),
1659 4334 1769 4374 sua
1801 4323 2037 4390 sponte,
2088 4317 2252 4390 quod

581 4413 811 4471 factum
848 4416 997 4481 erat,
1028 4409 1427 4476 conﬁteretur,
1470 4413 1528 4464 et
1555 4407 1689 4480 ipsa
1718 4407 2075 4464 miraculum
2104 4423 2251 4479 prte-

580 4505 828 4648 dixit:
865 4594 955 4648 46.
1001 4591 1119 4662 Ego
1174 4620 1240 4630 —
1298 4604 1408 4645 me.
1471 4587 1769 4652 Virtutem,
1826 4586 2100 4643 videlicet
2157 4602 2249 4643 sa-

579 4681 786 4747 nandi,
821 4695 1003 4752 quam
1048 4679 1288 4736 attraxit
1323 4677 1474 4734 ﬁdes
1517 4677 1805 4734 mulieris.
1858 4676 2012 4732 Dixit
2050 4682 2246 4733 autem

577 4771 713 4838 hoc,
742 4775 807 4826 ut
835 4770 1028 4838 magis
1045 4769 1510 4833 conﬁrmaretur,
1534 4766 1700 4839 quod
1714 4783 1850 4822 eum
1881 4766 2248 4839 nonlateret,

576 4877 714 4935 quas
741 4864 894 4918 esset
922 4875 993 4916 ea
1016 4875 1153 4931 quae
1183 4859 1384 4931 ipsum
1425 4856 1712 4926 tetigerat.
1755 4859 1980 4913 Marcus
2020 4858 2066 4893 η
2111 4873 2249 4914 vero

575 4949 747 5016 dixit,
773 4948 940 5022 quod
963 4948 1145 5004 etiam
1171 4945 1698 5019 circumspiciebat,
1733 4953 1796 5003 ut
1827 4945 2060 5004 videret
2083 4962 2248 5010 eam,

578 5056 716 5114 qua:
732 5039 849 5098 hoc
875 5037 1107 5096 fecerat.

644 5195 693 5233 ‘7
718 5193 890 5252 Marc.
917 5209 975 5261 v,
998 5196 1093 5250 26.
1177 5193 1227 5229 ⁴⁸
1245 5191 1411 5257 lbid.,
1434 5191 1523 5248 27.
1556 5192 1604 5228 ⁸⁸
1636 5192 1806 5261 lbid.,
1829 5193 1898 5250 32
1915 5231 1932 5248 .

2397 1909 2568 1983 πορῥω
2601 1916 2775 1961 στᾶσα
2796 1915 2887 1965 τὴν
2920 1912 3097 1979 ὑγείαν
3137 1909 3373 1980 ᾐτήσατο
3395 1927 3410 1977 ;
3431 1913 3572 1961 Διοτι
3602 1910 3869 1979 ᾐσχύνετο
3892 1906 4003 1966 δη-

2394 2008 2675 2069 μοσιεῦσαι
2702 2008 2930 2050 τοιοῦτον
2958 2000 3141 2058 πάθος·
3169 1997 3313 2068 Ἀμα
3353 1994 3412 2050 δε
3441 2004 3530 2049 καὶ
3562 2000 3848 2059 ὑπωπτευε,
3895 2005 4003 2069 μή·

2391 2088 2510 2139 ποτε
2546 2085 2932 2158 διαγνωσθεῑσα
2975 2086 3202 2158 ἀπελαθῄ
3233 2090 3374 2159 παρὰ
3411 2095 3502 2139 τοῦ
3541 2087 3726 2158 ὄχλου,
3755 2084 3850 2139 διὰ
3896 2093 3997 2146 τὴν

2389 2174 2588 2250 ἀκαῦαρ
2600 2181 2715 2228 σίαν
2748 2176 2875 2234 αὐτῆ
2890 2197 2930 2237 ς.

2461 2272 2558 2318 Καὶ
2612 2263 2744 2319 εἶπεν
2787 2297 2848 2306 -
2902 2285 3039 2336 μον;

2385 2355 2468 2405 ἵνα
2490 2362 2709 2424 γνοὺσα,
2743 2357 2820 2405 ὁτι
2873 2355 2963 2406 οὐκ
3022 2354 3217 2418 ἔλαθεν,
3272 2357 3341 2413 ως
3392 2354 3626 2417 ἤλπιζεν,
3669 2351 3992 2425 οὐδ’ἕκλεψε

2382 2448 2474 2500 τὴν
2507 2447 2704 2514 ὑγείαν,
2756 2441 2882 2494 ἀλλὰ
2922 2445 3042 2516 παρ’
3103 2443 3307 2503 έχοντος
3356 2443 3516 2494 αὐτοῦ
3570 2447 3760 2499 ταύτην
3805 2445 3989 2515 έκομίο

3084 2265 3399 2337 Ἠρώτησεν,
3456 2265 3551 2317 οὐκ
3605 2264 3822 2336 ἀγνοῶν,
3880 2266 3992 2319 ἀλλ’

2384 2551 2531 2596 σατο,
2599 2532 2960 2604 ἀνομολογηση
3011 2536 3074 2583 τὰ
3104 2532 3217 2583 κατ’
3247 2532 3431 2595 αὐτὴν,
3464 2538 3553 2583 καὶ
3579 2534 3831 2603 γνωρισθῇ
3864 2540 3984 2593 τοῖς

2380 2620 2745 2684 ἀκολουθοῦσι,
2776 2627 2972 2681 ταύτης
2996 2625 3086 2692 μεν
3137 2623 3165 2678 ἡ
3223 2626 3423 2682 πίστις,
3459 2622 3615 2672 αὑτοῦ
3662 2617 3718 2672 δε
3747 2621 3776 2677 ἡ
3811 2615 3975 2672 δύνα-

2376 2732 2466 2783 μις
2509 2717 2597 2762 καὶ
2653 2717 2710 2762 τὸ
2775 2711 3054 2777 ἁλάοητον,
3120 2715 3208 2762 καὶ
3274 2716 3611 2781 μιμήσωνται
3664 2713 3750 2781 μὶν
3799 2709 3983 2763 πολλοὶ

2378 2808 2469 2857 την
2505 2807 2679 2852 πίστιν
2711 2800 2891 2864 αὐτῆς,
2925 2799 3195 2870 φοϐηθῶσι
3256 2796 3314 2851 δε
3364 2803 3421 2850 τὸ
3448 2797 3844 2870 παντοδὺναμον
3887 2799 3982 2850 α’)-

2376 2899 2466 2941 τοὺ
2533 2895 2616 2941 καὶ
2679 2895 3087 2950 πανεπίσκοπον,
3167 2894 3256 2940 καὶ
3320 2891 3403 2940 ἱνα
3479 2893 3568 2940 καὶ
3623 2891 3648 2940 6
3703 2887 3976 2963 ἀρχισυν-

2375 2982 2572 3049 άγωγος
2598 2978 2802 3030 πλείονα
2848 2977 2977 3049 λάϐῃ
3007 2983 3186 3030 πίστιν
3213 2976 3314 3028 ἀπὸ
3345 2986 3436 3029 τού
3462 2983 3717 3050 παρόντος
3767 2979 3979 3050 θαύμα-

2447 3049 2458 3066 ο

2374 3087 2480 3128 τος.

2446 3247 2791 3319 Ἀρνουμίνων
2851 3266 3044 3317 -μου
3108 3264 3122 3311 ;
3177 3244 3235 3299 ⁸0
3291 3251 3476 3318 Πέτρος
3529 3250 3620 3317 μιν
3673 3250 3800 3316 ᾤετο
3858 3251 3966 3319 περὶ

2372 3336 2540 3397 ἁπλῆς
2569 3336 2762 3408 έπαφῆς
2792 3336 2952 3407 λέγειν
3003 3340 3090 3388 τὸν
3141 3339 3388 3410 Χριστὸν.
3434 3335 3550 3388 καθ’
3600 3337 3662 3394 ἣν
3691 3339 3868 3395 πάντες
3912 3336 3956 3386 οἱ

2373 3425 2766 3487 ἀκολουθονντες
2814 3429 3034 3483 ἣπτοντο
3088 3426 3266 3494 αὑτοῦ,
3326 3430 3445 3498 περὶ
3501 3425 3660 3478 αὑτὸν
3719 3426 3946 3494 ὠθιζόμε-

2370 3534 2446 3566 νοι
2477 3520 2565 3567 καὶ
2615 3513 2996 3578 ἀποθλίϐοντες,
3051 3517 3234 3578 εἶτουν,
3294 3512 3700 3585 ἁποσφίγγοντες
3756 3513 3900 3563 αὐτόν
3933 3552 3945 3565 .

2369 3605 2526 3665 αὐτὸς
2576 3600 2633 3656 δὲ
2687 3603 2747 3655 οὗ
2815 3609 2927 3677 περὶ
2974 3606 3219 3664 τοιαύτης
3272 3601 3451 3673 ἔλεγεν,
3522 3601 3650 3655 ἀλλὰ
3702 3607 3813 3674 περὶ
3870 3610 3958 3662 τῆς

2366 3698 2640 3765 γενομένης
2683 3692 2737 3744 ix
2791 3698 3034 3754 πίστεως.
3107 3692 3307 3745 Πολλῶν
3379 3689 3438 3744 δε
3512 3701 3800 3750 τηνικαῦτα
3850 3692 3962 3762 (49)

2365 3787 2499 3835 κατὰ
2542 3787 2712 3853 τύχην
2753 3783 3048 3854 ἁπτομένων
3103 3783 3284 3846 αὐτοῦ,
3329 3778 3423 3834 διὰ
3479 3785 3564 3834 τὸν
3614 3783 3966 3854 συνωθισμόν,

2364 3879 2520 3946 μόνης
2569 3874 2759 3944 ᾔσθετο
2806 3880 2896 3931 τῆς
2944 3871 3145 3944 ἐπαφῆς
3185 3874 3398 3934 ταύτης,
3453 3876 3731 3944 γενομένης
3771 3869 3825 3922 έκ
3887 3877 3972 3923 πί-

2367 3983 2527 4024 στεως
2542 4005 2554 4016 .

2432 4052 2490 4104 Ὀ
2522 4048 2579 4104 δε
2613 4051 2820 4113 Ἰησοῦς
2877 4082 2943 4090 -
3005 4055 3103 4112 τίς·
3169 4050 3307 4104 Ἐπεὶ
3373 4051 3515 4102 οὖπω
3569 4045 3974 4122 διωμολόγησεν

2363 4144 2391 4200 η
2451 4146 2604 4212 γυνὴ,
2657 4139 2940 4212 φοϐουμένη
3018 4141 3243 4203 πάντως,
3309 4139 3460 4199 αὐτὸς
3509 4138 3732 4209 έπιμένει
3786 4139 3972 4209 λέγων,

2359 4228 2566 4301 Ἥψατο
2597 4233 2696 4300 μού
2742 4249 2841 4294 τις,
2889 4230 2971 4280 ἶνα
3025 4227 3295 4301 βλέπουσα
3344 4232 3434 4285 τήν
3493 4229 3734 4278 ἔνστασιν
3776 4227 3970 4293 αὑτοῦ,

2363 4319 2647 4392 αὐτόματος
2677 4318 2974 4391 ὁμολογήσῃ
3012 4323 3068 4370 τὸ
3107 4323 3334 4390 γεγονὸς,
3388 4320 3476 4369 καὶ
3521 4314 3647 4373 αὕτη
3677 4317 3735 4367 τὸ
3770 4315 3963 4386 θαῦμα

2361 4408 2686 4482 ἀνακηρύξη’

2431 4589 2564 4660 Ἐγὼ
2616 4620 2684 4628 -
2741 4586 2885 4660 ἔμοῡ.
2945 4589 3168 4659 Δύναμιν
3223 4587 3613 4656 θεραπευτικήν,
3693 4581 3970 4654 δηλονότι,

2362 4679 2420 4736 ἢν
2452 4678 2681 4730 εἵλκυσεν
2706 4679 2734 4735 η
2778 4684 2952 4738 πίστις
2985 4683 3078 4738 τῆς
3106 4679 3366 4746 γυναικός.
3400 4671 3522 4727 Εἶπε
3554 4670 3613 4726 δε
3638 4682 3790 4728 τοῦτο
3831 4680 3969 4745 πρὸς

2359 4767 2565 4820 πλείονα
2597 4764 2879 4838 βεϐαίωσιν
2908 4774 2996 4817 τον
3027 4771 3097 4836 μὴ
3167 4762 3360 4834 ἀγνοεῖν
3391 4768 3479 4820 τὴν
3511 4761 3801 4835 ἁψαμένην·
3839 4765 3866 4814 6
3903 4760 3968 4817 δε

2360 4859 2571 4928 Μάρκος
2601 4851 2753 4920 εἶπεν,
2787 4857 2867 4908 ὅτι
2909 4859 2999 4907 καὶ
3057 4851 3411 4928 περιεϐλέπετο
3465 4848 3594 4904 ἰδεῖν
3652 4857 3747 4910 τήν
3803 4861 3966 4906 τοῦτο

2357 4964 2424 4998 πο
2431 4950 2480 5003 ιη
2490 4963 2658 4997 σασαν
2666 4986 2680 5002 .

1807 5345 2032 5416 Variae
2059 5346 2385 5417 lectiones
2399 5357 2467 5416 et
2493 5356 2699 5416 notae.

644 5494 760 5569 (49)
789 5491 992 5548 Πολλῶν
1017 5493 1118 5568 γὰρ
1146 5497 1438 5551 τηνικαῦτα
1465 5490 1522 5546 Β.

606 5617 1177 5705 ..(νν)Επερρσιαῡαι
1212 5618 1347 5690 ipse.
1389 5616 1516 5690 Ipse
1552 5615 1612 5672 in
1651 5631 1720 5672 eo
1759 5617 2014 5689 persistit
2051 5633 2122 5673 ac
2141 5615 2227 5672 di-

568 5700 735 5839 cn(oss)
789 5764 1113 5836 Stupet-em,
1180 5762 1483 5818 "Emi-am.
1532 5759 1659 5817 loco
1723 5763 1962 5812 ἔνστασιν
1994 5759 2229 5816 videtur

2335 5615 2573 5687 legisse.
2605 5595 2826 5687 ltedde,
2859 5613 3036 5687 hujus
3058 5611 3575 5684 perseverantiam.
3593 5613 3742 5670 Nam
3772 5612 3954 5665 an...

2340 5683 2425 5751 σιξ
2450 5703 2572 5745 non
2605 5685 2803 5744 diﬁ‘ert
2833 5686 2912 5744 ab
2936 5683 3197 5759 έπιμονή.
