4210 6456
255 404 360 462 945

1349 401 1711 458 COMMENT.
1755 399 1826 455 IN
1871 398 2128 455 LUCAM.
2169 429 2241 442 -
2277 399 2439 459 CAP.
2480 400 2574 456 IX.

3526 397 3631 453 946

331 529 548 586 ’Ῐδοῧσα
577 528 636 585 δὶ
664 561 732 572 -
763 527 906 589 ἧλθε.
931 533 1228 604 Τρέμουσα,
1259 530 1368 602 ἅμα
1398 532 1507 602 μὲν,
1537 533 1625 580 καὶ
1653 525 1746 580 διὰ
1769 530 1861 584 τὴν

2046 525 2210 580 Vers.
2237 526 2322 581 47.
2359 526 2502 582 Cum
2545 541 2679 594 ergo
2701 523 2928 580 videret
2954 553 3021 564 -——
3052 497 3306 579 accessit.
3328 522 3630 587 Tremens,

261 619 482 694 δύναμιν
504 622 662 673 αὐτοῦ
686 638 697 650 ’
724 619 835 693 ἅμα
859 616 938 686 δὲ,
966 625 1054 671 καὶ
1081 616 1174 672 διὰ
1201 623 1285 671 τὸν
1311 623 1483 689 νόμον,
1517 619 1598 671 ὃτι
1629 618 1865 690 ἀκάθαρ-

263 729 350 772 τος
374 708 527 779 οὖσα,
560 710 732 781 ἥψατο
763 716 854 762 τοῦ
883 710 1138 784 καθαροῦ.

339 893 439 941 Καὶ
483 895 860 963 προσπεσοῦσα
897 919 963 930 —-
1012 894 1369 961 παραχρῆμα.
1412 885 1540 939 Καθ’
1576 882 1864 958 ύπέρϐατόν

265 976 406 1030 ἔστιν
437 979 467 1036 ἡ
503 977 744 1040 σύνταξις
786 985 886 1029 τῶν
915 977 1106 1052 ῥητῶν,
1155 977 1235 1028 ὅτι
1282 981 1662 1049 προσπεσοῦσα
1701 973 1860 1042 αύτῷ.

265 1066 562 1138 ἀνήγγειλεν
585 1066 725 1137 αύτῷ
752 1065 962 1118 ἐνώπιον
992 1069 1183 1127 παντὸς
1210 1073 1302 1118 τοῦ
1330 1064 1478 1128 λαοῦ,
1505 1061 1578 1116 δι’
1603 1066 1662 1122 ἣν
1694 1062 1861 1114 αἰτίαι

266 1155 442 1227 ᾖψατο
467 1155 647 1219 αὐτοῦ,
675 1151 905 1219 δηλαδὴ,
930 1153 1216 1217 λεληθότως
1245 1170 1256 1182 ’
1278 1155 1473 1210 ταύτην
1492 1148 1550 1205 δὲ
1575 1156 1667 1210 τὴν
1691 1152 1863 1203 αἰτίαν

265 1249 643 1318 προειρήκαμεν
675 1243 908 1316 ἀνωτέρω
919 1287 929 1298 .

334 1334 393 1386 Ὀ
434 1331 492 1386 δε
539 1334 740 1394 Ἰησοῦς
799 1365 850 1372 -
907 1352 980 1386 σε.
1029 1339 1114 1390 Μὴ
1162 1331 1342 1404 φοϐοῦ,
1384 1336 1515 1404 μήτε
1573 1330 1677 1402 ἐμὲ,
1734 1334 1866 1402 μήτε

263 1426 348 1475 τόν
394 1428 566 1494 νόμον.
618 1422 703 1475 Ἐκ
755 1427 982 1483 πίστεως
1032 1424 1155 1495 γὰρ,
1208 1421 1301 1473 οὐκ
1332 1419 1386 1472 έκ
1432 1424 1865 1494 καταφρονήσεως

265 1512 404 1582 ἧψῶ⁹
433 1518 522 1564 καὶ
567 1512 764 1578 λοιπόν,
814 1513 843 1570 ἠ
876 1516 1058 1572 πίστις
1091 1530 1184 1562 σου
1233 1509 1355 1582 παρ’
1392 1508 1515 1581 ἐμοῦ
1559 1513 1667 1581 μὲν,
1712 1527 1862 1580 προε-

265 1601 444 1664 ξένησέ
479 1621 562 1653 σοι
591 1606 686 1659 τὴν
729 1600 842 1672 (50)
873 1601 1050 1672 ὑγείαν
1074 1617 1086 1630 ⁸
1118 1602 1260 1672 παρά
1310 1596 1368 1651 δὲ
1410 1607 1502 1650 τοῦ
1537 1604 1716 1670 νόμου,
1771 1602 1864 1656 τὴν

263 1693 465 1762 ἄφεσιν.
507 1698 579 1763 Τῇ
613 1696 786 1742 πίστει
833 1687 892 1742 δε
934 1690 1093 1750 αὐτῆς
1140 1693 1198 1740 τὸ
1237 1695 1337 1740 πᾶν
1384 1687 1734 1762 ἐπεγράψατο,
1784 1688 1866 1738 ἵνα

260 1788 349 1832 καὶ
387 1779 530 1832 ἄλλοι
583 1784 705 1850 πρὸς
744 1785 923 1832 πίστιν
964 1778 1365 1851 έφελκυσθῶσιν,
1419 1779 1488 1838 ὡς
1544 1777 1820 1851 εἰρήκαμεν
1847 1796 1860 1808 ο

1976 619 2104 670 tum
2135 615 2562 687 propterillius
2593 615 2886 677 virtutem,
2939 617 3064 668 tum
3110 614 3352 682 propter
3411 608 3626 679 legem,

1974 705 2162 776 quod,
2189 721 2326 760 cum
2357 703 2676 760 immunda
2706 707 2880 770 esset,
2911 717 3070 769 eum,
3089 699 3193 772 qui
3214 698 3481 756 mundus
3507 701 3636 756 erat

1976 794 2276 864 tetigisset.

2046 885 2212 940 Vers.
2240 885 2327 939 47.
2363 885 2452 940 Ac
2482 882 2736 952 procidit
2768 881 3136 952 —protinus.
3177 878 3282 934 Per
3327 876 3635 950 hyperba-

1973 981 2072 1030 ton
2106 975 2354 1030 estordo
2377 972 2724 1030 verborum.
2758 970 3010 1027 Procidit
3040 967 3119 1025 ad
3148 968 3333 1041 pedes
3379 967 3530 1040 ejus,
3577 971 3636 1024 et

1973 1065 2257 1120 indicavit
2287 1063 2337 1118 ei
2355 1079 2557 1120 coram
2588 1061 2753 1117 omni
2779 1058 3026 1133 populo,
3053 1057 3134 1114 ob
3161 1073 3350 1130 quam
3375 1072 3632 1113 causam

1973 1154 2138 1210 illum
2192 1153 2500 1222 tetigisset,
2561 1156 2706 1224 puta
2763 1149 2910 1206 clam
2964 1148 3087 1204 sive
3148 1145 3423 1204 occulte:
3473 1146 3632 1203 hanc

1975 1251 2175 1300 autem
2203 1259 2453 1299 causam
2479 1240 2751 1312 superius
2780 1237 3190 1312 praediximus.

2045 1334 2208 1389 Vers.
2243 1336 2329 1388 48.
2359 1332 2520 1389 Iesus
2554 1338 2740 1386 autem
2772 1360 2838 1370 —
2889 1335 2961 1385 te.
3009 1331 3089 1384 Ne
3133 1330 3236 1383 aut
3270 1327 3381 1394 :me
3424 1329 3526 1382 aut
3556 1325 3634 1382 le-

1976 1440 2110 1494 gem
2143 1422 2362 1477 timeas.
2397 1421 2476 1476 Ex
2507 1419 2624 1475 ﬁde
2641 1419 2800 1475 enim
2831 1423 2885 1473 et
2913 1433 3031 1473 non
3060 1433 3134 1472 ex
3177 1420 3526 1488 contemptu
3551 1419 3632 1472 te-

1975 1513 2152 1584 tigisti
2188 1529 2202 1578 ;
2228 1517 2282 1567 et
2307 1516 2461 1566 certe
2488 1509 2637 1564 ﬁdes
2667 1512 2772 1563 tua
2802 1527 2834 1562 a
2863 1523 2956 1562 me
3001 1506 3247 1578 quidem
3297 1505 3634 1561 conciliavit

1975 1603 2078 1658 tibi
2101 1601 2436 1662 sanitatem,
2451 1598 2622 1666 alege
2640 1613 2780 1652 vero
2795 1595 3234 1652 remissionem.
3253 1594 3414 1649 Fidei
3433 1599 3632 1650 autem

1975 1689 2129 1746 illius
2158 1693 2351 1744 totum
2385 1684 2646 1742 attribuit
2673 1685 3001 1754 negotium,
3030 1687 3092 1737 ut
3119 1687 3176 1737 et
3204 1681 3302 1738 alii
3343 1680 3419 1738 ad
3446 1681 3631 1737 ﬁdem

1975 1778 2427 1840 attraherentur,
2457 1775 2610 1830 sicut
2639 1773 3042 1846 praediximus.
3104 1770 3374 1828 Ostendit
3429 1770 3630 1842 itaque

261 1866 424 1931 ἔδειξε
454 1865 512 1921 δε
550 1867 817 1920 κάνταῦθα
1004 1869 1029 1919 6
1061 1871 1306 1941 Χριστὸς,
1358 1869 1436 1918 ὅτι
1488 1863 1663 1926 οὐδεὶς
1713 1865 1861 1917 ἀκού-

1982 1884 2081 1940 per
2105 1868 2220 1923 hoc
2250 1865 2535 1931 Christus,
2584 1863 2748 1936 quod
2800 1861 3000 1916 nullus
3050 1860 3130 1916 ob
3187 1859 3469 1916 morbum
3531 1858 3623 1915 vel

265 1978 376 2010 σιον
435 1961 570 2029 ἔχων
618 1959 804 2020 πάθος,
874 1955 1166 2030 ἀκάθαρτος
1223 1955 1335 2008 ἐστι
1392 1957 1534 2028 παρά
1589 1962 1660 2025 τῷ
1715 1960 1861 2024 Θεῷ’

266 2049 527 2119 θυγατέρα
558 2043 615 2098 δε
669 2046 830 2103 αὐτὴν
882 2045 1134 2114 ἐκάλεσεν,
1182 2048 1250 2104 ὡς
1297 2045 1685 2101 υίοθετηθεῐσαν
1724 2043 1865 2114 αύτῷ

267 2132 361 2188 διὰ
409 2141 650 2204 πίστεως,
693 2139 782 2185 καὶ
827 2132 938 2205 ἅμα
993 2130 1084 2185 διὰ
1135 2141 1226 2192 τῆς
1278 2136 1638 2207 προσηγορίας
1675 2134 1867 2192 ταύτης

264 2223 523 2285 παντελῶς
567 2227 654 2275 τὸν
695 2221 848 2296 φόϐον
880 2222 1038 2282 αὐτῆς
1086 2220 1338 2273 ἐκϐάλλων
1395 2226 1484 2273 καὶ
1528 2221 1867 2294 οἰκειούμενος

267 2312 450 2370 αύτήν.

340 2404 569 2474 Πορεύου
620 2400 686 2461 εἰς
739 2399 964 2474 εἰρήνην.
1027 2404 1132 2457 Τὴν
1191 2401 1290 2451 ἀπὸ
1351 2406 1445 2452 τοῦ
1495 2404 1683 2472 μηκέτι
1721 2400 1866 2453 πολε-

263 2492 479 2562 μεῖσθαι
515 2491 616 2542 ύπό
647 2497 737 2541 τοῦ
786 2491 1002 2550 πάθους.
1047 2490 1190 2540 Κατά
1239 2484 1298 2540 δε
1342 2486 1636 2560 ἀναγωγὴν,
1680 2493 1756 2548 εἴη
1801 2492 1863 2542 οἷν

261 2579 539 2654 αἱμόρρους
580 2582 608 2636 ἡ
662 2582 816 2651 φύσις
855 2587 952 2630 τῶν
985 2577 1283 2650 ἀνθρώπων,
1333 2581 1450 2639 ἣτις
1498 2582 1596 2648 πρὸ
1644 2587 1736 2630 τοῦ
1785 2578 1863 2631 ἐλ-

261 2671 363 2720 θεῖν
391 2675 476 2720 τόν
505 2673 757 2740 Χριστόν,
787 2665 1018 2738 ἐπήγαζε
1062 2671 1156 2723 τὴν
1189 2665 1516 2738 ἀκαθαρσίαν
1549 2676 1644 2730 τῆς
1694 2668 1866 2742 ἀμαρ-

256 2763 389 2822 τίας,
435 2762 668 2829 φοινικῆν
695 2753 875 2822 οὖσαν,
927 2760 1068 2822 ἤτοι,
1121 2761 1350 2827 φονικὴν.
1404 2753 1571 2808 Οὐδὲν
1613 2753 1671 2809 δε
1728 2758 1862 2830 ὠφε-

256 2847 388 2904 λήθη
433 2849 576 2919 παρά
604 2855 703 2898 τῶν
733 2845 980 2917 ψυχικῶν
1014 2845 1200 2919 ἰατρῶν
1244 2845 1430 2914 αὐτῆς,
1464 2845 1595 2916 λέγω
1627 2843 1718 2910 δὴ,
1764 2856 1862 2899 τῶν

259 2936 545 3008 φιλοσόφων
572 2953 582 2964 ·
643 2934 771 2986 ἀλλά
799 2939 887 2986 καὶ
939 2935 1126 3006 μάλλον
1172 2932 1358 2992 ἐϐλάϐη
1410 2942 1525 2994 ταῖς
1569 2933 1862 2998 ἀλλοκότοις

259 3021 638 3086 διδασκαλίαις
677 3023 878 3076 αὐτῶν·
911 3021 1148 3095 ἁψαμένη
1194 3019 1252 3074 δὲ
1283 3031 1373 3074 τοῦ
1418 3025 1626 3094 ἱματίου
1676 3025 1857 3090 αὐτοῦ,

256 3119 515 3182 τουτέστι,
571 3123 666 3175 τῆς
725 3119 1030 3187 σαρκῶσεως
1083 3111 1264 3179 αὑτοῦ,
1327 3108 1419 3163 διὰ
1471 3117 1712 3178 πίστεως,
1773 3115 1862 3165 αύ-

1975 1956 2373 2022 affectionem,
2401 1969 2586 2026 quam
2619 1952 2838 2008 invitus
2871 1950 3105 2022 patitur,
3139 1948 3492 2004 immundus
3543 1952 3631 2004 est

1974 2048 2136 2118 apud
2165 2048 2370 2100 Deum.
2415 2042 2624 2098 Filiam
2645 2040 2996 2111 veroipsam
3013 2037 3270 2104 vocavit,
3309 2041 3632 2112 utpoteper

1973 2135 2155 2190 ﬁdem
2190 2133 2304 2188 sidi
2333 2131 2684 2204 adoptatam
2724 2147 2736 2184 :
2763 2128 2939 2185 simul
2968 2128 3138 2184 etiam
3161 2125 3632 2200 hujusmodiap—

1973 2223 2288 2296 pellatione
2309 2220 2584 2276 timorem
2606 2219 2841 2291 penitus
2872 2217 2952 2273 ab
2979 2233 3051 2273 ea
3070 2215 3384 2287 repellens,
3409 2214 3628 2288 ipsam-

1973 2330 2090 2386 que
2123 2311 2233 2367 sibi
2267 2309 2617 2365 familiarem
2648 2307 2931 2364 reddens.

2044 2403 2210 2458 Vers.
2251 2402 2343 2456 48.
2390 2399 2626 2455 Vadein
2650 2412 2816 2467 pace.
2851 2397 2981 2462 Qua
3004 2394 3290 2466 deinceps
3323 2409 3360 2450 a
3425 2392 3630 2452 morbo

1973 2508 2088 2548 non
2122 2489 2493 2562 impugneris
2513 2487 2692 2542 Juxta
2719 2499 3036 2555 anagogen
3059 2499 3198 2539 vero
3249 2481 3493 2552 intelligi
3523 2498 3629 2555 po-

1972 2587 2083 2637 test
2113 2579 2409 2648 sanguine
2438 2578 2648 2647 ﬂuens,
2670 2580 2887 2631 natura
2907 2573 3177 2629 humana
3210 2587 3222 2627 :
3251 2588 3408 2645 quae.
3439 2572 3632 2645 prius-

1970 2686 2156 2744 quam
2188 2666 2414 2723 veniret
2459 2665 2741 2728 Christus,
2807 2662 3094 2718 manabat
3138 2661 3357 2734 peccati
3383 2660 3632 2733 impuri-

1972 2764 2088 2814 tate
2116 2757 2506 2827 sanguinaria
2537 2755 2661 2810 sive
2707 2751 3008 2808 mortifera
3060 2768 3075 2818 ;
3127 2767 3238 2806 nec
3287 2749 3629 2824 quidquam

1971 2847 2298 2919 adjumenti
2329 2848 2598 2901 senserat
2621 2859 2658 2899 a
2696 2840 3064 2914 spiritalibus
3114 2840 3455 2896 animorum
3501 2855 3628 2895 me-

1971 2938 2141 3005 dicis,
2172 2936 2416 3009 quiejus
2437 2950 2645 2990 curam
2668 2932 3023 2996 habuerant,
3057 2935 3203 3002 puta
3228 2928 3626 3002 philosophis:

1971 3026 2076 3081 sed
2105 3025 2525 3081 detrimentum
2551 3023 2749 3094 potius
2778 3023 3136 3092 susceperat,
3183 3034 3288 3090 per
3317 3023 3628 3074 extraneas

1971 3131 2039 3170 ac
2077 3113 2376 3170 absurdas
2416 3127 2625 3168 eorum
2677 3109 3000 3165 doctrinas.
3055 3110 3124 3164 Ut
3163 3112 3365 3163 autem
3415 3107 3628 3164 Christi

255 3207 376 3255 τίκα
428 3203 568 3260 ἰάθη.
618 3207 718 3255 Καὶ
747 3205 846 3275 γὰρ
897 3200 1116 3252 ἅπτεται
1164 3207 1254 3250 τοῦ
1305 3202 1512 3271 ἱματίου
1553 3201 1712 3252 αὐτοῦ
1768 3199 1861 3254 διὰ

1982 3203 2152 3273 :etigit
2203 3202 2630 3267 vestimentum,
2662 3197 2777 3253 hoc
2821 3201 2925 3262 est,
2972 3195 3438 3251 incarnationem
3497 3195 3628 3266 ejus

255 3296 478 3352 πίστεως
541 3291 680 3360 (52),
758 3295 856 3349 πᾶς
922 3290 946 3339 6
1012 3291 1269 3340 πιστεύων
1341 3296 1400 3359 τῇ
1476 3287 1860 3362 ένανθρωπησει

257 3381 438 3432 αυτοῦ.

325 3467 444 3520 "Et:
477 3499 544 3508 —
573 3469 890 3523 σωθήσεταί.
936 3472 1115 3517 Ταῦτα
1143 3470 1231 3516 καὶ
1263 3467 1287 3516 6
1319 3467 1529 3539 Μάρκος
1558 3466 1778 3541 ἔγραψεν
1809 3467 1857 3520 έν

253 3567 326 3628 τῷ
359 3551 779 3628 τρισκαιδεκάτῳ
806 3553 1085 3627 κεφαλαίῳ,
1116 3559 1205 3606 καὶ
1227 3555 1459 3615 ζήτησον
1487 3558 1533 3607 ἐν
1565 3554 1734 3626 ἐκείνῳ
1766 3561 1858 3614 τὴν

254 3648 542 3720 ἑρμηνείαν.

327 3735 514 3788 Ε’λθὼν
544 3731 575 3786 δ
581 3737 601 3786 ε
633 3764 698 3774 —
731 3732 976 3786 ἀπέθανεν
1003 3732 1136 3804 (53).
1160 3733 1380 3806 Ὁμοίως
1408 3739 1496 3785 καὶ
1525 3738 1641 3805 περὶ
1663 3736 1853 3786 τούτων

252 3827 452 3877 πάντων
482 3823 528 3876 ἐν
570 3822 740 3894 ἐκείνῳ
789 3828 1189 3895 σεσαφὴνισται.
1223 3824 1532 3876 Ἐκόπτοντο
1581 3820 1639 3876 δε
1669 3823 1848 3890 αὐτὴν,

254 3912 362 3966 ἀντὶ
389 3921 502 3978 τοῦ,
534 3914 778 3984 ἐθρήνουν
802 3912 984 3969 αὐτὴν.

324 4008 421 4057 Καὶ
469 4008 740 4077 κρατήσας
789 4033 853 4042 -
898 4005 1124 4073 γεγονός.
1183 4001 1298 4055 Ἔτι
1345 4007 1435 4054 καὶ
1481 4006 1598 4077 περὶ
1654 4005 1848 4055 τούτων

248 4093 638 4166 ἀπαραλείπτως
671 4093 904 4164 εὑρήσεις
936 4089 982 4142 έν
1013 4091 1204 4162 ἐκείνῳ.

409 4188 552 4236 ΚΕΦ.
585 4181 703 4234 KZ'.
738 4184 860 4254 Περὶ
889 4187 980 4240 τῆς
1011 4179 1300 4241 ἀποστολῆς
1321 4189 1421 4233 τῶν
1454 4177 1682 4234 δώδεκα.

315 4271 765 4342 Συγκαλεσάμενος
857 4300 922 4308 —
1008 4271 1321 4341 θεραπεύειν.
1418 4274 1636 4344 Εἴρηται
1729 4276 1845 4345 περὶ

246 4364 438 4411 τούτων
501 4359 547 4410 ἐν
600 4367 670 4426 τῷ
755 4355 1190 4429 ἐννεακαιδεκάτῳ
1247 4358 1506 4430 κεφαλαίῳ
1565 4367 1655 4411 τοῦ
1712 4363 1846 4411 κατά

247 4449 534 4500 Mareotica.

1969 3308 2074 3364 per
2104 3291 2302 3359 ﬁdem,
2327 3294 2569 3361 repente
2611 3293 2818 3342 sanata
2834 3291 2940 3341 est.
2969 3285 3110 3356 Ejus
3133 3283 3423 3356 siquidem
3440 3284 3628 3353 tangit

1969 3380 2407 3444 vestimentum,
2427 3376 2698 3450 quisquis
2721 3373 2906 3431 credit
2921 3373 3108 3445 ipsius
3126 3373 3624 3429 incarnationem.

2046 3472 2210 3526 Vers.
2245 3473 2338 3526 49.
2395 3468 2609 3523 Adhuc
2645 3497 2712 3506 —
2745 3464 2903 3519 Vers.
2949 3465 3040 3519 50.
3096 3464 3258 3519 salva
3315 3462 3453 3520 erit.
3496 3463 3626 3519 haec

1967 3561 2145 3617 etiam
2179 3559 2416 3631 scripsit
2437 3559 2666 3613 Marcus
2693 3555 2927 3611 decimo
2957 3552 3127 3610 tertio
3157 3551 3374 3625 capite,
3401 3557 3458 3609 et
3476 3563 3531 3610 in
3553 3568 3624 3610 eo

1965 3665 2167 3722 quaere
2197 3647 2763 3721 interpretationem.

2035 3740 2200 3794 Vers.
2235 3740 2321 3795 51.
2359 3738 2502 3794 Cum
2523 3742 2719 3792 autem
2751 3733 3002 3792 venisset
3033 3764 3100 3774 —
3158 3733 3300 3788 Vers
3329 3735 3415 3789 53.
3468 3749 3626 3790 mor-

1963 3836 2068 3886 tua
2097 3836 2250 3886 esset.
2279 3826 2553 3884 Similiter
2577 3830 2634 3881 et
2662 3824 2793 3880 haec
2824 3822 3029 3880 omnia
3055 3821 3152 3879 illo
3209 3822 3400 3895 capite
3426 3821 3623 3895 expla-

1958 3923 2102 3975 nata
2131 3920 2289 3974 sunt.

2027 4008 2192 4064 Vers.
2220 4009 2306 4062 54.
2340 4007 2422 4062 Et
2441 4002 3075 4075 apprehensa—Vers.
3094 4007 3178 4060 56.
3223 4000 3616 4074 quodfactum

1956 4103 2039 4152 est
2070 4138 2082 4152 .
2115 4097 2196 4151 De
2217 4096 2311 4151 his
2333 4110 2578 4168 quoque
2600 4093 2764 4149 nullo
2790 4092 3186 4165 praetermisso
3213 4091 3295 4148 ibi
3322 4091 3610 4148 invenies.

1957 4186 2114 4240 CAP.
2147 4187 2353 4240 XXVII.
2399 4185 2484 4240 De
2513 4183 2785 4238 missione
2826 4180 3135 4237 duodecim
3181 4180 3612 4249 apostolorum.

2027 4276 2165 4345 Cap.
2202 4275 2284 4329 IX.
2325 4274 2481 4327 Vers.
2531 4276 2578 4328 l.
2607 4269 2942 4326 Convocatis
2971 4301 3039 4309 —
3070 4275 3138 4323 ut
3159 4273 3467 4337 curarent,
3491 4268 3616 4323 Dic-

1954 4367 2078 4418 tum
2103 4361 2283 4417 estde
2309 4361 2402 4416 his
2421 4359 2655 4415 decimo
2676 4358 3023 4429 nonojuxta
3041 4356 3380 4412 Matthteum
3399 4354 3612 4428 capite.

322 4541 420 4588 Καὶ
446 4534 735 4588 ἀπέστειλεν
777 4565 820 4576 -
848 4535 1196 4597 ἀσθενοῖντας.
1231 4536 1311 4588 Ἐν
1343 4535 1511 4608 ἐκείνῳ
1545 4533 1842 4595 διείληπται

2025 4540 2184 4596 Vers.
2219 4543 2270 4594 2.
2309 4540 2385 4595 Et
2413 4538 2576 4595 misit
2604 4567 2673 4578 —
2702 4537 2988 4608 inﬁrmos,
3023 4533 3247 4591 Eodem
3298 4533 3494 4605 capite
3537 4533 3613 4590 de

243 4631 332 4677 καὶ
389 4629 508 4699 περὶ
564 4628 775 4696 τούτων,
835 4627 954 4678 ἔνθα
1008 4632 1174 4677 κεῖται
1223 4630 1316 4677 τό·

936 4716 1013 4766 ὅτι
1073 4718 1286 4785 ἤγγικεν
1358 4718 1387 4772 ἡ
1447 4713 1692 4788 βασιλεία
1744 4726 1842 4768 τῶν

1397 4631 1733 4700 Πορευόμενοι
1785 4624 1843 4680 δε

242 4715 552 4787 κηρύσσετε,
613 4713 858 4785 λέγοντες,

243 4805 492 4876 ούρανῶν.

313 4898 414 4946 Καὶ
447 4888 553 4945 εἶπε
581 4923 645 4933 -—
671 4895 830 4964 ἔχειν.
867 4891 1092 4963 Ὁμοίως
1119 4897 1208 4944 καὶ
1240 4897 1354 4967 περὶ
1381 4896 1595 4949 τούτων.

315 4986 414 5034 Καὶ
447 4981 518 5044 εἰς
547 5011 616 5022 --
659 4980 955 5056 ἐξέρχεσθε.
989 4986 1088 5034 Καὶ
1118 4986 1234 5054 περὶ
1264 4985 1447 5036 τούτου
1477 4983 1788 5061 πλατύνερον
1815 4988 1840 5039 ό

239 5072 504 5132 Ματθαῖος
535 5070 642 5123 ἐκεῖ
668 5072 938 5145 ἱστόρησε.

311 5245 360 5282 ⁸ο
385 5245 654 5318 Matth.x,
683 5251 739 5302 7.

1951 4629 2042 4685 his
2064 4645 2300 4702 quoque
2315 4627 2590 4683 distincte
2610 4627 2835 4683 dictum
2853 4631 2957 4690 est,
2976 4623 3077 4680 ubi
3090 4623 3332 4697 ponitur
3355 4624 3612 4683 :Euntes

1953 4726 2146 4776 autem
2170 4717 2510 4789 pradicate,
2533 4717 2787 4773 dicentes
2804 4715 3014 4771 :Instat
3043 4728 3292 4785 regnum
3308 4711 3609 4770 caelorum.

2023 4898 2183 4954 Vers.
2213 4900 2263 4954 3.
2289 4897 2369 4952 Et
2399 4895 2484 4953 ait
2516 4926 2582 4936 —
2611 4893 2901 4952 habeatis.
2934 4892 3208 4950 Similiter
3221 4895 3277 4949 et
3292 4891 3366 4949 de
3383 4891 3498 4949 his.

2019 4988 2186 5043 Vers.
2219 4987 2381 5044 4.Et
2420 4985 2480 5040 in
2522 5015 2592 5026 -
2643 4984 2815 5042 exite.
2867 4983 2946 5038 De
3001 4981 3094 5039 his
3140 4996 3378 5055 quoque
3431 4981 3611 5038 latius

1950 5076 2190 5150 scripsit
2213 5075 2295 5134 ibi
2322 5075 2629 5133 Matthmus
2665 5075 2737 5128 σο.

1453 5375 1678 5444 Variae
1718 5377 2046 5447 lectiones
2089 5388 2156 5447 et
2201 5387 2402 5446 notae.

311 5566 426 5638 (50)
468 5572 566 5620 Σου
595 5571 710 5626 τήν.
747 5573 808 5621 Α.

309 5639 423 5710 (51)
465 5641 526 5692 Δὶ
555 5640 850 5692 κάντεῦθεν.
892 5645 949 5692 Β.

305 5711 399 5780 (52
462 5713 558 5764 Διά
587 5715 830 5776 πίστεως,
865 5710 1081 5766 omittit
1111 5711 1175 5768 Β.

309 5713 422 5857 (53;
489 5781 628 5842 Post
680 5781 922 5850 ἀπέθανε,
988 5784 1175 5844 omitti

309 5781 422 5855 (53)
489 5781 628 5842 Post
680 5781 922 5850 ἀπέθανε,
988 5784 1208 5844 omittit
1267 5784 1450 5846 etiam
1516 5789 1840 5847 Hentenius

2352 5591 2378 5626 Β
2408 5591 2418 5630 Σ

1951 5575 2138 5632 verba
2182 5581 2378 5631 textus
2408 5591 2418 5630 :
2472 5575 2632 5637 Αὐτὸς
2665 5575 2724 5628 δὲ
2751 5575 2974 5628 ἐκϐαλὼν
3006 5575 3102 5637 ἔξω
3139 5575 3359 5638 πάντας,
3384 5575 3449 5630 in
3498 5586 3612 5632 sua

1951 5648 2246 5777 zelresliiqne,
2281 5647 2521 5706 tametsi
2560 5647 2622 5706 in
2651 5646 3002 5707 Praefatione
3027 5645 3176 5705 nihil
3205 5660 3278 5705 ea
3296 5645 3371 5702 de
3398 5659 3462 5704 re
3485 5659 3612 5704 mo-

1949 5734 2169 5777 nuerlt.

2472 5574 2632 5637 Αὐτὸς
2665 5571 2724 5628 δὲ
2751 5571 2974 5628 ἐκϐαλὼν
3006 5572 3102 5637 ἔξω
3139 5572 3359 5638 πάντας,
3384 5571 3449 5630 in
3498 5586 3612 5632 sua
