4210 6444
648 345 753 402 943

719 471 882 528 Vers.
909 475 996 530 42.
1019 473 1180 530 Inter
1207 473 1462 530 eundum
1485 480 1685 532 autem
1711 506 1780 518 —
1821 493 1975 535 eum.
2008 478 2308 535 Constrin-
2340 481 2385 534 A

644 559 885 630 gebant,
919 562 1418 635 comprimebant,
1446 563 1819 636 impellentes
1849 567 2009 623 circa
2039 583 2197 623 eum.

641 648 799 706 CAP.
827 652 1001 707 XXVI.
1058 653 1142 708 De
1185 652 1434 709 muliere
1483 654 1778 724 proﬂuvio
1807 658 2121 728 sanguinis
2147 657 2306 714 labo-

1376 758 1486 799 ran
1495 749 1570 800 te.

715 828 876 886 Vers.
908 832 996 888 43.
1029 830 1109 888 Et
1147 830 1362 888 mulier
1391 861 1461 873 —
1493 834 1655 891 Vers.
1684 834 1774 890 44.
1820 836 1978 906 ejus.
2010 836 2101 892 Ab
2131 837 2305 894 annis

638 916 962 985 duodecim,
982 918 1046 975 id
1076 923 1186 987 est,
1209 920 1733 978 annosduodecim
1771 939 1785 989 ;
1810 923 1921 980 hoc
1945 925 2106 981 enim
2127 926 2304 997 signi-

639 1006 974 1065 ﬁcaverunt
1001 1007 1230 1080 priores
1259 1010 1660 1081 evangelistaa.
1703 1015 1931 1070 Marcus
1956 1029 2095 1070 vero
2127 1016 2171 1049 ⁸⁷
2200 1016 2304 1071 ad-

637 1095 808 1164 didit,
850 1097 1016 1169 quod
1066 1113 1185 1154 non
1218 1098 1416 1156 solum
1455 1115 1492 1156 a
1535 1100 1788 1157 medicis
1817 1102 1876 1157 in
1903 1102 2066 1159 nullo
2097 1103 2303 1174 adjuta

636 1183 850 1249 fuerat,
901 1201 1112 1242 verum
1157 1187 1338 1244 etiam
1369 1189 1564 1258 magis
1621 1189 1683 1245 in
1719 1190 1983 1246 deterius
2037 1198 2298 1250 venerat.

637 1273 793 1340 Quid
814 1273 890 1331 sit
912 1281 1108 1332 autem
1147 1275 1406 1343 ﬁmbria,
1450 1277 1677 1335 dictum
1724 1285 1816 1336 est
1851 1279 2084 1337 decimo
2138 1287 2298 1336 sexto

634 1363 827 1438 capite
866 1363 1164 1436 Evangelii
1213 1365 1548 1423 secundum
1612 1368 1964 1424 Matthaaum.
2013 1367 2299 1425 Prasterea

633 1453 776 1511 dicit
803 1456 1027 1510 Marcus
1055 1455 1124 1519 ⁴⁶,
1158 1456 1396 1511 venisse
1426 1456 1623 1529 ipsam
1652 1457 1714 1513 in
1727 1457 1952 1514 turbaa
1972 1463 2160 1529 tergo,
2181 1458 2298 1515 hoc

631 1547 740 1612 est,
770 1542 1168 1600 immiscuisse
1217 1559 1281 1601 se
1323 1545 1532 1611 turbae,
1572 1546 1740 1618 quod
1768 1546 1951 1604 latere
1990 1547 2292 1604 niteretur.

707 1632 824 1692 Sed
848 1649 954 1690 cur
967 1633 1276 1691 manifeste
1314 1650 1438 1691 non
1470 1635 1654 1706 tetigit
1681 1641 1704 1687 7
1726 1637 1879 1702 Quia
1907 1636 2294 1709 seipsamim-

626 1723 924 1782 mundam
955 1739 1094 1782 esse
1127 1723 1374 1788 sciebat,
1422 1729 1501 1794 et,
1538 1740 1698 1792 cum,
1728 1725 1827 1797 qui
1853 1727 2122 1782 mundus
2169 1732 2296 1784 erat

1981 347 2328 406 EUTHYMII
2369 349 2695 410 ZIGABENI

3925 359 4053 417 944

2492 482 2569 535 Ἐν
2602 480 2660 535 δι
2686 491 2756 553 τῷ
2796 485 3013 555 ὑπάγειν
3041 514 3109 526 —
3139 484 3315 538 αὐτόν.
3368 487 3730 556 Συνέσφιγγον,
3764 485 4053 558 ὠθιζόμε-

2416 589 2493 622 νοι
2514 576 2630 643 περὶ
2658 571 2828 626 αύτον.

2706 665 2856 717 ΚΕΦ.
2902 662 3016 726 Κςζ
3052 668 3175 736 Περὶ
3202 672 3296 722 τῆς
3330 661 3734 736 αἱμοῤῥοούσης.

2489 845 2588 892 Καὶ
2653 846 2781 910 γυνη
2875 871 2940 881 -
2995 841 3171 900 αὐτῆς.
3233 845 3349 894 Arte
3417 841 3541 892 ἐτῶν
3595 836 3826 904 δώδεκα,
3909 844 4037 894 ἀντι

2413 936 2504 979 τού
2531 928 2580 980 ἄν
2621 932 2757 981 ἔτεσι
2808 925 3036 984 δώδεκα.
3088 933 3250 985 Τούτο
3302 935 3402 1001 γὰρ
3458 926 3728 987 ἐδήλωσαν
3782 933 3833 982 οἱ
3902 951 4034 1004 προ-

2412 1017 2650 1079 λαϐόντες
2681 1019 3064 1089 εύαγγελισταί.
3098 1023 3305 1091 Μάρκος
3352 1017 3409 1072 δι
3437 1021 3778 1092 προσέθηκεν,
3831 1021 3924 1071 ὃτι
3970 1023 4027 1072 ού

2412 1113 2564 1178 μόνον
2607 1105 2757 1160 οὐδεν
2810 1109 3044 1180 ὠφελήθη
3097 1112 3240 1182 παρὰ
3289 1106 3388 1161 τῶν
3456 1109 3666 1183 ἰατρων,
3732 1108 3861 1160 ἀλλά
3933 1119 4028 1162 καὶ

2410 1197 2599 1268 μᾶλλον
2658 1197 2729 1257 εἰς
2769 1201 2826 1249 τὸ
2874 1206 3053 1272 χεῖρον
3096 1195 3235 1256 ἦλθε.
3297 1205 3359 1253 Τί
3405 1195 3464 1251 δέ
3517 1197 3630 1250 ἐστι
3688 1197 4020 1270 κράσπεδον,

2409 1291 2610 1360 εἴρηται
2640 1286 2689 1338 ἐν
2730 1296 2802 1356 τῷ
2829 1285 3176 1358 εξκαιὸεκάτῳ
3219 1288 3476 1360 κεφαλαίῳ
3527 1296 3616 1339 τού
3671 1291 3807 1339 κατά
3861 1296 4022 1342 Ματ-

2411 1377 2574 1431 θαῐον.
2626 1377 2742 1431 ’Ἑτι
2775 1374 2832 1429 δε
2885 1396 3042 1448 φησιν
3074 1379 3099 1430 ὁ
3133 1379 3356 1450 Μάρκος,
3420 1376 3579 1429 ἆλθείν
3629 1377 3790 1435 αὐτὴν
3840 1377 3892 1429 ἐν
3952 1388 4021 1448 τῷ

2408 1466 2551 1537 ὄχλῳ
2580 1468 3110 1532 ἄπισθεν,τουτίστιν,
3135 1465 3453 1538 ἀναμιγῆναι
3476 1475 3546 1536 τῷ
3571 1466 3736 1538 ὄχλῳ,
3760 1486 4020 1538 μηχανω-

2405 1560 2561 1627 μένην
2592 1555 2783 1610 λαθεῖν.

2477 1650 2624 1697 Διατί
2672 1641 2731 1697 δι
2770 1645 2875 1716 ούχ
2925 1644 3098 1716 ἣψατο
3156 1653 3384 1718 φανερῶς
3440 1662 3454 1708 ;
3519 1649 3661 1698 Διότι
3715 1644 4018 1721 ἀκάθαρτον

2405 1733 2591 1791 ἑαυτὴν
2615 1733 2881 1804 ἐγίνωσκε,
2933 1740 3022 1786 καὶ
3076 1732 3303 1805 ίφοϐεῖτο
3360 1744 3586 1807 φανερῶς
3632 1735 3877 1804 ἅψασθαι
3922 1745 4016 1788 τοῦ

626 1813 831 1885 palam
851 1818 1100 1884 tangere
1118 1812 1506 1880 formidabat,
1523 1830 1662 1871 cum
1675 1831 1710 1871 a
1723 1815 1850 1886 lege
1865 1815 2273 1888 prohiberetur

2404 1825 2655 1895 καθαρου,
2711 1823 3004 1895 κωλυομίνη
3055 1826 3196 1896 παρὰ
3238 1831 3330 1875 τού
3359 1828 3536 1894 νόμου.
3601 1830 3701 1876 Καὶ
3752 1821 3902 1876 διατί
3936 1832 4010 1896 μή

626 1903 821 1968 Quare
844 1910 1047 1962 autem
1076 1920 1113 1959 a
1150 1902 1478 1975 longinquo
1513 1910 1678 1960 stans
1707 1921 1828 1961 non
1875 1906 2113 1977 petebat
2133 1907 2294 1961 saui-

634 1996 814 2049 tatem
845 1994 872 2049 ?
904 1994 1054 2059 Quia
1085 1992 1398 2049 verebatur
1419 1992 1768 2065 hujusmodi
1790 1998 2070 2050 morbum
2097 1995 2292 2066 publi-

623 2096 779 2137 care.
815 2083 1001 2138 Simul
1028 2083 1210 2139 etiam
1240 2081 1505 2148 timebat,
1535 2099 1608 2138 ne
1656 2100 1780 2156 quo
1812 2086 1995 2140 modo
2023 2084 2229 2156 agnita
2251 2101 2285 2140 ιι

621 2173 798 2229 turba
825 2173 1205 2246 repelleretur
1233 2178 1475 2244 propter
1507 2190 1671 2230 suam
1711 2173 2139 2246 impuritatem.

691 2262 858 2322 Vers.
895 2267 983 2319 45.
1013 2264 1090 2320 Et
1127 2265 1213 2320 ait
1258 2293 1326 2304 —
1355 2279 1434 2317 me
1460 2268 1482 2313 ?
1514 2264 1922 2334 Interrogavit,
1949 2280 2070 2321 non
2115 2263 2280 2336 quod

616 2350 936 2423 ignoraret,
987 2353 1095 2410 sed
1145 2358 1207 2409 ut
1226 2353 1345 2420 illa,
1389 2353 1652 2423 cognito,
1685 2354 1851 2426 quod
1880 2370 2000 2410 non
2049 2353 2275 2418 lateret,

614 2447 791 2514 prout
818 2449 1170 2514 speraverat,
1201 2444 1521 2501 sanitatem
1544 2441 1745 2498 furtim
1771 2457 1894 2498 non
1920 2443 2276 2514 subriperet,

613 2531 719 2587 sed
739 2532 890 2588 hanc
912 2533 991 2588 ab
1013 2533 1149 2605 ipso
1165 2534 1430 2589 ultroneo
1447 2532 1724 2601 auferret,
1740 2531 2104 2596 conﬁtendo,
2139 2547 2274 2603 quae

611 2620 770 2678 circa
826 2638 889 2677 se
945 2621 1099 2678 facta
1147 2629 1343 2677 essent
1371 2637 1386 2676 :
1415 2628 1473 2677 et
1503 2620 1581 2677 ita
1611 2626 1756 2676 nota
1795 2620 2005 2676 ﬁerent
2029 2619 2141 2684 his,
2170 2619 2271 2690 qui

609 2709 904 2766 Christum
931 2711 1354 2782 sequebantur,
1384 2716 1436 2766 et
1470 2709 1735 2765 mulieris
1775 2709 1925 2764 ﬁdes
1975 2714 2031 2764 et
2062 2708 2272 2764 Christi

607 2799 814 2866 virtus,
842 2816 1025 2872 quem
1046 2799 1192 2856 nihil
1220 2800 1402 2856 latere
1434 2803 1662 2871 potest;
1695 2814 1767 2855 ac
1803 2798 1971 2854 multi
2003 2805 2063 2854 et
2087 2797 2270 2853 ﬁdem

604 2887 763 2944 illius
816 2889 1200 2958 imitarentur,
1233 2894 1291 2946 et
1327 2889 1605 2945 timerent
1663 2889 1846 2960 hujus
1893 2890 2271 2960 omnipoten-

603 2978 770 3046 tiam,
792 2979 1185 3051 omniumque
1215 2978 1528 3035 scientiam
1562 2995 1576 3045 ;
1618 2984 1892 3051 praetera,
1921 2987 1980 3033 ut
2011 2977 2270 3048 archisy-

601 3083 935 3139 nagogusa
959 3068 1228 3142 praesenti
1269 3067 1562 3125 miraculo
1601 3069 1893 3139 majorem
1931 3068 2271 3139 conciperet

600 3157 910 3216 ﬁduciam.

671 3249 835 3308 νοτε.
867 3249 957 3304 45.
988 3249 1356 3320 Νεοαηιίὸιιε
1389 3278 1454 3290 -
1480 3252 1616 3304 me?
1676 3247 1883 3304 Petrus
1915 3245 1988 3302 de
2010 3244 2268 3318 simplici

598 3342 871 3396 contactu
898 3337 1194 3396 Christum
1225 3338 1391 3412 loqui
1419 3337 1821 3401 existimabat,
1873 3352 1997 3408 quo
2037 3351 2263 3405 omnes,

594 3427 701 3501 qui
736 3427 1156 3502 sequebantur,
1190 3427 1520 3498 tangebant
1545 3443 1707 3492 eum,
1739 3425 1980 3498 impulsi
2011 3443 2080 3482 ac
2101 3441 2269 3481 coar-

593 3517 732 3574 ctati
759 3518 917 3575 circa
953 3517 1166 3590 ipsum,
1195 3521 1253 3572 et
1281 3518 1362 3573 ita
1392 3515 1887 3584 constringebant
1913 3530 2053 3570 eum
2085 3529 2097 3567 :
2140 3513 2267 3584 ipse

593 3623 734 3664 vero
768 3607 842 3662 de
893 3607 990 3662 tali
1045 3622 1167 3662 non
1213 3605 1596 3678 loquebatur,
1637 3604 1744 3659 sed
1775 3603 1849 3659 de
1889 3620 1981 3671 eo,
2005 3604 2110 3675 qui
2143 3602 2265 3659 ﬁde

589 3695 780 3753 factus
817 3699 966 3751 erat.
995 3695 1144 3750 Cum
1183 3693 1342 3750 enim
1373 3699 1510 3750 tunc
1531 3692 1701 3749 multi
1734 3708 1879 3747 casu
1923 3708 2061 3746 eum
2107 3707 2262 3747 com-

594 3783 905 3856 primendo
931 3783 1465 3853 tangerent,solum
1495 3783 1673 3853 hujus
1691 3781 1875 3837 sensit
1893 3786 2257 3848 contactum,

591 3873 697 3945 qui
735 3889 772 3930 a
795 3871 914 3928 ﬁde
943 3871 1343 3945 procedebat.

661 4052 921 4116 Verum,
951 4051 1123 4107 Iesus
1152 4065 1281 4107 vero
1311 4077 1373 4087 —
1426 4049 1746 4121 quispiam.
1808 4049 1957 4115 Quia
1980 4047 2256 4106 nondum

587 4142 864 4200 confessa
907 4146 1034 4198 erat
1068 4140 1286 4199 mulier
1316 4139 1526 4196 timore
1568 4139 1895 4211 perterrita,
1954 4145 2254 4210 exspecta-

585 4234 692 4291 bat
715 4233 841 4305 ipse
859 4232 992 4304 (rr),
1007 4231 1214 4287 dicens
1237 4247 1251 4286 :
1280 4230 1492 4301 Tetigit
1520 4245 1608 4286 me
1628 4229 1946 4301 quispiam,
1963 4236 2025 4284 ut
2042 4229 2253 4285 videns

583 4323 717 4396 ipsa
746 4321 928 4394 hujus
959 4320 1133 4394 quasi
1161 4328 1467 4393 stuporem
1505 4320 1632 4390 (ss),
1662 4336 1771 4374 sua
1803 4324 2039 4391 sponte,
2090 4319 2253 4391 quod

583 4413 812 4470 factum
850 4417 998 4481 erat,
1029 4409 1428 4476 conﬁteretur,
1472 4415 1530 4465 et
1558 4408 1691 4481 ipsa
1721 4408 2078 4464 miraculum
2105 4425 2252 4480 prm-

582 4502 829 4560 dicaret.

655 4593 818 4647 Vers.
866 4593 956 4647 46.
1001 4591 1120 4661 Ego
1175 4621 1242 4631 —
1299 4605 1410 4646 me.
1472 4587 1770 4654 Virtutem,
1828 4587 2102 4644 videlicet
2158 4604 2250 4644 sa-

580 4681 786 4746 nandi,
822 4695 1003 4752 quam
1049 4679 1289 4736 attraxit
1324 4678 1476 4735 ﬁdes
1518 4677 1806 4736 mulieris.
1859 4677 2013 4733 Dixit
2051 4684 2247 4734 autem

579 4770 714 4837 hoc,
742 4774 807 4826 ut
835 4770 1028 4838 magis
1046 4769 1511 4834 conﬁrmaretur,
1536 4767 1702 4840 quod
1715 4783 1851 4823 eum
1882 4767 2249 4841 nonlateret,

578 4877 714 4934 quae
742 4863 894 4917 esset
923 4875 993 4916 ea
1017 4875 1154 4930 quae
1183 4859 1385 4931 ipsum
1426 4857 1713 4927 tetigerat.
1756 4860 1981 4914 Marcus
2020 4859 2067 4894 "
2112 4875 2249 4916 vero

577 4947 748 5016 dixit,
773 4947 940 5021 quod
963 4948 1145 5004 etiam
1171 4947 1699 5019 circumspiciebat,
1733 4953 1797 5005 ut
1828 4947 2060 5006 videret
2084 4963 2248 5010 eam,

579 5055 717 5114 quae
733 5039 848 5096 hoc
875 5037 1107 5096 fecerat.

645 5193 694 5232 ⁸⁷
719 5192 891 5250 Marc.
917 5209 976 5260 ν,
999 5196 1094 5250 26.
1177 5192 1227 5229 ⁴⁸
1245 5191 1411 5258 Ibid.,
1435 5191 1523 5248 2⁵1.
1557 5193 1604 5228 δ’
1635 5192 1806 5261 lbid.,
1829 5193 1898 5250 32
1916 5231 1932 5249 .

2402 1912 2574 1985 πόρρω
2607 1919 2781 1964 στᾶσα
2803 1917 2893 1968 τὴν
2926 1915 3102 1982 ύγείαν
3143 1913 3379 1983 ᾐτήσατο
3401 1931 3416 1981 ;
3437 1919 3578 1965 Aio-rt
3609 1914 3875 1984 ᾐσχύνετο
3901 1911 4009 1971 δη-

2400 2011 2681 2071 μοσιεύσαι
2708 2011 2937 2053 τοιοῦτον
2965 2003 3147 2061 πάθος·
3176 2001 3319 2072 Ἀμα
3359 1999 3417 2054 δε
3447 2008 3536 2054 καὶ
3568 2004 3856 2064 ὑπώπτευε,
3903 2010 4008 2075 μή-

2397 2091 2515 2141 ποτέ
2552 2087 2939 2161 διαγνωσθεῑσα
2981 2089 3208 2162 ἀπελαθῂ
3239 2094 3380 2164 παρά
3417 2101 3508 2143 τού
3547 2091 3731 2162 ὄχλου,
3761 2089 3858 2144 διὰ
3903 2099 4002 2151 τὴν

2394 2176 2720 2252 ἀκαθαρσίαν
2754 2179 2882 2237 αύτῆ
2896 2200 2936 2240 ς.

2466 2275 2563 2320 Καὶ
2617 2266 2750 2321 εἶπεν
2791 2300 2854 2309 -
2907 2287 3044 2339 μον;
3090 2269 3404 2341 Ἠρνιῐιτησεν,
3462 2269 3556 2321 οὐκ
3610 2268 3831 2340 ἀγνοῶν,
3887 2271 3996 2324 ἀλλ’

2391 2357 2472 2407 ῖνα
2495 2365 2714 2427 γνοῦσα,
2748 2359 2826 2408 ὁτι
2878 2358 2969 2408 οὐκ
3027 2357 3222 2423 ἔλαθεν,
3278 2360 3346 2417 ως
3397 2358 3632 2421 ἤλπιζεν,
3675 2356 3996 2430 οὐδ’ἰκλεψε

2387 2450 2480 2502 τὴν
2512 2449 2709 2516 ύγείαν,
2761 2445 2887 2497 ἀλλά
2927 2448 3048 2519 παρ’
3108 2447 3312 2506 εκοντος
3361 2447 3521 2498 αὑτοῦ
3575 2452 3766 2504 ταύτην
3812 2452 3992 2520 ἐκομί-

2389 2553 2536 2598 σατο,
2603 2534 2965 2607 ἀνομολογήση
3015 2539 3079 2586 τὰ
3109 2536 3222 2586 κατ’
3252 2536 3436 2599 αὐτὴν,
3468 2541 3559 2587 καὶ
3585 2539 3839 2608 γνωρισθῇ
3870 2545 3986 2598 τοῖς

2385 2622 2750 2689 ἀκολουθοῦσι,
2781 2629 2977 2684 ταύτης
3001 2628 3091 2696 μεν
3143 2627 3170 2682 η
3227 2630 3428 2686 πίστις,
3464 2625 3622 2677 αὐτοῦ
3670 2621 3725 2677 δι
3755 2627 3784 2682 ἡ
3819 2621 3978 2677 Juva-

2380 2734 2471 2785 μις
2513 2720 2602 2765 καὶ
2658 2719 2715 2764 το
2780 2713 3058 2780 ἀλοίθητον,
3125 2719 3213 2765 καὶ
3279 2720 3615 2785 μιμησωνται
3669 2718 3758 2786 μεν
3806 2714 3986 2768 πολλοὶ

2383 2809 2473 2860 τὴν
2509 2809 2683 2854 πίστιν
2716 2803 2840 2861 αύτῆ
2856 2825 2896 2866 ς,
2929 2803 3200 2874 φοϐηθῶσι
3260 2799 3318 2855 δι
3368 2807 3426 2854 τὸ
3452 2800 3851 2875 παντοδύναμον
3893 2804 3984 2856 αὖ·

2380 2901 2470 2943 τού
2537 2898 2621 2943 καὶ
2683 2898 3092 2954 πανεπίσκοπον,
3171 2898 3260 2944 καὶ
3325 2894 3408 2944 ἱνα
3485 2897 3572 2944 καὶ
3627 2895 3653 2944 ο
3708 2892 3979 2968 ἀρχισυν-

2379 2983 2576 3068 άγςυγος
2602 2981 2806 3032 πλείονα
2853 2980 2981 3052 λαϐη
3011 2986 3190 3033 πίστιν
3217 2980 3318 3032 ἀπὸ
3349 2990 3440 3033 τοῦ
3467 2988 3721 3055 παρόντος
3773 2985 3981 3055 θαύμα-

2378 3089 2484 3130 τος.

2449 3250 2795 3321 Ἀρνουμίνων
2855 3279 2920 3289 -
2951 3269 3048 3321 μου
3112 3267 3125 3315 ;
3180 3248 3238 3302 Ὀ
3295 3254 3480 3322 Πίτρος
3533 3254 3623 3321 μιν
3677 3255 3804 3321 ᾤετο
3863 3255 3968 3325 περὶ

2376 3338 2544 3399 ἀπλῆς
2573 3338 2767 3410 inagna;
2795 3339 2956 3410 λέγειν
3007 3343 3094 3391 τὸν
3145 3343 3392 3414 Χριστὸν.
3437 3340 3554 3392 καθ’
3603 3341 3666 3399 ἣν
3695 3344 3874 3401 πάντες
3919 3341 3960 3392 οἱ

2376 3427 2770 3490 ἀκολουθούντες
2817 3433 3038 3486 ἣπτοντο
3091 3429 3269 3497 αύτού,
3329 3434 3448 3502 περι
3505 3428 3664 3482 αὑτὸν
3723 3431 3950 3498 ὠθιζομε·

2373 3537 2449 3568 νοι
2480 3522 2568 3569 καὶ
2618 3515 2998 3580 ἀποθλίϐοντες,
3053 3521 3237 3582 εἰτουν,
3297 3516 3702 3589 ἀποσφίγγοντες
3758 3517 3904 3567 αύτον
3937 3557 3948 3569 .

2373 3607 2529 3667 αὐτὸς
2579 3603 2636 3658 δὲ
2690 3606 2750 3657 οὗ
2817 3612 2930 3680 περὶ
2976 3609 3222 3667 τοιαύτης
3275 3605 3454 3677 ἔλεγεν,
3525 3606 3654 3659 ἀλλὰ
3705 3612 3814 3679 περὶ
3874 3615 3959 3666 τῆς

3110 3695 3310 3748 Πολλῶν
3382 3693 3441 3748 δι
3515 3705 3801 3755 τηνικαῦτα
3855 3697 3962 3768 (Ni

2368 3789 2502 3837 κατά
2544 3789 2715 3855 τύχην
2755 3785 3051 3857 ἁπτομένων
3105 3785 3286 3850 αύτού,
3332 3781 3425 3837 διά
3482 3790 3568 3838 τὸν
3617 3788 3967 3860 συνωθισμὸν,

2367 3881 2522 3948 μόνης
2572 3877 2761 3946 ᾔσθετο
2809 3882 2899 3934 τῆς
2946 3875 3147 3947 ἐπαφῆς
3187 3877 3400 3938 ταύτης,
3455 3880 3734 3949 γενομένης
3773 3874 3828 3927 ἐκ
3889 3881 3973 3928 πί-

2369 3985 2556 4027 στεως.

2434 4054 2492 4105 Ὀ
2525 4051 2581 4106 δε
2615 4053 2822 4115 Ἰησοῦς
2879 4085 2945 4093 -
3007 4058 3104 4116 τίς·
3170 4053 3308 4107 Ἐπεὶ
3375 4054 3517 4105 οὔπω
3571 4050 3976 4126 διωμολόγησεν

2365 4146 2394 4201 η
2453 4148 2606 4214 γυνὴ,
2658 4141 2942 4214 φοϐουμένη
3020 4144 3245 4206 πάντως,
3311 4143 3461 4203 αύτὸς
3511 4141 3734 4213 ἐπιμένει
3786 4143 3974 4213 λέγων,

2361 4231 2568 4302 Ἥψατό
2599 4235 2698 4302 μού
2743 4251 2843 4296 τις,
2891 4233 2972 4283 ἱνα
3026 4231 3296 4304 βλέπουσα
3345 4236 3435 4289 τὴν
3494 4233 3735 4282 ἔνστασιν
3777 4231 3973 4298 αὐτοῦ,

2369 3701 2643 3767 γενομένης
2686 3694 2740 3747 ἐκ
2793 3701 3036 3758 πίστεως.

2364 4321 2648 4393 αὐτόματος
2679 4320 2976 4394 ὁμολογήσῃ
3013 4326 3069 4374 τὸ
3109 4327 3335 4393 γεγονὸς,
3390 4325 3477 4373 καὶ
3522 4319 3650 4377 αύτή
3679 4322 3736 4371 τὸ
3770 4320 3966 4390 θαῦμα

2362 4410 2687 4486 ἀνακηρύξῃ·

2432 4591 2566 4662 Ἐγὼ
2617 4623 2684 4631 —
2741 4589 2886 4663 ἐμοῦ.
2945 4591 3168 4662 Δύναμιν
3223 4590 3615 4660 θεραπευτικην,
3694 4586 3972 4659 δηλονότι,

2364 4681 2421 4738 ἢν
2453 4681 2682 4733 εἵλκυσεν
2707 4683 2735 4739 η
2779 4688 2953 4742 πίστις
2985 4687 3078 4741 τῆς
3107 4683 3368 4750 γυναικός.
3401 4676 3525 4732 Εῖπε
3556 4675 3614 4732 δε
3640 4687 3791 4732 τοῦτο
3832 4684 3971 4749 πρὸς

2360 4770 2566 4822 πλείονα
2597 4767 2880 4840 βεϐαίωσιν
2909 4777 2997 4820 τού
3027 4774 3098 4839 μη
3167 4766 3361 4838 ἀγνοεῖν
3393 4772 3480 4825 τὴν
3513 4766 3802 4839 ἀψαμένηΨ
3839 4770 3864 4820 ὀ
3898 4766 3970 4822 δι

2361 4861 2572 4930 Μάρκος
2602 4855 2754 4923 εἶπεν,
2788 4860 2867 4911 ὅτι
2909 4863 2999 4910 καὶ
3057 4855 3412 4932 περιεϐλέπετο
3465 4853 3595 4909 ἰδεῖν
3653 4862 3748 4916 τὴν
3805 4865 3967 4912 τοῦτο

2358 4952 2481 5006 ποίη
2491 4965 2658 5000 σασαν
2667 4989 2680 5005 ,

1808 5346 2031 5418 Variae
2059 5348 2385 5418 lectiones
2400 5359 2467 5418 et
2493 5358 2698 5418 notae.

643 5491 760 5567 (49)
789 5491 991 5547 Πολλῶν
1017 5492 1118 5568 γὰρ
1145 5497 1438 5551 τηνικαῦτα
1465 5490 1522 5546 Β.

605 5622 755 5704 ._(rr)
777 5617 1176 5689 Ezspectabat
1212 5617 1346 5689 ipse.
1389 5617 1516 5690 lpse
1552 5616 1612 5672 in
1651 5632 1720 5673 eo
1758 5617 2014 5690 persistit
2051 5633 2120 5674 ac
2141 5617 2226 5673 di-

567 5699 734 5837 ωᾴε)
788 5763 1112 5836 Stuporem,
1179 5762 1482 5817 Ἐκστασιν.
1531 5760 1658 5818 loco
1721 5764 1962 5813 ἔνστασιν
1993 5759 2228 5817 videtur

2334 5616 2572 5689 legisse.
2605 5597 2826 5689 Redde,
2858 5616 3036 5689 hujus
3057 5617 3574 5688 perseverantiam.
3592 5618 3743 5675 Nam
3773 5618 3953 5672 ευστα-

2339 5686 2424 5754 σιξ
2449 5705 2572 5748 non
2604 5688 2802 5746 differt
2832 5688 2911 5747 ab
2935 5686 3195 5762 imponi.
