4210 6454
268 399 372 458 945
1363 403 1724 459 COMMENT.
1769 401 1840 457 IN
1884 402 1930 458 [ρ’

1981 401 2142 457 CAM.
2182 433 2254 446 —
2291 403 2453 464 CAP.
2493 405 2587 462 IX.
3539 407 3643 463 946

343 525 560 582 ’ἰδοῦσα
589 525 648 582 δε
677 559 744 570 -
775 525 918 587 ἦλθε.
944 531 1240 602 Τρέμουσα,
1271 530 1380 602 ἅμα
1411 533 1520 602 μὲν,
1550 535 1637 582 καὶ
1665 526 1759 581 διὰ
1782 533 1874 586 τὴν
1906 527 1955 579 Α

2059 529 2222 584 Vers.
2249 530 2336 585 47.
2371 532 2515 586 Cum
2557 546 2693 601 ergo
2715 529 2941 587 videret
2967 560 3034 570 —
3065 529 3318 586 accessit.
3341 531 3642 598 Tremens,

273 615 494 690 δύναμιν
516 619 675 670 αὑτοῦ
698 635 710 647 ο
736 617 846 690 ἅμα
871 614 950 684 δὲ,
979 624 1066 670 καὶ
1093 615 1187 671 διὰ
1213 623 1297 672 τὸν
1323 624 1494 689 νόμον,
1530 620 1610 672 ὃτι
1641 619 1878 692 ἀκάθαρ-

1988 622 2117 674 tum
2148 619 2575 691 propterillius
2605 621 2898 684 virtutem,
2952 624 3077 675 tum
3122 622 3365 691 propter
3423 617 3637 688 legem,

275 725 361 768 τος
386 704 538 776 οὖσα,
571 706 744 778 ἥψατο
775 714 865 760 τοῦ
895 709 1150 782 καθαροῦ.

1986 708 2174 779 quod,
2201 724 2338 765 cum
2369 709 2688 766 immunda
2719 714 2892 778 esset,
2923 707 3205 780 eum,qui
3225 707 3492 764 mundus
3519 711 3646 766 erat

1987 798 2288 868 tetigisset.

348 889 450 938 Kal
493 893 870 959 προσπεσοῦσα
908 917 974 928 —
1023 893 1380 960 παραχρῆμα.
1424 885 1551 940 Καθ’
1588 884 1874 959 ύπέρϐατόν

2057 889 2222 944 Vers.
2251 889 2338 944 47.
2373 889 2463 944 Ac
2493 888 2748 957 procidit
2779 888 3146 958 —protinus.
3188 886 3293 942 Per
3337 885 3645 959 hyperba-

276 971 416 1026 ἔστιν
448 975 478 1032 ἡ
514 975 755 1037 σύνταξις
797 983 897 1027 τῶν
925 975 1116 1050 ῥητῶν,
1166 976 1246 1028 ὅτι
1293 983 1673 1049 προσπεσοῦσα
1711 975 1872 1044 αὐτῷ.

1984 983 2082 1032 ton
2117 984 2204 1034 est
2219 979 2365 1034 ordo
2387 978 2735 1034 verborum.
2769 977 3021 1034 Procidit
3050 975 3129 1033 ad
3159 977 3343 1049 pedes
3390 977 3540 1049 ejus,
3588 981 3645 1034 et

276 1061 572 1134 ἀνήγγειλεν
595 1063 734 1135 αὖτῷ
761 1063 972 1116 ἐνώπιον
1003 1068 1194 1126 παντὸς
1221 1072 1312 1117 τοῦ
1341 1064 1488 1128 λαοῦ,
1516 1063 1590 1117 δι’
1613 1067 1673 1123 ἣν
1704 1063 1871 1115 αἰτία,

1984 1069 2268 1124 indicavit
2298 1068 2347 1122 ei
2366 1084 2567 1124 coram
2598 1067 2763 1123 omni
2790 1065 3036 1140 populo,
3063 1065 3144 1122 ob
3171 1081 3360 1138 quam
3385 1081 3641 1122 causam

276 1151 452 1222 ἥψατο
478 1151 656 1216 αὐτοῦ,
685 1149 915 1217 δηλαδὴ,
940 1151 1226 1216 λεληθότως
1256 1169 1266 1181 ·
1288 1155 1482 1210 ταύτην
1503 1149 1561 1206 δὲ
1585 1157 1677 1211 τὴν
1701 1153 1874 1205 αἰτίαν

1983 1157 2148 1213 illum
2202 1157 2510 1227 tetigisset,
2570 1162 2716 1229 puta
2773 1156 2920 1213 clam
2974 1155 3096 1212 sive
3158 1154 3432 1212 occulte:
3483 1155 3641 1212 hanc

273 1246 652 1313 προειρήκαμεν
685 1239 938 1314 ἀνωτέρω.

1985 1254 2184 1302 autem
2213 1263 2463 1303 causam
2489 1246 2760 1318 superius
2789 1245 3198 1319 praediximus.

343 1329 402 1382 Ὀ
443 1327 502 1382 δε
549 1331 748 1391 Ἰησοῦς
807 1362 859 1370 -
916 1350 989 1384 σε.
1038 1337 1123 1389 Μὴ
1172 1330 1351 1404 φοϐοῦ,
1393 1337 1524 1403 μήτε
1583 1331 1686 1403 ἐμὲ,
1743 1336 1875 1404 μήτε

2055 1338 2217 1392 Vers.
2252 1340 2338 1392 48.
2368 1337 2530 1393 Iesus
2563 1344 2749 1392 autem
2781 1367 2848 1376 —
2897 1342 2970 1392 te.
3018 1339 3098 1392 Ne
3142 1339 3245 1391 aut
3279 1336 3390 1403 :me
3433 1339 3535 1392 aut
3566 1334 3643 1392 le-

272 1422 356 1471 τὸν
403 1424 574 1491 νόμον.
627 1419 711 1472 Ἐκ
765 1425 991 1482 πίστεως
1041 1423 1164 1494 γὰρ,
1217 1420 1310 1472 ούκ
1341 1419 1395 1472 ἐκ
1441 1425 1874 1494 καταφρονήσεως

1985 1442 2118 1497 gem
2153 1426 2372 1481 timeas.
2406 1426 2485 1481 Ex
2516 1425 2632 1480 ﬁde
2650 1426 2808 1480 enim
2840 1429 2894 1480 et
2922 1440 3039 1479 non
3069 1441 3142 1480 ex
3186 1429 3535 1497 contemptu
3560 1429 3639 1482 te-

273 1508 412 1578 ἣψω,
443 1515 530 1561 καὶ
575 1509 772 1575 λοιπὸν,
822 1511 850 1568 ἠ
883 1515 1066 1571 πίστις
1099 1529 1193 1561 σου
1241 1509 1364 1582 παρ’
1401 1509 1524 1582 ἐμοῦ
1567 1513 1676 1582 μὲν,
1721 1529 1871 1582 προε-

1984 1516 2160 1587 tigisti
2197 1533 2210 1582 ;
2237 1521 2291 1571 et
2316 1520 2470 1570 certe
2497 1514 2645 1569 fides
2675 1518 2780 1569 tua
2810 1533 2843 1569 a
2871 1529 2965 1568 me
3009 1514 3255 1586 quidem
3305 1514 3641 1570 conciliavit

274 1597 452 1659 ξένησέ
487 1618 570 1650 σοι
599 1603 694 1656 τὴν
737 1599 850 1670 (50)
881 1600 1058 1670 ὑγείαν
1082 1616 1094 1628 ⁶
1127 1602 1268 1672 παρὰ
1318 1596 1376 1651 δὲ
1419 1607 1510 1651 τοῦ
1545 1605 1724 1671 νόμου,
1780 1604 1872 1658 τὴν

1983 1606 2085 1661 tibi
2109 1605 2445 1667 sanitatem,
2459 1603 2630 1672 alege
2648 1619 2788 1658 vero
2804 1602 3241 1658 remissionem.
3261 1602 3420 1658 Fidei
3440 1608 3639 1660 autem

270 1688 473 1758 οῖφεσιν.
515 1695 587 1760 Τῇ
621 1693 794 1740 πίστει
841 1685 899 1740 δε
941 1688 1101 1748 αὐτῆς
1147 1691 1204 1740 τό
1245 1694 1345 1740 πᾶν
1392 1688 1742 1763 ἐπεγράψατο,
1791 1690 1874 1740 ἵνα

1982 1693 2136 1748 illius
2165 1696 2359 1748 totum
2393 1690 2653 1747 attribuit
2680 1691 3009 1761 negotium,
3039 1695 3100 1745 ut
3126 1695 3183 1745 et
3212 1689 3309 1746 alii
3350 1689 3427 1747 ad
3453 1690 3638 1747 ﬁdem

269 1783 356 1827 καὶ⁵
394 1776 537 1828 ἄλλοι
589 1781 712 1847 πρὸς
751 1783 930 1829 πίστιν
971 1777 1372 1850 ἕφελκυσθῶσιν,
1427 1780 1495 1838 ὡς
1551 1778 1827 1852 εἰρήκαμεν
1854 1799 1867 1811 ο

1982 1782 2434 1845 attraherentur,
2465 1781 2617 1836 sicut
2646 1779 3050 1852 praediximus.
3111 1779 3381 1835 Ostendit
3436 1779 3636 1852 itaque

270 1861 430 1928 ἔδειξε
461 1862 518 1917 δὲ
557 1864 823 1918 κάνταυθα
863 1867 977 1938 (51)
1011 1867 1035 1918 ὁ
1068 1871 1312 1940 Χριστὸς,
1365 1869 1442 1918 ὅτι
1495 1865 1670 1928 οὐδεὶς
1721 1866 1871 1918 ἀκού·
1907 1874 1932 1930 Ι

1983 1887 2087 1942 per
2111 1871 2227 1926 hoc
2257 1869 2542 1936 Christus,
2591 1869 2755 1941 quod
2807 1868 3007 1923 nullus
3057 1867 3136 1924 ob
3193 1867 3476 1924 morbum
3538 1868 3629 1925 vel

272 1973 382 2006 σιον
441 1957 576 2026 ἔχων
624 1957 810 2019 πάθος,
880 1953 1173 2030 ἀκάθαρτος
1229 1954 1342 2008 ἐστι
1398 1958 1540 2028 παρά
1596 1963 1666 2026 τῷ
1722 1961 1867 2026 Θεῷ·

1981 1960 2380 2026 affectionem,
2408 1974 2593 2031 quam
2625 1957 2844 2013 invitus
2877 1957 3111 2029 patitur,
3145 1957 3498 2013 immundus
3551 1961 3637 2015 est

273 2045 533 2116 θυγατέρα
564 2041 621 2095 δὲ
675 2043 836 2101 αὐτὴν
888 2043 1140 2113 ἐκάλεσεν,
1189 2047 1255 2104 ὡς
1303 2046 1692 2102 υἰοθετηθεῖσαν
1730 2045 1871 2116 αύτῷ

1980 2051 2142 2121 apud
2171 2052 2376 2104 Deum.
2422 2047 2629 2103 Filiam
2651 2047 3003 2118 veroipsam
3019 2045 3276 2112 vocavit,
3315 2050 3518 2118 utpote
3532 2062 3637 2121 per

274 2128 367 2182 διὰ
415 2137 655 2202 πίστεως,
698 2137 788 2183 καὶ
832 2131 943 2203 ἅμα
998 2129 1090 2184 διὰ
1141 2141 1232 2192 τῆς
1283 2138 1644 2208 προσηγορίας
1682 2136 1873 2194 ταύτης

1979 2138 2160 2194 ﬁdem
2196 2137 2310 2192 sidi
2338 2136 2690 2208 adoptatam
2730 2153 2742 2190 :
2769 2135 2944 2191 simul
2974 2135 3144 2191 etiam
3167 2135 3637 2210 hujusmodiap—

271 2219 528 2282 παντελῶς
573 2224 659 2272 τὸν
700 2219 853 2293 φόϐον
885 2221 1043 2282 αὐτῆς
1091 2219 1344 2272 ἐκϐάλλων
1401 2227 1489 2274 καὶ
1533 2222 1872 2296 οἰκειούμενος

1978 2226 2293 2299 pellatione
2315 2225 2589 2281 timorem
2611 2225 2847 2297 penitus
2877 2224 2957 2280 ab
2985 2240 3056 2280 ea
3076 2223 3390 2295 repellens,
3415 2223 3632 2297 ipsam-

273 2307 456 2366 αὑτήν.
1978 2333 2095 2390 que
2128 2315 2238 2371 sibi
2272 2314 2622 2370 familiarem
2653 2313 2936 2369 reddens.

345 2401 573 2470 Πορεύου
625 2398 690 2459 εἰς
743 2398 968 2473 εἰρήνην.
1032 2403 1136 2456 Τὴν
1195 2401 1294 2450 ἀπὸ
1356 2407 1448 2451 τοῦ
1499 2405 1687 2472 μηκέτι
1726 2402 1871 2455 πολε-

2049 2406 2214 2462 Vers.
2255 2407 2347 2460 48.
2394 2404 2630 2460 Vadein
2654 2419 2821 2472 pace.
2856 2405 2986 2468 Qua
3009 2401 3295 2475 deinceps
3327 2418 3365 2459 a
3429 2402 3634 2462 morbo

268 2488 482 2557 μεῖσθαι
518 2488 619 2538 ὑπὸ
650 2494 741 2538 τοῦ
790 2489 1006 2548 πάθους.
1051 2489 1194 2540 Κατά
1244 2483 1302 2539 δὲ
1346 2486 1640 2561 ἀναγωγὴν,
1685 2495 1760 2550 εἴη
1805 2494 1868 2544 ἄν

1977 2511 2092 2550 non
2127 2493 2497 2566 impugneris
2517 2493 2697 2548 Juxta
2722 2506 3039 2562 anagogen
3063 2507 3202 2547 vero
3253 2490 3498 2562 intelligi
3527 2508 3632 2565 po-

266 2575 543 2650 αἰμορρους
584 2578 612 2633 ἡ
665 2580 820 2648 φύσις
857 2585 956 2628 τῶν
988 2575 1287 2648 ἀνθρώπων,
1337 2581 1453 2639 ἣτις
1502 2583 1600 2649 πρὸ
1647 2589 1740 2632 τοῦ
1789 2580 1866 2633 ἑλ-

1975 2590 2087 2640 test
2117 2583 2412 2652 sanguine
2442 2583 2652 2653 fluens,
2674 2586 2890 2638 natura
2911 2581 3181 2636 humana
3213 2596 3226 2636 :
3255 2597 3412 2654 quas.
3442 2581 3635 2654 prius-

265 2666 366 2716 θεῖν
395 2670 480 2716 τὸν
509 2669 760 2736 Χριστὸν,
791 2663 1021 2736 ἐπηγαζε
1065 2670 1159 2723 τὴν
1192 2664 1520 2738 ἀκαθαρσίαν
1553 2677 1647 2731 τῆς
1697 2669 1869 2744 ἀμαρ-

1974 2690 2159 2746 quam
2192 2671 2416 2728 veniret
2462 2670 2744 2735 Christus,
2809 2670 3097 2726 manabat
3142 2669 3360 2742 peccati
3386 2670 3634 2742 impuri-

260 2759 392 2819 τίας,
438 2759 670 2825 φοινικήν
698 2750 878 2819 οὖσαν,
930 2759 1071 2820 ἤτοι,
1123 2759 1353 2826 φονικὴν.
1407 2753 1574 2809 Οὐδὲν
1617 2755 1674 2810 δὲ
1731 2760 1864 2832 ὠφε-

1975 2767 2091 2818 tate
2119 2761 2510 2830 sanguinaria
2541 2760 2664 2815 sive
2710 2758 3010 2815 mortifera
3063 2775 3078 2826 ;
3130 2775 3241 2814 nec
3291 2758 3631 2832 quidquam

259 2842 392 2900 λήθη
435 2846 578 2916 παρά
607 2852 706 2894 τῶν
735 2842 983 2915 ψυχικῶν
1017 2843 1203 2917 ἰατρῶν
1247 2844 1433 2914 αὐτῆς,
1467 2846 1598 2917 λέγω
1629 2844 1720 2911 δὴ,
1766 2859 1865 2901 τῶν

1974 2851 2300 2922 adjumenti
2332 2854 2660 2906 senserata
2699 2848 3067 2920 spiritalibus
3117 2848 3458 2904 animorum
3504 2865 3629 2905 me-

261 2932 548 3004 φιλοσοφων
574 2950 585 2961 ’
645 2931 773 2984 ἀλλά
801 2937 889 2984 καὶ
941 2933 1129 3004 μάλλον
1174 2931 1360 2992 ἐϐλάϐη
1413 2943 1527 2995 ταῖς
1571 2933 1864 3001 ἀλλοκότοις

1973 2941 2142 3008 dicis,
2174 2940 2417 3013 quiejns
2440 2955 2647 2995 curam
2671 2939 3025 3004 habuerant,
3060 2942 3206 3009 puta
3231 2936 3627 3010 philosophis:

261 3016 639 3082 διδασκαλίαις
679 3021 880 3073 αὐτῶν⁸
913 3019 1150 3093 ἀξίαμένη
1197 3018 1254 3074 δὲ
1285 3031 1376 3074 τοῦ
1420 3025 1627 3094 ἱματίου
1678 3027 1859 3093 αὑτοῦ,

1973 3030 2076 3084 sed
2106 3029 2526 3084 detrimentum
2554 3028 2750 3099 potius
2780 3031 3139 3099 susceperat,
3185 3042 3291 3098 per
3319 3032 3629 3084 extraneas

258 3114 516 3178 τουτέστι,
573 3119 667 3172 τῆς
726 3117 1032 3184 σαρκώσεως
1085 3111 1266 3179 αὑτοῦ,
1329 3108 1421 3162 διὰ
1473 3119 1713 3179 πίστεως,
1773 3117 1864 3168 αύ-

1972 3134 2040 3174 ac
2078 3117 2378 3174 absurdas
2417 3133 2626 3172 eorum
2678 3115 3002 3172 doctrinas.
3056 3118 3126 3171 Ut
3165 3121 3366 3172 autem
3417 3116 3629 3174 Christi

256 3202 378 3250 τίκα
429 3199 570 3256 ἰάθη.
619 3204 720 3251 Καὶ
749 3203 848 3272 γὰρ
898 3199 1117 3250 ἅπτεται
1166 3207 1255 3250 τοῦ
1306 3202 1513 3270 ἱματίου
1555 3202 1713 3254 αὐτοῦ
1769 3201 1918 3281 διὰ(

1972 3206 2153 3276 tetigit
2204 3206 2632 3273 vestimentum,
2664 3203 2778 3259 hoc
2822 3208 2926 3268 est,
2973 3204 3440 3259 incarnationem
3498 3205 3628 3276 ejus

256 3291 478 3348 πίστεως
543 3288 681 3357 (52),
759 3292 856 3347 πᾶς
923 3288 946 3337 ὁ
1013 3290 1270 3339 πιστεύων
1341 3296 1401 3359 τῇ
1477 3288 1860 3364 ἕνανθρωπήσει

1969 3310 2075 3367 per
2104 3295 2302 3363 tidem,
2328 3299 2570 3366 repente
2612 3299 2818 3348 sanata
2835 3298 2941 3348 est.
2971 3292 3111 3363 Ejus
3135 3292 3424 3364 siquidem
3442 3294 3628 3363 tangit

257 3376 438 3428 αὑτοῦ.
1969 3383 2407 3447 vestimentum,
2427 3381 2699 3454 quisquis
2721 3380 2906 3438 credit
2921 3380 3108 3452 ipsius
3127 3381 3625 3439 incarnationem.

325 3463 445 3516 ’Ἔτι
477 3495 544 3504 -
573 3465 890 3521 σωθήσεταὶ.
936 3471 1115 3516 Ταῦτα
1143 3469 1231 3516 καὶ
1263 3466 1287 3516 ὁ
1319 3468 1529 3539 Μάρκος
1558 3467 1778 3542 ἔγραψεν
1809 3470 1857 3523 ἐν

2046 3475 2210 3530 Vers.
2244 3477 2338 3530 49.
2395 3473 2609 3528 Adhuc
2646 3503 2712 3512 —
2745 3470 2904 3526 Vers.
2949 3471 3040 3526 50.
3096 3472 3258 3528 salva
3315 3471 3453 3528 erit.
3496 3472 3625 3530 haec

254 3562 326 3624 τῷ
360 3549 779 3624 τρισκαιδεκάτῳ
805 3552 1084 3625 κεφαλαίῳ,
1116 3558 1205 3606 καὶ
1228 3555 1459 3615 ζήτησον
1486 3558 1533 3608 ἐν
1564 3555 1734 3628 ἐκείνῳ
1766 3563 1857 3617 τὴν

1967 3564 2144 3620 etiam
2179 3563 2415 3636 scripsit
2437 3564 2666 3618 Marcus
2692 3561 2927 3617 decimo
2957 3560 3126 3618 tertio
3157 3560 3374 3634 capite,
3401 3566 3458 3618 et
3476 3572 3531 3620 in
3553 3577 3622 3620 eo

253 3643 542 3716 ἑρμηνείαν.

1965 3668 2165 3724 quaere
2196 3652 2762 3725 interpretationem.

325 3731 513 3783 Ε’λθὼν
543 3727 600 3782 δὲ
631 3761 698 3771 -
730 3729 975 3784 ἀπέθανεν
1003 3731 1135 3803 (53).
1160 3732 1378 3805 Ὁμοίως
1407 3739 1495 3785 καὶ
1524 3739 1640 3806 περὶ
1662 3737 1852 3787 τούτων

2035 3742 2198 3798 Vers.
2234 3744 2319 3799 5t.
2357 3743 2501 3798 Cum
2522 3748 2718 3798 autem
2750 3739 3002 3798 venisset
3032 3771 3099 3782 —-—
3157 3741 3299 3797 Vers
3328 3744 3414 3798 53.
3467 3758 3623 3800 mor-

250 3824 450 3872 πάντων
481 3819 527 3872 ἐν
567 3819 740 3891 ἐκείνῳ
788 3826 1188 3893 σεσαφὴνισται.
1223 3823 1530 3876 Ἐκόπτοντο
1579 3821 1638 3877 δὲ
1667 3825 1846 3892 αὐτὴν,

1961 3839 2066 3888 tua
2095 3840 2248 3890 esset.
2277 3831 2552 3888 Similiter
2576 3835 2633 3886 et
2661 3829 2792 3886 haec
2823 3829 3028 3887 omnia
3054 3829 3150 3886 illo
3207 3831 3399 3904 capite
3424 3831 3621 3904 expla-

252 3908 361 3962 ἀντὶ
387 3917 500 3975 τοῦ,
532 3911 777 3982 ἐθρήνουν
800 3909 983 3967 αὐτήν.

623 3913 777 3966 ἡνουν
800 3909 983 3967 αὐτήν.
1956 3926 2100 3978 nata
2129 3925 2285 3978 sunt.

321 4004 419 4052 Kal
466 4004 738 4073 κρατήσας
787 4031 852 4039 -
896 4004 1122 4070 γεγονός.
1181 3999 1295 4054 "Erl
1343 4007 1432 4055 καὶ
1479 4008 1596 4078 περὶ
1651 4007 1845 4057 τούτων

2027 4011 2190 4066 Vers.
2218 4013 2304 4066 54.
2336 4011 2420 4067 Et
2439 4009 2891 4080 apprehensa—
2910 4008 3073 4066 Vers.
3091 4013 3176 4067 56.
3221 4009 3612 4082 quod/actum

245 4088 635 4162 ἀπαραλείπτως
668 4090 902 4161 εὑρήσεις
933 4087 979 4140 ἐν
1011 4089 1202 4161 ἐκείνῳ.

1953 4105 2037 4155 est
2067 4141 2080 4154 .
2113 4101 2193 4155 De
2215 4100 2308 4155 his
2330 4115 2575 4172 quoque
2597 4098 2761 4154 nullo
2786 4100 3183 4171 prmtermisso
3210 4100 3292 4156 ibi
3318 4099 3607 4158 invenies.

406 4184 548 4233 ΚΕΦ.
582 4177 700 4231 KZ'.
735 4181 857 4252 Περὶ
887 4185 977 4238 τῆς
1008 4177 1296 4241 ἀποστολῆς
1318 4189 1418 4232 τῶν
1451 4178 1679 4235 δώδεκα.
1955 4189 2068 4243 CAI

1955 4189 2112 4244 CAP.
2144 4191 2350 4244 XXVII.
2395 4189 2482 4244 De
2510 4188 2782 4244 missione
2823 4188 3132 4245 duodecim
3178 4189 3607 4257 apostolorum.

312 4267 762 4338 Συγκαλεσάμενος
854 4298 918 4306 ——
1004 4270 1318 4340 θεραπεύειν.
1415 4275 1632 4344 Εἴρηται
1726 4279 1842 4347 περὶ

2023 4278 2162 4349 Cap.
2199 4279 2281 4333 IX.
2321 4277 2478 4331 Vers.
2527 4281 2574 4333 t.
2603 4276 2938 4332 Convocatis
2967 4307 3036 4316 —
3067 4283 3137 4331 ut
3155 4282 3464 4346 curarent,
3487 4277 3611 4333 Dic-

242 4360 434 4406 τούτων
497 4355 543 4406 ἐν
596 4365 666 4423 τῷ
751 4353 1186 4429 ἐννεακαιδεκάτῳ
1243 4359 1502 4430 κεφαλαίῳ
1561 4368 1651 4412 τοῦ
1708 4365 1842 4412 κατὰ

1951 4370 2074 4420 tum
2099 4370 2186 4420 est
2205 4364 2280 4420 de
2305 4365 2398 4420 his
2417 4363 2651 4420 decimo
2671 4365 3019 4435 nonojuxta
3037 4364 3376 4420 Matthmum
3395 4363 3607 4438 capite.

243 4445 529 4498 MarGalov.

317 4537 416 4584 Kal
441 4530 730 4585 ἀπέστειλεν
773 4563 815 4574 -—
843 4532 1192 4597 ἀσθενοίντας.
1227 4536 1306 4588 Ἐν
1339 4535 1506 4608 ἐκείνῳ
1541 4534 1838 4596 διείληπται
1871 4577 1918 4632 D

2020 4543 2179 4599 Vers.
2214 4547 2266 4598 2.
2303 4545 2380 4599 Et
2408 4543 2571 4599 misit
2599 4573 2668 4584 —-
2697 4543 2983 4614 inﬁrmos,
3017 4541 3242 4599 Eodem
3293 4541 3489 4614 capite
3532 4543 3608 4600 de

237 4627 328 4673 καὶ
385 4625 502 4696 περὶ
559 4626 770 4694 τούτων,
830 4624 949 4676 ἔνθα
1003 4631 1169 4676 κεῖται
1219 4630 1312 4676 τό·
1393 4632 1729 4701 Πορευόμενοι
1781 4627 1838 4682 δὲ
1872 4624 1899 4632 ’

1946 4631 2038 4688 his
2059 4648 2295 4706 quoque
2309 4631 2586 4688 distincte
2605 4633 2830 4688 dictum
2848 4637 2952 4697 est,
2971 4630 3072 4687 ubi
3086 4631 3326 4704 ponitur
3349 4633 3606 4692 :Euntes

236 4711 546 4783 κηρύσσετε,
607 4710 853 4782 λέγοντες,
930 4714 1007 4765 ὅτι
1069 4717 1281 4784 ἤγγικεν
1353 4717 1382 4773 ἡ
1441 4713 1687 4788 βασιλεία
1738 4728 1836 4771 τῶν

1947 4729 2140 4779 autem
2165 4721 2504 4793 pradicate,
2527 4721 2782 4779 dicentes
2798 4720 3008 4777 :Instat
3038 4735 3286 4793 regnum
3303 4721 3602 4780 caelorum.

236 4819 464 4872 ουρανων
475 4842 486 4854 υ

308 4895 408 4942 Kal
441 4885 547 4942 εἶπε
575 4921 638 4931 -
665 4893 824 4962 ἔχειν.
861 4889 1085 4962 Ὁμοίως
1113 4896 1203 4944 καὶ
1233 4897 1348 4968 περὶ
1375 4897 1589 4950 τούτων.

2016 4900 2177 4958 Vers.
2208 4904 2258 4958 3.
2283 4901 2364 4956 Et
2393 4900 2478 4958 ait
2509 4931 2575 4941 —
2605 4900 2894 4958 habeatis.
2928 4900 3202 4957 Similiter
3215 4905 3271 4958 et
3286 4899 3360 4958 de
3376 4900 3491 4958 his.

308 4983 408 5030 Kal
440 4978 512 5040 εἰς
540 5009 610 5020 --
653 4978 948 5053 ἐξέρχεσθε.
982 4985 1081 5033 Καὶ
1111 4986 1228 5054 περὶ
1258 4986 1440 5036 τούτου
1471 4984 1782 5063 πλατύνερον
1807 4990 1832 5041 ὁ

2013 4991 2180 5047 Vers.
2213 4992 2375 5048 4.Et
2415 4990 2474 5045 in
2515 5021 2585 5030 —
2637 4990 2808 5048 exite.
2859 4990 2939 5046 De
2994 4989 3087 5046 his
3134 5005 3372 5064 quoque
3424 4989 3603 5048 latius

233 5069 497 5128 Ματθαίος
528 5066 635 5120 ἐκεῖ
661 5070 930 5143 ἱστόρησε.

1943 5079 2182 5153 scripsit
2205 5079 2288 5137 ibi
2315 5079 2622 5138 Matthmus
2658 5080 2729 5134 ⁸ο.

303 5241 352 5278 ⁸ο
377 5242 646 5315 Matth.x,
675 5249 732 5300 7.

1445 5376 1670 5445 Variae
1710 5379 2038 5449 lectiones
2081 5391 2148 5450 et
2193 5391 2394 5450 notae.

302 5562 418 5646 (£59)
460 5569 557 5646 ξρν
587 5568 798 5646 ῖήνκᾼ-
883 5642 912 5646 _
1942 5592 1964 5631 η

1942 5577 2129 5634 verba
2173 5584 2369 5634 textus
2399 5595 2410 5633 :
2462 5579 2624 5641 Αὐτὸς
2656 5576 2715 5633 δὲ
2741 5577 2965 5634 ἐκϐαλὼν
2997 5579 3093 5644 ἔξω
3130 5579 3350 5646 πάντας,
3375 5580 3439 5638 in
3488 5595 3601 5640 sua

300 5635 414 5720 ζέἒ)
455 5637 841 5720 εἷκάγτεδθεν·
883 5642 939 5690 Β·
1103 5709 1141 5720 η
1942 5665 1962 5702 π

1942 5651 2237 5719 versione,
2272 5651 2512 5709 tametsi
2551 5635 2623 5710 in
2641 5651 2992 5712 Praefatione
3017 5635 3166 5712 nihil
3195 5668 3269 5712 ea
3286 5635 3452 5712 dé'ﬁa
3475 5635 3602 5713 n6"-

453 5709 549 5780 Διὰ
577 5712 820 5780 πίστεως,
855 5708 1072 5765 omittit
1101 5709 1165 5767 Β.
1939 5721 2160 5780 ῃυθιιίι,

299 5777 412 5851 (53)
479 5777 619 5839 Post
669 5778 912 5848 ἀπέθανε,
978 5781 1198 5842 omittit
1257 5784 1440 5846 etiam
1507 5790 1830 5848 Hentenius
