4210 6472
639 363 744 421 943

710 490 874 547 Vers.
900 493 987 548 42.
1010 491 1170 548 Inter
1197 490 1454 548 eundum
1476 496 1675 549 autem
1701 523 1771 534 —
1812 508 1966 550 eum.
1999 493 2300 550 Constrin-
2331 495 2377 548 A

635 579 876 649 gebant,
910 579 1410 652 comprimebant,
1438 580 1810 652 impellentes
1841 583 2000 638 circa
2030 598 2188 639 eum.

633 667 790 726 CAP.
819 670 993 726 XXVI.
1050 671 1133 726 De
1177 669 1426 726 muliere
1475 671 1770 740 proﬂuvio
1799 673 2112 744 sanguinis
2138 672 2297 730 laboo

1368 775 1478 815 ran
1487 766 1561 816 te.

707 846 868 904 νοτε.
901 850 988 906 43.
1020 848 1100 904 Et
1139 847 1355 905 mulier
1383 879 1453 890 —
1484 851 1646 907 Vers.
1677 850 1766 906 44.
1812 851 1970 922 ejus.
2002 851 2093 908 Ab
2123 852 2296 909 annis

631 935 955 1003 duodecim,
975 935 1039 993 id
1068 941 1178 1005 est,
1201 937 1726 995 annosduodecim
1763 955 1777 1005 ;
1802 939 1914 996 hoc
1937 940 2098 996 enim
2119 941 2296 1012 signi-

631 1025 967 1084 ﬁcaveruut
993 1025 1222 1098 priores
1251 1027 1652 1098 evangelista.
1695 1031 1923 1086 Marcus
1948 1044 2088 1085 vero
2119 1031 2163 1064 "
2192 1031 2296 1086 ad-

631 1113 802 1182 didit,
843 1114 1009 1188 quod
1059 1130 1178 1172 nou
1211 1115 1409 1172 solum
1448 1132 1485 1172 a
1527 1117 1780 1173 medicis
1810 1117 1868 1173 in
1895 1117 2059 1174 nullo
2089 1118 2296 1188 adjuta

630 1202 843 1267 fuerat,
895 1219 1105 1260 verum
1150 1205 1330 1261 etiam
1362 1205 1557 1274 magis
1614 1206 1676 1261 in
1713 1205 1976 1262 deterius
2029 1212 2290 1268 venerat.

631 1292 787 1358 Quid
807 1292 884 1349 sit
905 1299 1102 1350 autem
1141 1292 1399 1360 ﬁmbria,
1443 1293 1670 1350 dictum
1717 1300 1809 1351 est
1844 1295 2077 1352 decimo
2130 1301 2292 1351 sexto

628 1381 820 1456 capite
859 1381 1158 1454 Evangelii
1207 1382 1542 1440 secundum
1605 1383 1957 1440 Matthaeum.
2007 1383 2292 1440 Praeterea

627 1471 770 1530 dicit
797 1475 1021 1528 Marcus
1049 1473 1118 1537 ⁴⁸,
1152 1473 1390 1529 venisse
1420 1473 1617 1546 ipsam
1645 1473 1707 1529 in
1720 1472 1946 1530 turbaa
1966 1478 2154 1544 tergo,
2175 1473 2291 1529 hoc

626 1565 735 1630 est,
765 1560 1162 1618 immiscuisse
1211 1576 1275 1618 se
1316 1562 1526 1628 turbae,
1566 1562 1734 1634 quod
1762 1561 1946 1619 latere
1984 1561 2286 1619 niteretur.

701 1650 819 1710 Sed
843 1650 1270 1708 curmanifeste
1309 1666 1433 1707 non
1463 1651 1648 1722 tetigit
1676 1652 1873 1718 7Quia
1901 1651 2288 1724 seipsamim-

621 1741 919 1800 mundam
950 1757 1089 1800 esse
1122 1739 1369 1805 sciebat,
1417 1746 1496 1811 et,
1533 1757 1694 1807 cum,
1723 1741 1822 1813 qui
1847 1741 2118 1797 mundus
2164 1746 2290 1798 erat

1971 363 2318 421 EUTHYMII
2359 363 2686 423 ZIGABENI

3914 369 4041 427 944

2483 496 2561 549 Ἐν
2593 493 2652 549 δε
2676 505 2747 566 τῷ
2787 498 3004 568 ὑπάγειν
3033 527 3100 538 -
3129 496 3306 550 αὐτόν.
3359 499 3720 567 Συνέσφιγγον,
3755 496 4041 568 ὠθιζόμε-

2407 603 2484 636 νοι
2505 590 2622 657 περὶ
2649 585 2819 639 αὐτὸν.

2697 678 2847 730 ΚΕΦ.
2893 675 3008 738 Κςί.
3044 679 3166 748 Περὶ
3193 683 3287 734 τῆς
3322 673 3726 747 αἰμορῥοούσης.

2482 857 2580 905 Καὶ
2644 859 2772 924 γυνη
2867 883 2933 893 -
2987 853 3163 912 αὐτῆς.
3225 856 3341 906 Anc
3409 853 3533 904 έτῶν
3586 847 3817 914 δώδεκα,
3901 855 4027 903 ἀντι

2405 950 2496 994 τοῦ
2523 942 2573 994 έν
2613 946 2750 994 ἔτεσι
2800 938 3028 996 δώδεκα.
3081 945 3243 998 Τοῦτο
3294 946 3394 1013 γὰρ
3451 937 3721 998 ἐδήλωσαν
3775 943 3825 992 οἱ
3893 961 4024 1015 προ-

2404 1031 2643 1093 λαϐόντες
2673 1032 3056 1102 εὐαγγελισταί.
3090 1035 3298 1103 Μάρκος
3345 1029 3403 1083 δε
3429 1032 3772 1103 προσέθηκεν,
3824 1032 3914 1082 ὃτι
3959 1033 4016 1082 οὗ

2404 1127 2556 1193 μόνον
2600 1118 2749 1174 οὐδὲν
2803 1121 3037 1192 ὠφελήθη
3090 1124 3232 1195 παρὰ
3282 1117 3380 1173 τῶν
3449 1120 3659 1194 ἰατρων,
3725 1118 3856 1171 ἀλλα
3925 1129 4019 1172 καὶ

2403 1211 2592 1282 μᾶλλον
2651 1210 2722 1270 εἰς
2762 1214 2818 1262 τό
2867 1219 3046 1284 χεῖρον
3088 1207 3228 1268 ἦλθε.
3289 1217 3351 1264 Τί
3398 1206 3458 1262 δέ
3510 1209 3623 1262 έστι
3682 1206 4011 1281 κράσπεδον,

2402 1305 2603 1375 εἴρηται
2633 1299 2683 1352 έν
2723 1309 2794 1368 τῷ
2823 1297 3169 1370 εξκαιδεκάτῳ
3212 1299 3470 1372 κεφαλαίῳ
3520 1306 3610 1350 του
3664 1301 3802 1350 κατά
3855 1306 4012 1353 Ματ-

2404 1392 2568 1444 θαῖον.
2619 1391 2736 1444 Ἐτι
2768 1387 2826 1442 di
2879 1409 3036 1461 φησιν
3068 1392 3093 1442 ὁ
3126 1391 3349 1462 Μάρκος.
3413 1388 3572 1441 έλθεῖν
3622 1387 3784 1445 αὐτὴν
3833 1387 3886 1440 έν
3942 1398 4012 1458 τῷ

2402 1480 2544 1551 ὄχλῳ
2573 1481 3104 1545 ὄπισθεν,τουτέστιν,
3129 1477 3447 1550 ἀναμιγῆναι
3470 1485 3540 1548 τῷ
3565 1476 3730 1548 ὄχλῳ,
3753 1496 4011 1549 μηχανω-

2400 1574 2555 1641 μένην
2585 1568 2777 1622 λαθεῖν.

2471 1663 2618 1710 Διατί
2666 1655 2725 1710 δε
2765 1658 2870 1728 οὐχ
2919 1657 3092 1728 ἧψατο
3150 1665 3379 1730 φανερῶς
3435 1673 3449 1719 i

2400 1746 2586 1804 έαυτήν
2609 1746 2876 1818 ἐγίνωσκε,
2928 1752 3016 1798 καὶ
3070 1744 3298 1818 ἐφοϐεῖτο
3355 1755 3581 1818 φανερῶς
3627 1745 3874 1815 ἅψασθαι
3916 1755 4009 1798 τοῦ

3514 1660 3655 1709 Διότι
3709 1654 4010 1731 ἀκάθαρτον

621 1831 826 1904 palam
846 1836 1096 1902 tangere
1113 1829 1500 1896 formidabat,
1517 1847 1656 1887 cum
1670 1847 1706 1887 a
1719 1831 1845 1902 lege
1860 1830 2267 1903 prohiberetur

2398 1839 2650 1909 καθαροῦ,
2705 1837 2998 1907 κωλυομένη
3049 1838 3192 1909 παρά
3233 1843 3324 1886 τοῦ
3354 1839 3531 1906 νόμου.
3595 1841 3695 1888 Καὶ
3747 1831 3897 1886 διατί
3931 1842 4003 1905 μὴ

622 1921 816 1986 Quare
839 1927 1042 1979 autem
1072 1937 1109 1976 a
1145 1919 1474 1992 longinquo
1508 1926 1672 1976 stans
1702 1937 1824 1977 non
1870 1921 2108 1992 petebat
2127 1921 2289 1976 saui-

629 2015 810 2067 tatem
841 2012 868 2067 ?
900 2011 1050 2077 Quia
1081 2008 1394 2066 verebatur
1415 2008 1763 2081 hujusmodi
1785 2013 2066 2066 morbum
2092 2009 2287 2081 publi-

619 2115 775 2156 care.
810 2099 996 2156 Simul
1024 2100 1205 2156 etiam
1237 2098 1501 2164 timebat,
1531 2115 1604 2154 ne
1651 2115 1775 2172 quo
1808 2101 1990 2155 modo
2019 2098 2225 2171 agnita
2247 2115 2280 2155 ιι

616 2191 794 2248 turba
821 2190 1201 2264 repelleretur
1230 2194 1471 2261 propter
1503 2206 1668 2246 suam
1707 2189 2134 2261 impuritatem.

686 2280 854 2340 Vers.
891 2285 979 2337 45.
1010 2281 1086 2337 Ει
1124 2281 1209 2336 ait
1254 2309 1323 2320 -—
1351 2296 1431 2333 me
1457 2284 1479 2329 ?
1511 2279 1918 2349 Interrogavit,
1945 2295 2066 2335 non
2110 2278 2274 2350 quod

612 2369 932 2442 ignoraret,
984 2370 1091 2427 sed
1142 2375 1204 2426 ut
1223 2369 1342 2437 illa,
1387 2369 1649 2440 cognito,
1682 2369 1848 2442 quod
1876 2385 1997 2425 non
2045 2368 2272 2433 lateret,

611 2466 788 2533 prout
815 2465 1167 2532 speraverat,
1198 2461 1518 2517 sanitatem
1541 2457 1742 2514 furtim
1767 2472 1890 2514 non
1917 2457 2272 2529 subriperet,

609 2550 716 2606 sed
735 2550 888 2607 hanc
909 2550 988 2606 ab
1010 2549 1146 2622 ipso
1163 2551 1427 2606 ultroneo
1444 2549 1721 2616 auferret,
1737 2546 2101 2610 conﬁtendo,
2135 2562 2272 2617 quae

609 2638 767 2696 circa
823 2656 886 2695 se
941 2638 1096 2696 facta
1144 2645 1341 2694 essent
1369 2653 1382 2692 :
1412 2644 1470 2694 et
1500 2636 1579 2693 ita
1609 2640 1753 2691 nota
1792 2635 2002 2690 ﬁerent
2026 2634 2138 2698 his,
2167 2633 2269 2705 qui

607 2727 902 2784 Christum
928 2728 1351 2799 sequebantur,
1381 2732 1434 2782 et
1468 2724 1733 2781 mulieris
1772 2723 1922 2779 ﬁdes
1972 2728 2028 2779 et
2059 2722 2270 2778 Christi

605 2818 812 2884 virtus,
839 2833 1023 2890 quem
1043 2815 1189 2872 nihil
1217 2816 1400 2873 latere
1431 2819 1659 2887 potest;
1693 2830 1765 2870 ac
1800 2813 1969 2869 multi
2001 2819 2060 2869 et
2083 2812 2267 2867 ﬁdem

602 2906 760 2962 illius
813 2906 1198 2975 imitarentur,
1231 2911 1289 2963 et
1325 2905 1604 2962 timerent
1661 2905 1844 2975 hujus
1891 2904 2269 2974 omnipoten-

602 2995 768 3064 tiam,
790 2997 1184 3068 omniumque
1214 2995 1527 3051 scientiam
1560 3011 1574 3061 ;
1616 2999 1890 3067 praetera,
1919 3003 1979 3048 ut
2009 2991 2268 3062 archisy-

600 3101 933 3158 nagogusa
957 3085 1227 3160 praesenti
1268 3083 1561 3142 miraculo
1599 3084 1892 3155 majorem
1930 3082 2270 3154 conciperet

599 3175 908 3234 ﬁduciam.

669 3267 834 3326 Vers.
866 3267 956 3322 45.
987 3265 1355 3338 Negantibus
1388 3294 1454 3306 -
1479 3268 1615 3321 me?
1675 3263 1882 3320 Petrus
1913 3260 1987 3317 de
2009 3259 2266 3332 simplici

597 3360 870 3414 contactu
897 3355 1193 3413 Christum
1224 3355 1391 3429 loqui
1418 3353 1821 3416 existimabat,
1873 3367 1996 3424 quo
2037 3365 2262 3419 omnes,

594 3445 701 3520 qui
735 3445 1156 3520 sequebantur,
1189 3443 1520 3515 tangebant
1545 3459 1707 3508 eum,
1739 3440 1979 3513 impulsi
2010 3457 2079 3496 ac
2101 3455 2268 3495 coar-

593 3535 732 3593 ctati
758 3536 917 3593 circa
953 3535 1166 3608 ipsum,
1195 3539 1253 3589 et
1281 3535 1362 3590 ita
1392 3530 1886 3600 constringebant
1913 3545 2053 3584 eum
2085 3543 2096 3582 :
2140 3527 2267 3597 ipse

593 3641 734 3683 vero
768 3624 842 3680 de
893 3625 991 3679 tali
1045 3639 1167 3679 non
1212 3621 1596 3694 loquebatur,
1637 3620 1745 3675 sed
1774 3618 1849 3674 de
1889 3634 1982 3685 eo,
2005 3618 2110 3690 qui
2144 3616 2264 3672 ﬁde

589 3713 781 3771 Iactus
817 3717 966 3769 erat.
996 3713 1144 3768 Cum
1184 3711 1343 3767 enim
1374 3716 1510 3766 tunc
1532 3708 1700 3765 multi
1734 3723 1879 3763 casu
1923 3722 2062 3762 eum
2107 3722 2262 3762 com-

594 3801 905 3875 primendo
930 3799 1466 3870 tangerent,solum
1495 3799 1673 3870 hujus
1692 3797 1876 3853 sensit
1893 3800 2258 3862 contactum,

592 3891 698 3964 qui
735 3907 773 3947 a
796 3890 915 3946 ﬁde
943 3888 1344 3962 procedebat.

661 4070 923 4134 Verum,
953 4068 1124 4125 Jesus
1153 4082 1283 4125 vero
1312 4093 1374 4104 -—
1427 4064 1748 4138 quispiam.
1810 4064 1958 4130 Quia
1982 4061 2257 4120 nondum

589 4160 866 4219 confessa
909 4164 1036 4216 erat
1069 4157 1288 4216 mulier
1317 4155 1528 4212 timore
1569 4155 1897 4227 perterrita,
1956 4160 2256 4224 exspecta-

587 4253 694 4310 bat
717 4250 844 4324 ipse
861 4250 994 4322 (rr),
1009 4248 1216 4306 dicens
1239 4264 1253 4303 :
1281 4247 1494 4317 Tetigit
1521 4261 1610 4302 me
1630 4245 1948 4317 quispiam,
1965 4251 2027 4300 ut
2044 4244 2255 4299 videns

585 4342 720 4416 ipsa
748 4339 931 4412 hujus
961 4338 1135 4412 quasi
1162 4345 1469 4410 stuporem
1507 4336 1634 4407 (ss),
1664 4351 1774 4390 sua
1805 4338 2042 4406 sponte,
2093 4333 2255 4406 quod

585 4431 815 4489 factum
852 4433 1000 4499 erat,
1031 4427 1430 4493 conﬁteretur,
1474 4430 1532 4481 et
1560 4425 1694 4496 ipsa
1723 4423 2080 4480 miraculum
2107 4439 2256 4495 prae-

584 4521 832 4579 dicaret.

658 4612 821 4665 Vers.
869 4611 960 4666 46.
1005 4609 1122 4680 Ego
1178 4638 1244 4649 —
1302 4622 1412 4664 me.
1474 4605 1774 4670 Virtutem,
1831 4602 2105 4659 videlicet
2161 4619 2253 4659 sa-

583 4699 790 4766 nandi,
825 4714 1007 4770 quam
1053 4697 1292 4754 attraxit
1327 4695 1479 4752 ﬁdes
1521 4694 1810 4752 mulieris.
1862 4693 2016 4749 Dixit
2055 4698 2250 4749 autem

582 4789 718 4856 hoc,
747 4793 811 4844 ut
839 4788 1032 4856 magis
1049 4787 1514 4850 conﬁrmaretur,
1539 4783 1705 4856 quod
1719 4799 1854 4839 eum
1886 4782 2252 4856 nonlateret,

581 4895 718 4954 quae
746 4882 898 4936 esset
927 4893 997 4934 ea
1021 4893 1157 4948 quae
1187 4876 1389 4948 ipsum
1429 4874 1717 4944 tetigerat.
1760 4876 1985 4930 Marcus
2024 4874 2071 4910 ⁴⁹
2115 4889 2253 4930 vero

581 4967 752 5035 dixit,
777 4965 945 5040 quod
967 4966 1149 5022 etiam
1175 4963 1703 5036 circumspiciebat,
1737 4970 1801 5020 ut
1832 4962 2064 5021 videret
2088 4977 2252 5025 eam,

583 5074 721 5132 quas
737 5057 853 5115 hoc
879 5055 1112 5114 fecerat.

649 5213 698 5251 ⁴⁷
723 5211 896 5269 Marc.
921 5227 980 5279 v,
1003 5213 1098 5268 26.
1183 5209 1232 5246 “
1251 5208 1416 5274 Ibid.,
1439 5208 1527 5264 27.
1561 5209 1608 5245 "
1639 5208 1811 5277 lbid.,
1834 5209 1903 5266 32
1921 5247 1937 5264 .

2399 1925 2570 1999 ποῤῥω
2602 1932 2776 1977 στᾶσα
2797 1930 2888 1982 τὴν
2921 1928 3098 1995 ὑγείαν
3138 1925 3374 1996 ᾐτήσατο
3397 1943 3412 1992 ;
3433 1929 3573 1976 Διὸτε
3603 1925 3871 1995 ᾐσχύνετο
3897 1921 4004 1982 δη-

2395 2024 2676 2085 μοσιεῦσαι
2704 2023 2932 2066 τοιοῦτον
2959 2015 3142 2073 πάθοςο
3171 2012 3314 2084 Ἀμα
3355 2010 3413 2065 δε
3443 2019 3532 2065 καὶ
3564 2015 3850 2075 ὑπώπτευε,
3900 2019 4004 2085 μή·

2392 2104 2511 2155 ποτέ
2547 2101 2580 2156 δ
2587 2105 2934 2174 ιαγνωσθεῖσα
2976 2102 3203 2174 ἀπελαθῂ
3234 2106 3376 2175 παρά
3413 2111 3504 2154 τοῦ
3543 2102 3726 2174 ὄχλου,
3757 2099 3792 2154 δ
3799 2106 3853 2154 ιά
3901 2109 3997 2161 τὴν

2390 2190 2717 2266 ἀκαθαρσίαν
2750 2192 2878 2250 αὐτῆ
2892 2213 2932 2253 ς.

2462 2289 2558 2334 Καὶ
2613 2279 2746 2335 εἶπεν
2787 2312 2851 2322 -—
2903 2301 3041 2352 μον;
3085 2281 3401 2353 Ἠρώτησεν,
3458 2280 3553 2332 οὐκ
3607 2279 3827 2351 ἀγνοῶν,
3883 2281 3992 2334 ἀλλ’

2387 2370 2469 2421 ἵνα
2491 2378 2711 2441 γνοῦσα,
2744 2372 2822 2421 ὃτι
2874 2371 2965 2421 οᾶκ
3023 2369 3219 2435 ἔλαθεν,
3274 2371 3343 2428 ὡς
3394 2369 3627 2432 ἤλπιζεν,
3671 2366 3992 2440 οὐδ’έκλεψε

2383 2464 2476 2516 τὴν
2508 2462 2706 2529 υγείαν,
2759 2457 2885 2510 ἀλλά
2925 2460 3044 2532 παρ’
3105 2459 3309 2518 ἑκόντος
3358 2458 3518 2509 αὑτοῦ
3571 2462 3763 2515 ταύτην
3809 2461 3990 2531 ἐκομί-

2385 2567 2533 2611 σατο,
2600 2547 2962 2619 ἀνομολογηση
3012 2551 3076 2598 τὰ
3105 2548 3219 2599 κατ’
3249 2547 3433 2609 αὐτὴν,
3465 2552 3555 2598 καὶ
3581 2549 3835 2619 γνωρισθῇ
3867 2555 3983 2608 τοῖς

2381 2636 2747 2701 ἀκολουθοῦσι,
2779 2641 2974 2696 ταύτης
2999 2640 3088 2708 μεν
3140 2639 3167 2694 ὴ
3224 2642 3424 2698 πίστις,
3460 2636 3621 2688 αὑτοῦ
3668 2631 3724 2688 δε
3752 2637 3781 2692 η
3817 2631 3976 2688 δύνα-

2378 2747 2468 2799 μις
2511 2733 2599 2779 καὶ
2656 2732 2712 2778 τὸ
2778 2726 3056 2792 ἀλάθητον,
3122 2730 3210 2777 καὶ
3277 2731 3612 2796 μιμησωνται
3666 2729 3755 2796 μεν
3803 2724 3983 2778 πολλοὶ

2380 2823 2471 2874 την
2507 2822 2682 2868 πίστιν
2714 2816 2838 2874 αὐτῆ
2854 2837 2894 2879 ς,
2927 2814 3198 2886 φοϐηθῶσι
3258 2811 3316 2866 δε
3365 2817 3423 2865 τὸ
3451 2811 3849 2886 παντοδύναμον
3891 2814 3981 2866 αὖ·

2378 2914 2468 2956 τοῦ
2535 2911 2619 2956 καὶ
2681 2911 3090 2966 πανεπίσκοπον,

2378 2997 2575 3082 άγξυγος
2599 2993 2805 3045 πλείονα
2851 2992 2980 3065 λάϐῃ
3010 2998 3188 3045 πίστιν
3215 2991 3316 3044 ἀπο
3347 3000 3438 3044 του
3465 2998 3719 3066 παρόντος
3771 2995 3980 3065 θαύμα-

3169 2909 3258 2956 καὶ
3323 2905 3405 2955 ἶνα
3482 2908 3570 2955 καὶ
3625 2905 3650 2954 ὸ
3705 2902 3976 2978 ἀρχισννο

2377 3103 2483 3144 τος.

2449 3263 2794 3334 Ἀρνουμίνων
2854 3281 3048 3333 -μου
3111 3279 3124 3326 ;
3180 3259 3238 3314 Ὀ
3294 3265 3479 3333 Πέτρος
3531 3265 3622 3332 μεν
3676 3265 3804 3332 ᾤετο
3863 3265 3967 3335 περὶ

2375 3351 2544 3413 ἁπλῆς
2572 3351 2766 3423 έπαφῆς
2794 3351 2955 3422 λέγειν
3006 3355 3093 3403 τὸν
3145 3354 3391 3426 Χριστὸν.
3437 3350 3553 3402 καθ’
3602 3352 3666 3409 ἣν
3694 3354 3873 3411 πάντες
3918 3352 3958 3401 oi

2376 3441 2769 3503 ἀκολουθοῦντες
2817 3445 3038 3499 ἣπτοντο
3091 3441 3268 3509 αὐτοῦ,
3328 3444 3447 3513 περὶ
3504 3439 3663 3492 αὐτὸν
3723 3441 3948 3508 ὠθιζόμε-

2373 3550 2449 3582 νοι
2480 3535 2568 3582 καὶ
2618 3528 2998 3593 ἀποθλίϐοντες,
3053 3533 3237 3593 εἰτουν,
3296 3527 3702 3600 ἀποσφίγγοντες
3758 3527 3905 3578 αὑτὸν
3936 3567 3946 3580 .

2690 3618 2750 3670 οὗ
2817 3624 2930 3692 περὶ
2976 3621 3222 3679 τοιαύτης
3275 3616 3454 3688 ἔλεγεν,
3525 3617 3654 3669 ἀλλὰ
3704 3621 3816 3689 περὶ
3874 3625 3958 3676 τῆς

3109 3707 3310 3760 Πολλῶν
3382 3704 3441 3759 δε
3515 3715 3802 3765 τηνικαῦτα
3855 3707 3963 3777 (49»

2373 3620 2498 3670 αὐτὸ
2511 3639 2530 3680 ς
2579 3615 2636 3671 δὲ

2369 3714 2611 3780 γενομένη
2624 3730 2644 3771 ς
2687 3707 2740 3760 έκ
2793 3713 3037 3770 πίστεως.

2369 3802 2503 3851 κατά
2545 3802 2716 3869 τύχην
2756 3798 3052 3869 ἁπτομένων
3105 3797 3287 3861 αὑτοῦ,
3333 3793 3426 3848 διὰ
3482 3800 3568 3849 τὸν
3617 3798 3968 3869 συνωθισμόν,

2368 3894 2524 3962 μόνης
2572 3889 2762 3960 ᾔσθετο
2809 3895 2900 3947 τῆς
2947 3887 3148 3959 ἐπαφῆς
3187 3889 3401 3949 ταύτης,
3456 3890 3735 3959 γενομένης
3774 3884 3830 3937 ἐκ
3889 3891 3975 3938 πί-

2371 3998 2557 4040 στεως.

2435 4067 2494 4119 Ὀ
2527 4064 2583 4120 δε
2617 4067 2824 4128 Ἰησοῦς
2880 4097 2947 4105 -
3009 4070 3106 4127 τίς·
3172 4065 3310 4118 Ἐπεὶ
3376 4065 3518 4116 οὔπω
3572 4060 3979 4137 διωμολόγησεν

2367 4159 2396 4215 ἡ
2455 4161 2607 4228 γυνὴ,
2660 4154 2944 4228 φοϐουμένη
3022 4156 3246 4218 πάντως,
3312 4154 3462 4213 αὐτὸς
3512 4152 3736 4224 ἐπιμένει
3789 4153 3977 4222 λέγων,

2363 4245 2570 4316 Ἥψατο
2601 4248 2700 4316 μου
2744 4264 2845 4310 τις,
2893 4245 2974 4295 ἵνα
3028 4242 3298 4316 βλέπουσα
3347 4247 3436 4300 την
3495 4243 3738 4292 ἔνστασιν
3779 4241 3976 4307 αὐτοῦ,

2367 4335 2651 4407 αὐτόματος
2681 4333 2978 4406 ὁμολογήσῃ
3015 4337 3071 4385 τὸ
3111 4337 3337 4404 γεγονὸς,
3391 4335 3479 4384 καὶ
3524 4328 3652 4388 αὖτή
3681 4332 3739 4382 τὸ
3773 4329 3969 4400 θαῦμα

2365 4423 2690 4498 ἀνακηρύξηο

2435 4605 2568 4675 Ἐγὼ
2620 4636 2688 4644 —-
2744 4602 2889 4675 ίμοῡ.
2948 4604 3171 4674 Δύναμιν
3227 4601 3618 4671 θεραπευτικὴν,
3697 4596 3976 4668 δηλονότι,

2367 4695 2424 4752 ἣν
2456 4694 2685 4746 εἵλκυσεν
2710 4695 2738 4751 ἡ
2782 4699 2956 4754 πίστις
2988 4699 3081 4752 τῆς
3111 4694 3370 4762 γυναικός.
3404 4686 3528 4742 Εἷπε
3559 4685 3618 4742 δὲ
3643 4696 3794 4742 τοῦτο
3835 4695 3973 4761 πρὸς

2363 4783 2569 4835 πλείονα
2601 4780 2882 4854 βεϐαίωσιν
2912 4789 3000 4832 του
3031 4785 3101 4851 μὴ
3170 4777 3364 4850 ἀγνοεῖν
3395 4783 3484 4835 τὴν
3517 4775 3804 4850 ἁψαμένην’
3845 4781 3871 4830 ὀ
3907 4775 3971 4832 δὲ

2365 4874 2576 4944 Μάρκος
2605 4867 2757 4936 εἶπεν,
2791 4872 2871 4924 ὃτι
2913 4875 3003 4922 καὶ
3061 4865 3415 4944 περιεϐλέπετο
3469 4863 3599 4920 ἰδεῖν
3657 4871 3751 4925 τὴν
3808 4876 3970 4921 τοῦτο

2361 4980 2428 5014 πο
2435 4966 2485 5019 ιη
2495 4979 2662 5014 σασαν
2669 5002 2684 5018 .

1812 5361 2036 5433 ναι-ἰῶ
2064 5362 2390 5432 lectiones
2405 5372 2472 5432 et
2498 5371 2704 5431 notae.

649 5512 765 5587 (49)
794 5509 996 5566 Πολλῶν
1021 5511 1123 5585 γὰρ
1150 5514 1443 5568 τηνικαῦτα
1470 5507 1528 5562 Β.

612 5635 1182 5723 __(rr)Ea:spectabat
1217 5634 1352 5706 ipse.
1394 5633 1522 5707 Ipse
1558 5633 1618 5688 in
1657 5648 1726 5689 eo
1764 5633 2019 5706 persistit
2057 5649 2126 5689 ac
2146 5631 2232 5688 di-

574 5718 740 5856 cui”)
794 5781 1118 5853 Stuporem,
1186 5779 1489 5834 "laxatam.
1538 5775 1665 5834 loco
1728 5780 1968 5829 ἔνστασιν
1999 5775 2234 5832 videtur

2340 5631 2578 5703 legisse.
2609 5611 2832 5703 Redde,
2863 5628 3041 5703 ltuj‘us
3062 5627 3750 5700 perseverantiam.Nam
3779 5627 3959 5681 ἔνστα-

2345 5698 2430 5767 σιξ
2455 5719 2577 5761 non
2609 5701 2808 5759 differt
2838 5701 2917 5760 ab
2941 5698 3201 5774 ίπιμονή.
