4210 6454
253 417 359 476 945

1349 415 1710 472 COMMENT.
1754 413 1825 469 IN
1870 412 2128 469 LUCAM.
2168 444 2240 457 —
2277 413 2439 474 CAP.
2479 415 2573 471 IX.

3525 413 3630 469 946

330 542 546 600 ’ἰδοῦσα
576 541 635 598 δε
664 575 731 585 —
762 541 905 602 ἦλθε.
931 546 1227 617 Τρέμουσα,
1257 543 1367 616 ἅμα
1397 546 1506 615 μὲν,
1537 548 1624 594 καὶ
1652 539 1746 594 διὰ
1769 545 1857 598 τήν

2045 540 2208 595 Vers.
2236 541 2322 596 47.
2357 541 2501 596 Cum
2543 555 2679 610 ergo
2702 538 2927 596 videret
2953 568 3021 578 —
3051 536 3305 594 accessit.
3327 537 3630 603 Tremens,

260 633 481 707 δύναμιν
503 635 662 686 αὑτοῦ
685 651 696 663 ⁸
723 633 834 706 ἅμα
859 629 937 699 δε,
965 638 1054 684 καὶ
1080 629 1174 686 διὰ
1199 637 1284 685 τὸν
1309 637 1482 703 νόμον,
1517 633 1598 685 ὃτι
1627 632 1864 704 ἀκάθαρ-

261 743 348 786 τος
373 721 526 792 οὖσα,
559 723 732 794 ἥψατο
763 730 854 774 τοῦ
883 724 1137 797 καθαροῦ.

337 906 438 955 Καὶ
482 908 859 976 προσπεσοῦσα
897 932 962 944 -
1012 908 1368 975 παραχρῆμα.
1411 899 1539 952 Καθ’
1575 896 1862 972 ὑπερϐατόν

266 989 405 1043 ἐστιν
437 993 466 1049 ἡ
503 991 743 1053 σύνταξις
786 999 886 1042 τῶν
914 991 1105 1065 ῥητῶν,
1154 991 1234 1042 ὅτι
1280 995 1660 1062 προσπεσοῦσα
1699 987 1860 1057 αύτῷ.

266 1079 560 1152 ἀνήγγειλεν
584 1079 724 1150 αύτῷ
751 1078 960 1132 ἐνώπιον
991 1082 1182 1141 παντὸς
1209 1086 1301 1131 τοῦ
1329 1078 1476 1141 λαοῦ,
1504 1075 1578 1130 δι’
1601 1080 1661 1136 ἣν
1693 1076 1859 1128 αἰτίαι

267 1169 441 1240 ἥψατο
467 1168 646 1232 αὐτοῦ,
673 1165 904 1233 δηλαδὴ,
929 1167 1214 1230 λεληθότως
1244 1184 1255 1195 ’
1277 1169 1472 1224 ταύτην
1491 1162 1549 1218 δὲ
1574 1170 1665 1224 τὴν
1689 1166 1862 1217 αἰτίαν

263 1263 642 1331 προειρήκαμεν
674 1255 928 1330 ἀνωτέρω.

333 1346 392 1398 Ὀ
433 1344 491 1399 δὲ
538 1347 738 1407 Ἰησοῦς
797 1377 849 1386 —-
905 1365 978 1399 σε.
1027 1351 1112 1404 Μή
1161 1344 1340 1418 φοϐοῦ,
1383 1349 1514 1417 μήτε
1571 1343 1675 1416 ἐμὲ,
1732 1348 1864 1416 μήτε

262 1439 346 1488 τὸν
393 1441 564 1507 νόμον.
616 1435 701 1488 Ἐκ
754 1440 981 1496 πίστεως
1030 1437 1154 1508 γὰρ,
1206 1435 1299 1486 ούκ
1330 1433 1384 1486 ἐκ
1430 1438 1863 1507 καταφρονήσεως

263 1525 402 1595 ﬁdam,
433 1530 520 1578 καὶ
565 1525 762 1591 λοιπὸν,
812 1527 840 1583 ἠ
874 1529 1056 1585 πίστις
1089 1543 1183 1576 σου
1231 1523 1353 1596 παρ’
1391 1522 1513 1594 ἐμοῦ
1557 1525 1665 1594 μὲν,
1710 1541 1861 1594 προε-

263 1614 442 1676 ξένησέ
477 1634 561 1666 σοι
589 1619 684 1672 τὴν
727 1614 840 1685 (50)
872 1615 1049 1685 ὑγείαν
1073 1630 1085 1642 ·
1116 1616 1258 1686 παρὰ
1308 1610 1366 1665 δε
1408 1620 1500 1664 τοῦ
1535 1617 1713 1684 νόμου,
1769 1615 1863 1670 τήν

261 1705 464 1775 ἄφεσιν.
505 1711 577 1776 Τῇ
611 1709 784 1756 πίστει
831 1700 890 1756 δὲ
932 1703 1091 1763 αὐτῆς
1138 1706 1195 1754 τό
1235 1708 1335 1754 πᾶν
1382 1701 1732 1776 ἐπεγράψατο,
1782 1703 1864 1752 ἱνα

259 1801 347 1844 καὶ
385 1792 528 1844 ἄλλοι
581 1797 703 1863 πρὸς
742 1799 922 1845 πίστιν
962 1791 1363 1864 ὶφελκυσθῶσιν,
1417 1793 1486 1851 ὡς
1542 1791 1818 1865 εἰρήκαμεν
1845 1810 1858 1822 ·

1975 634 2103 685 tum
2135 635 2372 702 propter
2396 630 2561 688 illius
2593 630 2885 692 virtutem,
2937 632 3064 682 tum
3109 629 3352 698 propter
3410 624 3624 695 legem,

1973 719 2161 790 quod,
2187 735 2324 776 cum
2356 718 2676 775 immunda
2705 722 2878 786 esset,
2910 732 3068 784 eum,
3087 714 3192 788 qui
3213 713 3480 771 mundus
3505 717 3634 773 erat

1975 809 2275 878 tetigisset.

2045 900 2210 954 Vers.
2239 899 2326 954 47.
2361 899 2450 954 Ac
2481 897 2736 967 procidit
2767 928 2831 937 —
2850 896 3134 967 protinus.
3175 893 3280 949 Per
3325 892 3634 966 hyperba-

1972 995 2070 1043 ton
2105 989 2353 1044 estordo
2375 988 2722 1044 verborum.
2757 985 3008 1042 Procidit
3038 983 3117 1040 ad
3146 983 3331 1056 pedes
3378 983 3528 1056 ejus,
3575 987 3634 1040 et

1972 1079 2256 1134 indicavit
2285 1077 2336 1132 ei
2353 1093 2555 1134 coram
2587 1076 2751 1132 omni
2778 1073 3025 1148 populo,
3051 1073 3132 1130 ob
3159 1089 3348 1145 quam
3373 1088 3630 1129 causam

1972 1169 2137 1224 illum
2190 1167 2499 1238 tetigisset,
2559 1171 2704 1238 puta
2761 1165 2908 1221 clam
2962 1163 3085 1219 sive
3146 1161 3421 1220 occulte:
3471 1161 3630 1218 hanc

1974 1265 2174 1314 autem
2201 1273 2452 1313 causam
2478 1255 2749 1327 superius
2778 1253 3188 1327 praediximus.

2043 1349 2206 1404 Vers.
2241 1350 2327 1402 48.
2357 1347 2519 1403 Jesus
2552 1353 2739 1401 autem
2771 1375 2837 1384 -—
2887 1350 2959 1400 te.
3006 1347 3086 1399 Ne
3131 1345 3234 1398 aut
3268 1342 3379 1410 :me
3421 1345 3524 1398 aut
3554 1340 3632 1397 le-

1974 1454 2108 1508 gem
2143 1437 2361 1492 timeas.
2395 1435 2475 1490 Ex
2505 1434 2622 1490 ﬁde
2640 1434 2798 1490 enim
2830 1438 2883 1488 et
2910 1448 3029 1488 non
3057 1448 3131 1488 ex
3175 1435 3524 1504 contemptu
3549 1435 3630 1487 te-

1973 1528 2150 1598 tigisti
2186 1543 2200 1594 ;
2226 1531 2280 1581 et
2305 1529 2459 1580 certe
2485 1523 2635 1578 ﬁdes
2665 1527 2770 1578 tua
2801 1541 2832 1578 a
2861 1538 2955 1576 me
2999 1521 3244 1594 quidem
3295 1520 3632 1576 conciliavit

1973 1617 2076 1672 tibi
2099 1616 2434 1677 sanitatem,
2449 1613 2620 1681 alege
2639 1627 2779 1667 vero
2793 1610 3232 1666 remissionem.
3251 1609 3412 1665 Fidei
3430 1614 3630 1666 autem

1973 1704 2126 1760 illius
2156 1707 2349 1758 totum
2383 1699 2644 1757 attribuit
2671 1699 2999 1769 negotium,
3028 1703 3091 1752 ut
3115 1702 3173 1753 et
3202 1696 3300 1753 alii
3341 1695 3416 1753 ad
3444 1696 3629 1753 ﬁdem

1973 1793 2425 1855 attraherentur,
2455 1791 2608 1844 sicut
2637 1787 3040 1860 praediximus.
3101 1785 3372 1843 Ostendit
3427 1785 3628 1858 itaque

260 1878 422 1944 ἔδειξε
452 1879 510 1934 δὲ
548 1879 814 1933 κάνταῦθα
855 1882 968 1953 (51)
1002 1882 1026 1932 ὁ
1059 1884 1304 1955 Χριστός,
1355 1882 1434 1932 ὅτι
1486 1877 1660 1940 οὐδεὶς
1711 1878 1857 1930 ἀκού-

1979 1899 2078 1954 per
2102 1883 2218 1937 hoc
2248 1879 2533 1945 Christus,
2581 1877 2747 1951 quod
2798 1876 2998 1932 nullus
3047 1875 3127 1931 ob
3184 1875 3466 1930 morbum
3529 1874 3621 1932 vel

263 1991 374 2023 σιον
433 1973 568 2042 ἔχων
616 1972 801 2033 πάθος,
872 1968 1164 2044 ἁκάθαρτός
1220 1969 1333 2021 ἐστι
1390 1971 1532 2042 παρὰ
1587 1976 1658 2038 τῷ
1713 1974 1859 2039 6:51.-

265 2061 524 2132 θυγατέρα
556 2057 613 2112 δε
667 2059 827 2116 αὐτὴν
880 2058 1132 2127 ἐκάλεσεν,
1180 2061 1247 2118 ὡς
1294 2059 1682 2115 υἰοθετηθείσαν
1722 2057 1862 2128 αύτῷ

267 2145 359 2200 διὰ
406 2153 648 2217 πίστεως,
690 2152 780 2198 καὶ
824 2146 936 2218 ἅμα
990 2143 1082 2198 διὰ
1133 2154 1224 2206 τῆς
1275 2151 1635 2221 προσηγορίας
1673 2148 1865 2206 ταύτης

265 2236 520 2298 παντελῶς
565 2240 652 2288 τὸν
693 2235 846 2309 φόϐον
877 2235 1035 2296 αὐτῆς
1083 2234 1336 2286 ἐκϐάλλων
1393 2239 1482 2287 καὶ
1525 2235 1864 2308 οἰκειούμενος

267 2325 448 2382 αύτήν.

339 2417 566 2486 Πορεύου
618 2413 684 2474 εἰς
736 2413 961 2488 εἰρήνην.
1024 2417 1129 2470 Τήν
1188 2415 1287 2464 ἀπὸ
1349 2419 1441 2465 τοῦ
1492 2418 1680 2486 μηκέτι
1718 2414 1864 2467 πολε·

261 2505 476 2575 μεῖσθαι
511 2505 613 2554 ύπὸ
644 2510 734 2554 τοῦ
783 2504 999 2563 πάθους.
1045 2503 1187 2554 Κατά
1236 2497 1295 2553 δὲ
1339 2500 1632 2574 ἀναγωγήν,
1677 2507 1753 2562 εἴη
1798 2507 1860 2556 ἄν

260 2591 537 2666 αἱμόρρους
578 2595 605 2650 ἡ
659 2595 813 2664 φύσις
851 2600 949 2643 τῶν
982 2590 1280 2663 ἀνθρώπων,
1331 2594 1446 2652 ἣτις
1495 2596 1593 2662 πρὸ
1641 2602 1732 2645 τοῦ
1781 2593 1860 2645 ἐλ-

259 2683 360 2733 θεῖν
389 2687 474 2732 τόν
503 2685 754 2752 Χριστὸν,
785 2679 1014 2751 ἕπήγαξε
1059 2685 1153 2737 τήν
1186 2679 1513 2752 ἀκαθαρσίαν
1545 2690 1641 2744 τῆς
1691 2682 1862 2757 ἁμαρ-

252 2776 387 2835 τίας,
432 2775 664 2842 φοινικήν
692 2766 872 2834 οὖσαν,
925 2773 1065 2835 ἤτοι,
1117 2774 1348 2840 φονικήν.
1401 2767 1568 2822 Οὐδὲν
1611 2767 1668 2823 δὲ
1725 2772 1858 2844 ὠφε-

251 2859 386 2917 λήθη
430 2862 572 2932 παρὰ
601 2867 700 2910 τῶν
729 2858 977 2930 ψυχικῶν
1011 2859 1197 2932 ἰατρῶν
1241 2858 1427 2927 αὐτῆς,
1461 2858 1592 2930 λέγω
1623 2857 1714 2923 δή,
1760 2870 1859 2913 τῶν

252 2949 542 3021 φιλοσόφων
569 2966 580 2977 ⁸
641 2947 768 3000 ἀλλὰ
796 2953 884 3000 καὶ
936 2947 1124 3019 μάλλον
1169 2945 1355 3004 ἐϐλάϐη
1406 2956 1521 3008 ταῖς
1565 2947 1858 3012 ἀλλοκότοις

252 3033 634 3098 διδασκαλίαις
674 3036 874 3088 αύτῶν·
908 3035 1144 3108 ἀέναμένη
1191 3033 1249 3088 δὲ
1280 3043 1370 3088 τοῦ
1415 3039 1622 3108 ἱματίου
1672 3039 1853 3106 αὐτοῦ,

248 3131 512 3195 τουτέστι,
569 3135 663 3188 τῆς
722 3132 1027 3200 σαρκωσεως
1080 3125 1261 3194 αὐτοῦ,
1323 3121 1416 3176 διὰ
1468 3132 1708 3191 πίστεως,
1769 3129 1858 3180 αύ-

1972 1971 2370 2036 aﬁ‘ectionem,
2398 1983 2584 2040 quam
2616 1966 2836 2022 invitus
2868 1965 3102 2037 patitur,
3135 1963 3489 2020 immundus
3541 1968 3629 2020 est

1972 2061 2134 2133 apud
2163 2063 2367 2115 Deum.
2413 2057 2622 2112 Filiam
2643 2055 2994 2126 veroipsam
3011 2052 3267 2119 vocavit,
3306 2056 3510 2125 utpote
3523 2068 3630 2127 per

1970 2150 2152 2205 ﬁdem
2188 2147 2301 2202 sidi
2330 2145 2682 2218 adoptatam
2722 2162 2734 2199 :
2761 2143 2936 2200 simul
2966 2143 3135 2199 etiam
3158 2141 3630 2216 hujusmodiap-

1971 2237 2285 2311 pellatione
2306 2235 2582 2291 timorem
2603 2233 2838 2306 penitus
2870 2232 2949 2289 ab
2976 2247 3048 2288 ea
3067 2230 3382 2302 repellens,
3406 2229 3625 2303 ipsam-

1971 2344 2087 2402 que
2121 2325 2231 2382 sibi
2265 2324 2614 2380 familiarem
2645 2321 2929 2378 reddens.

2041 2417 2206 2473 Vers.
2247 2416 2339 2470 48.
2387 2414 2623 2470 Vadein
2647 2427 2814 2482 pace.
2849 2413 2978 2476 Qua
3001 2409 3287 2482 deinceps
3319 2424 3358 2466 a
3423 2407 3628 2467 morbo

1969 2523 2086 2562 non
2120 2503 2490 2576 impugneris
2510 2502 2690 2557 Juxta
2715 2514 3032 2570 anagogen
3056 2514 3195 2555 vero
3247 2497 3490 2568 intelligi
3521 2514 3626 2571 po-

1969 2601 2080 2651 test
2111 2594 2406 2663 sanguine
2436 2593 2646 2662 ﬂuens,
2667 2595 2884 2646 natura
2903 2588 3174 2644 humana
3207 2603 3218 2642 :
3248 2603 3405 2660 quas.
3436 2587 3629 2660 prius-

1967 2700 2154 2758 quam
2185 2681 2410 2738 veniret
2456 2679 2738 2743 Christus,
2804 2677 3090 2734 manabat
3135 2676 3354 2749 peccati
3380 2676 3629 2748 impuri-

1969 2778 2085 2829 tate
2113 2771 2503 2841 sanguinaria
2533 2769 2658 2824 sive
2704 2766 3004 2823 mortifera
3057 2783 3072 2832 ;
3124 2782 3234 2821 nec
3285 2765 3626 2838 quidquam

1968 2861 2294 2933 adjumenti
2326 2863 2594 2915 senserat
2618 2875 2654 2914 a
2693 2855 3061 2929 spiritalibus
3111 2855 3452 2911 animorum
3497 2871 3624 2911 me-

1967 2952 2137 3019 dicis,
2168 2951 2412 3024 quiejus
2434 2965 2641 3004 curam
2665 2947 3020 3011 habuerant,
3054 2949 3200 3016 puta
3225 2943 3622 3016 philosophis:

1968 3041 2071 3096 sed
2101 3039 2522 3096 detrimentum
2548 3037 2745 3109 potius
2775 3037 3133 3107 susceperat,
3180 3049 3285 3105 per
3314 3039 3624 3090 extraneas

1968 3146 2035 3184 ac
2073 3128 2373 3185 absurdas
2413 3141 2621 3182 eorum
2673 3123 2998 3180 doctrinas.
3051 3126 3120 3179 Ut
3159 3127 3361 3178 autem
3411 3123 3625 3180 Christi

245 3219 374 3268 τίκα
425 3215 566 3272 ἰάθη.
615 3220 715 3267 Καὶ
744 3218 844 3287 γὰρ
894 3214 1112 3265 ἅπτεται
1161 3220 1250 3264 τοῦ
1301 3216 1508 3284 ἱματίου
1550 3215 1708 3267 αὐτοῦ
1765 3213 1857 3268 διὰ

1979 3217 2149 3288 :etigit
2199 3217 2627 3282 vestimentum,
2659 3213 2774 3268 hoc
2818 3216 2922 3276 est,
2968 3211 3435 3266 incarnationem
3494 3211 3624 3282 ejus

246 3309 474 3364 πίστεως
539 3305 677 3373 (52),
755 3308 852 3362 πᾶς
918 3303 942 3352 ὁ
1009 3304 1265 3353 πιστεύων
1337 3310 1396 3373 τῇ
1472 3301 1856 3377 ἐνανθρωπήσει

249 3393 434 3445 αὐτοῦ.

322 3481 442 3533 ’Ἐτι
474 3511 541 3520 -
570 3481 887 3536 σωθήσεται.
933 3485 1111 3531 Ταῦτα
1139 3484 1228 3530 καὶ
1259 3480 1283 3530 6
1315 3482 1525 3552 Μάρκος
1554 3481 1774 3556 ἔγραψεν
1805 3482 1853 3535 ἐν

249 3580 322 3641 τῷ
356 3565 776 3640 τρισκαιδεκάτῳ
803 3567 1081 3640 κεφαλαίῳ,
1112 3573 1201 3619 καὶ
1224 3568 1456 3628 ζήτησον
1483 3572 1530 3620 ἐν
1560 3568 1730 3641 ἐκείνῳ
1762 3575 1854 3628 τήν

250 3661 539 3733 ἑρμηνείαν.

323 3747 510 3800 mea».
540 3743 598 3799 δὲ
629 3777 695 3787 —
727 3745 973 3798 ἀπέθανεν
1000 3745 1132 3818 (53).
1157 3746 1376 3819 Ὁμοίως
1405 3751 1492 3798 καὶ
1521 3753 1637 3819 περὶ
1659 3750 1849 3800 τούτων

248 3841 448 3890 πάντων
478 3835 525 3888 ἐν
566 3835 736 3907 ἐκείνῳ
785 3841 1185 3908 σεσαφήνισται.
1220 3837 1527 3890 Ἐκόπτοντο
1577 3834 1635 3890 δὲ
1665 3837 1844 3904 αὐτὴν,

251 3925 359 3978 ἀντὶ
385 3934 498 3991 τοῦ,
530 3927 774 3998 ἐθρήνουν
798 3925 980 3982 αύτήν.

320 4021 418 4070 Καὶ
465 4020 736 4090 κρατήσας
784 4046 850 4054 -
894 4019 1120 4086 γεγονός.
1179 4014 1294 4068 "Eri
1341 4021 1430 4068 καὶ
1477 4020 1594 4091 περὶ
1649 4019 1843 4069 τούτων

244 4105 633 4179 ἁπαραλείπτως
666 4106 900 4177 εὑρήσεις
931 4103 978 4155 ἐν
1009 4103 1200 4175 ἐκείνῳ.

405 4201 548 4250 ΚΕΦ.
581 4193 699 4247 KZ'.
733 4197 855 4267 Περὶ
885 4200 976 4253 τῆς
1007 4192 1296 4254 ἀποστολῆς
1317 4202 1416 4246 τῶν
1449 4191 1678 4247 δώδεκα.

311 4283 760 4354 Συγκαλεσάμενος
853 4313 917 4321 —
1003 4285 1316 4354 θεραπεύειν.

241 4377 434 4424 τούτων
496 4371 543 4423 ἐν
595 4381 666 4439 τῷ
751 4368 1185 4443 ἐννεακαιδεκάτῳ
1242 4371 1502 4444 κεφαλαίῳ
1560 4381 1651 4424 τοῦ
1708 4377 1842 4424 κατὰ

1415 4287 1632 4358 Εἴρηται
1725 4290 1841 4358 περὶ

243 4462 530 4514 θιατθαίον.

1965 3322 2070 3378 per
2099 3305 2298 3373 ﬁdem,
2323 3309 2565 3376 repente
2608 3308 2815 3357 sanata
2831 3307 2937 3356 est.
2966 3300 3106 3370 Ejus
3130 3298 3419 3371 siquidem
3436 3299 3624 3368 tangit

1965 3394 2403 3458 vestimentum,
2423 3391 2695 3464 quisquis
2717 3388 2902 3446 credit
2917 3388 3104 3460 ipsius
3122 3388 3621 3444 incarnationem.

2042 3486 2206 3540 Vers.
2241 3487 2334 3540 49.
2391 3483 2606 3538 Adhuc
2642 3513 2709 3521 —
2741 3479 2900 3534 Vers.
2945 3480 3037 3534 50.
3092 3479 3254 3534 salva
3311 3477 3449 3535 erit.
3492 3478 3623 3535 haec

1963 3575 2141 3631 etiam
2175 3574 2411 3646 scripsit
2433 3574 2662 3628 Marcus
2689 3570 2924 3626 decimo
2954 3567 3123 3625 tertio
3153 3567 3370 3640 capite,
3397 3573 3454 3624 et
3473 3578 3528 3626 in
3550 3583 3620 3626 eo

1961 3679 2162 3736 quaere
2193 3661 2760 3735 interpretationem.

2031 3754 2195 3809 Vers.
2231 3755 2316 3810 51.
2355 3753 2498 3808 Cum
2519 3757 2714 3807 autem
2747 3748 2999 3806 venisset
3029 3779 3096 3789 —
3154 3748 3296 3804 Vers
3325 3751 3411 3805 53.
3465 3765 3622 3806 mor-

1959 3850 2064 3900 tua
2093 3851 2246 3900 esset.
2274 3841 2549 3898 Similiter
2574 3845 2630 3896 et
2658 3839 2789 3896 haec
2821 3837 3025 3895 omnia
3051 3836 3148 3894 illo
3205 3837 3396 3910 capite
3422 3837 3619 3910 expla-

1953 3937 2098 3989 nata
2126 3935 2284 3989 sunt.

2024 4022 2188 4078 Vers.
2216 4024 2302 4077 54.
2335 4021 2418 4076 Et
2437 4019 2888 4090 apprehensa—
2908 4016 3072 4074 Vers.
3089 4021 3174 4074 56.
3219 4016 3612 4089 quodfactum

1952 4117 2035 4166 est
2065 4152 2078 4166 .
2112 4112 2192 4166 De
2213 4110 2307 4166 his
2329 4125 2573 4182 quoque
2595 4107 2759 4164 nullo
2785 4107 3182 4179 praetermisso
3208 4106 3290 4163 ibi
3317 4105 3606 4164 invenies.

1953 4200 2110 4254 CAP.
2143 4201 2349 4255 XXVII.
2394 4199 2480 4254 De
2509 4197 2781 4253 missione
2822 4196 3131 4252 duodecim
3177 4195 3607 4264 apostolorum.

2023 4289 2160 4359 Cap.
2198 4289 2280 4343 IX.
2321 4287 2477 4341 Vers.
2526 4291 2573 4342 t.
2603 4284 2938 4341 Convocatis
2967 4316 3035 4324 —
3066 4291 3135 4339 ut
3154 4288 3463 4352 curarent,
3486 4283 3612 4338 Dic-

1949 4381 2074 4431 tum
2099 4380 2186 4431 est
2205 4375 2279 4431 de
2304 4374 2398 4430 his
2417 4373 2650 4430 decimo
2671 4389 2830 4429 nono
2843 4373 3019 4444 juxta
3037 4371 3376 4428 Matthaaum
3395 4369 3608 4444 capite.

317 4553 416 4602 Καὶ
441 4547 731 4601 ἀπέστειλεν
773 4579 815 4589 -
843 4547 1192 4611 ἁσθενοίντας.
1226 4549 1306 4602 Ἐν
1338 4549 1506 4621 ἐκείνῳ
1541 4547 1838 4608 διείληπται

2020 4553 2179 4610 Vers.
2214 4557 2266 4608 2.
2304 4554 2381 4609 Et
2409 4553 2571 4609 misit
2599 4582 2668 4593 —
2697 4551 2984 4622 inﬁrmos,
3017 4549 3242 4607 Eodem
3293 4547 3489 4621 capite
3532 4549 3608 4606 de

237 4643 328 4690 καὶ
385 4643 503 4712 περὶ
560 4641 770 4709 τούτων,
831 4640 949 4691 ἔνθα
1003 4645 1170 4691 κεῖται
1219 4643 1312 4690 τό·
1393 4645 1730 4714 Πορενόμενοι
1781 4638 1838 4694 δὲ

235 4729 547 4800 κηρύσσετε,
608 4726 853 4798 λέγοντες,
931 4729 1008 4780 ὅτι
1069 4731 1282 4799 ἤγγικεν
1353 4731 1382 4786 ή
1441 4727 1688 4802 βασιλεία
1739 4740 1838 4783 τῶν

235 4818 488 4890 οὐρανῶν.

308 4911 409 4959 Καὶ
442 4901 548 4958 εἶπε
576 4936 640 4946 -—
667 4908 825 4978 ἔχειν.
862 4904 1086 4976 Ὀμοίως
1114 4910 1204 4958 καὶ
1235 4911 1349 4981 περὶ
1375 4910 1590 4962 τούτων.

308 4999 410 5046 Καὶ
442 4994 514 5056 εἰς
542 5025 612 5035 -
655 4993 950 5068 ἐξέρχεσθε.
984 4999 1083 5048 Καὶ
1113 4999 1229 5068 περὶ
1259 4999 1442 5050 τούτου
1472 4997 1784 5075 πλατύνερον
1810 5002 1834 5053 ὀ

231 5085 500 5144 Ματθαίος
530 5083 637 5136 ἐκεῖ
663 5085 845 5158 ἰστόρη
855 5102 932 5138 σε.

305 5258 356 5295 ⁸ο
381 5258 648 5330 Matth.x,
678 5264 734 5316 7.

1947 4643 2038 4699 his
2060 4659 2296 4716 quoque
2310 4641 2586 4697 distincte
2605 4642 2830 4698 dictum
2848 4646 2952 4705 est,
2971 4639 3072 4695 ubi
3086 4639 3326 4712 ponitur
3350 4639 3607 4698 :Euntes

1948 4740 2141 4789 autem
2165 4731 2505 4803 praedicate,
2528 4731 2783 4787 dicentes
2799 4729 3009 4786 :Instat
3039 4743 3287 4800 regnum
3303 4727 3604 4787 calorum.

2018 4911 2179 4968 Vers.
2209 4914 2259 4968 3.
2284 4911 2365 4965 Et
2395 4909 2480 4967 ait
2511 4940 2577 4950 —
2607 4908 2896 4966 habeatis.
2929 4907 3272 4965 Similiteret
3287 4906 3361 4964 de
3377 4906 3493 4965 his.

2015 5002 2182 5057 Vers.
2215 5001 2377 5058 4.Et
2417 4999 2476 5054 in
2517 5030 2587 5040 —
2639 4998 2810 5056 exite.
2862 4998 2941 5053 De
2995 4996 3088 5054 his
3135 5012 3373 5071 quoque
3426 4996 3606 5054 latius

1945 5089 2185 5164 scripsit
2207 5089 2290 5147 ibi
2317 5089 2624 5147 Matthmus
2660 5089 2732 5142 σο.

1448 5388 1672 5458 Varia“:
1712 5391 2042 5460 lectiones
2084 5402 2151 5460 et
2196 5401 2398 5460 notae.

305 5579 422 5650 (50)
464 5585 561 5632 Σου
591 5583 706 5638 τήν.
741 5584 802 5633 Δ.

304 5651 418 5720 (51)
460 5654 522 5704 Δὶ
550 5653 845 5704 κάντεῦθεν.
887 5657 944 5705 Β.

299 5722 415 5791 (52)
457 5725 553 5776 Διὰ
581 5727 825 5788 πίστεως,
859 5722 1076 5779 omittit
1105 5724 1169 5781 Β.

304 5725 394 5791 (52
457 5725 553 5776 Διὰ
581 5727 825 5788 πίστεως,
859 5725 1076 5779 omittit
1105 5725 1169 5781 Β.

304 5725 417 5870 (53)
483 5794 623 5854 Post
674 5793 916 5863 ἀπέθανε,
982 5796 1202 5856 omittit
1262 5797 1444 5860 etiam
1511 5801 1836 5860 Hentenius

1945 5595 2132 5644 verba
2178 5595 2292 5644 text
2305 5605 2373 5643 us
2403 5605 2414 5643 :

1946 5589 2132 5645 verba
2178 5594 2373 5645 textus
2403 5605 2414 5643 :
2467 5589 2628 5650 Αὐτὸς
2660 5589 2719 5641 δὲ
2745 5589 2969 5641 ἐκϐαλὼν
3001 5589 3097 5651 ἔξω
3133 5589 3354 5653 πάντας,
3379 5589 3443 5645 in
3492 5601 3606 5646 sua

1946 5661 2240 5790 largam,
2276 5661 2516 5719 tametsi
2555 5661 2618 5719 in
2646 5659 2996 5720 Preefatione
3022 5659 3170 5719 nihil
3199 5675 3272 5719 ea
3290 5659 3365 5717 de
3392 5673 3456 5718 re
3479 5673 3606 5718 mo-

1944 5747 2164 5790 nuerit.

2467 5587 2628 5650 Αὐτὸς
2660 5585 2719 5641 δὲ
2745 5585 2969 5641 ἐκϐαλὼν
3001 5586 3097 5651 ἔξω
3133 5587 3354 5653 πάντας,
3379 5587 3443 5645 in
3492 5601 3606 5646 sua
