4210 6462
591 366 698 426 94³1
1892 358 2251 423 EUTHYMII

2306 357 2591 422 Zl'GABEN
2598 365 2619 422 Ι
3853 373 3968 430 948

666 493 830 551 Vere.
854 491 910 548 5.
923 493 1005 550 Et
1017 492 1343 567 quicunque
1357 524 1422 535 —
1435 494 1719 552 adversus
1731 493 1886 550 illos.
1902 488 2040 547 Pari
2060 486 2246 544 modo
2274 483 2321 538 Δ

2305 502 2321 538 t
2431 494 2531 542 Καὶ
2574 492 2691 545 ὅσοι
2751 523 2820 536 -
2873 495 2952 548 ἐπ’
3005 495 3214 555 αύτούς.
3270 494 3658 570 Παραπλησίως
3702 501 3792 550 καὶ
3843 502 3967 573 περὶ

595 587 654 639 et
671 582 746 638 de
766 583 879 639 his.

2358 581 2567 636 τούτων.

668 672 827 728 Vers.
886 677 937 730 6.
985 673 1221 743 Egressi
1270 705 1337 713 —
1392 673 1613 745 ubique.
1665 675 1838 729 Juxta
1881 674 2250 743 praeceptum

2434 669 2794 746 Ἐξερχόμενοι
2840 704 2904 715 -
2954 684 3252 746 πανταχοῦ.
3301 678 3448 728 Κατὰ
3490 681 3578 733 τὴν
3627 675 3827 736 ἐντολὴν
3870 687 3967 731 τοῦ

598 761 728 833 ejus
758 803 771 827 ,
795 763 899 835 qui
929 762 1171 818 miserat
1207 762 1358 817 illos.

1327 781 1358 816 ς.
2361 755 2758 823 ἀποστείλαντος
2784 763 2989 824 αύτούς.

672 852 817 907 Vers
845 857 916 906 .7.
947 851 1189 907 Audivi!
1217 881 1278 892 -
1316 852 1480 906 Vers.
1517 856 1569 907 9.
1595 867 1743 908 eum.
1796 850 1875 904 De
1921 849 2008 904 his
2048 850 2252 903 exacte

2431 855 2688 904 Ἤκουσεν
2744 883 2813 894 -
2866 853 3040 906 αὐτόν.
3088 859 3212 927 Περὶ
3281 856 3475 906 τούτων
3551 856 3969 928 ἠκριεολόγηται

600 941 977 1014 disputatum
1009 946 1097 997 est
1120 941 1404 998 vicesimo
1447 942 1657 1013 quinto
1705 941 1890 1013 capite
1952 935 2253 1006 Evangelii

2362 937 2476 1008 (54)
2509 939 2673 1001 καλῶς
2704 939 2751 993 ἐν
2780 951 2850 1013 τῷ
2890 942 3108 1014 εἰκοστῲ
3133 948 3348 1015 πέμπτῳ
3395 944 3650 1016 κεφαλαίῳ
3697 953 3788 998 τοῦ
3833 950 3969 999 κατὰ

601 1031 932 1088 secundum
961 1031 1320 1088 Matthaaum.

989 1031 1320 1088 Iatthaaum.
2365 1030 2651 1083 Ματθαῑον.

674 1121 842 1176 Vers.
891 1121 1075 1176 10.143!
1103 1122 1321 1177 reversi
1351 1151 1419 1161 —
1471 1122 1631 1176 Vers.
1685 1121 1772 1174 It.
1825 1135 1971 1176 eum.
2016 1116 2255 1173 Decimo

2441 1122 2536 1169 Καὶ
2570 1119 2984 1191 ὑποστρέψαντες
3013 1153 3080 1161 -
3112 1121 3273 1192 αύτῷ.
3309 1121 3391 1175 Ἐν
3420 1130 3492 1192 τῷ
3523 1120 3969 1195 πεντεκαιδεκάτῳ

603 1210 813 1282 quinto
843 1209 1031 1280 capite
1055 1209 1357 1279 Evangelii
1389 1209 1720 1265 secundum
1743 1211 2003 1264 Marcum
2029 1207 2256 1262 dictum

2366 1205 2622 1278 κεφαλαίῳ
2648 1217 2739 1260 τού
2768 1213 2904 1261 κατὰ
2933 1214 3142 1282 Μάρκον
3168 1214 3366 1284 εἴρηται
3396 1217 3513 1284 περὶ
3539 1216 3732 1264 τούτων
3772 1213 3966 1265 πλατύ-

605 1304 697 1355 est
720 1297 795 1354 de
823 1299 914 1354 his
940 1298 1138 1359 latius.
1159 1297 1259 1354 ubi
1277 1300 1516 1371 ponitur
1545 1314 1558 1353 ε
1585 1299 1664 1353 Et
1688 1303 2117 1368 congregantur
2130 1312 2258 1366 apo—

2367 1313 2529 1367 τερον,
2564 1299 2683 1348 ἔνθα
2725 1306 2890 1350 κεῖται
2939 1307 2994 1352 τό
3021 1318 3031 1328 ”
3080 1305 3178 1353 Καὶ
3225 1304 3536 1372 συνάγονται
3584 1304 3632 1354 οἱ
3684 1301 3967 1354 ἀπόστολοι

605 1388 744 1444 stati
781 1388 850 1442 ad
873 1389 1066 1444 Iesum
1099 1389 1167 1442 ⁵³.

2366 1389 2492 1458 πρὸς
2523 1389 2608 1438 τὸν
2640 1387 2711 1444 Ἰη
2723 1396 2861 1443 σούν,

678 1477 1054 1533 Vers.H.Et
1083 1476 1779 1545 suscipiens—sanabat.
1831 1478 1909 1530 De
1959 1475 2054 1531 his
2109 1475 2256 1530 vice-

2443 1479 2543 1526 Καὶ
2603 1471 2877 1546 δεξάμενος
2935 1507 2989 1518 -
3057 1478 3186 1530 ἰᾶτο.
3246 1483 3370 1551 Περὶ
3424 1498 3618 1530 τουτων
3672 1479 3719 1532 ἐν
3774 1488 3847 1549 τῷ
3901 1481 3968 1532 εἰ·

609 1567 762 1624 simo
791 1567 1190 1640 quintojuxta
1221 1567 1546 1622 Matthaaurn
1575 1566 1766 1636 capite
1803 1565 2110 1636 diligenter
2144 1565 2260 1619 dis-

2370 1573 2540 1634 κοστῷ
2605 1568 2820 1637 πέμπτῳ
2879 1565 3137 1638 κεφαλαίῳ
3191 1575 3283 1620 τοῦ
3338 1572 3473 1620 κατὰ
3528 1571 3796 1621 Ματθαῑον
3864 1574 3971 1622 ἑπι-

607 1657 969 1729 putavimus,
999 1655 1102 1712 ubi
1132 1655 1346 1711 dicitur
1377 1673 1390 1711 :
1424 1657 1498 1711 Et
1520 1670 1770 1726 egressus
1784 1653 1944 1710 Jesus
1976 1656 2261 1711 vidittur-

2370 1652 2534 1724 μελῶς
2587 1650 2908 1727 διελάϐομεν,
2970 1658 3097 1708 ὅπου
3160 1665 3327 1708 κεῖται
3381 1661 3476 1708 τό·
3538 1663 3634 1711 Καὶ
3680 1657 3887 1720 ἐξελθὼν
3945 1661 3971 1711 ό

612 1745 736 1803 bam
764 1746 1014 1803 multam
1048 1760 1060 1800 :
1095 1751 1145 1800 et
1169 1746 1432 1802 misertus
1463 1753 1541 1802 est
1564 1745 1801 1800 illorum
1826 1746 1893 1797 ⁵².

2372 1743 2579 1804 Ἰησοῦς
2642 1740 2747 1796 εἶδε
2798 1743 2956 1796 πολύν
3020 1745 3198 1816 ὄχλον,
3268 1752 3358 1798 καὶ
3421 1745 3822 1818 ἐσπλαγχνίσθη
3886 1749 3971 1800 ἐπ’

2296 1840 2341 1898 Β
2372 1832 2568 1894 αύτοίς.

897 1924 1051 1981 CAP.
1079 1926 1302 1981 XXVIII.
1333 1925 1412 1980 De
1435 1925 1678 1996 quinque
1703 1923 1972 1993 panibus.
2373 1927 2518 1975 xm.

2373 1927 2518 1975 ΚΕΦ.
2576 1922 2701 1975 κη’.
2768 1927 2892 1997 Περὶ
2953 1932 3049 1976 τῶν
3114 1929 3261 1977 πέντε
3327 1927 3495 1998 ἄρτων
3557 1931 3645 1978 καὶ
3706 1935 3804 1978 τῶν
3874 1924 3973 1980 δύο

3059 2012 3279 2085 ἰχθύων.

685 2104 852 2161 νει-ε.
883 2105 971 2160 12.
1020 2103 1153 2160 Dies
1195 2119 1330 2161 vero
1380 2135 1448 2143 —
1504 2119 1722 2159 sumus.
1753 2102 2043 2158 Prasdicto
2074 2103 2262 2174 capite

2442 2099 2498 2152 Ἡ
2541 2097 2598 2152 δε
2656 2103 2825 2176 ἡμέρα
2861 2133 2927 2141 -
2986 2101 3155 2174 ἐσμέν.
3215 2105 3299 2155 Ἐν
3353 2111 3424 2174 τῷ
3479 2101 3763 2161 δηλωθέντι
3814 2125 3971 2177 κεφα-

609 2195 832 2254 horum
858 2193 998 2250 data
1029 2199 1115 2249 est
1142 2192 1504 2266 explanatio.
1538 2192 1923 2248 Diversorium
1961 2208 2093 2248 vero
2124 2191 2266 2247 dicit

2372 2187 2500 2260 λαίῳ
2547 2198 2636 2242 τοῦ
2698 2193 2832 2242 κατὰ
2881 2193 3143 2244 Ματθαίον
3199 2197 3288 2244 καὶ
3353 2198 3471 2267 περὶ
3535 2197 3727 2245 τούτων
3778 2193 3973 2266 ἑσαφη-

615 2300 799 2350 nunc,
829 2282 1292 2356 receptaculum.

2375 2281 2550 2337 νίσθη.
2632 2279 2929 2332 Κατάλυσιν
3006 2277 3064 2333 δι
3155 2281 3286 2353 λέγει
3351 2290 3439 2333 νῦν
3529 2288 3622 2341 τὴν
3711 2291 3974 2343 κατασκή-

2376 2388 2554 2422 νωσιν.

690 2464 862 2522 Vers.
899 2466 985 2520 t3.
1014 2463 1115 2518 Ait
1146 2494 1214 2502 —
1245 2463 1404 2518 Vers.
1440 2463 1526 2518 14.
1551 2460 1858 2534 quinquies
1878 2462 2060 2518 mille.
2092 2460 2268 2517 Simi-

2453 2455 2574 2510 Εἶπε
2664 2488 2732 2499 -
2827 2458 3268 2530 πεντακισχίλιοι.
3357 2459 3577 2532 Ὀμοίως
3671 2468 3756 2512 καί
3852 2468 3974 2534 περὶ

605 2553 748 2611 .liter
772 2557 829 2610 et
852 2553 927 2610 de
956 2552 1075 2610 his.

956 2552 1075 2610 his.
2381 2549 2593 2602 τούτων.

693 2644 852 2700 Vers.
885 2642 1168 2699 14.Ι)ίτίι
1198 2671 1266 2682 -
1297 2643 1462 2696 Vers.
1520 2641 1602 2696 15.
1658 2656 1863 2697 omnes.
1914 2639 2041 2696 Pari
2091 2640 2272 2696 modo

2091 2640 2272 2696 modo
2455 2633 2577 2690 Εἷπε
2607 2668 2673 2678 -
2704 2637 2948 2698 ἅπαντας.
2983 2636 3252 2700 Ὡσαύτως
3281 2645 3369 2690 καί
3404 2643 3519 2713 περὶ
3548 2642 3753 2692 τούτων.

621 2738 678 2790 et
709 2732 785 2789 de
812 2731 929 2788 his.

693 2823 863 2878 Vers.
902 2825 986 2878 16.
1018 2821 1553 2890 Acceptis—Vere.
1611 2821 1699 2874 t7.
1749 2818 2082 2876 duodecim.
2128 2834 2275 2892 prai-

1989 2819 2082 2874 I'm.
2128 2834 2275 2892 prm—
2457 2814 2645 2869 Λαϐὼν
2678 2847 2741 2857 -
2774 2812 3004 2869 δώδεκα.
3040 2822 3152 2870 Ἐτι
3180 2822 3411 2890 καὶπερὶ
3442 2820 3651 2869 τούτων.

623 2915 785 2968 terea
812 2909 953 2966 etde
979 2909 1090 2965 his.

623 3000 779 3058 CAP.
833 3001 1005 3057 XXIX.
1055 3000 1140 3054 De
1175 2995 1635 3068 interrogatione
1694 2998 1935 3054 Domini
1977 2997 2059 3055 ad
2102 2998 2278 3055 disci-

2390 3000 2536 3049 ΚΕΦ.
2588 2994 2715 3048 ΚΘ’.
2780 3000 2903 3069 Περὶ
2958 3003 3052 3056 τῆς
3121 3004 3221 3046 τῶν
3284 2996 3524 3066 μαθητῶν
3593 2992 3981 3067 ἐπερωτήσεως.

1365 3087 1556 3156 pulos.

697 3180 859 3235 νει-ε.
894 3179 981 3234 18.
1015 3178 1092 3234 Et
1113 3178 1340 3248 factum
1368 3181 1448 3232 est
1477 3207 1544 3216 —
1575 3177 1732 3232 Vers.
1766 3177 1855 3231 20.
1894 3177 2013 3234 Dei.
2043 3178 2276 3236 Horum
2316 3199 2357 3256 ρ

2321 3199 2357 3256 C
2461 3179 2561 3226 Καὶ
2614 3172 2801 3245 ὶγίνετο
2854 3202 2921 3215 -
2986 3181 3076 3225 τοῦ
3131 3179 3283 3227 Θεοῦ.
3343 3177 3548 3225 Τούτων
3620 3175 3825 3224 πάντων
3895 3178 3983 3231 τὴν

625 3267 900 3325 omnium
930 3264 1477 3336 interpretationem
1504 3265 1770 3321 invenies
1789 3265 2086 3322 tricesimo
2108 3267 2278 3322 tertio

2390 3263 2658 3336 ἑρμηνείαν
2684 3265 2922 3337 εὑρήσεις
2966 3263 3014 3315 ἓν
3058 3271 3129 3332 τῷ
3179 3271 3475 3337 τριακοστῷ
3521 3268 3678 3336 τρίτῳ
3729 3263 3979 3334 κεφαλαίῳ

615 3356 820 3430 capite
851 3353 1151 3425 Evangelii
1182 3353 1510 3409 secundum
1543 3353 1903 3410 Mattheeum.

1288 3353 1510 3409 undum
1543 3353 1903 3410 Matthaeum.
2390 3360 2481 3404 τού
2507 3356 2640 3404 κατὰ
2666 3354 2950 3406 Ματθαῖον.

699 3447 865 3502 Vers.
898 3447 988 3500 2t.
1017 3443 1070 3498 Ιε
1104 3459 1236 3500 vero
1260 3475 1324 3482 —
1372 3443 1495 3500 hoc.
1545 3442 1675 3512 lege
1725 3450 1907 3499 totam
1957 3445 2282 3500 enarratio-

2461 3442 2519 3494 Ὀ
2565 3439 2622 3496 δε
2661 3473 2728 3482 -
2758 3450 2930 3494 τοῦτο.
2964 3443 3250 3513 Ἀνάγνωθι
3298 3447 3391 3500 τὴν
3424 3442 3543 3500 ὅλην
3601 3441 3839 3513 ἐξήγησιν
3881 3449 3972 3491 τῶν

629 3550 770 3591 nem
807 3549 1017 3590 eorum
1043 3548 1179 3606 quae
1202 3531 1260 3587 in
1294 3532 1392 3586 illo
1447 3532 1640 3602 caqite
1690 3531 1847 3588 dicta
1896 3539 2052 3596 sunt,
2093 3549 2282 3604 usque

2394 3531 2441 3584 ἐν
2474 3531 2645 3603 ἐκείνῳ
2684 3533 2796 3600 (55)
2827 3534 2996 3606 ῥητῶν
3028 3534 3162 3603 ἄχρι
3209 3539 3300 3583 τοῦ
3325 3549 3336 3560 ⁸
3386 3532 3522 3585 Ἀπὸ
3563 3539 3678 3584 τότε
3719 3531 3900 3602 ἤρξατο
3948 3530 3970 3580 ὁ

631 3625 707 3681 ad
753 3640 892 3680 eum
934 3623 1132 3678 locum
1166 3621 1268 3676 ubi
1307 3621 1550 3676 dicitur:
1580 3621 1676 3678 Ea:
1713 3637 1777 3678 eo
1827 3629 2079 3691 tempore
2107 3622 2281 3691 ccepi!

2396 3619 2601 3680 Ἰησοῦς
2646 3618 2892 3673 δεικνύειν
2951 3628 3058 3682 τοῖς
3114 3622 3376 3691 μαθηταῖς
3435 3621 3639 3672 αὑτοῦ·
3710 3626 3795 3672 καὶ
3838 3618 3976 3690 λήψῃ

629 3713 786 3769 Iesus
836 3711 1090 3767 indicare
1125 3709 1428 3778 discipulis
1447 3710 1600 3776 “;et
1627 3710 1766 3766 inde
1806 3711 1982 3766 simul
2009 3712 2283 3766 omnlum

1839 3711 1982 3766 imul
2009 3712 2283 3766 omnlum
2395 3711 2594 3761 πάντων
2625 3711 2753 3781 ὁμοῦ
2787 3707 3074 3780 διάγνωσιν
3105 3707 3501 3781 ἀκριϐεστάτην,

621 3799 1150 3873 diligentissimam
1186 3798 1404 3854 sumito
1444 3799 1948 3871 explanationem.

706 3892 867 3944 Vers.
911 3891 1000 3942 22.
1033 3889 1234 3944 Dicens
1259 3918 1328 3928 —
1357 3889 1636 3959 refugere.
1669 3888 1754 3944 lbi
1804 3888 1878 3944 de
1926 3888 2020 3943 his
2051 3904 2284 3962 quoque

2467 3887 2634 3940 Εἰπὼν
2654 3905 2666 3918 ·
2706 3918 2775 3930 -
2805 3887 3094 3962 ἐγερθῆναι.
3132 3886 3363 3951 Καθεξῆς
3403 3887 3507 3941 ἐκεῖ
3533 3893 3622 3940 καί
3651 3893 3769 3960 περὶ
3802 3889 3994 3939 τούτων

635 3994 745 4035 suo
783 3976 989 4034 ordine
1020 3976 1389 4049 disputatum
1416 3983 1522 4033 est.

1050 3977 1389 4049 lisputatum
1416 3983 1522 4033 est.
2397 3973 2712 4035 διείληπται.

631 4135 634 4140 ι
704 4069 864 4124 Vers.
895 4068 986 4123 23.
1015 4067 1249 4123 Dicebat
1273 4096 1338 4108 —
1365 4082 1473 4129 me,
1513 4066 1616 4122 Sed
1652 4071 1706 4122 et
1765 4066 1838 4121 de
1887 4066 1981 4122 his
2047 4083 2284 4140 quoque

2465 4065 2642 4136 Ἐλεγε
2671 4098 2738 4106 -
2764 4086 2870 4139 μοι.
2908 4066 3061 4120 Ἀλλὰ
3103 4067 3215 4136 (56)
3255 4071 3344 4118 καὶ
3374 4072 3491 4139 περὶ
3522 4069 3715 4118 τούτων
3741 4065 3790 4117 ἐν
3823 4065 4002 4137 ἐκείνῳ

634 4155 861 4214 ibidem
890 4160 1027 4228 post
1047 4171 1243 4227 pauca
1285 4155 1530 4212 omnino
1550 4155 1836 4211 invenies.

1506 4171 1530 4210 3
1550 4155 1836 4211 invenies.
2395 4155 2504 4227 μετ’
2541 4155 2689 4227 ὀλίγα
2717 4158 2886 4208 πάντα
2910 4158 3168 4228 εὑρήσεις.

621 4301 632 4308 ,
704 4246 867 4302 Vers.
895 4245 986 4300 24.
1019 4245 1283 4316 Quisquis
1314 4274 1378 4284 —
1411 4259 1555 4299 eam.
1622 4245 1976 4318 Quicunque
2034 4245 2283 4302 voluerit

2465 4252 2558 4305 ’ος
2607 4275 2674 4286 --
2726 4245 2906 4303 αὐτὴν.
2965 4243 3056 4305 ’ος
3110 4247 3171 4297 ἄν
3243 4245 3358 4316 θέλῃ
3436 4249 3527 4301 τὴν
3584 4243 3770 4312 ψυχὴν
3828 4241 4005 4294 αὐτοῦ

628 4335 906 4407 animam
936 4349 1109 4388 suam
1135 4348 1172 4388 a
1211 4337 1396 4388 morte
1419 4347 1655 4389 servare
1695 4339 1962 4404 tempore
1995 4335 2283 4408 martyrii,

2401 4331 2669 4387 διασῶσαι
2719 4333 2818 4386 ἀπὸ
2883 4337 3126 4398 θανάτου,
3190 4333 3237 4386 ἐν
3304 4341 3466 4407 καιρῷ
3511 4335 3798 4404 μαρτυρίου
3850 4337 4007 4399 γινό-

638 4424 825 4481 factus
854 4422 1072 4478 animae
1105 4426 1357 4489 amator,
1387 4427 1443 4476 at
1468 4436 1591 4477 non
1617 4422 1825 4478 Christi
1849 4430 2104 4493 amator,
2166 4441 2288 4496 per-

2399 4442 2544 4494 μενος
2599 4423 2914 4494 φιλόψυχος,
2960 4422 3068 4474 ἀλλ’
3112 4423 3170 4474 ού
3207 4423 3564 4494 φιλόχριστος,
3622 4418 3862 4472 ἀπολέσει
3903 4419 4010 4470 αύ-

635 4513 737 4570 det
759 4528 895 4568 eam
921 4511 981 4567 in
1021 4509 1218 4566 futuro
1250 4509 1497 4577 saeculo,
1529 4510 1642 4566 hoc
1675 4516 1780 4575 est,
1811 4512 1870 4567 in
1926 4513 2286 4584 supplicium

2346 4518 2490 4599 )τὴν
2548 4511 2594 4564 ἐν
2662 4521 2732 4581 τῷ
2791 4511 3023 4583 μέλλοντι
3091 4512 3258 4575 αἰῶνι,
3313 4516 3600 4572 τουτέστιν,
3656 4510 3722 4570 εἰς
3778 4507 4008 4560 κόλασιν

637 4602 1002 4677 projicietur.
1023 4599 1623 4658 Hascautemibidem
1637 4601 1838 4666 etiam,
1866 4618 2098 4674 suoque
2131 4602 2291 4660 dicta

2403 4600 2627 4674 ἐμϐαλεῖ.
2697 4605 2883 4672 Εῐρηκε
2949 4597 3007 4653 δε
3091 4603 3254 4652 ταῦτα
3332 4619 3386 4652 τε
3451 4605 3540 4651 καὶ
3595 4602 3662 4650 τὰ
3737 4598 3849 4660 ἑξῆς
3908 4603 4012 4650 καὶ

639 4695 777 4747 sunt
800 4687 1310 4757 ordine,videlicet
1328 4687 1562 4744 decimo
1585 4703 1748 4746 nono
1774 4690 1967 4762 capite
1990 4691 2293 4762 Evangelii

2403 4691 2450 4743 ἐν
2531 4700 2602 4760 τῷ
2667 4686 3101 4762 ἐννεακαιδεκάτῳ
3162 4688 3419 4761 κεφαλαίῳ
3487 4697 3580 4740 τού
3643 4690 3780 4740 κατὰ
3858 4693 4009 4739 Ματ-

640 4778 975 4835 secundum
1020 4777 1381 4834 Matthteum.

907 4795 975 4833 _m
1020 4777 1381 4834 Matthteum.
2407 4783 2569 4833 θαϊον.

710 4867 876 4922 Vers.
903 4865 992 4922 24.
1027 4865 1288 4937 Quisquis
1324 4895 1392 4906 —
1429 4880 1571 4922 eam.
1593 4864 1946 4939 Quicunque
1979 4867 2082 4924 illa
2098 4869 2297 4940 priva-

2473 4869 2570 4931 ’ος
2618 4899 2686 4910 -—
2729 4869 2908 4928 αὐτήν.
2960 4867 3057 4930 ’ος
3106 4870 3166 4921 ἄν
3201 4867 3450 4941 ἀφαιρεθῇ
3507 4867 3693 4933 αύτὴν,
3743 4863 3835 4918 διὰ
3865 4885 4009 4940 μαρ-

640 4960 735 5013 tus
755 4953 928 5011 fuerit
956 4970 1062 5026 per
1086 4953 1462 5026 martyrium,
1485 4954 1581 5012 hic
1603 4955 1860 5013 servabit
1907 4972 2043 5013 eam
2098 4958 2159 5014 in
2207 4957 2294 5014 fu-

2136 4973 2159 5014 1
2207 4957 2294 5014 fu-
2404 4964 2609 5032 τυρίον,
2636 4959 2785 5020 οὗτος
2817 4965 2977 5012 σώσει
3002 4958 3167 5015 αὐτὴν
3193 4956 3240 5009 ἐν
3271 4965 3342 5028 τῷ
3367 4955 3601 5028 μελλοντι
3633 4956 3798 5008 αἰῶνι.

639 5051 774 5102 turo
805 5043 1045 5102 saeculo.

717 5197 761 5234 ⁵¹
793 5199 963 5255 Marc.
994 5211 1072 5264 τι,
1104 5198 1194 5254 30.
1271 5196 1319 5232 "
1361 5193 1558 5252 Matth.
1589 5210 1708 5264 xxv,
1754 5198 1839 5251 14.
1917 5197 1965 5234 ⁸³
1988 5197 2187 5254 Matth.
2214 5213 2332 5266 xvi,
2362 5203 2452 5256 2t.

1886 5345 2114 5416 Variae
2152 5346 2478 5418 lectiones
2505 5357 2572 5417 et
2601 5357 2802 5418 notae.

713 5492 826 5570 (54)
867 5487 1207 5570 Ἤκριϐολογή
1218 5489 1302 5570 θη,
1347 5494 1402 5542 Β.

2406 5495 2632 5570 textum
2673 5506 2742 5570 οξ
2793 5489 3340 5570 homiletaaliquo.
3379 5490 3794 5570 _Laudav_eram
3829 5497 4009 5552 etiam

715 5559 1325 5639 (55)T6u'ixsiuuiv,_i\_.
1391 5635 1399 5639 _
1595 5631 1626 5639 __
1680 5630 1714 5639 _
1848 5632 1857 5639 _

2405 5561 2542 5639 loca
2571 5562 2785 5618 similia
2821 5559 3248 5639 Chrysostomi.
3283 5561 3396 5639 Sed
3423 5578 3583 5619 nunc
3616 5565 3675 5639 in
3725 5577 4006 5639 promptu

627 5677 638 5690 .
713 5630 828 5705 (56)
861 5640 922 5690 In
947 5649 1079 5709 mea
1105 5632 1246 5709 Novi
1273 5631 1629 5709 Testamenti
1663 5630 1862 5709 .Graeci
1908 5631 2183 5709 editione,
2231 5647 2291 5704 p.
2404 5637 2494 5709 est
2511 5633 2690 5709 locus
2728 5649 2906 5705 quem
2938 5630 3314 5709 quaerebam.
3349 5636 3494 5690 Nam
3543 5643 3579 5691 t.
3621 5630 3738 5702 Vll,'
3777 5653 3816 5709 p
3886 5630 4003 5696 5'57,

640 5709 766 5771 209,
798 5701 1135 5782 suspicatus
1175 5703 1404 5759 fueram
1430 5701 1719 5782 vocabula
1774 5705 1899 5782 ista,
1929 5703 2044 5755 καθ’
2064 5701 2292 5782 ,ᾑμέραη

2403 5704 2486 5782 ita
2509 5701 3164 5782 habet_:—Amvcxc.‘};_7a‘zp,
3210 5709 3362 5782 φῃσὶ,
3395 5711 3632 5782 περιφερε
3670 5712 3757 5760 τὸν
3780 5701 4000 5764 ’θάνατον

640 5793 778 5854 qum
796 5773 1141 5850 Euthymius
1171 5790 1290 5832 non
1306 5775 1592 5846 agnoscit,
1615 5773 1896 5831 translata
1914 5789 2044 5831 esse
2061 5773 2123 5831 in
2157 5773 2295 5832 con-

2175 5773 2295 5832 ion-
2403 5780 2492 5830 καὶ
2526 5782 2662 5832 ΚΛΘ
2691 5775 2981 5833 ἮΜΕΡΑΝ
3017 5773 3225 5848 ἕτοιμος
3246 5777 3333 5830 ἔσο
3362 5773 3490 5849 πρὸς
3522 5773 3756 5852 ’σᾴαγήν.
3834 5835 3837 5844 η
