4210 6458
302 376 408 432 949
1446 369 1818 428 COMMENT.
1858 364 1928 420 IN
1969 361 2236 420 LUCAM.
2265 393 2336 406 —
2360 365 2516 422 CAP.
2546 365 2644 422 IX.
3570 363 3675 422 950

372 506 435 554 Ti
472 503 570 573 γὰρ
624 529 685 538 -—
725 499 1002 569 ζημιωθείς
1028 514 1041 564 ;
1072 504 1236 550 Τοῦτο
1275 503 1363 550 καὶ
1395 499 1420 550 ὀ
1450 498 1722 556 Ματθαῖος
1754 495 1908 566 ἓγρα-
1942 486 1990 541 Α

2095 491 2251 544 Vers.
2289 494 2375 545 25.
2411 492 2561 560 Quid
2580 493 2727 548 enim
2754 522 2818 532 —
2839 489 3082 561 faciat?
3114 491 3247 548 Hoc
3277 495 3332 547 et
3368 484 3676 547 Matthaaus

300 591 393 662 ψεν
461 589 543 641 ἐπὶ
604 587 778 648 τέλους
829 593 917 638 τοῦ
971 595 1288 661 τριακοστοῦ
1369 591 1544 661 τρίτου
1601 583 1903 656 κεφαλαίου,

2024 577 2262 650 scripsit
2291 579 2353 634 in
2400 579 2514 636 ﬁne
2556 581 2832 636 tricesimi
2863 579 3013 636 tertii
3041 579 3290 651 capitis:
3324 583 3378 636 et
3407 579 3487 635 ibi
3529 593 3677 650 qua-

305 685 391 731 καὶ
424 679 653 738 ζήτησον
698 675 801 727 ἐκεῖ
848 679 942 733 τὴν
976 674 1245 747 ὶξήγησιν.
1288 679 1356 729 Τὸ
1411 671 1490 738 δὲ,
1523 676 1552 734 ἣ
1605 673 1906 745 ζημιωθεὶς,

2020 684 2082 723 re
2141 669 2644 724 enarrationnem.
2693 669 2864 735 Quod
2919 673 3119 724 autem
3173 667 3544 724 additzAut
3587 667 3678 723 sui

307 769 729 843 ἑφερμηνευτικόν
787 766 901 816 ἔστι
970 771 1084 831 τοῦ,
1169 764 1448 826 ἀπολέσας.
1510 763 1794 817 Ἀπώλειαν
1853 757 1911 812 ὃε

2021 757 2210 826 ipsius
2226 760 2524 826 jacturam
2538 759 2750 829 faciat,
2774 757 3210 814 declarativum
3233 762 3320 813 est
3346 756 3679 829 praeceden-

303 861 392 906 καὶ
460 855 652 926 ζημίαν
719 853 961 925 ὀνομάζει
1013 857 1109 912 τὴν
1189 854 1394 906 αἰώνιον
1451 849 1748 910 καταδίκην
1822 854 1911 902 καὶ

2022 847 2114 910 tis,
2157 851 2317 918 puta,
2361 848 2631 920 seipsum
2687 847 2918 920 perdat.
2978 846 3373 902 Perditionem
3416 861 3558 902 vero
3622 849 3680 904 et

305 942 542 996 κόλασιν.
2016 933 2644 1006 jacturam'nominat,
2679 942 2955 994 aeternam
3007 934 3567 994 condemnationem
3623 939 3681 992 et

2023 1024 2407 1097 supplicium.

373 1120 464 1182 ‘0;
510 1123 611 1195 γὰρ
678 1152 747 1162 —-
808 1121 1059 1193 ἀγγέλων.
1133 1123 1338 1174 Τούτων
1407 1124 1755 1194 εμνημόνευσε
1823 1139 1908 1174 και

2095 1117 2264 1171 Vers.
2294 1117 2383 1172 26.
2418 1116 2842 1189 Quemcumque
2872 1147 2942 1158 —
2966 1117 3336 1188 angelorum.
3369 1115 3593 1172 Horum
3624 1117 3681 1173 et

305 1211 330 1263 6
380 1213 590 1284 Μάρκος
639 1210 686 1261 ἐν
740 1218 812 1280 τῷ
865 1211 1083 1279 εἰκοστῷ
1136 1213 1364 1284 τετάρτῳ
1412 1210 1690 1283 κεφαλαίῳ,
1734 1213 1822 1261 καὶ
1865 1207 1912 1260 ἐν

2025 1207 2255 1261 Marcus
2286 1205 2553 1261 meminit
2583 1206 2866 1262 vicesimo
2891 1211 3106 1279 quarto
3133 1205 3346 1277 capite,
3381 1209 3436 1261 et
3470 1204 3551 1260 ibi
3583 1220 3680 1261 ex-

305 1299 480 1371 ίκείνῳ
548 1297 1031 1372 διηρμηνεύθησαν.
1105 1301 1262 1354 Ἀλλά
1318 1309 1426 1362 πῶς
1475 1297 1630 1365 εἶπεν,
1689 1301 1764 1350 ὅτι
1824 1303 1914 1350 καὶ

2025 1296 2268 1367 planata
2293 1303 2453 1352 sunt.
2475 1297 2693 1352 Verum
2716 1297 3026 1368 quomodo
3049 1301 3106 1350 et
3126 1294 3338 1365 Patris,
3370 1299 3427 1350 et
3447 1299 3677 1351 sancto-

304 1409 396 1440 του
430 1393 630 1462 Πατρός
661 1394 751 1440 καὶ
781 1397 878 1451 τῷν
910 1389 1070 1458 ἁγίων
1099 1387 1326 1460 ἀγγέλων
1355 1406 1368 1455 ;
1403 1393 1544 1441 Διότι
1572 1393 1663 1439 καὶ
1706 1389 1736 1445 ἡ
1782 1384 1915 1448 δόξα

2024 1401 2159 1440 rum
2209 1386 2548 1454 angelorum
2573 1386 2600 1441 Ἰ
2623 1386 2772 1452 Quia
2812 1386 3000 1455 gloria
3031 1384 3217 1441 Patris
3245 1384 3432 1454 gloria
3472 1388 3556 1439 est
3592 1384 3679 1456 ip-

303 1484 395 1529 τοῦ
431 1481 644 1550 Πατρός,
698 1475 832 1540 δόξσ
870 1477 1030 1529 αὐτοῦ
1075 1480 1242 1532 ἔσται.
1290 1480 1406 1537 Υἱὸς
1443 1480 1540 1551 γὰρ
1584 1477 1742 1528 αὐτοῦ
1774 1475 1907 1531 ἐστι.

2025 1475 2173 1542 sius,
2221 1491 2358 1529 cum
2391 1491 2580 1530 unum
2621 1477 2754 1530 sint.
2788 1475 2906 1545 Ego
2937 1481 2989 1531 et
3022 1476 3221 1540 Pater,
3254 1473 3466 1546 inquit,
3499 1489 3679 1529 unum

306 1570 406 1618 Καὶ
436 1568 466 1623 ἡ
519 1563 650 1629 δόξα
694 1575 792 1618 τῶν
834 1566 996 1638 ἁγίων
1046 1565 1294 1638 ἀγγέλων,
1351 1563 1482 1628 δόξα
1529 1565 1685 1617 αὐτοῦ
1739 1568 1906 1617 ἔσται.

2021 1579 2226 1619 sumus
2251 1564 2300 1598 ⁵⁸
2331 1564 2456 1635 (tt):
2484 1562 2672 1634 gloria
2702 1579 2844 1620 vero
2870 1563 3244 1633 angelorum,
3275 1561 3456 1619 etiam
3487 1561 3677 1634 ipsius

305 1660 565 1715 Δεσπότης
590 1657 691 1728 γὰρ
725 1656 893 1707 αὐτῶν
923 1655 1056 1710 ἐστι.

2022 1657 2110 1708 est
2132 1672 2149 1724 ;
2182 1653 2473 1709 Dominus
2503 1652 2665 1709 enim
2693 1652 2932 1708 illorum
2962 1656 3067 1708 est.

378 1748 522 1814 Λέγω
569 1741 628 1796 δε
681 1775 747 1785 -
803 1751 895 1796 τοῦ
959 1752 1112 1797 θεοῦ.
1174 1745 1396 1818 Εἴρηται
1451 1747 1568 1816 περὶ
1619 1746 1813 1796 τούτων
1862 1742 1910 1795 ἐν

2090 1743 2251 1797 Vers.
2291 1743 2380 1797 27.
2413 1742 2558 1799 Dico
2589 1774 2658 1782 —
2685 1742 2808 1800 Dei.
2844 1743 3074 1797 Dictum
3105 1745 3192 1798 est
3228 1741 3304 1796 de
3344 1740 3438 1796 his
3465 1740 3526 1796 in
3559 1740 3677 1798 ﬁne

302 1841 373 1902 τῷ
416 1833 545 1885 τέλει
583 1841 673 1885 τοῦ
716 1840 1032 1905 τριακοστοῦ
1085 1837 1264 1906 τρίτου
1311 1832 1590 1905 κεφαλαίου
1637 1839 1726 1884 τοῦ
1774 1833 1964 1894 κατὰε

2019 1830 2299 1886 tricesimi
2352 1830 2503 1887 tertii
2545 1831 2758 1903 capitis
2816 1829 3118 1901 Evangelii
3163 1830 3500 1886 secundum
3543 1832 3679 1888 Mat-

307 1924 598 1976 Ματθαῖον.

2018 1920 2269 1976 thaaum.

434 2017 578 2065 ΚΕΦ.
615 2010 696 2064 Λ’.
732 2011 856 2086 Περί
881 2019 978 2073 τῆς
1009 2017 1451 2083 μεταμορφώσεως
1480 2019 1568 2064 τοῦ
1602 2010 1800 2068 Ἰησοῦ.

1742 2018 1800 2065 ιῡ.
2377 2008 2528 2066 CAP.
2566 2009 2728 2065 XXX.
2747 2009 2834 2066 De
2864 2009 3404 2080 transformatione.

380 2100 608 2170 Ἐγένετο
636 2129 705 2141 -
739 2100 892 2152 ὀκτώ.
929 2099 1169 2166 Διῆλθον,
1201 2097 1463 2158 δηλονότι.

2091 2099 2253 2154 Vers.
2287 2097 2375 2153 28.
2415 2098 2651 2168 factum
2691 2105 2773 2155 est
2796 2129 2864 2139 —
2892 2103 3022 2154 octo
3079 2097 3360 2155 Videlicet
3387 2101 3680 2171 pertrans-

2021 2185 2232 2242 ierunt.

389 2279 489 2328 Καὶ
535 2274 846 2347 παραλαϐὼν
916 2305 982 2315 —-
1041 2274 1401 2349 Ἰερουσαλήμ.
1480 2281 1604 2351 Περὶ
1664 2285 1758 2339 τῆς
1828 2297 1914 2349 με-

2092 2277 2250 2331 Vers.
2305 2276 2392 2330 28.
2426 2275 2767 2344 Assumpsit
2803 2305 2872 2317 —
2898 2277 3060 2332 Vers.
3090 2276 3178 2332 31.
3241 2275 3675 2346 Hierosolymis.

312 2370 694 2438 ταμορφώσεως
757 2367 946 2424 ταύτης
996 2370 1338 2438 φανερώτερον
1407 2365 1626 2438 ἔγραψέν
1681 2368 1706 2417 6
1764 2374 1910 2419 Ματ-

2023 2363 2103 2419 De
2132 2365 2246 2420 hac
2277 2365 2803 2420 transformatione
2845 2364 3217 2421 manifestius
3267 2364 3508 2434 scripsit
3540 2365 3683 2421 Mat-

314 2455 458 2514 θκίος
505 2452 552 2504 ἐν
598 2462 668 2523 τῷ
708 2461 1002 2527 τριακοστῷ
1051 2455 1278 2525 τετάρτῳ
1315 2454 1576 2526 κεφαλαίῳ
1635 2455 1815 2518 αὐτοῦ,
1862 2454 1909 2507 ἐν

2022 2456 2206 2510 thaeus
2263 2453 2562 2510 tricesimo
2611 2459 2826 2527 quarto
2866 2454 2957 2510 sui
3002 2453 3304 2526 Evangelii
3357 2453 3571 2526 capite,
3619 2454 3678 2511 in

311 2543 350 2611 ᾧ
404 2547 492 2592 καὶ
549 2552 718 2594 ταυτα
775 2545 910 2593 κατὰ
958 2543 1108 2613 λόγον
1175 2544 1596 2615 ἡρμηνευθησαν.
1676 2551 1906 2616 Προσευ-

2019 2560 2140 2617 quo
2184 2544 2362 2600 etiam
2395 2552 2524 2599 haec
2553 2544 2631 2599 ad
2669 2543 2920 2598 verbum
2959 2543 3259 2599 declarata
3290 2547 3451 2600 sunt.
3492 2543 3677 2600 Orans

306 2635 525 2700 χόμενος
547 2628 605 2683 δε
639 2632 1029 2702 μετεμορφώθη,
1061 2632 1143 2683 ἵνα
1169 2633 1432 2702 μάθωμεν,
1467 2635 1546 2684 ὅτι
1567 2634 1595 2690 ἠ
1631 2639 1905 2706 προσευχὴ

2019 2639 2209 2689 autem
2234 2633 2690 2688 transformatus
2720 2637 2827 2698 est,
2855 2637 2920 2688 ut
2940 2631 3262 2697 discamus,
3293 2630 3458 2704 quod
3487 2632 3678 2689 oratio

309 2728 629 2793 μεταμορφοὶ
680 2725 770 2772 καὶ
827 2719 1110 2794 λαμπρύνει
1168 2723 1254 2772 τὸν
1307 2722 1596 2795 ἄνθρωπον,
1652 2725 1716 2783 ὡς
1771 2728 1904 2796 χρὴ,

2019 2721 2394 2779 transformat
2419 2739 2487 2777 ac
2531 2721 2780 2778 illustrat
2805 2721 3132 2789 hominem,
3165 2721 3213 2777 si
3253 2721 3360 2777 fiat
3387 2721 3677 2794 quemad-

306 2812 570 2879 γινομένη.

2017 2811 2268 2868 modum
2300 2815 2549 2884 oportet.

377 2896 435 2949 Ὀ
457 2893 516 2950 δε
535 2902 724 2968 Πέτρος
754 2929 820 2938 —-
848 2898 1005 2970 αὐτῳ.
1041 2898 1176 2950 Ἐκεῖ
1214 2903 1302 2951 καὶ
1323 2905 1435 2972 περί
1464 2903 1657 2952 τούτων
1689 2899 1907 2976 ἐρρήθη.

2089 2902 2254 2957 Vers.
2306 2904 2393 2957 32.
2446 2902 2660 2958 Petrus
2697 2916 2827 2957 vero
2865 2931 2933 2941 —
2971 2899 3092 2956 illo.
3134 2899 3220 2956 lbi
3251 2900 3422 2956 etiam
3465 2899 3539 2956 de
3586 2899 3677 2956 his

309 2991 436 3039 Δόαν
475 2983 534 3040 δε
568 2993 668 3040 νόει
707 2993 796 3046 τὴν
825 2987 1192 3060 λαμπρότητα.

2017 2991 2246 3047 dictum
2292 2998 2396 3046 est.
2454 2990 2711 3047 Gloriam
2767 3005 2909 3046 vero
2959 2989 3219 3061 intelligo
3271 2989 3674 3061 splendorem.

379 3076 482 3130 Καὶ
533 3076 724 3149 ἐγένετο
782 3107 851 3118 -—-
899 3077 1130 3148 νεφέλην,
1180 3085 1413 3138 Μωῦσῆς
1470 3082 1558 3149 μεν
1612 3085 1700 3131 καὶ
1730 3079 1905 3143 Ἠλίας

2088 3081 2252 3135 Vers.
2303 3080 2392 3145 33,
2447 3080 2697 3137 Factum
2735 3085 2823 3136 est
2863 3109 2932 3120 —
2986 3081 3150 3134 Vers.
3208 3079 3438 3135 nubem.
3492 3082 3677 3136 Moses

308 3165 544 3224 εἰσῆλθον
571 3167 642 3228 εἰς
669 3170 726 3218 τὸ
754 3169 930 3236 πάχος
957 3174 1053 3226 τῆς
1070 3167 1299 3236 νεφέλης,
1325 3165 1762 3238 ἀπαχθησόμενοι
1784 3172 1908 3220 πάν·
1946 3193 1970 3247 ί

2017 3169 2262 3241 quidem
2285 3174 2341 3224 et
2365 3169 2519 3223 Elias
2544 3169 2906 3224 intraverant
2931 3169 2991 3223 in
3021 3167 3469 3239 spissitudinem
3497 3167 3677 3224 nubis

305 3276 406 3316 τως
427 3255 499 3316 εἰς
527 3259 648 3317 τοὺς
679 3254 1070 3326 ἁφωρισμένους
1117 3255 1297 3315 αὐτοῖς
1327 3260 1541 3317 τόπονςο
1582 3260 1630 3309 οἱ
1673 3258 1907 3328 μαθηταὶ

2018 3257 2094 3313 ad
2124 3257 2258 3313 loca
2305 3257 2552 3312 omnino
2600 3257 2755 3310 inter
2785 3271 2846 3312 se
2900 3259 3180 3327 separata
3210 3255 3342 3326 (uu)
3366 3270 3379 3310 :
3405 3255 3677 3328 discipuli

307 3341 383 3406 δὲ,
410 3349 548 3405 ὄντες
577 3349 665 3415 μὲν
695 3343 904 3414 ἔκφοϐοι
934 3349 1023 3395 καὶ
1073 3340 1165 3395 διὰ
1219 3349 1311 3400 τὴν
1361 3350 1760 3419 μεταμόρφωσιν
1813 3356 1904 3399 τοῦ

2015 3361 2178 3412 vero,
2208 3363 2340 3401 cum
2363 3345 2540 3400 etiam
2565 3349 2807 3416 propter
2827 3345 3058 3400 Domini
3084 3343 3674 3400 transformationem

305 3438 586 3497 Δεσποτου,
623 3434 790 3492 καθὼς
819 3434 926 3483 εἷπε
950 3434 1182 3504 Μάρκος,
1210 3435 1517 3504 Θεασάμενοι
1562 3431 1620 3486 δὲ
1648 3442 1736 3487 καὶ
1788 3439 1903 3488 τού-

2015 3440 2211 3491 essent
2257 3434 2533 3503 exterriti,
2590 3433 2770 3488 veluti
2823 3432 2970 3488 dixit
3022 3433 3255 3488 Marcus
3285 3434 3332 3468 ⁵⁵
3363 3449 3379 3498 ;
3409 3433 3673 3489 videntes

303 3541 424 3581 τους
455 3522 614 3582 οὕτως
662 3523 933 3594 ὑπερφυῶς
992 3520 1520 3594 ἀναλαμϐανομένους,
1573 3522 1903 3596 ἐφοϐήθησαν

2013 3526 2212 3591 etiam,
2242 3524 2407 3598 quod
2429 3524 2543 3579 hoc
2565 3522 2748 3579 modo
2771 3521 2888 3594 ipsi
2917 3522 3034 3592 (vv)
3069 3521 3594 3595 supernaturaliter
3612 3523 3670 3580 in

303 3610 522 3682 μᾶλλονο
2012 3614 2238 3670 nubem
2267 3615 2687 3686 reciperentur,
2709 3612 2969 3668 maxime
3001 3612 3350 3668 timuerunt.

378 3704 478 3751 Καὶ
509 3705 644 3771 φωνὴ
676 3731 744 3740 -
773 3704 946 3772 μόνος.
984 3707 1048 3753 Εν
1085 3708 1158 3771 τῷ
1189 3697 1475 3759 δηλωθέντι
1522 3703 1779 3776 κεφαλαίῴ
1809 3713 1900 3758 τοῦ

2082 3704 2246 3760 Vers.
2305 3703 2395 3760 35.
2427 3703 2506 3758 Et
2551 3717 2667 3758 vox
2711 3731 2779 3744 —
2808 3701 2973 3756 Vers.
3031 3701 3121 3758 36.
3171 3702 3350 3756 solus.
3393 3700 3672 3758 Praedicto

302 3791 438 3840 κατὰ
465 3791 722 3842 Μετθαίον
752 3794 837 3842 καὶ
869 3795 988 3864 περὶ
1037 3792 1234 3842 τούτων
1289 3790 1518 3862 ἐξηγήθη
1557 3792 1897 3868 λεπτομερῶς.

2012 3793 2203 3866 capite
2251 3791 2551 3863 Evangelii
2610 3789 2942 3846 secundum
2988 3790 3326 3847 Matthaaum
3383 3790 3674 3848 subtiliter

301 3875 363 3930 Ἀ
413 3880 503 3951 μεν
530 3874 617 3930 οὖν
673 3879 787 3946 (87)
815 3886 1042 3951 παρῆκεν
1087 3878 1111 3930 6
1161 3881 1450 3945 Ματθαῑος,
1484 3880 1671 3944 ἐξεῖπεν
1703 3885 1727 3934 ό
1766 3896 1898 3937 Λου-

2011 3883 2083 3939 de
2131 3883 2224 3939 his
2275 3882 2644 3954 disputatum
2693 3886 2794 3937 est.
2831 3881 2972 3946 Quae
3017 3895 3158 3951 ergo
3199 3879 3480 3954 praeteriit
3531 3880 3673 3940 Mat-

299 3974 397 4029 κᾶς
425 3985 440 3999 ⁸
472 3967 507 4019 ἂ
538 3964 596 4020 δὲ
623 3963 954 4042 παρέδραμεν
1005 3969 1030 4019 6
1090 3975 1318 4034 Λουκᾶς,
1381 3971 1658 4044 ἱστόρησεν
1690 3975 1715 4025 6
1756 3975 1895 4028 Ματ-

2011 3973 2224 4038 thteus,
2258 3987 2330 4028 ea
2369 3972 2560 4028 Lucas
2599 3970 2889 4043 expressit
2923 3987 2936 4037 ;
2967 3986 3104 4043 quas
3132 3985 3275 4026 vero
3299 3970 3673 4042 praetermisit

301 4060 464 4119 θαῑος.
2011 4064 2217 4126 Lucas,
2249 4077 2321 4116 ea
2349 4059 2587 4132 scripsit
2626 4059 2952 4116 Matthteus.

372 4152 471 4200 Καὶ
520 4146 668 4198 αὐτοὶ
699 4178 767 4186 —
811 4146 1121 4220 ἑωράκασιν.
1175 4145 1295 4200 Εἷπε
1344 4149 1446 4220 γάρ
1501 4151 1526 4201 6
1573 4152 1839 4212 Ματθαῖος
1874 4168 1888 4182 ’

2079 4149 2358 4207 Vers.36.
2400 4149 2477 4204 Et
2524 4149 2615 4218 ipi
2642 4179 2711 4188 —
2751 4147 3052 4204 viderunt.
3114 4147 3268 4204 Dixit
3323 4147 3482 4202 enim
3528 4149 3670 4203 Mat-

297 4239 376 4288 ὄτι
423 4235 836 4289 καταϐαινόντων
886 4235 1051 4287 αὐτῶν
1119 4235 1219 4288 ἀπὸ
1269 4237 1384 4307 (58)
1444 4245 1535 4289 τοῦ
1592 4243 1763 4312 ὅρους,
1819 4240 1893 4291 ἐν·

2010 4239 2218 4305 thaeus,
2235 4239 2399 4310 quod
2422 4237 2568 4293 dum
2588 4236 3016 4292 descenderent
3041 4235 3116 4290 de
3141 4238 3360 4304 monte,
3385 4234 3672 4306 praecepit

297 4325 521 4378 ετείλατο
551 4325 729 4385 αὐτοῖς
759 4326 784 4376 6
828 4331 1031 4395 δΙησοῦς
1086 4326 1244 4397 λέγων
1296 4344 1307 4354 ·
1373 4323 1574 4384 Μηδενὶ
1620 4331 1797 4385 εἴπητε
1835 4334 1892 4380 τὸ

2007 4329 2088 4383 eis
2113 4329 2285 4383 Jesus
2315 4325 2522 4382 dicens
2549 4342 2561 4380 :
2588 4326 2831 4381 Nemini
2869 4323 3144 4379 dixeritis
3177 4322 3470 4389 visionem,
3498 4321 3669 4378 donec

295 4413 526 4486 Ὀραμα,
589 4416 680 4474 ἕως
727 4414 787 4466 οὗ
833 4416 857 4465 6
913 4413 1047 4474 ’Υιὸς
1097 4423 1186 4466 τοῦ
1242 4414 1513 4487 ἀνθρώπου
1581 4415 1637 4468 ἐκ
1706 4426 1892 4491 νεκρῶν

2007 4416 2184 4472 Filius
2197 4414 2449 4470 hominis
2469 4431 2502 4468 a
2523 4413 2767 4468 mortuis
2789 4418 3073 4482 resurgat
3099 4411 3168 4466 ⁸⁸.
3202 4412 3267 4466 Ει
3292 4409 3376 4466 ibi
3404 4409 3537 4482 lege
3556 4408 3669 4468 ho-

298 4501 495 4573 ἁναστῇ
558 4522 570 4534 ο
639 4507 728 4554 καὶ
822 4501 1080 4574 ἀνάγνωθι
1154 4508 1247 4562 τὴν
1347 4507 1541 4556 τούτων
1625 4507 1893 4580 ἑρμηνείαν
1928 4547 1960 4603 Ε

1154 4508 1247 4562 τὴν
1347 4507 1541 4556 τούτων
1625 4507 1893 4580 ἑρμηνείαν
1928 4547 1973 4603 D
2005 4521 2139 4560 rum
2178 4501 2748 4574 interpretationem.

298 4609 418 4643 εκει.

549 4685 691 4736 ΚΕΦ.
724 4680 832 4733 AA'
865 4685 989 4753 Περὶ
1043 4689 1132 4732 τοῦ
1191 4680 1641 4755 σεληνιαζομένου.

2433 4680 2584 4737 CAP.
2619 4681 2795 4736 XXXI.
2827 4679 2911 4737 De
2941 4677 3204 4737 lunatico

367 4768 592 4840 Ἐγενετο
669 4801 736 4810 -
823 4767 1192 4830 ἠδυνήθησαν.
1279 4775 1377 4824 Τόν
1453 4768 1625 4824 παῖδα
1713 4779 1892 4826 τοῦτον

2074 4774 2230 4829 Vers.
2276 4774 2361 4829 37.
2416 4771 2670 4828 Factum
2711 4776 2893 4828 est—
2944 4770 3108 4826 Vers.
3167 4768 3260 4826 40.
3314 4773 3664 4841 potuerunt.

365 4923 413 4958 ⁶⁴
439 4925 730 4993 Joann.x,
755 4922 843 4977 30.
921 4921 970 4956 ⁸⁵
1005 4923 1174 4978 Marc.
1208 4937 1288 4991 ιχ,
1323 4925 1374 4977 6.
1453 4923 1501 4959 ⁸⁸
1532 4923 1728 4980 Matth.
1761 4939 1899 4991 xvu,
1948 4925 2004 4980 9.

1516 5072 1744 5142 Variae
1781 5072 2113 5142 lectiones
2143 5080 2211 5141 et
2247 5079 2452 5140 notae.

361 5244 472 5386 (57%
514 5240 618 5296 οὖν
651 5243 847 5300 abest.
887 5246 952 5297 Α.
1251 5312 1261 5324 ⁸
2066 5242 2363 5324 Chrysost.
2429 5246 2572 5322 tom.
2628 5239 2744 5321 VII,
2941 5243 3061 5307 570,
3123 5239 3334 5324 habet.
3361 5238 3438 5309 ἔκ,
3501 5255 3665 5299 com-

361 5315 447 5386 (58
513 5316 659 5379 Ἀπό,
700 5314 833 5386 loco
877 5311 952 5386 ix,
982 5311 1159 5386 habet
1189 5317 1371 5369 etiam
1399 5317 1647 5386 uterque
1695 5312 1886 5386 codex
1995 5313 2392 5386 probantibus
2411 5312 2791 5369 ellachdICI
2838 5327 2911 5369 us
2927 5312 3664 5386 ChrysostomlMosquen-

359 5311 470 5389 (58)
499 5316 659 5395 ΔἈπὸ,
685 5314 835 5395 _l_oeo_
877 5311 952 5395 ἐκ,
982 5311 1159 5395 habet
1189 5312 1371 5369 etiam
1399 5317 1647 5394 uterque
1695 5312 1886 5395 codex
1995 5311 2392 5395 probantibus
2411 5313 2588 5368 etiam
2602 5311 2911 5369 codicibus
2927 5312 3664 5387 ChrysostomiMosquen-

286 5389 348 5444 in
366 5384 655 5444 contextu
685 5385 957 5454 Matthasi,
980 5384 1145 5457 quod
1178 5400 1247 5440 eo
1275 5384 1465 5457 magis
1494 5384 1696 5450 miror,
1720 5385 1885 5458 quod
1995 5384 2186 5442 sibus.

357 5530 449 5600 (ιι)
493 5530 634 5585 Cum
686 5544 864 5600 unum
907 5559 973 5567 —
1030 5541 1248 5582 sumus.
1290 5527 1355 5582 In
1410 5528 1612 5583 Graeco
1650 5530 1884 5584 tantum
2069 5528 2185 5599 (vv)
2223 5527 2486 5600 Videntes
2519 5557 2583 5600 έ
2622 5525 2757 5600 ipsi,
2791 5530 2903 5583 etc.
2933 5527 3210 5584 Videntes
3239 5531 3465 5600 autem,
3512 5526 3661 5585 istos

289 5597 399 5664 est,
429 5597 625 5658 'Ivilius
654 5599 808 5655 enim
831 5600 956 5668 ejus
985 5603 1083 5654 est.
1163 5671 1168 5673 Α
1305 5670 1345 5673 __
1466 5669 1475 5673 _
1551 5667 1560 5673 ἢ
1820 5669 1835 5673 _
1999 5597 2218 5670 (Mosen
2255 5605 2310 5654 et
2366 5597 2575 5673 Etiam)
2625 5598 2804 5655 etiam
2862 5599 2946 5657 ita
2996 5598 3525 5673 supernaturaliter
3570 5613 3664 5656 asp

356 5674 486 5742 (uu)
539 5673 636 5727 Ad
667 5673 799 5743 loca
843 5667 901 5708 4
934 5671 1238 5743 separata.
1304 5670 1372 5725 Ut
1420 5667 1702 5725 nimirum
1743 5669 1889 5726 refe-
1999 5667 2276 5743 sumptos
2309 5670 2506 5742 magis
2535 5667 2880 5728 timuerunt.

285 5740 495 5804 rantur
532 5743 612 5802 ad
644 5742 940 5800 destinata
959 5740 1107 5814 ipsis
1126 5740 1280 5798 loca.
