4210 6430
539 303 644 386 οιί

1874 299 2209 358 EUTHYMII
2244 297 2578 358 ZIGABENI

3799 303 3925 362 952

617 429 830 488 Filium
854 428 1016 488 hunc
1043 427 1375 487 lunaticnm
1405 429 1591 486 fuisse
1620 428 1855 501 scripsit
1893 425 2200 484 Matthteus

2341 425 2714 487 ἐληνιάζεσθαι
2778 429 3046 490 Mai-Gaio;
3111 427 3330 503 ἔγραψεν
3387 428 3438 482 έν
3489 437 3556 500 σιῷ
3609 440 3924 504 τριακοστῷ

547 520 846 580 tricesimo
876 518 1083 591 quinto
1113 521 1305 592 capite
1339 536 1353 586 ;
1389 524 1446 576 et
1474 519 1717 575 omnino
1747 519 1821 574 de
1850 517 1942 572 his
1972 515 2053 573 ibi
2083 514 2200 571 dic-

546 616 674 670 tum
695 614 800 666 est.

618 701 778 756 Vers.
811 699 898 754 41.
945 699 1305 770 Respondens
1330 731 1396 738 —
1425 699 1556 754 huc.
1593 701 1656 753 in
1697 697 1796 753 illo
1827 697 2043 752 horum
2077 710 2204 751 om-

547 791 714 846 nium
739 786 1170 844 declarationes
1199 787 1486 844 invenies.

622 878 783 934 Vers.
833 879 925 933 42.
959 877 1105 932 Cum
1134 908 1188 918 —
1213 877 1541 948 dissipavit.
1585 878 1718 932 Haac
1764 875 1939 932 latius
1970 873 2205 946 scripsit

550 968 786 1024 Marcus
811 965 1099 1021 vicesimo
1129 969 1300 1024 sexto
1322 967 1532 1038 capite,
1565 971 1618 1022 et
1659 964 1734 1020 ibi
1764 963 2202 1020 enarrationem

547 1057 750 1114 horum
771 1072 993 1130 qurere.

623 1148 786 1203 Vers.
837 1146 924 1201 42.
979 1146 1416 1216 Increpavit—
1443 1151 1608 1217 patri
1655 1159 1758 1200 suo
1800 1143 2080 1199 Prmdicto
2111 1142 2206 1198 tri-

553 1236 776 1308 cesimo
806 1235 1019 1307 quinto
1066 1235 1258 1307 capite
1312 1233 1611 1304 Evangelii
1641 1234 1813 1305 juxta
1862 1231 2205 1288 Mattbaeum

552 1326 627 1384 de
664 1325 760 1383 his
789 1324 1009 1382 dictum
1041 1329 1149 1380 est.

625 1415 789 1472 Vers.
845 1418 932 1470 43.
1000 1413 1333 1485 Stupebant
1372 1443 1438 1454 —
1475 1413 1600 1470 Dei.
1661 1412 1957 1468 Putabant
2024 1410 2204 1475 enim,

551 1520 676 1564 non
712 1503 977 1578 propria,
1011 1502 1116 1559 sed
1141 1503 1242 1559 Dei
1279 1503 1492 1559 virtute
1519 1502 1646 1558 haec
1678 1517 1816 1558 eum
1843 1500 2078 1573 operari
2106 1501 2211 1556 mi-

552 1593 775 1651 racula.

625 1683 792 1740 Vers.
821 1683 910 1740 43.
942 1681 1214 1740 Omnibus
1245 1712 1312 1722 —
1339 1681 1499 1736 Vers.
1533 1681 1621 1736 44.
1668 1681 1825 1736 istos.
1867 1680 2026 1734 Ouos
2064 1678 2211 1734 dixti

2310 519 2526 586 πέμπτῳ
2553 515 2830 588 κεφαλαίῳ,
2887 522 2975 569 καὶ
3035 520 3237 592 εἴρηται
3293 523 3410 593 περὶ
3464 522 3658 571 τούτων
3703 522 3922 574 πάντων

2311 622 2432 658 εγει.

2381 695 2712 766 Ἀποκριθεὶς
2744 727 2810 736 -
2841 693 2964 751 ὧδε.
3008 695 3094 753 Ἐν
3125 695 3298 768 ἐκείνῳ
3352 699 3446 759 τάς
3498 697 3672 760 λύσεις
3714 702 3920 752 τούτων

2315 782 2440 834 ὅλων
2467 785 2724 857 εὑρήσεις.

2385 871 2498 925 "Eri
2537 904 2607 914 —
2660 875 3028 947 συνεσπάροξε,
3087 882 3261 928 Ταῦτα
3303 875 3616 952 πλατύτερον
3649 880 3673 928 ὸ
3702 879 3923 948 Μάρκος

2317 963 2592 1036 ἱστόρησεν
2628 962 2676 1014 έν
2703 973 2772 1034 τῷ
2814 964 3031 1034 εἰκοστῷ
3060 966 3186 1035 ἕκτῳ
3214 965 3494 1038 κεφαλαίῳ,
3548 971 3632 1018 καὶ
3686 967 3922 1027 ζήτησον

2315 1049 2363 1102 ἓν
2403 1050 2576 1122 ἐκείνῳ
2607 1057 2699 1110 τὴν
2741 1056 2928 1105 τούτων
2954 1053 3228 1124 ἐξήγησιν.

2389 1139 2700 1213 Ἐπετίμησε
2725 1173 2785 1183 -
2804 1147 2958 1215 πατρὶ
2993 1143 3173 1200 αὑτοῦ.
3207 1144 3292 1198 Ἐν
3314 1153 3384 1215 τῷ
3402 1144 3743 1219 προρῥηθέντι
3770 1165 3928 1217 τρια-

2315 1238 2489 1300 κοστῷ
2516 1235 2731 1302 πέμπτῳ
2789 1232 3045 1303 κεφαλαίῳ
3098 1239 3186 1285 τοῦ
3240 1237 3376 1286 κατά
3423 1236 3690 1288 Ματθαῖον
3721 1233 3921 1309 ὶῤῥήθη

2317 1325 2434 1391 περὶ
2460 1323 2674 1373 τούτων.

2391 1408 2798 1470 Ἐξεπλὴσσοντο
2843 1442 2908 1450 ——
2956 1419 3046 1464 τοῦ
3103 1417 3248 1467 Θεοῦ.
3305 1412 3490 1484 ’.ῼοντο
3544 1415 3669 1486 γὰρ,
3723 1414 3822 1466 οῦκ
3873 1414 3927 1477 ἐξ

2324 1494 2465 1558 ἰδίάς
2497 1494 2784 1570 δυνάμεως,
2816 1498 2922 1551 ἀλλ’
2964 1500 3018 1553 ἐκ
3067 1506 3193 1555 Θεοῦ
3219 1509 3384 1554 ταῦτα
3412 1510 3772 1576 τερατουργεῖν
3821 1503 3925 1554 αὐ-

2322 1607 2431 1639 τον-

2397 1679 2606 1728 Πάντων
2682 1709 2750 1717 —
2829 1682 3061 1742 τούτους.
3143 1680 3243 1740 Οῦς
3302 1678 3435 1733 εἶπεν
3484 1679 3532 1733 έν
3580 1688 3651 1750 τῷ
3701 1682 3927 1751 εἰκοστῴ

555 1772 842 1831 vicesimo
894 1787 1056 1828 nono
1098 1771 1292 1844 capite
1321 1770 1618 1843 praesentis
1647 1768 1955 1840 Evangelii
1989 1769 2063 1825 de
2104 1785 2213 1825 sua

2341 1766 2482 1837 ἐνάτῳ
2522 1766 2778 1838 κεφαλαίῳ
2829 1778 2919 1820 τον
2977 1775 3229 1841 παρόντος
3283 1769 3627 1841 Εῦαγγελίοιε,
3701 1777 3820 1844 περὶ
3873 1792 3928 1824 τε

555 1861 836 1936 passione
911 1865 971 1917 et
1034 1861 1334 1917 occisione
1382 1875 1452 1916 ac
1520 1861 1947 1916 resurrectione
2001 1874 2013 1915 :
2079 1858 2214 1913 ideo

558 1952 758 2018 etiam,
807 1966 946 2024 cum
994 1950 1105 2006 hos
1155 1949 1334 2023 quasi
1365 1948 1700 2020 signiﬁcare
1734 1950 2071 2020 incepisset,
2105 1963 2214 2003 cae-

549 2045 688 2107 ,tera
722 2039 978 2112 reliquit,
1019 2044 1308 2112 tanquam
1329 2039 1456 2110 jam
1479 2037 1777 2094 intellecta

639 2218 809 2276 νοτε.
871 2222 960 2276 ili.
1019 2217 1210 2274 Filius
1261 2217 1697 2274 enim—Vere.
1755 2216 1842 2272 45.
1905 2216 2032 2272 hoc.
2088 2216 2220 2271 Ver-

566 2309 732 2374 bum.
767 2323 888 2365 non
922 2307 1086 2382 quod
1112 2312 1239 2364 erat
1267 2308 1342 2364 de
1365 2307 1642 2379 passione
1679 2311 1739 2362 et
1763 2306 2090 2373 occisione,
2115 2303 2219 2360 sed

567 2399 642 2456 de
679 2397 1127 2456 resurrectione.
1193 2397 1418 2452 Dictum
1472 2401 1565 2450 est
1611 2402 1810 2450 autem
1870 2395 1945 2450 de
2001 2397 2114 2450 hoc
2159 2395 2220 2449 in

567 2489 687 2546 ﬁne
728 2487 1116 2544 enarrationis
1150 2485 1426 2542 tricesimi
1451 2486 1638 2558 quinti
1678 2485 1889 2556 capitis
1924 2483 2222 2550 Evangelii

568 2575 904 2634 secundum
947 2575 1286 2632 Mattbaaum
1316 2592 1328 2630 :
1361 2577 1492 2644 lege
1521 2589 1687 2644 ergo,
1741 2590 1878 2646 quas
1936 2572 2014 2629 ibi
2069 2572 2225 2628 dicta

570 2670 734 2724 sunt.

574 2755 724 2812 CAP.
760 2754 968 2809 XXXII.
1001 2754 1084 2809 De
1117 2752 1565 2821 disputantibus
1597 2751 1728 2823 quis
1749 2758 1888 2808 esset
1916 2753 2116 2821 major.

645 2845 809 2899 Vers.
862 2844 951 2897 46.
1007 2841 1264 2897 Intravit
1293 2872 1359 2882 —
1395 2842 1556 2896 Vera.
1605 2842 1694 2896 47.
1743 2842 1923 2911 juxta
1965 2856 2040 2897 se.
2089 2841 2227 2896 Mat-

575 2932 770 2992 thteus
800 2945 939 2987 vero
983 2929 1278 2987 tricesimo
1318 2931 1574 3002 septimo
1605 2931 1795 3003 capite
1822 2932 1901 2986 ait
1949 2931 2018 2996 ⁸⁷,
2063 2929 2228 3002 quod

575 3019 931 3079 accedentes
980 3017 1254 3090 discipuli
1298 3018 1372 3076 de
1404 3019 1514 3074 hoc
1545 3020 2059 3088 interrogaverunt
2093 3035 2228 3074 eum

2325 1864 2417 1907 τοῦ
2480 1858 2703 1920 Πάθους,
2764 1863 2975 1920 καὶτῆς
3032 1862 3354 1931 ἀναιρέσεως,
3409 1866 3498 1912 καὶ
3548 1868 3646 1921 τῆς
3694 1859 3928 1913 ἀναστεί-

2329 1963 2457 2006 σεως
2521 1945 2700 1999 αὑτοῦ.
2761 1950 2846 1998 Διὸ
2904 1951 2988 1999 καὶ
3038 1947 3371 2020 ἐναρξάμενος
3417 1949 3608 2017 αὐτῶν,
3665 1953 3798 2003 ὥστε
3829 1948 3925 2008 δη·

2325 2033 2512 2099 λῶσαι,
2557 2040 2668 2107 περὶ
2703 2035 2768 2086 ὧν
2807 2035 2961 2107 λέγει,
2993 2039 3058 2089 τά
3119 2036 3275 2090 λοιπά
3319 2037 3697 2105 καταλέλοιπεν,
3722 2043 3786 2102 ὡς
3813 2036 3921 2098 ἤδη

2327 2126 2593 2196 νοούμενα.

2399 2213 2458 2265 Ὀ
2510 2215 2610 2286 γὰρ
2659 2216 2778 2275 Υἱὸς
2853 2246 2920 2255 -
2982 2219 3186 2271 τούτου.
3241 2221 3310 2269 Τὸ
3369 2218 3536 2290 ῥῆμα,
3582 2218 3641 2269 οὐ
3699 2222 3757 2270 τὸ
3809 2225 3924 2293 περὶ

2331 2322 2422 2354 του
2472 2305 2674 2363 Ιιάθονς
2721 2309 2809 2355 καὶ
2851 2313 2945 2364 τῆς
2994 2302 3316 2378 ἀναιρέσεως,
3378 2304 3504 2358 ἀλλὰ
3554 2311 3613 2358 τὸ
3665 2313 3782 2382 περὶ
3831 2317 3926 2371 τῆς

2332 2390 2683 2451 ἀναστάσεως.
2741 2397 2959 2467 Εἴρηται
3037 2391 3094 2447 δε
3147 2400 3263 2466 περὶ
3333 2399 3519 2448 τούτου
3582 2395 3629 2447 ἐν
3678 2406 3745 2465 τῷ
3796 2397 3923 2450 τελει

2334 2488 2429 2542 τῆς
2509 2480 2805 2552 ἐξηγήσεως
2881 2491 2972 2535 τοῦ
3046 2492 3360 2555 τριακοστοῦ

2337 2571 2485 2622 λαίου
2545 2580 2634 2623 τοῦ
2692 2576 2824 2624 κατά
2877 2575 3163 2639 Ματθαῖον,

2333 2660 2398 2733 ῥη
2409 2662 2576 2712 θέντα.

3455 2490 3681 2555 πέμπτου
3765 2504 3916 2555 κεφα-

3248 2579 3339 2626 καὶ
3406 2573 3650 2644 ἀνάγνωθι
3698 2575 3762 2624 τά
3812 2573 3916 2626 ἐκεῖ

2447 2756 2590 2803 ΚΕΦ.
2620 2749 2735 2804 ΑΠ’.
2771 2755 2889 2824 Περὶ
2921 2759 3019 2803 τῶν
3044 2748 3480 2825 διαλογιζομένων
3509 2758 3582 2812 τίς
3611 2757 3821 2824 μείζων.

2409 2839 2635 2898 Εἰσῆλθε
2681 2871 2748 2880 —
2800 2841 2920 2914 παρ’
2976 2841 3151 2911 ἱαντῷ.
3206 2842 3264 2894 Ὀ
3316 2838 3375 2894 δι
3428 2844 3693 2904 Ματθαίος
3753 2841 3802 2894 έν
3861 2851 3931 2913 τῷ

2340 2937 2632 3000 τριακοστῷ
2692 2926 2897 3000 ἑϐδόμῳ
2954 2929 3213 3002 κεφαλαίῳ
3275 2934 3574 3002 φησίν·ὃτι
3622 2932 3931 3004 προσελθόν-

2340 3036 2422 3078 τες
2465 3020 2511 3070 οἱ
2541 3019 3087 3090 μαθηταιὴμωτησαν
3137 3020 3292 3072 αὐτὸν
3357 3026 3470 3094 περὶ
3523 3024 3732 3074 τούτου.
3790 3021 3932 3084 Εἰκὸς

575 3107 905 3168 Verisimile
930 3123 1073 3178 ergo
1105 3112 1210 3172 est,
1234 3107 1398 3173 quod
1429 3108 1524 3165 ubi
1539 3109 1962 3178 cogitationem
1993 3108 2227 3164 illorum

2343 3105 2424 3172 δι,
2462 3112 2670 3179 γνόντος
2720 3107 2880 3160 αὐτοῦ
2926 3112 3012 3161 τὸν
3065 3105 3410 3182 διαλογισμὸν
3470 3110 3658 3176 αὐτῶν,
3717 3116 3808 3164 καὶ
3851 3112 3922 3164 έπ-

577 3196 1528 3270 cognovisset:etinterrogasset:
1558 3198 1711 3264 Quid
1732 3201 1793 3252 in
1812 3198 1907 3254 via
1936 3196 2232 3254 tractaba-

581 3288 655 3346 tis
682 3288 709 3345 ?
738 3287 888 3342 sicut
917 3286 1067 3342 dixit
1091 3289 1316 3343 Marcus
1350 3288 1414 3352 ⁸⁸,
1453 3286 1832 3358 postmodum
1873 3288 2052 3342 etiam
2101 3286 2229 3357 ipsi,

579 3393 718 3436 cum
756 3377 884 3448 jam
906 3377 1144 3446 cognita
1171 3381 1326 3431 esset
1363 3377 1644 3444 cogitatio
1676 3391 1807 3441 sua,
1842 3377 2234 3446 intermgave-

578 3472 719 3524 runt
765 3467 840 3523 de
866 3467 980 3522 hoc
1013 3489 1024 3520 :
1052 3466 1266 3522 deinde
1305 3467 1474 3521 Jesus
1526 3465 1918 3537 apprehendit
1960 3481 2231 3536 puerum,

579 3557 684 3628 qui
726 3555 809 3611 ibi
849 3571 1114 3627 praesens
1141 3562 1283 3621 erat,
1326 3561 1383 3612 et
1410 3556 1616 3611 statuit
1646 3554 1814 3611 illum
1843 3555 2012 3624 juxta
2043 3570 2122 3617 se.
2154 3553 2239 3609 di-

576 3645 782 3719 xitque
827 3650 1061 3709 caetera,
1107 3659 1242 3715 quin
1295 3649 1641 3715 sequuntur.
1688 3646 1888 3715 Itaque
1936 3643 2238 3698 Mattheus

579 3733 833 3804 scripsit,
875 3732 1042 3804 quod
1079 3733 1591 3802 interrogaverunt
1639 3732 1961 3803 discipuli;
2006 3731 2237 3787 Marcus

581 3837 720 3878 vero
768 3826 827 3876 et
857 3822 1043 3876 Lucas
1082 3820 1194 3876 hoc
1233 3820 1433 3876 relicto
1487 3821 1864 3892 scripserunt,
1923 3820 2090 3893 quod
2143 3836 2239 3876 co-

583 3910 789 3983 gnovit
817 3909 1233 3981 cegitationem
1264 3925 1469 3965 eorum
1499 3926 1512 3964 :
1545 3916 1601 3965 et
1629 3909 1725 3965 ille
1763 3910 2010 3983 quidem
2051 3915 2240 3982 poste-

583 3999 742 4054 riora
767 3998 931 4061 dixit,
964 3996 1059 4053 hic
1093 4005 1291 4053 autem
1321 3998 1540 4071 priora.
1584 4000 1734 4070 Lege
1765 4015 1908 4069 ergo
1956 3999 2114 4056 dicto
2145 4015 2241 4054 ca-

585 4086 707 4160 pite
764 4085 1061 4157 Evangelii
1111 4087 1285 4160 juxta
1354 4088 1693 4145 Mattbaeum
1759 4087 2240 4161 explanationem

583 4181 796 4242 totam,
819 4192 954 4249 quin
975 4175 1308 4234 admodum
1343 4177 1496 4233 utilis
1525 4184 1633 4235 est.

659 4265 822 4323 Vers.
875 4267 963 4322 48.
996 4267 1070 4322 Et
1111 4267 1422 4324 ait—me.
1455 4267 1583 4324 Alia
1634 4284 1868 4342 quoque
1921 4275 2058 4325 ante
2116 4267 2244 4325 hinc

586 4355 756 4423 dixit,
811 4371 949 4428 quin
990 4354 1296 4411 Matthteus
1340 4357 1710 4429 conscripsit.
1744 4373 1849 4429 per
1890 4374 2027 4431 qua}
2067 4358 2243 4413 etiam

585 4447 712 4504 hac
760 4444 931 4501 facile
986 4451 1432 4514 cognoscuntur
1464 4462 1717 4520 ;Iqutere
1765 4462 1906 4517 ergo
1944 4447 2063 4504 illa.
2121 4450 2228 4502 Peri

2356 4455 2522 4498 ταῦτα
2609 4443 3063 4516 διαγινώσκονται,
3154 4451 3243 4498 καὶ
3302 4447 3527 4507 ζήτησον
3619 4445 3771 4500 αὐτά.

587 4551 843 4608 puerum
886 4549 1030 4591 vero
1078 4533 1476 4591 humilitatem
1525 4541 1581 4592 et
1626 4535 2025 4607 abjectionem
2069 4536 2250 4607 signi-

586 4623 782 4681 ﬁcavL

660 4713 824 4769 Vers.
865 4712 955 4768 48.
1008 4711 1164 4769 Nam
1192 4744 1260 4753 —
1288 4729 1556 4784 magnus.
1600 4713 1695 4769 Hic
1735 4713 1872 4770 ﬁnis
1931 4720 2021 4770 est
2052 4715 2251 4770 inten-

589 4803 768 4860 tionis
817 4804 1062 4873 propter
1113 4816 1290 4873 quam
1354 4817 1601 4874 puerum
1652 4803 1825 4874 juxta
1888 4820 1951 4858 se
2027 4803 2246 4859 statuit.

590 4889 898 4948 Minimum
928 4893 1152 4956 autem,
1198 4888 1342 4946 dixit
1385 4890 1812 4947 humillimum.
1848 4891 2073 4948 Similia
2102 4908 2253 4964 quo-

591 4995 710 5053 que
763 4978 910 5034 dixit
945 4979 1409 5052 quadragesimo
1468 4980 1635 5036 tertio
1675 4981 1975 5050 Evangelii
2032 4997 2251 5037 secun-

592 5071 742 5128 dum
782 5069 1123 5126 Matthmum
1181 5069 1374 5142 capite
1417 5075 1524 5125 :et
1574 5070 1746 5141 juxta
1800 5071 2070 5127 medium
2119 5071 2249 5142 ejus

592 5159 826 5232 capitis.
868 5215 872 5218 .

585 5247 604 5255 ’
666 5249 835 5308 Vers.
889 5248 1359 5319 49.Respondens
1423 5278 1492 5287 —
1541 5249 1705 5304 Vers.
1770 5249 1860 5304 50.
1935 5256 2040 5306 est.
2117 5249 2253 5305 Haec

595 5339 776 5397 etiam
806 5339 1041 5412 scripsit
1083 5341 1313 5395 Marcus
1346 5336 1628 5394 vicesimo
1659 5338 1915 5409 septimo
1957 5339 2169 5411 capite,
2199 5345 2254 5394 et

595 5428 676 5488 ibi
705 5429 924 5487 horum
954 5429 1083 5499 lege
1113 5426 1621 5500 explanationem.

591 5604 606 5612 ’
675 5613 721 5647 ⁵⁷
753 5608 950 5669 Matth.
977 5623 1137 5674 xvut,
1167 5607 1218 5663 1.
1299 5605 1345 5643 ⁵⁸
1372 5609 1548 5689 itare.
1583 5621 1662 5674 Ix,
1687 5606 1774 5664 33.

2343 3204 2693 3269 ερωτήσαντος
2738 3198 2946 3262 αὐτοὺς,
2993 3203 3042 3250 τί
3080 3198 3127 3251 έν
3167 3207 3229 3271 τῇ
3284 3201 3387 3270 όκῷ
3435 3204 3565 3272 πρὸς
3617 3200 3831 3261 ἑαυτοὺς
3857 3198 3934 3253 δι·

2344 3288 2657 3357 ελογίζοντο,
2710 3290 2777 3347 ὡς
2809 3284 2942 3339 εἶπεν
3010 3289 3034 3338 ό
3091 3291 3319 3359 Μάρκος,
3369 3288 3546 3341 λοιπὸν
3607 3295 3699 3341 καὶ
3756 3290 3937 3352 αὐτοὺς

2346 3379 2415 3438 ὼς
2443 3372 2548 3434 ἤδη
2581 3378 2900 3446 γνωσθέντος
2947 3384 3036 3428 τοῦ
3084 3373 3454 3448 διαλογισμοῦ,
3513 3377 3776 3452 ἐρωτῆσαι
3828 3386 3930 3451 περὶ

2348 3466 2527 3531 αὑτοῦ,
2579 3462 2689 3518 εἶτα
2738 3469 2824 3516 τὸν
2877 3467 3083 3522 Ἰησοῦν
3142 3465 3486 3523 ἐπιηαϐέσθαι
3537 3465 3760 3520 παιδίου
3809 3488 3925 3538 παρ-

2349 3561 2534 3618 ιόντος,
2599 3559 2688 3605 καὶ
2764 3563 2960 3612 στῆσαι
3012 3556 3136 3606 αὐτὸ
3193 3560 3312 3629 παρ’
3377 3556 3562 3627 ἐαυτῷ,
3623 3563 3709 3609 καὶ
3788 3557 3934 3609 εἰπεῖν

2349 3647 2414 3696 τά
2440 3644 2570 3706 ἑξῆς.
2621 3649 2814 3695 Λοιπὸν
2867 3640 2954 3696 οὖν
3009 3645 3034 3696 ὁ
3217 3647 3506 3707 Ματθαίος,
3567 3647 3789 3720 ἔγραψεν
3832 3649 3946 3697 ’ὅτι

2351 3734 2624 3808 ὁρωτησαν
2669 3736 2717 3784 οἱ
2762 3735 2996 3804 μαθηταί
3023 3748 3036 3763 ⁸
3073 3736 3286 3806 Μάρκος
3320 3731 3379 3786 δι
3422 3740 3512 3786 καὶ
3539 3741 3764 3801 Λουκᾶς,
3795 3745 3950 3788 τοῦτο

2350 3822 2736 3893 παραλιπόντες,
2838 3824 3143 3895 ἱστόρησαν,
3252 3824 3333 3874 ὄτι
3411 3826 3540 3894 ἔγνω
3614 3827 3701 3876 τὸν
3776 3821 3956 3876 διαλο-

2348 3915 2540 3984 γισμὸν
2589 3911 2777 3963 αὐτῶν.
2831 3915 2931 3964 Καὶ
2979 3913 3004 3963 ὁ
3061 3915 3149 3983 μὲν
3193 3913 3259 3963 τά
3297 3912 3513 3986 ὕστερον
3566 3909 3722 3979 εἶπεν,
3789 3916 3838 3965 οἱ
3892 3911 3958 3966 δε

2351 4004 2416 4053 τά
2446 4006 2710 4073 πρότερον,
2771 4002 3054 4071 Ἀνάγνωθι
3109 3997 3167 4053 δι
3225 3999 3272 4052 έν
3324 4008 3396 4070 τῷ
3439 4003 3645 4075 ῥηθέντι
3693 4003 3958 4074 κεφαλαίῳ

2352 4098 2443 4142 τοῦ
2473 4092 2604 4142 κατὰ
2632 4091 2889 4145 Ματθαῐον
2916 4094 3008 4147 τὴν
3040 4089 3160 4147 ὅλην
3209 4088 3481 4162 έξήγησιν,
3534 4089 3960 4162 ἀναγκαιοτάτην

2354 4176 2417 4232 αὖ
2426 4198 2540 4235 σαν.

2428 4273 2528 4322 Καὶ
2577 4265 2712 4320 εἶπεν
2761 4298 2828 4308 -
2875 4287 2957 4340 με.
3015 4270 3118 4324 Καὶ
3176 4267 3306 4320 ἄλλα
3354 4271 3451 4341 πρὸ
3502 4271 3691 4320 τούτων
3722 4269 3955 4338 εἴρηκεν,

2356 4357 2483 4428 οἷπερ
2557 4355 2837 4431 ἀνέγραψεν
2881 4358 2906 4408 ό
2957 4357 3244 4421 Ματθαῖος,
3299 4357 3385 4429 ἀφ’
3449 4359 3515 4408 ὧν
3583 4356 3806 4431 εὐχερῶς
3863 4360 3962 4409 καὶ

3865 4448 3966 4498 Διά

2357 4544 2448 4588 τοῦ
2471 4531 2687 4587 παιδίου
2722 4531 2779 4587 δὲ
2811 4539 2903 4594 τὴν
2933 4540 3240 4587 ταπείνωσιν
3267 4540 3356 4588 καὶ
3404 4534 3654 4588 εὐτέλειαν
3695 4531 3961 4594 ὑπεδήλω-

2360 4643 2464 4678 σεν.

2425 4711 2485 4765 Ὀ
2527 4715 2627 4786 γάρ
2673 4744 2741 4752 —
2775 4717 2956 4784 μέγας.
3015 4719 3178 4765 Τοῦτο
3235 4717 3388 4785 πέρας
3425 4732 3516 4764 του
3551 4720 3772 4777 σκοποῦ,
3801 4709 3878 4765 δι’
3911 4715 3964 4764 ὃν

2359 4804 2548 4859 ἔστησε
2573 4802 2628 4853 τό
2658 4797 2873 4853 παιδίον
2900 4800 3021 4874 παρ’
3046 4802 3210 4872 ἑαυτῷ
3245 4820 3255 4830 ·
3291 4807 3586 4874 μικρόιερον
3617 4799 3677 4854 δε
3704 4801 3966 4872 λέγει,τόν

2357 4894 2733 4963 ταπεινότερον.
2768 4887 2892 4942 Εἷπε
2925 4887 2983 4943 δὲ
3004 4898 3224 4943 τοιαῦτα
3251 4896 3339 4943 καὶ
3362 4891 3412 4943 ἐν
3443 4899 3514 4960 τῷ
3553 4897 3965 4963 τεσσαρακοστῷ

2357 4983 2517 5050 τρίτῳ
2538 4978 2794 5051 κεφαλαίῳ
2843 4987 2932 5031 τοῦ
2963 4983 3095 5031 κατά
3148 4980 3438 5044 Ματθαίον,
3467 4984 3557 5032 καὶ
3584 4980 3818 5040 ζήτησον
3852 4983 3968 5051 περὶ

2359 5071 2414 5121 τὸ
2441 5072 2597 5140 μέσον
2628 5076 2720 5120 τοῦ
2749 5072 2984 5122 τοιούτου
3014 5067 3314 5141 κεφαλαίου.

2435 5247 2770 5320 ’Λπσκριθεὶς
2792 5279 2859 5288 —-
2882 5245 3014 5302 έστί.
3043 5252 3222 5300 Ταῦτα
3249 5250 3340 5299 καὶ
3379 5247 3404 5299 ὁ
3431 5245 3645 5320 Μάρκος
3673 5245 3901 5320 ἔγραψεν
3923 5242 3970 5296 ἕν

2364 5348 2436 5410 τῷ
2466 5340 2683 5408 εἰκοστῷ
2706 5333 2912 5408 ἑϐδόμῳ
2950 5335 3229 5408 κεφαλαίῳ,
3262 5342 3353 5389 καὶ
3403 5335 3662 5413 ἀνάγνωθι
3720 5335 3828 5390 έκεί
3878 5337 3967 5390 τὴν

2364 5431 2558 5480 τούτων
2589 5432 2872 5501 σαφήνειαν
2886 5469 2898 5484 .
