4210 6434
263 369 367 428 953

338 496 563 567 Ἐγένετο
619 525 689 535 --
752 491 1113 566 Ἰερουσαλήμ·

275 584 399 654 ψιως
458 584 617 637 αὑτοῦ
673 584 807 655 λέγει
860 586 945 635 τὸν
1004 584 1185 656 καιρὸν
1241 584 1327 633 τὸν
1387 579 1732 653 ἀφορισθέντα
1778 582 1863 649 μὲ-

270 693 370 747 χρι
392 682 481 734 τῆς
506 672 807 743 ἀναλήψεως
859 671 1041 736 αὐτοῦ,
1075 679 1170 732 τῆς
1211 668 1310 722 ἀπὸ
1360 676 1457 741 γῆς
1510 669 1580 729 εἰς
1628 668 1860 741 ούρανὸν.

271 761 492 835 Ἠγγιζε
533 765 636 836 γὰρ
674 758 782 821 ἤδη
822 766 913 815 καὶ
968 764 998 820 ἡ
1048 760 1313 835 ἀναίρεσις
1337 758 1514 825 αὐτοῦ,
1555 762 1644 809 καὶ
1673 758 1702 814 ἡ
1748 754 1866 807 ἀνά-

275 871 479 913 στασις,
509 857 596 904 καὶ
646 854 677 910 ἡ
725 850 1007 922 ἀνάληψις,
1057 849 1326 924 Ἐστήριξε
1365 846 1423 901 δε
1483 850 1541 899 τὸ
1588 850 1865 921 πρόσωπον

273 939 453 1007 αὐτοῦ,
515 939 627 994 ἀντὶ
688 947 797 1009 τοῦ,
868 939 1178 1004 ἀπηύθυνεν,
1238 940 1371 997 ὥστε
1430 937 1742 1011 πορεύεσθαι
1796 933 1868 995 εἰς

271 1028 613 1103 Ἰερουσαλὴμ
644 1028 1051 1104 ἀμεταστρεπτὶ,
1082 1031 1405 1100 ἐπειγόμενος
1428 1030 1558 1100 πρὸς
1582 1029 1640 1078 τὸ
1673 1026 1864 1085 Πάθος.

272 1121 566 1190 Γέγραπται
602 1121 703 1193 γὰρ
744 1117 791 1171 ἐν
832 1126 894 1190 τῇ
931 1116 1099 1190 βίϐλῳ
1123 1125 1222 1171 τῶν
1269 1116 1512 1189 Ψαλμῶν
1546 1114 1867 1185 Ἐπιστηριῶ

269 1204 353 1258 ἐπὶ
387 1209 444 1260 σε
466 1211 587 1270 τοὺς
611 1207 907 1281 ὀφθαλμούς
934 1226 1034 1278 μου
1063 1205 1540 1279 εἶτουν,ᾰπερείσω,
1575 1202 1865 1272 ἀπευθυνῶ,

270 1292 488 1358 ἀκλινῶς
514 1295 710 1368 βλέψω.

343 1390 444 1438 Καὶ
474 1414 540 1425 --
573 1385 750 1441 αὐτοῦ.
784 1386 1046 1448 Μηνυτσίς.

344 1567 444 1616 Καὶ
504 1565 837 1636 πορευθέντες
900 1594 968 1605 —
1021 1569 1365 1636 Σαμαρειτῶν.
1424 1564 1567 1616 Κατὰ
1636 1558 1867 1635 πάροδον

266 1650 428 1703 αὐτοῦ
453 1656 708 1724 κειμένην.

335 1738 497 1793 Ὠστε
535 1741 813 1813 ἑτοιμάσαι
857 1740 1019 1812 αύτῷ.
1072 1738 1393 1813 ’Υποδοχὴν,
1442 1737 1704 1807 δηλονότι,
1742 1743 1867 1814 πρὸς

265 1834 579 1901 καταγωγὴν
610 1830 771 1883 αύτου
801 1849 856 1883 τε
884 1836 973 1883 καὶ
997 1838 1097 1883 τῶν
1130 1834 1224 1883 σὺν
1250 1830 1410 1900 αὐτῷ.

342 2012 442 2059 Καὶ
483 2007 577 2059 οὐκ
611 2038 672 2051 —
696 2007 1063 2081 Ἰερουσαλήμ.
1109 2011 1179 2062 Τὸ
1218 2012 1497 2081 πρόσωπον
1540 2007 1720 2073 αὑτοῦ,
1750 2007 1841 2059 ἀντ

270 2104 385 2164 τοῦ,
418 2096 593 2162 αύτός,
620 2095 720 2149 ἀπὸ
751 2102 959 2170 μέρους,
1002 2099 1059 2148 τὸ
1092 2096 1223 2151 ὅλον.
1254 2097 1365 2149 Ούκ
1394 2093 1651 2163 ἐδέξαντο,
1686 2102 1865 2169 φησὶν,

275 2184 449 2251 αὐτὸν,
486 2182 627 2237 διότι
655 2182 716 2243 ἦν
765 2190 1103 2260 πορευόμενος
1138 2186 1210 2248 εἰς
1254 2185 1607 2259 Ἰερουσαλὴμ,
1636 2185 1715 2239 ini
1748 2190 1869 2248 τοὺς

274 2273 496 2349 ἐχθροὺς
528 2274 713 2331 αὐτῶν.
743 2275 1011 2337 Ἐναντίως
1029 2280 1131 2351 γὰρ
1159 2278 1206 2328 oi
1240 2284 1552 2349 Σαμαρεῖται
1591 2281 1715 2350 πρὸς
1755 2280 1869 2337 τοὺς

275 2362 677 2437 Ιεροσολυμίτας
712 2360 745 2417 δ
752 2368 978 2417 ιέχειντο.

345 2448 563 2513 Ἰδόντες
608 2449 667 2506 δε
725 2483 791 2493 -—
836 2453 1008 2515 αὐτοῖς
1052 2457 1185 2523 (59).
1218 2453 1606 2526 Ὑπολαμϐάνω,
1652 2458 1867 2517 τούτους

270 2540 400 2593 εἶναι
440 2546 561 2603 τοὺς
624 2541 1029 2604 ἀποσταλέντας.
1081 2544 1438 2615 Ὠργίσθησαν
1486 2547 1576 2615 μεν
1636 2542 1744 2608 οὖν,
1802 2548 1867 2606 ὡς

270 2629 642 2703 ἀτιμασθέντος
681 2638 774 2684 τοῦ
823 2628 1172 2685 διδασκάλου’
1210 2633 1490 2704 ἠρώτησαν
1540 2630 1617 2696 δὲ,
1657 2634 1701 2686 εἱ
1751 2639 1862 2707 χρὴ

265 2723 387 2781 τοὺς
436 2718 797 2791 ἀτιμάσαντας
847 2719 1167 2793 ἀμύνασθαι,
1208 2724 1275 2773 ὡν
1332 2725 1641 2794 μιμούμενοι
1689 2724 1865 2777 Ἠλίαν

266 2811 353 2859 τὸν
411 2808 667 2868 ζηλωτήν.
700 2809 1011 2881 Ἐπετίμησε
1054 2807 1114 2862 δὲ
1178 2810 1350 2871 αὐτοῖς
1410 2814 1436 2862 ὁ
1494 2818 1742 2885 Χριστός,
1800 2816 1865 2874 ὡς

268 2894 586 2961 ἆνεξίκακος,
654 2895 920 2951 παιδεύων
995 2899 1206 2968 αύτούς,
1273 2902 1625 2973 μακροθύμως
1702 2905 1865 2974 φέρειν

265 2989 355 3046 τὰς
405 2984 614 3058 ἀτιμίας
666 2996 765 3039 τῶν
815 2986 1177 3043 ἀπειθούντων.
1250 2990 1526 3061 Ἐγίνωσχε
1589 2994 1677 3062 μεν
1741 2994 1863 3063 γὰρ,

268 3075 345 3125 ὅτι
384 3074 442 3126 ού
487 3073 870 3148 παραδέξονται
912 3077 1068 3129 αὐτὸν
1116 3077 1228 3150 (60)
1281 3080 1330 3130 οἱ
1372 3077 1704 3151 Σαμαρεῖται·
1742 3078 1868 3132 ἀπέ-

1340 363 1712 420 COMMENT.
1762 359 1831 416 IN
1871 358 2135 416 LUCAM.
2177 390 2244 402 -ι-
2284 358 2440 415 CAP.
2483 356 2582 414 IX.

1201 489 1423 563 Ἡμέρας
1502 499 1593 551 τῆς
1669 486 1865 543 αναλὴ-

2049 485 2206 539 Vers.
2261 486 2346 541 51.
2378 486 2633 542 Factum
2664 487 2746 540 est
2774 515 2844 523 —
2873 480 3307 552 Hierosolyma.
3360 478 3496 536 Dies
3539 495 3631 536 as-

3526 357 3632 412 954

1974 574 2333 646 sumptionis
2369 574 2580 646 ipsius,
2621 574 2762 629 dicit
2812 571 3166 643 praeﬁnitum
3200 576 3453 641 tempus,
3486 567 3630 624 dum

1975 679 2012 718 a
2044 667 2198 718 terra
2226 666 2631 719 assumeretur
2657 661 2717 717 in
2748 660 2965 717 caelum
2996 676 3009 725 ;
3025 660 3150 730 jam
3189 659 3346 713 enim
3371 656 3633 712 instabat

1976 752 2065 807 sui
2096 752 2475 823 interemptio
2501 768 2572 808 ac
2604 750 2956 807 resurrectio
2981 754 3037 805 et
3061 746 3405 819 assumptio.
3441 745 3630 804 Obﬁr-

1979 840 2156 896 mavit
2176 840 2390 896 faciem
2422 857 2617 906 suam,
2652 840 2766 895 hoc
2814 845 2916 905 est,
2964 837 3189 902 direxit,
3249 841 3309 890 ut
3350 836 3459 891 iret
3506 834 3633 890 Hic-

1974 931 2296 1003 resolyma,
2328 931 2719 1004 progrediens
2748 930 2824 986 ad
2864 929 3228 1001 passioncm,
3270 941 3345 982 ne
3391 924 3632 997 respici-

1977 1020 2133 1076 endo
2183 1020 2430 1094 quidem
2478 1020 2539 1075 in
2572 1026 2832 1090 tergum.
2892 1018 3193 1091 Scriptum
3233 1021 3321 1071 est
3359 1015 3517 1070 enim
3567 1014 3630 1069 in

1975 1110 2124 1166 libro
2153 1126 2394 1182 quoque
2410 1109 2782 1165 Psalmorum
2811 1124 2825 1165 :
2855 1106 3183 1173 Obﬁrmabo
3210 1120 3391 1176 super
3423 1111 3478 1161 te
3495 1119 3631 1160 ocu-

1980 1201 2064 1256 los
2090 1215 2246 1257 meos
2273 1201 2319 1234 ⁵ο
2344 1199 2498 1267 ;sive
2523 1199 2794 1269 inﬁgam,
2822 1198 3100 1269 dirigam,
3133 1194 3632 1252 indeclinabiliter

1976 1289 2286 1361 aspiciam.

2049 1381 2203 1434 Vers.
2232 1383 2316 1435 52.
2347 1380 2427 1434 Et
2456 1410 2524 1421 -—
2552 1395 2742 1443 suum,
2786 1378 2886 1435 Hic
2917 1377 3095 1433 etiam
3150 1375 3327 1432 dictio
3379 1375 3629 1446 ἀγγέλους

1978 1467 2320 1539 simpliciter
2344 1468 2578 1524 nuntios
2609 1468 2923 1538 signiﬁcat.

2054 1557 2209 1612 Vers.
2240 1562 2327 1613 52.
2358 1560 2439 1614 Et
2462 1565 2662 1615 euntes
2692 1588 2760 1600 --
2789 1555 3329 1614 Samaritanorum.
3364 1551 3536 1620 Quod
3568 1551 3628 1607 in

1977 1647 2227 1703 transitu
2254 1647 2384 1718 ejus
2428 1647 2611 1703 situm
2642 1652 2790 1703 erat.

2048 1738 2209 1791 Vers.
2240 1740 2327 1791 52.
2372 1738 2442 1794 Ut
2469 1740 2745 1808 pararent
2798 1735 2911 1792 illi.
2966 1732 3290 1805 Hospitium
3329 1730 3626 1787 videlicet.

1903 1826 1943 1881 Β
1976 1827 2051 1881 ad
2099 1826 2537 1897 susceptionem
2568 1825 2777 1898 ipsius,
2810 1830 2867 1881 et
2896 1823 3154 1890 illorum,
3210 1822 3317 1894 qui
3370 1836 3510 1878 cum
3558 1836 3630 1877 eo

1976 1920 2167 1971 erant.

2050 2007 2209 2061 Vers.
2237 2004 2425 2063 53.Et
2454 2005 3091 2075 non—Hierosolyma.
3124 2004 3323 2060 Facies
3351 2002 3630 2075 ejus,hoc

1978 2097 2086 2159 est,
2116 2095 2264 2166 ipse,
2313 2110 2350 2151 a
2380 2100 2547 2166 parte
2577 2097 2784 2149 totum.
2832 2095 2957 2149 Non
2998 2097 3363 2163 receperunt,
3415 2091 3629 2164 inquit,

1978 2199 2137 2248 eum,
2180 2183 2323 2255 quia
2352 2182 2641 2255 pergebat
2660 2181 3075 2253 Hierosolyma
3098 2181 3170 2237 ad
3201 2180 3453 2236 ininicos
3475 2180 3632 2251 ipso-

1979 2288 2133 2328 rum.
2163 2274 2313 2327 Nam
2343 2270 2701 2331 Samaritani
2730 2270 2974 2326 inimico
2998 2270 3202 2326 animo
3228 2268 3421 2324 affecti
3462 2271 3631 2324 erant

1978 2361 2055 2418 ad
2085 2360 2585 2433 Hierosolymitas.

2049 2450 2211 2507 Vers.
2266 2453 2350 2506 54.
2388 2449 2545 2516 Quod
2583 2465 2715 2505 cum
2757 2449 3037 2505 vidissent
3080 2478 3150 2487 —
3182 2446 3349 2503 Vers.
3397 2448 3484 2501 55.
3515 2461 3630 2502 ser-

1978 2539 2257 2598 vandum.
2307 2539 2606 2612 Suspicor,
2639 2540 2752 2595 hos
2811 2538 2989 2595 fuisse
3021 2537 3382 2609 prtemissos.
3425 2539 3629 2607 Itaque

1976 2630 2110 2686 irati
2138 2635 2297 2695 sunt,
2330 2630 2496 2701 quod
2535 2633 2965 2701 praeceptorem
3015 2626 3374 2699 sprevissent
3414 2642 3427 2680 :
3458 2626 3631 2681 inter-

1974 2724 2339 2789 rogaverunt
2354 2733 2518 2788 ergo,
2541 2734 2616 2774 an
2628 2722 3072 2790 contemptores
3088 2716 3294 2772 ulcisci
3309 2718 3628 2787 oporteret,

1975 2814 2179 2881 utpote
2216 2807 2442 2864 zeloten
2486 2807 2673 2863 Eliam
2703 2807 3023 2863 imitantes.
3060 2805 3387 2878 Increpavit
3426 2809 3631 2861 autem

1976 2897 2107 2954 illos
2147 2897 2438 2962 Christus,
2472 2901 2762 2969 tanquam
2821 2895 3083 2951 clemens
3117 2910 3130 2950 :
3165 2894 3467 2950 instruens
3500 2909 3639 2963 eos,

1979 2992 2041 3043 ut
2052 2987 2253 3043 incred
2263 2988 2498 3042 ulorum
2512 2986 2755 3058 injurias
2767 2985 3056 3057 patienter
3070 2984 3303 3041 terrent.
3326 2982 3629 3055 Siquidem

1979 3076 2223 3142 sciebat,
2246 3078 2409 3148 quod
2440 3091 2501 3131 se
2519 3076 2848 3143 suscepturi
2867 3089 2991 3130 non
3013 3078 3212 3129 essent
3235 3072 3629 3129 Samaritani:

269 3162 433 3215 στειλε
486 3159 545 3216 δί
594 3166 849 3236 μαθητὰς,
912 3167 995 3217 ἶνα
1046 3165 1438 3223 ἁπειθησάντων
1490 3170 1579 3239 μεν
1643 3167 1865 3232 ἐκείνων,

1985 3165 2138 3221 misit
2164 3170 2362 3221 tamen
2403 3163 2749 3235 discipulos,
2779 3169 2842 3219 ut
2878 3163 2990 3218 illis
3022 3177 3143 3216 non
3175 3161 3542 3233 parentibus,
3575 3168 3633 3218 et

264 3250 608 3324 ὀργισθέντων
663 3249 721 3305 δε
750 3256 960 3317 τούτων,
993 3254 1248 3316 ἐπιπλήξῃ
1288 3259 1377 3307 καὶ
1417 3252 1613 3327 διδάξῃ
1659 3255 1866 3324 αύτούς,

264 3344 335 3411 μὴ
387 3339 764 3414 ἐπεξέρχεσθαι
811 3350 922 3404 τοίς
971 3351 1407 3415 καταφρονοῦσιν.
1465 3343 1709 3415 ’Ἐμελλον
1766 3347 1867 3419 γὰρ

263 3433 321 3480 τό
384 3433 634 3502 κήρυγμα
715 3430 1145 3501 καταγγέλλοντες
1221 3433 1320 3485 ύπό
1381 3432 1577 3485 πολλῶν
1633 3433 1870 3504 ἀποπέμ-

265 3518 479 3569 πεσθαι.
513 3517 635 3588 Ούχ
679 3517 879 3579 ἑαυτοῖς
911 3516 989 3584 δὲ,
1025 3519 1151 3572 ἀλλὰ
1190 3528 1252 3593 τῇ
1302 3521 1462 3573 αὐτοῦ
1495 3518 1714 3595 δυνάμει
1750 3521 1869 3593 θαρο

262 3603 473 3678 ρούντες
516 3612 675 3671 εἷπον,
733 3609 812 3659 ὅτι
861 3613 1100 3681 Εῖπωμεν
1148 3618 1251 3684 πῦρ
1294 3610 1587 3670 καταϐῆναι
1635 3611 1735 3665 ἀπὸ
1778 3619 1872 3664 τοῦ

262 3693 505 3768 ούρανοῦ.

334 3784 394 3837 Εἰ
445 3789 530 3836 καὶ
580 3785 690 3857 (fit)
724 3796 952 3860 παρῆκεν
991 3790 1015 3840 ὁ
1071 3794 1449 3862 Χρυσὸστομος
1480 3792 1591 3863 (63)
1628 3790 1868 3854 ἐνταῦθα,

263 3878 341 3926 τὸ·
398 3875 508 3927 Ούκ
575 3873 754 3929 οἴδατε
809 3881 919 3930 οἵου
972 3882 1263 3951 πνεύματός
1320 3879 1453 3933 ἕστε·
1513 3881 1617 3933 ἀλλ’
1671 3878 1757 3934 οὖν
1820 3884 1868 3934 ἓν

263 3963 450 4036 ἑτέροις
503 3963 670 4036 λόγοις
721 3970 1035 4019 Δεσποτικὸν
1097 3967 1225 4021 εἶναι
1271 3968 1406 4041 λέγει
1468 3976 1557 4023 καὶ
1612 3976 1759 4024 τουτὶ
1811 3974 1866 4024 τὸ

258 4054 439 4127 ῥητόν.
511 4058 710 4107 Λοιπὸν
749 4059 920 4107 τοίνυν
989 4064 1189 4129 πνεῦμα
1255 4064 1356 4111 νόει
1434 4078 1525 4130 μοι
1589 4063 1645 4111 τὸ
1718 4061 1866 4131 ἅγιον

263 4148 490 4214 Πνεῦμα.
551 4148 716 4195 Τοῦτο
783 4146 883 4217 γὰρ
938 4142 1133 4215 ἀγαθόν
1214 4145 1325 4199 ἐστι
1383 4153 1473 4199 καὶ
1541 4147 1862 4212 ἀνεξίκακον,

262 4232 436 4305 ὥσπερ
468 4236 557 4283 καὶ
595 4235 661 4284 τὰ
689 4231 846 4286 λοιπὰ
883 4238 1142 4308 πρόσωπα
1175 4244 1271 4297 τῆς
1308 4243 1433 4308 μιᾶς
1454 4237 1759 4310 Θεότητος.]

334 4325 479 4373 ΚΕΦ.
508 4318 631 4374 ΛΓ’.
668 4326 792 4393 Περὶ
822 4329 915 4374 τοῦ
942 4327 1014 4395 μὴ
1045 4322 1440 4397 ἐπιτρεπομένου
1471 4324 1787 4380 ἀκολουθεῖν.

1977 3252 2503 3320 hisirascentibus,
2533 3252 2876 3323 objurgaret
2901 3267 2972 3306 ac
3001 3249 3241 3306 doceret
3266 3265 3368 3305 eos
3397 3266 3521 3306 non
3545 3249 3632 3306 in-

1981 3356 2224 3411 surgere
2254 3341 2313 3397 in
2344 3341 2473 3397 illos
2513 3341 2617 3413 qui
2655 3346 3119 3397 contemnerent.
3156 3341 3442 3394 Futurum
3469 3338 3633 3395 enim

1981 3436 2124 3497 erat,
2161 3436 2224 3486 ut
2267 3447 2395 3486 cum
2440 3430 2823 3499 Evangelium
2881 3428 3322 3492 annuutiarent,
3370 3443 3406 3483 a
3434 3427 3633 3483 multis

1981 3520 2454 3593 repudiarentur.
2503 3522 2632 3576 Non
2657 3519 2771 3575 sibi
2799 3518 2949 3590 ipsis
2977 3521 3200 3582 autem,
3234 3516 3339 3573 sed
3369 3516 3445 3572 de
3473 3515 3631 3572 illius

1982 3610 2247 3681 potentia
2294 3610 2664 3665 conﬁdentes
2720 3608 3037 3667 dixerunt:
3083 3608 3178 3663 Vis
3228 3607 3512 3672 dicamus,
3564 3611 3635 3661 ut

1979 3700 2129 3771 ignis
2158 3715 2221 3757 ce
2250 3700 2398 3758 caelo
2421 3700 2780 3756 descendat?

2051 3790 2137 3861 -Η-
2169 3789 2405 3846 Etiamsi
2426 3788 2864 3861 praetermiserit
2880 3786 3141 3845 hocloco
3173 3786 3634 3858 Chrysostomus

1978 3879 2089 3935 ista
2113 3894 2125 3934 :
2153 3879 2399 3935 Nescitis
2423 3881 2594 3948 cujus
2614 3879 2853 3949 spiritus
2886 3879 3044 3941 estis,
3075 3875 3256 3932 sedin
3284 3875 3414 3931 aliis
3442 3874 3634 3931 homi-

1977 3967 2068 4025 liis
2094 3968 2211 4024 hac
2238 3968 2472 4026 Domini
2496 3983 2852 4040 responsum
2873 3983 3001 4023 esse
3024 3966 3123 4024 ait.
3148 3965 3330 4037 Igitur
3349 3964 3633 4036 Spiritum

1975 4058 2217 4130 quidem
2238 4057 2496 4129 intellige
2530 4058 2812 4129 Spiritum
2843 4062 3142 4112 sanctum.
3163 4055 3217 4110 Is
3243 4054 3403 4109 enim
3432 4052 3633 4109 bonus

1973 4151 2065 4203 est
2084 4152 2141 4202 et
2178 4147 2513 4217 indulgens,
2542 4150 2606 4202 ut
2633 4145 2873 4217 reliquas
2907 4159 3182 4217 personae
3204 4142 3383 4198 unius
3405 4145 3630 4197 natura:

1971 4234 2211 4291 divinas.

2043 4324 2198 4379 CAP.
2231 4325 2457 4388 XXXIII,
2491 4325 2577 4380 De
2605 4339 2669 4381 eo
2694 4326 2931 4382 cuinon
2966 4320 3234 4392 permisit
3262 4327 3331 4376 ut
3371 4334 3561 4389 seque-

2708 4419 2896 4469 retur.

337 4501 439 4548 Καὶ
494 4494 847 4571 ἕπορεύθησαν
894 4530 963 4542 -
1021 4501 1189 4573 κλίνῃ,
1233 4502 1463 4577 Ἔγραψε
1512 4508 1629 4577 περὶ
1683 4507 1863 4557 τούτον

2045 4503 2209 4559 Vers.
2240 4504 2328 4559 56.
2367 4503 2447 4558 Et
2492 4502 2762 4559 abierunt
2792 4532 2861 4544 —
2890 4502 3050 4557 Vers.
3086 4498 3174 4556 58.
3231 4498 3498 4559 reclinet.
3555 4500 3629 4554 De

262 4589 352 4637 καὶ
408 4586 433 4636 ὁ
481 4588 745 4649 Ματθαίος
793 4587 841 4641 ἐν
890 4598 964 4661 τῷ
1018 4587 1223 4664 δεκάτῳ
1252 4592 1529 4666 κεφαλαίῳ,
1562 4599 1651 4646 καὶ
1690 4595 1860 4669 ἡρμηο

261 4674 519 4731 νεύθησαν
550 4674 652 4728 ἐκεῖ
673 4676 808 4749 (63).

337 4761 461 4817 Εἷπε
507 4795 577 4806 -
630 4766 782 4821 Θεοῦ.
819 4768 958 4821 Ἐκεῖ
983 4773 1072 4821 καὶ
1107 4773 1225 4842 περὶ
1271 4774 1456 4824 τούτου
1506 4781 1686 4845 σαφῶς
1739 4770 1865 4826 διεί-

263 4851 477 4911 Intrat“
540 4853 747 4909 ἐκάλεσε
804 4853 863 4909 δε
917 4864 1095 4910 τοῦτον
1144 4860 1169 4911 ὁ
1215 4864 1465 4929 Χριστὸς,
1513 4859 1663 4923 εἰδὼς
1710 4865 1865 4915 αὐτὸν

260 4942 423 5005 ἄξιον.

333 5121 380 5156 ⁵⁹
404 5120 559 5177 Psal.
579 5137 735 5187 xxxi,
767 5124 821 5178 8.

1975 4594 2090 4650 hoc
2117 4598 2175 4648 et
2197 4592 2499 4650 Matthteus
2530 4592 2767 4664 scripsit
2805 4589 3165 4647 duodecimo
3218 4589 3429 4661 capite,
3461 4591 3519 4644 et
3546 4586 3631 4644 ibi

1976 4682 2175 4755 posita
2203 4686 2289 4737 est
2317 4681 2737 4754 interpretatio.

2048 4773 2213 4829 Vers.
2248 4774 2334 4828 59.
2384 4772 2493 4827 Ait
2522 4804 2587 4813 -
2620 4770 2789 4828 Vers.
2833 4771 2922 4828 60.
2955 4770 3073 4828 Dei.
3111 4768 3198 4827 Ibi
3221 4769 3402 4827 etiam
3450 4770 3629 4842 plane

1976 4863 2053 4920 de
2074 4862 2191 4921 hoc
2219 4862 2588 4936 disputatum
2612 4867 2721 4918 est.
2757 4864 2921 4919 Hunc
2950 4876 3088 4917 vero
3146 4859 3414 4918 Christus
3460 4873 3630 4916 voca-

1977 4952 2097 5017 bat,
2135 4952 2326 5009 sciens
2364 4967 2504 5008 eum
2533 4950 2808 5023 dignum.

1492 5225 1711 5296 Variae
1752 5227 2081 5298 lectiones
2107 5238 2174 5297 et
2202 5239 2382 5298 notae

332 5415 443 5487 (59)
476 5416 579 5489 Hic
612 5416 932 5489 Hentenius
963 5418 1245 5489 quaedam
1276 5419 1444 5478 addit
1480 5437 1552 5478 ex
1596 5422 1863 5481 editioni-

256 5487 393 5552 bus,
416 5488 498 5544 uti
531 5504 717 5560 supra
749 5488 876 5560 ipse
907 5487 1140 5546 monuit
1169 5490 1231 5546 in
1274 5492 1643 5550 Praefatione.

328 5562 439 5631 (760)
471 5560 682 5627 Τούτον,
711 5576 815 5631 pro
855 5560 1029 5617 αὐτόν.
1072 5564 1142 5619 Α.

259 5630 454 5759 t
488 5634 623 5688 Haec
651 5630 897 5705 uterque
934 5632 996 5688 in
1042 5635 1335 5705 margine.
1371 5637 1539 5695 Caret
1595 5653 1665 5696 eo
1702 5638 1863 5695 Hen-

284 5714 477 5760 anius.

333 5773 446 5850 (62)
474 5774 639 5833 Prius
682 5790 824 5852 ergo
868 5775 1278 5853 Chrysostomi
1293 5782 1640 5843 auctoritate
1664 5787 1864 5842 motus

1972 5425 2328 5496 Euthymius
2386 5423 2679 5490 omiserat,
2728 5427 2819 5475 καὶ
2896 5426 3076 5496 εἶπενοῄ
3128 5426 3223 5476 οὐκ
3297 5422 3377 5478 ad
3431 5429 3625 5477 σῶσαι.

1972 5494 2186 5552 deinde
2208 5511 2359 5567 ivero
2383 5496 2654 5567 ejusdem
2688 5494 3035 5567 auctoritate
3064 5494 3487 5567 interpretatus
3518 5497 3626 5567 est.

1970 5566 2262 5624 Addenda
2288 5564 2428 5639 ergo'
2456 5571 2625 5622 erant
2649 5564 2955 5639 codicibus
2977 5564 3359 5639 Euthymiiin
3378 5564 3629 5639 repetita

1969 5639 2236 5713 lectione.
2263 5636 2378 5696 Sed
2400 5637 2516 5696 hoc
2539 5636 3157 5713 neglectum.Copiose
3184 5638 3257 5696 de
3275 5636 3393 5697 hoc
3422 5636 3545 5693 dixi
3569 5636 3626 5691 in

1970 5712 2154 5859 Nigri)
2180 5783 2264 5838 Ἐν
2293 5785 2486 5858 εκείνῳ,
2519 5799 2628 5857 pro
2659 5784 2780 5839 εκεῖ.
2820 5788 2875 5838 Β.
