4210 6418
545 296 652 378 951

1881 291 2215 351 EUTHYMII
2251 289 2585 350 ZIGABENI

3809 295 3937 352 952

626 421 838 482 Filium
861 421 1024 480 hunc
1051 421 1382 480 lunaticum
1413 421 1599 478 fuisse
1627 420 1863 494 scripsit
1900 417 2207 476 Mattheus

2350 416 2722 479 ἐληνιοίζεσθαι
2785 421 3054 482 Ματθαῖος
3119 419 3338 494 ἔγραψεν
3395 419 3446 473 ἐν
3497 428 3565 490 ne.)
3617 431 3936 494 τριακοστῷ

555 512 854 576 tricesimo
884 510 1090 584 quinto
1120 513 1312 584 capite
1346 528 1360 578 ;
1397 516 1454 568 et
1481 511 1724 568 omnino
1755 510 1828 567 de
1857 508 1950 565 his
1978 507 2060 565 ibi
2091 507 2208 563 dic-

553 609 682 662 tum
703 606 807 658 est.

626 693 786 749 Vers.
819 691 905 746 41.
953 691 1313 761 Respondeas
1338 723 1404 731 -—
1432 692 1564 747 huc.
1601 693 1664 745 In
1705 689 1803 745 illo
1833 688 2051 744 horum
2084 703 2210 743 om-

554 783 722 839 nium
747 778 1177 837 declarationes
1207 779 1494 836 invenies.

629 870 790 926 Vers.
841 871 933 926 L2.
968 869 1112 924 Cum
1142 901 1195 910 —
1220 869 1548 940 dissipavit.
1593 870 1726 924 Hac
1772 867 1946 924 latius
1977 864 2212 938 scripsit

558 960 794 1016 Marcus
819 957 1106 1014 vicesimo
1137 961 1308 1016 sexto
1330 959 1539 1030 capite,
1572 963 1626 1014 et
1667 956 1741 1012 ibi
1771 955 2210 1012 enarrationem

555 1049 758 1106 horum
779 1064 1001 1122 quaere.

630 1140 794 1195 Vers.
845 1139 932 1193 42.
987 1138 1424 1207 Increpavit—
1450 1143 1615 1208 patri
1662 1151 1766 1192 suo
1808 1134 2088 1191 Prtedicto
2119 1134 2213 1190 tri-

561 1229 784 1296 cesimo
814 1227 1027 1299 quinto
1074 1226 1266 1299 capite
1319 1225 1619 1296 Evangelii
1649 1226 1821 1297 juxta
1870 1223 2212 1279 Mattbaaum

560 1319 635 1376 de
672 1318 768 1375 his
797 1317 1017 1374 dictum
1049 1322 1157 1372 est.

634 1407 797 1466 Vers.
853 1411 940 1462 43.
1008 1405 1339 1476 Stupebant
1379 1435 1446 1446 —
1482 1405 1608 1461 Dei.
1668 1404 1964 1460 Putabant
2032 1402 2212 1468 enim,

560 1513 684 1556 non
721 1495 985 1570 propria,
1019 1494 1123 1551 sed
1148 1494 1250 1551 Dei
1287 1495 1500 1551 virtute
1527 1494 1654 1550 haec
1685 1509 1824 1549 eum
1850 1491 2085 1565 operari
2114 1492 2219 1548 mi-

560 1585 783 1643 racula.

634 1675 800 1732 Vers.
829 1675 918 1732 43.
950 1673 1222 1731 Omnibus
1253 1703 1319 1714 —
1347 1673 1507 1728 Vers.
1541 1672 1629 1728 44.
1677 1672 1833 1728 istos.
1875 1671 2034 1726 Ouos
2072 1669 2218 1726 dixti

2317 511 2534 579 πέμπτῳ
2561 507 2837 580 κεφαλαίῳ,
2895 513 2983 560 καὶ
3042 512 3246 583 εἴρηται
3302 514 3418 584 περὶ
3473 512 3666 562 τούτων
3711 513 3932 564 πάντων

2318 614 2439 650 εγει.

2389 686 2719 758 Ἀποκριθεὶς
2752 719 2818 727 -
2848 684 2972 743 ὦδε.
3016 688 3101 744 Ἐν
3133 686 3306 760 ἐκείνῳ
3360 690 3454 750 τὰς
3507 688 3681 750 λύσεις
3723 693 3929 743 τούτων

2322 774 2447 827 ὅλων
2475 777 2732 849 εὑρήσεις.

2391 863 2506 917 Ἐτι
2545 896 2614 906 —
2667 867 3036 938 συνεσπαροξε,
3094 873 3269 920 Ταῦτα
3313 866 3625 942 πλατύτερον
3657 870 3682 920 ὁ
3711 870 3931 940 Μάρκος

2324 954 2599 1028 ἱστόρησεν
2635 953 2683 1006 ἐν
2710 964 2780 1025 τῷ
2821 956 3038 1025 εἰκοστῷ
3068 957 3194 1027 ἕκτῳ
3223 956 3502 1028 κεφαλαίῳ,
3556 962 3642 1009 καὶ
3694 958 3929 1018 ζήτησον

2322 1040 2370 1094 ἓν
2411 1042 2584 1114 ἐκείνῳ
2614 1049 2706 1102 τὴν
2748 1048 2936 1096 τούτων
2962 1044 3236 1116 ἐξήγησιν.

2396 1131 2641 1204 Ἐπετίμη
2653 1152 2708 1185 σε
2733 1165 2793 1174 -
2811 1138 2966 1206 πατρὶ
3000 1134 3182 1191 αὐτοῦ.
3215 1135 3300 1190 Ἑν
3323 1143 3393 1206 τῷ
3411 1135 3752 1210 προρρηθίντι
3778 1156 3934 1208 τρια-

2323 1231 2496 1292 κοστῷ
2523 1226 2738 1293 πέμπτῳ
2797 1223 3053 1294 κεφαλαίῳ
3106 1231 3195 1276 τοῦ
3248 1228 3384 1277 κατὰ
3431 1227 3698 1278 Ματθαίον
3731 1224 3927 1300 ἐρρηθη

2325 1316 2442 1383 περὶ
2467 1314 2681 1364 τούτων.

2397 1399 2806 1462 Ἐξεπλήσσοντο
2851 1433 2915 1442 ——
2964 1410 3054 1455 τοῦ
3111 1408 3256 1458 Θεοῦ.
3314 1403 3498 1475 ’ᾨοντο
3552 1406 3678 1476 γὰρ,
3733 1405 3831 1456 οῦκ
3881 1405 3933 1467 ἐξ

2332 1485 2473 1549 ἰδίας
2505 1485 2792 1562 δυνάμεως,
2824 1489 2930 1542 ἀλλ’
2971 1491 3026 1544 ἐκ
3075 1497 3202 1546 Θεοῦ
3227 1499 3393 1545 ταῦτα
3421 1501 3781 1567 τερατουργεδ
3829 1494 3931 1546 αῦ-

2329 1597 2438 1630 τον-

2405 1669 2614 1720 ῐιάντων
2689 1700 2758 1709 -
2837 1673 3069 1732 τούτους.
3151 1670 3252 1732 Οῦς
3310 1669 3444 1724 εἶπεν
3493 1670 3541 1724 ἓν
3589 1679 3661 1742 τῷ
3710 1673 3934 1743 εἰκοστῷ

563 1764 849 1822 vicesimo
901 1779 1064 1820 nono
1106 1762 1300 1836 capite
1329 1761 1626 1834 praesentis
1656 1760 1963 1831 Evangelii
1997 1761 2071 1816 de
2112 1776 2222 1816 sua

2350 1759 2490 1828 νάτῳ
2530 1757 2786 1830 κεφαλαίῳ
2838 1768 2927 1811 τοῦ
2986 1766 3238 1832 παρόντος
3292 1761 3636 1832 Εὐαγγελίοη,
3711 1768 3828 1836 περὶ
3882 1783 3937 1816 τε

564 1854 844 1928 passione
919 1856 979 1908 et
1043 1852 1342 1909 occisione
1390 1867 1460 1907 ac
1528 1851 1954 1907 resurrectione
2009 1865 2021 1906 :
2086 1849 2222 1904 ideo

566 1943 766 2010 etiam,
815 1958 954 2016 cum
1002 1941 1114 1998 hos
1163 1940 1342 2014 quasi
1373 1939 1708 2011 signiﬁcare
1741 1941 2079 2012 incepisset,
2113 1954 2222 1994 cm-

555 2037 696 2099 ,tera
731 2031 986 2104 reliquit,
1027 2036 1316 2104 tanquam
1337 2030 1463 2101 jam
1487 2028 1784 2086 intellecta

646 2210 818 2268 Vers.
879 2213 968 2268 44.
1027 2209 1218 2266 Filius
1269 2208 1705 2266 enim—Vers.
1763 2207 1851 2264 45.
1913 2207 2041 2262 hoc.
2096 2207 2228 2262 Ver-

575 2301 740 2366 bum.
776 2315 897 2356 non
930 2299 1095 2374 quod
1120 2304 1247 2355 erat
1276 2299 1350 2354 de
1373 2298 1650 2370 passione
1687 2302 1747 2353 et
1771 2297 2098 2365 occisione,
2123 2295 2228 2351 sed

575 2390 650 2448 de
687 2389 1135 2447 resurrectione.
1201 2389 1426 2444 Dictum
1480 2393 1573 2442 est
1619 2393 1819 2442 autem
1878 2386 1953 2441 de
2009 2388 2123 2441 hoc
2167 2385 2228 2440 in

575 2480 695 2537 ﬁne
736 2478 1124 2535 enarrationis
1158 2477 1434 2533 tricesimi
1460 2477 1646 2550 quinti
1686 2475 1897 2547 capitis
1932 2474 2230 2541 Evangelii

577 2567 913 2626 secundum
955 2566 1294 2623 Matthaeum
1324 2583 1337 2622 :
1369 2569 1501 2636 lege
1529 2580 1694 2636 ergo,
1749 2581 1886 2637 quis
1944 2563 2022 2620 ibi
2077 2564 2233 2620 dicta

579 2661 742 2715 sunt.

583 2746 733 2804 CAP.
769 2745 977 2800 XXXII.
1009 2745 1092 2800 De
1126 2744 1574 2813 disputantibus
1605 2743 1736 2814 quis
1758 2749 1896 2799 esset
1924 2743 2125 2812 major.

653 2836 817 2890 Vers.
871 2836 959 2888 46.
1015 2832 1272 2888 Intravit
1301 2863 1368 2873 —
1403 2833 1565 2888 Vers.
1613 2833 1702 2888 47.
1752 2833 1930 2903 juxta
1973 2847 2048 2888 se.
2097 2832 2236 2886 Mat-

584 2923 779 2982 theus
809 2937 948 2980 vero
991 2920 1286 2978 tricesimo
1327 2922 1583 2993 septimo
1613 2922 1803 2994 capite
1831 2922 1910 2976 ait
1958 2922 2027 2987 ⁸⁷,
2071 2920 2237 2993 quod

585 3010 940 3070 accedentes
989 3009 1262 3081 discipuli
1306 3009 1381 3066 de
1413 3010 1522 3066 hoc
1554 3010 2067 3078 interrogaverunt
2102 3025 2236 3065 eum

2332 1854 2424 1898 τοῦ
2488 1849 2711 1911 Πάθους,
2772 1854 2983 1911 καὶτῆς
3040 1852 3364 1922 ἀναιρέσεως,
3418 1857 3508 1902 και
3558 1859 3655 1912 τῆς
3703 1850 3935 1904 ἀναστεί-

2337 1954 2465 1997 σεῳς
2529 1936 2708 1991 αὐτοῦ.
2769 1941 2854 1990 Διό
2912 1941 2997 1990 καὶ
3046 1937 3380 2011 ἇναρξάμενος
3427 1941 3617 2008 αὐτῶν,
3674 1945 3806 1994 ὥστε
3838 1939 3933 1999 δη-

2333 2024 2520 2090 λῶσαι,
2564 2031 2675 2098 περὶ
2710 2026 2776 2076 ὧν
2815 2026 2970 2098 λέγει,
3001 2030 3067 2080 τὰ
3127 2027 3284 2081 λοιπὰ
3329 2027 3706 2096 καταλελοιπεν,
3731 2034 3796 2092 ὡς
3824 2027 3930 2089 ἤδη

2335 2117 2601 2186 νοούμενα.

2406 2204 2465 2256 Ὀ
2517 2206 2618 2276 γὰρ
2667 2207 2786 2266 Υἱὸς
2861 2237 2927 2246 -
2991 2209 3194 2262 τούτου.
3251 2211 3320 2260 Τὸ
3377 2208 3545 2282 ῥῆμα,
3592 2209 3651 2260 οὐ
3709 2213 3766 2261 τὸ
3818 2216 3933 2284 περὶ

2339 2313 2430 2345 του
2480 2295 2682 2354 Ποίθονς
2729 2299 2817 2346 καὶ
2859 2303 2953 2355 τῆς
3003 2293 3325 2369 ἀναιρέσεως,
3387 2295 3513 2349 ἀλλὰ
3564 2302 3623 2349 τό
3675 2304 3792 2372 περὶ
3840 2307 3935 2361 τῆς

2340 2381 2690 2442 ἀναστάσεως.
2751 2387 2968 2458 Εἴρηται
3045 2381 3103 2438 δε
3156 2391 3272 2458 περὶ
3341 2389 3528 2438 τούτου
3591 2387 3638 2438 ἐν
3688 2397 3754 2457 τῷ
3805 2389 3932 2440 τέλει

2342 2480 2437 2533 τῆς
2516 2471 2813 2542 ἐξηγήσεως
2890 2482 2980 2526 τοῦ
3055 2483 3368 2546 τριακοστοῦ

2345 2562 2493 2613 λαίου
2552 2570 2642 2614 τοῦ
2700 2567 2833 2614 κατα
2885 2565 3172 2631 Ματθαίον,

2341 2651 2406 2724 ῥη
2417 2652 2584 2703 θέντα.

3464 2480 3690 2546 πέμπτου
3774 2494 3924 2546 sapa-

3257 2569 3347 2617 καὶ
3415 2563 3660 2635 ἀνάγνωθι
3707 2566 3771 2615 τὰ
3821 2564 3924 2616 ἐκεῖ

2455 2747 2599 2793 ΚΕΦ.
2628 2740 2744 2796 ΛΗ.
2779 2746 2897 2815 Περὶ
2929 2751 3028 2794 τῶν
3052 2739 3490 2816 διαλογιζομένων
3518 2749 3592 2804 τίς
3621 2749 3830 2816 μείζων.

2418 2829 2644 2888 Εἰσῆλθε
2689 2863 2756 2871 -
2808 2833 2929 2904 παρ’
2985 2832 3160 2903 ἕαντῷ.
3214 2834 3273 2885 Ὀ
3325 2829 3384 2886 δε
3438 2835 3703 2895 Ματθαὶος
3761 2833 3811 2886 ἐν
3870 2842 3939 2905 τῷ

2348 2927 2641 2991 τριακοστῷ
2701 2917 2905 2992 ἐϐδομῳ
2963 2921 3222 2993 κεφαλαίῳ
3284 2925 3583 2994 φησίν·ὅτι
3631 2923 3940 2995 προσελθόν-

2349 3027 2431 3069 τες
2473 3011 2519 3061 οἱ
2550 3011 2782 3080 μαθηται
2810 3011 3096 3081 ὴμῳτησαν
3145 3011 3300 3064 αὑτὸν
3366 3018 3480 3085 περὶ
3533 3016 3742 3064 τούτου.
3799 3013 3940 3076 Εἰκὸς

584 3099 914 3158 Verisimile
939 3114 1082 3170 ergo
1114 3104 1220 3163 est,
1243 3099 1407 3164 quod
1437 3099 1532 3156 ubi
1548 3099 1971 3169 cogitationem
2002 3098 2236 3155 illorum

2352 3096 2432 3162 δὲ,
2471 3104 2678 3170 γνόντος
2729 3098 2888 3151 αὐτοῦ
2935 3104 3021 3152 τὸν
3075 3096 3420 3173 διαλογισμὸν
3479 3101 3667 3166 αὐτῶν,
3727 3108 3816 3154 καὶ
3859 3103 3928 3154 ἐπ-

586 3187 1537 3262 cognovisset:etinterrogasset:
1567 3188 1720 3254 Quid
1741 3191 1801 3242 in
1820 3188 1916 3244 via
1945 3187 2242 3244 tractaba-

590 3280 664 3337 tis
690 3280 718 3336 ?
747 3278 897 3334 sicut
926 3277 1076 3333 dixit
1100 3279 1324 3334 Marcus
1359 3278 1423 3343 ⁸⁸,
1462 3277 1841 3349 postmodum
1882 3278 2061 3332 etiam
2110 3277 2238 3348 ipsi,

587 3384 727 3428 cum
765 3369 892 3439 jam
915 3367 1153 3438 cognita
1181 3372 1335 3422 esset
1372 3367 1652 3435 cogitatio
1685 3382 1816 3432 sua,
1850 3367 2243 3437 interrogave-

587 3463 728 3515 runt
774 3458 849 3514 de
875 3457 990 3514 hoc
1022 3480 1034 3512 :
1061 3456 1274 3513 deinde
1314 3458 1483 3512 Jesus
1535 3456 1927 3528 apprehendit
1969 3471 2240 3526 puerum,

588 3548 693 3620 qui
735 3546 819 3603 ibi
858 3562 1123 3618 praesens
1150 3552 1292 3612 erat,
1335 3551 1392 3602 et
1419 3546 1624 3602 statuit
1655 3545 1823 3601 illum
1852 3546 2021 3615 juxta
2051 3561 2130 3607 se.
2163 3543 2247 3600 di-

586 3636 791 3710 xitque
837 3641 1070 3700 caetera,
1116 3650 1251 3706 quae
1304 3638 1650 3706 sequuntur.
1697 3637 1897 3706 Itaque
1945 3633 2246 3688 Matthaeus

589 3724 842 3795 scripsit,
884 3723 1051 3795 quod
1088 3724 1600 3792 interrogaverunt
1647 3722 1970 3794 discipuli;
2015 3722 2246 3777 Marcus

590 3827 730 3869 vero
777 3817 836 3867 et
866 3813 1052 3868 Lucas
1091 3811 1203 3866 hoc
1243 3811 1442 3866 relicto
1496 3811 1872 3882 scripserunt,
1931 3811 2100 3884 quod
2152 3826 2248 3866 co-

593 3901 798 3974 gnovit
827 3900 1242 3972 cogitationem
1274 3915 1478 3956 eorum
1507 3916 1520 3954 :
1554 3906 1610 3956 et
1639 3899 1734 3955 ille
1771 3900 2019 3973 quidem
2059 3906 2249 3972 poste-

592 3991 752 4045 riora
776 3989 940 4052 dixit,
973 3987 1068 4044 hic
1103 3995 1301 4044 autem
1330 3989 1549 4062 priora.
1593 3990 1744 4061 Lege
1774 4005 1918 4059 ergo
1965 3990 2124 4046 dicto
2155 4005 2250 4044 ca-

594 4077 717 4150 pite
774 4076 1070 4147 Evangelii
1121 4077 1294 4149 juxta
1363 4079 1702 4136 Matthaaum
1768 4077 2249 4151 explanationem

593 4172 806 4233 totam,
828 4183 964 4240 quas
985 4165 1317 4224 admodum
1352 4167 1505 4223 utilis
1534 4175 1642 4224 est.

667 4255 832 4314 Vers.
885 4257 973 4313 48.
1005 4257 1080 4313 Ει
1121 4257 1432 4314 ait—me.
1463 4257 1592 4314 Alia
1643 4274 1877 4332 quoque
1931 4265 2068 4315 ante
2125 4258 2254 4315 haec

595 4345 765 4416 dixit,
821 4361 959 4418 quas
999 4345 1306 4402 Matthaaus
1349 4347 1719 4419 conscripsit.
1753 4363 1858 4419 per
1899 4364 2036 4421 quas
2076 4349 2252 4404 etiam

2352 3195 2701 3260 ερωτήσαντος
2747 3189 2955 3254 αὐτοὺς,
3002 3195 3051 3242 τί
3089 3189 3136 3242 ἐν
3176 3198 3238 3262 τῇ
3293 3192 3396 3260 ὀκῷ
3445 3194 3574 3263 πρὸς
3626 3191 3838 3252 ἑαυτοὺς
3865 3189 3939 3244 δι·

2353 3278 2666 3348 ελογίζοντο,
2719 3281 2786 3338 ὡς
2819 3274 2951 3329 εἶπεν
3019 3280 3043 3329 ὁ
3101 3282 3328 3351 Μάρκος,
3379 3279 3556 3332 λοιπὸν
3617 3286 3708 3332 καὶ
3765 3281 3941 3342 αὐτοὺς

2355 3370 2424 3428 ὼς
2451 3363 2557 3425 ἤδη
2589 3369 2909 3437 γνωσθέντος
2955 3376 3046 3419 τοῦ
3093 3364 3464 3440 διαλογισμοῦ,
3523 3368 3781 3443 ἐρωτῆσαι
3832 3377 3933 3441 περὶ

2357 3456 2535 3521 αὑτοῦ,
2587 3452 2698 3508 εἶτα
2746 3460 2832 3507 τόν
2886 3457 3092 3514 Ἰησοῦν
3151 3456 3495 3514 ἑπιηαϐίσθαι
3547 3456 3762 3511 παιδίου
3811 3478 3931 3530 παρ-

2358 3553 2543 3608 ιόντος,
2607 3549 2696 3595 καὶ
2773 3554 2968 3603 στῆσαι
3021 3548 3145 3597 αὐτὸ
3202 3551 3322 3620 παρ’
3387 3547 3572 3618 ἑαυτῷ,
3633 3554 3718 3601 καὶ
3796 3548 3940 3600 εἰπεῖν

2357 3638 2422 3686 τὰ
2449 3635 2579 3696 ἑξῆς.
2628 3639 2822 3686 Λοιπὸν
2876 3631 2963 3686 οὖν
3017 3636 3043 3686 ό
3082 3639 3170 3707 μὲν
3227 3638 3515 3698 Ματθαῐος,
3575 3637 3797 3710 ἔγραψεν
3840 3640 3952 3688 ’ὅτι

2360 3725 2632 3798 ἠρωτησαν
2677 3726 2726 3775 οἱ
2770 3725 3005 3794 μαθηταί
3033 3739 3046 3754 ⁸
3082 3727 3295 3797 Μάρκος
3329 3722 3389 3778 δι
3431 3730 3520 3778 καὶ
3547 3733 3772 3792 Λουκᾶς,
3804 3737 3957 3779 τοῦτο

2359 3813 2745 3883 παραλιπόντες,
2847 3815 3152 3886 ἱστόρησαν,
3262 3815 3342 3866 ὃτι
3421 3817 3548 3885 ἔγνω
3622 3818 3710 3867 τὸν
3784 3812 3963 3867 διαλο-

2357 3906 2550 3974 γισμὸν
2599 3901 2786 3953 αὐτῶν.
2840 3906 2940 3956 Καὶ
2988 3904 3014 3955 ό
3070 3906 3158 3974 μεν
3202 3905 3268 3955 τὰ
3307 3903 3522 3978 ὕστερον
3574 3901 3730 3969 εἶπεν,
3798 3907 3847 3956 οἱ
3900 3901 3968 3957 δί

2359 3995 2424 4043 τὰ
2455 3996 2719 4064 πρότερον.
2779 3993 3064 4062 Ἀνάγνωθι
3118 3989 3176 4044 δι
3235 3991 3281 4043 ἕν
3334 4000 3405 4061 τῷ
3447 3994 3653 4066 ῥηθέντι
3701 3994 3966 4065 κεφαλαίῳ

2361 4089 2452 4133 τοῦ
2482 4083 2613 4132 κατὰ
2641 4082 2898 4136 Ματθαῖον
2925 4085 3017 4139 τὴν
3049 4081 3169 4138 ὃλην
3217 4079 3488 4152 ὶξηγησιν,
3541 4079 3970 4153 ἀναγκαιοτάτην

2363 4167 2548 4226 αὖσαν,

2439 4264 2538 4313 Καὶ
2586 4257 2720 4311 εἶπεν
2769 4289 2836 4299 —
2884 4277 2966 4330 με.
3024 4260 3126 4314 Καὶ
3185 4259 3314 4311 ἀλλα
3363 4262 3458 4332 πρὸ
3509 4260 3699 4310 τούτων
3731 4260 3967 4329 εἴρηκεν,

2365 4348 2492 4420 οἷπερ
2566 4346 2846 4421 ἀνέγραψεν
2891 4349 2916 4399 ὁ
2966 4348 3252 4413 Ματθαῖος,
3308 4347 3394 4420 ἀφ’
3459 4349 3525 4399 ὧν
3592 4347 3814 4421 εὐχερῶς
3868 4351 3976 4400 καὶ

594 4438 722 4494 hac
770 4435 941 4492 facile
995 4441 1441 4505 cognoscuntur
1473 4453 1726 4510 pqumre
1773 4453 1916 4508 ergo
1953 4437 2072 4494 illa.
2130 4440 2237 4493 Perv

2366 4446 2531 4489 ταῦτα
2617 4433 3072 4507 διαγινώσκονται,
3163 4443 3252 4490 καὶ
3311 4439 3536 4498 ζήτησον
3628 4436 3780 4490 αὐτοὶ.
3870 4439 3980 4488 Διά

597 4542 852 4600 puerum
894 4540 1039 4582 vero
1087 4524 1484 4581 humilitatem
1533 4531 1590 4582 et
1635 4526 2035 4598 abjectionem
2079 4527 2259 4598 signi-

596 4614 791 4672 ﬁcavL

670 4704 833 4761 Vers.
874 4704 964 4759 48.
1018 4703 1173 4760 Nam
1201 4735 1269 4744 —
1297 4719 1565 4775 magnus.
1609 4704 1705 4760 Hic
1743 4703 1881 4761 ﬁnis
1940 4710 2030 4760 est
2061 4705 2260 4760 inten-

599 4794 778 4851 tionis
826 4795 1072 4864 propter
1123 4807 1298 4864 quam
1363 4807 1610 4864 puerum
1661 4793 1834 4864 juxta
1897 4810 1960 4848 se
2036 4794 2256 4849 statuit.

600 4881 907 4939 Minimum
938 4883 1162 4946 autem,
1207 4879 1351 4936 dixit
1394 4881 1820 4937 humillimum.
1858 4882 2082 4939 Similia
2111 4897 2262 4954 quo-

601 4986 720 5044 que
773 4968 919 5025 dixit
955 4969 1418 5042 quadragesimo
1475 4971 1644 5026 tertio
1685 4971 1984 5040 Evangelii
2041 4987 2260 5028 secun-

603 5061 752 5118 dum
792 5059 1132 5116 Matthaaum
1190 5059 1384 5132 capite
1427 5066 1533 5116 :et
1584 5061 1755 5132 juxta
1809 5061 2080 5118 medium
2129 5062 2258 5132 ejus

603 5149 835 5222 capitis.

595 5237 614 5245 ’
676 5238 845 5298 Vers.
899 5238 1368 5310 49.1?espondens
1433 5269 1502 5278 —
1551 5240 1715 5295 Vers.
1779 5239 1870 5295 50.
1943 5247 2049 5297 est.
2127 5240 2262 5296 Haec

605 5329 786 5387 etiam
816 5329 1050 5403 scripsit
1093 5331 1322 5386 Marcus
1355 5327 1637 5384 vicesimo
1668 5329 1924 5400 septimo
1966 5329 2179 5402 capite,
2208 5335 2263 5385 et

604 5418 686 5478 ibi
715 5419 934 5477 horum
964 5419 1093 5489 lege
1123 5417 1630 5490 explanationem.

601 5595 616 5603 ’
685 5603 731 5638 ⁵⁷
763 5600 960 5660 Matth.
987 5614 1146 5666 xvm,
1177 5597 1227 5654 1.
1308 5596 1354 5634 ⁵⁸
1382 5599 1557 5680 μειερ.
1592 5613 1671 5665 ix,
1695 5597 1783 5655 33.

2366 4534 2457 4578 τοῦ
2480 4521 2696 4577 παιδίου
2731 4521 2788 4578 δε
2821 4530 2912 4584 τὴν
2942 4531 3249 4578 ταπείνωσιν
3275 4531 3364 4578 καὶ
3413 4525 3663 4579 εὐτέλειαν
3703 4521 3974 4584 ὑπεδήλω-

2369 4634 2472 4668 σεν.

2434 4701 2494 4755 ’0
2535 4706 2636 4776 γὰρ
2682 4735 2749 4743 -
2785 4708 2965 4774 μέγας.
3024 4710 3187 4756 Τοῦτο
3244 4708 3396 4775 πέρας
3434 4722 3525 4754 του
3560 4711 3781 4768 σκοποῦ,
3811 4699 3882 4755 δι’
3923 4705 3979 4756 ὃν

2368 4794 2557 4848 ἔστησε
2581 4793 2638 4844 τὸ
2667 4788 2882 4844 παιδίον
2909 4791 3030 4865 παρ’
3055 4794 3219 4863 ἐαυτῷ
3254 4811 3264 4821 ·
3300 4798 3595 4865 μικρόιερον
3625 4789 3685 4845 δε
3714 4792 3980 4863 λίγει,τόν

2367 4885 2742 4953 ταπεινότερον.
2778 4878 2901 4933 Εἶπε
2934 4878 2992 4934 δὲ
3013 4889 3232 4934 τοιαῦτα
3260 4882 3421 4935 καὶέν
3452 4890 3524 4952 τῷ
3562 4889 3979 4953 τεσσαρακοστῷ

2366 4973 2527 5040 τρίτῳ
2547 4968 2804 5041 κεφαλαίῳ
2852 4978 2941 5021 τοῦ
2972 4973 3104 5022 κατὰ
3157 4971 3446 5036 Ματθαίον,
3477 4975 3566 5023 καὶ
3593 4971 3826 5032 ζήτησον
3858 4975 3982 5042 περὶ

2368 5061 2424 5111 τὸ
2450 5062 2607 5131 μέσον
2637 5067 2728 5111 τοῦ
2758 5062 2993 5112 τοιοῦτον
3023 5058 3324 5132 κεφαλαίου.

2445 5238 2779 5310 Ἀποκριθεὶς
2801 5269 2868 5277 -
2891 5235 3023 5292 ἐστί.
3052 5243 3230 5290 Ταῦτα
3258 5241 3348 5290 καὶ
3387 5238 3412 5290 ὁ
3441 5237 3654 5311 Μάρκος
3681 5236 3912 5311 ἕφραψεν
3936 5234 3984 5288 ἐν

2373 5339 2446 5400 τῷ
2475 5329 2693 5398 εἰκοστῷ
2715 5324 2921 5399 ἑϐδόμῳ
2959 5325 3238 5398 κεφαλαίῳ,
3270 5333 3362 5380 καὶ
3412 5325 3672 5402 ἀνάγνωθι
3729 5326 3838 5380 ἐκεῖ
3889 5329 3980 5383 τὴν

2373 5421 2568 5470 τούτων
2599 5422 2881 5492 σαφήνειαν
2895 5459 2907 5474 .
