4210 6450
268 386 371 445 953

343 513 567 584 Ἐγένετο
624 542 693 553 -—
756 510 1117 584 Ἰερουσαλήμ·
1205 508 1427 582 Ἡμέρας

279 600 404 671 item;
462 601 621 654 αὐτοῦ
678 601 812 673 λέγει
864 604 949 653 τόν
1008 602 1189 675 καιρὸν
1244 603 1332 652 τόν
1392 597 1736 671 ἀφορισθέντα
1783 602 1868 668 μέ-

274 710 375 764 χρι
397 700 486 751 τῆς
511 689 811 761 ἀναλήψεως
863 690 1045 755 αὐτοῦ,
1080 698 1174 750 τῆς
1215 687 1315 741 ἀπὸ
1364 696 1462 759 γῆς
1514 688 1584 748 εἰς
1632 687 1864 761 ούρανόν.

276 777 496 851 Ἠγγιζε
538 782 640 853 γὰρ
679 776 785 839 ἤδη
827 785 916 833 καὶ
972 782 1002 838 ἠ
1052 778 1316 853 ἀναίρεσις
1340 778 1518 844 αὐτοῦ,
1559 781 1648 828 καὶ
1677 777 1707 833 ἡ
1752 773 1870 825 ἀνά-

278 887 483 930 στασις,
513 874 600 921 καὶ
650 872 681 927 ἡ
729 867 1011 939 ἀνάληψις.
1061 868 1330 942 Ἐστήριξε
1369 864 1426 919 δε
1486 870 1545 918 τὸ
1592 869 1869 939 πρόσωπον

277 956 457 1023 αύτοῡ,
519 956 632 1011 ἀντὶ
692 965 801 1027 τοῦ,
872 957 1182 1023 emacem,
1241 959 1375 1015 ὥστε
1434 956 1745 1030 πορεύεσθαι
1800 952 1871 1015 εἰς

275 1046 617 1120 Ἰερουσαλὴμ
648 1046 1055 1121 ἀμεταστρεπτὶ,
1085 1050 1408 1119 ὶπειγόμενος
1432 1049 1561 1119 πρὸς
1585 1048 1643 1097 τὸ
1676 1045 1867 1103 Πάθος.

275 1138 570 1207 Γέγραπται
606 1139 707 1210 γὰρ
747 1135 795 1188 ἓν
836 1144 898 1207 τῇ
934 1134 1103 1208 βίϐλῳ
1126 1143 1225 1189 τῶν
1272 1134 1515 1207 Ψαλμῶν
1550 1133 1871 1204 Ἐπιστηριὼ

272 1221 357 1274 ἐπὶ
391 1226 447 1277 σε
470 1229 591 1287 τούς
615 1225 910 1298 ὀφθαλμούς
938 1244 1038 1296 μου
1066 1224 1544 1297 εἳτουν,ἀπερείσω,
1578 1221 1868 1291 ἀπευθυνῶ,

273 1309 492 1375 ἁκλινῶς

346 1407 447 1455 Καὶ
478 1431 544 1442 --
576 1403 753 1458 αύτοῡ.
787 1405 1049 1466 Μηνυτάςο

347 1584 446 1633 Καὶ
507 1582 839 1654 πορευθέντες
903 1611 971 1623 —
1023 1588 1367 1654 Σαμαρειτῶν.
1426 1583 1570 1635 Κατὰ
1638 1578 1870 1655 πάροδον

269 1667 430 1720 αὐτοῦ
456 1674 711 1742 κειμένην.

338 1756 500 1810 Ὠστε
538 1758 815 1830 ἑτοιμάσαι
859 1758 1021 1830 αύτῷ.
1074 1756 1396 1831 ’Υποδοχὴν,
1443 1755 1705 1826 δηλονότι,
1745 1762 1868 1833 πρὸς

268 1852 581 1918 καταγωγὴν
613 1848 773 1901 αύτου
803 1868 857 1901 τε
886 1854 975 1901 καὶ
999 1856 1099 1901 τῶν
1132 1852 1226 1901 σὺν
1252 1849 1412 1919 αύτῷ.

343 2030 444 2076 Καὶ
485 2024 579 2076 ούκ
612 2056 674 2068 —-
698 2025 1065 2099 Ἰερουσαλήμ.
1112 2030 1181 2080 Τὸ
1220 2031 1499 2100 πρόσωπον
1542 2026 1722 2093 αὐτοῦ,
1752 2026 1842 2079 ἀντ

271 2121 387 2181 τοῦ,
420 2113 595 2180 αύτὸς,
622 2113 722 2166 ἀπὸ
753 2120 961 2187 μέρους,
1004 2117 1061 2167 τὸ
1094 2114 1225 2169 ὅλον.
1256 2116 1365 2167 Ούκ
1396 2112 1653 2182 ἐδέξαντο,
1688 2122 1867 2189 φησιν,

276 2202 451 2267 αὐτὸν,
488 2199 629 2254 διότι
658 2200 718 2261 ἦν
767 2208 1105 2277 πορευόμενος
1140 2204 1212 2266 εἰς
1256 2204 1608 2277 Ἰερουσαλὴμ,
1637 2204 1716 2258 ἐπὶ
1749 2210 1870 2267 τοὺς

276 2290 498 2365 ἐχθροὺς
530 2291 714 2348 αὐτῶν.
745 2292 1013 2355 Ἐναντίως
1031 2298 1133 2368 γὰρ
1160 2296 1207 2346 οἱ
1242 2302 1554 2367 Σαμαρεῖται
1593 2300 1716 2369 πρὸς
1756 2300 1871 2357 τοὺς

278 2380 679 2454 Ιεροσολυμίτας
713 2378 747 2434 δ
754 2386 979 2434 ιέκειντο.

346 2466 564 2530 ’ἰδόντες
610 2466 668 2523 δε
727 2500 792 2511 ——
838 2471 1009 2533 αὐτοῖς
1054 2475 1187 2541 (59).
1219 2472 1607 2545 Ὑπολαμϐάνω,
1653 2477 1868 2537 τούτούς

271 2556 401 2610 εἶναι
442 2562 561 2619 τοὺς
625 2558 1030 2621 ἀποσταλέντας.
1082 2562 1438 2633 Ὠργίσθησαν
1487 2566 1577 2633 μεν
1637 2561 1745 2627 οὖν,
1803 2567 1868 2625 ὡς

270 2646 642 2719 ἀτιμασθέντος
682 2656 775 2701 τοῦ
823 2645 1173 2702 διδασκάλοιν
1210 2652 1490 2723 ἠρώτησαν
1541 2649 1617 2714 δε,
1658 2653 1702 2705 εἰ
1753 2659 1863 2725 χρὴ

265 2740 388 2798 τούς
436 2735 797 2808 ἀτιμάσαντας
847 2736 1167 2810 ἀμύνασθαι,
1208 2742 1276 2791 ὼν
1332 2744 1642 2813 μιμούμενοι
1690 2743 1865 2796 Ἠλίαν

266 2827 353 2875 τὸν
412 2824 668 2885 ζηλωτήν.
700 2826 1012 2898 Ἐπετίμησε
1055 2825 1114 2881 δὲ
1179 2828 1351 2889 αὐτοῖς
1410 2833 1436 2881 ό
1496 2837 1742 2904 Χριστός,
1801 2835 1865 2893 ὡς

268 2911 586 2979 ἀνεξίκακος,
654 2912 920 2969 παιδεύων
995 2916 1206 2986 αύτούς,
1273 2920 1625 2992 μακροθύμως
1703 2924 1865 2993 φέρειν

266 3006 355 3063 τὰς
405 3002 614 3075 ἀτιμίας
666 3014 765 3056 τῶν
815 3004 1177 3061 ἀπειθούντων.
1250 3008 1526 3079 Ἐγίνωσκε
1589 3013 1677 3081 μεν
1741 3013 1864 3082 γὰρ,

268 3092 345 3142 ὅτι
384 3091 442 3143 ού
487 3090 870 3166 παραδίξονται
913 3095 1068 3147 αύτόν
1116 3096 1228 3167 (60)
1282 3099 1330 3148 οὶ
1373 3096 1704 3170 Σαμαρεῖται’
1742 3097 1868 3151 ἀπέ-

1345 382 1717 439 COMMENT.
1766 379 1836 436 IN
1876 377 2139 436 LUCAM.
2180 410 2249 422 --
2288 378 2444 436 CAP.
2488 377 2586 434 IX.

1508 518 1597 570 τῆς
1674 505 1866 563 ἁναλή-

2053 505 2210 559 Vers.
2265 506 2350 560 51.
2383 506 2637 562 Factum
2668 508 2750 561 est
2779 536 2848 544 —
2878 501 3311 573 Hierosolyma.
3364 499 3501 556 Dies
3543 516 3635 558 as-

3532 378 3637 433 954

1978 594 2337 665 sumptionis
2374 594 2584 665 ipsius,
2625 594 2766 649 dicit
2816 592 3171 664 praeﬁnitum
3204 597 3457 662 tempus,
3490 589 3634 646 dum

1978 698 2015 738 a
2048 687 2202 737 terra
2231 688 2635 739 assumeretur
2661 682 2721 737 in
2752 681 2969 737 caelum
3000 697 3013 747 ;
3029 681 3154 751 jam
3194 680 3351 735 enim
3376 678 3637 734 instabat

1979 772 2069 827 sui
2100 770 2480 843 intercmptio
2505 788 2576 829 ac
2609 771 2961 827 resurrectio
2985 776 3041 826 et
3065 768 3410 840 assumptio.
3446 767 3635 825 Obﬁr-

1982 860 2159 915 [navit
2180 860 2393 916 faciem
2426 877 2621 925 suam,
2656 860 2769 916 hoc
2818 866 2920 925 est,
2968 858 3192 923 direxit,
3253 863 3313 912 ut
3354 858 3463 913 iret
3510 856 3637 912 Hic-

1977 950 2299 1022 resolyma,
2331 951 2723 1024 progrediens
2752 951 2828 1006 ad
2868 950 3232 1021 passionem,
3274 963 3349 1003 ne
3395 946 3636 1019 respici-

1980 1040 2136 1095 endo
2187 1040 2434 1113 quidem
2482 1040 2543 1095 in
2576 1046 2836 1110 tergum.
2896 1038 3196 1111 Scriptum
3237 1042 3325 1092 est
3363 1037 3522 1092 enim
3570 1036 3633 1091 in

1978 1130 2127 1185 libro
2156 1146 2397 1201 quoque
2414 1129 2785 1185 Psalmorum
2815 1145 2828 1185 :
2858 1128 3187 1194 Obﬁrmabo
3214 1142 3395 1197 super
3427 1132 3481 1183 te
3499 1141 3635 1181 ocu-

1982 1220 2067 1275 los
2093 1235 2249 1276 meos
2276 1221 2323 1255 ³⁹
2348 1220 2501 1286 ;sive
2526 1218 2797 1289 inﬁgam,
2826 1218 3104 1289 dirigam,
3136 1215 3636 1273 indeclinabiliter

1979 1308 2290 1381 aspiciam.

2052 1400 2206 1453 Vers.
2235 1402 2319 1455 52.
2350 1400 2430 1454 Et
2460 1430 2527 1441 -—
2555 1415 2745 1465 suum,
2790 1399 2889 1455 Hic
2920 1397 3097 1455 etiam
3153 1396 3331 1453 dictio
3382 1396 3633 1467 ἀγγέλους

1980 1487 2323 1559 simpliciter
2347 1488 2581 1544 nuntios
2613 1488 2926 1558 signiﬁcat.

2057 1576 2212 1633 Vers.
2242 1582 2329 1633 52.
2360 1580 2441 1633 Ει
2465 1585 2665 1635 euntes
2695 1609 2763 1620 —
2792 1576 3332 1635 Samaritanorum.
3367 1573 3539 1640 Quod
3571 1573 3631 1629 in

1980 1666 2230 1722 transitu
2257 1667 2386 1737 ejus
2430 1667 2613 1723 situm
2644 1673 2792 1723 erat.

2050 1758 2212 1811 Vers.
2242 1760 2330 1811 52.
2374 1758 2444 1813 Ul
2472 1760 2748 1827 pararent
2801 1755 2913 1813 illi.
2969 1754 3293 1826 Hospitium
3332 1751 3628 1809 videlicet.

1905 1845 1945 1901 Β
1978 1847 2053 1901 ad
2100 1847 2539 1917 susceptionem
2570 1845 2779 1918 ipsius,
2812 1850 2869 1901 et
2898 1844 3157 1911 illorum,
3212 1843 3319 1915 qui
3373 1858 3513 1899 cum
3560 1858 3632 1899 eo

1978 1940 2169 1991 erant.

2051 2027 2210 2081 Vers.
2240 2024 2427 2083 53.Et
2456 2026 3093 2095 non-Hierosolyma.
3126 2025 3325 2081 Facies
3354 2024 3632 2097 ejus,hoc

1980 2117 2087 2179 est,
2117 2115 2265 2186 ipse,
2315 2130 2352 2171 a
2383 2119 2549 2187 parte
2578 2118 2786 2171 totum.
2834 2116 2959 2170 Non
3000 2119 3365 2184 receperunt,
3417 2113 3631 2186 inquit,

1980 2219 2138 2268 eum,
2181 2204 2325 2275 quia
2354 2203 2642 2275 pergebat
2663 2202 3077 2274 Hierosolyma
3100 2203 3173 2258 ad
3203 2202 3456 2258 ininicos
3478 2202 3634 2273 ipso-

1980 2308 2135 2348 rum.
2165 2294 2314 2347 Nam
2345 2291 2702 2351 Samaritani
2731 2291 2977 2348 inimico
2999 2291 3203 2347 animo
3229 2289 3423 2346 affecti
3464 2294 3633 2346 erant

1980 2381 2057 2438 ad
2086 2381 2586 2453 Hierosolymitas.

2050 2471 2213 2527 Vers.
2267 2474 2352 2526 54.
2388 2470 2546 2537 Quod
2584 2486 2717 2526 cum
2759 2470 3038 2526 vidissent
3082 2500 3151 2509 —
3184 2468 3350 2525 Vers.
3398 2470 3487 2524 55.
3517 2483 3632 2524 ser-

1979 2559 2258 2617 vandum.
2308 2560 2607 2632 Suspicor,
2640 2561 2753 2616 bos
2812 2559 2990 2615 fuisse
3022 2559 3383 2631 prmmissos.
3427 2560 3631 2630 Itaque

1977 2649 2111 2706 irati
2140 2656 2298 2715 sunt,
2331 2650 2497 2722 quod
2537 2654 2967 2721 praeceptorem
3016 2648 3376 2721 sprevissent
3415 2664 3429 2702 :
3458 2648 3632 2703 inter-

1974 2744 2340 2809 rogaverunt
2354 2754 2519 2809 ergo,
2542 2754 2617 2795 an
2629 2743 3073 2811 contemptores
3089 2738 3295 2794 ulcisci
3310 2740 3629 2809 oporteret,

1976 2834 2180 2900 utpote
2217 2827 2443 2884 zeloten
2486 2828 2673 2884 Eliam
2704 2828 3024 2884 imitantes.
3061 2827 3389 2899 Increpavit
3428 2831 3631 2883 autem

1976 2916 2107 2974 illos
2147 2918 2438 2983 Christus,
2474 2922 2762 2989 tanquam
2822 2917 3084 2973 clemens
3118 2932 3131 2972 :
3166 2916 3468 2973 instruens
3501 2931 3641 2985 eos,

1978 3007 2498 3063 utincredulorum
2512 3007 2756 3079 injurias
2768 3006 3056 3078 patienter
3071 3006 3303 3063 ferrent.
3327 3005 3629 3077 Siquidem

1979 3096 2224 3161 sciebat,
2246 3098 2409 3168 quod
2440 3112 2502 3151 se
2520 3097 2849 3163 suscepturi
2868 3110 2992 3151 non
3013 3100 3212 3150 essent
3235 3094 3593 3151 Samaritani
3615 3110 3629 3150 :

269 3179 433 3233 στειλε
485 3177 544 3233 δε
593 3183 849 3254 μαθητὰς,
912 3185 995 3235 ἶνα
1046 3183 1438 3240 ἀπειθησάντων
1490 3190 1579 3257 μεν
1644 3186 1864 3251 ἐκείνων,

1985 3185 2138 3240 misit
2164 3190 2363 3241 tamen
2403 3183 2750 3256 discipulos,
2780 3190 2843 3239 ut
2879 3184 2991 3239 illis
3022 3198 3143 3239 non
3176 3183 3542 3255 parentibus,
3575 3190 3633 3240 et

263 3268 607 3340 ὀργισθέντων
663 3266 721 3323 δε
749 3274 961 3335 τούτων,
993 3272 1248 3335 ἐπιπλήξῃ
1288 3278 1378 3325 καὶ
1418 3271 1613 3345 διδάξῃ
1659 3274 1865 3343 αύτούς,

263 3361 335 3429 μὴ
386 3356 763 3431 ἕπεξέρχεσθαι
811 3368 922 3421 τοῖς
971 3369 1407 3433 καταφρονοῦσιν.
1466 3362 1709 3434 ’Ἐμελλον
1765 3367 1867 3438 γὰρ

262 3450 320 3497 τὸ
384 3450 633 3519 κήρυγμα
715 3448 1144 3518 καταγγέλλοντες
1220 3452 1320 3502 ύπό
1382 3451 1577 3503 πολλῶν
1632 3452 1870 3523 ἀποπεμ-

264 3535 478 3586 πεσθαι.
512 3534 635 3605 Οὐχ
678 3535 878 3597 ἑαυτοῖς
910 3534 988 3602 δε,
1025 3537 1151 3589 ἀλλὰ
1190 3546 1252 3611 τῇ
1302 3540 1461 3591 αὐτοῦ
1495 3537 1713 3614 δυνάμει
1750 3540 1868 3613 θαρ-

261 3620 473 3695 ρούντες
516 3630 674 3689 εἶπον,
732 3627 811 3677 ὄτι
860 3631 1099 3699 Εῖπωμεν
1148 3636 1250 3703 πῦρ
1294 3629 1586 3689 καταϐῆναι
1635 3630 1735 3683 ἀπὸ
1778 3638 1871 3683 τοῦ

262 3710 504 3784 ούρανοῦ.

334 3801 393 3854 Εἰ
444 3806 529 3853 καὶ
579 3804 690 3874 (61)
723 3814 951 3877 παρῆκεν
990 3808 1014 3858 ὁ
1070 3813 1449 3880 Χρυσόστομος
1479 3810 1590 3881 (63)
1628 3809 1867 3873 ἐνταῦθα,

262 3894 340 3943 τό·
397 3892 507 3944 Ούκ
574 3890 753 3946 οἴδατε
807 3899 917 3947 οἵου
971 3900 1262 3968 πνεύματός
1320 3898 1453 3952 ἔστεο
1512 3899 1616 3951 ἀλλ’
1671 3897 1757 3953 οὖν
1819 3904 1868 3953 εν

262 3980 449 4052 ἑτέροις
501 3980 668 4053 λόγοις
720 3988 1034 4037 Δεσποτικόν
1096 3985 1224 4039 εἶναι
1271 3987 1405 4059 λέγει
1467 3995 1557 4042 καὶ
1611 3995 1759 4042 τουτὶ
1810 3994 1866 4043 τό

257 4070 438 4144 ῥητόν.
510 4075 709 4123 Λοιπὸν
747 4077 918 4124 τοίνυν
988 4083 1187 4147 πνεῦμα
1253 4082 1355 4129 νόει
1433 4097 1524 4148 μοι
1588 4082 1645 4130 τό
1718 4080 1865 4150 ἅγιον

261 4165 488 4231 Πνεῦμα.
550 4166 714 4212 Τοῦτο
782 4164 882 4235 γὰρ
936 4160 1132 4234 ἀγαθόν
1213 4163 1324 4217 ἐστι
1382 4172 1471 4218 καὶ
1540 4165 1861 4231 ἀνεξίκακον,

259 4249 434 4322 ὥσπερ
466 4253 556 4300 καὶ
593 4252 660 4302 τὰ
688 4249 845 4303 λοιπὰ
881 4257 1140 4326 πρόσωπα
1173 4263 1269 4315 τῆς
1306 4262 1431 4327 μιᾶς
1453 4256 1758 4329 Θεότητος.]

333 4342 477 4390 ΚΕΦ.
506 4336 628 4392 ΛΓ’.
666 4344 791 4411 Περὶ
820 4348 912 4392 τοῦ
940 4346 1012 4413 μὴ
1042 4340 1439 4415 ἐπιτρεπομένου
1470 4342 1786 4399 ἀκολουθεῖν.

1977 3272 2503 3340 hisirascentibus,
2532 3273 2877 3343 objurgaret
2901 3288 2973 3327 ac
3001 3271 3241 3327 doceret
3266 3287 3367 3327 eos
3397 3287 3521 3327 non
3546 3272 3633 3328 in-

1981 3376 2225 3431 surgere
2254 3362 2313 3417 in
2345 3361 2473 3417 illos
2513 3362 2617 3433 qui
2655 3366 3119 3417 contemnerent.
3155 3362 3442 3415 Futurum
3469 3360 3633 3418 enim

1980 3456 2123 3517 erat,
2161 3456 2223 3505 ut
2267 3467 2395 3505 cum
2440 3450 2822 3520 Evangelium
2881 3450 3322 3513 annuutiarent,
3369 3464 3405 3504 a
3433 3449 3633 3505 multis

1980 3540 2454 3612 repudiarentur.
2503 3542 2632 3596 Non
2657 3539 2770 3595 sibi
2799 3538 2949 3611 ipsis
2977 3542 3199 3603 autem,
3234 3538 3338 3594 sed
3369 3538 3444 3593 de
3474 3537 3631 3594 illius

1981 3630 2247 3701 potentia
2293 3629 2664 3685 conﬁdentes
2720 3629 3037 3688 dixerunt:
3083 3629 3177 3684 Vis
3228 3628 3511 3694 dicamus,
3564 3633 3635 3682 ut

1978 3719 2128 3791 ignis
2157 3734 2221 3776 ce
2250 3720 2397 3777 cwlo
2421 3720 2779 3777 descendat?

2050 3810 2137 3880 -Η-
2168 3809 2404 3865 Etiamsi
2426 3810 2863 3881 praetermiserit
2879 3809 2993 3866 hoc
3005 3808 3140 3865 loco
3172 3807 3633 3880 Chrysostomus

1977 3898 2124 3954 ista:
2152 3900 2398 3955 Nescitis
2422 3901 2594 3969 cujus
2614 3900 2852 3970 spiritus
2885 3900 3043 3963 estis,
3074 3897 3178 3954 sed
3196 3898 3254 3953 in
3283 3896 3413 3953 aliis
3442 3896 3633 3953 homi-

1976 3987 2067 4044 liis
2094 3988 2210 4044 hac
2236 3989 2471 4045 Domini
2496 4004 2851 4060 responsum
2872 4004 3000 4044 esse
3023 3988 3122 4045 ait.
3146 3987 3329 4059 Igitur
3348 3986 3631 4058 Spiritum

1974 4078 2217 4150 quidem
2238 4077 2495 4150 intellige
2529 4078 2811 4149 Spiritum
2842 4083 3140 4133 sanctum.
3161 4076 3215 4131 Is
3241 4076 3402 4131 enim
3431 4074 3631 4131 bonus

1972 4172 2139 4223 estet
2177 4167 2513 4237 indulgens,
2542 4170 2605 4222 ut
2633 4166 2871 4238 reliquas
2906 4180 3180 4238 persona
3204 4164 3381 4220 unius
3403 4168 3629 4219 natiue

1970 4254 2210 4311 divinas.

2042 4343 2197 4399 CAP.
2230 4345 2455 4409 XXXIII,
2490 4345 2576 4400 De
2604 4360 2667 4401 eo
2693 4346 2787 4402 cui
2811 4359 2929 4400 non
2964 4342 3232 4413 permisit
3260 4349 3329 4397 ut
3369 4356 3559 4411 seque-

2706 4440 2895 4489 retur.

335 4518 437 4565 Καὶ
492 4512 845 4588 ἕπορεύθησαν
892 4548 961 4560 -
1019 4519 1187 4592 κλίνῃ,
1232 4521 1461 4595 Ἔγραψε
1510 4527 1628 4596 περὶ
1682 4526 1862 4576 τούτον

2043 4522 2207 4578 Vers.
2238 4523 2326 4579 56.
2366 4523 2445 4578 Et
2490 4522 2761 4579 abierunt
2790 4553 2859 4565 —
2889 4523 3048 4578 Vers.
3084 4520 3173 4577 58.
3230 4519 3496 4580 reclinet.
3553 4522 3626 4575 De

260 4606 350 4653 καὶ
406 4603 432 4653 ό
478 4606 743 4667 Ματθαῖος
791 4605 839 4659 ἐν
889 4616 962 4679 τῷ
1016 4605 1220 4681 δεκάτῳ
1250 4610 1528 4684 κεφαλαίῳ,
1561 4618 1650 4665 καὶ
1690 4614 1859 4687 ἡρμη-

259 4692 517 4749 νεύθησαν
548 4691 650 4746 ἐκεῖ
671 4694 806 4767 (63).

335 4778 459 4834 Εἷπε
505 4812 575 4823 -
628 4784 780 4839 Θεού.
816 4786 955 4839 Ἐκεῖ
981 4791 1069 4839 καὶ
1104 4792 1223 4860 περὶ
1269 4792 1454 4843 τούτου
1504 4800 1684 4863 σαφῶς
1737 4789 1863 4846 διεί-

261 4868 475 4928 ληπται*
537 4871 745 4927 ἐκάλεσε
802 4871 861 4927 ὦ
915 4883 1092 4928 τοῦτον
1142 4878 1166 4929 ὀ
1212 4884 1463 4948 Χριστός,
1511 4878 1661 4942 εἰδὼς
1708 4885 1863 4934 αὐτόν

258 4959 421 5022 ἄξιον.

330 5138 377 5173 ⁸⁹
401 5138 557 5195 Psal.
577 5155 733 5205 xxxi,
765 5141 818 5196 8.

1974 4612 2088 4669 hoc
2116 4618 2173 4668 et
2194 4612 2497 4669 Matthteus
2529 4612 2764 4684 scripsit
2803 4610 3163 4668 duodecimo
3217 4611 3427 4682 capite,
3460 4612 3517 4665 et
3544 4608 3628 4666 ibi

1975 4701 2172 4774 posita
2201 4706 2286 4757 est
2316 4701 2735 4775 interpretatio.

2046 4793 2210 4848 Vers.
2246 4794 2332 4848 59.
2382 4793 2491 4847 Ait
2520 4824 2585 4834 —
2618 4791 2786 4848 Vers.
2831 4792 2920 4848 60.
2952 4791 3071 4849 Dei.
3108 4789 3196 4848 Ibi
3219 4790 3400 4847 etiam
3447 4791 3626 4863 plane

1973 4882 2050 4939 de
2072 4882 2189 4940 hoc
2217 4882 2585 4956 disputatum
2610 4888 2718 4939 est.
2755 4884 2919 4939 Hunc
2948 4896 3085 4938 vero
3144 4880 3412 4939 Christus
3457 4895 3628 4937 voca-

1974 4971 2095 5036 bat,
2132 4971 2323 5029 sciens
2361 4987 2501 5028 eum
2530 4970 2805 5043 dignum.

1490 5244 1708 5315 Variae
1749 5246 2078 5317 lectiones
2104 5257 2171 5316 et
2200 5258 2379 5317 notae

328 5432 439 5504 (59)
472 5433 577 5507 Hic
609 5433 930 5507 Hentenius
960 5436 1241 5507 quaedam
1273 5438 1440 5496 addit
1476 5454 1548 5496 ex
1592 5440 1860 5499 editioni-

254 5504 389 5569 bus,
413 5506 495 5561 uti
528 5522 714 5578 supra
746 5506 873 5578 ipse
904 5504 1137 5564 monuit
1166 5508 1227 5564 in
1271 5510 1640 5568 Praefatione.

324 5580 436 5648 (760)
467 5577 679 5645 Τούτον,
708 5594 812 5648 pro
852 5579 1026 5635 αύτόν.
1068 5583 1139 5637 Α.

256 5647 451 5776 ι
485 5651 620 5706 Haec
648 5647 893 5723 uterque
931 5649 993 5706 in
1038 5653 1331 5723 margine.
1367 5654 1535 5713 Caret
1591 5670 1661 5714 eo
1699 5656 1859 5713 Hen-

281 5732 473 5777 emus.

329 5790 443 5869 (62)
470 5792 636 5850 Prius
679 5808 821 5870 ergo
865 5792 1273 5871 Chrysostomi
1289 5800 1636 5860 auctoritate
1660 5806 1860 5861 motus

1969 5443 2325 5514 Euthymius
2383 5444 2676 5510 omiserat,
2725 5448 2815 5495 καὶ
2892 5447 3046 5497 εἶπεν·
3124 5447 3220 5497 οὐκ
3294 5442 3372 5499 ad
3427 5450 3622 5497 σῶσαι.

1969 5514 2183 5587 deinde
2202 5530 2355 5587 _vero
2380 5516 2651 5587 ejusdem
2684 5515 3031 5587 auctoritate
3060 5516 3484 5587 interpretatus
3514 5518 3622 5587 est.

1967 5585 2258 5659 Addenda
2285 5584 2425 5659 ergo
2453 5591 2621 5641 erant
2646 5584 2951 5659 codicibus
2973 5584 3355 5659 Euthymiiin
3375 5586 3625 5659 repetita

1966 5658 2233 5733 lectione.
2260 5657 2375 5715 Sed
2398 5657 2513 5715 hoc
2536 5657 3154 5733 neglectum.Copiose
3180 5658 3253 5717 de
3271 5657 3389 5717 hoc
3418 5657 3541 5714 dixi
3565 5657 3622 5713 in

1967 5731 2151 5877 Nigri)
2177 5801 2260 5857 Ἐν
2289 5804 2483 5877 εκείνῳ,
2515 5819 2625 5877 pro
2655 5805 2775 5859 εκεῖ.
2816 5808 2871 5859 Β.
