4210 6438
89 2957 112 2964 ς

1417 383 1773 444 COMMENT.
1815 379 1883 434 IN
1924 377 2182 435 LUCAM.
2224 413 2292 422 —
2323 385 2479 440 CAP.
2514 385 2580 440 Χ.

3552 385 3657 441 958

337 541 343 546 “
392 515 525 583 in“,
565 521 655 569 καὶ
699 517 931 576 ζήτησον
972 515 1019 569 ἒν
1051 525 1121 586 τῷ
1164 514 1602 584 ἐννεακαιδεκατῳ
1639 509 1891 583 κεφαλαίῳ

2017 505 2168 573 dixit,
2210 513 2266 565 et
2284 525 2483 582 quaere
2509 512 2742 569 decimo
2789 527 2948 568 nono
2975 512 3144 583 juxta
3169 509 3508 568 Mattbamm
3557 527 3654 567 ca-

301 621 312 627 '
355 665 358 668 ,
407 609 543 658 κατά
571 609 840 659 Ματθαίον
881 612 966 664 τήν
999 605 1267 681 ἑρμηνείαν
1293 616 1401 659 του·
1433 602 1575 659 Ἰδού
1607 604 1702 673 ἐγὼ
1734 599 1893 651 ἀποσ-

384 709 444 744 ιω
475 696 605 766 ὑμᾶς
635 698 702 758 ὡς
733 694 971 769 πρόϐατα
993 695 1038 747 ἐν
1070 701 1212 768 μέσῳ
1243 697 1428 747 λύκων.

217 791 294 834 “·.
380 787 516 836 εἴποι
573 781 626 837 δ’
679 786 739 836 ἄν
777 805 856 846 τις
910 787 1196 852 κάνταύθα,
1256 788 1336 837 ὅτι
1380 789 1494 844 τους
1540 778 1750 834 δώδεκα
1805 781 1893 850 μὲν

373 872 527 924 ὁϐατα
556 872 811 939 ἐκάλεσεν,
855 877 922 936 ὡς
966 874 1325 950 τελειοτέρονς·
1373 877 1489 933 τούς
1534 867 1894 942 ἐϐδομήκοντα

189 977 256 994 “-
325 1010 332 1014 .
400 963 576 1036 ἄρνας.

199 1075 224 1084 —

295 1057 450 1114 .,Μὴ
493 1083 560 1092 -
605 1048 945 1125 ὑποδήματα.
998 1056 1092 1106 Διά
1135 1061 1226 1113 τῆς
1275 1051 1668 1126 ἀπαγορεύσεως
1702 1066 1892 1100 τουτων

265 1184 306 1216 ,ε
363 1143 479 1192 κεύει
556 1140 758 1215 θαρρεῖν
815 1147 931 1216 περὶ
985 1151 1082 1194 τῶν
1148 1141 1440 1213 ἀναγκαίων
1504 1147 1594 1192 του
1655 1143 1893 1209 σώματος

303 1237 368 1304 ’,ί
419 1238 494 1300 τῷ
543 1228 906 1282 ἀποστείλαντι
947 1235 1181 1292 τούτους·
1223 1231 1499 1306 ἀποτρέπει
1545 1227 1623 1295 δὲ,
1670 1224 1762 1278 διὰ
1805 1228 1893 1297 μὲν

429 1327 505 1390 μῇ
560 1317 848 1392 βαστάζειν
891 1319 1166 1392 βαλάντιον
1209 1322 1344 1391 (6'7),
1393 1325 1485 1378 τὴν
1530 1319 1890 1390 φιλαργυρίαν·

227 1463 236 1466 _
349 1409 380 1458 ἀ
436 1404 499 1460 δὲ
546 1416 660 1472 τοῦ,
713 1413 784 1476 μὴ
843 1415 1034 1484 πήραν,
1083 1415 1141 1462 τὸ
1187 1415 1255 1482 μή
1302 1410 1640 1482 ταμιεύεσθαι
1679 1410 1887 1479 τροφήν

433 1493 496 1550 δε
545 1506 655 1562 τοῦ,
703 1503 774 1569 μή
818 1496 1151 1571 ὑποδήματα,
1206 1496 1536 1572 παιδοτριϐεἰ
1583 1497 1770 1556 αὐτούς
1823 1494 1890 1556 εἰς

287 1589 290 1592 ’
340 1605 542 1644 ι’κησιν.
571 1588 894 1659 Παρήγγειλε
921 1585 987 1646 δὴ
1031 1596 1193 1640 ταῦτα
1222 1594 1311 1640 καὶ
1342 1595 1450 1649 τοῖς
1482 1583 1691 1639 δώδεκα
1733 1584 1780 1636 ἐν
1821 1592 1891 1654 τῷ

181 1667 188 1672 ’
253 1666 268 1672 ’
313 1674 577 1732 ’σιλωθέντι
608 1673 1040 1748 ἐννεακαιδεκάτῳ
1072 1677 1344 1750 κεφαλαίῳ.

283 1760 466 1818 ”’Καὶ
513 1796 581 1805 -
622 1764 958 1824 ἀσπάσησθε.
1006 1775 1170 1820 Τοῦτο
1213 1766 1543 1840 προσέταξεν,
1606 1765 1662 1817 οὐ
1710 1762 1890 1836 βουλό-

2009 597 2123 667 pite
2179 598 2316 654 dicti
2355 600 2514 657 iliius
2557 602 3094 674 interpretationem
3130 625 3140 655 :
3177 602 3319 657 Ecce
3365 615 3458 670 ego
3488 600 3657 656 mitto

2007 701 2104 742 vos
2135 689 2420 759 tanquam
2451 707 2583 747 oves
2622 692 2685 746 in
2713 691 2896 748 medio
2925 693 3229 760 luporum.
3266 691 3334 741 ⁸³.

2078 777 2286 832 Poterit
2317 778 2508 850 quivis
2525 780 2639 835 hoc
2679 782 2856 836 etiam
2887 781 3018 836 loco
3056 780 3274 842 dicere,
3315 778 3478 850 quod
3509 777 3658 833 duo-

2005 864 2191 920 decim
2224 868 2609 938 appellaverit
2640 886 2800 935 oves,
2832 876 3118 941 tanquam
3156 867 3541 939 perfectiores,
3573 883 3659 922 se-

2006 953 2316 1023 ptuaginta
2344 971 2483 1010 vero
2509 972 2716 1029 agnos,
2754 962 3039 1030 tanquam
3066 955 3406 1012 teneriores.

2078 1041 2239 1097 Vers.
2277 1046 2328 1098 4.
2378 1045 2580 1102 Nolite
2623 1078 2686 1086 -—
2740 1048 3151 1104 calceamenta.
3201 1047 3314 1100 Hoc
3350 1045 3659 1101 interdicto

1999 1130 2169 1202 jubet
2199 1139 2261 1188 ut
2293 1133 2365 1188 de
2397 1137 2745 1192 necessariis
2765 1137 3029 1208 corporis
3056 1151 3225 1207 spem
3267 1135 3326 1190 in
3359 1134 3526 1190 illum
3556 1135 3659 1190 ha-

2004 1220 2203 1285 beant,
2223 1225 2324 1295 qui
2355 1224 2520 1295 ipsos
2552 1226 2761 1280 emisit.
2791 1228 2935 1282 Cum
2975 1231 3175 1281 autem
3201 1225 3390 1296 jubet,
3422 1240 3495 1282 ne
3535 1240 3658 1279 sac-

2005 1311 2200 1365 culum
2233 1312 2442 1381 ferant,
2495 1314 2572 1369 ab
2603 1315 2849 1370 avaritia
2900 1319 3126 1371 avocat.
3198 1315 3430 1379 Dicens,
3484 1329 3660 1385 neque

2001 1413 2228 1467 peram,
2257 1401 2602 1457 dehortatur
2639 1419 2672 1458 a
2703 1403 3076 1459 recondendo
3120 1403 3273 1458 cibo.
3317 1401 3466 1457 Cum
3520 1418 3659 1457 vero

2003 1489 2172 1544 addit
2221 1505 2234 1542 :
2281 1505 2462 1562 neque
2513 1493 2934 1561 calceamenta,
2979 1494 3056 1550 ad
3114 1493 3459 1548 exercitium
3500 1491 3660 1562 ipsos

2003 1579 2214 1634 erudit.
2257 1580 2535 1653 Praecepit
2555 1598 2695 1638 vero
2723 1584 2850 1639 haec
2880 1582 3060 1639 etiam
3080 1583 3392 1638 duodecim
3417 1581 3660 1637 laudato

2004 1669 2192 1739 capite
2230 1669 2464 1725 decimo
2504 1687 2691 1728 nono.

2076 1758 2240 1814 Vers.
2294 1761 2346 1815 4.
2397 1762 2475 1815 Et
2521 1793 2588 1802 —
2620 1763 3040 1818 salutaveritis.
3101 1763 3220 1816 Hoc
3287 1758 3482 1830 jussit,
3538 1772 3659 1813 non

281 1867 433 1914 ἐνος
516 1853 892 1928 ἀπανθρωπους
976 1857 1162 1917 αύτούς
1230 1858 1467 1927 γίνεσθαι
1522 1859 1609 1906 καὶ
1663 1853 1891 1927 ἀπροση-

2017 1849 2368 1904 ηηῐιιιωειηοε
2400 1865 2502 1905 eos
2541 1849 2661 1906 ﬁeri
2693 1851 2920 1914 volens.
2949 1855 3052 1907 aut
3088 1849 3354 1906 moribus
3399 1862 3658 1919 asperos,

259 1941 496 2018 ”·”όρους,
548 1943 653 1996 ἀλλ’
697 1942 1128 2017 ἀνεμποδίστους.
1182 1947 1341 1998 Εῖωθε
1383 1948 1484 2019 γὰρ
1537 1947 1567 2002 ἡ
1619 1943 1732 1995 καθ’
1771 1939 1893 1996 όδόν

231 2029 286 2055 Γ
325 2032 474 2084 πιλία
533 2037 590 2084 τὸ
667 2037 903 2086 σύντονον
965 2035 1226 2105 ἐγκόπτειν
1320 2039 1382 2094 ὡς
1447 2036 1510 2087 τὰ
1585 2033 1746 2085 πολλά
1806 2041 1894 2092 τῆς

277 2147 284 2151 -
331 2117 557 2182 θεουδής.
620 2125 940 2194 Προστάττει
996 2128 1169 2174 τοίνυν
1219 2124 1396 2184 αὐτοῖς
1449 2129 1599 2195 μόνον
1656 2124 1894 2192 γίνεσθαι

283 2216 386 2260 Δ-“οῦ
439 2207 868 2282 ἐμπιστευθέντος
935 2215 1109 2282 ἔργου,
1168 2217 1257 2264 καὶ
1328 2209 1465 2284 μηδὲ
1522 2215 1608 2263 τόν
1664 2216 1895 2282 τυχόντα

325 2301 473 2370 αιρόν
521 2306 612 2350 τοῦ
659 2303 994 2373 κηρύγματος
1048 2298 1284 2371 δαπανᾲν
1356 2304 1422 2361 είς
1479 2305 1543 2353 τὰ
1597 2306 1664 2372 μή
1732 2300 1893 2371 ἀναγ-

314 2391 420 2438 .αία
462 2394 550 2439 καὶ
597 2390 851 2464 πάρεργα.
897 2395 996 2442 Καὶ
1040 2392 1064 2441 ὁ
1097 2389 1387 2451 Ἐλισσαῖος
1441 2387 1498 2442 δε
1546 2389 1696 2442 πάλιν
1740 2390 1888 2450 Γιεζῆ

159 2491 172 2518 :
206 2503 228 2510 -
260 2480 374 2526 ςόν
429 2477 690 2550 ὑπηρέτην
748 2478 903 2530 αὐτοῦ
957 2479 1042 2531 ἐπί
1096 2499 1148 2530 τι
1201 2488 1502 2548 κατεπεῖγον
1567 2479 1888 2545 ἀποστείλας,

189 2601 230 2612 μ.
263 2564 584 2617 τνετείλατο·
617 2567 695 2617 ὃτι
723 2566 836 2619 Ἐὰν
868 2567 1019 2640 εὕρῃς
1048 2565 1236 2641 ἄνδρα,
1270 2569 1363 2620 οὐκ
1396 2569 1692 2639 εὐλογήσεις
1737 2568 1891 2622 αὐτόν

183 2658 374 2705 _--.:-m‘¢
421 2651 504 2704 ἐὰν
550 2653 806 2728 εύλογήση
872 2675 928 2708 σε
983 2655 1132 2730 ἀνήρ,
1179 2657 1268 2708 οὐκ
1327 2656 1662 2732 ἀποκριθήση
1726 2658 1887 2728 αὐτῷ’

86 2770 94 2776 ~
167 2742 544 2815 .;;;.ἐμφαίνων
625 2749 684 2795 τό
747 2753 944 2818 χρῆναι
999 2742 1244 2817 βαδίζειν
1316 2746 1733 2819 ἀπερίσπαστον,
1801 2753 1890 2801 καὶ

139 2864 150 2870 -
165 2864 190 2890 .-.
220 2861 270 2889 ε-
285 2831 518 2885 παντελώ
529 2853 550 2894 ς
580 2830 983 2905 ἀνεμπόδιστον.

360 3011 448 3071 Εἰς
503 3010 563 3068 ἣν
625 3043 692 3052 —
737 3015 921 3084 τούτῳ.
969 3020 1133 3066 Τοῦτο
1181 3017 1240 3066 τὸ
1280 3019 1567 3088 πρόσρημα
1610 3017 1891 3088 ἀσπασμὸν

99 3139 252 3168 -.-ηιμ
285 3100 526 3153 ἐκάλεσεν
575 3102 599 3152 ὁ
643 3103 912 3163 Ματθαῐος
957 3103 1068 3173 (68)
1121 3101 1168 3153 ἐν
1225 3111 1296 3173 τῷ
1354 3104 1693 3178 προρῥηθέντι
1741 3125 1892 3177 κεφα-

2005 1953 2159 2009 quos
2190 1954 2370 1995 nemo
2401 1941 2587 2012 possit
2625 1941 3007 2012 compellare,
3072 1940 3175 1996 sed
3235 1938 3660 2010 impedimento

1997 2032 2293 2101 carentes.
2333 2029 2486 2084 Solet
2513 2031 2672 2086 enim
2699 2030 2975 2086 salutatio
3000 2046 3102 2101 per
3128 2029 3310 2096 viam,
3348 2028 3660 2084 vehemen-

2005 2117 2098 2172 tia;
2131 2118 2306 2172 studii
2361 2124 2424 2175 ut
2461 2119 2786 2192 plurimum
2845 2119 3100 2175 obstare.
3152 2117 3416 2189 Praecipit
3463 2117 3662 2189 itaque

2004 2204 2135 2274 illis,
2171 2215 2230 2264 ut
2284 2208 2395 2263 soli
2434 2209 2599 2279 operi
2663 2209 2747 2263 eis
2810 2209 3131 2264 commisso
3187 2208 3497 2266 intendant
3546 2223 3558 2260 :
3607 2211 3664 2262 et

2004 2299 2268 2355 oblatam
2283 2297 2727 2370 praedicationis
2743 2299 3120 2353 occasionem
3138 2314 3253 2352 non
3270 2297 3579 2352 insumant
3601 2296 3662 2351 in

2004 2404 2073 2444 ea
2103 2404 2237 2460 quae
2256 2388 2592 2442 necessaria
2615 2403 2734 2442 non
2767 2393 2922 2451 sunt,
2959 2387 3063 2442 sed
3103 2392 3317 2457 praeter
3369 2385 3662 2440 intentum

2004 2493 2131 2533 sese
2153 2475 2426 2532 oﬂ‘erunt.
2457 2476 2697 2531 Elismus
2717 2491 2957 2548 quoque
2989 2475 3131 2531 olim
3159 2475 3376 2530 emisso
3403 2473 3554 2530 Giezi
3583 2473 3665 2528 fa-

2003 2565 2166 2622 mulo
2197 2568 2271 2622 ad
2294 2583 2450 2637 opus
2481 2565 2644 2637 quod
2674 2565 3110 2621 festinationem
3135 2564 3493 2636 requirebat,
3518 2579 3665 2635 prae-

2003 2655 2158 2726 cepit
2183 2655 2383 2710 dicens
2409 2671 2420 2707 :
2463 2656 2529 2708 Si
2549 2657 2835 2710 inveneris
2861 2654 3064 2722 virum,
3096 2669 3212 2709 non
3233 2653 3542 2708 benedicas
3564 2653 3617 2708 ei
3645 2667 3658 2708 :

1999 2751 2055 2800 et
2076 2745 2128 2800 si
2147 2744 2250 2800 (ibi
2275 2743 2635 2801 benedixerit
2660 2746 2754 2800 vir
2781 2759 2856 2800 ne
2885 2743 3238 2812 respondeas
3292 2742 3390 2797 illi
3414 2743 3481 2807 σει,
3520 2741 3664 2796 indi-

2001 2850 2140 2890 cans
2165 2849 2318 2906 opus
2350 2849 2479 2888 esse
2510 2837 2575 2889 ut
2598 2832 2981 2889 indistractus
3013 2847 3083 2888 ac
3131 2830 3380 2888 omnino
3409 2830 3534 2886 sine
3556 2829 3662 2885 im-

2002 2923 2345 2996 pedimeuto
2357 2922 2726 2995 procederet.

2074 3014 2242 3067 Vers.
2283 3016 2329 3068 5.
2367 3013 2429 3067 In
2482 3027 2892 3084 quamcunque
2927 3043 2996 3052 —
3053 3011 3214 3068 huic.
3245 3011 3407 3066 Hauc
3445 3009 3663 3066 allocu-

2005 3102 2224 3157 tionem
2254 3101 2554 3156 Matthmus
2585 3101 3003 3156 salutationem
3031 3100 3362 3157 nominavit
3380 3099 3662 3170 praedicto

284 3188 435 3260 λαίῳ.
473 3188 730 3261 Σύμϐολον
772 3186 830 3242 δὲ
863 3190 1072 3260 ἀγάπης
1119 3192 1144 3242 ό
1175 3199 1401 3252 τοιοῦτος
1451 3193 1750 3265 ἀσπασμός,
1803 3191 1891 3252 δη-

2017 3190 2220 3262 sapite.
2255 3192 2322 3245 ⁸³.
2359 3192 2454 3245 Est
2479 3194 2676 3245 autem
2721 3189 3073 3260 hujusmodi
3125 3189 3396 3245 salutatio
3419 3188 3660 3257 signum

129 3312 238 3352 ,τέ’
284 3277 409 3343 λῶν,
441 3280 522 3330 ὅτι
552 3278 802 3349 εἰρηνικοὶ
829 3284 919 3330 καὶ
960 3279 1096 3348 φίλοι
1123 3285 1536 3352 παραγεγόνασι.

147 3341 213 3352 ..ν

365 3457 467 3506 Καὶ
500 3451 584 3504 ἐὰν
621 3485 688 3495 ~—
716 3456 858 3525 ὑμῶν
887 3456 1022 3527 (69).
1042 3456 1098 3510 Ἠ
1130 3459 1292 3530 χάρις
1320 3467 1409 3519 τῆς
1429 3456 1674 3522 δοθείσης
1699 3461 1898 3536 εἰρήνης

216 3591 224 3598 ι
289 3543 417 3615 παρ’
460 3543 621 3613 ὑμῶν,
670 3545 698 3600 ἡ
749 3542 973 3618 ἐνέργεια
1016 3555 1106 3597 τοῦ
1160 3550 1392 3599 τοιούτου
1451 3549 1624 3620 λόγου·
1677 3554 1784 3612 υίὸς
1839 3549 1897 3606 δὲ

293 3630 523 3704 εἰρήνης,
551 3634 575 3682 ό
603 3631 878 3704 εἰρηνικὸς,
912 3637 980 3696 ὡς
1012 3631 1276 3709 διαφόρως
1298 3638 1590 3712 εἰρήκαμεν,

366 3808 426 3860 Εἰ
473 3805 532 3861 δὲ
571 3839 636 3848 -
678 3808 993 3882 ἀνακάμψει.
1029 3812 1316 3886 Ἀνάγνωθι
1375 3821 1463 3868 καὶ
1516 3816 1565 3868 ἐν
1595 3825 1667 3888 τῷ
1726 3818 1890 3872 ἐννεα-

291 3895 589 3969 καιδεκάτῳ
619 3899 878 3970 κεφαλαίῳ
923 3910 1013 3953 τοῦ
1040 3906 1174 3955 κατά
1212 3907 1476 3958 Ματθαίον
1519 3911 1612 3964 τήν
1644 3907 1893 3979 ἐξήγησιν

290 3995 404 4039 τοῦο
440 3993 537 4040 Καὶ
568 3987 651 4040 ἐὰν
681 3992 770 4060 μεν
800 3986 828 4047 ἦ
864 3992 893 4047 ἡ
929 3990 1069 4042 οἰκία
1095 3991 1234 4058 ἀξία,
1265 3992 1448 4046 ἐλθέτω
1481 3998 1508 4053 ἡ
1543 3999 1719 4070 εἰρήνη
1752 4000 1891 4070 ὑμῶν

289 4076 368 4129 ἐπ’
423 4077 604 4136 αὐτήν
660 4076 745 4129 ἐὰν
824 4075 884 4131 δε
949 4085 1020 4151 μὴ
1192 4080 1330 4147 ἀξία,
1396 4087 1425 4142 ἡ
1495 4085 1670 4160 εἰρήνη
1751 4090 1891 4159 ὑμῶν

289 4169 422 4238 πρὸς
449 4167 586 4238 ὑμᾶς
616 4165 1006 4241 ἐπιστραφήτω.

363 4254 444 4308 Ἐν
475 4256 605 4328 αὐτῇ
638 4286 705 4296 -—
730 4258 885 4308 αὐτοῦ
915 4255 1052 4314 ἐστι.
1099 4265 1196 4312 Καὶ
1224 4266 1340 4331 περὶ
1377 4265 1573 4314 τούτων
1611 4266 1800 4335 ὁμοίως
1845 4265 1892 4317 ἐν

291 4343 464 4414 ἐκείνῳ
496 4352 568 4413 τῷ
599 4345 856 4416 κεφαλαίῳ
907 4356 1084 4418 σαφῶς
1131 4347 1346 4422 ἐρρήθη,
1397 4355 1582 4424 μικρὸν
1635 4351 1888 4424 ἀνωτέρω.

293 4431 516 4484 Ἐσθίειν
549 4429 608 4484 δε
644 4438 729 4484 καὶ
764 4440 923 4486 πίνειν
966 4439 1030 4487 τά
1068 4439 1190 4511 παρ’
1243 4439 1409 4489 αὐτῶν
1450 4439 1737 4513 ἐπέτρεψεν,
1789 4444 1890 4515 οὑγ

293 4519 486 4582 ἁπλῶς,
518 4519 623 4571 ἀλλ’
651 4523 719 4582 ὡς
739 4528 930 4592 πρέπον
962 4522 1073 4576 ἐστὶ
1098 4528 1361 4596 μαθηταῖς
1394 4528 1568 4581 αὐτοῦ.
1601 4537 1760 4583 Τουτο
1793 4536 1891 4606 γὰρ

289 4616 550 4682 γνώριμον
581 4607 639 4666 ἧν
671 4610 863 4672 αὐτοῖς.

359 4703 447 4756 Μὴ
481 4729 548 4738 —-
578 4698 769 4753 οἰκίαν.
808 4699 890 4752 Ἐν
917 4699 1076 4774 ἐκείνη
1113 4709 1172 4774 τῇ
1205 4701 1452 4774 ἐξηγήσει
1476 4710 1569 4764 τήν
1598 4707 1768 4760 αἰτίαν
1800 4718 1890 4762 τοῦ

283 4792 356 4860 μή
394 4785 716 4859 μεταϐαίνειν
745 4791 864 4862 εύρή
876 4809 1000 4852 σείς.

357 4881 462 4929 Καὶ
520 4877 590 4937 είς
660 4908 728 4918 -
787 4884 940 4931 Θεοῦ.
1004 4879 1274 4933 Βασιλείαν
1339 4891 1430 4934 τοῦ
1502 4889 1630 4938 Θεοῦ
1709 4887 1888 4942 ἑαυτὸν

280 4965 419 5037 λέγει
448 4973 534 5016 νῦν
570 4967 636 5026 ὡς
688 4963 912 5038 βασιλέα
954 4973 1042 5020 καὶ
1091 4973 1240 5028 Θεόν.
1283 4969 1525 5044 Ἧγγικε,
1577 4981 1752 5046 φησὶν,
1801 4986 1889 5032 καὶ

281 5051 396 5111 ἤδη
433 5048 756 5126 ἐπιδημήσει
803 5055 942 5126 ὑμῖν
994 5057 1133 5119 ἄξιοι
1173 5062 1398 5130 γίνεσθε,
1437 5060 1773 5134 ἑτοιμάζεσθε
1819 5067 1891 5130 εἰς

283 5137 589 5212 ὑποδοχήν.

355 5357 404 5393 ⁶¹
448 5357 643 5414 Matth.
676 5375 729 5426 x,
756 5363 837 5415 t6.
978 5362 1024 5396 ⁶²
1067 5361 1136 5417 lV
1167 5363 1309 5434 Reg.
1336 5379 1416 5434 iv,
1440 5364 1528 5422 29.

1663 5370 1942 5440 “lMatth.
1985 5389 2042 5439 ι,
2083 5371 2166 5429 12.

2006 3279 2355 3343 dilectionis,
2385 3276 2730 3348 signiﬁcans
2748 3277 2909 3348 quod
2940 3277 3173 3350 paciﬁci
3204 3282 3256 3332 et
3283 3276 3450 3332 amici
3489 3276 3664 3332 adve-

2008 3369 2220 3423 nerint.

2079 3458 2246 3514 Vers.
2296 3460 2346 3511 6.
2378 3457 2460 3510 Et
2488 3457 2540 3511 si
2559 3487 2626 3496 —-
2656 3461 2873 3512 vestra.
2916 3457 3032 3511 Hoc
3063 3459 3153 3510 est
3208 3454 3400 3524 gratia
3449 3453 3602 3510 datm
3626 3470 3662 3510 a

2006 3547 2172 3603 vobis
2195 3547 2376 3619 pacis,
2394 3544 2485 3600 vel
2502 3544 2766 3600 efficacia
2783 3544 3132 3613 hujusmodi
3153 3543 3465 3599 sermonis.
3481 3543 3661 3598 Filius

2004 3653 2245 3710 quoque
2274 3637 2435 3708 pacis
2460 3635 2673 3690 dicitur
2701 3635 3006 3706 paciﬁcus,
3039 3635 3189 3690 sicut
3218 3635 3396 3690 variis
3422 3634 3478 3690 in
3517 3633 3662 3690 locis

2003 3726 2287 3782 diximus.

2075 3818 2232 3871 Vers.
2264 3816 2316 3870 6.
2351 3815 2460 3871 Sin
2491 3847 2559 3854 —
2591 3819 2884 3870 revertar.
2943 3813 3092 3886 Lege
3134 3827 3372 3886 quoque
3429 3812 3662 3870 decimo

2001 3921 2164 3962 nono
2191 3905 2382 3976 capite
2423 3903 2717 3972 Evangelii
2743 3903 2913 3974 juxta
2959 3903 3290 3960 Matthaaum
3335 3901 3475 3957 dicti
3506 3901 3660 3957 illius

2001 3995 2438 4050 enarrationem
2479 4013 2491 4050 :
2524 3995 2606 4049 Et
2631 3993 2680 4048 si
2719 3993 2940 4065 quidem
2985 3993 3173 4062 fuerit
3201 3992 3403 4047 domus
3461 3991 3657 4061 digna,

2001 4085 2205 4142 veniat
2225 4101 2354 4154 pax
2388 4090 2576 4141 vestra
2627 4099 2803 4151 super
2833 4083 3036 4138 illam:
3092 4082 3143 4136 si
3183 4088 3373 4137 autem
3416 4079 3660 4150 indigna

1995 4173 2180 4243 fuerit
2206 4189 2326 4242 pare
2348 4180 2536 4229 vestra
2567 4172 2648 4228 ad
2669 4187 2766 4227 vos
2783 4176 3184 4227 convertatur.
3210 4171 3231 4204 ⁸

2072 4262 2236 4318 Vers.
2282 4263 2334 4316 7.
2365 4262 2433 4316 In
2463 4261 2666 4317 eadem
2705 4291 2773 4300 —
2795 4275 2899 4315 sua
2930 4265 3027 4314 est.
3066 4257 3340 4314 Similiter
3368 4255 3442 4311 de
3481 4255 3574 4310 his
3599 4255 3660 4310 in

2002 4351 2096 4406 illo
2151 4351 2338 4422 capite
2391 4349 2697 4406 manifeste
2750 4348 2972 4403 dictum
3033 4352 3122 4401 est
3149 4345 3330 4416 paulo
3358 4344 3657 4414 superius.

2001 4441 2198 4496 Edere
2224 4445 2422 4496 autem
2457 4455 2528 4494 ac
2544 4437 2747 4493 bibere
2779 4436 3069 4508 permisit,
3095 4451 3226 4507 quae
3258 4434 3335 4489 ab
3359 4433 3658 4505 illoporri-

2001 4535 2315 4600 gerentur;
2346 4544 2465 4584 non
2494 4526 2854 4599 simpliciter,
2881 4525 2988 4581 sed
3010 4527 3160 4580 sicut
3179 4522 3502 4594 discipulos
3519 4538 3658 4579 suos

2003 4619 2244 4676 decebat
2277 4635 2288 4672 :
2321 4618 2437 4674 hoc
2466 4618 2625 4672 enim
2666 4615 2811 4687 ipsis
2851 4622 3059 4671 notum
3095 4618 3242 4678 erat,

2074 4708 2308 4764 Vers.7.
2339 4707 2543 4766 Nolite
2588 4732 2648 4742 —
2695 4705 2945 4761 domum.
3012 4704 3075 4759 In
3131 4702 3232 4759 illa
3283 4701 3660 4758 enarratione

2001 4799 2179 4871 hujus
2257 4813 2502 4854 causam
2535 4794 2820 4852 invenies.

2105 4889 2268 4946 Vers.
2329 4891 2379 4944 8.
2427 4887 2496 4942 Et
2567 4885 2631 4942 in
2661 4916 2730 4925 —
2760 4884 2926 4940 Vers.
2979 4883 3033 4938 9.
3086 4881 3212 4938 Dei.
3257 4883 3528 4951 Regnum
3559 4881 3657 4939 Dei

1997 4995 2160 5040 nunc
2181 4977 2471 5049 seipsum,
2490 4974 2774 5048 appellat,
2817 4978 3104 5045 tanquam
3129 4987 3331 5043 regem
3361 4985 3432 5027 ac
3457 4972 3663 5032 Deum.

1999 5065 2542 5141 Appropinquavit,
2584 5063 2796 5137 inquit,
2823 5066 2881 5119 et
2913 5061 3043 5134 jam
3077 5061 3425 5118 deversatur
3461 5061 3657 5118 vobis-

2001 5174 2140 5214 cum
2175 5173 2187 5221 ;
2217 5154 2386 5226 digni
2433 5152 2764 5219 habemini,
2797 5152 2899 5226 qui
2930 5150 3358 5224 praeparamini
3414 5149 3486 5208 ad
3529 5151 3658 5222 ejus

1997 5247 2440 5320 susceptionem

2329 5369 2547 5428 “Ibid.
2586 5373 2685 5450 43..

1489 5492 1710 5562 Variae
1740 5495 2066 5566 lectiones
2116 5508 2182 5566 et
2221 5508 2421 5565 notae.

383 5630 445 5682 67
512 5627 838 5684 Βαλλάντιον.
875 5634 938 5686 Α.

383 5628 471 5772 ὃὸζ
511 5701 694 5770 Igitur
742 5704 919 5758 etiam

511 5701 697 5786 Igitur
742 5704 919 5786 etiam
943 5702 1245 5786 nonnulli,
1286 5705 1402 5786 sed
1449 5711 1690 5786 temere,
1725 5714 1889 5786 apud

285 5771 622 5828 Matthaaum
681 5772 721 5829 l.
775 5772 814 5829 l.
873 5773 1228 5834 intulerunt:
1267 5782 1528 5851 Λέγοντεςο
1577 5771 1784 5856 Εἰρήνη,
1817 5793 1889 5856 τῷ

2003 5642 2127 5694 οἶκω
2153 5643 2340 5695 τούτω.

2072 5699 2184 5786 (69)
2209 5713 2267 5770 Ἠ
2292 5697 2515 5770 ὀωίιιίι
2536 5710 2604 5765 Α.
