4210 6350
655 316 764 372 955

658 545 826 586 arare
858 535 1129 594 conatur,
1158 536 1212 586 et
1248 548 1282 586 a
1316 537 1471 603 tergo
1513 533 1750 604 respicit
1779 533 2107 604 corrumpit
2135 547 2311 587 cona-

659 624 752 674 tus
780 620 1309 691 promptitudinem
1343 623 1608 693 segnitie,
1643 639 1764 696 qua
1791 639 1826 678 a
1857 627 2020 691 tergo
2047 621 2306 693 respicit.
2362 631 2366 634 '

658 709 1000 766 Parabolice
1028 727 1170 782 ergo
1198 711 1466 768 Salvator
1491 713 1651 776 dixit,
1693 719 1960 768 aratrum
1984 717 2040 768 et
2063 711 2196 783 (xx)
2228 726 2310 767 se-

658 803 763 871 qui
785 815 844 856 se
868 800 1336 856 :ettantumdem
1352 806 1458 867 est,
1485 817 1551 856 ac
1569 803 1617 856 si
1635 802 1823 857 dicat:
1858 805 2061 868 Nemo,
2085 801 2188 872 qui
2215 815 2308 857 me

658 889 826 961 sequi
857 895 1126 954 conatur,
1161 892 1270 944 sia
1300 896 1466 958 tergo
1509 891 1806 962 respiciat,
1847 891 1960 946 hoc
2000 894 2106 956 est,
2144 906 2306 945 men-

659 984 776 1034 tem
811 977 1008 1034 adhuc
1041 978 1116 1034 ad
1152 980 1500 1051 temporalia
1528 981 1769 1045 habeat,
1799 988 1975 1052 aptus
2006 987 2091 1035 est
2119 981 2194 1034 ad
2223 996 2310 1036 re-

659 1082 854 1142 gnum
880 1069 996 1125 Dei.
1019 1071 1258 1141 Oportet
1286 1071 1441 1126 enim
1467 1088 1620 1141 eum,
1644 1073 1745 1143 qui
1766 1072 1923 1140 eligit
1961 1071 2130 1143 sequi
2151 1070 2309 1126 Chri-

660 1163 819 1214 stum
847 1159 1155 1214 confestim
1183 1160 1700 1231 omniadespicere
1722 1161 1982 1232 etsequi,
2010 1176 2082 1216 ne
2105 1160 2308 1216 oculos

658 1247 898 1320 quidem
931 1247 1009 1302 ab
1026 1264 1096 1302 eo
1122 1248 1488 1310 divertendo.
1511 1265 1584 1303 ne
1616 1248 1760 1303 forte
1785 1248 1988 1304 habitu
2025 1265 2092 1299 ac
2115 1249 2308 1318 cppcie

658 1352 866 1392 eorum
919 1353 1053 1409 quae
1085 1354 1118 1392 a
1151 1343 1310 1408 tergo
1360 1344 1515 1402 sunt,
1555 1339 1893 1394 retineatur.
1948 1338 2101 1404 Quid
2148 1337 2308 1392 enim

659 1429 778 1482 Deo
809 1426 1128 1497 optabilius
1168 1442 1237 1480 ac
1271 1428 1650 1498 praestantius
1678 1428 1706 1483 ?

728 1515 876 1569 CAP.
910 1515 1134 1571 XXXIV.
1171 1516 1253 1569 De
1274 1516 1586 1585 designatis
1612 1515 1982 1586 septuaginta
2010 1516 2306 1584 apostolis.

659 1606 800 1676 Cap.
835 1604 909 1658 X.
967 1604 1128 1658 Vers.
1164 1620 1203 1659 ι.
1237 1605 1380 1658 Post
1450 1604 1574 1660 haec
1617 1639 1685 1650 —
1730 1607 2123 1674 septuaginta.
2159 1607 2312 1676 Apo-

657 1693 842 1749 stolos
882 1693 1171 1749 videlicet.
1208 1693 1361 1749 Multi
1395 1694 1553 1749 enim
1586 1695 1861 1749 credituri
1891 1699 2075 1759 erant,
2106 1702 2158 1749 et
2185 1694 2312 1766 plu-

1983 315 2271 374 EUTHYM
2285 317 2327 371 ll
2370 315 2690 374 ZIGABENI

737 441 896 496 Vers.
948 443 1030 498 61.
1080 442 1253 498 Dixit
1304 474 1371 482 —
1434 443 1597 499 Vers.
1655 446 1743 499 62.
1805 459 1980 514 regno
2056 445 2172 499 Dei.
2200 442 2310 510 Qui
2345 443 2389 496 Α

3922 325 4019 380 956

2497 441 2617 496 Εἶπε
2682 477 2749 485 -
2804 445 3076 518 βασιλείαν
3157 453 3250 498 τοῦ
3308 453 3466 502 Θεοῦ.
3537 447 3598 499 Ὁ
3678 446 4016 523 ἓπιχειρὰσας

2421 530 2682 603 ἀροτριᾷν,
2713 540 2801 587 καὶ
2843 534 3043 607 βλέπων
3103 535 3168 595 εἰς
3223 537 3287 586 τά
3338 535 3525 600 ὀπίσω,
3562 538 3756 609 φθείρει
3802 544 3860 589 τό
3902 545 4012 612 πρὸ·

2423 622 2582 692 θυμον
2629 631 2718 683 τῆς
2768 623 3145 698 ἐπιχειρήσεως
3183 631 3245 697 τῇ
3291 625 3526 698 ῥᾳθυμίᾳ
3573 634 3665 676 τοῦ
3707 625 3918 698 βλέπειν
3954 635 4012 688 εἰς

2419 713 2483 761 τά
2535 713 2725 768 ὀπίσω.
2791 713 3158 785 Παραϐολικώς
3226 719 3396 765 τοίνυν
3460 716 3484 766 ό
3558 719 3730 789 Σωτὴρ
3807 717 4009 790 ἄροτρον

2421 799 2671 872 ὠνόμασε,
2707 805 2763 853 τὸ
2793 800 3088 855 ἀκόλουθεῖν
3127 803 3284 872 αύτῷ,
3316 803 3496 873 λέγων,
3556 806 3636 856 ὅτι
3686 801 3889 866 Ούδεὶς
3917 805 4012 857 im-

2417 895 2672 960 χειρήσας
2725 889 3019 944 ἀκολουθεῖν
3075 912 3184 963 μοι,
3218 897 3307 944 καὶ
3355 891 3558 964 βλίπῶν
3610 896 3681 954 εἰς
3719 896 3790 944 τὰ
3834 894 4007 958 ὀπίσω,

2416 984 2673 1043 τουτέστι,
2715 984 2799 1032 τὸν
2851 988 2966 1032 νοῦν
3012 984 3087 1033 ἔτι
3123 985 3258 1052 ἔχων
3311 981 3381 1041 εἰς
3426 984 3491 1032 τὰ
3539 980 3793 1054 βιωτικὰ,

2419 1063 2554 1128 δειός
2593 1072 2731 1120 ἐστιν
2787 1069 2855 1130 εἰς
2903 1074 2994 1127 τὴν
3050 1069 3322 1142 βασιλείαν
3376 1078 3466 1121 τού
3519 1077 3673 1124 Θεού.
3729 1077 3850 1144 Χρὴ
3899 1077 4005 1145 γὰρ,

2418 1159 2503 1207 τόν
2549 1156 2775 1227 ἑλόμενον
2823 1162 2881 1209 τό
2937 1157 3232 1210 ἀκολουθεῖν
3274 1166 3344 1227 τῷ
3395 1166 3628 1233 Χριστῷ,
3687 1162 3899 1212 πάντων
3945 1162 4008 1213 r3-

2421 1247 2538 1305 θέως
2605 1243 2886 1318 ὑπεριδεῖν,
2961 1252 3049 1299 καὶ
3122 1247 3502 1321 ἀμεταστρεπτὶ
3559 1251 3728 1320 τούτῳ
3787 1251 4000 1320 ἔπεσθαι,

2418 1340 2617 1405 μήποτε
2649 1344 2708 1406 τῇ
2747 1340 2930 1407 σχέσει
2961 1346 3055 1388 τῶν
3098 1336 3268 1388 ὀπίσω
3297 1338 3629 1409 κατασχεθῇ.
3669 1343 3735 1390 Τί
3767 1342 3871 1412 γὰρ
3901 1344 4002 1393 Θεοῦ

2419 1427 2764 1495 ποθεινότερον
2793 1445 2844 1477 τε
2871 1431 2957 1477 καὶ
2989 1430 3358 1499 προτίμότερον
3383 1443 3396 1491 ;

2494 1520 2638 1566 ΚΕΦ·
2688 1513 2792 1567 ΔΔ’.
2831 1520 2955 1586 Περὶ
2986 1523 3083 1566 τῶν
3116 1511 3531 1585 ἀναδειχθέντων
3563 1512 3943 1586 ἐϐδομήκοντα.

2493 1605 2634 1654 Μετά
2700 1611 2866 1654 ταῦτα
2929 1635 2996 1642 -
3055 1600 3433 1675 ἐϐδομήκοντα.
3491 1603 3862 1667 Ἀποστόλους,
3928 1602 4004 1661 δη-

2419 1690 2608 1745 λονότι.
2661 1691 2847 1744 Πολλοὶ
2892 1696 2992 1764 γὰρ
3034 1691 3235 1764 ἔμελλον
3284 1695 3542 1745 πιστεύειν
3585 1698 3675 1745 καὶ
3719 1699 3879 1766 χρεία
3927 1713 4000 1750 κη-

657 1782 821 1838 ribus
885 1782 1374 1854 praedicatoribus
1437 1799 1590 1854 Opus
1647 1789 1793 1838 erat.
1846 1783 2167 1838 Duodecim
2238 1783 2312 1837 si-

2422 1785 2588 1851 ρύκων
2648 1781 2889 1833 πλειόνων
2938 1779 3017 1839 ἦν,
3088 1779 3298 1834 Δώδεκα
3359 1785 3446 1853 μὲν
3505 1779 3592 1834 οὖν
3640 1781 3931 1847 ἀπόστολοι,
3983 1785 4002 1833 ὁ

654 1871 900 1943 quidem
923 1872 1173 1943 apostoli
1216 1874 1442 1943 primus
1473 1877 1598 1928 erat
1635 1873 1855 1928 chorus
1888 1889 1900 1937 ;
1936 1873 2312 1945 septuaginta

657 1976 818 2024 vero,
853 1961 1175 2015 secundus.
1213 1964 1327 2016 Hos
1379 1967 1567 2016 autem
1624 1961 1936 2016 duodecim
1980 1967 2032 2016 et
2080 1967 2312 2033 septua-

658 2050 822 2119 ginta
851 2050 1318 2121 praetigurabant
1348 2051 1663 2106 duodecim
1697 2050 1890 2106 fontes
1911 2066 2225 2123 aquarum,
2258 2056 2314 2106 et

657 2139 1038 2210 septuaginta
1071 2141 1262 2195 trunci
1295 2140 1634 2211 palmarum
1664 2141 1723 2195 in
1756 2140 1944 2204 Elim,
1996 2140 2073 2196 ad
2125 2157 2311 2212 quam

654 2235 943 2284 venerunt
975 2229 1246 2286 lsraelitaa
1279 2231 1350 2298 ⁸ο,
1382 2230 1481 2286 ubi
1523 2246 1689 2286 mare
1721 2229 1984 2285 Rubrum
2014 2236 2311 2301 pertrans-

653 2318 855 2375 issent.

725 2408 891 2463 Vers.
925 2409 975 2462 1.
997 2410 1076 2463 Et
1101 2410 1290 2464 emisit
1317 2416 1537 2465 —erat
1561 2411 1676 2478 ipse
1697 2415 2003 2464 venturus.
2039 2407 2316 2463 Similiter

653 2501 711 2553 et
739 2496 1056 2553 duodecim
1088 2499 1456 2569 conjunctim
1509 2501 1629 2568 (νει)
1684 2499 1893 2562 emisit,
1952 2497 2119 2551 sicuti
2169 2498 2316 2552 dixit

655 2589 881 2642 Marcus
936 2587 1168 2641 decimo
1216 2594 1430 2659 quarto
1490 2588 1725 2656 capite;
1769 2587 1870 2640 sed
1905 2586 2221 2641 duodecim
2256 2587 2314 2640 in

656 2691 869 2731 omnes
915 2676 1181 2731 civitates
1220 2692 1288 2730 ac
1322 2691 1508 2746 pagos
1557 2675 1730 2729 lsrael
1763 2675 1974 2739 emisit,
2024 2679 2315 2745 tanquam

656 2763 1037 2835 perfectiores
1073 2781 1085 2819 :
1121 2765 1502 2835 septuaginta
1561 2779 1718 2832 vero,
1753 2764 1811 2818 in
1845 2763 2006 2819 solas
2058 2780 2159 2818 eas
2187 2780 2316 2836 qua:

655 2853 715 2907 in
750 2853 999 2908 transitu
1046 2859 1234 2918 erant,
1268 2870 1370 2924 per
1415 2869 1568 2924 quas
1605 2853 1710 2908 iter
1751 2853 2013 2908 facturus
2070 2860 2217 2919 erat,
2258 2859 2319 2908 ut

657 2941 1042 3012 pradicarent
1091 2942 1504 2997 remissionem
1585 2948 1993 3013 peccatorum,
2067 2943 2318 3015 ejusque

658 3031 1009 3100 adventum,
1036 3031 1139 3102 qui
1172 3031 1582 3086 remissionem
1620 3031 1865 3088 illorum
1907 3031 2206 3087 tribueret.

726 3210 888 3265 Vers.
921 3214 973 3265 2.
1036 3209 1277 3266 Dicebat
1321 3241 1386 3251 —
1437 3211 1635 3279 pauci.
1674 3209 1928 3265 Messem
1987 3210 2127 3267 dicit
2168 3211 2316 3282 illos,

655 3299 756 3371 qui
797 3298 875 3355 ab
914 3297 1256 3355 inﬁdelitate
1301 3299 1663 3363 demetendi,
1714 3306 1766 3354 et
1819 3299 1896 3354 ad
1929 3298 2103 3355 tidem
2146 3317 2318 3356 suam

655 3394 822 3444 erant
845 3389 1262 3460 comportandi
1292 3408 1304 3445 :
1340 3390 1648 3461 operarios
1695 3405 1855 3454 vero,
1887 3389 2210 3460 apostolos,
2263 3396 2321 3445 et

651 3478 1000 3550 quicunque
1024 3478 1228 3532 adhoc
1254 3478 1798 3534 subministrarem.
1834 3479 1930 3533 Hic
1955 3485 2153 3532 autem
2187 3495 2316 3533 ma-

653 3566 929 3622 nifestata
949 3573 1033 3621 est
1049 3583 1234 3622 causa
1249 3566 1624 3638 promotionis
1639 3567 1901 3637 ipsorum
1917 3567 2314 3638 septuaginta,

654 3661 711 3710 et
733 3661 953 3710 tamem
975 3671 1202 3726 paucos
1226 3655 1420 3710 adhuc
1454 3671 1582 3709 esse
1599 3655 1744 3710 dicit
1770 3671 1981 3710 omnes
2008 3657 2317 3726 apostolos

655 3745 730 3800 ad
763 3743 1485 3809 multitudinemillorum,
1517 3744 1615 3814 qui
1649 3744 1927 3798 credituri
1950 3750 2136 3799 erant.

726 3834 890 3887 Vers.
931 3836 984 3886 2.
1015 3833 1222 3902 Rogatc
1251 3863 1316 3872 -—
1355 3848 1538 3886 suam.
1574 3831 1695 3888 Hoc
1735 3838 1790 3887 et
1845 3833 1926 3900 id,
1960 3834 2123 3904 quod
2181 3841 2316 3890 ante

654 3921 815 3979 istud
847 3921 1170 3993 praecessit,
1207 3921 1381 3976 etiam
1432 3921 1580 3975 dixit
1617 3922 1677 3976 in
1708 3921 1826 3976 ﬁne
1879 3923 2094 3978 decimi
2125 3926 2314 3980 octavi

649 4012 820 4082 juxta
865 4009 1206 4066 Matthaaum
1248 4010 1472 4081 capitis,
1514 4011 1614 4064 sed
1648 4011 1722 4064 ibi
1757 4027 2016 4066 messem
2063 4012 2313 4070 multam

655 4100 917 4173 appellat
955 4114 1058 4155 eos
1090 4099 1194 4172 qui
1225 4099 1298 4154 de
1355 4099 1568 4155 Judaiis
1625 4105 1796 4156 erant
1839 4100 2117 4157 credituri
2168 4119 2180 4158 :
2217 4103 2314 4159 hic

655 4196 854 4248 autem
887 4205 990 4246 eos
1020 4188 1124 4262 qui
1153 4205 1223 4245 ex
1252 4188 1528 4259 gentibus
1585 4206 1597 4243 :
1646 4195 1703 4244 et
1733 4189 1813 4246 ibi
1854 4192 2138 4248 admonet
2167 4192 2313 4248 duo-

653 4280 949 4340 decim.ut
974 4283 1147 4334 orent
1171 4293 1279 4349 pro
1310 4277 1630 4333 emissione
1661 4277 1879 4334 horum
1907 4282 2308 4350 septuaginta,

652 4369 747 4424 hic
777 4384 917 4424 vero
952 4369 1113 4440 ipsos
1147 4367 1526 4439 septuaginta
1555 4366 1854 4431 admonet,
1891 4373 1950 4422 ut
1998 4376 2168 4425 orent
2205 4387 2312 4442 pro

2421 1879 2622 1943 πρῶτος
2662 1876 2844 1942 χορός
2901 1867 3263 1940 ἑϐδομήκοντα
3295 1867 3375 1937 δὲ,
3418 1872 3443 1922 ὁ
3493 1867 3751 1945 δεύτερος.
3799 1875 4002 1932 Τούτους

2424 1955 2482 2010 δὲ
2534 1963 2648 2019 τούς
2698 1956 2927 2022 δώδεκα,
2969 1966 3058 2012 καὶ
3109 1964 3225 2020 τοὺς
3268 1957 3648 2031 ἐϐδομήκοντα,
3699 1960 3856 2012 πάλαι
3899 1961 3999 2032 (64)

2422 2053 2762 2122 προετύπουν,
2804 2049 2851 2100 ἕν
2901 2058 2963 2122 τῇ
3001 2050 3202 2121 Δίλεὶμ,
3234 2049 3303 2111 εἰς
3334 2050 3396 2108 ἣν
3434 2046 3587 2107 ἦλθον
3619 2053 3668 2102 οἱ
3698 2050 3998 2125 Ἰσραηλῖται

2425 2135 2697 2200 διαϐάντες
2724 2146 2818 2195 τὴν
2862 2139 3112 2214 Ἐρυθρὰν
3159 2139 3448 2204 Θάλασσαν,
3496 2142 3550 2190 αἱ
3602 2136 3812 2192 δώδεκα
3851 2144 3998 2209 πηγαὶ

2422 2237 2519 2279 τῶν
2573 2225 2800 2292 ὑδάτων,
2835 2233 2924 2279 καὶ
2973 2231 3038 2279 τά
3082 2225 3444 2299 ἐϐδομήκοντα
3490 2228 3712 2300 στελέχη
3761 2238 3853 2280 τῶν
3906 2249 3999 2300 φοι-

2424 2321 2600 2368 νίκων.

2501 2411 2600 2458 Καὶ
2681 2404 2973 2458 ἀπέστειλεν
3045 2437 3112 2445 -
3209 2405 3406 2477 ἔμελλεν
3508 2407 3660 2466 αὐτὸς
3741 2408 3990 2476 ξοχεσθαι.

2431 2501 2530 2547 Καὶ
2587 2498 2708 2555 τοὺς
2744 2491 2956 2547 δώδεκα
2999 2498 3188 2566 ὁμοίως
3244 2498 3379 2546 κατά
3425 2498 3668 2564 συζυγίαν
3699 2493 3981 2553 ἀπέστειλεν,

2428 2588 2494 2645 ὡς
2550 2589 2721 2659 εἴρηκε
2774 2587 2985 2656 Μάρκος
3035 2583 3083 2636 ἐν
3143 2593 3213 2653 τῷ
3271 2580 3803 2656 τεσσαρεσκαιδεκάτῳ
3849 2601 3987 2652 κεφα-

2426 2674 2572 2745 λαίῳ·
2619 2672 2745 2724 ἀλλὰ
2803 2677 2922 2734 τούς
2978 2669 3186 2725 δώδεκα
3231 2676 3320 2744 μεν
3380 2674 3451 2733 εἰς
3505 2675 3679 2732 πάσας
3722 2675 3805 2732 τὰς
3844 2670 4000 2728 πόλεις

2428 2770 2517 2815 καὶ
2563 2769 2741 2833 κώμας
2787 2771 2878 2814 τοῦ
2929 2762 3143 2835 Ἰσραήλ
3197 2761 3516 2826 ἀπέστειλεν,
3558 2765 3621 2822 ὡς
3673 2761 4000 2832 τελειοτέρους·

2429 2857 2548 2913 τούς
2600 2848 2953 2922 ἑϐδομήκοντα
2991 2849 3068 2912 δε,
3129 2852 3197 2911 εἰς
3239 2856 3400 2922 μόνας
3459 2855 3546 2911 τὰς
3603 2853 3736 2902 κατὰ
3789 2845 4005 2921 παρόδω

2430 2942 2588 2992 αὐτοῦ
2653 2946 2909 3012 κειμένας,
2964 2937 3035 2992 δι’
3083 2937 3150 2990 ὧν
3203 2940 3373 3012 ἔμελλε
3439 2942 3772 3012 πορεύεσθαι,
3829 2941 4002 3012 κηρύτ-

2429 3050 2611 3091 τοντας
2633 3034 2904 3102 μετάνοιαν
2924 3031 3331 3102 οἶμαρτημάτων,
3357 3035 3447 3082 καὶ
3469 3029 3643 3101 ἄφιξιν
3670 3037 3760 3082 τοῦ
3791 3035 4004 3101 χορηγοὺ

2357 3139 2397 3196 C
2432 3129 2523 3182 τῆς
2553 3124 2748 3172 τούτων
2787 3118 3034 3191 ἀφέσεως.

2501 3209 2671 3280 Ἔλεγε
2719 3241 2786 3248 —
2839 3209 3025 3279 ὀλίγοι.
3082 3210 3336 3280 Θερισμόν
3385 3211 3474 3279 μεν
3526 3207 3664 3278 λέγει
3720 3211 3835 3268 τούς
3899 3208 4008 3276 θερι-

2435 3302 2792 3368 σθησομένους
2823 3299 2936 3368 (65)
2970 3297 3069 3349 ἀπὸ
3109 3306 3204 3358 τῆς
3236 3296 3487 3358 ἀπιστίας
3530 3303 3616 3349 καὶ
3673 3298 4008 3369 συγκομισθη·

2435 3395 2680 3461 σομένους
2738 3388 2802 3448 εἰς
2875 3393 2966 3444 την
3031 3393 3210 3439 πίστιν
3268 3387 3442 3438 αύτού-
3503 3387 3727 3458 ἐργάτας
3791 3383 3869 3451 δε,
3917 3389 4011 3441 τους

2433 3477 2770 3541 ἀποστόλους,
2806 3481 2919 3536 τοὺς
2948 3479 3326 3550 ὑπηρετοῦντας
3352 3477 3421 3538 εἰς
3448 3484 3618 3528 τοῦτο.
3654 3472 3943 3534 Δεδήλωται
3967 3469 4013 3524 δὲ

2433 3566 2649 3617 ἐνταῦθα
2676 3568 2703 3622 ἡ
2747 3567 2891 3617 αἰτία
2933 3573 3026 3626 τῆς
3069 3564 3326 3637 προϐολῆς
3362 3573 3460 3616 τῶν
3507 3561 3890 3637 ἐϐδομήκοντα.
3933 3566 4014 3614 Καὶ

2430 3657 2501 3706 ἔτι
2529 3652 2585 3706 δε
2617 3655 2821 3725 ὀλίγους
2849 3658 3031 3726 ἔφησεν
3055 3662 3182 3706 εῖναι
3205 3657 3322 3715 τούς
3349 3657 3658 3725 σύμπαντας
3687 3653 4012 3710 ἀποστόλους,

2429 3747 2552 3817 πρὸς
2583 3748 2638 3795 τὸ
2671 3744 2864 3806 πλῆθος
2892 3753 2990 3795 τῶν
3017 3743 3299 3814 μελλόντων
3331 3746 3618 3795 πιστεύειν.

2501 3835 2722 3890 Δεήθητε
2782 3863 2851 3872 —
2907 3828 3088 3884 αὐτοῦ.
3161 3839 3325 3883 Τούτο
3383 3837 3472 3883 καὶ
3552 3835 3609 3882 τό
3659 3834 3758 3902 πρὸ
3845 3833 4012 3882 τούτου

2425 3924 2578 3996 ῥητόν
2619 3919 2725 3974 εἶπε
2775 3926 2864 3973 καὶ
2913 3920 2961 3972 ἕν
3012 3929 3084 3990 τῷ
3113 3920 3240 3972 τέλει
3294 3928 3386 3972 τοῦ
3444 3917 3898 3972 ὀκτωκαιδεκάτου
3944 3937 4014 3969 κε·

2427 4011 2642 4083 φαλαίου
2692 4019 2782 4062 τοῦ
2840 4012 2972 4062 κατά
3002 4012 3288 4062 Ματθαῖον·
3347 4008 3454 4060 ἀλλ’
3496 4008 3598 4062 εκεῖ
3648 4013 3737 4080 μεν
3784 4011 4015 4082 θερισμὸν

2425 4100 2582 4152 πολύν
2608 4100 2766 4170 ἔλεγε,
2802 4105 2918 4159 τοὺς
2969 4099 3021 4161 ἐξ
3074 4095 3344 4151 Ἰουδαίων
3401 4107 3686 4151 πιστεύσαι
3735 4099 4014 4170 μέλλοντας·

2425 4189 2642 4241 ἐνταῦθα
2673 4186 2751 4256 δε,
2779 4194 2897 4250 τοὺς
2950 4189 3003 4250 ἐξ
3051 4187 3230 4244 ἐθνῶν.
3275 4193 3374 4240 Καὶ
3437 4189 3550 4259 (66)
3590 4187 3691 4241 ἐκεῖ
3736 4192 3826 4259 μεν
3870 4204 4017 4260 προεο

2424 4284 2632 4350 τρέπετο
2690 4282 2808 4340 τοὺς
2875 4274 3103 4341 δώδεκα,
3137 4273 3389 4335 δεηθῆναι
3444 4283 3562 4350 περὶ
3591 4275 3874 4336 ἀποστολῆς
3922 4282 4016 4324 τῶν

2425 4365 2783 4439 ἐϐδομήκοντα
2833 4370 3043 4418 τούτων·
3099 4366 3317 4418 ἐνταῦθα
3377 4363 3435 4418 δε
3492 4372 3608 4426 τούς
3671 4363 4020 4436 ἐϐδομήκοντα

653 4458 1028 4530 promotione
1055 4457 1467 4528 episcoporum
1499 4472 1565 4512 ac
1599 4462 2025 4528 praeceptorum
2063 4475 2167 4529 per
2194 4459 2310 4515 sin-

2423 4461 2657 4522 τούτους,
2715 4463 2830 4528 περὶ
2875 4455 3132 4528 προϐολῆς
3183 4464 3282 4507 τῶν
3337 4459 3473 4507 κατά
3501 4457 3673 4516 πόλεις
3713 4462 3800 4506 καὶ
3850 4461 4020 4528 χωρας

654 4547 826 4618 gulas
857 4547 1120 4604 civitates
1162 4562 1231 4602 ac
1289 4545 1586 4614 regiones.
1631 4547 1780 4616 Lege
1823 4552 2024 4602 autem
2078 4564 2310 4604 enarra-

652 4637 874 4692 tionem
908 4635 1224 4706 praesentis
1249 4633 1388 4689 dicti
1421 4633 1479 4689 in
1525 4640 1858 4691 memorato
1899 4637 2085 4708 capite
2125 4639 2309 4693 Evan-

654 4724 791 4798 gelii
817 4724 1151 4780 secundum
1182 4723 1524 4780 Mattheum.

728 4814 887 4870 Vers.
916 4814 969 4870 3.
1002 4814 1090 4870 Ite
1134 4844 1202 4854 —
1254 4814 1444 4882 lupos.
1479 4814 1596 4870 Hoc
1643 4813 1818 4870 etiam
1871 4814 1948 4870 ad
1986 4814 2309 4872 duodecim

725 4994 775 5031 ⁸ο
801 4992 986 5050 Exod.
1013 5007 1112 5061 xv,
1137 4993 1228 5048 2'1.

2424 4546 2715 4598 ἐπισκόπων
2772 4551 2862 4598 καὶ
2916 4542 3280 4599 διδασκάλων.
3345 4544 3634 4617 Ἀνάγνωθι
3689 4541 3747 4596 δὲ
3800 4550 3887 4596 καὶ
3933 4548 4017 4599 τὴν

2423 4637 2671 4707 ἐξήγησιν
2712 4645 2803 4688 τοῦ
2847 4640 3102 4710 παρόντος
3137 4636 3299 4709 ῥητοῦ
3332 4635 3381 4686 ἐν
3412 4644 3484 4706 τῷ
3522 4637 3732 4709 ῥηθέντι
3770 4634 4016 4707 κεφαλαίῳ

2420 4733 2510 4778 τοῦ
2536 4729 2670 4777 κατά
2695 4726 2984 4778 Ματθαῖον.

2490 4813 2736 4887 Ὑπάγετε
2809 4845 2876 4854 -
2928 4813 3118 4865 λύκων.
3176 4818 3342 4866 Τοῦτο
3401 4809 3508 4865 εἶπε
3561 4817 3652 4865 καὶ
3728 4817 3863 4887 πρὸς
3914 4814 4019 4869 τοὺς

1872 5117 2096 5185 Variae
2135 5118 2463 5187 lectiones
2505 5125 2573 5186 et
2598 5128 2801 5186 notae.

727 5315 837 5386 (64)
866 5318 1076 5386 auctor
1103 5314 1284 5383 hujus
1327 5314 1629 5386 sententia;
1661 5317 1747 5367 est
1795 5312 2100 5386 Origenes,
2150 5313 2313 5370 hom-

651 5385 763 5442 8in
791 5385 996 5446 Exod.,
1024 5402 1209 5457 quam
1242 5391 1459 5458 postea,
1493 5391 1556 5440 ut
1581 5385 1700 5441 fere
1728 5385 1962 5448 accidit,
1997 5385 2196 5458 plures
2228 5386 2316 5441 in-

651 5465 936 5531 terpretes
967 5465 1106 5512 sunt
1155 5457 1438 5530 amplexi.

2495 5315 2612 5459 $65;
2641 5318 3044 5389 Θερισομίνους.
3067 5315 3137 5372 Α.

2521 5391 2586 5441 66
2640 5394 2739 5441 Καὶ
2767 5389 2948 5444 abest.
2977 5387 3044 5440 A.

2521 5387 2612 5444 66)
2640 5387 2739 5441 καὶ
2767 5387 2948 5444 abest.
2977 5387 3044 5440 A.

729 5637 860 5708 (xx)
891 5636 973 5708 ξε
999 5635 1158 5708 sequi
1195 5652 1271 5708 se.
1298 5627 1383 5690 Et"
1407 5648 1528 5708 non
1555 5640 1643 5689 est
1675 5634 1735 5689 in
1758 5635 1961 5708 Graeco
1987 5641 2042 5691 et
2069 5635 2286 5695 abesse
2316 5635 2515 5695 debet.

730 5705 851 5780 (yy)
887 5705 1288 5776 Conju’nctim.
1319 5707 1467 5760 Κατά
1497 5708 1754 5776 συζυγίαν
1781 5714 1871 5762 est
1895 5705 2083 5764 binos.
