4210 6444
280 397 382 455 957

1405 385 1760 446 COMMENT.
1803 381 1870 436 IN
1912 378 2170 436 LUCAM.
2212 414 2280 423 —
2311 387 2467 442 CAP.
2501 386 2567 442 Χ.

3539 386 3644 442 958

284 517 514 586 δώδεκα,
555 524 644 572 καὶ
687 519 919 580 ζήτησον
960 518 1007 572 ἐν
1039 528 1109 589 τῷ
1153 516 1589 586 ἐννεακαιδεκάτῳ
1627 511 1880 584 κεφαλαίῳ

2006 507 2156 575 :lixit,
2198 515 2254 566 et
2272 527 2471 583 quaere
2496 513 2730 571 decimo
2776 529 2936 570 nono
2963 514 3132 584 juxta
3157 510 3494 569 Matthmum
3544 528 3642 568 ca-

283 617 374 662 τοῦ
399 612 533 661 κατά
562 611 828 662 Ματθαίον
869 614 954 666 τήν
987 607 1255 683 ἑρμηνείαν
1280 617 1389 661 τούο
1422 605 1562 660 Ἰδού
1595 605 1689 675 ἐγὼ
1721 601 1880 652 ἀποσ-

282 697 435 750 τέλλω
465 699 594 770 ὑμᾶς
625 701 691 760 ὡς
723 697 959 772 πρόϐατα
981 697 1026 750 ἐν
1059 703 1200 770 μέσῳ
1231 699 1416 750 λύκων.

357 790 507 841 Εἴποι
564 783 616 840 δ’
668 789 728 839 ἄν
766 807 844 848 τις
898 789 1184 855 κάνταύθα,
1244 789 1324 839 ὅτι
1368 790 1482 846 τούς
1527 780 1738 835 δώδεκα
1793 783 1880 851 μὲν

283 875 518 943 πρόϐατα
545 875 799 942 ἐκάλεσεν,
843 879 910 938 ὡς
954 876 1312 952 τελειοτέρονς·
1360 879 1477 935 τούς
1521 869 1882 944 ἐϐδομήκοντα

287 961 322 1017 δ
324 969 360 1025 ε,
393 967 566 1040 ἄρνας.

357 1060 440 1112 Μὴ
483 1085 550 1095 —-
595 1051 933 1127 ὑποδήματα.
987 1059 1080 1108 Διά
1124 1063 1214 1115 τῆς
1263 1053 1656 1128 ἀπαγορεύσεως
1689 1068 1880 1101 τούτων

283 1142 470 1194 κελεύει
545 1142 747 1217 θαρρεῖν
805 1149 920 1218 περὶ
972 1153 1069 1196 τῶν
1135 1143 1428 1215 ἀναγκαίων
1491 1149 1582 1194 τοῦ
1643 1145 1880 1211 σώματος

283 1230 363 1284 ἐπὶ
412 1240 482 1302 τῷ
531 1231 894 1284 ἀποστείλαντι
936 1237 1169 1294 τούτους·
1211 1232 1487 1308 ἀποτρέπει
1533 1229 1612 1297 δὲ,
1658 1226 1749 1280 διὰ
1793 1230 1880 1298 μὲν

283 1329 373 1372 τοῦ
422 1329 492 1392 μῇ
547 1319 836 1393 βαστάζειν
879 1321 1154 1394 βαλάντιον
1197 1324 1332 1392 (67),
1382 1327 1473 1379 τήν
1519 1321 1877 1392 φιλαργυρίαν

283 1405 375 1461 διὰ
429 1406 487 1462 δὲ
534 1418 648 1474 τοῦ,
702 1416 772 1478 μή
830 1416 1022 1486 πήραν,
1072 1416 1130 1464 τό
1175 1417 1244 1484 μή
1290 1411 1628 1483 ταμιεύεσθαι
1667 1412 1876 1480 τροφήνο

283 1494 376 1551 διὰ
427 1495 484 1552 δὲ
533 1507 644 1564 τού,
691 1505 762 1572 μή
806 1498 1139 1573 ὑποδήματα,
1194 1497 1525 1573 παιδοτριϐεἰ
1571 1499 1759 1558 αὐτούς
1812 1495 1879 1557 εἰς

282 1589 530 1646 οἰσκησιν.
559 1590 882 1661 Παρήγγειλε
909 1587 976 1648 δή
1020 1599 1181 1642 ταῦτα
1211 1595 1299 1642 καὶ
1330 1597 1438 1650 τοῖς
1470 1585 1679 1640 δώδεκα
1722 1585 1770 1638 ἐν
1809 1594 1880 1655 τῷ

283 1673 566 1733 δηλωθέντι
597 1675 1030 1750 ἐννεακαιδεκάτῳ
1061 1679 1333 1752 κεφαλαίῳ.

355 1772 454 1819 Καὶ
501 1799 570 1807 —
610 1766 946 1826 ἀσπάσησθε.
995 1776 1158 1822 Τοῦτο
1201 1768 1532 1842 προσέταξεν,
1594 1766 1650 1818 ού
1698 1764 1879 1838 βουλό·

1996 598 2110 669 pite
2167 599 2303 656 dicti
2343 601 2501 658 iliius
2544 603 3082 675 interpretationem
3117 626 3128 656 :
3165 603 3307 658 Ecce
3353 616 3446 671 ego
3476 601 3644 656 mitto

1995 701 2092 743 vos
2123 691 2408 760 tanquam
2439 708 2570 748 oves
2610 694 2673 748 in
2701 692 2883 749 medio
2913 694 3216 761 luporum.
3254 693 3322 742 ⁶¹.

2066 779 2273 834 Poterit
2304 780 2495 851 quivis
2512 781 2626 837 hoc
2667 783 2843 838 etiam
2875 782 3006 836 loco
3045 781 3262 844 dicere,
3303 779 3466 851 quod
3497 777 3645 834 duo-

1993 865 2179 921 decim
2212 869 2597 940 appellaverit
2627 887 2788 936 oves,
2820 877 3106 942 tanquam
3144 868 3528 940 perfectiores,
3560 883 3647 924 se-

1993 954 2304 1024 ptuaginta
2332 972 2470 1012 vero
2497 973 2704 1029 agnos,
2742 963 3027 1031 tanquam
3054 956 3394 1013 teneriores.

2066 1042 2227 1099 Vers.
2265 1048 2315 1099 4.
2367 1047 2568 1103 Nolite
2611 1079 2673 1087 —
2728 1049 3139 1104 calceamenta.
3188 1048 3302 1102 Hoc
3337 1045 3646 1102 interdicto

1987 1132 2157 1204 jubet
2187 1140 2249 1189 ut
2280 1135 2353 1189 de
2385 1138 2734 1193 necessariis
2753 1138 3017 1209 corporis
3044 1151 3212 1208 spem
3255 1135 3314 1190 in
3346 1135 3512 1190 illum
3544 1136 3646 1191 ha-

1992 1221 2312 1296 beant,qui
2343 1225 2508 1296 ipsos
2539 1227 2749 1282 emisit.
2779 1230 2923 1283 Cum
2963 1233 3163 1282 autem
3189 1226 3379 1297 jubet,
3409 1241 3483 1282 ne
3523 1241 3646 1281 sac~

1991 1312 2189 1366 culum
2221 1313 2429 1382 ferant,
2482 1315 2560 1370 ab
2592 1316 2837 1372 avaritia
2889 1321 3114 1372 avocat.
3186 1316 3418 1379 Dicens,
3473 1330 3648 1386 neque

1989 1415 2216 1468 peram,
2245 1403 2590 1459 dehortatur
2627 1421 2661 1459 a
2691 1403 3065 1460 recondendo
3108 1404 3261 1459 cibo.
3306 1403 3454 1458 Cum
3508 1419 3646 1458 vero

1991 1491 2159 1546 addit
2208 1507 2221 1543 :
2269 1507 2450 1564 neque
2501 1495 2922 1563 calceamenta,
2967 1495 3044 1550 ad
3103 1494 3446 1549 exercitium
3487 1493 3648 1563 ipsos

1991 1580 2202 1635 erudit.
2244 1581 2523 1654 Praecepit
2544 1600 2683 1640 vero
2711 1585 2839 1640 haec
2869 1584 3048 1640 etiam
3069 1583 3380 1639 duodecim
3405 1583 3649 1638 laudato

1993 1671 2180 1740 capite
2218 1671 2453 1727 decimo
2492 1688 2679 1730 nono.

2065 1759 2228 1815 Vers.
2282 1762 2334 1816 4.
2385 1764 2463 1818 Et
2509 1765 3028 1820 —salulaverilis.
3090 1765 3208 1818 Hoc
3276 1760 3470 1832 jussit,
3526 1773 3648 1814 non

281 1875 424 1927 μενος
505 1855 881 1930 ἀπανθρώπους
965 1858 1151 1919 αύτούς
1218 1859 1455 1929 γίνεσθαι
1510 1861 1597 1908 καὶ
1651 1854 1880 1929 ἀπροσή-

2016 1850 2357 1906 nhumanos
2388 1867 2490 1907 eos
2530 1851 2650 1908 ﬁeri
2681 1853 2908 1915 volens,
2938 1857 3040 1908 aut
3076 1851 3342 1906 moribus
3387 1863 3646 1920 asperos,

280 1951 485 2020 γόρους,
536 1945 642 1999 ἀλλ’
685 1944 1116 2019 ἀνεμποδίστους.
1171 1949 1330 2000 Εῖωθε
1372 1951 1472 2021 γὰρ
1526 1949 1556 2004 ἡ
1607 1944 1721 1997 καθ’
1759 1941 1882 1997 ὀδόν

283 2034 462 2104 ὁμιλία
520 2039 578 2086 τό
655 2039 892 2089 σύντονον
954 2037 1215 2107 ἐγκόπτειν
1309 2040 1371 2096 ὡς
1436 2038 1499 2088 τά
1573 2035 1735 2087 πολλά
1794 2043 1883 2093 τῆς

287 2120 545 2184 σπουδῆς.
609 2127 929 2196 Προστάττει
985 2130 1158 2176 τοίνυν
1208 2126 1384 2186 αὐτοῖς
1437 2130 1588 2196 μόνον
1645 2125 1883 2194 γίνεσθαι

282 2218 375 2263 τοῦ
427 2210 857 2284 ἐμπιστευθέντος
924 2216 1098 2284 ἔργον,
1157 2219 1246 2266 καὶ
1316 2210 1454 2286 μηδὲ
1511 2217 1596 2265 τόν
1651 2218 1883 2284 τυχόντα

281 2303 462 2373 καιρόν
510 2307 600 2352 τού
648 2305 983 2375 κηρύγματος
1037 2299 1273 2372 δαπανᾴν
1345 2306 1411 2362 είς
1467 2307 1531 2355 τά
1585 2308 1653 2374 μή
1721 2302 1881 2372 ἀναγ-

282 2394 409 2441 καία
449 2397 539 2442 καὶ
585 2392 840 2465 πάρεργα.
886 2396 984 2444 Καὶ
1029 2394 1053 2442 6
1086 2391 1376 2452 Ἐλισσαῖος
1429 2389 1486 2444 δὲ
1534 2391 1685 2443 πάλιν
1728 2391 1877 2451 Γιεζῆ

279 2482 365 2529 τόν
417 2480 679 2552 ὑπηρέτην
737 2480 892 2532 αὐτοῦ
947 2481 1032 2532 ἐπί
1084 2500 1136 2532 τι
1190 2489 1491 2550 κατεπεῖγον
1555 2480 1877 2546 ἀποστείλας,

279 2565 572 2619 ἕνετείλατο·
605 2569 683 2620 ὅτι
712 2568 826 2621 Ἐὰν
857 2569 1008 2642 εύρης
1037 2567 1225 2643 ἄνδρα,
1259 2571 1351 2622 οὐκ
1385 2571 1682 2640 εὐλογήσεις
1726 2570 1880 2624 αὐτόν

277 2660 366 2708 καὶ
410 2653 494 2707 ἐὰν
539 2656 796 2730 εύλογήση
861 2677 917 2710 σε
972 2657 1120 2733 ἀνήρ,
1167 2659 1258 2710 οὐκ
1316 2659 1650 2734 ἀποκριθήση
1715 2660 1876 2730 αύτῷ·

278 2744 533 2817 ἐμφαίνων
615 2751 672 2798 τό
736 2757 934 2821 χρῆναι
989 2744 1232 2819 βαδίζειν
1305 2748 1722 2821 ἀπερίσπαστον,
1791 2755 1879 2803 καὶ

279 2834 539 2896 παντελῶς
569 2833 972 2908 ἀνεμπόδιστον.

353 3013 440 3074 Εἰς
493 3012 552 3070 ἣν
615 3045 681 3054 -
727 3018 911 3086 τούτῳ.
959 3022 1123 3068 Τοῦτο
1170 3020 1228 3068 τό
1269 3022 1556 3091 πρόσρημα
1599 3019 1880 3090 ἀσπασμόν

281 3101 516 3155 ἐκάλεσεν
565 3105 589 3154 6
632 3106 902 3166 Mareotin;
946 3106 1056 3176 (68)
1110 3104 1156 3156 ἐν
1214 3114 1284 3175 τῷ
1343 3106 1682 3180 προρρηθέντι
1731 3127 1881 3178 κεφα-

1993 1955 2147 2011 quos
2179 1956 2358 1997 nemo
2390 1941 2576 2013 possit
2614 1942 2995 2014 compellare,
3061 1941 3163 1997 sed
3223 1939 3649 2011 impedimento

1985 2033 2281 2103 carentes.
2321 2031 2474 2086 Solet
2501 2033 2660 2088 enim
2687 2031 2964 2088 salutatio
2989 2047 3091 2102 per
3117 2030 3298 2097 viam,
3336 2029 3649 2085 vehemen-

1994 2119 2086 2173 tiae
2119 2119 2295 2174 studii
2349 2126 2412 2176 ut
2449 2121 2774 2193 plurimum
2833 2121 3088 2176 obstare.
3140 2119 3404 2190 Praecipit
3451 2118 3650 2190 itaque

1992 2206 2124 2276 illis,
2159 2217 2219 2265 ut
2273 2210 2383 2264 soli
2423 2210 2588 2280 operi
2651 2209 2736 2264 eis
2799 2210 3120 2265 commisso
3175 2209 3486 2264 intendant
3535 2223 3546 2261 :
3596 2211 3652 2262 et

1992 2300 2256 2356 oblatam
2273 2298 2715 2371 praedicationis
2731 2300 3108 2354 occasionem
3127 2315 3241 2353 non
3259 2299 3567 2353 insumant
3589 2297 3650 2352 in

1993 2406 2062 2445 ea
2092 2406 2226 2461 quae
2244 2389 2581 2444 necessaria
2604 2403 2723 2443 non
2756 2393 2911 2452 sunt,
2948 2388 3051 2444 sed
3092 2393 3306 2458 praeter
3357 2387 3651 2441 intentum

1993 2495 2120 2534 sese
2142 2477 2414 2533 offerunt.
2446 2477 2686 2532 Elisaaus
2705 2492 2945 2550 quoque
2977 2477 3119 2532 olim
3147 2477 3365 2531 emisso
3391 2474 3542 2531 Giezi
3571 2473 3654 2530 fa-

1992 2567 2155 2624 mulo
2185 2569 2260 2623 ad
2283 2584 2438 2638 opus
2469 2567 2633 2638 quod
2663 2566 3098 2622 festinationem
3124 2565 3482 2638 requirebat,
3506 2580 3653 2636 prae-

1992 2656 2148 2728 cepit
2172 2656 2372 2712 dicens
2399 2672 2409 2709 :
2452 2657 2517 2709 Si
2538 2658 2823 2712 inveneris
2849 2655 3053 2723 virum,
3084 2671 3201 2711 non
3222 2654 3531 2710 benedicas
3553 2654 3606 2709 ei
3634 2669 3647 2709 :

1988 2753 2044 2802 et
2066 2747 2117 2802 si
2136 2745 2239 2801 (ibi
2263 2745 2624 2802 benedixerit
2649 2747 2743 2801 vir
2770 2760 2845 2801 ne
2873 2744 3227 2813 respondeas
3281 2743 3380 2798 illi
3403 2744 3470 2809 θ’,
3509 2741 3653 2797 indi-

1990 2852 2129 2892 cans
2154 2851 2308 2908 opus
2339 2850 2468 2890 esse
2500 2839 2564 2890 ut
2587 2833 2970 2890 indistractus
3002 2849 3072 2889 ac
3120 2831 3369 2889 omnino
3399 2831 3524 2887 sine
3545 2831 3651 2886 im-

1991 2925 2334 2997 pedimento
2346 2923 2715 2996 procederet.

2063 3016 2232 3069 Vers.
2273 3018 2318 3069 5.
2356 3014 2418 3068 In
2471 3028 2880 3085 quamcunque
2916 3044 2986 3054 —
3042 3013 3203 3069 huic.
3233 3012 3396 3068 Hanc
3433 3010 3652 3068 allocu-

1994 3104 2213 3159 tionem
2243 3102 2543 3158 Matthaeus
2574 3102 2992 3158 salutationem
3019 3101 3350 3158 nominavit
3369 3100 3651 3171 praedicto

280 3190 426 3262 λαίῳ.
463 3190 719 3263 Σύμϐολον
762 3188 820 3245 δὲ
852 3192 1061 3262 ἀγάπης
1109 3195 1133 3244 6
1164 3201 1390 3254 τοιοῦτος
1440 3196 1739 3267 ἀσπασμός,
1792 3193 1880 3255 δη-

2006 3191 2210 3263 3apite.
2244 3193 2311 3246 ⁸³.
2349 3194 2442 3247 Est
2468 3195 2665 3246 autem
2709 3191 3062 3262 hujusmodi
3113 3189 3385 3246 salutatio
3409 3189 3649 3258 signum

280 3279 400 3344 λῶν,
431 3281 511 3332 ὅτι
543 3280 792 3351 εἰρηνικοὶ
819 3286 908 3332 καὶ
949 3281 1085 3351 φίλοι
1112 3287 1524 3354 παραγεγόνασι.

357 3459 456 3507 Καὶ
490 3453 573 3506 ἐὰν
610 3487 677 3497 -
706 3458 847 3527 ὑμῶν
876 3458 1011 3528 (69).
1031 3458 1086 3512 Ἠ
1119 3461 1280 3531 χάρις
1310 3469 1398 3520 τῆς
1417 3458 1664 3524 δοθείσης
1687 3463 1888 3537 εἰρήνης

284 3545 406 3616 παρ’
450 3545 611 3615 ὑμῶν,
659 3547 688 3602 ή
738 3545 962 3620 ἐνέργεια
1006 3557 1095 3599 τού
1148 3551 1381 3601 τοιούτου
1439 3551 1612 3622 λόγου·
1666 3556 1773 3614 υίὸς
1828 3551 1886 3607 δὲ

286 3631 512 3706 εἰρήνης,
540 3635 564 3684 ό
591 3634 868 3707 εἰρηνικὸς,
902 3640 970 3699 ὡς
1001 3633 1265 3712 διαφόρως
1287 3639 1579 3713 εἰρήκαμεν.

357 3811 416 3863 Εἰ
463 3807 521 3863 δὲ
561 3841 626 3851 —-
668 3811 982 3885 ἀνακάμψει.
1018 3815 1305 3888 Ἀνάγνωθι
1364 3823 1452 3870 καὶ
1505 3818 1554 3870 ἐν
1584 3828 1656 3890 τῷ
1715 3819 1880 3874 ἐννεα-

283 3897 578 3972 καιδεκάτῳ
608 3902 868 3973 κεφαλαίῳ
912 3912 1003 3955 τοῦ
1031 3909 1163 3957 κατά
1201 3909 1466 3960 ΙνῙατθαίον
1509 3913 1602 3966 τήν
1634 3909 1883 3981 ἐξήγησιν

282 3997 393 4042 τοῦο
429 3995 527 4042 Καὶ
558 3989 640 4042 ἐὰν
671 3994 760 4062 μὲν
790 3988 818 4049 ἦ
854 3995 882 4050 ἡ
917 3992 1058 4044 οἰκία
1084 3992 1224 4059 ἀξία,
1254 3995 1438 4048 ἐλθέτω
1470 4001 1498 4056 ἡ
1533 4001 1708 4072 εἰρήνη
1742 4001 1881 4072 ὑμῶν

281 4078 358 4132 ἐπ’
413 4079 594 4138 αὐτήνο
650 4078 735 4132 ἐὰν
814 4077 874 4134 δὲ
939 4087 1009 4153 μή
1181 4082 1320 4149 ἀξία,
1385 4089 1414 4144 ή
1485 4087 1659 4162 εἰρήνη
1741 4091 1880 4161 ὑμῶν

282 4172 413 4242 πρὸς
439 4170 575 4240 ὑμᾶς
605 4168 995 4243 ἐπιστραφήτω.

353 4257 434 4310 Ἐν
465 4259 595 4330 αὐτῇ
628 4288 694 4298 -
719 4259 875 4310 αὐτοῦ
905 4257 1042 4316 ἐστι.
1089 4266 1186 4314 Καὶ
1214 4268 1330 4333 περὶ
1367 4267 1562 4316 τούτων
1601 4267 1789 4337 ὁμοίως
1835 4267 1882 4319 ἐν

284 4345 454 4417 ἐκείνῳ
486 4355 557 4415 τῷ
589 4347 845 4418 κεφαλαίῳ
897 4358 1074 4420 σαφῶς
1121 4349 1336 4424 ἐρρήθη,
1387 4357 1572 4425 μικρὸν
1624 4353 1878 4426 ἀνωτέρω.

285 4433 506 4486 Ἐσθίειν
539 4431 597 4486 δε
635 4441 718 4487 καὶ
754 4442 913 4488 πίνειν
956 4441 1020 4489 τά
1059 4442 1180 4514 παρ’
1233 4440 1398 4492 αὐτῶν
1439 4440 1727 4515 ἐπέτρεψεν,
1779 4446 1879 4517 ούγ

285 4522 476 4585 ἁπλῶς,
508 4521 613 4574 ἀλλ’
641 4525 709 4584 ὡς
729 4529 919 4594 πρέπον
952 4525 1063 4578 ἐστὶ
1088 4530 1350 4598 μαθηταῖς
1383 4531 1558 4583 αὐτοῦ.
1590 4539 1750 4585 Τούτο
1783 4537 1880 4608 γὰρ

282 4619 541 4684 γνώριμον
570 4609 629 4669 ἦν
661 4613 853 4673 αὐτοῖς.

352 4705 438 4759 Μή
471 4731 538 4740 --
568 4700 760 4755 οἰκίαν.
798 4701 880 4754 Ἐν
907 4701 1066 4776 ἐκείνη
1103 4712 1162 4776 τῇ
1195 4703 1441 4776 ἐξηγήσει
1466 4713 1560 4766 τὴν
1589 4709 1758 4762 αἰτίαν
1790 4720 1880 4764 τοῦ

279 4793 352 4862 μὴ
385 4787 706 4862 μεταϐαίνειν
735 4793 854 4865 εύρή
866 4811 990 4854 σεις.

353 4883 453 4931 Καὶ
510 4879 580 4940 εἰς
651 4911 719 4921 -
777 4887 930 4934 Θεοῦ.
995 4882 1264 4935 Βασιλείαν
1329 4892 1420 4937 τού
1493 4891 1620 4940 Θεοῦ
1699 4889 1878 4943 ἑαυτὸν

278 4967 409 5038 λέγει
438 4974 525 5019 νῦν
560 4969 625 5029 ὡς
678 4967 902 5041 βασιλέα
944 4976 1033 5023 καὶ
1081 4976 1230 5030 Θεὸν.
1271 4972 1515 5046 ”Ηγγικε,
1567 4983 1742 5049 φησὶν,
1791 4987 1880 5034 καὶ

279 5052 387 5112 ἤδη
423 5051 747 5128 ἐπιδημήσει
793 5058 932 5129 ύμῖν·
985 5059 1123 5122 οἰξιοι
1164 5063 1388 5132 γίνεσθε,
1427 5062 1763 5136 ἑτοιμάζεσθε
1810 5069 1881 5132 εἰς

280 5139 579 5216 ὑποδοχήν.

351 5359 395 5395 ⁶¹
438 5359 634 5416 Matth.
666 5366 828 5430 x,16.
968 5364 1015 5399 δ’
1057 5363 1126 5420 IV
1156 5365 1298 5437 Reg.
1326 5381 1406 5436 1v,
1430 5366 1518 5424 29.

1653 5372 1933 5442 “Matth.
1975 5391 2032 5441 ι,
2073 5374 2156 5431 12.

1995 3280 2344 3344 dilectionis,
2374 3278 2718 3349 signiﬁcans
2737 3279 2898 3350 quod
2929 3278 3162 3351 paciﬁci
3193 3283 3245 3333 et
3272 3277 3440 3332 amici
3478 3277 3652 3333 adve-

1997 3370 2210 3424 nerint.

2068 3459 2235 3515 Vers.
2285 3461 2334 3512 6.
2368 3459 2449 3512 Et
2477 3458 2615 3512 si—
2646 3463 2862 3512 vestra.
2904 3459 3021 3512 Hoc
3052 3459 3142 3511 est
3197 3455 3389 3524 gratia
3438 3453 3591 3510 dataa
3615 3470 3651 3510 a

1995 3549 2161 3604 vobis
2184 3549 2366 3620 pacis,
2384 3546 2474 3602 vel
2491 3545 2755 3602 efﬁcacia
2772 3546 2874 3614 huj
2887 3545 3122 3601 usmodi
3143 3543 3455 3600 sermonis.
3471 3543 3650 3599 Filius

1993 3654 2235 3712 quoque
2262 3638 2424 3710 pacis
2450 3636 2662 3692 dicitur
2691 3636 2994 3707 paciﬁcus,
3029 3635 3178 3690 sicut
3208 3635 3385 3690 variis
3411 3635 3468 3689 in
3505 3633 3651 3690 locis

1993 3728 2276 3783 diximus.

2063 3819 2221 3872 Vers.
2254 3817 2306 3872 6.
2340 3816 2449 3872 Sin
2481 3848 2549 3856 —-
2581 3821 2873 3871 revertar.
2932 3815 3082 3887 Lege
3124 3829 3362 3886 quoque
3419 3812 3650 3870 decimo

1991 3922 2153 3963 nono
2180 3907 2372 3978 capite
2413 3904 2706 3974 Evangelii
2733 3905 2902 3976 juxta
2948 3904 3280 3960 Matthaaum
3324 3901 3464 3958 dicti
3495 3902 3650 3958 illius

1991 3997 2428 4052 enarrationem
2468 4014 2480 4052 :
2514 3997 2595 4051 Et
2621 3995 2669 4050 si
2708 3994 2929 4067 quidem
2974 3995 3162 4063 fuerit
3191 3993 3392 4048 domus
3450 3991 3646 4062 digna,

1991 4087 2194 4144 vcniat
2214 4101 2344 4156 pax
2378 4091 2566 4143 vestra
2617 4100 2792 4153 super
2822 4084 3026 4140 illam:
3082 4083 3133 4138 si
3173 4089 3363 4138 autem
3406 4080 3650 4151 indigna

1984 4175 2170 4244 fuerit
2196 4191 2316 4244 pax
2338 4181 2526 4230 vestra
2557 4174 2638 4229 ad
2659 4189 2754 4229 vos
2773 4177 3173 4228 convertatur.
3200 4171 3221 4206 ⁶

2063 4264 2226 4320 Vers.
2271 4265 2323 4316 7.
2355 4263 2423 4318 In
2453 4263 2656 4318 eadem
2695 4293 2762 4302 —
2784 4277 2888 4316 sua
2919 4267 3017 4315 est.
3055 4257 3330 4315 Similiter
3357 4257 3432 4312 de
3471 4256 3562 4311 his
3588 4255 3650 4312 in

1992 4352 2086 4408 illo
2140 4353 2328 4424 capite
2381 4350 2686 4407 manifeste
2739 4349 2962 4404 dictum
3022 4353 3112 4402 est
3138 4347 3320 4417 paulo
3347 4345 3646 4415 superius.

1990 4442 2188 4498 Edere
2213 4446 2412 4497 autem
2448 4455 2518 4494 ac
2533 4438 2737 4494 bibere
2768 4437 3058 4509 permisit,
3085 4452 3215 4508 quae
3248 4435 3324 4490 ab
3348 4433 3648 4505 illoporri-

1991 4536 2306 4602 gerentur;
2336 4545 2455 4586 non
2485 4528 2844 4600 simpliciter,
2870 4526 2976 4582 sed
2999 4527 3149 4581 sicut
3170 4522 3491 4595 discipulos
3509 4538 3649 4579 suos

1993 4621 2234 4678 decebat
2267 4636 2278 4674 ε
2312 4619 2427 4675 hoc
2457 4619 2616 4674 enim
2657 4617 2800 4688 ipsis
2842 4622 3048 4672 notum
3085 4619 3231 4678 erat,

2064 4710 2298 4766 Vers.7.
2329 4708 2533 4766 Nolite
2578 4734 2638 4743 —
2685 4707 2934 4762 domum.
3002 4705 3064 4760 ln
3121 4703 3222 4760 illa
3273 4702 3650 4759 enarratione

1991 4801 2170 4873 hujus
2247 4814 2492 4856 causam
2524 4795 2810 4852 invenies.

2095 4891 2258 4948 Vers.
2320 4893 2369 4946 8.
2417 4888 2486 4943 Et
2557 4886 2621 4943 in
2651 4917 2720 4926 —
2749 4885 2916 4942 Vers.
2969 4885 3023 4940 9.
3076 4883 3201 4940 Dei.
3248 4885 3518 4952 Regnum
3549 4882 3648 4940 Dei

1987 4996 2150 5044 nunc
2171 4979 2461 5050 seipsum,
2481 4975 2764 5049 appellat,
2808 4979 3094 5046 tanquam
3118 4988 3321 5044 regem
3351 4987 3422 5028 ac
3447 4973 3654 5032 Deum.

1989 5067 2532 5144 Appropinquavit,
2573 5065 2786 5138 inquit,
2813 5068 2871 5120 et
2903 5063 3033 5135 jam
3067 5061 3415 5119 deversatur
3451 5061 3647 5120 vobis-

1991 5176 2131 5217 cum
2165 5175 2178 5223 ;
2208 5156 2376 5228 digni
2423 5153 2754 5221 habemini,
2787 5153 2890 5227 qui
2919 5151 3349 5225 praeparamini
3404 5151 3477 5208 ad
3519 5151 3648 5223 ejus

1987 5248 2430 5322 susceptionem

2320 5371 2676 5452 «mnda_

1479 5495 1699 5564 Variae
1730 5497 2056 5568 lectiones
2107 5509 2172 5568 et
2211 5509 2412 5566 notae.

374 5631 462 5774 67g
502 5630 828 5686 Βαλλάντιον.
865 5637 929 5688 Α.

374 5703 439 5757 68
502 5703 685 5772 Igitur
732 5706 909 5760 etiam

502 5703 688 5788 Igitur
732 5706 909 5788 etiam
933 5705 1236 5788 nonnulli,
1277 5707 1392 5788 sed
1439 5713 1680 5788 temere,
1715 5716 1879 5788 apud

275 5775 612 5831 Matthazum
672 5774 711 5831 l.
765 5775 805 5832 l.
863 5775 1219 5836 intulerunt:
1257 5783 1518 5853 Λέγοντεςο
1567 5774 1774 5858 Εἰρήνη,
1807 5796 1880 5859 τῷ

1993 5644 2118 5696 οἵκω
2143 5645 2331 5696 τούτω.

2063 5699 2595 5788 ὠωἩοωωῆὼ
