  <div class='ocr_page' id='page_1' title='image "/cluster/home/n/w/nwhite01/storage/ocr_20150623/129/hvd.32044019208511/529.png"; bbox 0 0 4210 6464; ppageno 0'>
   <div class='ocr_carea' id='block_1_1' title="bbox 580 332 689 388">
    <p class='ocr_par' dir='ltr' id='par_1_1' title="bbox 580 332 689 388">
     <span class='ocr_line' id='line_1_1' title="bbox 580 332 689 388; baseline 0.009 -1"><span class='ocrx_word' id='word_1_1' title='bbox 580 332 689 388; x_wconf 83' lang='lat'><strong><em>959</em></strong></span> 
     </span>
    </p>
   </div>
   <div class='ocr_carea' id='block_1_2' title="bbox 579 550 2243 626">
    <p class='ocr_par' dir='ltr' id='par_1_2' title="bbox 579 550 2243 626">
     <span class='ocr_line' id='line_1_2' title="bbox 579 550 2243 626; baseline 0.001 -23"><span class='ocrx_word' id='word_1_2' title='bbox 579 562 800 620; x_wconf 70' lang='lat' dir='ltr'><strong><em>quaere,</em></strong></span> <span class='ocrx_word' id='word_1_3' title='bbox 835 550 938 606; x_wconf 91' lang='lat' dir='ltr'><strong><em>ubi</em></strong></span> <span class='ocrx_word' id='word_1_4' title='bbox 961 553 1327 610; x_wconf 79' lang='lat' dir='ltr'><strong><em>declaratum</em></strong></span> <span class='ocrx_word' id='word_1_5' title='bbox 1350 553 1599 611; x_wconf 90' lang='lat' dir='ltr'><strong><em>estillud</em></strong></span> <span class='ocrx_word' id='word_1_6' title='bbox 1628 571 1640 609; x_wconf 93' lang='lat'><strong>:</strong></span> <span class='ocrx_word' id='word_1_7' title='bbox 1675 555 1749 609; x_wconf 88' lang='lat' dir='ltr'><strong><em>Et</em></strong></span> <span class='ocrx_word' id='word_1_8' title='bbox 1773 554 2099 626; x_wconf 79' lang='lat' dir='ltr'><strong><em>quicunque</em></strong></span> <span class='ocrx_word' id='word_1_9' title='bbox 2124 567 2243 606; x_wconf 85' lang='lat' dir='ltr'><strong><em>non</em></strong></span> 
     </span>
    </p>
   </div>
   <div class='ocr_carea' id='block_1_3' title="bbox 578 642 1135 708">
    <p class='ocr_par' dir='ltr' id='par_1_3' title="bbox 578 642 1135 708">
     <span class='ocr_line' id='line_1_3' title="bbox 578 642 1135 708; baseline 0.007 -16"><span class='ocrx_word' id='word_1_10' title='bbox 578 642 892 708; x_wconf 76' lang='lat' dir='ltr'><strong><em>susceperit</em></strong></span> <span class='ocrx_word' id='word_1_11' title='bbox 930 657 1028 698; x_wconf 84' lang='lat' dir='ltr'><strong><em>vos</em></strong></span> <span class='ocrx_word' id='word_1_12' title='bbox 1066 645 1135 696; x_wconf 76' lang='grc'><strong><em>⁸⁵.</em></strong></span> 
     </span>
    </p>
   </div>
   <div class='ocr_carea' id='block_1_4' title="bbox 651 725 2247 807">
    <p class='ocr_par' dir='ltr' id='par_1_4' title="bbox 651 725 2247 807">
     <span class='ocr_line' id='line_1_4' title="bbox 651 725 2247 807; baseline 0.004 -25"><span class='ocrx_word' id='word_1_13' title='bbox 651 729 810 785; x_wconf 80' lang='lat' dir='ltr'><strong><em>Vere.</em></strong></span> <span class='ocrx_word' id='word_1_14' title='bbox 840 733 921 786; x_wconf 82' lang='grc'><strong><em>11.</em></strong></span> <span class='ocrx_word' id='word_1_15' title='bbox 973 733 1188 789; x_wconf 83' lang='lat' dir='ltr'><strong><em>Tamen</em></strong></span> <span class='ocrx_word' id='word_1_16' title='bbox 1219 763 1288 775; x_wconf 94' lang='lat'>—</span> <span class='ocrx_word' id='word_1_17' title='bbox 1313 733 1436 790; x_wconf 88' lang='lat' dir='ltr'><strong><em>Dei.</em></strong></span> <span class='ocrx_word' id='word_1_18' title='bbox 1462 737 1580 790; x_wconf 82' lang='lat' dir='ltr'><strong><em>Hoc</em></strong></span> <span class='ocrx_word' id='word_1_19' title='bbox 1606 733 1909 807; x_wconf 88' lang='lat' dir='ltr'><strong><em>protestari</em></strong></span> <span class='ocrx_word' id='word_1_20' title='bbox 1965 725 2247 805; x_wconf 66' lang='lat' dir='ltr'><strong><em>prmoepit</em></strong></span> 
     </span>
    </p>
   </div>
   <div class='ocr_carea' id='block_1_5' title="bbox 583 814 2242 895">
    <p class='ocr_par' dir='ltr' id='par_1_5' title="bbox 583 814 2242 895">
     <span class='ocr_line' id='line_1_5' title="bbox 583 814 2242 895; baseline 0.004 -25"><span class='ocrx_word' id='word_1_21' title='bbox 583 814 928 885; x_wconf 81' lang='lat' dir='ltr'><strong><em>incredulis,</em></strong></span> <span class='ocrx_word' id='word_1_22' title='bbox 961 837 1035 876; x_wconf 91' lang='lat' dir='ltr'><strong><em>ne</em></strong></span> <span class='ocrx_word' id='word_1_23' title='bbox 1091 822 1288 879; x_wconf 85' lang='lat' dir='ltr'><strong><em>dicere</em></strong></span> <span class='ocrx_word' id='word_1_24' title='bbox 1334 828 1582 895; x_wconf 79' lang='lat' dir='ltr'><strong><em>possent</em></strong></span> <span class='ocrx_word' id='word_1_25' title='bbox 1618 845 1630 879; x_wconf 90' lang='lat'>:</span> <span class='ocrx_word' id='word_1_26' title='bbox 1673 826 1796 880; x_wconf 83' lang='lat' dir='ltr'><strong><em>Non</em></strong></span> <span class='ocrx_word' id='word_1_27' title='bbox 1851 821 2242 892; x_wconf 76' lang='lat' dir='ltr'><strong><em>cognovimus</em></strong></span> 
     </span>
    </p>
   </div>
   <div class='ocr_carea' id='block_1_6' title="bbox 579 905 1409 976">
    <p class='ocr_par' dir='ltr' id='par_1_6' title="bbox 579 905 1409 976">
     <span class='ocr_line' id='line_1_6' title="bbox 579 905 1409 976; baseline 0.006 -16"><span class='ocrx_word' id='word_1_28' title='bbox 579 905 904 964; x_wconf 79' lang='lat' dir='ltr'><strong><em>adventum</em></strong></span> <span class='ocrx_word' id='word_1_29' title='bbox 931 915 1120 976; x_wconf 92' lang='lat' dir='ltr'><strong><em>tuum,</em></strong></span> <span class='ocrx_word' id='word_1_30' title='bbox 1141 911 1409 968; x_wconf 84' lang='lat' dir='ltr'><strong><em>Domine.</em></strong></span> 
     </span>
    </p>
   </div>
   <div class='ocr_carea' id='block_1_7' title="bbox 631 999 2242 1075">
    <p class='ocr_par' dir='ltr' id='par_1_7' title="bbox 631 999 2242 1075">
     <span class='ocr_line' id='line_1_7' title="bbox 631 999 2242 1075; baseline 0.005 -18"><span class='ocrx_word' id='word_1_31' title='bbox 631 1002 794 1057; x_wconf 89' lang='lat' dir='ltr'><strong><em>Vers.</em></strong></span> <span class='ocrx_word' id='word_1_32' title='bbox 824 1001 910 1054; x_wconf 82' lang='grc'><strong>12.</strong></span> <span class='ocrx_word' id='word_1_33' title='bbox 942 999 1081 1056; x_wconf 84' lang='lat' dir='ltr'><em>Dico</em></span> <span class='ocrx_word' id='word_1_34' title='bbox 1110 1032 1178 1041; x_wconf 97' lang='lat'><strong>—</strong></span> <span class='ocrx_word' id='word_1_35' title='bbox 1208 1001 1318 1057; x_wconf 81' lang='lat' dir='ltr'><strong><em>illi.</em></strong></span> <span class='ocrx_word' id='word_1_36' title='bbox 1349 1001 1637 1058; x_wconf 70' lang='lat' dir='ltr'><strong><em>Praedicto</em></strong></span> <span class='ocrx_word' id='word_1_37' title='bbox 1667 1003 1859 1075; x_wconf 79' lang='lat' dir='ltr'><strong><em>capite</em></strong></span> <span class='ocrx_word' id='word_1_38' title='bbox 1905 1007 2082 1063; x_wconf 88' lang='lat' dir='ltr'><strong><em>etiam</em></strong></span> <span class='ocrx_word' id='word_1_39' title='bbox 2113 1007 2242 1065; x_wconf 68' lang='lat' dir='ltr'><strong><em>haec</em></strong></span> 
     </span>
    </p>
   </div>
   <div class='ocr_carea' id='block_1_8' title="bbox 579 1089 1527 1148">
    <p class='ocr_par' dir='ltr' id='par_1_8' title="bbox 579 1089 1527 1148">
     <span class='ocr_line' id='line_1_8' title="bbox 579 1089 1527 1148; baseline -0.004 0"><span class='ocrx_word' id='word_1_40' title='bbox 579 1089 1003 1148; x_wconf 81' lang='lat' dir='ltr'><strong><em>convenienter</em></strong></span> <span class='ocrx_word' id='word_1_41' title='bbox 1039 1090 1340 1148; x_wconf 89' lang='lat' dir='ltr'><strong><em>declarata</em></strong></span> <span class='ocrx_word' id='word_1_42' title='bbox 1367 1096 1527 1148; x_wconf 87' lang='lat' dir='ltr'><strong><em>sunt.</em></strong></span> 
     </span>
    </p>
   </div>
   <div class='ocr_carea' id='block_1_9' title="bbox 653 1182 2234 1251">
    <p class='ocr_par' dir='ltr' id='par_1_9' title="bbox 653 1182 2234 1251">
     <span class='ocr_line' id='line_1_9' title="bbox 653 1182 2234 1251; baseline 0.005 -15"><span class='ocrx_word' id='word_1_43' title='bbox 653 1183 815 1237; x_wconf 87' lang='lat' dir='ltr'><strong><em>Vers.</em></strong></span> <span class='ocrx_word' id='word_1_44' title='bbox 864 1182 950 1238; x_wconf 85' lang='grc'><strong><em>13.</em></strong></span> <span class='ocrx_word' id='word_1_45' title='bbox 1025 1183 1120 1237; x_wconf 72' lang='lat' dir='ltr'><strong><em>Vas</em></strong></span> <span class='ocrx_word' id='word_1_46' title='bbox 1168 1213 1226 1223; x_wconf 89' lang='lat'><strong><em>-—-</em></strong></span> <span class='ocrx_word' id='word_1_47' title='bbox 1275 1182 1656 1251; x_wconf 71' lang='lat' dir='ltr'><strong><em>paenituisset.</em></strong></span> <span class='ocrx_word' id='word_1_48' title='bbox 1693 1184 1900 1248; x_wconf 61' lang='lat' dir='ltr'><strong><em>Quare</em></strong></span> <span class='ocrx_word' id='word_1_49' title='bbox 1949 1185 2234 1244; x_wconf 89' lang='lat' dir='ltr'><strong><em>vicesimo</em></strong></span> 
     </span>
    </p>
   </div>
   <div class='ocr_carea' id='block_1_10' title="bbox 585 1270 2245 1348">
    <p class='ocr_par' dir='ltr' id='par_1_10' title="bbox 585 1270 2245 1348">
     <span class='ocr_line' id='line_1_10' title="bbox 585 1270 2245 1348; baseline 0.002 -20"><span class='ocrx_word' id='word_1_50' title='bbox 585 1271 967 1344; x_wconf 76' lang='lat' dir='ltr'><strong><em>capitejuxta</em></strong></span> <span class='ocrx_word' id='word_1_51' title='bbox 997 1271 1359 1344; x_wconf 69' lang='lat' dir='ltr'><strong><em>Matthaaum,</em></strong></span> <span class='ocrx_word' id='word_1_52' title='bbox 1396 1270 1495 1326; x_wconf 92' lang='lat' dir='ltr'><strong><em>ubi</em></strong></span> <span class='ocrx_word' id='word_1_53' title='bbox 1545 1271 1810 1328; x_wconf 89' lang='lat' dir='ltr'><strong><em>dicitur:</em></strong></span> <span class='ocrx_word' id='word_1_54' title='bbox 1877 1275 2033 1330; x_wconf 79' lang='lat' dir='ltr'><strong><em>Tunc</em></strong></span> <span class='ocrx_word' id='word_1_55' title='bbox 2081 1278 2245 1348; x_wconf 71' lang='lat' dir='ltr'><strong><em>ctrqit</em></strong></span> 
     </span>
    </p>
   </div>
   <div class='ocr_carea' id='block_1_11' title="bbox 584 1360 2244 1438">
    <p class='ocr_par' dir='ltr' id='par_1_11' title="bbox 584 1360 2244 1438">
     <span class='ocr_line' id='line_1_11' title="bbox 584 1360 2244 1438; baseline -0.005 -20"><span class='ocrx_word' id='word_1_56' title='bbox 584 1361 952 1430; x_wconf 69' lang='lat' dir='ltr'><strong><em>exprobrare</em></strong></span> <span class='ocrx_word' id='word_1_57' title='bbox 975 1360 1328 1425; x_wconf 73' lang='lat' dir='ltr'><strong><em>civitatibus,</em></strong></span> <span class='ocrx_word' id='word_1_58' title='bbox 1358 1363 1420 1416; x_wconf 87' lang='lat' dir='ltr'><strong><em>in</em></strong></span> <span class='ocrx_word' id='word_1_59' title='bbox 1435 1361 1646 1432; x_wconf 80' lang='lat' dir='ltr'><strong><em>quibus</em></strong></span> <span class='ocrx_word' id='word_1_60' title='bbox 1671 1362 1828 1418; x_wconf 70' lang='lat' dir='ltr'><strong><em>editae</em></strong></span> <span class='ocrx_word' id='word_1_61' title='bbox 1847 1366 2084 1434; x_wconf 82' lang='lat' dir='ltr'><strong><em>fuerant</em></strong></span> <span class='ocrx_word' id='word_1_62' title='bbox 2117 1368 2244 1438; x_wconf 80' lang='lat' dir='ltr'><strong><em>plu.</em></strong></span> 
     </span>
    </p>
   </div>
   <div class='ocr_carea' id='block_1_12' title="bbox 584 1450 2248 1522">
    <p class='ocr_par' dir='ltr' id='par_1_12' title="bbox 584 1450 2248 1522">
     <span class='ocr_line' id='line_1_12' title="bbox 584 1450 2248 1522; baseline 0.004 -16"><span class='ocrx_word' id='word_1_63' title='bbox 584 1450 759 1506; x_wconf 71' lang='lat' dir='ltr'><strong><em>rimae</em></strong></span> <span class='ocrx_word' id='word_1_64' title='bbox 786 1451 1022 1506; x_wconf 85' lang='lat' dir='ltr'><strong><em>virtutes</em></strong></span> <span class='ocrx_word' id='word_1_65' title='bbox 1053 1453 1195 1520; x_wconf 87' lang='lat' dir='ltr'><strong><em>ejus,</em></strong></span> <span class='ocrx_word' id='word_1_66' title='bbox 1255 1450 1525 1521; x_wconf 85' lang='lat' dir='ltr'><strong><em>quodnon</em></strong></span> <span class='ocrx_word' id='word_1_67' title='bbox 1611 1453 1986 1522; x_wconf 77' lang='lat' dir='ltr'><strong><em>resipuissent</em></strong></span> <span class='ocrx_word' id='word_1_68' title='bbox 2043 1456 2090 1490; x_wconf 79' lang='grc'>⁸⁸</span> <span class='ocrx_word' id='word_1_69' title='bbox 2121 1471 2135 1522; x_wconf 85' lang='grc'><strong>;</strong></span> <span class='ocrx_word' id='word_1_70' title='bbox 2166 1455 2248 1512; x_wconf 87' lang='lat' dir='ltr'><strong><em>ibi</em></strong></span> 
     </span>
    </p>
   </div>
   <div class='ocr_carea' id='block_1_13' title="bbox 579 1538 1459 1596">
    <p class='ocr_par' dir='ltr' id='par_1_13' title="bbox 579 1538 1459 1596">
     <span class='ocr_line' id='line_1_13' title="bbox 579 1538 1459 1596; baseline -0.003 -2"><span class='ocrx_word' id='word_1_71' title='bbox 579 1539 733 1596; x_wconf 89' lang='lat' dir='ltr'><strong><em>enim</em></strong></span> <span class='ocrx_word' id='word_1_72' title='bbox 762 1542 816 1594; x_wconf 88' lang='lat' dir='ltr'><strong><em>et</em></strong></span> <span class='ocrx_word' id='word_1_73' title='bbox 845 1538 920 1594; x_wconf 91' lang='lat' dir='ltr'><strong><em>de</em></strong></span> <span class='ocrx_word' id='word_1_74' title='bbox 959 1538 1053 1594; x_wconf 91' lang='lat' dir='ltr'><strong><em>his</em></strong></span> <span class='ocrx_word' id='word_1_75' title='bbox 1093 1539 1321 1594; x_wconf 90' lang='lat' dir='ltr'><strong><em>dictum</em></strong></span> <span class='ocrx_word' id='word_1_76' title='bbox 1349 1544 1459 1594; x_wconf 90' lang='lat' dir='ltr'><strong><em>est.</em></strong></span> 
     </span>
    </p>
   </div>
   <div class='ocr_carea' id='block_1_14' title="bbox 649 1627 2250 1704">
    <p class='ocr_par' dir='ltr' id='par_1_14' title="bbox 649 1627 2250 1704">
     <span class='ocr_line' id='line_1_14' title="bbox 649 1627 2250 1704; baseline 0.004 -22"><span class='ocrx_word' id='word_1_77' title='bbox 649 1629 810 1683; x_wconf 83' lang='lat' dir='ltr'><strong><em>Vers.</em></strong></span> <span class='ocrx_word' id='word_1_78' title='bbox 853 1631 941 1684; x_wconf 75' lang='grc'><strong>14.</strong></span> <span class='ocrx_word' id='word_1_79' title='bbox 984 1627 1389 1684; x_wconf 80' lang='lat' dir='ltr'><strong><em>Verumtamen</em></strong></span> <span class='ocrx_word' id='word_1_80' title='bbox 1420 1659 1488 1669; x_wconf 98' lang='lat'><strong>—</strong></span> <span class='ocrx_word' id='word_1_81' title='bbox 1518 1629 1696 1685; x_wconf 81' lang='lat' dir='ltr'><strong><em>vobis.</em></strong></span> <span class='ocrx_word' id='word_1_82' title='bbox 1730 1630 1933 1698; x_wconf 86' lang='lat' dir='ltr'><strong><em>Vobis,</em></strong></span> <span class='ocrx_word' id='word_1_83' title='bbox 1960 1637 2118 1704; x_wconf 89' lang='lat' dir='ltr'><strong><em>puta,</em></strong></span> <span class='ocrx_word' id='word_1_84' title='bbox 2155 1632 2250 1689; x_wconf 91' lang='lat' dir='ltr'><strong><em>in-</em></strong></span> 
     </span>
    </p>
   </div>
   <div class='ocr_carea' id='block_1_15' title="bbox 577 1716 2248 1794">
    <p class='ocr_par' dir='ltr' id='par_1_15' title="bbox 577 1716 2248 1794">
     <span class='ocr_line' id='line_1_15' title="bbox 577 1716 2248 1794; baseline 0.004 -22"><span class='ocrx_word' id='word_1_85' title='bbox 577 1716 857 1774; x_wconf 83' lang='lat' dir='ltr'><strong><em>credulis.</em></strong></span> <span class='ocrx_word' id='word_1_86' title='bbox 890 1717 1010 1772; x_wconf 86' lang='lat' dir='ltr'><strong><em>Hoc</em></strong></span> <span class='ocrx_word' id='word_1_87' title='bbox 1052 1733 1297 1790; x_wconf 88' lang='lat' dir='ltr'><strong><em>quoque</em></strong></span> <span class='ocrx_word' id='word_1_88' title='bbox 1353 1717 1499 1773; x_wconf 80' lang='lat' dir='ltr'><strong><em>dixit</em></strong></span> <span class='ocrx_word' id='word_1_89' title='bbox 1550 1718 1789 1775; x_wconf 91' lang='lat' dir='ltr'><strong><em>decimo</em></strong></span> <span class='ocrx_word' id='word_1_90' title='bbox 1832 1737 1983 1776; x_wconf 89' lang='lat' dir='ltr'><strong><em>uono</em></strong></span> <span class='ocrx_word' id='word_1_91' title='bbox 2052 1723 2248 1794; x_wconf 82' lang='lat' dir='ltr'><strong><em>capite</em></strong></span> 
     </span>
    </p>
   </div>
   <div class='ocr_carea' id='block_1_16' title="bbox 1905 333 2628 394">
    <p class='ocr_par' dir='ltr' id='par_1_16' title="bbox 1905 333 2628 394">
     <span class='ocr_line' id='line_1_16' title="bbox 1905 333 2628 394; baseline 0.003 -2"><span class='ocrx_word' id='word_1_92' title='bbox 1905 335 2253 392; x_wconf 80' lang='lat' dir='ltr'><strong><em>EUTHYMII</em></strong></span> <span class='ocrx_word' id='word_1_93' title='bbox 2295 333 2628 394; x_wconf 82' lang='lat' dir='ltr'><strong><em>ZIGABENI</em></strong></span> 
     </span>
    </p>
   </div>
   <div class='ocr_carea' id='block_1_17' title="bbox 653 460 2320 521">
    <p class='ocr_par' dir='ltr' id='par_1_17' title="bbox 653 460 2320 521">
     <span class='ocr_line' id='line_1_17' title="bbox 653 460 2320 521; baseline 0.001 -8"><span class='ocrx_word' id='word_1_94' title='bbox 653 460 812 516; x_wconf 87' lang='lat' dir='ltr'><strong><em>Vers.</em></strong></span> <span class='ocrx_word' id='word_1_95' title='bbox 854 461 939 517; x_wconf 86' lang='grc'><strong>10.</strong></span> <span class='ocrx_word' id='word_1_96' title='bbox 969 461 1036 520; x_wconf 88' lang='lat' dir='ltr'><strong><em>ln</em></strong></span> <span class='ocrx_word' id='word_1_97' title='bbox 1085 495 1154 506; x_wconf 91' lang='lat'>—</span> <span class='ocrx_word' id='word_1_98' title='bbox 1200 465 1360 520; x_wconf 79' lang='lat' dir='ltr'><strong><em>Vers.</em></strong></span> <span class='ocrx_word' id='word_1_99' title='bbox 1403 465 1492 519; x_wconf 85' lang='grc'><strong><em>11.</em></strong></span> <span class='ocrx_word' id='word_1_100' title='bbox 1554 479 1672 520; x_wconf 89' lang='lat' dir='ltr'><strong><em>vos.</em></strong></span> <span class='ocrx_word' id='word_1_101' title='bbox 1703 463 1788 521; x_wconf 92' lang='lat' dir='ltr'><strong><em>lbi</em></strong></span> <span class='ocrx_word' id='word_1_102' title='bbox 1836 463 1910 520; x_wconf 90' lang='lat' dir='ltr'><strong><em>de</em></strong></span> <span class='ocrx_word' id='word_1_103' title='bbox 1945 463 2039 520; x_wconf 91' lang='lat' dir='ltr'><strong><em>his</em></strong></span> <span class='ocrx_word' id='word_1_104' title='bbox 2060 461 2242 518; x_wconf 90' lang='lat' dir='ltr'><strong><em>etiam</em></strong></span> <span class='ocrx_word' id='word_1_105' title='bbox 2273 461 2320 514; x_wconf 77' lang='grc' dir='ltr'><strong>Α</strong></span> 
     </span>
    </p>
   </div>
   <div class='ocr_carea' id='block_1_18' title="bbox 3911 338 4044 393">
    <p class='ocr_par' dir='ltr' id='par_1_18' title="bbox 3911 338 4044 393">
     <span class='ocr_line' id='line_1_18' title="bbox 3911 338 4044 393; baseline 0 0"><span class='ocrx_word' id='word_1_106' title='bbox 3911 338 4044 393; x_wconf 83' lang='lat'><strong><em>960</em></strong></span> 
     </span>
    </p>
   </div>
   <div class='ocr_carea' id='block_1_19' title="bbox 2906 464 4038 540">
    <p class='ocr_par' dir='ltr' id='par_1_19' title="bbox 2906 464 4038 540">
     <span class='ocr_line' id='line_1_19' title="bbox 2906 464 4038 540; baseline -0.006 -20"><span class='ocrx_word' id='word_1_107' title='bbox 2906 467 3038 520; x_wconf 78' lang='grc' dir='ltr'>Ἐκεῖ</span> <span class='ocrx_word' id='word_1_108' title='bbox 3096 472 3186 520; x_wconf 76' lang='grc' dir='ltr'>καὶ</span> <span class='ocrx_word' id='word_1_109' title='bbox 3252 471 3368 540; x_wconf 83' lang='grc' dir='ltr'>περὶ</span> <span class='ocrx_word' id='word_1_110' title='bbox 3432 466 3624 517; x_wconf 87' lang='grc' dir='ltr'>τούτων</span> <span class='ocrx_word' id='word_1_111' title='bbox 3700 464 4038 530; x_wconf 71' lang='grc' dir='ltr'>ζήτησον,</span> 
     </span>
    </p>
   </div>
   <div class='ocr_carea' id='block_1_20' title="bbox 2354 550 4042 627">
    <p class='ocr_par' dir='ltr' id='par_1_20' title="bbox 2354 550 4042 627">
     <span class='ocr_line' id='line_1_20' title="bbox 2354 550 4042 627; baseline -0.001 -23"><span class='ocrx_word' id='word_1_112' title='bbox 2354 555 2474 605; x_wconf 73' lang='grc' dir='ltr'>ἔνθα</span> <span class='ocrx_word' id='word_1_113' title='bbox 2526 556 2825 627; x_wconf 80' lang='grc' dir='ltr'>ἠρμηνεύθη</span> <span class='ocrx_word' id='word_1_114' title='bbox 2876 563 2955 612; x_wconf 87' lang='grc' dir='ltr'>τό.</span> <span class='ocrx_word' id='word_1_115' title='bbox 3023 562 3123 610; x_wconf 76' lang='grc' dir='ltr'><strong><em>Καὶ</em></strong></span> <span class='ocrx_word' id='word_1_116' title='bbox 3178 557 3233 618; x_wconf 87' lang='grc' dir='ltr'>ὃς</span> <span class='ocrx_word' id='word_1_117' title='bbox 3298 555 3358 607; x_wconf 81' lang='grc' dir='ltr'>ἂν</span> <span class='ocrx_word' id='word_1_118' title='bbox 3411 555 3526 626; x_wconf 84' lang='grc'><strong><em>(70)</em></strong></span> <span class='ocrx_word' id='word_1_119' title='bbox 3577 559 3647 626; x_wconf 69' lang='grc' dir='ltr'><strong><em>μὴ</em></strong></span> <span class='ocrx_word' id='word_1_120' title='bbox 3756 550 4042 615; x_wconf 76' lang='grc' dir='ltr'><strong><em>δέξηται</em></strong></span> 
     </span>
    </p>
   </div>
   <div class='ocr_carea' id='block_1_21' title="bbox 2355 662 2510 714">
    <p class='ocr_par' dir='ltr' id='par_1_21' title="bbox 2355 662 2510 714">
     <span class='ocr_line' id='line_1_21' title="bbox 2355 662 2510 714; baseline 0.013 -21"><span class='ocrx_word' id='word_1_121' title='bbox 2355 662 2510 714; x_wconf 76' lang='grc' dir='ltr'>υμας.</span> 
     </span>
    </p>
   </div>
   <div class='ocr_carea' id='block_1_22' title="bbox 2426 729 4036 808">
    <p class='ocr_par' dir='ltr' id='par_1_22' title="bbox 2426 729 4036 808">
     <span class='ocr_line' id='line_1_22' title="bbox 2426 729 4036 808; baseline -0.006 -17"><span class='ocrx_word' id='word_1_122' title='bbox 2426 735 2560 790; x_wconf 71' lang='grc' dir='ltr'>Πλὴν</span> <span class='ocrx_word' id='word_1_123' title='bbox 2588 763 2652 775; x_wconf 89' lang='lat'><strong>—</strong></span> <span class='ocrx_word' id='word_1_124' title='bbox 2684 741 2836 786; x_wconf 79' lang='grc' dir='ltr'>Θεοῦ.</span> <span class='ocrx_word' id='word_1_125' title='bbox 2861 741 3023 787; x_wconf 83' lang='grc' dir='ltr'>Τοῦτο</span> <span class='ocrx_word' id='word_1_126' title='bbox 3055 734 3338 808; x_wconf 83' lang='grc' dir='ltr'>προσέταξε</span> <span class='ocrx_word' id='word_1_127' title='bbox 3355 729 3876 805; x_wconf 74' lang='grc' dir='ltr'><strong><em>διαμαρτύρασθαι</em></strong></span> <span class='ocrx_word' id='word_1_128' title='bbox 3903 739 4036 793; x_wconf 83' lang='grc' dir='ltr'>τοῖς</span> 
     </span>
    </p>
   </div>
   <div class='ocr_carea' id='block_1_23' title="bbox 2355 821 4032 897">
    <p class='ocr_par' dir='ltr' id='par_1_23' title="bbox 2355 821 4032 897">
     <span class='ocr_line' id='line_1_23' title="bbox 2355 821 4032 897; baseline -0.001 -25"><span class='ocrx_word' id='word_1_129' title='bbox 2355 822 2637 890; x_wconf 78' lang='grc' dir='ltr'>ἁπειθέσιν,</span> <span class='ocrx_word' id='word_1_130' title='bbox 2673 825 2756 875; x_wconf 83' lang='grc' dir='ltr'>ἵνα</span> <span class='ocrx_word' id='word_1_131' title='bbox 2775 829 2846 897; x_wconf 74' lang='grc' dir='ltr'><em>μὴ</em></span> <span class='ocrx_word' id='word_1_132' title='bbox 2882 821 3140 877; x_wconf 82' lang='grc' dir='ltr'><strong><em>δύνωνται</em></strong></span> <span class='ocrx_word' id='word_1_133' title='bbox 3159 824 3339 895; x_wconf 81' lang='grc' dir='ltr'>λέγειν,</span> <span class='ocrx_word' id='word_1_134' title='bbox 3365 823 3486 875; x_wconf 83' lang='grc' dir='ltr'>Ὀτι</span> <span class='ocrx_word' id='word_1_135' title='bbox 3511 821 3605 874; x_wconf 88' lang='grc' dir='ltr'><strong><em>ούκ</em></strong></span> <span class='ocrx_word' id='word_1_136' title='bbox 3627 824 3911 892; x_wconf 73' lang='grc' dir='ltr'>ἔγνωμεν</span> <span class='ocrx_word' id='word_1_137' title='bbox 3930 825 4032 879; x_wconf 65' lang='grc' dir='ltr'>τὴν</span> 
     </span>
    </p>
   </div>
   <div class='ocr_carea' id='block_1_24' title="bbox 2352 917 3008 988">
    <p class='ocr_par' dir='ltr' id='par_1_24' title="bbox 2352 917 3008 988">
     <span class='ocr_line' id='line_1_24' title="bbox 2352 917 3008 988; baseline 0.011 -27"><span class='ocrx_word' id='word_1_138' title='bbox 2352 917 2644 982; x_wconf 78' lang='grc' dir='ltr'><strong><em>παρουσίαν</em></strong></span> <span class='ocrx_word' id='word_1_139' title='bbox 2675 932 2790 979; x_wconf 88' lang='grc' dir='ltr'>σου,</span> <span class='ocrx_word' id='word_1_140' title='bbox 2837 917 3008 988; x_wconf 75' lang='grc' dir='ltr'>Κύριε.</span> 
     </span>
    </p>
   </div>
   <div class='ocr_carea' id='block_1_25' title="bbox 2429 464 2829 538">
    <p class='ocr_par' dir='ltr' id='par_1_25' title="bbox 2429 464 2829 538">
     <span class='ocr_line' id='line_1_25' title="bbox 2429 464 2829 538; baseline 0.018 -23"><span class='ocrx_word' id='word_1_141' title='bbox 2429 464 2519 525; x_wconf 77' lang='grc' dir='ltr'><strong><em>Εἰς</em></strong></span> <span class='ocrx_word' id='word_1_142' title='bbox 2565 496 2630 505; x_wconf 92' lang='grc'><strong>-</strong></span> <span class='ocrx_word' id='word_1_143' title='bbox 2684 468 2829 538; x_wconf 74' lang='grc' dir='ltr'>ύμῖν.</span> 
     </span>
    </p>
   </div>
   <div class='ocr_carea' id='block_1_26' title="bbox 2424 999 4030 1075">
    <p class='ocr_par' dir='ltr' id='par_1_26' title="bbox 2424 999 4030 1075">
     <span class='ocr_line' id='line_1_26' title="bbox 2424 999 4030 1075; baseline -0.001 -24"><span class='ocrx_word' id='word_1_144' title='bbox 2424 1005 2574 1071; x_wconf 87' lang='grc' dir='ltr'>Λέγω</span> <span class='ocrx_word' id='word_1_145' title='bbox 2604 1032 2668 1040; x_wconf 88' lang='grc'><strong>-</strong></span> <span class='ocrx_word' id='word_1_146' title='bbox 2701 1002 2885 1075; x_wconf 69' lang='grc' dir='ltr'>ἐκείνῃ.</span> <span class='ocrx_word' id='word_1_147' title='bbox 2920 1004 3001 1055; x_wconf 86' lang='grc' dir='ltr'>Ἐν</span> <span class='ocrx_word' id='word_1_148' title='bbox 3032 1011 3104 1073; x_wconf 85' lang='grc' dir='ltr'>τῷ</span> <span class='ocrx_word' id='word_1_149' title='bbox 3133 1005 3346 1073; x_wconf 81' lang='grc' dir='ltr'>τοιούτῳ</span> <span class='ocrx_word' id='word_1_150' title='bbox 3376 999 3636 1074; x_wconf 72' lang='grc' dir='ltr'>κεφαλαίῳ</span> <span class='ocrx_word' id='word_1_151' title='bbox 3673 1001 3790 1052; x_wconf 82' lang='grc' dir='ltr'><strong>καί</strong></span> <span class='ocrx_word' id='word_1_152' title='bbox 3825 1006 4030 1050; x_wconf 78' lang='grc' dir='ltr'>ταῦτα</span> 
     </span>
    </p>
   </div>
   <div class='ocr_carea' id='block_1_27' title="bbox 2352 1094 3174 1166">
    <p class='ocr_par' dir='ltr' id='par_1_27' title="bbox 2352 1094 3174 1166">
     <span class='ocr_line' id='line_1_27' title="bbox 2352 1094 3174 1166; baseline 0.005 -25"><span class='ocrx_word' id='word_1_153' title='bbox 2352 1095 2721 1161; x_wconf 75' lang='grc' dir='ltr'><strong><em>προσηκόντως</em></strong></span> <span class='ocrx_word' id='word_1_154' title='bbox 2752 1094 3174 1166; x_wconf 73' lang='grc' dir='ltr'>ἡρμηνεύθησαν.</span> 
     </span>
    </p>
   </div>
   <div class='ocr_carea' id='block_1_28' title="bbox 2424 1178 4024 1253">
    <p class='ocr_par' dir='ltr' id='par_1_28' title="bbox 2424 1178 4024 1253">
     <span class='ocr_line' id='line_1_28' title="bbox 2424 1178 4024 1253; baseline 0 -23"><span class='ocrx_word' id='word_1_155' title='bbox 2424 1179 2560 1232; x_wconf 85' lang='grc' dir='ltr'>Ούαί</span> <span class='ocrx_word' id='word_1_156' title='bbox 2622 1212 2691 1221; x_wconf 92' lang='lat'><strong><em>-—</em></strong></span> <span class='ocrx_word' id='word_1_157' title='bbox 2767 1187 3100 1253; x_wconf 81' lang='grc' dir='ltr'>μετενόησαν.</span> <span class='ocrx_word' id='word_1_158' title='bbox 3177 1185 3418 1238; x_wconf 80' lang='grc' dir='ltr'>Ζήτησον</span> <span class='ocrx_word' id='word_1_159' title='bbox 3475 1178 3523 1231; x_wconf 85' lang='grc' dir='ltr'><strong><em>ἐν</em></strong></span> <span class='ocrx_word' id='word_1_160' title='bbox 3592 1186 3664 1248; x_wconf 82' lang='grc' dir='ltr'>τῷ</span> <span class='ocrx_word' id='word_1_161' title='bbox 3752 1180 4024 1248; x_wconf 75' lang='grc' dir='ltr'>εἰκοστῷ</span> 
     </span>
    </p>
   </div>
   <div class='ocr_carea' id='block_1_29' title="bbox 2353 1269 4017 1341">
    <p class='ocr_par' dir='ltr' id='par_1_29' title="bbox 2353 1269 4017 1341">
     <span class='ocr_line' id='line_1_29' title="bbox 2353 1269 4017 1341; baseline -0.001 -21"><span class='ocrx_word' id='word_1_162' title='bbox 2353 1269 2612 1341; x_wconf 70' lang='grc' dir='ltr'>κεφαλαίῳ</span> <span class='ocrx_word' id='word_1_163' title='bbox 2688 1279 2779 1322; x_wconf 81' lang='grc' dir='ltr'>τοῦ</span> <span class='ocrx_word' id='word_1_164' title='bbox 2851 1273 2984 1323; x_wconf 88' lang='grc' dir='ltr'>κατὰ</span> <span class='ocrx_word' id='word_1_165' title='bbox 3061 1272 3327 1324; x_wconf 85' lang='grc' dir='ltr'>Ματθαίον</span> <span class='ocrx_word' id='word_1_166' title='bbox 3405 1273 3482 1320; x_wconf 88' lang='grc' dir='ltr'>τό·</span> <span class='ocrx_word' id='word_1_167' title='bbox 3551 1273 3679 1320; x_wconf 84' lang='grc' dir='ltr'>Τότε</span> <span class='ocrx_word' id='word_1_168' title='bbox 3783 1269 4017 1339; x_wconf 78' lang='grc' dir='ltr'>ἤρξατο</span> 
     </span>
    </p>
   </div>
   <div class='ocr_carea' id='block_1_30' title="bbox 2357 1354 4018 1430">
    <p class='ocr_par' dir='ltr' id='par_1_30' title="bbox 2357 1354 4018 1430">
     <span class='ocr_line' id='line_1_30' title="bbox 2357 1354 4018 1430; baseline -0.001 -20"><span class='ocrx_word' id='word_1_169' title='bbox 2357 1356 2628 1420; x_wconf 78' lang='grc' dir='ltr'><strong><em>ὀνειδίζειν</em></strong></span> <span class='ocrx_word' id='word_1_170' title='bbox 2657 1363 2745 1420; x_wconf 83' lang='grc' dir='ltr'><strong><em>τὰς</em></strong></span> <span class='ocrx_word' id='word_1_171' title='bbox 2773 1361 2962 1424; x_wconf 88' lang='grc' dir='ltr'>πόλεις,</span> <span class='ocrx_word' id='word_1_172' title='bbox 2994 1359 3040 1411; x_wconf 85' lang='grc' dir='ltr'><strong><em>ἐν</em></strong></span> <span class='ocrx_word' id='word_1_173' title='bbox 3073 1361 3155 1420; x_wconf 84' lang='grc' dir='ltr'>αἷς</span> <span class='ocrx_word' id='word_1_174' title='bbox 3190 1359 3416 1430; x_wconf 83' lang='grc' dir='ltr'>ἐγένοντο</span> <span class='ocrx_word' id='word_1_175' title='bbox 3445 1361 3498 1409; x_wconf 88' lang='grc' dir='ltr'>αἱ</span> <span class='ocrx_word' id='word_1_176' title='bbox 3529 1357 3793 1409; x_wconf 79' lang='grc' dir='ltr'>πλεῖσται</span> <span class='ocrx_word' id='word_1_177' title='bbox 3830 1354 4018 1409; x_wconf 75' lang='grc' dir='ltr'>δυνά-</span> 
     </span>
    </p>
   </div>
   <div class='ocr_carea' id='block_1_31' title="bbox 2356 1449 4014 1521">
    <p class='ocr_par' dir='ltr' id='par_1_31' title="bbox 2356 1449 4014 1521">
     <span class='ocr_line' id='line_1_31' title="bbox 2356 1449 4014 1521; baseline -0.001 -21"><span class='ocrx_word' id='word_1_178' title='bbox 2356 1467 2465 1519; x_wconf 79' lang='grc' dir='ltr'>μεις</span> <span class='ocrx_word' id='word_1_179' title='bbox 2496 1449 2677 1516; x_wconf 70' lang='grc' dir='ltr'>αὐτου,</span> <span class='ocrx_word' id='word_1_180' title='bbox 2707 1452 2784 1501; x_wconf 87' lang='grc' dir='ltr'>ὃτι</span> <span class='ocrx_word' id='word_1_181' title='bbox 2815 1450 2873 1501; x_wconf 86' lang='grc' dir='ltr'><strong><em>ού</em></strong></span> <span class='ocrx_word' id='word_1_182' title='bbox 2906 1454 3238 1521; x_wconf 75' lang='grc' dir='ltr'>μετενόησαν.</span> <span class='ocrx_word' id='word_1_183' title='bbox 3275 1449 3408 1500; x_wconf 86' lang='grc' dir='ltr'>Ἐκεῖ</span> <span class='ocrx_word' id='word_1_184' title='bbox 3445 1449 3546 1520; x_wconf 82' lang='grc' dir='ltr'>γὰρ</span> <span class='ocrx_word' id='word_1_185' title='bbox 3577 1451 3665 1498; x_wconf 86' lang='grc' dir='ltr'>καὶ</span> <span class='ocrx_word' id='word_1_186' title='bbox 3697 1452 3844 1520; x_wconf 79' lang='grc' dir='ltr'>περί</span> <span class='ocrx_word' id='word_1_187' title='bbox 3885 1449 4014 1499; x_wconf 83' lang='grc' dir='ltr'>τού-</span> 
     </span>
    </p>
   </div>
   <div class='ocr_carea' id='block_1_32' title="bbox 2355 1542 2702 1610">
    <p class='ocr_par' dir='ltr' id='par_1_32' title="bbox 2355 1542 2702 1610">
     <span class='ocr_line' id='line_1_32' title="bbox 2355 1542 2702 1610; baseline 0.003 -21"><span class='ocrx_word' id='word_1_188' title='bbox 2355 1557 2451 1589; x_wconf 87' lang='grc' dir='ltr'>των</span> <span class='ocrx_word' id='word_1_189' title='bbox 2484 1542 2702 1610; x_wconf 80' lang='grc' dir='ltr'>εἴρηται.</span> 
     </span>
    </p>
   </div>
   <div class='ocr_carea' id='block_1_33' title="bbox 2432 1627 3110 1700">
    <p class='ocr_par' dir='ltr' id='par_1_33' title="bbox 2432 1627 3110 1700">
     <span class='ocr_line' id='line_1_33' title="bbox 2432 1627 3110 1700; baseline 0.001 -22"><span class='ocrx_word' id='word_1_190' title='bbox 2432 1627 2569 1686; x_wconf 75' lang='grc' dir='ltr'>Πλὴν</span> <span class='ocrx_word' id='word_1_191' title='bbox 2619 1659 2684 1668; x_wconf 86' lang='grc'><strong><em>--</em></strong></span> <span class='ocrx_word' id='word_1_192' title='bbox 2752 1629 2892 1700; x_wconf 72' lang='grc' dir='ltr'>ὑμῖν.</span> <span class='ocrx_word' id='word_1_193' title='bbox 2947 1627 3110 1700; x_wconf 76' lang='grc' dir='ltr'>Ὑμῖν,</span> 
     </span>
    </p>
   </div>
   <div class='ocr_carea' id='block_1_34' title="bbox 2360 1712 4006 1787">
    <p class='ocr_par' dir='ltr' id='par_1_34' title="bbox 2360 1712 4006 1787">
     <span class='ocr_line' id='line_1_34' title="bbox 2360 1712 4006 1787; baseline -0.002 -18"><span class='ocrx_word' id='word_1_194' title='bbox 2360 1714 2482 1769; x_wconf 83' lang='grc' dir='ltr'>Εἶπε</span> <span class='ocrx_word' id='word_1_195' title='bbox 2535 1713 2593 1769; x_wconf 67' lang='grc' dir='ltr'><strong><em>δὲ</em></strong></span> <span class='ocrx_word' id='word_1_196' title='bbox 2638 1725 2788 1770; x_wconf 84' lang='grc' dir='ltr'>τούτο</span> <span class='ocrx_word' id='word_1_197' title='bbox 2847 1722 2935 1770; x_wconf 80' lang='grc' dir='ltr'>καὶ</span> <span class='ocrx_word' id='word_1_198' title='bbox 2994 1716 3042 1768; x_wconf 89' lang='grc' dir='ltr'><strong><em>ἐν</em></strong></span> <span class='ocrx_word' id='word_1_199' title='bbox 3097 1725 3168 1787; x_wconf 85' lang='grc' dir='ltr'>τῷ</span> <span class='ocrx_word' id='word_1_200' title='bbox 3216 1712 3652 1784; x_wconf 73' lang='grc' dir='ltr'>ἐννεακαιδεκάτῳ</span> <span class='ocrx_word' id='word_1_201' title='bbox 3702 1714 4006 1786; x_wconf 68' lang='grc' dir='ltr'>κεφαλαίῳ</span> 
     </span>
    </p>
   </div>
   <div class='ocr_carea' id='block_1_35' title="bbox 3198 1621 4005 1692">
    <p class='ocr_par' dir='ltr' id='par_1_35' title="bbox 3198 1621 4005 1692">
     <span class='ocr_line' id='line_1_35' title="bbox 3198 1621 4005 1692; baseline -0.001 -14"><span class='ocrx_word' id='word_1_202' title='bbox 3198 1634 3301 1687; x_wconf 88' lang='grc' dir='ltr'>τοῖς</span> <span class='ocrx_word' id='word_1_203' title='bbox 3372 1625 3628 1692; x_wconf 73' lang='grc' dir='ltr'>ἀπειθέοι,</span> <span class='ocrx_word' id='word_1_204' title='bbox 3697 1621 4005 1681; x_wconf 77' lang='grc' dir='ltr'>δηλονότι.</span> 
     </span>
    </p>
   </div>
   <div class='ocr_carea' id='block_1_36' title="bbox 577 1802 2244 1878">
    <p class='ocr_par' dir='ltr' id='par_1_36' title="bbox 577 1806 2244 1878">
     <span class='ocr_line' id='line_1_36' title="bbox 577 1806 2244 1878; baseline 0.004 -16"><span class='ocrx_word' id='word_1_205' title='bbox 577 1806 872 1876; x_wconf 79' lang='lat' dir='ltr'><strong><em>Evangelii</em></strong></span> <span class='ocrx_word' id='word_1_206' title='bbox 910 1807 1069 1863; x_wconf 83' lang='lat' dir='ltr'><strong><em>iuxta</em></strong></span> <span class='ocrx_word' id='word_1_207' title='bbox 1110 1807 1459 1872; x_wconf 76' lang='lat' dir='ltr'><strong><em>Matthaaum,</em></strong></span> <span class='ocrx_word' id='word_1_208' title='bbox 1494 1813 1550 1862; x_wconf 92' lang='lat' dir='ltr'><strong><em>et</em></strong></span> <span class='ocrx_word' id='word_1_209' title='bbox 1580 1807 1662 1864; x_wconf 89' lang='lat' dir='ltr'><strong><em>ibi</em></strong></span> <span class='ocrx_word' id='word_1_210' title='bbox 1711 1808 1839 1878; x_wconf 90' lang='lat' dir='ltr'><strong><em>lege</em></strong></span> <span class='ocrx_word' id='word_1_211' title='bbox 1899 1809 2039 1867; x_wconf 85' lang='lat' dir='ltr'><strong><em>dicti</em></strong></span> <span class='ocrx_word' id='word_1_212' title='bbox 2091 1811 2244 1869; x_wconf 90' lang='lat' dir='ltr'><strong><em>illius</em></strong></span> 
     </span>
    </p>
   </div>
   <div class='ocr_carea' id='block_1_37' title="bbox 2359 1802 4008 1878">
    <p class='ocr_par' dir='ltr' id='par_1_37' title="bbox 2359 1802 4008 1875">
     <span class='ocr_line' id='line_1_37' title="bbox 2359 1802 4008 1875; baseline -0.002 -18"><span class='ocrx_word' id='word_1_213' title='bbox 2359 1814 2449 1857; x_wconf 77' lang='grc' dir='ltr'>τοῦ</span> <span class='ocrx_word' id='word_1_214' title='bbox 2505 1810 2639 1858; x_wconf 81' lang='grc' dir='ltr'>κατὰ</span> <span class='ocrx_word' id='word_1_215' title='bbox 2688 1809 2968 1870; x_wconf 61' lang='lat' dir='ltr'><strong><em>Mareade»,</em></strong></span> <span class='ocrx_word' id='word_1_216' title='bbox 3031 1811 3120 1857; x_wconf 85' lang='grc' dir='ltr'>καὶ</span> <span class='ocrx_word' id='word_1_217' title='bbox 3173 1804 3432 1875; x_wconf 76' lang='grc' dir='ltr'>ἀνάγνωθι</span> <span class='ocrx_word' id='word_1_218' title='bbox 3488 1808 3581 1861; x_wconf 81' lang='grc' dir='ltr'>τὴν</span> <span class='ocrx_word' id='word_1_219' title='bbox 3646 1802 3819 1855; x_wconf 79' lang='grc' dir='ltr'>λύσιν</span> <span class='ocrx_word' id='word_1_220' title='bbox 3893 1803 4008 1856; x_wconf 82' lang='grc' dir='ltr'>ἐκεῖ</span> 
     </span>
    </p>
   </div>
   <div class='ocr_carea' id='block_1_38' title="bbox 576 1895 2250 1962">
    <p class='ocr_par' dir='ltr' id='par_1_38' title="bbox 576 1895 2250 1962">
     <span class='ocr_line' id='line_1_38' title="bbox 576 1895 2250 1962; baseline 0.002 -10"><span class='ocrx_word' id='word_1_221' title='bbox 576 1895 1041 1952; x_wconf 79' lang='lat' dir='ltr'><strong><em>declarationem</em></strong></span> <span class='ocrx_word' id='word_1_222' title='bbox 1058 1913 1070 1951; x_wconf 91' lang='lat'>:</span> <span class='ocrx_word' id='word_1_223' title='bbox 1087 1898 1123 1951; x_wconf 83' lang='lat' dir='ltr'><em>A</em></span> <span class='ocrx_word' id='word_1_224' title='bbox 1134 1912 1264 1953; x_wconf 88' lang='lat' dir='ltr'><strong><em>men</em></strong></span> <span class='ocrx_word' id='word_1_225' title='bbox 1276 1896 1394 1951; x_wconf 88' lang='lat' dir='ltr'><strong><em>dico</em></strong></span> <span class='ocrx_word' id='word_1_226' title='bbox 1423 1897 1598 1962; x_wconf 77' lang='lat' dir='ltr'><strong><em>vobis,</em></strong></span> <span class='ocrx_word' id='word_1_227' title='bbox 1616 1899 1990 1955; x_wconf 84' lang='lat' dir='ltr'><strong><em>toterabitius</em></strong></span> <span class='ocrx_word' id='word_1_228' title='bbox 2006 1901 2120 1956; x_wconf 86' lang='lat' dir='ltr'><strong><em>erit</em></strong></span> <span class='ocrx_word' id='word_1_229' title='bbox 2139 1909 2250 1958; x_wconf 88' lang='lat' dir='ltr'><strong><em>ter-</em></strong></span> 
     </span>
    </p>
   </div>
   <div class='ocr_carea' id='block_1_39' title="bbox 579 1984 2248 2058">
    <p class='ocr_par' dir='ltr' id='par_1_39' title="bbox 579 1984 2248 2058">
     <span class='ocr_line' id='line_1_39' title="bbox 579 1984 2248 2058; baseline 0.002 -16"><span class='ocrx_word' id='word_1_230' title='bbox 579 1999 668 2042; x_wconf 70' lang='lat' dir='ltr'><strong><em>ra</em></strong></span> <span class='ocrx_word' id='word_1_231' title='bbox 685 1984 1058 2040; x_wconf 84' lang='lat' dir='ltr'><strong><em>Sodomorum</em></strong></span> <span class='ocrx_word' id='word_1_232' title='bbox 1077 1988 1130 2041; x_wconf 86' lang='lat' dir='ltr'><strong><em>et</em></strong></span> <span class='ocrx_word' id='word_1_233' title='bbox 1147 1985 1813 2058; x_wconf 84' lang='lat' dir='ltr'><strong><em>Gomorrhorum,quam</em></strong></span> <span class='ocrx_word' id='word_1_234' title='bbox 1829 1988 2059 2044; x_wconf 85' lang='lat' dir='ltr'><strong><em>civitati</em></strong></span> <span class='ocrx_word' id='word_1_235' title='bbox 2077 1989 2168 2046; x_wconf 80' lang='lat' dir='ltr'><strong><em>illi</em></strong></span> <span class='ocrx_word' id='word_1_236' title='bbox 2177 1991 2248 2050; x_wconf 80' lang='grc'><strong><em>⁸⁷.</em></strong></span> 
     </span>
    </p>
   </div>
   <div class='ocr_carea' id='block_1_40' title="bbox 648 2163 2248 2242">
    <p class='ocr_par' dir='ltr' id='par_1_40' title="bbox 648 2163 2248 2242">
     <span class='ocr_line' id='line_1_40' title="bbox 648 2163 2248 2242; baseline 0.006 -25"><span class='ocrx_word' id='word_1_237' title='bbox 648 2163 814 2220; x_wconf 82' lang='lat' dir='ltr'><strong><em>Vers.</em></strong></span> <span class='ocrx_word' id='word_1_238' title='bbox 848 2164 936 2218; x_wconf 85' lang='grc'><strong><em>15.</em></strong></span> <span class='ocrx_word' id='word_1_239' title='bbox 983 2165 1058 2220; x_wconf 78' lang='lat' dir='ltr'><strong><em>Et</em></strong></span> <span class='ocrx_word' id='word_1_240' title='bbox 1090 2167 1150 2219; x_wconf 85' lang='lat' dir='ltr'><strong><em>tu</em></strong></span> <span class='ocrx_word' id='word_1_241' title='bbox 1177 2194 1248 2206; x_wconf 98' lang='lat'><strong>—</strong></span> <span class='ocrx_word' id='word_1_242' title='bbox 1302 2164 1656 2221; x_wconf 75' lang='lat' dir='ltr'><strong><em>(tetra/teris.</em></strong></span> <span class='ocrx_word' id='word_1_243' title='bbox 1713 2165 2007 2223; x_wconf 89' lang='lat' dir='ltr'><strong><em>Vicesimo</em></strong></span> <span class='ocrx_word' id='word_1_244' title='bbox 2051 2170 2248 2242; x_wconf 87' lang='lat' dir='ltr'><strong><em>capite</em></strong></span> 
     </span>
    </p>
   </div>
   <div class='ocr_carea' id='block_1_41' title="bbox 576 2253 2247 2321">
    <p class='ocr_par' dir='ltr' id='par_1_41' title="bbox 576 2253 2247 2321">
     <span class='ocr_line' id='line_1_41' title="bbox 576 2253 2247 2321; baseline 0.002 -12"><span class='ocrx_word' id='word_1_245' title='bbox 576 2253 878 2321; x_wconf 78' lang='lat' dir='ltr'><strong><em>Evangelii</em></strong></span> <span class='ocrx_word' id='word_1_246' title='bbox 903 2253 1232 2310; x_wconf 87' lang='lat' dir='ltr'><strong><em>secundum</em></strong></span> <span class='ocrx_word' id='word_1_247' title='bbox 1269 2253 1608 2310; x_wconf 73' lang='lat' dir='ltr'><strong><em>Matthasum</em></strong></span> <span class='ocrx_word' id='word_1_248' title='bbox 1664 2254 1837 2310; x_wconf 85' lang='lat' dir='ltr'><strong><em>etiam</em></strong></span> <span class='ocrx_word' id='word_1_249' title='bbox 1871 2255 1946 2312; x_wconf 89' lang='lat' dir='ltr'><strong><em>de</em></strong></span> <span class='ocrx_word' id='word_1_250' title='bbox 1974 2256 2088 2312; x_wconf 88' lang='lat' dir='ltr'><strong><em>hac</em></strong></span> <span class='ocrx_word' id='word_1_251' title='bbox 2127 2257 2247 2313; x_wconf 89' lang='lat' dir='ltr'><strong><em>dic-</em></strong></span> 
     </span>
    </p>
   </div>
   <div class='ocr_carea' id='block_1_42' title="bbox 577 2343 1376 2416">
    <p class='ocr_par' dir='ltr' id='par_1_42' title="bbox 577 2343 1376 2416">
     <span class='ocr_line' id='line_1_42' title="bbox 577 2343 1376 2416; baseline -0.003 -18"><span class='ocrx_word' id='word_1_252' title='bbox 577 2348 696 2398; x_wconf 86' lang='lat' dir='ltr'><strong><em>tum</em></strong></span> <span class='ocrx_word' id='word_1_253' title='bbox 716 2348 823 2408; x_wconf 89' lang='lat' dir='ltr'><strong><em>est,</em></strong></span> <span class='ocrx_word' id='word_1_254' title='bbox 853 2343 933 2399; x_wconf 92' lang='lat' dir='ltr'><strong><em>ibi</em></strong></span> <span class='ocrx_word' id='word_1_255' title='bbox 963 2358 1108 2413; x_wconf 92' lang='lat' dir='ltr'><strong><em>ergo</em></strong></span> <span class='ocrx_word' id='word_1_256' title='bbox 1153 2359 1376 2416; x_wconf 68' lang='lat' dir='ltr'><strong><em>quaere.</em></strong></span> 
     </span>
    </p>
   </div>
   <div class='ocr_carea' id='block_1_43' title="bbox 681 2433 2243 2504">
    <p class='ocr_par' dir='ltr' id='par_1_43' title="bbox 681 2433 2243 2504">
     <span class='ocr_line' id='line_1_43' title="bbox 681 2433 2243 2504; baseline 0.005 -20"><span class='ocrx_word' id='word_1_257' title='bbox 681 2433 840 2487; x_wconf 80' lang='lat' dir='ltr'><strong><em>Vers.</em></strong></span> <span class='ocrx_word' id='word_1_258' title='bbox 875 2435 963 2490; x_wconf 82' lang='lat'><strong><em>16.</em></strong></span> <span class='ocrx_word' id='word_1_259' title='bbox 1008 2434 1117 2500; x_wconf 82' lang='lat' dir='ltr'><strong><em>Qui</em></strong></span> <span class='ocrx_word' id='word_1_260' title='bbox 1157 2433 1319 2487; x_wconf 81' lang='lat' dir='ltr'><strong><em>audit</em></strong></span> <span class='ocrx_word' id='word_1_261' title='bbox 1369 2448 1566 2488; x_wconf 88' lang='lat' dir='ltr'><strong><em>——me.</em></strong></span> <span class='ocrx_word' id='word_1_262' title='bbox 1630 2434 2027 2504; x_wconf 59' lang='lat' dir='ltr'><strong><em>Rejectionem</em></strong></span> <span class='ocrx_word' id='word_1_263' title='bbox 2084 2435 2243 2493; x_wconf 91' lang='lat' dir='ltr'><strong><em>hanc</em></strong></span> 
     </span>
    </p>
   </div>
   <div class='ocr_carea' id='block_1_44' title="bbox 573 2521 2241 2581">
    <p class='ocr_par' dir='ltr' id='par_1_44' title="bbox 573 2521 2241 2581">
     <span class='ocr_line' id='line_1_44' title="bbox 573 2521 2241 2581; baseline 0.003 -5"><span class='ocrx_word' id='word_1_264' title='bbox 573 2527 750 2577; x_wconf 89' lang='lat' dir='ltr'><strong><em>vocat</em></strong></span> <span class='ocrx_word' id='word_1_265' title='bbox 778 2521 1241 2578; x_wconf 78' lang='lat' dir='ltr'><strong><em>incredulitatem</em></strong></span> <span class='ocrx_word' id='word_1_266' title='bbox 1274 2526 1329 2577; x_wconf 90' lang='lat' dir='ltr'><strong><em>et</em></strong></span> <span class='ocrx_word' id='word_1_267' title='bbox 1353 2523 1746 2578; x_wconf 75' lang='lat' dir='ltr'><strong><em>eversionem.</em></strong></span> <span class='ocrx_word' id='word_1_268' title='bbox 1781 2526 1860 2579; x_wconf 90' lang='lat' dir='ltr'><strong><em>Ne</em></strong></span> <span class='ocrx_word' id='word_1_269' title='bbox 1902 2526 2058 2580; x_wconf 91' lang='lat' dir='ltr'><strong><em>enim</em></strong></span> <span class='ocrx_word' id='word_1_270' title='bbox 2093 2542 2241 2581; x_wconf 69' lang='lat' dir='ltr'><strong><em>mae-</em></strong></span> 
     </span>
    </p>
   </div>
   <div class='ocr_carea' id='block_1_45' title="bbox 575 2611 2242 2683">
    <p class='ocr_par' dir='ltr' id='par_1_45' title="bbox 575 2611 2242 2683">
     <span class='ocr_line' id='line_1_45' title="bbox 575 2611 2242 2683; baseline 0.004 -18"><span class='ocrx_word' id='word_1_271' title='bbox 575 2625 706 2666; x_wconf 88' lang='lat' dir='ltr'><strong><em>rore</em></strong></span> <span class='ocrx_word' id='word_1_272' title='bbox 763 2611 1118 2674; x_wconf 78' lang='lat' dir='ltr'><strong><em>afﬁciantur,</em></strong></span> <span class='ocrx_word' id='word_1_273' title='bbox 1174 2627 1311 2666; x_wconf 92' lang='lat' dir='ltr'><strong><em>cum</em></strong></span> <span class='ocrx_word' id='word_1_274' title='bbox 1363 2620 1747 2683; x_wconf 77' lang='lat' dir='ltr'><strong><em>spernuntur,</em></strong></span> <span class='ocrx_word' id='word_1_275' title='bbox 1799 2613 1980 2669; x_wconf 89' lang='lat' dir='ltr'><strong><em>dicit:</em></strong></span> <span class='ocrx_word' id='word_1_276' title='bbox 2042 2614 2242 2671; x_wconf 84' lang='lat' dir='ltr'><strong><em>Vestra</em></strong></span> 
     </span>
    </p>
   </div>
   <div class='ocr_carea' id='block_1_46' title="bbox 573 2699 2240 2775">
    <p class='ocr_par' dir='ltr' id='par_1_46' title="bbox 573 2699 2240 2775">
     <span class='ocr_line' id='line_1_46' title="bbox 573 2699 2240 2775; baseline 0.003 -21"><span class='ocrx_word' id='word_1_277' title='bbox 573 2699 791 2769; x_wconf 88' lang='lat' dir='ltr'><strong><em>injuria</em></strong></span> <span class='ocrx_word' id='word_1_278' title='bbox 841 2714 946 2770; x_wconf 90' lang='lat' dir='ltr'><strong><em>per</em></strong></span> <span class='ocrx_word' id='word_1_279' title='bbox 985 2715 1088 2756; x_wconf 88' lang='lat' dir='ltr'><strong><em>vos</em></strong></span> <span class='ocrx_word' id='word_1_280' title='bbox 1125 2699 1184 2754; x_wconf 92' lang='lat' dir='ltr'><strong><em>in</em></strong></span> <span class='ocrx_word' id='word_1_281' title='bbox 1214 2715 1308 2754; x_wconf 89' lang='lat' dir='ltr'><strong><em>me</em></strong></span> <span class='ocrx_word' id='word_1_282' title='bbox 1325 2701 1586 2764; x_wconf 88' lang='lat' dir='ltr'><strong><em>recurrit,</em></strong></span> <span class='ocrx_word' id='word_1_283' title='bbox 1643 2702 1742 2772; x_wconf 89' lang='lat' dir='ltr'><strong><em>qui</em></strong></span> <span class='ocrx_word' id='word_1_284' title='bbox 1775 2703 1907 2757; x_wconf 83' lang='lat' dir='ltr'><strong><em>misi</em></strong></span> <span class='ocrx_word' id='word_1_285' title='bbox 1949 2718 2053 2757; x_wconf 82' lang='lat' dir='ltr'><strong><em>vos</em></strong></span> <span class='ocrx_word' id='word_1_286' title='bbox 2085 2721 2101 2757; x_wconf 93' lang='lat'><strong><em>:</em></strong></span> <span class='ocrx_word' id='word_1_287' title='bbox 2135 2719 2240 2775; x_wconf 91' lang='lat' dir='ltr'><strong><em>per</em></strong></span> 
     </span>
    </p>
   </div>
   <div class='ocr_carea' id='block_1_47' title="bbox 575 2784 2024 2857">
    <p class='ocr_par' dir='ltr' id='par_1_47' title="bbox 575 2784 2024 2857">
     <span class='ocr_line' id='line_1_47' title="bbox 575 2784 2024 2857; baseline 0.002 -19"><span class='ocrx_word' id='word_1_288' title='bbox 575 2798 671 2838; x_wconf 90' lang='lat' dir='ltr'><strong><em>me</em></strong></span> <span class='ocrx_word' id='word_1_289' title='bbox 702 2788 923 2852; x_wconf 86' lang='lat' dir='ltr'><strong><em>autem,</em></strong></span> <span class='ocrx_word' id='word_1_290' title='bbox 954 2784 1013 2839; x_wconf 90' lang='lat' dir='ltr'><strong><em>in</em></strong></span> <span class='ocrx_word' id='word_1_291' title='bbox 1042 2784 1275 2840; x_wconf 89' lang='lat' dir='ltr'><strong><em>Patrem</em></strong></span> <span class='ocrx_word' id='word_1_292' title='bbox 1310 2800 1530 2846; x_wconf 86' lang='lat' dir='ltr'><strong><em>meum.</em></strong></span> <span class='ocrx_word' id='word_1_293' title='bbox 1563 2786 1669 2857; x_wconf 87' lang='lat' dir='ltr'><strong><em>qui</em></strong></span> <span class='ocrx_word' id='word_1_294' title='bbox 1703 2787 1858 2842; x_wconf 89' lang='lat' dir='ltr'><strong><em>misit</em></strong></span> <span class='ocrx_word' id='word_1_295' title='bbox 1909 2804 2024 2843; x_wconf 90' lang='lat' dir='ltr'><strong><em>me.</em></strong></span> 
     </span>
    </p>
   </div>
   <div class='ocr_carea' id='block_1_48' title="bbox 645 2871 2237 2948">
    <p class='ocr_par' dir='ltr' id='par_1_48' title="bbox 645 2871 2237 2948">
     <span class='ocr_line' id='line_1_48' title="bbox 645 2871 2237 2948; baseline 0.004 -21"><span class='ocrx_word' id='word_1_296' title='bbox 645 2871 811 2927; x_wconf 87' lang='lat' dir='ltr'><strong><em>Vers.</em></strong></span> <span class='ocrx_word' id='word_1_297' title='bbox 843 2874 927 2928; x_wconf 83' lang='grc'><strong>17.</strong></span> <span class='ocrx_word' id='word_1_298' title='bbox 955 2873 1187 2930; x_wconf 76' lang='lat' dir='ltr'><strong><em>Rerersi</em></strong></span> <span class='ocrx_word' id='word_1_299' title='bbox 1206 2905 1274 2914; x_wconf 93' lang='lat'>—</span> <span class='ocrx_word' id='word_1_300' title='bbox 1292 2880 1474 2929; x_wconf 87' lang='lat' dir='ltr'><strong><em>tuum.</em></strong></span> <span class='ocrx_word' id='word_1_301' title='bbox 1500 2875 1869 2941; x_wconf 88' lang='lat' dir='ltr'><strong><em>Gaudebant,</em></strong></span> <span class='ocrx_word' id='word_1_302' title='bbox 1885 2877 2047 2948; x_wconf 90' lang='lat' dir='ltr'><strong><em>quod</em></strong></span> <span class='ocrx_word' id='word_1_303' title='bbox 2070 2877 2237 2948; x_wconf 91' lang='lat' dir='ltr'><strong><em>digni</em></strong></span> 
     </span>
    </p>
   </div>
   <div class='ocr_carea' id='block_1_49' title="bbox 573 2960 2236 3031">
    <p class='ocr_par' dir='ltr' id='par_1_49' title="bbox 573 2960 2236 3031">
     <span class='ocr_line' id='line_1_49' title="bbox 573 2960 2236 3031; baseline 0.003 -13"><span class='ocrx_word' id='word_1_304' title='bbox 573 2960 938 3018; x_wconf 89' lang='lat' dir='ltr'><strong><em>haberentur</em></strong></span> <span class='ocrx_word' id='word_1_305' title='bbox 987 2968 1045 3018; x_wconf 88' lang='lat' dir='ltr'><strong><em>et</em></strong></span> <span class='ocrx_word' id='word_1_306' title='bbox 1101 2962 1389 3019; x_wconf 89' lang='lat' dir='ltr'><strong><em>miracula</em></strong></span> <span class='ocrx_word' id='word_1_307' title='bbox 1453 2964 1648 3031; x_wconf 90' lang='lat' dir='ltr'><strong><em>edere,</em></strong></span> <span class='ocrx_word' id='word_1_308' title='bbox 1695 2971 1748 3022; x_wconf 87' lang='lat' dir='ltr'><strong><em>et</em></strong></span> <span class='ocrx_word' id='word_1_309' title='bbox 1797 2966 2091 3023; x_wconf 70' lang='lat' dir='ltr'><strong><em>daemonia</em></strong></span> <span class='ocrx_word' id='word_1_310' title='bbox 2125 2968 2236 3023; x_wconf 89' lang='lat' dir='ltr'><strong><em>sibi</em></strong></span> 
     </span>
    </p>
   </div>
   <div class='ocr_carea' id='block_1_50' title="bbox 574 3049 889 3122">
    <p class='ocr_par' dir='ltr' id='par_1_50' title="bbox 574 3049 889 3122">
     <span class='ocr_line' id='line_1_50' title="bbox 574 3049 889 3122; baseline -0.006 -16"><span class='ocrx_word' id='word_1_311' title='bbox 574 3049 889 3122; x_wconf 85' lang='lat' dir='ltr'><strong><em>subjicere.</em></strong></span> 
     </span>
    </p>
   </div>
   <div class='ocr_carea' id='block_1_51' title="bbox 644 3140 2317 3226">
    <p class='ocr_par' dir='ltr' id='par_1_51' title="bbox 644 3140 2317 3226">
     <span class='ocr_line' id='line_1_51' title="bbox 644 3140 2317 3226; baseline 0.004 -30"><span class='ocrx_word' id='word_1_312' title='bbox 644 3140 809 3196; x_wconf 87' lang='lat' dir='ltr'><strong><em>Vers.</em></strong></span> <span class='ocrx_word' id='word_1_313' title='bbox 846 3143 926 3197; x_wconf 83' lang='grc'><strong>18.</strong></span> <span class='ocrx_word' id='word_1_314' title='bbox 957 3142 1118 3199; x_wconf 68' lang='lat' dir='ltr'><strong><em>Dixit</em></strong></span> <span class='ocrx_word' id='word_1_315' title='bbox 1159 3173 1214 3184; x_wconf 91' lang='lat'><strong>-</strong></span> <span class='ocrx_word' id='word_1_316' title='bbox 1241 3143 1566 3201; x_wconf 84' lang='lat' dir='ltr'><strong><em>cadentem.</em></strong></span> <span class='ocrx_word' id='word_1_317' title='bbox 1595 3143 1854 3201; x_wconf 85' lang='lat' dir='ltr'><strong><em>Causam</em></strong></span> <span class='ocrx_word' id='word_1_318' title='bbox 1888 3146 2240 3215; x_wconf 80' lang='lat' dir='ltr'><strong><em>signiﬁcavit</em></strong></span> <span class='ocrx_word' id='word_1_319' title='bbox 2276 3169 2317 3226; x_wconf 72' lang='grc' dir='ltr'><strong><em>ρ</em></strong></span> 
     </span>
    </p>
   </div>
   <div class='ocr_carea' id='block_1_52' title="bbox 573 3229 2237 3308">
    <p class='ocr_par' dir='ltr' id='par_1_52' title="bbox 573 3229 2237 3308">
     <span class='ocr_line' id='line_1_52' title="bbox 573 3229 2237 3308; baseline 0.004 -22"><span class='ocrx_word' id='word_1_320' title='bbox 573 3229 960 3301; x_wconf 77' lang='lat' dir='ltr'><strong><em>subiectionis</em></strong></span> <span class='ocrx_word' id='word_1_321' title='bbox 1026 3232 1454 3290; x_wconf 70' lang='lat' dir='ltr'><strong><em>daemoniorum</em></strong></span> <span class='ocrx_word' id='word_1_322' title='bbox 1521 3234 1659 3306; x_wconf 86' lang='lat' dir='ltr'><strong><em>quia</em></strong></span> <span class='ocrx_word' id='word_1_323' title='bbox 1709 3234 1916 3291; x_wconf 84' lang='lat' dir='ltr'><strong><em>cecidit</em></strong></span> <span class='ocrx_word' id='word_1_324' title='bbox 1958 3236 2237 3308; x_wconf 89' lang='lat' dir='ltr'><strong><em>princeps</em></strong></span> 
     </span>
    </p>
   </div>
   <div class='ocr_carea' id='block_1_53' title="bbox 572 3321 2236 3394">
    <p class='ocr_par' dir='ltr' id='par_1_53' title="bbox 572 3321 2236 3394">
     <span class='ocr_line' id='line_1_53' title="bbox 572 3321 2236 3394; baseline 0.004 -19"><span class='ocrx_word' id='word_1_325' title='bbox 572 3335 800 3384; x_wconf 89' lang='lat' dir='ltr'><strong><em>eorum,</em></strong></span> <span class='ocrx_word' id='word_1_326' title='bbox 834 3321 937 3394; x_wconf 90' lang='lat' dir='ltr'><strong><em>qui</em></strong></span> <span class='ocrx_word' id='word_1_327' title='bbox 968 3321 1148 3378; x_wconf 82' lang='lat' dir='ltr'><strong><em>fortes</em></strong></span> <span class='ocrx_word' id='word_1_328' title='bbox 1184 3322 1309 3378; x_wconf 90' lang='lat' dir='ltr'><strong><em>illos</em></strong></span> <span class='ocrx_word' id='word_1_329' title='bbox 1337 3323 1625 3380; x_wconf 89' lang='lat' dir='ltr'><strong><em>reddebat</em></strong></span> <span class='ocrx_word' id='word_1_330' title='bbox 1669 3339 1740 3380; x_wconf 89' lang='lat' dir='ltr'><strong><em>ac</em></strong></span> <span class='ocrx_word' id='word_1_331' title='bbox 1765 3324 2155 3391; x_wconf 85' lang='lat' dir='ltr'><strong><em>confortabat,</em></strong></span> <span class='ocrx_word' id='word_1_332' title='bbox 2180 3331 2236 3382; x_wconf 91' lang='lat' dir='ltr'><strong><em>et</em></strong></span> 
     </span>
    </p>
   </div>
   <div class='ocr_carea' id='block_1_54' title="bbox 566 3409 2237 3486">
    <p class='ocr_par' dir='ltr' id='par_1_54' title="bbox 566 3409 2237 3486">
     <span class='ocr_line' id='line_1_54' title="bbox 566 3409 2237 3486; baseline 0.004 -22"><span class='ocrx_word' id='word_1_333' title='bbox 566 3409 693 3479; x_wconf 91' lang='lat' dir='ltr'><strong><em>jam</em></strong></span> <span class='ocrx_word' id='word_1_334' title='bbox 725 3409 899 3466; x_wconf 74' lang='lat' dir='ltr'><strong><em>facile</em></strong></span> <span class='ocrx_word' id='word_1_335' title='bbox 929 3410 1002 3466; x_wconf 90' lang='lat' dir='ltr'><strong><em>de</em></strong></span> <span class='ocrx_word' id='word_1_336' title='bbox 1016 3412 1339 3469; x_wconf 81' lang='lat' dir='ltr'><strong><em>vincuntur.</em></strong></span> <span class='ocrx_word' id='word_1_337' title='bbox 1388 3413 1698 3486; x_wconf 90' lang='lat' dir='ltr'><strong><em>Siquidem</em></strong></span> <span class='ocrx_word' id='word_1_338' title='bbox 1730 3419 1867 3469; x_wconf 89' lang='lat' dir='ltr'><strong><em>ante</em></strong></span> <span class='ocrx_word' id='word_1_339' title='bbox 1915 3414 2237 3471; x_wconf 87' lang='lat' dir='ltr'><strong><em>Salvatoris</em></strong></span> 
     </span>
    </p>
   </div>
   <div class='ocr_carea' id='block_1_55' title="bbox 570 3499 2235 3574">
    <p class='ocr_par' dir='ltr' id='par_1_55' title="bbox 570 3499 2235 3574">
     <span class='ocr_line' id='line_1_55' title="bbox 570 3499 2235 3574; baseline 0.004 -21"><span class='ocrx_word' id='word_1_340' title='bbox 570 3499 1041 3557; x_wconf 86' lang='lat' dir='ltr'><strong><em>incarnationem</em></strong></span> <span class='ocrx_word' id='word_1_341' title='bbox 1082 3501 1140 3556; x_wconf 93' lang='lat' dir='ltr'><strong><em>in</em></strong></span> <span class='ocrx_word' id='word_1_342' title='bbox 1181 3501 1435 3558; x_wconf 88' lang='lat' dir='ltr'><strong><em>sublime</em></strong></span> <span class='ocrx_word' id='word_1_343' title='bbox 1477 3502 1793 3569; x_wconf 82' lang='lat' dir='ltr'><strong><em>ferebatur,</em></strong></span> <span class='ocrx_word' id='word_1_344' title='bbox 1828 3508 1884 3558; x_wconf 89' lang='lat' dir='ltr'><strong><em>et</em></strong></span> <span class='ocrx_word' id='word_1_345' title='bbox 1915 3509 2235 3574; x_wconf 88' lang='lat' dir='ltr'><strong><em>tyrannum</em></strong></span> 
     </span>
    </p>
   </div>
   <div class='ocr_carea' id='block_1_56' title="bbox 572 3589 2239 3661">
    <p class='ocr_par' dir='ltr' id='par_1_56' title="bbox 572 3589 2239 3661">
     <span class='ocr_line' id='line_1_56' title="bbox 572 3589 2239 3661; baseline 0.004 -18"><span class='ocrx_word' id='word_1_346' title='bbox 572 3589 808 3656; x_wconf 86' lang='lat' dir='ltr'><strong><em>agebat,</em></strong></span> <span class='ocrx_word' id='word_1_347' title='bbox 839 3605 908 3645; x_wconf 86' lang='lat' dir='ltr'><strong><em>ac</em></strong></span> <span class='ocrx_word' id='word_1_348' title='bbox 949 3594 1161 3661; x_wconf 90' lang='lat' dir='ltr'><strong><em>potens</em></strong></span> <span class='ocrx_word' id='word_1_349' title='bbox 1191 3597 1317 3646; x_wconf 87' lang='lat' dir='ltr'><strong><em>erat</em></strong></span> <span class='ocrx_word' id='word_1_350' title='bbox 1351 3611 1362 3650; x_wconf 89' lang='lat'><strong>:</strong></span> <span class='ocrx_word' id='word_1_351' title='bbox 1396 3607 1534 3648; x_wconf 89' lang='lat' dir='ltr'><strong><em>cum</em></strong></span> <span class='ocrx_word' id='word_1_352' title='bbox 1565 3597 1767 3648; x_wconf 89' lang='lat' dir='ltr'><strong><em>autem</em></strong></span> <span class='ocrx_word' id='word_1_353' title='bbox 1809 3593 1965 3647; x_wconf 86' lang='lat' dir='ltr'><strong><em>Deus</em></strong></span> <span class='ocrx_word' id='word_1_354' title='bbox 1995 3593 2051 3647; x_wconf 92' lang='lat' dir='ltr'><strong><em>in</em></strong></span> <span class='ocrx_word' id='word_1_355' title='bbox 2083 3599 2239 3649; x_wconf 90' lang='lat' dir='ltr'><strong><em>terra</em></strong></span> 
     </span>
    </p>
   </div>
   <div class='ocr_carea' id='block_1_57' title="bbox 573 3678 2238 3747">
    <p class='ocr_par' dir='ltr' id='par_1_57' title="bbox 573 3678 2238 3747">
     <span class='ocr_line' id='line_1_57' title="bbox 573 3678 2238 3747; baseline 0.004 -16"><span class='ocrx_word' id='word_1_356' title='bbox 573 3691 678 3747; x_wconf 91' lang='lat' dir='ltr'><strong><em>per</em></strong></span> <span class='ocrx_word' id='word_1_357' title='bbox 707 3692 948 3733; x_wconf 89' lang='lat' dir='ltr'><strong><em>carnem</em></strong></span> <span class='ocrx_word' id='word_1_358' title='bbox 976 3678 1405 3745; x_wconf 87' lang='lat' dir='ltr'><strong><em>deversaretur,</em></strong></span> <span class='ocrx_word' id='word_1_359' title='bbox 1441 3681 1666 3741; x_wconf 89' lang='lat' dir='ltr'><strong><em>cecidit,</em></strong></span> <span class='ocrx_word' id='word_1_360' title='bbox 1697 3695 1816 3735; x_wconf 93' lang='lat' dir='ltr'><strong><em>non</em></strong></span> <span class='ocrx_word' id='word_1_361' title='bbox 1844 3696 1878 3735; x_wconf 94' lang='lat' dir='ltr'><strong><em>a</em></strong></span> <span class='ocrx_word' id='word_1_362' title='bbox 1899 3681 2028 3736; x_wconf 90' lang='lat' dir='ltr'><strong><em>celo</em></strong></span> <span class='ocrx_word' id='word_1_363' title='bbox 2057 3701 2068 3740; x_wconf 91' lang='lat'><strong>:</strong></span> <span class='ocrx_word' id='word_1_364' title='bbox 2094 3682 2238 3737; x_wconf 90' lang='lat' dir='ltr'><strong><em>olim</em></strong></span> 
     </span>
    </p>
   </div>
   <div class='ocr_carea' id='block_1_58' title="bbox 571 3763 2238 3838">
    <p class='ocr_par' dir='ltr' id='par_1_58' title="bbox 571 3763 2238 3838">
     <span class='ocr_line' id='line_1_58' title="bbox 571 3763 2238 3838; baseline 0.005 -20"><span class='ocrx_word' id='word_1_365' title='bbox 571 3763 734 3819; x_wconf 85' lang='lat' dir='ltr'><strong><em>enim</em></strong></span> <span class='ocrx_word' id='word_1_366' title='bbox 761 3765 897 3820; x_wconf 89' lang='lat' dir='ltr'><strong><em>inde</em></strong></span> <span class='ocrx_word' id='word_1_367' title='bbox 927 3766 1244 3834; x_wconf 89' lang='lat' dir='ltr'><strong><em>ceciderat,</em></strong></span> <span class='ocrx_word' id='word_1_368' title='bbox 1271 3782 1383 3822; x_wconf 91' lang='lat' dir='ltr'><strong><em>nec</em></strong></span> <span class='ocrx_word' id='word_1_369' title='bbox 1412 3767 1666 3838; x_wconf 90' lang='lat' dir='ltr'><strong><em>amplius</em></strong></span> <span class='ocrx_word' id='word_1_370' title='bbox 1689 3785 1759 3824; x_wconf 91' lang='lat' dir='ltr'><strong><em>eo</em></strong></span> <span class='ocrx_word' id='word_1_371' title='bbox 1793 3770 2062 3825; x_wconf 90' lang='lat' dir='ltr'><strong><em>ascendit</em></strong></span> <span class='ocrx_word' id='word_1_372' title='bbox 2090 3789 2102 3826; x_wconf 93' lang='lat'>:</span> <span class='ocrx_word' id='word_1_373' title='bbox 2131 3771 2238 3826; x_wconf 90' lang='lat' dir='ltr'><strong><em>sed</em></strong></span> 
     </span>
    </p>
   </div>
   <div class='ocr_carea' id='block_1_59' title="bbox 574 3851 2237 3928">
    <p class='ocr_par' dir='ltr' id='par_1_59' title="bbox 574 3851 2237 3928">
     <span class='ocr_line' id='line_1_59' title="bbox 574 3851 2237 3928; baseline 0.004 -19"><span class='ocrx_word' id='word_1_374' title='bbox 574 3867 611 3909; x_wconf 89' lang='lat' dir='ltr'><strong><em>a</em></strong></span> <span class='ocrx_word' id='word_1_375' title='bbox 659 3851 820 3908; x_wconf 84' lang='lat' dir='ltr'><strong><em>dicta</em></strong></span> <span class='ocrx_word' id='word_1_376' title='bbox 857 3853 1223 3918; x_wconf 88' lang='lat' dir='ltr'><strong><em>celsitudine,</em></strong></span> <span class='ocrx_word' id='word_1_377' title='bbox 1267 3855 1584 3926; x_wconf 85' lang='lat' dir='ltr'><strong><em>tyrannide</em></strong></span> <span class='ocrx_word' id='word_1_378' title='bbox 1637 3872 1706 3912; x_wconf 91' lang='lat' dir='ltr'><strong><em>ac</em></strong></span> <span class='ocrx_word' id='word_1_379' title='bbox 1745 3858 2031 3928; x_wconf 90' lang='lat' dir='ltr'><strong><em>potentia.</em></strong></span> <span class='ocrx_word' id='word_1_380' title='bbox 2093 3860 2237 3916; x_wconf 90' lang='lat' dir='ltr'><strong><em>Dicit</em></strong></span> 
     </span>
    </p>
   </div>
   <div class='ocr_carea' id='block_1_60' title="bbox 573 3941 2236 4018">
    <p class='ocr_par' dir='ltr' id='par_1_60' title="bbox 573 3941 2236 4018">
     <span class='ocr_line' id='line_1_60' title="bbox 573 3941 2236 4018; baseline 0.004 -21"><span class='ocrx_word' id='word_1_381' title='bbox 573 3955 716 4011; x_wconf 90' lang='lat' dir='ltr'><strong><em>ergo</em></strong></span> <span class='ocrx_word' id='word_1_382' title='bbox 750 3957 762 3997; x_wconf 92' lang='lat'>:</span> <span class='ocrx_word' id='word_1_383' title='bbox 803 3941 1077 3998; x_wconf 82' lang='lat' dir='ltr'><strong><em>Videbam</em></strong></span> <span class='ocrx_word' id='word_1_384' title='bbox 1122 3942 1417 4007; x_wconf 83' lang='lat' dir='ltr'><strong><em>Satanam.</em></strong></span> <span class='ocrx_word' id='word_1_385' title='bbox 1471 3951 1789 4018; x_wconf 89' lang='lat' dir='ltr'><strong><em>postquam</em></strong></span> <span class='ocrx_word' id='word_1_386' title='bbox 1831 3947 2104 4004; x_wconf 89' lang='lat' dir='ltr'><strong><em>videlicet</em></strong></span> <span class='ocrx_word' id='word_1_387' title='bbox 2129 3949 2236 4006; x_wconf 89' lang='lat' dir='ltr'><strong><em>hu-</em></strong></span> 
     </span>
    </p>
   </div>
   <div class='ocr_carea' id='block_1_61' title="bbox 573 4029 2238 4109">
    <p class='ocr_par' dir='ltr' id='par_1_61' title="bbox 573 4029 2238 4109">
     <span class='ocr_line' id='line_1_61' title="bbox 573 4029 2238 4109; baseline 0.005 -24"><span class='ocrx_word' id='word_1_388' title='bbox 573 4029 926 4086; x_wconf 87' lang='lat' dir='ltr'><strong><em>manitatem</em></strong></span> <span class='ocrx_word' id='word_1_389' title='bbox 950 4032 1252 4104; x_wconf 85' lang='lat' dir='ltr'><strong><em>assumpsi</em></strong></span> <span class='ocrx_word' id='word_1_390' title='bbox 1279 4032 1612 4100; x_wconf 89' lang='lat' dir='ltr'><strong><em>cadentem,</em></strong></span> <span class='ocrx_word' id='word_1_391' title='bbox 1644 4039 1706 4091; x_wconf 91' lang='lat' dir='ltr'><strong><em>ut</em></strong></span> <span class='ocrx_word' id='word_1_392' title='bbox 1739 4034 1957 4105; x_wconf 82' lang='lat' dir='ltr'><strong><em>fulgur,</em></strong></span> <span class='ocrx_word' id='word_1_393' title='bbox 1985 4038 2148 4109; x_wconf 91' lang='lat' dir='ltr'><strong><em>quod</em></strong></span> <span class='ocrx_word' id='word_1_394' title='bbox 2166 4038 2238 4094; x_wconf 85' lang='lat' dir='ltr'><strong><em>de</em></strong></span> 
     </span>
    </p>
   </div>
   <div class='ocr_carea' id='block_1_62' title="bbox 576 4118 932 4176">
    <p class='ocr_par' dir='ltr' id='par_1_62' title="bbox 576 4118 932 4176">
     <span class='ocr_line' id='line_1_62' title="bbox 576 4118 932 4176; baseline 0 -2"><span class='ocrx_word' id='word_1_395' title='bbox 576 4118 727 4176; x_wconf 71' lang='lat' dir='ltr'><strong><em>caelo</em></strong></span> <span class='ocrx_word' id='word_1_396' title='bbox 757 4118 932 4176; x_wconf 85' lang='lat' dir='ltr'><strong><em>cadit.</em></strong></span> 
     </span>
    </p>
   </div>
   <div class='ocr_carea' id='block_1_63' title="bbox 645 4207 2234 4284">
    <p class='ocr_par' dir='ltr' id='par_1_63' title="bbox 645 4207 2234 4284">
     <span class='ocr_line' id='line_1_63' title="bbox 645 4207 2234 4284; baseline 0.006 -21"><span class='ocrx_word' id='word_1_397' title='bbox 645 4207 895 4273; x_wconf 88' lang='lat' dir='ltr'><strong><em>Quidam</em></strong></span> <span class='ocrx_word' id='word_1_398' title='bbox 922 4212 1122 4265; x_wconf 91' lang='lat' dir='ltr'><strong><em>autem</em></strong></span> <span class='ocrx_word' id='word_1_399' title='bbox 1145 4209 1348 4266; x_wconf 62' lang='lat' dir='ltr'><strong><em>caelum</em></strong></span> <span class='ocrx_word' id='word_1_400' title='bbox 1377 4209 1703 4284; x_wconf 89' lang='lat' dir='ltr'><strong><em>intelligunt</em></strong></span> <span class='ocrx_word' id='word_1_401' title='bbox 1725 4213 1837 4270; x_wconf 91' lang='lat' dir='ltr'><strong><em>hoc</em></strong></span> <span class='ocrx_word' id='word_1_402' title='bbox 1855 4212 1988 4271; x_wconf 92' lang='lat' dir='ltr'><strong><em>loco</em></strong></span> <span class='ocrx_word' id='word_1_403' title='bbox 2014 4230 2234 4283; x_wconf 88' lang='lat' dir='ltr'><strong><em>aerem,</em></strong></span> 
     </span>
    </p>
   </div>
   <div class='ocr_carea' id='block_1_64' title="bbox 571 4297 2239 4370">
    <p class='ocr_par' dir='ltr' id='par_1_64' title="bbox 571 4297 2239 4370">
     <span class='ocr_line' id='line_1_64' title="bbox 571 4297 2239 4370; baseline 0.005 -17"><span class='ocrx_word' id='word_1_404' title='bbox 571 4297 631 4353; x_wconf 90' lang='lat' dir='ltr'><strong><em>in</em></strong></span> <span class='ocrx_word' id='word_1_405' title='bbox 660 4312 783 4370; x_wconf 92' lang='lat' dir='ltr'><strong><em>quo</em></strong></span> <span class='ocrx_word' id='word_1_406' title='bbox 811 4299 1039 4355; x_wconf 86' lang='lat' dir='ltr'><strong><em>versari</em></strong></span> <span class='ocrx_word' id='word_1_407' title='bbox 1066 4299 1288 4368; x_wconf 86' lang='lat' dir='ltr'><strong><em>gaudet</em></strong></span> <span class='ocrx_word' id='word_1_408' title='bbox 1316 4301 1588 4358; x_wconf 90' lang='lat' dir='ltr'><strong><em>Satanas.</em></strong></span> <span class='ocrx_word' id='word_1_409' title='bbox 1622 4306 1768 4360; x_wconf 83' lang='lat' dir='ltr'><strong><em>Nam</em></strong></span> <span class='ocrx_word' id='word_1_410' title='bbox 1797 4309 1853 4359; x_wconf 93' lang='lat' dir='ltr'><strong><em>et</em></strong></span> <span class='ocrx_word' id='word_1_411' title='bbox 1891 4319 1996 4360; x_wconf 88' lang='lat' dir='ltr'><strong><em>aer</em></strong></span> <span class='ocrx_word' id='word_1_412' title='bbox 2019 4305 2239 4362; x_wconf 70' lang='lat' dir='ltr'><strong><em>coelum</em></strong></span> 
     </span>
    </p>
   </div>
   <div class='ocr_carea' id='block_1_65' title="bbox 573 4386 2238 4463">
    <p class='ocr_par' dir='ltr' id='par_1_65' title="bbox 573 4386 2238 4463">
     <span class='ocr_line' id='line_1_65' title="bbox 573 4386 2238 4463; baseline 0.005 -21"><span class='ocrx_word' id='word_1_413' title='bbox 573 4386 790 4444; x_wconf 89' lang='lat' dir='ltr'><strong><em>dicitur</em></strong></span> <span class='ocrx_word' id='word_1_414' title='bbox 847 4403 861 4443; x_wconf 91' lang='lat'>:</span> <span class='ocrx_word' id='word_1_415' title='bbox 919 4388 1218 4455; x_wconf 79' lang='lat' dir='ltr'><strong><em>Volucres,</em></strong></span> <span class='ocrx_word' id='word_1_416' title='bbox 1261 4391 1470 4463; x_wconf 89' lang='lat' dir='ltr'><strong><em>inquit,</em></strong></span> <span class='ocrx_word' id='word_1_417' title='bbox 1499 4392 1647 4449; x_wconf 74' lang='lat' dir='ltr'><strong><em>cati.</em></strong></span> <span class='ocrx_word' id='word_1_418' title='bbox 1702 4395 1852 4449; x_wconf 90' lang='lat' dir='ltr'><strong><em>Usus</em></strong></span> <span class='ocrx_word' id='word_1_419' title='bbox 1916 4398 2007 4450; x_wconf 87' lang='lat' dir='ltr'><strong><em>est</em></strong></span> <span class='ocrx_word' id='word_1_420' title='bbox 2047 4400 2238 4451; x_wconf 90' lang='lat' dir='ltr'><strong><em>autem</em></strong></span> 
     </span>
    </p>
   </div>
   <div class='ocr_carea' id='block_1_66' title="bbox 573 4475 2238 4550">
    <p class='ocr_par' dir='ltr' id='par_1_66' title="bbox 573 4475 2238 4550">
     <span class='ocr_line' id='line_1_66' title="bbox 573 4475 2238 4550; baseline 0.005 -18"><span class='ocrx_word' id='word_1_421' title='bbox 573 4475 827 4546; x_wconf 86' lang='lat' dir='ltr'><strong><em>fulguris</em></strong></span> <span class='ocrx_word' id='word_1_422' title='bbox 855 4478 1151 4550; x_wconf 80' lang='lat' dir='ltr'><strong><em>exemplo,</em></strong></span> <span class='ocrx_word' id='word_1_423' title='bbox 1169 4482 1492 4536; x_wconf 88' lang='lat' dir='ltr'><strong><em>ostendens</em></strong></span> <span class='ocrx_word' id='word_1_424' title='bbox 1523 4482 1959 4540; x_wconf 89' lang='lat' dir='ltr'><strong><em>vehementiam</em></strong></span> <span class='ocrx_word' id='word_1_425' title='bbox 1993 4499 2063 4540; x_wconf 91' lang='lat' dir='ltr'><strong><em>ac</em></strong></span> <span class='ocrx_word' id='word_1_426' title='bbox 2093 4484 2238 4540; x_wconf 87' lang='lat' dir='ltr'><strong><em>velo-</em></strong></span> 
     </span>
    </p>
   </div>
   <div class='ocr_carea' id='block_1_67' title="bbox 575 4566 1241 4624">
    <p class='ocr_par' dir='ltr' id='par_1_67' title="bbox 575 4566 1241 4624">
     <span class='ocr_line' id='line_1_67' title="bbox 575 4566 1241 4624; baseline 0.002 -3"><span class='ocrx_word' id='word_1_427' title='bbox 575 4566 806 4624; x_wconf 89' lang='lat' dir='ltr'><strong><em>citatem</em></strong></span> <span class='ocrx_word' id='word_1_428' title='bbox 839 4583 1017 4624; x_wconf 89' lang='lat' dir='ltr'><strong><em>casus</em></strong></span> <span class='ocrx_word' id='word_1_429' title='bbox 1065 4567 1241 4624; x_wconf 90' lang='lat' dir='ltr'><strong><em>illius.</em></strong></span> 
     </span>
    </p>
   </div>
   <div class='ocr_carea' id='block_1_68' title="bbox 644 4656 2239 4734">
    <p class='ocr_par' dir='ltr' id='par_1_68' title="bbox 644 4656 2239 4734">
     <span class='ocr_line' id='line_1_68' title="bbox 644 4656 2239 4734; baseline 0.006 -24"><span class='ocrx_word' id='word_1_430' title='bbox 644 4657 804 4711; x_wconf 84' lang='lat' dir='ltr'><strong><em>Vers-</em></strong></span> <span class='ocrx_word' id='word_1_431' title='bbox 847 4656 934 4711; x_wconf 85' lang='grc'><strong>19.</strong></span> <span class='ocrx_word' id='word_1_432' title='bbox 966 4659 1120 4714; x_wconf 85' lang='lat' dir='ltr'><strong><em>Ecce</em></strong></span> <span class='ocrx_word' id='word_1_433' title='bbox 1143 4689 1212 4699; x_wconf 97' lang='lat'><strong>—</strong></span> <span class='ocrx_word' id='word_1_434' title='bbox 1236 4661 1598 4730; x_wconf 87' lang='lat' dir='ltr'><strong><em>scorpiones.</em></strong></span> <span class='ocrx_word' id='word_1_435' title='bbox 1625 4663 1937 4734; x_wconf 87' lang='lat' dir='ltr'><strong><em>Serpentes</em></strong></span> <span class='ocrx_word' id='word_1_436' title='bbox 1977 4678 2053 4718; x_wconf 90' lang='lat' dir='ltr'><strong><em>ac</em></strong></span> <span class='ocrx_word' id='word_1_437' title='bbox 2084 4677 2239 4720; x_wconf 89' lang='lat' dir='ltr'><strong><em>scor-</em></strong></span> 
     </span>
    </p>
   </div>
   <div class='ocr_carea' id='block_1_69' title="bbox 573 4744 2242 4820">
    <p class='ocr_par' dir='ltr' id='par_1_69' title="bbox 573 4744 2242 4820">
     <span class='ocr_line' id='line_1_69' title="bbox 573 4744 2242 4820; baseline 0.005 -21"><span class='ocrx_word' id='word_1_438' title='bbox 573 4744 784 4816; x_wconf 88' lang='lat' dir='ltr'><strong><em>piones</em></strong></span> <span class='ocrx_word' id='word_1_439' title='bbox 805 4745 1228 4816; x_wconf 87' lang='lat' dir='ltr'><strong><em>intelligibiles,</em></strong></span> <span class='ocrx_word' id='word_1_440' title='bbox 1259 4749 1363 4820; x_wconf 88' lang='lat' dir='ltr'><strong><em>qui</em></strong></span> <span class='ocrx_word' id='word_1_441' title='bbox 1405 4748 1638 4807; x_wconf 74' lang='lat' dir='ltr'><strong><em>animas</em></strong></span> <span class='ocrx_word' id='word_1_442' title='bbox 1670 4751 1946 4807; x_wconf 76' lang='lat' dir='ltr'><strong><em>mordent</em></strong></span> <span class='ocrx_word' id='word_1_443' title='bbox 1966 4768 2036 4808; x_wconf 90' lang='lat' dir='ltr'><strong><em>ac</em></strong></span> <span class='ocrx_word' id='word_1_444' title='bbox 2063 4751 2242 4808; x_wconf 91' lang='lat' dir='ltr'><strong><em>devo-</em></strong></span> 
     </span>
    </p>
   </div>
   <div class='ocr_carea' id='block_1_70' title="bbox 572 4833 2240 4912">
    <p class='ocr_par' dir='ltr' id='par_1_70' title="bbox 572 4833 2240 4912">
     <span class='ocr_line' id='line_1_70' title="bbox 572 4833 2240 4912; baseline 0.007 -24"><span class='ocrx_word' id='word_1_445' title='bbox 572 4836 721 4888; x_wconf 85' lang='lat' dir='ltr'><strong><em>rant.</em></strong></span> <span class='ocrx_word' id='word_1_446' title='bbox 754 4833 840 4889; x_wconf 89' lang='lat' dir='ltr'><strong><em>Ita</em></strong></span> <span class='ocrx_word' id='word_1_447' title='bbox 865 4839 1065 4890; x_wconf 83' lang='lat' dir='ltr'><strong><em>autem</em></strong></span> <span class='ocrx_word' id='word_1_448' title='bbox 1108 4833 1414 4893; x_wconf 74' lang='lat' dir='ltr'><strong><em>dtemones</em></strong></span> <span class='ocrx_word' id='word_1_449' title='bbox 1459 4839 1801 4912; x_wconf 89' lang='lat' dir='ltr'><strong><em>appellavit,</em></strong></span> <span class='ocrx_word' id='word_1_450' title='bbox 1859 4856 1980 4896; x_wconf 89' lang='lat' dir='ltr'><strong><em>non</em></strong></span> <span class='ocrx_word' id='word_1_451' title='bbox 2035 4840 2240 4899; x_wconf 87' lang='lat' dir='ltr'><strong><em>solum</em></strong></span> 
     </span>
    </p>
   </div>
   <div class='ocr_carea' id='block_1_71' title="bbox 573 4922 2240 5000">
    <p class='ocr_par' dir='ltr' id='par_1_71' title="bbox 573 4922 2240 5000">
     <span class='ocr_line' id='line_1_71' title="bbox 573 4922 2240 5000; baseline 0.004 -22"><span class='ocrx_word' id='word_1_452' title='bbox 573 4922 1316 4994; x_wconf 87' lang='lat' dir='ltr'><strong><em>propterinsidias,veneni</em></strong></span> <span class='ocrx_word' id='word_1_453' title='bbox 1330 4926 1751 4998; x_wconf 88' lang='lat' dir='ltr'><strong><em>jaculationem</em></strong></span> <span class='ocrx_word' id='word_1_454' title='bbox 1767 4945 1836 4985; x_wconf 91' lang='lat' dir='ltr'><strong><em>ac</em></strong></span> <span class='ocrx_word' id='word_1_455' title='bbox 1848 4929 2240 5000; x_wconf 83' lang='lat' dir='ltr'><strong><em>infectionem,</em></strong></span> 
     </span>
    </p>
   </div>
   <div class='ocr_carea' id='block_1_72' title="bbox 575 5010 2240 5090">
    <p class='ocr_par' dir='ltr' id='par_1_72' title="bbox 575 5010 2240 5090">
     <span class='ocr_line' id='line_1_72' title="bbox 575 5010 2240 5090; baseline 0.007 -23"><span class='ocrx_word' id='word_1_456' title='bbox 575 5010 681 5068; x_wconf 89' lang='lat' dir='ltr'><strong><em>sed</em></strong></span> <span class='ocrx_word' id='word_1_457' title='bbox 718 5015 777 5068; x_wconf 91' lang='lat' dir='ltr'><strong><em>et</em></strong></span> <span class='ocrx_word' id='word_1_458' title='bbox 821 5016 1067 5086; x_wconf 88' lang='lat' dir='ltr'><strong><em>propter</em></strong></span> <span class='ocrx_word' id='word_1_459' title='bbox 1121 5013 1481 5073; x_wconf 85' lang='lat' dir='ltr'><strong><em>debilitatem</em></strong></span> <span class='ocrx_word' id='word_1_460' title='bbox 1535 5033 1606 5076; x_wconf 88' lang='lat' dir='ltr'><strong><em>ac</em></strong></span> <span class='ocrx_word' id='word_1_461' title='bbox 1659 5018 1986 5090; x_wconf 90' lang='lat' dir='ltr'><strong><em>ignaviam.</em></strong></span> <span class='ocrx_word' id='word_1_462' title='bbox 2022 5021 2240 5078; x_wconf 84' lang='lat' dir='ltr'><strong><em>Verum</em></strong></span> 
     </span>
    </p>
   </div>
   <div class='ocr_carea' id='block_1_73' title="bbox 571 5099 2241 5246">
    <p class='ocr_par' dir='ltr' id='par_1_73' title="bbox 571 5099 2241 5246">
     <span class='ocr_line' id='line_1_73' title="bbox 571 5099 2241 5246; baseline 0.007 -91"><span class='ocrx_word' id='word_1_463' title='bbox 571 5099 736 5246; x_wconf 47' lang='grc' dir='ltr'>αξιἔὲ</span> <span class='ocrx_word' id='word_1_464' title='bbox 766 5099 842 5158; x_wconf 88' lang='lat' dir='ltr'><strong><em>de</em></strong></span> <span class='ocrx_word' id='word_1_465' title='bbox 868 5100 1230 5161; x_wconf 61' lang='lat' dir='ltr'><strong><em>daemonibus</em></strong></span> <span class='ocrx_word' id='word_1_466' title='bbox 1256 5104 1556 5179; x_wconf 87' lang='lat' dir='ltr'><strong><em>loquatur,</em></strong></span> <span class='ocrx_word' id='word_1_467' title='bbox 1622 5107 1942 5166; x_wconf 81' lang='lat' dir='ltr'><strong><em>manifesta</em></strong></span> <span class='ocrx_word' id='word_1_468' title='bbox 1959 5107 2042 5176; x_wconf 90' lang='lat' dir='ltr'><strong><em>id,</em></strong></span> <span class='ocrx_word' id='word_1_469' title='bbox 2074 5109 2241 5182; x_wconf 91' lang='lat' dir='ltr'><strong><em>quod</em></strong></span> 
     </span>
     <span class='ocr_line' id='line_1_74' title="bbox 574 5189 866 5246; baseline 0.007 -2"><span class='ocrx_word' id='word_1_470' title='bbox 574 5205 602 5244; x_wconf 86' lang='lat' dir='ltr'><strong><em>s</em></strong></span> <span class='ocrx_word' id='word_1_471' title='bbox 735 5189 866 5246; x_wconf 88' lang='lat' dir='ltr'><strong><em>itur.</em></strong></span> 
     </span>
    </p>
   </div>
   <div class='ocr_carea' id='block_1_74' title="bbox 574 5189 866 5248">
    <p class='ocr_par' dir='ltr' id='par_1_74' title="bbox 574 5189 866 5248">
     <span class='ocr_line' id='line_1_75' title="bbox 574 5189 866 5248; baseline 0.007 -4"><span class='ocrx_word' id='word_1_472' title='bbox 574 5189 866 5248; x_wconf 86' lang='lat' dir='ltr'><strong><em>subditur.</em></strong></span> 
     </span>
    </p>
   </div>
   <div class='ocr_carea' id='block_1_75' title="bbox 645 5341 1148 5411">
    <p class='ocr_par' dir='ltr' id='par_1_75' title="bbox 645 5341 1148 5411">
     <span class='ocr_line' id='line_1_76' title="bbox 645 5341 1148 5411; baseline 0 -13"><span class='ocrx_word' id='word_1_473' title='bbox 645 5341 692 5377; x_wconf 84' lang='lat'>”</span> <span class='ocrx_word' id='word_1_474' title='bbox 724 5343 928 5402; x_wconf 79' lang='lat' dir='ltr'><strong><em>Matth.</em></strong></span> <span class='ocrx_word' id='word_1_475' title='bbox 967 5361 1027 5411; x_wconf 74' lang='grc' dir='ltr'><strong><em>κ,</em></strong></span> <span class='ocrx_word' id='word_1_476' title='bbox 1060 5345 1148 5400; x_wconf 73' lang='lat' dir='ltr'><strong><em>ﬂ.</em></strong></span> 
     </span>
    </p>
   </div>
   <div class='ocr_carea' id='block_1_76' title="bbox 1281 5345 2316 5418">
    <p class='ocr_par' dir='ltr' id='par_1_76' title="bbox 1281 5345 2316 5418">
     <span class='ocr_line' id='line_1_77' title="bbox 1281 5345 2316 5418; baseline 0.004 -16"><span class='ocrx_word' id='word_1_477' title='bbox 1281 5346 1328 5383; x_wconf 77' lang='lat'><strong>“</strong></span> <span class='ocrx_word' id='word_1_478' title='bbox 1355 5345 1559 5404; x_wconf 84' lang='lat' dir='ltr'><strong><em>Matth.</em></strong></span> <span class='ocrx_word' id='word_1_479' title='bbox 1586 5365 1668 5418; x_wconf 66' lang='lat' dir='ltr'><strong><em>xx,</em></strong></span> <span class='ocrx_word' id='word_1_480' title='bbox 1699 5351 1786 5405; x_wconf 85' lang='lat'><strong><em>20.</em></strong></span> <span class='ocrx_word' id='word_1_481' title='bbox 1819 5349 1868 5386; x_wconf 79' lang='grc'><strong>⁸⁷</strong></span> <span class='ocrx_word' id='word_1_482' title='bbox 1899 5348 2102 5406; x_wconf 81' lang='lat' dir='ltr'><strong><em>Matth.</em></strong></span> <span class='ocrx_word' id='word_1_483' title='bbox 2139 5365 2197 5416; x_wconf 84' lang='lat' dir='ltr'><strong><em>x,</em></strong></span> <span class='ocrx_word' id='word_1_484' title='bbox 2231 5352 2316 5406; x_wconf 85' lang='lat' dir='ltr'><strong><em>l5.</em></strong></span> 
     </span>
    </p>
   </div>
   <div class='ocr_carea' id='block_1_77' title="bbox 2360 1893 4001 1967">
    <p class='ocr_par' dir='ltr' id='par_1_77' title="bbox 2360 1893 4001 1967">
     <span class='ocr_line' id='line_1_78' title="bbox 2360 1893 4001 1967; baseline -0.002 -21"><span class='ocrx_word' id='word_1_485' title='bbox 2360 1903 2469 1947; x_wconf 79' lang='grc' dir='ltr'>τοῦ·</span> <span class='ocrx_word' id='word_1_486' title='bbox 2536 1897 2704 1966; x_wconf 79' lang='grc' dir='ltr'><strong><em>Ἀμὴν</em></strong></span> <span class='ocrx_word' id='word_1_487' title='bbox 2764 1895 2895 1966; x_wconf 90' lang='grc' dir='ltr'>λέγω</span> <span class='ocrx_word' id='word_1_488' title='bbox 2952 1897 3092 1967; x_wconf 75' lang='grc' dir='ltr'>ὑμῖν,</span> <span class='ocrx_word' id='word_1_489' title='bbox 3161 1893 3481 1966; x_wconf 72' lang='grc' dir='ltr'>ἀνεκτότερον</span> <span class='ocrx_word' id='word_1_490' title='bbox 3549 1895 3699 1944; x_wconf 76' lang='grc' dir='ltr'>ἔσται</span> <span class='ocrx_word' id='word_1_491' title='bbox 3757 1901 3842 1964; x_wconf 74' lang='grc' dir='ltr'>γῇ</span> <span class='ocrx_word' id='word_1_492' title='bbox 3909 1901 4001 1944; x_wconf 84' lang='grc' dir='ltr'><strong><em>Σο-</em></strong></span> 
     </span>
    </p>
   </div>
   <div class='ocr_carea' id='block_1_78' title="bbox 2361 1981 3994 2058">
    <p class='ocr_par' dir='ltr' id='par_1_78' title="bbox 2361 1981 3994 2058">
     <span class='ocr_line' id='line_1_79' title="bbox 2361 1981 3994 2058; baseline -0.003 -21"><span class='ocrx_word' id='word_1_493' title='bbox 2361 1981 2534 2056; x_wconf 76' lang='grc' dir='ltr'>δόμων</span> <span class='ocrx_word' id='word_1_494' title='bbox 2580 1990 2669 2036; x_wconf 78' lang='grc' dir='ltr'>καὶ</span> <span class='ocrx_word' id='word_1_495' title='bbox 2711 1984 2979 2058; x_wconf 77' lang='grc' dir='ltr'>Γομόρρων</span> <span class='ocrx_word' id='word_1_496' title='bbox 3025 1987 3075 2036; x_wconf 85' lang='grc' dir='ltr'><strong><em>έν</em></strong></span> <span class='ocrx_word' id='word_1_497' title='bbox 3126 1986 3295 2056; x_wconf 75' lang='grc' dir='ltr'>ἡμέρα</span> <span class='ocrx_word' id='word_1_498' title='bbox 3343 1987 3586 2055; x_wconf 77' lang='grc' dir='ltr'>κρίσεως,</span> <span class='ocrx_word' id='word_1_499' title='bbox 3624 1982 3656 2041; x_wconf 69' lang='grc' dir='ltr'><strong><em>ἦ</em></strong></span> <span class='ocrx_word' id='word_1_500' title='bbox 3705 1989 3772 2053; x_wconf 71' lang='grc' dir='ltr'>τῇ</span> <span class='ocrx_word' id='word_1_501' title='bbox 3835 1981 3994 2034; x_wconf 73' lang='grc' dir='ltr'>πόλει</span> 
     </span>
    </p>
   </div>
   <div class='ocr_carea' id='block_1_79' title="bbox 2359 2072 2544 2146">
    <p class='ocr_par' dir='ltr' id='par_1_79' title="bbox 2359 2072 2544 2146">
     <span class='ocr_line' id='line_1_80' title="bbox 2359 2072 2544 2146; baseline 0.011 -21"><span class='ocrx_word' id='word_1_502' title='bbox 2359 2072 2520 2146; x_wconf 64' lang='grc' dir='ltr'>ἐκείνῃ</span> <span class='ocrx_word' id='word_1_503' title='bbox 2533 2115 2544 2127; x_wconf 94' lang='grc'><strong>.</strong></span> 
     </span>
    </p>
   </div>
   <div class='ocr_carea' id='block_1_80' title="bbox 2432 2158 3986 2233">
    <p class='ocr_par' dir='ltr' id='par_1_80' title="bbox 2432 2158 3986 2233">
     <span class='ocr_line' id='line_1_81' title="bbox 2432 2158 3986 2233; baseline -0.005 -17"><span class='ocrx_word' id='word_1_504' title='bbox 2432 2169 2531 2216; x_wconf 83' lang='grc' dir='ltr'><strong><em>Καὶ</em></strong></span> <span class='ocrx_word' id='word_1_505' title='bbox 2564 2167 2628 2216; x_wconf 81' lang='grc' dir='ltr'>σὺ</span> <span class='ocrx_word' id='word_1_506' title='bbox 2661 2194 2726 2203; x_wconf 89' lang='grc'><strong>-</strong></span> <span class='ocrx_word' id='word_1_507' title='bbox 2755 2161 3218 2233; x_wconf 72' lang='grc' dir='ltr'>καταϐιϐασθήσῃ.</span> <span class='ocrx_word' id='word_1_508' title='bbox 3252 2161 3332 2212; x_wconf 85' lang='grc' dir='ltr'>Ἐν</span> <span class='ocrx_word' id='word_1_509' title='bbox 3358 2168 3428 2230; x_wconf 85' lang='grc' dir='ltr'>τῷ</span> <span class='ocrx_word' id='word_1_510' title='bbox 3461 2159 3680 2228; x_wconf 80' lang='grc' dir='ltr'>εἰκοστῷ</span> <span class='ocrx_word' id='word_1_511' title='bbox 3703 2158 3986 2231; x_wconf 72' lang='grc' dir='ltr'>κεφαλαίῳ</span> 
     </span>
    </p>
   </div>
   <div class='ocr_carea' id='block_1_81' title="bbox 2356 2251 3980 2326">
    <p class='ocr_par' dir='ltr' id='par_1_81' title="bbox 2356 2251 3980 2326">
     <span class='ocr_line' id='line_1_82' title="bbox 2356 2251 3980 2326; baseline -0.004 -22"><span class='ocrx_word' id='word_1_512' title='bbox 2356 2260 2447 2304; x_wconf 79' lang='grc' dir='ltr'>τοῦ</span> <span class='ocrx_word' id='word_1_513' title='bbox 2493 2255 2627 2304; x_wconf 87' lang='grc' dir='ltr'>κατὰ</span> <span class='ocrx_word' id='word_1_514' title='bbox 2680 2253 2946 2305; x_wconf 83' lang='grc' dir='ltr'>Ματθαίον</span> <span class='ocrx_word' id='word_1_515' title='bbox 3007 2255 3211 2326; x_wconf 79' lang='grc' dir='ltr'>εἴρηται</span> <span class='ocrx_word' id='word_1_516' title='bbox 3269 2255 3359 2302; x_wconf 84' lang='grc' dir='ltr'>καὶ</span> <span class='ocrx_word' id='word_1_517' title='bbox 3415 2254 3529 2323; x_wconf 72' lang='grc' dir='ltr'>περὶ</span> <span class='ocrx_word' id='word_1_518' title='bbox 3587 2252 3803 2315; x_wconf 68' lang='grc' dir='ltr'>ταύτης,</span> <span class='ocrx_word' id='word_1_519' title='bbox 3883 2251 3980 2298; x_wconf 78' lang='grc' dir='ltr'>καὶ</span> 
     </span>
    </p>
   </div>
   <div class='ocr_carea' id='block_1_82' title="bbox 2360 2340 2900 2412">
    <p class='ocr_par' dir='ltr' id='par_1_82' title="bbox 2360 2340 2900 2412">
     <span class='ocr_line' id='line_1_83' title="bbox 2360 2340 2900 2412; baseline 0.004 -18"><span class='ocrx_word' id='word_1_520' title='bbox 2360 2344 2591 2404; x_wconf 76' lang='grc' dir='ltr'>ζήτησον</span> <span class='ocrx_word' id='word_1_521' title='bbox 2623 2341 2671 2393; x_wconf 80' lang='grc' dir='ltr'><strong><em>ἐν</em></strong></span> <span class='ocrx_word' id='word_1_522' title='bbox 2703 2340 2900 2412; x_wconf 87' lang='grc' dir='ltr'>ἐκείνῳ.</span> 
     </span>
    </p>
   </div>
   <div class='ocr_carea' id='block_1_83' title="bbox 2423 2425 3966 2502">
    <p class='ocr_par' dir='ltr' id='par_1_83' title="bbox 2423 2425 3966 2502">
     <span class='ocr_line' id='line_1_84' title="bbox 2423 2425 3966 2502; baseline -0.006 -19"><span class='ocrx_word' id='word_1_523' title='bbox 2423 2432 2481 2483; x_wconf 83' lang='grc' dir='ltr'><strong>Ὀ</strong></span> <span class='ocrx_word' id='word_1_524' title='bbox 2533 2430 2731 2482; x_wconf 81' lang='grc' dir='ltr'>ἁκούων</span> <span class='ocrx_word' id='word_1_525' title='bbox 2789 2461 2855 2472; x_wconf 80' lang='lat'><strong><em>-—</em></strong></span> <span class='ocrx_word' id='word_1_526' title='bbox 2902 2448 2981 2502; x_wconf 78' lang='grc' dir='ltr'><strong><em>με.</em></strong></span> <span class='ocrx_word' id='word_1_527' title='bbox 3037 2428 3310 2486; x_wconf 75' lang='grc' dir='ltr'>Ἀθέτησιν</span> <span class='ocrx_word' id='word_1_528' title='bbox 3361 2427 3497 2498; x_wconf 87' lang='grc' dir='ltr'>λέγει</span> <span class='ocrx_word' id='word_1_529' title='bbox 3547 2432 3634 2484; x_wconf 69' lang='grc' dir='ltr'>τὴν</span> <span class='ocrx_word' id='word_1_530' title='bbox 3687 2425 3966 2476; x_wconf 53' lang='lat' dir='ltr'><strong><em>audeam</em></strong></span> 
     </span>
    </p>
   </div>
   <div class='ocr_carea' id='block_1_84' title="bbox 2351 2513 3944 2592">
    <p class='ocr_par' dir='ltr' id='par_1_84' title="bbox 2351 2513 3944 2592">
     <span class='ocr_line' id='line_1_85' title="bbox 2351 2513 3944 2592; baseline -0.007 -20"><span class='ocrx_word' id='word_1_531' title='bbox 2351 2526 2441 2572; x_wconf 84' lang='grc' dir='ltr'>καὶ</span> <span class='ocrx_word' id='word_1_532' title='bbox 2473 2520 2825 2592; x_wconf 78' lang='grc' dir='ltr'>ἀποστροφήν.</span> <span class='ocrx_word' id='word_1_533' title='bbox 2867 2519 2977 2571; x_wconf 88' lang='grc' dir='ltr'>Ἰνα</span> <span class='ocrx_word' id='word_1_534' title='bbox 3005 2521 3106 2590; x_wconf 82' lang='grc' dir='ltr'>γὰρ</span> <span class='ocrx_word' id='word_1_535' title='bbox 3161 2523 3232 2590; x_wconf 78' lang='grc' dir='ltr'><strong><em>μὴ</em></strong></span> <span class='ocrx_word' id='word_1_536' title='bbox 3288 2517 3543 2569; x_wconf 82' lang='grc' dir='ltr'>λυπῶνται</span> <span class='ocrx_word' id='word_1_537' title='bbox 3593 2513 3944 2583; x_wconf 70' lang='grc' dir='ltr'>ἀθετούμενοι,</span> 
     </span>
    </p>
   </div>
   <div class='ocr_carea' id='block_1_85' title="bbox 2353 2598 3954 2682">
    <p class='ocr_par' dir='ltr' id='par_1_85' title="bbox 2353 2598 3954 2682">
     <span class='ocr_line' id='line_1_86' title="bbox 2353 2598 3954 2682; baseline -0.008 -19"><span class='ocrx_word' id='word_1_538' title='bbox 2353 2615 2529 2682; x_wconf 73' lang='grc' dir='ltr'>φησὶν,</span> <span class='ocrx_word' id='word_1_539' title='bbox 2571 2612 2649 2661; x_wconf 82' lang='grc' dir='ltr'>ὅτι</span> <span class='ocrx_word' id='word_1_540' title='bbox 2687 2609 2742 2661; x_wconf 83' lang='grc' dir='ltr'><strong><em>Ἥ</em></strong></span> <span class='ocrx_word' id='word_1_541' title='bbox 2776 2611 2995 2680; x_wconf 77' lang='grc' dir='ltr'>ὑμετέρα</span> <span class='ocrx_word' id='word_1_542' title='bbox 3042 2606 3212 2681; x_wconf 74' lang='grc' dir='ltr'>ὕϐρις,</span> <span class='ocrx_word' id='word_1_543' title='bbox 3266 2603 3338 2658; x_wconf 83' lang='grc' dir='ltr'><strong><em>δι’</em></strong></span> <span class='ocrx_word' id='word_1_544' title='bbox 3393 2607 3530 2677; x_wconf 71' lang='grc' dir='ltr'><strong><em>ὑμῶν</em></strong></span> <span class='ocrx_word' id='word_1_545' title='bbox 3581 2607 3682 2674; x_wconf 66' lang='grc' dir='ltr'>μὲν,</span> <span class='ocrx_word' id='word_1_546' title='bbox 3729 2601 3798 2662; x_wconf 81' lang='grc' dir='ltr'>εἰς</span> <span class='ocrx_word' id='word_1_547' title='bbox 3857 2598 3954 2670; x_wconf 63' lang='grc' dir='ltr'><strong><em>ἐμὲ</em></strong></span> 
     </span>
    </p>
   </div>
   <div class='ocr_carea' id='block_1_86' title="bbox 2350 2687 3961 2771">
    <p class='ocr_par' dir='ltr' id='par_1_86' title="bbox 2350 2687 3961 2771">
     <span class='ocr_line' id='line_1_87' title="bbox 2350 2687 3961 2771; baseline -0.007 -21"><span class='ocrx_word' id='word_1_548' title='bbox 2350 2698 2649 2771; x_wconf 74' lang='grc' dir='ltr'>ἀνατρέχει,</span> <span class='ocrx_word' id='word_1_549' title='bbox 2701 2702 2786 2750; x_wconf 84' lang='grc' dir='ltr'>τὸν</span> <span class='ocrx_word' id='word_1_550' title='bbox 2833 2696 3207 2750; x_wconf 78' lang='grc' dir='ltr'>ἀποστείλαντα</span> <span class='ocrx_word' id='word_1_551' title='bbox 3256 2694 3422 2769; x_wconf 64' lang='grc' dir='ltr'>ύερις</span> <span class='ocrx_word' id='word_1_552' title='bbox 3482 2691 3552 2746; x_wconf 80' lang='grc' dir='ltr'><strong><em>δι’</em></strong></span> <span class='ocrx_word' id='word_1_553' title='bbox 3595 2691 3714 2764; x_wconf 72' lang='grc' dir='ltr'>ἐμοῦ</span> <span class='ocrx_word' id='word_1_554' title='bbox 3754 2687 3839 2754; x_wconf 65' lang='grc' dir='ltr'><strong><em>δε,</em></strong></span> <span class='ocrx_word' id='word_1_555' title='bbox 3887 2688 3961 2748; x_wconf 86' lang='grc' dir='ltr'>εἰς</span> 
     </span>
    </p>
   </div>
   <div class='ocr_carea' id='block_1_87' title="bbox 2350 2785 3436 2860">
    <p class='ocr_par' dir='ltr' id='par_1_87' title="bbox 2350 2785 3436 2860">
     <span class='ocr_line' id='line_1_88' title="bbox 2350 2785 3436 2860; baseline -0.004 -20"><span class='ocrx_word' id='word_1_556' title='bbox 2350 2793 2435 2840; x_wconf 87' lang='grc' dir='ltr'><strong><em>τόν</em></strong></span> <span class='ocrx_word' id='word_1_557' title='bbox 2472 2793 2674 2860; x_wconf 82' lang='grc' dir='ltr'>Πατέρα</span> <span class='ocrx_word' id='word_1_558' title='bbox 2709 2807 2808 2858; x_wconf 81' lang='grc' dir='ltr'><strong><em>μου</em></strong></span> <span class='ocrx_word' id='word_1_559' title='bbox 2837 2791 2920 2838; x_wconf 90' lang='grc' dir='ltr'>τὸν</span> <span class='ocrx_word' id='word_1_560' title='bbox 2954 2785 3330 2838; x_wconf 79' lang='grc' dir='ltr'>ἀποστείλαντά</span> <span class='ocrx_word' id='word_1_561' title='bbox 3356 2803 3436 2856; x_wconf 83' lang='grc' dir='ltr'>με.</span> 
     </span>
    </p>
   </div>
   <div class='ocr_carea' id='block_1_88' title="bbox 2418 2870 3966 2948">
    <p class='ocr_par' dir='ltr' id='par_1_88' title="bbox 2418 2870 3966 2948">
     <span class='ocr_line' id='line_1_89' title="bbox 2418 2870 3966 2948; baseline -0.006 -18"><span class='ocrx_word' id='word_1_562' title='bbox 2418 2877 2770 2948; x_wconf 66' lang='grc' dir='ltr'>Ὑπέστρεψαν</span> <span class='ocrx_word' id='word_1_563' title='bbox 2839 2906 2909 2916; x_wconf 89' lang='grc'><strong><em>-</em></strong></span> <span class='ocrx_word' id='word_1_564' title='bbox 2985 2895 3100 2929; x_wconf 88' lang='grc' dir='ltr'>σου.</span> <span class='ocrx_word' id='word_1_565' title='bbox 3172 2873 3446 2945; x_wconf 76' lang='grc' dir='ltr'>Ἐχαιρον,</span> <span class='ocrx_word' id='word_1_566' title='bbox 3525 2874 3588 2932; x_wconf 77' lang='grc' dir='ltr'>ὡς</span> <span class='ocrx_word' id='word_1_567' title='bbox 3658 2870 3966 2934; x_wconf 75' lang='grc' dir='ltr'>ἀξιωθέντες</span> 
     </span>
    </p>
   </div>
   <div class='ocr_carea' id='block_1_89' title="bbox 2351 2959 3611 3040">
    <p class='ocr_par' dir='ltr' id='par_1_89' title="bbox 2351 2959 3611 3040">
     <span class='ocr_line' id='line_1_90' title="bbox 2351 2959 3611 3040; baseline -0.006 -21"><span class='ocrx_word' id='word_1_568' title='bbox 2351 2970 2763 3040; x_wconf 80' lang='grc' dir='ltr'>θαυματουργείν</span> <span class='ocrx_word' id='word_1_569' title='bbox 2788 2970 2877 3016; x_wconf 81' lang='grc' dir='ltr'>καὶ</span> <span class='ocrx_word' id='word_1_570' title='bbox 2904 2966 3222 3016; x_wconf 80' lang='grc' dir='ltr'>ύποτάσσειν</span> <span class='ocrx_word' id='word_1_571' title='bbox 3247 2967 3310 3014; x_wconf 71' lang='grc' dir='ltr'><strong><em>τα</em></strong></span> <span class='ocrx_word' id='word_1_572' title='bbox 3342 2959 3611 3033; x_wconf 73' lang='grc' dir='ltr'>δαιμόνια.</span> 
     </span>
    </p>
   </div>
   <div class='ocr_carea' id='block_1_90' title="bbox 2424 3139 3961 3201">
    <p class='ocr_par' dir='ltr' id='par_1_90' title="bbox 2424 3139 3961 3201">
     <span class='ocr_line' id='line_1_91' title="bbox 2424 3139 3961 3201; baseline -0.008 -2"><span class='ocrx_word' id='word_1_573' title='bbox 2424 3144 2547 3199; x_wconf 81' lang='grc' dir='ltr'>Εἶπε</span> <span class='ocrx_word' id='word_1_574' title='bbox 2598 3177 2662 3185; x_wconf 94' lang='grc'><strong><em>-</em></strong></span> <span class='ocrx_word' id='word_1_575' title='bbox 2711 3148 2951 3196; x_wconf 86' lang='grc' dir='ltr'>πεσόντα.</span> <span class='ocrx_word' id='word_1_576' title='bbox 3009 3139 3277 3201; x_wconf 72' lang='grc' dir='ltr'>Ἐδήλωσε</span> <span class='ocrx_word' id='word_1_577' title='bbox 3328 3161 3421 3199; x_wconf 76' lang='grc' dir='ltr'><strong><em>την</em></strong></span> <span class='ocrx_word' id='word_1_578' title='bbox 3481 3141 3652 3193; x_wconf 78' lang='grc' dir='ltr'>αἰτιᾶν</span> <span class='ocrx_word' id='word_1_579' title='bbox 3708 3147 3802 3199; x_wconf 78' lang='grc' dir='ltr'>τῆς</span> <span class='ocrx_word' id='word_1_580' title='bbox 3863 3145 3961 3189; x_wconf 77' lang='grc' dir='ltr'>τῶν</span> 
     </span>
    </p>
   </div>
   <div class='ocr_carea' id='block_1_91' title="bbox 2355 3230 3958 3308">
    <p class='ocr_par' dir='ltr' id='par_1_91' title="bbox 2355 3230 3958 3308">
     <span class='ocr_line' id='line_1_92' title="bbox 2355 3230 3958 3308; baseline -0.007 -19"><span class='ocrx_word' id='word_1_581' title='bbox 2355 3235 2614 3308; x_wconf 76' lang='grc' dir='ltr'>δαιμόνων</span> <span class='ocrx_word' id='word_1_582' title='bbox 2671 3237 2962 3304; x_wconf 74' lang='grc' dir='ltr'>ὑποταγῆς,</span> <span class='ocrx_word' id='word_1_583' title='bbox 3024 3235 3104 3285; x_wconf 83' lang='grc' dir='ltr'>ὅτι</span> <span class='ocrx_word' id='word_1_584' title='bbox 3151 3242 3414 3284; x_wconf 80' lang='grc' dir='ltr'>πέπτωκεν</span> <span class='ocrx_word' id='word_1_585' title='bbox 3464 3233 3488 3282; x_wconf 89' lang='grc' dir='ltr'><strong><em>ό</em></strong></span> <span class='ocrx_word' id='word_1_586' title='bbox 3533 3233 3715 3304; x_wconf 75' lang='grc' dir='ltr'>ἄρχων</span> <span class='ocrx_word' id='word_1_587' title='bbox 3765 3230 3958 3288; x_wconf 70' lang='grc' dir='ltr'>αὐτῶν,</span> 
     </span>
    </p>
   </div>
   <div class='ocr_carea' id='block_1_92' title="bbox 2351 3321 3962 3396">
    <p class='ocr_par' dir='ltr' id='par_1_92' title="bbox 2351 3321 3962 3396">
     <span class='ocr_line' id='line_1_93' title="bbox 2351 3321 3962 3396; baseline -0.006 -18"><span class='ocrx_word' id='word_1_588' title='bbox 2351 3329 2375 3378; x_wconf 87' lang='grc' dir='ltr'><strong><em>ὁ</em></strong></span> <span class='ocrx_word' id='word_1_589' title='bbox 2425 3325 2682 3396; x_wconf 76' lang='grc' dir='ltr'>ἐνισχύων</span> <span class='ocrx_word' id='word_1_590' title='bbox 2732 3323 2942 3385; x_wconf 76' lang='grc' dir='ltr'>αύτούς,</span> <span class='ocrx_word' id='word_1_591' title='bbox 3001 3327 3090 3374; x_wconf 83' lang='grc' dir='ltr'>καὶ</span> <span class='ocrx_word' id='word_1_592' title='bbox 3146 3321 3324 3373; x_wconf 86' lang='grc' dir='ltr'>λοιπὸν</span> <span class='ocrx_word' id='word_1_593' title='bbox 3383 3321 3834 3390; x_wconf 79' lang='grc' dir='ltr'>εύκαταγώνιστοι</span> <span class='ocrx_word' id='word_1_594' title='bbox 3887 3335 3962 3387; x_wconf 79' lang='grc' dir='ltr'>γε·</span> 
     </span>
    </p>
   </div>
   <div class='ocr_carea' id='block_1_93' title="bbox 2348 3412 3956 3486">
    <p class='ocr_par' dir='ltr' id='par_1_93' title="bbox 2348 3412 3956 3486">
     <span class='ocr_line' id='line_1_94' title="bbox 2348 3412 3956 3486; baseline -0.002 -19"><span class='ocrx_word' id='word_1_595' title='bbox 2348 3432 2552 3486; x_wconf 84' lang='grc' dir='ltr'>γόνασι·</span> <span class='ocrx_word' id='word_1_596' title='bbox 2593 3418 2693 3486; x_wconf 85' lang='grc' dir='ltr'><strong><em>πρό</em></strong></span> <span class='ocrx_word' id='word_1_597' title='bbox 2739 3415 2827 3484; x_wconf 72' lang='grc' dir='ltr'>μεν</span> <span class='ocrx_word' id='word_1_598' title='bbox 2874 3416 2975 3485; x_wconf 77' lang='grc' dir='ltr'><strong><em>γὰρ</em></strong></span> <span class='ocrx_word' id='word_1_599' title='bbox 3031 3420 3121 3472; x_wconf 78' lang='grc' dir='ltr'>τῆς</span> <span class='ocrx_word' id='word_1_600' title='bbox 3165 3412 3603 3483; x_wconf 78' lang='grc' dir='ltr'>ἐνανθρωπήσεως</span> <span class='ocrx_word' id='word_1_601' title='bbox 3642 3417 3733 3460; x_wconf 82' lang='grc' dir='ltr'>τοῦ</span> <span class='ocrx_word' id='word_1_602' title='bbox 3781 3415 3956 3463; x_wconf 82' lang='grc' dir='ltr'><strong><em>Σωτῆ-</em></strong></span> 
     </span>
    </p>
   </div>
   <div class='ocr_carea' id='block_1_94' title="bbox 2350 3499 3960 3577">
    <p class='ocr_par' dir='ltr' id='par_1_94' title="bbox 2350 3499 3960 3577">
     <span class='ocr_line' id='line_1_95' title="bbox 2350 3499 3960 3577; baseline -0.007 -21"><span class='ocrx_word' id='word_1_603' title='bbox 2350 3525 2457 3577; x_wconf 88' lang='grc' dir='ltr'>ρος,</span> <span class='ocrx_word' id='word_1_604' title='bbox 2493 3504 2564 3565; x_wconf 87' lang='grc' dir='ltr'><strong><em>εἰς</em></strong></span> <span class='ocrx_word' id='word_1_605' title='bbox 2607 3502 2754 3573; x_wconf 73' lang='grc' dir='ltr'>ὕψος,</span> <span class='ocrx_word' id='word_1_606' title='bbox 2817 3505 2990 3574; x_wconf 75' lang='grc' dir='ltr'>ᾔρετο,</span> <span class='ocrx_word' id='word_1_607' title='bbox 3041 3505 3130 3552; x_wconf 86' lang='grc' dir='ltr'>καὶ</span> <span class='ocrx_word' id='word_1_608' title='bbox 3175 3499 3452 3572; x_wconf 72' lang='grc' dir='ltr'>ἐτυράννει,</span> <span class='ocrx_word' id='word_1_609' title='bbox 3499 3503 3589 3550; x_wconf 84' lang='grc' dir='ltr'>καὶ</span> <span class='ocrx_word' id='word_1_610' title='bbox 3635 3501 3826 3568; x_wconf 80' lang='grc' dir='ltr'>ἴσχυε.</span> <span class='ocrx_word' id='word_1_611' title='bbox 3865 3502 3960 3549; x_wconf 76' lang='grc' dir='ltr'><strong><em>Τοῦ</em></strong></span> 
     </span>
    </p>
   </div>
   <div class='ocr_carea' id='block_1_95' title="bbox 2352 3585 3958 3664">
    <p class='ocr_par' dir='ltr' id='par_1_95' title="bbox 2352 3585 3958 3664">
     <span class='ocr_line' id='line_1_96' title="bbox 2352 3585 3958 3664; baseline -0.006 -18"><span class='ocrx_word' id='word_1_612' title='bbox 2352 3602 2482 3646; x_wconf 76' lang='grc' dir='ltr'>Θεοῦ</span> <span class='ocrx_word' id='word_1_613' title='bbox 2516 3590 2573 3645; x_wconf 72' lang='grc' dir='ltr'>δι</span> <span class='ocrx_word' id='word_1_614' title='bbox 2605 3600 2666 3664; x_wconf 76' lang='grc' dir='ltr'>τῇ</span> <span class='ocrx_word' id='word_1_615' title='bbox 2707 3600 2774 3663; x_wconf 73' lang='grc' dir='ltr'>γῇ</span> <span class='ocrx_word' id='word_1_616' title='bbox 2821 3587 2915 3643; x_wconf 82' lang='grc' dir='ltr'><strong><em>διὰ</em></strong></span> <span class='ocrx_word' id='word_1_617' title='bbox 2948 3594 3142 3664; x_wconf 88' lang='grc' dir='ltr'>σαρκός</span> <span class='ocrx_word' id='word_1_618' title='bbox 3172 3585 3615 3661; x_wconf 72' lang='grc' dir='ltr'>ἐπιδημήσαντος,</span> <span class='ocrx_word' id='word_1_619' title='bbox 3668 3592 3958 3639; x_wconf 78' lang='grc' dir='ltr'>πέπτωκεν·</span> 
     </span>
    </p>
   </div>
   <div class='ocr_carea' id='block_1_96' title="bbox 2351 3676 3964 3755">
    <p class='ocr_par' dir='ltr' id='par_1_96' title="bbox 2351 3676 3964 3755">
     <span class='ocr_line' id='line_1_97' title="bbox 2351 3676 3964 3755; baseline -0.007 -20"><span class='ocrx_word' id='word_1_620' title='bbox 2351 3684 2442 3736; x_wconf 72' lang='grc' dir='ltr'>οὐκ</span> <span class='ocrx_word' id='word_1_621' title='bbox 2488 3681 2587 3734; x_wconf 82' lang='grc' dir='ltr'><strong><em>ἀπὸ</em></strong></span> <span class='ocrx_word' id='word_1_622' title='bbox 2627 3689 2717 3733; x_wconf 82' lang='grc' dir='ltr'><strong><em>τού</em></strong></span> <span class='ocrx_word' id='word_1_623' title='bbox 2764 3680 3001 3755; x_wconf 79' lang='grc' dir='ltr'>ούρανοῦ·</span> <span class='ocrx_word' id='word_1_624' title='bbox 3055 3682 3216 3731; x_wconf 77' lang='grc' dir='ltr'>πάλαι</span> <span class='ocrx_word' id='word_1_625' title='bbox 3271 3682 3372 3752; x_wconf 83' lang='grc' dir='ltr'><strong><em>γὰρ</em></strong></span> <span class='ocrx_word' id='word_1_626' title='bbox 3425 3676 3513 3729; x_wconf 83' lang='grc' dir='ltr'>ἀπ’</span> <span class='ocrx_word' id='word_1_627' title='bbox 3571 3677 3729 3728; x_wconf 78' lang='grc' dir='ltr'>αὑτοῦ</span> <span class='ocrx_word' id='word_1_628' title='bbox 3789 3679 3964 3728; x_wconf 80' lang='grc' dir='ltr'>πεσὼν</span> 
     </span>
    </p>
   </div>
   <div class='ocr_carea' id='block_1_97' title="bbox 2350 3764 3963 3840">
    <p class='ocr_par' dir='ltr' id='par_1_97' title="bbox 2350 3764 3963 3840">
     <span class='ocr_line' id='line_1_98' title="bbox 2350 3764 3963 3840; baseline -0.007 -15"><span class='ocrx_word' id='word_1_629' title='bbox 2350 3773 2520 3825; x_wconf 82' lang='grc' dir='ltr'>ούκέτι</span> <span class='ocrx_word' id='word_1_630' title='bbox 2583 3771 2743 3822; x_wconf 73' lang='grc' dir='ltr'>αὐτοῦ</span> <span class='ocrx_word' id='word_1_631' title='bbox 2793 3768 2967 3827; x_wconf 77' lang='grc' dir='ltr'>ἐπέϐη·</span> <span class='ocrx_word' id='word_1_632' title='bbox 3023 3767 3129 3819; x_wconf 76' lang='grc' dir='ltr'>ἀλλ’</span> <span class='ocrx_word' id='word_1_633' title='bbox 3186 3765 3286 3839; x_wconf 79' lang='grc' dir='ltr'><strong><em>ὰμὸ</em></strong></span> <span class='ocrx_word' id='word_1_634' title='bbox 3339 3774 3430 3819; x_wconf 82' lang='grc' dir='ltr'>τοῦ</span> <span class='ocrx_word' id='word_1_635' title='bbox 3491 3767 3735 3840; x_wconf 75' lang='grc' dir='ltr'>ῥηθέντος</span> <span class='ocrx_word' id='word_1_636' title='bbox 3792 3764 3963 3835; x_wconf 71' lang='grc' dir='ltr'>ὕψους</span> 
     </span>
    </p>
   </div>
   <div class='ocr_carea' id='block_1_98' title="bbox 2348 3854 3963 3933">
    <p class='ocr_par' dir='ltr' id='par_1_98' title="bbox 2348 3854 3963 3933">
     <span class='ocr_line' id='line_1_99' title="bbox 2348 3854 3963 3933; baseline -0.006 -21"><span class='ocrx_word' id='word_1_637' title='bbox 2348 3867 2438 3912; x_wconf 87' lang='grc' dir='ltr'>καὶ</span> <span class='ocrx_word' id='word_1_638' title='bbox 2469 3869 2560 3922; x_wconf 87' lang='grc' dir='ltr'>τῆς</span> <span class='ocrx_word' id='word_1_639' title='bbox 2592 3854 2900 3933; x_wconf 80' lang='grc' dir='ltr'>τυραννίδος</span> <span class='ocrx_word' id='word_1_640' title='bbox 2936 3862 3025 3909; x_wconf 81' lang='grc' dir='ltr'>καὶ</span> <span class='ocrx_word' id='word_1_641' title='bbox 3073 3866 3164 3917; x_wconf 77' lang='grc' dir='ltr'>τῆς</span> <span class='ocrx_word' id='word_1_642' title='bbox 3199 3857 3413 3928; x_wconf 87' lang='grc' dir='ltr'>ἰσχύος.</span> <span class='ocrx_word' id='word_1_643' title='bbox 3458 3859 3609 3925; x_wconf 85' lang='grc' dir='ltr'>Λέγει</span> <span class='ocrx_word' id='word_1_644' title='bbox 3641 3857 3838 3918; x_wconf 84' lang='grc' dir='ltr'>τοίνυν,</span> <span class='ocrx_word' id='word_1_645' title='bbox 3884 3854 3963 3903; x_wconf 84' lang='grc' dir='ltr'>ὃτι</span> 
     </span>
    </p>
   </div>
   <div class='ocr_carea' id='block_1_99' title="bbox 2349 3942 3962 4024">
    <p class='ocr_par' dir='ltr' id='par_1_99' title="bbox 2349 3942 3962 4024">
     <span class='ocr_line' id='line_1_100' title="bbox 2349 3942 3962 4024; baseline -0.007 -22"><span class='ocrx_word' id='word_1_646' title='bbox 2349 3952 2628 4024; x_wconf 83' lang='grc' dir='ltr'>Ἐθεώρουν</span> <span class='ocrx_word' id='word_1_647' title='bbox 2709 3951 2795 3999; x_wconf 88' lang='grc' dir='ltr'>τὸν</span> <span class='ocrx_word' id='word_1_648' title='bbox 2874 3952 3121 4011; x_wconf 82' lang='grc' dir='ltr'>Σατανᾶν,</span> <span class='ocrx_word' id='word_1_649' title='bbox 3208 3947 3336 4017; x_wconf 80' lang='grc' dir='ltr'><strong><em>μετὰ</em></strong></span> <span class='ocrx_word' id='word_1_650' title='bbox 3411 3947 3468 3996; x_wconf 87' lang='grc' dir='ltr'><strong><em>τό</em></strong></span> <span class='ocrx_word' id='word_1_651' title='bbox 3557 3942 3962 4016; x_wconf 78' lang='grc' dir='ltr'>ἐνανθρωπῆσαί</span> 
     </span>
    </p>
   </div>
   <div class='ocr_carea' id='block_1_100' title="bbox 2348 4033 3961 4112">
    <p class='ocr_par' dir='ltr' id='par_1_100' title="bbox 2348 4033 3961 4112">
     <span class='ocr_line' id='line_1_101' title="bbox 2348 4033 3961 4112; baseline -0.007 -20"><span class='ocrx_word' id='word_1_652' title='bbox 2348 4059 2411 4112; x_wconf 82' lang='grc' dir='ltr'>με</span> <span class='ocrx_word' id='word_1_653' title='bbox 2460 4035 2721 4096; x_wconf 78' lang='grc' dir='ltr'>δηλονότι,</span> <span class='ocrx_word' id='word_1_654' title='bbox 2783 4041 3024 4102; x_wconf 88' lang='grc' dir='ltr'>πεσόντα,</span> <span class='ocrx_word' id='word_1_655' title='bbox 3091 4039 3160 4097; x_wconf 83' lang='grc' dir='ltr'>ὡς</span> <span class='ocrx_word' id='word_1_656' title='bbox 3209 4033 3504 4105; x_wconf 78' lang='grc' dir='ltr'>ἀστραπὴν,</span> <span class='ocrx_word' id='word_1_657' title='bbox 3566 4033 3621 4084; x_wconf 85' lang='grc' dir='ltr'><strong><em>ἐκ</em></strong></span> <span class='ocrx_word' id='word_1_658' title='bbox 3685 4033 3799 4102; x_wconf 87' lang='grc'><strong><em>(71)</em></strong></span> <span class='ocrx_word' id='word_1_659' title='bbox 3870 4036 3961 4081; x_wconf 82' lang='grc' dir='ltr'>τοῦ</span> 
     </span>
    </p>
   </div>
   <div class='ocr_carea' id='block_1_101' title="bbox 2350 4129 2589 4201">
    <p class='ocr_par' dir='ltr' id='par_1_101' title="bbox 2350 4129 2589 4201">
     <span class='ocr_line' id='line_1_102' title="bbox 2350 4129 2589 4201; baseline 0 -19"><span class='ocrx_word' id='word_1_660' title='bbox 2350 4129 2589 4201; x_wconf 79' lang='grc' dir='ltr'>ούρανοῦ.</span> 
     </span>
    </p>
   </div>
   <div class='ocr_carea' id='block_1_102' title="bbox 2420 4204 3958 4290">
    <p class='ocr_par' dir='ltr' id='par_1_102' title="bbox 2420 4204 3958 4290">
     <span class='ocr_line' id='line_1_103' title="bbox 2420 4204 3958 4290; baseline -0.01 -19"><span class='ocrx_word' id='word_1_661' title='bbox 2420 4221 2563 4278; x_wconf 70' lang='grc' dir='ltr'>Τινες</span> <span class='ocrx_word' id='word_1_662' title='bbox 2613 4213 2672 4268; x_wconf 77' lang='grc' dir='ltr'><strong><em>δε</em></strong></span> <span class='ocrx_word' id='word_1_663' title='bbox 2719 4216 2934 4290; x_wconf 84' lang='grc' dir='ltr'>ούρανὸν</span> <span class='ocrx_word' id='word_1_664' title='bbox 2982 4213 3202 4265; x_wconf 83' lang='grc' dir='ltr'>ἐνταῦθα</span> <span class='ocrx_word' id='word_1_665' title='bbox 3239 4217 3325 4264; x_wconf 89' lang='grc' dir='ltr'>τὸν</span> <span class='ocrx_word' id='word_1_666' title='bbox 3365 4211 3490 4284; x_wconf 82' lang='grc' dir='ltr'>ἀέρα</span> <span class='ocrx_word' id='word_1_667' title='bbox 3525 4217 3745 4273; x_wconf 79' lang='grc' dir='ltr'>νοοῦσιν,</span> <span class='ocrx_word' id='word_1_668' title='bbox 3854 4204 3958 4257; x_wconf 80' lang='grc' dir='ltr'>ἐνε-</span> 
     </span>
    </p>
   </div>
   <div class='ocr_carea' id='block_1_103' title="bbox 2351 4293 3946 4380">
    <p class='ocr_par' dir='ltr' id='par_1_103' title="bbox 2351 4293 3946 4380">
     <span class='ocr_line' id='line_1_104' title="bbox 2351 4293 3946 4380; baseline -0.007 -21"><span class='ocrx_word' id='word_1_669' title='bbox 2351 4307 2632 4380; x_wconf 71' lang='grc' dir='ltr'>φιλοχωριί</span> <span class='ocrx_word' id='word_1_670' title='bbox 2663 4308 2688 4357; x_wconf 84' lang='grc' dir='ltr'>ὁ</span> <span class='ocrx_word' id='word_1_671' title='bbox 2728 4311 2966 4364; x_wconf 83' lang='grc' dir='ltr'>Σατανᾶς.</span> <span class='ocrx_word' id='word_1_672' title='bbox 3005 4307 3222 4374; x_wconf 82' lang='grc' dir='ltr'>Λέγεται</span> <span class='ocrx_word' id='word_1_673' title='bbox 3252 4305 3353 4375; x_wconf 76' lang='grc' dir='ltr'>γὰρ</span> <span class='ocrx_word' id='word_1_674' title='bbox 3405 4301 3611 4374; x_wconf 68' lang='grc' dir='ltr'>οὐρανὸς</span> <span class='ocrx_word' id='word_1_675' title='bbox 3640 4302 3727 4349; x_wconf 85' lang='grc' dir='ltr'>καὶ</span> <span class='ocrx_word' id='word_1_676' title='bbox 3760 4297 3785 4347; x_wconf 85' lang='grc' dir='ltr'><strong>ὁ</strong></span> <span class='ocrx_word' id='word_1_677' title='bbox 3819 4293 3946 4367; x_wconf 75' lang='grc' dir='ltr'><strong>ἀήρ.</strong></span> 
     </span>
    </p>
   </div>
   <div class='ocr_carea' id='block_1_104' title="bbox 2349 4383 3956 4468">
    <p class='ocr_par' dir='ltr' id='par_1_104' title="bbox 2349 4383 3956 4468">
     <span class='ocr_line' id='line_1_105' title="bbox 2349 4383 3956 4468; baseline -0.009 -19"><span class='ocrx_word' id='word_1_678' title='bbox 2349 4400 2426 4450; x_wconf 79' lang='grc' dir='ltr'><strong><em>Τὰ</em></strong></span> <span class='ocrx_word' id='word_1_679' title='bbox 2455 4398 2658 4448; x_wconf 85' lang='grc' dir='ltr'>πετεινὰ</span> <span class='ocrx_word' id='word_1_680' title='bbox 2695 4400 2794 4468; x_wconf 80' lang='grc' dir='ltr'>γήρ</span> <span class='ocrx_word' id='word_1_681' title='bbox 2841 4409 2971 4465; x_wconf 77' lang='grc' dir='ltr'>φησι</span> <span class='ocrx_word' id='word_1_682' title='bbox 3015 4400 3105 4443; x_wconf 83' lang='grc' dir='ltr'><strong><em>τού</em></strong></span> <span class='ocrx_word' id='word_1_683' title='bbox 3155 4391 3393 4464; x_wconf 81' lang='grc' dir='ltr'>ούρανοῦ.</span> <span class='ocrx_word' id='word_1_684' title='bbox 3429 4397 3513 4459; x_wconf 79' lang='grc' dir='ltr'><strong><em>Τῷ</em></strong></span> <span class='ocrx_word' id='word_1_685' title='bbox 3563 4383 3956 4462; x_wconf 69' lang='grc' dir='ltr'>παραδείγματι</span> 
     </span>
    </p>
   </div>
   <div class='ocr_carea' id='block_1_105' title="bbox 2355 4472 3953 4556">
    <p class='ocr_par' dir='ltr' id='par_1_105' title="bbox 2355 4472 3953 4556">
     <span class='ocr_line' id='line_1_106' title="bbox 2355 4472 3953 4556; baseline -0.009 -18"><span class='ocrx_word' id='word_1_686' title='bbox 2355 4483 2412 4538; x_wconf 73' lang='grc' dir='ltr'>δε</span> <span class='ocrx_word' id='word_1_687' title='bbox 2451 4495 2544 4547; x_wconf 83' lang='grc' dir='ltr'>τῆς</span> <span class='ocrx_word' id='word_1_688' title='bbox 2575 4483 2845 4556; x_wconf 76' lang='grc' dir='ltr'>ἀστραπῆς</span> <span class='ocrx_word' id='word_1_689' title='bbox 2885 4481 3171 4554; x_wconf 76' lang='grc' dir='ltr'>ἐχρήσατο,</span> <span class='ocrx_word' id='word_1_690' title='bbox 3207 4480 3463 4552; x_wconf 70' lang='grc' dir='ltr'>ἐμφαίνων</span> <span class='ocrx_word' id='word_1_691' title='bbox 3504 4481 3562 4529; x_wconf 72' lang='grc' dir='ltr'>τὸ</span> <span class='ocrx_word' id='word_1_692' title='bbox 3609 4472 3835 4549; x_wconf 76' lang='grc' dir='ltr'>σφοδρὸν</span> <span class='ocrx_word' id='word_1_693' title='bbox 3866 4477 3953 4524; x_wconf 83' lang='grc' dir='ltr'>καὶ</span> 
     </span>
    </p>
   </div>
   <div class='ocr_carea' id='block_1_106' title="bbox 2353 4572 3042 4637">
    <p class='ocr_par' dir='ltr' id='par_1_106' title="bbox 2353 4572 3042 4637">
     <span class='ocr_line' id='line_1_107' title="bbox 2353 4572 3042 4637; baseline -0.001 -11"><span class='ocrx_word' id='word_1_694' title='bbox 2353 4575 2440 4637; x_wconf 74' lang='grc' dir='ltr'><strong><em>ὀξύ</em></strong></span> <span class='ocrx_word' id='word_1_695' title='bbox 2472 4582 2566 4635; x_wconf 73' lang='grc' dir='ltr'>τῆς</span> <span class='ocrx_word' id='word_1_696' title='bbox 2590 4579 2830 4632; x_wconf 85' lang='grc' dir='ltr'>πτώσεως</span> <span class='ocrx_word' id='word_1_697' title='bbox 2862 4572 3042 4625; x_wconf 76' lang='grc' dir='ltr'>αὐτοῦ.</span> 
     </span>
    </p>
   </div>
   <div class='ocr_carea' id='block_1_107' title="bbox 2424 4658 3953 4734">
    <p class='ocr_par' dir='ltr' id='par_1_107' title="bbox 2424 4658 3953 4734">
     <span class='ocr_line' id='line_1_108' title="bbox 2424 4658 3953 4734; baseline -0.009 -19"><span class='ocrx_word' id='word_1_698' title='bbox 2424 4660 2564 4716; x_wconf 79' lang='grc' dir='ltr'>Ἰδού</span> <span class='ocrx_word' id='word_1_699' title='bbox 2618 4692 2685 4702; x_wconf 89' lang='grc'><strong><em>--</em></strong></span> <span class='ocrx_word' id='word_1_700' title='bbox 2748 4665 3025 4734; x_wconf 82' lang='grc' dir='ltr'>σκορπίων.</span> <span class='ocrx_word' id='word_1_701' title='bbox 3084 4658 3284 4730; x_wconf 70' lang='grc' dir='ltr'>Ὀφεων</span> <span class='ocrx_word' id='word_1_702' title='bbox 3341 4661 3428 4707; x_wconf 84' lang='grc' dir='ltr'><strong><em>καὶ</em></strong></span> <span class='ocrx_word' id='word_1_703' title='bbox 3511 4659 3794 4728; x_wconf 84' lang='grc' dir='ltr'>σκόρπίων,</span> <span class='ocrx_word' id='word_1_704' title='bbox 3856 4659 3953 4703; x_wconf 84' lang='grc' dir='ltr'>τῶν</span> 
     </span>
    </p>
   </div>
   <div class='ocr_carea' id='block_1_108' title="bbox 2353 4739 3952 4822">
    <p class='ocr_par' dir='ltr' id='par_1_108' title="bbox 2353 4739 3952 4822">
     <span class='ocr_line' id='line_1_109' title="bbox 2353 4739 3952 4822; baseline -0.008 -18"><span class='ocrx_word' id='word_1_705' title='bbox 2353 4749 2640 4804; x_wconf 80' lang='grc' dir='ltr'>δακνόντων</span> <span class='ocrx_word' id='word_1_706' title='bbox 2666 4755 2754 4802; x_wconf 86' lang='grc' dir='ltr'>καὶ</span> <span class='ocrx_word' id='word_1_707' title='bbox 2784 4753 3170 4822; x_wconf 89' lang='grc' dir='ltr'>τιτρωσκόντων</span> <span class='ocrx_word' id='word_1_708' title='bbox 3197 4750 3288 4809; x_wconf 81' lang='grc' dir='ltr'><strong><em>τὰς</em></strong></span> <span class='ocrx_word' id='word_1_709' title='bbox 3317 4745 3520 4817; x_wconf 75' lang='grc' dir='ltr'>ψυχάς.</span> <span class='ocrx_word' id='word_1_710' title='bbox 3569 4745 3720 4796; x_wconf 74' lang='grc' dir='ltr'>Οὕτω</span> <span class='ocrx_word' id='word_1_711' title='bbox 3753 4739 3812 4795; x_wconf 70' lang='grc' dir='ltr'><strong><em>δὲ</em></strong></span> <span class='ocrx_word' id='word_1_712' title='bbox 3841 4743 3952 4798; x_wconf 82' lang='grc' dir='ltr'>τοὺς</span> 
     </span>
    </p>
   </div>
   <div class='ocr_carea' id='block_1_109' title="bbox 2353 4831 3953 4914">
    <p class='ocr_par' dir='ltr' id='par_1_109' title="bbox 2353 4831 3953 4914">
     <span class='ocr_line' id='line_1_110' title="bbox 2353 4831 3953 4914; baseline -0.009 -20"><span class='ocrx_word' id='word_1_713' title='bbox 2353 4839 2607 4914; x_wconf 76' lang='grc' dir='ltr'>δαίμονας</span> <span class='ocrx_word' id='word_1_714' title='bbox 2653 4840 2937 4911; x_wconf 82' lang='grc' dir='ltr'>ὠνόμασεν,</span> <span class='ocrx_word' id='word_1_715' title='bbox 2983 4837 3041 4890; x_wconf 82' lang='grc' dir='ltr'><strong><em>ού</em></strong></span> <span class='ocrx_word' id='word_1_716' title='bbox 3096 4841 3247 4908; x_wconf 79' lang='grc' dir='ltr'>μόνον</span> <span class='ocrx_word' id='word_1_717' title='bbox 3303 4831 3395 4887; x_wconf 79' lang='grc' dir='ltr'><strong><em>διὰ</em></strong></span> <span class='ocrx_word' id='word_1_718' title='bbox 3438 4837 3495 4885; x_wconf 78' lang='grc' dir='ltr'>τὸ</span> <span class='ocrx_word' id='word_1_719' title='bbox 3542 4831 3812 4885; x_wconf 81' lang='grc' dir='ltr'>ἐπίϐουλον</span> <span class='ocrx_word' id='word_1_720' title='bbox 3865 4832 3953 4880; x_wconf 86' lang='grc' dir='ltr'>καὶ</span> 
     </span>
    </p>
   </div>
   <div class='ocr_carea' id='block_1_110' title="bbox 2353 4920 3950 5001">
    <p class='ocr_par' dir='ltr' id='par_1_110' title="bbox 2353 4920 3950 5001">
     <span class='ocr_line' id='line_1_111' title="bbox 2353 4920 3950 5001; baseline -0.008 -19"><span class='ocrx_word' id='word_1_721' title='bbox 2353 4929 2546 4984; x_wconf 75' lang='grc' dir='ltr'>ἰοϐόλον</span> <span class='ocrx_word' id='word_1_722' title='bbox 2589 4934 2678 4982; x_wconf 85' lang='grc' dir='ltr'>καὶ</span> <span class='ocrx_word' id='word_1_723' title='bbox 2709 4930 3009 5001; x_wconf 68' lang='grc' dir='ltr'>φθαρτικὸν,</span> <span class='ocrx_word' id='word_1_724' title='bbox 3057 4925 3184 4977; x_wconf 79' lang='grc' dir='ltr'><strong><em>ἀλλὰ</em></strong></span> <span class='ocrx_word' id='word_1_725' title='bbox 3226 4929 3315 4976; x_wconf 84' lang='grc' dir='ltr'>καὶ</span> <span class='ocrx_word' id='word_1_726' title='bbox 3358 4920 3451 4976; x_wconf 82' lang='grc' dir='ltr'><strong><em>διὰ</em></strong></span> <span class='ocrx_word' id='word_1_727' title='bbox 3502 4927 3560 4975; x_wconf 82' lang='grc' dir='ltr'>τὸ</span> <span class='ocrx_word' id='word_1_728' title='bbox 3606 4921 3815 4982; x_wconf 66' lang='grc' dir='ltr'>ἀσθενὲς</span> <span class='ocrx_word' id='word_1_729' title='bbox 3865 4921 3950 4970; x_wconf 82' lang='grc' dir='ltr'>καὶ</span> 
     </span>
    </p>
   </div>
   <div class='ocr_carea' id='block_1_111' title="bbox 2350 5007 3949 5092">
    <p class='ocr_par' dir='ltr' id='par_1_111' title="bbox 2350 5007 3949 5092">
     <span class='ocr_line' id='line_1_112' title="bbox 2350 5007 3949 5092; baseline -0.01 -18"><span class='ocrx_word' id='word_1_730' title='bbox 2350 5020 2620 5074; x_wconf 84' lang='grc' dir='ltr'>εύὰλωτὸν.</span> <span class='ocrx_word' id='word_1_731' title='bbox 2653 5017 2770 5072; x_wconf 83' lang='grc' dir='ltr'>Ὀτι</span> <span class='ocrx_word' id='word_1_732' title='bbox 2806 5013 2865 5070; x_wconf 69' lang='grc' dir='ltr'><strong><em>δὲ</em></strong></span> <span class='ocrx_word' id='word_1_733' title='bbox 2893 5022 3010 5092; x_wconf 85' lang='grc' dir='ltr'>περὶ</span> <span class='ocrx_word' id='word_1_734' title='bbox 3055 5024 3155 5068; x_wconf 85' lang='grc' dir='ltr'>τῶν</span> <span class='ocrx_word' id='word_1_735' title='bbox 3197 5011 3457 5087; x_wconf 69' lang='grc' dir='ltr'>δαιμόνων</span> <span class='ocrx_word' id='word_1_736' title='bbox 3510 5012 3666 5084; x_wconf 85' lang='grc' dir='ltr'>λέγει,</span> <span class='ocrx_word' id='word_1_737' title='bbox 3714 5007 3870 5069; x_wconf 80' lang='grc' dir='ltr'>δηλοῖ</span> <span class='ocrx_word' id='word_1_738' title='bbox 3896 5009 3949 5060; x_wconf 88' lang='grc' dir='ltr'>τὸ</span> 
     </span>
    </p>
   </div>
   <div class='ocr_carea' id='block_1_112' title="bbox 2351 5109 2687 5184">
    <p class='ocr_par' dir='ltr' id='par_1_112' title="bbox 2351 5109 2687 5184">
     <span class='ocr_line' id='line_1_113' title="bbox 2351 5109 2687 5184; baseline 0.006 -20"><span class='ocrx_word' id='word_1_739' title='bbox 2351 5109 2687 5184; x_wconf 83' lang='grc' dir='ltr'>ἐπαγόμενον.</span> 
     </span>
    </p>
   </div>
   <div class='ocr_carea' id='block_1_113' title="bbox 1783 5523 2703 5593">
    <p class='ocr_par' dir='ltr' id='par_1_113' title="bbox 1783 5523 2703 5593">
     <span class='ocr_line' id='line_1_114' title="bbox 1783 5523 2703 5593; baseline -0.001 -2"><span class='ocrx_word' id='word_1_740' title='bbox 1783 5523 2008 5592; x_wconf 77' lang='lat' dir='ltr'><strong><em>Variae</em></strong></span> <span class='ocrx_word' id='word_1_741' title='bbox 2047 5524 2373 5593; x_wconf 87' lang='lat' dir='ltr'><strong><em>lectiones</em></strong></span> <span class='ocrx_word' id='word_1_742' title='bbox 2404 5534 2468 5591; x_wconf 89' lang='lat' dir='ltr'><strong><em>et</em></strong></span> <span class='ocrx_word' id='word_1_743' title='bbox 2499 5534 2703 5591; x_wconf 77' lang='lat' dir='ltr'><strong><em>notae.</em></strong></span> 
     </span>
    </p>
   </div>
   <div class='ocr_carea' id='block_1_114' title="bbox 648 5711 1137 5786">
    <p class='ocr_par' dir='ltr' id='par_1_114' title="bbox 648 5711 1137 5786">
     <span class='ocr_line' id='line_1_115' title="bbox 648 5711 1137 5786; baseline -0.002 -17"><span class='ocrx_word' id='word_1_744' title='bbox 648 5713 757 5786; x_wconf 85' lang='lat'><strong><em>(70)</em></strong></span> <span class='ocrx_word' id='word_1_745' title='bbox 785 5711 876 5776; x_wconf 85' lang='grc' dir='ltr'>’ος</span> <span class='ocrx_word' id='word_1_746' title='bbox 901 5711 1004 5768; x_wconf 85' lang='grc' dir='ltr'>ἐάν.</span> <span class='ocrx_word' id='word_1_747' title='bbox 1072 5713 1137 5768; x_wconf 90' lang='grc' dir='ltr'><strong><em>Β.</em></strong></span> 
     </span>
    </p>
   </div>
   <div class='ocr_carea' id='block_1_115' title="bbox 2421 5717 3254 5794">
    <p class='ocr_par' dir='ltr' id='par_1_115' title="bbox 2421 5717 3254 5794">
     <span class='ocr_line' id='line_1_116' title="bbox 2421 5717 3254 5794; baseline -0.005 -16"><span class='ocrx_word' id='word_1_748' title='bbox 2421 5722 2538 5794; x_wconf 81' lang='grc'><strong><em>(71)</em></strong></span> <span class='ocrx_word' id='word_1_749' title='bbox 2564 5726 2693 5792; x_wconf 72' lang='grc' dir='ltr'>Τὴν,</span> <span class='ocrx_word' id='word_1_750' title='bbox 2727 5723 2860 5778; x_wconf 87' lang='lat' dir='ltr'><strong><em>ante</em></strong></span> <span class='ocrx_word' id='word_1_751' title='bbox 2885 5717 2963 5785; x_wconf 77' lang='grc' dir='ltr'><strong><em>ἐκ,</em></strong></span> <span class='ocrx_word' id='word_1_752' title='bbox 2993 5717 3161 5776; x_wconf 80' lang='lat' dir='ltr'><strong><em>addit</em></strong></span> <span class='ocrx_word' id='word_1_753' title='bbox 3187 5719 3254 5776; x_wconf 78' lang='grc' dir='ltr'><strong><em>Α.</em></strong></span> 
     </span>
    </p>
   </div>
  </div>
