4210 6440
263 364 366 423 961
1391 354 1746 415 COMMENT.
1789 355 1858 412 IN
1897 353 2163 414 LUCAM.
2206 385 2274 396 ~—
2304 357 2458 413 CAP.
2496 357 2561 412 Χ.
3535 359 3641 416 962

341 492 443 545 Καὶ
471 519 542 530 -
581 486 800 562 έχθροῦ.
845 493 950 540 Τοῦ
992 493 1178 545 νοητοῦ
1225 483 1531 557 δράκοντος.
1585 480 1734 536 ’Idrbv
1772 484 1869 555 γὰρ
1903 482 1950 536 Α

2056 481 2216 536 Vers.
2282 486 2364 538 19.
2417 484 2492 538 Et
2562 478 2805 539 inimici.
2880 480 3180 552 Videlicet,
3245 483 3637 555 intelligibilis

267 580 454 639 αὐτοὺς
501 582 790 651 χαίροντας
827 577 913 630 ἐπὶ
958 585 1020 649 τῇ
1054 585 1152 629 τῶν
1181 572 1464 648 δαιμονίων
1500 576 1761 645 ὑποταγῇ,
1796 569 1830 624 δ
1836 577 1874 623 ίο

1985 569 2281 626 draconis.
2312 569 2461 625 Cum
2485 585 2628 640 ergo
2664 569 2907 626 vidisset
2928 586 3035 643 eps
3062 571 3392 642 gaudentes
3409 572 3484 628 de
3503 573 3642 628 sub-

271 665 406 721 δωσι
443 670 532 739 μὲν
569 667 745 728 αὐτοῖς
778 663 989 725 διηνεκῆ
1031 670 1120 724 τήν
1170 664 1281 717 κατ’
1324 664 1490 716 αὐτῶν
1521 661 1782 729 ἐξουσίαν,
1815 661 1875 718 ἢν

1979 659 2237 728 jectione
2297 659 2752 726 daemoniorum,
2821 660 2928 716 dat
2991 661 3238 733 quidem
3291 662 3641 720 continuam

273 761 594 829 πρόσκαιρον
647 754 847 819 ἔλαϐον,
890 756 973 807 ὅτε
1027 763 1226 827 πρῶτον
1270 752 1602 814 ἀπεζάλησαν
1646 770 1657 782 ·
1688 769 1875 824 παραι-

1985 746 2269 803 adversus
2310 747 2411 803 illa
2443 752 2813 820 potestatem,
2844 748 3054 821 quiam
3083 750 3250 822 prius
3299 751 3378 807 ad
3408 757 3643 824 tempus

277 853 352 897 νεῖ
378 841 458 907 d's,
499 849 570 916 μή
626 850 834 918 χαίρειν
873 843 957 896 ἐπὶ
1012 847 1200 914 ταύτῃ,
1261 839 1402 895 διότι
1441 842 1535 893 οὐκ
1583 839 1636 902 ἐξ
1682 838 1880 909 ἀγῶνος

1988 842 2364 908 acceperant,
2399 853 2539 892 cum
2579 837 2951 894 mitterentur
2985 855 2998 893 :
3033 839 3140 894 sed
3171 839 3544 906 adhortatur,
3574 856 3643 898 ne

279 937 616 1007 προσεγένετο
655 937 874 999 τούτοις,
907 932 1013 984 ἀλλ’
1064 931 1119 984 ἐκ
1150 929 1370 1005 δωρεᾶς,
1405 927 1499 982 δ’ιά
1527 933 1650 989 τοὺς
1687 925 1878 998 ὠφελη-

1987 923 2062 979 de
2092 924 2206 980 hac
2230 925 2548 995 gaudeant,
2572 926 2716 998 quia
2746 941 2867 982 non
2893 942 2967 983 ex
2982 927 3304 984 certamine
3325 927 3411 982 eis
3435 944 3643 1000 prove-

285 1025 438 1081 θῆναι
467 1023 756 1094 μέλλοντας.
781 1026 873 1080 Εῖη
907 1019 1022 1076 δ’ἆν
1053 1019 1270 1093 δύναμις
1300 1029 1390 1073 τοῦ
1412 1019 1608 1092 ἐχθροῦ
1628 1016 1687 1069 οὐ
1727 1021 1878 1087 μονον

1990 1014 2094 1078 nit,
2125 1015 2228 1069 sed
2252 1029 2325 1070 ex
2353 1013 2516 1070 dono
2547 1019 2785 1087 propter
2813 1031 2918 1071 eos
2961 1017 3063 1088 qui
3095 1016 3192 1088 adj
3204 1017 3422 1072 uvandi
3449 1021 3638 1074 erant.

279 1115 329 1164 οἱ
360 1109 624 1185 δαίμονες,
672 1111 800 1164 ἀλλὰ
838 1117 928 1164 καὶ
970 1113 1148 1172 πάντες
1187 1113 1236 1163 οὶ
1286 1109 1339 1172 ἐξ
1380 1108 1549 1160 αὐτῶν
1587 1100 1881 1165 πολυειδεῖς

1989 1101 2189 1160 Potest
2213 1108 2415 1160 autem
2443 1103 2623 1159 virtus
2671 1104 2897 1162 inimici
2951 1105 3092 1172 dici,
3143 1121 3267 1163 non
3303 1106 3498 1163 solum
3529 1105 3640 1179 ipsi

281 1206 580 1275 πειρασμοί,
1987 1191 2315 1259 daemones,
2351 1193 2457 1250 sed
2482 1197 2542 1249 et
2561 1193 2948 1250 multiformes
2979 1211 3188 1252 eorum
3220 1196 3606 1253 tentationes.

347 1294 489 1351 Τινὲς
517 1286 576 1342 δε
599 1296 688 1342 καὶ
718 1292 784 1341 τὰ
805 1292 1078 1364 φθείροντα
1106 1292 1220 1349 τοὺς
1261 1287 1558 1362 ἀνθρώπους
1591 1286 1750 1359 θηρία
1781 1278 1879 1335 δύ-

2060 1281 2309 1346 Quidam
2325 1298 2465 1338 vero
2481 1289 2535 1338 et
2551 1283 2720 1347 feras,
2739 1299 2873 1356 qua:
2890 1284 3155 1340 homines
3171 1285 3440 1358 perdunt,
3461 1285 3644 1342 virtu-

273 1399 426 1451 ναμιν
447 1380 609 1432 αὑτοῦ
637 1379 894 1450 λέγουσιν,
950 1382 1019 1441 ὡς
1047 1381 1320 1454 χρωμένου
1361 1382 1451 1429 καὶ
1505 1377 1716 1434 τούτοις
1762 1371 1880 1424 καθ’

1989 1374 2101 1426 tem
2117 1370 2270 1426 illius
2291 1371 2513 1436 dicunt,
2527 1371 2694 1444 quod
2706 1372 2876 1429 etiam
2891 1373 2984 1430 his
2999 1373 3291 1431 adversus
3305 1389 3410 1430 nos
3424 1378 3638 1432 utatur.

271 1469 439 1539 ἡμῶν.

347 1563 445 1610 Καὶ
471 1555 624 1610 οὐδὲν
657 1589 724 1598 -
773 1554 1040 1630 ἀδικήσῃ.
1090 1556 1166 1608 Οὐ
1209 1553 1433 1628 δαίμων,
1478 1555 1537 1608 οὐ
1566 1553 1876 1626 πειρασμὸς,

2060 1550 2222 1606 Vers.
2251 1551 2338 1607 19.
2368 1549 2447 1606 Et
2476 1581 2546 1591 —
2573 1550 2812 1608 nocebit.
2832 1553 2948 1608 Nec
2971 1551 3224 1620 damon,
3249 1569 3358 1610 nec
3377 1554 3643 1623 tentatio,

271 1645 377 1698 ἀλλ’
406 1643 530 1700 οὐδε
559 1649 758 1722 θηρίον.

1988 1653 2100 1695 nec
2125 1638 2248 1694 fera
2276 1643 2585 1694 venenata.

345 1736 482 1795 Πλήν
516 1767 581 1777 -
620 1738 1004 1794 ὑποτάσσεται,
1058 1736 1132 1788 Οὔ
1179 1739 1280 1811 γὰρ
1313 1737 1554 1810 ὑμέτερον
1603 1743 1660 1791 τὸ
1691 1745 1876 1815 κατόρ-

2060 1730 2221 1784 Vers.
2250 1730 2337 1784 20.
2377 1727 2781 1785 Verumtamen
2804 1760 2874 1772 —
2901 1729 3278 1801 subjicintur.
3318 1733 3450 1788 Non
3481 1732 3641 1789 enim

277 1828 446 1898 θωμα,
479 1824 584 1877 ἀλλ’
617 1828 712 1897 ἕμή
757 1827 788 1884 ἡ
829 1828 1010 1898 χάρις.
1047 1826 1132 1880 Ἐν
1181 1829 1348 1896 τούτῳ
1378 1826 1466 1877 οὖν
1516 1832 1588 1898 μή
1642 1833 1875 1903 χαίρετε,
1909 1831 1939 1888 Ε

1989 1823 2251 1874 vestrum
2283 1821 2371 1873 est
2399 1833 2574 1889 opus,
2617 1819 2717 1873 sed
2759 1835 2890 1875 mea
2918 1820 3125 1890 gratia.
3155 1824 3220 1877 In
3249 1821 3365 1878 hoc
3396 1835 3540 1892 ergo
3567 1836 3642 1878 ne

278 1917 362 1966 ἶνα
425 1920 520 1986 μή,
567 1918 631 1975 ὡς
683 1913 765 1967 έπὶ
826 1917 1196 1990 κατορθώματι
1247 1919 1541 1990 χαίροντες,
1596 1917 1668 1977 εἰς
1707 1921 1879 1976 οἴησιν

1989 1906 2319 1980 gaudeatis,
2337 1920 2432 1970 ne,
2452 1911 2729 1978 tanquam
2747 1909 2820 1964 de
2838 1910 3077 1981 egregio
3095 1908 3292 1967 facino
3305 1927 3366 1967 re
3384 1910 3645 1981 gauden-

280 2003 604 2077 έπαρθείητε.

1990 2001 2102 2064 tes,
2151 1995 2212 2050 in
2243 1995 2558 2052 elationem
2589 1997 2925 2055 elevemini.

355 2098 574 2166 Χαίρετε
611 2092 971 2166 -οὐρανοίς,
1031 2091 1148 2144 Ὀτι
1209 2089 1302 2144 διὰ
1355 2098 1448 2151 τήν
1502 2100 1681 2146 πίστιν
1743 2097 1882 2167 ὑμῶν

2064 2085 2229 2141 Vers.
2261 2089 2348 2142 20.
2385 2085 2647 2142 Gaudete
2674 2117 2744 2126 —
2772 2087 2944 2143 εαιίε.
2987 2087 3133 2155 Quia
3177 2093 3414 2161 propter
3459 2089 3643 2148 ﬁdem

291 2181 800 2252 ἐπολιτοφραφήθητε
829 2180 879 2232 ἐν
921 2188 983 2253 τῇ
1045 2184 1149 2232 ἄνω
1200 2180 1362 2244 πόλει,
1417 2183 1474 2234 οὐ
1519 2183 1718 2254 μέλανι,
1759 2183 1886 2236 ἀλλὰ

1993 2180 2242 2232 vestram
2273 2176 2334 2231 in
2367 2176 2523 2231 cives
2552 2176 2870 2248 conscripti
2901 2177 3039 2232 estis
3063 2177 3123 2233 in
3149 2179 3642 2236 aternacivitate:

290 2276 492 2342 μνήμη,
525 2267 669 2336 οὐδὲ,
702 2271 770 2330 ὡς
799 2270 932 2340 (7‘2),
966 2271 1230 2342 ἄνθρωποι
1278 2273 1588 2342 γράφουσιν,
1629 2272 1736 2324 ἀλλ’
1766 2275 1831 2334 ὡς
1860 2275 1884 2325 ὁ

1994 2281 2109 2321 non
2137 2271 2494 2334 atramento,
2526 2264 2630 2320 sed
2680 2266 3003 2322 memoria:
3036 2283 3251 2339 neque,
3286 2273 3350 2323 ut
3369 2268 3645 2324 homines

291 2363 422 2420 Θεὸς
485 2355 597 2410 οἶδε
643 2362 882 2430 γράφειν.
939 2363 1075 2416 Φησὶ
1127 2364 1227 2434 γὰρ
1269 2365 1383 2432 περὶ
1432 2370 1528 2412 τῶν
1593 2358 1812 2414 δικαίων
1860 2364 1886 2414 ὁ

1995 2354 2280 2419 scribunt,
2308 2353 2415 2410 sed
2439 2354 2590 2409 sicut
2617 2354 2770 2410 Deus
2800 2356 3058 2410 scribere
3089 2356 3274 2412 novit.
3313 2357 3455 2414 Dicit
3481 2357 3642 2414 enim

289 2446 478 2516 Δαυίδ,
510 2450 609 2509 ὅτι,
639 2449 742 2501 Καὶ
772 2447 855 2500 ἐπὶ
893 2452 950 2499 τὸ
980 2446 1177 2519 βιϐλίον
1209 2468 1302 2500 σου
1354 2451 1540 2512 πάντες
1585 2456 1888 2522 γραφήσον-

1993 2443 2068 2499 de
2080 2444 2257 2514 justis
2279 2443 2467 2500 David
2495 2443 2685 2499 :Etm
2713 2443 2864 2499 libro
2895 2451 2993 2500 tuo
3017 2460 3208 2502 omnes
3235 2447 3642 2503 scribentur“.

287 2558 393 2589 raw
428 2543 494 2590 Τὸ
525 2539 615 2609 μεν
635 2541 736 2609 γὰρ
768 2539 1084 2589 ὑποτάσσειν
1124 2541 1189 2589 τὰ
1233 2534 1501 2611 δαιμόνια,
1533 2537 1606 2591 δι’
1645 2540 1884 2612 ὠφέλειαν

1991 2531 2300 2604 Siquidem
2330 2532 2619 2604 subjicere
2645 2532 2969 2602 daemonia,
2990 2537 3231 2606 propter
3269 2533 3524 2590 aliorum
3541 2534 3648 2591 uti‘

285 2627 466 2701 ἑτέρων
498 2627 618 2699 ὑμῖν
650 2623 869 2679 δέδοται
902 2647 914 2660 ο
947 2632 1004 2678 τὸ
1028 2623 1088 2679 δε
1117 2629 1182 2678 τὰ
1202 2630 1429 2700 ὀνόματα
1455 2629 1596 2700 ὑμῶν
1621 2637 1884 2702 γραφῆναι

1991 2619 2218 2678 litatem
2248 2621 2419 2678 vobis
2449 2621 2658 2677 datum
2686 2625 2772 2676 est
2802 2639 2815 2678 :
2849 2622 3007 2694 quod
3039 2627 3240 2679 autem
3269 2623 3518 2680 nomina
3547 2638 3649 2680 ve-

285 2716 336 2767 έν
365 2722 474 2777 τοῖς
516 2715 775 2788 οὐρανοῖς,
836 2712 928 2767 διὰ
981 2721 1246 2788 σωτηρίαν
1294 2719 1560 2791 ὑμετέραν.
1595 2721 1683 2771 Διὸ
1715 2719 1880 2777 έκείνη

1991 2715 2112 2766 stra
2123 2710 2342 2782 scripta
2370 2711 2579 2766 suntin
2605 2709 2786 2776 caelis,
2813 2716 3055 2784 propter
3068 2710 3323 2768 salutem
3343 2717 3643 2770 vestram:

284 2808 374 2876 μὲν
403 2807 433 2863 ή
467 2808 614 2878 χαρὰ
660 2803 954 2856 κλέπτουσα
979 2810 1237 2877 φυσίωσιν
1266 2803 1405 2859 οἶδεν
1444 2807 1668 2878 ἐμποιεῖν
1701 2825 1714 2837 ⁸
1748 2809 1879 2867 αὕτη

1989 2799 2127 2855 ideo
2157 2799 2428 2855 furtivum
2447 2799 2847 2872 quidemillud
2874 2799 3162 2869 gaudium
3188 2805 3485 2857 tumorem
3509 2817 3647 2858 cau-

287 2891 553 2965 δὲμᾶλλον
583 2893 930 2966 εὐχαριστίαν
979 2909 992 2920 '
1043 2899 1133 2946 καὶ
1170 2900 1511 2970 παραιτητέον
1543 2899 1632 2968 μεν
1663 2895 1878 2963 εκείνην,

1991 2904 2122 2944 sare
2147 2887 2328 2954 novit,
2342 2887 2456 2944 hoc
2475 2903 2614 2944 vero
2648 2888 2980 2958 gratiarum
2997 2890 3294 2946 actionem
3336 2890 3566 2962 potius:
3591 2896 3646 2948 et

283 2983 352 3042 ὡς
400 2987 635 3056 περιττόν
665 2983 778 3054 (73)
812 3000 824 3011 ·
869 2985 1224 3042 ἁντιποιητέον
1255 2981 1314 3037 d‘s
1339 2988 1556 3052 ταύτης,
1606 2989 1675 3047 ὡς
1727 2984 1883 3056 αναγ-

1991 2976 2139 3034 illud
2166 2977 2414 3050 quidem
2435 2977 2792 3045 cavendum,
2807 2982 3098 3051 tanquam
3117 2979 3512 3051 superﬂuum,
3533 2979 3646 3036 hoc

283 3077 458 3135 καίας.
1991 3071 2196 3122 autem
2234 3066 2696 3139 proponendum
2737 3070 2845 3138 est,
2895 3073 3185 3140 tanquam
3214 3069 3644 3125 necessarium.

357 3161 437 3213 Ἐν
469 3162 598 3234 αὐτῇ
639 3193 701 3201 -
744 3161 969 3222 Ἰησοῦς.
1026 3161 1412 3232 Ἠγαλλιοὶσατο
1455 3171 1516 3235 τῇ
1578 3161 1756 3235 ψυχῇ,
1819 3166 1882 3224 ὡς
1913 3177 1956 3235 C

2061 3156 2225 3211 Vers.
2273 3157 2361 3210 21.
2412 3156 2484 3210 In
2514 3156 2628 3212 illa
2684 3186 2752 3198 —
2813 3157 2995 3211 Jesus.
3057 3157 3273 3212 Animo
3339 3157 3643 3227 exultavit,

283 3252 570 3324 ἄνθρωπος,
614 3247 708 3303 διὰ
734 3255 826 3308 τήν
855 3255 1116 3323 σωτηρίαν
1143 3259 1243 3302 τῶν
1273 3251 1627 3322 ὠφεληθέντων
1655 3253 1753 3304 ὑπὸ
1784 3261 1883 3304 τῶν

1995 3250 2284 3315 tanquam
2300 3244 2506 3310 homo,
2539 3248 2783 3315 propter
2797 3259 3005 3300 eorum
3029 3245 3304 3311 salutem,
3347 3248 3443 3318 qui
3473 3263 3510 3304 a
3529 3247 3645 3302 dis-

281 3342 550 3412 μαθητῶν.

1995 3332 2207 3406 cipulis
2218 3332 2473 3403 juvandi
2507 3337 2695 3388 erant.

354 3431 464 3483 Καὶ
491 3426 626 3480 εἶπεν
665 3459 710 3468 -
747 3445 863 3482 σου.
891 3431 1079 3501 Εἰρηκε
1108 3435 1272 3480 ταῦτα
1299 3433 1388 3481 καὶ
1415 3434 1534 3504 περὶ
1553 3438 1652 3481 τῶν
1676 3426 1888 3484 δώδεκα

2067 3423 2227 3479 Vers.
2259 3423 2348 3476 21.
2387 3423 2469 3476 Et
2515 3421 2671 3478 dixit
2698 3451 2768 3462 —
2792 3429 2866 3478 te.
2920 3421 3057 3479 Hinc
3097 3438 3337 3496 quoque
3381 3424 3532 3480 dixit
3573 3425 3645 3481 de

283 3520 528 3592 μαθητῶν
558 3515 607 3568 έν
636 3523 709 3586 τῷ
749 3515 970 3568 εἰκοστῶ
1006 3516 1264 3590 κεφαλαίῳ
1294 3527 1385 3570 τοῦ
1414 3521 1550 3571 κατὰ
1596 3522 1882 3588 Ματθαῖον,

1993 3513 2310 3570 duodecim
2339 3511 2640 3582 discipulis
2681 3511 2964 3569 vicesimo
3005 3513 3198 3585 capite
3228 3513 3527 3584 Evangelii
3558 3528 3645 3570 se.

281 3613 372 3660 καὶ
403 3608 636 3667 ζήτησον
661 3604 767 3658 έκεῖ
793 3611 886 3664 τὴν
917 3605 1188 3677 ἐξήγησιν.

1993 3602 2263 3659 cundum
2293 3601 2676 3657 Matthaaum:
2717 3606 2774 3656 et
2809 3600 2892 3657 ibi
2921 3617 3122 3674 quare
3151 3603 3605 3675 expositionem.

358 3697 462 3750 Καὶ
491 3699 730 3770 στραφεὶς
768 3693 1207 3767 -ἁποκαλύῲαι,
1231 3694 1340 3769 [Ἐν
1367 3695 1539 3770 έκείνῳ
1579 3703 1668 3752 καὶ
1715 3707 1884 3752 ταῦτα

2063 3691 2229 3748 Vers.
2261 3695 2351 3748 21.
2382 3691 2460 3746 Et
2511 3705 2816 3748 conversus
2852 3721 2923 3732 —
2953 3693 3218 3748 Vers.22.
3251 3694 3538 3750 revelare.
3580 3693 3645 3750 In

285 3783 676 3857 διασεσάφηται
703 3788 826 3858 πρὸς
854 3784 1121 3857 ἀκρίϐειαν
1162 3786 1296 3857 (74).
1329 3786 1346 3857 ]

1992 3797 2064 3839 eo
2089 3781 2220 3838 loco
2257 3779 2438 3837 etiam
2467 3779 2597 3836 haec
2624 3779 2941 3850 diligenter
2977 3781 3300 3853 explanata
3329 3786 3493 3840 sunt.

360 3880 459 3929 Καὶ
491 3879 730 3949 στραφεὶς
786 3903 849 3917 —
898 3878 1148 3933 ἤκουσαν.
1182 3881 1359 3927 Ταῦτα
1407 3873 1513 3929 εἶπε
1561 3882 1645 3928 καὶ
1704 3876 1753 3930 έν
1809 3887 1881 3950 τῷ

2063 3871 2338 3930 Vers.23.
2369 3870 2445 3925 Et
2497 3884 2812 3926 conversus
2836 3901 2907 3910 —
2947 3869 3120 3927 Vers.
3172 3870 3263 3926 24.
3307 3872 3644 3929 audierunt.

284 3966 505 4037 εἰκοστῷ
560 3967 785 4036 τετάρτῳ
833 3963 1091 4036 κεφαλαίῳ
1150 3972 1240 4016 τοῦ
1287 3968 1421 4018 κατὰ
1459 3969 1744 4034 Ματθαῖον,
1791 3975 1881 4021 καὶ

1991 3963 2126 4018 Haec
2149 3960 2551 4034 quoquedixit
2574 3958 2854 4016 vicesimo
2876 3965 3090 4032 quarto
3106 3959 3279 4031 juxta
3312 3961 3644 4017 Matthaeum

284 4055 540 4127 ἀνάγνωθι
622 4053 670 4106 έν
746 4053 886 4123 αὐτῷ
981 4054 1093 4124 (Ἱῦ)
1183 4058 1276 4112 τήν
1351 4055 1622 4129 ἑρμηνείαν
1691 4055 1877 4126 αὐτῷν,

1990 4054 2202 4123 capite,
2239 4057 2295 4108 et
2322 4052 2382 4108 in
2408 4066 2478 4107 eo
2509 4051 2637 4120 lege
2663 4051 2927 4122 ipsorum
2951 4051 3524 4122 interpretationem.
3544 4052 3646 4108 ubi

281 4147 404 4198 ἔνθα
465 4152 634 4196 κεῖται
691 4148 748 4194 τό
800 4162 812 4175 ·
884 4150 1032 4214 Υμών
1084 4139 1142 4194 δι
1203 4147 1454 4216 μακάριοι
1511 4147 1558 4196 οἱ
1603 4144 1876 4217 ὀφθαλμοί.

1990 4141 2246 4200 dicitur:
2289 4141 2475 4197 Vestri
2529 4148 2722 4196 autem
2772 4139 2920 4196 beati
2973 4141 3222 4197 oculi".
3280 4141 3400 4196 Hac
3443 4146 3646 4196 autem

283 4234 610 4306 Ἐπεθύμησε
663 4229 723 4285 δε
779 4235 970 4289 ταύτην
1031 4236 1124 4290 τήν
1181 4231 1458 4305 ἐπιθυμίαν
1510 4239 1599 4286 καὶ
1649 4230 1815 4286 Δαυίδ
1855 4235 1880 4285 ὁ

1991 4230 2268 4286 aviditate
2297 4238 2508 4301 captus
2534 4235 2615 4284 est
2652 4228 2836 4284 David
2877 4229 3163 4299 propheta
3205 4227 3386 4282 simul
3413 4235 3469 4282 et
3500 4244 3602 4283 rex
3633 4245 3645 4296 ;

282 4328 550 4396 προφήτης
643 4327 730 4373 καὶ
819 4319 1083 4393 βασιλεὺς.
1163 4325 1250 4373 Διὸ
1323 4327 1412 4373 καὶ
1479 4321 1616 4392 ἔλεγε
1657 4342 1669 4354 ·
1711 4319 1880 4384 Δεῖξον

1990 4319 2128 4376 ideo
2148 4319 2331 4374 etiam
2355 4317 2508 4374 dixit
2535 4337 2546 4376 :
2570 4317 2812 4374 Ostende
2839 4317 3019 4382 nobis,
3041 4317 3300 4385 Domine,
3318 4317 3651 4372 misericor-

285 4412 430 4482 ἡμῖν,
483 4413 676 4484 Κύριε;
715 4413 772 4462 τὸ
823 4410 950 4470 ἔλεός
1004 4429 1097 4462 σου
1131 4425 1145 4440 ⁸
1191 4414 1284 4468 τήν
1350 4409 1735 4483 ἐνανθρώπησιν
1788 4419 1878 4463 τοῦ

1991 4409 2152 4465 diam
2211 4413 2375 4463 tuam
2425 4407 2496 4475 ⁷ο,
2526 4404 2844 4461 Salvatoris
2873 4405 3144 4460 videlicet
3172 4403 3649 4462 incarnationem

285 4506 542 4573 Σωτῆρος,
573 4499 702 4559 ἕλεος
743 4499 1018 4572 ὠνόμασας
1049 4500 1183 4572 (76),
1229 4501 1294 4560 ὡς
1322 4503 1595 4572 γενομένην
1649 4497 1682 4552 δ
1689 4501 1722 4553 ι’
1744 4501 1878 4562 ἕλεος
1908 4508 1947 4563 Ι]

1991 4496 2305 4570 appellans
2327 4493 2816 4562 misericordiam,
2839 4497 3044 4566 utpote
3068 4497 3313 4567 propter
3331 4493 3649 4552 hominum

285 4597 384 4640 τῶν
409 4587 468 4640 ἂν
475 4590 709 4660 θοώπων.

1989 4585 2464 4643 misericordiam
2495 4583 2739 4642 factam.

359 4684 738 4754 Παρατήρησον
793 4675 870 4744 δε,
935 4681 1012 4731 ὅτι
1080 4682 1349 4752 στρέφεται
1416 4682 1548 4754 πρὸς
1601 4683 1720 4743 τοὺς
1775 4701 1878 4754 μαο

2061 4678 2275 4732 Verum
2291 4673 2567 4739 observa,
2589 4676 2753 4744 quod
2778 4670 2856 4728 ad
2873 4669 3202 4744 discipulos
3214 4671 3490 4730 Salvator
3511 4687 3653 4729 con-

286 4771 448 4830 Θητας
490 4769 516 4820 ὁ
556 4773 754 4843 Σωτήρ,
819 4774 910 4821 καὶ
967 4765 1214 4820 κατιδίαν
1261 4768 1441 4830 αὐτοῖς
1504 4769 1690 4842 ὁμιλεῖ,
1758 4775 1880 4836 τοὺς

1989 4766 2313 4836 vertitur,et
2361 4763 2507 4836 ipsis
2564 4761 2814 4818 seorsim
2886 4761 3170 4834 loquitur,
3232 4761 3312 4820 ab
3379 4762 3473 4830 iis,
3544 4763 3648 4837 qui

282 4864 354 4932 μή
403 4860 644 4932 μαθητὰς
697 4857 1161 4933 ἀποστρεφόμενος.
1227 4863 1314 4911 Διὸ
1403 4863 1492 4911 καὶ
1556 4859 1726 4931 ἡμεῖς,
1795 4857 1878 4911 έὰν

1989 4853 2262 4927 discipuli
2283 4869 2406 4910 non
2435 4857 2574 4908 sunt
2602 4867 2870 4908 aversus.
2888 4850 3030 4908 Ideo
3060 4857 3118 4908 et
3141 4867 3253 4909 nos
3297 4867 3565 4926 quoque,
3599 4853 3649 4910 si

283 4947 415 5023 ὦμεν
445 4950 680 5022 μαθηταὶ
711 4947 892 5015 αὐτοῦ,
918 4947 1316 5010 ἀκολουθοῦντες
1345 4947 1485 5021 αὐτῷ
1539 4944 1574 5001 d
1579 4948 1611 5002 ι’
1642 4949 1878 5012 ὑπακοῆς

1988 4944 2267 5019 discipuli
2290 4945 2418 5017 ejus
2443 4942 2751 5011 fuerimus,
2770 4957 2878 5016 per
2892 4941 3294 5000 obedientiam
3326 4946 3644 4999 mandato-

351 5154 399 5192 “
431 5153 578 5211 Psal.
611 5169 876 5220 cxxxvm,
914 5155 994 5210 16.
1074 5156 1120 5191 ⁸³
1144 5155 1339 5214 Matth.
1365 5169 1537 5224 xvm,
1567 5157 1656 5212 16.
1734 5158 1784 5194 ⁷ο
1813 5155 1964 5214 Psal.
2000 5169 2013 5212 ι

735 5169 876 5220 tvm,
914 5155 994 5210 16.
1074 5156 1120 5191 ⁸³
1144 5155 1339 5214 Matth.
1365 5169 1537 5224 xvm,
1567 5157 1656 5212 16.
1734 5158 1784 5194 ⁷ο
1813 5155 1964 5214 Psal.
2000 5169 2270 5222 Lxxxvui,
2309 5155 2397 5211 16.

1503 5337 1730 5408 Variae
1759 5337 2082 5407 lectiones
2122 5345 2189 5406 et
2227 5343 2434 5404 notae.

376 5540 470 5601 72)
505 5534 590 5601 Ὠς
614 5529 740 5593 οὐδε
764 5536 832 5594 οἱ.
858 5543 920 5595 Β.
1989 5533 2065 5592 ad
2090 5529 2338 5591 alterum
2367 5527 2584 5601 saltum
2612 5527 2766 5586 fecit.

377 5599 466 5682 735
717 5613 984 5684 περιττήν,
1042 5607 1123 5684 ob
1175 5607 1524 5684 proximum
1566 5606 1877 5681 ἀναγκαίας.

1103 5625 1123 5666 >
1175 5607 1524 5684 proximum
1566 5606 1877 5681 ἀναγκαίας.
2199 5604 2284 5684 ’.Ιιξν
2309 5604 2452 5684 αὐτῷ
2482 5599 2673 5684 abest.
2701 5602 2765 5658 Α.

283 5675 459 5756 Alias
489 5682 633 5756 illud
672 5675 910 5756 quoque
939 5679 1076 5756 ferri
1097 5675 1302 5756 possit,
1323 5684 1386 5756 ut
1423 5685 1632 5738 notum
1662 5675 1768 5735 est.

951 5679 1076 5756 ferri
1097 5675 1302 5756 possit,
1323 5684 1386 5756 ut
1423 5685 1632 5738 notum
1662 5675 1768 5735 est.
2063 5675 2176 5751 (76)
2207 5675 2514 5752 Ὠνόμασεν.
2545 5676 2613 5732 Α.

354 5753 472 5828 (74)
499 5752 736 5816 Inclusa
762 5752 978 5813 omittit
999 5755 1064 5812 Δ.
1096 5752 1250 5824 Ergo
1283 5752 1364 5812 ab
1385 5767 1505 5812 uno
1533 5757 1624 5808 καὶ
1645 5755 1884 5830 στραφείς
