4210 6618
583 128 1597 264 hu...—

1360 603 1736 665 CONIMENT.
1779 606 1846 660 IN
1887 599 2159 661 LUCAM.
2198 635 2264 644 —-—
2301 604 2464 662 CAP.
2509 602 2577 658 Χ.

3547 603 3652 661 966

553 756 603 787 εν
663 734 866 810 βραχεῖ
893 742 1066 788 πᾶσαν
1119 736 1391 806 ὑποφαίνει
1448 739 1540 792 τὴν
1598 733 1878 805 φιλάνθρω-

2028 745 2190 785 tmen
2207 728 2398 785 verbis
2417 729 2675 785 ostendit
2692 729 3026 784 humanam
3043 735 3097 783 et
3118 725 3445 797 benignam
3459 728 3651 784 salva-

545 830 722 897 λομίαν
784 834 875 878 τοῦ
934 833 1165 897 Σωτῆρος
1220 827 1384 896 ἡμῶν.
1442 822 1744 895 Ἀνθρωπον
1793 824 1881 894 μὲν

531 933 652 984 νμεν
708 918 794 966 τὸν
842 912 1018 986 Ἀδὰμ
1062 918 1152 965 καὶ
1198 917 1312 973 τοὺς
1363 912 1414 975 ἐξ
1460 909 1632 984 Ἀδὰμ
1693 909 1884 984 ἀνθρω-

531 1002 783 1055 μετάϐασιν
814 1000 873 1056 δε
919 1001 1018 1056 ἀπὸ
1056 1002 1398 1076 Ἰερουσαλὴμ
1442 1001 1511 1062 εἰς
1539 1000 1766 1073 Ἰεριχὼ,
1793 1003 1884 1056 τὴν

588 1091 689 1144 ἀπὸ
721 1091 908 1166 ἀρετῆς
938 1093 1004 1152 εἰς
1033 1097 1241 1157 κακίαν,
1273 1098 1362 1142 καὶ
1408 1089 1508 1141 ἀπὸ
1551 1091 1787 1148 ὑπακοῆς
1817 1088 1888 1149 εἰς

513 1207 580 1245 ,ν,
629 1187 717 1234 καὶ
750 1182 849 1234 ἀπὸ
881 1181 1046 1252 ὕψους
1073 1180 1353 1249 πολιτείας,
1391 1180 1464 1240 εἰς
1505 1178 1888 1250 χθαμαλοτητα

515 1291 580 1332 .ς.
621 1271 817 1342 Ὑψηλή
869 1274 957 1344 μὲν
995 1273 1096 1342 γὰρ
1145 1271 1174 1327 ἡ
1216 1268 1556 1344 Ἰερουσαλήμ
1583 1285 1593 1296 ⁸
1635 1265 1883 1339 χθαμαλὴ

515 1366 667 1432 Axn}.

522 1479 593 1489 -—
651 1453 963 1522 περιέπεσεν.
1019 1444 1366 1508 Ὀὃοστοίταις
1437 1446 1551 1518 (83)
1621 1441 1882 1518 δαίμοσιν.

501 1657 519 1662 -
555 1624 733 1678 αὐτόν.
775 1628 851 1677 Τὰ
883 1627 1066 1694 ίμοίτια
1109 1633 1202 1686 τῆς
1235 1623 1437 1697 ἀρετῆς,
1471 1627 1555 1676 τὸν
1607 1623 1758 1695 φόϐον
1797 1631 1886 1676 τοῦ

489 1741 493 1752 ι
525 1712 890 1785 περιεϐέϐλητο
913 1711 1068 1771 δίκην
1095 1722 1332 1784 χιτῶνος.

522 1834 596 1842 -
667 1801 916 1863 ἀπῆλθον.
985 1803 1194 1874 Πληγὰς
1269 1801 1529 1874 ψυχικὰς,

467 1913 576 1946 ων.

1613 1804 1888 1876 τραύματα

463 1987 590 2043 ’ντες
691 1983 916 2054 ἡμιθανῆ
999 1983 1352 2053 τυγχάνοντα.
1453 1981 1538 2043 Ἐξ
1642 1982 1888 2047 ἡμισείας

463 2092 468 2108 ι
521 2075 809 2142 γενόμενον.
865 2078 938 2143 Τῇ
999 2070 1153 2144 ψυχῇ
1213 2073 1313 2145 γὰρ
1375 2068 1627 2131 ἀθάνατος
1689 2075 1885 2142 μείνας,
1923 2096 1959 2147 Β

447 2179 616 2230 ηματι
665 2161 897 2218 τέθνηκε.
957 2164 1026 2212 Τὸ
1077 2157 1136 2212 δε
1186 2158 1436 2223 ἀπῆλθον,
1490 2163 1580 2210 καὶ
1627 2163 1684 2210 τὸ
1743 2157 1889 2230 ἀφέν-

451 2247 511 2298 ού
568 2252 986 2322 περιεργαστέον,
1039 2244 1132 2300 διὰ
1195 2253 1282 2306 τήν
1341 2249 1452 2318 (84)
1498 2247 1733 2309 ἐξουσίαν
1795 2255 1890 2308 τῆς

437 2335 560 2394 νῗολῆ
572 2357 614 2396 ς.

425 2427 516 2474 ιτα
533 2429 820 2497 συγκυρίαν
840 2424 1107 2493 -ἐκείνη,
1128 2430 1392 2498 Συγκυρία
1411 2429 1517 2496 μεν,
1541 2427 1568 2483 ἡ
1593 2429 1858 2497 συντυχία
1875 2443 1886 2454 ·

415 2533 456 2572 ις
488 2509 565 2576 δὲ,
601 2515 626 2564 ὁ
659 2509 750 2564 διὰ
780 2519 1038 2575 Μωύσέως
1063 2511 1233 2576 δοθεὶς
1259 2520 1430 2587 νόμος,
1464 2517 1531 2574 ὡς
1556 2521 1670 2587 περὶ
1699 2516 1890 2566 θυσιῶν

417 2605 676 2671 εγὸμενος.

407 2695 466 2741 αὶ
527 2686 653 2742 ἰδὼν
710 2691 865 2742 αὐτὸν
919 2689 1284 2767 ἀντιπαρῆλθε·
1355 2689 1690 2766 Παρέδραμεν
1737 2693 1889 2745 αὑτὸν

411 2798 450 2838 ›ς
481 2782 694 2849 ἔχοντα,

397 2873 584 2938 ,δμοίως
659 2900 724 2908 —
799 2867 1165 2942 ἀντιπαρῆλθε.
1266 2873 1488 2928 Λευίτην
1569 2871 1889 2929 ὑποληπτέον

317 3003 326 3008 .
381 2959 510 3010 ιῦθα
542 2961 629 3010 τὸν
673 2957 822 3028 λόγον
872 2967 970 3010 τῶν
1017 2969 1311 3034 προφητῶν,
1373 2963 1440 3021 ὡς
1493 2957 1889 3032 διακονούμενον

375 3069 386 3104 έ
414 3045 743 3118 ἐπιτάγμασι
775 3056 864 3099 τοῦ
897 3053 1045 3100 Θεοῦ.

361 3141 684 3210 εαμαρείτης
736 3168 798 3178 -
849 3136 1270 3210 ἐσπλαγχνίσθη.
1334 3145 1659 3214 Σαμαρείτης
1701 3146 1890 3192 νοεῖται

351 3251 366 3272 Α
401 3227 428 3276 ὀ
458 3230 708 3298 Χριστὸς,
749 3229 817 3286 ὡς
868 3228 962 3279 ὁπό
992 3237 1091 3279 τῶν
1122 3227 1356 3280 ἀπίστων
1402 3226 1672 3282 Ἰουδαίων
1718 3237 1890 3302 Σαμα-

345 3333 459 3374 tm;
482 3317 805 3387 ὀνομασθείς.

303 3443 312 3446 -
355 3403 423 3457 Ἦ
457 3409 570 3468 καὶ,
613 3408 677 3465 ὡς
707 3405 766 3455 ού
815 3409 966 3475 μόνον
996 3403 1285 3473 Ἰουδαίων,
1323 3405 1449 3458 ἀλλὰ
1479 3411 1670 3467 παντὸς
1717 3410 1892 3469 ἔθνους

249 3534 276 3538 _
327 3511 464 3558 mw,
519 3490 610 3544 δά
659 3500 750 3544 τοῦ
803 3493 1215 3566 προσλὴμματος
1257 3495 1386 3565 (85),
1443 3495 1887 3569 περιϐαλλόμενος.

241 3625 266 3628 -
309 3583 470 3642 .ὶθνος
497 3583 621 3654 γὰρ,
651 3583 699 3632 οἱ
730 3589 1064 3656 Σαμαρεῖται.

353 3763 461 3811 Καὶ
490 3790 556 3798 -
585 3758 766 3813 αὐτοῦ.
795 3765 878 3829 Τῷ
911 3755 1090 3832 δεσμῷ
1112 3769 1207 3821 τῆς
1234 3757 1609 3825 διδασκαλίας.

355 3846 619 3920 Ἐπιχέων
696 3877 762 3888 --
819 3849 971 3904 οἰνον.
1032 3849 1350 3921 Ἡμερὸτητα
1418 3858 1507 3904 καὶ
1561 3852 1772 3923 στύψιν.
1831 3853 1888 3906 Ἡ

201 3989 216 3992 _
282 3931 620 3988 διδασκαλία
661 3939 762 4009 γὰρ
795 3936 976 4001 αὐτοῦ,
1007 3947 1076 3996 πῆ
1107 3942 1198 4010 μὲν
1245 3942 1445 4014 ἡμέρως
1489 3940 1756 4014 προϐαίνει
1800 3947 1889 3995 καὶ

283 4024 516 4096 ἰλαρύνει
546 4040 559 4056 ⁸
608 4035 679 4084 πῆ
742 4022 801 4078 δε
857 4030 1040 4099 στύφει
1086 4032 1176 4080 καὶ
1230 4025 1427 4098 δάκνει,
1488 4036 1577 4083 καὶ
1629 4031 1788 4093 οὕτως
1834 4029 1887 4085 εὖ

279 4117 556 4188 κέκραται,
585 4120 674 4166 καί
703 4114 1010 4190 ἑκατέρωθεν
1035 4117 1232 4188 ὠφελεῖ.

355 4292 707 4355 Ἐπιϐιϐοίσας
765 4325 830 4334 -—-
889 4303 1092 4358 κτῆνος.
1147 4297 1264 4349 Ἐπὶ
1318 4301 1375 4350 τὸ
1433 4295 1570 4351 ἴδιον
1626 4310 1794 4373 σῶμα,
1830 4307 1886 4354 τὸ

279 4386 579 4436 κτείνεσθαι
643 4386 754 4453 (86)
831 4384 1033 4456 μέλλον,
1104 4390 1362 4455 τουτέστι,
1445 4387 1724 4460 βαστάσας
1799 4395 1887 4452 τὰς

285 4471 555 4534 ἀσθενείας
609 4473 768 4525 αὐτοῦ
831 4470 922 4526 διὰ
976 4483 1068 4536 τῆς
1129 4476 1552 4548 προσληφθείσης
1619 4480 1889 4554 ἀνθρωπό-

285 4580 462 4624 τητος.

359 4649 591 4721 Ἠγαγεν
666 4650 821 4703 αύτόν
879 4652 950 4712 εἰς
1024 4650 1361 4726 πανδοχεῖον.
1436 4653 1778 4728 Πανδοχεῐον,
1853 4661 1882 4715 ἡ

287 4736 580 4797 Ἐκκλησία
647 4747 748 4791 τῶν
809 4751 1027 4806 πιστῶν,
1102 4745 1166 4803 ὡς
1222 4750 1322 4796 πᾶν
1392 4749 1530 4816 ⁴γένος
1607 4745 1886 4819 ἀνθρώπων

288 4821 578 4898 δεχομένη.

358 4917 466 4970 Καὶ
562 4917 845 4989 ἐπεμελήθη
955 4920 1136 4976 αὑτοῦ.
1231 4922 1546 4980 Ἐποιὴσατο
1642 4930 1886 5000 πρόνοιαν

284 5003 470 5060 αὐτοῦ.

334 5099 461 5159 ,Καὶ
505 5125 574 5135 -
604 5094 834 5158 ἐξελθών.
888 5097 1032 5152 Μετὰ
1073 5102 1258 5173 μικρὸν
1307 5102 1419 5172 (87)
1467 5100 1737 5156 ἁποθανων
1794 5111 1884 5158 καὶ

281 5181 500 5246 ἄξελθὼν
533 5183 633 5236 ἀπὸ
664 5193 756 5237 τοῦ
786 5190 1008 5258 κόσμου.

351 5272 616 5327 Ἐκϐαλὼν
691 5306 756 5315 -
825 5275 1005 5330 αὐτοῦ.
1082 5275 1213 5340 Ἐως
1287 5283 1377 5351 μεν
1441 5283 1542 5352 γὰρ
1609 5283 1724 5351 ἔζη,
1795 5285 1886 5336 αύ-

279 5363 368 5424 τὸς
429 5363 550 5437 (88)
617 5362 902 5435 ἐπεμελεῖτο
968 5373 1066 5418 τῶν
1125 5365 1349 5420 ἀσθενῶν
1379 5386 1390 5399 ο
1462 5369 1729 5425 ἀποθανὼν
1802 5371 1882 5446 δε,

1987 818 2132 873 toris
2179 819 2370 873 nostri
2411 817 2936 889 gubernationem.
3003 815 3315 870 Hominem
3356 816 3651 888 siquidem

1991 906 2371 976 intelligimus
2399 907 2620 969 Adam,
2651 912 2708 962 et
2732 906 2835 978 qui
2863 905 2941 960 ab
2973 905 3164 960 Adam
3195 904 3649 971 descenderunt,

1995 997 2308 1052 universos
2337 1012 2350 1052 :
2375 995 2740 1051 descensum
2764 1000 2962 1050 autem
2987 993 3064 1049 ad
3085 993 3413 1049 Jerusalem
3437 994 3494 1048 in
3514 994 3654 1050 ,1οτὶ-

1993 1083 2126 1152 cho,
2160 1084 2319 1140 viam
2347 1100 2382 1140 a
2405 1085 2614 1140 virtute
2637 1083 2716 1138 ad
2765 1084 2996 1148 vitium,
3029 1089 3085 1138 et
3109 1082 3186 1138 ab
3215 1081 3557 1139 obedientia
3577 1083 3656 1139 ad

1993 1172 2484 1239 inobedientiam,
2517 1180 2572 1229 et
2601 1189 2639 1230 a
2663 1173 2897 1229 sublimi
2925 1172 3056 1228 vita:
3086 1170 3349 1227 instituto
3377 1171 3455 1227 ad
3487 1176 3657 1227 terre-

1994 1277 2137 1317 nam
2150 1262 2672 1319 conversationem
2697 1277 2710 1316 :
2732 1263 2992 1317 estenim
3009 1260 3340 1317 Jerusalem
3360 1259 3653 1329 sublimis,

1993 1350 2222 1408 Jericho
2253 1366 2393 1407 vero
2431 1350 2695 1407 humilis.

2067 1439 2232 1495 Vers.
2267 1444 2353 1496 30.
2388 1441 2465 1496 Et
2496 1441 2807 1496 -—incidit.
2841 1440 2904 1496 Id
2945 1445 3052 1503 est,
3088 1439 3415 1507 dmmones,
3452 1440 3556 1513 qui
3595 1440 3654 1496 in

1997 1529 2090 1585 via
2118 1529 2479 1585 residebant.

2069 1618 2230 1672 Vers.
2257 1621 2342 1674 30.
2380 1617 2491 1686 Qui
2510 1649 2577 1657 —
2601 1633 2752 1676 eum.
2783 1619 3156 1675 Vestimenlis
3178 1620 3427 1691 virtutis,
3450 1619 3656 1676 timore

1997 1705 2120 1770 Dei,
2142 1721 2259 1777 quo
2292 1707 2350 1760 in
2374 1707 2626 1762 modum
2652 1708 2832 1762 vestis
2864 1707 3269 1765 circumdatus
3298 1715 3442 1766 erat.

2068 1795 2228 1850 Vers.
2247 1796 2426 1852 30.Et
2443 1827 2508 1838 -—
2520 1795 2816 1852 abierunt.
2841 1797 3066 1852 Animae
3079 1796 3288 1870 plagis,
3309 1797 3656 1854 vulneribus

1995 1889 2400 1956 peccatorum.

2066 1974 2226 2030 Vers.
2256 1975 2342 2029 30.
2376 1974 2793 2046 Retinquentes
2820 1977 3280 2032 semimortuam.
3309 1979 3388 2032 Ex
3408 1975 3656 2033 dimidio

1997 2064 2221 2119 factum
2279 2063 2632 2120 mortalem:
2679 2063 2843 2135 juxta
2890 2065 3159 2120 animam
3217 2067 3378 2122 enim
3439 2067 3659 2123 mansit

1999 2153 2375 2216 immortalis,
2398 2169 2642 2224 corpore
2663 2169 2801 2208 vero
2831 2160 3092 2210 mortuus
3120 2159 3230 2212 est.
3263 2156 3434 2222 Quod
3455 2162 3657 2213 autem

1999 2241 2213 2298 dicitur
2242 2261 2255 2300 ε
2290 2242 2585 2308 abierunt,
2618 2247 2675 2298 et
2699 2241 3115 2314 relinquentes,
3152 2259 3273 2301 non
3318 2251 3406 2302 est
3433 2245 3510 2302 de
3545 2245 3658 2303 hoc

1999 2331 2230 2387 curiose
2247 2331 2636 2387 scrutandum
2659 2339 2900 2404 propter
2926 2348 3202 2389 normam
3221 2335 3544 2406 parabole.

2072 2422 2239 2478 Vers.
2282 2425 2368 2476 3t.
2418 2420 2571 2478 Casu
2613 2452 2682 2462 -—-
2719 2422 2847 2477 illa.
2898 2423 3206 2490 Sacerdos,
3257 2424 3370 2480 hoc
3412 2431 3520 2492 est,
3566 2426 3659 2483 lex

2001 2511 2144 2567 data
2199 2527 2303 2583 per
2358 2513 2634 2582 Moysem,
2692 2515 2893 2582 utpote
2950 2512 3022 2566 de
3099 2513 3407 2568 sacriﬁciis
3459 2514 3660 2586 dispu-

2003 2605 2156 2655 tans.

2074 2691 2233 2744 Vers.
2263 2689 2353 2743 31.
2418 2688 2662 2759 Visoque
2688 2689 2796 2744 illo
2839 2690 3141 2758 prateriit.
3203 2690 3548 2748 Pertransiit
3590 2693 3657 2749 il-

2000 2779 2148 2844 lum,
2181 2794 2318 2832 cum
2358 2777 2440 2832 ita
2481 2779 2636 2834 male
2667 2777 2912 2834 affectus
2951 2784 3124 2835 esset.

2073 2869 2234 2923 Vers.
2282 2867 2370 2921 32.
2413 2867 2704 2924 Similiter
2754 2869 3054 2939 praeteriit.
3103 2870 3206 2924 Per
3253 2869 3494 2926 levitam
3546 2871 3661 2928 hoc

1999 2955 2133 3012 loco
2175 2957 2557 3028 accipiendus
2603 2963 2690 3013 est
2730 2973 2929 3013 sermo
2975 2959 3422 3030 prophetarum,
3458 2968 3659 3032 utpote

2003 3046 2102 3100 Dei
2117 3045 2491 3117 jussionibus
2539 3046 3016 3102 subministrans.

2071 3136 2234 3191 Vers.
2259 3137 2347 3192 33.
2381 3138 2804 3193 Samaritanus
2829 3169 2898 3177 —
2914 3137 3318 3195 misericordia
3345 3145 3533 3196 motus
3553 3149 3657 3197 est.

2003 3227 2415 3282 Samaritanus
2445 3227 2790 3296 intelligitur
2821 3243 2981 3284 nunc
3031 3229 3314 3300 Christus,
3351 3237 3552 3302 utpote
3583 3236 3661 3288 ab

2003 3314 2325 3371 incredulis
2353 3317 2573 3372 Judmis
2607 3317 3014 3372 Samaritanus
3047 3317 3409 3389 appellatus.

2073 3405 2174 3460 Vel
2266 3406 2445 3461 etiam
2524 3420 2646 3460 non
2713 3405 3058 3462 Judasorum
3119 3411 3375 3474 tantum,
3446 3410 3546 3464 sed
3606 3414 3663 3466 et

2001 3498 2354 3550 cunctarum
2373 3494 2635 3563 gentium
2657 3501 2930 3549 naturam
2958 3509 3062 3566 per
3083 3494 3280 3552 carnis
3302 3498 3662 3568 assumptio-

2003 3599 2142 3639 nem
2171 3583 2556 3655 amplectens.
2603 3582 2958 3640 Samaritani
3004 3585 3164 3640 enim
3216 3590 3356 3642 sunt
3382 3588 3660 3657 quaedam

2000 3673 2165 3729 natio
2195 3673 2483 3742 gentium.

2071 3761 2238 3817 Vers.
2261 3761 2353 3819 34.
2377 3763 2451 3817 Et
2483 3792 2549 3800 —
2579 3763 2728 3831 ejus.
2761 3760 3007 3818 Vinculo
3031 3761 3338 3819 doctrinae.

2073 3853 2231 3907 Vers.
2255 3852 2348 3909 34.
2374 3851 2705 3918 Infundens
2723 3882 2792 3891 —
2817 3853 3037 3908 vinum.
3065 3853 3392 3909 Lenitatem
3413 3869 3483 3910 ac
3505 3870 3661 3911 mor-

1999 3940 2342 3997 dacitatem.
2375 3939 2651 3996 Doctrina
2693 3941 2852 3997 enim
2879 3940 3010 4014 ejus
3040 3941 3182 3998 alibi
3213 3942 3461 4014 quidem
3492 3960 3660 4001 man-

1999 4035 2162 4086 suete
2209 4029 2476 4102 procedit
2505 4035 2562 4086 et
2616 4029 3274 4087 exhilaratzinterdum
3331 4049 3472 4090 vero
3532 4050 3662 4105 per-

2000 4120 2234 4190 stringit
2263 4136 2334 4176 ac
2388 4118 2621 4175 mordet
2665 4120 2877 4178 :etita
2924 4120 3168 4192 pulchre
3200 4126 3532 4193 temperata
3573 4129 3661 4181 est

1998 4225 2069 4266 ac
2111 4209 2375 4282 undique
2423 4209 2623 4280 jjuvat.

2069 4301 2225 4354 Vers.
2329 4299 2418 4352 34.
2501 4299 2576 4354 Et
2599 4299 2905 4368 imponens
3007 4331 3072 4341 —
3133 4301 3490 4369 jumentum.
3577 4306 3660 4360 Ita

1996 4389 2308 4460 proprium
2356 4403 2589 4458 corpus,
2640 4388 2800 4460 quod
2853 4388 3252 4444 occidendum
3309 4395 3430 4446 erat
3478 4408 3491 4446 :
3546 4391 3660 4447 hoc

1997 4482 2104 4544 est,
2123 4482 2368 4547 portans
2387 4476 2753 4532 infirmitates
2769 4476 2820 4547 ej
2833 4494 2898 4531 us
2921 4492 3026 4548 per
3045 4481 3422 4548 assumptam
3439 4479 3656 4535 huma-

1997 4567 2264 4622 nitatem.

2071 4655 2230 4710 Vers.
2306 4654 2401 4712 34.
2495 4653 2682 4710 Duxit
2759 4653 2824 4709 in
2899 4653 3307 4711 diversorium.
3392 4656 3660 4714 Diverso-

1999 4747 2152 4801 rium
2183 4749 2268 4801 est
2299 4744 2579 4810 Ecclesia,
2611 4759 2748 4816 quae
2798 4759 2974 4800 omne
3015 4758 3202 4814 genus
3230 4743 3550 4802 hominum
3571 4763 3656 4803 re-

1998 4835 2162 4908 cipit.

2065 4925 2229 4982 Vers.
2253 4926 2342 4982 34.
2368 4927 2447 4982 Et
2475 4940 2684 4983 curam
2703 4925 2868 4982 illius
2893 4927 3033 4997 egit.
3057 4925 3370 4985 Rationem
3407 4928 3537 5000 ejus
3552 4930 3656 4990 ha-

1994 5015 2142 5083 buit,
2171 5019 2229 5072 et
2249 5017 2319 5071 de
2345 5031 2416 5072 eo
2438 5015 2716 5087 providit.

2066 5106 2236 5162 Vers.
2269 5109 2358 5163 35.
2393 5107 2484 5162 Ac
2512 5137 2582 5146 -—
2632 5121 2917 5176 egressus.
2949 5106 3092 5164 Post
3138 5105 3377 5180 aliquod
3423 5113 3658 5181 tempus

1995 5199 2267 5251 mortuus
2299 5199 2354 5250 et
2383 5194 2457 5250 de
2489 5193 2718 5250 mundo
2756 5209 3050 5266 egressus.

2065 5283 2346 5340 Vers..35.
2389 5285 2779 5354 Depromptos
2815 5315 2879 5325 —
2923 5285 3114 5343 illius.
3141 5285 3342 5344 Donec
3371 5285 3610 5343 vivebat
3639 5301 3655 5342 :

1995 5373 2126 5446 ipse
2177 5389 2385 5430 curam
2444 5373 2707 5440 habebat
2734 5373 3114 5432 inﬁrmorum
3154 5393 3169 5433 :
3201 5375 3301 5432 ubi
3330 5392 3474 5434 vero
3503 5390 3661 5432 mor-

1505 5577 1731 5648 Variae
1760 5579 2087 5651 lectiones
2126 5589 2194 5650 et
2230 5591 2434 5652 notae.

383 5797 474 5861 83',
510 5793 854 5868 Ἐ’γκαθέτοις,
890 5796 1376 5868 prmstolantibus
1408 5801 1462 5856 in
1502 5801 1631 5857 viis.

384 5868 475 5946 8ίίι)
509 5869 618 5932 ¹Διὰ
665 5870 722 5918 τὸ
782 5867 1107 5946 ίξουσιάζειν
1166 5875 1259 5929 τὴν
1314 5871 1612 5946 παραϐολὴν
1672 5875 1720 5929 ἐν
1773 5886 1886 5940 ταῖς

289 5939 558 6000 τοιαύταις
589 5941 979 6024 περιστάσεσιν.

362 6010 480 6079 (85)
519 6015 622 6070 Τῆς
646 6010 1028 6084 ὶνσαρκώσεως.

2069 5810 2160 5932 (ἓϐ
2186 5806 2381 5875 )Ludit
2400 5808 2460 5864 in
2474 5807 2860 5866 similitudine
2881 5809 3253 5883 syllabarum
3278 5819 3481 5881 κτῆνος,
3495 5829 3660 5866 κτειν-

2069 5898 2084 5929 Γ
2120 5899 2194 5932 αι.

1995 5898 2194 5933 νεσυαι.

2093 5952 2181 6024 87)
2219 5957 2407 6024 Καιρὸν
2446 5968 2554 6024 pro
2579 5957 2785 6024 μικρόν.
2814 5959 2871 6009 Β.

2093 5952 2158 6006 87
2219 5957 2407 6024 Καιρὸν
2446 5968 2554 6024 pro
2582 5973 2673 6005 ιιικ
2711 5957 2785 6008 όν.
2814 5959 2871 6009 Β.

2066 5952 2184 6098 (88)
2227 6024 2390 6088 Δύτὸς
2442 6007 2630 6084 codex
2674 5971 2925 6086 Ehabet
2961 6030 3098 6100 post
3127 6027 3444 6101 επεμελείτο.
