  <div class='ocr_page' id='page_1' title='image "/cluster/home/n/w/nwhite01/storage/ocr_20150623/129/hvd.32044019208511/533.png"; bbox 0 0 4210 6442; ppageno 0'>
   <div class='ocr_carea' id='block_1_1' title="bbox 607 309 713 365">
    <p class='ocr_par' dir='ltr' id='par_1_1' title="bbox 607 309 713 365">
     <span class='ocr_line' id='line_1_1' title="bbox 607 309 713 365; baseline -0.009 0"><span class='ocrx_word' id='word_1_1' title='bbox 607 309 713 365; x_wconf 89' lang='lat'><strong>963</strong></span> 
     </span>
    </p>
   </div>
   <div class='ocr_carea' id='block_1_2' title="bbox 1926 301 2646 363">
    <p class='ocr_par' dir='ltr' id='par_1_2' title="bbox 1926 301 2646 363">
     <span class='ocr_line' id='line_1_2' title="bbox 1926 301 2646 363; baseline 0 -1"><span class='ocrx_word' id='word_1_2' title='bbox 1926 301 2276 363; x_wconf 77' lang='lat' dir='ltr'><strong>EUTHYMII</strong></span> <span class='ocrx_word' id='word_1_3' title='bbox 2318 302 2379 358; x_wconf 85' lang='grc' dir='ltr'><strong>ΖΙ</strong></span> <span class='ocrx_word' id='word_1_4' title='bbox 2388 302 2646 363; x_wconf 79' lang='lat' dir='ltr'><strong>GABENI</strong></span> 
     </span>
    </p>
   </div>
   <div class='ocr_carea' id='block_1_3' title="bbox 3883 307 4005 366">
    <p class='ocr_par' dir='ltr' id='par_1_3' title="bbox 3883 307 4005 366">
     <span class='ocr_line' id='line_1_3' title="bbox 3883 307 4005 366; baseline 0.016 -2"><span class='ocrx_word' id='word_1_5' title='bbox 3883 307 4005 366; x_wconf 73' lang='grc'>964</span> 
     </span>
    </p>
   </div>
   <div class='ocr_carea' id='block_1_4' title="bbox 608 429 2264 506">
    <p class='ocr_par' dir='ltr' id='par_1_4' title="bbox 608 430 2264 506">
     <span class='ocr_line' id='line_1_4' title="bbox 608 430 2264 506; baseline -0.005 -16"><span class='ocrx_word' id='word_1_6' title='bbox 608 451 740 490; x_wconf 89' lang='lat' dir='ltr'><strong>rum</strong></span> <span class='ocrx_word' id='word_1_7' title='bbox 764 434 953 506; x_wconf 83' lang='lat' dir='ltr'><strong>ipsius</strong></span> <span class='ocrx_word' id='word_1_8' title='bbox 967 439 1022 490; x_wconf 91' lang='lat' dir='ltr'><strong>et</strong></span> <span class='ocrx_word' id='word_1_9' title='bbox 1051 434 1270 491; x_wconf 59' lang='lat' dir='ltr'><strong>anima!</strong></span> <span class='ocrx_word' id='word_1_10' title='bbox 1284 433 1482 498; x_wconf 82' lang='lat' dir='ltr'><strong>simul,</strong></span> <span class='ocrx_word' id='word_1_11' title='bbox 1513 438 1572 488; x_wconf 90' lang='lat' dir='ltr'><strong>et</strong></span> <span class='ocrx_word' id='word_1_12' title='bbox 1588 431 1849 504; x_wconf 90' lang='lat' dir='ltr'><strong>corporis</strong></span> <span class='ocrx_word' id='word_1_13' title='bbox 1870 430 2264 487; x_wconf 81' lang='lat' dir='ltr'><strong>habuerimus</strong></span> 
     </span>
    </p>
   </div>
   <div class='ocr_carea' id='block_1_5' title="bbox 2371 429 4001 506">
    <p class='ocr_par' dir='ltr' id='par_1_5' title="bbox 2380 431 4001 504">
     <span class='ocr_line' id='line_1_5' title="bbox 2380 431 4001 504; baseline 0.004 -24"><span class='ocrx_word' id='word_1_14' title='bbox 2380 437 2477 480; x_wconf 81' lang='grc' dir='ltr'>τῶν</span> <span class='ocrx_word' id='word_1_15' title='bbox 2519 431 2728 483; x_wconf 70' lang='grc' dir='ltr'>ἐντολνν</span> <span class='ocrx_word' id='word_1_16' title='bbox 2750 432 2931 501; x_wconf 75' lang='grc' dir='ltr'>αὐτοῦ,</span> <span class='ocrx_word' id='word_1_17' title='bbox 2963 437 3052 484; x_wconf 80' lang='grc' dir='ltr'>καὶ</span> <span class='ocrx_word' id='word_1_18' title='bbox 3084 435 3289 504; x_wconf 79' lang='grc' dir='ltr'>ἔχωμεν</span> <span class='ocrx_word' id='word_1_19' title='bbox 3317 432 3589 504; x_wconf 74' lang='grc' dir='ltr'>ψυχικοὺς</span> <span class='ocrx_word' id='word_1_20' title='bbox 3609 432 3719 504; x_wconf 81' lang='grc' dir='ltr'>ἅμα</span> <span class='ocrx_word' id='word_1_21' title='bbox 3747 439 3840 485; x_wconf 80' lang='grc' dir='ltr'>καὶ</span> <span class='ocrx_word' id='word_1_22' title='bbox 3885 455 4001 486; x_wconf 81' lang='grc' dir='ltr'><strong>σω-</strong></span> 
     </span>
    </p>
   </div>
   <div class='ocr_carea' id='block_1_6' title="bbox 609 519 2261 594">
    <p class='ocr_par' dir='ltr' id='par_1_6' title="bbox 609 519 2261 594">
     <span class='ocr_line' id='line_1_6' title="bbox 609 519 2261 594; baseline -0.004 -17"><span class='ocrx_word' id='word_1_23' title='bbox 609 523 816 578; x_wconf 89' lang='lat' dir='ltr'><strong>oculos</strong></span> <span class='ocrx_word' id='word_1_24' title='bbox 843 529 999 577; x_wconf 88' lang='lat' dir='ltr'><strong>recte</strong></span> <span class='ocrx_word' id='word_1_25' title='bbox 1031 522 1347 585; x_wconf 74' lang='lat' dir='ltr'><strong>intuentes,</strong></span> <span class='ocrx_word' id='word_1_26' title='bbox 1383 538 1678 594; x_wconf 83' lang='lat' dir='ltr'><strong>auresque</strong></span> <span class='ocrx_word' id='word_1_27' title='bbox 1729 529 1881 576; x_wconf 88' lang='lat' dir='ltr'><strong>recte</strong></span> <span class='ocrx_word' id='word_1_28' title='bbox 1930 519 2261 585; x_wconf 80' lang='lat' dir='ltr'><strong>audientes,</strong></span> 
     </span>
    </p>
   </div>
   <div class='ocr_carea' id='block_1_7' title="bbox 611 607 2265 680">
    <p class='ocr_par' dir='ltr' id='par_1_7' title="bbox 611 607 2265 680">
     <span class='ocr_line' id='line_1_7' title="bbox 611 607 2265 680; baseline -0.005 -13"><span class='ocrx_word' id='word_1_29' title='bbox 611 610 690 667; x_wconf 87' lang='lat' dir='ltr'><strong>ad</strong></span> <span class='ocrx_word' id='word_1_30' title='bbox 721 627 832 666; x_wconf 91' lang='lat' dir='ltr'><strong>nos</strong></span> <span class='ocrx_word' id='word_1_31' title='bbox 859 611 1036 666; x_wconf 86' lang='lat' dir='ltr'><strong>etiam</strong></span> <span class='ocrx_word' id='word_1_32' title='bbox 1084 610 1334 666; x_wconf 87' lang='lat' dir='ltr'><strong>omnino</strong></span> <span class='ocrx_word' id='word_1_33' title='bbox 1384 617 1774 673; x_wconf 87' lang='lat' dir='ltr'><strong>convertetur,</strong></span> <span class='ocrx_word' id='word_1_34' title='bbox 1807 615 1862 664; x_wconf 92' lang='lat' dir='ltr'><strong>et</strong></span> <span class='ocrx_word' id='word_1_35' title='bbox 1902 607 2199 680; x_wconf 77' lang='lat' dir='ltr'><strong>mysteriis</strong></span> <span class='ocrx_word' id='word_1_36' title='bbox 2232 624 2265 660; x_wconf 80' lang='grc' dir='ltr'><strong>υ.</strong></span> 
     </span>
    </p>
   </div>
   <div class='ocr_carea' id='block_1_8' title="bbox 610 699 1580 770">
    <p class='ocr_par' dir='ltr' id='par_1_8' title="bbox 610 699 1580 770">
     <span class='ocr_line' id='line_1_8' title="bbox 610 699 1580 770; baseline -0.005 -15"><span class='ocrx_word' id='word_1_37' title='bbox 610 700 786 770; x_wconf 92' lang='lat' dir='ltr'><strong>vulgo</strong></span> <span class='ocrx_word' id='word_1_38' title='bbox 813 700 1179 755; x_wconf 75' lang='lat' dir='ltr'><strong>absconditis</strong></span> <span class='ocrx_word' id='word_1_39' title='bbox 1217 699 1580 769; x_wconf 79' lang='lat' dir='ltr'><strong>dignabitur.</strong></span> 
     </span>
    </p>
   </div>
   <div class='ocr_carea' id='block_1_9' title="bbox 848 787 2023 857">
    <p class='ocr_par' dir='ltr' id='par_1_9' title="bbox 848 787 2023 857">
     <span class='ocr_line' id='line_1_9' title="bbox 848 787 2023 857; baseline -0.005 -12"><span class='ocrx_word' id='word_1_40' title='bbox 848 789 999 845; x_wconf 81' lang='lat' dir='ltr'><strong>CAP.</strong></span> <span class='ocrx_word' id='word_1_41' title='bbox 1044 790 1236 843; x_wconf 71' lang='lat' dir='ltr'><strong>XXXV.</strong></span> <span class='ocrx_word' id='word_1_42' title='bbox 1267 789 1349 844; x_wconf 91' lang='lat' dir='ltr'><strong>De</strong></span> <span class='ocrx_word' id='word_1_43' title='bbox 1377 795 1639 844; x_wconf 83' lang='lat' dir='ltr'><strong>tentante</strong></span> <span class='ocrx_word' id='word_1_44' title='bbox 1667 787 2023 857; x_wconf 75' lang='lat' dir='ltr'><strong>legisperito.</strong></span> 
     </span>
    </p>
   </div>
   <div class='ocr_carea' id='block_1_10' title="bbox 683 873 2263 948">
    <p class='ocr_par' dir='ltr' id='par_1_10' title="bbox 683 873 2263 948">
     <span class='ocr_line' id='line_1_10' title="bbox 683 873 2263 948; baseline -0.003 -18"><span class='ocrx_word' id='word_1_45' title='bbox 683 879 841 932; x_wconf 83' lang='lat' dir='ltr'><strong>Vers.</strong></span> <span class='ocrx_word' id='word_1_46' title='bbox 871 879 1180 933; x_wconf 79' lang='lat' dir='ltr'><strong>25.Etecce</strong></span> <span class='ocrx_word' id='word_1_47' title='bbox 1205 877 1580 946; x_wconf 79' lang='lat' dir='ltr'><strong>—possidebo</strong></span> <span class='ocrx_word' id='word_1_48' title='bbox 1600 877 1627 932; x_wconf 80' lang='lat'><strong>?</strong></span> <span class='ocrx_word' id='word_1_49' title='bbox 1651 876 1980 948; x_wconf 89' lang='lat' dir='ltr'><strong>lllaqueare</strong></span> <span class='ocrx_word' id='word_1_50' title='bbox 2015 873 2263 945; x_wconf 84' lang='lat' dir='ltr'><strong>putabat</strong></span> 
     </span>
    </p>
   </div>
   <div class='ocr_carea' id='block_1_11' title="bbox 609 964 2262 1038">
    <p class='ocr_par' dir='ltr' id='par_1_11' title="bbox 609 964 2262 1038">
     <span class='ocr_line' id='line_1_11' title="bbox 609 964 2262 1038; baseline -0.003 -17"><span class='ocrx_word' id='word_1_51' title='bbox 609 966 925 1031; x_wconf 86' lang='lat' dir='ltr'><strong>Christum,</strong></span> <span class='ocrx_word' id='word_1_52' title='bbox 959 967 1005 1021; x_wconf 91' lang='lat' dir='ltr'><strong>si</strong></span> <span class='ocrx_word' id='word_1_53' title='bbox 1037 966 1352 1038; x_wconf 87' lang='lat' dir='ltr'><strong>quippiam</strong></span> <span class='ocrx_word' id='word_1_54' title='bbox 1399 965 1512 1035; x_wconf 91' lang='lat' dir='ltr'><strong>legi</strong></span> <span class='ocrx_word' id='word_1_55' title='bbox 1543 968 1904 1021; x_wconf 87' lang='lat' dir='ltr'><strong>contrarium</strong></span> <span class='ocrx_word' id='word_1_56' title='bbox 1940 964 2057 1018; x_wconf 93' lang='lat' dir='ltr'><strong>ullo</strong></span> <span class='ocrx_word' id='word_1_57' title='bbox 2087 969 2262 1034; x_wconf 89' lang='lat' dir='ltr'><strong>pacto</strong></span> 
     </span>
    </p>
   </div>
   <div class='ocr_carea' id='block_1_12' title="bbox 609 1054 2260 1125">
    <p class='ocr_par' dir='ltr' id='par_1_12' title="bbox 609 1054 2260 1125">
     <span class='ocr_line' id='line_1_12' title="bbox 609 1054 2260 1125; baseline -0.004 -14"><span class='ocrx_word' id='word_1_58' title='bbox 609 1055 867 1112; x_wconf 84' lang='lat' dir='ltr'><strong>doceret.</strong></span> <span class='ocrx_word' id='word_1_59' title='bbox 895 1055 1041 1110; x_wconf 88' lang='lat' dir='ltr'><strong>Dicit</strong></span> <span class='ocrx_word' id='word_1_60' title='bbox 1060 1071 1202 1124; x_wconf 84' lang='lat' dir='ltr'><strong>ergo</strong></span> <span class='ocrx_word' id='word_1_61' title='bbox 1246 1072 1255 1108; x_wconf 90' lang='lat'><strong>:</strong></span> <span class='ocrx_word' id='word_1_62' title='bbox 1292 1055 1443 1120; x_wconf 83' lang='lat' dir='ltr'><strong>Quid</strong></span> <span class='ocrx_word' id='word_1_63' title='bbox 1470 1054 1731 1125; x_wconf 77' lang='lat' dir='ltr'><strong>faciendo</strong></span> <span class='ocrx_word' id='word_1_64' title='bbox 1757 1058 1934 1108; x_wconf 73' lang='lat' dir='ltr'><strong>vitam</strong></span> <span class='ocrx_word' id='word_1_65' title='bbox 1985 1060 2260 1109; x_wconf 69' lang='lat' dir='ltr'><strong>(sternam</strong></span> 
     </span>
    </p>
   </div>
   <div class='ocr_carea' id='block_1_13' title="bbox 605 1142 2259 1216">
    <p class='ocr_par' dir='ltr' id='par_1_13' title="bbox 605 1142 2259 1216">
     <span class='ocr_line' id='line_1_13' title="bbox 605 1142 2259 1216; baseline -0.004 -16"><span class='ocrx_word' id='word_1_66' title='bbox 605 1145 1132 1216; x_wconf 75' lang='lat' dir='ltr'><strong>possidebo,quam</strong></span> <span class='ocrx_word' id='word_1_67' title='bbox 1158 1143 1383 1215; x_wconf 91' lang='lat' dir='ltr'><strong>populo</strong></span> <span class='ocrx_word' id='word_1_68' title='bbox 1399 1142 1721 1198; x_wconf 88' lang='lat' dir='ltr'><strong>annuntias</strong></span> <span class='ocrx_word' id='word_1_69' title='bbox 1746 1144 1773 1198; x_wconf 79' lang='lat'><strong>?</strong></span> <span class='ocrx_word' id='word_1_70' title='bbox 1804 1143 2049 1210; x_wconf 88' lang='lat' dir='ltr'><strong>Cognita</strong></span> <span class='ocrx_word' id='word_1_71' title='bbox 2061 1147 2259 1196; x_wconf 87' lang='lat' dir='ltr'><strong>autem</strong></span> 
     </span>
    </p>
   </div>
   <div class='ocr_carea' id='block_1_14' title="bbox 609 1229 2258 1304">
    <p class='ocr_par' dir='ltr' id='par_1_14' title="bbox 609 1229 2258 1304">
     <span class='ocr_line' id='line_1_14' title="bbox 609 1229 2258 1304; baseline -0.003 -16"><span class='ocrx_word' id='word_1_72' title='bbox 609 1233 763 1289; x_wconf 89' lang='lat' dir='ltr'><strong>illius</strong></span> <span class='ocrx_word' id='word_1_73' title='bbox 789 1233 1072 1298; x_wconf 88' lang='lat' dir='ltr'><strong>versutia,</strong></span> <span class='ocrx_word' id='word_1_74' title='bbox 1103 1232 1370 1288; x_wconf 80' lang='lat' dir='ltr'><strong>Salvator</strong></span> <span class='ocrx_word' id='word_1_75' title='bbox 1407 1232 1486 1288; x_wconf 88' lang='lat' dir='ltr'><strong>ad</strong></span> <span class='ocrx_word' id='word_1_76' title='bbox 1515 1232 1707 1302; x_wconf 91' lang='lat' dir='ltr'><strong>legem</strong></span> <span class='ocrx_word' id='word_1_77' title='bbox 1739 1233 1937 1304; x_wconf 89' lang='lat' dir='ltr'><strong>ipsum</strong></span> <span class='ocrx_word' id='word_1_78' title='bbox 1977 1229 2216 1286; x_wconf 85' lang='lat' dir='ltr'><strong>remittit</strong></span> <span class='ocrx_word' id='word_1_79' title='bbox 2246 1247 2258 1294; x_wconf 84' lang='lat'><strong>;</strong></span> 
     </span>
    </p>
   </div>
   <div class='ocr_carea' id='block_1_15' title="bbox 611 1319 2261 1394">
    <p class='ocr_par' dir='ltr' id='par_1_15' title="bbox 611 1319 2261 1394">
     <span class='ocr_line' id='line_1_15' title="bbox 611 1319 2261 1394; baseline -0.003 -16"><span class='ocrx_word' id='word_1_80' title='bbox 611 1322 784 1378; x_wconf 86' lang='lat' dir='ltr'><strong>simul</strong></span> <span class='ocrx_word' id='word_1_81' title='bbox 805 1321 1052 1394; x_wconf 88' lang='lat' dir='ltr'><strong>quidem</strong></span> <span class='ocrx_word' id='word_1_82' title='bbox 1075 1328 1356 1377; x_wconf 83' lang='lat' dir='ltr'><strong>conatum</strong></span> <span class='ocrx_word' id='word_1_83' title='bbox 1374 1321 1524 1376; x_wconf 77' lang='lat' dir='ltr'><strong>illius</strong></span> <span class='ocrx_word' id='word_1_84' title='bbox 1539 1321 1850 1393; x_wconf 89' lang='lat' dir='ltr'><strong>repellens,</strong></span> <span class='ocrx_word' id='word_1_85' title='bbox 1875 1319 2052 1375; x_wconf 87' lang='lat' dir='ltr'><strong>simul</strong></span> <span class='ocrx_word' id='word_1_86' title='bbox 2082 1319 2261 1374; x_wconf 89' lang='lat' dir='ltr'><strong>etiam</strong></span> 
     </span>
    </p>
   </div>
   <div class='ocr_carea' id='block_1_16' title="bbox 609 1409 2259 1483">
    <p class='ocr_par' dir='ltr' id='par_1_16' title="bbox 609 1409 2259 1483">
     <span class='ocr_line' id='line_1_16' title="bbox 609 1409 2259 1483; baseline -0.004 -16"><span class='ocrx_word' id='word_1_87' title='bbox 609 1427 868 1482; x_wconf 90' lang='lat' dir='ltr'><strong>arguens</strong></span> <span class='ocrx_word' id='word_1_88' title='bbox 894 1410 1078 1479; x_wconf 90' lang='lat' dir='ltr'><strong>illum,</strong></span> <span class='ocrx_word' id='word_1_89' title='bbox 1111 1411 1272 1483; x_wconf 83' lang='lat' dir='ltr'><strong>quod</strong></span> <span class='ocrx_word' id='word_1_90' title='bbox 1313 1427 1440 1466; x_wconf 87' lang='lat' dir='ltr'><strong>sesc</strong></span> <span class='ocrx_word' id='word_1_91' title='bbox 1464 1425 1567 1482; x_wconf 87' lang='lat' dir='ltr'><strong>pro</strong></span> <span class='ocrx_word' id='word_1_92' title='bbox 1600 1411 1824 1465; x_wconf 89' lang='lat' dir='ltr'><strong>virtutis</strong></span> <span class='ocrx_word' id='word_1_93' title='bbox 1846 1409 2068 1464; x_wconf 85' lang='lat' dir='ltr'><strong>cultore</strong></span> <span class='ocrx_word' id='word_1_94' title='bbox 2095 1423 2259 1477; x_wconf 88' lang='lat' dir='ltr'><strong>gere-</strong></span> 
     </span>
    </p>
   </div>
   <div class='ocr_carea' id='block_1_17' title="bbox 607 1497 2259 1569">
    <p class='ocr_par' dir='ltr' id='par_1_17' title="bbox 607 1497 2259 1569">
     <span class='ocr_line' id='line_1_17' title="bbox 607 1497 2259 1569; baseline -0.004 -13"><span class='ocrx_word' id='word_1_95' title='bbox 607 1506 713 1565; x_wconf 86' lang='lat' dir='ltr'><strong>ret,</strong></span> <span class='ocrx_word' id='word_1_96' title='bbox 747 1516 885 1556; x_wconf 91' lang='lat' dir='ltr'><strong>cum</strong></span> <span class='ocrx_word' id='word_1_97' title='bbox 923 1515 1045 1555; x_wconf 83' lang='lat' dir='ltr'><strong>non</strong></span> <span class='ocrx_word' id='word_1_98' title='bbox 1102 1506 1278 1565; x_wconf 82' lang='lat' dir='ltr'><strong>esset,</strong></span> <span class='ocrx_word' id='word_1_99' title='bbox 1334 1499 1512 1555; x_wconf 88' lang='lat' dir='ltr'><strong>veluti</strong></span> <span class='ocrx_word' id='word_1_100' title='bbox 1569 1499 1704 1554; x_wconf 81' lang='lat' dir='ltr'><strong>ﬁnis</strong></span> <span class='ocrx_word' id='word_1_101' title='bbox 1749 1497 2029 1553; x_wconf 89' lang='lat' dir='ltr'><strong>indicabit</strong></span> <span class='ocrx_word' id='word_1_102' title='bbox 2080 1512 2259 1569; x_wconf 86' lang='lat' dir='ltr'><strong>para-</strong></span> 
     </span>
    </p>
   </div>
   <div class='ocr_carea' id='block_1_18' title="bbox 605 1590 782 1646">
    <p class='ocr_par' dir='ltr' id='par_1_18' title="bbox 605 1590 782 1646">
     <span class='ocr_line' id='line_1_18' title="bbox 605 1590 782 1646; baseline -0.023 0"><span class='ocrx_word' id='word_1_103' title='bbox 605 1590 782 1646; x_wconf 72' lang='lat' dir='ltr'><strong>bolaa.</strong></span> 
     </span>
    </p>
   </div>
   <div class='ocr_carea' id='block_1_19' title="bbox 681 1677 2261 1748">
    <p class='ocr_par' dir='ltr' id='par_1_19' title="bbox 681 1677 2261 1748">
     <span class='ocr_line' id='line_1_19' title="bbox 681 1677 2261 1748; baseline -0.003 -14"><span class='ocrx_word' id='word_1_104' title='bbox 681 1679 844 1735; x_wconf 89' lang='lat' dir='ltr'><strong>Vers.</strong></span> <span class='ocrx_word' id='word_1_105' title='bbox 878 1683 966 1734; x_wconf 83' lang='lat'><strong>26.</strong></span> <span class='ocrx_word' id='word_1_106' title='bbox 1002 1680 1132 1748; x_wconf 78' lang='lat' dir='ltr'><strong>[pse</strong></span> <span class='ocrx_word' id='word_1_107' title='bbox 1170 1694 1307 1734; x_wconf 87' lang='lat' dir='ltr'><strong>vero</strong></span> <span class='ocrx_word' id='word_1_108' title='bbox 1349 1709 1412 1718; x_wconf 87' lang='lat'><strong>-</strong></span> <span class='ocrx_word' id='word_1_109' title='bbox 1438 1679 1610 1748; x_wconf 73' lang='lat' dir='ltr'><strong>tegis?</strong></span> <span class='ocrx_word' id='word_1_110' title='bbox 1641 1677 1810 1742; x_wconf 85' lang='lat' dir='ltr'><strong>Quod</strong></span> <span class='ocrx_word' id='word_1_111' title='bbox 1859 1677 2143 1748; x_wconf 86' lang='lat' dir='ltr'><strong>scriptum</strong></span> <span class='ocrx_word' id='word_1_112' title='bbox 2174 1681 2261 1730; x_wconf 89' lang='lat' dir='ltr'><strong>est</strong></span> 
     </span>
    </p>
   </div>
   <div class='ocr_carea' id='block_1_20' title="bbox 2377 521 4002 598">
    <p class='ocr_par' dir='ltr' id='par_1_20' title="bbox 2377 521 4002 598">
     <span class='ocr_line' id='line_1_20' title="bbox 2377 521 4002 598; baseline 0.004 -28"><span class='ocrx_word' id='word_1_113' title='bbox 2377 527 2632 590; x_wconf 78' lang='grc' dir='ltr'>ματικοὺς</span> <span class='ocrx_word' id='word_1_114' title='bbox 2671 521 2981 594; x_wconf 70' lang='grc' dir='ltr'>ὀφθαλμοὺς,</span> <span class='ocrx_word' id='word_1_115' title='bbox 3018 522 3146 596; x_wconf 80' lang='grc' dir='ltr'>ὀρθὰ</span> <span class='ocrx_word' id='word_1_116' title='bbox 3179 521 3479 594; x_wconf 69' lang='grc' dir='ltr'>βλέποντας,</span> <span class='ocrx_word' id='word_1_117' title='bbox 3503 530 3592 575; x_wconf 82' lang='grc' dir='ltr'>καὶ</span> <span class='ocrx_word' id='word_1_118' title='bbox 3624 527 3688 575; x_wconf 86' lang='grc' dir='ltr'>τὰ</span> <span class='ocrx_word' id='word_1_119' title='bbox 3716 521 4002 598; x_wconf 68' lang='grc' dir='ltr'>ὦτα,ὁρθτὶ</span> 
     </span>
    </p>
   </div>
   <div class='ocr_carea' id='block_1_21' title="bbox 2378 609 4001 684">
    <p class='ocr_par' dir='ltr' id='par_1_21' title="bbox 2378 609 4001 684">
     <span class='ocr_line' id='line_1_21' title="bbox 2378 609 4001 684; baseline 0.004 -25"><span class='ocrx_word' id='word_1_120' title='bbox 2378 609 2651 676; x_wconf 73' lang='grc' dir='ltr'>ἀκούοντα,</span> <span class='ocrx_word' id='word_1_121' title='bbox 2687 614 2892 672; x_wconf 67' lang='grc' dir='ltr'>πάντως</span> <span class='ocrx_word' id='word_1_122' title='bbox 2951 617 3310 683; x_wconf 63' lang='grc' dir='ltr'>στραφήσεται</span> <span class='ocrx_word' id='word_1_123' title='bbox 3367 617 3456 663; x_wconf 81' lang='grc' dir='ltr'>καὶ</span> <span class='ocrx_word' id='word_1_124' title='bbox 3513 615 3642 683; x_wconf 85' lang='grc' dir='ltr'>πρὸς</span> <span class='ocrx_word' id='word_1_125' title='bbox 3690 615 3853 684; x_wconf 76' lang='grc' dir='ltr'>ἡμᾶς,</span> <span class='ocrx_word' id='word_1_126' title='bbox 3897 621 4001 665; x_wconf 74' lang='grc' dir='ltr'>καὶ</span> 
     </span>
    </p>
   </div>
   <div class='ocr_carea' id='block_1_22' title="bbox 2377 697 3630 774">
    <p class='ocr_par' dir='ltr' id='par_1_22' title="bbox 2377 697 3630 774">
     <span class='ocr_line' id='line_1_22' title="bbox 2377 697 3630 774; baseline 0.005 -26"><span class='ocrx_word' id='word_1_127' title='bbox 2377 697 2585 760; x_wconf 72' lang='grc' dir='ltr'>ἀξιώσει</span> <span class='ocrx_word' id='word_1_128' title='bbox 2617 707 2924 774; x_wconf 74' lang='grc' dir='ltr'><strong>μυστηρίων</strong></span> <span class='ocrx_word' id='word_1_129' title='bbox 2949 699 3248 774; x_wconf 76' lang='grc' dir='ltr'>ἀπορρήτων</span> <span class='ocrx_word' id='word_1_130' title='bbox 3272 708 3379 762; x_wconf 86' lang='grc' dir='ltr'>τοῖς</span> <span class='ocrx_word' id='word_1_131' title='bbox 3407 700 3630 762; x_wconf 86' lang='grc' dir='ltr'>πολλοῖς.</span> 
     </span>
    </p>
   </div>
   <div class='ocr_carea' id='block_1_23' title="bbox 2485 790 3836 864">
    <p class='ocr_par' dir='ltr' id='par_1_23' title="bbox 2485 790 3836 864">
     <span class='ocr_line' id='line_1_23' title="bbox 2485 790 3836 864; baseline 0.001 -24"><span class='ocrx_word' id='word_1_132' title='bbox 2485 795 2629 842; x_wconf 77' lang='grc' dir='ltr'>ΚΕΦ.</span> <span class='ocrx_word' id='word_1_133' title='bbox 2671 790 2790 845; x_wconf 82' lang='grc' dir='ltr'><strong>ΛΕ’.</strong></span> <span class='ocrx_word' id='word_1_134' title='bbox 2837 794 2959 864; x_wconf 81' lang='grc' dir='ltr'>Περὶ</span> <span class='ocrx_word' id='word_1_135' title='bbox 3014 798 3102 841; x_wconf 64' lang='grc' dir='ltr'>τοῦ</span> <span class='ocrx_word' id='word_1_136' title='bbox 3143 793 3559 862; x_wconf 73' lang='grc' dir='ltr'><strong>ἐπερωτήσαντος</strong></span> <span class='ocrx_word' id='word_1_137' title='bbox 3596 799 3836 862; x_wconf 78' lang='grc' dir='ltr'>νομικοὺ.</span> 
     </span>
    </p>
   </div>
   <div class='ocr_carea' id='block_1_24' title="bbox 2447 874 3993 950">
    <p class='ocr_par' dir='ltr' id='par_1_24' title="bbox 2447 874 3993 950">
     <span class='ocr_line' id='line_1_24' title="bbox 2447 874 3993 950; baseline 0 -20"><span class='ocrx_word' id='word_1_138' title='bbox 2447 877 2545 930; x_wconf 77' lang='grc' dir='ltr'><strong>Καὶ</strong></span> <span class='ocrx_word' id='word_1_139' title='bbox 2607 874 2723 928; x_wconf 67' lang='grc' dir='ltr'><strong>ἰδοὺ</strong></span> <span class='ocrx_word' id='word_1_140' title='bbox 2786 909 2853 918; x_wconf 93' lang='grc'><strong>-</strong></span> <span class='ocrx_word' id='word_1_141' title='bbox 2911 877 3334 949; x_wconf 82' lang='grc' dir='ltr'>κληρονομήσω;</span> <span class='ocrx_word' id='word_1_142' title='bbox 3385 875 3754 950; x_wconf 77' lang='grc' dir='ltr'>Προσεδοκησε</span> <span class='ocrx_word' id='word_1_143' title='bbox 3817 899 3993 950; x_wconf 74' lang='grc' dir='ltr'>παγι-</span> 
     </span>
    </p>
   </div>
   <div class='ocr_carea' id='block_1_25' title="bbox 2373 962 3994 1040">
    <p class='ocr_par' dir='ltr' id='par_1_25' title="bbox 2373 962 3994 1040">
     <span class='ocr_line' id='line_1_25' title="bbox 2373 962 3994 1040; baseline 0.002 -24"><span class='ocrx_word' id='word_1_144' title='bbox 2373 962 2558 1018; x_wconf 77' lang='grc' dir='ltr'>δευσειι</span> <span class='ocrx_word' id='word_1_145' title='bbox 2590 971 2676 1018; x_wconf 85' lang='grc' dir='ltr'>τὸν</span> <span class='ocrx_word' id='word_1_146' title='bbox 2718 970 2947 1040; x_wconf 83' lang='grc' dir='ltr'>Χριστὸν</span> <span class='ocrx_word' id='word_1_147' title='bbox 2996 968 3064 1027; x_wconf 83' lang='grc' dir='ltr'>εἰς</span> <span class='ocrx_word' id='word_1_148' title='bbox 3111 971 3166 1018; x_wconf 87' lang='grc' dir='ltr'>τὸ</span> <span class='ocrx_word' id='word_1_149' title='bbox 3216 970 3420 1029; x_wconf 76' lang='grc' dir='ltr'>παντως</span> <span class='ocrx_word' id='word_1_150' title='bbox 3477 969 3714 1030; x_wconf 76' lang='grc' dir='ltr'><strong>ἐπιτάξαι</strong></span> <span class='ocrx_word' id='word_1_151' title='bbox 3761 988 3812 1020; x_wconf 86' lang='grc' dir='ltr'>τι</span> <span class='ocrx_word' id='word_1_152' title='bbox 3845 971 3994 1020; x_wconf 60' lang='lat' dir='ltr'><strong>Evam-</strong></span> 
     </span>
    </p>
   </div>
   <div class='ocr_carea' id='block_1_26' title="bbox 2371 1059 3991 1128">
    <p class='ocr_par' dir='ltr' id='par_1_26' title="bbox 2371 1059 3991 1128">
     <span class='ocr_line' id='line_1_26' title="bbox 2371 1059 3991 1128; baseline 0.002 -23"><span class='ocrx_word' id='word_1_153' title='bbox 2371 1060 2476 1105; x_wconf 86' lang='grc' dir='ltr'>τίον</span> <span class='ocrx_word' id='word_1_154' title='bbox 2508 1064 2577 1126; x_wconf 75' lang='grc' dir='ltr'>τῷ</span> <span class='ocrx_word' id='word_1_155' title='bbox 2625 1076 2784 1128; x_wconf 76' lang='grc' dir='ltr'>νομῳ.</span> <span class='ocrx_word' id='word_1_156' title='bbox 2852 1061 2999 1126; x_wconf 72' lang='grc' dir='ltr'>Λέγει</span> <span class='ocrx_word' id='word_1_157' title='bbox 3041 1064 3186 1127; x_wconf 76' lang='grc' dir='ltr'>γοῦν,</span> <span class='ocrx_word' id='word_1_158' title='bbox 3242 1061 3305 1108; x_wconf 88' lang='grc' dir='ltr'>Τί</span> <span class='ocrx_word' id='word_1_159' title='bbox 3357 1062 3588 1118; x_wconf 87' lang='grc' dir='ltr'>ποιήσας</span> <span class='ocrx_word' id='word_1_160' title='bbox 3644 1062 3781 1118; x_wconf 81' lang='grc' dir='ltr'>ςωήν</span> <span class='ocrx_word' id='word_1_161' title='bbox 3852 1059 3991 1109; x_wconf 75' lang='grc' dir='ltr'><strong>αἰώ-</strong></span> 
     </span>
    </p>
   </div>
   <div class='ocr_carea' id='block_1_27' title="bbox 2370 1145 3992 1219">
    <p class='ocr_par' dir='ltr' id='par_1_27' title="bbox 2370 1145 3992 1219">
     <span class='ocr_line' id='line_1_27' title="bbox 2370 1145 3992 1219; baseline 0.003 -26"><span class='ocrx_word' id='word_1_162' title='bbox 2370 1153 2474 1197; x_wconf 87' lang='grc' dir='ltr'>νίον</span> <span class='ocrx_word' id='word_1_163' title='bbox 2522 1145 2915 1219; x_wconf 74' lang='grc' dir='ltr'>κληρονομήσω,</span> <span class='ocrx_word' id='word_1_164' title='bbox 2966 1147 3025 1203; x_wconf 73' lang='grc' dir='ltr'>ἦν</span> <span class='ocrx_word' id='word_1_165' title='bbox 3072 1145 3430 1216; x_wconf 71' lang='grc' dir='ltr'><strong>καταγγέλλεις</strong></span> <span class='ocrx_word' id='word_1_166' title='bbox 3477 1155 3549 1216; x_wconf 83' lang='grc' dir='ltr'>τῷ</span> <span class='ocrx_word' id='word_1_167' title='bbox 3607 1146 3712 1216; x_wconf 81' lang='grc' dir='ltr'>λαῷ</span> <span class='ocrx_word' id='word_1_168' title='bbox 3770 1166 3783 1212; x_wconf 88' lang='grc'>;</span> <span class='ocrx_word' id='word_1_169' title='bbox 3824 1153 3992 1208; x_wconf 74' lang='grc' dir='ltr'>Γνοὺς</span> 
     </span>
    </p>
   </div>
   <div class='ocr_carea' id='block_1_28' title="bbox 2375 1230 3986 1308">
    <p class='ocr_par' dir='ltr' id='par_1_28' title="bbox 2375 1230 3986 1308">
     <span class='ocr_line' id='line_1_28' title="bbox 2375 1230 3986 1308; baseline 0.001 -22"><span class='ocrx_word' id='word_1_170' title='bbox 2375 1230 2432 1286; x_wconf 78' lang='grc' dir='ltr'>δε</span> <span class='ocrx_word' id='word_1_171' title='bbox 2489 1239 2579 1292; x_wconf 80' lang='grc' dir='ltr'><strong>τήν</strong></span> <span class='ocrx_word' id='word_1_172' title='bbox 2635 1238 2819 1286; x_wconf 72' lang='grc' dir='ltr'>τούτου</span> <span class='ocrx_word' id='word_1_173' title='bbox 2872 1239 3191 1307; x_wconf 69' lang='grc' dir='ltr'><strong>πανουργίαν</strong></span> <span class='ocrx_word' id='word_1_174' title='bbox 3241 1235 3492 1306; x_wconf 82' lang='grc' dir='ltr'>ὁΣωτήρ,</span> <span class='ocrx_word' id='word_1_175' title='bbox 3553 1233 3635 1287; x_wconf 79' lang='grc' dir='ltr'><strong>ἐπὶ</strong></span> <span class='ocrx_word' id='word_1_176' title='bbox 3688 1240 3774 1287; x_wconf 88' lang='grc' dir='ltr'>τὸν</span> <span class='ocrx_word' id='word_1_177' title='bbox 3818 1242 3986 1308; x_wconf 78' lang='grc' dir='ltr'>νόμον</span> 
     </span>
    </p>
   </div>
   <div class='ocr_carea' id='block_1_29' title="bbox 2373 1319 3987 1395">
    <p class='ocr_par' dir='ltr' id='par_1_29' title="bbox 2373 1319 3987 1395">
     <span class='ocr_line' id='line_1_29' title="bbox 2373 1319 3987 1395; baseline 0.002 -21"><span class='ocrx_word' id='word_1_178' title='bbox 2373 1323 2526 1374; x_wconf 65' lang='grc' dir='ltr'>αὐτὸν</span> <span class='ocrx_word' id='word_1_179' title='bbox 2584 1328 2918 1395; x_wconf 71' lang='grc' dir='ltr'><strong>παραπέμπει</strong></span> <span class='ocrx_word' id='word_1_180' title='bbox 2973 1342 2986 1355; x_wconf 90' lang='grc'><strong>·</strong></span> <span class='ocrx_word' id='word_1_181' title='bbox 3041 1323 3153 1394; x_wconf 80' lang='grc' dir='ltr'>οἶμα</span> <span class='ocrx_word' id='word_1_182' title='bbox 3212 1327 3322 1394; x_wconf 69' lang='grc' dir='ltr'>μεν,</span> <span class='ocrx_word' id='word_1_183' title='bbox 3398 1319 3803 1395; x_wconf 66' lang='grc' dir='ltr'><strong>διακρουόμενος</strong></span> <span class='ocrx_word' id='word_1_184' title='bbox 3883 1333 3987 1384; x_wconf 71' lang='grc' dir='ltr'><strong>τήν</strong></span> 
     </span>
    </p>
   </div>
   <div class='ocr_carea' id='block_1_30' title="bbox 2371 1409 3985 1486">
    <p class='ocr_par' dir='ltr' id='par_1_30' title="bbox 2371 1409 3985 1486">
     <span class='ocr_line' id='line_1_30' title="bbox 2371 1409 3985 1486; baseline 0.003 -23"><span class='ocrx_word' id='word_1_185' title='bbox 2371 1419 2548 1483; x_wconf 84' lang='grc' dir='ltr'>πεῖραν</span> <span class='ocrx_word' id='word_1_186' title='bbox 2579 1412 2736 1464; x_wconf 59' lang='grc' dir='ltr'>αὐτοῦ</span> <span class='ocrx_word' id='word_1_187' title='bbox 2766 1430 2778 1442; x_wconf 92' lang='grc'>·</span> <span class='ocrx_word' id='word_1_188' title='bbox 2816 1413 2925 1484; x_wconf 81' lang='grc' dir='ltr'>οἶμα</span> <span class='ocrx_word' id='word_1_189' title='bbox 2965 1409 3042 1476; x_wconf 75' lang='grc' dir='ltr'><strong>δὲ,</strong></span> <span class='ocrx_word' id='word_1_190' title='bbox 3095 1411 3320 1483; x_wconf 74' lang='grc' dir='ltr'><strong>ἐλέγχων</strong></span> <span class='ocrx_word' id='word_1_191' title='bbox 3380 1411 3554 1482; x_wconf 68' lang='grc' dir='ltr'>αὐτὸν,</span> <span class='ocrx_word' id='word_1_192' title='bbox 3617 1413 3847 1484; x_wconf 80' lang='grc' dir='ltr'>οἰόμενον</span> <span class='ocrx_word' id='word_1_193' title='bbox 3889 1419 3985 1486; x_wconf 76' lang='grc' dir='ltr'>μὲν</span> 
     </span>
    </p>
   </div>
   <div class='ocr_carea' id='block_1_31' title="bbox 2372 1497 3986 1573">
    <p class='ocr_par' dir='ltr' id='par_1_31' title="bbox 2372 1497 3986 1573">
     <span class='ocr_line' id='line_1_31' title="bbox 2372 1497 3986 1573; baseline -0.001 -20"><span class='ocrx_word' id='word_1_194' title='bbox 2372 1498 2498 1553; x_wconf 84' lang='grc' dir='ltr'>εἶναι</span> <span class='ocrx_word' id='word_1_195' title='bbox 2527 1500 2777 1573; x_wconf 70' lang='grc' dir='ltr'>ἐνάρετον,</span> <span class='ocrx_word' id='word_1_196' title='bbox 2811 1507 2880 1573; x_wconf 85' lang='grc' dir='ltr'><strong>μή</strong></span> <span class='ocrx_word' id='word_1_197' title='bbox 2916 1505 3036 1553; x_wconf 80' lang='grc' dir='ltr'>ὄντα</span> <span class='ocrx_word' id='word_1_198' title='bbox 3062 1497 3121 1554; x_wconf 74' lang='grc' dir='ltr'><strong>δέ</strong></span> <span class='ocrx_word' id='word_1_199' title='bbox 3151 1521 3162 1533; x_wconf 89' lang='grc'><strong>·</strong></span> <span class='ocrx_word' id='word_1_200' title='bbox 3198 1504 3266 1562; x_wconf 78' lang='grc' dir='ltr'>ὡς</span> <span class='ocrx_word' id='word_1_201' title='bbox 3310 1497 3468 1564; x_wconf 73' lang='grc' dir='ltr'>δείξει</span> <span class='ocrx_word' id='word_1_202' title='bbox 3492 1504 3548 1553; x_wconf 84' lang='grc' dir='ltr'>τὸ</span> <span class='ocrx_word' id='word_1_203' title='bbox 3579 1501 3718 1563; x_wconf 71' lang='grc' dir='ltr'>τέλος</span> <span class='ocrx_word' id='word_1_204' title='bbox 3746 1510 3840 1564; x_wconf 82' lang='grc' dir='ltr'>τῆς</span> <span class='ocrx_word' id='word_1_205' title='bbox 3883 1524 3986 1556; x_wconf 78' lang='grc' dir='ltr'>πα-</span> 
     </span>
    </p>
   </div>
   <div class='ocr_carea' id='block_1_32' title="bbox 2369 1589 2610 1665">
    <p class='ocr_par' dir='ltr' id='par_1_32' title="bbox 2369 1589 2610 1665">
     <span class='ocr_line' id='line_1_32' title="bbox 2369 1589 2610 1665; baseline 0.004 -24"><span class='ocrx_word' id='word_1_206' title='bbox 2369 1589 2610 1665; x_wconf 64' lang='grc' dir='ltr'>ραϐολής.</span> 
     </span>
    </p>
   </div>
   <div class='ocr_carea' id='block_1_33' title="bbox 2441 1676 3978 1752">
    <p class='ocr_par' dir='ltr' id='par_1_33' title="bbox 2441 1676 3978 1752">
     <span class='ocr_line' id='line_1_33' title="bbox 2441 1676 3978 1752; baseline 0.003 -22"><span class='ocrx_word' id='word_1_207' title='bbox 2441 1679 2497 1730; x_wconf 85' lang='grc' dir='ltr'><strong>Ὀ</strong></span> <span class='ocrx_word' id='word_1_208' title='bbox 2531 1676 2588 1732; x_wconf 71' lang='grc' dir='ltr'>δε</span> <span class='ocrx_word' id='word_1_209' title='bbox 2652 1709 2712 1720; x_wconf 91' lang='lat'><strong>—-</strong></span> <span class='ocrx_word' id='word_1_210' title='bbox 2749 1679 3117 1748; x_wconf 75' lang='grc' dir='ltr'><strong>ἀναγινώσκεις</strong></span> <span class='ocrx_word' id='word_1_211' title='bbox 3149 1679 3262 1746; x_wconf 82' lang='grc'>(77)</span> <span class='ocrx_word' id='word_1_212' title='bbox 3315 1695 3328 1744; x_wconf 87' lang='grc'><strong>;</strong></span> <span class='ocrx_word' id='word_1_213' title='bbox 3377 1684 3436 1730; x_wconf 84' lang='grc' dir='ltr'>Γί</span> <span class='ocrx_word' id='word_1_214' title='bbox 3477 1684 3768 1752; x_wconf 69' lang='grc' dir='ltr'>γέγραπται</span> <span class='ocrx_word' id='word_1_215' title='bbox 3797 1687 3978 1752; x_wconf 78' lang='grc' dir='ltr'>μεῖζον</span> 
     </span>
    </p>
   </div>
   <div class='ocr_carea' id='block_1_34' title="bbox 609 1764 2264 1841">
    <p class='ocr_par' dir='ltr' id='par_1_34' title="bbox 609 1764 2260 1841">
     <span class='ocr_line' id='line_1_34' title="bbox 609 1764 2260 1841; baseline -0.002 -18"><span class='ocrx_word' id='word_1_216' title='bbox 609 1770 803 1839; x_wconf 86' lang='lat' dir='ltr'><strong>majus</strong></span> <span class='ocrx_word' id='word_1_217' title='bbox 847 1774 1209 1841; x_wconf 71' lang='lat' dir='ltr'><strong>praeceptum</strong></span> <span class='ocrx_word' id='word_1_218' title='bbox 1242 1770 1268 1824; x_wconf 86' lang='lat'><strong>?</strong></span> <span class='ocrx_word' id='word_1_219' title='bbox 1307 1767 1624 1832; x_wconf 89' lang='lat' dir='ltr'><strong>Quomodo</strong></span> <span class='ocrx_word' id='word_1_220' title='bbox 1652 1767 1800 1836; x_wconf 88' lang='lat' dir='ltr'><strong>legis</strong></span> <span class='ocrx_word' id='word_1_221' title='bbox 1856 1766 2087 1836; x_wconf 85' lang='lat' dir='ltr'><strong>majora</strong></span> <span class='ocrx_word' id='word_1_222' title='bbox 2114 1764 2260 1834; x_wconf 91' lang='lat' dir='ltr'><strong>legis</strong></span> 
     </span>
    </p>
   </div>
   <div class='ocr_carea' id='block_1_35' title="bbox 2371 1764 3980 1841">
    <p class='ocr_par' dir='ltr' id='par_1_35' title="bbox 2371 1767 3980 1839">
     <span class='ocr_line' id='line_1_35' title="bbox 2371 1767 3980 1839; baseline 0.002 -19"><span class='ocrx_word' id='word_1_223' title='bbox 2371 1767 2638 1839; x_wconf 74' lang='grc' dir='ltr'>ἕνταλμα;</span> <span class='ocrx_word' id='word_1_224' title='bbox 2683 1775 2795 1829; x_wconf 80' lang='grc' dir='ltr'><strong>Ιιώς</strong></span> <span class='ocrx_word' id='word_1_225' title='bbox 2842 1768 3208 1837; x_wconf 67' lang='grc' dir='ltr'>ἀναγινώσκεις</span> <span class='ocrx_word' id='word_1_226' title='bbox 3262 1770 3352 1828; x_wconf 80' lang='grc' dir='ltr'>τὰς</span> <span class='ocrx_word' id='word_1_227' title='bbox 3391 1771 3606 1839; x_wconf 76' lang='grc' dir='ltr'><strong>μείζους</strong></span> <span class='ocrx_word' id='word_1_228' title='bbox 3649 1769 3850 1831; x_wconf 67' lang='grc' dir='ltr'>ἐντολὰς</span> <span class='ocrx_word' id='word_1_229' title='bbox 3884 1782 3980 1824; x_wconf 72' lang='grc' dir='ltr'>τοῦ</span> 
     </span>
    </p>
   </div>
   <div class='ocr_carea' id='block_1_36' title="bbox 610 1855 2260 1931">
    <p class='ocr_par' dir='ltr' id='par_1_36' title="bbox 610 1855 2260 1931">
     <span class='ocr_line' id='line_1_36' title="bbox 610 1855 2260 1931; baseline -0.002 -19"><span class='ocrx_word' id='word_1_230' title='bbox 610 1864 900 1931; x_wconf 69' lang='lat' dir='ltr'><strong>praecepta</strong></span> <span class='ocrx_word' id='word_1_231' title='bbox 927 1858 955 1913; x_wconf 68' lang='grc' dir='ltr'><strong>τ</strong></span> <span class='ocrx_word' id='word_1_232' title='bbox 981 1857 1058 1913; x_wconf 91' lang='lat' dir='ltr'><strong>De</strong></span> <span class='ocrx_word' id='word_1_233' title='bbox 1091 1858 1416 1928; x_wconf 84' lang='lat' dir='ltr'><strong>majoribus</strong></span> <span class='ocrx_word' id='word_1_234' title='bbox 1463 1872 1727 1929; x_wconf 83' lang='lat' dir='ltr'><strong>namque</strong></span> <span class='ocrx_word' id='word_1_235' title='bbox 1775 1857 1979 1928; x_wconf 90' lang='lat' dir='ltr'><strong>ipsum</strong></span> <span class='ocrx_word' id='word_1_236' title='bbox 2017 1855 2260 1910; x_wconf 85' lang='lat' dir='ltr'><strong>interro-</strong></span> 
     </span>
    </p>
   </div>
   <div class='ocr_carea' id='block_1_37' title="bbox 606 1947 786 2017">
    <p class='ocr_par' dir='ltr' id='par_1_37' title="bbox 606 1947 786 2017">
     <span class='ocr_line' id='line_1_37' title="bbox 606 1947 786 2017; baseline -0.017 -15"><span class='ocrx_word' id='word_1_237' title='bbox 606 1947 786 2017; x_wconf 85' lang='lat' dir='ltr'><strong>gavit.</strong></span> 
     </span>
    </p>
   </div>
   <div class='ocr_carea' id='block_1_38' title="bbox 681 2033 2258 2103">
    <p class='ocr_par' dir='ltr' id='par_1_38' title="bbox 681 2033 2258 2103">
     <span class='ocr_line' id='line_1_38' title="bbox 681 2033 2258 2103; baseline -0.003 -12"><span class='ocrx_word' id='word_1_238' title='bbox 681 2036 843 2091; x_wconf 86' lang='lat' dir='ltr'><strong>Vers.</strong></span> <span class='ocrx_word' id='word_1_239' title='bbox 872 2037 960 2090; x_wconf 87' lang='lat'><strong>37.</strong></span> <span class='ocrx_word' id='word_1_240' title='bbox 995 2037 1069 2090; x_wconf 84' lang='lat' dir='ltr'><strong>At</strong></span> <span class='ocrx_word' id='word_1_241' title='bbox 1102 2036 1200 2092; x_wconf 77' lang='lat' dir='ltr'><strong>ille</strong></span> <span class='ocrx_word' id='word_1_242' title='bbox 1237 2067 1292 2075; x_wconf 61' lang='grc' dir='ltr'><strong><em>ο</em></strong></span> <span class='ocrx_word' id='word_1_243' title='bbox 1326 2035 1490 2091; x_wconf 89' lang='lat' dir='ltr'><strong>Vers.</strong></span> <span class='ocrx_word' id='word_1_244' title='bbox 1524 2036 1612 2088; x_wconf 83' lang='lat'><strong>28.</strong></span> <span class='ocrx_word' id='word_1_245' title='bbox 1661 2033 2034 2103; x_wconf 76' lang='lat' dir='ltr'><strong>respondisti.</strong></span> <span class='ocrx_word' id='word_1_246' title='bbox 2087 2035 2258 2087; x_wconf 82' lang='lat' dir='ltr'><strong>Recte</strong></span> 
     </span>
    </p>
   </div>
   <div class='ocr_carea' id='block_1_39' title="bbox 607 2121 2259 2196">
    <p class='ocr_par' dir='ltr' id='par_1_39' title="bbox 607 2121 2259 2196">
     <span class='ocr_line' id='line_1_39' title="bbox 607 2121 2259 2196; baseline -0.002 -16"><span class='ocrx_word' id='word_1_247' title='bbox 607 2124 774 2180; x_wconf 89' lang='lat' dir='ltr'><strong>illum</strong></span> <span class='ocrx_word' id='word_1_248' title='bbox 823 2126 1204 2196; x_wconf 87' lang='lat' dir='ltr'><strong>respondisse</strong></span> <span class='ocrx_word' id='word_1_249' title='bbox 1271 2125 1412 2180; x_wconf 83' lang='lat' dir='ltr'><strong>dixit</strong></span> <span class='ocrx_word' id='word_1_250' title='bbox 1465 2144 1478 2180; x_wconf 88' lang='lat'>:</span> <span class='ocrx_word' id='word_1_251' title='bbox 1529 2133 1590 2181; x_wconf 94' lang='lat' dir='ltr'><strong>ut</strong></span> <span class='ocrx_word' id='word_1_252' title='bbox 1628 2125 1730 2196; x_wconf 85' lang='lat' dir='ltr'><strong>qui</strong></span> <span class='ocrx_word' id='word_1_253' title='bbox 1771 2124 1892 2178; x_wconf 87' lang='lat' dir='ltr'><strong>duo</strong></span> <span class='ocrx_word' id='word_1_254' title='bbox 1932 2121 2259 2178; x_wconf 84' lang='lat' dir='ltr'><strong>recitaverit</strong></span> 
     </span>
    </p>
   </div>
   <div class='ocr_carea' id='block_1_40' title="bbox 607 2212 2262 2286">
    <p class='ocr_par' dir='ltr' id='par_1_40' title="bbox 607 2212 2262 2286">
     <span class='ocr_line' id='line_1_40' title="bbox 607 2212 2262 2286; baseline -0.004 -16"><span class='ocrx_word' id='word_1_255' title='bbox 607 2221 924 2286; x_wconf 64' lang='lat' dir='ltr'><strong>praecepta,</strong></span> <span class='ocrx_word' id='word_1_256' title='bbox 953 2230 1090 2285; x_wconf 72' lang='lat' dir='ltr'><strong>quae</strong></span> <span class='ocrx_word' id='word_1_257' title='bbox 1121 2214 1199 2269; x_wconf 87' lang='lat' dir='ltr'><strong>ad</strong></span> <span class='ocrx_word' id='word_1_258' title='bbox 1241 2231 1300 2267; x_wconf 87' lang='lat' dir='ltr'><strong>se</strong></span> <span class='ocrx_word' id='word_1_259' title='bbox 1331 2214 1585 2268; x_wconf 90' lang='lat' dir='ltr'><strong>invicem</strong></span> <span class='ocrx_word' id='word_1_260' title='bbox 1618 2218 2071 2273; x_wconf 84' lang='lat' dir='ltr'><strong>connectuntur,</strong></span> <span class='ocrx_word' id='word_1_261' title='bbox 2113 2212 2262 2265; x_wconf 91' lang='lat' dir='ltr'><strong>sicut</strong></span> 
     </span>
    </p>
   </div>
   <div class='ocr_carea' id='block_1_41' title="bbox 605 2300 2262 2377">
    <p class='ocr_par' dir='ltr' id='par_1_41' title="bbox 605 2300 2262 2377">
     <span class='ocr_line' id='line_1_41' title="bbox 605 2300 2262 2377; baseline -0.003 -18"><span class='ocrx_word' id='word_1_262' title='bbox 605 2303 1113 2377; x_wconf 90' lang='lat' dir='ltr'><strong>quinquagesimo</strong></span> <span class='ocrx_word' id='word_1_263' title='bbox 1135 2310 1349 2376; x_wconf 89' lang='lat' dir='ltr'><strong>quarto</strong></span> <span class='ocrx_word' id='word_1_264' title='bbox 1369 2304 1539 2374; x_wconf 79' lang='lat' dir='ltr'><strong>juxta</strong></span> <span class='ocrx_word' id='word_1_265' title='bbox 1551 2304 1888 2358; x_wconf 70' lang='lat' dir='ltr'><strong>Matthteum</strong></span> <span class='ocrx_word' id='word_1_266' title='bbox 1919 2300 2115 2373; x_wconf 83' lang='lat' dir='ltr'><strong>capite</strong></span> <span class='ocrx_word' id='word_1_267' title='bbox 2136 2316 2262 2356; x_wconf 88' lang='lat' dir='ltr'><strong>ma-</strong></span> 
     </span>
    </p>
   </div>
   <div class='ocr_carea' id='block_1_42' title="bbox 607 2390 2261 2462">
    <p class='ocr_par' dir='ltr' id='par_1_42' title="bbox 607 2390 2261 2462">
     <span class='ocr_line' id='line_1_42' title="bbox 607 2390 2261 2462; baseline -0.004 -13"><span class='ocrx_word' id='word_1_268' title='bbox 607 2392 950 2449; x_wconf 84' lang='lat' dir='ltr'><strong>nifestatum</strong></span> <span class='ocrx_word' id='word_1_269' title='bbox 969 2399 1074 2448; x_wconf 90' lang='lat' dir='ltr'><strong>est.</strong></span> <span class='ocrx_word' id='word_1_270' title='bbox 1110 2393 1270 2448; x_wconf 89' lang='lat' dir='ltr'><strong>Alius</strong></span> <span class='ocrx_word' id='word_1_271' title='bbox 1297 2400 1496 2448; x_wconf 89' lang='lat' dir='ltr'><strong>autem</strong></span> <span class='ocrx_word' id='word_1_272' title='bbox 1513 2399 1638 2448; x_wconf 87' lang='lat' dir='ltr'><strong>erat</strong></span> <span class='ocrx_word' id='word_1_273' title='bbox 1667 2391 1763 2446; x_wconf 89' lang='lat' dir='ltr'><strong>hic</strong></span> <span class='ocrx_word' id='word_1_274' title='bbox 1790 2390 2166 2462; x_wconf 80' lang='lat' dir='ltr'><strong>legisperitus</strong></span> <span class='ocrx_word' id='word_1_275' title='bbox 2190 2404 2261 2444; x_wconf 88' lang='lat' dir='ltr'><strong>ac</strong></span> 
     </span>
    </p>
   </div>
   <div class='ocr_carea' id='block_1_43' title="bbox 605 2480 2258 2556">
    <p class='ocr_par' dir='ltr' id='par_1_43' title="bbox 605 2480 2258 2556">
     <span class='ocr_line' id='line_1_43' title="bbox 605 2480 2258 2556; baseline -0.004 -18"><span class='ocrx_word' id='word_1_276' title='bbox 605 2499 696 2553; x_wconf 92' lang='lat' dir='ltr'><strong>eo,</strong></span> <span class='ocrx_word' id='word_1_277' title='bbox 740 2483 814 2538; x_wconf 91' lang='lat' dir='ltr'><strong>de</strong></span> <span class='ocrx_word' id='word_1_278' title='bbox 831 2499 948 2556; x_wconf 88' lang='lat' dir='ltr'><strong>quo</strong></span> <span class='ocrx_word' id='word_1_279' title='bbox 976 2501 1011 2538; x_wconf 90' lang='lat' dir='ltr'><strong>a</strong></span> <span class='ocrx_word' id='word_1_280' title='bbox 1042 2484 1309 2538; x_wconf 69' lang='lat' dir='ltr'><strong>Mattbaao</strong></span> <span class='ocrx_word' id='word_1_281' title='bbox 1339 2489 1395 2537; x_wconf 93' lang='lat' dir='ltr'><strong>et</strong></span> <span class='ocrx_word' id='word_1_282' title='bbox 1418 2482 1612 2537; x_wconf 79' lang='lat' dir='ltr'><strong>Marco</strong></span> <span class='ocrx_word' id='word_1_283' title='bbox 1635 2481 1790 2536; x_wconf 78' lang='lat' dir='ltr'><strong>facta</strong></span> <span class='ocrx_word' id='word_1_284' title='bbox 1819 2486 1906 2536; x_wconf 89' lang='lat' dir='ltr'><strong>est</strong></span> <span class='ocrx_word' id='word_1_285' title='bbox 1934 2480 2159 2535; x_wconf 89' lang='lat' dir='ltr'><strong>mentio</strong></span> <span class='ocrx_word' id='word_1_286' title='bbox 2187 2480 2258 2530; x_wconf 76' lang='grc' dir='ltr'><strong>τι.</strong></span> 
     </span>
    </p>
   </div>
   <div class='ocr_carea' id='block_1_44' title="bbox 677 2566 2257 2642">
    <p class='ocr_par' dir='ltr' id='par_1_44' title="bbox 677 2566 2257 2642">
     <span class='ocr_line' id='line_1_44' title="bbox 677 2566 2257 2642; baseline -0.003 -16"><span class='ocrx_word' id='word_1_287' title='bbox 677 2572 843 2626; x_wconf 86' lang='lat' dir='ltr'><strong>Vers.</strong></span> <span class='ocrx_word' id='word_1_288' title='bbox 886 2573 974 2626; x_wconf 88' lang='lat'><strong>28.</strong></span> <span class='ocrx_word' id='word_1_289' title='bbox 1012 2573 1123 2626; x_wconf 85' lang='lat' dir='ltr'><strong>Hoc</strong></span> <span class='ocrx_word' id='word_1_290' title='bbox 1153 2571 1407 2626; x_wconf 76' lang='lat' dir='ltr'><strong>-vive.s.</strong></span> <span class='ocrx_word' id='word_1_291' title='bbox 1444 2573 1579 2637; x_wconf 89' lang='lat' dir='ltr'><strong>Hoc,</strong></span> <span class='ocrx_word' id='word_1_292' title='bbox 1612 2569 1771 2642; x_wconf 86' lang='lat' dir='ltr'><strong>quod</strong></span> <span class='ocrx_word' id='word_1_293' title='bbox 1786 2584 1946 2624; x_wconf 92' lang='lat' dir='ltr'><strong>nunc</strong></span> <span class='ocrx_word' id='word_1_294' title='bbox 1978 2566 2257 2631; x_wconf 87' lang='lat' dir='ltr'><strong>recitasti,</strong></span> 
     </span>
    </p>
   </div>
   <div class='ocr_carea' id='block_1_45' title="bbox 606 2658 2262 2732">
    <p class='ocr_par' dir='ltr' id='par_1_45' title="bbox 606 2658 2262 2732">
     <span class='ocr_line' id='line_1_45' title="bbox 606 2658 2262 2732; baseline -0.002 -17"><span class='ocrx_word' id='word_1_295' title='bbox 606 2660 746 2724; x_wconf 91' lang='lat' dir='ltr'><strong>hoc,</strong></span> <span class='ocrx_word' id='word_1_296' title='bbox 778 2661 1050 2732; x_wconf 87' lang='lat' dir='ltr'><strong>inquam,</strong></span> <span class='ocrx_word' id='word_1_297' title='bbox 1083 2660 1173 2714; x_wconf 83' lang='lat' dir='ltr'><strong>fac</strong></span> <span class='ocrx_word' id='word_1_298' title='bbox 1205 2667 1259 2714; x_wconf 90' lang='lat' dir='ltr'><strong>et</strong></span> <span class='ocrx_word' id='word_1_299' title='bbox 1290 2659 1448 2715; x_wconf 87' lang='lat' dir='ltr'><strong>vives</strong></span> <span class='ocrx_word' id='word_1_300' title='bbox 1483 2659 1599 2714; x_wconf 83' lang='lat' dir='ltr'><strong>vita</strong></span> <span class='ocrx_word' id='word_1_301' title='bbox 1629 2667 1868 2723; x_wconf 69' lang='lat' dir='ltr'><strong>interna,</strong></span> <span class='ocrx_word' id='word_1_302' title='bbox 1902 2673 2023 2729; x_wconf 90' lang='lat' dir='ltr'><strong>qua</strong></span> <span class='ocrx_word' id='word_1_303' title='bbox 2056 2658 2262 2712; x_wconf 89' lang='lat' dir='ltr'><strong>vivunt</strong></span> 
     </span>
    </p>
   </div>
   <div class='ocr_carea' id='block_1_46' title="bbox 605 2745 2259 2820">
    <p class='ocr_par' dir='ltr' id='par_1_46' title="bbox 605 2745 2259 2820">
     <span class='ocr_line' id='line_1_46' title="bbox 605 2745 2259 2820; baseline -0.002 -17"><span class='ocrx_word' id='word_1_304' title='bbox 605 2749 769 2820; x_wconf 86' lang='lat' dir='ltr'><strong>justi,</strong></span> <span class='ocrx_word' id='word_1_305' title='bbox 804 2749 907 2820; x_wconf 91' lang='lat' dir='ltr'><strong>qui</strong></span> <span class='ocrx_word' id='word_1_306' title='bbox 934 2749 1062 2803; x_wconf 56' lang='lat' dir='ltr'><strong>haec</strong></span> <span class='ocrx_word' id='word_1_307' title='bbox 1085 2754 1378 2820; x_wconf 71' lang='lat' dir='ltr'><strong>praecepta</strong></span> <span class='ocrx_word' id='word_1_308' title='bbox 1407 2753 1808 2803; x_wconf 88' lang='lat' dir='ltr'><strong>servaverunt.</strong></span> <span class='ocrx_word' id='word_1_309' title='bbox 1846 2747 2046 2802; x_wconf 88' lang='lat' dir='ltr'><strong>Docuit</strong></span> <span class='ocrx_word' id='word_1_310' title='bbox 2075 2745 2259 2817; x_wconf 87' lang='lat' dir='ltr'><strong>siqui-</strong></span> 
     </span>
    </p>
   </div>
   <div class='ocr_carea' id='block_1_47' title="bbox 606 2834 2259 2908">
    <p class='ocr_par' dir='ltr' id='par_1_47' title="bbox 606 2834 2259 2908">
     <span class='ocr_line' id='line_1_47' title="bbox 606 2834 2259 2908; baseline -0.002 -16"><span class='ocrx_word' id='word_1_311' title='bbox 606 2838 734 2892; x_wconf 90' lang='lat' dir='ltr'><strong>dem</strong></span> <span class='ocrx_word' id='word_1_312' title='bbox 753 2837 1034 2908; x_wconf 64' lang='lat' dir='ltr'><strong>praedicto</strong></span> <span class='ocrx_word' id='word_1_313' title='bbox 1052 2837 1243 2907; x_wconf 89' lang='lat' dir='ltr'><strong>capite</strong></span> <span class='ocrx_word' id='word_1_314' title='bbox 1275 2836 1570 2908; x_wconf 81' lang='lat' dir='ltr'><strong>Evangelii</strong></span> <span class='ocrx_word' id='word_1_315' title='bbox 1593 2835 1919 2890; x_wconf 86' lang='lat' dir='ltr'><strong>secundum</strong></span> <span class='ocrx_word' id='word_1_316' title='bbox 1934 2834 2259 2890; x_wconf 73' lang='lat' dir='ltr'><strong>Matthaeum</strong></span> 
     </span>
    </p>
   </div>
   <div class='ocr_carea' id='block_1_48' title="bbox 607 2924 2260 2998">
    <p class='ocr_par' dir='ltr' id='par_1_48' title="bbox 607 2924 2260 2998">
     <span class='ocr_line' id='line_1_48' title="bbox 607 2924 2260 2998; baseline -0.001 -18"><span class='ocrx_word' id='word_1_317' title='bbox 607 2925 773 2997; x_wconf 90' lang='lat' dir='ltr'><strong>quod</strong></span> <span class='ocrx_word' id='word_1_318' title='bbox 813 2928 866 2980; x_wconf 92' lang='lat' dir='ltr'><strong>in</strong></span> <span class='ocrx_word' id='word_1_319' title='bbox 901 2926 993 2980; x_wconf 82' lang='lat' dir='ltr'><strong>his</strong></span> <span class='ocrx_word' id='word_1_320' title='bbox 1019 2925 1256 2980; x_wconf 88' lang='lat' dir='ltr'><strong>duobus</strong></span> <span class='ocrx_word' id='word_1_321' title='bbox 1287 2927 1596 2998; x_wconf 61' lang='lat' dir='ltr'><strong>prasenptis</strong></span> <span class='ocrx_word' id='word_1_322' title='bbox 1629 2926 1905 2980; x_wconf 90' lang='lat' dir='ltr'><strong>universa</strong></span> <span class='ocrx_word' id='word_1_323' title='bbox 1925 2924 2019 2979; x_wconf 78' lang='lat' dir='ltr'><strong>lex</strong></span> <span class='ocrx_word' id='word_1_324' title='bbox 2048 2931 2102 2979; x_wconf 91' lang='lat' dir='ltr'><strong>et</strong></span> <span class='ocrx_word' id='word_1_325' title='bbox 2129 2939 2260 2992; x_wconf 87' lang='lat' dir='ltr'><strong>pro-</strong></span> 
     </span>
    </p>
   </div>
   <div class='ocr_carea' id='block_1_49' title="bbox 608 3013 2258 3086">
    <p class='ocr_par' dir='ltr' id='par_1_49' title="bbox 608 3013 2258 3086">
     <span class='ocr_line' id='line_1_49' title="bbox 608 3013 2258 3086; baseline 0 -18"><span class='ocrx_word' id='word_1_326' title='bbox 608 3015 800 3086; x_wconf 69' lang='lat' dir='ltr'><strong>phetae</strong></span> <span class='ocrx_word' id='word_1_327' title='bbox 820 3013 1081 3085; x_wconf 90' lang='lat' dir='ltr'><strong>pendent</strong></span> <span class='ocrx_word' id='word_1_328' title='bbox 1109 3015 1156 3049; x_wconf 83' lang='grc'><strong>⁷²</strong></span> <span class='ocrx_word' id='word_1_329' title='bbox 1201 3030 1213 3078; x_wconf 92' lang='grc'>;</span> <span class='ocrx_word' id='word_1_330' title='bbox 1246 3030 1503 3086; x_wconf 91' lang='lat' dir='ltr'><strong>quorum</strong></span> <span class='ocrx_word' id='word_1_331' title='bbox 1542 3015 1980 3069; x_wconf 89' lang='lat' dir='ltr'><strong>enarrationem</strong></span> <span class='ocrx_word' id='word_1_332' title='bbox 2011 3014 2258 3084; x_wconf 80' lang='lat' dir='ltr'><strong>perfecte</strong></span> 
     </span>
    </p>
   </div>
   <div class='ocr_carea' id='block_1_50' title="bbox 607 3101 2332 3194">
    <p class='ocr_par' dir='ltr' id='par_1_50' title="bbox 607 3101 2332 3194">
     <span class='ocr_line' id='line_1_50' title="bbox 607 3101 2332 3194; baseline -0.002 -35"><span class='ocrx_word' id='word_1_333' title='bbox 607 3102 870 3159; x_wconf 85' lang='lat' dir='ltr'><strong>invenies</strong></span> <span class='ocrx_word' id='word_1_334' title='bbox 892 3103 1272 3174; x_wconf 79' lang='lat' dir='ltr'><strong>quintojuxta</strong></span> <span class='ocrx_word' id='word_1_335' title='bbox 1305 3102 1993 3174; x_wconf 69' lang='lat' dir='ltr'><strong>Matthaeumcapite,ubi</strong></span> <span class='ocrx_word' id='word_1_336' title='bbox 2016 3101 2256 3158; x_wconf 88' lang='lat' dir='ltr'><strong>dicitur:</strong></span> <span class='ocrx_word' id='word_1_337' title='bbox 2291 3135 2332 3194; x_wconf 61' lang='grc' dir='ltr'>ε</span> 
     </span>
    </p>
   </div>
   <div class='ocr_carea' id='block_1_51' title="bbox 609 3192 1594 3261">
    <p class='ocr_par' dir='ltr' id='par_1_51' title="bbox 609 3192 1594 3261">
     <span class='ocr_line' id='line_1_51' title="bbox 609 3192 1594 3261; baseline -0.001 -15"><span class='ocrx_word' id='word_1_338' title='bbox 609 3192 700 3248; x_wconf 88' lang='lat' dir='ltr'><strong>Ita</strong></span> <span class='ocrx_word' id='word_1_339' title='bbox 729 3195 880 3248; x_wconf 73' lang='lat' dir='ltr'><strong>enim</strong></span> <span class='ocrx_word' id='word_1_340' title='bbox 907 3199 985 3247; x_wconf 77' lang='lat' dir='ltr'><strong>est</strong></span> <span class='ocrx_word' id='word_1_341' title='bbox 1018 3194 1116 3248; x_wconf 67' lang='lat' dir='ltr'><strong>te:</strong></span> <span class='ocrx_word' id='word_1_342' title='bbox 1136 3199 1188 3248; x_wconf 90' lang='lat' dir='ltr'><strong>et</strong></span> <span class='ocrx_word' id='word_1_343' title='bbox 1205 3193 1496 3261; x_wconf 65' lang='lat' dir='ltr'><strong>propheta;</strong></span> <span class='ocrx_word' id='word_1_344' title='bbox 1523 3194 1594 3245; x_wconf 80' lang='grc'><strong>⁷³.</strong></span> 
     </span>
    </p>
   </div>
   <div class='ocr_carea' id='block_1_52' title="bbox 681 3282 2260 3353">
    <p class='ocr_par' dir='ltr' id='par_1_52' title="bbox 681 3282 2260 3353">
     <span class='ocr_line' id='line_1_52' title="bbox 681 3282 2260 3353; baseline 0.001 -17"><span class='ocrx_word' id='word_1_345' title='bbox 681 3283 837 3338; x_wconf 84' lang='lat' dir='ltr'><strong>Vers.</strong></span> <span class='ocrx_word' id='word_1_346' title='bbox 861 3286 948 3338; x_wconf 85' lang='lat'><strong>&#39;29.</strong></span> <span class='ocrx_word' id='word_1_347' title='bbox 983 3285 1058 3337; x_wconf 85' lang='lat' dir='ltr'><strong>At</strong></span> <span class='ocrx_word' id='word_1_348' title='bbox 1087 3283 1181 3338; x_wconf 80' lang='lat' dir='ltr'><strong>ille</strong></span> <span class='ocrx_word' id='word_1_349' title='bbox 1207 3314 1256 3323; x_wconf 90' lang='lat'><strong>-—</strong></span> <span class='ocrx_word' id='word_1_350' title='bbox 1306 3287 1609 3353; x_wconf 67' lang='lat' dir='ltr'><strong>proximus</strong></span> <span class='ocrx_word' id='word_1_351' title='bbox 1657 3283 1686 3338; x_wconf 70' lang='grc' dir='ltr'><strong>τ</strong></span> <span class='ocrx_word' id='word_1_352' title='bbox 1724 3282 1952 3339; x_wconf 89' lang='lat' dir='ltr'><strong>Conatu</strong></span> <span class='ocrx_word' id='word_1_353' title='bbox 2009 3298 2113 3338; x_wconf 90' lang='lat' dir='ltr'><strong>suo</strong></span> <span class='ocrx_word' id='word_1_354' title='bbox 2145 3282 2260 3338; x_wconf 85' lang='lat' dir='ltr'><strong>t&#39;ru-</strong></span> 
     </span>
    </p>
   </div>
   <div class='ocr_carea' id='block_1_53' title="bbox 608 3372 2256 3445">
    <p class='ocr_par' dir='ltr' id='par_1_53' title="bbox 608 3372 2256 3445">
     <span class='ocr_line' id='line_1_53' title="bbox 608 3372 2256 3445; baseline -0.001 -18"><span class='ocrx_word' id='word_1_355' title='bbox 608 3377 847 3437; x_wconf 86' lang='lat' dir='ltr'><strong>stratus,</strong></span> <span class='ocrx_word' id='word_1_356' title='bbox 863 3372 1089 3440; x_wconf 75' lang='lat' dir='ltr'><strong>etl’udit,</strong></span> <span class='ocrx_word' id='word_1_357' title='bbox 1109 3388 1288 3445; x_wconf 91' lang='lat' dir='ltr'><strong>quem</strong></span> <span class='ocrx_word' id='word_1_358' title='bbox 1308 3373 1470 3444; x_wconf 88' lang='lat' dir='ltr'><strong>apud</strong></span> <span class='ocrx_word' id='word_1_359' title='bbox 1489 3391 1550 3428; x_wconf 90' lang='lat' dir='ltr'><strong>se</strong></span> <span class='ocrx_word' id='word_1_360' title='bbox 1563 3372 1922 3436; x_wconf 84' lang='lat' dir='ltr'><strong>occultabat,</strong></span> <span class='ocrx_word' id='word_1_361' title='bbox 1941 3377 2256 3437; x_wconf 91' lang='lat' dir='ltr'><strong>tumorem,</strong></span> 
     </span>
    </p>
   </div>
   <div class='ocr_carea' id='block_1_54' title="bbox 608 3461 2257 3534">
    <p class='ocr_par' dir='ltr' id='par_1_54' title="bbox 608 3461 2257 3534">
     <span class='ocr_line' id='line_1_54' title="bbox 608 3461 2257 3534; baseline -0.001 -18"><span class='ocrx_word' id='word_1_362' title='bbox 608 3462 857 3517; x_wconf 87' lang='lat' dir='ltr'><strong>Putabat</strong></span> <span class='ocrx_word' id='word_1_363' title='bbox 887 3462 1047 3517; x_wconf 90' lang='lat' dir='ltr'><strong>enim</strong></span> <span class='ocrx_word' id='word_1_364' title='bbox 1082 3478 1143 3517; x_wconf 89' lang='lat' dir='ltr'><strong>se</strong></span> <span class='ocrx_word' id='word_1_365' title='bbox 1165 3465 1392 3517; x_wconf 86' lang='lat' dir='ltr'><strong>cunctis</strong></span> <span class='ocrx_word' id='word_1_366' title='bbox 1419 3479 1546 3517; x_wconf 90' lang='lat' dir='ltr'><strong>esse</strong></span> <span class='ocrx_word' id='word_1_367' title='bbox 1561 3461 2035 3534; x_wconf 65' lang='lat' dir='ltr'><strong>praestantiorem</strong></span> <span class='ocrx_word' id='word_1_368' title='bbox 2071 3479 2084 3514; x_wconf 92' lang='lat'><strong>:</strong></span> <span class='ocrx_word' id='word_1_369' title='bbox 2118 3476 2257 3516; x_wconf 88' lang='lat' dir='ltr'><strong>nam</strong></span> 
     </span>
    </p>
   </div>
   <div class='ocr_carea' id='block_1_55' title="bbox 608 3549 2262 3622">
    <p class='ocr_par' dir='ltr' id='par_1_55' title="bbox 608 3549 2262 3622">
     <span class='ocr_line' id='line_1_55' title="bbox 608 3549 2262 3622; baseline -0.001 -18"><span class='ocrx_word' id='word_1_370' title='bbox 608 3551 702 3606; x_wconf 82' lang='lat' dir='ltr'><strong>lex</strong></span> <span class='ocrx_word' id='word_1_371' title='bbox 735 3552 1075 3622; x_wconf 83' lang='lat' dir='ltr'><strong>proximum</strong></span> <span class='ocrx_word' id='word_1_372' title='bbox 1110 3550 1442 3606; x_wconf 87' lang='lat' dir='ltr'><strong>nominavit</strong></span> <span class='ocrx_word' id='word_1_373' title='bbox 1470 3567 1628 3620; x_wconf 88' lang='lat' dir='ltr'><strong>eum,</strong></span> <span class='ocrx_word' id='word_1_374' title='bbox 1673 3551 1773 3621; x_wconf 91' lang='lat' dir='ltr'><strong>qui</strong></span> <span class='ocrx_word' id='word_1_375' title='bbox 1797 3549 2037 3605; x_wconf 90' lang='lat' dir='ltr'><strong>alterius</strong></span> <span class='ocrx_word' id='word_1_376' title='bbox 2065 3555 2262 3619; x_wconf 88' lang='lat' dir='ltr'><strong>egeret</strong></span> 
     </span>
    </p>
   </div>
   <div class='ocr_carea' id='block_1_56' title="bbox 607 3638 2261 3710">
    <p class='ocr_par' dir='ltr' id='par_1_56' title="bbox 607 3638 2261 3710">
     <span class='ocr_line' id='line_1_56' title="bbox 607 3638 2261 3710; baseline -0.001 -16"><span class='ocrx_word' id='word_1_377' title='bbox 607 3639 825 3694; x_wconf 80' lang='lat' dir='ltr'><strong>auxilio</strong></span> <span class='ocrx_word' id='word_1_378' title='bbox 850 3657 862 3694; x_wconf 89' lang='lat'><strong>:</strong></span> <span class='ocrx_word' id='word_1_379' title='bbox 884 3641 1009 3710; x_wconf 91' lang='lat' dir='ltr'><strong>ipse</strong></span> <span class='ocrx_word' id='word_1_380' title='bbox 1028 3655 1164 3694; x_wconf 88' lang='lat' dir='ltr'><strong>vero</strong></span> <span class='ocrx_word' id='word_1_381' title='bbox 1191 3638 1357 3694; x_wconf 90' lang='lat' dir='ltr'><strong>illum</strong></span> <span class='ocrx_word' id='word_1_382' title='bbox 1375 3639 1490 3694; x_wconf 91' lang='lat' dir='ltr'><strong>dici</strong></span> <span class='ocrx_word' id='word_1_383' title='bbox 1531 3638 1912 3710; x_wconf 88' lang='lat' dir='ltr'><strong>opinabatur,</strong></span> <span class='ocrx_word' id='word_1_384' title='bbox 1928 3639 2029 3710; x_wconf 90' lang='lat' dir='ltr'><strong>qui</strong></span> <span class='ocrx_word' id='word_1_385' title='bbox 2052 3640 2261 3694; x_wconf 89' lang='lat' dir='ltr'><strong>virtute</strong></span> 
     </span>
    </p>
   </div>
   <div class='ocr_carea' id='block_1_57' title="bbox 606 3727 2262 3800">
    <p class='ocr_par' dir='ltr' id='par_1_57' title="bbox 606 3727 2262 3800">
     <span class='ocr_line' id='line_1_57' title="bbox 606 3727 2262 3800; baseline -0.001 -16"><span class='ocrx_word' id='word_1_386' title='bbox 606 3728 854 3800; x_wconf 71' lang='lat' dir='ltr'><strong>aequalis</strong></span> <span class='ocrx_word' id='word_1_387' title='bbox 891 3735 1048 3783; x_wconf 90' lang='lat' dir='ltr'><strong>esset</strong></span> <span class='ocrx_word' id='word_1_388' title='bbox 1077 3748 1088 3782; x_wconf 89' lang='lat'>:</span> <span class='ocrx_word' id='word_1_389' title='bbox 1123 3729 1258 3784; x_wconf 87' lang='lat' dir='ltr'><strong>ideo</strong></span> <span class='ocrx_word' id='word_1_390' title='bbox 1289 3729 1488 3793; x_wconf 89' lang='lat' dir='ltr'><strong>etiam,</strong></span> <span class='ocrx_word' id='word_1_391' title='bbox 1522 3728 1728 3783; x_wconf 88' lang='lat' dir='ltr'><strong>volens</strong></span> <span class='ocrx_word' id='word_1_392' title='bbox 1757 3729 2023 3799; x_wconf 89' lang='lat' dir='ltr'><strong>seipsum</strong></span> <span class='ocrx_word' id='word_1_393' title='bbox 2047 3727 2262 3800; x_wconf 85' lang='lat' dir='ltr'><strong>justiﬁ-</strong></span> 
     </span>
    </p>
   </div>
   <div class='ocr_carea' id='block_1_58' title="bbox 610 3815 2262 3888">
    <p class='ocr_par' dir='ltr' id='par_1_58' title="bbox 610 3815 2262 3888">
     <span class='ocr_line' id='line_1_58' title="bbox 610 3815 2262 3888; baseline -0.001 -16"><span class='ocrx_word' id='word_1_394' title='bbox 610 3833 764 3881; x_wconf 87' lang='lat' dir='ltr'><strong>care,</strong></span> <span class='ocrx_word' id='word_1_395' title='bbox 788 3816 911 3870; x_wconf 90' lang='lat' dir='ltr'><strong>sive</strong></span> <span class='ocrx_word' id='word_1_396' title='bbox 929 3817 1057 3871; x_wconf 89' lang='lat' dir='ltr'><strong>aliis</strong></span> <span class='ocrx_word' id='word_1_397' title='bbox 1085 3833 1453 3888; x_wconf 66' lang='lat' dir='ltr'><strong>praeponere,</strong></span> <span class='ocrx_word' id='word_1_398' title='bbox 1483 3816 1919 3886; x_wconf 85' lang='lat' dir='ltr'><strong>interrogabat:</strong></span> <span class='ocrx_word' id='word_1_399' title='bbox 1950 3815 2091 3881; x_wconf 86' lang='lat' dir='ltr'><strong>Quis</strong></span> <span class='ocrx_word' id='word_1_400' title='bbox 2119 3816 2262 3871; x_wconf 91' lang='lat' dir='ltr'><strong>mihi</strong></span> 
     </span>
    </p>
   </div>
   <div class='ocr_carea' id='block_1_59' title="bbox 2369 1856 3790 1931">
    <p class='ocr_par' dir='ltr' id='par_1_59' title="bbox 2369 1856 3790 1931">
     <span class='ocr_line' id='line_1_59' title="bbox 2369 1856 3790 1931; baseline 0.001 -23"><span class='ocrx_word' id='word_1_401' title='bbox 2369 1877 2525 1929; x_wconf 84' lang='grc' dir='ltr'>νομου</span> <span class='ocrx_word' id='word_1_402' title='bbox 2562 1874 2574 1923; x_wconf 90' lang='grc'>;</span> <span class='ocrx_word' id='word_1_403' title='bbox 2603 1863 2725 1931; x_wconf 83' lang='grc' dir='ltr'>Περὶ</span> <span class='ocrx_word' id='word_1_404' title='bbox 2760 1866 2854 1909; x_wconf 75' lang='grc' dir='ltr'>τῶν</span> <span class='ocrx_word' id='word_1_405' title='bbox 2891 1857 3141 1929; x_wconf 73' lang='grc' dir='ltr'>μειξονων</span> <span class='ocrx_word' id='word_1_406' title='bbox 3177 1860 3278 1931; x_wconf 74' lang='grc' dir='ltr'><strong>’γὰρ</strong></span> <span class='ocrx_word' id='word_1_407' title='bbox 3309 1856 3462 1908; x_wconf 72' lang='grc' dir='ltr'>αὑτὸν</span> <span class='ocrx_word' id='word_1_408' title='bbox 3502 1857 3790 1929; x_wconf 73' lang='grc' dir='ltr'>ἠρώτησεν.</span> 
     </span>
    </p>
   </div>
   <div class='ocr_carea' id='block_1_60' title="bbox 2440 2033 3969 2109">
    <p class='ocr_par' dir='ltr' id='par_1_60' title="bbox 2440 2033 3969 2109">
     <span class='ocr_line' id='line_1_60' title="bbox 2440 2033 3969 2109; baseline 0 -21"><span class='ocrx_word' id='word_1_409' title='bbox 2440 2036 2496 2088; x_wconf 79' lang='grc' dir='ltr'><strong>Ὀ</strong></span> <span class='ocrx_word' id='word_1_410' title='bbox 2552 2033 2610 2088; x_wconf 75' lang='grc' dir='ltr'><strong>δὲ</strong></span> <span class='ocrx_word' id='word_1_411' title='bbox 2680 2067 2743 2076; x_wconf 87' lang='lat'><strong>--</strong></span> <span class='ocrx_word' id='word_1_412' title='bbox 2797 2034 3095 2107; x_wconf 80' lang='grc' dir='ltr'>ἀπεκρίθης.</span> <span class='ocrx_word' id='word_1_413' title='bbox 3153 2035 3351 2107; x_wconf 81' lang='grc' dir='ltr'><strong>Ὀρθῶς</strong></span> <span class='ocrx_word' id='word_1_414' title='bbox 3413 2033 3764 2109; x_wconf 77' lang='grc' dir='ltr'>ἀποκριθῆναι</span> <span class='ocrx_word' id='word_1_415' title='bbox 3818 2037 3969 2090; x_wconf 72' lang='grc' dir='ltr'>αὐτὸν</span> 
     </span>
    </p>
   </div>
   <div class='ocr_carea' id='block_1_61' title="bbox 2372 2121 3966 2200">
    <p class='ocr_par' dir='ltr' id='par_1_61' title="bbox 2372 2121 3966 2200">
     <span class='ocr_line' id='line_1_61' title="bbox 2372 2121 3966 2200; baseline 0.001 -23"><span class='ocrx_word' id='word_1_416' title='bbox 2372 2123 2526 2193; x_wconf 83' lang='grc' dir='ltr'>εἶπεν,</span> <span class='ocrx_word' id='word_1_417' title='bbox 2558 2129 2621 2185; x_wconf 78' lang='grc' dir='ltr'>ὡς</span> <span class='ocrx_word' id='word_1_418' title='bbox 2661 2128 2748 2185; x_wconf 83' lang='grc' dir='ltr'>τὰς</span> <span class='ocrx_word' id='word_1_419' title='bbox 2790 2121 2884 2176; x_wconf 72' lang='grc' dir='ltr'><strong>δύο</strong></span> <span class='ocrx_word' id='word_1_420' title='bbox 2915 2123 3117 2184; x_wconf 74' lang='grc' dir='ltr'>ἐντολὰς</span> <span class='ocrx_word' id='word_1_421' title='bbox 3150 2123 3550 2194; x_wconf 70' lang='grc' dir='ltr'>ἀπαγγείλαντα.</span> <span class='ocrx_word' id='word_1_422' title='bbox 3587 2123 3838 2195; x_wconf 77' lang='grc' dir='ltr'>Ἐχονται</span> <span class='ocrx_word' id='word_1_423' title='bbox 3867 2129 3966 2200; x_wconf 76' lang='grc' dir='ltr'><strong>γάρ</strong></span> 
     </span>
    </p>
   </div>
   <div class='ocr_carea' id='block_1_62' title="bbox 2372 2213 3972 2286">
    <p class='ocr_par' dir='ltr' id='par_1_62' title="bbox 2372 2213 3972 2286">
     <span class='ocr_line' id='line_1_62' title="bbox 2372 2213 3972 2286; baseline 0.001 -20"><span class='ocrx_word' id='word_1_424' title='bbox 2372 2214 2620 2280; x_wconf 76' lang='grc' dir='ltr'>αλλήλων,</span> <span class='ocrx_word' id='word_1_425' title='bbox 2652 2218 2714 2274; x_wconf 74' lang='grc' dir='ltr'>ὡς</span> <span class='ocrx_word' id='word_1_426' title='bbox 2751 2213 2798 2265; x_wconf 73' lang='grc' dir='ltr'>ἐν</span> <span class='ocrx_word' id='word_1_427' title='bbox 2837 2222 2907 2280; x_wconf 80' lang='grc' dir='ltr'>τῷ</span> <span class='ocrx_word' id='word_1_428' title='bbox 2935 2222 3269 2282; x_wconf 74' lang='grc' dir='ltr'>πεντηκοστῷ</span> <span class='ocrx_word' id='word_1_429' title='bbox 3301 2215 3530 2286; x_wconf 73' lang='grc' dir='ltr'>τετάρτῳ</span> <span class='ocrx_word' id='word_1_430' title='bbox 3578 2214 3833 2286; x_wconf 72' lang='grc' dir='ltr'>κεφαλαίῳ</span> <span class='ocrx_word' id='word_1_431' title='bbox 3883 2225 3972 2268; x_wconf 77' lang='grc' dir='ltr'>τοῦ</span> 
     </span>
    </p>
   </div>
   <div class='ocr_carea' id='block_1_63' title="bbox 2370 2298 3970 2376">
    <p class='ocr_par' dir='ltr' id='par_1_63' title="bbox 2370 2298 3970 2376">
     <span class='ocr_line' id='line_1_63' title="bbox 2370 2298 3970 2376; baseline 0.001 -21"><span class='ocrx_word' id='word_1_432' title='bbox 2370 2308 2504 2356; x_wconf 80' lang='grc' dir='ltr'>κατὰ</span> <span class='ocrx_word' id='word_1_433' title='bbox 2537 2306 2799 2357; x_wconf 81' lang='grc' dir='ltr'>Ματθαῐον</span> <span class='ocrx_word' id='word_1_434' title='bbox 2832 2300 3147 2359; x_wconf 76' lang='grc' dir='ltr'>δεδήλωται.</span> <span class='ocrx_word' id='word_1_435' title='bbox 3191 2300 3391 2373; x_wconf 85' lang='grc' dir='ltr'>Ἐτερος</span> <span class='ocrx_word' id='word_1_436' title='bbox 3441 2298 3501 2354; x_wconf 81' lang='grc' dir='ltr'><strong>δέ</strong></span> <span class='ocrx_word' id='word_1_437' title='bbox 3531 2301 3669 2355; x_wconf 77' lang='grc' dir='ltr'>ἔστιν</span> <span class='ocrx_word' id='word_1_438' title='bbox 3708 2305 3733 2355; x_wconf 97' lang='lat'><strong>6</strong></span> <span class='ocrx_word' id='word_1_439' title='bbox 3761 2309 3970 2376; x_wconf 81' lang='grc' dir='ltr'>νομικὸς</span> 
     </span>
    </p>
   </div>
   <div class='ocr_carea' id='block_1_64' title="bbox 2371 2393 3966 2467">
    <p class='ocr_par' dir='ltr' id='par_1_64' title="bbox 2371 2393 3966 2467">
     <span class='ocr_line' id='line_1_64' title="bbox 2371 2393 3966 2467; baseline 0 -22"><span class='ocrx_word' id='word_1_440' title='bbox 2371 2393 2534 2454; x_wconf 81' lang='grc' dir='ltr'>οὗτος,</span> <span class='ocrx_word' id='word_1_441' title='bbox 2561 2397 2704 2467; x_wconf 76' lang='grc' dir='ltr'>παρα</span> <span class='ocrx_word' id='word_1_442' title='bbox 2730 2396 2816 2444; x_wconf 83' lang='grc' dir='ltr'>τὸν</span> <span class='ocrx_word' id='word_1_443' title='bbox 2870 2393 2969 2443; x_wconf 78' lang='grc' dir='ltr'><strong>ὑπὸ</strong></span> <span class='ocrx_word' id='word_1_444' title='bbox 3004 2393 3278 2444; x_wconf 83' lang='grc' dir='ltr'>Ματθαίου</span> <span class='ocrx_word' id='word_1_445' title='bbox 3317 2397 3406 2442; x_wconf 76' lang='grc' dir='ltr'>καὶ</span> <span class='ocrx_word' id='word_1_446' title='bbox 3425 2393 3636 2463; x_wconf 79' lang='grc' dir='ltr'>Μάρκου</span> <span class='ocrx_word' id='word_1_447' title='bbox 3655 2401 3966 2463; x_wconf 79' lang='grc' dir='ltr'>μνημονευο-</span> 
     </span>
    </p>
   </div>
   <div class='ocr_carea' id='block_1_65' title="bbox 2370 2501 2540 2555">
    <p class='ocr_par' dir='ltr' id='par_1_65' title="bbox 2370 2501 2540 2555">
     <span class='ocr_line' id='line_1_65' title="bbox 2370 2501 2540 2555; baseline 0 -19"><span class='ocrx_word' id='word_1_448' title='bbox 2370 2501 2540 2555; x_wconf 83' lang='grc' dir='ltr'>μενον.</span> 
     </span>
    </p>
   </div>
   <div class='ocr_carea' id='block_1_66' title="bbox 2440 2568 3952 2643">
    <p class='ocr_par' dir='ltr' id='par_1_66' title="bbox 2440 2568 3952 2643">
     <span class='ocr_line' id='line_1_66' title="bbox 2440 2568 3952 2643; baseline -0.003 -19"><span class='ocrx_word' id='word_1_449' title='bbox 2440 2579 2604 2625; x_wconf 81' lang='grc' dir='ltr'>Τοῦτο</span> <span class='ocrx_word' id='word_1_450' title='bbox 2646 2603 2712 2612; x_wconf 91' lang='grc'><strong><em>-</em></strong></span> <span class='ocrx_word' id='word_1_451' title='bbox 2764 2575 2927 2643; x_wconf 70' lang='grc' dir='ltr'>ζήσῃ.</span> <span class='ocrx_word' id='word_1_452' title='bbox 2976 2577 3158 2638; x_wconf 82' lang='grc' dir='ltr'>Τοῦτο,</span> <span class='ocrx_word' id='word_1_453' title='bbox 3217 2570 3241 2622; x_wconf 85' lang='grc' dir='ltr'><strong><em>ὃ</em></strong></span> <span class='ocrx_word' id='word_1_454' title='bbox 3302 2568 3612 2642; x_wconf 75' lang='grc' dir='ltr'>ἀπήγγειλας</span> <span class='ocrx_word' id='word_1_455' title='bbox 3659 2575 3764 2627; x_wconf 78' lang='grc' dir='ltr'>νῦν,</span> <span class='ocrx_word' id='word_1_456' title='bbox 3798 2575 3952 2619; x_wconf 83' lang='grc' dir='ltr'>τοῦτο</span> 
     </span>
    </p>
   </div>
   <div class='ocr_carea' id='block_1_67' title="bbox 2371 2655 3963 2731">
    <p class='ocr_par' dir='ltr' id='par_1_67' title="bbox 2371 2655 3963 2731">
     <span class='ocr_line' id='line_1_67' title="bbox 2371 2655 3963 2731; baseline -0.004 -17"><span class='ocrx_word' id='word_1_457' title='bbox 2371 2668 2526 2723; x_wconf 79' lang='grc' dir='ltr'>ποίει,</span> <span class='ocrx_word' id='word_1_458' title='bbox 2553 2667 2640 2713; x_wconf 82' lang='grc' dir='ltr'>καὶ</span> <span class='ocrx_word' id='word_1_459' title='bbox 2670 2661 2806 2731; x_wconf 66' lang='grc' dir='ltr'>ζήσῃ</span> <span class='ocrx_word' id='word_1_460' title='bbox 2845 2661 2982 2720; x_wconf 74' lang='grc' dir='ltr'>ζωήν</span> <span class='ocrx_word' id='word_1_461' title='bbox 3014 2660 3238 2723; x_wconf 74' lang='grc' dir='ltr'>αἰώνιον,</span> <span class='ocrx_word' id='word_1_462' title='bbox 3281 2661 3392 2710; x_wconf 82' lang='grc' dir='ltr'>οἷαν</span> <span class='ocrx_word' id='word_1_463' title='bbox 3435 2659 3590 2719; x_wconf 74' lang='grc' dir='ltr'>ζῶσιν</span> <span class='ocrx_word' id='word_1_464' title='bbox 3625 2660 3672 2710; x_wconf 79' lang='grc' dir='ltr'>οἱ</span> <span class='ocrx_word' id='word_1_465' title='bbox 3698 2660 3790 2718; x_wconf 77' lang='grc' dir='ltr'>τὰς</span> <span class='ocrx_word' id='word_1_466' title='bbox 3830 2655 3963 2709; x_wconf 77' lang='grc' dir='ltr'>ἐντο-</span> 
     </span>
    </p>
   </div>
   <div class='ocr_carea' id='block_1_68' title="bbox 2370 2744 3966 2820">
    <p class='ocr_par' dir='ltr' id='par_1_68' title="bbox 2370 2744 3966 2820">
     <span class='ocr_line' id='line_1_68' title="bbox 2370 2744 3966 2820; baseline -0.003 -18"><span class='ocrx_word' id='word_1_467' title='bbox 2370 2751 2461 2811; x_wconf 76' lang='grc' dir='ltr'><strong>λὰς</strong></span> <span class='ocrx_word' id='word_1_468' title='bbox 2500 2754 2693 2811; x_wconf 69' lang='grc' dir='ltr'>ταύτας</span> <span class='ocrx_word' id='word_1_469' title='bbox 2739 2749 3045 2820; x_wconf 66' lang='grc' dir='ltr'>φυλάξαντες</span> <span class='ocrx_word' id='word_1_470' title='bbox 3096 2745 3318 2800; x_wconf 83' lang='grc' dir='ltr'>δίκαιοι.</span> <span class='ocrx_word' id='word_1_471' title='bbox 3379 2744 3622 2810; x_wconf 79' lang='grc' dir='ltr'>Ἐδίδαξε</span> <span class='ocrx_word' id='word_1_472' title='bbox 3659 2750 3758 2820; x_wconf 74' lang='grc' dir='ltr'><strong>γὰρ</strong></span> <span class='ocrx_word' id='word_1_473' title='bbox 3801 2751 3889 2798; x_wconf 75' lang='grc' dir='ltr'>καὶ</span> <span class='ocrx_word' id='word_1_474' title='bbox 3919 2745 3966 2798; x_wconf 74' lang='grc' dir='ltr'>ἰν</span> 
     </span>
    </p>
   </div>
   <div class='ocr_carea' id='block_1_69' title="bbox 2371 2834 3969 2909">
    <p class='ocr_par' dir='ltr' id='par_1_69' title="bbox 2371 2834 3969 2909">
     <span class='ocr_line' id='line_1_69' title="bbox 2371 2834 3969 2909; baseline -0.004 -17"><span class='ocrx_word' id='word_1_475' title='bbox 2371 2849 2440 2909; x_wconf 81' lang='grc' dir='ltr'>τῷ</span> <span class='ocrx_word' id='word_1_476' title='bbox 2463 2836 2747 2893; x_wconf 75' lang='grc' dir='ltr'>δηλωθέντι</span> <span class='ocrx_word' id='word_1_477' title='bbox 2777 2836 3038 2909; x_wconf 65' lang='grc' dir='ltr'>κεφαλαίῳ</span> <span class='ocrx_word' id='word_1_478' title='bbox 3068 2846 3158 2889; x_wconf 77' lang='grc' dir='ltr'>τοῦ</span> <span class='ocrx_word' id='word_1_479' title='bbox 3191 2839 3325 2888; x_wconf 86' lang='grc' dir='ltr'>κατὰ</span> <span class='ocrx_word' id='word_1_480' title='bbox 3352 2838 3642 2901; x_wconf 60' lang='lat' dir='ltr'><strong>Man-6d»,</strong></span> <span class='ocrx_word' id='word_1_481' title='bbox 3673 2837 3755 2888; x_wconf 82' lang='grc' dir='ltr'>ὅτι</span> <span class='ocrx_word' id='word_1_482' title='bbox 3775 2834 3823 2887; x_wconf 77' lang='grc' dir='ltr'>ἐν</span> <span class='ocrx_word' id='word_1_483' title='bbox 3851 2839 3969 2887; x_wconf 76' lang='grc' dir='ltr'>ταυ-</span> 
     </span>
    </p>
   </div>
   <div class='ocr_carea' id='block_1_70' title="bbox 2370 2924 3970 2997">
    <p class='ocr_par' dir='ltr' id='par_1_70' title="bbox 2370 2924 3970 2997">
     <span class='ocr_line' id='line_1_70' title="bbox 2370 2924 3970 2997; baseline -0.003 -17"><span class='ocrx_word' id='word_1_484' title='bbox 2370 2949 2484 2990; x_wconf 84' lang='grc' dir='ltr'>ταις</span> <span class='ocrx_word' id='word_1_485' title='bbox 2510 2936 2625 2988; x_wconf 78' lang='grc' dir='ltr'>ταῐς</span> <span class='ocrx_word' id='word_1_486' title='bbox 2653 2924 2809 2979; x_wconf 78' lang='grc' dir='ltr'>δυσὶν</span> <span class='ocrx_word' id='word_1_487' title='bbox 2848 2926 3068 2987; x_wconf 77' lang='grc' dir='ltr'>ἐντολαῖς</span> <span class='ocrx_word' id='word_1_488' title='bbox 3099 2925 3207 2985; x_wconf 84' lang='grc' dir='ltr'>ὅλος</span> <span class='ocrx_word' id='word_1_489' title='bbox 3256 2928 3281 2978; x_wconf 89' lang='lat'><strong>6</strong></span> <span class='ocrx_word' id='word_1_490' title='bbox 3313 2933 3468 2997; x_wconf 77' lang='grc' dir='ltr'>νόμος</span> <span class='ocrx_word' id='word_1_491' title='bbox 3497 2931 3586 2977; x_wconf 78' lang='grc' dir='ltr'>καὶ</span> <span class='ocrx_word' id='word_1_492' title='bbox 3617 2927 3668 2977; x_wconf 79' lang='grc' dir='ltr'>οἱ</span> <span class='ocrx_word' id='word_1_493' title='bbox 3705 2931 3970 2996; x_wconf 68' lang='grc' dir='ltr'>προφῆται</span> 
     </span>
    </p>
   </div>
   <div class='ocr_carea' id='block_1_71' title="bbox 2369 3014 3968 3091">
    <p class='ocr_par' dir='ltr' id='par_1_71' title="bbox 2369 3014 3968 3091">
     <span class='ocr_line' id='line_1_71' title="bbox 2369 3014 3968 3091; baseline -0.004 -21"><span class='ocrx_word' id='word_1_494' title='bbox 2369 3025 2668 3091; x_wconf 77' lang='grc' dir='ltr'>κρέμανται.</span> <span class='ocrx_word' id='word_1_495' title='bbox 2702 3017 2797 3068; x_wconf 66' lang='grc' dir='ltr'>Ὠν</span> <span class='ocrx_word' id='word_1_496' title='bbox 2828 3022 2920 3073; x_wconf 82' lang='grc' dir='ltr'><strong>τήν</strong></span> <span class='ocrx_word' id='word_1_497' title='bbox 2976 3014 3225 3086; x_wconf 73' lang='grc' dir='ltr'><strong>ἐξήγησιν</strong></span> <span class='ocrx_word' id='word_1_498' title='bbox 3275 3014 3480 3076; x_wconf 75' lang='grc' dir='ltr'>ἐντελῶς</span> <span class='ocrx_word' id='word_1_499' title='bbox 3538 3015 3777 3086; x_wconf 73' lang='grc' dir='ltr'>εὑρήσεις</span> <span class='ocrx_word' id='word_1_500' title='bbox 3824 3017 3873 3065; x_wconf 80' lang='grc' dir='ltr'>ἐν</span> <span class='ocrx_word' id='word_1_501' title='bbox 3900 3021 3968 3082; x_wconf 72' lang='grc' dir='ltr'>τῷ</span> 
     </span>
    </p>
   </div>
   <div class='ocr_carea' id='block_1_72' title="bbox 2368 3103 3967 3180">
    <p class='ocr_par' dir='ltr' id='par_1_72' title="bbox 2368 3103 3967 3180">
     <span class='ocr_line' id='line_1_72' title="bbox 2368 3103 3967 3180; baseline -0.001 -20"><span class='ocrx_word' id='word_1_502' title='bbox 2368 3114 2583 3180; x_wconf 77' lang='grc' dir='ltr'>πέμπτῳ</span> <span class='ocrx_word' id='word_1_503' title='bbox 2615 3105 2875 3177; x_wconf 76' lang='grc' dir='ltr'>κεφαλαίῳ</span> <span class='ocrx_word' id='word_1_504' title='bbox 2907 3112 2996 3157; x_wconf 84' lang='grc' dir='ltr'>τοῦ</span> <span class='ocrx_word' id='word_1_505' title='bbox 3022 3108 3157 3156; x_wconf 77' lang='grc' dir='ltr'>κατὰ</span> <span class='ocrx_word' id='word_1_506' title='bbox 3185 3105 3469 3167; x_wconf 85' lang='grc' dir='ltr'>Ματθαῖον,</span> <span class='ocrx_word' id='word_1_507' title='bbox 3496 3103 3567 3164; x_wconf 83' lang='grc' dir='ltr'><strong>εἰς</strong></span> <span class='ocrx_word' id='word_1_508' title='bbox 3601 3108 3672 3155; x_wconf 78' lang='grc' dir='ltr'><strong>τό’</strong></span> <span class='ocrx_word' id='word_1_509' title='bbox 3693 3103 3967 3173; x_wconf 70' lang='grc' dir='ltr'><strong>Οὔτε-»(78)</strong></span> 
     </span>
    </p>
   </div>
   <div class='ocr_carea' id='block_1_73' title="bbox 2365 3196 3365 3270">
    <p class='ocr_par' dir='ltr' id='par_1_73' title="bbox 2365 3196 3365 3270">
     <span class='ocr_line' id='line_1_73' title="bbox 2365 3196 3365 3270; baseline -0.003 -22"><span class='ocrx_word' id='word_1_510' title='bbox 2365 3201 2466 3270; x_wconf 68' lang='grc' dir='ltr'><strong>γὰρ</strong></span> <span class='ocrx_word' id='word_1_511' title='bbox 2492 3196 2632 3248; x_wconf 80' lang='grc' dir='ltr'>ἐστιν</span> <span class='ocrx_word' id='word_1_512' title='bbox 2663 3198 2688 3248; x_wconf 89' lang='lat'><strong>6</strong></span> <span class='ocrx_word' id='word_1_513' title='bbox 2714 3214 2871 3267; x_wconf 86' lang='grc' dir='ltr'>νομος</span> <span class='ocrx_word' id='word_1_514' title='bbox 2898 3199 2986 3245; x_wconf 82' lang='grc' dir='ltr'>καὶ</span> <span class='ocrx_word' id='word_1_515' title='bbox 3008 3196 3056 3246; x_wconf 80' lang='grc' dir='ltr'>οἱ</span> <span class='ocrx_word' id='word_1_516' title='bbox 3083 3199 3365 3268; x_wconf 75' lang='grc' dir='ltr'>προφῆται.</span> 
     </span>
    </p>
   </div>
   <div class='ocr_carea' id='block_1_74' title="bbox 2436 3280 3971 3356">
    <p class='ocr_par' dir='ltr' id='par_1_74' title="bbox 2436 3280 3971 3356">
     <span class='ocr_line' id='line_1_74' title="bbox 2436 3280 3971 3356; baseline -0.003 -19"><span class='ocrx_word' id='word_1_517' title='bbox 2436 3285 2494 3338; x_wconf 87' lang='grc' dir='ltr'>Ὀ</span> <span class='ocrx_word' id='word_1_518' title='bbox 2527 3281 2583 3336; x_wconf 75' lang='grc' dir='ltr'>δε</span> <span class='ocrx_word' id='word_1_519' title='bbox 2639 3315 2704 3323; x_wconf 91' lang='grc'><strong>--</strong></span> <span class='ocrx_word' id='word_1_520' title='bbox 2757 3283 2975 3340; x_wconf 85' lang='grc' dir='ltr'>πλησίον</span> <span class='ocrx_word' id='word_1_521' title='bbox 3029 3302 3042 3352; x_wconf 75' lang='grc'>;</span> <span class='ocrx_word' id='word_1_522' title='bbox 3087 3281 3396 3354; x_wconf 84' lang='grc' dir='ltr'>Ἀποτυχὼν</span> <span class='ocrx_word' id='word_1_523' title='bbox 3445 3291 3541 3345; x_wconf 85' lang='grc' dir='ltr'>τῆς</span> <span class='ocrx_word' id='word_1_524' title='bbox 3589 3287 3793 3356; x_wconf 85' lang='grc' dir='ltr'>πείρας,</span> <span class='ocrx_word' id='word_1_525' title='bbox 3844 3280 3971 3355; x_wconf 68' lang='grc' dir='ltr'><strong>έεέρ-</strong></span> 
     </span>
    </p>
   </div>
   <div class='ocr_carea' id='block_1_75' title="bbox 2367 3371 3968 3450">
    <p class='ocr_par' dir='ltr' id='par_1_75' title="bbox 2367 3371 3968 3450">
     <span class='ocr_line' id='line_1_75' title="bbox 2367 3371 3968 3450; baseline -0.004 -23"><span class='ocrx_word' id='word_1_526' title='bbox 2367 3375 2491 3450; x_wconf 78' lang='grc' dir='ltr'>ρήξε</span> <span class='ocrx_word' id='word_1_527' title='bbox 2528 3377 2640 3444; x_wconf 83' lang='lat'><strong>(79)</strong></span> <span class='ocrx_word' id='word_1_528' title='bbox 2694 3378 2786 3431; x_wconf 85' lang='grc' dir='ltr'><strong>τήν</strong></span> <span class='ocrx_word' id='word_1_529' title='bbox 2839 3371 2886 3424; x_wconf 77' lang='grc' dir='ltr'>ἐν</span> <span class='ocrx_word' id='word_1_530' title='bbox 2945 3372 3084 3441; x_wconf 73' lang='grc' dir='ltr'>αὐτῷ</span> <span class='ocrx_word' id='word_1_531' title='bbox 3137 3376 3493 3444; x_wconf 71' lang='grc' dir='ltr'><strong>κεκρυμμένην</strong></span> <span class='ocrx_word' id='word_1_532' title='bbox 3546 3374 3740 3428; x_wconf 79' lang='grc' dir='ltr'>οἴησιν,</span> <span class='ocrx_word' id='word_1_533' title='bbox 3821 3376 3968 3422; x_wconf 82' lang='grc' dir='ltr'>Ὦετο</span> 
     </span>
    </p>
   </div>
   <div class='ocr_carea' id='block_1_76' title="bbox 3159 3459 3962 3532">
    <p class='ocr_par' dir='ltr' id='par_1_76' title="bbox 3159 3459 3962 3532">
     <span class='ocr_line' id='line_1_76' title="bbox 3159 3459 3962 3532; baseline -0.004 -21"><span class='ocrx_word' id='word_1_534' title='bbox 3159 3459 3216 3511; x_wconf 78' lang='lat'><strong>&#39;0</strong></span> <span class='ocrx_word' id='word_1_535' title='bbox 3273 3463 3361 3531; x_wconf 72' lang='grc' dir='ltr'><strong>μεν</strong></span> <span class='ocrx_word' id='word_1_536' title='bbox 3436 3462 3534 3532; x_wconf 77' lang='grc' dir='ltr'><strong>γὰρ</strong></span> <span class='ocrx_word' id='word_1_537' title='bbox 3624 3465 3780 3531; x_wconf 83' lang='grc' dir='ltr'>νόμος</span> <span class='ocrx_word' id='word_1_538' title='bbox 3845 3460 3962 3515; x_wconf 67' lang='grc' dir='ltr'>κλή-</span> 
     </span>
    </p>
   </div>
   <div class='ocr_carea' id='block_1_77' title="bbox 2375 3547 3973 3621">
    <p class='ocr_par' dir='ltr' id='par_1_77' title="bbox 2375 3547 3973 3621">
     <span class='ocr_line' id='line_1_77' title="bbox 2375 3547 3973 3621; baseline -0.003 -18"><span class='ocrx_word' id='word_1_539' title='bbox 2375 3556 2482 3603; x_wconf 91' lang='grc' dir='ltr'>σίον</span> <span class='ocrx_word' id='word_1_540' title='bbox 2541 3553 2672 3620; x_wconf 83' lang='grc'>(80),</span> <span class='ocrx_word' id='word_1_541' title='bbox 2729 3554 2813 3602; x_wconf 81' lang='grc' dir='ltr'>τὸν</span> <span class='ocrx_word' id='word_1_542' title='bbox 2873 3547 3108 3621; x_wconf 78' lang='grc' dir='ltr'>δεόμενον</span> <span class='ocrx_word' id='word_1_543' title='bbox 3165 3547 3412 3621; x_wconf 80' lang='grc' dir='ltr'>βοηθείας</span> <span class='ocrx_word' id='word_1_544' title='bbox 3468 3548 3734 3620; x_wconf 73' lang='grc' dir='ltr'>ὠνομασει</span> <span class='ocrx_word' id='word_1_545' title='bbox 3771 3565 3784 3576; x_wconf 72' lang='grc' dir='ltr'><strong>ο</strong></span> <span class='ocrx_word' id='word_1_546' title='bbox 3818 3547 3973 3605; x_wconf 67' lang='grc' dir='ltr'>αὐτὸς</span> 
     </span>
    </p>
   </div>
   <div class='ocr_carea' id='block_1_78' title="bbox 2369 3463 3098 3534">
    <p class='ocr_par' dir='ltr' id='par_1_78' title="bbox 2369 3463 3098 3534">
     <span class='ocr_line' id='line_1_78' title="bbox 2369 3463 3098 3534; baseline 0 -20"><span class='ocrx_word' id='word_1_547' title='bbox 2369 3466 2470 3534; x_wconf 71' lang='grc' dir='ltr'><strong>γὰρ</strong></span> <span class='ocrx_word' id='word_1_548' title='bbox 2524 3465 2727 3513; x_wconf 78' lang='grc' dir='ltr'>πάντων</span> <span class='ocrx_word' id='word_1_549' title='bbox 2806 3463 3098 3532; x_wconf 76' lang='grc' dir='ltr'>ὑπερέχειν.</span> 
     </span>
    </p>
   </div>
   <div class='ocr_carea' id='block_1_79' title="bbox 2375 3636 3976 3708">
    <p class='ocr_par' dir='ltr' id='par_1_79' title="bbox 2375 3636 3976 3708">
     <span class='ocr_line' id='line_1_79' title="bbox 2375 3636 3976 3708; baseline -0.005 -15"><span class='ocrx_word' id='word_1_550' title='bbox 2375 3637 2432 3693; x_wconf 66' lang='grc' dir='ltr'><strong>δὲ</strong></span> <span class='ocrx_word' id='word_1_551' title='bbox 2459 3640 2700 3708; x_wconf 85' lang='grc' dir='ltr'>πλησίον,</span> <span class='ocrx_word' id='word_1_552' title='bbox 2731 3643 2815 3691; x_wconf 84' lang='grc' dir='ltr'>τὸν</span> <span class='ocrx_word' id='word_1_553' title='bbox 2876 3639 2986 3691; x_wconf 85' lang='grc' dir='ltr'>ἰσον</span> <span class='ocrx_word' id='word_1_554' title='bbox 3016 3637 3129 3690; x_wconf 91' lang='grc' dir='ltr'>κατ’</span> <span class='ocrx_word' id='word_1_555' title='bbox 3183 3637 3368 3708; x_wconf 77' lang='grc' dir='ltr'>ἀρετήν</span> <span class='ocrx_word' id='word_1_556' title='bbox 3409 3636 3627 3690; x_wconf 79' lang='grc' dir='ltr'>υπίλαϐε</span> <span class='ocrx_word' id='word_1_557' title='bbox 3690 3637 3825 3707; x_wconf 78' lang='grc'>(81).</span> <span class='ocrx_word' id='word_1_558' title='bbox 3888 3639 3976 3686; x_wconf 76' lang='grc' dir='ltr'><strong>Διὸ</strong></span> 
     </span>
    </p>
   </div>
   <div class='ocr_carea' id='block_1_80' title="bbox 2374 3725 3977 3800">
    <p class='ocr_par' dir='ltr' id='par_1_80' title="bbox 2374 3725 3977 3800">
     <span class='ocr_line' id='line_1_80' title="bbox 2374 3725 3977 3800; baseline -0.004 -20"><span class='ocrx_word' id='word_1_559' title='bbox 2374 3735 2460 3781; x_wconf 80' lang='grc' dir='ltr'>καὶ</span> <span class='ocrx_word' id='word_1_560' title='bbox 2501 3730 2651 3782; x_wconf 77' lang='grc' dir='ltr'>θέλων</span> <span class='ocrx_word' id='word_1_561' title='bbox 2717 3725 2956 3781; x_wconf 64' lang='grc' dir='ltr'>δικαιοῦν</span> <span class='ocrx_word' id='word_1_562' title='bbox 3014 3727 3212 3793; x_wconf 73' lang='grc' dir='ltr'>ἑαυτὸν,</span> <span class='ocrx_word' id='word_1_563' title='bbox 3275 3731 3454 3798; x_wconf 74' lang='grc' dir='ltr'>ήγουν,</span> <span class='ocrx_word' id='word_1_564' title='bbox 3510 3728 3837 3800; x_wconf 75' lang='grc' dir='ltr'>ὑπερτιθεναι</span> <span class='ocrx_word' id='word_1_565' title='bbox 3876 3734 3977 3776; x_wconf 78' lang='grc' dir='ltr'>τῶν</span> 
     </span>
    </p>
   </div>
   <div class='ocr_carea' id='block_1_81' title="bbox 2374 3811 3978 3888">
    <p class='ocr_par' dir='ltr' id='par_1_81' title="bbox 2374 3811 3978 3888">
     <span class='ocr_line' id='line_1_81' title="bbox 2374 3811 3978 3888; baseline -0.004 -18"><span class='ocrx_word' id='word_1_566' title='bbox 2374 3817 2558 3882; x_wconf 67' lang='grc' dir='ltr'>ἄλλων,</span> <span class='ocrx_word' id='word_1_567' title='bbox 2595 3819 2778 3888; x_wconf 78' lang='grc' dir='ltr'>ἐρωτᾷ,</span> <span class='ocrx_word' id='word_1_568' title='bbox 2801 3823 2891 3877; x_wconf 88' lang='grc' dir='ltr'>Τίς</span> <span class='ocrx_word' id='word_1_569' title='bbox 2919 3816 3030 3869; x_wconf 83' lang='grc' dir='ltr'>ἐστί</span> <span class='ocrx_word' id='word_1_570' title='bbox 3056 3836 3155 3888; x_wconf 86' lang='grc' dir='ltr'><strong>μου</strong></span> <span class='ocrx_word' id='word_1_571' title='bbox 3189 3814 3302 3876; x_wconf 89' lang='grc' dir='ltr'>ἶσος</span> <span class='ocrx_word' id='word_1_572' title='bbox 3332 3834 3347 3886; x_wconf 82' lang='grc'>;</span> <span class='ocrx_word' id='word_1_573' title='bbox 3383 3811 3508 3868; x_wconf 85' lang='grc' dir='ltr'>Εἶτα</span> <span class='ocrx_word' id='word_1_574' title='bbox 3549 3811 3641 3868; x_wconf 74' lang='grc' dir='ltr'><strong>διὰ</strong></span> <span class='ocrx_word' id='word_1_575' title='bbox 3672 3812 3978 3888; x_wconf 76' lang='grc' dir='ltr'>παραϐολῆς</span> 
     </span>
    </p>
   </div>
   <div class='ocr_carea' id='block_1_82' title="bbox 2375 3901 3978 3980">
    <p class='ocr_par' dir='ltr' id='par_1_82' title="bbox 2375 3901 3978 3980">
     <span class='ocr_line' id='line_1_82' title="bbox 2375 3901 3978 3980; baseline -0.002 -21"><span class='ocrx_word' id='word_1_576' title='bbox 2375 3910 2399 3959; x_wconf 89' lang='lat'><strong>6</strong></span> <span class='ocrx_word' id='word_1_577' title='bbox 2431 3912 2659 3980; x_wconf 74' lang='grc' dir='ltr'>Χριστὸς</span> <span class='ocrx_word' id='word_1_578' title='bbox 2683 3904 3074 3975; x_wconf 72' lang='grc' dir='ltr'>ἀποδείκνυσιν,</span> <span class='ocrx_word' id='word_1_579' title='bbox 3107 3909 3187 3958; x_wconf 82' lang='grc' dir='ltr'><strong>ὅτι</strong></span> <span class='ocrx_word' id='word_1_580' title='bbox 3234 3905 3455 3964; x_wconf 88' lang='grc' dir='ltr'>πλησίον</span> <span class='ocrx_word' id='word_1_581' title='bbox 3486 3906 3626 3958; x_wconf 74' lang='grc' dir='ltr'>ἐστὶν</span> <span class='ocrx_word' id='word_1_582' title='bbox 3665 3907 3690 3957; x_wconf 87' lang='grc' dir='ltr'><strong><em>ὁ</em></strong></span> <span class='ocrx_word' id='word_1_583' title='bbox 3731 3901 3978 3977; x_wconf 77' lang='grc' dir='ltr'>δεόμενος</span> 
     </span>
    </p>
   </div>
   <div class='ocr_carea' id='block_1_83' title="bbox 2377 3995 2638 4069">
    <p class='ocr_par' dir='ltr' id='par_1_83' title="bbox 2377 3995 2638 4069">
     <span class='ocr_line' id='line_1_83' title="bbox 2377 3995 2638 4069; baseline 0.008 -20"><span class='ocrx_word' id='word_1_584' title='bbox 2377 3995 2638 4069; x_wconf 78' lang='grc' dir='ltr'>βοηθείας.</span> 
     </span>
    </p>
   </div>
   <div class='ocr_carea' id='block_1_84' title="bbox 610 3904 2264 3977">
    <p class='ocr_par' dir='ltr' id='par_1_84' title="bbox 610 3904 2264 3977">
     <span class='ocr_line' id='line_1_84' title="bbox 610 3904 2264 3977; baseline 0 -17"><span class='ocrx_word' id='word_1_585' title='bbox 610 3910 699 3960; x_wconf 91' lang='lat' dir='ltr'><strong>est</strong></span> <span class='ocrx_word' id='word_1_586' title='bbox 726 3904 969 3976; x_wconf 67' lang='lat' dir='ltr'><strong>aequalis</strong></span> <span class='ocrx_word' id='word_1_587' title='bbox 996 3905 1024 3962; x_wconf 84' lang='lat'><strong>?</strong></span> <span class='ocrx_word' id='word_1_588' title='bbox 1057 3906 1278 3961; x_wconf 90' lang='lat' dir='ltr'><strong>Deinde</strong></span> <span class='ocrx_word' id='word_1_589' title='bbox 1332 3905 1592 3961; x_wconf 87' lang='lat' dir='ltr'><strong>Christus</strong></span> <span class='ocrx_word' id='word_1_590' title='bbox 1653 3921 1757 3977; x_wconf 92' lang='lat' dir='ltr'><strong>per</strong></span> <span class='ocrx_word' id='word_1_591' title='bbox 1787 3905 2130 3974; x_wconf 88' lang='lat' dir='ltr'><strong>parabolam</strong></span> <span class='ocrx_word' id='word_1_592' title='bbox 2164 3905 2264 3960; x_wconf 90' lang='lat' dir='ltr'><strong>de-</strong></span> 
     </span>
    </p>
   </div>
   <div class='ocr_carea' id='block_1_85' title="bbox 609 3994 2266 4068">
    <p class='ocr_par' dir='ltr' id='par_1_85' title="bbox 609 3994 2266 4068">
     <span class='ocr_line' id='line_1_85' title="bbox 609 3994 2266 4068; baseline 0.001 -17"><span class='ocrx_word' id='word_1_593' title='bbox 609 4001 904 4051; x_wconf 89' lang='lat' dir='ltr'><strong>monstrat</strong></span> <span class='ocrx_word' id='word_1_594' title='bbox 926 3995 1092 4051; x_wconf 89' lang='lat' dir='ltr'><strong>illum</strong></span> <span class='ocrx_word' id='word_1_595' title='bbox 1114 4011 1242 4050; x_wconf 77' lang='lat' dir='ltr'><strong>esse</strong></span> <span class='ocrx_word' id='word_1_596' title='bbox 1269 3996 1628 4068; x_wconf 81' lang='lat' dir='ltr'><strong>proximum,</strong></span> <span class='ocrx_word' id='word_1_597' title='bbox 1645 3996 1748 4068; x_wconf 92' lang='lat' dir='ltr'><strong>qui</strong></span> <span class='ocrx_word' id='word_1_598' title='bbox 1774 3994 2012 4052; x_wconf 88' lang='lat' dir='ltr'><strong>alterius</strong></span> <span class='ocrx_word' id='word_1_599' title='bbox 2039 3995 2266 4066; x_wconf 86' lang='lat' dir='ltr'><strong>indiget</strong></span> 
     </span>
    </p>
   </div>
   <div class='ocr_carea' id='block_1_86' title="bbox 610 4083 846 4141">
    <p class='ocr_par' dir='ltr' id='par_1_86' title="bbox 610 4083 846 4141">
     <span class='ocr_line' id='line_1_86' title="bbox 610 4083 846 4141; baseline -0.017 0"><span class='ocrx_word' id='word_1_600' title='bbox 610 4083 846 4141; x_wconf 78' lang='lat' dir='ltr'><strong>auxilio.</strong></span> 
     </span>
    </p>
   </div>
   <div class='ocr_carea' id='block_1_87' title="bbox 675 4173 2264 4248">
    <p class='ocr_par' dir='ltr' id='par_1_87' title="bbox 675 4173 2264 4248">
     <span class='ocr_line' id='line_1_87' title="bbox 675 4173 2264 4248; baseline 0.001 -20"><span class='ocrx_word' id='word_1_601' title='bbox 675 4173 1054 4246; x_wconf 65' lang='lat' dir='ltr'><strong>+Proximus</strong></span> <span class='ocrx_word' id='word_1_602' title='bbox 1086 4173 1300 4231; x_wconf 89' lang='lat' dir='ltr'><strong>dicitur</strong></span> <span class='ocrx_word' id='word_1_603' title='bbox 1353 4174 1552 4231; x_wconf 89' lang='lat' dir='ltr'><strong>omnis</strong></span> <span class='ocrx_word' id='word_1_604' title='bbox 1583 4175 1786 4242; x_wconf 90' lang='lat' dir='ltr'><strong>homo,</strong></span> <span class='ocrx_word' id='word_1_605' title='bbox 1844 4175 2004 4248; x_wconf 90' lang='lat' dir='ltr'><strong>quod</strong></span> <span class='ocrx_word' id='word_1_606' title='bbox 2052 4191 2264 4232; x_wconf 84' lang='lat' dir='ltr'><strong>omnes</strong></span> 
     </span>
    </p>
   </div>
   <div class='ocr_carea' id='block_1_88' title="bbox 603 4263 2258 4337">
    <p class='ocr_par' dir='ltr' id='par_1_88' title="bbox 603 4263 2258 4337">
     <span class='ocr_line' id='line_1_88' title="bbox 603 4263 2258 4337; baseline 0 -17"><span class='ocrx_word' id='word_1_607' title='bbox 603 4265 755 4321; x_wconf 87' lang='lat' dir='ltr'><strong>inter</strong></span> <span class='ocrx_word' id='word_1_608' title='bbox 784 4279 894 4320; x_wconf 89' lang='lat' dir='ltr'><strong>nos</strong></span> <span class='ocrx_word' id='word_1_609' title='bbox 926 4263 1245 4337; x_wconf 90' lang='lat' dir='ltr'><strong>propinqui</strong></span> <span class='ocrx_word' id='word_1_610' title='bbox 1275 4281 1487 4320; x_wconf 90' lang='lat' dir='ltr'><strong>sumus</strong></span> <span class='ocrx_word' id='word_1_611' title='bbox 1509 4265 1841 4322; x_wconf 91' lang='lat' dir='ltr'><strong>secundum</strong></span> <span class='ocrx_word' id='word_1_612' title='bbox 1856 4269 2079 4321; x_wconf 67' lang='lat' dir='ltr'><strong>naturae</strong></span> <span class='ocrx_word' id='word_1_613' title='bbox 2097 4281 2258 4322; x_wconf 92' lang='lat' dir='ltr'><strong>com-</strong></span> 
     </span>
    </p>
   </div>
   <div class='ocr_carea' id='block_1_89' title="bbox 603 4354 1097 4410">
    <p class='ocr_par' dir='ltr' id='par_1_89' title="bbox 603 4354 1097 4410">
     <span class='ocr_line' id='line_1_89' title="bbox 603 4354 1097 4410; baseline -0.008 0"><span class='ocrx_word' id='word_1_614' title='bbox 603 4354 1097 4410; x_wconf 89' lang='lat' dir='ltr'><strong>municatiouem.</strong></span> 
     </span>
    </p>
   </div>
   <div class='ocr_carea' id='block_1_90' title="bbox 714 4442 2337 4542">
    <p class='ocr_par' dir='ltr' id='par_1_90' title="bbox 714 4442 2337 4542">
     <span class='ocr_line' id='line_1_90' title="bbox 714 4442 2337 4542; baseline 0.002 -45"><span class='ocrx_word' id='word_1_615' title='bbox 714 4442 880 4500; x_wconf 88' lang='lat' dir='ltr'><strong>CAP.</strong></span> <span class='ocrx_word' id='word_1_616' title='bbox 923 4444 1146 4542; x_wconf 52' lang='grc' dir='ltr'>Χχξνι.</span> <span class='ocrx_word' id='word_1_617' title='bbox 1171 4444 1256 4542; x_wconf 72' lang='lat' dir='ltr'><strong>De</strong></span> <span class='ocrx_word' id='word_1_618' title='bbox 1277 4459 1341 4500; x_wconf 82' lang='lat' dir='ltr'><strong>eo</strong></span> <span class='ocrx_word' id='word_1_619' title='bbox 1364 4444 1465 4515; x_wconf 78' lang='lat' dir='ltr'><strong>qui</strong></span> <span class='ocrx_word' id='word_1_620' title='bbox 1491 4444 1777 4542; x_wconf 60' lang='lat' dir='ltr'><strong>inciderat</strong></span> <span class='ocrx_word' id='word_1_621' title='bbox 1805 4443 1867 4542; x_wconf 68' lang='lat' dir='ltr'><strong>in</strong></span> <span class='ocrx_word' id='word_1_622' title='bbox 1901 4444 2159 4542; x_wconf 56' lang='lat' dir='ltr'><strong>latrones</strong></span> <span class='ocrx_word' id='word_1_623' title='bbox 2291 4483 2337 4542; x_wconf 69' lang='grc' dir='ltr'>Β</span> 
     </span>
    </p>
   </div>
   <div class='ocr_carea' id='block_1_91' title="bbox 676 4531 2258 4604">
    <p class='ocr_par' dir='ltr' id='par_1_91' title="bbox 676 4531 2258 4604">
     <span class='ocr_line' id='line_1_91' title="bbox 676 4531 2258 4604; baseline 0.002 -19"><span class='ocrx_word' id='word_1_624' title='bbox 676 4534 834 4587; x_wconf 89' lang='lat' dir='ltr'><strong>Vers.</strong></span> <span class='ocrx_word' id='word_1_625' title='bbox 869 4535 956 4587; x_wconf 90' lang='lat'><strong>30.</strong></span> <span class='ocrx_word' id='word_1_626' title='bbox 1015 4533 1339 4602; x_wconf 82' lang='lat' dir='ltr'><strong>Suscipiens</strong></span> <span class='ocrx_word' id='word_1_627' title='bbox 1380 4564 1447 4572; x_wconf 94' lang='lat'>—</span> <span class='ocrx_word' id='word_1_628' title='bbox 1477 4533 1649 4589; x_wconf 65' lang='lat' dir='ltr'><strong>dixit.</strong></span> <span class='ocrx_word' id='word_1_629' title='bbox 1704 4531 2046 4604; x_wconf 89' lang='lat' dir='ltr'><strong>Suscipiens</strong></span> <span class='ocrx_word' id='word_1_630' title='bbox 2098 4549 2110 4587; x_wconf 88' lang='lat'><strong>:</strong></span> <span class='ocrx_word' id='word_1_631' title='bbox 2145 4533 2258 4588; x_wconf 91' lang='lat' dir='ltr'><strong>hoc</strong></span> 
     </span>
    </p>
   </div>
   <div class='ocr_carea' id='block_1_92' title="bbox 603 4621 1432 4692">
    <p class='ocr_par' dir='ltr' id='par_1_92' title="bbox 603 4621 1432 4692">
     <span class='ocr_line' id='line_1_92' title="bbox 603 4621 1432 4692; baseline -0.002 -16"><span class='ocrx_word' id='word_1_632' title='bbox 603 4625 711 4685; x_wconf 88' lang='lat' dir='ltr'><strong>est,</strong></span> <span class='ocrx_word' id='word_1_633' title='bbox 745 4621 1041 4692; x_wconf 77' lang='lat' dir='ltr'><strong>excipiens</strong></span> <span class='ocrx_word' id='word_1_634' title='bbox 1071 4637 1432 4678; x_wconf 89' lang='lat' dir='ltr'><strong>sermonem.</strong></span> 
     </span>
    </p>
   </div>
   <div class='ocr_carea' id='block_1_93' title="bbox 678 4709 2253 4779">
    <p class='ocr_par' dir='ltr' id='par_1_93' title="bbox 678 4709 2253 4779">
     <span class='ocr_line' id='line_1_93' title="bbox 678 4709 2253 4779; baseline 0.004 -19"><span class='ocrx_word' id='word_1_635' title='bbox 678 4709 843 4764; x_wconf 87' lang='lat' dir='ltr'><strong>Vers.</strong></span> <span class='ocrx_word' id='word_1_636' title='bbox 869 4709 957 4764; x_wconf 90' lang='lat'><strong>30.</strong></span> <span class='ocrx_word' id='word_1_637' title='bbox 986 4711 1172 4767; x_wconf 83' lang='lat' dir='ltr'><strong>Homo</strong></span> <span class='ocrx_word' id='word_1_638' title='bbox 1204 4745 1212 4751; x_wconf 94' lang='lat'><strong><em>-</em></strong></span> <span class='ocrx_word' id='word_1_639' title='bbox 1242 4742 1268 4752; x_wconf 92' lang='lat'><strong>-</strong></span> <span class='ocrx_word' id='word_1_640' title='bbox 1311 4711 1556 4768; x_wconf 74' lang='lat' dir='ltr'><strong>Iericho.</strong></span> <span class='ocrx_word' id='word_1_641' title='bbox 1605 4711 1896 4768; x_wconf 89' lang='lat' dir='ltr'><strong>Parabola</strong></span> <span class='ocrx_word' id='word_1_642' title='bbox 1946 4711 2090 4779; x_wconf 69' lang='lat' dir='ltr'><strong>haac,</strong></span> <span class='ocrx_word' id='word_1_643' title='bbox 2145 4713 2253 4767; x_wconf 88' lang='lat' dir='ltr'><strong>etsi</strong></span> 
     </span>
    </p>
   </div>
   <div class='ocr_carea' id='block_1_94' title="bbox 606 4796 2254 4874">
    <p class='ocr_par' dir='ltr' id='par_1_94' title="bbox 606 4796 2254 4874">
     <span class='ocr_line' id='line_1_94' title="bbox 606 4796 2254 4874; baseline 0.001 -20"><span class='ocrx_word' id='word_1_644' title='bbox 606 4796 802 4854; x_wconf 83' lang='lat' dir='ltr'><strong>efﬁcta</strong></span> <span class='ocrx_word' id='word_1_645' title='bbox 833 4797 929 4867; x_wconf 85' lang='lat' dir='ltr'><strong>sit,</strong></span> <span class='ocrx_word' id='word_1_646' title='bbox 953 4805 1017 4856; x_wconf 90' lang='lat' dir='ltr'><strong>ut</strong></span> <span class='ocrx_word' id='word_1_647' title='bbox 1037 4800 1332 4868; x_wconf 89' lang='lat' dir='ltr'><strong>ostendat,</strong></span> <span class='ocrx_word' id='word_1_648' title='bbox 1361 4801 1499 4874; x_wconf 91' lang='lat' dir='ltr'><strong>quis</strong></span> <span class='ocrx_word' id='word_1_649' title='bbox 1532 4801 1608 4856; x_wconf 90' lang='lat' dir='ltr'><strong>sit</strong></span> <span class='ocrx_word' id='word_1_650' title='bbox 1653 4802 1963 4873; x_wconf 85' lang='lat' dir='ltr'><strong>proximus</strong></span> <span class='ocrx_word' id='word_1_651' title='bbox 1995 4817 2012 4857; x_wconf 90' lang='lat'><em>:</em></span> <span class='ocrx_word' id='word_1_652' title='bbox 2045 4800 2254 4873; x_wconf 89' lang='lat' dir='ltr'><strong>paucis</strong></span> 
     </span>
    </p>
   </div>
   <div class='ocr_carea' id='block_1_95' title="bbox 2447 4173 3979 4249">
    <p class='ocr_par' dir='ltr' id='par_1_95' title="bbox 2447 4173 3979 4249">
     <span class='ocr_line' id='line_1_95' title="bbox 2447 4173 3979 4249; baseline -0.001 -21"><span class='ocrx_word' id='word_1_653' title='bbox 2447 4175 2706 4248; x_wconf 80' lang='grc' dir='ltr'>[Πλησίον</span> <span class='ocrx_word' id='word_1_654' title='bbox 2733 4175 2932 4247; x_wconf 73' lang='grc' dir='ltr'>λέγεται</span> <span class='ocrx_word' id='word_1_655' title='bbox 2953 4180 3049 4236; x_wconf 78' lang='grc' dir='ltr'>πᾶς</span> <span class='ocrx_word' id='word_1_656' title='bbox 3080 4176 3364 4249; x_wconf 77' lang='grc' dir='ltr'>ἄνθρωπος,</span> <span class='ocrx_word' id='word_1_657' title='bbox 3393 4178 3460 4237; x_wconf 86' lang='grc' dir='ltr'>ὡς</span> <span class='ocrx_word' id='word_1_658' title='bbox 3490 4173 3792 4246; x_wconf 72' lang='grc' dir='ltr'><strong>ἐγγιζόντων</strong></span> <span class='ocrx_word' id='word_1_659' title='bbox 3821 4174 3979 4244; x_wconf 78' lang='grc' dir='ltr'>ήμῶν</span> 
     </span>
    </p>
   </div>
   <div class='ocr_carea' id='block_1_96' title="bbox 2373 4262 3523 4336">
    <p class='ocr_par' dir='ltr' id='par_1_96' title="bbox 2373 4262 3523 4336">
     <span class='ocr_line' id='line_1_96' title="bbox 2373 4262 3523 4336; baseline -0.001 -19"><span class='ocrx_word' id='word_1_660' title='bbox 2373 4265 2608 4326; x_wconf 81' lang='grc' dir='ltr'>ἀλλήλοις</span> <span class='ocrx_word' id='word_1_661' title='bbox 2635 4268 2770 4317; x_wconf 85' lang='grc' dir='ltr'>κατὰ</span> <span class='ocrx_word' id='word_1_662' title='bbox 2801 4269 3070 4317; x_wconf 87' lang='grc' dir='ltr'>κοινωνίαν</span> <span class='ocrx_word' id='word_1_663' title='bbox 3101 4267 3298 4336; x_wconf 74' lang='grc' dir='ltr'>φύσεως</span> <span class='ocrx_word' id='word_1_664' title='bbox 3331 4262 3465 4336; x_wconf 79' lang='grc'>(82).</span> <span class='ocrx_word' id='word_1_665' title='bbox 3507 4263 3523 4334; x_wconf 97' lang='grc'>]</span> 
     </span>
    </p>
   </div>
   <div class='ocr_carea' id='block_1_97' title="bbox 2475 4441 3856 4515">
    <p class='ocr_par' dir='ltr' id='par_1_97' title="bbox 2475 4441 3856 4515">
     <span class='ocr_line' id='line_1_97' title="bbox 2475 4441 3856 4515; baseline -0.001 -19"><span class='ocrx_word' id='word_1_666' title='bbox 2475 4449 2620 4496; x_wconf 74' lang='grc' dir='ltr'>ΚΕΦ.</span> <span class='ocrx_word' id='word_1_667' title='bbox 2666 4442 2778 4508; x_wconf 79' lang='grc' dir='ltr'>Δς’.</span> <span class='ocrx_word' id='word_1_668' title='bbox 2816 4448 2936 4515; x_wconf 83' lang='grc' dir='ltr'>Περὶ</span> <span class='ocrx_word' id='word_1_669' title='bbox 2958 4451 3048 4495; x_wconf 78' lang='grc' dir='ltr'>τοῦ</span> <span class='ocrx_word' id='word_1_670' title='bbox 3075 4441 3380 4515; x_wconf 75' lang='grc' dir='ltr'>ἐμπεσόντος</span> <span class='ocrx_word' id='word_1_671' title='bbox 3407 4443 3478 4503; x_wconf 84' lang='grc' dir='ltr'>εἰς</span> <span class='ocrx_word' id='word_1_672' title='bbox 3502 4446 3621 4503; x_wconf 80' lang='grc' dir='ltr'>τοὺς</span> <span class='ocrx_word' id='word_1_673' title='bbox 3645 4441 3856 4513; x_wconf 73' lang='grc' dir='ltr'>λῃστάς.</span> 
     </span>
    </p>
   </div>
   <div class='ocr_carea' id='block_1_98' title="bbox 2437 4526 3978 4601">
    <p class='ocr_par' dir='ltr' id='par_1_98' title="bbox 2437 4526 3978 4601">
     <span class='ocr_line' id='line_1_98' title="bbox 2437 4526 3978 4601; baseline -0.003 -16"><span class='ocrx_word' id='word_1_674' title='bbox 2437 4533 2728 4585; x_wconf 74' lang='grc' dir='ltr'>’Υπολαϐὼν</span> <span class='ocrx_word' id='word_1_675' title='bbox 2762 4565 2828 4573; x_wconf 92' lang='grc'><strong>-</strong></span> <span class='ocrx_word' id='word_1_676' title='bbox 2859 4529 3012 4585; x_wconf 85' lang='grc' dir='ltr'>εἶπεν.</span> <span class='ocrx_word' id='word_1_677' title='bbox 3053 4531 3347 4586; x_wconf 75' lang='grc' dir='ltr'>’Υπολαϐὼν</span> <span class='ocrx_word' id='word_1_678' title='bbox 3368 4532 3482 4584; x_wconf 79' lang='grc' dir='ltr'>ἀντὶ</span> <span class='ocrx_word' id='word_1_679' title='bbox 3510 4539 3621 4598; x_wconf 81' lang='grc' dir='ltr'>τοῦ,</span> <span class='ocrx_word' id='word_1_680' title='bbox 3651 4527 3685 4583; x_wconf 83' lang='grc' dir='ltr'><em>δ</em></span> <span class='ocrx_word' id='word_1_681' title='bbox 3691 4526 3978 4601; x_wconf 81' lang='grc' dir='ltr'>ιαδεξάμε-</span> 
     </span>
    </p>
   </div>
   <div class='ocr_carea' id='block_1_99' title="bbox 2366 4622 2747 4693">
    <p class='ocr_par' dir='ltr' id='par_1_99' title="bbox 2366 4622 2747 4693">
     <span class='ocr_line' id='line_1_99' title="bbox 2366 4622 2747 4693; baseline 0.008 -21"><span class='ocrx_word' id='word_1_682' title='bbox 2366 4641 2448 4684; x_wconf 91' lang='grc' dir='ltr'><strong>νος</strong></span> <span class='ocrx_word' id='word_1_683' title='bbox 2472 4626 2554 4674; x_wconf 80' lang='grc' dir='ltr'>τὸν</span> <span class='ocrx_word' id='word_1_684' title='bbox 2575 4622 2747 4693; x_wconf 80' lang='grc' dir='ltr'>λογον.</span> 
     </span>
    </p>
   </div>
   <div class='ocr_carea' id='block_1_100' title="bbox 2437 4707 3597 4786">
    <p class='ocr_par' dir='ltr' id='par_1_100' title="bbox 2437 4707 3597 4786">
     <span class='ocr_line' id='line_1_100' title="bbox 2437 4707 3597 4786; baseline -0.003 -22"><span class='ocrx_word' id='word_1_685' title='bbox 2437 4711 2740 4783; x_wconf 70' lang='grc' dir='ltr'>’Ἄνθρωπος</span> <span class='ocrx_word' id='word_1_686' title='bbox 2791 4741 2859 4752; x_wconf 89' lang='grc'><strong><em>-</em></strong></span> <span class='ocrx_word' id='word_1_687' title='bbox 2938 4711 3165 4786; x_wconf 71' lang='grc' dir='ltr'>Ἰεριχώ.</span> <span class='ocrx_word' id='word_1_688' title='bbox 3225 4711 3280 4764; x_wconf 78' lang='grc' dir='ltr'><strong>Ἠ</strong></span> <span class='ocrx_word' id='word_1_689' title='bbox 3328 4707 3597 4784; x_wconf 75' lang='grc' dir='ltr'>παραϐολή</span> 
     </span>
    </p>
   </div>
   <div class='ocr_carea' id='block_1_101' title="bbox 2363 4797 3969 4867">
    <p class='ocr_par' dir='ltr' id='par_1_101' title="bbox 2363 4797 3969 4867">
     <span class='ocr_line' id='line_1_101' title="bbox 2363 4797 3969 4867; baseline -0.001 -16"><span class='ocrx_word' id='word_1_690' title='bbox 2363 4806 2451 4853; x_wconf 80' lang='grc' dir='ltr'>καὶ</span> <span class='ocrx_word' id='word_1_691' title='bbox 2509 4802 2750 4858; x_wconf 78' lang='grc' dir='ltr'>συνετέθη</span> <span class='ocrx_word' id='word_1_692' title='bbox 2813 4797 2907 4852; x_wconf 81' lang='grc' dir='ltr'><strong>διὰ</strong></span> <span class='ocrx_word' id='word_1_693' title='bbox 2954 4805 3010 4852; x_wconf 85' lang='grc' dir='ltr'>τὸ</span> <span class='ocrx_word' id='word_1_694' title='bbox 3065 4797 3254 4867; x_wconf 73' lang='grc' dir='ltr'>δεῖξαι,</span> <span class='ocrx_word' id='word_1_695' title='bbox 3307 4804 3386 4861; x_wconf 90' lang='grc' dir='ltr'><strong>τίς</strong></span> <span class='ocrx_word' id='word_1_696' title='bbox 3439 4797 3578 4850; x_wconf 73' lang='grc' dir='ltr'>ἐστιν</span> <span class='ocrx_word' id='word_1_697' title='bbox 3647 4800 3672 4850; x_wconf 88' lang='grc' dir='ltr'><strong><em>ὁ</em></strong></span> <span class='ocrx_word' id='word_1_698' title='bbox 3721 4797 3969 4864; x_wconf 79' lang='grc' dir='ltr'>πλησίον,</span> 
     </span>
    </p>
   </div>
   <div class='ocr_carea' id='block_1_102' title="bbox 3695 4709 3973 4774">
    <p class='ocr_par' dir='ltr' id='par_1_102' title="bbox 3695 4709 3973 4774">
     <span class='ocr_line' id='line_1_102' title="bbox 3695 4709 3973 4774; baseline 0 -14"><span class='ocrx_word' id='word_1_699' title='bbox 3695 4709 3850 4774; x_wconf 77' lang='grc' dir='ltr'>αὕτη,</span> <span class='ocrx_word' id='word_1_700' title='bbox 3929 4709 3973 4762; x_wconf 84' lang='grc' dir='ltr'>εἰ</span> 
     </span>
    </p>
   </div>
   <div class='ocr_carea' id='block_1_103' title="bbox 677 4974 1722 5047">
    <p class='ocr_par' dir='ltr' id='par_1_103' title="bbox 677 4974 1722 5047">
     <span class='ocr_line' id='line_1_103' title="bbox 677 4974 1722 5047; baseline 0.001 -15"><span class='ocrx_word' id='word_1_701' title='bbox 677 4974 719 5010; x_wconf 75' lang='grc'>⁷¹</span> <span class='ocrx_word' id='word_1_702' title='bbox 751 4975 948 5032; x_wconf 79' lang='lat' dir='ltr'><strong>Matth.</strong></span> <span class='ocrx_word' id='word_1_703' title='bbox 977 4992 1115 5041; x_wconf 69' lang='grc' dir='ltr'><strong>χχιι,</strong></span> <span class='ocrx_word' id='word_1_704' title='bbox 1149 4980 1216 5034; x_wconf 87' lang='grc'><strong>35</strong></span> <span class='ocrx_word' id='word_1_705' title='bbox 1249 4976 1467 5036; x_wconf 87' lang='lat' dir='ltr'><strong>:Marc.</strong></span> <span class='ocrx_word' id='word_1_706' title='bbox 1491 4994 1592 5047; x_wconf 80' lang='lat' dir='ltr'><strong>xu,</strong></span> <span class='ocrx_word' id='word_1_707' title='bbox 1632 4979 1722 5033; x_wconf 84' lang='lat'><strong>28.</strong></span> 
     </span>
    </p>
   </div>
   <div class='ocr_carea' id='block_1_104' title="bbox 1798 4977 2968 5048">
    <p class='ocr_par' dir='ltr' id='par_1_104' title="bbox 1798 4977 2968 5048">
     <span class='ocr_line' id='line_1_104' title="bbox 1798 4977 2968 5048; baseline -0.003 -14"><span class='ocrx_word' id='word_1_708' title='bbox 1798 4979 1846 5013; x_wconf 80' lang='grc'><strong>⁷³</strong></span> <span class='ocrx_word' id='word_1_709' title='bbox 1894 4978 2095 5036; x_wconf 87' lang='lat' dir='ltr'><strong>Matth.</strong></span> <span class='ocrx_word' id='word_1_710' title='bbox 2127 4995 2261 5048; x_wconf 82' lang='lat' dir='ltr'><strong>xm,</strong></span> <span class='ocrx_word' id='word_1_711' title='bbox 2295 4981 2383 5035; x_wconf 74' lang='grc'>40.</span> <span class='ocrx_word' id='word_1_712' title='bbox 2461 4980 2508 5014; x_wconf 81' lang='grc'><strong>⁷³</strong></span> <span class='ocrx_word' id='word_1_713' title='bbox 2550 4977 2968 5045; x_wconf 75' lang='lat' dir='ltr'><strong>Matth.vu,t2.</strong></span> 
     </span>
    </p>
   </div>
   <div class='ocr_carea' id='block_1_105' title="bbox 1762 5151 2750 5227">
    <p class='ocr_par' dir='ltr' id='par_1_105' title="bbox 1762 5151 2750 5227">
     <span class='ocr_line' id='line_1_105' title="bbox 1762 5151 2750 5227; baseline -0.003 0"><span class='ocrx_word' id='word_1_714' title='bbox 1762 5156 1986 5227; x_wconf 66' lang='lat' dir='ltr'><strong>Variae</strong></span> <span class='ocrx_word' id='word_1_715' title='bbox 2040 5151 2370 5226; x_wconf 89' lang='lat' dir='ltr'><strong>lectiones</strong></span> <span class='ocrx_word' id='word_1_716' title='bbox 2419 5166 2484 5225; x_wconf 91' lang='lat' dir='ltr'><strong>et</strong></span> <span class='ocrx_word' id='word_1_717' title='bbox 2546 5164 2750 5225; x_wconf 61' lang='lat' dir='ltr'><strong>nota).</strong></span> 
     </span>
    </p>
   </div>
   <div class='ocr_carea' id='block_1_106' title="bbox 672 5353 3119 5426">
    <p class='ocr_par' dir='ltr' id='par_1_106' title="bbox 672 5353 3119 5426">
     <span class='ocr_line' id='line_1_106' title="bbox 672 5353 3119 5426; baseline -0.002 -12"><span class='ocrx_word' id='word_1_718' title='bbox 672 5357 784 5426; x_wconf 87' lang='lat'>(&#39;77)</span> <span class='ocrx_word' id='word_1_719' title='bbox 815 5355 1137 5426; x_wconf 84' lang='lat' dir='ltr'><strong>Hentenius</strong></span> <span class='ocrx_word' id='word_1_720' title='bbox 1187 5353 1282 5410; x_wconf 89' lang='lat' dir='ltr'><strong>hic</strong></span> <span class='ocrx_word' id='word_1_721' title='bbox 1312 5358 1539 5411; x_wconf 84' lang='lat' dir='ltr'><strong>textum</strong></span> <span class='ocrx_word' id='word_1_722' title='bbox 1589 5353 1870 5411; x_wconf 87' lang='lat' dir='ltr'><strong>diviserat</strong></span> <span class='ocrx_word' id='word_1_723' title='bbox 1914 5362 1970 5410; x_wconf 89' lang='lat' dir='ltr'><strong>et</strong></span> <span class='ocrx_word' id='word_1_724' title='bbox 2021 5371 2094 5412; x_wconf 83' lang='lat' dir='ltr'><strong>ex</strong></span> <span class='ocrx_word' id='word_1_725' title='bbox 2131 5371 2251 5412; x_wconf 91' lang='lat' dir='ltr'><strong>uno</strong></span> <span class='ocrx_word' id='word_1_726' title='bbox 2361 5354 2463 5411; x_wconf 91' lang='lat' dir='ltr'><strong>nui</strong></span> <span class='ocrx_word' id='word_1_727' title='bbox 2492 5356 2551 5410; x_wconf 89' lang='lat' dir='ltr'><strong>in</strong></span> <span class='ocrx_word' id='word_1_728' title='bbox 2579 5355 2837 5412; x_wconf 89' lang='lat' dir='ltr'><strong>editione</strong></span> <span class='ocrx_word' id='word_1_729' title='bbox 2864 5355 2929 5410; x_wconf 87' lang='lat' dir='ltr'><strong>N.</strong></span> <span class='ocrx_word' id='word_1_730' title='bbox 2964 5353 3119 5412; x_wconf 91' lang='lat' dir='ltr'><strong>Test.</strong></span> 
     </span>
    </p>
   </div>
   <div class='ocr_carea' id='block_1_107' title="bbox 601 5425 3894 5500">
    <p class='ocr_par' dir='ltr' id='par_1_107' title="bbox 601 5425 3894 5500">
     <span class='ocr_line' id='line_1_107' title="bbox 601 5425 3894 5500; baseline 0 -18"><span class='ocrx_word' id='word_1_731' title='bbox 601 5425 826 5484; x_wconf 90' lang='lat' dir='ltr'><strong>scholio</strong></span> <span class='ocrx_word' id='word_1_732' title='bbox 851 5427 984 5500; x_wconf 84' lang='lat' dir='ltr'><strong>duo</strong></span> <span class='ocrx_word' id='word_1_733' title='bbox 1013 5425 1249 5500; x_wconf 72' lang='lat' dir='ltr'><strong>fccerat.</strong></span> <span class='ocrx_word' id='word_1_734' title='bbox 1275 5426 1438 5500; x_wconf 75' lang='lat' dir='ltr'><strong>Vide,</strong></span> <span class='ocrx_word' id='word_1_735' title='bbox 1470 5443 1607 5500; x_wconf 62' lang='lat' dir='ltr'><strong>quas</strong></span> <span class='ocrx_word' id='word_1_736' title='bbox 1627 5427 1788 5500; x_wconf 82' lang='lat' dir='ltr'><strong>iufra</strong></span> <span class='ocrx_word' id='word_1_737' title='bbox 1822 5433 1956 5500; x_wconf 87' lang='lat' dir='ltr'><strong>post</strong></span> <span class='ocrx_word' id='word_1_738' title='bbox 1992 5430 2250 5500; x_wconf 86' lang='lat' dir='ltr'><strong>Evange-</strong></span> <span class='ocrx_word' id='word_1_739' title='bbox 2434 5428 2548 5500; x_wconf 70' lang='lat'><strong>(79)</strong></span> <span class='ocrx_word' id='word_1_740' title='bbox 2579 5429 2663 5484; x_wconf 89' lang='lat' dir='ltr'><strong>Ita</strong></span> <span class='ocrx_word' id='word_1_741' title='bbox 2690 5436 2956 5500; x_wconf 71' lang='lat' dir='ltr'><strong>uterque.</strong></span> <span class='ocrx_word' id='word_1_742' title='bbox 2987 5429 3052 5481; x_wconf 86' lang='lat' dir='ltr'><strong>Et</strong></span> <span class='ocrx_word' id='word_1_743' title='bbox 3073 5430 3228 5482; x_wconf 90' lang='lat' dir='ltr'><strong>recte</strong></span> <span class='ocrx_word' id='word_1_744' title='bbox 3255 5425 3521 5500; x_wconf 80' lang='lat' dir='ltr'><strong>quidem</strong></span> <span class='ocrx_word' id='word_1_745' title='bbox 3539 5427 3621 5483; x_wconf 87' lang='lat' dir='ltr'><strong>ita</strong></span> <span class='ocrx_word' id='word_1_746' title='bbox 3635 5425 3894 5500; x_wconf 80' lang='lat' dir='ltr'><strong>_dicitur.</strong></span> 
     </span>
    </p>
   </div>
   <div class='ocr_carea' id='block_1_108' title="bbox 596 5497 3963 5571">
    <p class='ocr_par' dir='ltr' id='par_1_108' title="bbox 596 5497 3963 5571">
     <span class='ocr_line' id='line_1_108' title="bbox 596 5497 3963 5571; baseline -0.001 -16"><span class='ocrx_word' id='word_1_747' title='bbox 596 5500 745 5556; x_wconf 91' lang='lat' dir='ltr'><strong>lium</strong></span> <span class='ocrx_word' id='word_1_748' title='bbox 773 5498 1020 5571; x_wconf 80' lang='lat' dir='ltr'><strong>Joannis</strong></span> <span class='ocrx_word' id='word_1_749' title='bbox 1045 5498 1251 5571; x_wconf 90' lang='lat' dir='ltr'><strong>monui</strong></span> <span class='ocrx_word' id='word_1_750' title='bbox 1283 5498 1360 5571; x_wconf 87' lang='lat' dir='ltr'><strong>ad</strong></span> <span class='ocrx_word' id='word_1_751' title='bbox 1375 5497 1642 5554; x_wconf 60' lang='lat' dir='ltr'><strong>Henienil</strong></span> <span class='ocrx_word' id='word_1_752' title='bbox 1664 5497 2249 5556; x_wconf 77' lang='lat' dir='ltr'><strong>animadversionem</strong></span> <span class='ocrx_word' id='word_1_753' title='bbox 2433 5497 2544 5571; x_wconf 91' lang='lat'><strong>(80)</strong></span> <span class='ocrx_word' id='word_1_754' title='bbox 2594 5501 2706 5557; x_wconf 86' lang='lat' dir='ltr'><strong>Hic</strong></span> <span class='ocrx_word' id='word_1_755' title='bbox 2734 5497 2868 5571; x_wconf 77' lang='lat' dir='ltr'><strong>post</strong></span> <span class='ocrx_word' id='word_1_756' title='bbox 2903 5497 3146 5571; x_wconf 78' lang='grc' dir='ltr'>πλησίον,</span> <span class='ocrx_word' id='word_1_757' title='bbox 3195 5497 3388 5571; x_wconf 9' lang='lat' dir='ltr'><strong>addit;</strong></span> <span class='ocrx_word' id='word_1_758' title='bbox 3415 5498 3602 5554; x_wconf 82' lang='lat' dir='ltr'><strong>codex</strong></span> <span class='ocrx_word' id='word_1_759' title='bbox 3634 5498 3679 5571; x_wconf 76' lang='grc' dir='ltr'>Β</span> <span class='ocrx_word' id='word_1_760' title='bbox 3720 5514 3793 5554; x_wconf 90' lang='lat' dir='ltr'><strong>ea</strong></span> <span class='ocrx_word' id='word_1_761' title='bbox 3829 5512 3963 5571; x_wconf 67' lang='lat' dir='ltr'><strong>quas</strong></span> 
     </span>
    </p>
   </div>
   <div class='ocr_carea' id='block_1_109' title="bbox 599 5569 3804 5644">
    <p class='ocr_par' dir='ltr' id='par_1_109' title="bbox 599 5569 3804 5644">
     <span class='ocr_line' id='line_1_109' title="bbox 599 5569 3804 5644; baseline -0 -18"><span class='ocrx_word' id='word_1_762' title='bbox 599 5587 782 5644; x_wconf 88' lang='lat' dir='ltr'><strong>quam</strong></span> <span class='ocrx_word' id='word_1_763' title='bbox 816 5571 956 5644; x_wconf 89' lang='lat' dir='ltr'><strong>huic</strong></span> <span class='ocrx_word' id='word_1_764' title='bbox 985 5569 1114 5644; x_wconf 88' lang='lat' dir='ltr'><strong>loco</strong></span> <span class='ocrx_word' id='word_1_765' title='bbox 1143 5570 1378 5640; x_wconf 90' lang='lat' dir='ltr'><strong>adjecit.</strong></span> <span class='ocrx_word' id='word_1_766' title='bbox 1729 5641 1737 5644; x_wconf 90' lang='lat'>_</span> <span class='ocrx_word' id='word_1_767' title='bbox 2364 5569 2499 5644; x_wconf 81' lang='lat' dir='ltr'><strong>mox</strong></span> <span class='ocrx_word' id='word_1_768' title='bbox 2527 5569 2773 5644; x_wconf 76' lang='lat' dir='ltr'><strong>inclusa</strong></span> <span class='ocrx_word' id='word_1_769' title='bbox 2797 5570 3172 5644; x_wconf 86' lang='lat' dir='ltr'><strong>ex_margine</strong></span> <span class='ocrx_word' id='word_1_770' title='bbox 3203 5569 3426 5626; x_wconf 83' lang='lat' dir='ltr'><strong>codicis</strong></span> <span class='ocrx_word' id='word_1_771' title='bbox 3456 5573 3501 5624; x_wconf 86' lang='lat' dir='ltr'><strong>A</strong></span> <span class='ocrx_word' id='word_1_772' title='bbox 3527 5569 3804 5642; x_wconf 86' lang='lat' dir='ltr'><strong>ascripsi.</strong></span> 
     </span>
    </p>
   </div>
   <div class='ocr_carea' id='block_1_110' title="bbox 673 5641 2264 5714">
    <p class='ocr_par' dir='ltr' id='par_1_110' title="bbox 673 5641 2250 5714">
     <span class='ocr_line' id='line_1_110' title="bbox 673 5641 2250 5714; baseline 0 -15"><span class='ocrx_word' id='word_1_773' title='bbox 673 5646 784 5713; x_wconf 85' lang='lat'>(78)</span> <span class='ocrx_word' id='word_1_774' title='bbox 814 5642 1001 5698; x_wconf 88' lang='lat' dir='ltr'><strong>Etiam</strong></span> <span class='ocrx_word' id='word_1_775' title='bbox 1041 5643 1133 5697; x_wconf 85' lang='lat' dir='ltr'><strong>hic</strong></span> <span class='ocrx_word' id='word_1_776' title='bbox 1171 5648 1439 5714; x_wconf 77' lang='lat' dir='ltr'><strong>uterque</strong></span> <span class='ocrx_word' id='word_1_777' title='bbox 1464 5648 1652 5714; x_wconf 77' lang='lat' dir='ltr'><strong>codex</strong></span> <span class='ocrx_word' id='word_1_778' title='bbox 1691 5641 1873 5708; x_wconf 74' lang='grc' dir='ltr'>οὕτως,</span> <span class='ocrx_word' id='word_1_779' title='bbox 1926 5647 2061 5698; x_wconf 90' lang='lat' dir='ltr'><strong>ante</strong></span> <span class='ocrx_word' id='word_1_780' title='bbox 2111 5658 2250 5699; x_wconf 87' lang='lat' dir='ltr'><strong>con-</strong></span> 
     </span>
    </p>
   </div>
   <div class='ocr_carea' id='block_1_111' title="bbox 2371 5641 2927 5714">
    <p class='ocr_par' dir='ltr' id='par_1_111' title="bbox 2432 5641 2927 5714">
     <span class='ocr_line' id='line_1_111' title="bbox 2432 5641 2927 5714; baseline 0 -18"><span class='ocrx_word' id='word_1_781' title='bbox 2575 5641 2835 5714; x_wconf 77' lang='grc' dir='ltr'>Ὑπέϐαλε.</span> <span class='ocrx_word' id='word_1_782' title='bbox 2870 5642 2927 5696; x_wconf 87' lang='grc' dir='ltr'>Β.</span> 
     </span>
    </p>
   </div>
   <div class='ocr_carea' id='block_1_112' title="bbox 597 5711 2264 5786">
    <p class='ocr_par' dir='ltr' id='par_1_112' title="bbox 597 5711 2251 5785">
     <span class='ocr_line' id='line_1_112' title="bbox 597 5711 2251 5785; baseline -0.001 -13"><span class='ocrx_word' id='word_1_783' title='bbox 597 5711 878 5772; x_wconf 81' lang='lat' dir='ltr'><strong>sonnam.</strong></span> <span class='ocrx_word' id='word_1_784' title='bbox 906 5714 1010 5770; x_wconf 84' lang='lat' dir='ltr'><strong>Hic</strong></span> <span class='ocrx_word' id='word_1_785' title='bbox 1047 5729 1189 5785; x_wconf 87' lang='lat' dir='ltr'><strong>ergo</strong></span> <span class='ocrx_word' id='word_1_786' title='bbox 1219 5711 1404 5770; x_wconf 75' lang='lat' dir='ltr'><strong>altera</strong></span> <span class='ocrx_word' id='word_1_787' title='bbox 1425 5712 1599 5770; x_wconf 89' lang='lat' dir='ltr'><strong>lectio</strong></span> <span class='ocrx_word' id='word_1_788' title='bbox 1655 5719 1788 5771; x_wconf 89' lang='lat' dir='ltr'><strong>orta</strong></span> <span class='ocrx_word' id='word_1_789' title='bbox 1834 5722 2002 5785; x_wconf 73' lang='grc' dir='ltr'>ουτος,</span> <span class='ocrx_word' id='word_1_790' title='bbox 2035 5718 2096 5770; x_wconf 89' lang='lat' dir='ltr'><strong>ut</strong></span> <span class='ocrx_word' id='word_1_791' title='bbox 2119 5729 2251 5770; x_wconf 90' lang='lat' dir='ltr'><strong>mo-</strong></span> 
     </span>
    </p>
   </div>
   <div class='ocr_carea' id='block_1_113' title="bbox 2371 5711 3958 5786">
    <p class='ocr_par' dir='ltr' id='par_1_113' title="bbox 2434 5711 3958 5786">
     <span class='ocr_line' id='line_1_113' title="bbox 2434 5711 3958 5786; baseline -0.003 -16"><span class='ocrx_word' id='word_1_792' title='bbox 2434 5711 2547 5786; x_wconf 80' lang='lat'><strong>(82)</strong></span> <span class='ocrx_word' id='word_1_793' title='bbox 2575 5713 2643 5769; x_wconf 83' lang='grc' dir='ltr'><strong><em>Ἦ</em></strong></span> <span class='ocrx_word' id='word_1_794' title='bbox 2663 5713 2907 5780; x_wconf 73' lang='grc' dir='ltr'>πλησίον,</span> <span class='ocrx_word' id='word_1_795' title='bbox 2938 5712 3108 5772; x_wconf 88' lang='lat' dir='ltr'><strong>addit</strong></span> <span class='ocrx_word' id='word_1_796' title='bbox 3135 5715 3197 5771; x_wconf 86' lang='grc' dir='ltr'>Β.</span> <span class='ocrx_word' id='word_1_797' title='bbox 3225 5711 3479 5782; x_wconf 78' lang='lat' dir='ltr'><strong>Inclusa,</strong></span> <span class='ocrx_word' id='word_1_798' title='bbox 3499 5712 3563 5770; x_wconf 88' lang='lat' dir='ltr'><strong>in</strong></span> <span class='ocrx_word' id='word_1_799' title='bbox 3591 5712 3866 5786; x_wconf 72' lang='lat' dir='ltr'><strong>margine</strong></span> <span class='ocrx_word' id='word_1_800' title='bbox 3889 5716 3958 5769; x_wconf 74' lang='grc' dir='ltr'>Δ.</span> 
     </span>
    </p>
   </div>
  </div>
