4210 6494
279 438 388 499 965

1365 432 1743 495 COMMENT.
1783 435 1852 490 IN
1892 428 2167 491 LUC-AM.
2204 463 2272 475 —-
2307 433 2471 491 CAP.
2516 429 2585 488 X.

3649 31 3686 36 Η-
3767 15 3808 28 ud-
3841 7 3846 10 ³

1422 94 1429 95 κ
1482 94 1497 97 -
1576 92 1583 93 ί
1760 96 1815 99 κ-
2789 83 2826 90 ’““
2999 87 3032 94 "
3161 83 3227 105 νιν
3282 84 3499 105 .‘_-},...
3568 86 3619 101 :1-
3670 88 3737 101 ι...

284 567 392 621 ἀλλ’
423 563 512 620 οὖν
561 564 611 619 ἄν
670 563 873 641 βραχεῖ
900 571 1074 619 πᾶσαν
1125 566 1397 637 ὑποφαίνει
1453 568 1548 622 τὴν
1604 562 1885 635 φιλάνθρω-

2036 573 2197 614 ιωεῑι
2212 557 2406 614 verbis
2424 557 2682 615 ostendit
2698 557 3034 614 humanam
3050 562 3106 613 et
3124 553 3454 626 benignam
3467 556 3659 614 salva-

284 676 380 710 πον
432 656 730 728 οἰκονομίαν
790 663 882 708 τοῦ
940 662 1172 728 Σωτῆρος
1226 655 1391 727 ἡμῶν.
1447 652 1750 724 Ἄνθρωπον
1799 652 1888 723 μὲν

2036 646 2140 703 )ris
2186 647 2377 702 nostri
2418 646 2944 718 gubernationem.
3010 644 3323 700 Hominem
3364 644 3659 716 siquidem

289 751 390 818 γὰρ
447 752 659 817 νοοῦμεν
714 747 802 797 τὸν
848 741 1026 816 Ἀδὰμ
1068 747 1159 796 καὶ
1203 746 1319 803 τοὺς
1369 741 1421 805 ἐξ
1466 738 1639 814 Ἀδὰμ
1698 738 1891 814 ἀνθρώο

293 854 425 895 πους
452 854 464 867 ·
498 831 790 886 κατάϐασιν
820 829 854 885 δ
859 836 880 886 ε
925 831 1026 886 ἀπὸ
1063 831 1404 907 Ἰερουσαλὴμ
1448 830 1518 892 εἰς
1545 830 1773 903 Ἰεριχὼ,
1799 832 1891 886 τὴν

296 920 420 975 ὁδὸν
450 928 544 981 την
594 921 696 975 ἀπὸ
726 921 916 996 ἀρετῆς
944 922 1011 983 εἰς
1040 926 1249 989 κακίαν,
1279 927 1369 973 καί
1413 918 1514 971 ἀπὸ
1558 920 1793 978 ὑπακοῆς
1823 916 1895 979 εἰς

296 1015 588 1086 παρακοήν,
634 1016 724 1064 καὶ
755 1011 855 1064 ἀπὸ
887 1010 1054 1083 ὕψους
1079 1010 1360 1079 πολιτείας,
1397 1009 1470 1070 εἰς
1511 1007 1894 1079 χθαμαλοτητα

297 1096 588 1172 διαγωγῆς.
626 1100 824 1172 Ὑψηλή
875 1104 964 1174 μὲν
1001 1102 1103 1173 γὰρ
1151 1101 1183 1158 ἠ
1222 1097 1563 1174 Ἰερουσαλήμ
1588 1114 1600 1126 ·
1642 1095 1890 1169 χθαμαλὴ

297 1185 357 1242 δι
391 1192 420 1247 ἡ
448 1189 673 1264 Ἰεριχὼ.

372 1284 471 1332 Καὶ
533 1309 600 1320 -
656 1281 971 1352 περιέπεσεν.
1025 1274 1373 1338 Ὀδοστοίταις
1444 1275 1558 1348 (83)
1627 1271 1889 1347 δαίμοσιν.

1997 734 2379 806 intelligimus
2405 735 2628 799 Adam,
2658 740 2715 790 et
2739 733 2844 806 qui
2870 733 2949 790 ab
2979 734 3172 789 Adam
3203 732 3658 800 descenderunt,

2001 825 2315 882 universos
2343 841 2357 881 :
2382 824 2747 881 descensum
2771 828 2973 880 autem
2994 821 3072 879 ad
3092 821 3421 879 Jerusalem
3443 821 3503 878 in
3521 822 3662 879 leri-

1999 911 2134 983 cho,
2165 913 2326 969 viam
2353 929 2389 969 a
2412 913 2622 969 virtute
2643 911 2723 969 ad
2770 913 3005 978 vitium,
3036 916 3093 968 et
3116 910 3193 968 ab
3222 909 3565 969 obedientia
3584 910 3664 969 ad

2000 1001 2492 1069 inobedientiam,
2524 1008 2579 1058 et
2607 1018 2647 1061 a
2669 1001 2906 1059 sublimi
2932 1001 3064 1058 vitae
3093 999 3356 1057 instituto
3384 999 3463 1056 ad
3494 1004 3664 1056 terres

2000 1105 2144 1146 nam
2156 1090 2679 1149 conversationem
2703 1106 2717 1146 ε
2738 1094 2828 1147 est
2838 1091 2999 1147 enim
3016 1088 3347 1146 Jerusalem
3367 1087 3660 1158 sublimis,

2000 1179 2228 1238 Iericho
2258 1195 2399 1237 vero
2437 1179 2702 1238 humilis.

2072 1269 2239 1325 Vers.
2273 1273 2359 1326 30.
2392 1269 2473 1326 Et
2502 1269 2815 1327 -—incidit.
2847 1269 2912 1325 Id
2952 1274 3060 1335 est,
3095 1268 3422 1336 damones,
3459 1269 3564 1342 qui
3601 1268 3662 1327 in

1896 1426 1903 1431 θ
2004 1358 2098 1415 via
2124 1357 2486 1415 residebant.

369 1452 434 1506 Οἱ
471 1485 533 1494 -
565 1454 740 1508 αὐτόν.
780 1457 858 1507 Τὰ
889 1456 1074 1525 ἱμάτια
1115 1462 1210 1516 τῆς
1241 1452 1444 1526 ἀρετῆς,
1476 1457 1563 1505 τὸν
1612 1451 1765 1525 φόϐον
1804 1460 1894 1506 τοῦ

295 1549 431 1596 Θεοῦ
457 1544 510 1595 ὄν
536 1542 897 1616 περιεϐέϐλητο
920 1540 1074 1601 δίκην
1100 1550 1339 1615 χιτῶνος.

369 1637 471 1691 Καὶ
532 1664 603 1672 —
673 1630 923 1693 ἀπῆλθον.
991 1632 1202 1704 Πληγὰς
1275 1631 1536 1705 ψυχικὰς,
1620 1633 1895 1705 τραύματα

295 1720 584 1795 ἁμαρτιῶν,

366 1808 597 1883 Ἀφέντες
698 1812 923 1884 ἡμιθανῆ
1004 1813 1359 1883 τυγχάνοντα.
1460 1810 1546 1873 Ἐξ
1648 1810 1896 1877 ἡμισείας

300 1900 484 1957 θνητόν
529 1904 816 1973 γενόμενον.
871 1908 945 1973 Τῇ
1005 1899 1160 1973 ψυχῇ
1219 1903 1320 1975 γὰρ
1381 1897 1635 1961 ἀθάνατος
1696 1904 1893 1971 μείνας,
1931 1925 1966 1977 Β

296 1995 370 2058 τῷ
416 1995 623 2061 σώματι
671 1991 903 2048 τέθνηκε.
963 1993 1033 2042 Τὸ
1083 1986 1143 2042 δε
1192 1987 1444 2053 ἀπῆλθον,
1496 1993 1587 2039 καὶ
1634 1991 1692 2041 τὸ
1749 1986 1897 2059 ἀφέν-

298 2095 401 2139 τες,
461 2077 519 2129 οὐ
575 2082 992 2152 περιεργαστέον,
1045 2074 1139 2131 διὰ
1202 2082 1289 2137 τὴν
1347 2078 1459 2149 (84)
1504 2075 1741 2140 ἐξουσίαν
1802 2084 1898 2139 τῆς

300 2164 568 2239 παραϐολῆ
578 2187 621 2228 ς.

373 2255 523 2308 Κατὰ
540 2259 827 2328 συγκυρίαν
846 2285 911 2298 --
928 2253 1114 2323 ἐκείνη.
1135 2260 1400 2328 Συγκυρία
1417 2258 1525 2326 μεν,
1548 2256 1576 2314 ἡ
1600 2259 1865 2327 συντυχία
1882 2272 1894 2284 °

303 2344 468 2416 ἱερεὺς
497 2339 573 2407 δε,
608 2345 634 2394 ὁ
666 2339 758 2395 διὰ
784 2348 1046 2406 Μωϋσέως
1070 2340 1241 2406 δοθεὶς
1266 2349 1437 2417 νόμος,
1471 2347 1538 2404 ὡς
1562 2350 1678 2417 περὶ
1706 2345 1897 2397 θυσιῶν

301 2426 684 2502 διαλεγόμενος.

372 2522 477 2574 Καὶ
534 2516 661 2572 ἰδὼν
716 2520 872 2573 αὐτὸν
925 2519 1293 2597 ἀντιπαρῆλθε·
1361 2518 1698 2596 Παρέδραμεν
1744 2522 1897 2575 αὐτὸν

299 2608 462 2668 οὕτως
491 2612 701 2680 ἔχοντα,

366 2695 593 2769 Ὁμοίως
664 2729 733 2739 -—
805 2697 1173 2772 ἀντιπαρῆλθε.
1273 2702 1496 2759 Λευίτην
1576 2701 1897 2759 ὑποληπτέον

295 2784 519 2839 ἐνταῦθα
549 2791 637 2840 τὸν
679 2787 830 2859 λόγον
879 2797 977 2840 τῶν
1023 2798 1319 2864 προφητῶν,
1380 2792 1449 2851 ὡς
1501 2786 1897 2863 διακονούμενον

294 2882 403 2936 τοῖς
427 2874 750 2948 ἐπιτάγμασι
782 2886 871 2930 τοῦ
904 2883 1053 2931 Θεοῦ.

367 2970 691 3039 Σαμαρείτης
743 2998 806 3008 —
855 2965 1278 3040 ἐσπλαγχνίσθη.
1340 2974 1668 3045 Σαμαρείτης
1709 2975 1899 3023 νόείται

296 3061 384 3106 νῦν
415 3056 441 3106 ὁ
469 3059 715 3129 Χριστὸς,
756 3059 824 3117 ὡς
875 3058 970 3110 ὀπό
999 3066 1099 3109 τῶν
1129 3056 1365 3111 ἀπίστων
1409 3056 1681 3112 Ἰουδαίων
1726 3067 1899 3133 Σαμα-

298 3147 470 3217 ρείτης
491 3147 813 3218 ὀνομασθείς.

368 3231 437 3286 Ἠ
468 3238 578 3299 καὶ,
620 3237 685 3296 ὡς
715 3235 774 3286 οὐ
822 3239 973 3307 μόνον
1002 3232 1293 3305 Ἰουδαίων,
1331 3234 1458 3288 ἀλλὰ
1487 3241 1680 3298 παντὸς
1725 3240 1901 3300 ἔθνους

299 3324 475 3393 φύσιν,
526 3319 618 3375 διὰ
667 3330 758 3375 τοῦ
810 3322 1224 3397 προσλήμματος
1265 3324 1395 3396 (85),
1451 3324 1896 3399 περιϐαλλόμενος.

295 3412 479 3472 Ἔθνος
505 3413 629 3485 γὰρ,
657 3413 707 3463 οἱ
737 3418 1072 3486 Σαμαρεῖται.

371 3593 473 3642 Καὶ
498 3619 566 3628 -
593 3587 775 3643 αὐτοῦ.
802 3595 886 3660 Τῷ
919 3585 1098 3663 δεσμῷ
1119 3599 1216 3652 τῆς
1242 3587 1618 3655 διδασκαλιας.

372 3677 628 3750 Ἐπιχίων
703 3707 771 3718 —
827 3678 980 3734 οἶνον.
1039 3679 1358 3752 Ἦμερότητα
1427 3687 1517 3734 καὶ
1570 3682 1780 3753 στύψιν.
1839 3682 1897 3736 Ἠ

300 3761 629 3819 διδασκαλία
669 3768 771 3840 γὰρ
802 3766 985 3832 αὐτοῦ,
1014 3776 1085 3827 πῆ
1115 3771 1207 3840 μὲν
1252 3771 1454 3845 ἡμέρως
1497 3770 1765 3845 προϐαίνει
1808 3776 1897 3825 καὶ

301 3854 526 3927 ἰλαρύνει
555 3869 569 3886 ⁸
616 3865 687 3915 πῆ
750 3852 809 3909 δε
865 3860 1048 3929 στύφει
1094 3863 1185 3911 καὶ
1238 3855 1437 3928 δάκνει,
1497 3865 1587 3913 καὶ
1636 3860 1797 3923 οὕτως
1841 3858 1895 3915 εὖ

297 3948 565 4019 κέκραται,
594 3950 683 3997 καὶ
711 3944 1019 4021 ἑκατέρωθεν
1042 3946 1241 4019 ὠφελεῖ.

368 4122 715 4186 Ἐπιϐιϐοίσας
772 4155 839 4165 -ο
896 4133 1101 4188 κτῆνος.
1155 4126 1273 4180 Ἐπὶ
1326 4131 1384 4181 τὸ
1440 4125 1579 4182 ἴδιον
1633 4139 1802 4203 σῶμα,
1837 4136 1894 4184 τὸ

293 4216 588 4267 κτείνεσθαι
651 4215 762 4285 (86)
839 4213 1042 4287 μέλλον,
1111 4221 1371 4286 τουτέστι,
1454 4217 1732 4291 βαστάσας
1806 4224 1895 4282 τὰς

297 4303 564 4366 ἀσθενείας
617 4303 777 4356 αὐτοῦ
839 4300 931 4356 διὰ
984 4313 1077 4368 τῆς
1137 4306 1561 4379 προσληφθείσης
1627 4310 1898 4384 ἀνθρωπό-

297 4411 470 4455 τητος.

369 4480 599 4552 Ἠγαγεν
674 4479 829 4533 αὐτὸν
887 4482 959 4543 εἰς
1032 4480 1370 4556 πανδοχεῖον.
1443 4482 1787 4558 Πανδοχεῖον,
1860 4490 1890 4545 ἡ

299 4568 588 4627 Ἐκκλησία
655 4578 757 4622 τῶν
817 4581 1036 4637 πιστῶν,
1110 4574 1175 4634 ὡς
1230 4580 1331 4627 πᾶν
1400 4578 1538 4646 γένος
1614 4574 1894 4649 ἀνθρώπων

299 4652 563 4729 δεχομένη
575 4700 586 4712 .

369 4747 476 4801 Καὶ
570 4747 781 4820 ἐπεμελή
792 4751 853 4808 θη
962 4750 1145 4807 αὐτοῦ.

297 4834 480 4891 αὐτοῦ.

348 4928 472 4991 ,Καὶ
512 4955 582 4967 -
612 4924 843 4989 ἐξελθών.
896 4928 1040 4983 Μετὰ
1081 4932 1266 5005 μικρὸν
1314 4931 1427 5004 (87)
1475 4930 1745 4987 ἀποθανων
1801 4940 1892 4989 καὶ

296 5012 508 5077 ἆξελθών
540 5014 642 5068 ἀπὸ
672 5023 765 5068 τοῦ
793 5020 1017 5089 κόσμου.

366 5101 625 5157 Ἐκϐαλὼν
699 5136 765 5146 —
833 5105 1014 5161 αὐτοῦ.
1090 5105 1222 5171 Ἕως
1294 5111 1385 5181 μὶν
1448 5113 1550 5183 γὰρ
1617 5112 1732 5182 ἔζη,
1802 5114 1894 5167 αὗ-

293 5194 383 5254 τός
443 5191 558 5267 (88)
624 5192 911 5266 ἕπεμελείτο
976 5203 1075 5249 τῶν
1133 5195 1358 5251 ἀσθενῶν
1386 5216 1399 5230 ο
1469 5199 1737 5256 ἀποθανὼν
1810 5200 1890 5277 δε,

1238 4752 1416 4811 Ἐποιή
1425 4771 1554 4806 σατο
1649 4759 1894 4830 πρόνοιαν

1928 4634 1974 4688 D

2074 1447 2238 1503 Vers.
2264 1450 2349 1503 30.
2386 1447 2498 1515 Qui
2515 1478 2584 1487 —
2607 1462 2759 1505 eum.
2789 1447 3164 1507 Vestimenlis
3184 1448 3435 1521 virtutis,
3457 1447 3664 1506 timore

2004 1534 2126 1599 Dei,
2149 1550 2266 1607 quo
2298 1536 2358 1590 in
2379 1536 2633 1592 modum
2658 1537 2840 1592 vestis
2870 1536 3276 1594 circumdatus
3305 1543 3450 1595 erat.

2074 1624 2236 1680 Vers.
2253 1626 2434 1682 30.Et
2448 1625 2824 1683 --abierunt.
2847 1626 3075 1682 Animae
3086 1625 3296 1699 plagis,
3315 1626 3664 1683 vulneribus

2000 1718 2408 1786 peccatorum.

2073 1803 2233 1860 Vers.
2262 1804 2350 1859 30.
2383 1803 2800 1876 Retinquentes
2826 1805 3288 1862 semimortuam.
3316 1808 3395 1862 Ex
3414 1804 3664 1863 dimidio

2004 1892 2228 1949 factum
2286 1892 2640 1949 mortalem:
2685 1892 2851 1964 juxta
2897 1894 3167 1950 animam
3223 1895 3386 1952 enim
3445 1895 3667 1953 mansit

2006 1981 2383 2051 immortalis,
2405 1998 2650 2055 corpore
2669 1998 2809 2038 vero
2838 1988 3099 2039 mortuus
3127 1988 3237 2041 est.
3270 1984 3441 2051 Quod
3462 1991 3664 2042 autem

2006 2070 2220 2127 dicitur
2249 2090 2263 2130 :
2297 2071 2593 2137 abierunt,
2625 2076 2682 2127 et
2705 2070 3123 2144 relinquentes,
3158 2088 3281 2131 non
3325 2080 3413 2131 est
3440 2073 3516 2131 de
3551 2073 3665 2132 hoc

2006 2161 2237 2217 curiose
2254 2160 2644 2217 scrutandum
2665 2167 2908 2234 propter
2932 2178 3209 2219 normam
3229 2164 3551 2234 parabolas.

2078 2251 2247 2308 Vers.
2289 2254 2375 2306 3t.
2424 2250 2578 2309 Casu
2620 2281 2690 2291 —
2724 2251 2855 2307 itta.
2905 2251 3213 2320 Sacerdos,
3263 2252 3377 2309 hoc
3418 2259 3527 2321 est,
3573 2254 3667 2312 lex

2008 2340 2151 2396 data
2206 2356 2310 2413 per
2365 2342 2642 2412 Moysem,
2699 2344 2901 2412 utpote
2956 2340 3029 2396 de
3106 2341 3414 2398 sacriﬁciis
3465 2342 3667 2415 dispu-

2009 2434 2164 2485 tans.

2080 2520 2241 2574 Vers.
2270 2517 2360 2574 31.
2425 2517 2670 2589 Visoque
2694 2518 2803 2573 illo
2845 2518 3148 2588 prateriit.
3208 2518 3555 2577 Pertransiit
3596 2521 3665 2578 il-

2007 2607 2155 2675 lum,
2188 2624 2326 2663 cum
2365 2607 2448 2677 ita
2474 2608 2645 2667 male
2674 2606 2919 2664 affectus
2957 2612 3131 2664 esset.

2079 2698 2242 2753 Vers.
2289 2697 2377 2751 32.
2420 2695 2711 2753 Similiter
2761 2697 3061 2769 praeteriit.
3109 2698 3213 2754 Per
3259 2698 3500 2756 levitam
3552 2699 3668 2758 hoc

2006 2785 2142 2844 loco
2183 2786 2565 2859 accipiendus
2609 2791 2697 2842 est
2736 2801 2936 2843 sermo
2982 2787 3428 2860 prophetarum,
3464 2796 3667 2862 utpote

2010 2876 2112 2931 Dei
2125 2876 2148 2948 j
2162 2874 2499 2932 ussionibus
2545 2875 3024 2932 subministrans.
3284 2938 3289 2943 ,

2078 2965 2243 3022 Vers.
2266 2967 2355 3022 33.
2387 2967 2811 3023 Samaritanus
2834 2998 2904 3006 —
2920 2966 3326 3024 misericordia
3351 2974 3541 3025 motus
3560 2976 3665 3027 est.

2010 3057 2423 3113 Samaritanus
2452 3055 2798 3126 intelligitur
2826 3072 2988 3113 nunc
3038 3057 3321 3129 Christus,
3356 3064 3559 3131 utpote
3591 3064 3669 3117 ab

2010 3144 2333 3201 incredulis
2360 3145 2581 3201 Iudaeis
2613 3146 3022 3201 Samaritanus
3052 3146 3416 3218 appellatus.

2080 3234 2183 3290 Vel
2274 3235 2452 3290 etiam
2530 3248 2653 3289 non
2718 3233 3065 3291 Judworum
3125 3239 3383 3303 tautum,
3453 3238 3554 3293 sed
3613 3242 3671 3295 et

2009 3327 2362 3381 cunctarum
2379 3322 2644 3392 gentium
2662 3328 2938 3378 naturam
2964 3337 3069 3395 per
3090 3322 3287 3381 carnis
3309 3326 3670 3398 assumptio-

2009 3428 2150 3470 nem
2178 3411 2564 3484 amplectens.
2610 3410 2966 3469 Samaritani
3011 3413 3172 3469 enim
3223 3418 3363 3471 sunt
3389 3416 3668 3486 quaedam

2007 3502 2172 3559 natio
2202 3501 2491 3571 gentium.

2079 3590 2245 3647 Vers.
2268 3590 2361 3648 34.
2385 3591 2460 3646 Et
2489 3620 2557 3629 —
2587 3590 2736 3660 ejus.
2767 3588 3015 3647 Vinculo
3037 3588 3346 3648 doctrinae.

2080 3682 2238 3737 Vers.
2262 3680 2355 3738 34.
2381 3679 2713 3748 Infundens
2730 3710 2801 3720 —
2824 3680 3045 3737 vinum.
3072 3680 3401 3739 Lenitatem
3420 3698 3490 3738 ac
3513 3698 3669 3740 mor-

2006 3769 2350 3827 dacitatem.
2382 3768 2659 3826 Doctrina
2699 3769 2860 3826 enim
2887 3769 3018 3842 ejus
3048 3769 3191 3827 alibi
3221 3770 3469 3843 quidem
3500 3789 3668 3830 man-

2007 3864 2169 3916 suete
2215 3857 2484 3931 procedit
2512 3863 2570 3915 et
2623 3857 3283 3917 exhilaratzinterdum
3337 3877 3480 3919 vero
3539 3878 3669 3935 per-

2007 3949 2242 4020 stringit
2271 3965 2342 4006 ac
2395 3947 2629 4007 mordet
2672 3965 2684 4004 :
2716 3952 2776 4005 et
2797 3948 2885 4007 ita
2930 3949 3177 4022 pulchre
3208 3954 3540 4022 temperata
3580 3957 3668 4010 est

2005 4054 2076 4096 ac
2118 4038 2384 4112 undique
2430 4038 2631 4110 jjuvat.

2076 4130 2233 4184 Vers.
2336 4128 2426 4182 34.
2507 4128 2585 4183 Et
2604 4127 2913 4198 imponens
3014 4160 3081 4170 —
3141 4130 3499 4199 jumentum.
3584 4134 3667 4188 lta

2003 4218 2317 4290 proprium
2364 4232 2597 4287 corpus,
2647 4217 2809 4290 quod
2859 4217 3261 4273 occidendum
3317 4224 3438 4275 erat
3485 4237 3500 4275 :
3553 4219 3668 4276 hoc

2004 4311 2112 4374 est,
2129 4311 2377 4377 portans
2393 4305 2762 4361 inﬁrmitates
2777 4305 2828 4377 ej
2840 4323 2906 4361 us
2927 4320 3034 4377 per
3051 4310 3430 4377 assumptam
3447 4307 3664 4365 huma-

2004 4396 2272 4452 nitatem.

2078 4484 2238 4540 Vers.
2314 4483 2409 4541 34.
2501 4483 2690 4540 Duxit
2766 4482 2832 4538 in
2907 4482 3315 4540 diversorium.
3401 4484 3668 4542 Diverso-

2006 4574 2161 4631 rium
2189 4578 2277 4631 est
2305 4573 2588 4639 Ecclesia,
2619 4588 2757 4645 qum
2805 4587 2982 4629 omne
3023 4587 3210 4644 genus
3236 4571 3558 4631 hominum
3578 4590 3664 4631 re-

2005 4664 2170 4737 cipit.

2073 4754 2238 4812 Vers.
2261 4755 2351 4812 34.
2376 4755 2456 4811 Et
2482 4769 2692 4812 curam
2710 4753 2876 4812 illius
2900 4755 3042 4827 egit.
3064 4754 3379 4813 Rationem
3414 4756 3545 4830 ejus
3559 4757 3664 4818 ha-

2001 4844 2150 4913 buit,
2179 4848 2238 4903 et
2256 4846 2328 4901 de
2353 4860 2425 4901 eo
2446 4844 2724 4917 providit.

2074 4935 2244 4993 Vers.
2276 4939 2367 4993 35.
2402 4936 2492 4992 Ac
2519 4965 2590 4976 --
2639 4949 2926 5006 egressus.
2957 4935 3101 4994 Post
3146 4934 3386 5010 aliquod
3430 4940 3666 5009 tempus

2004 5029 2275 5081 mortuus
2305 5028 2363 5080 et
2391 5023 2466 5079 de
2496 5023 2726 5080 mundo
2764 5038 3059 5095 egressus.

2072 5113 2355 5171 Vers..35.
2397 5114 2788 5183 Depromptos
2822 5144 2888 5155 -—
2931 5114 3123 5173 illius.
3148 5113 3350 5175 Donec
3379 5113 3618 5171 vivebat
3646 5129 3663 5171 :

2002 5203 2134 5277 ipse
2185 5218 2394 5260 curam
2452 5201 2716 5269 habebat
2742 5202 3123 5262 inﬁrmorum
3162 5221 3177 5262 :
3208 5203 3309 5261 ubi
3337 5220 3482 5262 vero
3510 5218 3669 5260 mor-

1512 5407 1740 5479 Variae
1767 5409 2095 5481 lectiones
2134 5418 2203 5481 et
2237 5421 2443 5481 notas.

517 5622 863 5699 Ἐγκαθίτοις,
898 5624 1385 5699 prasstolantibus
1416 5630 1469 5687 in
1509 5632 1640 5688 viis.

516 5700 627 5765 Aid:
674 5700 731 5750 τὸ
790 5697 1116 5777 ξξουήσιάζειν
1173 5704 1268 5759 τὴν
1321 5702 1621 5777 παραϐολήν
1680 5705 1728 5760 ἐν
1780 5715 1895 5771 ταῖς

296 5768 568 5856 τοιαύταις
597 5771 988 5856 περιστάσεσιν.

371 5840 489 5911 (85)
527 5847 630 5902 Τῆς
654 5840 1036 5916 ἰνσαρκὼσεως.

2075 5639 2168 5713 (_86
2193 5635 2390 5707 )Ludit
2408 5638 2469 5695 in
2482 5637 2869 5696 similitudine
2890 5637 3261 5713 syllabarum
3285 5648 3489 5710 κτῆνος,
3503 5657 3669 5695 κτειν-

2002 5710 2202 5836 νεσὲζι.
2226 5786 2417 5855 Καιρὸν
2455 5797 2563 5854 pro
2587 5802 2683 5855 μικ
2719 5786 2794 5838 όν.
2822 5788 2880 5838 Β.

2074 5781 2192 5926 (88)
2236 5853 2400 5918 Αὐτός
2450 5854 2639 5913 codex
2682 5800 2880 5916 Shwt

2102 5781 2167 5836 87
2226 5786 2417 5855 Καιρὸν
2455 5797 2563 5854 pro
2587 5802 2683 5855 μικ
2719 5786 2794 5838 όν.
2822 5788 2880 5838 Β.

2102 5781 2192 5928 88)
2236 5853 2400 5918 Αὐτός
2450 5854 2639 5913 codex
2682 5800 2935 5916 Ehabet
2970 5858 3107 5929 post
3136 5855 3453 5931 επεμελείτο.
