4210 6444
613 313 719 368 963
1932 305 2281 368 EUTHYMII
2323 306 2652 367 ZIGABENI
3889 311 4013 370 964

613 455 746 494 rum
770 438 1028 510 ipsiuset
1057 437 1275 494 anime:
1289 436 1487 502 simul,
1519 435 1854 508 etcorporis
1876 434 2269 491 habuerimus

2345 477 2350 486 .
2386 442 2482 485 τῶν
2525 434 2734 488 ἐντολων
2755 436 2936 504 αὐτοῦ,
2969 441 3057 489 καὶ
3089 439 3294 508 ἔχωμεν
3323 436 3594 508 ψυχικοὺς
3615 437 3724 509 ἅμα
3753 444 3844 490 καὶ
3890 459 4007 490 σω-

616 526 822 582 oculos
849 533 1005 580 recte
1036 526 1353 588 intuentes,
1389 542 1684 598 auresque
1734 532 1887 580 recte
1935 523 2266 589 audientes,

2382 531 2638 595 ματικοὺς
2676 526 2986 599 ὀφθαλμοὺς,
3024 527 3152 600 ὀρθὰ
3184 525 3485 599 βλέποντας,
3509 535 3598 580 καὶ
3631 531 3694 579 τὰ
3721 526 4007 603 ὧτα,ὀρθὰ

617 613 696 670 ad
727 631 838 670 nos
864 615 1041 669 etiam
1090 613 1339 669 omnino
1390 621 1779 677 convertatur,
1813 619 1868 668 et
1908 612 2204 684 mysteriis
2238 628 2271 664 ιι

2383 612 2656 680 ἀκούοντα,
2692 618 2897 676 πάντως
2956 622 3316 687 στραφήσεται
3372 621 3462 667 καὶ
3518 620 3648 688 πρὸς
3697 619 3858 688 ἡμᾶς,
3904 625 4006 670 καὶ

616 703 792 774 vulgo
819 703 1185 758 absconditis
1223 703 1586 773 dignabitur.

2383 701 2590 764 ἀξιώσει
2623 711 2929 778 μυστηρίων
2954 703 3253 779 ἀπορρήτων
3277 712 3385 766 τοῖς
3412 705 3635 766 πολλοῖς.

853 793 1005 848 CAP.
1050 793 1242 848 XXXV.
1273 792 1354 848 De
1383 798 1644 848 tentante
1672 791 2029 862 legispert'to.
2490 799 2515 844 tt

2490 799 2634 846 ΚΕΦ.
2677 794 2796 849 ΛΕ’.
2842 799 2964 868 Περὶ
3019 802 3108 845 τοῦ
3148 798 3565 867 ἐπερωτήσαντος
3602 803 3841 867 νοιιιικοὺ.

688 882 847 936 Vers.
877 883 964 935 ‘25.
981 882 1186 937 Etecce
1211 880 1585 950 —possidebo
1605 882 1632 936 Ἰ
1656 881 1985 952 lllaqueare
2020 877 2269 950 putabat

2453 881 2551 934 Καὶ
2613 879 2729 933 ἰδοὺ
2792 914 2859 922 —
2916 882 3339 954 κληρονομησω;
3390 880 3760 954 Προσεδόκησε
3822 904 3997 954 παγι-

614 969 930 1035 Christum,
964 969 1011 1024 si
1042 969 1357 1041 quippiam
1405 969 1518 1038 legi
1548 972 1911 1024 contrarium
1945 967 2062 1022 ullo
2092 973 2267 1038 pacto

2379 966 2563 1022 δεῦσαι
2595 976 2681 1022 τὸν
2723 975 2952 1044 Χριστὸν
3001 972 3069 1032 εἰς
3116 976 3171 1023 τὸ
3221 974 3426 1034 πάντως
3482 973 3720 1034 ἐπιτάξαι
3767 992 3818 1024 τι
3851 976 3998 1025 ἐναν-

615 1059 872 1116 doceret.
900 1059 1046 1114 Dicit
1065 1075 1207 1127 ergo
1251 1075 1260 1111 :
1298 1059 1448 1124 Quid
1475 1058 1736 1129 faciendo
1762 1062 1940 1113 vitam
1991 1064 2264 1113 aeternam

2376 1064 2481 1110 τίον
2513 1069 2583 1130 τῷ
2630 1081 2790 1132 νομῳ.
2857 1065 3005 1130 Λέγει
3047 1068 3191 1131 γοῦν,
3247 1066 3311 1113 Τί
3363 1066 3593 1122 ποιήσας
3649 1067 3788 1122 ζωὴν
3858 1063 3993 1114 αἰω-

610 1149 936 1218 possidebo,
951 1163 1138 1220 quam
1164 1147 1389 1219 papulo
1405 1147 1726 1202 annuntias
1751 1147 1778 1201 ‘I
1809 1147 2054 1214 Cognita
2066 1151 2265 1200 autem

2376 1157 2480 1202 νίον
2528 1149 2920 1224 κληρονομήσω,
2971 1151 3030 1207 ἣν
3077 1149 3435 1220 καταγγέλλεις
3482 1159 3554 1221 τῷ
3613 1151 3718 1221 λαῷ
3777 1171 3790 1218 ;
3829 1157 3994 1212 Γνοὺς

615 1237 769 1292 illius
795 1236 1078 1302 versutia,
1109 1235 1375 1292 Salvator
1412 1236 1491 1291 ad
1519 1235 1712 1306 legem
1745 1237 1942 1308 ipsum
1983 1233 2222 1290 remittit
2251 1252 2263 1298 ;

2380 1234 2437 1290 δε
2495 1243 2584 1296 τὴν
2640 1243 2824 1290 τούτου
2877 1244 3197 1311 πανουργίαν
3247 1240 3497 1311 ὁΣωτήρ,
3558 1238 3640 1292 ἐπὶ
3693 1244 3780 1292 τὸν
3823 1247 3990 1313 νόμον

616 1325 789 1382 simul
811 1325 1056 1398 quidem
1081 1325 1530 1381 conatumillius
1544 1325 1855 1397 repellens,
1881 1323 2057 1379 simul
2087 1323 2265 1378 etiam

2378 1327 2531 1378 αὐτὸν
2589 1332 2923 1400 παραπέμπει
2978 1347 2991 1360 ·
3047 1328 3159 1399 οἶμα
3217 1331 3328 1399 μὲν,
3403 1323 3810 1400 διακρουόμενος
3890 1337 3991 1388 τήν

615 1431 874 1486 arguens
899 1413 1084 1483 illum,
1117 1415 1277 1486 quod
1318 1431 1444 1470 sese
1469 1429 1572 1486 pro
1605 1415 1829 1469 virtutis
1852 1413 2073 1468 cultore
2100 1427 2264 1480 gere-

2376 1424 2553 1488 πείραν
2584 1417 2742 1468 αὐτοῦ
2771 1435 2783 1446 '
2821 1417 2930 1488 ἅμα
2971 1413 3048 1481 δὲ,
3100 1415 3325 1488 ἐλέγχων
3385 1416 3560 1486 αὐτὸν,
3622 1418 3852 1489 οἰομενον
3896 1425 3988 1491 μὲν

612 1510 718 1569 ret,
752 1519 891 1559 cum
929 1519 1051 1558 non
1107 1510 1284 1568 esset,
1339 1503 1517 1559 veluti
1575 1502 1708 1558 ﬁnis
1753 1501 2034 1557 indicabit
2085 1516 2264 1573 para-

2377 1503 2504 1557 εἷναι
2532 1505 2782 1577 ἐνάρετον,
2815 1512 2885 1578 μὴ
2921 1509 3041 1557 ὄντα
3067 1502 3126 1558 δέ
3155 1525 3167 1537 ·
3203 1508 3271 1566 ὡς
3315 1501 3474 1568 δείξει
3497 1509 3554 1558 τὸ
3585 1506 3723 1567 τέλος
3752 1515 3844 1569 τῆς
3889 1529 3989 1560 πα-

610 1593 787 1650 bolaa.

2374 1593 2614 1669 ραϐολῆς.

686 1682 850 1739 Vers.
883 1687 971 1738 26.
1009 1683 1137 1752 Ipse
1175 1697 1312 1738 vero
1355 1713 1416 1722 -
1443 1683 1616 1752 legis?
1646 1681 1816 1746 Quod
1865 1681 2149 1752 scriptum
2179 1685 2266 1734 est

2446 1684 2502 1734 '0
2536 1680 2592 1736 δὲ
2657 1714 2717 1724 -
2754 1683 3122 1753 ἀναγινώσκεις
3155 1684 3268 1751 ('77)
3321 1700 3333 1749 ;
3383 1689 3440 1735 Γί
3482 1688 3774 1757 γέγραπται
3804 1691 3982 1757 μεῖζον

614 1773 808 1842 majus
852 1777 1215 1844 praeceptum
1247 1773 1274 1827 ?
1313 1771 1628 1836 Quomodo
1658 1771 1805 1840 legis
1861 1770 2092 1840 majora
2119 1768 2264 1838 legis

2323 1780 2340 1834 ι
2376 1771 2643 1844 Euri/pa;
2687 1780 2801 1833 Ηώς
2847 1771 3213 1842 ἀναγινώσκεις
3266 1774 3358 1833 τὰς
3396 1776 3611 1844 μείζους
3655 1773 3854 1836 ἐντολὰς
3892 1787 3985 1829 τοῦ

615 1867 905 1934 praecepta
932 1861 960 1917 τ
985 1861 1063 1916 De
1097 1861 1421 1931 majoribus
1468 1876 1732 1933 namque
1781 1861 1984 1932 ipsum
2023 1859 2265 1914 interro-

2132 1873 2265 1913 :rro-
2374 1868 2530 1933 νομου
2567 1878 2579 1927 ;
2608 1867 2730 1936 Περὶ
2766 1870 2858 1914 τῶν
2896 1862 3146 1934 μειξονων
3182 1864 3282 1936 γὰρ
3314 1861 3467 1912 αὑτὸν
3507 1862 3794 1934 ἠρώτησεν.

611 1951 791 2021 gavit.

686 2039 848 2094 Vers.
877 2040 965 2094 37.
1000 2040 1074 2093 At
1107 2039 1206 2095 ille
1241 2071 1297 2079 —
1332 2039 1495 2095 Vers.
1529 2040 1617 2092 28.
1666 2037 2039 2107 respondisti.
2091 2039 2263 2092 Recte

2445 2041 2502 2092 Ὀ
2557 2037 2614 2093 δὲ
2685 2071 2748 2080 -
2802 2038 3101 2112 ἀπεκρίθης.
3158 2039 3356 2112 Ὀρθῶς
3419 2037 3770 2114 ἀποκριθῆναι
3823 2042 3977 2094 αὑτὸν

612 2127 779 2184 illum
828 2129 1209 2200 respondisse
1276 2129 1417 2184 dixit
1471 2147 1483 2183 :
1533 2137 1595 2185 ut
1633 2129 1736 2200 qui
1776 2128 1896 2182 dno
1937 2125 2263 2182 recitaverit

2376 2127 2530 2197 εἶπεν,
2563 2134 2626 2189 ὡς
2665 2132 2753 2190 τὰς
2794 2125 2890 2181 δύο
2920 2128 3121 2188 ἐντολὰς
3155 2128 3556 2198 ἀπαγγείλαντα.
3592 2128 3845 2200 Ἐχονται
3871 2135 3974 2205 γάρ

612 2224 929 2290 prtecepta,
959 2234 1094 2288 quae
1126 2217 1204 2272 ad
1246 2235 1305 2271 se
1336 2218 1589 2272 invicem
1624 2223 2075 2277 connectuntur,
2118 2216 2267 2269 sicut

2377 2218 2625 2286 ἀλλήλων,
2657 2223 2719 2279 ως
2755 2217 2802 2270 ὲν
2841 2227 2912 2285 τῷ
2939 2226 3274 2286 πεντηκοστῷ
3307 2220 3534 2291 τετάρτῳ
3583 2219 3839 2290 κεφαλαίῳ
3888 2229 3978 2272 τοῦ

609 2307 1118 2380 quinquagesimo
1140 2313 1354 2380 quarto
1373 2308 1544 2378 juxta
1557 2307 1892 2362 Matthaaum
1924 2304 2120 2377 capite
2141 2320 2267 2360 ma-

2375 2313 2509 2360 κατά
2541 2311 2804 2361 Ματθαῖον
2837 2304 3151 2363 δεδήλωται.
3196 2305 3396 2378 Ἕτερος
3446 2303 3505 2358 δε
3536 2306 3674 2359 ἐστιν
3712 2309 3737 2360 ὁ
3766 2314 3977 2380 νομικὸς

611 2396 954 2452 nifestatum
973 2402 1080 2452 est.
1115 2397 1276 2452 Alius
1303 2404 1500 2452 autem
1518 2403 1643 2452 erat
1672 2395 1768 2450 hic
1795 2394 2170 2466 legisperitus
2195 2408 2266 2448 ac

2376 2398 2538 2460 οὗτος,
2567 2402 2709 2472 παρα
2735 2400 2821 2448 τὸν
2875 2397 2974 2447 ὑπὸ
3009 2397 3283 2448 Ματθαίου
3322 2402 3411 2447 καὶ
3428 2398 3641 2468 Μάρκου
3660 2405 3973 2467 μνημονευο-

610 2502 701 2557 eo,
745 2487 819 2542 de
837 2503 953 2560 quo
981 2504 1015 2541 a
1047 2487 1314 2542 Matthteo
1343 2492 1400 2541 et
1423 2486 1618 2540 Marco
1640 2485 1795 2540 facta
1824 2491 1912 2539 est
1939 2484 2163 2539 mentio
2192 2484 2263 2534 τί.
2375 2506 2544 2559 μενον.

682 2575 848 2630 Vers.
891 2576 979 2630 28.
1016 2577 1128 2630 Hoc
1157 2575 1412 2630 -vives.
1449 2578 1584 2640 Hoc,
1617 2573 1775 2646 quod
1792 2588 1951 2628 nunc
1982 2570 2262 2635 recitasti,

2445 2584 2609 2629 Τοῦτο
2650 2607 2716 2616 -
2769 2580 2931 2648 ζήσῃ.
2981 2581 3162 2641 Τοῦτο,
3221 2575 3246 2626 ὃ
3306 2573 3616 2646 ἀπήγγειλας
3663 2580 3769 2631 νῦν.
3803 2580 3958 2624 τοῦτο

611 2663 751 2728 hoc,
783 2665 1055 2735 inquam,
1087 2663 1178 2718 {ac
1209 2671 1265 2717 et
1295 2663 1453 2719 vives
1487 2663 1604 2718 vita
1634 2670 1873 2727 aeterna,
1907 2677 2028 2733 qua
2060 2662 2267 2716 vivunt

2375 2672 2530 2728 ποίει,
2557 2671 2645 2717 καὶ
2674 2666 2810 2736 ζηση
2849 2665 2987 2724 ζωὴν
3018 2664 3243 2728 αἰώνιον,
3286 2666 3396 2715 οἷαν
3439 2664 3595 2724 ζῶσιν
3629 2664 3676 2714 οἱ
3702 2664 3795 2723 τὰς
3836 2660 3969 2714 ἐντο-

610 2752 774 2824 justi,
809 2753 912 2824 qui
939 2752 1066 2807 haec
1089 2758 1383 2823 praacepta
1412 2757 1813 2807 servaverunt.
1851 2751 2051 2805 Docuit
2080 2750 2264 2821 siqui-

2375 2756 2465 2815 λας
2504 2759 2698 2815 ταύτας
2744 2753 3050 2825 φυλάξαντες
3100 2749 3322 2805 δίκαιοι.
3383 2749 3626 2815 Ἐδίδαξε
3664 2754 3764 2825 γὰρ
3807 2756 3894 2803 καὶ
3927 2749 3973 2802 ἑν

611 2841 739 2895 dem
758 2840 1038 2911 praedicto
1057 2841 1248 2911 capite
1281 2840 1575 2912 Evangelii
1597 2839 1923 2894 secundum
1938 2839 2264 2894 Matthaaum

2375 2853 2445 2913 τῷ
2467 2840 2751 2897 δηλωθέντι
2782 2841 3042 2913 κεφαλαίῳ
3073 2850 3162 2893 τοῦ
3195 2844 3329 2893 κατὰ
3357 2843 3647 2904 Ματθαίον,
3678 2842 3761 2892 ὅτι
3780 2839 3828 2892 ἐν
3857 2844 3976 2892 ταύ-

611 2929 778 3001 quod
817 2931 872 2984 in
907 2929 998 2984 his
1024 2929 1261 2984 duobus
1291 2931 1600 3001 praeceptis
1634 2930 1910 2984 universa
1930 2928 2022 2983 lex
2052 2935 2107 2984 et
2134 2943 2264 2996 pro-

2373 2953 2489 2994 ταις
2515 2940 2629 2992 ταῖς
2657 2928 2813 2983 δυσὶν
2852 2929 3072 2992 ἐντολαῖς
3103 2930 3212 2989 ὅλος
3260 2933 3286 2982 ό
3317 2937 3473 3002 νόμος
3502 2936 3590 2982 καὶ
3622 2931 3672 2982 οἰ
3709 2937 3975 3001 προφῆται

612 3018 805 3089 phetae
825 3017 1085 3089 pendent
1114 3019 1161 3052 τ’
1206 3033 1218 3081 ;
1251 3033 1508 3089 quorum
1547 3019 1985 3073 enarrationem
2015 3018 2264 3088 perfecte

2373 3028 2672 3094 κρέμανται.
2707 3021 2801 3072 Ὧν
2832 3025 2924 3078 τὴν
2980 3018 3229 3090 ἐξήγησιν
3280 3019 3485 3081 ἐντελῶς
3542 3020 3782 3090 εὑρήσεις
3829 3023 3879 3070 ἐν
3906 3026 3973 3086 τῷ

612 3106 874 3162 invenies
897 3107 1277 3178 quintojuxta
1311 3107 1650 3162 Matthasum
1663 3108 1878 3178 capite,
1897 3105 1998 3161 ubi
2020 3105 2261 3162 dicitur:

2310 3139 2336 3197 3
2374 3117 2587 3184 πέμπτῳ
2619 3109 2880 3181 κεφαλαίῳ
2911 3117 3000 3161 τοῦ
3026 3112 3162 3161 κατὰ
3188 3110 3473 3172 Ματθαῑον,
3501 3107 3572 3168 εἰς
3605 3113 3677 3159 τό·
3697 3108 3972 3179 οὖτω(78)

613 3195 705 3251 Ita
734 3198 885 3252 enim
912 3202 990 3251 est
1023 3197 1121 3252 (et
1141 3202 1193 3251 et
1210 3196 1501 3264 prophetae
1528 3197 1598 3248 τ’.

2309 3195 2322 3197 -
2370 3205 2470 3274 γαρ
2497 3200 2636 3252 ἐστιν
2667 3201 2692 3251 ὁ
2719 3205 2875 3270 νόμος
2903 3203 2990 3250 καὶ
3012 3200 3059 3250 οἱ
3087 3203 3368 3272 προφῆται.

686 3286 842 3341 Vers.
866 3290 953 3342 29.
988 3288 1062 3340 At
1091 3286 1187 3342 ille
1211 3317 1261 3326 —
1311 3291 1614 3356 proximus
1661 3286 1690 3341 7
1729 3285 1956 3342 Conatu
2013 3302 2118 3341 suo
2149 3286 2264 3341 fru-

2440 3289 2498 3341 Ὀ
2531 3285 2587 3340 δὲ
2644 3319 2708 3327 -—
2761 3287 2980 3344 πλησίον
3033 3307 3047 3357 _;
3091 3286 3400 3358 Ἀποτυχὼν
3449 3295 3545 3349 τῆς
3592 3291 3797 3361 πείρας,
3849 3285 3976 3359 ἐξέρ-

613 3380 851 3440 stratus,
869 3375 1094 3442 effudit,
1113 3391 1294 3448 quem
1313 3376 1474 3447 apud
1493 3394 1554 3431 se
1567 3375 1926 3439 occultabat,
1945 3381 2261 3441 tumorem,

2371 3379 2496 3454 ῥηξε
2533 3379 2645 3448 (79)
2698 3382 2790 3434 τὴν
2843 3375 2890 3428 ἐν
2949 3377 3088 3445 αὐτῷ
3141 3380 3498 3448 κεκρυμμένην
3550 3379 3746 3433 οἶησιν.
3827 3381 3971 3426 Ὠετο

612 3464 862 3520 Putabat
891 3465 1052 3520 enim
1087 3481 1147 3520 se
1170 3468 1396 3520 cunctis
1423 3482 1550 3520 esse
1566 3465 2040 3538 praestantiorem
2075 3483 2088 3517 :
2122 3480 2260 3520 nam

2373 3469 2474 3538 γὰρ
2529 3469 2731 3518 πάντων
2810 3467 3102 3537 ὑπερέχειν.
3163 3463 3220 3516 Ὀ
3277 3467 3365 3535 μεν
3439 3466 3538 3537 γὰρ
3628 3471 3786 3536 νόμος
3850 3466 3965 3520 κλη-

612 3554 706 3609 lex
740 3555 1080 3625 proximum
1114 3553 1447 3608 nominavit
1474 3570 1632 3623 eum,
1677 3554 1777 3624 qui
1801 3553 2042 3609 alterius
2069 3559 2266 3622 egeret

2379 3560 2486 3606 σίον
2545 3555 2676 3624 (80),
2732 3558 2817 3605 τὸν
2877 3550 3112 3625 δεόμενον
3169 3551 3416 3625 βοηθείας
3472 3553 3738 3624 ὠνομασευ
3777 3569 3789 3581 °
3823 3551 3975 3610 αὐτὸς

611 3642 830 3697 auxilio
854 3660 866 3697 :
888 3643 1013 3713 ipse
1031 3658 1168 3697 vero
1196 3641 1361 3697 illum
1380 3643 1495 3697 dici
1535 3641 2032 3714 opinabatur,qui
2057 3644 2264 3697 virtute

2378 3640 2437 3696 δε
2463 3643 2704 3713 πλησίον,
2736 3647 2820 3695 τὸν
2880 3643 2990 3694 ἰσον
3021 3641 3133 3694 κατ’
3187 3641 3372 3712 ἀρετὴν
3412 3641 3631 3694 υπέλαϐε
3695 3642 3830 3710 (81).
3890 3646 3978 3691 Διό

611 3731 858 3803 aequalis
896 3738 1052 3786 esset
1082 3751 1092 3786 :
1128 3732 1262 3787 ideo
1293 3733 1492 3797 etiam,
1526 3731 1732 3787 volens
1761 3732 2026 3803 seipsum
2051 3730 2266 3803 justiﬁ-

2377 3739 2465 3785 καὶ
2505 3734 2655 3785 θέλων
2722 3729 2959 3784 δικαιοῦν
3018 3731 3216 3797 ἑαυτὸν,
3279 3735 3459 3802 ἠγουν,
3514 3733 3842 3804 ὑπερτιθέναι
3880 3738 3979 3780 τὼν

615 3835 768 3884 care,
793 3819 916 3874 sive
933 3821 1061 3874 aliis
1089 3836 1457 3892 praeponere,
1487 3819 1923 3890 interrogabat:
1954 3819 2095 3885 Quis
2123 3819 2265 3874 mihi

2379 3821 2562 3885 ἄλλων,
2598 3821 2782 3892 ἐρωτᾷ,
2805 3827 2895 3882 Τίς
2923 3820 3034 3873 ἐστί
3060 3841 3159 3892 μου
3193 3819 3307 3881 ἶσος
3335 3838 3352 3890 ;
3388 3816 3513 3872 Εἶτα
3553 3816 3646 3872 διὰ
3677 3817 3981 3892 παραϐολῆς

614 3913 704 3964 est
730 3907 973 3979 aqualis
1000 3910 1028 3965 ?
1060 3909 1282 3964 Deinde
1337 3909 1596 3964 Christus
1658 3925 1761 3981 per
1791 3908 2134 3978 parabolam
2168 3908 2268 3964 de-

2379 3914 2403 3962 ὁ
2435 3915 2663 3984 Χριστός
2686 3908 3078 3980 ἀποδείκνυσιν,
3112 3914 3191 3962 ὁτι
3238 3909 3458 3969 πλησίον
3490 3910 3630 3962 ἐστὶν
3670 3912 3695 3961 ὁ
3737 3905 3981 3981 δεόμενος

613 4003 908 4054 monstrat
931 3998 1096 4054 illum
1118 4014 1246 4054 esse
1274 3999 1752 4072 proximum,qui
1778 3998 2016 4055 alterius
2043 3999 2270 4070 indiget
2380 3998 2642 4072 βοηθείας.

613 4086 850 4144 auxilio.

679 4177 1058 4249 +meimus
1091 4177 1304 4234 dicitur
1357 4177 1556 4234 omnis
1588 4178 1790 4245 homo,
1848 4178 2008 4251 quod
2056 4195 2268 4236 omnes

2451 4179 2711 4253 [Πλησίον
2736 4179 2935 4251 λέγεται
2957 4185 3053 4239 πᾶς
3084 4181 3368 4253 ἄνθρωπος,
3397 4181 3464 4241 ὡς
3493 4177 3797 4250 ὶγγιζοντων
3825 4180 3983 4250 ἡμῶν

607 4268 759 4324 inter
788 4283 898 4323 nos
930 4267 1248 4340 propinqui
1279 4284 1491 4324 sumus
1513 4268 1845 4324 secundum
1859 4273 2082 4325 naturae
2100 4285 2262 4326 com-

1865 4273 2082 4325 natura
2100 4285 2262 4326 com-
2376 4269 2612 4330 ἀλληλοις
2639 4271 2774 4321 κατὰ
2804 4273 3073 4321 κοινωνίαν
3105 4271 3301 4341 φύσεως
3334 4267 3468 4342 (82).
3511 4267 3527 4338 ]

607 4357 1101 4414 municatiouem.
3275 4401 3286 4411 .

719 4445 884 4503 CAP.
925 4447 1150 4545 xxxvr
1282 4461 1345 4502 eo
1369 4447 1469 4518 qui
1494 4447 1781 4545 inciderat
1809 4447 1871 4545 in
1905 4448 2162 4545 latrones
2295 4487 2341 4545 Β

2295 4487 2341 4545 D
2479 4454 2624 4500 ΚΕΦ.
2669 4447 2782 4512 Δς-’.
2820 4452 2940 4519 Περὶ
2961 4455 3052 4499 τοῦ
3079 4446 3384 4519 ἐμπεσόντος
3410 4447 3482 4507 είς
3506 4450 3626 4508 τοὺς
3650 4445 3861 4518 λῃστάς.

679 4537 838 4590 Vers.
873 4539 960 4591 30.
1019 4536 1343 4604 Suscipiens
1384 4568 1451 4576 —
1481 4536 1652 4592 dixit.
1708 4536 2050 4608 Suscipiens
2102 4553 2114 4591 :
2148 4537 2261 4592 hoc
2296 4531 2338 4545 "

2321 4531 2338 4544 ’
2441 4537 2732 4588 ’Υπολαϐὼν
2766 4569 2832 4577 -
2863 4533 3016 4590 εἶπεν.
3057 4535 3352 4590 ’Υπολαϐὼν
3372 4536 3486 4588 ἀντὶ
3513 4543 3625 4603 τοῦ,
3656 4531 3983 4606 διαδεξάμε-

607 4629 715 4688 est,
749 4624 1045 4696 excipiens
1075 4641 1436 4682 sermonem.

1087 4641 1436 4682 sermonem.
2370 4645 2451 4688 νος
2476 4631 2558 4678 τὸν
2579 4627 2749 4697 λογον.

682 4712 847 4767 Vers.
872 4713 961 4768 30.
989 4715 1176 4771 Homo
1208 4748 1216 4755 -
1246 4746 1272 4756 -
1315 4715 1560 4772 Iericho.
1609 4714 1900 4771 Parabola
1949 4715 2093 4783 htec,
2149 4716 2257 4771 etsi

2441 4715 2743 4787 Ἀνθρωπος
2794 4746 2863 4756 -
2941 4715 3169 4789 Ἱεριχώ.
3228 4715 3284 4768 ’Β
3332 4712 3600 4788 παραϐολὴ
3700 4713 3854 4778 αὕτη,
3930 4715 3978 4766 εὶ

610 4800 805 4857 efﬁcta
837 4801 933 4870 sit,
957 4809 1020 4858 ut
1041 4803 1336 4871 ostendat,
1365 4805 1502 4876 quis
1535 4805 1612 4860 sit
1657 4805 1966 4877 proximus
1999 4821 2016 4860 :
2048 4804 2258 4877 paucis

2367 4810 2454 4856 καὶ
2513 4806 2754 4862 συνετέθη
2816 4800 2910 4856 διὰ
2957 4809 3013 4856 τό
3069 4801 3258 4872 δεῖξαι,
3311 4809 3390 4865 τίς
3442 4801 3582 4854 ἔστιν
3652 4805 3677 4855 ὁ
3724 4802 3975 4868 πλησίον,

681 4977 722 5012 ⁷¹
755 4977 952 5035 Matth.
981 4995 1119 5044 xxn,
1152 4984 1219 5038 35
1253 4980 1470 5039 :Marc.
1494 4997 1596 5052 xn,
1635 4982 1725 5036 28.
1801 4984 1850 5018 τ’
1897 4982 2099 5039 Matth.
2131 4999 2265 5053 xxn,
2298 4985 2343 5039 41

1309 4980 1596 5052 tiarc.xn,
1635 4982 1725 5036 28.
1801 4984 1850 5018 τ’
1897 4982 2099 5039 Matth.
2131 4999 2265 5053 χιιι,
2298 4985 2386 5039 40.
2465 4984 2511 5018 ⁷³
2553 4981 2971 5049 Matth.vn,i2.

1766 5160 1990 5231 Variae
2043 5160 2374 5230 lectiones
2422 5171 2487 5229 et
2550 5168 2753 5229 notae.

676 5360 788 5429 ('77)
819 5356 1140 5414 Hentenius
1189 5358 1285 5414 hic
1315 5362 1543 5415 textum
1592 5358 1874 5415 diviserat
1917 5366 1973 5414 et
2025 5375 2097 5416 ex
2135 5375 2254 5416 uno
2364 5359 2466 5415 nui
2495 5360 2554 5416 in
2583 5359 2840 5417 editione
2867 5359 2932 5414 N.
2967 5358 3122 5416 Test.

605 5431 829 5511 scholio
855 5429 989 5510 duo_
1017 5429 1252 5512 fecerat.
1278 5429 1441 5495 Vide,
1474 5430 1792 5514 qumiufra
1825 5436 1959 5503 post
1995 5434 2254 5514 Evange-
2437 5432 2550 5574 {79;
2581 5434 2669 5514 Ita
2693 5440 2960 5504 uterque.
2990 5433 3230 5518 Et'recte
3264 5429 3512 5557 qiuidem
3542 5431 3624 5488 ita
3653 5429 3896 5486 dicitur.

605 5502 749 5558 hum
777 5503 1024 5574 Joannis
1048 5517 1254 5574 monui
1286 5502 1362 5574 ad
1378 5503 1646 5558 Hentenll
1667 5503 2253 5560 animadversionem
2459 5503 2525 5558 80
2598 5505 2709 5561 Hic
2737 5509 2871 5574 post
2907 5501 3148 5568 πλησιον,
3197 5502 3294 5558 adt
3323 5509 3389 5574 it,
3417 5503 3605 5558 codex
3638 5502 3681 5574 Β
3723 5518 3796 5558 ea
3831 5518 3896 5574 qr

600 5502 749 5558 lium
777 5501 1024 5575 Joannis
1048 5502 1254 5575 monui
1286 5502 1362 5575 ad
1378 5501 1646 5558 Henienil
1667 5501 2253 5560 animadversionem
2437 5501 2548 5574 (80)
2598 5505 2709 5561 Hic
2737 5501 2871 5575 post
2907 5501 3148 5575 πλησίον,
3197 5501 3390 5575 addit
3417 5503 3605 5558 codex
3638 5502 3682 5575 Β
3723 5518 3796 5558 ea
3831 5517 3970 5574 qum

602 5589 785 5646 quam
820 5574 959 5647 huic
988 5573 1118 5628 loco
1147 5573 1382 5643 adjecit.
1732 5645 1740 5647 _
2367 5590 2502 5647 mox
2532 5573 2776 5647 inclusa
2800 5591 2886 5647 ex,
2904 5574 3175 5646 margine
3205 5573 3428 5629 codicis
3459 5577 3504 5628 A
3529 5573 3806 5647 ascripsi.

676 5648 788 5716 (78)
817 5645 1004 5718 Etiam
1045 5647 1136 5701 hic
1174 5652 1443 5718 uterque!
1468 5651 1656 5718 codex
1695 5645 1876 5712 οὕτως,
1929 5651 2064 5702 ante
2115 5661 2254 5703 con-

1267 5661 1443 5718 rquej
1468 5651 1656 5718 codex
1695 5645 1876 5712 οὕτως,
1929 5651 2064 5702 ante
2115 5661 2254 5703 con-
2435 5646 2838 5718 (81)“Υπέϐαλε.
2872 5646 2929 5700 Β.

676 5648 788 5716 (78)
817 5646 1004 5700 Etiam
1045 5647 1136 5701 hic
1174 5652 1419 5717 uterque
1468 5651 1656 5701 codex
1695 5646 1876 5712 οὕτως,
1929 5651 2064 5702 ante
2115 5661 2254 5703 con-

601 5731 880 5776 aonnam.
908 5717 1014 5773 Hic
1051 5733 1193 5788 ergo
1223 5716 1408 5773 altera
1429 5716 1602 5774 lectio
1658 5723 1791 5774 orta
1837 5726 2006 5789 οῦτος,
2038 5722 2099 5774 ut
2122 5733 2254 5774 mo-

2435 5646 2548 5792 (81)
2578 5646 2838 5701 ’γπέϐαλε.
2872 5646 2930 5700 Β.
3071 5717 3080 5726 .
3508 5717 3518 5727 ,
3701 5646 3706 5647 “
3773 5717 3783 5727 ι

2460 5717 2550 5790 82)
2577 5717 2646 5773 Ἦ
2665 5717 2910 5785 πλησίον,
2941 5716 3110 5776 addit
3138 5719 3199 5775 Β.
3227 5715 3482 5786 inclusa,
3503 5732 3567 5774 in
3595 5731 3869 5790 margine
3895 5722 3964 5775 Α.
