4210 6450
228 374 337 433 965

1314 365 1693 426 CONIMENT.
1734 367 1801 421 IN
1842 359 2115 422 LUCAM.
2154 395 2220 405 -——
2257 365 2420 421 CAP.
2465 361 2533 418 X.

3503 361 3608 418 966

233 502 341 554 ἀλλ’
373 498 460 554 οὖν
511 499 560 552 ἕν
619 498 822 574 βραχεῖ
849 504 1023 552 πᾶσαν
1075 499 1346 568 ὑποφαίνει
1403 500 1497 554 τὴν
1555 495 1835 566 φιλάνθρω-

1989 505 2147 546 Lmen
2163 488 2354 544 verbis
2373 488 2631 545 ostendit
2647 489 2982 543 humanam
2999 493 3054 541 et
3073 483 3402 554 benignam
3416 485 3608 541 salva-

234 611 330 645 πον
383 591 679 661 οἰκονομίαν
741 597 831 641 τοῦ
890 595 1121 660 Σωτῆρος
1176 589 1340 658 ἡμῶν.
1398 584 1700 656 ’Ἄνθρωπον
1749 585 1836 654 μεν

239 687 340 752 γὰρ
397 686 608 750 νοοῦμεν
664 681 751 730 τὸν
798 675 975 748 Ἀδὰμ
1019 681 1108 728 καὶ
1153 679 1268 735 τοὺς
1319 674 1370 737 ἐξ
1417 670 1590 745 Ἀδὰμ
1649 671 1840 744 ἀνθρω-

244 788 375 830 πους
403 789 414 801 ·
449 766 739 820 κατάϐασιν
771 763 829 819 δὲ
876 765 975 818 ἀπὸ
1013 764 1354 839 Ἰερουσαλὴμ
1399 762 1467 824 εὶς
1495 761 1722 834 Ἰεριχὼ,
1749 764 1841 817 τὴν

247 854 370 910 ὁδὸν
400 863 494 915 τὴν
545 855 646 908 ἀπὸ
677 855 865 929 ἀρετῆς
894 855 961 915 εἰς
990 859 1198 920 κακίαν,
1230 859 1320 904 καὶ
1365 850 1464 903 ἀπὸ
1509 852 1743 909 ὑπακοῆς
1774 849 1845 910 εἰς

247 950 538 1019 παρακοήν,
585 951 674 998 καὶ
707 945 806 997 ἀπὸ
838 944 1004 1016 ὕψους
1030 943 1310 1012 πολιτείας,
1348 941 1421 1002 εἰς
1462 939 1845 1011 χθαμαλοτητα

249 1030 538 1106 διαγωγῆς.
577 1034 774 1104 Ὑψηλὴ
826 1038 914 1107 μὲν
952 1035 1053 1106 γὰρ
1102 1034 1132 1090 ἡ
1174 1030 1513 1106 Ἰερουσαλήμ
1540 1047 1550 1057 ·
1593 1027 1840 1100 χθαμαλὴ

249 1120 308 1175 δὲ
342 1126 370 1181 ἠ
399 1123 624 1197 Ἰεριχώ.

323 1218 422 1265 Καὶ
485 1243 551 1253 —-
607 1216 921 1284 περιέπεσεν.
976 1207 1324 1270 Ὀὃοστάταις
1395 1208 1508 1280 (83)
1578 1203 1839 1278 δαίμοσιν.

321 1386 386 1440 Οἱ
423 1420 484 1428 —
517 1388 691 1441 αὑτὸν.
732 1391 808 1440 Τὰ
841 1390 1024 1457 ἱμάτια
1066 1395 1160 1449 τῆς
1193 1385 1395 1458 ἀρετῆς,
1428 1389 1513 1437 τὸν
1565 1383 1716 1456 φόϐον
1755 1392 1845 1436 τοῦ

247 1484 382 1529 Θεοῦ
409 1478 462 1529 ὃν
488 1475 848 1549 περιεϐέϐλητο
871 1474 1026 1534 δίκην
1052 1484 1290 1546 χιτῶνος.

322 1571 422 1620 Καὶ
485 1598 554 1606 -
625 1565 874 1626 ἀπῆλθον.
944 1566 1152 1636 Πληγὰς
1227 1564 1488 1636 ψυχικὰς,
1572 1565 1846 1636 τραύματα

248 1655 535 1729 ἁμαρτιῶν.

319 1743 548 1816 Ἀφὲντες
650 1746 874 1817 ἡμιθανῆ
957 1746 1311 1816 τυγχάνοντα.
1411 1742 1497 1804 Ἐξ
1600 1743 1848 1808 ἡμισείας

253 1835 436 1891 θνητὸν
481 1838 768 1906 γενόμενον.
823 1841 896 1906 Τῇ
958 1832 1111 1906 ψυχῇ
1171 1836 1272 1907 γὰρ
1333 1830 1586 1892 ἀθάνατος
1648 1836 1844 1902 μείνας,
1883 1857 1918 1908 Β

249 1930 322 1992 τῷ
369 1929 575 1994 σώματι
625 1925 856 1981 τέθνηκε.
916 1926 985 1975 Τὸ
1036 1919 1094 1974 δε
1145 1921 1395 1984 ἀπῆλθον,
1449 1925 1539 1971 καὶ
1586 1923 1644 1971 τὸ
1701 1918 1848 1990 ἀφέν-

251 2030 353 2072 τες,
414 2011 472 2062 οὐ
528 2015 944 2085 περιεργαστέον,
999 2007 1090 2063 διὰ
1154 2015 1240 2068 τὴν
1299 2010 1410 2080 (84)
1457 2007 1692 2071 ἐξουσίαν
1755 2015 1849 2070 τῆς

254 2098 520 2173 παραϐολῆ
532 2121 574 2160 ς.

328 2190 476 2241 Κατὰ
493 2193 779 2260 συγκυρίαν
799 2219 864 2230 —
881 2187 1066 2256 ἐκείνη.
1088 2193 1352 2260 Συγκυρία
1370 2190 1476 2258 μεν,
1500 2189 1528 2245 η
1552 2191 1818 2258 συντυχία
1835 2203 1846 2215 '

258 2279 421 2350 ἱερεὺς
450 2273 526 2339 δὲ,
561 2279 586 2327 ὁ
619 2273 711 2328 διὰ
739 2281 999 2338 Μωυσέως
1023 2273 1193 2338 δοθεὶς
1219 2281 1390 2349 νόμος,
1424 2279 1491 2336 ὡς
1515 2282 1630 2349 περὶ
1658 2277 1850 2328 θυσιῶν

257 2361 290 2416 δ
297 2364 588 2435 ιαλεσγομενο
598 2385 637 2426 ς.

326 2456 430 2508 Καὶ
488 2450 614 2506 ἰδὼν
670 2454 825 2506 αὐτὸν
879 2453 1245 2530 ἀντιπαρῆλθε·
1315 2451 1650 2528 Παρεδραμεν
1697 2454 1850 2506 αὐτὸν

254 2543 415 2602 οὕτως
444 2546 655 2613 ἔχοντα,

321 2630 546 2702 Ὁμοίως
620 2663 686 2673 --
759 2631 1126 2705 ἁντιπαρῆλθε.
1227 2635 1448 2691 Λευίτην
1529 2633 1849 2690 ὑποληπτέον

249 2719 472 2772 ἐνταῦθα
503 2725 590 2774 τὸν
634 2721 783 2792 λόγον
833 2731 930 2773 τῶν
977 2731 1272 2796 προφητῶν,
1335 2725 1402 2782 ὡς
1455 2719 1850 2794 διακονούμενον

247 2817 357 2870 τοῖς
381 2809 704 2882 ἐπιτάγμασι
736 2820 824 2863 τοῦ
858 2817 1006 2864 Θεοῦ.

321 2905 645 2974 Σαμαρείτης
697 2932 759 2941 --
810 2899 1232 2973 ἐσπλαγχνίσθη.
1295 2907 1620 2976 Σαμαρείτης
1663 2908 1851 2954 νοεῖται

250 2997 338 3040 νῦν
370 2991 394 3040 ὁ
424 2994 669 3063 Χριστὸς,
710 2993 778 3050 ὡς
829 2991 924 3042 ὸπὸ
953 3000 1052 3042 τῶν
1083 2989 1318 3043 ἀπίστων
1363 2988 1633 3043 Ἰουδαίων
1680 2999 1851 3064 Σαμα-

252 3082 424 3151 ρείτης
446 3081 766 3152 ὀνομασθείς.

323 3166 391 3220 ’Ἡ
423 3173 532 3232 καὶ,
575 3171 639 3229 ὡς
669 3169 728 3219 οὗ
777 3172 927 3239 μόνον
957 3165 1247 3236 Ἰουδαίων,
1285 3167 1411 3219 ἀλλὰ
1441 3173 1632 3228 παντὸς
1679 3171 1854 3230 ἔθνους

255 3259 430 3327 φύσιν,
481 3254 572 3308 διὰ
622 3265 712 3308 τοῦ
765 3256 1177 3329 προσλὴμματος
1219 3257 1348 3327 (85),
1405 3256 1850 3331 περιϐαλλόμενος.

251 3347 434 3406 Ἔθνος
460 3347 583 3418 γὰρ,
613 3347 662 3396 οἱ
692 3351 1026 3418 Σαμαρεῖται.

327 3527 428 3575 Καὶ
454 3553 520 3562 --
549 3521 730 3576 αὐτοῦ.
757 3529 840 3592 Τῷ
873 3518 1053 3595 δεσμῷ
1075 3531 1169 3583 τῆς
1197 3519 1572 3586 διδασκαλιας.

329 3611 583 3683 Ἐπιχέων
659 3641 726 3650 -
782 3611 934 3666 οἶνον.
995 3611 1312 3684 Ἡμερότητα
1380 3619 1470 3665 καὶ
1525 3613 1734 3685 στύψιν.
1794 3614 1851 3667 Ἡ

257 3695 584 3752 διδασκαλία
625 3702 725 3772 γὰρ
758 3699 938 3764 αὐτοῦ,
969 3709 1040 3759 πῆ
1070 3704 1160 3772 μὲν
1207 3704 1408 3776 ἡμέρως
1452 3701 1719 3776 προϐαίνει
1763 3708 1852 3756 καὶ

258 3788 481 3860 ἰλαρύνει
511 3803 523 3819 ⁸
573 3798 642 3848 πῆ
706 3785 764 3842 δὲ
820 3793 1003 3862 στύφει
1049 3795 1139 3842 καὶ
1193 3788 1390 3859 δάκνει,
1451 3797 1540 3844 καὶ
1592 3793 1752 3854 οὕτως
1797 3790 1850 3846 εὖ

253 3882 520 3953 κέκραται,
549 3883 638 3930 καὶ
667 3877 974 3954 ἑκατέρωθεν
998 3879 1195 3950 ὠφελεῖ.

325 4056 671 4119 Ἐπιϐιϐάσας
729 4089 794 4098 —~-
852 4066 1056 4120 κτῆνος.
1111 4059 1228 4111 Ἐπὶ
1281 4063 1338 4112 τὸ
1397 4057 1534 4113 ἴδιον
1589 4071 1758 4135 σῶμα,
1794 4067 1849 4115 τὸ

250 4150 544 4201 κτείνεσθαι
607 4149 717 4218 (86)
796 4147 997 4220 μέλλον,
1067 4152 1326 4217 τουτέστι,
1409 4148 1688 4222 βαστάσας
1764 4156 1851 4213 τὰς

255 4237 519 4299 ἀσθενείας
573 4237 732 4289 αὐτοῦ
795 4233 886 4289 διὰ
940 4246 1032 4300 τῆς
1093 4239 1516 4311 προσληφθείσης
1583 4242 1854 4315 ἀνθρωπό-

255 4346 426 4388 τητος.

326 4414 556 4485 Ἥγαγεν
631 4413 786 4466 αὐτὸν
844 4415 914 4476 εἰς
987 4413 1326 4488 πανδοχεῖον.
1400 4415 1744 4490 Πανὸοχεῖον,
1818 4421 1847 4476 ἡ

258 4502 546 4560 Ἐκκλησία
612 4512 713 4554 τῶν
773 4514 992 4570 πιστῶν,
1067 4507 1132 4566 ὡς
1186 4512 1287 4558 πᾶν
1357 4510 1494 4578 γένος
1571 4506 1851 4580 ἀνθρώπων

258 4586 543 4663 δεχομένη,
977 4565 987 4570 ν
1120 4565 1125 4566 ⁷
1365 4565 1377 4578 ’
1481 4565 1490 4568 ⁷
1666 4565 1674 4580 ⁸
1886 4565 1930 4620 Ι)

328 4681 432 4735 Καὶ
527 4681 810 4753 ἐπεμελήθη
920 4683 1100 4739 αὑτοῦ.
1195 4684 1511 4742 Ἐποιήσατο
1607 4690 1851 4761 πρόνοιαν

256 4769 436 4825 αὐτοῦ,

307 4863 429 4924 ,Καὶ
470 4889 539 4900 -
569 4858 799 4923 ἐξελθών.
853 4861 996 4915 Μετὰ
1039 4864 1222 4937 μικρὸν
1272 4864 1384 4936 (87)
1433 4862 1702 4918 ἀποθανων
1759 4872 1850 4920 καὶ

254 4947 465 5011 ἕξελθὼν
497 4947 598 5001 ἀπὸ
629 4956 722 5001 τοῦ
751 4953 974 5022 κόσμου.

325 5036 582 5090 Ἐκϐαλὼν
657 5069 722 5079 -
791 5039 971 5093 αὐτοῦ.
1047 5038 1179 5102 Ἕως
1253 5045 1342 5113 μὲν
1406 5044 1507 5115 γὰρ
1575 5044 1690 5112 ἔζη,
1761 5045 1852 5098 αὐ-

252 5128 340 5188 τὸς
401 5125 516 5200 (88)
582 5126 868 5199 ἐπεμελεῖτο
934 5136 1032 5181 τῶν
1091 5128 1316 5183 ἀσθενῶν
1345 5149 1356 5161 ·
1429 5131 1696 5186 ἀποθανὼν
1769 5131 1848 5206 δε,

1943 577 2089 633 toris
2135 579 2326 632 nostri
2368 577 2892 648 gubernationem.
2958 573 3271 628 Hominem
3313 572 3608 644 siquidem

1947 666 2328 736 intelligimus
2355 666 2577 729 Adam,
2608 670 2665 720 et
2689 664 2792 736 qui
2820 663 2898 720 ab
2929 663 3120 718 Adam
3153 661 3606 728 descenderunt,

1951 756 2264 812 universos
2293 771 2307 811 :
2333 755 2696 810 descensum
2721 758 2920 809 autem
2944 751 3022 807 ad
3041 749 3370 807 Jerusalem
3393 751 3452 805 in
3471 751 3611 806 Jeri-

1950 843 2084 912 cho,
2117 844 2276 900 viam
2304 860 2339 900 a
2363 843 2571 899 virtute
2594 842 2673 898 ad
2721 843 2954 906 vitium,
2985 846 3042 896 et
3066 840 3142 896 ab
3172 839 3514 896 obedientia
3535 839 3613 896 ad

1951 932 2441 999 inobedientiam,
2474 939 2529 988 et
2558 949 2596 989 a
2620 931 2854 988 sublimi
2882 930 3014 986 vitae
3043 928 3306 985 instituto
3334 927 3413 984 ad
3445 933 3614 984 terre-

1952 1037 2094 1077 nam
2107 1021 2628 1078 conversationem
2654 1036 2667 1076 :
2689 1024 2778 1076 est
2789 1021 2950 1076 enim
2966 1017 3296 1075 Jerusalem
3318 1016 3610 1085 sublimis,

1951 1110 2179 1166 Jericho
2210 1126 2350 1167 vero
2388 1109 2652 1166 humilis.

2024 1200 2190 1255 Vers.
2224 1203 2310 1256 30.
2344 1201 2423 1256 Et
2453 1199 2766 1255 —incidit.
2799 1198 2862 1255 Id
2903 1204 3010 1262 est,
3046 1197 3372 1264 daamones,
3410 1197 3514 1270 qui
3553 1197 3613 1252 in

1956 1289 2050 1344 via
2076 1288 2436 1345 residebant.

2026 1378 2189 1432 Vers.
2215 1381 2300 1433 30.
2337 1377 2448 1445 Qui
2467 1409 2535 1416 —
2559 1392 2710 1435 eum.
2740 1377 3114 1433 Vestimentis
3135 1377 3385 1448 virtutis,
3408 1375 3614 1434 timore

1956 1465 2078 1530 Dei,
2101 1481 2217 1537 quo
2251 1466 2308 1520 in
2332 1466 2584 1522 modum
2610 1466 2791 1521 vestis
2822 1466 3227 1522 circumdatus
3256 1472 3400 1522 erat.

2026 1556 2188 1610 Vers.
2206 1559 2297 1611 30.
2309 1556 2385 1611 Et
2401 1587 2466 1596 —
2478 1555 2775 1612 abierunt.
2800 1555 3025 1611 Animae
3037 1554 3247 1627 plagis,
3267 1554 3615 1611 vulneribus

1952 1648 2360 1716 peccatorum.

2025 1734 2185 1790 Vers.
2215 1735 2302 1789 30.
2335 1733 2752 1804 Retinquentes
2779 1735 3238 1790 semimortuam.
3268 1736 3346 1789 Ex
3366 1732 3616 1790 dimidio

1957 1823 2180 1879 factum
2239 1823 2592 1879 mortalem:
2638 1822 2802 1893 juxta
2849 1823 3119 1878 animam
3175 1823 3338 1880 enim
3398 1823 3618 1880 mansit

1959 1912 2334 1976 immortalis,
2357 1928 2601 1984 corpore
2622 1927 2760 1966 vero
2791 1917 3051 1968 mortuus
3079 1917 3188 1969 est.
3223 1913 3393 1979 Quod
3415 1919 3616 1970 autem

1959 2001 2172 2057 dicitur
2201 2021 2214 2060 2
2249 2002 2544 2066 abierunt,
2577 2006 2634 2056 et
2659 2000 3074 2073 relinquentes,
3111 2017 3233 2060 non
3278 2009 3365 2059 est
3393 2002 3468 2059 de
3504 2002 3618 2060 hoc

1959 2091 2188 2147 curiose
2206 2091 2595 2146 scrutandum
2618 2097 2860 2163 propter
2885 2107 3161 2147 normam
3182 2093 3504 2163 parabolis.

2032 2183 2199 2238 Vers.
2242 2185 2327 2236 31.
2377 2180 2530 2238 Casu
2572 2211 2642 2220 -—
2678 2181 2807 2236 illa.
2857 2181 3166 2248 Sacerdos,
3216 2181 3330 2237 hoc
3372 2188 3480 2249 est,
3526 2183 3619 2240 lex

1961 2271 2103 2326 data
2159 2287 2262 2343 per
2318 2273 2594 2342 Moysem,
2652 2274 2853 2341 utpote
2909 2270 2982 2324 de
3059 2270 3366 2327 sacriﬁciis
3419 2271 3620 2343 dispu-

1962 2365 2116 2416 tans.

2033 2451 2194 2504 Vers.
2224 2448 2313 2503 31.
2379 2447 2622 2518 Visoque
2647 2449 2756 2503 illo
2799 2449 3102 2517 praeteriit.
3163 2448 3508 2505 Pertransiit
3550 2449 3618 2506 il-

1960 2539 2108 2605 lum,
2141 2555 2279 2593 cum
2319 2537 2401 2592 ita
2441 2538 2596 2592 male
2627 2536 2872 2592 affectus
2911 2542 3084 2593 esset.

2033 2629 2194 2683 Vers.
2243 2628 2330 2681 32.
2373 2626 2664 2682 Similiter
2715 2627 3014 2698 praeteriit.
3064 2628 3166 2683 Per
3215 2627 3454 2684 levitam
3507 2629 3621 2686 hoc

1960 2716 2094 2774 loco
2137 2716 2518 2788 accipiendus
2564 2721 2651 2772 est
2691 2731 2890 2772 sermo
2936 2716 3382 2788 prophetarum,
3418 2725 3620 2790 utpote

1964 2807 2064 2861 Dei
2078 2805 2452 2878 jussionibus
2499 2805 2978 2861 subministrans.

2032 2896 2196 2952 Vers.
2220 2898 2308 2952 33.
2342 2897 2765 2952 Samaritanus
2789 2927 2858 2936 —-
2875 2895 3280 2952 misericordia
3306 2903 3494 2953 motus
3515 2905 3618 2954 est.

1965 2988 2376 3043 Samaritanus
2407 2985 2752 3055 intelligitur
2782 3001 2942 3042 nunc
2993 2987 3275 3057 Christus,
3312 2993 3513 3060 utpote
3545 2993 3622 3044 ab

1965 3075 2287 3131 incredulis
2315 3076 2535 3130 Judaais
2568 3075 2976 3131 Samaritanus
3008 3075 3372 3147 appellatus.

2037 3165 2137 3220 Vel
2229 3166 2408 3220 etiam
2486 3179 2608 3219 non
2675 3163 3020 3220 Iudaeorum
3080 3169 3337 3231 tantum,
3408 3166 3508 3221 sed
3569 3170 3626 3222 et

1964 3258 2316 3310 cunctarum
2335 3253 2598 3323 gentium
2618 3259 2892 3307 naturam
2920 3267 3024 3324 per
3045 3251 3241 3310 carnis
3265 3255 3624 3325 assumptio-

1965 3359 2104 3399 nem
2133 3343 2518 3414 amplectens.
2566 3341 2921 3398 Samaritani
2967 3343 3126 3397 enim
3179 3348 3318 3398 sunt
3345 3345 3622 3414 quendam

1963 3433 2127 3489 natio
2158 3432 2445 3502 gentium.

2034 3521 2200 3577 Vers.
2224 3520 2316 3578 34.
2341 3522 2414 3575 Et
2445 3551 2512 3559 —
2543 3521 2691 3590 ejus.
2723 3518 2970 3575 Vinculo
2993 3518 3301 3576 doctrinas.

2036 3613 2194 3667 Vers.
2218 3611 2310 3669 34.
2337 3610 2668 3678 Infundens
2686 3641 2756 3650 —
2781 3611 3000 3665 vinum.
3027 3610 3355 3666 Lenitatem
3376 3626 3446 3666 ac
3469 3627 3624 3667 mor-

1962 3700 2304 3757 dacitatem.
2338 3699 2614 3756 Doctrina
2656 3699 2816 3755 enim
2843 3698 2973 3772 ejus
3004 3699 3146 3756 alibi
3177 3699 3424 3772 quidem
3456 3717 3623 3757 man-

1963 3795 2124 3846 suete
2172 3788 2439 3862 procedit
2468 3793 2526 3845 et
2580 3788 3238 3846 exhilaratzinterdum
3294 3806 3434 3846 vero
3496 3807 3625 3862 per-

1964 3880 2198 3951 stringit
2228 3896 2298 3936 ac
2352 3878 2584 3935 mordet
2629 3896 2640 3933 :
2673 3882 2732 3934 et
2753 3878 2840 3936 ita
2887 3878 3132 3951 pulchre
3164 3884 3496 3951 temperata
3537 3885 3624 3938 est

1962 3985 2032 4026 ac
2075 3969 2339 4042 undique
2387 3968 2587 4040 gjuvat.

2033 4062 2189 4114 Vers.
2293 4059 2382 4112 34.
2465 4059 2540 4113 Et
2561 4058 2869 4127 imponens
2971 4090 3037 4099 —
3097 4060 3455 4126 jumentum.
3540 4062 3624 4116 ita

1960 4149 2273 4220 proprium
2321 4162 2553 4217 corpus,
2604 4147 2765 4218 quod
2817 4147 3216 4202 occidendum
3274 4152 3394 4203 erat
3442 4165 3456 4203 :
3511 4147 3624 4203 hoc

1961 4242 2068 4304 est,
2087 4242 2333 4307 portans
2351 4235 2717 4291 inﬁrmitates
2734 4235 2862 4305 ejus
2885 4250 2990 4305 per
3009 4239 3386 4305 assumptam
3405 4235 3621 4291 buma-

1961 4327 2228 4382 ωωωω.

2035 4415 2196 4470 Vers.
2271 4413 2366 4470 34.
2460 4413 2647 4469 Duxit
2723 4412 2789 4467 in
2865 4411 3272 4468 diversorium.
3357 4412 3624 4470 Diverso-

1964 4507 2117 4562 rium
2147 4508 2234 4561 est
2264 4503 2544 4569 Ecclesia,
2576 4518 2713 4574 quas
2763 4516 2939 4558 omne
2980 4516 3166 4572 genus
3195 4500 3515 4558 hominum
3536 4519 3622 4558 re.

1963 4596 2127 4668 cipit.

2031 4685 2194 4742 Vers.
2219 4686 2308 4742 34.
2335 4685 2412 4740 Et
2441 4699 2650 4741 curam
2669 4684 2833 4740 illius
2859 4685 2999 4755 egit.
3023 4683 3336 4741 Rationem
3372 4684 3502 4756 ejus
3516 4686 3621 4746 ha-

1960 4776 2108 4843 buit,
2138 4779 2194 4832 et
2214 4777 2285 4831 de
2311 4790 2382 4831 eo
2404 4773 2681 4846 providit.

2032 4866 2201 4923 Vers.
2234 4869 2324 4922 35.
2360 4867 2450 4921 Ac
2479 4895 2547 4905 -—
2598 4879 2884 4935 egressus.
2915 4864 3058 4922 Post
3104 4863 3343 4938 aliquod
3389 4869 3624 4937 tempus

1962 4960 2233 5011 mortuus
2264 4958 2321 5010 et
2349 4953 2424 5009 de
2456 4953 2684 5009 mundo
2723 4968 3016 5024 egressus.

2031 5043 2313 5100 Vers..35.
2355 5045 2746 5113 Depromptos
2781 5074 2846 5084 —
2889 5043 3080 5101 illius.
3107 5043 3308 5102 Donec
3338 5041 3576 5099 vivebat
3605 5057 3620 5098 :

1961 5134 2092 5207 ipse
2144 5149 2352 5190 curam
2410 5132 2674 5198 habebat
2700 5131 3081 5190 inﬁrmorum
3121 5150 3135 5190 :
3168 5132 3267 5189 ubi
3296 5148 3440 5190 vero
3469 5146 3627 5188 mor-

1472 5339 1698 5410 Variae
1727 5341 2054 5411 lectiones
2093 5349 2162 5411 et
2197 5351 2401 5411 notae.

353 5560 440 5626 83‘,
477 5556 820 5629 Ἐγκαθέτοις,
857 5558 1344 5631 ργωεῐοὶᾶηίἱὺυε
1376 5563 1428 5619 in
1469 5563 1598 5620 viis.

475 5633 584 5696 me
632 5634 689 5683 τὸ
749 5631 1074 5693 ἐξουσιάζειν
1133 5638 1226 5692 τὴν
1281 5634 1580 5708 παραϐολήν
1639 5636 1688 5690 ἕν
1740 5647 1853 5701 ταῖς

256 5703 526 5788 τοιαύταις
556 5705 836 5788 περιστάσε
845 5723 946 5755 σιν.

330 5774 447 5844 (85)
486 5780 589 5834 Τῆς
613 5774 995 5848 ἑνσαρκώσεως.

2036 5570 2127 5692 (e86
2152 5565 2348 5637 )Ludit
2367 5567 2426 5623 in
2442 5566 2827 5624 similitudine
2849 5567 3220 5641 syllabarum
3245 5576 3448 5638 κτῆνος,
3463 5586 3628 5622 κτειν-

2036 5658 2051 5690 r
2087 5659 2162 5692 αι.

1962 5658 2162 5694 νεσυαι.

2061 5711 2149 5784 87)
2187 5716 2375 5784 Καιρὸν
2413 5727 2522 5784 pro
2547 5715 2753 5784 μικρόν.
2781 5718 2839 5767 Β.

2061 5712 2126 5766 87
2187 5716 2375 5784 Καιρὸν
2413 5727 2522 5783 pro
2547 5731 2642 5784 μικ
2679 5715 2753 5766 όν.
2781 5718 2839 5767 Β.

2035 5712 2152 5858 Ξ88)
2195 5784 2358 5848 Αὐτός
2410 5783 2599 5842 codex
2642 5729 2893 5844 Ehabet
2930 5787 3066 5857 post
3095 5784 3412 5858 επεμελείτο.
