4210 6376
567 299 671 356 967

1940 293 2284 357 EUTHYMII
2324 294 2656 356 ZlGABENI

3841 294 4013 354 968

570 433 709 482 tuus
785 429 871 481 est
931 437 1003 480 ac
1069 425 1407 494 resurrexit,
1466 431 1525 484 et
1585 425 1662 483 ad
1715 425 2221 500 peregrinandum

2337 431 2423 476 καὶ
2459 423 2706 489 ἀναστὰς,
2759 429 2848 476 καὶ
2879 419 3122 496 ἄκδημῶν
3153 423 3221 485 εἰς
3243 427 3331 476 τὸν
3361 423 3594 498 οὐρανὸν,
3631 432 3740 486 τοῖς
3789 445 3925 477 amo
3941 447 4011 487 ς-

566 514 625 570 in
650 513 868 570 coelum
921 513 1189 580 devertit,
1219 514 1376 572 banc
1415 533 1621 573 curam
1669 513 1953 589 apostolis
1985 514 2226 570 commi-

569 603 666 660 sit.

639 694 863 766 Hospes
879 691 1040 749 enim
1068 698 1174 763 est,
1201 694 1474 768 quisquis
1508 694 1776 752 Ecclesiae
1799 698 2036 767 praeest,
2062 697 2222 765 puta,

566 782 762 839 omnis
792 781 1132 854 episcopus,
1167 783 1255 839 vel
1275 785 1544 857 quisquis
1567 783 1971 857 apostolorum
1995 798 2225 838 succes-

565 887 664 928 sor
693 880 795 928 est.
830 873 958 927 Duo
986 888 1124 928 vero
1153 872 1381 930 denarii
1410 878 1550 930 sunt
1574 877 1804 931 Novum
1838 888 1908 929 ac
1930 873 2104 929 Vetus
2123 872 2223 927 Te-

565 966 949 1026 stamentum,
982 977 1117 1034 quas
1140 962 1395 1018 inﬁrmis
1422 963 1782 1019 medicinam
1811 961 2220 1034 suppeditant.

567 1050 716 1107 Dixit
733 1051 895 1107 enim
917 1051 1200 1107 vicesimo
1225 1058 1442 1124 quarto
1463 1052 1656 1124 capite
1688 1049 1991 1120 Evangelii
2017 1065 2224 1105 secun-

564 1139 709 1194 dum
730 1139 1062 1196 Mattheum
1099 1157 1112 1194 :
1165 1139 1366 1196 Omnis
1391 1141 1588 1197 scriba
1605 1140 1844 1197 edoctus
1869 1139 1950 1194 ad
1973 1153 2222 1208 regnum

565 1229 846 1285 celerum
868 1228 1078 1284 similis
1127 1235 1212 1285 est
1261 1229 1492 1285 homini
1531 1227 1974 1300 patri/amitias,
2009 1228 2110 1300 qui
2130 1226 2222 1282 de-

561 1317 785 1387 promit
813 1317 887 1375 de
911 1317 1190 1376 thesauro
1211 1335 1314 1374 suo
1339 1334 1489 1376 nova
1516 1326 1569 1376 et
1587 1318 1866 1375 vetera".

636 1491 756 1557 Vel,
784 1491 908 1548 duo
933 1488 1163 1547 denarii
1189 1489 1322 1546 duas
1366 1494 1504 1546 sunt
1532 1490 2049 1563 interpretationes
2080 1492 2225 1548 Scri-

563 1585 751 1653 ptura;
772 1580 1142 1651 evangelicae,
1172 1586 1273 1637 aut
1298 1579 1469 1636 etiam
1498 1581 1703 1636 omnis
1737 1579 1954 1636 divine
1979 1597 1990 1634 :
2021 1579 2121 1637 illa
2146 1583 2222 1637 vi-

563 1669 796 1737 delicet,
828 1686 966 1742 quae
976 1670 1152 1742 juxta
1181 1669 1485 1726 historiam
1507 1674 1616 1740 est,
1643 1675 1698 1726 et
1735 1685 1867 1742 quae
1885 1669 2057 1741 juxta
2085 1685 2225 1726 ana-

565 1775 781 1832 gogen.

639 1849 797 1905 Vers.
831 1849 919 1904 35.
948 1849 1027 1904 Et
1055 1878 1124 1889 —
1172 1848 1294 1904 tibi.
1330 1849 1387 1904 Si
1444 1847 1622 1905 etiam
1654 1847 1729 1904 de
1779 1852 1882 1904 tuo
1911 1849 2224 1921 quidpiam

562 1938 976 2011 iusumpseris,
1000 1937 1165 2010 quod
1192 1938 1252 1993 in
1275 1938 1405 2009 ejus
1429 1938 1602 1993 cedat
1629 1937 1955 1994 utilitatem.
1981 1937 2129 1994 Nam
2152 1939 2226 1994 de

564 2044 677 2084 suo
707 2042 952 2100 quoque
979 2033 1370 2100 praeceptores
1398 2032 1729 2098 apponunt,
1749 2027 2067 2082 dilatantes
2084 2028 2226 2083 divi.

563 2133 780 2174 norum
809 2133 1151 2173 sermonum
1168 2117 1700 2190 interpretationes.
1729 2123 1772 2173 Α
1790 2117 2031 2173 duobus
2049 2118 2228 2190 siqui-

563 2207 698 2263 dem
751 2207 1124 2263 testamentis
1165 2212 1407 2261 sumunt
1465 2205 1700 2276 quidem
1750 2213 2224 2276 argumentum:

562 2297 821 2369 propriis
850 2301 1050 2352 autem
1081 2295 1459 2351 sermonibus
1489 2294 1984 2352 abundantiorem
2018 2312 2224 2352 curam

562 2385 846 2443 exhibent
890 2383 1325 2442 laborantibus.
1375 2384 1650 2440 Reversio
1681 2399 1819 2439 vero
1860 2385 2095 2456 Christi,
2137 2401 2228 2441 se-

563 2475 798 2531 cundus
814 2480 904 2531 est
919 2475 994 2530 ad
1006 2478 1213 2529 ventus
1229 2474 1380 2544 ejus,
1412 2473 1471 2528 in
1490 2487 1610 2544 quo
1628 2472 1922 2546 persolvet
1942 2473 2227 2530 omnibus

563 2563 1003 2620 retributiones.

637 2654 794 2708 Vers.
846 2655 933 2706 36.
991 2650 1130 2718 Quis
1161 2680 1229 2690 —
1281 2650 1441 2705 Vers.
1490 2654 1577 2706 3‘7.
1609 2651 1738 2706 illo.
1788 2650 1934 2707 Cum
1965 2650 2088 2719 illo,
2115 2649 2228 2707 hoc

563 2745 669 2803 est,
692 2739 753 2795 in
780 2739 968 2794 illum.

633 2829 796 2884 Vers.
831 2832 919 2884 37.
954 2826 1121 2883 Dixit
1149 2857 1215 2867 —
1263 2826 1556 2884 similiter.
1597 2829 1813 2884 Curam
1867 2828 1996 2900 ejus
2043 2828 2220 2894 habe,

561 2918 663 2990 qui
691 2916 911 2972 auxilio
951 2916 1188 2987 indiget.
1243 2917 1350 2981 Qui
1383 2915 1542 2971 enim
1593 2916 1706 2972 hoc
1759 2932 1870 2972 non
1899 2917 2056 2982 facit,
2104 2932 2221 2972 non

559 3007 749 3076 diligit
796 3005 1138 3079 proximum
1192 3021 1367 3060 suum
1417 3005 1568 3060 sicut
1599 3007 1905 3077 scipsum:
1940 3007 2043 3078 qui
2081 3021 2222 3062 vero

2336 514 2502 577 τόλοις
2535 519 2627 572 τὴν
2658 513 2951 586 ἐπιμέλειαν
2981 516 3176 572 ταύτην
3206 512 3468 587 ἐπέτρεψε.

2408 689 2711 764 Πανδοχεὺς
2779 696 2876 766 γὰρ
2959 699 3056 753 πᾶς
3099 696 3364 763 προεστὼς
3429 701 3526 753 τῆς
3595 692 3984 754 Ἐκκλησίας,

2334 787 2473 842 ἦτοι.
2523 788 2618 843 πᾶς
2669 781 2972 846 ἐπίσκοπος,
3017 787 3106 834 καὶ
3151 787 3248 843 πᾶς
3296 790 3396 834 τῶν
3463 780 3764 834 ἀποστόλων
3821 779 3990 834 διά-

2335 868 2519 944 δοχος.
2568 875 2666 925 Δῦο
2711 868 2770 924 δί
2801 868 3047 944 δηνάρια,
3087 873 3117 930 ἡ
3164 875 3324 929 Koma)
3359 875 3449 924 καὶ
3485 873 3514 929 ἡ
3564 870 3769 923 Παλαιὰ
3819 879 3990 924 Δια-

2337 962 2493 1028 θηκη,
2551 962 2606 1012 αἰ
2659 968 2961 1035 χορηγοῦσι
3017 965 3108 1018 τὴν
3173 960 3398 1033 ἰατρείαν
3447 966 3550 1020 τοῖς
3603 958 3978 1014 ἀσθενοῦσιν-

2337 1053 2521 1121 Εἲρηκε
2577 1053 2675 1122 γὰρ
2731 1050 2780 1102 ἐν
2843 1059 2914 1120 τῷ
2977 1049 3194 1120 εἰκοστῷ
3245 1051 3474 1123 τετάρτῳ
3521 1049 3783 1122 κεγαλαίῳ
3850 1060 3976 1103 τοῦ

2333 1142 2466 1189 κατὰ
2501 1141 2762 1193 Ματθαῖον
2789 1159 2804 1172 ο
2840 1142 2919 1191 ὅτι
2965 1144 3071 1199 Πᾶς
3103 1144 3443 1212 γραμματεὺς
3482 1141 3829 1211 μαθητευθεὶς
3878 1141 3975 1202 εἰς

2333 1232 2427 1286 την
2479 1226 2751 1299 βασιλείαν
2801 1236 2900 1280 τῶν
2951 1227 3200 1300 οῦρανῶν,
3247 1229 3426 1299 ὅμοιός
3475 1226 3616 1279 ἐστιν
3680 1225 3968 1302 ἀνθρώπῳ

2333 1313 2706 1389 οἰκοδεσπότῃ,
2761 1320 2900 1377 ὅστις
2947 1316 3179 1370 ἐκϐάλλει
3223 1316 3282 1369 ἐκ
3322 1324 3415 1370 τοῦ
3460 1319 3730 1392 θησαυροῦ
3779 1317 3966 1370 αὐτοῦ

2333 1409 2487 1459 καινὰ
2515 1411 2604 1459 καὶ
2634 1407 2853 1462 παλαιά.

2411 1489 2471 1548 Ἦ
2506 1492 2604 1548 δύο
2645 1493 2892 1568 δηνάρια,
2926 1497 2980 1548 αἱ
3011 1491 3109 1549 δύο
3155 1496 3420 1571 ἑρμηνεῖαι
3464 1503 3555 1556 τῆς
3599 1495 3958 1567 ετᾶαγγελικῆς

2335 1590 2558 1657 Γραφῆς,
2593 1589 2622 1643 ἦ
2652 1590 2740 1636 καὶ
2764 1590 2942 1648 πησης
2971 1593 3068 1647 τῆς
3088 1587 3242 1649 θείας,
3268 1588 3358 1644 ἦτε
3387 1584 3503 1638 καθ’
3533 1587 3770 1658 ἱστορίαν
3802 1586 3946 1657 (89),

2334 1679 2423 1726 καὶ
2454 1676 2483 1732 ἡ
2518 1677 2654 1726 κατὰ
2683 1673 2982 1746 ἀναγωγήν,

2410 1856 2506 1905 Καὶ
2539 1882 2604 1892 --
2636 1871 2740 1904 σοι.
2795 1854 2854 1905 Εἰ
2897 1870 2949 1902 τι
2992 1853 3054 1903 ἄν
3093 1856 3182 1904 καὶ
3225 1854 3424 1905 οἴκοθεν
3475 1849 3952 1926 προσδαπανήσῃς

2335 1942 2402 2002 εἰς
2435 1941 2676 2013 ὠφέλειαν
2725 1940 2905 1994 αὑτοῦ.
2964 1945 3064 1993 Καὶ
3123 1943 3320 1994 οἴκοθεν
3377 1943 3480 2015 γὰρ
3524 1944 3574 1994 οἱ
3614 1938 3948 1995 διδάσκαλοι

2335 2033 2701 2106 προστιθέασι,
2763 2029 3095 2091 πλατύνοντες
3150 2034 3244 2092 τὰς
3297 2030 3569 2103 ἑρμηνείας
3634 2040 3734 2083 τῶν
3789 2033 3943 2084 θείων

2332 2119 2660 2190 λόγων.’Δπό
2691 2123 2780 2191 μεν
2804 2123 2902 2194 γὰρ
2933 2127 3031 2170 τῶν
3063 2115 3159 2170 δύο
3193 2121 3462 2177 Διαθηκῶν
3487 2119 3813 2192 λαμϐάνουσι
3846 2141 3946 2181 τας

2336 2207 2573 2281 ἀφορμάς
2597 2226 2610 2237 θ
2635 2216 2741 2269 τοῖς
2770 2205 2928 2269 ἰδίοις
2950 2204 3009 2260 δε
3033 2207 3210 2279 λόγοις
3235 2205 3615 2282 δαψινεστίραν
3638 2215 3945 2284 παρέχουσι

2334 2303 2426 2355 τήν
2500 2299 2772 2372 θεραπείαν
2837 2305 2945 2360 τοῖς
3013 2299 3324 2370 κάμνουσιν.
3390 2295 3675 2361 Ἐπάνοδος
3726 2295 3784 2352 δέ
3843 2307 3943 2351 τοῦ

2336 2393 2593 2460 Χριστοῦ,
2627 2388 2657 2445 ἡ
2693 2383 2908 2462 δευτέρα
2935 2392 3222 2459 παρουσία,
3251 2386 3353 2460 ὶνῇ
3387 2383 3647 2440 ἀποδώσει
3675 2394 3804 2439 πᾶσι
3837 2390 3943 2448 τὰς

2337 2474 2579 2548 ἀμοιϐάς.

2407 2657 2499 2715 Τίς
2528 2684 2584 2694 -ο
2623 2652 2804 2710 αὑτοῦ.
2837 2653 2962 2707 Μετ’
2998 2652 3155 2706 αὐτοῦ
3187 2651 3300 2705 ἀντὶ
3330 2660 3443 2720 τοῦ,
3477 2652 3548 2715 εἰς
3577 2651 3747 2708 αὐτόν.

2407 2827 2556 2884 Εἶπεν
2612 2831 2822 2902 ὁμοίως.
2881 2831 3156 2902 Ἐπιμελοῦ
3212 2839 3303 2883 τοῦ
3365 2828 3608 2902 δεομένου
3661 2828 3935 2902 βοηθείας.

2330 2920 2389 2972 Ὀ
2426 2924 2526 2994 γὰρ
2571 2926 2642 2992 μὴ
2676 2929 2829 2972 τοῦτο
2859 2928 3040 2983 ποιῶν,
3088 2920 3181 2972 οῦκ
3230 2919 3411 2992 ἀγαπᾷ
3453 2924 3541 2972 τὸν
3586 2919 3806 2976 πλησίον
3865 2923 3942 2981 ῶς

2332 3009 2548 3061 ἑαυτόν·
2592 3011 2618 3060 ὁ
2671 3005 2730 3061 δι
2785 3014 2856 3082 μὴ
2919 3007 3132 3080 ἀγαπῶν
3190 3013 3276 3061 τὸν
3332 3009 3553 3066 πλησίον
3602 3012 3670 3070 ῶς
3726 3008 3933 3075 ἑαυτὸν,

561 3096 900 3170 proximum
927 3110 1049 3151 non
1093 3093 1278 3166 diligit
1326 3101 1614 3167 tanquam
1665 3109 1728 3149 se
1752 3095 1972 3166 ipsum,
2023 3110 2218 3168 neque

2332 3095 2454 3150 οὐδε
2485 3099 2569 3150 τὸν
2601 3101 2729 3151 Θεὸν
2762 3097 2962 3169 ἀγαπᾷ,
3000 3096 3052 3160 ἐξ
3091 3097 3210 3159 ὅλης
3250 3105 3343 3159 τῆς
3374 3094 3603 3170 καρδίας
3628 3098 3810 3160 αὐτοῦ,
3843 3104 3937 3150 καὶ

562 3185 750 3241 Deum
794 3183 978 3256 diligit
1029 3200 1100 3240 ex
1135 3189 1253 3239 toto
1301 3183 1479 3239 corde
1525 3199 1650 3246 suo,
1693 3189 1750 3240 et
1773 3199 1847 3240 ex
1869 3189 1992 3241 tota
2016 3185 2220 3240 anima

561 3290 690 3343 sua,
715 3291 785 3330 ex
809 3281 925 3330 tota
955 3273 1296 3330 fortitudine
1319 3289 1446 3343 sua,
1471 3277 1528 3328 et
1551 3288 1622 3328 ex
1654 3278 1776 3330 tota
1800 3279 1996 3330 mente
2019 3289 2128 3328 sua
2147 3274 2215 3338 ⁷⁸,

557 3381 695 3438 quae
707 3363 1036 3420 dilectionis
1058 3363 1498 3420 vehementiam
1525 3379 1595 3418 ac
1617 3363 2005 3419 intentionem
2035 3363 2220 3418 mani-

558 3454 791 3511 festant.
1655 3481 1657 3484 ‹

809 3541 966 3598 CAP.
1003 3541 1252 3597 XXXVII.
1286 3541 1370 3597 De
1393 3539 1640 3596 Martha
1670 3547 1724 3596 et
1751 3540 1967 3597 Maria.

629 3632 791 3688 Vers.
840 3633 936 3688 38.
997 3631 1234 3685 Factum
1282 3633 1365 3686 est
1390 3659 1456 3671 —
1483 3629 1644 3684 Vera.
1672 3633 1760 3685 39.
1788 3630 1972 3684 illius.
2006 3629 2223 3686 Castel-

559 3719 686 3776 lum
735 3721 849 3774 hoc
905 3717 1187 3774 Bethania
1239 3722 1412 3773 erat:
1448 3717 1603 3772 hanc
1651 3718 1811 3773 enim
1841 3717 2098 3774 Joannes
2128 3734 2223 3774 ca-

558 3808 793 3864 stellum
821 3807 967 3862 dixit
1013 3805 1202 3862 Mariae
1239 3811 1296 3862 et
1327 3805 1558 3861 Martha:
1579 3807 1648 3858 7‘.

629 3898 792 3952 Vers.
809 3899 895 3951 40.
916 3895 1161 3952 Martha
1179 3910 1313 3951 vero
1328 3925 1391 3935 —
1405 3895 1820 3951 ministerium.
1850 3897 2220 3968 Prieparans,

557 4003 691 4062 quas
712 3986 1051 4042 necessaria
1081 3990 1248 4040 erant
1297 3985 1375 4041 ad
1404 3983 1747 4040 convivium
1779 3990 1835 4041 et
1857 3985 2218 4058 obsequium

558 4077 687 4148 ejus
717 4091 788 4132 ac
809 4073 1244 4146 discipulorum
1293 4073 1504 4146 ipsius.

627 4167 795 4223 Vers.
823 4168 912 4221 40.
943 4164 1272 4232 Οιιωωιίείι
1300 4195 1368 4205 -
1385 4165 1979 4236 adjuvet.Tanquam
2003 4178 2216 4238 praece-

558 4261 693 4329 ptor
710 4271 919 4312 curam
943 4254 1024 4310 illi
1051 4255 1375 4324 committe,
1397 4261 1459 4309 ut
1491 4269 1610 4310 una
1634 4268 1867 4308 mecum
1892 4253 2218 4310 ministerio

557 4362 808 4404 manum
835 4345 1168 4402 admoveat.

2332 3187 2384 3251 εξ
2405 3189 2523 3249 ὅλης
2549 3195 2638 3248 τῆς
2663 3186 2845 3259 ψυχῆς
2872 3187 3056 3254 αὑτοῦ,
3079 3192 3168 3239 καὶ
3198 3186 3251 3250 ἐξ
3279 3186 3400 3248 ὅλης
3418 3195 3510 3248 τῆς
3532 3187 3727 3259 ἰσχύος
3747 3188 3933 3250 αὐτοῦ,

2333 3283 2422 3329 καὶ
2470 3277 2521 3339 ἐξ
2569 3277 2684 3336 ὅλης
2736 3284 2831 3338 τῆς
2885 3271 3121 3336 διανοίας
3168 3276 3348 3347 αὐτοῦ,
3409 3275 3538 3348 άπερ
3588 3275 3932 3348 ἐμφαίνουσιν

2333 3366 2543 3438 ἀγάπης
2575 3362 2913 3440 σφοδρότητα
2943 3369 3032 3418 καὶ
3064 3363 3326 3424 ἐπίτασιν.

2585 3549 2730 3598 ΚΕΦ.
2777 3542 2894 3595 AZ’.
2928 3546 3053 3615 Περὶ
3079 3541 3298 3616 Μάρθας
3322 3545 3412 3594 καὶ
3451 3546 3681 3616 Μαρίας.

2403 3632 2632 3704 Ἐγίνετο
2697 3662 2766 3672 -
2821 3631 3001 3685 αῦτοῦ.
3060 3630 3118 3683 Ἡ
3169 3636 3318 3703 κώμη
3384 3630 3535 3701 αὕτη,
3604 3633 3634 3688 ἡ
3705 3633 3943 3689 Βηθανία

2335 3718 2415 3780 ἦν.
2443 3725 2647 3780 Ταῦτην
2677 3723 2778 3794 γὰρ
2822 3722 2847 3772 ὀ
2906 3719 3143 3780 Ἰωάννης
3199 3716 3306 3772 εἶπε
3361 3725 3540 3792 κώμην
3592 3724 3797 3795 Μαρίας
3845 3726 3936 3772 καὶ

2332 3813 2570 3884 Μάρθας.

2400 3900 2455 3953 Ἦ
2518 3897 2578 3953 δι
2629 3900 2820 3973 Μάρθα
2872 3929 2940 3940 -
2983 3893 3272 3951 διακονίαν.
3330 3899 3818 3971 Παρασκευάζουσα
3866 3903 3933 3951 τὰ

2329 3994 2458 4063 πρὸς
2493 3989 2728 4042 ἑστίασιν
2767 3993 2858 4040 καὶ
2887 3989 3158 4062 θεραπείαν
3181 3987 3342 4039 αὐτοῦ
3367 4006 3422 4039 τε
3445 3993 3536 4040 καὶ
3558 3995 3654 4039 τῶν
3682 3991 3929 4060 μαθητῶν

2330 4079 2510 4133 αὐτοῦ.

2401 4167 2698 4222 Ἐπιστᾶσα
2779 4195 2846 4207 --
2911 4163 3366 4222 συναντιλάϐηται.
3453 4165 3537 4225 Ὧς
3597 4161 3932 4228 διδάσκαλος

2329 4257 2602 4334 ἐπίτρεψον
2631 4256 2788 4328 αὐτῇ,
2821 4255 2904 4308 ἶνα
2928 4274 3018 4328 μοι
3055 4252 3418 4326 συνεφάψηται
3448 4263 3538 4316 τῆς
3566 4251 3847 4314 διακονίας.

625 4437 787 4493 Vera.
819 4436 908 4490 41.
960 4434 1329 4504 Respondent
1379 4463 1447 4476 —
1477 4433 1689 4490 multa.
1721 4431 2046 4525 Tumultus
2104 4432 2217 4489 hoc

2399 4433 2725 4507 Ἀποκριθεὶς
2753 4463 2821 4473 -
2859 4431 3044 4490 πολλά.
3075 4431 3250 4507 Τύρϐη
3279 4431 3438 4500 ἐστὶν,
3479 4435 3505 4484 ό
3534 4434 3924 4505 περισπασμὸς,

558 4527 712 4592 loco,
766 4524 1072 4580 distractio
1102 4528 1189 4580 est
1218 4529 1274 4579 et
1303 4522 1584 4579 turbatio.
1619 4521 1786 4578 Cicra
1835 4520 2024 4578 multa
2058 4535 2216 4588 vero,

555 4621 725 4689 puta,
755 4630 889 4687 quas
921 4614 999 4670 ad
1030 4612 1375 4669 convivium
1405 4616 1461 4668 et
1479 4611 1842 4684 obsequium
1875 4612 2217 4668 necessaria

557 4709 712 4771 sunt,
733 4709 795 4758 ut
821 4703 1048 4759 dictum
1073 4706 1181 4758 est.

626 4793 791 4850 Vers.
845 4793 934 4846 42.
981 4791 1166 4864 Atqui
1190 4805 1375 4848 unum
1430 4797 1512 4846 est
1557 4790 1901 4848 neuarium.
1934 4788 2216 4847 Videlicet

628 4972 679 5010 '“
701 4969 898 5030 Matth.
924 4985 1043 5039 xui,
1076 4970 1163 5027 54.
1240 4971 1290 5007 "
1311 4969 1453 5026 Luc.
1487 4985 1540 5036 x,
1588 4970 1680 5026 97.
1758 4969 1806 5006 η
1827 4967 2006 5026 Joan.
2037 4982 2122 5040 xi,
2166 4969 2220 5024 1.

2328 4525 2357 4581 ἠ
2406 4522 2665 4594 ὄχλησιςο
2723 4527 2840 4594 περὶ
2893 4520 3056 4574 πολλὰ
3104 4517 3184 4591 δι,
3242 4524 3309 4574 τὰ
3364 4530 3461 4584 τῆς
3505 4521 3788 4582 ἑστιάσεως
3836 4526 3927 4573 καὶ

2330 4613 2618 4685 θεραπείας,
2647 4613 2717 4672 ὡς
2737 4614 2960 4686 εἴρηται.

2394 4790 2532 4852 Ἐνός
2575 4786 2636 4842 δι
2686 4788 2800 4843 ἔστι
2861 4794 3044 4862 χρεία.
3107 4797 3214 4852 Τῆς
3274 4788 3568 4864 ἀκροάσεως
3633 4799 3733 4843 τῶν
3792 4789 3924 4864 ίμῶν

1771 5147 2000 5219 Varia:
2035 5146 2360 5217 lectiones
2397 5157 2464 5216 et
2483 5156 2695 5218 notas.

627 5347 741 5430 (8_9)
773 5348 964 5430 Quam
989 5361 1098 5430 nos
1142 5361 1304 5430 nunc
1333 5343 2214 5430 Qrammqtiqam‘appeliamus.

554 5417 741 5478 Credo
771 5425 970 5502 autem
1017 5419 1564 5502 interpretationem
1595 5419 1776 5502 hujus
1806 5417 1923 5474 loci
1949 5417 2216 5502 allegori-

553 5509 692 5551 cam
717 5497 1022 5563 sumptam
1047 5490 1186 5547 esse
1219 5507 1293 5548 ex
1321 5491 1592 5560 Origene,
1637 5490 1740 5563 qui
1769 5506 1943 5546 suam
1972 5490 2032 5545 in
2059 5490 2214 5545 hunc

553 5562 1322 5643 locum‘in-t‘erpretationem
1341 5562 1554 5643 laudat
1581 5566 1640 5620 et
1661 5562 2098 5643 attingit,__t_om.
2124 5562 2211 5626 ιιι,

557 5651 618 5715 p.
666 5639 792 5693 728.
828 5633 1000 5692 Patet
1073 5649 1214 5708 ergo
1267 5634 1359 5691 vel
1413 5649 1488 5690 ex
1530 5633 1646 5691 hoc
1700 5633 1855 5701 loco,
1922 5635 2210 5706 Hierony-

2328 5360 2495 5428 mum
2531 5343 2895 5429 copiosiores
2919 5343 3343 5429 expositiones
3391 5345 3659 5429 Origenis
3701 5346 3925 5429 partim

2326 5415 2625 5490 omisisse,
2658 5417 2876 5490 partim
2915 5416 2976 5472 in
3020 5415 3456 5490 compendium
3500 5415 3818 5490 redegisse
3865 5419 3928 5474 in

2325 5504 2436 5544 sua
2457 5489 2665 5562 Latina
2682 5489 3071 5562 versione._ln
3098 5489 3245 5562 meo
3263 5489 3619 5562 apographo
3645 5489 3927 5547 codicum

2325 5561 2775 5636 Mosquensium
2827 5559 3042 5636 similia
3092 5559 3172 5636 ad
3233 5559 3387 5636 hfl.
3433 5559 3732 5632 leguntur,
3791 5577 3924 5636 qua!

2323 5630 2501 5690 etiam
2537 5630 2766 5689 ibidem
2796 5647 2833 5690 a
2864 5633 3080 5691 Severo
3101 5631 3344 5690 brevius
3369 5630 3746 5709 repetuntur.
