4210 6460
175 386 283 443 969
1269 375 1634 437 COMMENT.
1675 375 1746 428 IN
1788 368 2049 429 LUCAM.
2089 408 2156 417 —
2188 377 2342 434 CAP.
2387 379 2485 433 XI.
3444 373 3552 438 9⁵10

179 513 363 584 λόγων,
427 509 502 564 Ού
570 511 671 582 γὰρ
743 511 1022 583 τρυφήσων
1087 503 1262 576 ἦλθον,
1344 505 1471 558 ἀλλὰ
1557 497 1841 562 διδάξωνλ

1904 515 2177 557 meorum
2189 503 2535 560 auscultatio
2552 518 2915 561 sermonum.
2930 508 3130 578 Neque
3141 503 3324 574 enim,
3340 511 3400 561 ut
3414 522 3556 578 epu-

182 607 339 674 ὑμᾶς.
1902 587 2004 659 ler,
2029 590 2178 656 veni,
2213 591 2319 647 sed
2349 596 2414 647 ut
2437 607 2540 648 vos
2579 592 2852 649 doceam.

257 695 440 763 Μαρία
515 720 576 728 -
621 689 804 750 αὐτῆς.
862 690 960 738 Δύο
1017 682 1227 759 μερίδες
1283 684 1537 742 πολιτείας
1599 679 1794 731 ἐπαινε-

1976 679 2134 734 Vers.
2184 682 2273 735 42.
2324 681 2513 737 Μανία
2543 713 2612 722 -
2634 698 2715 737 ea.
2753 685 2891 738 Duae
2918 685 3118 755 partes
3159 682 3556 740 conversatio-

190 785 296 846 ταὶ,
361 782 390 837 η
447 783 536 850 μεν
586 781 872 851 πρακτικὴ,
925 777 954 833 ἠ
1018 772 1075 826 δὲ
1135 777 1447 848 θεωρητική.
1487 773 1694 828 Ταύτας
1741 769 1793 818 αἱ

1904 766 1999 822 nis
2019 767 2353 825 laudabiles
2371 775 2525 836 sunt,
2553 787 2770 843 nempe
2798 773 3061 844 practica
3077 773 3201 828 sive
3226 772 3553 845 operativa,

194 867 290 922 δύο
334 869 489 920 αὗται
541 864 810 919 διείλοντο.
854 867 1046 939 Μάρθα
1095 867 1208 936 μὲν,
1257 867 1350 922 τὴν
1404 864 1718 934 πρακτικὴν,
1747 857 1794 908 ἐν

1906 862 1962 912 et
1989 857 2250 914 theorica
2279 859 2920 933 sivecontemplativa;
2962 861 3076 917 has
3131 861 3266 917 duas
3321 876 3557 917 sorores

191 967 264 1028 τῷ
317 955 676 1010 διακονεῖσθαι
725 961 842 1028 περὶ
893 959 986 1012 τὴν
1037 957 1339 1026 σωματικὴν
1392 953 1662 1023 θεραπείαν
1705 953 1797 998 τοῦ

1907 947 2035 1002 ἰδίω
2055 946 2392 1017 elegerant:
2440 949 2668 1005 Martha
2689 949 2936 1022 quidem
2986 950 3366 1022 operativam,
3393 950 3561 1006 mini-

197 1053 409 1120 Κυρίοο*
465 1051 640 1118 Μαρία
693 1042 771 1109 δὲ,
819 1049 913 1102 τὴν
963 1045 1304 1115 θεωρητικὴν,
1365 1040 1411 1092 ἐν
1462 1049 1534 1110 τῷ
1591 1036 1797 1089 ἀκούειν

1909 1036 2153 1092 strando
2176 1037 2332 1092 circa
2354 1039 2662 1110 corporale
2688 1039 2919 1094 Domini
2943 1038 3300 1112 obsequium
3329 1054 3344 1106 ;
3381 1038 3562 1096 Maria

193 1146 293 1189 τῶν
318 1136 482 1207 λόγων
526 1136 708 1189 αὐτοῦ.
746 1140 846 1188 Καὶ
895 1132 1004 1185 ἐπεὶ
1049 1131 1267 1192 διπλοῦς
1312 1128 1371 1189 ἦν
1403 1131 1428 1181 ό
1482 1131 1722 1201 Χριστὸς,
1765 1127 1794 1183 ἡ

1910 1141 2049 1181 vero
2073 1127 2624 1198 contemplativam,
2671 1127 2974 1183 audiendo
3026 1143 3333 1184 sermones
3381 1127 3559 1183 illius.

193 1229 284 1297 μὲν
326 1224 544 1277 ἀνέπαυε
592 1229 649 1276 τό
703 1225 954 1296 ὁρώμενον
1010 1221 1190 1273 αύτού·
1251 1222 1279 1278 ἡ
1345 1216 1402 1272 δε
1449 1215 1685 1270 ἐδούλευε
1729 1222 1802 1284 τῷ

1915 1218 1978 1270 Et
2009 1231 2154 1288 quia
2172 1216 2489 1288 bipartitus
2519 1223 2645 1273 erat
2671 1217 2957 1286 Christus,
2983 1217 3084 1275 illa
3123 1219 3364 1292 quidem
3412 1217 3561 1275 refo-

195 1315 398 1387 ἀοράτῳ
445 1314 624 1366 αὐτοῦ·
682 1313 839 1374 αὐτὸς
871 1308 952 1380 δε,
995 1320 1089 1372 τῆς
1147 1313 1235 1382 μεν
1277 1313 1369 1367 τὴν
1399 1309 1695 1381 προθυμίαν
1743 1303 1800 1355 ού

1912 1304 2153 1360 cillabat
2193 1312 2423 1376 partem
2450 1307 2579 1376 ejus
2607 1305 2921 1373 visibilem,
2945 1307 3070 1364 hmo
3105 1313 3304 1364 autem
3330 1307 3565 1365 colebat

200 1401 430 1466 διέϐαλε,
483 1413 572 1463 τῆς
631 1399 690 1456 δε
751 1408 845 1460 τὴν
899 1406 1200 1474 προαίρεσιν
1255 1399 1490 1470 ἐπῄνεσε.
1556 1403 1662 1456 Τῆς
1712 1397 1801 1465 μεν

1912 1399 2142 1466 partem
2164 1394 2292 1464 ejus
2317 1393 2676 1450 invisibilem
2710 1413 2722 1450 :
2769 1395 2898 1468 ipse
2929 1412 3071 1452 vero
3118 1396 3274 1452 illius
3316 1396 3564 1470 quidem

193 1497 296 1566 γὰρ
345 1496 403 1545 τὸ
471 1495 637 1566 ἔργον,
695 1497 1130 1564 χρησιμώτατον
1193 1496 1288 1550 τῆς
1355 1485 1414 1540 δὲ
1477 1486 1590 1558 (90)
1662 1482 1804 1554 ὑφη-

1912 1483 2444 1556 promptitudinem
2472 1499 2592 1540 non
2619 1485 2990 1556 vituperavit,
3005 1485 3186 1557 hujus
3218 1492 3416 1543 autem
3448 1485 3567 1543 ele-

197 1583 422 1649 λότερον,
1913 1572 2804 1646 ctionemlaudavit.Siquidem
2830 1574 2987 1630 illius
3019 1591 3175 1646 opus
3228 1575 3370 1632 utile
3413 1579 3566 1634 certe

1915 1660 2248 1718 admodum
2277 1665 2421 1728 erat,
2453 1662 2634 1734 hujus
2657 1667 2859 1719 tamen
2913 1663 3252 1720 sublimius.

271 1763 336 1812 Σύ
377 1756 457 1828 δε,
512 1759 571 1817 ἢν
622 1757 820 1831 βούλει,
870 1763 1128 1830 μίμησαι,
1162 1757 1220 1815 ἦν
1264 1757 1508 1829 θεράπευε
1546 1757 1603 1806 τό
1655 1762 1807 1826 σῶμα

1987 1752 2072 1806 Τιι
2091 1765 2256 1821 ergo,
2285 1767 2459 1822 quam
2489 1750 2738 1807 volueris
2770 1751 3024 1821 imitare,
3047 1758 3151 1808 aut
3186 1768 3393 1809 curam
3414 1751 3569 1810 habe

198 1857 290 1900 τοῦ
335 1854 550 1924 Κυρίου,
593 1848 724 1920 λέγω
771 1845 862 1910 δὴ,
913 1851 1030 1907 τούς
1084 1849 1350 1917 πτωχούς.
1385 1845 1493 1916 Ἐφ’
1525 1846 1644 1896 ὅσον
1685 1846 1804 1915 γὰρ,
1843 1851 1860 1907 ]

1918 1839 2180 1911 corporis
2208 1839 2464 1906 Domini,
2492 1840 2628 1896 dico
2657 1856 2800 1896 sane
2829 1845 3353 1913 pauperum.Nam
3375 1847 3571 1914 quate-

207 1943 388 2009 ψησὶν,
480 1937 760 1994 ἐποιήσατε
845 1936 916 1989 ἑνὶ
1001 1939 1195 1988 τούτων
1289 1942 1387 1986 τῶν
1494 1931 1805 2004 ἐλαχίστων,

1919 1945 2048 1996 nus,
2090 1929 2303 2001 inquit,
2327 1929 2435 1984 uni
2484 1930 2556 1985 de
2619 1929 2706 1987 his
2735 1930 2989 1986 minimis
3033 1931 3276 2000 fecistis,
3332 1938 3383 1987 et
3427 1930 3571 1988 mihi

204 2025 319 2098 ἐμοὶ
373 2026 675 2084 ἐποιήσατε.
737 2027 766 2084 ἡ
822 2024 1056 2096 ἀσχολου
1103 2029 1220 2095 περὶ
1266 2028 1358 2080 τὴν
1411 2020 1662 2094 ἀκρόασιν
1711 2030 1810 2072 τῶν

1916 2017 2134 2087 fecistis
2201 2019 2268 2070 π.
2323 2019 2436 2073 Aut
2499 2033 2793 2090 occupare
2865 2019 3022 2074 circa
3075 2019 3569 2076 auscultationem

204 2116 366 2185 λόγων
401 2115 580 2177 αὐτού,
614 2119 732 2188 περὶ
763 2119 850 2171 την
897 2116 1112 2185 θεωρίαν
1162 2120 1260 2164 τῶν
1307 2109 1583 2183 δογμάτων
1628 2110 1809 2162 αύτούο

1923 2122 2271 2162 sermonum
2298 2105 2503 2177 ipsius,
2537 2107 2690 2164 circa
2727 2106 3288 2180 contemplationem
3325 2109 3573 2180 dogma-

209 2204 236 2261 ᾖ
294 2208 382 2255 καὶ
437 2202 703 2276 ἀμφότερα
760 2207 1038 2276 μετέρχου,
1099 2205 1233 2252 κατα
1284 2205 1401 2260 τοὺς
1458 2205 1815 2272 προσήκοντας

1923 2201 2050 2252 tum
2088 2196 2264 2251 illius.
2294 2197 2408 2252 Aut
2445 2197 2625 2253 etiam
2671 2203 2993 2270 utrumque
3038 2213 3246 2254 exerce
3294 2199 3573 2270 congruis

209 2295 395 2366 καιρόύ
407 2313 444 2352 ς.

1927 2284 2316 2358 temporibus.

279 2386 383 2439 Τὴν
441 2381 643 2452 ἀγαθὴν
703 2377 761 2432 δὲ
813 2376 1006 2452 μερίδα
1063 2376 1218 2442 εἶπεν,
1268 2379 1372 2450 ούχ
1412 2381 1481 2440 ὡς
1513 2386 1610 2440 τῆς
1656 2377 1815 2440 ἄλλης

1994 2377 2216 2432 Bonam
2244 2390 2381 2431 vero
2411 2380 2644 2446 partem
2681 2375 2845 2440 dixit,
2888 2391 3009 2433 non
3039 2376 3578 2450 quodalteramala

210 2477 439 2543 πονηρᾶς
514 2473 697 2533 οὔσης,
777 2467 882 2520 ἀλλ’
956 2468 1154 2539 ἀγαθὴν
1219 2467 1436 2520 ἐνταῦθα
1493 2473 1584 2526 τὴν
1645 2473 1814 2540 κρείτ-

1925 2465 1999 2521 sit
2025 2488 2037 2520 :
2072 2465 2177 2520 sed
2199 2465 2418 2520 bonam
2444 2464 2541 2521 hic
2566 2465 2890 2537 appellavit
2919 2481 3053 2522 eam
3079 2482 3212 2539 quae
3244 2465 3575 2523 meliorest.

208 2581 331 2612 τονα
387 2561 672 2630 ὠνόμασεν.
738 2554 1045 2630 Ἐνδέχεται
1108 2561 1209 2629 γὰρ
1269 2553 1364 2610 δύο
1425 2557 1591 2609 καλῶν
1651 2561 1708 2609 τό
1766 2557 1815 2610 ἓν

1923 2555 2120 2611 Potest
2142 2554 2301 2609 enim
2332 2553 2481 2622 ﬁeri,
2510 2559 2572 2609 ut
2601 2555 2851 2610 duorum
2883 2554 3186 2612 bonorum
3216 2571 3401 2611 unum
3439 2555 3579 2612 alte-

207 2646 332 2701 εἷναι
387 2647 620 2702 κάλλιον.
661 2647 826 2699 Καλόν
885 2650 973 2718 μὲν
1013 2649 1115 2718 γαρ
1166 2650 1222 2698 τό
1276 2645 1566 2718 φιλοξενεῖν·
1608 2646 1814 2698 κάλλιον

1924 2659 1990 2699 ro
2003 2642 2217 2698 melius
2240 2643 2335 2698 sit.
2354 2642 2587 2698 Bonum
2603 2643 2903 2716 siquidem
2925 2649 3029 2710 est,
3048 2644 3405 2716 hospitalem
3421 2659 3575 2711 esse,

209 2735 266 2790 δε
301 2741 359 2790 τὸ
400 2733 736 2810 παρεδρεύειν
773 2741 908 2805 Θεῷ.
952 2739 1020 2788 Τό
1051 2739 1141 2807 μεν
1171 2738 1272 2809 γὰρ
1315 2740 1629 2808 σωματικόν·
1665 2740 1722 2788 τό
1755 2731 1815 2788 δε

1923 2749 2133 2788 verum
2156 2731 2368 2787 melius
2382 2737 2488 2797 est,
2508 2734 2625 2788 Deo
2639 2733 2899 2788 assidere
2927 2750 2940 2789 :
2960 2732 3108 2791 illud
3119 2735 3280 2790 enim
3300 2749 3579 2807 corpora-

213 2831 582 2899 πνευματικόν.

1923 2821 1977 2878 le
2007 2826 2113 2887 est,
2144 2820 2260 2878 hoc
2301 2826 2503 2877 autem
2566 2821 2900 2892 spirituale.

601 2921 746 2968 ΚΕΦ.
776 2911 908 2968 ΛΗ’.
943 2918 1065 2987 Περὶ
1091 2922 1418 2987 προσευχῆς.

2279 2911 2430 2967 CAP.
2493 2912 2763 2968 XXXVIII.
2810 2914 2894 2968 De
2935 2914 3219 2972 oratione.

283 3010 382 3058 Καὶ
439 3004 632 3075 ἐγένετο
688 3035 754 3045 ——
806 3003 988 3056 αὐτοῦ.
1039 3003 1205 3065 Οὗτος
1255 3005 1280 3055 ό
1331 3006 1573 3076 μαθητὴς
1625 3002 1680 3055 ἐκ
1717 3012 1814 3055 τῶν

1997 3000 2156 3058 CAP.
2181 3001 2267 3056 ΧΙ.
2299 3000 2459 3056 Vers.
2496 3005 2540 3055 ι.
2573 3001 2805 3057 Accidit
2831 3009 3017 3058 autem
3042 3019 3279 3060 —suos.
3310 3002 3581 3076 Discipu-

211 3092 571 3166 ἐϐδομήκοντα
623 3089 702 3152 ἧν.
764 3096 894 3152 Τούς
944 3095 1045 3164 γὰρ
1096 3089 1308 3144 δώδεκα
1359 3089 1598 3154 ἐδίδαξεν
1653 3092 1698 3143 ἐν
1743 3100 1814 3162 τῷ

1924 3089 2016 3146 lus
2040 3089 2136 3144 hic
2165 3096 2290 3145 erat
2319 3106 2392 3145 ex
2422 3090 2824 3160 septuaginta.
2849 3094 2995 3146 Nam
3018 3091 3337 3148 duodecim
3359 3092 3576 3149 docue-

209 3189 425 3256 πέμπτῳ
455 3183 712 3254 κεφαλαίῳ
744 3190 835 3233 τοῦ
879 3184 1014 3232 κατὰ
1055 3183 1343 3234 Ματθαῖον.
1397 3178 1541 3233 Ἰδὼν
1583 3185 1685 3255 γὰρ
1729 3185 1815 3233 τόν
1849 3206 1871 3262 ί

1926 3184 2017 3234 rat
2045 3179 2254 3249 quinto
2279 3179 2471 3249 capite
2491 3179 2792 3248 Evangelii
2813 3179 2986 3249 juxta
3023 3181 3381 3236 Matthaaum.
3432 3182 3580 3237 Cum

213 3269 536 3324 διδάσκαλον
567 3276 752 3329 καινὴν
784 3270 1043 3322 πολιτείαν
1066 3275 1158 3323 καὶ
1185 3272 1298 3339 (9|)
1323 3275 1698 3343 μετερχόμενον
1729 3276 1818 3322 καὶ

1929 3267 2151 3322 videret
2179 3267 2337 3322 enim
2364 3273 2792 3337 praeceptorem
2825 3283 3049 3323 novum
3091 3271 3223 3324 vitae
3251 3269 3580 3326 institutum

211 3363 594 3433 ὑποτιθέμενον,
663 3359 892 3421 ἐζήτησε
967 3362 1052 3409 καὶ
1125 3362 1307 3416 καινὴν
1365 3364 1692 3431 προσευχὴν,
1753 3367 1813 3431 τῇ

1928 3360 1986 3412 et
2010 3371 2283 3411 exercere
2305 3354 2723 3410 etadmonere:
2751 3371 2969 3412 novam
2993 3372 3230 3429 quoque
3247 3359 3579 3414 orationem

214 3454 443 3520 πολιτείᾳ
472 3447 818 3504 κατάλληλον,
857 3447 913 3498 Ὀ
964 3443 1042 3512 δὲ,
1079 3447 1138 3505 ἣν
1187 3443 1402 3509 ἐδίδαξε
1431 3451 1554 3510 τούς
1584 3444 1815 3514 δώδεκα,

1927 3445 2220 3517 quaesivit,
2324 3445 2455 3500 vitae
2531 3444 2728 3500 studio
2801 3445 3276 3502 convenientem.
3350 3449 3422 3502 At
3487 3445 3581 3504 ille

211 3541 406 3594 ταύτην
437 3542 526 3588 καὶ
557 3544 644 3587 νῦν
684 3535 965 3588 ἐκτίθεται.

1928 3549 2115 3605 quam
2139 3534 2304 3606 ipsos
2326 3532 2646 3590 duodecim
2680 3533 2985 3601 docuerat,
3017 3534 3174 3591 hanc
3198 3535 3377 3592 etiam
3423 3551 3581 3592 nunc

1929 3623 2196 3695 exponit.

289 3711 414 3767 Εἶπε
472 3745 537 3754 -
603 3721 851 3786 πονηροῦ.
937 3713 1368 3788 Ἠρμηνεύθησαν
1430 3723 1596 3767 ταῦτα
1651 3717 1821 3768 πάντα

2002 3714 2164 3768 Vers.
2196 3719 2249 3769 2.
2282 3715 2381 3770 Ait
2419 3745 2489 3756 —
2515 3714 2685 3771 Vers.
2709 3717 2762 3769 4.
2810 3716 2987 3771 maio.
3036 3715 3260 3772 Horum
3307 3716 3583 3772 omnium

215 3807 351 3856 κατα
397 3806 454 3855 τὸ
511 3804 666 3877 ῥητὸν
720 3803 769 3855 ἐν
817 3811 887 3874 τῷ
929 3800 1215 3861 δηλωθέντι
1271 3807 1487 3876 πέμπτῳ
1539 3806 1814 3876 κεφαλαίῳ,

1930 3803 2006 3858 ad
2032 3802 2280 3859 verbum
2309 3803 2452 3860 data
2489 3809 2581 3859 est
2611 3804 3009 3876 interpretatio
3031 3805 3320 3876 praedicto
3369 3806 3582 3878 quinto

220 3893 277 3945 Εἰ
353 3888 412 3945 δε
469 3899 558 3945 καί
618 3892 771 3955 λέξεις
845 3896 974 3953 τινες
1057 3891 1280 3944 ἐνταῦθα
1347 3893 1816 3966 παραλλάττουσιν,

1929 3892 2142 3964 capite.
2168 3894 2337 3959 Quod
2359 3895 2408 3949 si
2425 3893 3008 3965 dictionesqumdam
3030 3894 3126 3950 hic
3148 3901 3582 3966 permutantur,

218 3981 324 4032 ἀλλ’
353 3977 440 4033 οὖν
479 3986 572 4039 τὴν
613 3982 774 4040 αὐτὴν
819 3987 908 4034 καὶ
957 3981 1112 4033 αὗται
1164 3987 1433 4054 σημασίαν
1479 3983 1816 4055 φυλάττουσι,

1930 3983 2209 4040 eamdem
2237 3989 2439 4038 tamen
2469 3987 2525 4038 et
2554 3982 2674 4038 istic
2718 3990 2958 4040 servant
2987 3983 3504 4054 signiﬁcationem,
3529 3990 3586 4040 et

217 4076 303 4123 καὶ
331 4070 399 4133 εἰς
446 4075 540 4130 τὴν
582 4073 763 4144 ὁμοίαν
809 4071 1080 4144 ἑρμηνείαν
1132 4073 1464 4143 συνάγονται.
1499 4069 1721 4135 Διδάξας
1762 4071 1821 4126 δὲ

1931 4072 1993 4128 in
2015 4071 2266 4128 similem
2290 4072 3233 4145 conveniuntinterpretationem.
3269 4073 3584 4145 Postquam

213 4163 630 4234 προσεύχεσθαι,
665 4157 836 4223 δεῖξαι
869 4159 1131 4233 βούλεται,
1172 4166 1259 4213 καὶ
1298 4163 1377 4214 ὅτι
1409 4163 1438 4219 ἡ
1484 4159 1822 4234 ἐπιμονητῆς

1933 4168 2131 4217 autem
2159 4178 2327 4216 orare
2349 4162 2567 4226 docuit,
2603 4162 2728 4216 vult
2779 4163 3114 4228 ostendere,
3163 4162 3324 4233 quod
3371 4163 3587 4218 oratio-

216 4257 522 4320 προσευχῆς
577 4247 716 4301 ἀνύει
774 4252 830 4300 τό
895 4245 1344 4321 σπουδαζόμενον,
1416 4255 1505 4301 καὶ
1561 4254 1823 4323 κέχρηται

1932 4251 2024 4306 nis
2050 4251 2492 4321 perseverantia
2516 4249 2719 4305 tribuit
2745 4250 2826 4319 id,
2858 4251 3017 4322 quod
3057 4251 3194 4322 quis
3245 4249 3466 4321 expetit
3491 4266 3504 4315 ;
3533 4254 3589 4306 et

218 4337 484 4411 παραϐολῇ
545 4342 857 4411 παριστὼση
909 4345 1079 4391 τοῦτο.
1139 4344 1534 4412 Περιεργότερον
1581 4334 1640 4390 δε
1689 4339 1818 4396 αῦτη

1935 4337 2227 4410 parabola
2281 4353 2420 4392 usus
2468 4342 2576 4404 est,
2625 4353 2761 4409 quae
2814 4339 2928 4394 hoc
2991 4338 3381 4403 demonstret,
3449 4353 3586 4410 quae

224 4426 649 4497 συμπέπλασται,
684 4427 764 4479 ἵνα
794 4432 882 4480 καὶ
911 4429 988 4485 εἰη
1023 4428 1366 4503 πιθανωτέρα.

1935 4427 2113 4484 etiam
2164 4427 2500 4482 accuratius
2544 4426 2802 4482 formata
2850 4433 2960 4491 est,
3003 4432 3064 4482 ut
3141 4426 3590 4498 persuasibilior

1853 4564 1900 4619 D
1935 4517 2244 4619 reddatur:

296 4605 397 4654 Καὶ
423 4598 528 4655 εἶπε
551 4633 620 4644 -
649 4601 811 4675 αύτῷ.
838 4610 1076 4679 Χρῆσον,
1105 4608 1242 4671 ἤτοι,
1274 4600 1514 4657 δάνεισον
1545 4605 1680 4676 (92).
1854 4598 1900 4619 υ

2006 4607 2172 4663 Vers.
2222 4612 2270 4660 5.
2299 4605 2372 4660 Et
2413 4604 2573 4661 dixit
2633 4637 2696 4648 —
2747 4605 2913 4661 Vers.
2973 4611 3026 4662 6.
3082 4605 3200 4662 illi.
3255 4606 3588 4664 Commoda

1940 4713 2049 4754 seu
2079 4699 2290 4751 mutuo
2327 4694 2427 4750 da.

296 4779 538 4844 Κάκεῖνος
607 4813 679 4825 -
753 4802 862 4840 σοι.
934 4787 1069 4836 Φασί
1145 4803 1279 4846 τινες
1349 4781 1684 4856 ἁναγωγικῶς
1749 4787 1827 4838 ὅτι

2007 4786 2168 4842 Vers.
2194 4785 2248 4842 7.
2280 4785 2357 4840 Et
2382 4784 2488 4841 ille
2516 4815 2576 4824 —
2597 4783 2722 4839 tibi.
2754 4783 2964 4840 Dicunt
2985 4785 3235 4858 quidam
3291 4801 3396 4858 per
3451 4787 3592 4843 ami-

221 4878 412 4923 νοεῖται
466 4871 607 4943 φίλος
674 4875 764 4945 μὲν
834 4873 860 4924 ό
915 4871 1271 4947 φιλάνθρωπος
1330 4877 1458 4935 Θεὸς
1492 4892 1502 4903 °
1555 4876 1828 4947 πορεύεται

1937 4893 2076 4932 cum
2090 4876 2418 4947 anagogice
2442 4877 2627 4930 Deum
2643 4873 2884 4944 intelligi
2899 4876 3216 4932 hominum
3233 4883 3589 4934 amatorem.

223 4955 283 5011 δε
335 4963 460 5033 πρὸς
513 4960 664 5012 αὐτὸν
717 4965 1061 5032 μεσονυκτίου
1109 4966 1199 5013 καὶ
1247 4961 1384 5015 αἰτεῖ
1436 4972 1568 5036 τρεῖς
1615 4966 1826 5037 οἰρτους,

1940 4967 2110 5022 Vadit
2133 4973 2334 5020 autem
2366 4964 2444 5020 ad
2473 4965 2672 5036 ipsum
2715 4965 2914 5020 media
2975 4969 3145 5020 nocte
3185 4971 3242 5022 et
3287 4966 3430 5037 petit
3475 4971 3592 5022 tres

222 5050 248 5100 ό
288 5052 431 5121 παρὰ
457 5053 542 5102 τὸν
571 5054 908 5124 προσήκοντα
949 5054 1130 5126 καιρὸν
1169 5051 1325 5104 αἰτῶν
1355 5060 1493 5126 τρεῖς
1547 5053 1826 5126 θεολογίας,

1940 5070 2149 5128 panes,
2181 5054 2287 5126 qui
2309 5052 2685 5110 convenienti
2702 5060 2969 5125 tempore
3006 5055 3150 5126 petit
3190 5055 3472 5127 triplicem
3507 5055 3595 5111 di-

223 5141 426 5213 Πατρός
464 5142 554 5191 καὶ
597 5141 722 5191 Υίοῦ
771 5143 862 5192 καὶ
911 5139 1062 5213 ἁγίοῡ
1115 5143 1428 5216 Πνεύματος,
1491 5144 1575 5195 ἵνα
1618 5145 1826 5220 παραθῇ

1943 5146 2150 5202 vinum
2177 5158 2529 5211 sermonem,
2561 5142 2754 5199 Patris
2782 5142 3055 5201 videlicet
3088 5150 3144 5200 et
3169 5143 3292 5201 Filii
3317 5160 3389 5203 ac
3421 5144 3599 5219 Spiri-

295 5287 346 5326 ’⁸⁷
377 5289 578 5347 Matth.
609 5305 734 5359 xxv,
769 5293 858 5347 40.

1434 5393 1674 5489 _Variae
1713 5393 2044 5465 lectiones
2082 5408 2148 5466 et
2178 5405 2358 5464 notae

295 5556 411 5644 (eo)
445 5565 558 5644 Τῆς
588 5556 647 5644 ὸρ
676 5564 737 5644 τε
763 5561 826 5644 β.
1951 5571 2076 5623 tum
2101 5566 2357 5640 junctim
2383 5563 2610 5623 eddidit
2662 5581 2699 5623 a
2743 5565 2956 5640 quinto
2981 5567 3061 5627 ad
3105 5568 3432 5644 septimum
3473 5583 3605 5627 ver-

298 5632 410 5700 (9l)
445 5637 546 5685 Καὶ
573 5632 743 5689 abest
770 5634 836 5688 A.
1955 5658 1960 5693 ε

1955 5632 2121 5695 sum:
2682 5661 2687 5668 ·

290 5701 407 5778 (92)
435 5705 570 5760 Haec
599 5703 714 5761 tria
741 5701 1040 5761 vocabula
1057 5703 1604 5765 omisitHentenius
1618 5711 1678 5766 et
1706 5709 1836 5767 tex-

519 5802 738 5859 Pnaox.
777 5803 880 5860 GR.
924 5803 1170 5860 CXXIX.
3257 5810 3327 5872 81
