4210 6426
565 317 670 374 967
1939 312 2282 376 EU‘I‘HYMII
2322 314 2654 374 ZlGABENI
3833 316 3966 375 968

568 451 707 500 tuus
783 447 870 499 est
930 456 1001 498 ac
1066 443 1405 512 resurrexit,
1464 449 1522 502 et
1583 444 1660 501 ad
1714 443 2224 518 peregrinandum

2335 449 2422 495 καὶ
2457 442 2704 508 ἀναστὰς,
2757 448 2846 496 καὶ
2876 438 3119 516 ίκδημῶν
3151 443 3219 505 εἰς
3242 445 3329 496 τὸν
3359 442 3592 516 οὐρανὸν,
3628 451 3736 505 τοῖς
3787 465 3898 496 mro
3911 467 3965 507 ς-

565 532 623 588 in
649 531 866 588 ccelum
919 531 1186 598 devertit,
1216 533 1374 590 hanc
1413 551 1620 591 curam
1667 533 1952 608 apostolis
1983 533 2225 589 commi~

1804 533 1952 590 stolis
1983 533 2225 589 commi-
2334 533 2500 596 τόλοις
2533 538 2625 592 τὴν
2656 532 2949 605 ἐπιμέλειαν
2979 535 3174 591 ταύτην
3205 532 3466 606 ἐπέτρεψε.

567 621 664 677 sit.

637 712 861 784 Hospes
877 709 1038 768 enim
1066 716 1172 781 est,
1199 713 1472 786 quisquis
1506 713 1775 771 Ecclesiae
1798 717 2034 786 praeest,
2060 715 2220 784 puta,

2406 708 2710 783 Πανδοχεύς
2776 715 2874 785 γὰρ
2956 718 3052 772 πᾶς
3098 715 3362 782 προεστὼς
3428 719 3524 772 τῆς
3593 710 3946 775 Ἐκκλησίας,

564 800 761 857 omnis
790 799 1130 872 episcopus,
1165 801 1254 857 vel
1273 804 1543 876 quisquis
1565 803 1970 876 apostolorum
1993 816 2223 857 succes-

2332 805 2471 860 ἦτοι.
2521 807 2616 862 πᾶς
2666 800 2970 865 ἐπίσκοπος,
3015 806 3103 853 καὶ
3149 806 3246 862 πᾶς
3295 809 3394 852 τῶν
3461 799 3760 853 ἀποστόλων
3819 798 3955 854 διά-

563 905 663 947 sor
691 898 794 946 est.
829 891 956 946 Duo
985 906 1122 947 vero
1151 890 1379 949 denarii
1408 897 1549 949 sunt
1572 896 1802 950 Novum
1836 907 1906 948 ac
1929 892 2102 948 Vetus
2121 891 2220 945 Te-

2333 887 2517 962 δοχος.
2566 894 2664 943 Δύο
2709 887 2768 943 δε
2799 887 3045 963 δηνάρια,
3085 892 3115 948 ἠ
3161 894 3321 948 Καινή
3357 894 3447 942 καὶ
3482 891 3512 948 ἠ
3561 889 3765 942 Παλαιά
3817 897 3958 943 Δια-

563 984 948 1045 stamentum,
980 995 1115 1052 qua:
1137 981 1393 1037 intirmis
1420 981 1781 1038 medicinam
1809 979 2218 1052 suppeditant.

2334 980 2491 1047 θήκη,
2550 981 2604 1031 αἶ
2657 987 2959 1054 χορηγοῦσι
3014 983 3106 1037 τὴν
3171 979 3396 1051 ἰατρείαν
3444 985 3548 1039 τοῖς
3601 977 3950 1034 ἀσθενοῦσιν.

565 1069 715 1125 Dixit
732 1070 894 1125 enim
915 1069 1199 1126 vicesimo
1223 1077 1440 1143 quarto
1461 1071 1654 1142 capite
1686 1067 1988 1138 Evangelii
2015 1083 2222 1124 secun-

2334 1071 2520 1140 Εἴρηκε
2575 1072 2673 1140 γὰρ
2728 1069 2778 1121 ίν
2842 1077 2912 1139 τῷ
2975 1067 3192 1139 εἰκοστῷ
3243 1069 3471 1142 τετάρτῳ
3518 1068 3779 1140 κεφαλαίῳ
3843 1079 3951 1122 τοῦ

563 1157 707 1213 dum
728 1158 1061 1214 Matthwum
1097 1175 1110 1213 :
1163 1158 1364 1215 Omnis
1388 1160 1586 1216 scriba
1603 1159 1841 1215 edoctus
1867 1157 1948 1213 ad
1972 1172 2219 1226 regnum

2331 1160 2464 1208 κατά
2499 1159 2760 1212 Ματθαῖον
2787 1178 2802 1191 ·
2838 1160 2917 1210 ὃτι
2963 1162 3069 1218 Πᾶς
3101 1162 3441 1230 γραμματεύς
3480 1159 3828 1229 μαθητευθεὶς
3867 1160 3953 1221 εἰς

562 1247 845 1303 calorum
865 1247 1076 1302 similis
1125 1254 1209 1303 est
1259 1247 1490 1304 homini
1529 1245 1972 1320 patrifamilias,
2007 1247 2108 1318 qui
2128 1245 2219 1300 de-

2331 1250 2425 1304 την
2477 1244 2749 1318 βασιλείαν
2799 1254 2898 1298 τῶν
2949 1246 3199 1319 ούρανὼν,
3245 1247 3423 1317 ὅμοιός
3473 1245 3614 1298 ἐστιν
3678 1244 3949 1320 ἀνθρώπῳ

560 1336 782 1405 promit
812 1335 885 1393 de
909 1335 1189 1394 thesauro
1209 1353 1312 1393 suo
1337 1353 1488 1394 nova
1513 1345 1567 1395 et
1585 1336 1863 1394 vetera".

2331 1331 2704 1409 οἰκοδεσπότῃ,
2758 1339 2898 1396 ὅστις
2945 1335 3177 1388 ἰκϐάλλει
3221 1335 3279 1388 ἐκ
3319 1343 3413 1388 τοῦ
3457 1337 3728 1410 θησαυροῦ
3775 1337 3949 1389 αὑτοῦ

2331 1427 2485 1477 καινά
2513 1430 2602 1478 καὶ
2632 1425 2850 1481 παλαιά.

634 1509 754 1575 Vel,
782 1509 906 1566 duo
931 1507 1162 1566 denarii
1188 1507 1320 1564 dum
1364 1512 1502 1564 sunt
1529 1507 2046 1580 interpretationes
2078 1510 2222 1566 Scri-

2409 1508 2470 1566 Ἢ
2504 1510 2602 1566 δύο
2643 1511 2889 1586 δηνάρια,
2924 1516 2978 1566 αἱ
3009 1511 3107 1567 δύο
3153 1515 3416 1590 ἑρμηνεῖαι
3461 1523 3554 1576 τῆς
3597 1514 3946 1586 remane;

561 1603 749 1671 ptum
770 1598 1140 1669 evangelicae,
1170 1604 1271 1655 aut
1296 1598 1467 1654 etiam
1495 1599 1700 1654 omnis
1734 1597 1952 1654 divina:
1976 1615 1988 1653 :
2019 1597 2118 1655 illa
2144 1601 2220 1655 vi-

2333 1608 2556 1675 Γραφῆς,
2590 1607 2620 1661 ἣ
2649 1608 2738 1655 καὶ
2761 1609 2940 1666 πησης
2969 1612 3066 1666 τῆς
3086 1605 3240 1668 θείας,
3265 1607 3356 1663 ἣτε
3384 1604 3501 1656 καθ’
3531 1606 3765 1678 ἱστορίαν
3799 1606 3936 1677 (89),

561 1687 794 1756 delicet,
826 1704 964 1760 quae
974 1689 1150 1760 juxta
1179 1687 1482 1744 historiam
1505 1692 1614 1758 est,
1640 1693 1696 1745 et
1733 1704 1865 1761 quae
1883 1687 2055 1760 juxta
2083 1703 2223 1745 ana-

1316 1687 1482 1744 >riam
1505 1692 1614 1758 est,
1640 1693 1696 1745 et
1733 1704 1865 1761 quae
1883 1687 2055 1760 juxta
2083 1703 2223 1745 ana-
2332 1697 2421 1744 καὶ
2452 1694 2481 1751 ἠ
2517 1695 2651 1744 κατά
2682 1692 2978 1764 ἀναγωγήν.

562 1792 780 1850 gogen.
2257 1797 2302 1852 Β

637 1867 795 1923 Vers.
829 1867 918 1922 35.
946 1867 1024 1922 Et
1053 1896 1122 1908 —
1169 1866 1292 1922 tibi.
1328 1867 1384 1922 Si
1441 1866 1619 1923 etiam
1651 1865 1727 1922 de
1777 1871 1879 1922 tuo
1909 1867 2222 1940 quidpiam

2408 1875 2504 1924 Καὶ
2537 1901 2602 1910 -
2634 1889 2738 1922 σοι.
2791 1873 2851 1923 Εἴ
2895 1889 2947 1922 τι
2990 1871 3052 1921 ἄν
3090 1875 3180 1923 καὶ
3223 1873 3422 1924 οἴκοθεν
3473 1867 3941 1945 προσδαπανήσῃς

560 1955 974 2029 insumpseris,
998 1955 1164 2028 quod
1191 1956 1249 2011 in
1272 1957 1402 2027 ejus
1426 1957 1600 2011 cedat
1626 1955 1952 2012 utilitatem.
1978 1956 2127 2012 Nam
2150 1958 2222 2012 de

2333 1960 2399 2020 εἰς
2433 1959 2674 2031 ὠφέλειαν
2723 1959 2903 2013 αὐτοῦ.
2962 1963 3062 2012 Καὶ
3121 1962 3318 2013 οἴκοθεν
3374 1963 3477 2034 γὰρ
3521 1963 3572 2012 οἱ
3612 1957 3935 2014 διδάσκαλοι

562 2062 675 2102 suo
705 2061 950 2118 quoque
976 2051 1367 2118 praeceptores
1395 2050 1726 2117 apponunt,
1747 2045 2064 2101 dilatantes
2082 2047 2224 2101 divi.

2331 2051 2699 2125 προστιθέασι,
2760 2047 3093 2109 πλατύνοντες
3148 2053 3242 2110 τὰς
3295 2049 3567 2122 ἑρμηνείας
3632 2059 3731 2102 τών
3786 2053 3931 2103 θείων

561 2151 778 2192 norum
807 2151 1149 2191 sermonum
1166 2135 1698 2208 interpretationes.
1727 2140 1770 2191 Α
1788 2135 2028 2191 duobus
2047 2137 2223 2209 siqui-

2330 2138 2657 2209 λογων,’Δπὸ
2689 2143 2778 2209 μεν
2802 2142 2901 2212 γὰρ
2931 2145 3028 2189 τῶν
3061 2133 3157 2189 δύο
3190 2140 3459 2196 Διαθηκῶν
3484 2138 3810 2212 λαμϐάνουσι
3843 2159 3934 2200 τας

561 2224 696 2280 dem
748 2225 1122 2280 testamentis
1163 2230 1405 2278 sumunt
1462 2223 1698 2295 quidem
1748 2231 2221 2294 argumentum:

2334 2226 2571 2299 ἀφορμάς
2596 2244 2607 2256 ·
2633 2235 2739 2288 τοῖς
2768 2224 2926 2288 ἰδίοις
2948 2223 3006 2279 δε
3032 2225 3208 2298 λόγοις
3233 2223 3612 2300 δαψινεστίραν
3636 2233 3931 2303 παρέχουσι

560 2315 819 2386 propriis
848 2319 1048 2370 autem
1079 2313 1457 2369 sermonibus
1487 2312 1982 2370 abundantiorem
2015 2330 2222 2370 curam

2331 2322 2424 2374 τὴν
2497 2317 2770 2390 θεραπείαν
2835 2323 2943 2378 τοῖς
3010 2317 3322 2388 κάμνουσιν.
3388 2315 3672 2380 Ἐπάνοδος
3722 2313 3782 2370 δέ
3839 2326 3929 2370 τοῦ

560 2402 843 2460 exhibent
888 2401 1323 2458 laborantibus.
1373 2402 1648 2458 Reversio
1679 2417 1816 2458 vero
1857 2403 2092 2474 Christi,
2135 2419 2222 2460 se-

2334 2412 2590 2478 Χριστοῦ,
2625 2407 2654 2464 η
2690 2401 2906 2480 δευτέρα
2933 2411 3220 2478 παρουσία,
3249 2405 3350 2479 ἰ·νῇ
3385 2403 3643 2460 ἀποδώσει
3671 2413 3800 2458 πᾶσι
3832 2409 3927 2467 τὰς

561 2492 795 2549 cundus
811 2498 902 2548 est
917 2493 1211 2548 adventus
1228 2491 1378 2562 ejus,
1410 2491 1469 2546 in
1487 2505 1608 2563 quo
1626 2491 1919 2564 persolvet
1939 2491 2224 2548 omnibus
2335 2493 2577 2567 ἀμοιϐάς.

561 2580 1000 2638 retributiones.

634 2671 792 2726 Vers.
843 2673 930 2724 36.
989 2668 1128 2736 Quis
1159 2697 1227 2708 -
1279 2668 1440 2723 Vers.
1487 2672 1574 2724 37.
1607 2669 1736 2724 illo.
1785 2668 1932 2724 Cum
1963 2668 2085 2737 illo,
2112 2668 2226 2726 hoc

2081 2710 2085 2729 ι
2112 2668 2226 2726 hoc
2405 2676 2497 2733 Τίς
2525 2703 2582 2712 --
2620 2671 2802 2729 αὑτοῦ.
2835 2671 2960 2726 Μετ’
2996 2671 3153 2724 αύτοῦ
3185 2670 3298 2724 ἀντὶ
3327 2679 3440 2739 τοῦ,
3475 2671 3545 2734 εἰς
3574 2671 3743 2727 αὐτόν.

560 2763 666 2821 est,
689 2758 750 2813 in
778 2757 966 2812 illum.

631 2847 794 2902 Vers.
829 2850 917 2902 37.
952 2844 1119 2901 Dixit
1146 2874 1214 2884 —
1261 2843 1554 2902 similiter.
1595 2847 1810 2902 Curam
1865 2846 1993 2918 ejus
2040 2846 2218 2913 habe,

2405 2845 2553 2902 Εἶπεν
2609 2850 2820 2921 ὁμοίως.
2878 2849 3153 2921 Ἐπιμελοῦ
3209 2858 3301 2902 τοῦ
3363 2847 3606 2922 δεομένου
3658 2847 3923 2921 βοηθείας.

557 2936 660 3008 qui
688 2934 908 2990 auxilio
948 2934 1186 3005 indiget.
1241 2935 1348 3000 Qui
1381 2933 1540 2989 enim
1591 2934 1704 2990 hoc
1756 2951 1868 2990 non
1896 2936 2053 3000 facit,
2101 2950 2219 2991 non

2327 2938 2386 2990 Ὀ
2424 2942 2523 3013 γὰρ
2568 2944 2639 3012 μή
2673 2947 2826 2991 τοῦτο
2857 2947 3038 3001 ποιῶν,
3085 2939 3178 2990 ούκ
3227 2937 3409 3010 ἀγαπᾷ
3451 2943 3538 2991 τὸν
3583 2938 3804 2995 πλησίον
3860 2942 3928 3000 ὡς

556 3025 746 3095 diligit
794 3023 1136 3096 proximum
1189 3039 1366 3078 suum
1415 3023 1566 3078 sicut
1597 3025 1902 3095 scipsum:
1937 3025 2041 3096 qui
2079 3039 2218 3080 vero

2330 3027 2546 3080 ἑαυτὸν·
2589 3029 2615 3079 ό
2669 3024 2728 3080 δε
2783 3033 2854 3101 μὴ
2917 3027 3130 3098 ἀγαπῶν
3187 3031 3274 3080 τὸν
3329 3027 3550 3086 πλησίον
3600 3031 3667 3089 ὡς
3723 3027 3922 3095 ἑαυτὸν,

557 3114 898 3188 proximum
924 3127 1047 3169 non
1090 3111 1276 3184 diligit
1325 3118 1612 3185 tanquam
1663 3127 1725 3168 se
1749 3112 1968 3184 ipsum,
2021 3129 2216 3186 neque

2264 3131 2290 3186 ς
2328 3113 2452 3169 οὐδε
2482 3119 2567 3168 τὸν
2599 3121 2727 3170 Θεὸν
2760 3115 2960 3188 ἀγαπᾷ,
2997 3115 3050 3179 ἐξ
3087 3116 3208 3178 ὅλης
3248 3124 3341 3178 τῆς
3371 3113 3601 3189 καρδίας
3625 3116 3807 3178 αὐτοῦ,
3839 3121 3926 3168 καὶ

559 3203 748 3259 Deum
791 3202 975 3275 diliglt
1026 3218 1098 3258 ex
1133 3207 1251 3258 toto
1299 3201 1477 3258 corde
1523 3217 1648 3264 suo,
1690 3207 1747 3258 et
1771 3217 1844 3258 ex
1866 3208 1988 3258 tota
2013 3203 2217 3258 anima

2330 3205 2382 3269 ἐξ
2403 3207 2521 3267 ὅλης
2547 3214 2636 3266 τῆς
2660 3205 2843 3278 ψυχῆς
2869 3206 3053 3273 αὑτοῦ,
3076 3211 3165 3258 καὶ
3196 3205 3248 3268 ἐξ
3277 3205 3398 3267 ὅλης
3415 3213 3507 3266 τῆς
3529 3205 3723 3277 ἰσχύος
3745 3206 3923 3268 αὑτοῦ,

558 3308 688 3360 sua,
712 3309 782 3348 ex
806 3299 922 3348 tota
952 3291 1295 3348 fortitudine
1317 3307 1444 3361 sua,
1469 3295 1526 3346 et
1549 3307 1620 3346 ex
1651 3296 1774 3348 tota
1797 3297 1992 3348 mente
2016 3306 2126 3347 sua
2145 3293 2213 3356 ⁷⁸,

2331 3302 2419 3347 καὶ
2468 3296 2518 3358 ἐξ
2566 3295 2682 3355 ὅλης
2733 3303 2828 3356 τῆς
2882 3290 3118 3356 διανοίας
3166 3294 3345 3366 αὐτοῦ,
3406 3295 3534 3368 άπερ
3585 3293 3925 3367 ἕμγαὶνσνσιν

554 3381 1034 3456 ᾳιιωάὶιθοιίοηιε
1056 3381 1495 3438 vehementiam
1523 3396 1592 3436 ac
1614 3381 2002 3437 intentionem
2031 3381 2216 3437 mani-

1660 3381 2002 3437 itentionem
2031 3381 2218 3437 mani-
2330 3384 2540 3457 ἀγάπης
2572 3380 2910 3458 σφοδρότητα
2940 3388 3030 3436 καὶ
3061 3383 3322 3442 ἐπίτασιν.

555 3471 788 3529 “sum.
806 3559 964 3616 CAP.
1000 3558 1250 3615 XXXVII.
1283 3559 1367 3615 De
1391 3557 1637 3614 Martha
1667 3564 1720 3615 et
1749 3558 1964 3615 Maria.

2582 3567 2728 3616 ΚΕΦ.
2775 3560 2891 3614 ΛΖ.
2926 3564 3051 3634 Περὶ
3076 3560 3296 3634 Μάρθας
3319 3564 3409 3612 καὶ
3449 3565 3677 3635 Μαρίας.

625 3651 788 3706 Vers.
838 3650 933 3706 38.
994 3649 1233 3703 Factum
1280 3651 1362 3704 est
1388 3677 1453 3689 —
1479 3647 1641 3702 Vers.
1669 3651 1756 3704 39.
1785 3648 1970 3703 illius.
2003 3647 2220 3704 Castel-

2401 3651 2629 3722 Ἐγίνετο
2694 3681 2763 3690 -
2819 3650 2998 3703 αὑτοῦ.
3057 3648 3115 3701 Ἡ
3166 3654 3315 3721 κώμη
3381 3648 3532 3719 αὕτη,
3602 3651 3632 3707 η
3701 3652 3939 3707 Βηθανία

555 3737 682 3794 lum
731 3739 847 3793 hoc
902 3736 1184 3792 Bethania
1237 3740 1365 3790 erat
1397 3751 1410 3789 :
1445 3735 1600 3790 hanc
1648 3736 1808 3791 enim
1838 3735 2096 3792 Joannes
2125 3752 2217 3792 ca-

2332 3737 2412 3798 ἧν.
2441 3743 2644 3799 Ταύτην
2674 3741 2776 3812 γὰρ
2818 3741 2844 3791 ὀ
2903 3738 3140 3798 Ἰωάννης
3196 3734 3303 3790 εἰπε
3358 3744 3537 3810 κώμην
3589 3743 3796 3814 Μαρίας
3842 3746 3935 3792 καὶ

555 3827 791 3882 stellum
817 3825 964 3880 dixit
1010 3823 1199 3880 Maria;
1237 3829 1294 3880 et
1324 3823 1554 3880 Martha
1576 3825 1645 3876 ⁷⁸.

904 3825 964 3880 tit
1010 3823 1199 3880 Mariae
1237 3829 1294 3880 et
1324 3823 1554 3880 Martha
1576 3825 1645 3876 ⁷⁸.
2330 3831 2566 3902 Μάρθας.

625 3913 1817 3971 VersJiO.Marthavero—ministerium.
1847 3916 2218 3986 Praeparans,
2397 3919 2453 3972 Ἠ
2515 3915 2575 3971 δὲ
2627 3918 2818 3991 Μάρθα
2869 3947 2938 3959 -
2981 3912 3270 3969 διακονίαν.
3327 3917 3816 3990 Παρασκευάζουσα
3866 3923 3937 3972 τά

554 4021 688 4080 qum
709 4004 1048 4060 necessaria
1078 4007 1246 4058 erant
1295 4003 1372 4059 ad
1401 4001 1744 4058 convivium
1776 4009 1832 4060 et
1853 4003 2216 4077 obsequium

2326 4012 2455 4081 πρὸς
2491 4007 2726 4060 ἑστίασιν
2764 4010 2854 4059 καὶ
2885 4008 3156 4080 θεραπείαν
3179 4004 3338 4058 αὐτοῦ
3364 4025 3418 4058 τε
3442 4011 3650 4059 καὶτῶν
3679 4009 3933 4078 μαθητῶν

554 4094 684 4166 ejus
714 4110 785 4150 ac
805 4091 1242 4165 discipulorum
1290 4091 1501 4164 ipsius.
2327 4098 2507 4152 αὐτοῦ.

624 4185 792 4241 Vers.
819 4186 908 4238 40.
939 4182 1269 4251 Οιιωαειίείε
1297 4213 1366 4223 -
1382 4183 1976 4255 adjuvet.'l‘anquam
2000 4197 2214 4256 prece-

2399 4187 2694 4240 Ἐπιστᾶσα
2777 4214 2844 4226 -
2908 4181 3364 4241 συναντιλάϐηται.
3450 4184 3534 4244 Ὠς
3593 4179 3936 4249 διδάσκαλος

554 4279 689 4348 ptor
707 4289 916 4329 curam
941 4272 1022 4328 illi
1048 4273 1373 4342 committe,
1393 4278 1456 4328 ut
1487 4287 1607 4328 una
1631 4287 1864 4327 mecum
1889 4271 2216 4328 ministerio

2181 4288 2216 4328 ο
2327 4276 2598 4352 ίπίτρεψον
2629 4275 2786 4348 αὐτῇ,
2819 4275 2902 4326 ἶνα
2925 4293 3015 4347 μοι
3053 4271 3414 4346 συνεφάψηται
3446 4282 3534 4334 τῆς
3563 4269 3597 4326 δ
3603 4277 3843 4333 ιακονίας.

554 4380 804 4422 manum
831 4362 1165 4420 admoveat.

621 4456 793 4544 Vers.
815 4455 905 4509 41.
957 4452 1326 4544 Respondeas
1376 4481 1444 4544 -_-
1474 4452 1686 4544 φυηρ.
1718 4450 2042 4544 Tumultus
2101 4451 2214 4508 hoc
2250 4488 2283 4544 Ε

2266 4488 2295 4544 )
2396 4453 2721 4526 Ἀποκριθεὶς
2750 4483 2818 4492 -
2856 4451 3040 4509 πολλά.
3072 4450 3246 4526 Τύρϐη
3276 4449 3434 4519 ἐστίν,
3475 4453 3502 4503 ὁ
3530 4453 3928 4524 περισπασμὸς,

554 4546 708 4612 loco,
762 4542 1070 4599 distractio
1099 4547 1186 4598 est
1215 4547 1272 4598 et
1299 4541 1581 4597 turbatio.
1616 4539 1783 4597 Cicra
1832 4539 2020 4596 multa
2055 4553 2213 4607 vero,

2270 4536 2288 4544 ⁷
2325 4543 2354 4600 ἡ
2403 4541 2661 4613 ὄχλησις·
2720 4546 2838 4612 περὶ
2891 4539 3053 4593 πολλά
3101 4536 3181 4608 δι,
3238 4542 3306 4592 τά
3361 4549 3458 4602 τῆς
3501 4539 3785 4601 ἑστιάσεως
3833 4547 3932 4594 καὶ

551 4639 721 4707 puta,
751 4649 886 4705 quin
917 4632 995 4688 ad
1027 4631 1372 4688 convivium
1401 4635 1458 4687 et
1477 4629 1839 4703 obsequium
1872 4630 2213 4687 necessaria

1295 4647 1372 4687 tm
1401 4635 1458 4687 et
1477 4629 1839 4703 obsequium
1872 4630 2214 4687 necessaria
2327 4632 2615 4703 θεραπείας,
2643 4631 2714 4691 ὡς
2734 4633 2957 4704 εἴρηται.

553 4727 709 4788 sunt,
730 4727 792 4777 ut
818 4721 1044 4777 dictum
1070 4725 1178 4777 est.

586 4727 709 4788 unt,
730 4727 792 4777 ut
818 4727 1044 4777 dictum
1070 4727 1178 4777 est.

622 4811 787 4868 Vers.
841 4811 930 4864 42.
978 4809 1163 4882 Atqui
1188 4823 1373 4866 unum
1428 4815 1509 4864 est
1554 4807 1897 4866 neuarium.
1930 4805 2212 4865 Videlicet

2390 4808 2528 4871 Ἐνὸς
2573 4805 2632 4861 δι
2683 4807 2796 4861 ἐστι
2857 4813 3040 4881 χρεία.
3103 4815 3211 4870 Τῆς
3271 4807 3564 4883 ἀκροάσεως
3631 4817 3730 4862 τῶν
3788 4808 3926 4884 ἄμῶν

624 4989 676 5028 ¹⁴
697 4987 895 5048 Matth.
920 5002 1040 5057 xm,
1073 4987 1161 5045 54.
1237 4989 1288 5026 ’⁸
1309 4987 1450 5044 Luc.
1483 5003 1537 5054 x,
1584 4988 1676 5044 S7.
1754 4987 1802 5024 ¹⁶
1824 4985 2002 5044 Joan.
2034 5000 2119 5057 xi,
2163 4987 2217 5042 t.

1767 5165 1996 5236 Variis
2030 5164 2356 5235 lectiones
2393 5175 2460 5234 et
2481 5174 2692 5236 notae.

623 5365 738 5448 (8_9)
769 5365 960 5448 Quam
986 5379 1094 5448 nos
1138 5379 1300 5448 nunc
1330 5361 2210 5448 grammaticam‘appellamus.
2325 5378 2492 5445 mum
2527 5362 2891 5448 copiosiores
2916 5362 3339 5448 expositiones
3387 5363 3656 5448 Origenis
3697 5365 3924 5448 partim

550 5434 738 5496 Credo
767 5443 965 5519 autem
1013 5435 1561 5519 interpretationem
1592 5436 1772 5519 hujus
1803 5434 1920 5492 loci
1945 5434 2212 5519 allegori-
2323 5434 2620 5519 omisisse,
2655 5435 2873 5518 partim
2912 5434 2973 5490 in
3004 5434 3451 5519 .compendium
3499 5434 3814 5519 redegisse
3862 5438 3926 5493 in

549 5526 690 5568 cam
713 5514 1018 5591 sumptam
1043 5507 1181 5589 esse
1215 5523 1289 5564 ex
1317 5508 1589 5578 Origene,
1633 5507 1940 5589 quisnam
1967 5507 2029 5562 in
2056 5508 2212 5563 hunc
2322 5521 2432 5562 sua
2454 5507 2662 5588 Latina
2679 5507 3067 5588 versione-ain
3095 5507 3230 5562 meo
3259 5507 3615 5580 apographo
3641 5507 3925 5565 codicum

549 5581 1318 5661 locum_interpretationem
1337 5579 1551 5661 _lauda_t
1578 5583 1636 5636 et
1657 5582 2094 5661 attingit,__tom.
2121 5579 2207 5644 lit,
2321 5580 2771 5661 ﬂosquens‘ium
2823 5577 3039 5661 mamilla
3089 5578 3168 5661 ad
3343 5578 3383 5634 l.
3429 5579 3728 5661 leguntur,
3786 5595 3922 5654 quas

552 5670 614 5733 p.
663 5657 788 5711 728.
824 5648 996 5709 Patet
1068 5667 1210 5725 ergo
1262 5650 1356 5708 vel
1409 5666 1486 5708 ex
1527 5651 1643 5708 hoc
1697 5648 1851 5718 loco,
1919 5652 2207 5725 Hierony-
2320 5648 2498 5708 etiam
2535 5648 2764 5708 ibidem
2792 5665 2830 5708 a
2860 5651 3076 5709 Severo
3097 5649 3340 5709 brevius
3366 5648 3741 5726 repetuntur.
