4210 6500
657 67 2463 111 Μ..
1905 103 1920 108 Δ,
1945 101 1954 104 .
2081 93 2146 104 ...κε
2163 99 2192 104 ,,
2381 89 2404 98 ια.
2427 95 2446 100 ._
2468 67 2623 99 ῃ.
2597 93 2600 96 .
2628 68 2726 96 -ι,
2677 91 2698 98 -
2758 67 2878 97 ἠ’-Ρ..
2885 67 3113 92 ’-ΨΥ
3065 85 3088 94 _-
3109 68 3146 90 -"
3189 68 3209 88 .'

209 450 316 506 969
1303 440 1668 500 COMMENT.
1708 439 1780 492 IN
1809 433 2083 493 ‘LUCAM.
2122 472 2190 480 —
2221 441 2376 497 CAP.
2421 443 2518 497 XI.
3479 439 3587 502 9'70

212 576 396 647 λόγων.
459 573 535 628 Ού
603 575 704 645 γὰρ
775 575 1054 646 τρυφήσων
1121 567 1296 641 ἦλθον,
1377 568 1506 621 ἀλλὰ
1591 563 1625 618 δ
1633 560 1874 626 ιδοίξωνλ

1938 579 2210 621 meorum
2223 567 2570 624 auscultatio
2585 581 2926 626 sermonum
2936 608 2949 624 .
2965 571 3164 642 Neque
3175 568 3359 639 enim,
3373 575 3435 626 ut
3448 587 3590 643 epu-

215 670 372 738 ὑμᾶς,
1935 650 2038 723 ler,
2061 653 2212 719 veni,
2247 655 2353 710 sed
2383 660 2447 711 ut
2471 671 2574 712 vos
2613 656 2886 713 doceam.

289 759 472 827 Μαρία
549 784 609 792 -
654 753 838 814 αὐτῆς.
895 754 993 802 Δύο
1051 746 1260 823 μερίδες
1317 747 1571 806 πολιτείας
1632 742 1827 795 ἐπαινε-

2010 742 2168 798 Vers.
2217 746 2307 799 42.
2359 745 2546 802 Μανία
2576 776 2646 785 -
2668 762 2749 800 ea.
2787 749 2925 802 Dum
2952 748 3152 819 partes
3193 746 3590 804 conversatio-

223 849 330 908 rui,
394 845 423 900 ἡ
480 846 568 914 μεν
619 845 905 914 πρακτικὴ,
959 841 987 897 ἡ
1051 836 1108 890 δε
1169 841 1480 912 θεωρητική.
1521 837 1726 891 Ταύτας
1774 833 1826 882 αἱ

1936 830 2032 887 nis
2052 831 2386 889 laudabiles
2405 840 2559 901 sunt,
2585 850 2804 907 nempe
2833 837 3094 908 practica
3111 837 3235 892 sive
3261 836 3587 909 operativa.

228 930 322 985 δύο
367 933 522 984 αὗται
573 928 844 983 διείλοντο.
887 931 1079 1003 Μάρθα
1129 932 1242 1000 μὲν,
1291 931 1385 985 τὴν
1437 920 1828 998 πρακτικὴν,ἐν

1939 926 1994 976 et
2021 921 2284 978 theorica
2312 923 2435 978 sive
2453 924 2954 996 contemplativa;
2996 924 3110 980 has
3165 925 3300 981 duae
3355 940 3591 981 sorores

225 1031 296 1092 τῷ
349 1019 709 1074 διακονεῖσθαι
758 1024 874 1091 περὶ
927 1023 1020 1076 τὴν
1070 1021 1373 1089 σωματικὴν
1425 1017 1696 1086 θεραπείαν
1738 1017 1830 1062 τοῦ

1939 1011 2068 1066 istm
2089 1010 2425 1081 elegerant:
2473 1013 2702 1068 Martha
2722 1013 2970 1086 quidem
3020 1014 3400 1086 operativam,
3428 1013 3595 1070 mini-

230 1116 442 1184 Κυρίοο·
498 1115 673 1182 Μαρία
726 1106 804 1173 δὲ,
853 1113 946 1166 τὴν
997 1109 1337 1180 θεωρητικὴν,
1399 1103 1444 1156 ἐν
1495 1112 1568 1174 τῷ
1624 1100 1830 1153 ἀκούειν

1942 1099 2186 1156 strando
2209 1101 2365 1156 circa
2387 1102 2696 1174 corporale
2722 1103 2953 1159 Domini
2977 1102 3335 1176 obsequium
3364 1118 3378 1170 ;
3415 1103 3595 1159 Maria

226 1210 326 1252 τῶν
352 1200 516 1271 λόγων
559 1200 740 1253 αὐτοῦ.
779 1204 878 1252 Καὶ
928 1196 1037 1249 ἐπεὶ
1082 1194 1300 1256 διπλοῦς
1345 1192 1404 1253 ἦν
1436 1196 1462 1245 ό
1514 1194 1756 1265 Χριστός,
1799 1191 1828 1246 ἡ

1943 1205 2082 1244 vero
2106 1191 2658 1262 contemplativam,
2704 1191 3007 1247 audiendo
3060 1207 3368 1248 sermones
3415 1191 3593 1247 illius.

227 1292 318 1361 μὲν
359 1287 578 1341 ἀνέπαυε
625 1292 682 1340 r6
736 1289 988 1359 ὁρώμενον
1044 1285 1223 1336 αύτοῠσ
1284 1286 1313 1342 ἡ
1377 1279 1435 1336 δε
1482 1279 1718 1334 ἐδούλευε
1763 1286 1835 1348 τῷ

1948 1281 2012 1334 Et
2043 1295 2186 1352 quia
2205 1279 2522 1352 bipartitus
2553 1286 2678 1338 erat
2705 1281 2991 1351 Christus,
3017 1282 3118 1338 illa
3157 1283 3399 1356 quidem
3447 1282 3594 1338 refo-

229 1378 431 1451 ἀοράτῳ
478 1378 658 1430 αὐτοῦ·
715 1377 872 1438 αὐτὸς
904 1373 985 1444 δε,
1028 1384 1122 1436 τῆς
1180 1377 1268 1446 μεν
1311 1378 1402 1430 τὴν
1433 1372 1728 1445 προθυμίαν
1776 1367 1834 1419 ού

1945 1367 2186 1424 cillabat
2226 1376 2456 1440 partem
2483 1371 2612 1440 ejus
2639 1370 2955 1436 visibilem,
2978 1371 3105 1428 haec
3139 1377 3337 1428 autem
3365 1371 3599 1429 colebat

233 1465 463 1530 διέϐαλε,
515 1476 605 1527 τῆς
665 1463 723 1519 δε
784 1472 878 1524 τὴν
932 1469 1233 1538 προαίρεσιν
1289 1463 1523 1534 ἐπῄνεσε.
1589 1467 1696 1520 Τῆς
1746 1461 1834 1529 μεν

1945 1462 2175 1530 partem
2197 1458 2325 1528 ejus
2351 1457 2709 1514 invisibilem
2744 1477 2756 1515 :
2802 1459 2931 1532 ipse
2964 1476 3105 1517 vero
3151 1460 3308 1516 illius
3349 1461 3598 1534 quidem

226 1560 330 1630 γὰρ
379 1561 436 1608 τὸ
505 1559 670 1631 ἔργον,
728 1560 1163 1629 χρησιμώτατον
1225 1560 1321 1614 τῆς
1388 1549 1447 1603 δε
1511 1551 1624 1622 (90)
1695 1546 1837 1618 644t-

1945 1547 2478 1619 promptitudinem
2505 1563 2626 1604 non
2653 1549 3220 1620 vituperavit,hujus
3251 1556 3450 1607 autem
3482 1549 3600 1607 ele-

231 1647 455 1713 λάτερον,
1947 1636 2838 1711 ctionemlaudavit.Siquidem
2864 1638 3020 1694 illius
3052 1654 3208 1711 opus
3263 1639 3403 1696 utile
3447 1643 3600 1697 certe

1949 1725 2282 1781 admodum
2310 1730 2454 1793 erat,
2486 1726 2668 1798 hujus
2691 1732 2892 1782 tamen
2947 1727 3286 1784 sublimius.

305 1827 370 1876 Σύ
410 1820 490 1892 δε,
545 1823 604 1881 ἣν
656 1821 854 1895 βούλει,
904 1827 1161 1894 μίμησαι,
1195 1821 1254 1879 ἦν
1298 1821 1541 1893 θεράπευε
1579 1822 1636 1870 r6
1687 1826 1840 1890 σῶμα

2021 1816 2105 1870 Tu
2123 1830 2288 1885 ergo,
2319 1831 2492 1886 quam
2522 1814 2772 1871 volueris
2804 1815 3057 1885 imitare,
3081 1822 3185 1873 aut
3219 1832 3426 1873 curam
3447 1815 3602 1874 habe

231 1921 324 1964 τού
368 1918 583 1988 Κυρίου,
626 1912 758 1983 λέγω
804 1908 896 1973 δὴ,
945 1915 1063 1971 τοὺς
1117 1913 1383 1981 πτωχούς.
1418 1908 1525 1980 Ἐφ’
1557 1910 1677 1959 ὅσον
1717 1910 1837 1979 γὰρ,
1876 1916 1893 1971 ]

1952 1904 2213 1975 corporis
2240 1903 2498 1970 Domiui,
2525 1904 2660 1960 dico
2691 1920 2834 1961 sane
2862 1920 3200 1978 pauperum
3217 1908 3386 1962 .Nam
3409 1911 3604 1977 quate-

241 2007 421 2073 φησὶν,
513 2001 793 2058 ἐποιὴσατε
878 2000 949 2052 ἑνὶ
1033 2002 1228 2051 τούτων
1322 2006 1420 2049 τῶν
1527 1996 1838 2068 ἐλαχίστων,

1951 2009 2082 2061 nus,
2123 1993 2335 2065 inquit,
2360 1993 2468 2049 uni
2517 1995 2589 2050 de
2653 1994 2740 2050 his
2768 1994 3022 2051 minimis
3066 1995 3309 2064 fecistis,
3365 2002 3417 2050 et
3461 1993 3605 2052 mihi

237 2089 352 2161 ἐμοὶ
406 2090 708 2148 ἐποιήσατε.
771 2091 800 2148 ἦ
855 2087 1090 2160 ἀσχολου
1136 2093 1253 2159 περὶ
1299 2091 1391 2144 τήν
1445 2085 1696 2159 ἀκρόασιν
1744 2094 1843 2136 τῶν

1949 2082 2167 2151 fecistis
2235 2083 2301 2134 ⁷⁷.
2356 2083 2468 2137 Aut
2532 2097 2826 2154 occupare
2899 2083 3055 2138 circa
3108 2083 3603 2140 auscultationem

237 2181 399 2249 λόγων
433 2179 614 2240 αὐτοῦ,
647 2183 765 2251 περὶ
796 2182 882 2235 τὴν
930 2179 1144 2248 θεωρίαν
1196 2184 1293 2227 τῶν
1339 2172 1615 2246 δογμάτων
1661 2174 1842 2226 αύτοὺ’

1955 2186 2304 2226 sermonum
2331 2169 2536 2241 ipsius,
2570 2171 2723 2227 circa
2760 2171 3321 2244 contemplationem
3358 2173 3606 2243 dogma-

241 2269 268 2325 ἢ
327 2272 415 2319 καὶ
470 2265 736 2340 ἀμφότερα
792 2271 1071 2339 μετέρχου,
1133 2269 1266 2316 κατα
1318 2269 1434 2324 τοὺς
1491 2269 1848 2336 προσήκοντας

1956 2265 2082 2316 tum
2121 2260 2297 2315 illius.
2327 2261 2441 2316 Aut
2478 2261 2658 2317 etiam
2704 2267 3026 2334 utrumque
3071 2277 3280 2318 exerce
3327 2262 3607 2333 congruis

241 2359 428 2430 καιρόύ
439 2377 477 2416 ς.

1961 2348 2349 2421 temporibus.

311 2450 416 2503 Τὴν
474 2444 676 2516 ἀγαθὴν
735 2441 794 2496 δὲ
845 2439 1040 2516 μερίδα
1095 2439 1252 2506 εἶπεν,
1302 2443 1405 2513 οὐχ
1445 2445 1514 2505 ὼς
1546 2450 1643 2504 τῆς
1689 2442 1848 2504 ἄλλης

2026 2441 2248 2495 Bonam
2276 2454 2414 2495 vero
2444 2444 2676 2510 partem
2715 2439 2878 2504 dixit,
2920 2455 3042 2497 non
3073 2441 3237 2514 quod
3250 2440 3611 2498 alteramala

242 2541 472 2608 πονηρᾶς
547 2538 730 2598 οὔσης,
810 2531 915 2584 ἀλλ’
989 2532 1187 2603 ἀγαθὴν
1252 2531 1470 2584 ἐνταῦθα
1526 2537 1617 2591 τὴν
1678 2537 1847 2604 κρείτ-

1957 2530 2032 2585 sit
2058 2552 2070 2584 :
2105 2529 2210 2584 sed
2232 2529 2451 2584 bonam
2477 2528 2574 2584 hic
2599 2528 2923 2601 appellavit
2952 2545 3086 2586 eam
3112 2547 3245 2603 quas
3277 2530 3608 2586 meliorest.

241 2645 364 2676 τονα
420 2624 704 2694 ὠνόμασεν.
771 2618 1078 2693 Ἐνδέχεται
1141 2624 1242 2693 γὰρ
1303 2618 1398 2674 δύο
1458 2621 1624 2673 καλῶν
1684 2625 1741 2673 τὸ
1799 2621 1848 2674 ἓν

1956 2619 2152 2675 Potest
2175 2618 2333 2673 enim
2365 2617 2514 2686 ﬁeri,
2543 2622 2605 2674 ut
2634 2619 2884 2674 duorum
2916 2619 3218 2676 bonorum
3249 2635 3434 2675 unum
3471 2619 3611 2676 alte-

240 2710 365 2765 εἶναι
420 2711 652 2766 κάλλιον.
694 2710 859 2764 Καλὸν
917 2715 1006 2782 μεν
1047 2713 1148 2782 γὰρ
1199 2715 1256 2762 r6
1310 2710 1598 2782 φιλοξενεῖν·
1641 2710 1848 2762 κάλλιον

1957 2723 2024 2763 ro
2037 2707 2250 2763 melius
2273 2708 2368 2762 sit.
2387 2705 2620 2762 Bonum
2636 2706 2936 2780 siquidem
2957 2713 3062 2775 est,
3082 2708 3438 2781 hospitalem
3454 2723 3607 2775 esse,

241 2799 300 2854 δὲ
335 2805 392 2854 τὸ
433 2796 770 2874 παρεδρεύειν
805 2805 941 2870 Θεῷ.
985 2801 1054 2852 T6
1084 2802 1174 2871 μὲν
1203 2801 1306 2872 γὰρ
1349 2805 1662 2872 σωματικόν·
1698 2804 1755 2852 r6
1788 2795 1847 2852 δε

1955 2812 2166 2852 verum
2189 2795 2401 2851 melius
2415 2801 2520 2861 est,
2541 2798 2658 2852 Deo
2673 2797 2932 2853 assidere
2959 2814 2972 2853 :
2993 2797 3141 2855 illud
3152 2799 3313 2854 enim
3333 2812 3612 2871 corpora-

246 2894 614 2963 πνευματικόν.

1955 2885 2010 2942 le
2040 2890 2146 2952 est,
2177 2885 2292 2942 hoc
2334 2891 2536 2941 autem
2599 2885 2933 2956 spirituale.

634 2985 779 3032 ΚΕΦ.
809 2975 940 3032 ΛΗ’.
977 2982 1098 3051 Περὶ
1123 2986 1397 3052 προσευχῆ
1411 2999 1450 3040 ς.

2311 2975 2463 3031 CAP.
2525 2976 2796 3032 XXXVIII.
2841 2978 2928 3033 De
2968 2978 3252 3035 oratione.

315 3074 414 3122 Kui
472 3068 665 3139 ἐγένετο
720 3099 787 3109 —
839 3067 1020 3120 αὐτοῦ.
1072 3068 1238 3129 Οὗτος
1288 3069 1313 3119 ὁ
1364 3070 1605 3140 μαθητὴς
1658 3067 1713 3119 ἐκ
1750 3076 1847 3119 τῶν

2030 3065 2188 3122 CAP.
2215 3065 2300 3120 XI.
2332 3064 2492 3120 Vers.
2529 3069 2573 3120 I.
2605 3065 2838 3121 Accidit
2863 3073 3049 3122 autem
3075 3083 3312 3123 —suos.
3343 3067 3614 3140 Discipu-

243 3156 603 3230 ἐϐδομήκοντα
655 3154 734 3215 ἦν.
797 3161 926 3216 Τούς
977 3159 1078 3228 γὰρ
1129 3153 1340 3208 δώδεκα
1392 3153 1631 3218 ἐδίδαξεν
1686 3156 1732 3208 ἐν
1777 3165 1846 3226 τῷ

1957 3154 2050 3210 lus
2072 3154 2169 3208 hic
2198 3160 2323 3210 erat
2352 3170 2424 3209 ex
2455 3155 2856 3225 septuaginta.
2883 3158 3028 3210 Nam
3051 3155 3370 3212 duodecim
3392 3156 3609 3213 docue-

241 3252 458 3319 πέμπτῳ
487 3247 744 3318 κεφαλαίῳ
777 3255 868 3297 τού
911 3249 1046 3296 κατά
1088 3247 1376 3298 Ματθαῖον.
1430 3242 1574 3297 Ἰδὼν
1617 3249 1718 3319 ’γὰρ
1762 3249 1903 3326 τὸν(

1959 3249 2050 3298 rat
2077 3243 2287 3314 quinto
2311 3243 2504 3313 capite
2524 3243 2824 3312 Evangelii
2845 3244 3018 3313 juxta
3055 3245 3414 3300 Matthmum.
3465 3247 3612 3301 Cum

245 3333 570 3388 διδάσκαλον
600 3340 785 3393 καινὴν
816 3334 1076 3386 πολιτείαν
1099 3339 1190 3387 xui
1217 3336 1331 3404 (9|)
1356 3339 1732 3407 μετερχόμενον
1761 3341 1851 3386 xui

1962 3331 2184 3386 videret
2211 3332 2370 3386 enim
2397 3338 2824 3402 praeceptorem
2857 3347 3081 3387 novum
3124 3335 3256 3388 vitae
3283 3333 3613 3390 institutum

243 3427 626 3496 ὑποτιθέμενον,
696 3423 924 3485 ἐζήτησε
1000 3427 1084 3473 xui
1158 3427 1340 3479 καινὴν
1398 3428 1724 3495 προσευχὴν,
1786 3432 1846 3496 τῇ

1961 3425 2020 3476 et
2043 3435 2316 3476 exercere
2337 3419 2755 3475 etadmonere:
2784 3435 3002 3476 novam
3025 3437 3262 3493 quoque
3280 3423 3612 3479 orationem

247 3517 476 3584 πολιτεία
505 3510 850 3568 κατάλληλον.
890 3510 946 3562 Ὁ
997 3507 1075 3575 δε,
1111 3511 1170 3569 ἣν
1220 3507 1435 3573 ἐδίδαξε
1464 3516 1587 3574 τούς
1617 3509 1848 3578 δώδεκα,

1961 3509 2253 3581 quaesivit,
2357 3509 2487 3564 vita:
2563 3509 2760 3564 studio
2834 3510 3309 3566 convenientem.
3383 3513 3455 3566 At
3519 3510 3614 3568 ille

243 3604 439 3658 ταύτην
469 3606 559 3652 xui
590 3607 677 3650 νῦν
717 3599 997 3652 ἐκτίθεται.

1961 3613 2148 3670 quam
2172 3599 2337 3670 ipsos
2359 3597 2678 3654 duodecim
2712 3598 3017 3664 docuerat,
3049 3598 3206 3655 hanc
3231 3599 3409 3656 etiam
3455 3616 3614 3657 nunc

1962 3687 2228 3760 exponit.

321 3775 446 3831 Εἶπε
505 3809 569 3819 --
635 3785 884 3850 πονηροῦ.
971 3777 1400 3851 Ἠρμηνεύθησαν
1463 3787 1629 3831 ταῦτα
1684 3782 1854 3832 πάντα

2035 3778 2196 3832 Vers.
2229 3783 2281 3833 2.
2315 3779 2414 3834 Ait
2451 3809 2521 3820 —
2547 3779 2717 3835 Vers.
2741 3781 2794 3833 4.
2842 3779 3019 3836 maio.
3068 3780 3292 3836 Horum
3341 3781 3615 3837 omnium

248 3871 384 3920 κατά
430 3870 486 3919 τὸ
543 3868 699 3942 ῥητὸν
753 3866 801 3919 ἐν
849 3875 920 3938 τῷ
961 3864 1247 3925 δηλωθέντι
1303 3871 1520 3940 πέμπτῳ
1572 3870 1847 3940 κεφαλαίῳ.

1963 3867 2038 3922 ad
2065 3866 2313 3922 verbum
2343 3867 2484 3924 data
2522 3873 2614 3923 est
2643 3868 3042 3941 interpretatio
3064 3869 3352 3940 praedicto
3401 3871 3615 3943 quinto

252 3957 309 4009 Εἰ
385 3953 444 4009 δε
500 3963 590 4009 xui
650 3957 803 4019 λέξεις
877 3960 1006 4017 τινες
1089 3955 1312 4009 ἐνταῦθα
1380 3957 1848 4030 παραλλάττουσιν,

1962 3957 2174 4028 capite.
2200 3958 2370 4023 Quod
2392 3959 2440 4013 si
2457 3956 3041 4029 dictionesqnasdam
3062 3959 3159 4014 hic
3180 3965 3615 4030 permutantur,

251 4044 356 4096 ἀλλ’
385 4041 472 4097 οὖν
511 4050 604 4104 τὴν
645 4046 807 4104 αὐτὴν
851 4051 940 4098 xui
989 4046 1145 4097 αὗται
1197 4051 1466 4118 σημασίαν
1511 4047 1849 4119 φυλάττουσι,

1963 4047 2242 4103 eamdem
2269 4053 2472 4103 tamen
2501 4051 2558 4102 et
2586 4047 2706 4102 istae
2750 4055 2990 4103 servant
3019 4048 3536 4118 signiﬁcationem,
3561 4054 3618 4105 et

249 4139 334 4187 καὶ
363 4135 431 4197 εὶς
479 4139 572 4194 τὴν
614 4137 795 4208 ὁμοίαν
842 4135 1112 4208 ἑρμηνείαν
1164 4137 1497 4207 συνάγονται.
1531 4133 1754 4199 Διδάξας
1795 4134 1854 4190 δὲ

1964 4136 2025 4192 in
2048 4135 2299 4192 similem
2323 4137 3266 4209 conveniuntinterpretationem.
3301 4138 3616 4210 Postquam

246 4227 662 4298 προσεύχεσθαι,
697 4221 869 4287 δεῖξαι
901 4223 1164 4297 βούλεται,
1204 4231 1291 4277 καὶ
1331 4227 1410 4278 ὅτι
1442 4227 1470 4283 ἡ
1516 4224 1728 4298 ἐπιμονὴ
1761 4233 1855 4286 τῆς

1965 4232 2164 4281 autem
2192 4242 2360 4280 orare
2382 4227 2599 4291 docuit,
2635 4226 2759 4280 vult
2811 4227 3146 4292 ostendere,
3196 4227 3356 4298 quod
3403 4227 3619 4282 oratio-

247 4321 555 4385 προσευχῆς
609 4311 748 4365 ἀνύει
807 4316 862 4364 τό
927 4309 1377 4385 σπουδαζόμενον,
1448 4319 1537 4365 xui
1594 4318 1856 4387 κέχρηται

1965 4316 2057 4370 nis
2083 4314 2524 4386 perseverantia
2549 4313 2751 4369 tribuit
2777 4315 2858 4383 id,
2890 4315 3049 4386 quod
3089 4315 3226 4386 quis
3278 4314 3498 4385 expetit
3523 4330 3536 4379 ;
3565 4318 3622 4370 et

251 4401 516 4475 παραϐολῇ
577 4407 889 4475 παριστὼσῃ
941 4409 1111 4456 τοῦτο,
1171 4391 1566 4476 Περιεργότερον
1614 4399 1672 4455 δε
1722 4402 1851 4460 αὕτη

1966 4401 2260 4474 parabola
2313 4417 2452 4456 usus
2500 4406 2608 4467 est,
2657 4418 2793 4474 quae
2846 4403 2961 4458 hoc
3023 4403 3413 4468 demonstret,
3481 4417 3619 4474 qua

256 4489 682 4561 συμπέπλασται,
717 4491 797 4543 ἱνα
827 4496 915 4544 καὶ
943 4492 1020 4549 εἰη
1055 4493 1398 4567 πιθανωτέρα.

1967 4491 2146 4548 etiam
2197 4490 2532 4546 accuratius
2576 4491 2835 4546 formata
2882 4498 2992 4555 est,
3035 4497 3096 4547 ut
3173 4490 3623 4563 persuasibilior

1886 4628 1932 4683 Β
1969 4580 2276 4683 reddatur.

329 4669 429 4718 Καὶ
455 4662 560 4719 εἶπε
583 4697 652 4708 —
681 4665 843 4739 αύτῷ.
871 4675 1108 4743 Χρῆσον,
1137 4671 1274 4734 ἦτοι,
1307 4663 1546 4721 δάνεισον
1578 4668 1712 4741 (92).
1886 4662 1932 4683 ν

2039 4671 2204 4727 Vers.
2255 4676 2302 4725 5.
2331 4669 2405 4725 Et
2445 4668 2604 4725 dixit
2666 4700 2729 4712 --
2779 4669 2946 4726 Vers.
3005 4675 3058 4726 6.
3114 4670 3232 4726 illi.
3287 4671 3620 4728 Commoda

1973 4777 2082 4817 seu
2111 4763 2322 4815 mutuo
2359 4758 2460 4814 da.

329 4843 570 4908 Κάκεῖνος
640 4877 711 4890 —-
785 4867 894 4904 σοι.
967 4851 1102 4900 Φασί
1177 4867 1312 4909 τινες
1382 4846 1717 4920 ἀναγωγικῶς
1782 4851 1860 4902 ὅτι

2039 4850 2201 4906 Vers.
2226 4849 2282 4906 7.
2313 4849 2388 4904 Et
2414 4848 2520 4906 ille
2549 4879 2610 4889 —
2630 4847 2755 4903 tibi.
2786 4848 2996 4905 Dicunt
3017 4850 3267 4922 quidam
3323 4866 3428 4923 per
3483 4852 3624 4908 ami-

253 4942 444 4987 νοεῖται
499 4936 640 5008 φίλος
706 4939 796 5009 μὲν
867 4937 892 4988 ό
947 4935 1304 5011 φιλάνθρωπος
1363 4942 1491 5000 Θεός
1524 4956 1534 4967 ·
1587 4940 1860 5011 πορεύεται

1969 4957 2109 4997 cum
2122 4941 2450 5011 anagogice
2475 4942 2660 4994 Deum
2675 4938 2917 5009 intelligi
2931 4941 3248 4996 hominum
3265 4947 3622 4998 amatorem.

256 5019 316 5076 δὲ
367 5027 492 5098 πρὸς
546 5025 696 5076 αὐτόν
749 5029 1094 5098 μεσονυκτίου
1142 5031 1232 5077 καὶ
1280 5026 1416 5080 αἰτεῖ
1467 5035 1601 5100 τρεῖς
1647 5030 1858 5101 ἄρτους,

1972 5031 2142 5086 Vadit
2165 5037 2366 5085 autem
2399 5027 2476 5084 ad
2506 5029 2705 5100 ipsum
2748 5029 2947 5084 media
3006 5034 3177 5085 nocte
3217 5037 3274 5086 et
3320 5031 3462 5103 petit
3506 5037 3625 5087 tres

255 5114 280 5164 6
321 5116 463 5186 παρὰ
489 5117 574 5166 τόν
604 5119 940 5189 προσήκοντα
981 5119 1162 5190 καιρόν
1202 5115 1358 5168 αἰτῶν
1388 5125 1525 5190 τρεῖς
1579 5117 1858 5190 θεολογίας,

1973 5135 2182 5192 panes,
2213 5119 2320 5190 qui
2341 5117 2717 5174 convenienti
2735 5125 3002 5190 tempore
3037 5120 3182 5190 petit
3223 5119 3504 5192 triplicem
3539 5119 3627 5175 di-

256 5205 458 5278 Πατρός
497 5207 587 5255 καὶ
629 5205 754 5256 Υίοῦ
803 5209 894 5257 xui
944 5203 1094 5277 ἁγὶού
1149 5207 1460 5280 Πνεύματος,
1523 5207 1607 5259 ἶνα
1649 5210 1859 5284 παραϐῇ

1974 5210 2182 5266 vinum
2209 5222 2562 5276 sermonem,
2593 5206 2787 5264 Patris
2815 5207 3088 5266 videlicet
3121 5215 3176 5265 et
3201 5209 3324 5266 Filii
3349 5225 3421 5268 ac
3454 5209 3631 5284 Spiri-

327 5352 378 5391 ττ
409 5353 610 5411 Matth.
641 5370 766 5424 xxv,
801 5358 890 5412 40.

1466 5456 1705 5552 Variae
1745 5457 2076 5529 lectiones
2115 5472 2180 5530 et
2201 5469 2390 5549 notae

327 5621 443 5710 ςρῼ)
477 5630 590 5710 ’Τῆς
620 5621 680 5710 dli
708 5629 769 5710 το
1982 5636 2108 5688 tum
2133 5630 2389 5704 junctim
2415 5628 2642 5688 eddidit
2694 5645 2732 5688 a
2775 5631 2989 5704 quinto
3014 5632 3093 5691 ad
3138 5633 3464 5710 septimum
3506 5649 3637 5692 ver-

352 5697 442 5760 91)
477 5701 578 5749 Καὶ
605 5697 775 5753 abest
801 5699 868 5752 A.
1987 5720 2014 5759 s

1987 5697 2152 5760 sum:
2715 5726 2719 5734 -

327 5624 422 5696 (90
482 5630 590 5688 Τῆς
620 5624 680 5678 δι
708 5629 766 5678 τό
795 5625 858 5679 B.

352 5699 411 5752 9t
477 5701 578 5749 Καὶ
605 5697 775 5753 abest
801 5699 868 5752 A.

322 5624 443 5842 £92;
468 5769 602 5824 Haec
630 5767 745 5825 tria
772 5765 1073 5826 vocabula
1089 5767 1291 5827 omisit
1303 5767 1636 5829 Hentenius
1650 5774 1709 5830 et
1739 5774 1868 5831 tex-

551 5865 770 5923 ΡΑτῆοι
809 5866 912 5924 Gn.
956 5866 1177 5924 CXXIX
1189 5910 1202 5924 .
3290 5875 3359 5937 81
