4210 6440
713 321 812 397 9'71

2066 336 2412 393 EUTHYMII
2462 335 2800 398 ZIGABENI

3999 354 4088 411 972

710 471 804 521 tus
835 463 1050 529 sancti,
1078 471 1141 520 ut
1163 467 1436 538 apponat
1463 462 1662 521 amico
1705 463 1806 536 qui
1839 464 1920 522 ad
1975 480 2038 520 se
2089 464 2250 519 venit
2291 463 2359 518 de

2478 464 2640 526 αὐτὰς
2682 466 2809 539 φίλῳ
2854 472 3252 541 παραγενομένῳ
3298 471 3429 543 πρὸς
3477 471 3632 524 αὐτὸν
3678 473 3732 526 ἐκ
3784 483 3884 528 τοῦ
3943 477 4085 532 ἀστά-

709 551 997 609 instabilii
1026 569 1097 609 ac
1113 553 1466 610 conculcata
1489 552 1606 617 via,
1651 559 1707 608 et
1741 552 2091 626 hujusmodi
2149 553 2370 622 indiget

709 639 866 697 cibo.
910 640 1203 698 Craterum
1255 643 1409 698 Deus
1457 641 1635 709 intus,
1682 642 1803 697 sive
1863 639 2234 697 invisibiliter
2283 656 2370 696 re-

711 729 983 801 spondet,
1014 729 1141 786 Noli
1172 730 1319 787 mihi
1343 729 1618 786 molestus
1641 746 1774 787 esse
1801 748 1814 786 :
1835 731 1963 802 jam
1988 731 2200 786 ostium
2222 729 2369 785 divi-

709 818 774 876 ni
803 819 1098 877 sermonis
1117 819 1393 876 clausum
1420 824 1529 885 est,
1563 819 1834 876 nondum
1866 827 2099 892 tempus
2125 825 2211 876 est
2260 819 2368 874 hu-

706 907 976 980 jusmodi
1005 909 1234 980 gratim.

784 1090 850 1145 Et
904 1093 1120 1145 castera
1170 1088 1349 1145 etiam
1401 1105 1533 1161 quae
1584 1089 1642 1145 in
1685 1088 1977 1162 parabola
2009 1093 2362 1160 sequuntur,

709 1178 904 1234 conati
927 1186 1066 1234 sunt
1090 1177 1333 1250 quidam
1361 1178 1476 1234 huc
1498 1179 1784 1235 reducere
1811 1181 1940 1250 (zz),
1998 1195 2108 1234 nec
2159 1185 2362 1250 potue-

705 1273 844 1322 runt
869 1283 979 1323 suo
991 1271 1196 1340 aptare
1213 1282 1321 1339 pro
1330 1267 1522 1340 posito
1541 1283 1555 1334 ;
1572 1267 1792 1325 idcirco
1816 1269 2032 1324 horum
2046 1281 2360 1339 anagogen

711 1359 999 1427 tanquam
1029 1356 1226 1412 minus
1280 1357 1753 1423 convenientem,
1807 1357 2081 1430 praterii,
2129 1355 2359 1421 videns,

705 1445 874 1517 quod
901 1445 978 1502 ad
1008 1445 1345 1518 emphasim
1371 1448 1710 1519 composita
1732 1448 1873 1513 sint,
1910 1453 1968 1502 ut
1991 1445 2361 1502 rationabilis

706 1532 982 1590 videatur
995 1533 1280 1607 repulsio.
1308 1539 1474 1593 Pater
1495 1552 1780 1610 namque,
1801 1537 1904 1609 qui
1928 1552 2063 1590 cum
2080 1535 2217 1590 tiliis
2240 1536 2363 1590 suis

706 1622 944 1689 dormit,
977 1623 1399 1681 rationabiliter
1411 1631 1648 1681 recusat
1663 1625 2078 1697 intempestive
2099 1639 2360 1695 surgere,

706 1727 782 1769 ne
807 1711 941 1770 illos
966 1713 1424 1786 expergefaciat.
1446 1721 1700 1787 Apparet
1719 1720 1921 1771 autem
1942 1713 2078 1770 mihi
2095 1720 2211 1771 tota
2233 1714 2361 1770 haec

705 1803 1014 1874 proposita
1039 1803 1332 1875 parabola
1361 1803 1504 1860 nihil
1556 1803 1718 1860 aliud
1763 1804 2196 1869 demonstrare,
2249 1804 2361 1859 nisi

704 1890 1050 1964 petitionem
1082 1908 1213 1948 esse
1245 1894 1503 1949 maxime
1544 1893 1944 1949 necessariam
1975 1899 2032 1949 et
2078 1892 2362 1965 repulsio-

705 1995 844 2036 nem
875 1996 1008 2037 esse
1026 1981 1436 2053 justissimam,
1474 1990 1533 2039 ut
1576 1983 1850 2040 videatur
1881 1987 2120 2055 propter
2168 1997 2360 2054 perse-

704 2071 1033 2128 verantiam
1061 2071 1372 2129 exauditus
1396 2089 1528 2129 esse
1553 2073 1622 2140 is,
1651 2089 1754 2145 qui
1772 2072 1935 2145 petit,
1969 2077 2029 2128 et
2055 2073 2362 2145 persuasi-

704 2158 844 2216 bilis
873 2160 978 2216 tiat
1007 2161 1361 2218 admonitio.

779 2251 936 2304 Vers.
962 2253 1014 2305 8.
1042 2249 1166 2306 Dico
1193 2282 1261 2292 —
1291 2267 1433 2323 opus
1452 2253 1653 2322 fuerit.
1686 2251 1805 2307 Hoc
1856 2255 1962 2316 est,
2010 2250 2182 2322 cujus
2229 2266 2360 2320 gra-

704 2337 787 2394 tia
803 2337 932 2394 haec
945 2339 1231 2410 parabole
1242 2343 1396 2397 facta
1410 2347 1514 2396 est.
1535 2340 1982 2412 lmprobitatem
2001 2346 2192 2396 tamen
2203 2383 2217 2406 ,
2234 2340 2358 2394 sive

703 2427 1162 2500 impudentiam,
1193 2436 1364 2487 vocat
1411 2430 1821 2487 assiduitatem
1859 2446 1929 2486 ac
1976 2445 2362 2502 perseveran-

703 2517 851 2574 tiam
877 2517 1178 2589 pettionis.

777 2606 938 2662 Vers.
968 2609 1019 2662 9.
1055 2607 1130 2662 Et
1156 2622 1293 2678 ergo
1322 2638 1390 2648 —
1417 2607 1580 2663 Vers.
1612 2613 1700 2665 10.
1747 2609 2068 2677 aperietur.
2119 2611 2246 2664 Haec
2287 2609 2358 2664 si-

706 2693 924 2752 militer
950 2694 1095 2767 ipsis
1122 2711 1357 2768 quoque
1387 2697 1706 2753 duodecim
1737 2697 2037 2770 prmeepit,
2064 2697 2356 2770 quemad-

707 2783 959 2839 modum
1004 2786 1240 2856 scripsit
1295 2786 1598 2841 Matthaeus
1639 2787 1852 2859 quinto
1911 2786 2228 2859 capite:et
2275 2786 2354 2842 ibi

707 2887 908 2945 quaare
936 2873 1377 2930 enarrationem
1406 2877 1631 2946 optime
1664 2875 1962 2932 traditam.

777 2963 936 3017 Vers.
970 2963 1057 3018 tt.
1101 2963 1244 3030 Quis
1273 2994 1325 3003 —
1373 2966 1530 3020 Vers.
1562 2966 1647 3020 l2.
1667 2967 1968 3036 scorpium
1994 2966 2022 3022 ?
2050 2966 2132 3021 lbi
2175 2965 2354 3022 etiam

705 3049 780 3107 de
804 3049 898 3106 his
923 3058 1357 3124 consequenter
1385 3053 1667 3110 invenies.

774 3141 939 3197 Vers.
973 3142 1058 3236 te.
1090 3142 1161 3236 ξι
1194 3157 1323 3214 ergo
1355 3158 1504 3236 -:se
1540 3145 1567 3199 ‘I
1588 3144 1864 3201 Similiter
1880 3144 2144 3236 etdehis,
2169 3143 2355 3236 qualos
2388 3180 2428 3236 Ο

705 3245 840 3286 vero
859 3246 963 3287 eos
1000 3229 1161 3295 dixit,
1191 3246 1310 3287 non
1339 3231 1533 3288 solum
1565 3239 1804 3306 propter
1834 3249 2079 3290 causam
2102 3234 2181 3288 ibi
2240 3233 2354 3287 dic-

706 3324 849 3384 tam,
876 3319 982 3375 sed
1007 3319 1187 3375 etiam
1217 3327 1457 3393 propter
1494 3322 1829 3380 humanam
1875 3330 2176 3389 naturam,
2227 3339 2358 3395 quae

703 3407 950 3465 malitia:
981 3424 1167 3480 capax
1197 3415 1397 3466 creata
1441 3418 1549 3466 est.

871 3497 1026 3554 CAP.
1058 3497 1307 3554 XXXIX.
1337 3499 1422 3556 De
1448 3501 1618 3571 ejecta
1675 3501 1968 3557 daemonio
2018 3509 2194 3557 muta.

776 3586 935 3642 Vers.
985 3587 1072 3642 14.
1112 3587 1189 3642 Et
1217 3619 1286 3628 —
1315 3595 1565 3645 mutum.
1596 3593 1708 3645 Nec
1736 3590 1936 3662 ipsum
1979 3590 2353 3663 loquebatur,

706 3675 800 3731 vel
828 3675 1133 3738 audiebat,
1163 3691 1273 3732 nec
1302 3677 1611 3734 hominem
1641 3680 1866 3735 sinebat
1885 3679 2175 3751 loqui,vel
2194 3681 2358 3736 audi-

703 3778 802 3822 re:
840 3779 951 3818 non
978 3778 1049 3819 ex
1084 3769 1318 3830 natura,
1363 3766 1466 3821 sed
1505 3782 1577 3821 ex
1630 3767 1875 3822 malitia.
1917 3768 2107 3840 Hujus
2157 3775 2352 3824 autem

705 3854 870 3924 apud
909 3852 1243 3909 Matthaaum
1284 3854 1442 3910 facta
1467 3862 1556 3911 est
1603 3857 1823 3912 mentio
1867 3857 2102 3913 decimo
2141 3864 2353 3914 octavo

703 3941 909 4013 capite,
945 3942 1002 3997 in
1028 3957 1150 4014 quo
1181 3943 1254 3999 de
1278 3945 1410 4014 ipso
1440 3945 1745 4001 manifeste
1776 3946 2146 4018 disputatum
2170 3953 2277 4004 est.

775 4031 1027 4088 Vers.”.
1061 4032 1310 4090 Factum
1341 4041 1423 4090 est
1455 4065 1523 4076 —-
1553 4035 1762 4092 turbae.
1801 4035 1886 4092 Ibi
1921 4037 2088 4092 etiam
2134 4038 2209 4094 de
2263 4040 2352 4096 bis

701 4121 927 4179 dictum
970 4128 1077 4178 est.

770 4211 934 4269 Vers.
964 4214 1053 4268 15.
1080 4213 1332 4281 Quidam
1388 4245 1454 4255 —
1485 4214 1793 4272 daemonia.
1843 4217 2120 4274 Similiter
2171 4224 2228 4276 et
2276 4221 2350 4276 de

696 4301 816 4358 his.
848 4303 1124 4360 Pharisaei
1150 4309 1352 4361 autem
1387 4305 1502 4362 hoc
1545 4305 1842 4372 dixerunt,
1885 4308 2064 4364 veluti
2119 4310 2352 4383 scripsit

695 4393 1026 4452 Mattheus.

770 4483 936 4543 Vers.
970 4487 1056 4542 16.
1086 4486 1211 4542 Alii
1251 4517 1318 4525 —
1347 4486 1508 4542 calo.
1559 4487 1689 4542 Non
1737 4503 1894 4544 nunc
1938 4494 2192 4556 tantum,
2243 4492 2346 4548 sed

695 4572 1034 4646 frequenter
1060 4576 1172 4632 hoc
1194 4573 1474 4641 fecerunt,
1509 4576 1660 4632 sicut
1681 4577 1810 4632 aliis
1844 4579 2093 4634 Matthaai
2145 4581 2348 4653 capiti-

695 4663 810 4718 bus
832 4663 1230 4734 signiﬁcatum
1263 4671 1374 4723 est.

767 4753 975 4817 Quaere
1005 4761 1203 4810 autem
1221 4755 1600 4827 potissimum
1615 4757 1912 4814 tricesimo
1940 4758 2134 4829 primo
2152 4760 2343 4832 capite

694 4841 992 4912 Evangelii
1032 4844 1179 4912 ejus,
1227 4844 1327 4900 ubi
1367 4845 1578 4900 dicitur
1607 4847 1777 4915 juxta
1819 4847 2001 4902 tinem
2046 4867 2057 4906 :
2099 4849 2342 4920 Cumque

692 4933 1738 4990 accessissentPhariswietSadducavi
1750 4937 2340 5007 tentantes,rogabant

691 5035 844 5088 eum,
871 5027 938 5077 ut
950 5022 1183 5093 signum
1197 5023 1436 5096 aliquod
1456 5023 1528 5079 de
1538 5023 1675 5079 caelo
1688 5024 2118 5084 demonstraret
2135 5026 2242 5083 sibi
2259 5029 2336 5084 ἠε

759 5200 809 5237 ⁷⁸
886 5201 1094 5262 Matth.
1121 5217 1239 5271 xvx,
1274 5207 1322 5260 1.

2384 4544 2427 4598 D

2479 573 2569 605 του
2623 561 2712 607 καὶ
2763 562 3260 629 καταπεπατημένον
3313 556 3458 630 βίον,
3526 568 3614 614 καὶ
3667 569 3942 637 χρῄζοντι
3991 589 4082 622 τοι·

2479 647 2638 704 αύτης
2696 654 2907 718 τροφῆς.
2984 653 3081 699 Καὶ
3134 647 3311 699 ὶοιπὸν
3369 650 3394 699 ὁ
3449 655 3574 710 Θεὸς
3628 655 3848 720 ἔσωθεν,
3920 661 4078 727 ἤγουν,

2480 732 2680 803 ἀφανῶς
2713 733 3064 808 ἀποκρίνεται,
3109 743 3191 794 Μὴ
3232 736 3431 809 ἐνόχλει
3461 757 3574 810 μοι’
3616 750 3771 794 τοῦτο
3804 750 3911 817 γὰρ
3947 744 4078 803 δηλοῖ

2477 826 2556 889 τὸ,
2587 830 2668 880 Μή
2701 843 2791 895 μοι
2823 830 3018 887 κόπους
3080 828 3302 898 πάρεχε·
3347 836 3433 878 νῦν
3461 831 3490 885 η
3524 831 3655 904 θύρα
3683 839 3785 893 τῆς
3831 834 4076 906 οεολογίας

2478 909 2873 966 ἀποκεκλεισταί
2932 933 3034 984 σοι,
3092 919 3234 967 οὔπω
3287 922 3469 989 καιρὸν
3539 922 3717 990 ἔχοντι
3770 922 4072 984 τηλικαύτης

2475 1004 2671 1074 χάριτο
2682 1024 2702 1064 ς
2713 1045 2724 1056 .

2551 1097 2650 1144 Καὶ
2696 1095 2759 1143 τὰ
2812 1092 2931 1154 ἑξῆς
2985 1089 3043 1145 δε
3093 1102 3184 1155 τῆς
3241 1093 3543 1167 παραϐολῆς
3590 1100 3953 1172 επεχείρησαν
4003 1110 4066 1154 ei:

2474 1199 2606 1241 τινες
2651 1179 2948 1252 ἀναγαγεῖν,
3003 1183 3095 1234 οὐκ
3141 1180 3479 1242 ἠδυνήθησαν
3530 1183 3589 1238 δὲ
3638 1196 3814 1240 ταῦτα
3867 1210 4065 1265 προσαρ-

2474 1275 2636 1341 μόσαι
2703 1279 2775 1340 τῷ
2835 1280 3012 1341 σκοπῷ
3068 1272 3252 1334 αὐτῆς.
3313 1278 3399 1326 Διὸ
3460 1285 3674 1347 παρῆκα
3743 1283 3844 1336 τὴν
3900 1284 4062 1332 τούτων

2474 1358 2770 1431 ἀναγωγὴν,
2822 1364 2891 1422 ὡς
2946 1365 3212 1433 περιττὴν,
3272 1371 3420 1428 νοῶν,
3476 1366 3556 1416 ὅτι
3613 1370 3970 1426 συνετεθησαν
4015 1371 4063 1429 εὶς

2473 1450 2694 1518 ἔμφασιν
2754 1455 2906 1520 μόνον
2964 1449 3175 1520 εὐλόγου
3229 1457 3616 1524 παραιτήσεως.
3674 1453 3735 1507 ’0
3795 1459 3900 1530 γὰρ
3959 1460 4061 1528 μετὰ

2472 1545 2571 1587 τῶν
2619 1533 2822 1589 παίδων
2864 1537 3023 1589 αὑτοῦ
3072 1546 3386 1612 κοιμώμενος
3436 1547 3628 1616 πατὴρ,
3678 1543 3907 1615 εὐλόγως
3955 1566 4058 1619 παρ’

2473 1633 2694 1677 αιτεῖται
2745 1630 2888 1698 παρὰ
2940 1631 3120 1699 καιρὸν
3170 1626 3480 1696 ἀναστῆναι,
3540 1633 3621 1682 ἱνα
3674 1637 3750 1703 μὴ
3820 1633 4052 1706 (laminis;

2473 1714 2624 1769 aurai.
2667 1720 2907 1767 Φαίνεται
2957 1713 3017 1768 δε
3063 1737 3153 1788 μοι
3205 1723 3293 1769 καὶ
3349 1724 3494 1771 πᾶσα
3546 1721 3575 1777 ἠ
3616 1730 3933 1792 προκειμένη
3977 1745 4052 1775 πα-

2402 1826 2439 1879 B
2471 1804 2663 1877 ραϐολὴ
2715 1802 2881 1876 μηδεν
2939 1807 3106 1879 ἕτερον
3162 1806 3440 1879 ἐμφαίνειν,
3499 1810 3540 1860 εἰ
3587 1815 3659 1882 μὴ
3719 1817 3876 1884 μόνον
3925 1819 4046 1884 αναγ-

2473 1896 2755 1950 καιοτάτην
2804 1897 3015 1952 αἰτησιν
3057 1901 3147 1947 καὶ
3198 1897 3554 1966 εὐλογωτάτην
3597 1907 3940 1974 παραίτησιν,
3991 1906 4052 1954 ἱνα

2474 1980 2600 2054 δοξη
2655 1979 2748 2034 διὰ
2791 1988 2882 2041 τὴν
2932 1987 3176 2056 επιμονην
3232 1986 3639 2046 εἰσακουσθῆναι
3691 1992 3716 2040 ό
3763 1992 3936 2058 αἰτῶν,
3981 1997 4050 2042 καὶ

2471 2075 2661 2130 πιθανὴ
2692 2078 2903 2143 γίνηται
2934 2075 2962 2130 ἠ
2993 2079 3315 2148 παραίνεσις.

2543 2256 2691 2323 Λέγω
2725 2283 2785 2292 —
2825 2253 3040 2326 χρῄζει.
3071 2258 3234 2306 Τοῦτὸ
3267 2253 3424 2323 ἔστιν,
3455 2255 3516 2307 οὗ
3546 2258 3707 2330 χάριν
3739 2261 3768 2316 ἡ
3801 2259 4040 2334 παραϐολὴ

2471 2343 2600 2400 αὕτη
2661 2347 2890 2412 γέγονεν,
2946 2339 3238 2396 Ἄναίόειαν
3290 2341 3348 2396 δε
3401 2341 3508 2397 εἶπε
3555 2352 3647 2404 τὴν
3696 2350 3928 2420 ἐπιμονὴν
3968 2359 4042 2407 τῆς

2469 2431 2587 2489 αἰτή
2598 2450 2744 2493 σεως.

2543 2606 2700 2678 Κάγὼ
2756 2638 2823 2650 -
2880 2607 3103 2679 ἀνοιχθή
3114 2627 3258 2661 σεται
3273 2654 3284 2665 .

2470 2691 2679 2748 δώδεκα
2726 2695 3022 2764 ἐνετείλατο,
3064 2699 3235 2760 καθὼς
3283 2697 3540 2772 ἀνέγραψε
3579 2701 3825 2758 Ματθαῖος
3873 2698 3918 2750 ἐν
3969 2708 4034 2768 τῷ

3362 2616 3536 2662 Ταῦτα
3579 2612 3756 2681 ὁμοίως
3799 2614 3884 2662 καὶ
3929 2617 4027 2670 τοῖς

2467 2790 2704 2856 πέμπτῳ,
2761 2785 3040 2857 κεφαλαίῳ,
3064 2791 3152 2838 καὶ
3209 2788 3434 2847 ζήτησον
3504 2790 3608 2841 ἐκεῖ
3652 2795 3740 2846 τὴν
3787 2787 4032 2858 ἐξήγησιν,

2467 2876 2663 2946 ἄριστα
2691 2873 3139 2948 παραδεδομένην.

2537 2970 2664 3016 Τίνα
2693 2997 2753 3005 -
2790 2971 3038 3040 σκορπίον
3065 2983 3078 3030 ;
3112 2967 3244 3019 Ἐκεῖ
3276 2972 3363 3019 καὶ
3403 2973 3519 3041 περὶ
3543 2971 3736 3020 τούτων
3775 2965 4039 3026 ἀκολούθως

2468 3055 2723 3127 εὑρήσεις.

2541 3145 2597 3195 Εἰ
2628 3143 2714 3194 οὖν
2753 3175 2805 3182 -
2849 3143 3035 3209 αὑτονς
3067 3144 3289 3215 Ὀμοίως
3316 3151 3403 3197 καὶ
3434 3150 3547 3220 περὶ
3572 3150 3784 3198 τούτων’
3815 3148 4040 3216 πονηροὺς

2469 3229 2528 3284 δε
2554 3233 2743 3294 αὐτοὺς
2770 3230 2924 3296 εἶπεν,
2954 3233 3012 3285 οὐ
3044 3243 3196 3298 μονον
3230 3231 3321 3286 διὰ
3344 3240 3436 3293 τὴν
3466 3238 3569 3287 ἐκεῖ
3597 3240 3846 3310 ρηθεῖσαν
3877 3236 4036 3293 αἰτίαν,

2469 3321 2596 3373 ἀ).λά
2649 3328 2737 3374 καὶ
2792 3319 2886 3374 διὰ
2947 3327 3002 3375 τὸ
3060 3329 3150 3381 τὴν
3218 3325 3548 3398 ἀνθρωπίνην
3609 3329 3763 3398 φύσιν
3820 3328 4036 3396 πονηρίας

2469 3409 2713 3470 δεκτικὴν
2746 3410 2872 3464 εἶναι
2901 3415 3034 3482 (93).

2615 3509 2757 3559 ΚΕΦ.
2786 3503 2914 3558 ΛΘ’.
2943 3509 3066 3575 Περὶ
3093 3511 3182 3554 τοῦ
3209 3506 3416 3574 ἔχοντος
3439 3499 3710 3576 δαιμόνιον
3742 3510 3924 3578 κωφόν.

2542 3597 2639 3644 Καὶ
2692 3624 2754 3632 —
2793 3596 2980 3664 κωφόν.
3024 3597 3164 3650 Μήτε
3208 3593 3334 3644 αὐτὸ
3382 3592 3565 3645 λαλοῦν
3613 3595 3643 3653 ἦ
3687 3593 3894 3654 ἀκοῦον,
3931 3596 4033 3666 μήτε

2465 3684 2552 3732 τὸν
2601 3683 2867 3755 ἄνθρωπον
2918 3681 3007 3732 ἑὼν
3037 3681 3203 3733 λαλεῖν
3240 3682 3268 3740 ᾖ
3313 3681 3532 3746 ἀκούειν,
3593 3682 3687 3734 οὐκ
3735 3683 3792 3735 ἑκ
3842 3686 4031 3754 φύσεως,

2466 3769 2570 3821 ἀλλ’
2605 3769 2658 3820 ἐκ
2691 3775 2955 3844 πονηρίας.
2991 3777 3260 3841 Μέμνηται
3298 3766 3355 3823 δε
3387 3775 3571 3824 τούτου
3605 3773 3874 3833 Ματθαῖος
3903 3771 3945 3824 ἐν
3979 3778 4034 3838 τῷ

2465 3856 2898 3930 ὀκτωκαιδεκάτῳ
2928 3861 3203 3932 κεφαλαιῳ,
3236 3859 3284 3911 ἐν
3409 3865 3472 3912 τὰ
3520 3866 3635 3936 περὶ
3679 3861 3838 3914 αὑτοῦ
3887 3867 4035 3931 σαφῶς

2465 3948 2762 4020 ἀπηγγέλθη
2780 3993 2791 4005 .

2535 4038 2760 4108 Ἐγένετο
2834 4067 2901 4077 -
2971 4036 3141 4108 ὄχλοι.
3201 4040 3336 4092 Ἐκεῖ
3409 4045 3497 4091 καὶ
3553 4045 3672 4114 περὶ
3739 4044 3924 4093 τούτων

2460 4129 2613 4202 paen.

2532 4220 2669 4276 Τινες
2722 4247 2785 4256 -
2853 4212 3117 4288 δαιμόνια.
3191 4215 3457 4278 Ὡσαύτως
3523 4223 3611 4270 καὶ
3668 4224 3783 4292 περὶ
3840 4219 4041 4269 τούτων.

2461 4307 2526 4360 Oi
2566 4313 2844 4380 Φαρισαῖοι
2894 4301 2952 4357 δε
2996 4314 3146 4358 τοῦτο
3193 4302 3352 4370 εἶπον,
3403 4309 3470 4368 ὡς
3520 4309 3545 4358 ὁ
3593 4309 3852 4367 Ματθαῖος
3905 4307 4044 4355 ἱστο-

2459 4415 2637 4470 ρησεν.

2527 4485 2727 4558 Ἐτεροι
2773 4516 2836 4525 -
2881 4486 3120 4558 οὐρανοῦ.
3163 4484 3239 4537 Οὐ
3282 4493 3370 4536 νῦν
3413 4491 3587 4558 μόνον,
3631 4485 3755 4538 ἀλλὰ
3799 4481 4042 4557 διαφὸρὼς

2459 4583 2609 4628 τοῦτο
2656 4579 3024 4641 πεποιήκασιν,
3068 4577 3138 4635 ὡς
3183 4580 3268 4626 καὶ
3319 4574 3365 4627 ἐν
3415 4575 3588 4636 ἄλλοις
3631 4576 3920 4648 κεφαλαίοις
3960 4580 4038 4624 τοῦ

2455 4670 2591 4719 κατὰ
2621 4667 2883 4718 Ματθαῖον
2907 4661 3222 4722 δεδήλωται.

2525 4764 2764 4815 Ζήτησον
2819 4751 2876 4807 δὲ
2922 4754 3111 4827 μᾶλλον
3166 4754 3214 4806 ἐν
3267 4764 3337 4825 τῷ
3386 4766 3683 4830 τριακοστῷ
3735 4765 3918 4830 πρώτῳ
3968 4773 4036 4806 κε-

3517 4850 3596 4898 τὸ·
3674 4854 3774 4901 Καὶ
3840 4844 4034 4921 προσ-ελ·

2455 4940 2624 4999 θόντες
2681 4938 2729 4988 οἱ
2791 4941 3068 5006 Φαρισαῖοι
3131 4940 3220 4987 καὶ
3288 4932 3644 4989 Σαδδουκαῖοι
3719 4940 4034 5013 πειράζοντες

2450 5030 2794 5104 ἐπηρώτησαν
2876 5025 3032 5078 αὐτὸν
3107 5031 3320 5098 σημεῖον
3387 5023 3443 5077 ἐκ
3513 5029 3604 5078 τοὺ
3670 5030 3888 5104 ούρανοῦ
3942 5025 4035 5078 ἔπι·

2453 4847 2654 4919 φαλαίῳ
2723 4846 2882 4898 αὑτοῦ
2945 4849 3068 4918 πρὸς
3141 4854 3212 4916 τῷ
3286 4845 3435 4911 τέλει,

1885 5387 2111 5458 Variae
2157 5389 2485 5460 lectiones
2527 5398 2594 5458 et
2631 5397 2842 5458 notaa.

755 5577 868 5660 (93)
901 5585 1186 5653 Πεγυκεναι
1207 5596 1318 5653 pro
1347 5577 1497 5651 εἶναι,
1526 5585 1596 5642 Α.

755 5757 864 5830 (ει)
887 5758 1022 5840 Huc;
1046 5758 1338 5827 reducere,
1366 5760 1667 5836 ’Δναγαγεῖν
1697 5767 1782 5819 est
1803 5764 2132 5836 anagogice
2165 5779 2268 5821 seu
2317 5763 2359 5821 a‘.

2467 5765 2640 5827 rorice
2689 5762 3014 5838 explicare.
