4210 6440
232 440 348 499 973

1366 446 1732 520 COMMENT.
1773 462 1847 517 IN
1893 464 2146 522 LUCAM.
2187 498 2256 512 -
2296 470 2454 528 CAP.
2492 452 2577 527 xi.

3514 496 3618 550 974

233 564 420 633 δεῖξαι
460 572 572 643 (94)
613 573 805 643 αὐτοῖς,
837 583 925 632 καὶ
956 578 1213 653 ἀνάγνωθι
1241 588 1333 643 τήν
1363 583 1614 658 ἐξήγησιν
1663 587 1835 643 αὐτοῦ.

1970 596 2018 648 et
2034 591 2166 664 lege
2191 594 2321 665 ejus
2337 597 2795 667 enarrationem,
2822 617 2895 660 ac
2916 604 3111 665 disces
3133 624 3352 670 causas
3375 613 3621 676 fraudu-

233 665 338 712 xui
364 662 585 735 μαθήσῃ
613 667 700 725 τὰς
726 665 889 729 αἰτίας
909 677 1002 731 τῆς
1039 678 1356 747 κακουργίας
1386 676 1574 730 αὐτῶν.

321 750 490 813 Αὐτός
520 747 578 806 δε
630 786 696 795 ——
726 751 1075 830 διανοήματα.
1121 764 1247 817 Τότε
1275 772 1370 826 τῆς
1422 767 1727 838 ὑπολήψεως
1756 778 1846 822 τοῦ

241 836 296 889 ἐν
358 840 657 904 Βεελζεϐοὺλ
709 842 966 900 ἐκϐάλλειν
1013 852 1079 901 τα
1131 847 1381 925 δαιμόνια
1418 872 1429 883 °
1459 858 1575 909 καθ’
1634 857 1847 921 ἑαυτοὺς

238 930 348 1001 γὰρ
400 938 552 983 τοῦτο
594 931 785 1005 ἔλεγον,
816 935 1232 1010 φοϐούμενοιτόν
1258 942 1416 1014 ὄχλον
1451 962 1463 974 ·
1508 950 1599 999 καὶ
1650 951 1708 1000 τό
1753 956 1846 1012 τῆς

238 1022 433 1092 πείρας
481 1030 571 1072 τοῦ
609 1021 1013 1097 ἐπιζητουμένου
1068 1036 1301 1102 σημείου.
1353 1035 1458 1089 Καὶ
1497 1042 1584 1087 νῦν
1612 1040 1704 1110 μὲν
1730 1044 1847 1114 περὶ

237 1114 340 1158 τοῦ
392 1107 495 1170 ἑνός
544 1108 895 1185 ἀπολογεῖται,
947 1121 1080 1189 μετὰ
1133 1125 1320 1193 μικρὸν
1370 1120 1428 1177 δε
1469 1130 1559 1181 καὶ
1610 1131 1845 1203 περὶτοῦ

238 1199 443 1269 ἑτέρου.

316 1290 559 1345 Ζήτησον
591 1285 649 1344 δὲ
679 1297 768 1345 xui
806 1292 854 1345 ἐν
882 1303 954 1366 τῷ
985 1295 1201 1370 εἰκοστῷ
1229 1296 1453 1376 δευτέρῳ
1470 1305 1729 1379 κεφαλαίῳ
1754 1315 1846 1360 τοῦ

237 1377 380 1425 κατὰ
405 1380 671 1431 Ματθαῖον
715 1385 809 1441 τὴν
867 1383 1139 1458 ἑρμηνείαν
1188 1398 1297 1441 τοῦ·
1360 1388 1524 1454 Εἰδὼς
1579 1390 1639 1448 δε
1819 1399 1844 1449 ό

244 1461 457 1526 Ἰησοῦς
484 1469 577 1530 τὰς
603 1467 912 1543 ἐνθυμήσεις
938 1474 1126 1529 αὐτῶν.

317 1642 542 1714 Εἴρηται
591 1640 650 1697 δὲ
720 1647 843 1718 ἡμῖν
900 1648 1164 1712 πολλάκις,
1217 1654 1298 1705 ὃτι
1382 1658 1431 1709 οἰ
1486 1657 1846 1731 εῦαγγελισταὶ

238 1733 369 1782 ποτε
398 1734 487 1802 μὲν
542 1742 725 1808 καιροῦ
777 1741 866 1789 καὶ
920 1739 1111 1802 τάξεως
1160 1741 1272 1813 (96ὶ
1333 1753 1429 1796 τῶν
1479 1747 1737 1818 ῥηθέντων
1812 1750 1842 1809 ἦ

238 1822 584 1892 πραχθέντων
637 1826 976 1898 φροντίζουσι
1041 1849 1053 1861 ·
1117 1835 1241 1884 ποτε
1303 1830 1382 1901 δὲ,
1449 1841 1611 1906 μόνης
1671 1836 1846 1911 ἀπαγ-

236 1908 432 1979 γελίας.

317 2087 475 2143 Εἶπεν
508 2122 568 2130 -
608 2097 803 2144 πίπτει.
841 2099 941 2147 Καὶ
984 2094 1119 2157 οἶκος
1151 2096 1233 2151 ἐπὶ
1272 2097 1429 2164 οἶκον,
1465 2098 1845 2179 διαμερισθεὶς,

241 2172 510 2233 δηλονότι.
552 2180 632 2232 Ἐν
662 2188 731 2232 τῶ
760 2182 967 2255 ῥηθέντι
998 2181 1058 2237 δε
1088 2184 1304 2258 εἰκοστῷ
1328 2185 1551 2265 δευτέρῳ
1591 2194 1847 2267 κεφαλαίῳ

239 2269 333 2316 καὶ
358 2272 475 2339 περὶ
503 2271 694 2320 τούτων
723 2269 1014 2335 ἀκολούθως
1037 2275 1356 2347 ἠρμηνεύθη.

318 2442 378 2495 Εἰ
410 2440 468 2497 δὲ
493 2445 653 2498 αὐτοῦ
687 2465 700 2514 ;
736 2447 955 2522 Ὁμοίως
982 2457 1071 2504 xui
1100 2458 1218 2526 περὶ
1243 2458 1449 2512 τούτου.

310 2531 432 2584 Ὀτι
461 2566 525 2574 -
558 2531 823 2609 δαιμόνια.
873 2539 1135 2613 Ἐμφαίνει
1165 2543 1343 2606 αὐτοῖς
1370 2552 1459 2599 xui
1489 2549 1514 2600 ὃ
1546 2549 1845 2624 ὑπολαμϐά-

236 2639 407 2680 νοντες
435 2623 605 2695 ἔλεγον
634 2627 755 2679 καθ’
786 2626 1000 2692 ἑαυτοὺς
1029 2636 1147 2707 περὶ
1179 2633 1358 2690 αὐτοῦ.

314 2710 375 2764 Εἰ
397 2707 456 2764 δὲ
486 2743 553 2754 -
584 2713 815 2769 ἔσονται.
869 2717 948 2771 Ἐν
973 2728 1045 2790 τῷ
1082 2721 1194 2793 (97)
1252 2720 1537 2781 δηλωθέντι
1581 2728 1838 2801 κεφαλαίῳ

237 2800 459 2865 καθεξῆς
496 2808 583 2856 xui
614 2811 730 2879 περὶ
769 2811 963 2861 τούτων
991 2806 1310 2870 διείληπται.

310 2891 368 2944 Εἰ
407 2888 465 2945 δὲ
492 2924 562 2933 -
590 2902 743 2948 Θεοῦ.
769 2896 1038 2963 Ὡσαύτως
1068 2907 1153 2954 καὶ
1178 2909 1297 2976 περὶ
1317 2908 1503 2959 τούτου
1537 2912 1838 2981 σαφέστατά

236 2998 288 3031 τε
318 2986 407 3032 xui
449 2980 819 3054 ἀκριϐέστατα,

304 3067 465 3123 Ὀταν
490 3103 547 3112 -
570 3068 604 3124 δ
611 3070 700 3125 ιαὸ
706 3072 763 3127 iri
767 3078 1281 3152 ωσι.ῐ1αραπλησὶ.›ς
1295 3087 1835 3157 καὶπερὶτούτων(98)

237 3162 291 3210 τό
322 3160 596 3232 κεφαλαιον
654 3161 812 3216 ἐκεῖνο
859 3162 1218 3237 διαλαμϐάνει,
1270 3175 1359 3221 καὶ
1386 3169 1573 3244 ιον
1610 3172 1709 3226 ἀπὸ
1740 3184 1836 3226 τῶν

235 3245 339 3300 ἐκεῖ
361 3249 620 3323 ῥηθέντων
651 3258 740 3303 καὶ
763 3261 931 3305 ταῦτα
963 3251 1386 3326 δια-γνωσθῆναι,

303 3425 361 3478 Ὀ
391 3431 463 3498 μὴ
497 3458 567 3466 -
598 3430 893 3501 σκορπίζει.
924 3429 1038 3485 "Eri
1076 3438 1165 3485 xui
1187 3439 1303 3509 περὶ
1333 3440 1547 3491 τούτων.

302 3604 465 3657 Ὀταν
498 3636 562 3645 -
595 3612 996 3681 κεκοσμημένον.
1032 3614 1210 3669 Ταῦτα
1237 3615 1433 3690 ἔγραψε
1462 3622 1549 3670 καὶ
1575 3621 1835 3683 Ματθαῖος

237 3693 283 3746 ,ἐν
313 3702 385 3765 τῷ
437 3698 657 3767 εἰκοστῷ
694 3702 847 3771 τρίτῳ
890 3700 1168 3774 κεφαλαίῳ,
1218 3711 1309 3759 καὶ
1337 3708 1739 3780 ἠρμηνεῦθησαν
1784 3710 1832 3763 ἐν

236 3785 427 3855 ἐκεινῳ.

304 3878 431 3926 Τότε
465 3905 523 3914 -
557 3881 798 3948 πρώτων.
827 3877 1092 3944 Ὡσαύτως
1121 3887 1210 3935 καὶ
1230 3892 1416 3940 ταῦτα.

374 3969 518 4019 ΚΕΦ.
568 3963 650 4021 Μ’.
706 3972 827 4041 Περὶ
859 3977 953 4031 τῆς
982 3969 1038 4021 ἐκ
1077 3979 1170 4023 τοῦ
1199 3972 1362 4045 ὄχλου
1415 3976 1687 4051 ἑπαρσίσης

927 4064 1116 4131 φωνήν.

302 4142 527 4214 Ἐγένετο
566 4176 635 4184 -
679 4145 957 4208 ἐθήλασας.
993 4147 1282 4224 Ἐπσὶρασα,
1317 4157 1499 4225 ἤγουν,
1541 4156 1824 4228 ὑψώσασα.

232 4229 435 4304 Σφόδρα
457 4235 557 4307 γὰρ
587 4231 945 4309 ἀποδεξαμένη
978 4242 1097 4301 τοὺς
1117 4240 1298 4312 λόγους
1321 4243 1498 4313 αὐτοῦ,
1531 4248 1827 4320 μεγαλοφώ-

232 4340 324 4380 νως
354 4320 635 4394 ἐμακάρισε
666 4328 757 4382 τὴν
782 4330 1107 4396 γεννήσασαν
1136 4330 1314 4397 αὐτόν,
1356 4336 1424 4396 ὡς
1455 4339 1693 4389 τοιούτου
1723 4358 1821 4409 μη»

234 4411 349 4480 τερα
376 4413 617 4475 γενέσθαι
643 4410 971 4475 ἁξιωθείσαν.

305 4585 463 4648 Αὐτός
499 4584 558 4640 δὲ
592 4620 655 4630 -—
702 4590 876 4648 αὐτόν.
932 4601 1207 4669 Μενοῦνγε,
1266 4603 1556 4665 τουτέστιν,
1605 4601 1820 4665 ἀληθῶς.

231 4680 466 4734 Ζήτησον
492 4673 551 4730 δε
593 4678 642 4731 ἕν
672 4688 743 4752 τῷ
797 4682 1015 4756 εἰκοστῷ
1071 4692 1228 4759 τρίτῳ
1283 4689 1540 4763 κεφαλαίῳ
1560 4693 1655 4745 τοῦ
1692 4698 1827 4748 κατὰ

231 4767 514 4837 Ματθαῖον,
556 4773 612 4820 τό
645 4786 657 4797 ·
688 4768 874 4834 Ὀστις
920 4777 1021 4846 γὰρ
1062 4773 1122 4826 ἂν
1160 4782 1360 4851 ποιήσῃ
1416 4784 1474 4833 τό
1509 4780 1706 4855 θέλημα
1733 4792 1824 4837 τοῦ

232 4861 426 4929 Πατρός
455 4877 557 4931 μου
586 4867 676 4911 τοῦ
709 4858 756 4911 ἓν
783 4860 1040 4933 οὐρανοῖς,
1073 4865 1231 4929 αὐτός
1252 4887 1353 4940 μου
1374 4874 1461 4922 καὶ
1492 4867 1712 4945 ἁδελφὸς
1737 4879 1825 4927 xui

230 4940 419 5018 ἀδελφὴ
460 4953 549 4999 xui
566 4952 742 5023 μήτηρ
778 4948 913 5020 ἐστὶ,
970 4957 1059 5005 καὶ
1102 4953 1361 5028 ἀνάγνωθι
1408 4964 1499 5019 τὴν
1556 4961 1675 5020 ὃλην
1732 4972 1823 5017 τοῦ

227 5037 458 5088 τοιούτου
482 5037 646 5110 ῥητοῦ
676 5038 945 5111 ἐξήγησιν.
982 5043 1186 5103 Φυλακὴ
1222 5042 1281 5098 δὲ
1318 5047 1472 5120 λόγου
1505 5059 1641 5115 Θεοῦ
1681 5055 1819 5106 ἐστιν

228 5123 258 5181 ἡ
285 5122 551 5200 πλήρωσις
575 5126 762 5186 αὐτοῦ,

298 5276 341 5312 τ’
372 5276 576 5337 Matth.
602 5295 708 5349 xu,
728 5280 817 5339 25.
851 5281 905 5327 ⁸ο
945 5283 1099 5346 Ibid.
1128 5286 1199 5345 50

1959 679 2101 737 lenti
2121 697 2326 739 eorum
2348 692 2622 744 conatus.

2031 768 2195 826 Vers.
2234 773 2319 864 t7.
2350 775 2432 829 At
2482 775 2606 845 ipse
2650 808 2719 820 --
2766 783 3158 851 cogitationes.
3194 788 3614 864 Cogitationes,

1958 862 2088 914 tum
2104 861 2480 934 suspicionis,
2507 866 2673 938 quod
2704 867 2766 925 in
2798 869 3107 931 Beelzebul
3137 861 3373 951 ejiceret
3396 861 3620 943 daemo-

1956 948 2078 1015 nia,
2096 964 2240 1006 nam
2278 951 2394 1009 hoc
2419 954 2583 1027 apud
2608 972 2672 1012 se
2713 958 3016 1029 dicebant,
3045 948 3318 1027 timentes
3361 974 3620 1034 turbam-

1958 1043 2080 1093 tum
2146 1047 2417 1098 conatus.
2476 1046 2638 1117 quod
2689 1048 2929 1121 signum
2980 1055 3275 1127 petebant.
3328 1063 3394 1120 Et
3456 1079 3621 1124 nunc

1955 1127 2201 1200 quidem
2217 1131 2293 1187 de
2334 1147 2452 1190 uno
2470 1138 2810 1209 respondet,
2834 1148 2970 1213 post
2992 1160 3190 1218 pauca
3219 1152 3450 1211 verode
3477 1156 3622 1214 reli-

1955 1231 2100 1287 quo.
2936 1270 2945 1279 .

2029 1308 2239 1374 Quaere
2280 1314 2483 1369 autem
2521 1314 2806 1375 vicesimo
2838 1324 3108 1383 secundo
3133 1330 3326 1403 capite
3351 1335 3617 1407 Evange-

1952 1393 2018 1452 lii
2038 1398 2373 1457 secundum
2401 1402 2740 1463 Matthasum
2796 1393 3336 1485 interpretationem
3378 1393 3619 1500 quoque

1955 1484 2132 1554 illius,
2162 1488 2326 1559 quod
2344 1489 2558 1549 dicitur
2585 1496 2781 1553 :Jesus
2805 1484 2999 1558 autem
3019 1506 3210 1565 sciens
3228 1484 3615 1583 cogitatioim

1956 1589 2158 1632 eorum
2191 1578 2260 1631 το.
3062 1630 3069 1637 .

2028 1666 2387 1739 Frequenter
2406 1674 2609 1729 autem
2635 1690 2672 1732 a
2688 1676 2861 1734 nobis
2885 1678 3111 1741 dictum
3125 1690 3234 1754 est,
3255 1691 3416 1762 quod
3438 1708 3620 1752 evan-

1956 1753 2178 1824 gelista
2208 1756 2508 1817 interdum
2538 1763 2785 1835 quidem
2814 1773 3101 1843 temporis
3137 1753 3223 1833 et
3250 1753 3477 1839 ordinis
3505 1800 3620 1841 eo-

1957 1858 2114 1909 rum,
2145 1861 2280 1918 quaa
2320 1847 2496 1916 dicta,
2549 1858 2651 1910 aut
2700 1853 2860 1913 facta
2907 1867 3065 1929 sunt,
3106 1879 3316 1925 curam
3370 1870 3615 1946 habent,

1885 1948 1927 2002 Β
1957 1935 2324 2007 quandoque
2354 1953 2496 1995 vero
2524 1939 2587 1996 id
2616 1947 2849 2002 tantum
2895 1949 3157 2024 student,
3187 1960 3251 2011 ut
3297 1972 3446 2031 rem,
3478 1935 3615 2037 qua;

1958 2027 2127 2091 gesta
2153 2031 2263 2093 est,
2295 2035 2590 2086 enarrent.

2031 2112 2294 2168 Vers.”.
2349 2114 2622 2189 Βίεοίιλ-
2649 2122 2832 2180 cadit.
2888 2125 3110 2187 Domus
3170 2133 3458 2196 adversus
3514 2141 3617 2201 do-

1960 2215 2147 2272 mum,
2181 2203 2455 2263 videlicet
2483 2208 2696 2267 divisa.
2723 2212 3010 2275 Prasdicto
3040 2221 3326 2283 vicesimo
3352 2232 3615 2289 secundo

1957 2290 2148 2381 capite
2178 2291 2360 2351 etiam
2412 2296 2488 2353 de
2538 2299 2634 2357 his
2668 2314 3057 2380 consequenti
3100 2313 3301 2372 ordine
3348 2317 3491 2378 data
3532 2327 3618 2381 est

1955 2379 2376 2453 interpretatio.

2029 2469 2192 2525 Vers.
2232 2473 2312 2528 18.
2342 2473 2501 2541 Quod
2542 2478 2682 2534 si—
2723 2483 2847 2554 ejus
2875 2485 2905 2541 ’ἲ
2963 2487 3244 2549 Similiter
3276 2498 3331 2553 et
3356 2495 3432 2554 de
3474 2499 3610 2557 hoc.

2027 2557 2188 2615 Vers.
2212 2560 2281 2617 18
2307 2563 2460 2631 Quia
2504 2568 2558 2622 si
2586 2598 2654 2610 —
2700 2570 3010 2632 daemonia.
3067 2580 3400 2643 Manifesta!
3429 2588 3611 2648 etiam

1955 2646 2233 2739 eis,_quid
2278 2653 2444 2725 apud
2504 2671 2569 2712 se
2598 2656 2867 2719 dicentes
2923 2667 3396 2739 suspicabantur.

2027 2734 2187 2834 Yers.
2208 2739 2300 2796 19.
2323 2741 2394 2834 δέ
2414 2749 2614 2803 autem
2640 2758 2905 2807 —-eruut.
2946 2734 3114 2827 H—ln
3144 2761 3340 2834 capite
3368 2763 3614 2827 laudato

1952 2825 2233 2901 deinceps
2262 2830 2443 2887 etiam
2474 2833 2549 2891 de
2578 2836 2671 2893 his
2691 2825 3026 2913 expositum
3057 2852 3165 2904 est.

2025 2915 2322 3018 Vers.'20.
2380 2922 2450 2979 Si
2502 2932 2700 2983 autem
2758 2961 2829 2972 —
2883 2934 3012 2991 Dei.
3064 2939 3143 2994 De
3191 2939 3306 2998 hoc
3356 2960 3614 3021 quoque

1949 3007 2322 3076 apertissime
2365 3026 2438 3068 ac
2475 3013 2931 3085 diligentissime
2983 3025 3206 3084 ibidem
3245 3007 3536 3093 invenies:

2021 3095 2178 3150 Vers.
2236 3101 2326 3152 2t.
2385 3101 2535 3159 Cum
2598 3137 2659 3148 -
2714 3108 2887 3164 Vers.
2946 3116 3034 3169 22.
3094 3118 3425 3182 distribuit.
3482 3127 3610 3183 Pari

1947 3183 2127 3289 modio
2151 3191 2210 3241 et
2234 3187 2308 3243 de
2333 3188 2427 3244 bis
2455 3201 2639 3264 caput
2661 3195 2802 3251 illud
2832 3199 3074 3261 disserit
3104 3222 3117 3260 :
3142 3213 3198 3263 et
3221 3223 3295 3266 ex
3319 3211 3434 3277 his,
3473 3232 3611 3289 quas

1865 3298 1903 3352 ο
1944 3270 2028 3327 ibi
2066 3272 2224 3331 dicta
2271 3283 2430 3350 sunt,
2462 3282 2641 3339 etiam
2678 3285 2804 3342 haec
2836 3287 3068 3348 facilius
3121 3270 3615 3376 cognosci'pote:

1943 3366 2103 3418 runt.

1940 3452 2175 3595 h.Vers.
2203 3458 2291 3512 23.
2341 3458 2461 3526 Qui
2481 3475 2598 3517 non
2648 3464 3044 3541 -—dispergit.
3105 3476 3391 3537 Prmterea
3437 3488 3495 3540 et
3534 3484 3611 3543 de

1987 3555 2052 3595 IS.

1987 3555 2052 3596 IS.

2013 3630 2174 3687 Vers.
2216 3633 2304 3692 2i.
2367 3635 2504 3694 Cum
2545 3670 2614 3681 —
2665 3642 2826 3700 Vers.
2860 3646 2948 3702 25.
2980 3657 3274 3712 ornatam.
3317 3659 3452 3718 Haec
3477 3662 3613 3722 Mat-

1939 3718 2132 3776 thaeus
2152 3811 2164 3821 .
2182 3738 2426 3798 quoque
2450 3729 2682 3801 scripsit
2711 3733 2991 3796 vicesimo
3032 3742 3198 3801 tertio
3219 3748 3432 3821 capite,

1938 3825 2011 3866 eo
2038 3810 2339 3870 declarata
2386 3822 2545 3875 sunt.
3238 3860 3243 3865 ι

2009 3901 2171 3957 Vers.
2202 3907 2290 3960 29.
2309 3904 2489 3996 _Tunc
2516 3938 2586 3949 --
2607 3911 2837 3980 primis.
2878 3916 3158 3979 Similiter
3186 3928 3246 3983 et
3274 3926 3425 3996 haec,

1937 3988 2094 4046 CAP.
2122 3992 2229 4048 XL.
2299 3993 2383 4052 De
2409 3998 2676 4062 muliere.
2717 4017 2850 4074 quae
2897 4007 2970 4065 de
3007 4012 3187 4070 turba
3215 3988 3610 4080 vocem'eztu-

2736 4093 2827 4148 lit.

2009 4170 2166 4225 Vers.
2193 4174 2283 4226 27.
2326 4174 2566 4234 Factum
2607 4210 2676 4220 -—
2700 4188 2783 4236 est
2822 4172 3057 4244 auxisti.
3117 4192 3299 4262 Elata,
3348 4199 3468 4255 sive
3494 4202 3613 4264 ele.

1934 4262 2074 4313 vata
2089 4273 2253 4315 voce.
2283 4264 2431 4318 Cum
2469 4266 2629 4323 enim
2661 4269 3072 4333 vehementem
3103 4279 3163 4336 in
3190 4298 3325 4340 eam
3351 4262 3608 4360 impres-Q

1934 4345 2163 4402 sionem
2178 4363 2488 4406 sermones
2519 4353 2677 4411 illius
2694 4358 2990 4427 fecissent,
3025 4382 3250 4438 magna
3279 4345 3604 4437 etexaltata

1933 4448 2079 4490 voce
2104 4452 2240 4493 eam
2269 4437 2650 4511 beatificavit,
2670 4461 2804 4518 quae
2849 4447 3017 4508 illum
3043 4467 3375 4534 pepererat,
3402 4469 3605 4539 utpote

1931 4538 2070 4595 qua:
2096 4524 2228 4581 talis
2259 4527 2378 4582 Filii
2396 4528 2582 4587 Mater
2618 4533 2744 4590 ﬁeri
2768 4535 3010 4607 dignata
3044 4524 3279 4605 iuerat.

2005 4612 2178 4711 Vers..
2217 4619 2306 4672 28.
2353 4618 2433 4711 sit
2459 4619 2560 4676 ille
2608 4652 2680 4664 —
2728 4624 2921 4684 illum.
2951 4632 3102 4697 Quin
3150 4636 3292 4707 imo,
3347 4641 3463 4701 hoc
3489 4650 3601 4711 est,

1934 4716 2066 4758 vere
2121 4703 2256 4762 dico
2304 4706 2495 4764 vobis.
2558 4711 2765 4777 Quaere
2832 4725 3034 4777 autem
3083 4703 3368 4788 vicesimo
3435 4736 3602 4794 tertio

1937 4788 2092 4860 iuxta
2129 4795 2461 4853 Matthwum
2504 4800 2716 4872 capite.
2770 4805 2869 4861 ubi
2899 4808 3114 4869 dicitur
3156 4832 3168 4870 :
3215 4788 3603 4898 Ortincuaaue

1932 4880 2083 4938 enim
2106 4882 2317 4952 fecerit
2348 4886 2708 4949 voluntatem
2736 4894 2936 4953 Patris
2963 4905 3092 4971 mei,
3122 4880 3302 4976 quiin
3325 4914 3481 4970 cadis
3493 4880 3600 4981 est,

1929 4968 2052 5038 ipse
2111 4979 2163 5028 et
2219 4990 2382 5031 meus
2426 4978 2627 5047 frater
2682 4986 2736 5039 et
2791 5000 2959 5043 soror
3029 4968 3085 5048 et
3131 4968 3336 5056 -mater
3390 5010 3473 5059 est
3555 4968 3604 5042 εδ

1929 5074 1999 5115 ac
2037 5059 2166 5131 lege
2209 5068 2394 5121 totam
2421 5066 2561 5124 dicti
2612 5069 2767 5129 illius
2823 5084 3285 5144 enarrationem.
3320 5091 3601 5153 Custodia

1925 5163 2066 5206 vero
2090 5154 2384 5210 sermonis
2408 5155 2533 5226 Dei,
2556 5160 2686 5232 ejus
2713 5167 2805 5220 est
2829 5165 3204 5242 adimpletio.

1423 5441 1646 5514 Variae
1678 5446 2005 5519 lectiones
2074 5462 2143 5521 et
2181 5464 2384 5527 notae.

319 5588 405 5661 94)
428 5590 621 5659 mea...
649 5598 712 5651 Α.

318 5663 406 5754 εξξ
429 5666 492 5754 es
528 5664 784 5754 αδςειτε-

320 5734 409 5881 θϐς
447 5740 646 5813 Καιροῦ
669 5736 862 5822 τάξεως
895 5740 964 5797 Α.
1144 5813 1155 5826 ο
1695 5823 1707 5834 ι

317 5804 382 5877 97
428 5808 549 5865 Hoc
575 5808 872 5870 scholium
894 5828 1020 5872 non
1043 5813 1258 5889 legitur
1274 5816 1429 5894 apud
1457 5819 1844 5883 Hentemum.

1997 5614 2422 5708 Tex'tusautem
2443 5636 2660 5708 yet-sus
2694 5631 2754 5708 t_9
2775 5633 2832 5708 _et_
2858 5616 2949 5689 20.
2970 5634 3212 5708 junctus
3246 5648 3353 5703 est.
3395 5647 3589 5708 Saltus

1926 5700 2070 5757 ergo
2092 5688 2281 5747 factus
2303 5691 2384 5748 ab
2413 5691 2459 5745 εἰ
2492 5690 2554 5749 δέ
2576 5697 2656 5755 ad
2686 5699 2731 5753 εί
2761 5697 2852 5760 δέ.
2938 5688 3070 5751 ί’”ῖ

1997 5760 2114 5834 (98)
2154 5762 2356 5820 Τούτου
2382 5764 2451 5821 A'
