4210 6436
683 355 790 418 975

754 483 917 540 CAP.
955 481 1083 538 XLI.
1112 483 1200 538 De
1225 480 1307 536 his
1337 483 1443 554 qui
1466 483 1704 553 signum
1731 481 2034 552 petebant.

753 571 918 628 Vers.
942 571 1012 626 29
1038 608 1054 625 .
1084 570 1300 627 Turbis
1328 576 1522 628 autem
1542 602 1606 612 —
1628 571 1866 643 quaerit.
1887 573 2051 627 Nunc
2073 570 2253 626 etiam
2279 568 2353 624 de

681 660 914 734 reliqua
979 675 1188 717 eorum
1272 660 1625 730 cogitatione
1697 659 2040 732 respondet.
2107 660 2351 715 Pravam

683 754 885 807 autem
933 750 1267 806 nominavit
1310 751 1753 820 generationem
1796 749 2230 806 Pharisaeorum
2285 763 2354 802 ac

684 839 1166 904 Sadducaaorum,
1196 845 1488 912 tanquam
1530 845 1849 895 tentantem
1877 841 2098 911 ipsum.
2137 837 2216 893 De
2240 837 2356 918 hac

682 933 882 985 autem
909 928 1134 984 dictum
1173 932 1260 984 est
1298 927 1587 985 vicesimo
1619 927 1788 985 tertio
1823 929 2017 1000 capite
2049 925 2355 998 Evangelil

685 1016 1018 1074 secundum
1041 1017 1400 1074 Matthmum.

756 1108 920 1163 Vers.
951 1109 1044 1162 29.
1081 1106 1158 1162 Et
1191 1136 1260 1147 —
1284 1106 1612 1177 propheta.
1648 1106 1735 1162 Ibi
1759 1105 1941 1163 etiam
1980 1105 2109 1162 haec
2160 1104 2354 1160 mani-

682 1195 830 1253 feste
856 1195 1158 1252 declarata
1187 1200 1346 1251 sunt.

755 1284 922 1343 Vere.
953 1288 1040 1340 30.
1071 1283 1226 1340 Sicut
1280 1314 1349 1326 —
1386 1285 1506 1341 isti.
1541 1283 2067 1350 Quemadmodum
2120 1283 2214 1339 ille
2246 1283 2353 1338 fuit

683 1375 922 1446 signum
963 1373 1122 1447 apud
1190 1373 1500 1444 Ninivitas,
1557 1375 1671 1430 hoc
1737 1380 1845 1443 est,
1899 1390 1992 1429 res
2042 1389 2348 1446 nunquam

682 1463 925 1529 audita;
951 1462 1118 1536 quod
1157 1463 1688 1535 supernaturaliter
1727 1480 1757 1518 e
1789 1471 1989 1519 ventre
2037 1464 2147 1518 ceti
2181 1462 2351 1517 tertio

683 1553 782 1609 die
806 1551 1156 1609 liberaretur
1206 1567 1220 1606 :
1269 1551 1350 1608 ita
1382 1553 1477 1608 hic
1522 1554 1888 1623 eritsignum
1928 1552 2347 1624 apudgenera,

682 1642 907 1700 tionem
941 1641 1272 1698 inﬁdelium
1320 1641 1687 1705 Judaaorum.
1740 1644 1863 1698 sive
1909 1658 2003 1698 res
2059 1641 2349 1697 inaudita-

683 1731 845 1805 quod
893 1730 1422 1804 supernaturaliter
1479 1748 1510 1787 e
1576 1736 1776 1787 ventre
1825 1738 1992 1786 terrm
2036 1731 2205 1786 tertio
2257 1731 2349 1785 die

2006 354 2352 412 EUTHYMII
2407 351 2731 412 ZIGABENI

3967 359 4072 416 976

2678 489 2822 537 ΚΕΦ.
2856 484 2986 537 ΜΑ’.
3019 489 3143 557 Περὶ
3174 493 3272 536 τῶν
3318 485 3596 537 αἰτούντων
3643 495 3880 558 σημεῖον.

2534 577 2644 624 Τῶν
2673 568 2732 624 δε
2789 573 2961 644 ὄχλων
2996 606 3056 613 -
3105 572 3359 634 ἐπιζητεῖ.
3415 581 3521 627 Νῦν
3589 573 3928 646 ἀπολογεῖται
3986 586 4069 627 και

2463 665 2580 731 περὶ
2644 671 2732 713 τοῦ
2792 662 2964 737 ἑτέρου
3015 664 3178 714 αὐτῶν
3237 661 3599 734 διανοήματος,
3633 667 3702 725 ὡς
3733 670 4065 739 προείρηται.

2466 754 2700 823 Πονηράν
2734 747 2792 803 δὲ
2840 753 3075 824 ὠνόμασε
3128 757 3220 810 τὴν
3276 756 3450 823 γενεάν
3500 762 3597 804 τῶν
3651 760 3958 828 Φαρισαίων
3987 765 4066 806 και

2466 835 2858 905 Σαδδουκαίων,
2923 845 2992 903 ως
3071 842 3446 914 πειράζουσαν.
3527 846 3743 916 Εἴρηται
3826 839 3888 895 δὲ
3957 849 4064 916 περὶ

2463 932 2654 988 ταύτης
2683 934 2771 980 καὶ
2803 928 2849 981 ἐν
2894 939 2965 1000 τῷ
3001 931 3218 999 εἰκοστῷ
3265 936 3420 1005 τρίτῳ
3473 932 3731 1003 κεφαλαίῳ
3779 940 3871 984 τοῦ
3935 938 4062 984 κατὰ

2462 1020 2727 1070 Ματθαὼν
2741 1064 2752 1074 .

2535 1113 2634 1160 Καὶ
2666 1139 2733 1148 -
2763 1114 3051 1181 προφήτου.
3075 1109 3156 1163 Ἐν
3189 1108 3360 1181 ἐκείνῳ
3390 1115 3479 1162 καὶ
3505 1118 3671 1162 ταῦτα
3693 1119 3867 1181 σαφῶς
3897 1113 4055 1183 ἡρμη-

2460 1199 2611 1254 νεῦθη
2623 1216 2736 1250 σαν.

2534 1288 2811 1347 Καθὼς-
2870 1292 3055 1357 ταύτῃ.
3125 1290 3305 1350 Καθὼς
3364 1288 3545 1349 ἐκεῖνος
3593 1288 3786 1359 ἐγένετο
3848 1299 4050 1362 σημεῖω

2459 1379 2601 1447 παρά
2630 1383 2735 1437 τοῖς
2769 1380 3077 1443 Νινευίταις,
3133 1382 3393 1442 τουτέστι,
3452 1375 3747 1453 παράδοξον
3788 1381 4049 1451 ἄκουσμα,

2462 1467 2535 1516 ὅτι
2589 1467 2857 1541 ὑπερφυῶς
2906 1466 2959 1518 ἐκ
3032 1475 3124 1528 τῆς
3179 1467 3374 1528 κοιλίας
3429 1475 3518 1520 τοῦ
3576 1474 3758 1528 κήτους
3833 1467 4048 1542 ἐρῥῦσθη

2462 1562 2728 1627 τριήμερος
2764 1573 2776 1585 ·
2812 1556 2945 1608 οὕτω
2983 1561 3072 1608 καὶ
3129 1557 3276 1618 οὗτος
3331 1563 3599 1628 γενήσεται
3658 1565 3875 1628 σημεῖον
3926 1562 4051 1630 παρὰ

2459 1652 2520 1715 τῇ
2555 1651 2701 1715 γενεᾲ
2754 1655 2851 1696 τῶν
2902 1643 3134 1698 ἀπίστων
3209 1643 3502 1711 Ἰουδαίων,
3568 1651 3704 1709 ἤτοι,
3761 1644 4047 1721 παράδοξον

2460 1735 2722 1805 ἄκουσμα,
2778 1737 2858 1786 ὃτι
2914 1736 3182 1807 ὑπερφυῶς
3244 1735 3297 1786 ἐκ
3346 1745 3435 1795 τῆς
3483 1744 3582 1806 γῆς
3656 1735 3844 1794 ἀνίστη
3909 1743 4042 1810 τρωξ-

682 1821 1018 1877 surrexerit.
1053 1821 1167 1877 Sed
1217 1821 1479 1877 Ninivitas
1515 1837 1659 1877 sane
1698 1821 2078 1876 crediderunt
2130 1820 2345 1875 audita:

2459 1841 2631 1896 μερος.
2666 1823 2820 1875 ’Λλλά
2868 1831 3133 1876 Νινευῖται
3171 1828 3259 1895 μὲν
3293 1830 3380 1876 καὶ
3411 1825 3716 1877 ἐπίστευσαν
3746 1834 3816 1895 τῷ
3845 1830 4035 1893 τοιούτῳ

682 1909 958 1978 novitati,
980 1925 1050 1966 ac
1073 1909 1431 1966 obedierunt
1456 1910 1570 1977 his,
1594 1926 1727 1982 quas
1760 1912 1936 1966 Jonas
1962 1909 2308 1981 praedicavit
2332 1926 2344 1964 :

682 1998 744 2055 hi
801 2015 943 2056 vero
999 2014 1108 2054 nec
1166 2000 1545 2055 crediderunt
1615 2016 1727 2054 nec
1779 1999 2157 2063 obedierunt,
2210 1999 2346 2052 ideo

682 2104 923 2162 quoque
954 2087 1037 2144 illi
1087 2089 1581 2145 condemnabunt
1609 2089 1772 2158 istos,
1807 2087 1979 2143 sicuti
1999 2088 2180 2160 paulo
2214 2092 2347 2158 poet

683 2177 1184 2235 manifestabitur.

757 2270 920 2324 Vers.
943 2269 1034 2323 31.
1063 2269 1282 2339 Regina
1305 2299 1374 2309 —
1399 2268 1507 2325 hoc
1535 2269 1760 2324 inloco.
1797 2267 1940 2325 Haec
1965 2273 2020 2322 et
2042 2266 2345 2322 Matthmus

682 2357 956 2432 predicto
975 2357 1104 2414 loco
1134 2358 1448 2430 proposuit
1473 2377 1487 2418 ;
1526 2364 1582 2414 et
1611 2357 1688 2413 ibi
1719 2373 1915 2430 quaere
1936 2357 2154 2412 horum
2179 2371 2346 2411 enar-

683 2448 999 2505 rationem.

755 2537 916 2593 Vers.
945 2540 1034 2593 32.
1081 2536 1206 2592 Viri
1238 2566 1290 2576 —
1322 2535 1427 2592 hoc
1455 2537 1518 2592 in
1543 2537 1688 2592 loco-
1721 2538 1781 2590 In
1803 2535 1902 2591 illo
1931 2535 2124 2606 capite
2163 2534 2342 2590 etiam

680 2625 806 2682 haec
856 2625 1089 2698 scripsit
1133 2625 1463 2689 Mattheus,
1504 2631 1831 2697 antequam
1879 2624 1954 2680 de
1996 2625 2203 2693 regina
2234 2627 2344 2677 Au-

682 2715 786 2771 stri
819 2731 835 2781 ;
868 2714 999 2784 lege
1019 2713 1256 2783 ergoibi
1280 2713 1498 2769 horum
1514 2730 1757 2786 quoque
1794 2712 2340 2784 interpretationem

682 2803 1110 2860 rationabiliter
1136 2807 1492 2858 enarratam.

757 2892 919 2948 Vers.
949 2895 1038 2947 33.
1091 2891 1274 2947 Nemo
1332 2922 1397 2932 —
1450 2892 1706 2947 videant.
1740 2891 1973 2947 Dictum
2029 2890 2210 2946 estde
2246 2890 2340 2946 his

681 2981 894 3054 quinto
910 2997 972 3036 cn
985 2981 1105 3052 pite
1125 2980 1608 3051 Evangeliijuxta
1622 2980 2338 3046 Matthmum,ubidicitur,

680 3071 815 3127 Non
839 3076 1027 3141 potest
1053 3070 1262 3127 civitas
1288 3071 1573 3127 abscondi
1591 3087 1768 3142 supra
1789 3077 2033 3126 montem
2061 3071 2252 3139 posita
2270 3072 2338 3123 ει.

2459 1911 2771 1983 ἀκοῦσματι,
2797 1918 2885 1964 καὶ
2935 1912 3272 1979 ἐπείσθησαν,
3298 1915 3368 1973 οἷς
3418 1913 3692 1988 ἐκήρυττεν
3728 1916 3923 1976 Ἰωνᾶς·
3974 1915 4042 1966 οὗο

2456 2021 2536 2052 τοι
2578 1999 2635 2053 δε
2655 2007 2744 2054 καὶ
2771 2002 3076 2059 ἠπίστησαν
3107 2008 3195 2054 καὶ
3243 2003 3556 2061 ἠπείθησαν.
3597 2009 3684 2056 Διὸ
3738 2009 3828 2057 καὶ
3877 2008 4044 2056 ί-κεῖνοι

2456 2099 2829 2163 κατακρινοῦσι
2881 2095 3113 2154 τούτους,
3168 2094 3235 2154 ὡς
3296 2096 3426 2163 μετὰ
3478 2097 3662 2168 μικρὸν
3743 2090 4042 2151 δηλωθήσεο

2455 2199 2562 2232 ται.

2530 2268 2827 2323 Βασίλισσα
2871 2301 2935 2310 -
2976 2267 3097 2323 ὧδε.
3161 2277 3335 2322 Ταῦτα
3373 2276 3461 2323 καὶ
3502 2273 3825 2334 ὁΜατθαῖος
3884 2272 3927 2324 ἐν
3976 2281 4038 2341 τῷ

2457 2355 2740 2414 δηλωθέντι
2771 2358 3028 2430 κεφαλαίῳ
3056 2357 3271 2423 ἐξέθετο,
3304 2365 3391 2411 καὶ
3426 2361 3656 2420 ζήτησον
3692 2361 3792 2414 ἐκεῖ
3820 2368 3906 2419 τὴν
3929 2366 4038 2412 τον-

2454 2467 2552 2498 των
2581 2446 2847 2518 ἐξήγησιν.

2525 2533 2740 2609 Ἀνδρες
2779 2567 2845 2576 —-
2868 2533 2991 2588 ὦδε.
3045 2538 3127 2588 Ἐν
3160 2536 3331 2609 ἐκείνῳ
3359 2548 3428 2608 τῷ
3476 2539 3713 2609 κεφαλαίω
3754 2542 4031 2587 καὶταῦτα

2453 2628 2716 2686 Ματθαίος
2748 2624 3023 2699 ἀνέγραψε,
3054 2632 3151 2701 πρὸ
3184 2636 3282 2678 τῶν
3314 2633 3430 2700 περὶ
3477 2636 3561 2688 τῆς
3588 2624 3894 2698 βασιλίσσης
3933 2634 4028 2677 τοῦ

2450 2733 2621 2777 νοτου,
2656 2721 2743 2766 καὶ
2775 2714 3032 2786 ἀνάγνωθι
3075 2721 3165 2768 καὶ
3222 2723 3314 2773 την
3381 2721 3572 2769 τούτων
3621 2717 3871 2790 ἑρμηνείαν
3913 2714 4034 2780 ἐκεῖ,

2451 2807 2585 2856 κατὰ
2614 2804 2762 2874 λόγον
2805 2803 3162 2875 ἐξηγηθεῖσαν.

2521 2891 2709 2953 Οὐδεὶς
2768 2925 2828 2934 --
2901 2892 3182 2965 βλέπωσιν.
3247 2899 3462 2968 Εἴρηται
3520 2902 3640 2968 περὶ
3690 2891 4039 2963 τούτωνέντῷ

2451 2991 2665 3053 πέμπτῳ
2697 2982 2955 3054 κεφαλαίῳ
2983 2992 3073 3034 τοῦ
3113 2987 3248 3034 κατά
3279 2986 3568 3047 Metennio»,
3598 2987 3716 3036 ἒνθα
3759 2992 3922 3036 κεῖται
3949 2989 4001 3034 τό
4025 3002 4035 3012 ·

2451 3073 2526 3122 Οὐ
2557 3068 2777 3123 δύναται
2805 3072 2950 3133 πόλις
2999 3071 3254 3144 κρυϐῆναι
3286 3072 3452 3124 ἐπάνω
3481 3078 3632 3146 ὅρους
3659 3079 3883 3145 κειμένη.
3916 3075 4037 3124 Ἀπὸ

683 3159 853 3215 Exiis
876 3160 1058 3228 enim,
1107 3176 1245 3232 quas
1279 3159 1360 3216 ibi
1409 3160 1569 3216 dicta
1619 3166 1775 3224 sunt,
1810 3160 1990 3216 etiam
2033 3160 2161 3215 haec
2221 3160 2339 3231 ple-

2455 3169 2572 3231 γοῦν
2627 3170 2727 3212 τῶν
2793 3163 3046 3234 ρηὺἐντων
3094 3160 3195 3213 ἐκεῖ
3242 3168 3330 3214 καὶ
3393 3171 3559 3213 ταῦτα
3615 3166 3911 3235 σαφέστατά
3967 3181 4039 3213 σοι

681 3249 919 3305 nissime
968 3249 1073 3304 tibi
1110 3254 1255 3306 nota
1284 3249 1446 3305 ﬁent.
1489 3249 1913 3306 Absconditum
1951 3255 2152 3305 autem
2178 3250 2336 3313 dicit,

681 3338 974 3395 occultum
1003 3338 1398 3395 domicilium.

755 3427 918 3484 Vers.
947 3431 1035 3484 34.
1055 3429 1401 3486 Lucerna—
1415 3429 1803 3486 tenebrosum.
1822 3431 1983 3485 Hanc
2003 3428 2183 3484 etiam
2203 3444 2336 3484 con-

681 3517 1101 3575 siderationem
1131 3520 1361 3592 scripsit
1414 3520 1715 3575 Mattheus
1765 3519 1971 3590 quinto
2023 3519 2236 3590 capite,
2287 3523 2342 3572 et

681 3607 763 3663 ibi
788 3624 986 3680 quaere
1015 3608 1560 3680 interpretationem
1579 3608 1890 3678 diligenter
1909 3608 2264 3680 expositam.

754 3783 915 3840 Vers.
943 3784 1032 3840 35.
1075 3784 1219 3842 Vide
1252 3815 1320 3825 —
1344 3786 1483 3841 sint.
1535 3786 1826 3850 Observa,
1883 3801 1955 3841 ne
1985 3801 2177 3854 mens,
2216 3785 2343 3841 ani-

681 3889 798 3930 mm
844 3878 958 3929 tua:
1017 3873 1281 3930 fenestra
1370 3875 1474 3946 (ὁ),
1533 3873 1952 3930 aﬂectionibus
1991 3874 2342 3930 obtenebre-

681 3966 794 4018 tur.

753 4054 917 4110 Vere.
986 4053 1076 4108 36.
1123 4051 1189 4108 Si
1245 4059 1316 4109 te.
1350 4052 1438 4109 Ab
1491 4053 1765 4126 exemplo
1809 4054 1956 4125 ejus,
1990 4053 2156 4126 quod
2187 4055 2341 4110 circa

647 4156 899 4222 ~corpus
925 4141 1158 4208 accidit,
1201 4140 1352 4212 facit,
1397 4147 1458 4198 ut
1533 4144 1608 4197 de
1660 4144 1865 4199 anima
1912 4143 2336 4214 intelligamus.

679 4231 852 4302 cujus
881 4230 964 4288 illi
992 4231 1184 4304 major
1229 4247 1373 4288 cura
1420 4237 1528 4288 est.
1566 4233 1726 4289 Sicut
1764 4234 1920 4288 enim
1956 4233 2016 4288 in
2071 4248 2336 4306 corpore,

678 4326 760 4384 ita
808 4320 948 4376 etin
988 4321 1234 4387 anima;
1279 4321 1326 4377 si
1365 4321 1492 4377 hac
1549 4327 1671 4377 tota
1716 4321 1916 4377 lucida
1965 4323 2156 4386 fuerit,
2221 4338 2341 4378 non

677 4409 904 4467 habens
950 4409 1283 4484 quidquam
1340 4410 1649 4467 affectione
1706 4412 2096 4476 tenebrosum,
2150 4428 2342 4484 neque

676 4499 984 4564 rationale,
1026 4515 1222 4572 neque
1269 4500 1580 4564 irascibile,
1615 4516 1810 4572 neque
1857 4501 2339 4572 concupiscibile,

677 4589 784 4644 erit
813 4588 1008 4644 lucida
1038 4593 1178 4654 tota,
1222 4588 1373 4645 sicut
1410 4589 1659 4661 quando
1690 4589 1936 4646 lucerna
1979 4589 2206 4660 fulgore
2231 4607 2342 4646 suo

675 4676 971 4734 illuminat
1011 4684 1084 4741 te,
1134 4677 1248 4734 hoc
1278 4684 1384 4743 est,
1441 4678 1932 4750 splendidissima
1981 4695 2051 4735 ac
2105 4679 2342 4735 lucidis-

679 4781 856 4823 sima.

750 4855 907 4910 CAP.
929 4856 1076 4912 XLII.
1097 4857 1181 4913 De
1192 4857 1486 4926 pharisaeo
1505 4858 1604 4929 qui
1642 4859 1947 4915 Dominum
1974 4859 2264 4916 invitavit.

750 5034 918 5106 Vers,
959 5038 1047 5090 37.
1078 5037 1156 5092 Et
1192 5067 1245 5078 —
1294 5051 1371 5093 se.
1414 5039 1557 5094 Cum
1590 5037 1826 5095 locutus
1853 5046 2024 5106 esset,
2053 5056 2185 5113 qum
2205 5041 2338 5113 jam

677 5126 831 5184 dicta
891 5129 1048 5182 sunt.
1113 5131 1320 5200 Ηρώτα,
1358 5126 1472 5184 hoc
1529 5134 1633 5195 est,
1675 5128 2130 5201 deprecabatur,
2179 5131 2332 5188 sicut

747 5307 793 5344 ⁸1
816 5306 1019 5365 Matth.
1051 5323 1112 5378 v,
1146 5308 1240 5364 14.

2448 3255 2777 3321 γενήσονται.
2832 3255 3076 3324 Κρυπτὴν
3137 3248 3195 3303 δε
3239 3259 3324 3302 νῦν
3366 3251 3522 3323 λέγει,
3589 3258 3682 3310 τὴν
3747 3251 4032 3326 ἀποκρυφον

2451 3340 2638 3392 οἰκίαν.

2519 3428 2576 3479 Ὀ
2633 3428 2824 3499 λύχνος
2880 3459 2947 3469 -
3014 3434 3297 3484 σκοτεινόν.
3365 3436 3531 3482 Τοῦτο
3575 3434 3631 3481 τὸ
3680 3435 3856 3502 νόημα
3901 3431 4030 3481 καὶὸ

2451 3519 2720 3578 Ματθαὼς
2815 3518 3089 3591 ἱστόρησεν
3174 3518 3222 3570 ἐν
3310 3528 3380 3589 τῷ
3472 3524 3687 3591 πέμπτῳ
3770 3519 4030 3592 κεφαλαίῳ,

2450 3611 2538 3657 καὶ
2589 3610 2816 3668 ζήτησον
2848 3605 2894 3657 ἐν
2923 3606 3094 3677 ἐκείνῳ
3145 3612 3236 3664 την
3268 3606 3521 3674 ἐπίλυσιν,
3579 3606 3806 3679 ἀκριϐῶς
3844 3609 4037 3661 ἐκτεθει-

2450 3702 2624 3768 μένην.

2523 3791 2705 3839 Σκόπει
2739 3818 2799 3826 -
2857 3785 2987 3840 ἐστί.
3019 3792 3222 3851 Σκόπει,
3255 3793 3326 3859 μὴ
3362 3790 3386 3839 ὁ
3417 3795 3535 3848 νοῦς
3565 3790 3588 3839 ό
3619 3793 3937 3861 φωταγωγὸς
3961 3796 4042 3849 τῆς

2449 3875 2635 3948 ψυχῆς
2665 3895 2758 3928 σου
2794 3879 3044 3949 σκοτισθῇ
3073 3878 3184 3948 (99)
3216 3879 3315 3929 ὑπὸ
3355 3887 3454 3929 τῶν
3492 3879 3690 3930 παθῶν.

2527 4055 2585 4109 Εἰ
2614 4087 2680 4095 -
2715 4075 2789 4108 σε.
2848 4055 2975 4108 Ἀπὸ
3003 4064 3092 4108 τοῦ
3124 4059 3258 4108 κατά
3297 4061 3352 4108 τὸ
3417 4066 3569 4128 σῶμα
3625 4054 4049 4130 παραδείγματος

2453 4150 2568 4218 περὶ
2600 4155 2694 4206 τῆς
2725 4146 2910 4216 ψυχῆς
2933 4142 3130 4197 δίδωσι
3160 4154 3304 4208 νοεῖν,
3345 4147 3406 4206 ἧς
3435 4146 3623 4217 μᾶλλον
3659 4147 3799 4216 αὐτῷ
3830 4154 4049 4219 φροντίς.

2451 4233 2650 4306 ”Ωσπερ
2678 4240 2779 4308 γὰρ
2813 4235 2894 4285 ἐπὶ
2925 4243 3014 4286 τοῦ
3057 4243 3315 4306 σώματος,
3350 4237 3485 4286 οὕτω
3512 4241 3598 4288 καὶ
3616 4235 3696 4288 ἐπὶ
3723 4243 3817 4297 τῆς
3843 4237 4052 4307 ψυχῆς,

2454 4322 2536 4374 ἐὰν
2565 4326 2692 4381 αὕτη
2728 4324 2816 4380 ὀλη
2854 4329 3066 4394 φωτεινὴ
3105 4328 3206 4392 εἰη,
3233 4330 3304 4395 μὴ
3330 4328 3532 4396 ἔχουσα
3548 4321 3710 4396 μηδὲν
3735 4330 3886 4396 μέρος
3910 4325 4059 4378 ἐσκο-

2453 4417 2690 4483 τισμένον
2725 4415 2898 4474 πάθει,
2946 4419 3073 4484 μήτε
3119 4418 3175 4464 τὸ
3205 4413 3526 4484 λογιστικὸν,
3558 4420 3688 4485 μήτε
3717 4418 3774 4466 τὸ
3809 4416 4053 4486 Θυμικὸν,

2453 4508 2583 4571 μήτε
2628 4506 2683 4553 τὸ
2716 4501 3109 4574 ἐπιθυμητικὸν,
3165 4506 3313 4554 ἔσται
3372 4510 3585 4576 φωτεινὴ
3629 4505 3720 4561 ὅλη
3782 4507 3968 4569 οὕτως,
3999 4510 4057 4565 ως

2452 4594 2571 4643 ὅταν
2602 4593 2626 4642 ο
2657 4591 2850 4662 λύχνος
2877 4600 2935 4664 τῇ
2972 4591 3212 4666 ἀστραπῇ
3245 4593 3404 4644 αὐτοῦ
3445 4595 3642 4667 φωτίζῃ
3680 4613 3757 4658 σε,
3793 4601 4052 4659 τουτέστι,

2451 4679 2786 4755 λαμπροτάτη
2829 4686 2916 4733 καὶ
2949 4678 3302 4756 φαιδροτάτη.

2559 4866 2702 4915 ΚΕΦ.
2737 4859 2857 4916 MB'.
2903 4867 3025 4934 Περὶ
3057 4869 3147 4913 τοῦ
3176 4866 3466 4936 Φαρισαίου
3508 4867 3600 4915 τοῦ
3631 4863 3956 4928 καλέσαντος

3099 4955 3186 5004 τὸν
3217 4953 3444 5010 Ἰησοῦν.

2519 5041 2600 5094 Ἐν
2649 5071 2718 5082 -
2777 5039 2936 5112 αὐτῷ.
2993 5041 3079 5094 Ἐν
3116 5049 3188 5094 τῶ
3244 5041 3489 5107 λαλῆσαι,
3540 5044 3607 5096 τὰ
3644 5039 3752 5102 ἤδη
3796 5044 4046 5120 ῥηθέντα.

2449 5131 2655 5205 Ἠρώτα
2719 5127 2799 5200 δε,
2863 5129 2978 5185 ἀντὶ
3041 5139 3154 5200 τοῦ,
3223 5131 3503 5208 παρεκάλει
3563 5134 3739 5196 καθὼς
3805 5134 4052 5195 πολλακίς

1885 5405 2105 5477 Varia:
2158 5407 2488 5478 lectiones
2537 5417 2602 5478 et
2641 5418 2846 5478 notae.

746 5537 862 5612 (99)
892 5537 1235 5612 Ἐσκοτίσθη,
1257 5539 1323 5608 Β,

747 5663 825 5740 ta)
854 5663 1068 5740 Greata
1093 5671 1200 5722 est.
1219 5665 1381 5740 Legit
1400 5681 1540 5738 ergo
1579 5666 2083 5740 etiammpuxivac.

737 5735 817 5811 (ὁ)
850 5736 1078 5796 Anima
1116 5735 1644 5813 tutefenestra'Quaa
1679 5735 1924 5798 animum
1969 5744 2085 5796 tum
2124 5739 2470 5800 collustrat.
