4210 6468
207 385 314 440 977
1211 379 1575 438 COMMENT.
1624 379 1688 434 IN
1727 374 1994 432 LUCAM.
2035 410 2104 419 —
2142 379 2301 436 CAP.
2341 383 2440 438 XI.
3477 386 3580 446 973

209 512 547 585 ἡρμήνευται.
593 515 757 562 Τοῦτο
813 504 873 560 δὲ
897 506 1077 572 ἐποίει,
1116 503 1362 560 δεικνύων
1417 508 1596 561 ἑαυτὸν
1629 506 1810 561 ἁνώτε-
1840 502 1871 556 Α

1921 501 2263 576 frequenter
2282 507 2568 574 diximus,
2590 512 2692 566 aut
2708 506 3019 564 invitabat.
3041 509 3160 564 Hoc
3185 513 3385 566 autem
3406 510 3580 569 facie-

207 620 294 674 ρον
336 609 434 651 τῶν
483 599 644 651 ἄλλων
697 602 1016 672 Φαρισαίων,
1072 601 1159 648 καὶ
1209 605 1304 659 τῆς
1354 598 1555 650 ἐκείνων
1607 597 1812 670 βασκα-

1920 593 2036 650 bat.
2069 597 2410 662 ostendens,
2436 613 2498 653 se
2523 597 3005 670 praestantiorem
3033 611 3165 652 esse
3188 599 3417 655 caeteris
3437 600 3581 658 Pha-

209 694 317 748 νίας
367 689 644 761 ἐλεύθερον.
694 688 752 740 Ὀ
797 683 855 740 δε
909 690 1140 761 Χριστὸς
1198 689 1449 752 πείθεται,
1499 687 1810 760 βουλόμενος

1921 683 2132 749 ι’ἱετθὶε,
2165 685 2320 742 etab
2341 685 2575 742 illorum
2612 687 2838 742 invidia
2859 686 3134 743 liberum.
3156 685 3422 744 Christus
3438 705 3579 747 vero

214 777 634 851 ἀποχρήσασθαι
720 785 782 850 τῇ
864 780 1094 849 τραπέζῃ
1175 779 1304 852 πρὸς
1368 779 1638 830 νουθεσίαν
1721 783 1810 829 τοῦ

1921 779 2106 846 paret,
2139 777 2385 847 cupiens
2409 792 2621 832 mensa
2650 777 2731 831 uti
2764 777 2841 832 ad
2871 776 3272 832 convivatoris
3303 778 3581 836 admoni-

213 868 534 941 ἑστιάτορος.

503 888 534 928 ;.
1921 862 2165 918 tionem.

290 958 541 1008 Εἰσελθὼν
610 987 678 996 —-
758 955 998 1030 ἀρίστου.
1049 955 1137 1016 Ὠς
1215 963 1276 1013 ῆν
1343 957 1476 1026 ἔθος,
1541 955 1598 1007 οὐ
1660 960 1811 1027 μόνον

1994 953 2155 1008 Vers.
2177 957 2264 1010 37.
2287 954 2598 1026 Ingressus
2616 988 2683 997 —
2704 955 2868 1012 Vers.
2894 959 2980 1012 38.
2994 956 3341 1025 prandium.
3367 958 3581 1024 Quem-

214 1051 539 1120 Φαρισαίοις,
603 1045 730 1098 ἀλλὰ
781 1050 869 1097 καὶ
926 1051 1088 1097 πᾶσιν
1136 1041 1436 1108 Ἰουδαίοις.
1479 1050 1612 1103 Φησὶ
1653 1049 1754 1118 γὰρ
1788 1048 1812 1097 ό

1923 1044 2253 1100 admodum
2295 1048 2476 1103 moris
2507 1051 2652 1113 erat,
2683 1062 2802 1103 non
2841 1052 3074 1103 tantum
3104 1047 3440 1111 Pharisaais,
3471 1049 3579 1106 sed

212 1139 424 1208 Μάρκος
471 1135 516 1187 ἐν
554 1144 625 1206 τῷ
677 1131 1105 1206 ὀκτωκαιδεκάτῳ
1147 1135 1426 1207 κεφαλαίῳ·
1470 1137 1547 1187 ὅτι
1577 1137 1624 1187 οἱ
1660 1143 1813 1208 Φκρια

1923 1134 2220 1190 etJudeeis
2247 1137 2550 1192 omnibus.
2578 1137 2672 1193 Ait
2694 1137 2854 1192 enim
2886 1136 3119 1193 Marcus
3150 1136 3209 1191 in
3231 1137 3346 1194 ﬁne
3361 1137 3579 1196 decimi

217 1233 358 1278 σαῐοι
389 1230 478 1276 καὶ
516 1227 697 1285 πάντες
749 1225 798 1276 οἰ
829 1221 1098 1288 Ἰουδαῖοι,
1150 1222 1233 1276 ἔάν
1276 1230 1347 1296 μὴ
1398 1233 1580 1298 πυγμῇ
1621 1225 1815 1297 νὶψων-

1926 1225 2162 1294 septimi
2216 1226 2446 1298 capitis,
2497 1227 2661 1299 quod
2697 1226 2997 1294 Pharisaei,
3031 1231 3086 1282 et
3127 1242 3339 1283 omnes
3385 1229 3577 1285 Judaei

213 1335 299 1368 ται
356 1318 446 1376 τὰς
502 1322 707 1388 χεῖρας,
750 1313 844 1366 οὐκ
883 1312 1137 1379 ἐσθίοντι,
1175 1321 1477 1387 κρατοῦντες
1523 1320 1611 1372 τὴν
1642 1318 1813 1388 παρά-

1923 1312 2039 1368 nisi
2056 1313 2264 1369 crebro
2291 1314 2561 1382 laverint,
2591 1331 2714 1371 non
2735 1315 2972 1387 capiunt
2999 1315 3225 1385 cibum,
3247 1316 3575 1376 observan-

215 1403 366 1458 δοσιν
397 1414 493 1457 τῶν
525 1404 907 1480 πρεσϐυτέρων·
943 1409 1032 1456 καὶ
1080 1403 1181 1456 ἀπὸ
1238 1406 1447 1479 ἀγορᾶς,
1500 1403 1584 1457 ἐὰν
1628 1411 1698 1477 μὴ
1734 1405 1812 1478 (1)

1925 1409 2008 1456 tes
2065 1403 2367 1459 mordicus
2423 1404 2804 1461 traditionem
2858 1405 3216 1462 seniorum:
3250 1411 3308 1464 et
3356 1423 3393 1464 a
3444 1407 3575 1466 foro

216 1493 597 1566 βαπτίσωνται,
648 1494 743 1546 οὐκ
777 1493 1035 1547 ἐσθίουσι.
1090 1490 1343 1566 Οὐδαμοῡ
1375 1498 1464 1567 μὲν
1501 1496 1602 1568 γὰρ
1634 1495 1810 1557 αὐτοῖς

1921 1499 2303 1558 revertentes,
2357 1493 2473 1549 nisi
2517 1494 2792 1563 laverint,
2827 1510 2952 1552 non
3003 1495 3330 1552 comedunt
3383 1497 3450 1554 ⁸³.
3483 1499 3577 1554 Et-

211 1587 235 1635 ό
280 1589 410 1646 Θεὸς
456 1582 733 1636 ἐνετείλατο
783 1587 838 1635 τὸ
901 1591 1133 1635 τοιοῦτον
1192 1582 1490 1656 βάπτισμα.
1555 1581 1811 1656 Παρέδω-

1920 1582 2078 1637 enim
2105 1583 2257 1638 Deus
2280 1598 2584 1655 nusquam
2596 1582 2945 1654 hujusmodi
2964 1583 3249 1641 lotionem
3262 1587 3346 1641 eis
3360 1601 3576 1658 praece-

207 1693 301 1724 καν
335 1670 393 1725 δὲ
432 1676 637 1733 τούτοις
683 1674 730 1724 οἱ
775 1671 1118 1748 πρεσϐύτεροι
1161 1676 1292 1745 μετὰ
1339 1678 1428 1725 καὶ
1475 1673 1637 1725 ἄλλων
1683 1672 1807 1726 ἐθῶν

1918 1672 2021 1743 pit,
2047 1673 2154 1727 sed
2186 1674 2449 1729 seniores
2487 1672 2600 1729 illis
2631 1672 3003 1729 tradiderunt
3041 1688 3180 1730 cum
3219 1675 3440 1732 caeteris
3466 1690 3578 1733 na-

204 1768 292 1814 καὶ
333 1770 504 1827 τοῦτο,
541 1758 815 1822 δοκοῦντες
842 1761 1190 1815 ἀπολούεσθαι
1206 1768 1379 1815 πᾶσαν
1406 1761 1806 1836 προστριϐεἰσαν

1918 1760 2179 1818 tionibus
2203 1761 2276 1834 (c)
2305 1777 2692 1818 communem
2724 1777 2738 1818 :
2773 1761 2955 1835 idque
2983 1761 3230 1829 faciunt,
3271 1767 3571 1836 putantes,

205 1851 378 1913 αὐτοῖς
406 1850 455 1903 ἐν
479 1860 538 1924 τῇ
577 1850 745 1927 ἀγορᾷ
768 1848 928 1910 κηλίὸ
933 1871 983 1908 α.
1837 1851 1867 1907 E

1919 1866 1981 1906 se
2031 1850 2274 1908 abluere
2311 1866 2556 1908 omnem
2595 1851 2919 1919 maculam,
2960 1867 3097 1924 quas
3141 1851 3286 1925 ipsis
3343 1852 3407 1910 in
3444 1853 3574 1912 foro

1919 1939 2192 1996 adhaesit.

279 2026 406 2084 Εἶπε
472 2060 541 2069 —
595 2034 866 2101 πονηρίας.
941 2027 1202 2103 Ἀφορμῆς
1267 2029 1476 2100 εὐλόγου
1553 2027 1809 2103 δραξάμε-

1989 2031 2150 2084 Vers.
2195 2029 2284 2086 36.
2339 2030 2413 2086 Et
2455 2032 2638 2086 ait—
2667 2029 2899 2087 malitia
2955 2029 3244 2088 Offerente
3281 2046 3344 2089 se
3397 2033 3573 2091 ratio-

205 2139 290 2179 νος
349 2117 557 2189 ἐλέγχει
615 2122 736 2180 τοὺς
808 2122 1122 2192 Φαρισαίους
1189 2120 1382 2181 πάντας
1467 2116 1560 2171 διὰ
1646 2123 1807 2191 μέσου

1917 2117 2100 2174 nabili
2157 2118 2474 2174 occasione
2526 2119 2721 2191 arguit
2766 2133 2976 2175 omnes
3035 2119 3370 2177 Pharisaaos
3422 2121 3572 2179 inter

209 2215 300 2258 τοῦ
368 2205 638 2267 ἐστιῶντος
695 2207 872 2276 αὐτὸν,
932 2211 999 2269 ὡς
1046 2204 1331 2272 δοκοῦντας
1387 2212 1476 2281 μὲν
1535 2211 1806 2284 ὑπερέχειν

1917 2208 2267 2280 capiendum
2287 2208 2511 2272 cibum,
2541 2213 2827 2282 tanquam
2857 2224 2983 2275 eos,
3007 2209 3110 2282 qui
3141 2225 3204 2265 se
3234 2211 3570 2282 superiores

209 2303 308 2346 τῶν
362 2295 525 2347 ἄλλων
573 2292 865 2360 Ἰουδαίων,
901 2300 1048 2359 ὄντας
1094 2294 1267 2350 δὲκαὶ
1299 2298 1481 2360 αὐτοὺς
1514 2298 1804 2360 ἀσυνέτους.

1916 2298 2346 2354 arbitrarentur
2373 2298 2642 2354 casterisJ
2652 2297 2857 2364 udaais,
2872 2314 3228 2372 quanquam
3249 2299 3431 2356 etiam
3455 2301 3574 2374 ipsi

213 2391 481 2459 [Ιοτηρίων
537 2382 596 2438 δὲ
643 2393 931 2443 τηνικαῦτα
979 2392 1068 2438 καὶ
1136 2390 1364 2440 πινάκων
1416 2389 1804 2463 εἰσφερομένων,

1913 2387 2263 2459 insipientes
2313 2393 2526 2444 essent.
2573 2388 2672 2444 Hic
2712 2393 2914 2444 autem
2953 2388 3214 2445 inductis
3251 2389 3486 2461 poculis
3517 2394 3575 2447 et

211 2474 311 2527 ἀπὸ
379 2478 569 2527 τούτων
639 2484 917 2548 προσφυῶς
969 2475 1115 2529 ἔλαϐε
1187 2481 1242 2530 τὸ
1293 2475 1651 2551 παράδειγμα,
1713 2476 1806 2531 διὰ

1913 2478 2152 2551 patinis,
2187 2483 2323 2550 apte
2355 2478 2614 2550 sumpsit
2643 2478 2720 2534 ab
2771 2478 2916 2550 ipsis
2954 2478 3312 2550 exemplum,
3364 2495 3575 2536 unum-

206 2568 398 2616 τούτων
461 2563 806 2636 αἰνιττόμενος
854 2566 1070 2618 ἕκαστον
1131 2573 1430 2642 Φαρισαῖον.
1484 2573 1581 2620 Καὶ
1623 2568 1803 2630 ἔξωθεν

1913 2583 2212 2641 quemque
2256 2568 2690 2624 Pharisaeorum
2722 2583 2829 2640 per
2853 2567 2981 2623 haec
3009 2567 3346 2636 insinuans,
3378 2571 3444 2626 Et
3479 2584 3575 2626 ex-

201 2657 292 2725 μὲν
345 2653 506 2705 αὐτοῦ
554 2653 708 2725 λέγει,
760 2653 818 2706 τό
894 2663 1064 2726 σῶμα,
1121 2658 1190 2718 ὡς
1241 2662 1562 2729 φαινόμενον
1617 2659 1802 2710 ἔσωθεν

1913 2657 2186 2712 teriorem
2204 2655 2450 2730 quidem
2465 2656 2593 2727 ejus
2615 2660 2846 2727 partem
2864 2655 3006 2712 dicit
3027 2672 3262 2728 corpus,
3281 2662 3572 2730 tanquam

203 2740 281 2808 δὲ,
338 2747 432 2800 τήν
507 2743 692 2814 ψυχὴν
781 2745 850 2804 ὡς
933 2750 1306 2818 κεκρυμμένην.
1381 2750 1624 2821 Διασύρει
1676 2755 1802 2819 γοῦν

1911 2761 2212 2818 apparens
2262 2745 2648 2801 :interiorem
2709 2760 2846 2801 vero
2915 2745 3207 2811 animam,
3277 2751 3573 2820 tanquam

200 2832 406 2898 αὐτοὺς,
447 2835 510 2892 ὡς
538 2837 596 2884 τὸ
649 2835 739 2904 μὲν
785 2842 936 2905 σῶμα
977 2837 1335 2908 καθαίροντας,
1377 2841 1471 2894 τὴν
1516 2833 1574 2890 δὲ
1616 2836 1802 2909 ψυχὴν

1911 2834 2353 2892 absconditam.
2384 2835 2675 2906 Objurgat
2704 2839 2907 2891 autem
2939 2850 3064 2902 eos,
3099 2839 3164 2891 ut
3189 2835 3294 2908 qui
3316 2852 3573 2909 corpora

202 2921 388 2983 ἐῶντας
446 2920 756 2995 ἀκάθαρτον.
819 2926 888 2974 Τὸ
941 2926 1038 2999 γὰρ
1096 2921 1325 2982 δηλωθεν
1379 2924 1662 2998 βάπτισμα
1714 2930 1800 2978 τὸν

1911 2925 2154 2998 quidem
2187 2925 2586 2992 mundabant,
2617 2925 2884 2981 animam
2916 2941 3055 2982 vero
3077 2925 3460 2983 immundam
3487 2941 3571 2982 re-

206 3013 500 3082 σωματικόν
531 3017 682 3083 μόνον
709 3012 785 3082 (2)
839 3013 1001 3086 ῥύπον
1045 3012 1382 3087 ἀποσμήχειν
1415 3012 1653 3070 δύναται.
1679 3015 1802 3069 Εἷπε

1909 3016 2290 3088 linquebant.
2330 3015 2681 3071 Praedictum
2712 3015 2870 3070 enim
2925 3015 3244 3087 baptisma,
3276 3016 3400 3073 sive
3428 3017 3571 3074 lotio

207 3095 264 3152 δὲ
295 3108 461 3152 ταῦτα
491 3103 626 3153 κατὰ
649 3110 748 3153 τῶν
781 3107 1076 3177 Φαρισαίων
1115 3109 1206 3156 καὶ
1257 3103 1304 3156 ἓν
1354 3114 1426 3176 τῷ
1473 3115 1804 3177 πεντηκοστῷ

1912 3104 2252 3176 corporales
2303 3108 2537 3160 tantum
2595 3103 2803 3160 sordes
2842 3105 3139 3160 mundare
3191 3109 3400 3176 potest.
3437 3108 3571 3163 Hauc

207 3190 334 3260 ἕκτῳ
365 3191 623 3263 κεφαλαίῳ
655 3199 745 3243 τοῦ
774 3194 909 3243 κατά
933 3194 1220 3244 Ματθαῐον.
1845 3221 1869 3276 (

1914 3209 2157 3265 quoque
2195 3193 2485 3248 adversus
2531 3192 2858 3248 Pharismos
2889 3192 3039 3248 dixit
3065 3193 3570 3265 quinquagesimo

1914 3285 2080 3337 sexto
2105 3281 2299 3353 capite
2336 3280 2636 3350 Evangelii
2661 3280 2995 3336 secundum
3027 3281 3390 3338 Mattbaeum.

277 3373 525 3442 Ἀφρονες
603 3401 670 3410 -
743 3370 1020 3436 ἐποίησενς
1090 3369 1228 3432 Ἐνὸς
1297 3370 1532 3425 πλάστου
1604 3377 1808 3448 ποίημα

1986 3373 2154 3428 Vers.
2196 3374 2283 3427 40.
2335 3372 2521 3428 Stulti
2571 3402 2639 3413 —
2687 3371 2898 3441 fecit?
2954 3371 3238 3442 Ejusdem
3303 3372 3568 3442 artiﬁcis,

207 3463 387 3510 καὶτὸ
421 3467 574 3529 σῶμα
608 3464 698 3511 καὶ
745 3461 774 3518 ἡ
821 3459 998 3530 ψυχή.
1051 3465 1195 3512 Διατί
1244 3461 1330 3512 οὖν
1370 3461 1498 3533 οὐχὶ
1539 3467 1630 3514 καὶ
1682 3465 1808 3514 ταύ-

1917 3467 2020 3518 aut
2045 3460 2208 3532 ﬁguli
2239 3476 2390 3531 opus
2421 3463 2580 3526 sunt,
2613 3475 2834 3531 corpus
2865 3464 2919 3516 et
2943 3460 3148 3516 anima
3175 3481 3188 3514 :
3217 3476 3403 3534 quare
3428 3477 3569 3534 ergo

207 3567 300 3605 την
329 3548 638 3619 καθαρίζετε
671 3549 794 3614 ;Ἐν
843 3544 902 3600 δὲ
953 3557 1025 3619 τῷ
1067 3545 1348 3608 δηλωθέντι
1403 3551 1658 3623 κεφαλαίῳ
1716 3571 1808 3624 φα-

1917 3557 1973 3607 et
1991 3551 2148 3607 hanc
2175 3565 2293 3606 non
2313 3550 2618 3607 mundatis
2641 3549 2668 3605 ?
2687 3549 2968 3605 Praedicto
2984 3549 3176 3622 capite
3201 3549 3571 3608 manifestius

205 3642 477 3711 νερωτερον
535 3635 730 3709 εἶρηκε’
786 3643 1038 3712 Φαρισαῖε
1068 3639 1243 3710 τυφλέ,
1294 3642 1580 3715 καθάρισον
1605 3650 1807 3716 πρῶτον

1918 3641 2062 3696 dixit
2093 3659 2105 3696 :
2136 3641 2440 3698 Phariscee
2468 3655 2635 3706 caece,
2668 3639 2890 3696 munda
2919 3639 3180 3708 primum
3227 3641 3570 3700 interiorem

205 3731 261 3779 τὸ
296 3725 435 3787 ἐντὸς
460 3733 552 3777 τοῦ
582 3732 831 3802 ποτηρίου
863 3733 952 3779 καὶ
981 3737 1072 3788 τῆς
1099 3725 1420 3802 παροψίδος,
1462 3729 1546 3782 ἳνα
1593 3736 1807 3803 γένηται

1917 3731 2120 3800 poculi
2143 3736 2197 3787 et
2217 3731 2442 3800 patina?
2484 3733 2731 3799 partem,
2761 3734 2827 3785 ut
2858 3732 3081 3784 munda
3111 3745 3343 3802 quoque
3367 3730 3477 3800 ﬁat
3515 3736 3573 3788 et

202 3822 294 3869 καὶ
331 3819 390 3867 τὸ
442 3814 582 3877 ἐκτὸς
626 3815 794 3869 αὐτῶν
843 3819 1092 3891 καθαρὸν,
1148 3823 1236 3870 καὶ
1291 3818 1522 3880 ζήτησον
1567 3823 1674 3875 ἐκεῖ
1712 3827 1805 3882 τὴν

1914 3837 2050 3892 pars
2077 3836 2278 3878 eorum
2305 3819 2566 3876 exterior
2586 3821 2662 3887 83;
2687 3823 2742 3875 et
2767 3818 2851 3875 ibi
2878 3833 3078 3891 quaere
3102 3819 3568 3880 enarrationem.

205 3906 477 3976 ἐξήγησιν.

276 3994 414 4053 Πλὴν
488 4026 551 4034 -
624 3996 756 4050 ἐστί.
850 3995 1028 4059 Δείξας
1098 4001 1338 4070 περιττὸν
1413 4004 1502 4052 καὶ
1581 4003 1801 4074 μάταιον

1981 4003 2140 4057 Vers.
2158 4003 2247 4056 41.
2285 3999 2755 4056 Verumtatem—
2775 4003 2934 4054 sunt.
2962 3997 3070 4055 Ubi
3098 3997 3468 4072 superﬂuam
3497 4013 3569 4057 ac

201 4089 258 4137 τὸ
312 4085 574 4158 εἰρημένον
627 4083 925 4157 βάπτισμα,
983 4086 1159 4138 λοιπὸν
1189 4095 1359 4161 χωρεῖ
1391 4091 1528 4142 κατά
1582 4101 1669 4152 τῆς
1719 4113 1799 4164 φι-

1907 4105 2129 4146 vanam
2160 4104 2293 4143 esse
2314 4087 2575 4143 ostendit
2604 4085 2824 4142 dictam
2857 4085 3247 4152 ablutionem,
3281 4087 3569 4160 deinceps

199 4173 507 4247 λαργυρίας,
579 4178 696 4234 ἣτις
782 4175 1014 4247 μάλιστα
1093 4179 1399 4250 κατεκράτει
1457 4183 1652 4232 τούτων
1711 4187 1800 4234 καὶ

1909 4179 2172 4251 procedit
2204 4178 2492 4234 adversus
2520 4176 2853 4241 avaritiam,
2884 4191 3020 4248 quae
3051 4176 3145 4231 his
3171 4177 3435 4232 maxime
3466 4176 3570 4231 do-

201 4267 563 4336 προτρέπεται,
647 4259 721 4315 δι’
801 4263 1150 4336 ἐλεημοσυνης
1228 4269 1516 4339 καθαρίσαι
1587 4274 1669 4320 καὶ
1740 4274 1798 4322 τὸ

1908 4268 2245 4324 minabatur
2276 4270 2360 4322 :et
2392 4281 2496 4338 per
2517 4265 2955 4334 eleemosynam
2977 4264 3331 4320 adhortatur
3355 4279 3568 4334 corpus

205 4359 372 4423 σῶμα,
407 4357 496 4402 καὶ¹
545 4357 638 4410 τὴν
684 4352 886 4424 ψυχὴν,
926 4353 1103 4426 λέγων,
1139 4357 1217 4407 ὃτι
1268 4359 1345 4408 Τά
1392 4355 1584 4423 ἐνόντα,
1615 4362 1794 4430 ἤγουν,

1906 4371 2160 4431 purgare
2198 4360 2255 4410 et
2301 4355 2586 4418 animam,
2623 4352 2873 4408 dicens:
2917 4352 2995 4407 De
3025 4352 3118 4407 his
3145 4366 3283 4424 qua:
3329 4352 3565 4418 adsunt,

203 4441 266 4489 τὰ
319 4439 684 4512 ἐναποκείμενα
736 4442 812 4514 (3)
863 4449 1122 4516 χρήματα
1167 4441 1286 4497 δότε
1324 4450 1538 4504 πένησιν
1591 4446 1798 4520 ἐλεημο-

1906 4446 2180 4502 videlicet
2217 4444 2292 4500 de
2356 4442 2626 4515 repositis
2681 4441 2928 4506 divitiis,
2998 4440 3137 4496 date
3203 4440 3568 4512 pauperibus

203 4529 381 4592 σύνην,
425 4533 514 4580 καὶ
567 4532 734 4582 πάντα
781 4533 910 4604 ὁμοῦ
963 4535 1471 4607 καθαρισθήσονται,
1505 4541 1593 4589 καὶ
1646 4545 1800 4610 σῶμα
1831 4580 1865 4634 Γ

271 4622 280 4634 .
333 4616 344 4634 .
456 4622 466 4634 ,
1861 4622 1865 4632 .

1907 4537 2372 4606 eIeemosynam,
2423 4539 2478 4589 et
2528 4530 2706 4587 simul
2744 4529 2943 4586 omnia
2991 4528 3466 4598 mundabuntur,
3511 4535 3567 4589 et

198 4622 286 4668 καὶ
316 4616 494 4688 ψυχή.
1831 4616 1851 4634 ³

1831 4616 1874 4634 ν
1908 4641 2126 4697 corpus
2164 4629 2220 4680 et
2261 4623 2485 4679 anima.

271 4706 734 4780 Οἰκονομικώτατα
795 4707 854 4764 δὲ
906 4719 1059 4765 τοῦτο
1105 4712 1260 4784 εἶπεν,
1329 4713 1619 4780 ἀπαλλάξαι
1679 4719 1797 4769 τού-

1979 4718 2096 4772 Hoc
2127 4719 2324 4772 autem
2356 4711 2626 4769 maxima
2649 4711 2796 4768 dixit
2819 4707 3214 4784 providentia,
3239 4709 3448 4767 volens
3477 4707 3568 4784 ip-

270 4886 316 4921 ⁸³
356 4888 526 4943 Marc.
561 4904 660 4959 vn,
705 4893 756 4958 3,
789 4892 843 4944 4.
923 4891 970 4926 ⁸³
1004 4891 1205 4950 Matth.
1245 4908 1412 4964 xxur,
1477 4897 1568 4954 26.

1419 5017 1644 5087 Variae
1673 5017 2006 5087 lectiones
2037 5025 2105 5086 et
2131 5023 2337 5086 notas.

266 5207 485 5291 (Ultio
519 5210 820 5291 notandus
857 5216 945 5291 est
993 5213 1178 5291 locus.
1230 5217 1372 5291 Nam
1405 5215 1464 5270 in
1511 5219 1790 5291 contextu
1900 5237 1928 5288 λ

1910 5213 2061 5291 χερὶς
2103 5218 2210 5291 *καὶ
2279 5210 2804 5291 πρόχειροι-,Ἐνόν
2842 5211 3024 5291 idem,
3069 5213 3240 5291 quod
3299 5213 3428 5291 ἐξόν.
3478 5215 3572 5291 Alta

266 5233 341 5278 μ)
385 5233 485 5262 mc
520 5233 820 5265 uutuuuus
857 5233 945 5266 BSI
995 5233 1178 5269 locus.
1230 5233 1372 5270 Nam
1405 5233 1464 5270 In
1511 5233 1790 5272 contexru

187 5279 366 5367 Marci
394 5277 500 5367 l,‘.l.
540 5284 1211 5367 ut‘ergue‘codexbabet
1248 5286 1609 5359 ῥαντίσωνται.
1644 5288 1788 5343 Item

1907 5234 2056 5291 χερες
2121 5233 2210 5267 και
2279 5233 2581 5340 προῆειρον.
2653 5233 2777 5266 ινον
2842 5233 3017 5280 luem,
3074 5233 3240 5284 quoa
3299 5233 3428 5278 εςον.
3485 5233 3569 5272 ιιι

1907 5286 2066 5367 apud
2096 5289 2304 5367 §ynes.
2337 5290 2388 5367 ι..
2414 5327 2451 5367 ‘,
2484 5284 2674 5367 p."99.
2711 5301 2725 5341 :
2755 5283 2844 5367 ’βκ
2861 5292 2977 5367 iam
3004 5283 3212 5340 ἐνόντων
3242 5285 3569 5367 explicatur

186 5350 253 5404 in
273 5349 507 5431 scholia
534 5352 612 5407 ad
644 5349 971 5431 Mat_th._xv,
1009 5357 1055 5410 1.
1248 5349 1257 5359 ’

1901 5349 2034 5411 κὰτά
2059 5428 2068 5431 Α
2091 5349 2333 5431 δῦναμιν.
2371 5349 2518 5431 Id_.__f.
2546 5357 2614 5422 lI,
2656 5371 2725 5431 p._
2757 5357 2810 5412 4.
2837 5357 3119 5431 _Cinnam.
3157 5374 3218 5431 p.
3251 5349 3403 5431 _l'8'2.
3434 5361 3562 5413 Aut.

374 5426 550 5503 μόνον
577 5425 790 5503 omittit
826 5429 934 5503 E.__
1081 5499 1092 5503 _
1168 5500 1177 5503 _
1624 5499 1651 5503 ᾗ
1902 5451 1926 5503 τ

1902 5433 1969 5503 τὰ
2051 5420 2234 5503 ἐντοςξ
2301 5428 2560 5498 intellige
2601 5420 2962 5503 γκάθαρίζετε.
3041 5420 3178 5503 Ποίῷ
3213 5425 3299 5503 Διξλε
3363 5433 3560 5503 τρόπος

264 5485 340 5577 (β)
374 5494 837 5581 Eodenrmohdo‘
870 5499 1314 5581 .Theopbyiact.
1355 5518 1407 5581 ρἔ
1455 5504 1598 5581 368M
1614 5499 1792 5581 C,__ra
1906 5499 1926 5555 ὁ

1906 5485 2522 5581 δόντεςᾼέλεημοσύνηνῗ
2540 5518 2604 5581 ¹κἒ
2652 5519 2705 5581 τ’.
2743 5485 2887 5558 λ’[ιίι
2938 5485 3296 5572 repondebit
3359 5485 3561 5559 Matth

186 5564 503 5642 ὑπάρχοντα
533 5567 673 5642 ὑμῖν.
724 5569 842 5642 Sed
867 5570 1013 5642 haec
1035 5564 1444 5642 interpretatio
1484 5564 1794 5628 difﬁculter

1079 5564 1444 5642 it'erpreta'tio
1484 5564 1794 5628 difﬁculter
1903 5588 2067 5637 χχιιι,
2095 5573 2181 5638 26,
2218 5564 2312 5627 ιίὺι
2347 5576 2455 5637 est,
2489 5564 2554 5623 τό
2586 5568 2741 5633 ἐντός.

184 5636 574 5708 probabitur.
590 5639 878 5712 Equidem
902 5641 1138 5698 malim:
1173 5636 1243 5699 Τὸ
1276 5639 1342 5702 δὴ
1366 5639 1606 5718 δυνατὸν,
1630 5648 1688 5697 τὸ
1715 5645 1794 5698 :13—

263 5789 340 5858 (ο)
370 5787 761 5847 Nationabus.
793 5792 984 5851 Otiose
1015 5809 1159 5866 ergo
1191 5793 1334 5869 legit
1364 5795 1538 5854 ἐθνῶν.
1571 5797 1796 5862 Redde,
1827 5813 1961 5857 cnm
1988 5797 2214 5859 caeteris
2239 5795 2452 5854 ritibus
2475 5796 2652 5857 etiam
2678 5795 2854 5868 hunc,
2878 5801 3170 5873 putantes.
