4210 6436
666 294 772 356 979

1977 294 2322 355 EUTHYMII
2372 292 2725 351 ZAGABENI
3952 298 4044 359 930

668 443 769 485 sos
797 428 1140 499 emergente
1178 425 1491 483 eﬂectione
1519 424 1791 483 liberare.
1833 423 2034 481 Solent
2070 435 2334 494 namque

2448 439 2561 482 τους
2613 430 2707 475 τοῦ
2759 422 3166 486 ἐπιπολάζοντος
3238 428 3365 486 τέως
3439 425 3641 486 ποίθους
3711 423 4042 499 βουλόμενος.

668 515 967 587 ingeniosi
990 520 1385 590 praeceptores
1409 514 1681 572 virtutem
1716 514 2019 580 extollere,
2048 511 2127 568 ad
2147 526 2332 585 quam

671 605 1060 663 exhortantur
1086 622 1100 671 ;
1134 609 1189 661 et
1220 605 1573 677 praesertim,
1601 604 1759 678 quod
1791 620 1897 678 per
1927 619 2083 668 eam,
2110 600 2213 675 qui
2240 616 2333 674 pe-

671 696 832 752 nitus
860 695 919 751 in
946 694 1201 751 tenebris
1227 697 1562 761 versantur,
1592 694 1793 750 omnia
1818 690 2333 768 perspicacissime

674 782 921 840 videant
943 784 1057 855 (d).

747 872 917 929 Vers.
946 873 1015 929 L2
1039 872 1157 931 Sed
1186 889 1275 931 va-
1298 904 1369 915 —
1395 875 1676 930 omittere.
1706 871 1999 928 Prmdicto
2037 869 2333 945 quinqua-

673 961 902 1034 gesimo
933 967 1100 1019 sexto
1125 963 1318 1036 capite
1349 962 1649 1031 Evangelii
1683 960 2012 1019 secundum
2038 960 2332 1017 Mattaeum

674 1049 751 1107 de
779 1049 873 1107 his
896 1054 1103 1108 exacte
1133 1049 1505 1124 disputatum
1532 1056 1641 1107 est.

747 1141 908 1197 Vers.
960 1142 1044 1197 43.
1098 1141 1292 1196 νω-
1342 1140 1517 1212 foris.
1560 1140 2077 1214 Ouinquagesimo
2123 1138 2333 1212 quinto

678 1230 872 1302 capite
900 1229 1205 1301 Evangelii
1237 1229 1571 1286 secundum
1598 1229 1932 1287 Mattheum
1970 1229 2040 1284 de
2068 1228 2157 1285 his
2187 1245 2332 1302 quo-

680 1334 798 1393 que
817 1318 996 1376 dixit:
1021 1321 1239 1376 Amant
1251 1321 1474 1390 primos
1484 1318 1786 1375 accubitus
1800 1321 1858 1374 in
1884 1319 2054 1374 canis
2071 1325 2125 1375 et
2137 1319 2334 1387 prima

680 1408 887 1466 sedilia
911 1409 975 1466 in
1014 1409 1343 1482 synagogis,
1377 1425 1438 1464 ac
1463 1409 1852 1465 salutationes
1878 1409 1940 1463 in
1975 1409 2131 1478 foris
2158 1408 2205 1444 ⁸⁴
2235 1425 2249 1476 ;
2281 1413 2337 1465 et

680 1497 899 1556 horum
924 1498 1054 1571 lege
1082 1497 1649 1572 interpretationem.

754 1678 916 1734 Vers.
941 1678 1034 1735 44.
1085 1677 1178 1735 να
1201 1708 1265 1718 -
1287 1677 1558 1735 nesciunt
1578 1676 1810 1734 Dictum
1830 1681 1920 1733 cst
1944 1675 2018 1732 de
2047 1676 2142 1733 his
2164 1677 2338 1751 quin-

2443 509 2675 564 Εἰώθασι
2720 513 2820 586 γὰρ
2862 514 2910 565 οἱ
2954 513 3248 585 εὐμήχανοι
3300 509 3624 566 διδάσκαλοι
3681 513 3910 588 ἐξαίρειν
3960 522 4039 575 τήν

2440 598 2641 672 ἀρετὴν,
2676 599 2750 673 ἐφ’
2792 605 2851 661 ἦν
2874 608 3251 676 προτρέπονται
3304 607 3422 664 τοὺς
3467 601 3859 677 ἀκροωμένους,
3894 605 4039 666 ἄλλως

2439 708 2493 741 τε
2522 694 2611 743 καὶ
2641 699 2749 753 τοῖς
2779 691 3035 754 παντελῶς
3080 691 3467 765 έσκοτισμένοις
3495 695 3630 767 μέγα
3663 698 3757 746 καὶ
3798 698 3859 747 τὸ
3888 701 4036 768 μικρά

2441 781 2786 851 φωτισθῆναι.

2512 868 2647 919 ⁸Αλλ’
2717 869 2835 922 ούαὶ
2885 901 2953 909 -
3006 869 3226 943 ἀφιέναι.
3275 870 3356 923 Ἐν
3409 879 3482 943 τῷ
3536 870 3890 947 προρῥηθέντι
3941 895 4031 928 πεν-

2440 966 2682 1029 τηκοστῷ
2713 960 2841 1030 ἕκτῳ
2879 958 3138 1032 κεφαλαίῳ
3166 968 3256 1013 τοῦ
3294 963 3431 1013 κατὰ
3467 962 3739 1014 Μαοθαῖον
3788 971 3906 1039 περὶ
3935 969 4031 1017 τού-

2439 1065 2537 1098 των
2569 1045 2791 1122 ἀκριϐῶς
2816 1047 3001 1123 έρρἡη
3014 1091 3025 1103 .

2513 1135 2647 1189 Ούαί
2678 1168 2743 1178 -
2800 1137 3041 1212 ἀγοραῖς.
3103 1144 3203 1193 Καὶ
3251 1137 3299 1191 έν
3346 1147 3418 1209 τῷ
3450 1149 3791 1212 πεντηκοστῷ
3837 1147 4026 1214 πέμπτῳ

2442 1225 2703 1298 κεφαλαίῳ
2734 1235 2826 1280 τοῦ
2872 1230 3007 1280 κατὰ
3064 1231 3333 1282 Ματθαίνιν
3374 1232 3545 1301 εἴρηκε
3577 1236 3691 1305 περὶ
3745 1230 3933 1282 αὐτῶν·
3972 1234 4026 1284 ὃτι

2443 1314 2666 1369 Φιλοῦσι
2705 1322 2799 1374 την
2828 1317 3214 1388 πρωτοκλισίαν
3264 1316 3312 1369 έν
3372 1325 3477 1379 τοῖς
3535 1315 3789 1385 δείπνοις,
3846 1325 4026 1384 καὶτὰς

2444 1403 2905 1480 πρωτοκαθεδρίας
2986 1406 3037 1459 ἰν
3129 1414 3245 1469 ταῖς
3346 1415 3692 1480 συναγωγαῖς,
3773 1414 3862 1461 καὶ
3934 1416 4026 1472 τοὺς

2445 1492 2757 1568 ἀσπασμοὺς
2785 1495 2833 1548 έν
2868 1502 2982 1558 ταῖς
3033 1494 3267 1572 ἀγοραῖς,
3300 1501 3388 1549 καὶ
3421 1494 3676 1569 ἀνάγνωθι
3724 1503 3822 1557 τὴν
3865 1504 4023 1552 τούτων

2444 1582 2738 1657 ἑρμηνείαν.

2517 1672 2652 1726 Οὐαὶ
2717 1705 2788 1714 —
2831 1673 2923 1726 ούκ
2982 1671 3213 1727 οἴδασιν.
3274 1679 3493 1751 Εἴρηται
3545 1681 3635 1728 καὶ
3688 1682 3812 1750 περὶ
3863 1682 4020 1731 τούτων

684 1766 1044 1842 quagesimo
1084 1771 1250 1823 sexto
1276 1767 1470 1838 capite
1520 1766 1817 1840 Evangelii
1844 1767 2169 1824 secundum
2201 1767 2337 1824 Mat-

2448 1759 2495 1813 ίν
2540 1771 2611 1833 τῷ
2666 1772 2998 1833 πεντηκοστῷ
3064 1766 3194 1835 ἕκτῳ
3250 1765 3508 1837 κεφαλαίῳ
3582 1773 3672 1817 τοῦ
3733 1771 3868 1819 κατὰ
3911 1774 4017 1820 Ματ-

684 1854 933 1923 ῑὶιωιιω,
969 1856 1069 1913 ubi
1091 1856 1240 1915 illud
1264 1855 1632 1913 declaratum
1662 1862 1780 1912 est:
1811 1858 1909 1914 ναν
1939 1857 2107 1921 vobis,
2128 1857 2340 1913 Scriba

686 1954 740 2003 et
763 1946 1065 2019 Pharisaei,
1087 1947 1233 2020 quia
1249 1946 1463 2003 similes
1483 1946 1620 2003 estis
1645 1947 1938 2016 sepulcris
1962 1946 2246 2003 dealbatis
2268 1948 2340 2019 ⁸⁸,

686 2040 744 2094 et
771 2040 988 2094 caetera
1480 2112 1485 2117 .

760 2125 925 2183 Vers.
969 2124 1056 2181 45.
1097 2126 1473 2197 Respondens
1499 2157 1567 2167 —
1591 2124 1781 2196 officis
1828 2125 2160 2183 cotumelia.
2195 2127 2344 2183 Cum

690 2213 982 2273 similibus
1011 2214 1138 2289 ipse
1170 2214 1482 2271 affectibus
1512 2220 1673 2272 esset
1698 2214 2018 2285 obnoxius,
2041 2213 2341 2286 cognovit,

689 2306 855 2381 quod
884 2305 1013 2362 hmc
1071 2305 1360 2362 adversus
1387 2319 1595 2361 omnes
1645 2304 1880 2361 diceret.
1910 2304 2013 2379 qui
2044 2302 2349 2378 aequaliter

688 2399 967 2452 errarent.

691 2485 845 2543 CAP.
868 2486 1047 2543 XLIII.
1083 2485 1163 2542 De
1187 2483 1585 2555 deploratione
1617 2483 2070 2557 legisperitorum

762 2575 927 2631 Vers.
946 2578 1035 2633 49.
1059 2575 1137 2630 At
1166 2575 1579 2646 ipse—onera.
1610 2574 2113 2646 Quinquagcsimo
2144 2572 2348 2647 quinto

688 2665 861 2736 juxta
878 2663 1217 2721 Matthmum
1243 2663 1435 2735 capite
1458 2661 1635 2718 ctiam
1666 2661 1843 2717 dehis
1865 2662 2089 2718 dictum
2117 2668 2222 2727 est,
2248 2661 2351 2719 ubi

690 2750 944 2809 habetur
971 2770 985 2808 :
1014 2752 1278 2824 Alligant
1307 2767 1485 2807 onera
1511 2755 1720 2822 gravia
1759 2759 1812 2808 et
1859 2748 2266 2821 importabilia
2297 2757 2353 2807 et

692 2844 1000 2912 imponunt
1028 2842 1092 2897 in
1125 2840 1395 2898 humeros
1428 2842 1726 2898 hominum
1757 2841 1842 2910 “;
1877 2857 2071 2914 quaere
2099 2856 2240 2911 ergo
2271 2841 2351 2898 ibi

694 2930 1154 2987 enarrationem.
1177 2930 1336 2986 Utilis
1356 2934 1444 2987 est
1472 2935 1670 2987 autem
1697 2937 2038 3004 opportuna
2062 2930 2351 3001 redargu-

693 3018 797 3086 tio,
829 3034 965 3093 quas
1022 3019 1433 3092 arrogantium
1463 3018 1717 3076 detrahit
1747 3035 1969 3076 vanum
2000 3019 2241 3077 fastum.

769 3198 927 3254 Vers.
959 3196 1049 3253 47.
1096 3196 1188 3253 ναι
1219 3228 1287 3239 -
1334 3198 1496 3253 Vers.
1548 3195 1617 3253 48
1675 3203 2070 3255 monumenta.
2116 3196 2353 3255 Manife-

698 3286 846 3344 stius
866 3286 940 3344 de
969 3286 1062 3344 his
1092 3286 1323 3360 scripsit
1342 3286 1647 3344 Mattheus
1659 3287 2169 3361 quinquagesimo
2190 3294 2354 3345 sexto

696 3377 886 3449 capite
926 3382 1017 3434 :et
1054 3376 1108 3434 in
1140 3392 1210 3434 eo
1238 3376 1368 3447 lege
1408 3376 1903 3449 explanationcm,
1937 3392 1972 3434 a
2020 3393 2143 3451 qua
2172 3377 2353 3435 etiam

694 3467 825 3524 hac
857 3465 955 3523 tibi
981 3473 1161 3540 captu
1187 3464 1384 3523 facilia
1411 3472 1602 3522 erunt.

768 3557 1045 3614 Vers.-49.
1081 3558 1394 3630 Propterea
1425 3588 1493 3598 --
1514 3564 1960 3630 persequentur.
1992 3558 2354 3631 Sapientiam

698 3645 839 3703 dicit
862 3662 1034 3702 suam
1064 3668 1075 3701 :
1104 3651 1206 3702 aut
1232 3647 1432 3711 etiam,
1466 3662 1526 3701 se
1566 3645 1767 3717 ipsum
1802 3652 1974 3702 vocat
2002 3647 2099 3702 Dei
2125 3648 2357 3720 sapien-

699 3735 869 3792 tiam.
915 3735 1199 3790 Prmdicto
1242 3735 1398 3790 enim
1455 3734 1649 3806 capite
1706 3736 1787 3790 ait
1842 3735 2156 3799 Matthaeus,
2217 3753 2355 3794 eum

699 3823 946 3883 dixisse:
970 3824 1121 3880 Ecce
1144 3839 1245 3893 ego
1275 3830 1444 3880 mitto
1469 3825 1547 3878 ad
1568 3839 1661 3880 vos
1670 3823 1980 3896 prophetas
1996 3831 2049 3881 et
2062 3826 2358 3892 sapientes

700 3928 772 3970 ac
781 3912 1001 3969 scribas
1015 3914 1083 3978 ⁸⁷,
1102 3918 1158 3968 et
1169 3918 1403 3978 caetera,
1418 3913 1517 3969 ubi
1531 3913 1966 3971 enarrationem
1978 3914 2357 3987 aptissimam

701 4000 780 4060 ad
810 3998 1045 4074 singula
1082 4001 1266 4058 verba
1294 4002 1583 4059 invenies.
1617 4005 1782 4060 Nunc
1808 4010 2007 4060 autem
2038 4020 2205 4061 more
2229 4021 2359 4078 pro-

702 4091 911 4166 phetise
935 4096 1127 4159 utens,
1149 4092 1419 4166 praedicit
1456 4091 1611 4165 quod
1635 4091 1895 4150 futurum
1930 4098 2035 4149 est.

718 4186 731 4191 '
774 4180 940 4239 Vers.
1001 4181 1089 4238 50.
1129 4181 1203 4239 Ut
1231 4182 1477 4238 ——Vers.
1510 4185 1594 4237 5t.
1629 4181 1828 4239 aedem.
1873 4182 1952 4238 lbi
2005 4182 2189 4240 etiam
2230 4183 2360 4240 haec

701 4270 1134 4330 rationabiliter
1162 4270 1465 4328 declarata
1498 4277 1657 4330 sunt.

773 4363 934 4419 Vers.
963 4362 1025 4418 51
1070 4360 1334 4427 Profecto
1364 4392 1433 4403 —
1459 4361 1593 4418 ista.
1624 4361 1902 4418 Similiter
1940 4367 1996 4416 et
2017 4361 2165 4418 haec.

2452 1852 2616 1917 θαῖον,
2645 1854 2764 1905 ἔνθα
2795 1854 3094 1928 ἠρμηνεύθη
3127 1873 3204 1907 το.
3236 1854 3370 1907 Οὐαὶ
3410 1856 3530 1926 ύμῖν
3562 1860 3915 1928 ,Γραμμκτείς
3952 1862 4015 1907 καὶ

2451 1947 2731 2016 Φαρισαῖοι
2761 1944 3061 2014 ὑποκριταὶ,
3096 1945 3176 1995 ὄτι
3205 1944 3586 2016 παρομοίςίζετε
3616 1948 3798 2017 τάφοις
3824 1966 4019 1999 κεκονια-

2452 2033 2643 2103 μένοις,
2684 2037 2775 2083 καὶ
2808 2033 2872 2083 τὰ
2894 2032 2979 2094 ἐξῆ
2997 2052 3038 2094 ς.

2526 2119 2848 2195 Ἀποκριθεὶς
2909 2153 2977 2162 -
3023 2120 3271 2198 ὑϐρίζεις.
3315 2129 3438 2185 Τοῖς
3493 2123 3695 2195 ὁμοίοις
3758 2130 3843 2177 καὶ
3890 2124 4020 2183 αὐτὸς

2454 2211 2675 2263 πάθεσιν
2698 2209 3016 2282 ἐνεχόμενος,
3042 2213 3191 2283 ἔγνω,
3221 2214 3298 2264 ὅτι
3323 2215 3458 2264 κατὰ
3477 2216 3681 2265 πάντων
3703 2222 3861 2266 ταῦτα
3887 2211 4016 2283 λέγει,

2455 2308 2555 2351 τῶν
2586 2301 2652 2351 τὰ
2679 2300 2772 2351 ἴσα
2805 2298 3261 2374 πλημμελούντων.

2591 2482 2734 2532 KEO.
2768 2476 2896 2532 Ml".
2926 2483 3050 2551 Περὶ
3079 2486 3171 2531 τοῦ
3203 2478 3523 2554 ταλανισμού
3552 2490 3645 2534 τῶν
3673 2487 3887 2550 νομικῶν.

2527 2564 2587 2618 Ὀ
2637 2565 2696 2619 ὸε
2751 2598 2816 2608 --
2880 2572 3128 2640 φορτίοις.
3183 2567 3264 2622 Ἐν
3322 2577 3393 2640 τῷ
3452 2576 3757 2638 πεντηκοστῷ
3809 2570 4005 2638 πέμπτῳ

2460 2655 2715 2728 κεφαλαίῳ
2740 2665 2831 2709 τοῦ
2857 2661 2987 2710 κατὰ
3033 2660 3293 2711 Ματθαῖον
3331 2664 3420 2711 καὶ
3453 2665 3565 2731 περὶ
3597 2662 3775 2711 τούτων
3814 2655 4011 2730 ἐρρηθη,

2460 2748 2579 2799 ἔνθα
2603 2753 2771 2800 κεῖται
2800 2750 2878 2799 τὸ·
2922 2751 3240 2819 Δεσμεύουσι
3272 2754 3458 2820 φορτία
3497 2747 3663 2824 βαρέα
3696 2751 3777 2799 καὶ
3804 2742 4021 2798 δυσϐάσ-

2459 2855 2644 2902 τακτα,
2673 2842 2762 2888 καὶ
2793 2835 3112 2889 έπιτιθέασιν
3141 2836 3225 2890 ἐπὶ
3256 2843 3376 2898 τοὺς
3406 2842 3578 2910 ὤμους
3618 2847 3714 2891 τῶν
3752 2835 4021 2906 ἀνθρώπων,

2460 2929 2550 2977 καὶ
2577 2927 2641 2977 τὰ
2662 2925 2792 2988 ἑξῆς·
2827 2931 2915 2977 καὶ
2947 2926 3179 2987 ζήτησον
3209 2926 3314 2979 έκιί
3340 2932 3433 2986 τὴν
3480 2928 3746 2999 ἐξήγησιν.
3780 2930 4024 2999 Χρήσιμος

2464 3012 2523 3069 δὲ
2553 3018 2578 3067 ὁ
2605 3020 2843 3090 εὔκαιρος
2874 3017 3109 3089 ἔλεγχος,
3143 3027 3425 3069 κατασπών
3456 3023 3541 3076 τὴν
3564 3022 3785 3090 ματαίαν
3804 3024 3893 3068 τῶν
3925 3013 4022 3064 ἁλα-

2385 3114 2425 3170 C
2463 3105 2623 3167 ζόνων
2664 3105 2843 3180 ὀφρύν.

2535 3194 2670 3248 Ούαὶ
2726 3227 2794 3236 -
2878 3203 3121 3268 μνημεῖα.
3179 3202 3529 3271 Φωερὼτερον
3589 3201 3709 3271 περὶ
3783 3196 3957 3247 τούτων
4009 3192 4027 3242 ὁ

2463 3286 2732 3346 Ματθαῖος
2798 3285 3019 3360 ἔγραψεν
3077 3289 3125 3339 εν
3158 3295 3227 3355 τῳ
3263 3295 3592 3356 πεντηκοστῷ
3632 3288 3762 3356 ἕκτῳ
3787 3282 4026 3356 κεφαλαίῳ,

2463 3379 2553 3427 καὶ
2584 3372 2843 3447 ἀνάγνωθι
2872 3380 2965 3433 τὴν
2997 3373 3044 3427 έν
3077 3373 3247 3447 έκείνῳ
3288 3372 3632 3445 διασκφησιν,
3663 3381 3755 3428 καὶ
3778 3371 4027 3428 ἀπ’ἒκείνης

2465 3464 2694 3521 εὔληπτα
2722 3469 2812 3517 καὶ
2850 3467 3016 3516 ταῦτα
3049 3483 3132 3517 σοι
3158 3470 3486 3536 γενήσονται.

2535 3556 2629 3606 Διὰ
2660 3585 2722 3594 -
2768 3549 3044 3617 διώξουσι.
3097 3559 3282 3627 Σοφίαν
3332 3558 3424 3612 τὴν
3469 3553 3655 3607 ἑαυτοῦ
3687 3552 3847 3626 λέγει,
3895 3556 3921 3611 ἦ
3969 3551 4027 3601 λαὶ

2467 3642 2646 3696 ἑαυτὸν
2692 3641 2934 3714 ὀνομάζει
2985 3648 3168 3716 σοφίαν
3217 3651 3305 3695 τοῦ
3342 3651 3495 3697 Θεοῠ’
3530 3642 3577 3695 έν
3614 3652 3684 3713 τῷ
3733 3645 3934 3719 ῥηθέντι
3955 3642 4029 3710 γὰρ

2466 3732 2725 3805 κεφαλαίῳ
2758 3739 2914 3804 φησὶν
2946 3735 2970 3783 ὁ
3003 3734 3266 3793 Ματθαῖος
3296 3732 3452 3785 εἰπεῖν
3499 3732 3576 3803 (4)
3617 3733 3775 3784 αὐτὸν
3824 3734 3897 3784 ὅτι
3924 3726 4032 3783 Ἰδοὺ

2468 3820 2565 3893 ἐγὼ
2594 3820 2889 3875 ἀποστέλλω
2938 3826 3068 3896 πρὸς
3122 3824 3252 3896 ὑμᾶς
3299 3826 3569 3895 προφήτας
3621 3828 3713 3875 καὶ
3768 3822 4035 3894 σοφούςκαὶ

2468 3918 2815 3986 Γραμματεῖς,
2845 3917 2935 3963 καὶ
2966 3915 3031 3964 τὰ
3060 3912 3197 3978 ἑξῆς,
3238 3910 3284 3963 ἐν
3326 3921 3364 3982 ῳ
3395 3916 3488 3969 τὴν
3544 3911 3797 3982 ἐξήγησιν
3837 3913 4037 3985 εὑρήσεις

2469 3999 2741 4062 ἀνελλιπῶς
2772 4004 3021 4072 ἔχουσαν.
3069 4004 3226 4073 Τύπῳ
3258 3997 3316 4054 δὲ
3346 4009 3432 4053 νῦν
3459 4006 3780 4074 προφητείας
3798 3999 4039 4076 χρησάμι.

2467 4112 2568 4161 νος,
2600 4091 2837 4167 προλέγει
2867 4095 2923 4143 τὸ
2952 4091 3150 4163 μέλλον

2537 4183 2649 4237 Ἱνα
2701 4213 2768 4223 —
2814 4186 2980 4235 οἴκου.
3042 4181 3173 4235 Ἐκεῖ
3219 4187 3306 4235 καὶ
3370 4190 3534 4235 ταῦτα
3582 4184 3718 4234 κατὰ
3770 4182 3914 4255 λόγον
3963 4180 4041 4249 ἡρ-

2471 4273 2822 4345 μηνεύθησαν.

2541 4367 2645 4414 Ναὶ
2691 4392 2745 4403 -
2783 4364 2977 4423 ταύτης
3033 4361 3260 4433 Ὁμοίως
3285 4366 3373 4413 καὶ
3403 4370 3594 4417 ταῦτα.

776 4453 942 4509 Vers.
969 4451 1057 4507 52.
1098 4451 1189 4507 νω
1214 4482 1281 4492 -
1308 4450 1717 4521 prohibuistis.
1749 4451 2032 4508 Praedicta
2070 4452 2348 4525 quinqua-

2545 4451 2679 4503 Ούαὶ
2736 4482 2791 4491 --
2846 4448 3155 4503 ἐκωλύσατε.
3211 4450 3291 4504 Ἐν
3348 4459 3420 4521 τῷ
3478 4454 3695 4523 τοιούτῳ
3740 4452 4048 4513 πεντηκοστῷ

707 4542 939 4611 gesimo
965 4546 1130 4598 sexto
1178 4541 1371 4613 capite
1402 4556 1603 4613 qurere
1644 4540 1739 4597 ubi
1771 4541 1984 4597 dicitur
2024 4559 2036 4597 :
2074 4542 2164 4596 Vae
2208 4541 2362 4599 vobis

706 4631 935 4690 Scriba
950 4637 1005 4689 et
1020 4631 1311 4690 Pharisaei
1319 4630 1806 4704 hypocritaeguia
1820 4631 2100 4687 clauditis
2114 4646 2360 4702 regnum

708 4721 980 4778 calorum
995 4735 1195 4777 coram
1217 4720 1544 4777 hominibus
1556 4720 1624 4787 ⁸⁸,
1654 4721 1756 4777 ubi
1783 4721 2104 4778 manifesta
2124 4721 2365 4795 ponitur

706 4809 1024 4867 enarratio.

781 4900 948 4955 Vers-
975 4902 1058 4955 53.
1101 4898 1245 4956 Cum
1271 4899 1494 4957 diceret
1522 4930 1591 4941 —
1613 4915 1762 4957 eum.
1790 4899 2081 4967 Insistcre,
2112 4898 2225 4956 hoc
2256 4905 2361 4969 est,

711 4986 950 5046 molesti
965 5004 1121 5055 esse,
1146 4988 1266 5047 sive
1290 4989 1486 5049 irasci.
1519 4988 1805 5053 Quasdam
1836 5004 1972 5048 vero
1996 4988 2365 5063 exemplaria

2473 4544 2602 4613 ἕκτῳ
2648 4540 2907 4614 κεφαλαίῳ
2975 4540 3206 4600 ζήτησον
3252 4546 3327 4603 τό,
3379 4542 3514 4593 Οὐαὶ
3564 4543 3703 4614 ύμῖν,
3750 4543 4051 4616 Γραμματείς

2473 4638 2562 4684 καὶ
2620 4638 2898 4705 Φαρισαῖοι
2953 4634 3250 4703 ὑποκριταί,
3308 4633 3386 4682 ὅτι
3434 4631 3621 4683 κλείετε
3670 4636 3765 4687 τὴν
3806 4627 4049 4702 βασιλείαν

2472 4730 2571 4772 τῶν
2620 4721 2846 4795 οὐρανῶν
2891 4723 3178 4795 ἔμπροσθεν
3232 4730 3330 4773 τῶν
3390 4719 3690 4795 ἀνθρώπων,
3745 4722 3864 4773 ἔνθα
3910 4718 4050 4787 σαφὴς

2471 4814 2689 4865 τέθειται
2720 4814 2749 4870 ἡ
2784 4810 2942 4882 έξήγη
2953 4830 3055 4873 σις.

2546 4905 2792 4973 Λέγοντος
2867 4931 2936 4942 -
3015 4900 3191 4953 αύτόν.
3259 4900 3506 4972 Ἐνέχειν,
3581 4904 3767 4972 ἤγουν,
3833 4898 4046 4971 ἐγκοτεῖν,

2475 4990 2803 5065 ὀργίζεσθαι.
2868 4992 2996 5043 me
3063 4986 3121 5043 δι
3169 4999 3268 5043 τῶν
3326 4988 3671 5064 ἀντιγράφων,
3720 4988 3945 5061 έλέγχειν
3987 4982 4048 5051 (5)

784 5131 851 5193 ⁵⁸.
880 5131 1074 5221 halm.
1106 5148 1266 5204 xxm,
1289 5137 1341 5191 6.
1406 5134 1454 5172 ³⁸
1477 5133 1739 5193 Ibid._27.
1798 5133 1867 5190 ³⁸.
1887 5132 2038 5199 Ibid,
2059 5137 2113 5190 4.
2178 5134 2223 5170 ⁸⁷
2248 5133 2348 5191 Ibit

2448 5136 2520 5191 54.
2601 5136 2650 5171 ⁸⁸
2688 5133 2837 5191 Ibid.
2868 5139 2929 5191 15

1927 5313 2149 5385 Varia:
2185 5312 2517 5384 lectiones
2554 5324 2621 5383 et
2657 5323 2861 5384 notas.

784 5487 865 5562 (4)
890 5486 1015 5541 Ὀτι
1044 5489 1181 5543 ante
1203 5483 1381 5553 εἰπεῖν,
1414 5487 1483 5542 Α.

2561 5486 2638 5559 (5)
2663 5484 2869 5555 Credo,
2893 5484 3129 5541 codices
3150 5481 3473 5540 nonnullos
3492 5480 3734 5540 scholiis
3764 5475 4049 5536 instructos

729 5736 761 5749 Η
789 5664 874 5735 (d)
905 5664 981 5747 Et
1003 5663 1327 5733 prasertim
1357 5693 1419 5749 -_—
1452 5662 1923 5749 videanmledde
1950 5681 1962 5720 :
1989 5664 2180 5723 Aliter
2202 5664 2376 5749 etiam
2486 5661 3165 5749 exiguum‘jlluminari.
3198 5658 3523 5729 Vocabula,
3557 5655 3717 5719 ἄλλως
3746 5674 3801 5709 τε
3829 5656 3936 5721 καί,
3966 5658 4047 5703 no-

716 5736 808 5807 iis,
849 5735 957 5810 qui
978 5750 1225 5834 prorsus
1250 5742 1387 5794 sunt
1419 5735 1785 5795 obtenebrati
1814 5751 2088 5809 magnum
2130 5743 2235 5804 est.
2281 5737 2375 5797 vel

2484 5733 2611 5796 tant
2646 5733 3122 5809 explicationem.
