4210 6440
183 373 284 429 981

1237 368 1606 424 COMMENT.
1648 366 1716 422 IN
1754 364 2019 423 LUCAM.
2061 396 2132 408 —
2169 367 2326 423 CAP.
2370 369 2478 423 ΧΗ.

3447 360 3551 419 982

185 500 495 573 γράφουσιν,
542 500 726 561 εἶτουν,
762 492 797 549 δ
803 495 1118 567 ιαλέγεσθαι.
1152 498 1221 548 Τὸ
1257 493 1317 548 δὲ
1345 493 1782 567 ἀποστοματίζειν

1911 490 2127 564 arma»
2167 493 2452 558 scribunt,
2487 491 2549 548 id
2585 497 2672 547 est
2700 503 2971 560 arguere,
3005 487 3130 544 sive
3155 487 3477 560 disputare.

190 584 343 640 δηλοῖ
395 591 451 639 τὸ
502 585 736 639 ἀπαιτεῖν
791 581 1175 657 αὐτοσχεδίους
1236 590 1325 638 καὶ
1379 583 1783 645 ἀνεπισκέπτους

190 676 486 752 ἀποκρίσεις
509 676 848 752 ἐρωτημάτων
880 671 914 728 δ
918 675 1121 749 ολερῶν.

263 948 386 1018 Περὶ
437 975 503 983 -
557 943 730 999 αὐτόν.
783 944 863 997 Ἐν
914 942 1116 1002 πολλοῖς
1162 940 1528 1017 προϐλήμασιν
1583 939 1788 993 ἐπιϐου-

186 1031 416 1094 λεύοντες
474 1033 636 1104 αύτῷ.
696 1029 823 1086 Εἶτα
888 1037 1197 1108 πρόσκειται
1249 1035 1338 1083 xui
1397 1033 1426 1089 ἠ
1489 1030 1632 1082 αἰτία
1693 1038 1787 1089 τῆς

187 1126 434 1184 τοιαύτης
463 1132 728 1195 μηχανῆς.
1222 1111 1234 1118 ι

260 1219 546 1274 Ζητούντες
587 1243 654 1252 -
693 1212 873 1267 αὐτοῦ.
918 1211 1103 1283 ³’.ῼ.οντο
1150 1212 1250 1282 γὰρ
1295 1217 1366 1280 τῷ
1411 1205 1656 1282 αἰφνιδίῳ
1698 1214 1787 1261 καὶ

193 1301 472 1377 ἀπροόπτῳ
512 1301 820 1376 περιτρέψαι
864 1305 1064 1361 πάντως
1097 1301 1250 1353 αὐτόν
1277 1320 1288 1332 ·
1337 1299 1466 1352 ἀλλὰ
1511 1301 1788 1370 πανσόφως

189 1391 301 1444 ἔλυε
330 1395 516 1459 πάντα,
550 1397 639 1444 xui
667 1390 895 1467 εὐχερῶς
924 1389 1238 1465 ἀπεκρίνετο.

338 1576 482 1623 ΚΕΦ.
523 1566 648 1623 ΜΔ’.
693 1573 816 1642 Περὶ
845 1575 936 1628 τῆς
963 1568 1130 1639 ζύμης
1179 1575 1276 1617 τῶν
1325 1570 1640 1638 Φαρισαίων.

265 1657 345 1708 Ἐν
376 1659 447 1717 οἷς
483 1689 527 1697 -
570 1659 863 1732 ὑπόκρισις.
899 1659 1032 1710 Ἐπεὶ
1064 1655 1112 1707 ἐν
1148 1657 1422 1728 ὑποκρίσει
1461 1659 1550 1706 καὶ
1579 1656 1661 1724 (6)
1700 1660 1787 1704 νῦν

190 1747 423 1820 ἠρώτων,
472 1757 697 1820 φανερῶς
745 1751 834 1820 μὲν
895 1749 1163 1807 ζητοῦντες
1207 1749 1408 1817 μαθεῖν,
1455 1749 1686 1819 κρυφίως
1731 1739 1789 1795 δὲ

1897 582 2067 648 Quod
2118 587 2318 639 autem
2352 583 2619 654 sequitur
2659 577 3096 652 ἀποστοματίζειν
3136 576 3434 647 signiﬁcat
3462 591 3554 634 ex-

1895 671 2249 744 temporales
2280 676 2336 728 et
2357 687 2478 728 non
2509 670 2915 727 consideratas
2945 667 3359 740 responsiones
3387 665 3554 722 (1010-

1896 777 2102 818 sarum
2148 760 2684 831 interrogationum
2729 761 3002 830 expetere
3053 756 3334 829 (ideoque
3385 754 3554 811 verti-

1896 867 2050 907 mus.
2081 850 2156 908 ab
2176 865 2273 907 ore
2298 850 2724 921 interrogare).

1967 941 2133 996 Vers.
2185 944 2250 996 53
2289 940 2466 996 De—
2496 939 2661 995 Vers.
2711 939 2797 994 54.
2846 938 2919 994 εί.
2968 939 3027 992 In
3082 934 3284 991 multis
3314 935 3554 1008 proble-

1896 1032 2070 1087 matis
2098 1029 2440 1086 insidiantes
2472 1029 2543 1085 ei.
2578 1027 2799 1085 Deinde
2825 1026 3065 1085 additur
3093 1029 3152 1083 et
3193 1040 3376 1082 causa
3419 1024 3554 1083 talis

1896 1120 2125 1177 technas
2157 1121 2228 1191 (ε)
2261 1136 2362 1176 seu
2391 1124 2662 1175 conatus.

1969 1212 2134 1267 Vers.
2198 1211 2286 1266 54.
2353 1209 2680 1275 Quaerenles
2721 1237 2789 1249 —
2836 1223 2987 1264 eum.
3045 1204 3339 1262 Putabant
3394 1205 3554 1262 enim

1898 1302 2134 1370 repente
2197 1303 2256 1352 et
2316 1297 2391 1354 de
2447 1297 2777 1369 improviso
2839 1297 2899 1352 in
2977 1310 3240 1352 errorem
3305 1294 3555 1351 omnino

1897 1387 2065 1444 illum
2115 1387 2410 1443 inducere.
2461 1387 2675 1442 Verum
2723 1385 3159 1457 sapientissime
3195 1383 3558 1442 dissolvebat

1897 1478 2120 1543 omnia,
2164 1475 2454 1548 facileque
2484 1475 2909 1548 respondebat.

1968 1567 2122 1622 CAP.
2153 1567 2325 1635 XLIV,
2349 1568 2430 1622 De
2454 1566 2750 1636 fermento
2787 1563 3245 1621 Pharisaeorum.

1971 1657 2117 1726 Cap.
2158 1657 2262 1710 XII.
2294 1657 2448 1710 Vers.
2488 1660 2508 1709 1
2544 1656 2710 1711 Inter
2739 1685 2803 1696 —
2823 1652 3173 1724 hypocrisis,
3209 1651 3358 1718 Quia
3378 1652 3554 1709 etiam

1899 1761 2060 1802 nunc
2115 1761 2226 1817 peu
2283 1745 2629 1817 hypocrisin
2684 1743 3154 1814 interrogabant,
3205 1747 3558 1814 apparenter

189 1835 620 1902 ἐπιϐουλεύοντες,
659 1836 1058 1909 ἐξασφαλίζεται
1083 1840 1203 1897 τούς
1234 1836 1490 1907 μαθητὰς,
1519 1833 1785 1906 φυλάττειν

1911 1835 2139 1908 quidem
2157 1833 2385 1890 discere
2407 1839 2761 1906 quaerentes,
2786 1831 3006 1888 occulte
3021 1847 3160 1888 vero
3183 1830 3559 1904 insidiantes,

189 1925 404 1987 ἑαυτοὺς
458 1924 556 1978 ἀπὸ
589 1934 678 1986 τῆς
727 1927 1047 2000 ὑποκρίσεως
1105 1924 1292 1988 αὐτῶν,
1350 1927 1438 1975 καὶ
1490 1928 1561 1994 μή
1617 1921 1788 1983 ἁπλῶς

189 2014 318 2086 αὐτῇ
380 2020 728 2088 περιπίπτειν.
793 2013 1115 2087 Παρήγγειλε
1172 2010 1230 2065 δὲ
1288 2013 1465 2073 αὐτοῖς
1515 2016 1632 2084 περὶ
1699 2018 1789 2070 τῆς

189 2108 438 2166 τοιαύτης
473 2107 638 2176 ζύμης
659 2109 749 2155 καὶ
773 2102 821 2156 ἐν
851 2104 924 2173 τῷ
949 2110 1245 2175 τριακοστῷ
1277 2098 1502 2175 δευτέρῳ
1530 2100 1788 2174 κεφαλαίῳ

192 2202 282 2246 τοῦ
314 2195 450 2245 κατὰ
479 2194 768 2246 Ματθαῖον.

264 2367 570 2444 [Μυριάδας
631 2372 708 2440 (7)
779 2367 927 2443 οἶμαι
991 2369 1154 2441 λέγειν
1231 2375 1326 2428 τήν
1409 2369 1790 2428 πολυπλήθειαν

190 2468 281 2512 τοῦ
347 2459 531 2532 ὀχλου.

189 2549 452 2622 πολλούς.]

261 2635 428 2691 Οὐδὲν
461 2671 524 2678 -
551 2640 934 2710 γνωσθήσεται.
975 2644 1075 2692 Καὶ
1095 2647 1263 2692 ταῦτα
1301 2644 1418 2712 περὶ
1440 2647 1535 2702 τῆς
1577 2641 1788 2716 ὑποκρί-

610 2459 872 2532 Εἰώθαμεν
955 2461 1056 2534 γὰρ
1128 2464 1341 2534 μυρίους
1421 2459 1603 2532 λέγειν,
1677 2463 1791 2520 τούς

191 2747 319 2789 σεως
375 2728 542 2779 αὐτῶν
599 2726 726 2792 εἷπε,
798 2724 1093 2795 διδάσκων,
1171 2731 1252 2781 ὅτι
1308 2727 1697 2800 ἐλεγχθήσεται
1741 2726 1788 2779 ἐν

186 2819 357 2890 ἡμέρᾳ
381 2825 476 2879 τῆς
506 2822 840 2890 παγκοσμίου
881 2823 1121 2893 κρίσεως.
1171 2823 1271 2872 Καὶ
1304 2817 1410 2870 ἐπεὶ
1453 2825 1552 2870 πᾶν
1607 2814 1786 2888 διαγι-

185 2914 441 2959 νωσκεται
463 2912 594 2972 τότε,
618 2913 708 2959 xui
739 2907 923 2981 πρᾶξις
945 2913 1035 2960 καὶ
1062 2907 1214 2980 λόγος
1240 2912 1328 2960 xui
1351 2913 1538 2980 νόημα,
1570 2912 1783 2979 περιττή

184 3004 272 3048 νῦν
298 3002 388 3048 xui
417 2999 688 3068 ἄχρηστος
718 2999 747 3055 ἡ
773 2999 1072 3070 ὑπόκρισις.

261 3087 396 3138 Ἀνθ’
453 3087 519 3137 ὧν
573 3117 642 3127 ——
700 3083 975 3158 δωμάτων.
1039 3087 1470 3158 Ἐσχημάτισται
1525 3089 1615 3159 μὲν
1661 3090 1789 3159 πρὸς

1899 1923 2229 1996 discipulos
2270 1939 2412 1979 suos
2441 1923 2692 1979 omnino
2720 1922 2930 1986 munit,
2967 1927 3030 1977 ut
3059 1924 3309 1978 caveant
3337 1920 3448 1977 sibi
3477 1921 3557 1978 ab

1899 2013 2199 2086 hypocrisi
2246 2013 2506 2079 illorum,
2553 2029 2628 2068 ne
2676 2011 3083 2084 imprudenter
3126 2011 3186 2067 in
3240 2026 3375 2068 eam
3420 2010 3559 2068 inci-

1899 2103 2064 2160 dant.
2098 2104 2176 2159 De
2207 2103 2322 2159 hoc
2352 2107 2554 2159 autem
2584 2102 2876 2158 fermento
2903 2101 3082 2158 etiam
3119 2100 3233 2156 illis
3280 2101 3557 2174 praecepit

1901 2192 2198 2250 tricesimo
2225 2191 2489 2249 secundo
2519 2191 2712 2265 capite
2738 2189 3043 2262 Evangelii
3065 2189 3395 2247 secundum
3417 2190 3556 2247 Mat-

1900 2283 2139 2339 thasum.

1970 2373 2058 2443 -ι--ι-
2106 2367 2406 2446 Μυριάδας,
2458 2373 2603 2442 puto
2647 2368 2913 2442 appellat
2962 2367 3406 2425 multitudinem
3454 2382 3559 2441 po-

1901 2461 2047 2536 puli.
2090 2461 2364 2520 Solemus
2393 2461 2554 2517 enim
2591 2464 2808 2535 μυρίους
2847 2457 3149 2532 appellare
3197 2457 3416 2515 multos

1969 2643 2129 2698 Vers.
2160 2645 2214 2696 2.
2235 2640 2893 2710 Nihil—cognoscatur.
2914 2637 3101 2695 Etiam
3112 2637 3242 2694 haee
3275 2636 3350 2694 de
3367 2636 3560 2710 hypo-

1898 2731 2038 2788 crisi
2080 2731 2226 2786 dixit
2277 2747 2508 2799 eorum,
2553 2729 2782 2794 dicens,
2835 2729 2992 2799 quod
3037 2732 3318 2797 arguetur
3361 2726 3425 2783 in
3463 2726 3557 2784 die

1899 2821 2248 2877 universalis
2273 2818 2497 2892 judicii.
2534 2821 2600 2875 Et
2637 2818 2741 2891 qui
2773 2823 2912 2874 tunc
2940 2817 3146 2873 omnia
3195 2831 3558 2888 cognoscen-

1898 2916 1991 2967 tur
2034 2916 2088 2967 et
2117 2926 2324 2982 opera,
2377 2914 2433 2965 et
2462 2923 2770 2964 sermones
2817 2923 2885 2963 ac
2911 2907 3225 2978 cogitatus,
3258 2906 3559 2980 superﬂua

1897 3017 2058 3057 nunc
2087 3007 2174 3057 est
2211 3006 2268 3056 et
2304 3000 2525 3056 inutilis
2555 2997 2910 3071 hypocrisis.

1969 3090 2134 3146 Vers.
2181 3094 2238 3147 3.
2303 3090 2573 3158 Quoniam
2607 3093 2874 3145 —tecta.
2907 3088 3118 3142 Factus
3176 3085 3424 3160 quidem
3469 3090 3558 3144 est

186 3179 310 3235 τούς
358 3177 598 3246 μαθητὰς
645 3178 670 3227 ό
727 3175 898 3247 λόγος,
950 3179 1153 3248 εἴρηται
1209 3173 1268 3228 δε
1320 3181 1410 3228 καὶ
1483 3176 1628 3235 οὗτος
1672 3179 1785 3248 περὶ

1911 3180 1976 3236 ad
2019 3179 2345 3252 discipulos
2375 3194 2590 3248 sermo,
2626 3193 2828 3233 verum
2860 3181 2917 3232 et
2953 3177 3047 3233 hic
3092 3175 3290 3249 potius
3335 3176 3409 3232 de
3439 3176 3556 3232 illis

187 3263 411 3326 ἐκείνων,
463 3267 542 3316 ὅτι
593 3267 694 3317 ὅσα
739 3266 856 3316 καθ’
920 3265 1136 3325 ἑαυτούς
1193 3264 1570 3337 ἐνθυμηθῶσιν,
1625 3268 1655 3322 ἧ
1703 3268 1791 3316 xui

183 3357 318 3427 πρὸς
375 3352 626 3416 ἀλλήλους
682 3354 848 3424 λάθρα
918 3354 1406 3424 κοινολογὴσωνται,
1461 3357 1630 3406 πάντα
1675 3359 1790 3406 τότε

184 3440 707 3514 δημοσιευθήσονται
759 3446 900 3515 παρά
931 3450 1021 3495 τοῦ
1049 3446 1218 3495 πάντα
1259 3449 1600 3514 γινώσκοντος
1632 3450 1786 3495 Θεοῦ.

181 3543 295 3598 Φῶς
342 3537 444 3608 γὰρ
495 3540 584 3587 καὶ
629 3533 869 3607 δώματα,
903 3540 996 3594 τὴν
1034 3532 1381 3608 δημοσιευσιν
1431 3536 1684 3608 ὠνόμασε.
1717 3537 1787 3588 Τὸ

181 3622 263 3689 δὲ,
333 3623 442 3677 ἀνθ’
503 3625 590 3690 ὧν,
662 3623 772 3677 ἀντὶ
843 3633 955 3691 τοῦ,
1017 3622 1110 3678 διὰ
1179 3633 1352 3691 τοῦτο,
1427 3622 1567 3678 διότι
1635 3621 1786 3677 οὐδὲν

175 3717 349 3791 κρυὸή
359 3734 525 3768 σεται.

253 3811 432 3857 Ταῦτα
482 3800 541 3856 δὲ
596 3809 686 3856 xui
747 3803 797 3855 ἐν
858 3812 930 3875 τῷ
1011 3800 1445 3876 ἐννεακαιδεκάτῳ
1525 3804 1784 3878 κεφαλαίῳ

177 3902 274 3946 τοῦ
370 3896 504 3946 κοιτά
595 3895 864 3947 Ματθαῖον
943 3899 1344 3968 μετεχειρίσατο
1419 3894 1536 3947 καθ’
1612 3895 1783 3969 ἑτέραν

179 3987 392 4038 ἔννοιαν.

252 4078 404 4144 Λέγω
459 4105 527 4113 —
575 4072 856 4145 φοϐήθητε.
899 4072 970 4124 Ὠ
1025 4071 1236 4146 ἀπείρου
1285 4079 1644 4134 ταπεινώσεως
1693 4079 1782 4126 καὶ

184 4161 421 4232 ἀγάπηςῐ
471 4163 655 4224 Φίλους
693 4162 837 4214 καλεῖ
892 4165 1012 4224 τούς
1067 4159 1302 4227 δούλους,
1337 4159 1506 4230 εἰδὼς,
1567 4165 1648 4214 ὅτι
1704 4184 1783 4235 φιο

179 4251 360 4302 λοῦσιν
385 4252 540 4304 αὐτὸν
585 4255 632 4303 εν
665 4252 754 4323 ὅλῃ
805 4248 1001 4326 καρδία
1053 4257 1143 4304 καὶ
1174 4251 1221 4303 ἐν
1279 4252 1368 4325 ὅλη
1401 4252 1554 4324 ψυχῇ
1590 4257 1679 4304 καὶ
1733 4252 1780 4304 ἓν

184 4339 272 4411 ὅλη
318 4339 524 4411 διανοίᾳ
551 4358 561 4369 ·
605 4344 659 4391 τό
692 4337 772 4405 δὲ,
823 4346 907 4399 Μὴ
954 4340 1213 4413 φοϐηθῆτε
1259 4341 1361 4392 ἀπό
1415 4349 1514 4392 τῶν
1566 4341 1781 4394 ἀποκτε-

182 4433 370 4479 νόντων
402 4433 482 4496 (8)
529 4431 584 4479 τό
619 4436 789 4500 σῶμα,
842 4434 932 4481 xui
987 4433 1052 4481 τὰ
1109 4430 1245 4492 ἑξῆς,
1307 4427 1414 4482 εἷπε
1469 4434 1558 4482 καὶ
1602 4429 1651 4481 ἐν
1709 4441 1780 4502 τῷ

185 4514 470 4574 δηλωθέντι
524 4514 957 4591 ἐννεακαιδεκάτῳ
1005 4519 1262 4590 κεφαλαίῳ
1309 4527 1400 4570 τοῦ
1457 4522 1592 4570 κατά
1639 4526 1782 4573 Ματ-

192 4567 201 4568 “
243 4567 253 4574 '
346 4567 384 4569 ἡὴ
432 4567 466 4568 ⁷ί
527 4567 537 4568 7
582 4567 622 4570 ⁷⁷
740 4567 953 4591 ”“””“Ῑ’
1006 4567 1257 4590 ’⁷⁷Ῐ“”⁷““ῖ’
1319 4567 1395 4570 ’⁷⁷
1460 4567 1592 4570 "n-n
1639 4567 1748 4573 “””’

184 4609 350 4670 θαῖον,
399 4613 488 4659 xui
545 4608 771 4667 ζήτησον
825 4608 930 4661 ἐκεῖ
977 4615 1068 4666 τήν
1123 4611 1316 4661 τούτων
1369 4608 1642 4680 ἐξήγησιν.
1700 4609 1778 4662 Ἐν
1813 4567 1856 4621 D

179 4694 448 4768 διαφόροις
472 4699 570 4771 γὰρ
601 4705 802 4772 καιροῖς
829 4698 1075 4758 πολλάκις
1105 4701 1168 4749 τὰ
1206 4699 1339 4750 αὐτὰ
1378 4705 1622 4773 παραινεῖ
1667 4706 1780 4760 τοῖς

178 4786 509 4852 ἀποστόλοις,
558 4786 942 4861 ἐνσημανθῆναι
994 4795 1158 4839 ταῦτα
1205 4795 1316 4848 ταῖς
1358 4787 1562 4859 ψυχκίς
1608 4787 1776 4840 αὐτῶν

177 4876 505 4950 βουλόμενος.

1898 3269 2094 3325 dictus
2119 3275 2228 3338 est,
2254 3269 2419 3342 quod
2441 3283 2820 3340 quiscunque
2843 3265 3010 3339 apud
3040 3281 3172 3322 sesc
3205 3265 3554 3336 cogitarent.

1897 3357 1992 3414 vel
2034 3359 2212 3414 etiam
2261 3357 2414 3413 inter
2465 3373 2528 3411 se
2569 3361 2777 3412 mutuo
2807 3355 2963 3412 clam
3014 3354 3555 3422 communicarent,

1897 3447 2105 3504 omnia
2134 3453 2274 3502 tunc
2299 3448 2465 3503 aDeo
2483 3445 2969 3518 publicabuntur.
2994 3445 3316 3518 quicuncta
3337 3459 3556 3515 cogno-

1897 3538 1999 3592 vit.
2023 3538 2245 3593 Lumen
2269 3537 2429 3592 enim
2447 3541 2504 3592 et
2519 3540 2690 3604 tecta,
2709 3533 3179 3607 publicationem
3201 3533 3553 3590 nominavit.

1901 3626 2210 3694 Quoniam,
2267 3625 2327 3680 id
2386 3629 2494 3695 est,
2541 3628 2882 3696 propterea,
2949 3623 3096 3696 quia
3158 3621 3306 3679 nihil
3363 3621 3557 3680 occul-

1899 3721 2019 3771 tum
2061 3714 2192 3772 erit.

1967 3804 2102 3860 Haec
2142 3803 2322 3860 etiam
2370 3801 2606 3859 decimo
2654 3816 2817 3858 nono
2855 3801 3029 3873 juxta
3075 3801 3418 3861 Matthaaum
3461 3817 3557 3860 ca-

1895 3895 2009 3966 pite
2054 3893 2343 3960 tractavit,
2395 3907 2744 3965 quanquam
2777 3891 3108 3948 secundum
3158 3890 3343 3948 alium
3389 3891 3556 3948 intel-

1892 3983 2131 4039 lectum.

1963 4073 2124 4128 Vers.
2182 4075 2234 4135 4,
2291 4071 2434 4128 Dico
2466 4102 2535 4112 —
2570 4072 2735 4126 Vers.
2781 4074 2830 4125 5.
2885 4069 3100 4126 timete.
3155 4069 3199 4126 Ο
3251 4069 3555 4127 immensi-

1892 4167 2073 4225 tatem
2104 4160 2452 4217 humilitatis
2474 4176 2544 4217 ac
2570 4158 2899 4215 dilectionis
2930 4159 2942 4214 ι
2975 4158 3215 4215 Amicos
3241 4163 3418 4215 vocat
3437 4173 3556 4214 ser-

1902 4263 2026 4316 vos,
2055 4251 2270 4313 sciens,
2303 4249 2466 4322 quod
2495 4264 2558 4304 se
2605 4253 2808 4304 ament
2853 4263 2925 4304 ex
2967 4253 3091 4304 toto
3123 4247 3324 4317 corde,
3379 4251 3437 4304 et
3480 4263 3554 4304 ex

1891 4345 2014 4395 tota
2052 4338 2273 4404 anima,
2317 4344 2372 4394 et
2397 4353 2468 4393 ex
2511 4341 2634 4393 tota
2664 4341 2880 4392 mente.
2925 4336 3094 4402 Quod
3135 4341 3333 4393 autem
3364 4335 3549 4393 dicit:

1889 4431 1977 4486 Ne
2002 4427 2347 4485 terreamini
2375 4427 2446 4482 ab
2477 4426 2712 4497 his,qui
2759 4425 3033 4482 occidunt
3076 4441 3304 4497 corpus,
3339 4430 3397 4482 et
3441 4441 3550 4482 cas-

1890 4524 2034 4583 tera,
2053 4517 2204 4574 dixit
2219 4517 2396 4572 etiam
2417 4515 2694 4588 praedicto
2709 4515 2902 4587 capite
2914 4514 3149 4571 decimo
3179 4530 3342 4572 nono
3363 4517 3552 4572 Evan-

1890 4607 2027 4677 gelii
2079 4606 2416 4663 secundum
2471 4605 2847 4670 Matthaaum;
2879 4609 2934 4661 et
2985 4604 3065 4661 ibi
3113 4604 3331 4661 horum
3388 4621 3550 4678 quae-

1888 4699 1999 4753 rito
2015 4698 2475 4753 enarrationem.
2509 4694 2698 4750 Variis
2725 4693 2887 4750 enim
2908 4694 3456 4768 opportunitatibus
3479 4711 3548 4752 ac

1888 4785 2260 4858 temporibus
2299 4783 2602 4857 apostolos
2631 4783 2706 4840 de
2735 4782 2950 4840 iisdem
2979 4784 3318 4856 frequenter
3341 4783 3548 4841 admo-

1889 4875 2070 4933 nebat
2100 4893 2114 4932 :
2150 4874 2356 4932 volens
2385 4873 2515 4930 htec
2555 4871 2875 4930 animabus
2923 4887 3132 4932 eorum
3182 4872 3350 4946 inﬁgi
3379 4878 3548 4933 tena-

1889 4982 2033 5022 0108.

1404 5090 1628 5161 Varias
1651 5091 1984 5161 lectiones
2025 5098 2093 5160 et
2115 5099 2318 5159 notae.

169 5262 252 5319 ita
292 5259 534 5317 habere.
567 5260 630 5314 In
662 5259 1012 5330 hujusmodi
1043 5260 1312 5318 codicem
1360 5261 1566 5319 incidit
1594 5262 1776 5319 Theo-

169 5331 514 5406 phylactus,
533 5331 634 5402 qui
649 5330 1276 5406 inc_od_iceMosquensi
1299 5349 1379 5389 m.
1397 5334 1479 5389 ita
1491 5334 1687 5390 habet.
1711 5335 1774 5390 Id

171 5403 335 5484 enim
358 5403 965 5484 compertumhabeo,
996 5403 1380 5484 Euthymium
1405 5407 1774 5484 etTheophy-

170 5476 391 5532 laetum
405 5474 506 5546 huj
518 5474 754 5530 usmodi
778 5476 1017 5530 codices
1032 5477 1109 5531 ad
1122 5474 1339 5532 manus
1352 5474 1651 5542 habuisse;
1676 5474 1776 5534 cu-

166 5545 439 5618 jusmodi
463 5548 1074 5618 suntMosquensesN.
1094 5548 1522 5604 Testamentia.
1537 5549 1595 5604 d.
1617 5564 1669 5605 e.
1689 5553 1772 5606 lO.

173 5617 253 5676 Ex
280 5618 366 5675 eis
383 5618 564 5675 etiam
591 5617 706 5675 hoc
730 5617 865 5676 luco
887 5619 1136 5692 repetita
1147 5624 1234 5677 est
1257 5620 1778 5692 interpretatiovo-

244 5800 316 5872 (e)
353 5796 595 5858 Teo/mar
629 5798 800 5857 Forte
830 5813 972 5873 ergo
1008 5799 1153 5872 legit
1188 5805 1395 5874 τέχνης.

1885 5262 2083 5321 caduli
2123 5261 2588 5335 ἀποστοματίζειν.

2078 5341 2198 5401 Καὶ,
2228 5334 2397 5391 abést
2421 5335 2489 5392 A.

2071 5410 2196 5462 Haec
2226 5412 2473 5478 uterque
2511 5405 2570 5460 in
2609 5403 2881 5476 margine
2928 5403 3184 5462 exhibet.
3220 5404 3542 5462 Hentenius

1956 5337 2036 5479 i3?

1883 5495 2005 5535 non
2038 5481 2325 5548 agnoscit.

1955 5549 2033 5624 (8)
2063 5551 2523 5615 Ἀποκτενούντων,
2550 5549 2592 5602 Α
2603 5589 2616 5604 .
