4210 6458
654 364 759 426 983

1980 367 2327 426 EUTHYMII
2369 367 2701 426 ZlGABENl

3940 372 4041 427 984

726 493 890 551 νοτε.
946 497 999 552 6.
1029 494 1242 553 Nonne
1290 496 1452 552 Vers.
1502 497 1785 566 7.ρ1ιινίε
1824 497 1982 553 estis.
2037 494 2319 551 Similiter

2501 495 2647 567 Οὐχὶ
2685 527 2753 536 -
2802 492 3089 570 διαφέρετε.
3121 494 3346 566 Ὁμοίως
3389 491 3498 547 εἶπε
3541 498 3629 546 καὶ
3671 502 3848 548 ταῦτα
3894 495 3944 548 ἓν
3973 505 4038 549 τῶ

655 587 713 638 et
771 583 898 638 haec
950 583 1105 639 dixit
1155 585 1368 642 eodem
1423 586 1637 657 capite.
1698 590 1972 642 Attamen
2026 585 2108 640 ibi
2165 583 2319 639 duos

655 672 910 744 parvulo
935 689 1072 728 asse
1090 673 1214 729 sive
1235 675 1483 740 assario,
1505 675 1729 730 venire
1754 674 1898 730 dixit
1913 678 1980 740 ⁸⁸,
2005 675 2098 729 hic
2117 679 2317 729 autem

655 751 928 833 quinque
955 776 1220 833 passeres
1241 765 1445 835 parvis
1476 763 1716 819 assibus
1739 765 1998 819 duobus.
2035 767 2099 818 Et
2126 762 2322 816 verisi-

659 850 797 906 mile
827 856 914 906 est
945 857 1084 906 tunc
1114 852 1280 908 aliter
1310 855 1602 920 vaaniisse,
1643 870 1800 910 nunc
1834 869 1973 910 vero
2005 853 2190 918 aliter,
2221 853 2324 906 Le-

659 954 733 1010 ge
780 954 922 1012 ergo
974 946 1032 996 et
1076 955 1232 1006 eam,
1267 958 1402 1014 quae
1463 943 1544 998 ibi
1605 943 1796 1014 posita
1863 948 1948 998 est
2001 940 2324 998 enarratio-

657 1043 821 1086 nem.

729 1119 901 1177 Vers.
929 1120 984 1185 8,
1025 1119 1159 1176 Dico
1185 1151 1252 1162 -
1287 1121 1444 1176 Vers.
1479 1125 1530 1177 9.
1568 1122 1674 1178 Dei
1719 1122 1842 1178 Pari
1892 1121 2070 1178 modo
2116 1126 2172 1176 et
2198 1120 2324 1176 hinc

658 1213 1094 1281 consequenter
1109 1209 1481 1267 dixiteodem
1503 1213 1690 1283 capite
1719 1213 1855 1268 :sed
1887 1212 1970 1267 ibi
2000 1211 2186 1267 dixit:
2218 1211 2324 1266 Co-

655 1315 784 1356 ram
809 1300 985 1355 Patre
1009 1315 1147 1356 meo.
1175 1302 1272 1371 qui
1293 1309 1373 1356 est
1401 1302 1461 1356 in
1480 1303 1628 1356 caelis
1659 1304 1727 1365 9°,
1768 1301 1863 1356 hic
1890 1307 2090 1356 autem
2116 1301 2323 1355 Coram

661 1389 888 1459 angelis
915 1389 1043 1444 Dei.
1075 1391 1172 1445 Est
1197 1395 1396 1445 autem
1428 1387 1797 1444 indifferens.
1828 1392 1974 1445 Nam
2007 1387 2163 1444 Patri
2194 1388 2322 1458 ejus

661 1481 720 1534 et
752 1477 866 1549 ipsi
883 1483 1206 1550 sanctoque
1232 1477 1491 1550 Spiritui,
1524 1484 1793 1551 tempore
1823 1478 2024 1549 iudicii
2046 1478 2326 1534 assistent

662 1565 843 1624 simul
868 1571 924 1623 et
948 1565 1164 1639 angeli.

735 1745 904 1802 Vero.
965 1746 1047 1801 10.
1108 1747 1182 1802 Et
1238 1747 1656 1818 quicunque—
1700 1746 2052 1803 remittetur.
2117 1748 2327 1811 Quaere

2429 589 2647 657 τοιούτῳ
2708 586 2985 658 κεφαλαίῳ,
3045 585 3177 644 πλὴν
3252 584 3358 637 ἐκεῖ
3433 587 3522 656 μὲν
3601 581 3698 636 δύο
3777 590 4038 660 στρουθία

2431 672 2690 749 ἀσσαρίου
2767 674 3054 726 πωλεῖσθαι
3126 678 3359 747 εἴρηκεν·
3428 674 3649 725 ἐνταῦθα
3732 669 3816 737 δὲ,
3900 679 4038 729 πέντε

2433 766 2686 837 στρουθία
2717 763 2986 839 ἀσσαρίων
3022 761 3138 816 δύο.
3170 769 3269 816 Καὶ
3301 763 3457 824 εἰκὸς,
3503 768 3616 814 τότε
3647 766 3760 834 μἐν,
3817 763 4030 836 ἑτέρως·

2430 861 2517 903 νύν
2563 850 2638 922 δὲ,
2675 854 2860 928 ἐέτρως
2888 862 3055 905 ταῦτα
3085 851 3390 909 πωλεῖσθαι.
3425 853 3713 923 Ἀνάγνωθι
3763 848 3859 904 οὖν
3899 852 4033 906 κάκεῖ

2431 947 2525 1000 τὴν
2558 942 2829 1014 ἐξήγησιν.

2505 1126 2654 1192 Λέγω
2694 1130 2874 1174 -τοῦ
2897 1126 3044 1174 Θεοῦ.
3097 1121 3368 1182 Ὠσαύτως
3417 1125 3504 1173 καὶ
3553 1128 3722 1173 ταῦτα
3775 1122 3828 1173 ἐν
3876 1121 4022 1192 ἐκείνῳ

2431 1220 2502 1281 τῷ
2559 1211 2818 1283 κεφαλαίῳ
2873 1211 3095 1273 καθεξῆς
3154 1214 3374 1281 εἴρηκεν.
3428 1209 3560 1263 Ἀλλ’
3629 1209 3732 1262 ἐκεῖ
3784 1215 3880 1282 μὲν
3943 1213 4020 1282 (9),

2434 1304 2645 1353 ἐνώπιον
2701 1309 2792 1352 τοῦ
2855 1306 3055 1372 ΙΙατρός
3110 1319 3208 1370 μου
3270 1308 3361 1350 τοῦ
3431 1298 3478 1350 ἐν
3537 1299 3805 1372 οὐρανοῖς,
3865 1297 4014 1353 εἶπεν·

2435 1389 2655 1442 ἐνταῦθα
2682 1387 2759 1458 δε,
2803 1389 3013 1442 ἐνώπιον
3048 1398 3146 1440 τών
3179 1387 3400 1459 ἀγγέλων
3449 1396 3541 1440 τοῦ
3585 1393 3736 1442 θεοῦ.
3789 1385 3939 1441 Ἐστι
3978 1385 4021 1438 δὲ

2437 1476 2742 1551 ἀδιάφορον.
2783 1487 2864 1548 Τῷ
2911 1485 3076 1551 Πατρὶ
3118 1481 3219 1553 γὰρ
3269 1477 3444 1541 αὐτού,
3492 1483 3582 1528 καὶ
3631 1477 3799 1547 αὐτῷ,
3844 1485 3930 1529 καὶ
3965 1487 4018 1546 τῷ

2436 1569 2568 1640 ἁγίῳ
2623 1572 2903 1641 Πνεύματι9
2960 1571 3008 1620 οἱ
3060 1567 3267 1639 ἄγγελοι
3340 1572 3686 1642 παρίστανται
3756 1571 3892 1618 κατὰ
3954 1571 4019 1618 τόν

2435 1662 2614 1731 καιρόν
2641 1666 2701 1716 τῆ
2715 1679 2735 1720 ς
2765 1663 3003 1732 κρίσεως.

2513 1752 2611 1800 Καὶ
2665 1753 2763 1807 πᾶς
2811 1777 2879 1787 -
2927 1747 3264 1818 ἀφεθήσεται.
3307 1750 3540 1803 Ζήτησον
3592 1743 3640 1795 ἐν
3698 1752 3772 1814 τῷ
3825 1744 4016 1812 εἰκοστῷ

661 1835 945 1891 vicesimo
977 1834 1240 1891 secundo
1271 1836 1463 1907 capite
1499 1835 1793 1906 Evangelii
1829 1833 2162 1890 secundum
2187 1839 2326 1889 Mat-

2440 1833 2664 1909 δευτέρῳ
2712 1835 2970 1907 κεφαλαίῳ
3036 1840 3128 1892 τὴν
3184 1835 3453 1907 ἑρμηνείαν
3506 1842 3636 1885 τού·
3689 1839 3791 1886 Καὶ
3853 1835 3904 1895 ὃς
3951 1831 4015 1884 ἐὰν

663 1924 885 1982 ὼωυω
914 1925 1460 1996 interpretationem
1489 1924 1644 1980 illius
1669 1924 1811 1980 dicti
1835 1941 1845 1978 :
1879 1924 2222 1995 Quicunque
2243 1923 2328 1978 di-

661 2015 820 2072 xerit
839 2020 1051 2070 contra
1063 2014 1285 2070 Filium
1307 2015 1557 2071 hominis
1578 2014 1914 2070 remittetur
1926 2015 1979 2069 ei
1999 2015 2066 2076 9',
2085 2013 2236 2068 bene
2257 2029 2328 2070 ac

662 2101 829 2160 nullo
855 2103 1263 2174 prmtermisso
1294 2103 1718 2159 continentem.

735 2192 900 2250 Vers.
933 2193 1019 2248 11·
1048 2193 1193 2248 Cum
1211 2200 1491 2250 autem—
1516 2191 1676 2248 Vers.
1715 2191 1798 2247 12.
1823 2198 2088 2259 oporteat
2111 2191 2324 2248 dicere.

665 2281 794 2337 Haec
832 2281 1011 2339 etiam
1035 2282 1182 2338 dixit
1211 2298 1373 2338 nono
1403 2283 1595 2353 capite
1646 2280 1942 2351 Evangelii
1971 2282 2140 2352 juxta
2186 2280 2328 2336 Mut-

663 2370 924 2436 thteum;
973 2371 1104 2428 etin
1145 2387 1216 2428 eo
1265 2371 1392 2440 lege
1436 2372 1576 2427 dicti
1621 2370 1776 2426 illius
1835 2372 2324 2428 enarrationem:

667 2460 814 2518 Cum
850 2464 1046 2518 autem
1101 2461 1464 2517 tradiderint
1508 2477 1630 2525 vos,
1686 2461 1872 2517 nolite
1913 2460 2163 2516 solliciti
2191 2473 2326 2525 esse,

665 2552 956 2623 quomodo
983 2557 1087 2606 aut
1115 2551 1261 2622 quid
1293 2550 1619 2621 loquamini
1640 2552 1687 2585 θ,

735 2639 895 2695 CAP.
939 2639 1095 2696 XLV.
1126 2641 1209 2696 De
1233 2655 1296 2696 eo
1328 2640 1430 2711 qui
1454 2639 1685 2694 volebat
1729 2638 1995 2695 dividere
2024 2637 2330 2694 haeredita-

1444 2736 1579 2784 tem.

739 2818 906 2874 Vers-
935 2819 1023 2874 13.
1057 2819 1160 2872 Ait
1197 2847 1256 2858 -
1284 2817 1455 2872 Vers.
1493 2818 1576 2872 14.
1624 2833 1791 2888 super
1830 2832 1929 2872 vos
1959 2817 1988 2874 7
2033 2819 2330 2872 Mansuete

668 2906 861 2964 illum.
891 2912 1182 2978 tanquam
1212 2907 1286 2962 de
1319 2906 1580 2961 minimis
1605 2905 1786 2962 verba
1812 2905 2147 2971 facientem,
2185 2907 2326 2976 reje-

666 2997 764 3053 cit.
805 2996 953 3050 Cum
980 2995 1139 3050 enim
1167 3011 1380 3051 avarus
1409 3001 1581 3061 esset,
1636 3011 1706 3050 ac
1735 2995 2003 3067 pecuniae
2035 2995 2332 3050 desiderio

665 3085 947 3155 ﬂagraret
979 3084 1179 3158 :quod
1205 3085 1423 3140 animae
1447 3085 1857 3140 necessarium
1891 3090 2036 3149 erat,
2083 3085 2332 3157 ejusque

668 3173 837 3231 saluti
881 3173 1040 3240 utile,
1069 3178 1267 3247 petere
1297 3172 1498 3229 omisit
1526 3193 1538 3232 :
1570 3174 1878 3246 corporale
1913 3180 2112 3229 autem
2140 3173 2333 3245 requi-
2370 3207 2410 3264 Ο

667 3263 816 3330 sivit,
834 3266 1126 3335 majorem
1139 3263 1368 3320 habens
1390 3279 1597 3319 curam
1612 3264 1876 3334 corporis
1889 3281 1926 3335 q
1937 3280 2074 3318 nam
2090 3263 2331 3328 animae,

667 3353 1056 3426 Reprehendit
1101 3369 1242 3423 ergo
1298 3351 1646 3423 petitionem
1701 3353 1853 3408 illius
1915 3352 2200 3419 Christus,
2251 3368 2334 3408 re-

668 3442 1172 3516 spondens,quod
1198 3458 1317 3498 non
1339 3443 1750 3514 pecuniarum,
1771 3447 1873 3498 aut
1888 3442 2334 3514 possessionum

666 3531 908 3598 divisor,
955 3532 1060 3588 sed
1106 3531 1271 3602 regni
1303 3532 1572 3597 caalestis,
1609 3537 1898 3604 tanquam
1945 3531 2333 3597 haereditatis,

669 3621 844 3679 dator
874 3621 1228 3678 advenisset.

743 3711 1005 3768 Vers.15.
1030 3712 1107 3766 Et
1130 3711 1212 3766 ait
1233 3740 1300 3750 —
1318 3710 1598 3766 avaritia.
1621 3710 1967 3781 Opportune
1983 3714 2228 3781 sumpta
2244 3725 2339 3765 oc-

673 3801 915 3858 casione
935 3799 1100 3872 apud
1127 3799 1454 3870 discipulos
1486 3803 1843 3869 protestatur
1868 3818 1881 3858 :
1903 3798 2221 3854 avaritiam
2239 3815 2338 3854 vo-

674 3903 839 3954 cans,
861 3887 995 3959 plus
1016 3886 1258 3950 habere,
1292 3902 1473 3958 quam
1503 3886 1666 3958 quod
1693 3887 1969 3952 sufﬁciat,
2009 3891 2112 3942 aut
2139 3888 2212 3943 sit
2240 3903 2340 3943 ne-

673 3977 1025 4034 cessarium.

743 4067 912 4124 Vers.
951 4066 1033 4122 l5.
1057 4065 1288 4134 Quia—
1316 4067 1463 4133 ejus.
1499 4069 1619 4122 Non
1660 4066 1798 4133 quia
1819 4066 2003 4122 homo
2035 4066 2336 4139 quispiam

675 4155 894 4214 divitiis
913 4155 1198 4221 abundat,
1231 4155 1348 4212 vita
1361 4155 1491 4226 ejus
1520 4155 1796 4212 abundat
1817 4171 1884 4212 ex
1903 4156 2002 4211 tali
2021 4156 2340 4212 abundan-

675 4246 757 4302 tia
769 4246 920 4318 ejus.
936 4245 1442 4317 Admonetitaque
1456 4245 1530 4300 ab
1543 4245 2181 4314 avaritiafugiendum.
2197 4246 2341 4317 quia

675 4351 795 4392 non
817 4335 1148 4392 secundum
1177 4334 1333 4390 hanc
1360 4335 1588 4390 accedit
1621 4336 1753 4390 vitae
1786 4351 2088 4390 mensura.
2122 4334 2339 4390 Deinde

675 4426 856 4482 etiam
879 4423 1234 4494 parabolam
1259 4424 1929 4495 profertostendentem,
1963 4422 2128 4496 quod
2151 4425 2340 4479 avari-

677 4515 758 4571 tia
787 4512 1251 4570 sollicitudinem
1283 4512 1523 4584 quidem
1566 4512 1734 4568 atl‘ert
1773 4528 1842 4567 ac
1886 4527 2211 4577 maerorem,
2259 4513 2343 4567 vi-

675 4608 801 4660 tam
816 4617 954 4658 vero
975 4601 1197 4658 addere
1212 4617 1335 4658 non
1354 4606 1564 4672 potest.
1587 4601 1788 4673 Itaque
1808 4617 2056 4656 avarum
2071 4617 2203 4656 esse
2220 4617 2340 4657 non

679 4691 874 4749 solum
903 4690 1108 4747 inutile
1139 4695 1245 4756 est,
1274 4706 1477 4746 verum
1508 4690 1688 4745 etiam
1717 4689 2018 4746 nocivum.

754 4780 913 4837 CAP.
945 4779 1124 4836 XLVI.
1157 4781 1242 4837 De
1261 4780 1438 4837 divite
1467 4783 1634 4850 cujus
1663 4795 1803 4849 ager
1819 4781 1992 4850 feras:
2017 4780 2160 4848 fuit.

678 4869 842 4926 Vera.
879 4872 963 4924 16.
1012 4868 1178 4925 Dixit
1229 4876 1430 4926 autem
1459 4900 1529 4910 -—
1565 4869 1871 4938 praedium.
1916 4875 2122 4944 Χώραν,

679 4957 972 5032 prmdium
1005 4962 1197 5029 vocat,
1235 4963 1465 5022 terram,
1515 4959 1637 5014 sive
1679 4973 1914 5028 agrum.
2237 5005 2242 5011 .

751 5050 915 5104 Vere.
952 5048 1036 5103 17.
1081 5047 1160 5103 Et
1197 5078 1264 5088 —
1304 5063 1450 5105 meos
1477 5047 1674 5106 ?Cum
1713 5063 1923 5105 omnes
1972 5047 2195 5104 fructus
2227 5064 2343 5121 prae

752 5226 798 5262 ⁸⁹
829 5224 1026 5283 Matth.
1058 5241 1119 5295 x,
1149 5227 1239 5282 29.
1269 5227 1317 5262 ³⁸
1386 5226 1595 5286 Matth.
1629 5243 1686 5294 x,
1719 5228 1808 5286 32.
1874 5229 1917 5264 ⁰¹
1955 5228 2156 5285 Matth.
2188 5245 2290 5294 xu,
2325 5229 2411 5286 32.

2441 1929 2556 1997 εῖπῃ
2659 1925 2810 1995 λόγον
2907 1927 3042 1975 κατὰ
3143 1934 3232 1975 τού
3329 1926 3451 1975 Υιον
3551 1931 3641 1974 τοῦ
3744 1922 4014 1994 ἀνθρώπου,

2439 2014 2751 2086 ἀφεθήσεται
2865 2014 3042 2083 αὐτῷ’
3147 2013 3312 2072 καλῶς
3412 2031 3465 2064 τε
3572 2017 3662 2064 καὶ
3765 2011 4016 2068 ἀνελλιπώς

2438 2107 2691 2175 ἔχουσαν.

2506 2192 2665 2244 Ὀταν
2729 2189 2788 2244 δε
2863 2223 2929 2230 -
2998 2187 3080 2242 δεῖ
3154 2190 3330 2242 εἰπεῖν.
3397 2186 3519 2242 Εἶπε
3593 2198 3756 2241 ταῦτα
3824 2193 3908 2239 καὶ
3973 2189 4012 2238 ἐν

2437 2292 2509 2352 τῷ
2566 2278 3001 2351 ἐννεακαιδεκάτῳ
3066 2279 3323 2352 κεφαλαίῳ
3402 2287 3492 2330 τού
3563 2283 3691 2331 κατά
3747 2279 4009 2336 Ματθαῖον,

2438 2378 2526 2424 καὶ
2567 2369 2824 2441 ἀνάγνωθι
2872 2369 2920 2422 έν
2974 2372 3146 2440 ἐκείνῳ
3193 2374 3286 2426 τήν
3335 2367 3578 2439 ἐξήγησιν
3617 2376 3722 2420 τοῦ.
3765 2367 3915 2418 Ὀταν
3959 2362 4010 2415 δὲ

2443 2456 2812 2535 παραδιδῶσιν
2879 2461 3033 2531 ὑμᾶς,
3109 2463 3178 2530 μὴ
3253 2463 3620 2532 μεριμνήσητε,
3691 2466 3785 2515 πῶς
3856 2457 3884 2512 ἦ
3961 2458 4008 2504 τί

2439 2551 2567 2608 λαλή
2579 2569 2713 2603 σετε.

2444 2647 2590 2694 ΚΕΦ.
2672 2637 2800 2693 ME'.
2899 2642 3022 2709 Περὶ
3114 2656 3204 2688 του
3313 2637 3606 2694 θελήσαντος
3703 2628 3998 2705 μερίσασθαι

3079 2731 3172 2784 τὴν
3195 2725 3400 2778 οὐσίαν.

2514 2815 2636 2870 Εἶπε
2666 2847 2732 2856 -
2778 2815 2851 2888 ἐφ’
2883 2817 3051 2887 ὑμᾶς
3094 2818 3276 2889 Πραως
3325 2815 3500 2879 αὐτόν,
3554 2817 3622 2873 ὡς
3674 2808 4008 2883 σμικρολόγον,

2443 2905 2802 2978 ἀπεπέμψατο.
2869 2905 3333 2978 Ἐρασιχρήριατος
3386 2906 3488 2977 γὰρ
3539 2903 3652 2974 (10)
3704 2905 3766 2950 ὧν
3809 2903 3895 2949 καὶ
3939 2914 4012 2966 φι-

2441 2995 2734 3067 λοκτηριων,
2787 2994 2949 3066 ἀφῆκε
3005 2998 3096 3066 μὲν
3141 2995 3301 3046 αἰτεῖν
3350 2993 3628 3064 ἀναγκαῖόν
3672 3010 3720 3042 τι
3770 2997 3827 3060 τῇ
3874 2986 4010 3057 ψυχῇ

3507 3082 3730 3145 ἐζήτησε
3773 3075 3829 3131 δε
3860 3094 4010 3146 σωμα-

2444 3179 2605 3238 τικόν,
2638 3174 2846 3226 πλείονα
2889 3169 3142 3246 φροντίδα
3191 3181 3281 3224 τοῦ
3328 3178 3566 3244 σώματος
3615 3172 3756 3245 παρὰ
3806 3172 3893 3224 τὴν
3934 3164 4015 3234 ψυ-

2442 3091 2532 3137 καὶ
2562 3091 2832 3157 χρήσιμον
2868 3084 2937 3144 εὶς
2983 3089 3245 3154 σωτηρίαν
3279 3083 3461 3146 αὐτῆς,

2446 3270 2552 3336 χὴν
2592 3266 2914 3334 ποιούμενος.
2947 3261 3227 3333 Εμέμψατο
3275 3258 3362 3312 οὖν
3412 3266 3505 3319 τὴν
3557 3263 3769 3316 αἰτησιν
3818 3255 3959 3306 αὐτού
3998 3253 4015 3302 ὁ

2447 3357 2693 3422 Χριστός,
2775 3350 3073 3424 ἀποκριθεὶς
3142 3347 3201 3402 δε
3269 3350 3402 3420 (il),
3463 3351 3544 3400 ὅτι
3603 3348 3679 3400 Οὐ
3755 3346 4013 3420 χρημάτων

2446 3446 2714 3514 μεριστῆς,
2802 3439 2929 3491 ἀλλὰ
3014 3439 3290 3512 βασιλείας
3379 3439 3621 3511 οὐρανίου
3718 3431 4010 3508 κληροδοτης

2447 3531 2688 3589 ἐλήλυθα.

2521 3708 2641 3762 Εῖπε
2706 3739 2772 3749 —
2832 3707 3136 3770 πλεονεξίας.
3210 3706 3466 3778 Εὐκαιρου
3543 3703 3828 3776 λαϐόμενος
3895 3700 4020 3770 ἀφόρ·

2447 3809 2570 3872 μῆς,
2623 3795 3038 3871 διαμαρτύρεται
3088 3800 3219 3870 πρὸς
3275 3800 3394 3857 τούς
3451 3796 3706 3866 μαθητὰς,
3763 3789 4020 3851 πλεονεξίαν

2446 3889 2602 3960 λέγων
2678 3892 2757 3954 τὸ,
2825 3888 2971 3940 πλέον
3039 3890 3179 3958 ἔχειν
3246 3892 3338 3938 τού
3405 3884 3697 3960 ἀρκοῦντος,
3783 3888 3892 3941 ἦτοι
3951 3882 4022 3928 τοῦ

2449 3978 2732 4049 ἀναγκαίου
2743 4016 2754 4028 .

2516 4067 2637 4118 Ὀτι
2702 4097 2767 4108 --
2837 4066 3014 4119 αὐτοῦ.
3102 4064 3212 4116 Οὐκ
3279 4063 3328 4115 ἐν
3390 4082 3462 4133 τῳ
3539 4064 3866 4136 περισσεύειν
3942 4060 4025 4107 τινὶ

2451 4156 2700 4231 ἀνθρώπῳ
2735 4154 2953 4206 πλοῦτον
2980 4156 3008 4212 η
3059 4155 3166 4214 ζωὴ
3210 4153 3349 4222 αὐτῷ
3391 4151 3508 4222 (12)
3542 4155 3828 4224 παραμένει
3875 4147 3925 4199 ἐκ
3951 4151 4026 4201 τῆς

2449 4249 2694 4306 τοιαύτης
2748 4248 3048 4316 περιουσίας
3099 4242 3276 4295 αὐτοῦ.
3333 4248 3578 4301 Ιιαραινεῖ
3625 4245 3796 4292 τοίνυν
3853 4239 4028 4309 φεύγειν

2448 4341 2541 4392 τὴν
2586 4334 2895 4397 πλεονεξίαν,
2940 4329 3078 4384 διότι
3110 4331 3202 4384 οὐκ
3247 4330 3300 4382 ἐκ
3350 4334 3547 4391 ταύτης
3589 4330 3924 4401 προστίθεται
3960 4325 4031 4394 μέ-

2449 4443 2567 4497 τρον
2612 4424 2764 4483 ζωῆς.
2803 4420 2926 4474 Εἶτα
2983 4421 3207 4495 ἐπιφέρει
3259 4425 3347 4472 καὶ
3403 4418 3726 4493 παραϐολὴν,
3779 4417 4034 4490 ἐμφαίνου-

2453 4533 2568 4579 σαν,
2615 4515 2694 4564 ὅτι
2724 4514 2754 4569 ἡ
2789 4511 3051 4573 πλεονεξία
3081 4515 3332 4582 μερίμνας
3383 4513 3474 4579 μεν
3517 4514 3606 4560 καὶ
3653 4506 3818 4567 λύπας
3868 4502 4028 4578 προξε-

2449 4611 2557 4654 νεῖ·
2595 4603 2732 4662 ξωὴν
2785 4597 2843 4653 δε
2891 4602 3193 4674 προσθεῖναι
3241 4599 3299 4650 οὐ
3349 4595 3590 4661 δύναται,
3633 4603 3721 4649 καὶ
3771 4597 3941 4649 λοιπόν
3985 4593 4030 4640 τὸ

2451 4689 2786 4754 πλεονεκτεῖν,
2847 4691 2903 4742 οὐ
2953 4694 3106 4762 μόνον
3147 4689 3408 4754 ἀνόνητον,
3457 4687 3585 4738 ἀλλὰ
3636 4691 3727 4738 καὶ
3779 4682 4028 4758 βλαϐερόν.

2453 4786 2598 4834 ΚΕΦ.
2657 4788 2747 4844 Mq-
2771 4821 2782 4832 .

2524 4868 2649 4922 Εῖπε
2673 4867 2730 4923 δε
2758 4901 2824 4910 —-
2855 4875 3024 4942 χώρα.
3064 4875 3272 4944 Χώραν,
3301 4869 3365 4919 τὰ
3389 4862 3560 4939 γήδια
3586 4865 3741 4937 λέγει.

2846 4787 2969 4852 Περὶ
3026 4779 3084 4832 οὔ
3144 4779 3424 4852 εὐφόρησεν
3481 4778 3510 4834 ἡ
3572 4781 3728 4849 χώρα
3781 4775 4028 4827 πλουσίου.

2532 5053 2631 5102 Καὶ
2685 5081 2753 5089 -
2808 5064 2944 5122 μου;
3004 5047 3308 5120 Βουλόμενος
3359 5064 3450 5118 μεν
3506 5063 3703 5106 παντας
3763 5045 3881 5104 τοὺς
3927 5053 4029 5106 παρ’

2491 5231 2538 5265 ⁹²
2571 5229 2769 5286 Matth.
2804 5245 2863 5298 x,
2902 5227 2986 5284 l9.

1887 5379 2111 5449 Variae
2151 5380 2463 5447 lectionis
2516 5391 2582 5449 et
2635 5393 2835 5449 notae.

784 5594 868 5666 10)
903 5595 1005 5666 Γάρ
1021 5593 1240 5666 ‘omitit
1278 5594 1342 5648 Β.

784 5596 848 5648 10
903 5594 1240 5666 Γάροωῆἱῐ
1278 5594 1288 5648 1

782 5665 838 5719 11
886 5669 948 5717 Δί
975 5664 1288 5721 redundat.

791 5594 874 5812 t2;
899 5739 985 5796 lta
1014 5737 1075 5794 in
1107 5740 1271 5793 textu

779 5519 1116 5598 9)__Ute_rque
1149 5521 1232 5598 in
1263 5527 1425 5598 textu
1479 5522 1731 5579 Mattheei
1767 5528 1960 5580 servat
2017 5526 2332 5598 ἔμπροσθεν.

779 5521 833 5591 9)
866 5521 1116 5595 Uterque
1149 5521 1208 5577 in
1263 5527 1425 5579 textu
1479 5522 1731 5579 Mattheei
1767 5528 1960 5580 servat
2017 5526 2332 5598 ἔμπροσθεν.

784 5596 848 5648 10
903 5595 1005 5666 Γάρ
1047 5593 1240 5650 omitit
1278 5594 1342 5648 Β.

782 5665 838 5719 11
886 5669 948 5717 Δί
975 5664 1288 5721 redundat.

791 5736 850 5794 t2
899 5739 985 5796 lta
1014 5737 1075 5794 in
1107 5740 1271 5793 textu
1293 5737 1518 5795 habent
1547 5737 1726 5796 etiam
1754 5752 1862 5811 pro
1904 5739 2084 5795 αὐτοῦ.
2119 5739 2343 5814 Oppor-

2455 5530 2594 5580 tune
2634 5524 3056 5597 Tbeophylact.
3105 5541 3162 5595 p.
3207 5529 3304 5597 347
3353 5527 3412 5591 C,
3447 5521 3614 5580 addit
3647 5540 3658 5577 :
3690 5525 3740 5574 oi
3787 5523 3886 5594 γὰρ
3915 5513 4026 5597 9ft?-

2452 5597 2667 5650 πλουτοι
2717 5588 2988 5668 δοκοῦσιν,
3049 5588 3120 5658 ὡς
3167 5588 3431 5670 φιλόζωοί,
3493 5597 3748 5668 περιέπειν
3779 5588 3867 5646 τὸν
3903 5588 4026 5642 πλοῦ·

2451 5687 2559 5724 τον.
