4210 6450
292 387 392 444 985

293 525 423 584 ποὺς
445 527 609 597 ἔχειν,
659 519 752 576 διὰ
805 522 1113 585 πλεονεξίαν,
1153 525 1221 593 μὴ
1265 517 1550 593 δυνάμενος
1586 514 1664 580 δὲ,
1713 513 1887 568 διὰτὸ
1919 512 1960 564 Α

293 613 484 675 πλῆθος
545 614 735 680 αὐτῶν,
797 612 1124 684 ἐξαπορείται
1176 616 1262 662 xui
1321 615 1744 681 στενοχωρεῖται,
1822 607 1891 667 ὡς

293 703 426 773 ἄγαν
453 708 625 770 πένης,
660 705 684 755 ό
716 705 846 774 ἄγαν
897 701 1163 762 πλούσιος.
1224 696 1352 752 Οἵδε
1395 703 1495 770 γὰρ
1528 704 1888 767 στενοχωρείν,

295 790 455 863 ούχή
487 797 633 844 πεδία
679 797 852 864 μόνον,
913 791 1042 843 ἀλλὰ
1089 795 1178 842 καὶ
1235 791 1260 840 ό
1311 788 1529 849 πλοῦτος
1573 807 1584 818 ·
1618 789 1648 843 ἡ
1703 789 1792 857 μὲν
1828 793 1887 856 τῇ

296 879 487 953 ἀπορίᾳ
535 889 630 932 τῶν
685 881 1001 953 ἀναγκαίων,
1036 882 1060 932 ό
1114 877 1172 932 δὲ
1201 889 1273 950 τῷ
1328 883 1468 952 πόρῳ
1489 886 1588 929 τῶν
1619 885 1890 949 περιττῶν,

296 972 415 1022 ὅταν
444 975 515 1043 μή
547 970 693 1042 λόγον
719 974 888 1043 ἔχωσι
917 969 1250 1044 κυϐερνήτην.

369 1154 470 1202 Καὶ
504 1147 661 1221 βλέπε
715 1169 803 1221 μοι
837 1147 1054 1221 βαθεῖαν
1098 1149 1294 1200 ἄνοιαν.
1350 1149 1464 1198 Δέον
1520 1148 1620 1218 γὰρ
1671 1152 1893 1196 κενῶσαι

297 1243 419 1300 τοὺς
518 1237 770 1300 παλαιούς
857 1241 1086 1312 καρποὺς
1175 1237 1241 1297 εἰς
1326 1239 1581 1307 γαστέρας
1640 1238 1886 1299 πενήτων,

296 1329 325 1386 ἢ
395 1333 484 1379 xui
551 1336 650 1379 τῶν
695 1332 877 1380 νεωστὶ
954 1330 1348 1401 γεωργουμένων
1425 1323 1714 1398 ἀπόμοιραν
1784 1329 1893 1384 τοῖς

296 1424 534 1488 πτωχοῖς
565 1413 936 1489 δωρήσασθαι,
970 1421 1056 1468 καὶ
1104 1417 1236 1468 οὕτω
1281 1423 1504 1472 ποιήσαι
1561 1417 1648 1484 μὲν
1697 1418 1785 1464 καὶ
1816 1412 1893 1464 εὖ·

297 1510 591 1579 ρυχωρίαν,
624 1505 1018 1578 εύχαριστῆσαι
1068 1501 1126 1557 δὲ
1168 1510 1257 1556 καὶ
1300 1512 1372 1574 τῷ
1414 1501 1769 1576 δωρησαμένῳ
1801 1506 1892 1559 τήν

297 1595 534 1668 εὐφορίαν
562 1602 695 1665 Θεῷ,
730 1615 787 1646 το
804 1602 884 1646 ira
917 1597 1006 1666 μεν
1047 1593 1139 1646 ούκ
1167 1592 1420 1656 ἐνενύησε,
1473 1593 1767 1652 σκοτισθεὶς
1794 1594 1892 1643 ύπό

293 1691 382 1743 τῆς
412 1683 703 1746 πλεονεξίας
737 1703 749 1715 ⁸
793 1686 960 1757 ἕτερον
1011 1681 1069 1736 δὲ
1125 1688 1314 1758 τρόπον
1360 1685 1651 1755 ἐνθυμεῖται
1702 1685 1893 1741 ταύτης

293 1771 522 1835 ἐπάξιον.

1414 385 1759 440 COMMENT
1799 383 1867 438 ΙΝ
1909 382 2175 438 LUCAM.
2217 413 2286 424 —-
2323 382 2479 437 CAP.
2523 381 2641 436 ΧΠ.

3551 383 3656 440 986

1999 507 2248 564 avaritia
2263 507 2484 562 habere
2501 506 2692 570 vellet,
2723 504 2827 560 sed
2851 521 2973 578 prie
2996 506 3372 563 multitudine
3386 525 3504 564 non
3525 526 3660 581 pos-

1999 602 2103 661 set,
2134 597 2316 652 haeret
2346 601 2402 650 et
2425 595 2682 664 angitur,
2719 600 3006 666 tanquam
3041 595 3373 652 admodum
3403 613 3654 670 pauper,

1999 686 2103 756 qui
2134 684 2387 740 nimium
2421 688 2548 739 erat
2570 683 2858 755 locuples.
2884 684 3195 753 Cognoscit
3217 686 3370 741 enim
3397 688 3558 759 quod
3585 689 3662 760 (Γ)

1999 791 2123 831 non
2141 774 2326 830 nimia
2347 778 2580 829 tantum
2605 773 2861 844 penuria,
2888 773 2987 827 sed
3016 773 3216 830 nimiae
3245 791 3487 848 quoque
3518 777 3662 832 divi-

2002 866 2097 920 tiae
2129 880 2348 934 angere
2385 864 2576 919 solent
2605 880 2616 918 :
2652 863 2731 918 ibi
2763 863 3008 935 quidem
3040 863 3118 918 ob
3157 880 3353 920 rerum
3390 882 3662 922 necessa-

2000 956 2221 1011 riarum
2260 955 2575 1026 penuriam
2610 970 2623 1019 ;
2658 954 2752 1008 hic
2785 959 2980 1008 autem
3011 953 3091 1009 ob
3125 953 3432 1011 facultates
3460 973 3662 1029 super-

2001 1047 2175 1110 ﬂuas,
2216 1044 2318 1100 ubi
2342 1043 2637 1099 rationem
2664 1059 2786 1099 non
2811 1042 3152 1112 habuerint,
3180 1061 3306 1116 quae
3355 1047 3658 1116 gubernet.

2071 1135 2398 1192 Considera
2438 1133 2618 1190 etiam
2649 1132 2794 1188 mihi
2826 1133 3182 1205 profundam
3238 1135 3658 1207 insipientiam.

2001 1225 2148 1281 Cum
2193 1224 2348 1280 enim
2385 1227 2610 1278 veteres
2654 1222 2872 1278 fructus
2917 1240 3206 1280 evacuare
3249 1231 3547 1296 oporteret
3601 1227 3660 1283 in

2002 1320 2233 1371 ventres
2273 1329 2613 1385 pauperum
2657 1330 2669 1364 :
2699 1316 2802 1368 aut
2834 1313 3015 1369 etiam
3064 1314 3138 1369 de
3169 1314 3281 1379 his,
3316 1316 3417 1388 qui
3468 1332 3663 1389 nuper

2002 1405 2138 1460 culti
2165 1408 2328 1459 erant
2365 1407 2599 1475 partem
2639 1417 2915 1470 errogare
2945 1404 3332 1474 pauperibus,
3374 1409 3429 1460 et
3458 1406 3539 1462 ita
3582 1406 3662 1462 lo-

2001 1512 2137 1551 cum
2183 1494 2371 1550 facere
2402 1493 2582 1548 etiam
2615 1492 2856 1548 abunde
2891 1497 3220 1564 patentem,
3255 1510 3324 1550 ac
3366 1496 3485 1551 Deo
3526 1512 3662 1567 gra-

2000 1586 2113 1642 tias
2144 1600 2320 1656 agere
2362 1585 2442 1639 ob
2484 1581 2840 1638 fertilitatem
2875 1582 3027 1639 :hoc
3069 1582 3162 1638 ille
3190 1599 3310 1640 non
3363 1585 3656 1654 cogitavit,

2003 1675 2252 1732 avaritia
2281 1671 2724 1737 obtenebratus,
2768 1671 2873 1728 sed
2900 1672 3085 1728 alium
3123 1672 3324 1731 locum
3360 1679 3659 1731 exstruere

2005 1764 2316 1821 meditatur
2342 1762 2796 1819 convenientem
2829 1779 2888 1834 g.

365 1867 464 1914 Kui
489 1861 597 1915 εἶπε
626 1894 694 1903 -
725 1861 898 1934 ἀγαθοί
936 1883 1036 1934 μου
1063 1862 1197 1935 (13).
1221 1862 1444 1934 ’Ἃφρονι
1474 1862 1588 1933 (lli)
1616 1861 1890 1933 συμϐούλῳ

2072 1855 2236 1909 Vers.
2265 1853 2352 1909 18.
2380 1853 2460 1908 Et
2484 1852 2638 1909 dixit
2661 1883 2731 1893 —-
2762 1852 2915 1908 bona
2934 1867 3083 1909 mea.
3117 1853 3483 1925 Imprudenti
3519 1870 3662 1910 usus

291 1950 456 2022 ἐαυτῷ
479 1955 816 2026 χρησάμενος
845 1951 1113 2023 ἐσκέψατο
1141 1953 1308 2003 πάντα
1337 1947 1696 2013 ὑποδέξασθαι
1721 1956 1890 2022 μόνος,

293 2043 376 2092 ἵνα
417 2043 612 2102 πάντας
675 2040 1008 2114 ἀποστερήσῃ
1073 2049 1166 2102 τῆς
1223 2040 1308 2091 ἀπ’
1391 2041 1558 2091 αὐτῶν
1634 2040 1890 2112 ὠφελείας,

293 2130 350 2181 ού
385 2138 634 2204 συνορῶν,
672 2132 752 2181 ὅτι
783 2130 840 2180 ού
875 2127 946 2181 δι’
979 2129 1132 2180 αὐτόν
1163 2135 1336 2201 μόνον,
1371 2129 1496 2180 ἀλλὰ
1531 2135 1618 2180 καὶ
1653 2127 1744 2181 διὰ
1774 2134 1895 2191 τοὺς

296 2214 484 2280 ἐνδεεῖς
517 2219 546 2276 ἡ
580 2224 737 2292 χώρα
778 2218 938 2269 αὐτοῦ
969 2218 1242 2293 εύφόρησε,
1280 2224 1368 2270 καὶ
1399 2219 1502 2290 ούχ
1536 2220 1616 2270 ἵνα
1647 2215 1890 2291 κερδαίνῃ

297 2311 415 2368 τούς
445 2311 698 2380 καρπούς,
731 2305 837 2358 ἀλλ’
873 2309 954 2358 ἵνα
1006 2307 1248 2380 οἰκονομῇ
1291 2311 1505 2367 τούτους
1553 2312 1641 2359 καὶ
1673 2305 1888 2380 διανέμῃ

296 2400 513 2455 καὶτοῖς
568 2399 801 2452 πένησιν.
841 2395 897 2448 Εἰ
941 2399 1038 2467 γὰρ
1089 2393 1162 2448 δι’
1213 2397 1365 2448 αὐτόν
1418 2402 1568 2467 μόνον
1619 2396 1890 2469 εύφόρησε,

293 2488 426 2556 μόνα
457 2483 517 2534 ἆν
556 2486 710 2556 ἔφυσε
749 2487 814 2535 τὰ
844 2483 1103 2557 ἀρκοῦντα
1130 2489 1315 2556 τούτῳ.

368 2577 465 2626 Καὶ
515 2571 611 2645 ἐρῶ
637 2604 703 2613 —
737 2573 1026 2646 εὐφραίνου.
1066 2573 1135 2625 Ὠ
1164 2573 1396 2640 πλούσιε,
1443 2577 1580 2646 ἔχεις
1612 2579 1700 2646 μὲν
1732 2575 1895 2627 πολλὰ

293 2660 482 2732 ἀγαθὰ,
549 2663 702 2715 πόθεν
751 2659 809 2714 δὲ
860 2669 1153 2734 γινώσκεις,
1204 2665 1284 2715 ὅτι
1339 2662 1634 2716 ἀπόκεινται
1684 2665 1754 2725 εἷς
1804 2667 1889 2723 ἔτη

289 2750 451 2803 πολλοὶ
484 2767 497 2817 ;
537 2751 688 2803 αύτοί
739 2770 792 2803 τε
839 2754 936 2825 γὰρ
970 2754 1018 2803 οἱ
1049 2757 1262 2824 καρποὶ,
1296 2758 1384 2804 καὶ
1422 2758 1486 2804 σύ
1517 2756 1645 2824 μετά
1675 2757 1887 2821 τούτων,

288 2842 566 2913 εὔφθαρτοί
593 2839 708 2893 ἐστε
735 2847 824 2892 καὶ
849 2845 1185 2916 πρόσκαιροι.
1237 2846 1323 2894 Διό
1355 2847 1443 2894 καὶ
1485 2843 1688 2904 εἰκότως
1719 2844 1890 2918 ἁφρων

287 2928 527 2990 ἐκλήθης.

358 3016 478 3071 Εἶπε
533 3050 602 3057 -
663 3017 763 3070 ἀπὸ
821 3027 936 3070 σοῦ.
993 3017 1144 3072 Εἶπεν
1211 3021 1352 3090 αύτῷ
1407 3029 1596 3088 ταῦτα,
1648 3019 1739 3074 δια
1797 3031 1887 3075 τοῦ

288 3105 604 3169 συνειδότος.
653 3113 780 3160 Τότε
842 3111 939 3183 γὰρ
999 3114 1056 3160 τό
1115 3107 1374 3174 συνειδὸς,
1423 3111 1727 3182 αἰσθόμενον
1796 3120 1887 3164 τοῦ

2003 1943 2272 2006 consilio,
2290 1941 2684 1998 consideravit
2701 1957 2822 2013 quo
2837 1946 3012 2013 pacto
3035 1942 3196 1998 solus
3211 1945 3417 1998 omnia
3436 1944 3665 2016 recipe-

2003 2037 2088 2089 ret
2124 2037 2189 2087 ut
2218 2046 2429 2087 omnes
2459 2029 2727 2094 utilitate,
2754 2046 2890 2102 quae
2923 2035 3128 2101 posset
3156 2047 3189 2086 a
3214 2032 3500 2088 fructibus
3529 2048 3662 2105 pro-

2003 2124 2221 2188 venire,
2254 2121 2601 2178 fraudaret:
2635 2136 2758 2177 non
2784 2120 3164 2192 perspiciens,
3195 2122 3355 2194 quod
3398 2138 3520 2179 non
3547 2125 3660 2196 ipsi

2005 2213 2132 2277 soli,
2153 2227 2352 2267 verum
2367 2211 2547 2266 etiam
2567 2209 2972 2281 indigentibus
2985 2225 3128 2280 ager
3154 2228 3300 2266 suus
3315 2212 3528 2268 uberes
3543 2212 3663 2269 fru-

2004 2307 2132 2358 ctus
2159 2300 2437 2358 attulerat
2468 2317 2480 2355 :
2516 2316 2705 2372 neque
2733 2299 3028 2355 utfructus
3047 2299 3437 2368 lucrifaceret,
3463 2302 3566 2356 sed
3600 2307 3666 2358 ut

2002 2393 2165 2464 ipsos
2191 2391 2580 2464 dispensaret,
2611 2405 2680 2445 ac
2705 2388 3068 2460 pauperibus
3095 2389 3404 2445 divideret.
3431 2390 3660 2446 Sienim

2002 2482 2110 2553 ipsi
2164 2480 2271 2536 soli
2313 2479 2520 2536 fertilis
2562 2478 2786 2543 fuisset,
2825 2482 2980 2536 certe
3036 2493 3108 2534 ea
3155 2485 3386 2536 tantum
3443 2481 3661 2553 produ-

2003 2573 2205 2635 xisset,
2238 2586 2374 2643 quae
2405 2569 2486 2624 illi
2509 2568 2654 2624 satis
2687 2567 2955 2626 fuissent.

2075 2663 2233 2716 Vers.
2268 2665 2350 2717 t9.
2373 2660 2455 2714 Et
2474 2659 2670 2714 dicam
2693 2690 2760 2698 —
2781 2657 2994 2728 gaude.
3029 2659 3072 2714 Ο
3103 2656 3297 2725 dives,
3325 2658 3516 2715 habes
3537 2659 3663 2732 qui-

2003 2751 2132 2806 dem
2160 2748 2348 2805 multa
2365 2749 2552 2804 bona:
2581 2747 2734 2802 unde
2753 2750 2958 2805 autem
2979 2748 3152 2812 nosti,
3195 2747 3361 2820 quod
3397 2748 3662 2821 reposita

2002 2840 2119 2896 sint
2157 2840 2217 2894 in
2235 2854 2426 2894 annos
2453 2837 2719 2893 multos?
2739 2837 2847 2908 ipsi
2877 2836 3296 2904 enimfructus,
3327 2843 3507 2910 tuque
3522 2854 3660 2894 cum

2000 2931 2164 3002 ipsis,
2186 2927 2599 3000 corruptibiles
2616 2926 2758 2982 estis
2771 2943 2840 2982 ac
2868 2926 3248 2999 temporales,
3269 2927 3524 3000 ideoque
3542 2943 3658 2983 me-

1998 3018 2110 3075 rito
2159 3018 2373 3074 stultus
2402 3024 2646 3074 vocatus
2686 3032 2768 3072 es.

2071 3108 2236 3163 Vers.
2275 3108 2357 3162 t6.
2387 3107 2474 3162 Ait
2498 3138 2566 3145 ——
2592 3122 2628 3161 a
2658 3111 2731 3161 te.
2765 3106 2909 3162 Haec
2936 3105 2992 3160 ei
3035 3105 3177 3160 dixit
3223 3121 3324 3176 per
3353 3105 3660 3161 conscien-

290 3197 530 3261 Θανάτου,
579 3205 797 3248 τοιαῦτα
850 3194 1162 3267 διαλέγεται.
1227 3204 1325 3251 Καὶ
1383 3201 1492 3271 ὅρα,
1551 3209 1654 3260 πῶς
1711 3201 1801 3252 οὖκ
1840 3201 1888 3252 ἐν

2008 3198 2143 3254 tiam
2177 3215 2190 3253 :
2223 3201 2365 3252 tunc
2395 3196 2544 3250 enim
2567 3194 2928 3250 conscientia
2953 3199 3205 3250 mortem
3228 3194 3491 3250 sentiens
3523 3195 3662 3251 talia

286 3292 357 3354 τῷ
386 3288 711 3358 περισσεύειν
733 3291 835 3337 τινὶ
861 3289 888 3344 ἡ
917 3288 1024 3346 ζωή
1051 3287 1190 3356 αύτῷ
1219 3289 1328 3358 (15)
1362 3287 1571 3339 ἐστινέκ
1595 3298 1691 3340 τῶν
1722 3291 1892 3365 ὑπαρ-

286 3379 490 3445 χόντων
514 3373 694 3440 αὐτοῦ,
737 3379 826 3426 καὶ
859 3385 966 3436 πῶς
995 3378 1059 3427 τὰ
1083 3379 1302 3448 περιττά
1328 3382 1576 3448 μέριμναν
1619 3382 1708 3450 μὲν
1750 3380 1890 3449 αὐτῷ

283 3461 650 3534 προεξένησαν,
681 3465 745 3524 ὡς
771 3467 991 3536 εἴρηται,
1028 3465 1166 3525 ζωήν
1204 3462 1262 3517 δὲ
1303 3469 1601 3538 προσθεῖναι
1637 3469 1729 3520 ούκ
1760 3466 1891 3527 ἠδυ-

289 3553 550 3610 νήθησαν.

353 3639 418 3695 Ἀ
457 3672 520 3681 -
553 3643 702 3693 ἔσται
747 3641 867 3709 ;Ού
921 3647 1073 3713 μόνον
1126 3646 1250 3716 γὰρ,
1308 3643 1342 3695 ἃ
1373 3643 1748 3720 ἐθησαύρισας,
1807 3654 1889 3700 σοὶ

285 3729 379 3782 οὐκ
415 3733 585 3795 ἔσται,
620 3733 689 3782 σα
713 3731 771 3782 ού
811 3736 1086 3802 γενήσεται
1119 3752 1130 3764 ο
1175 3731 1281 3784 ἀλλ’
1314 3731 1437 3786 οὐδὲ
1492 3731 1648 3793 δῆλόν
1683 3755 1784 3800 σοι,
1815 3741 1890 3788 τί-

283 3839 368 3880 νος
411 3821 561 3872 ἕσται
601 3828 779 3883 ταῦτα,
851 3824 950 3872 εἴτε
1001 3821 1342 3896 κληρονόμου,
1395 3827 1492 3876 εἴτε
1562 3824 1722 3893 ξένου,
1790 3829 1889 3878 εἴτε

284 3907 454 3980 φίλου,
510 3912 608 3961 εἶτε
675 3907 894 3982 ἐχθροῦ,
948 3909 973 3962 ό
1032 3916 1121 3962 καὶ
1174 3912 1299 3963 αὐτὸ
1371 3915 1645 3984 προσθήκη
1722 3915 1888 3977 λύπης

283 3995 416 4050 ἐστί.

355 4086 535 4147 Οὕτως
569 4117 634 4128 -
668 4087 918 4140 πλουτῶν.
952 4095 1009 4140 ‘O
1044 4090 1293 4160 θησαυρῷ
1345 4093 1621 4160 πεποιθὼς,
1670 4099 1759 4145 καὶ
1811 4099 1882 4166 μή

281 4176 348 4235 εἰς
381 4178 510 4228 Θεὸν
542 4175 760 4250 θαῤῥῶν,
795 4179 819 4228 ό
841 4184 1208 4249 ταμιευόμενος
1254 4180 1419 4250 ἐαυτῷ
1449 4184 1516 4233 τὰ
1566 4188 1882 4257 πρόσκαιρα,

282 4267 472 4334 καὶμὴ
505 4267 641 4315 κατὰ
671 4269 800 4318 Θεὸν
839 4267 1090 4322 πλουτῶν.
1157 4272 1300 4321 Κατά
1363 4274 1490 4322 Θεὸν
1533 4267 1590 4322 δὲ
1642 4272 1881 4336 πλοῦτος,

284 4353 312 4408 ἠ
347 4360 538 4413 κτῆσις
565 4361 662 4403 τῶν
695 4357 904 4425 ἀρετῶν.

359 4441 575 4492 Εἵπε-
629 4439 937 4515 ἐνδύματος.
1005 4445 1127 4500 Εἷπε
1173 4454 1340 4499 ταῦτα
1380 4454 1464 4500 καὶ
1515 4447 1562 4499 ἐν
1619 4458 1691 4518 τῷ
1757 4455 1885 4521 πέρ.-

287 4548 399 4600 πτῳ
442 4530 697 4603 κεφαλαίῳ
737 4542 824 4585 τοῦ
880 4539 1015 4587 κατά
1067 4539 1355 4601 Ματθαῖον,
1399 4543 1487 4589 καὶ
1541 4539 1771 4598 ζήτησον
1837 4539 1884 4590 ἐν

285 4617 456 4690 ἐκείνῳ
486 4625 578 4678 τὴν
616 4622 870 4694 ἐξήγησιν
909 4633 1019 4677 τοῦ·
1075 4629 1168 4678 Διά
1222 4635 1374 4679 τούτο
1429 4627 1559 4697 λέγω
1615 4629 1754 4699 ὑμῖν,
1809 4633 1879 4700 μή

284 4715 562 4783 μεριμνᾶτε
588 4719 648 4783 τῇ
677 4712 830 4786 ψυχῇ
867 4717 1028 4786 ὔμών,
1063 4721 1113 4767 τί
1161 4718 1358 4788 φάγητε
1389 4719 1418 4776 ἡ
1463 4722 1513 4769 τί
1539 4722 1710 4783 πίητε,
1746 4714 1884 4789 μηδὲ

285 4806 356 4867 τῷ
437 4805 642 4872 σώματι
735 4804 899 4875 ὑμῶν,
991 4810 1041 4856 τί
1099 4802 1390 4863 ἐνδύσησθε
1463 4806 1596 4880 (16),
1665 4814 1753 4860 xui
1819 4810 1884 4859 τὰ

283 4885 420 4950 ἑξῆς.

353 5014 400 5047 ’³
430 5014 628 5071 Matth.
661 5031 742 5084 νι,
783 5020 874 5072 25.

735 4804 899 4875 ὑμῶν,

2001 3286 2252 3342 disserit.
2273 3285 2337 3339 Et
2353 3284 2508 3349 vide,
2524 3283 2835 3356 quomodo
2849 3299 2967 3339 non
2984 3283 3044 3338 in
3063 3284 3438 3340 abundantia
3468 3285 3662 3356 cujus-

2002 3392 2180 3449 quam
2216 3376 2327 3430 vita
2359 3375 2487 3444 ejus
2517 3379 2604 3430 est
2628 3389 2700 3428 ex
2729 3373 2821 3428 his
2847 3389 2981 3446 quae
3003 3373 3285 3446 possidet,
3319 3379 3376 3430 et
3413 3390 3664 3446 quomo-

2001 3467 2078 3522 do
2111 3463 2414 3537 superﬂua
2435 3463 2897 3519 collicitudinem
2915 3463 3289 3536 quidemipsi
3313 3463 3663 3520 conciliave-

2001 3561 2156 3620 runt,
2195 3556 2380 3611 vitam
2412 3569 2552 3609 vero
2583 3553 2801 3608 addere
2833 3569 2950 3608 non
2993 3556 3337 3625 potuerunt.

2073 3647 2232 3700 Vers.
2262 3648 2352 3702 20.
2388 3645 2524 3713 Qua
2551 3644 2756 3699 cedent
2781 3642 2810 3698 7
2845 3646 2969 3699 Non
3001 3642 3207 3708 solum,
3243 3659 3374 3715 quae
3403 3643 3663 3699 recondi-

2001 3735 2159 3801 disti,
2177 3734 2283 3790 tibi
2301 3750 2422 3789 non
2436 3733 2666 3800 cedent,
2693 3737 2797 3788 tua
2817 3748 2934 3788 non
2953 3737 3143 3801 erunt,
3165 3733 3265 3788 sed
3283 3749 3392 3789 nec
3417 3733 3520 3789 tibi
3538 3749 3663 3790 ma-

2001 3825 2285 3881 nifestum
2317 3828 2422 3890 est,
2457 3822 2628 3893 cujus
2660 3822 2788 3877 haec
2819 3827 3013 3888 erunt,
3044 3827 3244 3877 utrum
3277 3822 3545 3887 haeredis,
3580 3838 3659 3878 an

1999 3914 2297 3987 peregrini
2327 3935 2339 3970 :
2373 3913 2569 3979 amici,
2599 3927 2676 3968 an
2721 3911 2945 3968 inimici
2976 3927 2988 3966 :
3023 3909 3190 3983 quod
3236 3911 3439 3984 ipsum
3480 3912 3660 3969 etiam

2000 4019 2317 4060 maerorem
2358 4003 2637 4074 adauget.

2067 4093 2233 4147 Vers.
2256 4095 2343 4146 2t.
2377 4091 2470 4146 Sic
2500 4121 2566 4130 —-
2596 4089 2850 4146 ditescit.
2886 4089 2997 4156 Qui
3022 4090 3301 4146 thesauro
3334 4090 3482 4157 ﬁdit,
3515 4097 3569 4146 et
3598 4090 3659 4146 in

2001 4185 2184 4237 Deum
2214 4197 2334 4236 non
2360 4181 2543 4236 habet
2572 4180 2882 4244 ﬁduciam,
2905 4179 3120 4251 quisibi
3140 4180 3200 4234 in
3229 4179 3492 4234 futurum
3511 4183 3659 4233 tem-

1997 4269 2491 4343 poraliareponit,
2513 4274 2567 4324 et
2589 4268 2923 4324 secundum
2939 4268 3123 4322 Deum
3143 4283 3261 4322 non
3281 4267 3512 4322 ditescit
3535 4283 3548 4332 ;
3574 4267 3658 4321 di-

1999 4358 2152 4414 vitia
2166 4373 2307 4413 vero
2322 4357 2655 4412 secundum
2671 4358 2880 4418 Deum,
2901 4355 3332 4426 suntaquisitio
3350 4355 3654 4410 virtutum.

2067 4448 2225 4503 Vers.
2256 4449 2344 4501 22.
2373 4447 2543 4502 Dixit
2565 4448 2796 4501 —-Vers.
2820 4444 3327 4500 23indumentum.
3356 4444 3660 4515 Haecquo—

1922 4567 1963 4620 Ι)
1997 4553 2113 4609 que
2155 4535 2302 4592 dixit
2329 4537 2539 4608 quinto
2565 4535 2734 4606 juxta
2774 4533 3115 4589 Matthaaum
3146 4533 3375 4604 capite;
3408 4536 3464 4588 et
3485 4533 3554 4597 jn
3587 4549 3658 4590 eo

1996 4642 2196 4699 quaere
2213 4625 2350 4681 dicti
2366 4625 2521 4680 illius
2534 4624 2963 4696 eXpositionem
2981 4639 2993 4677 :
3010 4628 3324 4693 propterea
3335 4622 3462 4678 dico
3475 4623 3653 4690 vobis,

1995 4731 2063 4772 ne
2087 4715 2330 4772 solliciti
2352 4717 2480 4771 sitis
2511 4716 2722 4771 animae
2749 4724 2973 4781 vestrae,
3000 4713 3142 4784 quid
3169 4712 3355 4769 edatis
3379 4717 3483 4768 aut
3512 4714 3658 4784 quid

1998 4806 2209 4863 bibatis
2233 4821 2423 4879 neque
2451 4804 2690 4874 corpori
2718 4811 2912 4862 vestro
2940 4803 3088 4877 quid
3130 4803 3466 4860 induamini
3493 4804 3561 4869 ⁸³,
3599 4808 3657 4861 et

1997 4900 2228 4954 caetera.

1512 5118 1737 5187 Variae
1764 5118 2094 5189 lectiones
2135 5127 2201 5187 et
2226 5128 2411 5188 notae

351 5279 595 5364 (13)_Hic
716 5288 871 5364 textu
898 5286 1101 5364 omittit
1135 5287 1468 5364 Hentenius,
1501 5293 1590 5342 καὶ
1619 5291 1682 5341 τὰ
1712 5287 1886 5361 ἀγαθά

280 5369 402 5422 μου.
437 5353 658 5408 Monuit
679 5370 750 5410 ea
777 5357 851 5412 de
881 5373 944 5413 re
972 5359 1029 5413 in
1077 5359 1447 5417 Praefatione.

351 5422 805 5504 guilngeniose
836 5429 910 5484 de
949 5431 1163 5504 eodem
1187 5431 1507 5504 Theophyl-
1569 5449 1627 5501 p.
1680 5433 1783 5488 408
1813 5435 1880 5498 Α,

278 5494 304 5544 ὁ
332 5491 391 5546 δε
422 5491 508 5548 οὖν
538 5497 772 5572 ἄκαρπος
800 5506 917 5576 περὶ
965 5506 1059 5560 τὴν
1118 5491 1529 5576 εὐσπλαγχνίαν,
1562 5491 1712 5569 ὥστε,
1758 5491 1880 5578 πρὶν

280 5709 290 5718 ,
349 5637 421 5718 (γ’)
456 5639 765 5718 Cognoscit
811 5643 1188 5718 enimquod.
1232 5649 1360 5702 Haec
1393 5647 1609 5703 frustra
1648 5646 1882 5703 addidit

278 5709 585 5790 interpres.
612 5709 740 5766 Οἰδε
770 5715 918 5770 nihil
944 5709 1105 5772 aliud
1139 5724 1226 5773 est
1247 5735 1433 5790 quam
1471 5721 1638 5777 solet.

352 5781 426 5853 (g)
455 5781 1452 5848 Locum—convenientemltlodum
1481 5793 1772 5862 excogitat
1808 5810 1880 5852 ea

1990 5294 2020 5350 ἣ
2051 5289 2241 5354 λαϐεῖν,
2277 5298 2536 5362 συνεῖχεν.

2094 5363 2175 5431 t5)
2209 5363 2294 5434 [ta
2330 5360 2572 5434 quoque
2602 5363 2642 5416 Ι.
2677 5361 2718 5415 Ι.
2754 5363 2827 5434 in
2850 5365 3121 5417 contextu
3160 5360 3346 5434 codex
3387 5363 3648 5434 uterque.

2093 5429 2419 5506 t6)70odex
2461 5429 2500 5487 Β
2543 5434 2694 5490 inter
2745 5429 3041 5492 ἐνδύσησθε
3094 5437 3150 5489 et
3207 5429 3490 5486 ἐνδύσεσθε
3533 5429 3653 5485 δι]-

1991 5504 2160 5560 bium
2182 5505 2317 5562 facit
2339 5505 2637 5561 lectorem.

1987 5648 2262 5718 dignum.
2309 5648 2604 5722 interpres
2671 5648 2903 5706 videtur
2947 5648 3165 5722 legisse
3219 5651 3400 5704 τόπον.
3449 5616 3655 5704 Ταύτης

1985 5721 2237 5778 refertur
2257 5720 2334 5778 ad
2359 5719 2668 5787 πλεονεξίας.
