4210 6486
558 346 663 402 987
1880 350 2224 409 EUTHYMll
2267 351 2596 410 ZIGABENI
3861 349 3968 405 988

635 473 797 530 Vers.
824 475 914 530 24.
941 474 1323 532 Considerate
1344 505 1402 516 -
1431 475 1814 533 volucresﬂn
1829 475 1928 532 illo
1959 476 2136 532 etiam
2150 475 2225 531 de
2256 479 2297 532 Α

2410 481 2778 534 Κατανοήσατε
2808 508 2875 518 -
2911 483 3150 530 πετεινῶν
3182 493 3194 539 ;
3225 475 3307 528 Ἐν
3334 474 3501 546 ἐνείνῳ
3531 481 3620 528 καὶ
3665 480 3803 549 περὶ
3829 477 3966 526 τού-

565 561 658 618 his
687 565 974 620 invenies.

2335 585 2432 618 των
2464 569 2721 640 εὑρήσεις.

634 653 797 708 Vers.
832 655 918 708 25.
968 654 1175 719 Quis—
1206 657 1363 710 Vers.
1399 659 1489 711 ‘26.
1547 657 1792 712 solliciti
1819 657 1956 713 estis
2000 657 2078 711 De
2108 655 2222 712 hoc

2402 662 2493 718 Τίς
2524 663 2909 730 -μεριμνᾶτε,
2969 656 3103 708 Ἐκεῖ
3157 659 3244 706 καὶ
3296 657 3415 728 περὶ
3465 656 3649 706 τούτου
3700 658 3954 724 εῖρηται.

563 758 802 815 quoque
828 743 910 799 ibi
932 744 1148 800 dictum
1170 750 1276 800 est.
1299 745 1604 802 Minimum
1635 751 1835 802 autem
1868 751 2044 803 vocat
2061 745 2220 816 adje-

2335 745 2648 816 Ἐλιίχιστον
2706 743 2764 799 δι
2804 745 2936 815 λέγει
2987 750 3077 802 τὴν
3143 763 3422 814 πηχυαιαν
3481 745 3808 815 προσθήκην
3867 753 3962 806 τῆς

563 833 818 889 ctionem
853 834 1200 906 quantitatis
1231 834 1506 890 cubitalis
1531 835 1608 891 ad
1636 841 1946 892 staturam.
2334 834 2555 895 ἡλικίας.

635 923 797 977 Vers.
825 925 914 978 27.
935 923 1312 980 Considerate
1333 955 1402 966 —
1420 926 1579 982 Vers.
1599 926 1687 981 28.
1709 941 1926 995 parum
1955 925 2219 993 ﬁdentes.

2407 931 2770 982 Κατανοήσατε
2805 955 2867 964 -
2895 923 3241 994 ὀλιγόπιστοι.
3302 927 3401 974 Καὶ
3430 928 3547 994 περὶ
3577 925 3789 974 τούτων
3817 921 3870 973 ἐν
3892 931 3962 992 τῷ

568 1013 648 1067 De
679 1011 772 1068 his
801 1015 976 1068 etiam
1013 1013 1294 1084 prmdicto
1325 1015 1518 1087 capite
1551 1015 2007 1087 disputavimus.

1517 1041 1518 1062 ι
1551 1015 2007 1087 disputavimus.
2332 1016 2539 1089 ῥηθέντι
2570 1013 2829 1084 κεφαλαίῳ
2859 1009 3179 1083 διελάϐομεν.

636 1103 802 1157 Vers.
835 1104 922 1158 29.
957 1103 1032 1158 Et
1063 1119 1158 1159 vos
1190 1134 1260 1144 —
1288 1105 1453 1159 Vers.
1484 1106 1571 1160 31.
1608 1105 1787 1160 vobis.
1834 1104 2117 1160 Praeterea

2408 1108 2507 1155 Καὶ
2533 1104 2678 1174 ὑμεῖς
2733 1134 2800 1142 -
2831 1103 2970 1173 ὑμῖν.
3004 1100 3121 1154 Ἔτι
3149 1104 3240 1152 καὶ
3277 1105 3396 1170 περὶ
3433 1103 3644 1164 τούτων,
3703 1104 3808 1152 καὶ
3842 1097 3959 1152 ἀνά·

566 1191 703 1247 etde
716 1191 808 1246 his
831 1210 843 1250 :
871 1191 950 1247 ibi
966 1208 1107 1264 ergo
1129 1192 1256 1262 lege
1270 1193 1537 1249 omnium
1555 1192 1768 1249 horum
1783 1193 2223 1250 enarrationem

2331 1193 2492 1261 γνωΘι
2522 1190 2624 1244 ἐκεῖ
2661 1196 2754 1249 την
2784 1201 2881 1243 τῶν
2907 1191 3180 1264 εἰρημένων
3206 1191 3408 1241 πάντων
3435 1188 3683 1259 ἐξήγησιν
3717 1187 3962 1262 ἀκριϐῶς

567 1280 878 1351 diligenter
917 1281 1269 1353 expositam.

1038 1281 1269 1338 ositam.
2333 1279 2700 1351 ὶκτεθειμένην.

635 1371 1057 1446 Μετεωρίζεσθαι
1082 1376 1302 1427 autem.
1339 1375 1472 1444 (pro
1513 1387 1637 1444 quo
1670 1373 1875 1430 extolli
1917 1374 2224 1444 vertimus)

2407 1375 2769 1441 Μετεωρισμον
2802 1371 2918 1437 (17)
2965 1365 3023 1420 δε
3049 1373 3151 1421 νόει
3177 1387 3265 1439 μοι
3297 1375 3383 1419 νῦν
3415 1371 3500 1419 τὸν
3539 1370 3955 1441 περισπασμὸν,

564 1458 661 1515 hic
695 1459 840 1514 mihi
865 1459 1141 1527 intellige,
1170 1476 1205 1515 a
1230 1459 1574 1516 ecelestibus
1601 1459 1845 1516 distrahi
1868 1459 1947 1515 ad
1970 1466 2222 1516 terrena.

1701 1459 1845 1516 trahi
1868 1459 1947 1515 ad
1970 1466 2222 1516 terrena.
2335 1462 2419 1509 τὸν
2445 1458 2544 1510 ὰπὸ
2574 1469 2672 1511 τῶν
2702 1459 2951 1530 οὐρανίων
2983 1457 3066 1509 ἐπὶ
3095 1461 3158 1509 τὰ
3186 1463 3363 1528 γηῐνα.

634 1550 734 1620 1"}-
759 1550 872 1603 Aut
903 1549 1240 1620 superbiam
1274 1565 1377 1604 seu
1417 1551 1597 1605 elatos
1639 1549 1899 1620 spiritus.

1681 1549 1899 1620 piritus.
2411 1548 2431 1621 [
2461 1548 2526 1600 Ἤ
2569 1549 2681 1617 (18)
2723 1553 2814 1605 τὴν
2839 1547 3290 1621 ὑψηλοφροσύνην.
3323 1545 3343 1618 ]

639 1641 794 1694 Vers.
813 1643 880 1695 32
894 1683 907 1694 .
929 1640 1022 1694 Ne
1037 1655 1288 1707 -gre.1:.
1312 1639 1640 1710 Postquam
1657 1655 1689 1695 a
1709 1638 2002 1710 corporali
2017 1638 2224 1694 sollici-

2407 1641 2486 1695 Μὴ
2570 1645 2823 1707 ποίμνιον.
2897 1639 3227 1697 Ἀποστήσας
3309 1644 3404 1698 τῆς
3474 1645 3792 1707 σωματικῆς
3874 1655 3952 1707 με’

566 1728 770 1784 tudine
802 1728 1273 1800 adduxit,jubet,
1298 1744 1418 1784 non
1451 1729 1658 1784 timere
1683 1728 2073 1798 indigentiam
2101 1744 2224 1784 eor-

2336 1734 2539 1802 ρίμνης,
2583 1727 2794 1790 κελεύει,
2850 1731 2919 1798 μὴ
2956 1725 3224 1798 φοϐεῖσθαι
3291 1730 3384 1782 τὴν
3447 1721 3645 1776 ἔνδειαν
3709 1735 3812 1785 τῆς
3856 1743 3950 1777 σω⁸

567 1817 790 1890 poralis
811 1818 1182 1873 necessitatis
1208 1817 1521 1889 :pusillum
1550 1832 1791 1886 gregem
1818 1833 2062 1884 vocans,
2087 1832 2226 1872 con-

2289 1826 2560 1890 ιματικῆς
2622 1822 2824 1890 χρείας.
2891 1819 3089 1887 Μικρὸν
3149 1811 3207 1866 δι
3250 1820 3484 1885 ποίμνιον
3537 1813 3693 1885 λέγει,
3761 1819 3823 1865 τὸ
3867 1817 3951 1866 σύ-

568 1910 979 1977 gregationem
1009 1907 1297 1973 ﬁdelium,
1331 1907 1602 1964 collatam
1638 1907 1716 1963 ad
1749 1907 2222 1977 magnitudinem

2342 1927 2520 1978 στημα
2547 1916 2642 1957 τῶν
2671 1914 2890 1970 πιστῶν,
2943 1907 3062 1956 ὅσον
3105 1907 3230 1978 πρὸς
3279 1907 3336 1955 τὸ
3394 1905 3607 1974 μέγεθος
3648 1911 3746 1965 τῆς
3802 1902 3950 1973 ἀγγε-

567 1997 850 2066 αηεοιὶοω
870 1997 1281 2055 multitudinis.
1301 2000 1360 2052 ln
1381 1996 1670 2069 parabola
1692 1997 2013 2068 siquidem,
2038 2012 2225 2066 ange-

2339 1996 2490 2058 λικῆς
2520 1995 2764 2054 πληθύος.
2794 1997 2875 2048 Ἐν
2908 2002 2969 2065 τῇ
3005 1991 3270 2068 παραϐολῇ
3300 1995 3401 2064 γὰρ
3429 1996 3550 2054 τοὺς
3575 1996 3665 2064 μεν
3697 1992 3947 2063 moon;

568 2085 679 2153 los,
711 2087 1040 2156 nonaginta
1056 2102 1271 2142 novem
1296 2103 1436 2143 oves
1462 2086 1805 2160 appellavit,
1831 2085 2038 2141 ﬁdeles
2061 2102 2227 2142 vero-

2344 2086 2783 2142 ἐνενηκονταεννέα
2855 2082 3093 2155 προϐατα
3154 2079 3261 2136 εἶπε
3320 2100 3331 2110 ·
3391 2086 3507 2142 τούς
3584 2079 3644 2134 δέ
3707 2085 3940 2140 πιστούς,

571 2191 779 2232 unam.
2344 2177 2412 2227 ἓν.

643 2264 751 2320 Vel
771 2265 946 2321 etiam
971 2265 1047 2322 ad
1080 2265 1560 2338 magnitudinem
1587 2265 1986 2322 multitudinis
2016 2264 2231 2322 inﬁde-

2414 2263 2482 2317 Ἦ
2541 2268 2629 2316 καὶ
2679 2266 2806 2337 πρὸς
2853 2266 2910 2314 τὸ
2958 2263 3173 2334 μέγεθος
3229 2268 3320 2312 τοῦ
3376 2259 3608 2323 πλήθους
3660 2269 3755 2313 τῶν
3817 2257 3935 2310 ἀπίε-

569 2353 740 2410 lium.

2365 2373 2499 2407 ι’των.
4017 2342 4027 2352 .

641 2446 756 2500 Aut
790 2450 1034 2518 propter
1053 2445 1448 2501 voluntariam
1467 2444 1857 2514 dejectionem
1883 2443 2236 2516 hujusmodl

2414 2443 2480 2495 Ἦ
2514 2447 2600 2494 καὶ
2641 2437 2734 2494 διὰ
2764 2447 2853 2498 την
2906 2440 3144 2493 ἑκούσιον
3192 2443 3501 2492 ταπείνωσιν
3554 2447 3641 2492 τοῦ
3699 2441 3926 2490 τοιούτου

575 2533 789 2605 gregis.
831 2534 1052 2590 Deinde
1101 2550 1354 2591 causam
1407 2534 1588 2590 etiam
1647 2533 1834 2599 addit,
1879 2549 1986 2589 cur
2023 2534 2234 2591 timere

2345 2538 2585 2603 ποιμνίου
2621 2551 2632 2562 ·
2666 2528 2774 2582 εἶτα
2821 2532 3145 2603 προστίθησι
3174 2534 3264 2581 καὶ
3307 2533 3399 2586 τὴν
3440 2529 3600 2580 αἰτίαν
3624 2534 3709 2579 τοῦ
3727 2529 3798 2598 μὴ
3831 2543 3916 2594 φο-

572 2638 687 2679 non
729 2629 1018 2695 oporteat.

910 2629 1018 2679 eat.
2345 2622 2572 2675 ϐεῑσθαι.

647 2715 806 2768 Vers.
835 2713 923 2768 32.
947 2713 1174 2781 Quia—
1198 2729 1462 2784 regnum.
1499 2712 1668 2778 Quod
1700 2712 1748 2767 si
1772 2712 1925 2768 adeo
1948 2726 2232 2780 magnam

2413 2712 2528 2763 Ὀτι
2566 2710 2857 2783 βασιλείαν.
2884 2710 2941 2763 Εἰ
2971 2706 3030 2761 δε
3073 2713 3166 2767 τὴν
3198 2709 3333 2760 οὕτω
3372 2707 3596 2780 μεγάλην
3625 2711 3710 2758 καὶ
3739 2704 3925 2776 ἐξαίρεε

572 2817 643 2857 ac
669 2801 1106 2872 praecellentem
1136 2801 1472 2857 fruitionem
1503 2800 1727 2866 tribuit,
1766 2801 1935 2856 dabit
1960 2801 2165 2874 utique
2179 2806 2234 2857 et

2345 2822 2427 2854 τον
2458 2801 2743 2852 ἀπόλαυσιν
2784 2796 3002 2861 δίδωσι,
3058 2795 3220 2851 δώσει
3248 2801 3448 2858 πάντως
3477 2802 3566 2850 καὶ
3594 2800 3657 2849 τὰ
3685 2796 3931 2865 ἀναγκαῖα

570 2891 925 2955 necessaria,
955 2892 1207 2962 vitaeque
1234 2890 1611 2946 sufficientia.

1039 2906 1207 2962 asque
1234 2890 1611 2946 sufficientia.
2344 2899 2432 2943 καὶ
2466 2893 2698 2963 ζωαρκῆ.

643 2981 801 3034 Vers.
823 2980 909 3036 33.
936 2980 1251 3036 Vendite—
1269 2981 1708 3050 eleemosynam.
1731 2980 1850 3036 Hoc
1868 2985 2231 3052 praeceptum

2417 2981 2695 3037 Πωλήσατε
2753 3010 2820 3018 -
2879 2977 3247 3048 ἐλεημοσύνηνι
3307 2978 3446 3034 Αύτη
3498 2978 3528 3034 ἡ
3589 2974 3756 3032 ἐντολὴ
3817 2975 3935 3046 πρὸς

573 3068 651 3125 ad
679 3084 803 3134 eos,
835 3069 937 3140 qui
960 3070 1192 3133 habent,
1227 3069 1519 3140 dirigitur.

2343 3076 2463 3130 τούς
2491 3072 2602 3139 (19)
2638 3071 2853 3140 ἔχοντας
2884 3067 3214 3120 ἀποτέταται.

643 3159 808 3214 Vers.
834 3164 921 3215 33.
954 3160 1830 3217 Facite—corrodit.Baldvnov
1854 3165 1943 3215 est
1967 3161 2092 3232 ipse
2112 3159 2231 3216 the-
2269 3195 2305 3247 ρ

2273 3195 2307 3247 C
2418 3166 2676 3216 Ποιήσατε
2760 3188 2828 3197 —
2900 3153 3209 3229 διαφθείρει,
3286 3155 3559 3207 Βαλάντιον
3649 3156 3760 3224 (20)
3854 3154 3935 3222 μέν

572 3264 806 3304 saurus.
844 3252 969 3305 Non
994 3255 1384 3318 veteraseens,
1418 3250 1576 3305 idem
1605 3257 1711 3313 est,
1752 3249 1918 3322 quod
1939 3265 2061 3306 non
2093 3249 2234 3305 deti-

2274 3240 2307 3247 “
2344 3249 2553 3316 ἕστιν,ὁ
2587 3251 2851 3317 θησαυρός
2882 3266 2893 3278 ο
2932 3251 3002 3319 μή
3061 3245 3437 3317 παλαιούμενον
3487 3240 3568 3307 δε,
3627 3248 3686 3296 τὸ
3722 3241 3935 3294 ἀνέκλει-

575 3340 732 3396 ciens
774 3356 787 3406 ;
821 3339 1087 3396 secunda
1122 3340 1324 3414 itaque
1351 3340 1641 3412 particula
1680 3341 2117 3410 interpretativa
2146 3345 2234 3395 est

2344 3359 2468 3390 πτον
2503 3382 2512 3392 .
2547 3335 2632 3390 διὸ
2654 3343 2742 3388 καὶ
2790 3336 3212 3408 ἐφερμηνεντικός
3259 3338 3398 3386 ἐστιν
3440 3335 3466 3384 ὁ
3496 3329 3735 3406 δεύτερος
3775 3332 3937 3400 λόγος.

573 3429 803 3501 primae.
820 3429 969 3499 Lege
983 3435 1262 3501 prasterea
1273 3430 1480 3501 quinto
1492 3430 1512 3500 j
1525 3435 1662 3484 uxta
1679 3429 2030 3486 Matthazum
2046 3429 2234 3500 capite

2345 3429 2632 3500 Ἀνοὲγνωθι
2671 3423 2728 3478 δε
2759 3432 2842 3476 καὶ
2894 3424 2941 3476 ὲν
2973 3434 3042 3494 τῷ
3075 3429 3288 3495 πέμπτῳ
3347 3422 3604 3495 κεφαλαίῴ
3667 3430 3762 3474 τοῦ
3817 3421 3941 3472 κατά

572 3518 1115 3590 interpretationem
1136 3519 1264 3589 ejus
1286 3518 1450 3590 quod
1473 3518 1646 3573 dicit:
1675 3518 1763 3574 Ne
1785 3518 2115 3574 recondatis
2140 3533 2234 3574 vo-

2345 3519 2612 3570 Matbaiow
2666 3520 2758 3571 την
2800 3514 3067 3588 ἑρμηνείαν
3103 3522 3192 3564 τού
3228 3530 3238 3541 ·
3294 3518 3377 3570 Μὴ
3438 3513 3784 3584 θησαυρίζετε
3832 3510 3943 3580 ύμῖν

575 3607 660 3662 bis
690 3608 977 3663 thesauros
1025 3608 1087 3662 in
1132 3615 1296 3662 terra
1326 3608 1395 3672 ἰ,
1428 3612 1486 3662 et
1515 3613 1748 3672 caatera,
1784 3608 1878 3663 ubi
1919 3609 2098 3663 etiam
2159 3606 2234 3662 de

2348 3610 2643 3679 θησαυρούς
2694 3605 2776 3656 ἐπὶ
2814 3612 2907 3664 τῆς
2946 3611 3065 3673 γῆς,
3117 3609 3206 3655 καὶ
3245 3605 3310 3654 τὰ
3341 3601 3477 3665 ἑξῆς,
3520 3603 3639 3653 ἔνθα
3685 3607 3779 3653 καὶ
3835 3600 3943 3671 περὶ

574 3695 846 3768 his,qum
899 3700 1249 3766 sequuntur,
1301 3695 1582 3751 invenies.

1216 3711 1249 3760 Γ,
1301 3695 1582 3751 invenies.
2347 3706 2443 3747 τὼν
2478 3696 2591 3757 ἑξῆς
2622 3697 2878 3765 εύρησεις.

651 3784 811 3839 Vers.
843 3788 928 3839 34.
965 3784 1072 3841 Ubi
1105 3814 1170 3824 —-
1201 3784 1332 3840 erit.
1366 3788 1804 3858 Consequenter
1837 3784 1918 3840 ibi
1947 3785 2126 3840 etiam
2160 3784 2236 3841 de

2415 3785 2593 3836 Ὀππυ
2623 3814 2689 3824 -—
2730 3785 2892 3834 ἔσται.
2918 3780 3239 3842 Ἀκολούθως
3289 3780 3393 3832 ἐκεῖ
3429 3785 3519 3832 καὶ
3580 3784 3696 3852 περὶ
3755 3780 3943 3831 τούτων

575 3873 670 3929 his
702 3873 923 3928 dictum
955 3879 1061 3929 est.

898 3889 923 3928 ο
955 3879 1061 3929 est.
2348 3875 2560 3949 ἐρρήθη.

649 3962 813 4018 Vers.
843 3963 940 4018 35.
995 3962 1116 4018 Sint
1137 3994 1204 4004 —
1231 3979 1494 4020 accensa.
1529 3964 1674 4019 Cum
1707 3963 2058 4036 prmcinctos
2107 3977 2236 4018 esse

2417 3963 2692 4016 Ἔστωσαν
2749 3993 2811 4001 -
2881 3967 3166 4032 καιόμενοι.
3253 3962 3347 4011 Διά
3421 3965 3511 4030 μεν
3578 3966 3669 4010 τοῦ
3737 3957 3943 4010 κελεύειν

574 4050 764 4123 jubet,
805 4051 1148 4124 practicam,
1179 4053 1300 4108 sive
1326 4053 1714 4125 operativam,
1748 4052 2029 4124 proponit
2058 4053 2236 4108 virtu-

2346 4053 2712 4127 περιεζῶσθαι,
2792 4055 2882 4108 τὴν
2957 4054 3248 4124 πρακτικὴν
3339 4047 3523 4123 ἀρετὴν
3599 4047 3940 4100 ὑποτίθεται*

577 4148 724 4196 tem:
744 4157 883 4196 cum
911 4158 1050 4198 vero
1070 4141 1346 4198 lucernas
1373 4141 1619 4197 accendi
1651 4141 1940 4214 praecipit,
1972 4147 2236 4198 contem-

2349 4141 2440 4195 διὰ
2495 4139 2553 4194 δε
2601 4150 2690 4193 τοῦ
2759 4139 3045 4192 ἐπιτάττειν
3097 4139 3431 4210 λυχναπτεῖν,
3475 4141 3563 4194 τὴν
3605 4138 3941 4208 θεωρητικήν.

576 4230 886 4302 plativam.
905 4231 1276 4288 Solentenim
1294 4232 1396 4304 qui
1411 4230 1638 4303 aliquid
1653 4236 1976 4303 cperantur
1992 4231 2234 4287 lumbos

2349 4234 2704 4301 Εἰωθασιγάρ
2750 4234 2838 4280 καὶ
2869 4231 2916 4280 οἰ
2975 4229 3310 4300 ἐργαζομενοι
3367 4231 3459 4289 τὰς
3523 4227 3722 4298 ὀσφύας
3776 4241 3943 4296 περιε-

577 4320 798 4377 habere
819 4321 1379 4394 praecinctos,etqui
1396 4321 1560 4391 casti,
1587 4321 1840 4378 modesti
1855 4337 1923 4378 ac
1943 4321 2126 4377 sobrii
2146 4321 2233 4393 (Ιι)

2352 4325 2570 4386 ξςη-οαιν
2633 4325 2722 4371 καὶ
2767 4322 2814 4371 οὶ
2867 4325 3104 4390 νήφοντες
3191 4317 3415 4387 λύχνους
3461 4323 3646 4374 καίειν,
3741 4319 3790 4368 οἱ
3837 4317 3939 4385 μὲν.

576 4410 821 4482 degunt,
846 4410 1121 4466 lucernas
1142 4411 1458 4466 incendere
1490 4428 1501 4466 :
1520 4411 1602 4466 illi
1620 4412 1870 4484 quidem
1891 4417 1955 4467 ut
1973 4411 2236 4484 expedite

2349 4414 2430 4463 ἱνα
2456 4409 2716 4470 εὐσταλῶς
2772 4410 3068 4461 ποοὲττωσιν
3103 4426 3114 4438 '
3143 4409 3191 4459 οἱ
3237 4403 3314 4471 δὲ,
3351 4408 3430 4457 ἱνα
3492 4407 3796 4479 θεωροῦντες
3825 4399 3942 4455 διά-

578 4506 932 4574 operentur;
961 4501 1020 4556 hi
1054 4516 1190 4556 vero
1239 4508 1302 4558 ut
1349 4501 1405 4556 in
1437 4501 1567 4556 luce
1607 4507 2019 4572 permaneant.
2271 4550 2314 4603 Β
2345 4518 2500 4570 γωσι.

651 4591 830 4647 Aliter
884 4606 1125 4663 quoque
1191 4605 1296 4662 per
1346 4589 1691 4646 lumborum
1750 4589 2236 4662 praecinctionem
2271 4584 2313 4603 ν

2282 4584 2313 4603 υ
2423 4594 2520 4642 Καὶ
2554 4589 2731 4660 ἑτέρως
2787 4584 2865 4650 δὲ,
2900 4590 2928 4644 ὴ
2985 4591 3073 4658 μεν
3131 4596 3229 4638 τῶν
3275 4585 3480 4656 ὀσφύων
3519 4588 3825 4653 περίζωσις.
3860 4584 3944 4635 τὴν

581 4681 658 4737 ad
690 4679 1172 4750 concupiscibilis
1219 4679 1620 4749 alligationem
1652 4679 2041 4746 adhortatur;
2093 4695 2235 4735 nam

2348 4699 2436 4730 τον
2502 4680 2880 4748 ἐπιθυμητικοῦ
2949 4672 3354 4748 περιδέσμευσιν
3436 4671 3789 4726 διακελεύεται
3851 4687 3862 4698 ’
3902 4666 3944 4717 ἒν

580 4769 879 4826 inlumhis
899 4769 1361 4841 concupiscibile
1380 4770 1557 4826 situm
1591 4775 1698 4836 est,
1728 4785 1834 4841 per
1855 4769 2238 4826 lucernarum

2349 4775 2462 4826 ταῖς
2507 4766 2700 4837 ὀσφύσι
2754 4770 2852 4837 γὰρ
2917 4773 3084 4818 κεῖται
3135 4769 3192 4817 τὸ
3247 4764 3620 4834 ἐπιθυμητικόν
3665 4781 3675 4791 ·
3717 4764 3746 4820 η
3776 4759 3832 4814 δε
3852 4765 3943 4810 τῶν

581 4874 724 4916 vero
763 4859 1201 4926 accensionem,
1249 4858 1629 4930 splendorem
1677 4857 1971 4915 interioris
2014 4872 2085 4914 ac
2122 4856 2240 4914 elo-

2348 4856 2552 4928 λύχνων
2611 4863 2814 4926 καῦσις,
2885 4858 3072 4922 εἰτουν,
3129 4852 3414 4914 ἀνάκανσις
3463 4857 3546 4904 καὶ
3604 4851 3816 4923 ἄναψις,
3858 4849 3944 4903 τὴν

654 5039 703 5076 ⁹⁴
731 5038 932 5098 Matth.
964 5037 1148 5098 v1.49.

1810 5161 2029 5230 Variae
2066 5160 2396 5228 lectiones
2442 5166 2510 5227 et
2547 5168 2750 5226 notae.

655 5366 766 5438 (17)
794 5365 1113 5438 Hentenius
1138 5378 1387 5438 prosuo
1417 5360 1694 5438 arbritrio
1724 5359 2244 5438 videturscripsis-
2352 5356 2534 5438 habet
2559 5357 2900 5438 lientenius.

587 5428 672 5552 ᾖδ’
700 5428 1158 5552 μ’έτεωρέζεσθοιι.⁸
1186 5434 1366 5505 Igitur
1410 5435 1580 5491 stiam
1640 5435 2006 5507 περισπασμὸν
2054 5428 2244 5487 t‘éddi-

633 5512 668 5552 Η
746 5511 880 5552 {atra
932 5512 955 5552 ί

1221 5434 1366 5505 gitur
1410 5435 1580 5491 stiam
1640 5435 2006 5507 περισπασμὸν
2054 5428 2244 5487 réddi-
2573 5428 2883 5552 ἓέἷῖἔέοἴοῖ.

588 5511 672 5566 dit
700 5503 972 5564 distrahi.
1223 5503 1234 5505 ἡ
1704 5503 1713 5507 ’
1913 5503 1918 5504 ⁷

660 5583 774 5653 (18)
803 5580 1058 5645 Inclusa,
1089 5579 1145 5634 in
1175 5584 1334 5634 textu
1363 5579 1421 5643 Β,
1450 5578 1509 5633 in
1545 5575 1834 5646 margine,
1866 5578 1936 5631 A.
1979 5577 2104 5631 Non

1704 5503 1713 5507 ’
1913 5503 1918 5504 ⁷
2428 5503 2545 5572 (20)
2573 5503 2900 5570 Βαλλοέντιον,
2930 5505 2990 5552 Α.

1328 5597 1334 5634 ι
1363 5579 1421 5643 Β,
1450 5578 1509 5633 in
1545 5575 1834 5646 margine,
1866 5578 1936 5631 A.
1979 5577 2104 5631 Non

659 5761 747 5832 (h)
778 5757 988 5814 Tribus
1029 5755 1338 5814 vocabulis
1364 5755 1624 5814 reddidit
1647 5770 1838 5812 unum
1878 5759 2140 5828 νήφοντες.
