4210 6450
295 334 400 397 989

295 466 638 542 λαμπρότητα
678 475 771 521 τοῦ
826 487 879 521 τε
936 463 1233 521 ἐνδιαθέτου
1287 465 1443 538 λόγου
1496 471 1586 520 καὶ
1632 474 1724 519 τοῦ
1775 466 1971 541 προ-Α

299 565 513 632 φορικοῦ
575 554 930 610 διατάττεται.
1008 562 1123 630 Χρὴ
1177 559 1274 630 γὰρ
1317 560 1532 618 τούτους
1575 555 1652 608 ἀεὶ
1680 556 1898 629 λάμπειν

297 666 386 697 και
426 648 687 719 φωτίζειν,
742 651 828 700 τόν
873 651 962 720 μὲν
997 649 1154 719 ἡμᾶς,
1205 651 1291 699 τὸν
1334 643 1391 700 δε
1442 650 1561 708 τοὺς
1612 646 1695 719 ὑφ’
1754 648 1898 719 ἡμῶν

301 731 734 809 διδασκομένους.

372 830 472 879 Καὶ
553 826 694 899 ὑμεῖς
760 857 828 867 —
891 828 1094 899 γάμων.
1154 828 1249 879 Διά
1319 823 1616 900 παραϐολῆς
1671 828 1898 898 ἐνέφηνεν

298 914 671 987 ἑτοιμάζεσθαι
717 918 847 989 πρός
901 914 1193 973 ἀπάντησιν
1248 914 1429 983 αὐτοῦ,
1487 917 1677 983 ,πάντα
1732 914 1899 977 καλῶς

300 1000 689 1076 διατιθεμένους
749 1010 837 1058 καὶ
903 1002 1238 1078 ἀναμίνοντας
1290 1005 1441 1057 αὐτόν
1493 1004 1741 1077 μέλλοντα
1797 1007 1897 1057 πά-

296 1093 374 1145 λιν
430 1093 569 1156 ἥξειν
610 1092 662 1157 ἐξ
708 1092 948 1167 ούρανοῦ.
1011 1097 1107 1148 Διὰ
1156 1102 1309 1147 τοῦτο
1355 1098 1456 1169 γὰρ
1509 1094 1755 1146 ἀνάλυσιν
1809 1096 1898 1167 μὶν

298 1183 537 1255 ὠνόμασε
591 1187 686 1242 τὴν
729 1185 858 1256 μετά
910 1187 967 1236 τό
1017 1182 1269 1243 ἀναϐῆναι
1325 1188 1543 1257 χρονίαν
1602 1184 1759 1236 αύτοῦ
1807 1185 1900 1235 κά-

300 1269 473 1326 θοδον·
514 1274 709 1345 γάμους
751 1269 829 1336 δε,
868 1277 960 1331 τὴν
1012 1275 1116 1325 ἄνω
1167 1273 1487 1349 εὐφροσύνην
1525 1277 1613 1326 καὶ
1645 1272 1898 1346 ἀγαλλία-

302 1382 404 1415 σιν.

367 1458 477 1505 Ἵνα
499 1483 561 1491 -
587 1452 746 1523 αὐτῷ.
761 1458 1061 1518 Τουτεστιν,
1082 1453 1163 1504 ἵνα
1183 1451 1482 1525 αἰσθόμενοι
1497 1462 1557 1511 τῆ
1572 1474 1592 1514 ς
1607 1457 1899 1526 παρουσίας

300 1541 479 1608 αὐτοῦ,
502 1543 779 1616 προθύμως
804 1546 893 1593 καὶ
917 1544 1045 1603 μετὰ
1069 1546 1244 1615 χαρᾶς
1267 1538 1824 1605 ἀπαντησωσιν,ούδέν
1850 1561 1901 1593 τι

298 1634 520 1705 πονηρόν
551 1626 839 1691 συνειδότες
866 1630 1089 1693 ἑαυτοῖς.
1141 1636 1432 1705 Περαιτέρω
1460 1635 1560 1704 γὰρ
1600 1630 1658 1683 οὐ
1698 1650 1901 1704 περιερ-

296 1724 515 1791 γαστέον
544 1725 638 1779 τὴν
669 1719 988 1793 παραϐολήν.

368 1812 629 1882 Μακάριοι
657 1841 722 1851 -—
744 1818 1149 1885 γρηγοροῦντας.
1181 1816 1569 1885 Γρηγοροῦντας
1600 1813 1690 1874 ἔτι,
1722 1806 1815 1861 διὰ
1844 1813 1901 1861 τὸ
1935 1824 1974 1875 Β

297 1900 347 1952 έν
374 1897 683 1971 ἓγρηγόρσει
710 1897 982 1952 ἀποθανεῖν
1014 1900 1225 1961 αὐτούς.
1256 1901 1445 1972 Ἀρετὴ
1477 1902 1577 1974 γὰρ
1610 1896 1700 1960 τῆς
1720 1899 1904 1971 ψυχῆς

300 1988 436 2040 οὖσα
467 1990 496 2047 ἡ
531 1986 861 2063 ἐγρήγορσις,
907 1993 1300 2061 συμπαραμένει
1328 1988 1482 2060 αὐτῇ,

368 2080 508 2137 Τινὲς
549 2073 608 2129 δε
657 2075 758 2129 ἀπὸ
810 2086 907 2137 τῆς
954 2076 1244 2139 ἀναλύσεως
1283 2084 1373 2129 καὶ
1413 2086 1507 2138 τῆς
1537 2078 1773 2139 ἐλεύσεως
1817 2084 1905 2130 καὶ

297 2169 562 2241 κρούσεως
620 2165 857 2231 ἐνόησαν,
932 2168 1008 2218 ὅτι
1061 2168 1087 2218 ό
1149 2171 1374 2240 Χριστὸς
1440 2167 1593 2229 αὐτὸς
1661 2163 1909 2239 ἐπιδημεῖ

304 2261 421 2316 ταῖς
472 2254 731 2317 τελευταῖς
793 2264 893 2307 τῶν
944 2251 1184 2325 δικαίων,
1227 2260 1316 2308 καὶ
1369 2255 1426 2308 οὗ
1484 2262 1636 2329 μόνον
1689 2260 1904 2327 τούτων,

308 2341 436 2396 ἀλλά
493 2349 583 2396 καὶ
638 2352 737 2396 τῶν
804 2342 1138 2419 ἁμαρτωλῶν.
1211 2350 1311 2398 Καὶ
1368 2355 1520 2398 τοῦτο
1578 2344 1905 2419 βεϐαιοῦσιν,

308 2431 410 2485 ἀπὸ
472 2440 563 2486 τοῦ
647 2432 803 2487 εἰπεῖν
866 2437 953 2486 τὸν
1015 2438 1144 2487 Θεὸν
1220 2444 1291 2506 τῷ
1366 2435 1620 2507 πλουσίῳ,
1688 2434 1902 2509 Ἀφρον,

304 2524 468 2594 ταύτῃ
536 2529 597 2594 τῇ
671 2528 819 2575 νυκτὶ
871 2528 965 2582 τὴν
1032 2523 1207 2595 ψυχήν
1267 2544 1360 2577 σον
1434 2523 1747 2578 ἀπαιτοῦσιν
1805 2524 1905 2579 ἀπὸ

311 2618 427 2663 σοῦ.

374 2698 573 2773 Ἐτεροι
627 2697 686 2753 δε
738 2720 797 2753 το
850 2710 1080 2754 τοιοῦτον
1152 2706 1320 2771 νόημα
1379 2700 1675 2776 δεχόμενοι,
1749 2710 1905 2777 φασὶν

304 2785 589 2861 ἕπιδημίαν
641 2798 898 2864 Χριστοῦ,
948 2796 1034 2844 τὸν
1090 2791 1241 2864 λόγον
1299 2793 1479 2858 αὐτοῦ,
1538 2798 1624 2847 τὸν
1671 2814 1905 2867 μετακα-

299 2877 539 2950 λούμενον
570 2887 857 2937 τηνικαῦτα
883 2884 1002 2941 τοὺς
1040 2885 1130 2954 μεν
1162 2877 1403 2944 δικαίους
1437 2883 1508 2945 εἰς
1537 2886 1734 2958 χαρὰν,
1785 2889 1904 2947 τοὺς

302 2964 362 3020 δε
388 2967 750 3041 ἁμαρτωλούς,
779 2969 847 3030 εἰς
884 2970 1072 3028 λύπην.

375 3056 538 3129 Ἀμὴν
600 3090 669 3097 -
730 3058 921 3128 αὐτοῖς.
994 3060 1369 3135 ΙΙεριζὼσεται,
1448 3070 1509 3135 τῇ
1588 3059 1899 3136 δικαιοσύνῃ

1419 338 1788 396 COMMENT.
1831 338 1900 395 ΙΝ
1931 337 2187 395 LUCAM-
2232 370 2294 380 —
2337 337 2492 395 CAP.
2532 336 2632 393 XI.

3558 332 3664 390 990

2008 463 2248 537 quentis
2304 464 2596 521 sermonis
2654 461 2876 519 statuit.
2911 462 3153 534 Oportet
3213 458 3394 527 enim,
3444 463 3509 516 ut
3568 459 3666 516 hic

2010 569 2245 626 semper
2276 553 2586 621 illuminet,
2630 558 2756 609 tum
2803 568 2934 619 nos,
2976 556 3101 607 tum
3142 566 3244 606 eos
3276 549 3378 622 qui
3423 564 3460 605 a
3498 548 3667 605 nobis

2009 644 2298 701 docentur
2321 644 2405 717 (ί).

2079 826 2238 880 Vers.
2281 823 2371 879 36.
2422 823 2499 879 Et
2546 838 2646 879 vos
2675 853 2742 863 —
2769 822 3015 893 nuptiis.
3062 820 3173 876 Per
3217 817 3668 875 similitudinem

2008 913 2381 985 signiﬁcavit,
2422 918 2485 969 ut
2543 912 2619 969 ad
2664 927 2983 969 occursum
3020 926 3195 965 suum
3240 913 3666 983 praeparentur,

2008 1005 2068 1060 in
2111 1003 2393 1059 omnibus
2444 1002 2598 1059 bene
2628 1001 2923 1075 dispositi,
2954 1004 3012 1057 et
3047 1004 3463 1071 exspectantes
3504 1013 3665 1069 eum,

2007 1093 2111 1167 qui
2136 1108 2374 1149 rursum
2408 1108 2439 1149 e
2467 1091 2614 1149 coelo
2646 1097 2928 1148 venturus
2956 1094 3064 1146 est.
3098 1090 3339 1162 Propter
3363 1087 3479 1144 hoc
3509 1087 3671 1144 enim

2007 1182 2358 1240 descensum
2380 1199 2580 1246 suum,
2603 1196 2744 1253 quo,
2768 1180 2950 1251 longo
2973 1183 3351 1252 exspectatus
3378 1182 3667 1250 tempore,

2011 1272 2221 1337 veniet,
2249 1272 2649 1328 reversionem
2699 1270 3021 1326 nominavit
3066 1268 3345 1341 ;nuptias
3385 1282 3528 1325 vero
3572 1283 3673 1323 su-

2010 1377 2261 1434 pernam
2308 1361 2571 1418 laatitiam
2619 1367 2673 1416 et
2705 1359 3188 1416 exsultationem.

2081 1452 2256 1509 Vers.
2280 1450 2369 1507 36.
2406 1452 2478 1509 Ut
2505 1482 2571 1492 —-
2600 1450 2673 1506 ei.
2704 1451 2823 1506 Hoc
2850 1456 2954 1516 est,
2991 1452 3052 1505 ut
3076 1451 3514 1518 cognoscentes
3541 1446 3671 1518 ejus

2011 1539 2354 1612 adventum,
2381 1545 2659 1613 prompte
2703 1544 2914 1595 etcum
2942 1538 3167 1610 gaudio
3189 1541 3527 1601 occurrant,
3546 1535 3677 1591 nul-

2010 1630 2124 1686 lius
2163 1630 2271 1687 sibi
2305 1630 2445 1686 mali
2478 1630 2718 1685 conscii.
2755 1628 2971 1684 Praeter
3016 1628 3146 1683 haec
3176 1630 3378 1682 autem
3421 1623 3562 1681 nihil
3584 1628 3675 1680 est

2012 1720 2240 1776 curiose
2266 1719 2653 1775 scrutandum
2677 1718 2751 1774 de
2790 1716 3095 1790 parabole.

2088 1809 2246 1865 Vers.
2305 1809 2395 1864 37.
2442 1807 2609 1865 Beati
2662 1838 2733 1848 —
2789 1806 3129 1877 vigilantes.
3171 1804 3494 1875 Vigilantes
3534 1803 3673 1860 item

2013 1914 2082 1955 eo
2103 1899 2268 1972 quod
2289 1899 2349 1954 in
2371 1897 2677 1969 vigilantia
2700 1896 3030 1953 moriantur
3054 1913 3067 1951 :
3094 1912 3233 1952 cum
3275 1895 3435 1951 enim
3458 1894 3675 1952 animm

2014 1988 2198 2044 virtus
2231 1989 2303 2044 sit
2332 1987 2658 2059 vigilantia,
2691 1986 2870 2043 simul
2897 2002 3031 2042 cum
3060 2001 3131 2041 ea
3160 1988 3493 2059 permanet.

2084 2077 2337 2143 Quidam
2369 2093 2510 2133 vero
2540 2093 2613 2133 ex
2642 2076 2758 2132 hoc
2785 2075 2977 2131 reditu
3004 2079 3061 2131 et
3085 2075 3348 2131 adventu
3378 2090 3448 2131 ac
3473 2075 3675 2146 pulsa-

2015 2166 2173 2223 tione
2228 2165 2661 2229 intellexerunt,
2721 2163 2891 2239 quod
2966 2164 3229 2221 Christus
3301 2164 3545 2220 advenit
3595 2162 3675 2221 ad

2016 2262 2269 2312 mortem
2287 2256 2611 2328 justorum,
2627 2271 2737 2312 nec
2757 2255 2978 2312 horum
3004 2258 3253 2323 tantum,
3270 2269 3478 2310 verum
3494 2252 3673 2310 etiam

2015 2351 2399 2418 peccatorum
2432 2362 2446 2413 ;
2470 2352 2528 2401 et
2552 2346 2661 2401 hoc
2684 2360 2756 2401 ex
2783 2360 2853 2401 eo
2877 2344 3250 2410 confirmant,
3276 2343 3442 2417 quod
3460 2342 3676 2400 dixerit

2013 2435 2168 2491 Deus
2192 2434 2360 2492 diviti
2386 2452 2399 2491 :
2421 2434 2744 2501 Stulte,hac
2764 2437 2934 2491 nocte
2957 2432 3211 2490 animam
3233 2439 3397 2490 tuam
3412 2439 3675 2505 repetunt

2014 2540 2052 2582 a
2081 2533 2137 2583 te
2174 2527 2245 2583 ’⁵.

2083 2703 2192 2761 Alii
2237 2719 2379 2760 vero
2414 2704 2575 2760 hunc
2606 2702 2907 2775 accipiunt
2931 2701 3319 2766 intellectum,
3361 2705 3425 2757 ut
3449 2700 3671 2766 dicant,

2011 2794 2223 2859 Christi
2271 2792 2598 2851 adventum
2637 2808 2772 2849 esse
2813 2807 3154 2848 sermonem
3186 2790 3333 2862 ejus,
3379 2791 3482 2863 qui
3532 2795 3675 2847 tunc

2008 2884 2207 2957 justos
2237 2884 2486 2942 accersit
2522 2884 2599 2941 ad
2640 2882 2953 2954 gaudium,
2982 2884 3323 2955 peccatores
3364 2886 3562 2938 autem
3594 2880 3675 2938 ad

2013 2988 2328 3031 maerorem
2340 3016 2352 3029 .

2086 3063 2250 3121 Vers.
2288 3064 2386 3119 37.
2436 3063 2624 3120 Amen
2672 3093 2741 3102 —
2778 3061 2924 3119 illis.
2965 3060 3289 3131 Prascinget
3327 3076 3410 3126 se,
3451 3059 3676 3132 justitia

309 3154 397 3207 τῆς
426 3143 840 3211 ἀνταποδόσεως,
872 3153 960 3201 καὶ
981 3147 1241 3201 ἀνακλινεί
1267 3149 1475 3215 αὐτούς,
1509 3151 1580 3214 εἰς
1610 3150 1903 3206 ἀνάπαυσιν

2026 3151 2478 3220 retributionis;
2552 3156 2608 3208 et
2663 3150 2841 3208 faciet
2913 3149 3045 3207 illos
3120 3149 3519 3216 discumbere,
3594 3149 3674 3206 ad

304 3235 527 3302 αἰώνιον,
588 3240 656 3298 ὡς
701 3234 774 3290 δι’
834 3237 987 3289 αὐτὸν
1029 3246 1426 3309 κεκοπιακότας,
1471 3246 1555 3293 καὶ
1606 3240 1904 3302 διακονήσει

305 3323 484 3389 αὐτοῖς
515 3321 769 3398 διανομὴν
798 3335 899 3378 τῶν
931 3325 1085 3390 ἀξίων
1121 3325 1367 3400 ἀμοιϐὠν.

378 3508 478 3556 καὶ
517 3501 602 3555 ἐὰν
650 3533 703 3543 -—-
760 3503 964 3560 ἕκεῖνοι.
1020 3502 1232 3565 Ἐπειδὴ
1281 3512 1430 3559 νυκτὶ
1472 3511 1632 3561 ἔοικεν
1680 3511 1705 3561 ό
1763 3530 1901 3584 παρ-

298 3598 367 3643 ὼν
406 3591 548 3665 βίος,
608 3589 699 3645 διά
755 3598 1279 3668 τὴνκατακεχυμένην
1324 3597 1482 3649 αὑτοῦ
1535 3598 1761 3671 ζόφωσιν
1814 3606 1903 3655 καὶ

299 3681 497 3740 πλάνην
551 3682 651 3734 ἀπὸ
693 3692 790 3734 τῶν
848 3680 1107 3756 δαιμόνων
1163 3690 1390 3738 καὶτῶν
1444 3690 1642 3755 παθῶν,
1697 3690 1903 3752 εἰκότως

301 3772 367 3832 εἰς
425 3769 710 3846 διαφόρους
766 3772 993 3844 φυλακὰς
1053 3773 1208 3826 αὐτόν
1266 3771 1479 3850 διαιρεῖ.
1559 3781 1623 3830 Οἱ
1690 3779 1902 3833 παλαιοὶ

298 3864 401 3933 γὰρ
465 3861 845 3933 νυκτοφύλακες
931 3862 1001 3925 εἰς
1075 3871 1205 3936 τρεῖς
1280 3864 1505 3937 φυλακὰς
1570 3874 1662 3927 τὴν
1740 3872 1903 3923 νύκτα

301 3947 510 4016 διεῖλον,
570 3954 698 4012 τινες
766 3947 825 4003 δε
901 3952 967 4013 εἰς
1014 3957 1293 4027 τέσσαρας.
1373 3962 1472 4009 Καὶ
1537 3965 1743 4033 πρώτην
1809 3965 1899 4033 μὲν

298 4039 527 4113 φυλακὴν
611 4040 766 4111 λέγει,
848 4045 942 4099 τὴν
1014 4045 1343 4096 κατάστασιν
1411 4055 1511 4098 τῶν
1581 4046 1898 4121 τελειοτέρων

295 4128 368 4191 εἰς
400 4127 605 4202 ἀρετήν·
654 4126 899 4203 δευτέραν
934 4127 1011 4198 δὲ,
1061 4136 1155 4191 τὴν
1195 4142 1293 4185 τῶν
1343 4138 1532 4207 μέσων·
1586 4142 1765 4211 τρίτην
1817 4135 1895 4209 δε,

297 4220 391 4275 τὴν
417 4226 516 4269 τῶν
547 4217 868 4287 τελευταίων,
900 4219 947 4273 οἳ
980 4225 1290 4295 σύμπαντες,
1324 4224 1368 4276 εἰ
1397 4226 1673 4300 εύρεθώσιν
1713 4227 1894 4300 οὕτως,

298 4307 363 4366 ὡς
382 4305 651 4379 προλαϐων
673 4305 826 4373 εἶπεν,
860 4313 1041 4381 ἤγουν,
1071 4313 1267 4383 ἕτοιμοι
1284 4317 1418 4365 κατά
1448 4319 1534 4366 τόν
1558 4324 1648 4368 τοῦ
1677 4318 1896 4369 θανάτου

297 4398 500 4465 καιρόν,
573 4398 821 4469 μακάριοι
884 4402 1106 4465 πάντως,
1164 4404 1233 4462 ὡς
1294 4411 1382 4464 τῆς
1446 4410 1708 4479 μακαρίας
1764 4406 1899 4467 ζωῆς

301 4482 589 4555 μεθέξοντες
620 4484 870 4558 ἀναλόγως
883 4532 895 4545 .

373 4578 537 4625 Τοῦτο
579 4604 632 4614 -—
686 4576 863 4631 αὑτοῦ.
920 4585 1019 4632 Καὶ
1059 4578 1106 4631 ἐν
1150 4589 1221 4650 τῷ
1267 4581 1481 4654 εἰκοστῴ
1525 4580 1697 4655 ὀγδόῳ
1743 4604 1897 4657 κεφα-

298 4662 426 4734 λαίῳ
484 4672 574 4715 τοῦ
626 4669 759 4718 κατά
824 4669 1091 4720 Ματθαῖον
1145 4666 1301 4723 εἶπεν·
1355 4672 1545 4727 Ἐκεῖνο
1614 4670 1671 4727 δε
1743 4681 1895 4745 γινω-

298 4770 464 4823 σκετε,
524 4754 603 4806 ὅτι
662 4755 705 4807 εἰ
765 4752 887 4830 ᾔδει
938 4759 963 4809 ό
1022 4754 1419 4822 οἰκοδεσπότης,
1485 4763 1814 4836 ποίᾳφυλακῇ
1872 4766 1897 4817 ό

293 4839 511 4904 κλέπτης
556 4846 790 4918 ἧοχεται,
839 4844 1191 4921 ἐγρηγόρησεν
1236 4847 1315 4919 ἂν,
1366 4856 1455 4904 καὶ
1497 4855 1563 4905 τὰ
1606 4852 1741 4916 ἑξῆς.
1798 4859 1897 4907 Καὶ

297 4927 553 5003 ἀνάγνωθι
584 4937 677 4992 τήν
704 4933 954 5006 ἐξήγησιν
983 4934 1104 4992 ἐκεῖ.

368 5024 468 5073 Καὶ
530 5052 600 5063 ——
656 5025 890 5096 ἔρχεται.
943 5024 1080 5079 Ἐκεῖ
1149 5032 1239 5079 καὶ
1302 5035 1468 5083 ταῦτα
1517 5034 1741 5105 εἴρηται,
1810 5038 1899 5086 καὶ

296 5109 637 5182 ἡρμήνευται.

367 5288 416 5323 ⁸³
446 5286 588 5345 Luc.
620 5305 725 5359 xu,
757 5294 846 5349 20.
945 5293 993 5330 ’°
1018 5294 1214 5354 Matth.
1245 5311 1409 5363 xx1v,
1439 5297 1532 5356 43.

2013 3242 2277 3314 requiem
2331 3241 2781 3313 sempiternam,
2815 3245 3105 3313 tanquam
3154 3255 3257 3296 eos
3295 3240 3398 3313 qui
3432 3243 3675 3312 propter

2012 3330 2208 3402 ipsum
2234 3329 2661 3387 laboraverunt
2688 3348 2701 3389 :
2739 3345 2809 3385 ac
2839 3327 3203 3386 ministrabit
3226 3328 3358 3396 illis,
3391 3328 3671 3386 distribu~

2014 3421 2227 3477 tionem
2264 3420 2585 3491 dignarum
2616 3418 3097 3476 retributionum.

2084 3512 2244 3564 Vers.
2290 3508 2379 3566 38.
2411 3510 2487 3565 Et
2516 3509 2569 3565 si
2611 3539 2679 3549 —
2714 3508 2831 3566 illi.
2872 3507 3025 3577 Quia
3066 3507 3223 3564 nocti
3252 3522 3516 3581 prmsens
3556 3507 3676 3566 vita

2013 3598 2396 3666 assimilatur,
2439 3603 2682 3671 propter
2721 3597 2978 3654 infusam
3005 3598 3058 3654 ei
3088 3597 3406 3668 caliginem
3430 3613 3498 3653 ac
3517 3613 3673 3654 erro-

2012 3703 2137 3744 rem
2168 3704 2204 3744 a
2225 3688 2601 3745 daemonibus
2622 3694 2679 3745 et
2709 3686 3016 3745 affectibus
3051 3703 3064 3745 :
3091 3688 3301 3744 merito
3328 3687 3386 3742 in
3405 3688 3673 3744 diversas

2010 3778 2262 3849 vigilias,
2284 3795 2392 3835 seu
2414 3778 2746 3846 custodias,
2762 3778 2963 3850 ipsam
2982 3777 3216 3834 dividit.
3236 3778 3470 3834 Veteres
3484 3778 3669 3850 enim,

2009 3868 2116 3942 qui
2146 3874 2319 3926 nocte
2362 3868 2705 3941 vigilabant,
2741 3869 2803 3925 in
2827 3875 2943 3925 tres
2990 3867 3275 3924 excubias
3300 3868 3491 3940 ipsam
3521 3869 3675 3925 divi-

2008 3957 2229 4015 debant
2296 3976 2310 4015 :
2374 3959 2624 4031 quidam
2682 3974 2821 4015 vero
2873 3957 2936 4015 in
2992 3962 3266 4031 quatuor.
3301 3960 3367 4014 Et
3412 3958 3673 4029 primam

2007 4048 2251 4122 quidem
2278 4048 2438 4112 dicit,
2486 4054 2706 4105 statum
2742 4063 2951 4105 eorum
2981 4046 3087 4120 qui
3123 4046 3200 4103 ad
3227 4047 3502 4104 virtutem
3534 4050 3674 4104 sunt

2004 4137 2404 4212 perfectiores,
2451 4139 2798 4204 secundam,
2836 4136 3248 4203 mediocrium,
3282 4136 3536 4203 tertiam,
3569 4152 3674 4207 po-

2007 4232 2364 4285 stremorum
2424 4242 2436 4281 :
2494 4227 2593 4300 qui
2636 4242 2864 4292 omnes,
2910 4226 2957 4281 si
3013 4226 3098 4282 ita
3152 4226 3372 4283 inventi
3430 4225 3671 4295 fuerint,

2009 4317 2165 4372 sicut
2208 4320 2344 4371 ante
2392 4315 2553 4382 dixit,
2602 4314 2872 4372 Videlicet
2915 4315 3099 4387 parati
3139 4315 3346 4372 mortis
3384 4320 3670 4387 tempore,

2010 4404 2167 4461 beati
2206 4408 2400 4471 erunt,
2452 4411 2655 4478 utpote
2684 4403 2819 4461 vitae
2844 4404 3033 4462 beatae
3075 4404 3297 4478 pariter
3331 4404 3669 4479 participes.

2080 4584 2243 4640 Vers.
2276 4588 2364 4641 39.
2407 4585 2533 4641 Hoc
2581 4617 2648 4625 -
2693 4599 2881 4641 suam.
2929 4584 3433 4658 Quinquagesimo
3464 4588 3671 4643 octavo

2008 4673 2190 4731 etiam
2213 4674 2396 4746 capite
2421 4673 2720 4745 Evangelii
2736 4674 2909 4746 juxta
2938 4673 3270 4731 Matthaaum
3299 4674 3442 4731 dixit
3473 4691 3488 4731 :
3520 4674 3670 4731 Illud

2008 4770 2198 4821 autem
2253 4764 2477 4829 scitote,
2536 4764 2697 4837 quod
2735 4767 2789 4820 si
2845 4764 3013 4821 sciret
3066 4764 3512 4837 paterfamilias,
3551 4780 3670 4838 qua

2007 4852 2203 4925 vigilia
2267 4854 2380 4925 fur
2454 4860 2735 4911 venturus
2794 4860 2938 4922 erat,
2992 4854 3283 4926 vigilasset
3329 4862 3561 4930 utoque,
3613 4859 3672 4913 et

2009 4946 2217 4999 caetera
2266 4945 2333 4999 ".
2368 4944 2520 5016 Lege
2549 4959 2691 5016 ergo
2739 4943 2825 5001 ibi
2863 4944 3320 5004 enarrationem.

2081 5033 2242 5090 Vers.
2275 5036 2365 5090 40.
2391 5034 2471 5091 Et
2532 5063 2602 5077 —
2650 5040 2936 5097 venturus
2983 5039 3086 5093 est.
3142 5034 3230 5093 Ibi
3268 5050 3511 5110 quoque
3539 5034 3669 5094 haec

2009 5121 2170 5180 dicta
2196 5127 2333 5181 sunt
2356 5138 2428 5182 ac
2455 5121 2776 5183 declarata.

1503 5474 1728 5545 Variae
1770 5474 2102 5546 lectiones
2148 5487 2215 5547 et
2256 5489 2459 5548 notae.

363 5660 441 5752 ξι)
464 5663 705 5752 Oportet
732 5668 890 5725 enim
908 5667 1019 5727 hos
1047 5684 1280 5744 semper
1303 5669 1500 5730 lucere
1526 5674 1582 5731 et
1603 5662 1969 5749 illuminare,
2001 5674 2166 5733 illum
2194 5676 2437 5752 quidem
2469 5691 2597 5745 nos,
2627 5677 2789 5736 hunc
2825 5692 2966 5736 vero
2996 5693 3123 5746 eos,
3154 5693 3260 5752 qui
3288 5693 3325 5736 a
3351 5674 3527 5735 nobis
3556 5673 3668 5732 do-

291 5739 518 5791 centur.
