4210 6474
573 347 674 405 991
1930 350 2281 411 EUTHYMII
2321 351 2656 414 ZIGABENI

644 476 809 533 Vers.
858 475 947 533 M.
993 478 1099 535 Ait
1156 511 1218 522 -—
1264 480 1428 537 Vers.
1463 485 1551 538 42.
1612 481 1951 539 demensum
1999 479 2244 537 cibum?
2272 478 2317 532 Α

577 564 780 621 Sciens
813 566 1034 633 Petrus,
1072 569 1370 641 quasdam
1416 570 1732 644 parabolas
1770 570 1968 626 electis
2004 568 2241 643 proprie

577 655 769 726 aptari
791 656 1111 729 discipulis,
1145 659 1442 731 quasdam
1475 676 1610 716 vero
1632 661 2031 716 communiter
2055 656 2245 714 omni-

577 742 710 808 bus,
747 746 955 801 merito
984 746 1059 802 de
1095 747 1381 819 parabole
1412 750 1752 819 interrogat,
1817 765 1942 822 qua
1976 747 2247 803 videlicet

578 830 725 888 dixit
757 834 962 890 :Sicut
999 836 1180 891 lumbi
1207 839 1386 894 vestri
1394 839 1729 908 praecincti,
1753 844 1809 894 et
1837 845 2069 895 cetera.
2091 835 2245 903 Quid

578 936 720 990 ergo
752 920 1008 979 Christus
1031 925 1060 979 ?
1092 926 1394 1000 Requisito
1427 927 1584 982 ﬁdeli
1611 943 1682 983 ac
1710 927 1985 998 prudenti
2008 925 2244 999 dispen-

580 1017 793 1077 satore,
849 1012 1066 1070 deinde
1114 1015 1246 1086 ipso
1314 1017 1488 1072 beato
1555 1017 1898 1089 przedicato,
1963 1015 2241 1079 ostendit,

577 1100 743 1172 quod
790 1102 865 1157 de
911 1104 1057 1175 ipsis
1084 1104 1297 1160 dixerit
1342 1105 1697 1176 parabolam
1731 1106 2033 1171 ;futurum
2085 1105 2245 1160 enim

578 1193 723 1255 erat,
756 1195 818 1246 ut
850 1191 958 1264 ipsi
1007 1192 1274 1250 ﬁdelium
1304 1194 1746 1267 dispensatores
1787 1194 1996 1252 ﬁerent
2039 1194 2246 1250 dantes

3874 356 3982 412 992

2425 478 2549 535 Εἶπε
2622 510 2690 526 -—
2750 486 3110 557 σιτομέτριον;
3156 478 3324 543 Εἰδὼς
3375 484 3401 534 ό
3463 487 3682 555 Πέτρος,
3778 485 3863 536 ὅτι
3928 485 3982 537 αἱ

2353 573 2441 641 μὲν
2494 579 2595 623 τῶν
2653 571 2957 645 παραϐολῶν
3009 592 3063 625 τε
3105 577 3195 625 καὶ
3250 570 3479 643 ἐντολῶν,
3535 570 3650 646 ἰδίᾳ
3694 581 3813 634 τοῖς
3859 572 3978 636 ἑξειο

2352 658 2606 732 λεγμένοις
2658 664 2921 734 μαθηταῖς
2982 661 3329 735 ἁρμόζουσιν,
3399 664 3453 714 αἱ
3497 659 3574 727 δὲ,
3625 670 3789 736 κοινῇ
3849 669 3980 715 πᾶσι

2353 757 2459 810 τοῖς
2518 758 2746 813 πιστοῖς,
2803 751 3012 813 εἰκότως
3067 750 3234 824 ἐρωτᾷ
3297 757 3417 825 περὶ
3478 761 3568 812 τῆς
3635 750 3977 826 παραϐολῆς,

2355 833 2588 903 δηλαδὴ,
2638 848 2734 901 τῆς
2785 840 3056 911 λεγούσης,
3115 839 3391 893 Ἐστωσαν
3459 842 3600 914 ὑμῶν
3658 843 3720 893 αἱ
3791 840 3981 913 ὀσφύες

2353 928 2784 1001 περιεζωσμέναι,
2816 935 2906 981 καὶ
2953 933 3017 982 τὰ
3058 930 3189 992 ἑξῆς·
3224 934 3276 981 τί
3314 926 3402 982 οὖν
3449 932 3473 982 ό
3513 934 3796 1005 Χριστός
3831 931 3975 983 Ἐπι-

2356 1017 2591 1077 ζητησας
2652 1023 2737 1070 τόν
2787 1022 2974 1070 πιστόν
3043 1024 3132 1070 καὶ
3192 1024 3439 1095 φρόνιμον
3494 1019 3781 1091 οἰκονόμον
3843 1019 3973 1091 (21),

2356 1101 2467 1158 εἶτα
2524 1113 2829 1181 μακαρίσας
2876 1108 3051 1171 αὐτόν,
3104 1104 3314 1175 ἔδειξεν,
3361 1109 3442 1160 ὅτι
3479 1113 3597 1181 περὶ
3643 1109 3830 1160 αὐτῶν
3875 1105 3976 1161 εἶπε

2353 1200 2447 1253 τὴν
2498 1195 2827 1271 παραϐολήν,
2882 1197 3040 1251 Αὐτοὶ
3096 1200 3198 1273 γὰρ
3257 1197 3459 1270 ἔμελλον
3511 1198 3791 1270 οἰκονόμοι
3841 1200 3974 1269 γενό-

578 1278 724 1353 ipsis
750 1281 809 1337 in
837 1286 1103 1355 tempore
1133 1284 1489 1341 demensum
1520 1284 1805 1341 doctrinas
1836 1285 2057 1342 cibum.

650 1462 801 1531 Lege
849 1467 1043 1518 autem
1091 1462 1600 1536 quinquagesimo
1648 1469 1862 1519 octavo
1904 1464 2072 1535 juxta
2112 1463 2228 1520 Mat

580 1550 803 1607 tbaeum
840 1551 1028 1624 capite
1064 1552 1200 1608 dicti
1252 1551 1409 1608 illius
1444 1553 1882 1608 enarrationem
1914 1569 1926 1607 :
1973 1553 2248 1620 Quisnam

580 1647 661 1697 est
711 1640 904 1708 ﬁdelis
958 1655 1178 1707 servus,
1206 1645 1260 1698 et
1309 1642 1573 1713 prudens
1607 1642 1655 1678 ’τ
1728 1642 1757 1698 ‘i
1803 1648 1857 1695 et
1907 1640 1986 1697 ibi
2031 1640 2250 1698 horum

579 1729 849 1786 omnium
891 1729 1159 1785 invenies
1202 1730 1712 1802 explanationem.

2358 1286 2482 1338 σθαι
2530 1295 2628 1338 τῶν
2678 1294 2897 1350 πιστῶν,
2941 1283 3176 1349 διδόντες
3222 1286 3399 1350 αὐτοῖς
3447 1289 3495 1340 ἐν
3526 1296 3703 1363 καιρῷ
3734 1292 3798 1341 τό
3840 1307 3975 1340 σιτο-

2356 1381 2565 1450 μέτριον
2590 1384 2686 1437 τῆς
2716 1372 3089 1438 διδασκαλίας.

2431 1466 2716 1535 Ἀνάγνωθι
2746 1460 2806 1517 δε
2835 1469 2923 1517 καὶ
2959 1463 3007 1517 ἕν
3026 1473 3097 1535 τῷ
3128 1474 3463 1536 πεντηκοστῷ
3509 1461 3688 1538 ὀγδόῳ
3717 1465 3968 1538 κεφαλαίῳ

2357 1563 2448 1606 τοῦ
2480 1556 2614 1605 κατὰ
2642 1555 2909 1606 Ματθαῐον
2934 1557 3028 1611 τὴν
3057 1552 3310 1625 ἕξήγησιν
3347 1562 3459 1606 τοῦ·
3499 1560 3587 1615 Τίς
3617 1556 3731 1627 ἄρα
3771 1554 3911 1608 ἐστὶν
3946 1555 3967 1605 ὁ

2358 1645 2541 1703 πιστὸς
2602 1639 2790 1705 δοῦλος
2865 1647 2951 1695 καὶ
3030 1648 3304 1715 φνόνιμος;
3338 1649 3428 1697 καὶ
3497 1645 3710 1697 πάντων
3783 1646 3963 1697 τούτων

2359 1733 2592 1806 εὑρήσεις
2618 1731 2724 1785 insi
2745 1736 2839 1791 τήν
2871 1732 3159 1805 ἑρμηνείαν.

650 1820 812 1875 Vers.
864 1820 956 1877 43.
1008 1821 1221 1876 Beatus
1271 1852 1341 1861 —
1391 1822 1554 1877 Vers.
1601 1821 1689 1876 44.
1721 1821 1917 1876 illum.
1952 1820 2036 1876 lbi
2066 1821 2245 1878 etiam

2430 1824 2693 1893 Μακάριος
2745 1852 2816 1863 —
2871 1821 3046 1877 αὐτόν.
3108 1821 3245 1875 Ἐκεῖ
3294 1824 3384 1875 καὶ
3430 1828 3600 1874 ταῦτα
3652 1818 3962 1896 διεσαφηνί-

580 1906 709 1964 haec
739 1909 1028 1979 patefacta
1054 1915 1211 1965 sunt.

653 1999 817 2055 Vers.
835 2001 923 2055 45.
945 1999 1113 2066 Quod
1128 1998 1179 2055 si
1194 2029 1260 2040 -—
1281 2000 1441 2054 Vers.
1467 1997 1554 2054 46.
1569 2004 1774 2065 ponet.
1807 1997 2249 2070 Consequenter

581 2086 752 2143 etiam
776 2087 1053 2160 praedicto
1077 2087 1270 2161 capite
1293 2087 1420 2144 hinc
1442 2087 1595 2144 dicta
1620 2103 1690 2143 ac
1714 2088 2014 2144 declarata
2036 2093 2199 2145 sunt.

651 2177 815 2231 Vers.
849 2177 935 2233 47.
968 2178 1079 2234 Ille
1119 2210 1187 2219 —
1229 2180 1454 2234 multis.
1513 2178 1591 2233 De
1643 2176 1853 2232 futuris
1899 2176 2245 2250 pastoribus

582 2270 670 2321 est
711 2266 806 2322 hic
846 2282 1063 2334 sermo,
1096 2272 1391 2323 exterrens
1424 2283 1544 2333 eos,
1588 2267 1691 2338 qui
1724 2282 1968 2322 omnem
2017 2267 2114 2322 Dei
2146 2282 2249 2322 vo-

580 2354 868 2411 luntatem
896 2361 1208 2422 noverunt,
1241 2372 1349 2411 nec
1371 2373 1432 2411 se
1460 2361 1821 2429 praeparant,
1847 2355 1962 2411 hoc
1985 2360 2095 2423 est,
2124 2370 2247 2411 non

582 2443 804 2501 faciunt
830 2446 1003 2516 juxta
1052 2445 1494 2517 beneplacitum
1547 2446 1697 2516 ejus.
1758 2448 1819 2500 Et
1864 2449 2243 2516 protestatur,

582 2534 746 2608 quod
800 2535 1180 2607 vapulabunt
1238 2535 1464 2598 multis,
1512 2540 1675 2606 puta.
1722 2533 1959 2605 plagis;
2022 2534 2082 2588 id
2135 2539 2245 2602 est,

582 2623 799 2680 misere
835 2624 1291 2697 torquebantur,
1308 2624 1451 2696 quia
1477 2624 1733 2678 scientes
1755 2625 2173 2696 despexerunt.

652 2802 816 2856 Vers.
848 2804 936 2856 48.
971 2801 1083 2867 Qui
1106 2816 1240 2857 vero
1289 2831 1355 2841 —
1403 2801 1636 2870 paucis.
1697 2801 1873 2874 Atqui
1931 2800 2249 2870 ignorabat

583 2889 944 2946 voluntatem
974 2890 1227 2954 domini,
1274 2890 1377 2945 sed
1412 2899 1611 2945 tamen
1664 2893 1744 2946 ita
1786 2905 2034 2963 quoque
2062 2906 2249 2963 vapu-

582 2979 729 3035 labit
755 2996 769 3046 ;
794 2995 931 3035 cum
954 2980 1111 3035 enim
1140 2980 1287 3035 scire
1315 2980 1619 3051 potuisset,
1648 2995 1769 3036 non
1798 2980 1967 3035 scivit
2000 2995 2013 3035 :
2048 2995 2245 3053 neque

583 3073 785 3126 tamen
817 3073 1071 3135 tantum,
1127 3074 1191 3124 ut
1234 3071 1397 3142 prior
1433 3085 1446 3125 :
1483 3068 1578 3125 ille
1619 3069 1916 3142 siquidem
1953 3068 2243 3141 despexit,

2362 1912 2586 1969 σθησαν.

2431 1999 2546 2053 Ἐὰν
2579 1995 2639 2052 δι
2660 2030 2728 2040 -
2771 2002 2934 2058 θήσει.
2983 1998 3298 2059 Ἀκολοῦθως
3323 1997 3370 2051 ἓν
3400 1997 3571 2072 ἐκείνῳ
3603 2008 3677 2072 τῷ
3706 1999 3957 2073 κεφαλαίῳ

2357 2094 2445 2140 καὶ
2478 2097 2645 2141 ταῦτα
2674 2090 2791 2163 ἑῤῥὴ
2805 2090 2890 2156 θη,
2912 2093 3002 2141 καὶ
3032 2090 3353 2163 ἡρμηνεύθη.

2427 2180 2646 2241 Ἐκεῖνος
2721 2209 2774 2219 -
2847 2176 3057 2239 πολλάς.
3133 2182 3254 2250 Περὶ
3335 2185 3435 2229 τῶν
3505 2177 3788 2250 μελλόντων
3846 2197 3949 2231 ποι-

2356 2272 2554 2339 μαίνειν
2596 2265 2733 2320 ἐστὶν
2783 2269 2808 2319 ό
2850 2266 2996 2338 λόγος
3039 2266 3189 2328 οὗτος
3246 2266 3381 2338 (2'2).
3438 2265 3662 2339 ἐκφοϐῶν
3718 2271 3837 2327 τοὺς
3884 2266 3946 2319 εἰ·

2358 2352 2517 2418 δότας
2562 2358 2652 2429 μὶν
2694 2363 2795 2409 πᾶν
2844 2359 2901 2409 τό
2954 2355 3150 2427 θελημα
3199 2362 3290 2408 τοῦ
3339 2362 3492 2425 Θεοῦ,
3544 2362 3613 2429 μὴ
3659 2356 3948 2428 ἕτοιμάζον-

2357 2465 2452 2508 τας
2482 2442 2562 2509 δε,
2595 2451 2859 2510 τουτέστι,
2893 2450 2963 2518 μὴ
2998 2453 3273 2506 ποιοῦντας
3302 2448 3429 2519 πρὸς
3478 2444 3735 2519 ἀρέσκειαν
3762 2444 3933 2509 αὑτοῦ,

2357 2540 2446 2588 καὶ
2490 2532 2994 2610 διαμαρτυρόμενος,
3054 2537 3134 2587 ὅτι
3192 2531 3518 2609 δαρήσονται
3566 2533 3756 2602 πολλὰς,
3808 2530 3927 2586 πλη·

2356 2629 2452 2697 γὰς
2487 2622 2753 2693 δηλονότι,
2786 2628 3047 2691 τουτέστι,
3079 2624 3503 2683 κολασθήσονται
3528 2622 3774 2696 χαλεπῶς,
3792 2617 3927 2673 διότι

2360 2709 2554 2776 εἰδότες
2580 2719 3000 2787 κατεφρόνησαν,

2426 2803 2485 2854 Ὀ
2552 2799 2611 2856 δε
2660 2834 2721 2843 -
2782 2802 2957 2875 ὀλίγας
3046 2807 3143 2857 Καὶ
3210 2807 3313 2877 μὴν
3385 2802 3560 2875 ἠγνόει
3632 2805 3687 2853 τό
3755 2797 3942 2869 θέλημα

2360 2899 2451 2943 τοῦ
2500 2897 2683 2964 κυρίου
2741 2892 2923 2959 αὐτοῦ,
2966 2891 3073 2943 ἀλλ’
3128 2893 3262 2964 ὅμως
3317 2887 3611 2965 δαρήσεται
3651 2895 3737 2942 καὶ
3781 2888 3940 2952 οὗτος,

2358 2978 2499 3033 διότι
2544 2978 2827 3053 δυνάμενος
2868 2990 3082 3053 γνῶναι,
3139 2982 3233 3034 οὐκ
3282 2984 3431 3053 ἔγνω,
3479 2980 3613 3039 πλὴν
3668 2979 3725 3032 οὐ
3770 2984 3942 3031 τοσοῦ·

2357 3089 2467 3126 τον.
2522 3071 2744 3131 Ἐκεῖνος
2794 3074 2883 3142 μεν
2930 3073 3032 3146 γὰρ
3073 3076 3467 3145 κατεφρόνησεν·
3521 3070 3670 3132 οὗτος
3714 3065 3772 3122 δε
3814 3065 3947 3142 ἐρρᾳ-

583 3158 676 3215 hic
696 3173 833 3214 vero
881 3159 1079 3229 segnis
1127 3159 1276 3216 fuit:
1334 3160 1572 3230 gravior
1621 3164 1820 3215 autem
1872 3164 1960 3214 est
2000 3158 2245 3227 segnitie

2361 3160 2583 3232 θύμησε.
2633 3159 2979 3234 Χαλεπωτέρα
3041 3155 3100 3212 δι
3138 3160 3417 3255 ρᾳθυμίας
3468 3160 3498 3217 ἡ
3550 3162 3943 3233 καταφρόνησις.

582 3252 979 3321 contemptus.
1015 3248 1317 3319 Signiﬁcat
1348 3255 1549 3305 autem
1575 3247 1839 3315 ﬁdelem,
1872 3248 2246 3318 ignorantem

585 3352 656 3393 ex
687 3338 924 3407 ignavia
981 3354 1049 3394 ac
1087 3339 1346 3399 ruditate
1404 3339 1502 3395 Dei
1551 3338 1941 3393 voluntatem.
1978 3336 2247 3392 lniideles

584 3428 764 3492 enim,
792 3444 914 3483 non
937 3443 1007 3484 ex
1041 3429 1288 3498 segnitie
1320 3430 1415 3484 Dei
1449 3428 1815 3483 voluntatem
1839 3426 2247 3496 ignorant,sed

581 3516 915 3573 voluntario
942 3533 1136 3573 errore
1167 3534 1236 3574 ac
1263 3516 1617 3573 immutabili
1646 3517 1956 3588 pravitate.

654 3608 814 3662 Vers.
856 3609 944 3661 48.
979 3607 1152 3663 Omni
1194 3614 1387 3664 autem
1430 3638 1496 3647 —
1551 3611 1867 3678 quaeretur.
1928 3605 1996 3659 Et
2021 3603 2135 3659 hoc
2166 3603 2241 3659 de

585 3696 925 3770 pastoribus
954 3696 1180 3752 dictum
1209 3703 1297 3752 est
1324 3713 1341 3761 ;
1370 3696 1460 3751 his
1482 3698 1643 3751 enim
1672 3710 1893 3763 magna
1924 3693 2118 3762 gratia
2158 3694 2246 3748 in-

584 3785 853 3843 tellectus
884 3784 1101 3839 divinte
1126 3784 1445 3840 voluntatis
1472 3784 1609 3839 data
1650 3788 1761 3846 est,
1798 3782 1871 3838 ad
1906 3798 2117 3837 eorum
2139 3782 2244 3854 qui

586 3879 931 3947 pascuntur,
966 3873 1273 3929 utilitatem
1298 3890 1312 3941 ;
1340 3873 1475 3929 ideo
1500 3874 1699 3937 etiam,
1732 3878 2025 3944 tanquam
2046 3871 2125 3927 ab
2154 3871 2247 3927 his

585 3965 689 4036 qui
725 3962 912 4018 multa
932 3967 1286 4034 acceperunt
1318 3961 1553 4028 talenta,
1601 3960 1857 4017 multum
1889 3960 2034 4016 lucri
2060 3960 2135 4016 ab
2164 3960 2249 4017 eis

585 4056 903 4124 quaeretur.
947 4052 1116 4118 Quod
1155 4057 1353 4108 autem
1378 4051 1722 4124 pastoribus
1762 4051 1903 4107 data
1931 4050 2003 4106 sit
2036 4051 2246 4120 gratia,

585 4141 766 4198 etiam
800 4140 1019 4197 Paulus
1040 4140 1203 4208 dicit,
1231 4141 1495 4197 scribens
1526 4140 1602 4196 ad
1642 4140 2017 4196 Timotheum
2051 4155 2064 4193 :
2107 4139 2252 4196 Noli

584 4232 889 4303 negligere
917 4231 1175 4303 gratiam
1196 4246 1331 4301 quae
1356 4231 1420 4287 in
1471 4238 1526 4287 te
1555 4239 1658 4296 est,
1714 4246 1840 4302 qua
1867 4229 1973 4285 tibi
2007 4230 2150 4286 data
2172 4235 2250 4285 est

587 4337 714 4379 cum
760 4321 1136 4391 impositione
1163 4336 1450 4378 manuum
1479 4321 1828 4392 presbyterii
1853 4321 1923 4376 “.

658 4413 815 4467 Vers.
876 4414 964 4467 48.
1019 4412 1252 4467 Et—eo.
1314 4409 1678 4482 Exemplaris
1722 4409 1965 4480 quidem
2005 4424 2246 4473 sermo;

587 4506 678 4559 est
715 4506 912 4557 autem
964 4505 1021 4556 et
1068 4499 1163 4556 hic
1219 4500 1295 4555 de
1338 4499 1586 4556 eisdem.
1649 4499 1755 4555 Cui
1799 4499 1957 4554 enim
1998 4498 2251 4554 multam

588 4607 889 4647 summam
915 4589 992 4646 ad
1016 4590 1475 4659 negotiationem
1500 4589 2094 4651 commendaveruut,
2118 4587 2253 4660 plus

587 4679 735 4735 lucri
756 4696 829 4736 ex
859 4680 1261 4748 negotiatione
1292 4683 1491 4750 petent
1532 4678 1610 4734 ab
1637 4694 1728 4734 eo.
1766 4678 1851 4733 Ita
1873 4682 1929 4734 et
1964 4676 2250 4733 Christus:

588 4768 682 4825 cui
704 4768 957 4823 multum
982 4768 1184 4839 gratias
1227 4766 1826 4839 commendavit,plus
1874 4770 2034 4838 petet
2048 4764 2127 4821 ab
2156 4781 2249 4821 eo.

590 4858 651 4915 Ei
700 4856 860 4913 enim
890 4857 1232 4913 concredita
1260 4863 1347 4913 est
1395 4872 1511 4914 non
1557 4855 1753 4912 solum
1804 4855 2047 4928 propria
2089 4854 2252 4912 salus

589 4962 795 5005 verum
816 4945 997 5002 etiam
1023 4945 1255 5020 populi.

660 5035 826 5093 Vers.
886 5037 976 5093 49.
1009 5036 1204 5107 Ignem
1239 5065 1311 5077 —
1358 5043 1600 5092 terram.
1652 5037 1856 5107 Ignem
1894 5048 2057 5091 nunc
2094 5034 2245 5102 dicit,

590 5124 771 5182 ﬁdem
817 5139 886 5180 ac
912 5123 1003 5179 sui
1044 5122 1442 5191 dilectionem,
1482 5123 1904 5181 demonstrans
1936 5122 2252 5180 vehemen-

663 5252 708 5287 ’⁷
740 5249 945 5307 Matth.
979 5265 1141 5319 xxiv,
1171 5252 1261 5306 45.
1339 5249 1387 5285 ⁸⁸
1420 5248 1469 5304 Ι.
1500 5249 1654 5305 Tim.
1689 5264 1765 5315 xv,
1804 5249 1885 5304 14.

2358 3248 2512 3306 Δηλοῖ
2554 3245 2613 3301 δι
2666 3253 2751 3301 τὸν
2803 3253 3012 3313 πιστόν,
3061 3245 3165 3301 τόν’
3197 3247 3484 3319 ἀγνοοῦντα
3528 3252 3587 3300 τό
3629 3248 3827 3319 θελημα
3864 3251 3946 3297 τοῦ

2357 3346 2509 3401 Θεοῦ,
2550 3334 2644 3390 διὰ
2687 3337 2933 3409 ἀμαθίαν.
2968 3340 3035 3391 Οἱ
3075 3340 3174 3413 γὰρ
3206 3339 3423 3390 ἄπιστοι
3466 3336 3561 3389 οῦκ
3606 3336 3663 3389 ἐκ
3704 3338 3949 3412 ῥᾳθυμίας

2355 3427 2604 3498 ἀγνοόῦσι
2661 3431 2719 3479 τό
2766 3427 2964 3499 θέλημα
3016 3435 3108 3479 τοῦ
3168 3435 3325 3491 Θεοῦ,
3383 3425 3492 3478 ἀλλ’
3540 3425 3594 3489 ἕξ
3651 3428 3948 3500 αὐθαιρέτου

2354 3516 2550 3577 πλάνης
2581 3522 2670 3569 καὶ
2704 3514 3092 3588 ἁμεταμελὴτου
3118 3521 3327 3578 κακίας.

2427 3610 2589 3657 Παντὶ
2640 3601 2698 3657 δε
2752 3635 2820 3644 -
2872 3605 3231 3665 ζητηθήσεται
3285 3605 3419 3674 ('23).
3491 3609 3588 3657 Καὶ
3640 3612 3796 3657 τοῦτο
3844 3605 3949 3677 περὶ

2355 3703 2452 3745 τῶν
2506 3698 2905 3765 ποιμαινόντων.
2960 3696 3173 3757 Τούτοις
3227 3696 3328 3768 γὰρ
3385 3689 3601 3747 δίδοται
3658 3695 3791 3747 πολύ
3851 3692 3950 3765 χά-

2354 3802 2522 3856 ρισμα
2554 3788 2808 3845 συνέσεως
2849 3789 2939 3835 τοῦ
2992 3782 3277 3856 θελήματος
3320 3790 3411 3835 τοῦ
3458 3790 3613 3849 Θεοῦ,
3663 3788 3797 3857 πρὸς
3838 3782 3951 3853 ὠφί-

2354 3873 2490 3925 λειαν
2545 3881 2643 3925 τῶν
2691 3876 3120 3944 ποιμαινομένων.
3188 3876 3277 3924 Διό
3342 3877 3456 3941 καὶ,
3533 3874 3597 3933 ὡς
3642 3872 3808 3925 πολλὰ
3873 3870 3951 3924 τάς

2354 3961 2512 4014 λαντα
2574 3960 2832 4027 λαϐόντες,
2892 3961 3055 4013 πολλὰ
3121 3957 3285 4036 κέρδη
3353 3959 3822 4021 ἀπαιτηθήσονται·
3879 3959 3952 4011 ὅτι

2359 4047 2417 4102 δε
2468 4053 2717 4123 χάρισμα
2775 4046 2990 4102 δίδοται
3045 4057 3154 4113 τοῖς
3207 4055 3566 4123 ποιμαίνουσι,
3617 4055 3753 4124 φησί
3802 4051 3884 4101 καὶ
3928 4046 3951 4097 ό

2361 4141 2578 4200 Παῦλος,
2617 4142 2828 4213 γράφων
2859 4143 2990 4212 πρὸς
3015 4141 3285 4211 Τιμόθεον
3328 4145 3415 4199 Μὴ
3455 4138 3628 4213 ἀμέλει
3666 4148 3761 4193 τοῦ
3795 4138 3845 4192 ἐν
3876 4138 3951 4188 σοὶ

2359 4234 2713 4302 χαρίσματος,
2747 4230 2772 4281 ὃ
2803 4225 2960 4287 ἰδόθη
3010 4248 3094 4281 σοι
3133 4232 3263 4300 μετὰ
3302 4227 3578 4292 ἐπιθέσεως
3625 4238 3723 4281 τῶν
3769 4234 3952 4302 χειρῶν

2358 4328 2451 4371 τοῦ
2476 4317 2871 4393 πρεσϐυτερίου.

2434 4413 2533 4461 Καὶ
2563 4437 2627 4448 -
2671 4407 2848 4464 αὐτόν.
2882 4402 3370 4480 Παραδειγματικός
3422 4409 3511 4479 μὶν
3554 4409 3581 4460 ό
3623 4407 3796 4480 λόγος,
3849 4408 3953 4457 ἔστι

2363 4493 2421 4550 δε
2450 4503 2539 4549 καὶ
2569 4497 2717 4560 οὗτος
2755 4502 2873 4570 περὶ
2911 4505 3009 4549 τῶν
3046 4499 3311 4551 τοιούτων.
3364 4495 3563 4571 Ὠσπερ
3594 4500 3716 4570 γὰρ,
3832 4512 3956 4564 παρ’

2362 4588 2529 4639 ίθεντό
2601 4605 2734 4649 τινες
2806 4584 2933 4638 πολὺ
2989 4585 3261 4657 κεφάλαιον
3325 4585 3396 4648 εἰς
3453 4584 3724 4660 εμπορίαν,
3784 4600 3950 4657 περισ-

2364 4679 2570 4751 σότερον
2602 4674 2988 4733 ἀπαιτήσουσιν
3018 4673 3195 4735 αὐτὸν,
3225 4670 3260 4726 δ
3265 4677 3319 4726 ιὰ
3337 4678 3395 4726 τό
3413 4673 3465 4737 ἐξ
3492 4674 3742 4749 ἐμπορίας
3758 4670 3949 4747 κέρδος⁹

2360 4767 2494 4818 οὕτω
2518 4765 2608 4817 καί
2646 4766 2672 4816 ό
2704 4768 2853 4832 Θεός,
2956 4765 3203 4838 παρέθετο
3229 4762 3358 4816 πολύ
3402 4765 3673 4837 χάρισμα,
3717 4762 3953 4837 περισσόο

2359 4872 2501 4929 τερον
2545 4852 2827 4913 ἀπαιτήσει
2876 4853 3054 4911 αὐτόν.
3104 4860 3370 4926 Χρεωστεῖ
3410 4856 3535 4929 γὰρ,
3586 4852 3645 4906 οὐ
3684 4858 3836 4928 μόνον
3866 4852 3952 4906 τὴν

2361 4945 2546 5000 ἑαυτοῦ
2582 4947 2866 5019 σωτηρίαν,
2892 4940 3021 4995 ἀλλὰ
3047 4947 3138 4995 καὶ
3166 4945 3261 5000 τὴν
3281 4948 3374 4994 τοῦ
3398 4941 3545 4997 λαοῦ.

2433 5040 2541 5108 Πῦρ
2581 5064 2648 5075 -
2691 5039 2812 5105 γῆν.
2869 5037 2978 5098 Πῦρ
3036 5030 3172 5103 λέγει
3226 5037 3314 5082 νῦν
3367 5034 3462 5089 τὴν
3514 5031 3588 5093 εἰς
3622 5031 3777 5085 αὐτόν
3834 5027 3952 5099 ἆγάο

2358 5143 2460 5182 πην
2510 5127 2601 5175 καὶ
2666 5126 2863 5189 πίστιν,
2912 5120 3169 5194 ἐμφαίνων
3228 5122 3286 5172 τό
3356 5116 3584 5195 σφοδρόν
3652 5120 3815 5181 αὐτῆς
3870 5118 3950 5168 καὶ

1804 5424 2021 5494 Variae
2052 5423 2380 5494 lectiones
2410 5434 2469 5492 et
2506 5433 2709 5492 notes.

662 5624 777 5693 (21)
826 5618 1237 5693 Οἰκοδεσπότην,
1266 5622 1329 5675 Β.

664 5691 778 5767 (22)
823 5694 988 5753 Οὗτος
1014 5694 1038 5743 ό
1068 5691 1240 5763 λόγος,
1278 5694 1345 5750 Β.

2440 5618 2554 5691 (23)
2596 5617 2915 5691 Hentenius
2960 5616 3057 5674 hic
3090 5615 3340 5691 addidit,
3371 5614 3447 5675 ab
3484 5629 3568 5673 eo.
3602 5613 3719 5672 Sed
3755 5612 3948 5670 neuter

2308 5692 2319 5717 ‘
2366 5687 2642 5750 meorum
2670 5690 2961 5762 agnoscit,
2989 5689 3114 5764 παρ’
3139 5687 3319 5744 αὑτοῦ.
