  <div class='ocr_page' id='page_1' title='image "/cluster/home/n/w/nwhite01/storage/ocr_20150623/129/hvd.32044019208511/552.png"; bbox 0 0 4210 6510; ppageno 0'>
   <div class='ocr_carea' id='block_1_1' title="bbox 308 458 414 519">
    <p class='ocr_par' dir='ltr' id='par_1_1' title="bbox 308 458 414 519">
     <span class='ocr_line' id='line_1_1' title="bbox 308 458 414 519; baseline -0.009 0"><span class='ocrx_word' id='word_1_1' title='bbox 308 458 414 519; x_wconf 85' lang='grc'>993</span> 
     </span>
    </p>
   </div>
   <div class='ocr_carea' id='block_1_2' title="bbox 1361 440 2648 508">
    <p class='ocr_par' dir='ltr' id='par_1_2' title="bbox 1361 440 2648 508">
     <span class='ocr_line' id='line_1_2' title="bbox 1361 440 2648 508; baseline -0.004 0"><span class='ocrx_word' id='word_1_2' title='bbox 1361 448 1740 508; x_wconf 65' lang='lat' dir='ltr'><strong>COMMENT.</strong></span> <span class='ocrx_word' id='word_1_3' title='bbox 1790 447 1857 500; x_wconf 85' lang='lat' dir='ltr'><strong>IN</strong></span> <span class='ocrx_word' id='word_1_4' title='bbox 1900 440 2165 501; x_wconf 86' lang='lat' dir='ltr'><strong>LUCAM.</strong></span> <span class='ocrx_word' id='word_1_5' title='bbox 2210 475 2267 484; x_wconf 86' lang='lat'>——</span> <span class='ocrx_word' id='word_1_6' title='bbox 2315 445 2475 501; x_wconf 86' lang='lat' dir='ltr'><strong>CAP.</strong></span> <span class='ocrx_word' id='word_1_7' title='bbox 2526 443 2648 503; x_wconf 80' lang='lat' dir='ltr'><strong>XII.</strong></span> 
     </span>
    </p>
   </div>
   <div class='ocr_carea' id='block_1_3' title="bbox 3577 446 3678 505">
    <p class='ocr_par' dir='ltr' id='par_1_3' title="bbox 3577 446 3678 505">
     <span class='ocr_line' id='line_1_3' title="bbox 3577 446 3678 505; baseline -0.03 0"><span class='ocrx_word' id='word_1_8' title='bbox 3577 446 3678 505; x_wconf 68' lang='grc'><strong>994</strong></span> 
     </span>
    </p>
   </div>
   <div class='ocr_carea' id='block_1_4' title="bbox 311 564 1929 663">
    <p class='ocr_par' dir='ltr' id='par_1_4' title="bbox 311 570 1910 663">
     <span class='ocr_line' id='line_1_4' title="bbox 311 570 1910 663; baseline -0.014 -21"><span class='ocrx_word' id='word_1_9' title='bbox 311 585 655 663; x_wconf 85' lang='grc' dir='ltr'>δραστήριον,</span> <span class='ocrx_word' id='word_1_10' title='bbox 735 580 796 639; x_wconf 81' lang='grc' dir='ltr'>ἣν</span> <span class='ocrx_word' id='word_1_11' title='bbox 864 582 913 632; x_wconf 63' lang='grc' dir='ltr'>ἓν</span> <span class='ocrx_word' id='word_1_12' title='bbox 988 586 1062 649; x_wconf 84' lang='grc' dir='ltr'>τῷ</span> <span class='ocrx_word' id='word_1_13' title='bbox 1140 574 1576 649; x_wconf 62' lang='grc' dir='ltr'><strong>ἐννεακαιδεκάτῳ</strong></span> <span class='ocrx_word' id='word_1_14' title='bbox 1652 570 1910 644; x_wconf 73' lang='grc' dir='ltr'><strong>κεφαλαίῳ</strong></span> 
     </span>
    </p>
   </div>
   <div class='ocr_carea' id='block_1_5' title="bbox 2046 564 3682 663">
    <p class='ocr_par' dir='ltr' id='par_1_5' title="bbox 2046 566 3682 645">
     <span class='ocr_line' id='line_1_5' title="bbox 2046 566 3682 645; baseline 0.005 -25"><span class='ocrx_word' id='word_1_15' title='bbox 2046 567 2163 624; x_wconf 98' lang='lat' dir='ltr'><strong>iam</strong></span> <span class='ocrx_word' id='word_1_16' title='bbox 2182 583 2250 624; x_wconf 90' lang='lat' dir='ltr'><strong>ac</strong></span> <span class='ocrx_word' id='word_1_17' title='bbox 2271 566 2461 640; x_wconf 82' lang='lat' dir='ltr'><strong>ipsius</strong></span> <span class='ocrx_word' id='word_1_18' title='bbox 2491 569 2843 637; x_wconf 82' lang='lat' dir='ltr'><strong>efﬁcaciam,</strong></span> <span class='ocrx_word' id='word_1_19' title='bbox 2860 586 3042 644; x_wconf 89' lang='lat' dir='ltr'><strong>quam</strong></span> <span class='ocrx_word' id='word_1_20' title='bbox 3054 570 3290 628; x_wconf 90' lang='lat' dir='ltr'><strong>decimo</strong></span> <span class='ocrx_word' id='word_1_21' title='bbox 3308 588 3469 630; x_wconf 93' lang='lat' dir='ltr'><strong>nono</strong></span> <span class='ocrx_word' id='word_1_22' title='bbox 3487 576 3682 645; x_wconf 79' lang='lat' dir='ltr'><strong>capite</strong></span> 
     </span>
    </p>
   </div>
   <div class='ocr_carea' id='block_1_6' title="bbox 309 662 1911 741">
    <p class='ocr_par' dir='ltr' id='par_1_6' title="bbox 309 662 1911 741">
     <span class='ocr_line' id='line_1_6' title="bbox 309 662 1911 741; baseline -0.012 -12"><span class='ocrx_word' id='word_1_23' title='bbox 309 662 399 729; x_wconf 82' lang='grc' dir='ltr'>τοῦ</span> <span class='ocrx_word' id='word_1_24' title='bbox 442 676 580 727; x_wconf 82' lang='grc' dir='ltr'>κατὰ</span> <span class='ocrx_word' id='word_1_25' title='bbox 629 672 897 725; x_wconf 86' lang='grc' dir='ltr'>Ματθαῖον</span> <span class='ocrx_word' id='word_1_26' title='bbox 949 668 1224 741; x_wconf 84' lang='grc' dir='ltr'>μάχαιραν</span> <span class='ocrx_word' id='word_1_27' title='bbox 1271 666 1524 738; x_wconf 86' lang='grc' dir='ltr'>ὠνόμασε,</span> <span class='ocrx_word' id='word_1_28' title='bbox 1551 668 1641 716; x_wconf 83' lang='grc' dir='ltr'>καὶ</span> <span class='ocrx_word' id='word_1_29' title='bbox 1679 662 1911 723; x_wconf 76' lang='grc' dir='ltr'><strong>ζήτησον</strong></span> 
     </span>
    </p>
   </div>
   <div class='ocr_carea' id='block_1_7' title="bbox 313 749 1915 832">
    <p class='ocr_par' dir='ltr' id='par_1_7' title="bbox 313 749 1915 832">
     <span class='ocr_line' id='line_1_7' title="bbox 313 749 1915 832; baseline -0.011 -14"><span class='ocrx_word' id='word_1_30' title='bbox 313 767 415 819; x_wconf 79' lang='grc' dir='ltr'>ἐκεῖ</span> <span class='ocrx_word' id='word_1_31' title='bbox 471 768 564 822; x_wconf 84' lang='grc' dir='ltr'><strong>τήν</strong></span> <span class='ocrx_word' id='word_1_32' title='bbox 620 759 870 832; x_wconf 76' lang='grc' dir='ltr'><strong>ἐξήγησιν</strong></span> <span class='ocrx_word' id='word_1_33' title='bbox 944 764 1054 810; x_wconf 78' lang='grc' dir='ltr'>τοῦ’</span> <span class='ocrx_word' id='word_1_34' title='bbox 1122 760 1207 814; x_wconf 83' lang='grc' dir='ltr'>Μή</span> <span class='ocrx_word' id='word_1_35' title='bbox 1272 760 1540 828; x_wconf 79' lang='grc' dir='ltr'><strong>νομίσητε,</strong></span> <span class='ocrx_word' id='word_1_36' title='bbox 1613 753 1692 804; x_wconf 87' lang='grc' dir='ltr'>ὅτι</span> <span class='ocrx_word' id='word_1_37' title='bbox 1761 749 1915 809; x_wconf 77' lang='grc' dir='ltr'>ἦλθον</span> 
     </span>
    </p>
   </div>
   <div class='ocr_carea' id='block_1_8' title="bbox 317 841 1915 928">
    <p class='ocr_par' dir='ltr' id='par_1_8' title="bbox 317 841 1915 928">
     <span class='ocr_line' id='line_1_8' title="bbox 317 841 1915 928; baseline -0.013 -21"><span class='ocrx_word' id='word_1_38' title='bbox 317 853 492 928; x_wconf 85' lang='grc' dir='ltr'>βαλεῖν</span> <span class='ocrx_word' id='word_1_39' title='bbox 552 851 756 925; x_wconf 85' lang='grc' dir='ltr'>εἰρήνην</span> <span class='ocrx_word' id='word_1_40' title='bbox 780 848 864 901; x_wconf 79' lang='grc' dir='ltr'><strong>ἐπὶ</strong></span> <span class='ocrx_word' id='word_1_41' title='bbox 892 852 984 905; x_wconf 83' lang='grc' dir='ltr'><strong>τήν</strong></span> <span class='ocrx_word' id='word_1_42' title='bbox 1013 854 1134 918; x_wconf 82' lang='grc' dir='ltr'>γῆν.</span> <span class='ocrx_word' id='word_1_43' title='bbox 1164 845 1272 897; x_wconf 77' lang='grc' dir='ltr'><strong>Οὐκ</strong></span> <span class='ocrx_word' id='word_1_44' title='bbox 1301 841 1453 903; x_wconf 78' lang='grc' dir='ltr'>ἦλθον</span> <span class='ocrx_word' id='word_1_45' title='bbox 1486 841 1661 915; x_wconf 78' lang='grc' dir='ltr'>βαλεῖν</span> <span class='ocrx_word' id='word_1_46' title='bbox 1688 845 1915 913; x_wconf 76' lang='grc' dir='ltr'><strong>εἰρήνην,</strong></span> 
     </span>
    </p>
   </div>
   <div class='ocr_carea' id='block_1_9' title="bbox 316 941 755 1014">
    <p class='ocr_par' dir='ltr' id='par_1_9' title="bbox 316 941 755 1014">
     <span class='ocr_line' id='line_1_9' title="bbox 316 941 755 1014; baseline -0.002 -19"><span class='ocrx_word' id='word_1_47' title='bbox 316 941 443 995; x_wconf 73' lang='grc' dir='ltr'>ἀλλὰ</span> <span class='ocrx_word' id='word_1_48' title='bbox 461 944 755 1014; x_wconf 83' lang='grc' dir='ltr'>μάχαιραν.</span> 
     </span>
    </p>
   </div>
   <div class='ocr_carea' id='block_1_10' title="bbox 391 1018 1916 1101">
    <p class='ocr_par' dir='ltr' id='par_1_10' title="bbox 391 1018 1916 1101">
     <span class='ocr_line' id='line_1_10' title="bbox 391 1018 1916 1101; baseline -0.011 -16"><span class='ocrx_word' id='word_1_49' title='bbox 391 1037 491 1085; x_wconf 78' lang='grc' dir='ltr'><strong>Καὶ</strong></span> <span class='ocrx_word' id='word_1_50' title='bbox 532 1062 595 1071; x_wconf 91' lang='grc'><strong><em>-</em></strong></span> <span class='ocrx_word' id='word_1_51' title='bbox 638 1030 839 1101; x_wconf 74' lang='grc' dir='ltr'>ἀνήφθη</span> <span class='ocrx_word' id='word_1_52' title='bbox 868 1046 881 1091; x_wconf 86' lang='grc'>;</span> <span class='ocrx_word' id='word_1_53' title='bbox 914 1031 1011 1080; x_wconf 80' lang='grc' dir='ltr'><strong>Καὶ</strong></span> <span class='ocrx_word' id='word_1_54' title='bbox 1058 1030 1111 1077; x_wconf 93' lang='grc' dir='ltr'><strong>τί</strong></span> <span class='ocrx_word' id='word_1_55' title='bbox 1156 1024 1327 1077; x_wconf 86' lang='grc' dir='ltr'>πλεῖον</span> <span class='ocrx_word' id='word_1_56' title='bbox 1361 1022 1507 1090; x_wconf 79' lang='grc' dir='ltr'>θέλω,</span> <span class='ocrx_word' id='word_1_57' title='bbox 1554 1020 1636 1072; x_wconf 76' lang='grc' dir='ltr'><strong>ἐὰν</strong></span> <span class='ocrx_word' id='word_1_58' title='bbox 1675 1018 1916 1089; x_wconf 77' lang='grc' dir='ltr'>ἀνήφθη;</span> 
     </span>
    </p>
   </div>
   <div class='ocr_carea' id='block_1_11' title="bbox 317 1106 1920 1191">
    <p class='ocr_par' dir='ltr' id='par_1_11' title="bbox 317 1106 1920 1191">
     <span class='ocr_line' id='line_1_11' title="bbox 317 1106 1920 1191; baseline -0.011 -17"><span class='ocrx_word' id='word_1_59' title='bbox 317 1127 381 1174; x_wconf 91' lang='grc' dir='ltr'>Τί</span> <span class='ocrx_word' id='word_1_60' title='bbox 435 1120 606 1173; x_wconf 84' lang='grc' dir='ltr'>πλεῖον</span> <span class='ocrx_word' id='word_1_61' title='bbox 652 1117 882 1191; x_wconf 76' lang='grc' dir='ltr'>ἀναμένω</span> <span class='ocrx_word' id='word_1_62' title='bbox 940 1114 987 1168; x_wconf 81' lang='grc' dir='ltr'>έν</span> <span class='ocrx_word' id='word_1_63' title='bbox 1044 1123 1117 1185; x_wconf 84' lang='grc' dir='ltr'>τῷ</span> <span class='ocrx_word' id='word_1_64' title='bbox 1148 1119 1366 1187; x_wconf 85' lang='grc' dir='ltr'>κόσμῳ;</span> <span class='ocrx_word' id='word_1_65' title='bbox 1401 1118 1580 1165; x_wconf 79' lang='grc' dir='ltr'>Ταῦτα</span> <span class='ocrx_word' id='word_1_66' title='bbox 1634 1106 1694 1162; x_wconf 71' lang='grc' dir='ltr'>δὲ</span> <span class='ocrx_word' id='word_1_67' title='bbox 1738 1107 1920 1178; x_wconf 82' lang='grc' dir='ltr'>λέγων,</span> 
     </span>
    </p>
   </div>
   <div class='ocr_carea' id='block_1_12' title="bbox 320 1200 1921 1275">
    <p class='ocr_par' dir='ltr' id='par_1_12' title="bbox 320 1200 1921 1275">
     <span class='ocr_line' id='line_1_12' title="bbox 320 1200 1921 1275; baseline -0.009 -14"><span class='ocrx_word' id='word_1_68' title='bbox 320 1207 529 1275; x_wconf 75' lang='grc' dir='ltr'>ἐδήλου,</span> <span class='ocrx_word' id='word_1_69' title='bbox 613 1209 693 1261; x_wconf 85' lang='grc' dir='ltr'>ὅτι</span> <span class='ocrx_word' id='word_1_70' title='bbox 771 1203 878 1266; x_wconf 76' lang='grc' dir='ltr'><strong>ἤδη</strong></span> <span class='ocrx_word' id='word_1_71' title='bbox 931 1203 1133 1272; x_wconf 80' lang='grc' dir='ltr'>ἀνήφθη</span> <span class='ocrx_word' id='word_1_72' title='bbox 1198 1202 1247 1255; x_wconf 77' lang='grc' dir='ltr'>ἐν</span> <span class='ocrx_word' id='word_1_73' title='bbox 1316 1208 1425 1262; x_wconf 88' lang='grc' dir='ltr'>τοῖς</span> <span class='ocrx_word' id='word_1_74' title='bbox 1490 1203 1764 1273; x_wconf 78' lang='grc' dir='ltr'><strong>μαθηταῖς,</strong></span> <span class='ocrx_word' id='word_1_75' title='bbox 1833 1200 1921 1247; x_wconf 87' lang='grc' dir='ltr'>καὶ</span> 
     </span>
    </p>
   </div>
   <div class='ocr_carea' id='block_1_13' title="bbox 319 1284 1917 1372">
    <p class='ocr_par' dir='ltr' id='par_1_13' title="bbox 319 1284 1917 1372">
     <span class='ocr_line' id='line_1_13' title="bbox 319 1284 1917 1372; baseline -0.009 -22"><span class='ocrx_word' id='word_1_76' title='bbox 319 1299 537 1372; x_wconf 70' lang='grc' dir='ltr'>ἀναφθὲν</span> <span class='ocrx_word' id='word_1_77' title='bbox 590 1297 685 1350; x_wconf 72' lang='grc' dir='ltr'>οὐκ</span> <span class='ocrx_word' id='word_1_78' title='bbox 729 1299 802 1349; x_wconf 76' lang='grc' dir='ltr'>ἔτι</span> <span class='ocrx_word' id='word_1_79' title='bbox 851 1293 1223 1358; x_wconf 80' lang='grc' dir='ltr'>σϐεσθήσεται,</span> <span class='ocrx_word' id='word_1_80' title='bbox 1278 1290 1406 1343; x_wconf 78' lang='grc' dir='ltr'>ἀλλὰ</span> <span class='ocrx_word' id='word_1_81' title='bbox 1445 1295 1615 1342; x_wconf 86' lang='grc' dir='ltr'>πᾶσαν</span> <span class='ocrx_word' id='word_1_82' title='bbox 1654 1284 1917 1359; x_wconf 60' lang='grc' dir='ltr'>ἐπιδράμῃ</span> 
     </span>
    </p>
   </div>
   <div class='ocr_carea' id='block_1_14' title="bbox 321 1374 1920 1460">
    <p class='ocr_par' dir='ltr' id='par_1_14' title="bbox 321 1374 1920 1460">
     <span class='ocr_line' id='line_1_14' title="bbox 321 1374 1920 1460; baseline -0.011 -16"><span class='ocrx_word' id='word_1_83' title='bbox 321 1388 434 1460; x_wconf 74' lang='grc'>(24)</span> <span class='ocrx_word' id='word_1_84' title='bbox 456 1392 547 1446; x_wconf 86' lang='grc' dir='ltr'>τὴν</span> <span class='ocrx_word' id='word_1_85' title='bbox 577 1386 891 1457; x_wconf 82' lang='grc' dir='ltr'>οἰκονμένην,</span> <span class='ocrx_word' id='word_1_86' title='bbox 924 1388 1013 1440; x_wconf 72' lang='grc' dir='ltr'>καὶ</span> <span class='ocrx_word' id='word_1_87' title='bbox 1043 1384 1122 1435; x_wconf 87' lang='grc' dir='ltr'>ὅτι</span> <span class='ocrx_word' id='word_1_88' title='bbox 1150 1382 1328 1434; x_wconf 82' lang='grc' dir='ltr'>λοιπὸν</span> <span class='ocrx_word' id='word_1_89' title='bbox 1374 1378 1533 1439; x_wconf 80' lang='grc' dir='ltr'>αὐτὸς</span> <span class='ocrx_word' id='word_1_90' title='bbox 1574 1374 1920 1450; x_wconf 80' lang='grc' dir='ltr'>μεταϐήσεται</span> 
     </span>
    </p>
   </div>
   <div class='ocr_carea' id='block_1_15' title="bbox 326 1474 997 1539">
    <p class='ocr_par' dir='ltr' id='par_1_15' title="bbox 326 1474 997 1539">
     <span class='ocr_line' id='line_1_15' title="bbox 326 1474 997 1539; baseline 0 -10"><span class='ocrx_word' id='word_1_91' title='bbox 326 1475 426 1530; x_wconf 80' lang='grc' dir='ltr'>ἀπὸ</span> <span class='ocrx_word' id='word_1_92' title='bbox 456 1484 549 1539; x_wconf 77' lang='grc' dir='ltr'>τῆς</span> <span class='ocrx_word' id='word_1_93' title='bbox 588 1475 810 1528; x_wconf 77' lang='grc' dir='ltr'>ἐνταῦθα</span> <span class='ocrx_word' id='word_1_94' title='bbox 840 1474 997 1535; x_wconf 78' lang='grc' dir='ltr'>ζωῆς.</span> 
     </span>
    </p>
   </div>
   <div class='ocr_carea' id='block_1_16' title="bbox 394 1648 1264 1725">
    <p class='ocr_par' dir='ltr' id='par_1_16' title="bbox 394 1648 1264 1725">
     <span class='ocr_line' id='line_1_16' title="bbox 394 1648 1264 1725; baseline -0.006 -18"><span class='ocrx_word' id='word_1_95' title='bbox 394 1657 676 1725; x_wconf 84' lang='grc' dir='ltr'>Βάπτισμα</span> <span class='ocrx_word' id='word_1_96' title='bbox 737 1683 794 1693; x_wconf 90' lang='grc'><strong>-</strong></span> <span class='ocrx_word' id='word_1_97' title='bbox 870 1648 1146 1723; x_wconf 88' lang='grc' dir='ltr'>βαπτισθῆ</span> <span class='ocrx_word' id='word_1_98' title='bbox 1158 1667 1264 1702; x_wconf 90' lang='grc' dir='ltr'>ναι.</span> 
     </span>
    </p>
   </div>
   <div class='ocr_carea' id='block_1_17' title="bbox 320 1732 1924 1816">
    <p class='ocr_par' dir='ltr' id='par_1_17' title="bbox 320 1732 1924 1816">
     <span class='ocr_line' id='line_1_17' title="bbox 320 1732 1924 1816; baseline -0.008 -19"><span class='ocrx_word' id='word_1_99' title='bbox 320 1747 521 1816; x_wconf 79' lang='grc' dir='ltr'>γορεύει</span> <span class='ocrx_word' id='word_1_100' title='bbox 559 1745 797 1814; x_wconf 78' lang='grc' dir='ltr'>περὶτοῦ</span> <span class='ocrx_word' id='word_1_101' title='bbox 848 1740 1069 1792; x_wconf 85' lang='grc' dir='ltr'>θανάτου</span> <span class='ocrx_word' id='word_1_102' title='bbox 1100 1738 1280 1803; x_wconf 76' lang='grc' dir='ltr'>αὐτοῦ,</span> <span class='ocrx_word' id='word_1_103' title='bbox 1303 1737 1381 1788; x_wconf 85' lang='grc' dir='ltr'>ὅτι</span> <span class='ocrx_word' id='word_1_104' title='bbox 1434 1737 1715 1807; x_wconf 83' lang='grc' dir='ltr'>Βάπτισμα</span> <span class='ocrx_word' id='word_1_105' title='bbox 1758 1732 1924 1805; x_wconf 77' lang='grc' dir='ltr'>μέλλω</span> 
     </span>
    </p>
   </div>
   <div class='ocr_carea' id='block_1_18' title="bbox 323 1824 1923 1906">
    <p class='ocr_par' dir='ltr' id='par_1_18' title="bbox 323 1824 1923 1906">
     <span class='ocr_line' id='line_1_18' title="bbox 323 1824 1923 1906; baseline -0.009 -20"><span class='ocrx_word' id='word_1_106' title='bbox 323 1831 705 1906; x_wconf 82' lang='grc' dir='ltr'><strong>βαπτισθῆναι,</strong></span> <span class='ocrx_word' id='word_1_107' title='bbox 751 1834 808 1882; x_wconf 85' lang='grc' dir='ltr'>τὸ</span> <span class='ocrx_word' id='word_1_108' title='bbox 862 1825 935 1881; x_wconf 86' lang='grc' dir='ltr'><strong>δι’</strong></span> <span class='ocrx_word' id='word_1_109' title='bbox 981 1828 1219 1901; x_wconf 80' lang='grc' dir='ltr'>αἳματος·</span> <span class='ocrx_word' id='word_1_110' title='bbox 1261 1824 1544 1898; x_wconf 73' lang='grc' dir='ltr'><strong>βάπτισμα</strong></span> <span class='ocrx_word' id='word_1_111' title='bbox 1583 1828 1676 1883; x_wconf 85' lang='grc' dir='ltr'><strong>τήν</strong></span> <span class='ocrx_word' id='word_1_112' title='bbox 1718 1826 1923 1895; x_wconf 84' lang='grc' dir='ltr'>σφαγήν</span> 
     </span>
    </p>
   </div>
   <div class='ocr_carea' id='block_1_19' title="bbox 324 1917 1390 1990">
    <p class='ocr_par' dir='ltr' id='par_1_19' title="bbox 324 1917 1390 1990">
     <span class='ocr_line' id='line_1_19' title="bbox 324 1917 1390 1990; baseline -0.008 -15"><span class='ocrx_word' id='word_1_113' title='bbox 324 1922 484 1975; x_wconf 72' lang='grc' dir='ltr'>αὐτοῦ</span> <span class='ocrx_word' id='word_1_114' title='bbox 514 1919 759 1985; x_wconf 82' lang='grc' dir='ltr'><strong>καλέσας,</strong></span> <span class='ocrx_word' id='word_1_115' title='bbox 800 1920 869 1980; x_wconf 82' lang='grc' dir='ltr'>ὡς</span> <span class='ocrx_word' id='word_1_116' title='bbox 905 1919 1191 1990; x_wconf 83' lang='grc' dir='ltr'>καθάρσιον</span> <span class='ocrx_word' id='word_1_117' title='bbox 1221 1917 1390 1988; x_wconf 77' lang='grc' dir='ltr'>ἡμων.</span> 
     </span>
    </p>
   </div>
   <div class='ocr_carea' id='block_1_20' title="bbox 1354 1651 1925 1721">
    <p class='ocr_par' dir='ltr' id='par_1_20' title="bbox 1354 1651 1925 1721">
     <span class='ocr_line' id='line_1_20' title="bbox 1354 1651 1925 1721; baseline -0.011 -21"><span class='ocrx_word' id='word_1_118' title='bbox 1354 1651 1715 1721; x_wconf 81' lang='grc' dir='ltr'>Φανερωτερον</span> <span class='ocrx_word' id='word_1_119' title='bbox 1790 1662 1925 1717; x_wconf 83' lang='grc' dir='ltr'>προα</span> 
     </span>
    </p>
   </div>
   <div class='ocr_carea' id='block_1_21' title="bbox 400 1997 1924 2078">
    <p class='ocr_par' dir='ltr' id='par_1_21' title="bbox 400 1997 1924 2078">
     <span class='ocr_line' id='line_1_21' title="bbox 400 1997 1924 2078; baseline -0.008 -14"><span class='ocrx_word' id='word_1_120' title='bbox 400 2015 498 2064; x_wconf 82' lang='grc' dir='ltr'>Καὶ</span> <span class='ocrx_word' id='word_1_121' title='bbox 550 2018 656 2069; x_wconf 82' lang='grc' dir='ltr'>πῶς</span> <span class='ocrx_word' id='word_1_122' title='bbox 704 2040 773 2049; x_wconf 91' lang='grc'><strong><em>-</em></strong></span> <span class='ocrx_word' id='word_1_123' title='bbox 808 2007 1044 2078; x_wconf 77' lang='grc' dir='ltr'>τελεσθῇ.</span> <span class='ocrx_word' id='word_1_124' title='bbox 1083 2011 1183 2059; x_wconf 77' lang='grc' dir='ltr'><strong>Καὶ</strong></span> <span class='ocrx_word' id='word_1_125' title='bbox 1232 2008 1421 2056; x_wconf 82' lang='grc' dir='ltr'>ὡσανεὶ</span> <span class='ocrx_word' id='word_1_126' title='bbox 1452 2002 1672 2075; x_wconf 80' lang='grc' dir='ltr'>ἀγωνιῶ,</span> <span class='ocrx_word' id='word_1_127' title='bbox 1709 1997 1803 2054; x_wconf 81' lang='grc' dir='ltr'>διὰ</span> <span class='ocrx_word' id='word_1_128' title='bbox 1831 2005 1924 2059; x_wconf 79' lang='grc' dir='ltr'><strong>τήν</strong></span> 
     </span>
    </p>
   </div>
   <div class='ocr_carea' id='block_1_22' title="bbox 328 2092 1923 2173">
    <p class='ocr_par' dir='ltr' id='par_1_22' title="bbox 328 2092 1923 2173">
     <span class='ocr_line' id='line_1_22' title="bbox 328 2092 1923 2173; baseline -0.008 -20"><span class='ocrx_word' id='word_1_129' title='bbox 328 2097 663 2173; x_wconf 83' lang='grc' dir='ltr'>βραδύτητα.</span> <span class='ocrx_word' id='word_1_130' title='bbox 695 2098 928 2167; x_wconf 83' lang='grc' dir='ltr'>Ἐνέφηνε</span> <span class='ocrx_word' id='word_1_131' title='bbox 958 2092 1035 2165; x_wconf 69' lang='grc' dir='ltr'><strong>δε,</strong></span> <span class='ocrx_word' id='word_1_132' title='bbox 1070 2097 1150 2146; x_wconf 88' lang='grc' dir='ltr'>ὃτι</span> <span class='ocrx_word' id='word_1_133' title='bbox 1198 2092 1454 2165; x_wconf 74' lang='grc' dir='ltr'><strong>ἐπείγεται</strong></span> <span class='ocrx_word' id='word_1_134' title='bbox 1503 2100 1767 2164; x_wconf 75' lang='grc' dir='ltr'>σφαγῆναι</span> <span class='ocrx_word' id='word_1_135' title='bbox 1797 2092 1923 2163; x_wconf 68' lang='grc' dir='ltr'>ὑπὲρ</span> 
     </span>
    </p>
   </div>
   <div class='ocr_carea' id='block_1_23' title="bbox 326 2179 1481 2262">
    <p class='ocr_par' dir='ltr' id='par_1_23' title="bbox 326 2179 1481 2262">
     <span class='ocr_line' id='line_1_23' title="bbox 326 2179 1481 2262; baseline -0.007 -21"><span class='ocrx_word' id='word_1_136' title='bbox 326 2192 493 2262; x_wconf 83' lang='grc' dir='ltr'>ἡμῶν,</span> <span class='ocrx_word' id='word_1_137' title='bbox 534 2192 624 2239; x_wconf 83' lang='grc' dir='ltr'>καὶ</span> <span class='ocrx_word' id='word_1_138' title='bbox 653 2185 900 2245; x_wconf 80' lang='grc' dir='ltr'><strong>ἑκουσίως</strong></span> <span class='ocrx_word' id='word_1_139' title='bbox 931 2179 1245 2236; x_wconf 79' lang='grc' dir='ltr'><strong>ἐπιδίδωσιν</strong></span> <span class='ocrx_word' id='word_1_140' title='bbox 1276 2182 1481 2239; x_wconf 77' lang='grc' dir='ltr'>ἑαυτὸν,</span> 
     </span>
    </p>
   </div>
   <div class='ocr_carea' id='block_1_24' title="bbox 402 2357 1924 2435">
    <p class='ocr_par' dir='ltr' id='par_1_24' title="bbox 402 2357 1924 2435">
     <span class='ocr_line' id='line_1_24' title="bbox 402 2357 1924 2435; baseline -0.005 -19"><span class='ocrx_word' id='word_1_141' title='bbox 402 2371 606 2417; x_wconf 79' lang='grc' dir='ltr'><strong>Δοκεῖτε</strong></span> <span class='ocrx_word' id='word_1_142' title='bbox 665 2394 736 2403; x_wconf 90' lang='grc'><strong><em>-</em></strong></span> <span class='ocrx_word' id='word_1_143' title='bbox 785 2358 1155 2435; x_wconf 85' lang='grc' dir='ltr'>διαμερισμόν.</span> <span class='ocrx_word' id='word_1_144' title='bbox 1223 2362 1404 2423; x_wconf 81' lang='grc' dir='ltr'>Καθὼς</span> <span class='ocrx_word' id='word_1_145' title='bbox 1470 2360 1742 2434; x_wconf 85' lang='grc' dir='ltr'>εἰρήκαμεν</span> <span class='ocrx_word' id='word_1_146' title='bbox 1800 2357 1924 2410; x_wconf 79' lang='grc' dir='ltr'>ἀνω-</span> 
     </span>
    </p>
   </div>
   <div class='ocr_carea' id='block_1_25' title="bbox 332 2447 1925 2529">
    <p class='ocr_par' dir='ltr' id='par_1_25' title="bbox 332 2447 1925 2529">
     <span class='ocr_line' id='line_1_25' title="bbox 332 2447 1925 2529; baseline -0.005 -22"><span class='ocrx_word' id='word_1_147' title='bbox 332 2459 483 2529; x_wconf 80' lang='grc' dir='ltr'>τέρω,</span> <span class='ocrx_word' id='word_1_148' title='bbox 540 2454 771 2514; x_wconf 75' lang='grc' dir='ltr'>ζήτησον</span> <span class='ocrx_word' id='word_1_149' title='bbox 826 2450 874 2503; x_wconf 84' lang='grc' dir='ltr'>ἐν</span> <span class='ocrx_word' id='word_1_150' title='bbox 913 2459 994 2522; x_wconf 83' lang='grc' dir='ltr'><strong>’τῷ</strong></span> <span class='ocrx_word' id='word_1_151' title='bbox 1047 2447 1480 2521; x_wconf 72' lang='grc' dir='ltr'>ἐννεακαιδεκάτῳ</span> <span class='ocrx_word' id='word_1_152' title='bbox 1523 2449 1780 2522; x_wconf 72' lang='grc' dir='ltr'>κεφαλαίῳ</span> <span class='ocrx_word' id='word_1_153' title='bbox 1834 2457 1925 2501; x_wconf 75' lang='grc' dir='ltr'>τοῦ</span> 
     </span>
    </p>
   </div>
   <div class='ocr_carea' id='block_1_26' title="bbox 330 2538 1927 2611">
    <p class='ocr_par' dir='ltr' id='par_1_26' title="bbox 330 2538 1927 2611">
     <span class='ocr_line' id='line_1_26' title="bbox 330 2538 1927 2611; baseline -0.004 -16"><span class='ocrx_word' id='word_1_154' title='bbox 330 2546 464 2595; x_wconf 75' lang='grc' dir='ltr'>κατὰ</span> <span class='ocrx_word' id='word_1_155' title='bbox 516 2543 783 2595; x_wconf 65' lang='grc' dir='ltr'>Ἁῐατθαίον</span> <span class='ocrx_word' id='word_1_156' title='bbox 841 2545 935 2600; x_wconf 81' lang='grc' dir='ltr'><strong>τήν</strong></span> <span class='ocrx_word' id='word_1_157' title='bbox 992 2538 1241 2611; x_wconf 75' lang='grc' dir='ltr'><strong>ἐξήγησιν</strong></span> <span class='ocrx_word' id='word_1_158' title='bbox 1272 2547 1382 2594; x_wconf 79' lang='grc' dir='ltr'>τοῦ.</span> <span class='ocrx_word' id='word_1_159' title='bbox 1427 2544 1511 2598; x_wconf 75' lang='grc' dir='ltr'>Μή</span> <span class='ocrx_word' id='word_1_160' title='bbox 1548 2544 1816 2611; x_wconf 75' lang='grc' dir='ltr'>νομίσητε,</span> <span class='ocrx_word' id='word_1_161' title='bbox 1848 2540 1927 2590; x_wconf 85' lang='grc' dir='ltr'>ὅτι</span> 
     </span>
    </p>
   </div>
   <div class='ocr_carea' id='block_1_27' title="bbox 331 2626 1927 2705">
    <p class='ocr_par' dir='ltr' id='par_1_27' title="bbox 331 2626 1927 2705">
     <span class='ocr_line' id='line_1_27' title="bbox 331 2626 1927 2705; baseline -0.004 -21"><span class='ocrx_word' id='word_1_162' title='bbox 331 2630 485 2692; x_wconf 77' lang='grc' dir='ltr'>ἦλθον</span> <span class='ocrx_word' id='word_1_163' title='bbox 526 2631 703 2704; x_wconf 77' lang='grc' dir='ltr'>βαλεῖν</span> <span class='ocrx_word' id='word_1_164' title='bbox 756 2634 964 2705; x_wconf 77' lang='grc' dir='ltr'>εἰρήνην</span> <span class='ocrx_word' id='word_1_165' title='bbox 1012 2628 1096 2681; x_wconf 78' lang='grc' dir='ltr'><strong>ἐπὶ</strong></span> <span class='ocrx_word' id='word_1_166' title='bbox 1139 2633 1231 2688; x_wconf 81' lang='grc' dir='ltr'>τὴν</span> <span class='ocrx_word' id='word_1_167' title='bbox 1278 2637 1397 2700; x_wconf 79' lang='grc' dir='ltr'>γῆν.</span> <span class='ocrx_word' id='word_1_168' title='bbox 1431 2628 1539 2681; x_wconf 70' lang='grc' dir='ltr'>Οὐκ</span> <span class='ocrx_word' id='word_1_169' title='bbox 1570 2626 1723 2687; x_wconf 76' lang='grc' dir='ltr'>ἦλθον</span> <span class='ocrx_word' id='word_1_170' title='bbox 1751 2626 1927 2700; x_wconf 80' lang='grc' dir='ltr'>βαλεῖν</span> 
     </span>
    </p>
   </div>
   <div class='ocr_carea' id='block_1_28' title="bbox 328 2719 1046 2795">
    <p class='ocr_par' dir='ltr' id='par_1_28' title="bbox 328 2719 1046 2795">
     <span class='ocr_line' id='line_1_28' title="bbox 328 2719 1046 2795; baseline -0.003 -20"><span class='ocrx_word' id='word_1_171' title='bbox 328 2722 557 2795; x_wconf 84' lang='grc' dir='ltr'>εἰρήνην,</span> <span class='ocrx_word' id='word_1_172' title='bbox 601 2719 729 2772; x_wconf 80' lang='grc' dir='ltr'>ἀλλὰ</span> <span class='ocrx_word' id='word_1_173' title='bbox 752 2721 1046 2792; x_wconf 87' lang='grc' dir='ltr'>μάχαιραν.</span> 
     </span>
    </p>
   </div>
   <div class='ocr_carea' id='block_1_29' title="bbox 398 2806 1928 2881">
    <p class='ocr_par' dir='ltr' id='par_1_29' title="bbox 398 2806 1928 2881">
     <span class='ocr_line' id='line_1_29' title="bbox 398 2806 1928 2881; baseline -0.005 -17"><span class='ocrx_word' id='word_1_174' title='bbox 398 2811 651 2864; x_wconf 80' lang='grc' dir='ltr'>Ἔσονται</span> <span class='ocrx_word' id='word_1_175' title='bbox 690 2841 755 2850; x_wconf 91' lang='lat'><strong>-—</strong></span> <span class='ocrx_word' id='word_1_176' title='bbox 809 2812 975 2880; x_wconf 88' lang='grc' dir='ltr'>τρισί.</span> <span class='ocrx_word' id='word_1_177' title='bbox 1018 2810 1194 2862; x_wconf 82' lang='grc' dir='ltr'>Ταῦτα</span> <span class='ocrx_word' id='word_1_178' title='bbox 1245 2811 1339 2866; x_wconf 80' lang='grc' dir='ltr'><strong>τήν</strong></span> <span class='ocrx_word' id='word_1_179' title='bbox 1382 2807 1498 2859; x_wconf 89' lang='grc' dir='ltr'>καθ’</span> <span class='ocrx_word' id='word_1_180' title='bbox 1547 2807 1780 2881; x_wconf 83' lang='grc' dir='ltr'>ἱστορίαν</span> <span class='ocrx_word' id='word_1_181' title='bbox 1820 2806 1928 2869; x_wconf 82' lang='grc' dir='ltr'><strong>ἐξή-</strong></span> 
     </span>
    </p>
   </div>
   <div class='ocr_carea' id='block_1_30' title="bbox 326 2894 1929 2972">
    <p class='ocr_par' dir='ltr' id='par_1_30' title="bbox 326 2894 1929 2972">
     <span class='ocr_line' id='line_1_30' title="bbox 326 2894 1929 2972; baseline -0.004 -19"><span class='ocrx_word' id='word_1_182' title='bbox 326 2920 485 2972; x_wconf 90' lang='grc' dir='ltr'>γησιν</span> <span class='ocrx_word' id='word_1_183' title='bbox 539 2900 631 2951; x_wconf 73' lang='grc' dir='ltr'>οὐκ</span> <span class='ocrx_word' id='word_1_184' title='bbox 676 2894 1030 2969; x_wconf 79' lang='grc' dir='ltr'>ἐπιδεχόμενα</span> <span class='ocrx_word' id='word_1_185' title='bbox 1082 2896 1216 2968; x_wconf 82' lang='lat'><strong>(&#39;25),</strong></span> <span class='ocrx_word' id='word_1_186' title='bbox 1269 2899 1405 2949; x_wconf 87' lang='grc' dir='ltr'><strong>κατά</strong></span> <span class='ocrx_word' id='word_1_187' title='bbox 1457 2894 1729 2968; x_wconf 79' lang='grc' dir='ltr'>ἀναγωγὴν</span> <span class='ocrx_word' id='word_1_188' title='bbox 1778 2902 1929 2969; x_wconf 88' lang='grc' dir='ltr'>μόνον</span> 
     </span>
    </p>
   </div>
   <div class='ocr_carea' id='block_1_31' title="bbox 330 2984 1928 3065">
    <p class='ocr_par' dir='ltr' id='par_1_31' title="bbox 330 2984 1928 3065">
     <span class='ocr_line' id='line_1_31' title="bbox 330 2984 1928 3065; baseline -0.003 -23"><span class='ocrx_word' id='word_1_189' title='bbox 330 2990 682 3065; x_wconf 81' lang='grc' dir='ltr'>ἑρμηνευτέον.</span> <span class='ocrx_word' id='word_1_190' title='bbox 729 2986 883 3040; x_wconf 77' lang='grc' dir='ltr'>’Ἐστι</span> <span class='ocrx_word' id='word_1_191' title='bbox 931 2989 1031 3061; x_wconf 81' lang='grc' dir='ltr'>γὰρ</span> <span class='ocrx_word' id='word_1_192' title='bbox 1081 2984 1218 3047; x_wconf 83' lang='grc' dir='ltr'>οἰκος</span> <span class='ocrx_word' id='word_1_193' title='bbox 1242 2989 1333 3059; x_wconf 68' lang='grc' dir='ltr'>μὲν</span> <span class='ocrx_word' id='word_1_194' title='bbox 1381 2987 1471 3051; x_wconf 82' lang='grc' dir='ltr'>εἷς,</span> <span class='ocrx_word' id='word_1_195' title='bbox 1508 2988 1537 3045; x_wconf 73' lang='grc' dir='ltr'>ἡ</span> <span class='ocrx_word' id='word_1_196' title='bbox 1598 2993 1690 3039; x_wconf 75' lang='grc' dir='ltr'>τοῦ</span> <span class='ocrx_word' id='word_1_197' title='bbox 1712 2993 1928 3059; x_wconf 35' lang='grc' dir='ltr'>κπιστοῦ</span> 
     </span>
    </p>
   </div>
   <div class='ocr_carea' id='block_1_32' title="bbox 327 3074 1929 3152">
    <p class='ocr_par' dir='ltr' id='par_1_32' title="bbox 327 3074 1929 3152">
     <span class='ocr_line' id='line_1_32' title="bbox 327 3074 1929 3152; baseline -0.002 -20"><span class='ocrx_word' id='word_1_198' title='bbox 327 3080 508 3152; x_wconf 72' lang='grc' dir='ltr'>ψυχή’</span> <span class='ocrx_word' id='word_1_199' title='bbox 577 3083 724 3131; x_wconf 82' lang='grc' dir='ltr'>πέντε</span> <span class='ocrx_word' id='word_1_200' title='bbox 773 3074 851 3144; x_wconf 70' lang='grc' dir='ltr'>δὲ,</span> <span class='ocrx_word' id='word_1_201' title='bbox 915 3080 969 3130; x_wconf 83' lang='grc' dir='ltr'><strong>αἰ</strong></span> <span class='ocrx_word' id='word_1_202' title='bbox 1021 3075 1223 3150; x_wconf 72' lang='grc' dir='ltr'>ἓναύτῇ</span> <span class='ocrx_word' id='word_1_203' title='bbox 1288 3082 1434 3130; x_wconf 74' lang='grc' dir='ltr'>πέντε</span> <span class='ocrx_word' id='word_1_204' title='bbox 1492 3075 1759 3150; x_wconf 85' lang='grc' dir='ltr'>δυνάμεις,</span> <span class='ocrx_word' id='word_1_205' title='bbox 1792 3086 1929 3144; x_wconf 67' lang='grc' dir='ltr'>νοός,</span> 
     </span>
    </p>
   </div>
   <div class='ocr_carea' id='block_1_33' title="bbox 332 3164 1931 3243">
    <p class='ocr_par' dir='ltr' id='par_1_33' title="bbox 332 3164 1931 3243">
     <span class='ocr_line' id='line_1_33' title="bbox 332 3164 1931 3243; baseline -0.001 -21"><span class='ocrx_word' id='word_1_206' title='bbox 332 3168 561 3235; x_wconf 76' lang='grc' dir='ltr'>διάνοια,</span> <span class='ocrx_word' id='word_1_207' title='bbox 606 3164 754 3235; x_wconf 83' lang='grc' dir='ltr'>δόξα,</span> <span class='ocrx_word' id='word_1_208' title='bbox 806 3172 1089 3239; x_wconf 76' lang='grc' dir='ltr'>φαντασία,</span> <span class='ocrx_word' id='word_1_209' title='bbox 1139 3171 1229 3218; x_wconf 86' lang='grc' dir='ltr'>καὶ</span> <span class='ocrx_word' id='word_1_210' title='bbox 1289 3165 1555 3232; x_wconf 82' lang='grc' dir='ltr'>αῖσθησις,</span> <span class='ocrx_word' id='word_1_211' title='bbox 1596 3175 1782 3228; x_wconf 79' lang='grc' dir='ltr'>αἳτινες</span> <span class='ocrx_word' id='word_1_212' title='bbox 1831 3172 1931 3243; x_wconf 86' lang='grc' dir='ltr'>πρὸ</span> 
     </span>
    </p>
   </div>
   <div class='ocr_carea' id='block_1_34' title="bbox 2027 657 3678 734">
    <p class='ocr_par' dir='ltr' id='par_1_34' title="bbox 2027 657 3678 734">
     <span class='ocr_line' id='line_1_34' title="bbox 2027 657 3678 734; baseline 0.004 -23"><span class='ocrx_word' id='word_1_213' title='bbox 2027 657 2327 729; x_wconf 80' lang='lat' dir='ltr'><strong>Evangelii</strong></span> <span class='ocrx_word' id='word_1_214' title='bbox 2339 659 2676 716; x_wconf 91' lang='lat' dir='ltr'><strong>secundum</strong></span> <span class='ocrx_word' id='word_1_215' title='bbox 2690 660 3032 717; x_wconf 65' lang='lat' dir='ltr'><strong>Matthmum</strong></span> <span class='ocrx_word' id='word_1_216' title='bbox 3044 661 3365 734; x_wconf 81' lang='lat' dir='ltr'><strong>appellavit</strong></span> <span class='ocrx_word' id='word_1_217' title='bbox 3377 661 3648 733; x_wconf 79' lang='lat' dir='ltr'><strong>gladium</strong></span> <span class='ocrx_word' id='word_1_218' title='bbox 3665 678 3678 718; x_wconf 88' lang='lat'><strong>:</strong></span> 
     </span>
    </p>
   </div>
   <div class='ocr_carea' id='block_1_35' title="bbox 2024 747 3681 824">
    <p class='ocr_par' dir='ltr' id='par_1_35' title="bbox 2024 747 3681 824">
     <span class='ocr_line' id='line_1_35' title="bbox 2024 747 3681 824; baseline 0.004 -23"><span class='ocrx_word' id='word_1_219' title='bbox 2024 747 2106 802; x_wconf 85' lang='lat' dir='ltr'><strong>ibi</strong></span> <span class='ocrx_word' id='word_1_220' title='bbox 2126 762 2267 818; x_wconf 91' lang='lat' dir='ltr'><strong>ergo</strong></span> <span class='ocrx_word' id='word_1_221' title='bbox 2295 764 2496 821; x_wconf 65' lang='lat' dir='ltr'><strong>quaere</strong></span> <span class='ocrx_word' id='word_1_222' title='bbox 2513 750 2650 806; x_wconf 80' lang='lat' dir='ltr'>dicti</span> <span class='ocrx_word' id='word_1_223' title='bbox 2666 750 2822 806; x_wconf 90' lang='lat' dir='ltr'><strong>illius</strong></span> <span class='ocrx_word' id='word_1_224' title='bbox 2841 750 3282 808; x_wconf 76' lang='lat' dir='ltr'><strong>enarrationem</strong></span> <span class='ocrx_word' id='word_1_225' title='bbox 3306 770 3318 810; x_wconf 92' lang='lat'><strong>:</strong></span> <span class='ocrx_word' id='word_1_226' title='bbox 3352 752 3432 809; x_wconf 87' lang='lat' dir='ltr'><strong>Ne</strong></span> <span class='ocrx_word' id='word_1_227' title='bbox 3446 752 3681 824; x_wconf 77' lang='lat' dir='ltr'><strong>putetis,</strong></span> 
     </span>
    </p>
   </div>
   <div class='ocr_carea' id='block_1_36' title="bbox 2024 836 3688 909">
    <p class='ocr_par' dir='ltr' id='par_1_36' title="bbox 2024 836 3688 909">
     <span class='ocr_line' id='line_1_36' title="bbox 2024 836 3688 909; baseline 0.002 -16"><span class='ocrx_word' id='word_1_228' title='bbox 2024 836 2177 908; x_wconf 83' lang='lat' dir='ltr'><strong>quod</strong></span> <span class='ocrx_word' id='word_1_229' title='bbox 2208 839 2462 895; x_wconf 73' lang='lat' dir='ltr'><strong>venerim</strong></span> <span class='ocrx_word' id='word_1_230' title='bbox 2489 854 2696 909; x_wconf 85' lang='lat' dir='ltr'><strong>pacem</strong></span> <span class='ocrx_word' id='word_1_231' title='bbox 2723 841 3009 897; x_wconf 72' lang='lat' dir='ltr'><strong>missurus</strong></span> <span class='ocrx_word' id='word_1_232' title='bbox 3046 840 3109 896; x_wconf 81' lang='lat' dir='ltr'><strong>in</strong></span> <span class='ocrx_word' id='word_1_233' title='bbox 3139 847 3398 908; x_wconf 86' lang='lat' dir='ltr'><strong>terram;</strong></span> <span class='ocrx_word' id='word_1_234' title='bbox 3422 857 3537 898; x_wconf 82' lang='lat' dir='ltr'><strong>non</strong></span> <span class='ocrx_word' id='word_1_235' title='bbox 3558 840 3688 898; x_wconf 81' lang='lat' dir='ltr'><strong>veni</strong></span> 
     </span>
    </p>
   </div>
   <div class='ocr_carea' id='block_1_37' title="bbox 2024 927 3102 1000">
    <p class='ocr_par' dir='ltr' id='par_1_37' title="bbox 2024 927 3102 1000">
     <span class='ocr_line' id='line_1_37' title="bbox 2024 927 3102 1000; baseline 0.005 -18"><span class='ocrx_word' id='word_1_236' title='bbox 2024 941 2232 996; x_wconf 81' lang='lat' dir='ltr'><strong>pacem</strong></span> <span class='ocrx_word' id='word_1_237' title='bbox 2256 927 2568 995; x_wconf 79' lang='lat' dir='ltr'><strong>missuras,</strong></span> <span class='ocrx_word' id='word_1_238' title='bbox 2609 930 2713 985; x_wconf 81' lang='lat' dir='ltr'><strong>sed</strong></span> <span class='ocrx_word' id='word_1_239' title='bbox 2740 930 3004 1000; x_wconf 81' lang='lat' dir='ltr'><strong>gladium</strong></span> <span class='ocrx_word' id='word_1_240' title='bbox 3032 933 3102 987; x_wconf 79' lang='lat'><strong>“.</strong></span> 
     </span>
    </p>
   </div>
   <div class='ocr_carea' id='block_1_38' title="bbox 2100 1015 3687 1093">
    <p class='ocr_par' dir='ltr' id='par_1_38' title="bbox 2100 1015 3687 1093">
     <span class='ocr_line' id='line_1_38' title="bbox 2100 1015 3687 1093; baseline 0.004 -23"><span class='ocrx_word' id='word_1_241' title='bbox 2100 1015 2260 1073; x_wconf 84' lang='lat' dir='ltr'><strong>Vers.</strong></span> <span class='ocrx_word' id='word_1_242' title='bbox 2313 1020 2402 1073; x_wconf 80' lang='grc'><strong>49.</strong></span> <span class='ocrx_word' id='word_1_243' title='bbox 2436 1018 2510 1073; x_wconf 87' lang='lat' dir='ltr'><strong>Et</strong></span> <span class='ocrx_word' id='word_1_244' title='bbox 2539 1049 2609 1059; x_wconf 93' lang='lat'>—</span> <span class='ocrx_word' id='word_1_245' title='bbox 2637 1034 2914 1077; x_wconf 74' lang='lat' dir='ltr'><strong>accensus</strong></span> <span class='ocrx_word' id='word_1_246' title='bbox 2959 1025 3037 1077; x_wconf 78' lang='lat' dir='ltr'><strong>est</strong></span> <span class='ocrx_word' id='word_1_247' title='bbox 3064 1021 3093 1076; x_wconf 82' lang='lat'><strong>?</strong></span> <span class='ocrx_word' id='word_1_248' title='bbox 3136 1023 3205 1077; x_wconf 87' lang='lat' dir='ltr'><strong>Et</strong></span> <span class='ocrx_word' id='word_1_249' title='bbox 3242 1019 3391 1092; x_wconf 92' lang='lat' dir='ltr'><strong>quid</strong></span> <span class='ocrx_word' id='word_1_250' title='bbox 3427 1020 3687 1093; x_wconf 82' lang='lat' dir='ltr'><strong>amplius</strong></span> 
     </span>
    </p>
   </div>
   <div class='ocr_carea' id='block_1_39' title="bbox 2029 1103 3688 1183">
    <p class='ocr_par' dir='ltr' id='par_1_39' title="bbox 2029 1103 3688 1183">
     <span class='ocr_line' id='line_1_39' title="bbox 2029 1103 3688 1183; baseline 0.004 -24"><span class='ocrx_word' id='word_1_251' title='bbox 2029 1103 2219 1161; x_wconf 81' lang='lat' dir='ltr'><strong>volo?</strong></span> <span class='ocrx_word' id='word_1_252' title='bbox 2260 1105 2318 1161; x_wconf 91' lang='lat' dir='ltr'><strong>Si</strong></span> <span class='ocrx_word' id='word_1_253' title='bbox 2364 1107 2546 1163; x_wconf 89' lang='lat' dir='ltr'><strong>etiam</strong></span> <span class='ocrx_word' id='word_1_254' title='bbox 2615 1124 2906 1165; x_wconf 90' lang='lat' dir='ltr'><strong>accensus</strong></span> <span class='ocrx_word' id='word_1_255' title='bbox 2962 1117 3070 1180; x_wconf 88' lang='lat' dir='ltr'><strong>est,</strong></span> <span class='ocrx_word' id='word_1_256' title='bbox 3117 1109 3267 1183; x_wconf 88' lang='lat' dir='ltr'><strong>quid</strong></span> <span class='ocrx_word' id='word_1_257' title='bbox 3315 1110 3575 1182; x_wconf 85' lang='lat' dir='ltr'><strong>amplius</strong></span> <span class='ocrx_word' id='word_1_258' title='bbox 3625 1109 3688 1166; x_wconf 91' lang='lat' dir='ltr'><strong>in</strong></span> 
     </span>
    </p>
   </div>
   <div class='ocr_carea' id='block_1_40' title="bbox 2031 1194 3686 1272">
    <p class='ocr_par' dir='ltr' id='par_1_40' title="bbox 2031 1194 3686 1272">
     <span class='ocr_line' id='line_1_40' title="bbox 2031 1194 3686 1272; baseline 0.006 -24"><span class='ocrx_word' id='word_1_259' title='bbox 2031 1194 2255 1250; x_wconf 90' lang='lat' dir='ltr'><strong>mundo</strong></span> <span class='ocrx_word' id='word_1_260' title='bbox 2280 1202 2557 1269; x_wconf 87' lang='lat' dir='ltr'><strong>exspecto</strong></span> <span class='ocrx_word' id='word_1_261' title='bbox 2587 1200 2616 1257; x_wconf 72' lang='lat'><strong>7</strong></span> <span class='ocrx_word' id='word_1_262' title='bbox 2638 1198 2774 1256; x_wconf 70' lang='lat' dir='ltr'><strong>Haec</strong></span> <span class='ocrx_word' id='word_1_263' title='bbox 2799 1204 3004 1256; x_wconf 88' lang='lat' dir='ltr'><strong>autem</strong></span> <span class='ocrx_word' id='word_1_264' title='bbox 3042 1200 3247 1258; x_wconf 90' lang='lat' dir='ltr'><strong>dicens</strong></span> <span class='ocrx_word' id='word_1_265' title='bbox 3288 1200 3686 1272; x_wconf 88' lang='lat' dir='ltr'><strong>signiﬁcabat,</strong></span> 
     </span>
    </p>
   </div>
   <div class='ocr_carea' id='block_1_41' title="bbox 2030 1283 3691 1360">
    <p class='ocr_par' dir='ltr' id='par_1_41' title="bbox 2030 1283 3691 1360">
     <span class='ocr_line' id='line_1_41' title="bbox 2030 1283 3691 1360; baseline 0.004 -21"><span class='ocrx_word' id='word_1_266' title='bbox 2030 1283 2194 1354; x_wconf 88' lang='lat' dir='ltr'><strong>quod</strong></span> <span class='ocrx_word' id='word_1_267' title='bbox 2230 1284 2294 1341; x_wconf 89' lang='lat' dir='ltr'><strong>in</strong></span> <span class='ocrx_word' id='word_1_268' title='bbox 2330 1285 2637 1359; x_wconf 80' lang='lat' dir='ltr'><strong>discipulis</strong></span> <span class='ocrx_word' id='word_1_269' title='bbox 2661 1288 2789 1360; x_wconf 88' lang='lat' dir='ltr'><strong>jam</strong></span> <span class='ocrx_word' id='word_1_270' title='bbox 2818 1304 3109 1346; x_wconf 90' lang='lat' dir='ltr'><strong>accensus</strong></span> <span class='ocrx_word' id='word_1_271' title='bbox 3140 1296 3286 1360; x_wconf 88' lang='lat' dir='ltr'><strong>erat,</strong></span> <span class='ocrx_word' id='word_1_272' title='bbox 3321 1297 3377 1346; x_wconf 92' lang='lat' dir='ltr'><strong>et</strong></span> <span class='ocrx_word' id='word_1_273' title='bbox 3401 1305 3691 1347; x_wconf 89' lang='lat' dir='ltr'><strong>accensus</strong></span> 
     </span>
    </p>
   </div>
   <div class='ocr_carea' id='block_1_42' title="bbox 2031 1370 3689 1452">
    <p class='ocr_par' dir='ltr' id='par_1_42' title="bbox 2031 1370 3689 1452">
     <span class='ocr_line' id='line_1_42' title="bbox 2031 1370 3689 1452; baseline 0.005 -24"><span class='ocrx_word' id='word_1_274' title='bbox 2031 1370 2316 1446; x_wconf 86' lang='lat' dir='ltr'><strong>deinceps</strong></span> <span class='ocrx_word' id='word_1_275' title='bbox 2338 1390 2458 1431; x_wconf 93' lang='lat' dir='ltr'><strong>non</strong></span> <span class='ocrx_word' id='word_1_276' title='bbox 2472 1377 2965 1448; x_wconf 89' lang='lat' dir='ltr'><strong>exstingueretur,</strong></span> <span class='ocrx_word' id='word_1_277' title='bbox 2981 1378 3087 1435; x_wconf 92' lang='lat' dir='ltr'><strong>sed</strong></span> <span class='ocrx_word' id='word_1_278' title='bbox 3102 1378 3314 1436; x_wconf 92' lang='lat' dir='ltr'><strong>orbem</strong></span> <span class='ocrx_word' id='word_1_279' title='bbox 3327 1382 3689 1452; x_wconf 81' lang='lat' dir='ltr'><strong>percurreret</strong></span> 
     </span>
    </p>
   </div>
   <div class='ocr_carea' id='block_1_43' title="bbox 2033 1457 3692 1538">
    <p class='ocr_par' dir='ltr' id='par_1_43' title="bbox 2033 1457 3692 1538">
     <span class='ocr_line' id='line_1_43' title="bbox 2033 1457 3692 1538; baseline 0.005 -26"><span class='ocrx_word' id='word_1_280' title='bbox 2033 1457 2369 1515; x_wconf 83' lang='lat' dir='ltr'><strong>universum</strong></span> <span class='ocrx_word' id='word_1_281' title='bbox 2400 1501 2416 1527; x_wconf 92' lang='lat'><strong>,</strong></span> <span class='ocrx_word' id='word_1_282' title='bbox 2440 1477 2784 1535; x_wconf 86' lang='lat' dir='ltr'><strong>quanquam</strong></span> <span class='ocrx_word' id='word_1_283' title='bbox 2810 1464 2874 1537; x_wconf 86' lang='lat' dir='ltr'><strong>(j)</strong></span> <span class='ocrx_word' id='word_1_284' title='bbox 2891 1465 3025 1538; x_wconf 88' lang='lat' dir='ltr'><strong>jam</strong></span> <span class='ocrx_word' id='word_1_285' title='bbox 3044 1464 3170 1538; x_wconf 90' lang='lat' dir='ltr'><strong>ipse</strong></span> <span class='ocrx_word' id='word_1_286' title='bbox 3206 1482 3240 1521; x_wconf 91' lang='lat' dir='ltr'><strong>a</strong></span> <span class='ocrx_word' id='word_1_287' title='bbox 3261 1465 3544 1538; x_wconf 68' lang='lat' dir='ltr'><strong>praesenti</strong></span> <span class='ocrx_word' id='word_1_288' title='bbox 3572 1464 3692 1522; x_wconf 91' lang='lat' dir='ltr'><strong>vita</strong></span> 
     </span>
    </p>
   </div>
   <div class='ocr_carea' id='block_1_44' title="bbox 2033 1548 2332 1607">
    <p class='ocr_par' dir='ltr' id='par_1_44' title="bbox 2033 1548 2332 1607">
     <span class='ocr_line' id='line_1_44' title="bbox 2033 1548 2332 1607; baseline 0.003 -4"><span class='ocrx_word' id='word_1_289' title='bbox 2033 1548 2332 1607; x_wconf 85' lang='lat' dir='ltr'><strong>transiret.</strong></span> 
     </span>
    </p>
   </div>
   <div class='ocr_carea' id='block_1_45' title="bbox 2104 1636 3690 1715">
    <p class='ocr_par' dir='ltr' id='par_1_45' title="bbox 2104 1636 3690 1715">
     <span class='ocr_line' id='line_1_45' title="bbox 2104 1636 3690 1715; baseline 0.004 -24"><span class='ocrx_word' id='word_1_290' title='bbox 2104 1636 2269 1694; x_wconf 81' lang='lat' dir='ltr'><strong>Vers.</strong></span> <span class='ocrx_word' id='word_1_291' title='bbox 2321 1643 2407 1696; x_wconf 85' lang='lat'><strong>50.</strong></span> <span class='ocrx_word' id='word_1_292' title='bbox 2460 1640 2822 1712; x_wconf 77' lang='lat' dir='ltr'><strong>Baptismate</strong></span> <span class='ocrx_word' id='word_1_293' title='bbox 2858 1674 2926 1684; x_wconf 90' lang='lat'><strong>—-</strong></span> <span class='ocrx_word' id='word_1_294' title='bbox 2959 1643 3273 1715; x_wconf 73' lang='lat' dir='ltr'><strong>baptizari.</strong></span> <span class='ocrx_word' id='word_1_295' title='bbox 3326 1641 3690 1701; x_wconf 81' lang='lat' dir='ltr'><strong>Manifestius</strong></span> 
     </span>
    </p>
   </div>
   <div class='ocr_carea' id='block_1_46' title="bbox 2034 1726 3686 1805">
    <p class='ocr_par' dir='ltr' id='par_1_46' title="bbox 2034 1726 3686 1805">
     <span class='ocr_line' id='line_1_46' title="bbox 2034 1726 3686 1805; baseline 0.004 -25"><span class='ocrx_word' id='word_1_296' title='bbox 2034 1726 2301 1797; x_wconf 68' lang='lat' dir='ltr'><strong>praedicit</strong></span> <span class='ocrx_word' id='word_1_297' title='bbox 2343 1730 2417 1784; x_wconf 95' lang='lat' dir='ltr'><strong>de</strong></span> <span class='ocrx_word' id='word_1_298' title='bbox 2463 1736 2654 1787; x_wconf 90' lang='lat' dir='ltr'><strong>morte</strong></span> <span class='ocrx_word' id='word_1_299' title='bbox 2706 1749 2835 1790; x_wconf 90' lang='lat' dir='ltr'><strong>sua.</strong></span> <span class='ocrx_word' id='word_1_300' title='bbox 2885 1732 3239 1805; x_wconf 85' lang='lat' dir='ltr'><strong>Baptismate</strong></span> <span class='ocrx_word' id='word_1_301' title='bbox 3289 1732 3686 1805; x_wconf 85' lang='lat' dir='ltr'><strong>baptizandus</strong></span> 
     </span>
    </p>
   </div>
   <div class='ocr_carea' id='block_1_47' title="bbox 2036 1818 3691 1896">
    <p class='ocr_par' dir='ltr' id='par_1_47' title="bbox 2036 1818 3691 1896">
     <span class='ocr_line' id='line_1_47' title="bbox 2036 1818 3691 1896; baseline 0.005 -27"><span class='ocrx_word' id='word_1_302' title='bbox 2036 1831 2194 1882; x_wconf 91' lang='lat' dir='ltr'><strong>sum,</strong></span> <span class='ocrx_word' id='word_1_303' title='bbox 2228 1818 2393 1889; x_wconf 92' lang='lat' dir='ltr'><strong>quod</strong></span> <span class='ocrx_word' id='word_1_304' title='bbox 2422 1826 2514 1876; x_wconf 91' lang='lat' dir='ltr'><strong>est</strong></span> <span class='ocrx_word' id='word_1_305' title='bbox 2541 1836 2640 1892; x_wconf 90' lang='lat' dir='ltr'><strong>per</strong></span> <span class='ocrx_word' id='word_1_306' title='bbox 2667 1823 3021 1892; x_wconf 86' lang='lat' dir='ltr'><strong>sanguinem</strong></span> <span class='ocrx_word' id='word_1_307' title='bbox 3051 1839 3064 1878; x_wconf 91' lang='lat'>:</span> <span class='ocrx_word' id='word_1_308' title='bbox 3088 1822 3406 1896; x_wconf 88' lang='lat' dir='ltr'><strong>baptisma,</strong></span> <span class='ocrx_word' id='word_1_309' title='bbox 3433 1821 3581 1879; x_wconf 83' lang='lat' dir='ltr'><strong>dixit</strong></span> <span class='ocrx_word' id='word_1_310' title='bbox 3599 1820 3691 1878; x_wconf 89' lang='lat' dir='ltr'><strong>sui</strong></span> 
     </span>
    </p>
   </div>
   <div class='ocr_carea' id='block_1_48' title="bbox 1955 1904 3511 1985">
    <p class='ocr_par' dir='ltr' id='par_1_48' title="bbox 1955 1904 3511 1985">
     <span class='ocr_line' id='line_1_48' title="bbox 1955 1904 3511 1985; baseline 0.005 -26"><span class='ocrx_word' id='word_1_311' title='bbox 1955 1916 1998 1973; x_wconf 76' lang='grc' dir='ltr'>Β</span> <span class='ocrx_word' id='word_1_312' title='bbox 2035 1904 2411 1976; x_wconf 88' lang='lat' dir='ltr'><strong>occisionem,</strong></span> <span class='ocrx_word' id='word_1_313' title='bbox 2448 1914 2741 1984; x_wconf 87' lang='lat' dir='ltr'><strong>tanquam</strong></span> <span class='ocrx_word' id='word_1_314' title='bbox 2791 1912 2978 1968; x_wconf 83' lang='lat' dir='ltr'><strong>nostri</strong></span> <span class='ocrx_word' id='word_1_315' title='bbox 3009 1912 3511 1985; x_wconf 88' lang='lat' dir='ltr'><strong>puriﬁcationem.</strong></span> 
     </span>
    </p>
   </div>
   <div class='ocr_carea' id='block_1_49' title="bbox 2117 1998 3694 2075">
    <p class='ocr_par' dir='ltr' id='par_1_49' title="bbox 2117 1998 3694 2075">
     <span class='ocr_line' id='line_1_49' title="bbox 2117 1998 3694 2075; baseline 0.002 -19"><span class='ocrx_word' id='word_1_316' title='bbox 2117 2001 2281 2057; x_wconf 86' lang='lat' dir='ltr'><strong>Vers.</strong></span> <span class='ocrx_word' id='word_1_317' title='bbox 2313 1999 2398 2055; x_wconf 86' lang='lat'><strong>50.</strong></span> <span class='ocrx_word' id='word_1_318' title='bbox 2428 1998 2502 2056; x_wconf 87' lang='lat' dir='ltr'><strong>Et</strong></span> <span class='ocrx_word' id='word_1_319' title='bbox 2531 2001 2958 2073; x_wconf 74' lang='lat' dir='ltr'><strong>quodammodo</strong></span> <span class='ocrx_word' id='word_1_320' title='bbox 2986 2003 3068 2075; x_wconf 76' lang='lat' dir='ltr'><strong>(Ic)</strong></span> <span class='ocrx_word' id='word_1_321' title='bbox 3102 2033 3168 2043; x_wconf 87' lang='lat'><strong><em>—</em></strong></span> <span class='ocrx_word' id='word_1_322' title='bbox 3212 2001 3592 2074; x_wconf 77' lang='lat' dir='ltr'><strong>perﬁciatur.</strong></span> <span class='ocrx_word' id='word_1_323' title='bbox 3628 2003 3694 2059; x_wconf 86' lang='lat' dir='ltr'><strong>Et</strong></span> 
     </span>
    </p>
   </div>
   <div class='ocr_carea' id='block_1_50' title="bbox 2035 2089 3694 2164">
    <p class='ocr_par' dir='ltr' id='par_1_50' title="bbox 2035 2089 3694 2164">
     <span class='ocr_line' id='line_1_50' title="bbox 2035 2089 3694 2164; baseline 0.001 -17"><span class='ocrx_word' id='word_1_324' title='bbox 2035 2091 2213 2147; x_wconf 86' lang='lat' dir='ltr'><strong>veluti</strong></span> <span class='ocrx_word' id='word_1_325' title='bbox 2263 2089 2476 2146; x_wconf 91' lang='lat' dir='ltr'><strong>anxius</strong></span> <span class='ocrx_word' id='word_1_326' title='bbox 2531 2106 2669 2146; x_wconf 90' lang='lat' dir='ltr'><strong>sum</strong></span> <span class='ocrx_word' id='word_1_327' title='bbox 2721 2097 2962 2164; x_wconf 84' lang='lat' dir='ltr'><strong>propter</strong></span> <span class='ocrx_word' id='word_1_328' title='bbox 3016 2092 3373 2161; x_wconf 87' lang='lat' dir='ltr'><strong>tarditatem,</strong></span> <span class='ocrx_word' id='word_1_329' title='bbox 3428 2090 3694 2150; x_wconf 89' lang='lat' dir='ltr'><strong>Ostendit</strong></span> 
     </span>
    </p>
   </div>
   <div class='ocr_carea' id='block_1_51' title="bbox 2033 2178 3693 2255">
    <p class='ocr_par' dir='ltr' id='par_1_51' title="bbox 2033 2178 3693 2255">
     <span class='ocr_line' id='line_1_51' title="bbox 2033 2178 3693 2255; baseline 0.001 -18"><span class='ocrx_word' id='word_1_330' title='bbox 2033 2186 2253 2249; x_wconf 88' lang='lat' dir='ltr'><strong>autem,</strong></span> <span class='ocrx_word' id='word_1_331' title='bbox 2281 2179 2448 2253; x_wconf 90' lang='lat' dir='ltr'><strong>quod</strong></span> <span class='ocrx_word' id='word_1_332' title='bbox 2477 2178 2781 2238; x_wconf 85' lang='lat' dir='ltr'><strong>festinaret</strong></span> <span class='ocrx_word' id='word_1_333' title='bbox 2816 2181 2969 2239; x_wconf 91' lang='lat' dir='ltr'><strong>mori</strong></span> <span class='ocrx_word' id='word_1_334' title='bbox 3005 2198 3115 2255; x_wconf 91' lang='lat' dir='ltr'><strong>pro</strong></span> <span class='ocrx_word' id='word_1_335' title='bbox 3153 2182 3349 2249; x_wconf 90' lang='lat' dir='ltr'><strong>nobis,</strong></span> <span class='ocrx_word' id='word_1_336' title='bbox 3402 2187 3456 2239; x_wconf 86' lang='lat' dir='ltr'><strong>et</strong></span> <span class='ocrx_word' id='word_1_337' title='bbox 3485 2181 3693 2239; x_wconf 89' lang='lat' dir='ltr'><strong>volun-</strong></span> 
     </span>
    </p>
   </div>
   <div class='ocr_carea' id='block_1_52' title="bbox 2034 2268 2773 2341">
    <p class='ocr_par' dir='ltr' id='par_1_52' title="bbox 2034 2268 2773 2341">
     <span class='ocr_line' id='line_1_52' title="bbox 2034 2268 2773 2341; baseline 0 -15"><span class='ocrx_word' id='word_1_338' title='bbox 2034 2269 2178 2326; x_wconf 92' lang='lat' dir='ltr'><strong>tarie</strong></span> <span class='ocrx_word' id='word_1_339' title='bbox 2206 2269 2473 2341; x_wconf 88' lang='lat' dir='ltr'><strong>seipsum</strong></span> <span class='ocrx_word' id='word_1_340' title='bbox 2498 2268 2773 2328; x_wconf 84' lang='lat' dir='ltr'><strong>traderet.</strong></span> 
     </span>
    </p>
   </div>
   <div class='ocr_carea' id='block_1_53' title="bbox 2105 2359 3696 2431">
    <p class='ocr_par' dir='ltr' id='par_1_53' title="bbox 2105 2359 3696 2431">
     <span class='ocr_line' id='line_1_53' title="bbox 2105 2359 3696 2431; baseline 0.001 -16"><span class='ocrx_word' id='word_1_341' title='bbox 2105 2361 2262 2415; x_wconf 88' lang='lat' dir='ltr'><strong>Vers.</strong></span> <span class='ocrx_word' id='word_1_342' title='bbox 2285 2360 2376 2416; x_wconf 84' lang='grc'><strong>51.</strong></span> <span class='ocrx_word' id='word_1_343' title='bbox 2408 2359 2640 2416; x_wconf 74' lang='lat' dir='ltr'><strong>Putatis</strong></span> <span class='ocrx_word' id='word_1_344' title='bbox 2661 2391 2727 2401; x_wconf 97' lang='lat'>—</span> <span class='ocrx_word' id='word_1_345' title='bbox 2760 2363 3213 2431; x_wconf 83' lang='lat' dir='ltr'><strong>separatz&#39;onem.</strong></span> <span class='ocrx_word' id='word_1_346' title='bbox 3256 2363 3483 2429; x_wconf 68' lang='lat' dir='ltr'><strong>Quaare,</strong></span> <span class='ocrx_word' id='word_1_347' title='bbox 3513 2360 3696 2418; x_wconf 91' lang='lat' dir='ltr'><strong>veluti</strong></span> 
     </span>
    </p>
   </div>
   <div class='ocr_carea' id='block_1_54' title="bbox 2034 2447 3698 2522">
    <p class='ocr_par' dir='ltr' id='par_1_54' title="bbox 2034 2447 3698 2522">
     <span class='ocr_line' id='line_1_54' title="bbox 2034 2447 3698 2522; baseline 0.002 -20"><span class='ocrx_word' id='word_1_348' title='bbox 2034 2449 2309 2522; x_wconf 89' lang='lat' dir='ltr'><strong>superius</strong></span> <span class='ocrx_word' id='word_1_349' title='bbox 2354 2447 2638 2516; x_wconf 83' lang='lat' dir='ltr'><strong>diximus,</strong></span> <span class='ocrx_word' id='word_1_350' title='bbox 2670 2448 2905 2505; x_wconf 87' lang='lat' dir='ltr'><strong>decimo</strong></span> <span class='ocrx_word' id='word_1_351' title='bbox 2935 2466 3095 2506; x_wconf 90' lang='lat' dir='ltr'><strong>nono</strong></span> <span class='ocrx_word' id='word_1_352' title='bbox 3145 2450 3340 2522; x_wconf 91' lang='lat' dir='ltr'><strong>capite</strong></span> <span class='ocrx_word' id='word_1_353' title='bbox 3390 2448 3698 2520; x_wconf 84' lang='lat' dir='ltr'><strong>Evangelii</strong></span> 
     </span>
    </p>
   </div>
   <div class='ocr_carea' id='block_1_55' title="bbox 2035 2538 3692 2598">
    <p class='ocr_par' dir='ltr' id='par_1_55' title="bbox 2035 2538 3692 2598">
     <span class='ocr_line' id='line_1_55' title="bbox 2035 2538 3692 2598; baseline 0.002 -4"><span class='ocrx_word' id='word_1_354' title='bbox 2035 2538 2369 2595; x_wconf 89' lang='lat' dir='ltr'><strong>secundum</strong></span> <span class='ocrx_word' id='word_1_355' title='bbox 2420 2539 2755 2595; x_wconf 65' lang='lat' dir='ltr'><strong>Mattllwum</strong></span> <span class='ocrx_word' id='word_1_356' title='bbox 2809 2539 2952 2596; x_wconf 85' lang='lat' dir='ltr'><strong>dicti</strong></span> <span class='ocrx_word' id='word_1_357' title='bbox 2998 2540 3157 2596; x_wconf 91' lang='lat' dir='ltr'><strong>illius</strong></span> <span class='ocrx_word' id='word_1_358' title='bbox 3207 2541 3692 2598; x_wconf 88' lang='lat' dir='ltr'><strong>enarrationem:</strong></span> 
     </span>
    </p>
   </div>
   <div class='ocr_carea' id='block_1_56' title="bbox 2034 2628 3696 2700">
    <p class='ocr_par' dir='ltr' id='par_1_56' title="bbox 2034 2628 3696 2700">
     <span class='ocr_line' id='line_1_56' title="bbox 2034 2628 3696 2700; baseline 0.001 -13"><span class='ocrx_word' id='word_1_359' title='bbox 2034 2628 2123 2687; x_wconf 89' lang='lat' dir='ltr'><strong>Ne</strong></span> <span class='ocrx_word' id='word_1_360' title='bbox 2134 2631 2372 2698; x_wconf 77' lang='lat' dir='ltr'><strong>putetis,</strong></span> <span class='ocrx_word' id='word_1_361' title='bbox 2391 2628 2549 2700; x_wconf 83' lang='lat' dir='ltr'><strong>quod</strong></span> <span class='ocrx_word' id='word_1_362' title='bbox 2564 2629 2818 2685; x_wconf 78' lang='lat' dir='ltr'><strong>venerim</strong></span> <span class='ocrx_word' id='word_1_363' title='bbox 2828 2644 3035 2698; x_wconf 81' lang='lat' dir='ltr'><strong>pacem</strong></span> <span class='ocrx_word' id='word_1_364' title='bbox 3051 2631 3337 2686; x_wconf 76' lang='lat' dir='ltr'><strong>missurus</strong></span> <span class='ocrx_word' id='word_1_365' title='bbox 3353 2632 3413 2687; x_wconf 75' lang='lat' dir='ltr'><strong>in</strong></span> <span class='ocrx_word' id='word_1_366' title='bbox 3432 2636 3656 2687; x_wconf 84' lang='lat' dir='ltr'><strong>terram</strong></span> <span class='ocrx_word' id='word_1_367' title='bbox 3680 2644 3696 2688; x_wconf 89' lang='lat'><strong>:</strong></span> 
     </span>
    </p>
   </div>
   <div class='ocr_carea' id='block_1_57' title="bbox 2035 2718 3298 2790">
    <p class='ocr_par' dir='ltr' id='par_1_57' title="bbox 2035 2718 3298 2790">
     <span class='ocr_line' id='line_1_57' title="bbox 2035 2718 3298 2790; baseline 0 -15"><span class='ocrx_word' id='word_1_368' title='bbox 2035 2734 2152 2774; x_wconf 82' lang='lat' dir='ltr'><strong>non</strong></span> <span class='ocrx_word' id='word_1_369' title='bbox 2177 2718 2311 2775; x_wconf 82' lang='lat' dir='ltr'><strong>veni</strong></span> <span class='ocrx_word' id='word_1_370' title='bbox 2329 2732 2537 2787; x_wconf 83' lang='lat' dir='ltr'><strong>pacem</strong></span> <span class='ocrx_word' id='word_1_371' title='bbox 2568 2718 2865 2789; x_wconf 77' lang='lat' dir='ltr'><strong>missurus,</strong></span> <span class='ocrx_word' id='word_1_372' title='bbox 2892 2719 2993 2776; x_wconf 76' lang='lat' dir='ltr'><strong>sed</strong></span> <span class='ocrx_word' id='word_1_373' title='bbox 3010 2719 3298 2790; x_wconf 76' lang='lat' dir='ltr'><strong>gladium.</strong></span> 
     </span>
    </p>
   </div>
   <div class='ocr_carea' id='block_1_58' title="bbox 2106 2806 3698 2881">
    <p class='ocr_par' dir='ltr' id='par_1_58' title="bbox 2106 2806 3698 2881">
     <span class='ocr_line' id='line_1_58' title="bbox 2106 2806 3698 2881; baseline 0.002 -18"><span class='ocrx_word' id='word_1_374' title='bbox 2106 2809 2267 2863; x_wconf 82' lang='lat' dir='ltr'><strong>Vers.</strong></span> <span class='ocrx_word' id='word_1_375' title='bbox 2322 2811 2410 2863; x_wconf 86' lang='lat'><strong>52.</strong></span> <span class='ocrx_word' id='word_1_376' title='bbox 2471 2806 2665 2862; x_wconf 82' lang='lat' dir='ltr'><strong>Erunt</strong></span> <span class='ocrx_word' id='word_1_377' title='bbox 2695 2837 2767 2850; x_wconf 92' lang='lat'><strong><em>—</em></strong></span> <span class='ocrx_word' id='word_1_378' title='bbox 2794 2814 2934 2864; x_wconf 79' lang='lat' dir='ltr'><strong>tres.</strong></span> <span class='ocrx_word' id='word_1_379' title='bbox 2992 2809 3129 2865; x_wconf 68' lang='lat' dir='ltr'><strong>Haec</strong></span> <span class='ocrx_word' id='word_1_380' title='bbox 3166 2809 3339 2881; x_wconf 80' lang='lat' dir='ltr'><strong>juxta</strong></span> <span class='ocrx_word' id='word_1_381' title='bbox 3385 2808 3698 2867; x_wconf 87' lang='lat' dir='ltr'><strong>historiam</strong></span> 
     </span>
    </p>
   </div>
   <div class='ocr_carea' id='block_1_59' title="bbox 2037 2897 3700 2967">
    <p class='ocr_par' dir='ltr' id='par_1_59' title="bbox 2037 2897 3700 2967">
     <span class='ocr_line' id='line_1_59' title="bbox 2037 2897 3700 2967; baseline 0.002 -14"><span class='ocrx_word' id='word_1_382' title='bbox 2037 2897 2416 2954; x_wconf 88' lang='lat' dir='ltr'><strong>enarratione</strong></span> <span class='ocrx_word' id='word_1_383' title='bbox 2440 2912 2565 2953; x_wconf 92' lang='lat' dir='ltr'><strong>non</strong></span> <span class='ocrx_word' id='word_1_384' title='bbox 2585 2902 2778 2967; x_wconf 88' lang='lat' dir='ltr'><strong>egent,</strong></span> <span class='ocrx_word' id='word_1_385' title='bbox 2813 2897 2919 2953; x_wconf 91' lang='lat' dir='ltr'><strong>sed</strong></span> <span class='ocrx_word' id='word_1_386' title='bbox 2942 2904 3175 2955; x_wconf 91' lang='lat' dir='ltr'><strong>tantum</strong></span> <span class='ocrx_word' id='word_1_387' title='bbox 3199 2899 3534 2956; x_wconf 90' lang='lat' dir='ltr'><strong>secundum</strong></span> <span class='ocrx_word' id='word_1_388' title='bbox 3558 2915 3700 2957; x_wconf 90' lang='lat' dir='ltr'><strong>ana-</strong></span> 
     </span>
    </p>
   </div>
   <div class='ocr_carea' id='block_1_60' title="bbox 2039 2985 3702 3060">
    <p class='ocr_par' dir='ltr' id='par_1_60' title="bbox 2039 2985 3702 3060">
     <span class='ocr_line' id='line_1_60' title="bbox 2039 2985 3702 3060; baseline 0.002 -18"><span class='ocrx_word' id='word_1_389' title='bbox 2039 2985 2690 3060; x_wconf 77' lang='lat' dir='ltr'><strong>gogeninterpretanda</strong></span> <span class='ocrx_word' id='word_1_390' title='bbox 2708 2992 2868 3043; x_wconf 90' lang='lat' dir='ltr'><strong>sunt.</strong></span> <span class='ocrx_word' id='word_1_391' title='bbox 2899 2989 3027 3043; x_wconf 91' lang='lat' dir='ltr'><strong>Una</strong></span> <span class='ocrx_word' id='word_1_392' title='bbox 3046 2988 3207 3044; x_wconf 91' lang='lat' dir='ltr'><strong>enim</strong></span> <span class='ocrx_word' id='word_1_393' title='bbox 3226 2989 3470 3059; x_wconf 89' lang='lat' dir='ltr'><strong>domus,</strong></span> <span class='ocrx_word' id='word_1_394' title='bbox 3494 2989 3702 3045; x_wconf 88' lang='lat' dir='ltr'><strong>anima</strong></span> 
     </span>
    </p>
   </div>
   <div class='ocr_carea' id='block_1_61' title="bbox 2039 3074 3703 3151">
    <p class='ocr_par' dir='ltr' id='par_1_61' title="bbox 2039 3074 3703 3151">
     <span class='ocr_line' id='line_1_61' title="bbox 2039 3074 3703 3151; baseline 0.001 -19"><span class='ocrx_word' id='word_1_395' title='bbox 2039 3081 2126 3132; x_wconf 89' lang='lat' dir='ltr'><strong>est</strong></span> <span class='ocrx_word' id='word_1_396' title='bbox 2166 3076 2273 3132; x_wconf 90' lang='lat' dir='ltr'><strong>viri</strong></span> <span class='ocrx_word' id='word_1_397' title='bbox 2308 3074 2504 3132; x_wconf 87' lang='lat' dir='ltr'><strong>ﬁdelis</strong></span> <span class='ocrx_word' id='word_1_398' title='bbox 2536 3092 2548 3131; x_wconf 92' lang='lat'><strong>:</strong></span> <span class='ocrx_word' id='word_1_399' title='bbox 2582 3076 2851 3149; x_wconf 89' lang='lat' dir='ltr'><strong>quinque</strong></span> <span class='ocrx_word' id='word_1_400' title='bbox 2881 3092 3038 3141; x_wconf 89' lang='lat' dir='ltr'><strong>vero,</strong></span> <span class='ocrx_word' id='word_1_401' title='bbox 3089 3083 3228 3134; x_wconf 90' lang='lat' dir='ltr'><strong>sunt</strong></span> <span class='ocrx_word' id='word_1_402' title='bbox 3268 3079 3537 3151; x_wconf 90' lang='lat' dir='ltr'><strong>quinque</strong></span> <span class='ocrx_word' id='word_1_403' title='bbox 3576 3077 3703 3150; x_wconf 88' lang='lat' dir='ltr'><strong>ejus</strong></span> 
     </span>
    </p>
   </div>
   <div class='ocr_carea' id='block_1_62' title="bbox 2042 3165 3707 3241">
    <p class='ocr_par' dir='ltr' id='par_1_62' title="bbox 2042 3165 3707 3241">
     <span class='ocr_line' id='line_1_62' title="bbox 2042 3165 3707 3241; baseline 0.002 -21"><span class='ocrx_word' id='word_1_404' title='bbox 2042 3165 2357 3237; x_wconf 84' lang='lat' dir='ltr'><strong>potentiae:</strong></span> <span class='ocrx_word' id='word_1_405' title='bbox 2387 3171 2533 3237; x_wconf 90' lang='lat' dir='ltr'><strong>puta</strong></span> <span class='ocrx_word' id='word_1_406' title='bbox 2562 3180 2757 3233; x_wconf 91' lang='lat' dir='ltr'><strong>mens,</strong></span> <span class='ocrx_word' id='word_1_407' title='bbox 2804 3165 3206 3236; x_wconf 80' lang='lat' dir='ltr'><strong>intelligentia,</strong></span> <span class='ocrx_word' id='word_1_408' title='bbox 3242 3167 3468 3239; x_wconf 92' lang='lat' dir='ltr'><strong>opinio,</strong></span> <span class='ocrx_word' id='word_1_409' title='bbox 3510 3167 3707 3241; x_wconf 86' lang='lat' dir='ltr'><strong>phan-</strong></span> 
     </span>
    </p>
   </div>
   <div class='ocr_carea' id='block_1_63' title="bbox 334 3255 1929 3332">
    <p class='ocr_par' dir='ltr' id='par_1_63' title="bbox 334 3257 1929 3332">
     <span class='ocr_line' id='line_1_63' title="bbox 334 3257 1929 3332; baseline -0.001 -20"><span class='ocrx_word' id='word_1_410' title='bbox 334 3263 423 3332; x_wconf 75' lang='grc' dir='ltr'>μὲν</span> <span class='ocrx_word' id='word_1_411' title='bbox 467 3257 742 3329; x_wconf 67' lang='grc' dir='ltr'>τοῦλόγου</span> <span class='ocrx_word' id='word_1_412' title='bbox 778 3264 871 3317; x_wconf 82' lang='grc' dir='ltr'>τῆς</span> <span class='ocrx_word' id='word_1_413' title='bbox 914 3261 1141 3317; x_wconf 87' lang='grc' dir='ltr'>πίστεως</span> <span class='ocrx_word' id='word_1_414' title='bbox 1189 3259 1402 3320; x_wconf 78' lang='grc' dir='ltr'>ἣνωντο,</span> <span class='ocrx_word' id='word_1_415' title='bbox 1448 3260 1736 3323; x_wconf 83' lang='grc' dir='ltr'>τουτέστιν,</span> <span class='ocrx_word' id='word_1_416' title='bbox 1801 3260 1929 3329; x_wconf 83' lang='grc' dir='ltr'>ὡμο-</span> 
     </span>
    </p>
   </div>
   <div class='ocr_carea' id='block_1_64' title="bbox 2046 3255 3703 3332">
    <p class='ocr_par' dir='ltr' id='par_1_64' title="bbox 2046 3255 3703 3328">
     <span class='ocr_line' id='line_1_64' title="bbox 2046 3255 3703 3328; baseline 0.002 -18"><span class='ocrx_word' id='word_1_417' title='bbox 2046 3256 2222 3324; x_wconf 90' lang='lat' dir='ltr'><strong>tasia,</strong></span> <span class='ocrx_word' id='word_1_418' title='bbox 2249 3259 2305 3311; x_wconf 86' lang='lat' dir='ltr'><strong>et</strong></span> <span class='ocrx_word' id='word_1_419' title='bbox 2334 3270 2547 3310; x_wconf 90' lang='lat' dir='ltr'><strong>sensus</strong></span> <span class='ocrx_word' id='word_1_420' title='bbox 2576 3272 2590 3311; x_wconf 89' lang='lat'><strong>:</strong></span> <span class='ocrx_word' id='word_1_421' title='bbox 2618 3271 2754 3328; x_wconf 68' lang='lat' dir='ltr'><strong>qum</strong></span> <span class='ocrx_word' id='word_1_422' title='bbox 2785 3261 2921 3312; x_wconf 89' lang='lat' dir='ltr'><strong>ante</strong></span> <span class='ocrx_word' id='word_1_423' title='bbox 2956 3255 3096 3313; x_wconf 89' lang='lat' dir='ltr'><strong>ﬁdei</strong></span> <span class='ocrx_word' id='word_1_424' title='bbox 3136 3273 3476 3314; x_wconf 88' lang='lat' dir='ltr'><strong>sermonem</strong></span> <span class='ocrx_word' id='word_1_425' title='bbox 3527 3258 3703 3314; x_wconf 64' lang='lat' dir='ltr'><strong>unitas</strong></span> 
     </span>
    </p>
   </div>
   <div class='ocr_carea' id='block_1_65' title="bbox 332 3342 1938 3421">
    <p class='ocr_par' dir='ltr' id='par_1_65' title="bbox 332 3342 1938 3421">
     <span class='ocr_line' id='line_1_65' title="bbox 332 3342 1938 3421; baseline 0 -22"><span class='ocrx_word' id='word_1_426' title='bbox 332 3354 526 3421; x_wconf 80' lang='grc' dir='ltr'>φωνουν</span> <span class='ocrx_word' id='word_1_427' title='bbox 585 3347 657 3409; x_wconf 88' lang='grc' dir='ltr'><strong>εἰς</strong></span> <span class='ocrx_word' id='word_1_428' title='bbox 696 3342 1019 3419; x_wconf 68' lang='grc' dir='ltr'>φιληδονίαν·</span> <span class='ocrx_word' id='word_1_429' title='bbox 1062 3347 1192 3416; x_wconf 79' lang='grc' dir='ltr'>μετὰ</span> <span class='ocrx_word' id='word_1_430' title='bbox 1238 3342 1296 3397; x_wconf 76' lang='grc' dir='ltr'><strong>δε</strong></span> <span class='ocrx_word' id='word_1_431' title='bbox 1350 3349 1406 3397; x_wconf 87' lang='grc' dir='ltr'>τὸ</span> <span class='ocrx_word' id='word_1_432' title='bbox 1455 3343 1789 3419; x_wconf 80' lang='grc' dir='ltr'>ἐπιδημῆσαι</span> <span class='ocrx_word' id='word_1_433' title='bbox 1816 3355 1938 3406; x_wconf 78' lang='grc' dir='ltr'>τοῦς</span> 
     </span>
    </p>
   </div>
   <div class='ocr_carea' id='block_1_66' title="bbox 329 3432 1937 3508">
    <p class='ocr_par' dir='ltr' id='par_1_66' title="bbox 329 3432 1937 3508">
     <span class='ocr_line' id='line_1_66' title="bbox 329 3432 1937 3508; baseline 0.001 -19"><span class='ocrx_word' id='word_1_434' title='bbox 329 3457 416 3490; x_wconf 84' lang='grc' dir='ltr'><strong>τον</strong></span> <span class='ocrx_word' id='word_1_435' title='bbox 490 3437 694 3501; x_wconf 77' lang='grc' dir='ltr'>αὐταῖς,</span> <span class='ocrx_word' id='word_1_436' title='bbox 761 3432 1293 3508; x_wconf 82' lang='grc' dir='ltr'>διαμερισθήσονται·</span> <span class='ocrx_word' id='word_1_437' title='bbox 1380 3437 1435 3487; x_wconf 84' lang='grc' dir='ltr'>αἱ</span> <span class='ocrx_word' id='word_1_438' title='bbox 1500 3443 1633 3508; x_wconf 80' lang='grc' dir='ltr'>τρεῖς</span> <span class='ocrx_word' id='word_1_439' title='bbox 1711 3439 1801 3507; x_wconf 69' lang='grc' dir='ltr'>μὲν</span> <span class='ocrx_word' id='word_1_440' title='bbox 1882 3439 1937 3490; x_wconf 84' lang='grc' dir='ltr'><strong>αἰ</strong></span> 
     </span>
    </p>
   </div>
   <div class='ocr_carea' id='block_1_67' title="bbox 331 3520 1933 3598">
    <p class='ocr_par' dir='ltr' id='par_1_67' title="bbox 331 3520 1933 3598">
     <span class='ocr_line' id='line_1_67' title="bbox 331 3520 1933 3598; baseline 0.001 -20"><span class='ocrx_word' id='word_1_441' title='bbox 331 3525 557 3598; x_wconf 85' lang='grc' dir='ltr'>λογικαὶ,</span> <span class='ocrx_word' id='word_1_442' title='bbox 594 3526 619 3578; x_wconf 91' lang='grc' dir='ltr'><strong>ὀ</strong></span> <span class='ocrx_word' id='word_1_443' title='bbox 657 3533 797 3591; x_wconf 85' lang='grc' dir='ltr'>νοῦς,</span> <span class='ocrx_word' id='word_1_444' title='bbox 829 3528 919 3576; x_wconf 85' lang='grc' dir='ltr'><strong>καὶ</strong></span> <span class='ocrx_word' id='word_1_445' title='bbox 950 3525 980 3582; x_wconf 79' lang='grc' dir='ltr'>ἡ</span> <span class='ocrx_word' id='word_1_446' title='bbox 1030 3520 1258 3590; x_wconf 78' lang='grc' dir='ltr'>διάνοια,</span> <span class='ocrx_word' id='word_1_447' title='bbox 1296 3528 1385 3576; x_wconf 87' lang='grc' dir='ltr'>καὶ</span> <span class='ocrx_word' id='word_1_448' title='bbox 1423 3526 1453 3582; x_wconf 79' lang='grc' dir='ltr'><strong>ἠ</strong></span> <span class='ocrx_word' id='word_1_449' title='bbox 1499 3520 1646 3590; x_wconf 83' lang='grc' dir='ltr'>δόξα,</span> <span class='ocrx_word' id='word_1_450' title='bbox 1675 3529 1806 3578; x_wconf 81' lang='grc' dir='ltr'>κατὰ</span> <span class='ocrx_word' id='word_1_451' title='bbox 1835 3535 1933 3579; x_wconf 88' lang='grc' dir='ltr'>τῶν</span> 
     </span>
    </p>
   </div>
   <div class='ocr_carea' id='block_1_68' title="bbox 332 3611 1929 3687">
    <p class='ocr_par' dir='ltr' id='par_1_68' title="bbox 332 3611 1929 3687">
     <span class='ocr_line' id='line_1_68' title="bbox 332 3611 1929 3687; baseline 0.002 -21"><span class='ocrx_word' id='word_1_452' title='bbox 332 3611 429 3668; x_wconf 88' lang='grc' dir='ltr'>δύο</span> <span class='ocrx_word' id='word_1_453' title='bbox 483 3614 701 3687; x_wconf 81' lang='grc' dir='ltr'>ἀλόγων,</span> <span class='ocrx_word' id='word_1_454' title='bbox 746 3621 843 3675; x_wconf 82' lang='grc' dir='ltr'>τῆς</span> <span class='ocrx_word' id='word_1_455' title='bbox 880 3631 934 3665; x_wconf 89' lang='grc' dir='ltr'><strong>τε</strong></span> <span class='ocrx_word' id='word_1_456' title='bbox 989 3616 1275 3685; x_wconf 78' lang='grc' dir='ltr'>φαντασίας</span> <span class='ocrx_word' id='word_1_457' title='bbox 1328 3618 1418 3666; x_wconf 85' lang='grc' dir='ltr'>καὶ</span> <span class='ocrx_word' id='word_1_458' title='bbox 1464 3622 1561 3677; x_wconf 82' lang='grc' dir='ltr'>τῆς</span> <span class='ocrx_word' id='word_1_459' title='bbox 1614 3614 1929 3681; x_wconf 85' lang='grc' dir='ltr'>αἰσθήσεως,</span> 
     </span>
    </p>
   </div>
   <div class='ocr_carea' id='block_1_69' title="bbox 331 3701 1933 3778">
    <p class='ocr_par' dir='ltr' id='par_1_69' title="bbox 331 3701 1933 3778">
     <span class='ocr_line' id='line_1_69' title="bbox 331 3701 1933 3778; baseline 0.005 -27"><span class='ocrx_word' id='word_1_460' title='bbox 331 3711 402 3778; x_wconf 74' lang='grc' dir='ltr'>μὴ</span> <span class='ocrx_word' id='word_1_461' title='bbox 456 3711 831 3778; x_wconf 75' lang='grc' dir='ltr'>συμφωνοῦσαι</span> <span class='ocrx_word' id='word_1_462' title='bbox 881 3706 1101 3764; x_wconf 79' lang='grc' dir='ltr'>ταύταις</span> <span class='ocrx_word' id='word_1_463' title='bbox 1148 3703 1214 3763; x_wconf 85' lang='grc' dir='ltr'><strong>εἰς</strong></span> <span class='ocrx_word' id='word_1_464' title='bbox 1262 3701 1559 3775; x_wconf 78' lang='grc' dir='ltr'>ἒμπάθειαν·</span> <span class='ocrx_word' id='word_1_465' title='bbox 1614 3704 1667 3757; x_wconf 93' lang='grc' dir='ltr'><strong>αἰ</strong></span> <span class='ocrx_word' id='word_1_466' title='bbox 1719 3701 1815 3759; x_wconf 82' lang='grc' dir='ltr'>δύο</span> <span class='ocrx_word' id='word_1_467' title='bbox 1875 3703 1933 3759; x_wconf 72' lang='grc' dir='ltr'>δὲ</span> 
     </span>
    </p>
   </div>
   <div class='ocr_carea' id='block_1_70' title="bbox 332 3791 1928 3867">
    <p class='ocr_par' dir='ltr' id='par_1_70' title="bbox 332 3791 1928 3867">
     <span class='ocr_line' id='line_1_70' title="bbox 332 3791 1928 3867; baseline 0.001 -20"><span class='ocrx_word' id='word_1_468' title='bbox 332 3795 489 3847; x_wconf 78' lang='grc' dir='ltr'>αὗται</span> <span class='ocrx_word' id='word_1_469' title='bbox 546 3794 744 3865; x_wconf 80' lang='grc' dir='ltr'>ἄλογοι,</span> <span class='ocrx_word' id='word_1_470' title='bbox 776 3795 913 3845; x_wconf 83' lang='grc' dir='ltr'>κατὰ</span> <span class='ocrx_word' id='word_1_471' title='bbox 951 3801 1049 3844; x_wconf 89' lang='grc' dir='ltr'>τῶν</span> <span class='ocrx_word' id='word_1_472' title='bbox 1101 3800 1254 3866; x_wconf 83' lang='grc' dir='ltr'>τριῶν</span> <span class='ocrx_word' id='word_1_473' title='bbox 1299 3791 1498 3846; x_wconf 86' lang='grc' dir='ltr'>ἐκείνων</span> <span class='ocrx_word' id='word_1_474' title='bbox 1542 3802 1641 3846; x_wconf 84' lang='grc' dir='ltr'>τῶν</span> <span class='ocrx_word' id='word_1_475' title='bbox 1689 3794 1928 3867; x_wconf 84' lang='grc' dir='ltr'>λογικῶν,</span> 
     </span>
    </p>
   </div>
   <div class='ocr_carea' id='block_1_71' title="bbox 327 3880 1933 3958">
    <p class='ocr_par' dir='ltr' id='par_1_71' title="bbox 327 3880 1933 3958">
     <span class='ocr_line' id='line_1_71' title="bbox 327 3880 1933 3958; baseline 0.003 -22"><span class='ocrx_word' id='word_1_476' title='bbox 327 3889 399 3958; x_wconf 85' lang='grc' dir='ltr'><strong>μή</strong></span> <span class='ocrx_word' id='word_1_477' title='bbox 434 3880 763 3957; x_wconf 78' lang='grc' dir='ltr'>συνᾴδουσαι</span> <span class='ocrx_word' id='word_1_478' title='bbox 812 3882 1019 3944; x_wconf 77' lang='grc' dir='ltr'>ἐκείνοις</span> <span class='ocrx_word' id='word_1_479' title='bbox 1065 3882 1137 3945; x_wconf 71' lang='grc' dir='ltr'><strong>εἰς</strong></span> <span class='ocrx_word' id='word_1_480' title='bbox 1175 3880 1447 3950; x_wconf 79' lang='grc' dir='ltr'>ἀπάθειαν,</span> <span class='ocrx_word' id='word_1_481' title='bbox 1479 3884 1571 3945; x_wconf 81' lang='grc' dir='ltr'>ἕως</span> <span class='ocrx_word' id='word_1_482' title='bbox 1602 3884 1661 3936; x_wconf 86' lang='grc' dir='ltr'>ἆν</span> <span class='ocrx_word' id='word_1_483' title='bbox 1720 3887 1744 3938; x_wconf 88' lang='grc' dir='ltr'><strong>ὀ</strong></span> <span class='ocrx_word' id='word_1_484' title='bbox 1782 3885 1933 3958; x_wconf 86' lang='grc' dir='ltr'>λόγος</span> 
     </span>
    </p>
   </div>
   <div class='ocr_carea' id='block_1_72' title="bbox 328 3971 905 4045">
    <p class='ocr_par' dir='ltr' id='par_1_72' title="bbox 328 3971 905 4045">
     <span class='ocr_line' id='line_1_72' title="bbox 328 3971 905 4045; baseline -0.002 -19"><span class='ocrx_word' id='word_1_485' title='bbox 328 3978 442 4031; x_wconf 83' lang='grc' dir='ltr'>νική</span> <span class='ocrx_word' id='word_1_486' title='bbox 454 3993 517 4045; x_wconf 67' lang='grc' dir='ltr'><strong>σῃ</strong></span> <span class='ocrx_word' id='word_1_487' title='bbox 557 3978 640 4030; x_wconf 76' lang='grc' dir='ltr'><strong>τήν</strong></span> <span class='ocrx_word' id='word_1_488' title='bbox 672 3971 905 4042; x_wconf 81' lang='grc' dir='ltr'>ἀλογίαν.</span> 
     </span>
    </p>
   </div>
   <div class='ocr_carea' id='block_1_73' title="bbox 403 4057 1931 4136">
    <p class='ocr_par' dir='ltr' id='par_1_73' title="bbox 403 4057 1931 4136">
     <span class='ocr_line' id='line_1_73' title="bbox 403 4057 1931 4136; baseline 0.003 -21"><span class='ocrx_word' id='word_1_489' title='bbox 403 4068 505 4116; x_wconf 77' lang='grc' dir='ltr'><strong>Καὶ</strong></span> <span class='ocrx_word' id='word_1_490' title='bbox 559 4062 675 4114; x_wconf 80' lang='grc' dir='ltr'>καθ’</span> <span class='ocrx_word' id='word_1_491' title='bbox 729 4061 898 4136; x_wconf 78' lang='grc' dir='ltr'>ἕτερον</span> <span class='ocrx_word' id='word_1_492' title='bbox 955 4057 1014 4112; x_wconf 69' lang='grc' dir='ltr'>δὲ</span> <span class='ocrx_word' id='word_1_493' title='bbox 1066 4065 1274 4134; x_wconf 85' lang='grc' dir='ltr'>τρόπον.</span> <span class='ocrx_word' id='word_1_494' title='bbox 1310 4060 1546 4135; x_wconf 84' lang='grc' dir='ltr'>Ἐπείπερ</span> <span class='ocrx_word' id='word_1_495' title='bbox 1591 4064 1616 4115; x_wconf 86' lang='grc' dir='ltr'>ὁ</span> <span class='ocrx_word' id='word_1_496' title='bbox 1662 4065 1931 4130; x_wconf 81' lang='grc' dir='ltr'>ἄνθρωπος</span> 
     </span>
    </p>
   </div>
   <div class='ocr_carea' id='block_1_74' title="bbox 331 4146 1934 4232">
    <p class='ocr_par' dir='ltr' id='par_1_74' title="bbox 331 4146 1934 4232">
     <span class='ocr_line' id='line_1_74' title="bbox 331 4146 1934 4232; baseline 0.002 -27"><span class='ocrx_word' id='word_1_497' title='bbox 331 4157 478 4206; x_wconf 80' lang='grc' dir='ltr'>πέντε</span> <span class='ocrx_word' id='word_1_498' title='bbox 541 4154 631 4226; x_wconf 72' lang='grc' dir='ltr'><strong>μεν</strong></span> <span class='ocrx_word' id='word_1_499' title='bbox 690 4154 803 4224; x_wconf 80' lang='grc' dir='ltr'>ἔχει</span> <span class='ocrx_word' id='word_1_500' title='bbox 862 4146 1108 4222; x_wconf 76' lang='grc' dir='ltr'>δυνάμεις</span> <span class='ocrx_word' id='word_1_501' title='bbox 1159 4158 1248 4211; x_wconf 89' lang='grc' dir='ltr'>τῆς</span> <span class='ocrx_word' id='word_1_502' title='bbox 1303 4150 1509 4223; x_wconf 70' lang='grc' dir='ltr'>ψυχῆς,</span> <span class='ocrx_word' id='word_1_503' title='bbox 1561 4156 1649 4214; x_wconf 80' lang='grc' dir='ltr'><strong>τὰς</strong></span> <span class='ocrx_word' id='word_1_504' title='bbox 1692 4174 1934 4232; x_wconf 84' lang='grc' dir='ltr'>προειρη-</span> 
     </span>
    </p>
   </div>
   <div class='ocr_carea' id='block_1_75' title="bbox 333 4237 1930 4318">
    <p class='ocr_par' dir='ltr' id='par_1_75' title="bbox 333 4237 1930 4318">
     <span class='ocr_line' id='line_1_75' title="bbox 333 4237 1930 4318; baseline 0.004 -25"><span class='ocrx_word' id='word_1_505' title='bbox 333 4247 507 4314; x_wconf 69' lang='grc' dir='ltr'>μένας*</span> <span class='ocrx_word' id='word_1_506' title='bbox 564 4246 710 4294; x_wconf 79' lang='grc' dir='ltr'>πέντε</span> <span class='ocrx_word' id='word_1_507' title='bbox 772 4237 831 4293; x_wconf 68' lang='grc' dir='ltr'><strong>δε</strong></span> <span class='ocrx_word' id='word_1_508' title='bbox 913 4239 1185 4301; x_wconf 84' lang='grc' dir='ltr'>αἰσθήσεις</span> <span class='ocrx_word' id='word_1_509' title='bbox 1253 4247 1342 4292; x_wconf 81' lang='grc' dir='ltr'>τοῦ</span> <span class='ocrx_word' id='word_1_510' title='bbox 1407 4248 1668 4314; x_wconf 78' lang='grc' dir='ltr'>σώματος,</span> <span class='ocrx_word' id='word_1_511' title='bbox 1727 4246 1930 4318; x_wconf 84' lang='grc' dir='ltr'>ὅρασιν,</span> 
     </span>
    </p>
   </div>
   <div class='ocr_carea' id='block_1_76' title="bbox 336 4330 1933 4407">
    <p class='ocr_par' dir='ltr' id='par_1_76' title="bbox 336 4330 1933 4407">
     <span class='ocr_line' id='line_1_76' title="bbox 336 4330 1933 4407; baseline 0.003 -25"><span class='ocrx_word' id='word_1_512' title='bbox 336 4331 515 4388; x_wconf 79' lang='grc' dir='ltr'>ἀκοήν·</span> <span class='ocrx_word' id='word_1_513' title='bbox 576 4330 854 4403; x_wconf 83' lang='grc' dir='ltr'>ὄσφρησιν,</span> <span class='ocrx_word' id='word_1_514' title='bbox 913 4337 1093 4400; x_wconf 80' lang='grc' dir='ltr'>γεῦσιν</span> <span class='ocrx_word' id='word_1_515' title='bbox 1143 4330 1280 4399; x_wconf 76' lang='grc'>(26),</span> <span class='ocrx_word' id='word_1_516' title='bbox 1322 4336 1411 4382; x_wconf 82' lang='grc' dir='ltr'>καὶ</span> <span class='ocrx_word' id='word_1_517' title='bbox 1463 4331 1617 4404; x_wconf 82' lang='grc' dir='ltr'>ἁφήν·</span> <span class='ocrx_word' id='word_1_518' title='bbox 1652 4330 1791 4396; x_wconf 84' lang='grc' dir='ltr'>οἰκος</span> <span class='ocrx_word' id='word_1_519' title='bbox 1845 4340 1933 4407; x_wconf 71' lang='grc' dir='ltr'>μὲν</span> 
     </span>
    </p>
   </div>
   <div class='ocr_carea' id='block_1_77' title="bbox 337 4414 1937 4495">
    <p class='ocr_par' dir='ltr' id='par_1_77' title="bbox 337 4414 1937 4495">
     <span class='ocr_line' id='line_1_77' title="bbox 337 4414 1937 4495; baseline 0.003 -23"><span class='ocrx_word' id='word_1_520' title='bbox 337 4419 396 4472; x_wconf 77' lang='grc' dir='ltr'>ἂν</span> <span class='ocrx_word' id='word_1_521' title='bbox 440 4423 515 4477; x_wconf 80' lang='grc' dir='ltr'><strong>εἴη</strong></span> <span class='ocrx_word' id='word_1_522' title='bbox 576 4421 601 4470; x_wconf 86' lang='grc' dir='ltr'><strong>ὁ</strong></span> <span class='ocrx_word' id='word_1_523' title='bbox 648 4421 935 4493; x_wconf 74' lang='grc' dir='ltr'>ἄνθρωπος·</span> <span class='ocrx_word' id='word_1_524' title='bbox 983 4421 1189 4470; x_wconf 82' lang='grc' dir='ltr'>ἔσονται</span> <span class='ocrx_word' id='word_1_525' title='bbox 1238 4414 1297 4471; x_wconf 74' lang='grc' dir='ltr'>δὲ</span> <span class='ocrx_word' id='word_1_526' title='bbox 1335 4422 1482 4472; x_wconf 84' lang='grc' dir='ltr'>πέντε</span> <span class='ocrx_word' id='word_1_527' title='bbox 1538 4419 1587 4472; x_wconf 78' lang='grc' dir='ltr'>ἐν</span> <span class='ocrx_word' id='word_1_528' title='bbox 1637 4423 1779 4495; x_wconf 75' lang='grc' dir='ltr'>αὐτῷ</span> <span class='ocrx_word' id='word_1_529' title='bbox 1812 4420 1937 4477; x_wconf 84' lang='grc' dir='ltr'>δια-</span> 
     </span>
    </p>
   </div>
   <div class='ocr_carea' id='block_1_78' title="bbox 339 4507 1936 4581">
    <p class='ocr_par' dir='ltr' id='par_1_78' title="bbox 339 4507 1936 4581">
     <span class='ocr_line' id='line_1_78' title="bbox 339 4507 1936 4581; baseline 0.004 -21"><span class='ocrx_word' id='word_1_530' title='bbox 339 4512 731 4581; x_wconf 79' lang='grc' dir='ltr'>μεμερισμέναι,</span> <span class='ocrx_word' id='word_1_531' title='bbox 798 4511 974 4579; x_wconf 78' lang='grc' dir='ltr'>ἤγουν,</span> <span class='ocrx_word' id='word_1_532' title='bbox 1034 4509 1089 4559; x_wconf 83' lang='grc' dir='ltr'>αἱ</span> <span class='ocrx_word' id='word_1_533' title='bbox 1154 4514 1286 4580; x_wconf 84' lang='grc' dir='ltr'>τρεῖς</span> <span class='ocrx_word' id='word_1_534' title='bbox 1341 4510 1430 4579; x_wconf 67' lang='grc' dir='ltr'>μὲν</span> <span class='ocrx_word' id='word_1_535' title='bbox 1487 4507 1693 4580; x_wconf 87' lang='grc' dir='ltr'>λογικαὶ</span> <span class='ocrx_word' id='word_1_536' title='bbox 1777 4509 1936 4566; x_wconf 86' lang='grc' dir='ltr'>δυνά-</span> 
     </span>
    </p>
   </div>
   <div class='ocr_carea' id='block_1_79' title="bbox 2044 3345 3702 3418">
    <p class='ocr_par' dir='ltr' id='par_1_79' title="bbox 2044 3345 3702 3418">
     <span class='ocr_line' id='line_1_79' title="bbox 2044 3345 3702 3418; baseline 0.001 -17"><span class='ocrx_word' id='word_1_537' title='bbox 2044 3352 2232 3411; x_wconf 89' lang='lat' dir='ltr'><strong>erant,</strong></span> <span class='ocrx_word' id='word_1_538' title='bbox 2264 3345 2377 3401; x_wconf 90' lang='lat' dir='ltr'><strong>hoc</strong></span> <span class='ocrx_word' id='word_1_539' title='bbox 2406 3350 2511 3410; x_wconf 89' lang='lat' dir='ltr'><strong>est,</strong></span> <span class='ocrx_word' id='word_1_540' title='bbox 2562 3346 2624 3400; x_wconf 91' lang='lat' dir='ltr'><strong>in</strong></span> <span class='ocrx_word' id='word_1_541' title='bbox 2676 3345 3049 3418; x_wconf 88' lang='lat' dir='ltr'><strong>voluptatum</strong></span> <span class='ocrx_word' id='word_1_542' title='bbox 3103 3363 3309 3404; x_wconf 91' lang='lat' dir='ltr'><strong>amore</strong></span> <span class='ocrx_word' id='word_1_543' title='bbox 3361 3348 3702 3403; x_wconf 82' lang='lat' dir='ltr'><strong>concordes.</strong></span> 
     </span>
    </p>
   </div>
   <div class='ocr_carea' id='block_1_80' title="bbox 2044 3433 3705 3509">
    <p class='ocr_par' dir='ltr' id='par_1_80' title="bbox 2044 3433 3705 3509">
     <span class='ocr_line' id='line_1_80' title="bbox 2044 3433 3705 3509; baseline 0.001 -20"><span class='ocrx_word' id='word_1_544' title='bbox 2044 3433 2376 3507; x_wconf 86' lang='lat' dir='ltr'><strong>Postquam</strong></span> <span class='ocrx_word' id='word_1_545' title='bbox 2400 3439 2602 3489; x_wconf 91' lang='lat' dir='ltr'><strong>autem</strong></span> <span class='ocrx_word' id='word_1_546' title='bbox 2618 3434 2695 3489; x_wconf 91' lang='lat' dir='ltr'><strong>ad</strong></span> <span class='ocrx_word' id='word_1_547' title='bbox 2722 3450 2823 3490; x_wconf 92' lang='lat' dir='ltr'><strong>eas</strong></span> <span class='ocrx_word' id='word_1_548' title='bbox 2853 3451 3051 3492; x_wconf 89' lang='lat' dir='ltr'><strong>sermo</strong></span> <span class='ocrx_word' id='word_1_549' title='bbox 3072 3435 3169 3491; x_wconf 91' lang='lat' dir='ltr'><strong>ille</strong></span> <span class='ocrx_word' id='word_1_550' title='bbox 3191 3435 3476 3509; x_wconf 88' lang='lat' dir='ltr'><strong>pervenit,</strong></span> <span class='ocrx_word' id='word_1_551' title='bbox 3498 3435 3705 3491; x_wconf 63' lang='lat' dir='ltr'><strong>divisa</strong></span> 
     </span>
    </p>
   </div>
   <div class='ocr_carea' id='block_1_81' title="bbox 2044 3522 3702 3598">
    <p class='ocr_par' dir='ltr' id='par_1_81' title="bbox 2044 3522 3702 3598">
     <span class='ocr_line' id='line_1_81' title="bbox 2044 3522 3702 3598; baseline 0.002 -20"><span class='ocrx_word' id='word_1_552' title='bbox 2044 3528 2183 3579; x_wconf 88' lang='lat' dir='ltr'><strong>sunt</strong></span> <span class='ocrx_word' id='word_1_553' title='bbox 2210 3529 2323 3580; x_wconf 90' lang='lat' dir='ltr'><strong>tres</strong></span> <span class='ocrx_word' id='word_1_554' title='bbox 2346 3522 2688 3588; x_wconf 87' lang='lat' dir='ltr'><strong>rationales,</strong></span> <span class='ocrx_word' id='word_1_555' title='bbox 2722 3539 2906 3591; x_wconf 90' lang='lat' dir='ltr'><strong>mens,</strong></span> <span class='ocrx_word' id='word_1_556' title='bbox 2938 3525 3321 3596; x_wconf 83' lang='lat' dir='ltr'><strong>intelligentia</strong></span> <span class='ocrx_word' id='word_1_557' title='bbox 3351 3531 3408 3581; x_wconf 89' lang='lat' dir='ltr'><strong>et</strong></span> <span class='ocrx_word' id='word_1_558' title='bbox 3446 3524 3652 3598; x_wconf 89' lang='lat' dir='ltr'><strong>opinio</strong></span> <span class='ocrx_word' id='word_1_559' title='bbox 3686 3539 3702 3592; x_wconf 90' lang='lat'><strong>;</strong></span> 
     </span>
    </p>
   </div>
   <div class='ocr_carea' id='block_1_82' title="bbox 2043 3612 3707 3688">
    <p class='ocr_par' dir='ltr' id='par_1_82' title="bbox 2043 3612 3707 3688">
     <span class='ocr_line' id='line_1_82' title="bbox 2043 3612 3707 3688; baseline 0 -18"><span class='ocrx_word' id='word_1_560' title='bbox 2043 3612 2336 3670; x_wconf 88' lang='lat' dir='ltr'><strong>adversus</strong></span> <span class='ocrx_word' id='word_1_561' title='bbox 2383 3613 2537 3669; x_wconf 92' lang='lat' dir='ltr'><strong>duas</strong></span> <span class='ocrx_word' id='word_1_562' title='bbox 2576 3612 2971 3680; x_wconf 87' lang='lat' dir='ltr'><strong>irrationales,</strong></span> <span class='ocrx_word' id='word_1_563' title='bbox 2993 3620 3159 3688; x_wconf 89' lang='lat' dir='ltr'><strong>puta,</strong></span> <span class='ocrx_word' id='word_1_564' title='bbox 3192 3615 3595 3688; x_wconf 85' lang='lat' dir='ltr'><strong>phantasiam,</strong></span> <span class='ocrx_word' id='word_1_565' title='bbox 3649 3620 3707 3671; x_wconf 90' lang='lat' dir='ltr'><strong>et</strong></span> 
     </span>
    </p>
   </div>
   <div class='ocr_carea' id='block_1_83' title="bbox 2042 3704 3703 3778">
    <p class='ocr_par' dir='ltr' id='par_1_83' title="bbox 2042 3704 3703 3778">
     <span class='ocr_line' id='line_1_83' title="bbox 2042 3704 3703 3778; baseline 0.001 -17"><span class='ocrx_word' id='word_1_566' title='bbox 2042 3720 2308 3770; x_wconf 91' lang='lat' dir='ltr'><strong>sensum,</strong></span> <span class='ocrx_word' id='word_1_567' title='bbox 2340 3719 2463 3759; x_wconf 92' lang='lat' dir='ltr'><strong>non</strong></span> <span class='ocrx_word' id='word_1_568' title='bbox 2502 3704 2831 3761; x_wconf 90' lang='lat' dir='ltr'><strong>concordes</strong></span> <span class='ocrx_word' id='word_1_569' title='bbox 2861 3720 2999 3761; x_wconf 90' lang='lat' dir='ltr'><strong>cum</strong></span> <span class='ocrx_word' id='word_1_570' title='bbox 3046 3704 3194 3778; x_wconf 90' lang='lat' dir='ltr'><strong>ipsis</strong></span> <span class='ocrx_word' id='word_1_571' title='bbox 3226 3708 3291 3762; x_wconf 89' lang='lat' dir='ltr'><strong>in</strong></span> <span class='ocrx_word' id='word_1_572' title='bbox 3333 3705 3653 3762; x_wconf 84' lang='lat' dir='ltr'><strong>affectione</strong></span> <span class='ocrx_word' id='word_1_573' title='bbox 3687 3721 3703 3762; x_wconf 89' lang='lat'><strong>:</strong></span> 
     </span>
    </p>
   </div>
   <div class='ocr_carea' id='block_1_84' title="bbox 2039 3792 3707 3867">
    <p class='ocr_par' dir='ltr' id='par_1_84' title="bbox 2039 3792 3707 3867">
     <span class='ocr_line' id='line_1_84' title="bbox 2039 3792 3707 3867; baseline 0.001 -17"><span class='ocrx_word' id='word_1_574' title='bbox 2039 3794 2135 3850; x_wconf 64' lang='lat' dir='ltr'><strong>ha</strong></span> <span class='ocrx_word' id='word_1_575' title='bbox 2173 3809 2311 3850; x_wconf 91' lang='lat' dir='ltr'><strong>vero</strong></span> <span class='ocrx_word' id='word_1_576' title='bbox 2348 3792 2721 3849; x_wconf 89' lang='lat' dir='ltr'><strong>irrationales</strong></span> <span class='ocrx_word' id='word_1_577' title='bbox 2756 3798 2964 3851; x_wconf 89' lang='lat' dir='ltr'><strong>contra</strong></span> <span class='ocrx_word' id='word_1_578' title='bbox 3010 3798 3130 3850; x_wconf 90' lang='lat' dir='ltr'><strong>tres</strong></span> <span class='ocrx_word' id='word_1_579' title='bbox 3180 3794 3498 3867; x_wconf 79' lang='lat' dir='ltr'><strong>praedictas</strong></span> <span class='ocrx_word' id='word_1_580' title='bbox 3528 3794 3707 3851; x_wconf 90' lang='lat' dir='ltr'><strong>ratio-</strong></span> 
     </span>
    </p>
   </div>
   <div class='ocr_carea' id='block_1_85' title="bbox 2039 3882 3707 3951">
    <p class='ocr_par' dir='ltr' id='par_1_85' title="bbox 2039 3882 3707 3951">
     <span class='ocr_line' id='line_1_85' title="bbox 2039 3882 3707 3951; baseline 0.001 -11"><span class='ocrx_word' id='word_1_581' title='bbox 2039 3883 2229 3951; x_wconf 91' lang='lat' dir='ltr'><strong>nales,</strong></span> <span class='ocrx_word' id='word_1_582' title='bbox 2263 3899 2381 3940; x_wconf 93' lang='lat' dir='ltr'><strong>non</strong></span> <span class='ocrx_word' id='word_1_583' title='bbox 2414 3898 2697 3939; x_wconf 59' lang='lat' dir='ltr'><strong>consona;</strong></span> <span class='ocrx_word' id='word_1_584' title='bbox 2728 3900 2866 3939; x_wconf 91' lang='lat' dir='ltr'><strong>cum</strong></span> <span class='ocrx_word' id='word_1_585' title='bbox 2895 3884 2976 3939; x_wconf 92' lang='lat' dir='ltr'><strong>eis</strong></span> <span class='ocrx_word' id='word_1_586' title='bbox 3003 3882 3063 3939; x_wconf 93' lang='lat' dir='ltr'><strong>in</strong></span> <span class='ocrx_word' id='word_1_587' title='bbox 3090 3883 3501 3941; x_wconf 89' lang='lat' dir='ltr'><strong>immobilitate</strong></span> <span class='ocrx_word' id='word_1_588' title='bbox 3546 3883 3707 3942; x_wconf 89' lang='lat' dir='ltr'><strong>circa</strong></span> 
     </span>
    </p>
   </div>
   <div class='ocr_carea' id='block_1_86' title="bbox 2038 3970 3603 4039">
    <p class='ocr_par' dir='ltr' id='par_1_86' title="bbox 2038 3970 3603 4039">
     <span class='ocr_line' id='line_1_86' title="bbox 2038 3970 3603 4039; baseline 0.001 -11"><span class='ocrx_word' id='word_1_589' title='bbox 2038 3971 2398 4039; x_wconf 81' lang='lat' dir='ltr'><strong>affectiones,</strong></span> <span class='ocrx_word' id='word_1_590' title='bbox 2432 3970 2625 4029; x_wconf 90' lang='lat' dir='ltr'><strong>donec</strong></span> <span class='ocrx_word' id='word_1_591' title='bbox 2652 3973 2803 4028; x_wconf 88' lang='lat' dir='ltr'><strong>ratio</strong></span> <span class='ocrx_word' id='word_1_592' title='bbox 2834 3973 3032 4029; x_wconf 88' lang='lat' dir='ltr'><strong>vincat</strong></span> <span class='ocrx_word' id='word_1_593' title='bbox 3060 3973 3603 4030; x_wconf 84' lang='lat' dir='ltr'><strong>irrationalitatem.</strong></span> 
     </span>
    </p>
   </div>
   <div class='ocr_carea' id='block_1_87' title="bbox 2110 4061 3705 4135">
    <p class='ocr_par' dir='ltr' id='par_1_87' title="bbox 2110 4061 3705 4135">
     <span class='ocr_line' id='line_1_87' title="bbox 2110 4061 3705 4135; baseline -0.001 -17"><span class='ocrx_word' id='word_1_594' title='bbox 2110 4065 2397 4119; x_wconf 74' lang='lat' dir='ltr'><strong>Praeterea</strong></span> <span class='ocrx_word' id='word_1_595' title='bbox 2421 4067 2478 4119; x_wconf 92' lang='lat' dir='ltr'><strong>et</strong></span> <span class='ocrx_word' id='word_1_596' title='bbox 2506 4061 2628 4118; x_wconf 90' lang='lat' dir='ltr'><strong>alio</strong></span> <span class='ocrx_word' id='word_1_597' title='bbox 2667 4061 2871 4118; x_wconf 90' lang='lat' dir='ltr'><strong>modo.</strong></span> <span class='ocrx_word' id='word_1_598' title='bbox 2904 4063 3050 4118; x_wconf 90' lang='lat' dir='ltr'><strong>Cum</strong></span> <span class='ocrx_word' id='word_1_599' title='bbox 3072 4062 3257 4119; x_wconf 90' lang='lat' dir='ltr'><strong>homo</strong></span> <span class='ocrx_word' id='word_1_600' title='bbox 3286 4062 3509 4120; x_wconf 88' lang='lat' dir='ltr'><strong>habeat</strong></span> <span class='ocrx_word' id='word_1_601' title='bbox 3531 4062 3705 4135; x_wconf 85' lang='lat' dir='ltr'><strong>quin-</strong></span> 
     </span>
    </p>
   </div>
   <div class='ocr_carea' id='block_1_88' title="bbox 2039 4151 3712 4230">
    <p class='ocr_par' dir='ltr' id='par_1_88' title="bbox 2039 4151 3712 4230">
     <span class='ocr_line' id='line_1_88' title="bbox 2039 4151 3712 4230; baseline -0.001 -22"><span class='ocrx_word' id='word_1_602' title='bbox 2039 4167 2157 4225; x_wconf 91' lang='lat' dir='ltr'><strong>que</strong></span> <span class='ocrx_word' id='word_1_603' title='bbox 2196 4152 2409 4208; x_wconf 70' lang='lat' dir='ltr'><strong>animae</strong></span> <span class='ocrx_word' id='word_1_604' title='bbox 2437 4152 2757 4224; x_wconf 88' lang='lat' dir='ltr'><strong>potentias,</strong></span> <span class='ocrx_word' id='word_1_605' title='bbox 2798 4156 2855 4208; x_wconf 93' lang='lat' dir='ltr'><strong>et</strong></span> <span class='ocrx_word' id='word_1_606' title='bbox 2884 4152 3147 4224; x_wconf 89' lang='lat' dir='ltr'><strong>quinque</strong></span> <span class='ocrx_word' id='word_1_607' title='bbox 3181 4167 3391 4207; x_wconf 90' lang='lat' dir='ltr'><strong>sensus</strong></span> <span class='ocrx_word' id='word_1_608' title='bbox 3418 4151 3712 4230; x_wconf 63' lang='lat' dir='ltr'><strong>corporis,</strong></span> 
     </span>
    </p>
   </div>
   <div class='ocr_carea' id='block_1_89' title="bbox 2040 4240 3708 4314">
    <p class='ocr_par' dir='ltr' id='par_1_89' title="bbox 2040 4240 3708 4314">
     <span class='ocr_line' id='line_1_89' title="bbox 2040 4240 3708 4314; baseline 0 -17"><span class='ocrx_word' id='word_1_609' title='bbox 2040 4242 2258 4308; x_wconf 92' lang='lat' dir='ltr'><strong>visum,</strong></span> <span class='ocrx_word' id='word_1_610' title='bbox 2308 4240 2600 4313; x_wconf 90' lang='lat' dir='ltr'><strong>auditum,</strong></span> <span class='ocrx_word' id='word_1_611' title='bbox 2661 4241 2964 4308; x_wconf 87' lang='lat' dir='ltr'><strong>olfactum,</strong></span> <span class='ocrx_word' id='word_1_612' title='bbox 3016 4246 3260 4314; x_wconf 87' lang='lat' dir='ltr'><strong>gustum</strong></span> <span class='ocrx_word' id='word_1_613' title='bbox 3312 4247 3368 4299; x_wconf 89' lang='lat' dir='ltr'><strong>et</strong></span> <span class='ocrx_word' id='word_1_614' title='bbox 3423 4246 3652 4298; x_wconf 88' lang='lat' dir='ltr'><strong>tactum</strong></span> <span class='ocrx_word' id='word_1_615' title='bbox 3693 4257 3708 4297; x_wconf 89' lang='lat'><strong>:</strong></span> 
     </span>
    </p>
   </div>
   <div class='ocr_carea' id='block_1_90' title="bbox 2043 4330 3706 4404">
    <p class='ocr_par' dir='ltr' id='par_1_90' title="bbox 2043 4330 3706 4404">
     <span class='ocr_line' id='line_1_90' title="bbox 2043 4330 3706 4404; baseline 0 -18"><span class='ocrx_word' id='word_1_616' title='bbox 2043 4330 2263 4387; x_wconf 88' lang='lat' dir='ltr'><strong>domus</strong></span> <span class='ocrx_word' id='word_1_617' title='bbox 2289 4347 2423 4387; x_wconf 89' lang='lat' dir='ltr'><strong>esse</strong></span> <span class='ocrx_word' id='word_1_618' title='bbox 2456 4336 2647 4403; x_wconf 89' lang='lat' dir='ltr'><strong>potest</strong></span> <span class='ocrx_word' id='word_1_619' title='bbox 2683 4331 2811 4404; x_wconf 91' lang='lat' dir='ltr'><strong>ipse</strong></span> <span class='ocrx_word' id='word_1_620' title='bbox 2858 4331 3060 4388; x_wconf 90' lang='lat' dir='ltr'><strong>homo.</strong></span> <span class='ocrx_word' id='word_1_621' title='bbox 3094 4334 3279 4388; x_wconf 88' lang='lat' dir='ltr'><strong>Erunt</strong></span> <span class='ocrx_word' id='word_1_622' title='bbox 3309 4336 3511 4387; x_wconf 91' lang='lat' dir='ltr'><strong>autem</strong></span> <span class='ocrx_word' id='word_1_623' title='bbox 3543 4330 3606 4386; x_wconf 92' lang='lat' dir='ltr'><strong>in</strong></span> <span class='ocrx_word' id='word_1_624' title='bbox 3634 4345 3706 4386; x_wconf 92' lang='lat' dir='ltr'><strong>ea</strong></span> 
     </span>
    </p>
   </div>
   <div class='ocr_carea' id='block_1_91' title="bbox 2043 4419 3686 4493">
    <p class='ocr_par' dir='ltr' id='par_1_91' title="bbox 2043 4419 3686 4493">
     <span class='ocr_line' id='line_1_91' title="bbox 2043 4419 3686 4493; baseline -0.001 -17"><span class='ocrx_word' id='word_1_625' title='bbox 2043 4421 2312 4493; x_wconf 89' lang='lat' dir='ltr'><strong>quinque</strong></span> <span class='ocrx_word' id='word_1_626' title='bbox 2360 4420 2553 4487; x_wconf 89' lang='lat' dir='ltr'><strong>divisi,</strong></span> <span class='ocrx_word' id='word_1_627' title='bbox 2611 4420 2878 4477; x_wconf 88' lang='lat' dir='ltr'><strong>videlicet</strong></span> <span class='ocrx_word' id='word_1_628' title='bbox 2935 4426 3050 4478; x_wconf 92' lang='lat' dir='ltr'><strong>tres</strong></span> <span class='ocrx_word' id='word_1_629' title='bbox 3100 4419 3415 4478; x_wconf 85' lang='lat' dir='ltr'><strong>rationales</strong></span> <span class='ocrx_word' id='word_1_630' title='bbox 3466 4419 3686 4476; x_wconf 63' lang='lat' dir='ltr'><strong>animae</strong></span> 
     </span>
    </p>
   </div>
   <div class='ocr_carea' id='block_1_92' title="bbox 2045 4509 3712 4583">
    <p class='ocr_par' dir='ltr' id='par_1_92' title="bbox 2045 4509 3712 4583">
     <span class='ocr_line' id='line_1_92' title="bbox 2045 4509 3712 4583; baseline -0.001 -17"><span class='ocrx_word' id='word_1_631' title='bbox 2045 4509 2349 4583; x_wconf 64' lang='lat' dir='ltr'><strong>potentiae,</strong></span> <span class='ocrx_word' id='word_1_632' title='bbox 2400 4525 2585 4578; x_wconf 89' lang='lat' dir='ltr'><strong>mens,</strong></span> <span class='ocrx_word' id='word_1_633' title='bbox 2637 4509 3024 4583; x_wconf 90' lang='lat' dir='ltr'><strong>intelligentia</strong></span> <span class='ocrx_word' id='word_1_634' title='bbox 3068 4515 3126 4567; x_wconf 89' lang='lat' dir='ltr'><strong>et</strong></span> <span class='ocrx_word' id='word_1_635' title='bbox 3153 4510 3380 4583; x_wconf 90' lang='lat' dir='ltr'><strong>opinio,</strong></span> <span class='ocrx_word' id='word_1_636' title='bbox 3419 4510 3712 4566; x_wconf 89' lang='lat' dir='ltr'><strong>adversus</strong></span> 
     </span>
    </p>
   </div>
   <div class='ocr_carea' id='block_1_93' title="bbox 341 4592 1929 4685">
    <p class='ocr_par' dir='ltr' id='par_1_93' title="bbox 341 4592 1929 4668">
     <span class='ocr_line' id='line_1_93' title="bbox 341 4592 1929 4668; baseline 0.005 -21"><span class='ocrx_word' id='word_1_637' title='bbox 341 4615 454 4668; x_wconf 86' lang='grc' dir='ltr'>μεις</span> <span class='ocrx_word' id='word_1_638' title='bbox 498 4604 591 4658; x_wconf 80' lang='grc' dir='ltr'>τῆς</span> <span class='ocrx_word' id='word_1_639' title='bbox 637 4595 842 4668; x_wconf 66' lang='grc' dir='ltr'>ψυχῆς,</span> <span class='ocrx_word' id='word_1_640' title='bbox 876 4603 1011 4657; x_wconf 74' lang='grc' dir='ltr'>νοῦς,</span> <span class='ocrx_word' id='word_1_641' title='bbox 1070 4592 1276 4648; x_wconf 83' lang='grc' dir='ltr'>διάνοια</span> <span class='ocrx_word' id='word_1_642' title='bbox 1307 4602 1397 4649; x_wconf 83' lang='grc' dir='ltr'>καὶ</span> <span class='ocrx_word' id='word_1_643' title='bbox 1454 4594 1603 4663; x_wconf 80' lang='grc' dir='ltr'>δοξα,</span> <span class='ocrx_word' id='word_1_644' title='bbox 1657 4604 1793 4653; x_wconf 82' lang='grc' dir='ltr'>κατὰ</span> <span class='ocrx_word' id='word_1_645' title='bbox 1838 4612 1929 4654; x_wconf 82' lang='grc' dir='ltr'>τῶν</span> 
     </span>
    </p>
   </div>
   <div class='ocr_carea' id='block_1_94' title="bbox 2046 4592 3712 4685">
    <p class='ocr_par' dir='ltr' id='par_1_94' title="bbox 2048 4599 3712 4673">
     <span class='ocr_line' id='line_1_94' title="bbox 2048 4599 3712 4673; baseline 0 -16"><span class='ocrx_word' id='word_1_646' title='bbox 2048 4600 2309 4673; x_wconf 87' lang='lat' dir='ltr'><strong>reliquas</strong></span> <span class='ocrx_word' id='word_1_647' title='bbox 2339 4600 2511 4671; x_wconf 88' lang='lat' dir='ltr'><strong>duas,</strong></span> <span class='ocrx_word' id='word_1_648' title='bbox 2560 4600 2939 4672; x_wconf 89' lang='lat' dir='ltr'><strong>phantasiam</strong></span> <span class='ocrx_word' id='word_1_649' title='bbox 2987 4606 3043 4657; x_wconf 92' lang='lat' dir='ltr'><strong>et</strong></span> <span class='ocrx_word' id='word_1_650' title='bbox 3073 4616 3366 4658; x_wconf 91' lang='lat' dir='ltr'><strong>sensum:</strong></span> <span class='ocrx_word' id='word_1_651' title='bbox 3398 4599 3521 4657; x_wconf 89' lang='lat' dir='ltr'><strong>duo</strong></span> <span class='ocrx_word' id='word_1_652' title='bbox 3569 4614 3712 4657; x_wconf 91' lang='lat' dir='ltr'><strong>vero</strong></span> 
     </span>
    </p>
   </div>
   <div class='ocr_carea' id='block_1_95' title="bbox 342 4683 1939 4757">
    <p class='ocr_par' dir='ltr' id='par_1_95' title="bbox 342 4683 1939 4757">
     <span class='ocr_line' id='line_1_95' title="bbox 342 4683 1939 4757; baseline 0.005 -20"><span class='ocrx_word' id='word_1_653' title='bbox 342 4684 613 4737; x_wconf 59' lang='grc' dir='ltr'>ἐπιλοίπων</span> <span class='ocrx_word' id='word_1_654' title='bbox 718 4683 853 4750; x_wconf 81' lang='grc' dir='ltr'>δύο,</span> <span class='ocrx_word' id='word_1_655' title='bbox 938 4691 1222 4757; x_wconf 73' lang='grc' dir='ltr'>φαντασίας</span> <span class='ocrx_word' id='word_1_656' title='bbox 1300 4691 1388 4739; x_wconf 84' lang='grc' dir='ltr'>καὶ</span> <span class='ocrx_word' id='word_1_657' title='bbox 1482 4688 1798 4753; x_wconf 82' lang='grc' dir='ltr'>αἰσθήσεως·</span> <span class='ocrx_word' id='word_1_658' title='bbox 1884 4696 1939 4745; x_wconf 80' lang='grc' dir='ltr'>αἱ</span> 
     </span>
    </p>
   </div>
   <div class='ocr_carea' id='block_1_96' title="bbox 335 4768 1939 4855">
    <p class='ocr_par' dir='ltr' id='par_1_96' title="bbox 335 4768 1939 4855">
     <span class='ocr_line' id='line_1_96' title="bbox 335 4768 1939 4855; baseline 0.003 -28"><span class='ocrx_word' id='word_1_659' title='bbox 335 4768 433 4827; x_wconf 79' lang='grc' dir='ltr'>δύο</span> <span class='ocrx_word' id='word_1_660' title='bbox 478 4769 538 4826; x_wconf 73' lang='grc' dir='ltr'>δὲ</span> <span class='ocrx_word' id='word_1_661' title='bbox 579 4779 890 4846; x_wconf 70' lang='grc' dir='ltr'>τιμιώταται</span> <span class='ocrx_word' id='word_1_662' title='bbox 936 4773 1209 4834; x_wconf 80' lang='grc' dir='ltr'>αἰσθήσεις</span> <span class='ocrx_word' id='word_1_663' title='bbox 1273 4782 1363 4826; x_wconf 72' lang='grc' dir='ltr'>τοῦ</span> <span class='ocrx_word' id='word_1_664' title='bbox 1424 4779 1688 4848; x_wconf 85' lang='grc' dir='ltr'>σώματος,</span> <span class='ocrx_word' id='word_1_665' title='bbox 1759 4783 1939 4855; x_wconf 82' lang='grc' dir='ltr'>ὅρασις</span> 
     </span>
    </p>
   </div>
   <div class='ocr_carea' id='block_1_97' title="bbox 335 4856 1943 4939">
    <p class='ocr_par' dir='ltr' id='par_1_97' title="bbox 335 4856 1943 4939">
     <span class='ocr_line' id='line_1_97' title="bbox 335 4856 1943 4939; baseline 0.006 -28"><span class='ocrx_word' id='word_1_666' title='bbox 335 4863 427 4911; x_wconf 83' lang='grc' dir='ltr'>καὶ</span> <span class='ocrx_word' id='word_1_667' title='bbox 486 4856 637 4924; x_wconf 76' lang='grc' dir='ltr'>ἀκοή,</span> <span class='ocrx_word' id='word_1_668' title='bbox 685 4862 819 4912; x_wconf 87' lang='grc' dir='ltr'><strong>κατά</strong></span> <span class='ocrx_word' id='word_1_669' title='bbox 860 4868 959 4911; x_wconf 79' lang='grc' dir='ltr'>τῶν</span> <span class='ocrx_word' id='word_1_670' title='bbox 1010 4859 1199 4912; x_wconf 86' lang='grc' dir='ltr'>λοιπῶν</span> <span class='ocrx_word' id='word_1_671' title='bbox 1229 4869 1405 4933; x_wconf 76' lang='grc' dir='ltr'>τριῶν,</span> <span class='ocrx_word' id='word_1_672' title='bbox 1446 4860 1774 4937; x_wconf 77' lang='grc' dir='ltr'>ὀσφρήσεως,</span> <span class='ocrx_word' id='word_1_673' title='bbox 1818 4870 1943 4939; x_wconf 76' lang='grc' dir='ltr'>γεύ-</span> 
     </span>
    </p>
   </div>
   <div class='ocr_carea' id='block_1_98' title="bbox 341 4945 1945 5023">
    <p class='ocr_par' dir='ltr' id='par_1_98' title="bbox 341 4945 1945 5023">
     <span class='ocr_line' id='line_1_98' title="bbox 341 4945 1945 5023; baseline 0.006 -20"><span class='ocrx_word' id='word_1_674' title='bbox 341 4968 466 5010; x_wconf 88' lang='grc' dir='ltr'>σεως</span> <span class='ocrx_word' id='word_1_675' title='bbox 514 4954 604 5001; x_wconf 81' lang='grc' dir='ltr'>καὶ</span> <span class='ocrx_word' id='word_1_676' title='bbox 646 4949 803 5023; x_wconf 83' lang='grc' dir='ltr'>ἁφῆς,</span> <span class='ocrx_word' id='word_1_677' title='bbox 842 4945 1237 5023; x_wconf 84' lang='grc' dir='ltr'>διαμαχόμεναι</span> <span class='ocrx_word' id='word_1_678' title='bbox 1284 4954 1501 5015; x_wconf 83' lang='grc' dir='ltr'>ταύταις</span> <span class='ocrx_word' id='word_1_679' title='bbox 1557 4958 1645 5007; x_wconf 79' lang='grc' dir='ltr'>καὶ</span> <span class='ocrx_word' id='word_1_680' title='bbox 1687 4954 1945 5022; x_wconf 75' lang='grc' dir='ltr'>ὑποτάξαι</span> 
     </span>
    </p>
   </div>
   <div class='ocr_carea' id='block_1_99' title="bbox 340 5039 748 5116">
    <p class='ocr_par' dir='ltr' id='par_1_99' title="bbox 340 5039 748 5116">
     <span class='ocr_line' id='line_1_99' title="bbox 340 5039 748 5116; baseline 0.005 -24"><span class='ocrx_word' id='word_1_681' title='bbox 340 5039 748 5116; x_wconf 83' lang='grc' dir='ltr'>φιλονεικοῦσαι.</span> 
     </span>
    </p>
   </div>
   <div class='ocr_carea' id='block_1_100' title="bbox 414 5192 926 5263">
    <p class='ocr_par' dir='ltr' id='par_1_100' title="bbox 414 5192 926 5263">
     <span class='ocr_line' id='line_1_100' title="bbox 414 5192 926 5263; baseline 0 -16"><span class='ocrx_word' id='word_1_682' title='bbox 414 5194 461 5229; x_wconf 71' lang='grc' dir='ltr'><strong>σθ</strong></span> <span class='ocrx_word' id='word_1_683' title='bbox 490 5192 697 5249; x_wconf 87' lang='lat' dir='ltr'><strong>Matth.</strong></span> <span class='ocrx_word' id='word_1_684' title='bbox 726 5209 781 5263; x_wconf 75' lang='grc' dir='ltr'>Χ,</span> <span class='ocrx_word' id='word_1_685' title='bbox 837 5195 926 5249; x_wconf 75' lang='grc'><strong>34.</strong></span> 
     </span>
    </p>
   </div>
   <div class='ocr_carea' id='block_1_101' title="bbox 2051 4689 3715 4763">
    <p class='ocr_par' dir='ltr' id='par_1_101' title="bbox 2051 4689 3715 4763">
     <span class='ocr_line' id='line_1_101' title="bbox 2051 4689 3715 4763; baseline 0 -17"><span class='ocrx_word' id='word_1_686' title='bbox 2051 4691 2337 4763; x_wconf 68' lang='lat' dir='ltr'><strong>praecipui</strong></span> <span class='ocrx_word' id='word_1_687' title='bbox 2362 4690 2628 4763; x_wconf 89' lang='lat' dir='ltr'><strong>corporis</strong></span> <span class='ocrx_word' id='word_1_688' title='bbox 2668 4706 2895 4760; x_wconf 84' lang='lat' dir='ltr'><strong>sensus,</strong></span> <span class='ocrx_word' id='word_1_689' title='bbox 2927 4690 3092 4747; x_wconf 87' lang='lat' dir='ltr'><strong>visus</strong></span> <span class='ocrx_word' id='word_1_690' title='bbox 3121 4696 3179 4748; x_wconf 88' lang='lat' dir='ltr'><strong>et</strong></span> <span class='ocrx_word' id='word_1_691' title='bbox 3207 4689 3466 4757; x_wconf 89' lang='lat' dir='ltr'><strong>auditus,</strong></span> <span class='ocrx_word' id='word_1_692' title='bbox 3502 4693 3715 4747; x_wconf 90' lang='lat' dir='ltr'><strong>contra</strong></span> 
     </span>
    </p>
   </div>
   <div class='ocr_carea' id='block_1_102' title="bbox 2050 4779 3715 4854">
    <p class='ocr_par' dir='ltr' id='par_1_102' title="bbox 2050 4779 3715 4854">
     <span class='ocr_line' id='line_1_102' title="bbox 2050 4779 3715 4854; baseline -0.001 -17"><span class='ocrx_word' id='word_1_693' title='bbox 2050 4780 2308 4852; x_wconf 87' lang='lat' dir='ltr'><strong>reliquos</strong></span> <span class='ocrx_word' id='word_1_694' title='bbox 2339 4785 2478 4848; x_wconf 86' lang='lat' dir='ltr'><strong>tres,</strong></span> <span class='ocrx_word' id='word_1_695' title='bbox 2525 4779 2831 4848; x_wconf 85' lang='lat' dir='ltr'><strong>olfactum,</strong></span> <span class='ocrx_word' id='word_1_696' title='bbox 2871 4786 3101 4853; x_wconf 88' lang='lat' dir='ltr'><strong>gustum</strong></span> <span class='ocrx_word' id='word_1_697' title='bbox 3146 4786 3203 4837; x_wconf 93' lang='lat' dir='ltr'><strong>et</strong></span> <span class='ocrx_word' id='word_1_698' title='bbox 3241 4784 3461 4837; x_wconf 90' lang='lat' dir='ltr'><strong>tactum</strong></span> <span class='ocrx_word' id='word_1_699' title='bbox 3493 4794 3509 4837; x_wconf 88' lang='lat'><strong>:</strong></span> <span class='ocrx_word' id='word_1_700' title='bbox 3541 4795 3715 4854; x_wconf 87' lang='lat' dir='ltr'><strong>repu-</strong></span> 
     </span>
    </p>
   </div>
   <div class='ocr_carea' id='block_1_103' title="bbox 2054 4870 3359 4944">
    <p class='ocr_par' dir='ltr' id='par_1_103' title="bbox 2054 4870 3359 4944">
     <span class='ocr_line' id='line_1_103' title="bbox 2054 4870 3359 4944; baseline 0 -18"><span class='ocrx_word' id='word_1_701' title='bbox 2054 4875 2305 4944; x_wconf 89' lang='lat' dir='ltr'><strong>gnantes</strong></span> <span class='ocrx_word' id='word_1_702' title='bbox 2343 4870 2458 4927; x_wconf 89' lang='lat' dir='ltr'><strong>illis</strong></span> <span class='ocrx_word' id='word_1_703' title='bbox 2489 4886 2560 4928; x_wconf 92' lang='lat' dir='ltr'><strong>ac</strong></span> <span class='ocrx_word' id='word_1_704' title='bbox 2588 4870 2883 4943; x_wconf 87' lang='lat' dir='ltr'><strong>subjicere</strong></span> <span class='ocrx_word' id='word_1_705' title='bbox 2909 4870 3359 4928; x_wconf 89' lang='lat' dir='ltr'><strong>contendentes.</strong></span> 
     </span>
    </p>
   </div>
   <div class='ocr_carea' id='block_1_104' title="bbox 1567 5293 2501 5377">
    <p class='ocr_par' dir='ltr' id='par_1_104' title="bbox 1567 5293 2501 5377">
     <span class='ocr_line' id='line_1_104' title="bbox 1567 5293 2501 5377; baseline 0.009 -10"><span class='ocrx_word' id='word_1_706' title='bbox 1567 5293 1787 5367; x_wconf 66' lang='lat' dir='ltr'><strong>Variae</strong></span> <span class='ocrx_word' id='word_1_707' title='bbox 1828 5300 2151 5374; x_wconf 86' lang='lat' dir='ltr'><strong>lectiones</strong></span> <span class='ocrx_word' id='word_1_708' title='bbox 2184 5315 2253 5375; x_wconf 90' lang='lat' dir='ltr'><strong>et</strong></span> <span class='ocrx_word' id='word_1_709' title='bbox 2298 5315 2501 5377; x_wconf 78' lang='lat' dir='ltr'><strong>notae.</strong></span> 
     </span>
    </p>
   </div>
   <div class='ocr_carea' id='block_1_105' title="bbox 413 5459 1144 5538">
    <p class='ocr_par' dir='ltr' id='par_1_105' title="bbox 413 5459 1144 5538">
     <span class='ocr_line' id='line_1_105' title="bbox 413 5459 1144 5538; baseline -0.004 -18"><span class='ocrx_word' id='word_1_710' title='bbox 413 5462 530 5538; x_wconf 78' lang='grc'><strong>(24)</strong></span> <span class='ocrx_word' id='word_1_711' title='bbox 560 5461 729 5538; x_wconf 74' lang='lat' dir='ltr'><strong>Forte</strong></span> <span class='ocrx_word' id='word_1_712' title='bbox 755 5459 1144 5538; x_wconf 76' lang='grc' dir='ltr'>ἰπιδραμεῖται.</span> 
     </span>
    </p>
   </div>
   <div class='ocr_carea' id='block_1_106' title="bbox 412 5533 1947 5613">
    <p class='ocr_par' dir='ltr' id='par_1_106' title="bbox 412 5533 1947 5613">
     <span class='ocr_line' id='line_1_106' title="bbox 412 5533 1947 5613; baseline 0.007 -22"><span class='ocrx_word' id='word_1_713' title='bbox 412 5536 523 5609; x_wconf 82' lang='lat'><strong>(25)</strong></span> <span class='ocrx_word' id='word_1_714' title='bbox 549 5533 958 5610; x_wconf 70' lang='grc' dir='ltr'>Ἐπιδεχόμεθα,</span> <span class='ocrx_word' id='word_1_715' title='bbox 983 5539 1051 5593; x_wconf 85' lang='grc' dir='ltr'><strong>Α.</strong></span> <span class='ocrx_word' id='word_1_716' title='bbox 1079 5535 1400 5593; x_wconf 85' lang='lat' dir='ltr'><strong>Hentenius</strong></span> <span class='ocrx_word' id='word_1_717' title='bbox 1441 5535 1677 5596; x_wconf 87' lang='lat' dir='ltr'><strong>videtur</strong></span> <span class='ocrx_word' id='word_1_718' title='bbox 1726 5539 1947 5613; x_wconf 77' lang='lat' dir='ltr'><strong>legisse</strong></span> 
     </span>
    </p>
   </div>
   <div class='ocr_carea' id='block_1_107' title="bbox 448 5713 1620 5788">
    <p class='ocr_par' dir='ltr' id='par_1_107' title="bbox 448 5713 1620 5788">
     <span class='ocr_line' id='line_1_107' title="bbox 448 5713 1620 5788; baseline 0.003 -17"><span class='ocrx_word' id='word_1_719' title='bbox 448 5713 484 5788; x_wconf 67' lang='lat' dir='ltr'><strong>f)</strong></span> <span class='ocrx_word' id='word_1_720' title='bbox 504 5715 878 5788; x_wconf 71' lang='lat' dir='ltr'><strong>Quanquam.</strong></span> <span class='ocrx_word' id='word_1_721' title='bbox 911 5714 1201 5788; x_wconf 78' lang='lat' dir='ltr'><strong>Quodque</strong></span> <span class='ocrx_word' id='word_1_722' title='bbox 1226 5746 1298 5760; x_wconf 90' lang='lat'><strong>-</strong></span> <span class='ocrx_word' id='word_1_723' title='bbox 1325 5716 1620 5775; x_wconf 89' lang='lat' dir='ltr'><strong>transibit.</strong></span> 
     </span>
    </p>
   </div>
   <div class='ocr_carea' id='block_1_108' title="bbox 382 5714 1947 5869">
    <p class='ocr_par' dir='ltr' id='par_1_108' title="bbox 382 5714 1947 5869">
     <span class='ocr_line' id='line_1_108' title="bbox 448 5714 1620 5788; baseline 0.004 -18"><span class='ocrx_word' id='word_1_724' title='bbox 448 5714 480 5787; x_wconf 88' lang='lat'><strong>&#39;)</strong></span> <span class='ocrx_word' id='word_1_725' title='bbox 504 5715 878 5788; x_wconf 82' lang='lat' dir='ltr'><strong>Quanquam.</strong></span> <span class='ocrx_word' id='word_1_726' title='bbox 911 5714 1079 5782; x_wconf 84' lang='lat' dir='ltr'><strong>Quod</strong></span> <span class='ocrx_word' id='word_1_727' title='bbox 1169 5730 1201 5771; x_wconf 89' lang='lat' dir='ltr'><strong>e</strong></span> <span class='ocrx_word' id='word_1_728' title='bbox 1226 5746 1298 5760; x_wconf 90' lang='lat'><strong>-</strong></span> <span class='ocrx_word' id='word_1_729' title='bbox 1325 5716 1620 5775; x_wconf 89' lang='lat' dir='ltr'><strong>transibit.</strong></span> 
     </span>
     <span class='ocr_line' id='line_1_109' title="bbox 382 5714 1947 5869; baseline 0.003 -25"><span class='ocrx_word' id='word_1_730' title='bbox 382 5714 496 5869; x_wconf 43' lang='grc' dir='ltr'><strong>βε)</strong></span> <span class='ocrx_word' id='word_1_731' title='bbox 516 5786 594 5845; x_wconf 87' lang='lat' dir='ltr'><strong>Et</strong></span> <span class='ocrx_word' id='word_1_732' title='bbox 620 5786 1061 5869; x_wconf 55' lang='grc' dir='ltr'>ςαοάανηηιοάο.</span> <span class='ocrx_word' id='word_1_733' title='bbox 1082 5730 1338 5869; x_wconf 48' lang='grc' dir='ltr'><strong>ίδίἀθῑιιε</strong></span> <span class='ocrx_word' id='word_1_734' title='bbox 1390 5804 1535 5861; x_wconf 83' lang='lat' dir='ltr'><strong>ergo</strong></span> <span class='ocrx_word' id='word_1_735' title='bbox 1568 5791 1629 5869; x_wconf 83' lang='lat' dir='ltr'><strong>in</strong></span> <span class='ocrx_word' id='word_1_736' title='bbox 1664 5790 1947 5869; x_wconf 82' lang='lat' dir='ltr'><strong>textu_le-</strong></span> 
     </span>
    </p>
   </div>
   <div class='ocr_carea' id='block_1_109' title="bbox 340 5859 1947 5937">
    <p class='ocr_par' dir='ltr' id='par_1_109' title="bbox 340 5859 1947 5937">
     <span class='ocr_line' id='line_1_110' title="bbox 340 5859 1947 5937; baseline 0.003 -22"><span class='ocrx_word' id='word_1_737' title='bbox 340 5859 518 5931; x_wconf 85' lang='lat' dir='ltr'><strong>gisse,</strong></span> <span class='ocrx_word' id='word_1_738' title='bbox 546 5859 643 5912; x_wconf 84' lang='grc' dir='ltr'><strong>καί</strong></span> <span class='ocrx_word' id='word_1_739' title='bbox 670 5878 797 5922; x_wconf 89' lang='grc' dir='ltr'>πως.</span> <span class='ocrx_word' id='word_1_740' title='bbox 824 5859 992 5918; x_wconf 86' lang='lat' dir='ltr'><strong>Hanc</strong></span> <span class='ocrx_word' id='word_1_741' title='bbox 1017 5859 1326 5919; x_wconf 87' lang='lat' dir='ltr'><strong>lectionem</strong></span> <span class='ocrx_word' id='word_1_742' title='bbox 1355 5859 1714 5937; x_wconf 85' lang='lat' dir='ltr'><strong>comprobat</strong></span> <span class='ocrx_word' id='word_1_743' title='bbox 1776 5863 1947 5923; x_wconf 87' lang='lat' dir='ltr'><strong>etiam</strong></span> 
     </span>
    </p>
   </div>
   <div class='ocr_carea' id='block_1_110' title="bbox 2056 5472 2827 5552">
    <p class='ocr_par' dir='ltr' id='par_1_110' title="bbox 2056 5472 2827 5552">
     <span class='ocr_line' id='line_1_111' title="bbox 2056 5472 2827 5552; baseline 0.003 -21"><span class='ocrx_word' id='word_1_744' title='bbox 2056 5472 2363 5552; x_wconf 78' lang='grc' dir='ltr'>ἓπιδεόμενα</span> <span class='ocrx_word' id='word_1_745' title='bbox 2389 5487 2486 5541; x_wconf 85' lang='grc' dir='ltr'>τῆς</span> <span class='ocrx_word' id='word_1_746' title='bbox 2510 5477 2827 5550; x_wconf 80' lang='grc' dir='ltr'>ἐξηγήσεως.</span> 
     </span>
    </p>
   </div>
   <div class='ocr_carea' id='block_1_111' title="bbox 2126 5550 2897 5627">
    <p class='ocr_par' dir='ltr' id='par_1_111' title="bbox 2126 5550 2897 5627">
     <span class='ocr_line' id='line_1_112' title="bbox 2126 5550 2897 5627; baseline -0.003 -20"><span class='ocrx_word' id='word_1_747' title='bbox 2126 5550 2243 5623; x_wconf 80' lang='grc'><strong>(26)</strong></span> <span class='ocrx_word' id='word_1_748' title='bbox 2280 5557 2483 5618; x_wconf 84' lang='grc' dir='ltr'>Γεῦσιν,</span> <span class='ocrx_word' id='word_1_749' title='bbox 2515 5554 2797 5627; x_wconf 83' lang='grc' dir='ltr'>ὄσφρησιν,</span> <span class='ocrx_word' id='word_1_750' title='bbox 2837 5555 2897 5605; x_wconf 81' lang='grc' dir='ltr'><strong>Β.</strong></span> 
     </span>
    </p>
   </div>
   <div class='ocr_carea' id='block_1_112' title="bbox 2057 5728 3719 5861">
    <p class='ocr_par' dir='ltr' id='par_1_112' title="bbox 2057 5728 3719 5861">
     <span class='ocr_line' id='line_1_113' title="bbox 2057 5728 3719 5861; baseline -0.011 -70"><span class='ocrx_word' id='word_1_751' title='bbox 2057 5733 2324 5861; x_wconf 51' lang='lat' dir='ltr'><strong>sugjectia</strong></span> <span class='ocrx_word' id='word_1_752' title='bbox 2347 5729 2770 5804; x_wconf 83' lang='lat' dir='ltr'><strong>interpretatio,</strong></span> <span class='ocrx_word' id='word_1_753' title='bbox 2809 5744 2955 5786; x_wconf 88' lang='lat' dir='ltr'><strong>nam</strong></span> <span class='ocrx_word' id='word_1_754' title='bbox 2979 5729 3168 5782; x_wconf 81' lang='grc' dir='ltr'>ὡσανεὶ</span> <span class='ocrx_word' id='word_1_755' title='bbox 3210 5741 3333 5785; x_wconf 90' lang='lat' dir='ltr'><strong>non</strong></span> <span class='ocrx_word' id='word_1_756' title='bbox 3367 5729 3458 5782; x_wconf 88' lang='lat' dir='ltr'><strong>est</strong></span> <span class='ocrx_word' id='word_1_757' title='bbox 3488 5728 3577 5776; x_wconf 82' lang='grc' dir='ltr'>καὶ</span> <span class='ocrx_word' id='word_1_758' title='bbox 3608 5729 3719 5786; x_wconf 84' lang='grc' dir='ltr'>πῶς</span> 
     </span>
     <span class='ocr_line' id='line_1_114' title="bbox 2059 5821 2450 5861; baseline -0.008 0"><span class='ocrx_word' id='word_1_759' title='bbox 2059 5821 2124 5861; x_wconf 80' lang='lat' dir='ltr'><strong>se</strong></span> <span class='ocrx_word' id='word_1_760' title='bbox 2197 5824 2267 5859; x_wconf 80' lang='grc' dir='ltr'><strong>κα</strong></span> <span class='ocrx_word' id='word_1_761' title='bbox 2318 5824 2450 5861; x_wconf 83' lang='grc' dir='ltr'>πως.</span> 
     </span>
    </p>
   </div>
   <div class='ocr_carea' id='block_1_113' title="bbox 2059 5821 2450 5867">
    <p class='ocr_par' dir='ltr' id='par_1_113' title="bbox 2059 5821 2450 5867">
     <span class='ocr_line' id='line_1_115' title="bbox 2059 5821 2450 5867; baseline -0.01 -5"><span class='ocrx_word' id='word_1_762' title='bbox 2059 5821 2167 5862; x_wconf 84' lang='lat' dir='ltr'><strong>seu</strong></span> <span class='ocrx_word' id='word_1_763' title='bbox 2197 5821 2290 5859; x_wconf 85' lang='grc' dir='ltr'><strong>και</strong></span> <span class='ocrx_word' id='word_1_764' title='bbox 2318 5824 2450 5867; x_wconf 85' lang='grc' dir='ltr'>πως.</span> 
     </span>
    </p>
   </div>
  </div>
