4210 6436
631 398 734 453 υοες
1952 389 2296 450 eorum"
2337 388 2666 449 ZIGABHNI
3908 400 4010 454 996

700 525 742 592 -ξ-
781 518 1112 587 Quomodo,
1147 535 1274 576 cum
1329 520 1589 595 quinque
1640 522 1804 594 prius
1850 522 2076 587 dixerit,
2128 536 2287 577 nunc
2321 525 2365 572 A

630 626 732 666 sex
762 610 952 676 atfert,
989 616 1104 667 tres
1136 611 1293 667 enim
1324 612 1596 669 binarios
1628 613 1872 669 adducit
1895 613 2066 670 ?Non
2080 611 2288 667 dividit

629 700 975 774 quinarium
1008 701 1064 755 in
1102 701 1426 768 senarium,
1457 703 1552 769 qui
1591 719 1625 757 a
1651 702 1926 774 quinario
1943 703 2245 771 oriatur(t)
2275 723 2284 752 :

633 790 738 845 sed
785 791 1102 861 mysticum
1155 790 1445 862 quiddam
1491 792 1734 846 denotat
1785 793 1879 846 ille
1928 792 2285 864 quinarius:

632 881 934 935 senarium
983 895 1124 935 vero
1155 882 1404 936 assumit
1459 882 1710 952 exempli
1745 881 1961 951 gratia.
2002 880 2153 946 Quid
2201 887 2290 934 est

631 984 795 1039 ergo,
841 969 1005 1041 quod
1046 985 1150 1041 per
1179 969 1523 1041 quinarium
1575 971 1944 1039 signiﬁcatur
1972 970 2000 1025 ?
2035 971 2290 1025 lrrecon-

629 1058 980 1120 ciliabilitas,
1028 1059 1385 1132 foederisque
1417 1061 1678 1116 carentia
1721 1065 1850 1132 post
1882 1060 2085 1123 fidem,
2139 1059 2292 1114 inter

631 1164 732 1204 eos
763 1148 861 1221 qui
899 1153 1035 1204 ante
1067 1156 1405 1220 susceptam
1446 1148 1624 1204 fidem
1667 1149 1812 1205 uniti
1855 1156 2026 1205 erant
2073 1164 2284 1218 cogna-

632 1238 790 1294 tione
828 1242 883 1293 et
913 1238 1356 1308 conjunctione.

705 1326 864 1383 Sicut
933 1326 992 1381 in
1050 1327 1408 1398 quibusdam
1486 1328 1774 1401 quinque,
1849 1333 1993 1401 puta
2053 1326 2292 1383 duobus

629 1415 966 1472 hominibus
1005 1423 1060 1470 et
1091 1416 1276 1470 tribus
1324 1416 1523 1479 rebus,
1570 1424 1671 1472 aut
1721 1417 1960 1473 duabus
2008 1416 2190 1471 rebus
2239 1423 2292 1470 et

630 1507 819 1561 tribus
843 1506 1214 1573 hominibus,
1257 1505 1507 1561 difficilis
1544 1507 1813 1578 quaedam
1842 1513 1932 1562 est
1970 1522 2039 1562 ac
2074 1507 2294 1578 impos-

631 1594 819 1650 sibilis
833 1595 1171 1650 conciliatio
1193 1613 1205 1646 :
1226 1611 1364 1650 cum
1378 1594 1495 1652 duo
1518 1596 1794 1652 homines
1811 1597 1884 1651 de
1905 1596 2092 1651 tribus
2112 1597 2293 1651 rebus

629 1683 1001 1749 dissentiunt,
1050 1692 1152 1738 aut
1181 1701 1210 1738 e
1251 1684 1550 1741 contrario
1582 1693 1696 1741 tres
1741 1686 1814 1740 de
1846 1686 2084 1740 duabus
2119 1701 2130 1740 :
2167 1702 2294 1741 om-

632 1773 775 1829 nino
805 1775 964 1828 enim
997 1790 1234 1829 necesse
1260 1781 1365 1838 est,
1397 1780 1458 1828 ut
1493 1791 1613 1830 una
1647 1777 1821 1830 trium
1867 1775 2106 1830 duobus
2147 1774 2312 1850 divi-_

2474 524 2608 593 [Πῶς
2667 525 2776 594 (27)
2847 526 2992 575 πέντε
3039 523 3215 588 εἰπὼν,
3275 522 3327 586 ἓξ
3379 523 3652 597 ἐπιφέρει;
3710 533 3852 599 τρεῖς
3909 531 4002 596 γὰρ

2402 610 2579 680 ἐπάγει
2642 613 2917 682 συζυγίας.
2971 613 3044 664 0'5
3103 618 3194 670 τὴν
3250 616 3587 686 προτεθεῖσαν
3641 611 3880 666 πεντάδα
3939 619 4002 677 είς

2403 699 2564 762 ἑξάδα
2597 701 2766 753 ἁπλοῖ·
2801 702 2927 752 αλλα
2960 699 3053 754 διὰ
3098 708 3186 773 μὲν
3227 711 3320 762 τῆς
3374 700 3627 764 πεντάδος
3668 711 3929 775 μυστικόν
3958 727 4001 757 τι

2404 788 2574 847 δηλοῖ.
2638 797 2728 848 τὴν
2781 789 2942 854 ἑξάδα
3015 789 3071 844 δέ
3137 789 3559 862 παραδείγματος
3613 795 3775 844 ἕνεκεν
3844 815 4001 866 παρα-

2402 879 2668 951 λαμϐάνει.
2736 887 2798 934 Τί
2856 878 2941 933 οὖν
2996 902 3052 933 το
3106 878 3199 934 δια
3244 891 3337 942 τῆς
3390 879 3638 942 πεντάδος
3689 879 3999 955 δηλούμενον

2403 972 2514 1038 (2x)
2548 990 2559 1037 ;
2601 976 2668 1022 Τὸ
2709 976 2832 1042 ριετα
2864 977 2957 1028 τὴν
2985 977 3162 1023 πίστιν
3224 971 3684 1024 δυσκατάλλακτον
3717 979 3809 1025 καὶ
3845 973 4000 1046 ἀσυμ-

2402 1059 2648 1111 ϐίϐαστον
2678 1080 2773 1110 τιην
2807 1064 2939 1111 κατά
2973 1065 3271 1132 συγγένειαν
3305 1067 3392 1112 καὶ
3414 1067 3602 1133 σχέσιν
3634 1066 3735 1134 πρὸ
3761 1073 3853 1124 τῆς
3885 1070 3998 1116 πίσ-

2403 1169 2523 1210 τεως
2560 1152 2845 1221 ἡνωμένων,

2471 1329 2668 1402 Ὥσπερ
2718 1332 2817 1401 γὰρ
2873 1327 2952 1381 ἐπὶ
3021 1334 3165 1381 πέντε
3249 1337 3418 1394 τινῶν,
3499 1333 3679 1400 ἤγουν,
3736 1326 3837 1383 δυο
3919 1339 3993 1403 μὲν

2404 1416 2702 1492 ἀνθρώπων,
2778 1419 2929 1490 τριῶν
3001 1415 3059 1470 δι
3152 1421 3494 1490 πραγμάτων,
3584 1419 3613 1476 ἡ
3695 1429 3856 1493 τριῶν
3916 1427 3991 1492 μὲι

2404 1508 2703 1581 ἀνθρωπων,
2751 1505 2846 1560 δυο
2906 1505 2964 1560 δε
3013 1510 3354 1580 πραγμάτων,
3389 1508 3593 1579 χαλεπη
3636 1529 3718 1571 τις
3745 1515 3840 1562 καὶ
3871 1509 3987 1562 ἀδυ-

2401 1618 2552 1659 νατος
2618 1600 2644 1654 ἡ
2696 1597 3018 1667 καταλλαγὴ,
3090 1600 3210 1649 ὅταν
3273 1600 3320 1649 οί
3389 1594 3485 1649 δυο
3545 1597 3815 1672 ἂνθρωποι
3893 1607 3987 1674 περὶ

2403 1697 2500 1739 των
2569 1697 2721 1760 τριων
2775 1689 3093 1761 πραγμάτων
3157 1690 3540 1749 στασιάζωσιν,
3606 1690 3633 1746 ἡ
3707 1689 3980 1740 τούναντίον

2401 1781 2449 1828 οὶ
2507 1785 2637 1850 τρεῖς
2665 1783 2780 1849 περὶ
2826 1785 2922 1827 τῶν
2974 1772 3094 1827 δύο·
3148 1775 3343 1846 ἀνάγκη
3385 1780 3485 1850 γαρ
3527 1779 3751 1840 πάντως,
3788 1779 3817 1836 ἢ
3862 1783 3914 1829 τὸ
3948 1779 3981 1828 ἓν

631 1863 801 1918 datur
854 1863 1220 1927 hominibus,
1268 1864 1357 1918 vel
1395 1863 1529 1919 dum
1579 1881 1672 1919 res
1722 1865 1779 1919 in
1830 1873 1944 1919 tres
2001 1872 2288 1930 secentur,

2403 1877 2500 1918 των
2555 1876 2706 1939 τρινῖιν
2759 1868 3078 1938 πραγμάτων
3146 1874 3246 1925 τοῖς
3310 1861 3466 1917 δυσίν
3533 1864 3827 1937 ἀνθρώποις
3899 1867 3982 1918 ἐπι·

631 1967 770 2006 cum
815 1953 1013 2006 nullus
1046 1969 1250 2007 eorum
1296 1953 1547 2008 divisam
1589 1953 1782 2008 sortiri
1829 1953 1984 2008 velit.
2017 1958 2100 2008 Ita
2145 1959 2201 2009 et
2232 1953 2288 2008 iu

630 2043 744 2108 his,
779 2043 879 2114 qui
925 2043 1278 2114 cognatione
1311 2049 1413 2098 aut
1442 2044 1862 2114 conjunctione
1916 2043 2063 2098 uniti
2098 2049 2289 2104 erant,

631 2131 1143 2187 dissentientibus.
1185 2135 1337 2188 circa
1365 2131 1544 2187 ﬁdem
1573 2150 1640 2188 ac
1671 2133 1895 2195 divisis,
1925 2139 1979 2187 et
2010 2132 2292 2204 implaca-

631 2221 820 2276 biliter
870 2237 932 2275 se
980 2221 1362 2277 habentibus.
1414 2225 1613 2287 Erunt,
1673 2223 1882 2295 inquit,
1939 2223 2060 2277 duo
2116 2238 2294 2293 super

631 2313 841 2377 tribus,
885 2310 943 2366 id
970 2317 1074 2376 est,
1123 2316 1410 2383 tanquam
1439 2313 1560 2367 duo
1588 2312 1861 2367 homines
1891 2327 2070 2384 super
2108 2311 2292 2366 tribus

630 2402 808 2456 rebus
838 2400 1212 2465 dissidentes,
1250 2405 1307 2456 et
1337 2417 1597 2469 rursum,
1631 2407 1909 2473 tanquam
1957 2407 2072 2456 tres
2103 2399 2291 2456 homi-

617 2506 738 2570 nes
769 2506 948 2562 super
968 2490 1209 2545 duabus
1236 2491 1434 2546 rebus.

704 2755 922 2810 Deinde
947 2755 1104 2827 ponit
1136 2756 1316 2810 etiam
1347 2755 1621 2827 exempla
1639 2756 2066 2825 cognationum
2097 2772 2167 2812 ac
2192 2756 2293 2813 ha-

630 2845 972 2900 bitudinum
998 2860 1206 2898 eorum
1237 2843 1340 2916 qui
1370 2843 1856 2917 propinquissimi
1904 2851 2057 2910 sunt,
2098 2851 2152 2902 et
2177 2848 2290 2902 sibi

632 2938 843 2989 mutuo
889 2932 1146 2988 maxime
1196 2933 1537 3000 familiares,
1594 2935 1696 2988 sed
1738 2933 1910 2989 divist
1942 2936 2292 2992 acutissimo

629 3023 768 3077 ﬁdei
819 3022 1037 3091 gladio,
1091 3037 1228 3094 quas
1279 3040 1383 3094 per
1428 3024 1908 3094 praedicationem
1951 3025 2288 3081 inducitur:

630 3128 882 3184 quorum
915 3112 1034 3166 duo
1075 3112 1288 3168 binarii
1321 3121 1456 3168 sunt
1490 3115 1781 3184 sanguine
1808 3116 2289 3187 conjunctorum,

632 3202 798 3258 tertia
828 3202 1172 3273 conjunctio
1203 3209 1289 3258 est
1329 3204 1618 3259 aﬂinium.

913 3291 1202 3348 Prwlerea
1229 3293 1388 3348 circa
1423 3294 1572 3350 idem
1601 3296 1718 3351 alio
1753 3297 1943 3352 modo.

702 3380 842 3435 Duae
869 3380 1250 3436 habitudines
1267 3382 1555 3437 adversus
1577 3389 1690 3438 tres
1715 3401 2109 3456 personarum
2135 3402 2295 3442 com-

630 3470 1000 3526 binationes:
1035 3476 1089 3524 et
1119 3486 1353 3526 rursum
1389 3479 1500 3526 tres
1532 3489 1925 3543 personarum
1981 3475 2294 3530 combina-

631 3561 820 3616 tiones
850 3561 1135 3615 adversus
1161 3559 1314 3615 duas
1336 3561 1747 3617 habitudines:
1784 3564 1968 3636 dupla
1992 3565 2288 3636 siquidem

627 3650 919 3705 habitudo
949 3648 1306 3705 estduorum
1335 3658 1735 3707 extremorum
1766 3669 2084 3725 processus
2116 3655 2288 3708 itera-

629 3743 744 3802 tus,
779 3742 982 3808 utpote
1014 3753 1049 3792 a
1088 3743 1253 3808 patre
1281 3739 1358 3793 ad
1389 3739 1602 3804 ﬁlium,
1631 3746 1686 3795 et
1717 3758 1753 3796 a
1781 3740 1901 3797 tilio
1933 3742 2007 3796 ad
2037 3746 2287 3814 patrem,

629 3831 688 3882 et
732 3827 882 3881 itain
905 3827 1130 3880 caeteris
1182 3827 1414 3898 Triplex
1459 3844 1602 3882 vero
1645 3846 2036 3901 personarum
2063 3831 2291 3887 combi-

629 3916 792 3971 natio
830 3921 936 3979 est,
984 3923 1150 3986 pater
1174 3922 1229 3971 et
1259 3916 1435 3981 ﬁlius,
1485 3925 1672 3973 mater
1718 3925 1772 3974 et
1804 3920 1944 3986 tilia,
1996 3938 2204 3977 socrus
2236 3929 2291 3978 et

633 4021 837 4060 nurus.
853 4005 1021 4069 Quod
1043 4011 1242 4061 autem
1255 4005 1455 4062 Graece
1477 4007 1691 4063 dicitur
1713 4011 1814 4075 ἐπὶ,
1839 4009 2139 4078 significat
2155 4028 2291 4068 con-

630 4099 719 4149 ira
745 4095 1146 4163 veladversus,
1165 4102 1445 4153 utcontra
1462 4097 1850 4154 veladversus
1877 4108 1989 4156 tres
2019 4109 2119 4157 aut
2137 4101 2290 4158 duos

631 4184 708 4242 ad
733 4184 1189 4254 signiﬁcandam
1238 4189 1681 4258 soparationem
1718 4188 1806 4243 vel
1844 4190 2287 4248 alienationem.

703 4274 868 4330 Vers.
899 4275 987 4331 53.
1025 4275 1414 4332 Diuidetur—
1443 4294 1674 4334 socrum
1722 4296 1903 4334 suam.
1943 4281 2082 4338 Haec
2134 4299 2288 4352 pra:-

629 4363 799 4419 dictis
826 4380 946 4419 non
991 4370 1126 4419 sunt
1180 4366 1540 4437 coaptanda,
1589 4368 1691 4422 sed
1747 4370 1819 4424 ab
1851 4370 1964 4424 alio
2000 4370 2292 4442 principio

627 4453 903 4523 legenda,
958 4470 1028 4510 ac
1079 4454 1411 4510 secundum
1456 4457 1763 4513 historiam
1809 4458 2287 4531 interpretanda;

2401 1959 2732 2029 ριερισθήναι,
2777 1957 2803 2012 ἡ
2840 1959 2899 2006 τα
2941 1951 3037 2006 δυο
3099 1958 3386 2028 πράγματα
3437 1960 3509 2016 εἰς
3546 1961 3667 2029 τρία
3719 1959 3982 2028 τμηθῆναι,

2402 2043 2620 2117 μηδενὸς
2673 2050 2838 2095 αὐτῶν
2897 2041 3272 2115 ἐπιδειοριένου
3323 2048 3488 2114 τυχὸν
3549 2041 3827 2115 διαίρεσιν·
3865 2047 3979 2096 οὕτω

2403 2141 2489 2187 καὶ
2569 2134 2651 2186 ἐπὶ
2718 2155 2814 2185 των
2883 2138 3011 2184 κατὰ
3063 2139 3362 2202 συγγένειαν
3421 2138 3507 2184 καὶ
3559 2139 3746 2203 σχέσιν
3800 2137 3978 2205 ἡνωμε-

2403 2246 2515 2282 νων,
2599 2225 2986 2283 στασιαζοντων
3053 2225 3185 2273 κατα
3263 2228 3353 2279 τὴν
3426 2227 3625 2281 πίστιν,
3703 2229 3786 2274 καὶ
3855 2220 3978 2274 διαιο

2401 2318 2658 2386 ρουριέυων
2686 2318 2770 2362 καί
2801 2311 3258 2384 ἀσυμϐατουντων.
3290 2317 3552 2376 Ἐσονται,
3608 2318 3752 2382 φησι,
3785 2308 3873 2362 δυο
3903 2311 3976 2362 ἐπὶ

2404 2412 2558 2475 τρεῖς,
2590 2407 2874 2470 τουτέστιν,
2906 2405 2971 2462 ως
3006 2398 3101 2452 δύο
3133 2403 3397 2475 ἄνθρωποι
3436 2399 3520 2452 ἐπὶ
3547 2407 3685 2473 τρισὶ
3723 2404 3972 2472 πράγμασι

2405 2494 2794 2554 στασιάζοντες,
2845 2495 2932 2542 καὶ
2961 2494 3028 2551 ως
3073 2498 3208 2562 τρεῖς
3257 2492 3555 2562 οῐντθρωποι
3585 2489 3720 2541 πάλιν
3740 2487 3813 2539 ἐπὶ
3844 2485 3961 2537 δυσί

2401 2584 2727 2656 πράγμασιν.

2477 2761 2599 2811 Ι-ὶῖτα
2648 2761 2829 2815 τίθησι
2891 2764 2978 2809 καὶ
3045 2753 3450 2830 παραδείγματα
3535 2763 3818 2827 συγγενειὼν
3884 2756 3969 2804 καὶ

2407 2856 2659 2920 σέέσεων,
2750 2857 2846 2898 τῶν
2939 2850 3312 2915 γνησιωτλτων
3404 2851 3492 2917 μεν
3588 2853 3674 2897 καὶ
3750 2844 3975 2896 οἰκειοτά-

2404 2961 2500 2991 των
2570 2938 2821 2996 αλλήλοις,
2906 2934 3279 3009 διαιρουμένων
3367 2932 3425 2987 δὲ
3633 2934 3972 3006 τμητικωτάτῃ

2402 3036 2644 3101 μαχαίρᾳ
2716 3036 2806 3087 τῆς
2902 3029 3031 3076 κατα
3127 3029 3183 3076 το
3281 3033 3528 3097 κήρυγμα
3626 3029 3836 3082 πίστεως
3921 3022 3978 3070 ὧν

2405 3121 2455 3168 αἱ
2509 3123 2596 3188 μὲν
2654 3113 2749 3168 δυο
2811 3117 3083 3185 συζυγίαι,
3143 3113 3258 3165 καθ’
3316 3115 3465 3185 αἷμα,
3524 3116 3553 3171 ἠ
3627 3111 3683 3167 δὲ
3739 3120 3880 3186 τρίτη
3937 3110 3980 3171 ἐξ

2327 3237 2364 3289 C
2407 3206 2733 3278 iz'//_r7:zia;.

2933 3293 3142 3367 Ἑτέρως
3174 3293 3240 3353 εἰς
3267 3297 3322 3344 τὸ
3352 3298 3504 3346 αυτό.

2475 3391 2571 3437 Δυο
2666 3389 2874 3455 σχέσεις
2960 3382 3041 3434 ἐπὶ
3117 3389 3261 3457 τρισὶ
3340 3383 3614 3454 συζυγίαις
3691 3402 3980 3456 προσωπων,

2402 3481 2485 3526 και
2563 3483 2698 3548 τρεῖς
2773 3471 2836 3524 αὖ
2893 3474 3144 3542 συζυγίαι
3184 3478 3474 3546 προσωπων
3544 3471 3626 3524 ἐπὶ
3686 3469 3814 3524 δυσὶ
3868 3475 3980 3542 σχέ-

2405 3584 2538 3616 σεσι.
2602 3563 2758 3620 Διπλῆ
2839 3566 2926 3634 μὲν
3003 3564 3103 3633 γὰρ
3183 3564 3209 3618 ἡ
3293 3565 3481 3632 σχέσις
3558 3571 3656 3612 τῶν
3738 3567 3864 3634 πρὸς
3924 3579 3982 3616 τι,

2401 3654 2501 3705 ἀπὸ
2577 3673 2628 3704 τε
2714 3656 2902 3724 πατρὸς
2994 3654 3118 3723 πρὸς
3221 3653 3375 3717 υίον,
3488 3657 3576 3703 καὶ
3679 3648 3765 3722 ἀφ’
3866 3648 3982 3710 υἱοῦ,

2402 3749 2523 3818 πρὸς
2578 3747 2790 3815 πατέρα,
2841 3745 2929 3792 καὶ
2984 3739 3066 3791 ἐπὶ
3142 3748 3238 3790 τῶν
3296 3739 3458 3791 ἄλλων
3512 3742 3721 3812 ὁμοίως.
3783 3737 3985 3811 Τριπλαῐ

2401 3832 2458 3886 δε
2526 3833 2742 3884 ἐνταῦθα
2807 3834 2860 3882 αί
2937 3831 3187 3900 συζυγίαι
3254 3838 3350 3880 τῶν
3403 3835 3747 3903 προκειμένων
3804 3847 3987 3901 προσωο

2402 3944 2527 3987 πων,
2585 3928 2755 3994 πατὴρ
2821 3927 2908 3972 καὶ
2959 3922 3094 3981 υἱὸς,
3154 3925 3322 3992 μήτηρ
3397 3925 3484 3970 καὶ
3553 3920 3805 3993 θυγάτηρ,
3885 3937 3984 3970 πενι

2403 4016 2522 4085 θερα
2569 4017 2657 4063 καὶ
2697 4014 2889 4082 νυαφτν
2944 4013 3000 4061 τὸ
3064 4006 3144 4074 δὲ,
3198 4008 3278 4060 ἐπὶ
3329 4014 3494 4081 τρισὶ,
3548 4013 3635 4059 καὶ
3677 4006 3762 4058 ἐπὶ
3822 4005 3984 4072 δυσὶν,

2403 4102 2513 4153 ἀντὶ
2565 4109 2673 4164 τοῦ,
2725 4103 2858 4151 κατά
2892 4109 2988 4151 τῶν
3027 4108 3199 4172 τριῶν,
3254 4104 3340 4150 καὶ
3390 4101 3524 4149 κατα
3559 4106 3656 4149 τῶν
3715 4093 3834 4166 δύο,
3877 4098 3988 4168 πρὸς

2403 4189 2670 4254 διάζευξιν
2697 4196 2784 4242 καὶ
2815 4189 3226 4260 ἀπαλλοτρίωσιν
3241 4187 3288 4260 ,]

2475 4283 2946 4355 Διαμερισθὴσεται
3009 4309 3075 4318 —
3135 4279 3376 4350 πενθερὰν
3454 4276 3842 4336 αὐτῆςμΤαυτα
3894 4280 3990 4332 τοῖς

2402 4371 2771 4446 προρρηθεῖσιν
2820 4369 2877 4420 ου
2936 4372 3238 4430 συναπτέον,
3295 4365 3402 4416 ἀλλ’
3462 4365 3544 4438 ἀφ’
3604 4366 3774 4440 ἑτέρας
3831 4365 3992 4438 ἀρχῆς

2405 4460 2774 4531 ἀναγνωστέον,
2854 4463 2942 4509 καὶ
3013 4456 3129 4508 καθ’
3201 4458 3431 4530 ἱστορίαν
3501 4455 3853 4527 ἐρμιςνιυτίον,
3907 4450 3992 4509 δη·

630 4542 968 4611 signiﬁcaut
984 4545 1142 4598 enim
1161 4543 1518 4599 divisionem
1535 4546 1797 4602 fidelium
1819 4547 1896 4603 ab
1915 4549 2290 4616 infidelibus;

2406 4553 2589 4600 λουντα
2645 4552 2728 4600 τὸν
2789 4543 3140 4617 διαμερισμὸν
3190 4553 3287 4596 των
3355 4552 3550 4594 πιστῶν
3606 4547 3694 4594 καὶ
3746 4552 3844 4596 τῶν
3887 4540 3992 4592 ἀπί-

629 4632 873 4704 etquod
901 4634 1418 4704 propinquissimte
1447 4637 1682 4705 generis
1711 4637 2096 4696 habitudines
2123 4658 2291 4714 sepa-

630 4721 943 4778 rabuntur.
971 4722 1120 4790 Lege
1152 4731 1351 4778 autem
1382 4724 1618 4779 decimo
1650 4742 1810 4782 nono
1863 4729 2054 4800 capite
2096 4733 2211 4786 Eva
2226 4747 2295 4787 n-

631 4810 768 4879 gelii
809 4813 1138 4866 secundum
1193 4813 1532 4868 Matthmum
1574 4815 1710 4870 dicti
1744 4816 1900 4871 illius
1953 4819 2297 4890 interpreta-

631 4900 892 4954 tionem:
935 4899 1073 4955 Veni
1097 4903 1272 4967 enim,
1323 4909 1382 4955 ut
1431 4902 1709 4960 dissidere
1737 4906 1955 4973 faciam
2011 4909 2292 4965 hominem

630 4987 1133 5058 adversuspatrem
1154 4993 1382 5055 ειιιιηιι,
1411 4997 1704 5061 etcaetera,
1736 5011 1863 5067 quae
1895 4998 2292 5069 praesentibus

631 5078 822 5135 verbis
851 5078 1176 5150 plurimum
1202 5081 1527 5138 conformis
1560 5090 1677 5142 est.

701 5205 749 5241 ’⁸
775 5205 973 5262 Matth.
1008 5222 1067 5273 x,
1100 5209 1191 5263 35.

2408 4659 2560 4702 στων,
2618 4640 2697 4689 ὅτι
2744 4645 2832 4688 και.
2881 4638 2934 4686 αἱ
2991 4641 3348 4705 γνησιώταται
3413 4637 3628 4705 σχέσεις
3687 4641 3777 4684 του
3829 4635 3994 4703 γένους

2406 4726 2858 4801 διαιρεθήσονται.
2927 4731 3170 4781 Ζιῂτησον
3227 4719 3283 4774 δε
3338 4721 3384 4773 ἐν
3452 4729 3522 4790 τῷ
3574 4718 3992 4787 ἐννεακαιδεκάτῳ

2405 4819 2662 4890 κεφαλαίῳ
2731 4825 2820 4867 του
2900 4817 3031 4865 κατα
3113 4815 3374 4864 ἷιιατθαῖον
3433 4814 3522 4868 τὴν
3575 4811 3822 4882 ἐξήγησιν
3890 4816 3989 4860 τοῦ·

2403 4907 2590 4960 Ἦλθον
2646 4910 2746 4979 γαρ
2790 4907 2901 4976 (29)
2963 4900 3197 4974 διχάσαι
3244 4903 3513 4972 άνθρωπον
3569 4906 3703 4953 κατα
3761 4909 3852 4953 τοῦ
3903 4917 3994 4950 πα-

2403 5001 2521 5071 τρὸς
2553 4997 2731 5058 αὐτου,
2763 5000 2852 5046 καὶ
2908 4997 2970 5046 τὰ
3009 4993 3143 5062 ἑξῆς,
3202 4994 3334 5042 πάνυ
3390 4998 3498 5050 τοῖς
3552 4998 3782 5065 παροῦσι
3833 4991 3991 5065 ῥητοῖς

2402 5088 2536 5163 ἁρμό
2545 5091 2634 5150 ζου
2643 5105 2754 5139 σαν.

1841 5310 2058 5380 Varia
2097 5312 2428 5382 lectiones
2490 5319 2558 5380 et
2597 5320 2800 5379 notae.

698 5476 819 5556 (27)_
865 5477 1017 5556 Quae
1047 5474 1158 5556 hic
1204 5475 1438 5556 inclusa
1481 5483 1652 5556 sunt,
1685 5478 1893 5556 codex_
1925 5487 2172 5556 uterque
2217 5483 2279 5540 in

629 5546 899 5627 margine
927 5546 1184 5627 exhibet.
1209 5547 1570 5627 inferuntur
1593 5546 1796 5610 autem
1820 5553 1900 5610 ad
1930 5546 2170 5611 versum
2191 5560 2279 5627 53,

629 5620 732 5678 ubi
770 5620 948 5676 etiam
979 5619 1298 5677 Bentenius
1317 5620 1574 5680 exhibet.

2472 5481 2588 5628 £28;
2626 5476 3109 5564 παραδηλούιμενον,
3140 5484 3199 5534 Β.

2497 5557 2565 5610 29
2619 5556 2723 5628 Γὰρ
2754 5556 2971 5611 omittit
2994 5555 3063 5611 Α.

2497 5555 2588 5627 29)
2619 5555 2723 5632 Γὰρ
2754 5555 2971 5611 omittit
2994 5555 3063 5611 Α.

701 5799 773 5884 (ι)
817 5797 926 5868 Qui
952 5828 1021 5842 -
1046 5801 1302 5859 oriatur.
1333 5806 1436 5861 Τὴν
1463 5803 1798 5888 προτεθεῖσαν
1829 5809 1936 5869 est,
1959 5819 2142 5876 quem
2155 5821 2292 5879 prop

2402 5811 2566 5871 ierat,
2598 5804 2673 5862 de
2703 5819 2826 5878 quo
2865 5807 3007 5862 ante
3036 5803 3284 5860 dixerat.
