4210 6444
227 376 331 434 997

306 501 452 555 Κατὰ
503 494 564 553 δί
629 496 928 570 ἀναγωγὴν,
976 501 1147 571 πατὴρ
1208 500 1300 570 μὲν
1361 497 1422 549 ἄν
1476 499 1551 552 εἴη
1597 496 1623 547 6
1686 500 1835 552 νοῡς’
1870 490 1915 542 Α

234 593 345 652 υἱός
394 586 453 642 δὲ
501 588 685 653 αὐτοῦ,
721 588 747 639 6
788 591 1008 661 πονηρὸς
1044 587 1309 659 λογισμὸς,
1361 584 1475 637 καθ’
1520 585 1580 637 οὗ
1625 584 1842 636 στασιά-

237 699 336 745 σει,
386 677 692 753 ἀρνούμενος
754 677 930 745 αὐτὸν,
978 680 1047 738 ὡς
1101 674 1374 749 βλαϐερόν.
1408 680 1596 748 Μήτηρ
1658 669 1716 726 δὲ
1763 674 1839 729 εἴη

236 771 320 835 ἄν,
373 770 402 825 ὴ
446 763 681 841 καρδία·
744 768 978 838 θυγάτηρ
1030 762 1089 818 δὲ
1143 765 1325 828 αὐτῆς,
1385 766 1413 821 ἡ
1449 766 1651 837 πονηρὰ
1705 762 1845 814 ἐνθύ-

239 876 425 930 μησις,
475 857 592 909 καθ’
638 855 703 928 ἧς
749 859 835 907 καὶ
886 855 1016 913 αὐτὴ
1073 856 1375 917 στασιάσει,
1416 859 1505 904 καὶ
1548 851 1843 926 ἀπορῥαγή-

241 965 388 999 σεται
437 948 648 1007 ταύτης.
705 946 931 1020 Πενθερὰ
971 940 1030 997 δε
1079 942 1139 995 ἂν
1188 947 1288 1007 εἴη,
1333 944 1362 1001 ἡ
1415 946 1693 1012 Συναγωγή
1745 950 1843 992 τῶν

241 1031 552 1089 Ἰουδαίων·
628 1036 800 1105 νύμφη
889 1029 949 1086 δὲ
1019 1032 1204 1097 αὐτῆς,
1276 1033 1306 1090 ἡ
1390 1030 1677 1089 Ἐκκλησία
1745 1039 1842 1082 τῶν

242 1132 593 1199 Χριστιανῶν,
636 1125 706 1185 ὡς
744 1124 1097 1195 νυμφευθεῖσα
1140 1129 1212 1191 τῷ
1262 1128 1498 1193 Χριστῷ,
1530 1122 1584 1181 ὃς
1625 1117 1685 1178 ἦν
1733 1119 1846 1183 υἱὸς

240 1222 338 1275 τῆς
379 1210 706 1273 δηλωθείσης
746 1218 1081 1283 Συναγωγῆς,
1111 1212 1249 1263 κατὰ
1288 1214 1346 1262 τὸ
1391 1212 1709 1283 ἀνθρώπινον
1734 1226 1746 1238 ·
1795 1208 1848 1272 ἐξ

243 1304 406 1364 αὐτῆς
431 1306 531 1376 γὰρ
559 1301 783 1359 ἐϐλάστη
793 1320 898 1354 σεν.

316 1392 492 1464 Ἔλεγε
541 1423 610 1433 -
681 1387 1026 1463 δοκιμάζετε;
1098 1394 1386 1463 Πρόσωπον
1460 1398 1552 1451 τῆς
1602 1397 1702 1461 γῆς
1758 1393 1847 1442 καὶ

244 1490 340 1535 τοῦ
405 1481 647 1556 ούρανοῦ,
714 1482 745 1538 ἡ
797 1479 1064 1552 ἐπιφάνεια
1118 1482 1316 1542 ταύτης
1365 1478 1623 1531 κάκείνου.
1699 1482 1847 1549 Λέγει

246 1576 435 1641 τοίνυν,
521 1572 603 1622 ὅτι
684 1569 1102 1643 ’Υποκρινὸμενοι
1178 1574 1491 1643 πρόγνωσιν,
1560 1573 1654 1626 τὴν
1737 1567 1845 1620 ἐπι-

246 1663 453 1733 φάνειαν
498 1667 589 1720 τῆς
632 1666 729 1730 γῆς
778 1663 868 1711 καὶ
911 1666 1004 1710 τοῦ
1048 1658 1269 1730 ούρανοῦ
1313 1654 1492 1710 οἴδατε
1541 1654 1844 1733 διακρίνειν,

245 1753 334 1801 καὶ
381 1747 437 1800 ἑκ
505 1752 921 1823 παρατηρήσεως
980 1747 1142 1810 αὐτῆς
1206 1747 1471 1819 προλέγειν
1522 1751 1579 1799 τὸ
1626 1746 1804 1820 μέλλον
1831 1767 1842 1778 ·

1263 366 1641 428 COMMENT.
1689 364 1759 420 ΙΝ
1808 358 2067 420 LUCAM.
2116 394 2184 404 —
2223 363 2390 425 CAP.
2426 362 2542 417 XII.

3504 364 3611 421 998

2017 487 2192 545 Juxta
2242 500 2558 557 anagogen
2600 501 2739 543 vero
2782 489 2954 559 pater
3003 500 3130 543 esse
3178 491 3371 560 potest
3409 505 3609 557 mens,

1947 575 2104 633 ﬁlius
2129 582 2331 634 autem
2352 577 2483 648 ejus
2527 591 2711 647 prava
2760 575 3064 646 cogitatio,
3096 576 3387 633 adversus
3425 593 3614 651 quam

1955 665 2218 722 movebit
2243 664 2619 731 seditionem,
2654 678 2883 736 negans
2910 664 3109 737 ipsam
3141 670 3428 738 tanquam
3456 668 3617 723 noci-

1955 770 2115 812 vam.
2161 756 2342 811 Mater
2371 769 2512 810 vero
2555 770 2657 810 cor
2691 775 2705 810 :
2737 752 2855 810 tilia
2884 754 3035 826 ejus,
3076 769 3263 828 prava
3289 754 3613 829 cupiditas,

1953 843 2237 900 adversus
2264 859 2453 916 quam
2494 842 2671 900 etiam
2705 843 2839 915 ipsa
2874 843 3142 914 insurget
3167 850 3224 901 et
3252 845 3331 901 ab
3361 860 3434 901 ea
3463 845 3620 902 avel-

1950 931 2122 990 letur.
2178 934 2397 990 Socrus
2451 938 2652 989 autem
2706 933 2778 988 sit
2835 933 3156 1007 Synagoga
3223 933 3613 991 Judaaorum:

1953 1038 2136 1079 nurus
2177 1022 2332 1094 ejus,
2364 1021 2623 1079 Ecclesia
2675 1022 3168 1090 Christianorum,
3205 1028 3409 1096 utpote
3434 1030 3620 1097 nupta

1955 1110 2201 1176 Christo,
2227 1111 2334 1184 qui
2386 1111 2553 1168 dicta:
2596 1112 2931 1184 Synagogaa
2963 1112 3135 1183 juxta
3180 1111 3619 1171 humanitatem

1953 1200 2113 1258 ﬁlius
2135 1206 2280 1269 erat,
2313 1216 2533 1274 nempe
2570 1200 2651 1258 ab
2677 1200 2813 1274 ipsa
2837 1208 3182 1272 generatus.

2024 1381 2192 1439 Vers.
2230 1381 2320 1435 54.
2355 1380 2593 1438 Dicebat
2626 1411 2694 1421 —
2719 1380 2882 1437 Vers.
2930 1381 3021 1435 56.
3060 1381 3324 1450 probatis
3370 1379 3398 1437 ?
3420 1382 3621 1440 Facies

1955 1468 2087 1526 caeli
2112 1475 2170 1526 et
2205 1475 2395 1537 terrae,
2446 1469 2791 1542 superﬁcies
2833 1475 2925 1526 est
2960 1469 3142 1541 hujus
3169 1477 3226 1527 et
3263 1470 3440 1526 illius.
3470 1471 3619 1529 Dicit

1956 1574 2131 1632 ergo:
2151 1559 2557 1631 Dijudicantes
2581 1559 2747 1632 apud
2776 1575 2882 1616 vos
2906 1560 3218 1632 praesagia,
3245 1560 3621 1633 superﬁciem

1956 1647 2083 1704 caeli
2104 1654 2162 1705 et
2183 1654 2347 1705 terrm
2376 1649 2564 1706 nostis
2609 1650 2967 1719 discernere,
3003 1653 3060 1706 et
3089 1664 3163 1705 ex
3187 1648 3319 1720 ejus
3337 1650 3625 1708 observa-

1957 1737 2132 1805 tione,
2163 1739 2329 1811 quod
2386 1738 2655 1794 futurum
2708 1744 2814 1805 est,
2848 1738 3172 1811 praedicere
3220 1759 3241 1813 ;
3274 1740 3388 1797 hoc
3426 1748 3623 1798 autem

242 1840 328 1890 τὸν
395 1833 456 1889 δὲ
533 1838 713 1911 καιρὸν
776 1844 976 1897 τοῦτον,
1039 1840 1126 1888 τὸν
1192 1844 1283 1896 τῆς
1357 1834 1484 1908 ἐμῆς
1554 1842 1849 1909 παρουσίας

1976 1844 2216 1901 ,empus,
2245 1827 2361 1884 mei
2380 1827 2651 1884 videlicet
2674 1827 2989 1895 adventus,
3020 1830 3327 1901 quomodo
3354 1845 3477 1886 non
3504 1830 3621 1887 dis-

244 1922 510 1993 δηλονὸτι,
604 1934 715 1987 πῶς
779 1925 838 1978 ού
902 1922 1212 1994 διακρίνετε,
1302 1923 1357 1977 ἐκ
1436 1933 1849 2002 παρατηρήσεως

249 2025 346 2067 τῶν
402 2023 626 2088 νομικῶν
687 2012 881 2087 βίϐλων
933 2020 1022 2067 καὶ
1072 2023 1421 2089 προφητικῶν,
1485 2014 1534 2067 ἐν
1591 2017 1670 2077 αῖς
1721 2026 1852 2071 κεῖν-

248 2123 337 2156 ται
392 2112 587 2176 σημεῖα
639 2106 826 2156 τούτου
882 2108 973 2155 καὶ
1029 2103 1285 2176 σύμϐολα,
1346 2103 1429 2177 ἀφ’
1488 2106 1556 2156 ὧν
1622 2107 1849 2182 εὐχερῶς

251 2193 405 2255 οὗτος
596 2189 1006 2264 διαγινώσκεται
1037 2201 1141 2254 τοῖς
1170 2198 1534 2266 προσέχουσι;
1569 2201 1702 2271 Πρὸς
1730 2202 1849 2261 τούς

256 2288 583 2354 Γραμματεῖς
614 2278 675 2335 δὲ
704 2284 729 2334 6
758 2281 926 2353 λόγος,
960 2282 1003 2334 εἰ
1040 2288 1128 2334 καὶ
1160 2286 1285 2355 πρὸς
1309 2288 1428 2346 τοὺς
1458 2284 1653 2356 ὄχλους
1684 2285 1850 2349 ἁπλῶς

258 2370 380 2446 ίρῥή
391 2373 475 2429 θη.

327 2465 390 2513 Τί
466 2456 525 2512 δὲ
592 2491 659 2501 -
715 2456 956 2527 δίκαιον;
1026 2461 1130 2534 Ἐφ’
1191 2462 1358 2535 ἕτερον
1429 2463 1615 2536 μετέϐη
1680 2464 1849 2538 λόγον,

256 2555 345 2601 καὶ
395 2556 638 2623 παραινεῖ
689 2545 783 2601 διὰ
836 2554 1099 2625 γνωρίμου
1149 2547 1575 2625 παραδείγματος
1624 2552 1852 2608 ἀπαλλα-

254 2644 411 2709 γῆναι
458 2645 551 2690 τοῦ
582 2645 801 2708 Σατανᾶ,
835 2642 972 2708 ἤτοι,
1017 2647 1115 2692 τῶν
1168 2643 1328 2714 ἔργων
1386 2642 1566 2710 αὐτοῦ,
1619 2647 1851 2716 φάσκων,

256 2731 404 2778 Διατί
458 2731 549 2779 καὶ
604 2728 688 2800 ἀφ’
753 2728 945 2781 ἑαυτῶν
1003 2729 1062 2781 ού
1118 2736 1276 2782 νοεῖτε
1326 2734 1385 2783 τὸ
1447 2732 1619 2805 καλὸν,
1680 2730 1853 2787 εὐδια-

254 2835 488 2886 γνωστον
518 2819 573 2868 ὅν
597 2832 611 2883 ;

325 2903 414 2967 Ὠς
478 2935 543 2944 -
619 2905 798 2961 αὐτοῦ.
870 2910 963 2968 Δὸς
1029 2905 1299 2982 ἐργασίαν,
1368 2912 1548 2982 ἤγουν,
1611 2912 1855 2985 εἰσάγαγε

255 2996 424 3067 ἔργον,
496 2991 756 3065 σπουδὴν,
831 2995 1021 3068 ἀγῶνα,
1088 2995 1471 3070 ἀνταλλαγῆναι
1528 2999 1614 3053 ἀπ’
1672 3002 1852 3057 αὐτοῦ.

254 3079 539 3141 ’Υποδηλοῖ
586 3080 645 3136 δὲ
677 3081 942 3137 ἀντίδικον
983 3088 1096 3158 μὲν,
1134 3089 1220 3138 τὸν
1248 3094 1496 3154 Σατανᾶν,
1558 3093 1641 3141 τὸν
1688 3095 1857 3144 κοινὸν

257 3171 449 3246 ἐχθρόν
480 3188 492 3202 ⁸

258 3266 387 3336 πρὸς
425 3261 478 3313 ὃν
510 3262 820 3336 ἀπαγόμεθα
856 3267 986 3336 μετὰ
1034 3272 1127 3316 τού
1168 3263 1382 3337 ἐχθροῦ,
1432 3263 1587 3328 δίκας
1631 3266 1862 3327 ἀπαιτη-

261 3352 537 3424 θησόμενοι
588 3361 685 3404 τῶν
733 3361 972 3426 πονηρῶν
1025 3356 1186 3427 ἔργων
1226 3356 1408 3426 ἡμῶν·
1469 3352 1591 3408 ὁδόν
1644 3354 1722 3424 δὲ,
1776 3361 1863 3411 τὸν

259 3445 494 3513 παρόντα
544 3440 683 3514 βίον,
717 3445 804 3494 τὸν
853 3444 1099 3511 ἄστατον,
1147 3441 1194 3495 ἒν
1326 3441 1572 3517 ὁδεύομεν
1601 3450 1732 3520 μετὰ
1774 3456 1865 3500 τοῦ

258 3532 498 3583 τοιούτου
556 3527 828 3584 ἀντιδίκου
878 3534 1042 3605 ἡμῶν.
1102 3539 1267 3585 Τοῦτο
1302 3530 1362 3586 δε
1418 3538 1475 3587 τὸ
1528 3540 1698 3609 νόημα
1748 3531 1868 3591 καθ’

260 3620 428 3693 ἕτερον
447 3624 847 3696 μετεχειρίσατο
864 3608 973 3693 (31)
999 3625 1193 3675 σκοπὸν
1219 3623 1268 3674 ἐν
1287 3630 1359 3693 τῷ
1377 3628 1589 3697 πέμπτῳ
1608 3608 1866 3701 κεφαλαίῳ

260 3715 354 3761 τοῦ
380 3711 517 3761 κατὰ
546 3709 844 3766 Μπατθαῐον.

333 3892 548 3946 Μήποτε
577 3918 645 3928 —-
675 3893 880 3964 κριτήν.
926 3888 985 3944 Ὀ
1012 3887 1256 3953 διάϐολος
1282 3894 1406 3966 γὰρ,
1458 3898 1501 3946 εί
1550 3898 1639 3947 καὶ
1677 3897 1863 3970 ἐχθρὸς

261 3975 373 4029 ἔστι
426 3987 518 4029 τοῦ
567 3982 714 4046 Θεοῦ,
787 3978 913 4032 ἀλλά
979 3985 1068 4033 καὶ
1119 3979 1425 4048 ἐκδικητὴς,
1480 3987 1545 4045 ὡς
1598 3986 1622 4036 6
1695 3982 1863 4038 Δαυιδ

261 4063 474 4131 ἐδίδαξε
504 4068 640 4139 κ32).

335 4250 437 4299 Καὶ
490 4277 560 4287 -
603 4249 880 4323 πράκτορι.
937 4254 1019 4320 Τῷ
1078 4248 1297 4323 ἀγγέλῳ,
1351 4259 1423 4321 τῷ
1484 4249 1568 4304 ἐπὶ
1626 4260 1726 4304 τῶν
1778 4272 1866 4305 κο-

260 4333 580 4409 λαστηρίων,

337 4430 439 4477 Καὶ
465 4456 530 4466 --
561 4425 811 4498 φυλακὴν.
844 4429 928 4492 Εἰς
959 4429 1195 4482 κόλασιν.

1958 1918 2195 1974 cernitis
2225 1933 2296 1973 ex
2323 1918 2733 1974 observatione
2756 1917 3039 1987 legalium
3070 1919 3361 1976 librorum
3389 1936 3460 1976 ac
3489 1935 3626 1993 pro-

1957 2006 2311 2080 phetalium,
2332 2008 2388 2062 in
2407 2006 2628 2080 quibus
2650 2007 2825 2078 signa
2849 2014 2906 2064 et
2927 2010 3218 2081 praesagia
3242 2008 3439 2082 posita
3462 2017 3621 2075 sunt,

1957 2097 2176 2170 quibus
2202 2098 2398 2169 ipsum
2424 2096 2593 2153 facile
2623 2098 2995 2170 dignoscitur
3024 2098 3104 2154 ab
3125 2098 3240 2163 his,
3285 2099 3392 2171 qui
3416 2098 3623 2156 adver-

1960 2191 2091 2245 tunt
2119 2188 2148 2244 ?
2178 2189 2278 2243 Est
2301 2191 2502 2244 autem
2532 2187 2626 2243 hic
2656 2203 2853 2244 sermo
2884 2188 2963 2245 ad
2994 2188 3246 2255 Scribas,
3274 2204 3625 2262 quanquam

1962 2276 2307 2349 simpliciter
2331 2277 2409 2333 ad
2433 2276 2637 2333 turbas
2666 2276 2859 2335 dictus
2889 2276 2983 2333 sit.

2031 2454 2194 2510 Vers.
2228 2456 2315 2512 57.
2346 2456 2468 2511 Cur
2495 2457 3028 2526 autem—justum
3058 2456 3192 2512 ?Ad
3209 2456 3402 2515 alium
3433 2462 3628 2514 trans-

1961 2543 2066 2615 ivit
2110 2559 2453 2601 sermonem
2479 2550 2535 2602 et
2579 2545 2851 2618 exemplo
2901 2546 3216 2604 notissimo
3279 2547 3626 2606 admonete.

1961 2633 2184 2690 Satana
2209 2632 2466 2702 liberari,
2517 2634 2640 2692 sive
2694 2635 2772 2692 ab
2825 2635 3109 2708 operibus
3158 2636 3306 2708 ejus,
3363 2635 3572 2692 dicens
3609 2650 3625 2694 :

1964 2723 2156 2789 Quare
2185 2727 2242 2779 et
2271 2739 2308 2780 a
2332 2724 2501 2780 vobis
2524 2725 2669 2797 ipsis
2699 2740 2822 2782 non
2846 2724 2927 2796 dij
2940 2726 3208 2796 udicatis,
3252 2725 3419 2799 quod
3448 2726 3630 2783 hone-

1963 2819 2124 2868 stum
2152 2816 2239 2869 est
2268 2829 2408 2869 cum
2459 2812 2631 2870 facile
2662 2814 2736 2870 sit
2761 2814 2839 2871 ad
2869 2813 2949 2886 dij
2962 2815 3331 2873 udicandum
3354 2817 3383 2871 ‘I

2037 2905 2196 2960 Vers.
2238 2902 2330 2961 58.
2360 2904 2504 2961 Cum
2530 2936 2599 2945 —
2650 2906 2777 2962 illo.
2812 2905 2899 2962 Da
2936 2921 3185 2978 operam
3220 2922 3233 2962 :
3263 2906 3387 2961 sive
3416 2903 3633 2963 aﬂ'eras

1965 2991 2255 3060 laborem,
2276 2992 2668 3065 diligentiam,
2686 2998 3009 3062 certamen,
3045 3000 3109 3052 ut
3128 2996 3207 3052 ab
3223 2994 3323 3051 illo
3342 2994 3634 3052 libereris.

1967 3082 2078 3139 Per
2105 3083 2513 3140 adversarium
2540 3090 2737 3140 autem
2768 3086 3053 3141 Satanam
3094 3085 3337 3151 indicat,
3365 3099 3636 3141 commu-

546 3174 784 3247 ἄρχοντα
815 3170 894 3241 δὲ,
934 3178 1021 3226 τὸν
1062 3178 1211 3241 Θεὸν,
1262 3179 1349 3228 τὸν
1392 3179 1595 3229 πάντων
1647 3182 1854 3254 Κύριον,

1976 3187 2109 3228 nem
2139 3170 2447 3228 inimicum
2476 3189 2616 3244 ;per
2642 3175 3054 3244 magistratum
3080 3189 3239 3242 vero,
3275 3173 3485 3241 Deum,
3510 3179 3639 3231 tan-

1970 3277 2158 3333 quam
2170 3261 2445 3317 omnium
2461 3262 2803 3329 Dominum,
2821 3263 3089 3336 adquem
3119 3263 3483 3319 abducimur
3495 3279 3633 3319 cum

1973 3349 2234 3418 inimico,
2254 3350 2328 3405 de
2354 3350 2530 3406 malis
2553 3350 2836 3422 operibus
2868 3352 3081 3407 nostris
3131 3366 3380 3409 causam
3396 3351 3634 3408 dicturi.

1972 3439 2143 3495 Viam
2160 3444 2383 3509 autem,
2405 3444 2759 3512 praesentem
2781 3439 2963 3498 vitam
2983 3440 3325 3497 instabilem
3342 3440 3638 3521 intelligit,

1973 3528 2036 3584 in
2062 3544 2179 3600 qua
2207 3543 2346 3584 cum
2394 3527 2744 3600 hujusmodi
2786 3529 3136 3587 adversario
3174 3536 3378 3588 nostro
3399 3529 3639 3604 proiici-

1976 3617 2225 3675 scimur.
2262 3617 2389 3673 Haec
2419 3632 2663 3691 quoque
2707 3618 2995 3676 sententia
3043 3618 3160 3676 alio
3190 3619 3496 3693 proposito
3528 3624 3641 3676 tra-

1973 3711 2129 3764 ctata
2150 3711 2239 3763 est
2284 3707 2479 3780 capite
2506 3707 2717 3780 quinto
2769 3707 3068 3781 Evangelii
3122 3710 3454 3766 secundum
3500 3710 3639 3766 Mat-

1972 3797 2215 3854 thaaum.

2040 3887 2212 3946 Vers.
2253 3886 2341 3946 58.
2384 3886 2473 3946 Ne
2494 3888 2656 3958 forte
2701 3919 2772 3928 —
2797 3887 3079 3958 judicem.
3128 3889 3415 3948 Diabolus
3445 3890 3630 3958 enim,

1971 3978 2077 4034 etsi
2108 3977 2207 4033 Dei
2236 3977 2507 4034 inimicus
2549 3982 2654 4044 est,
2689 3983 2894 4035 tamen
2952 3980 3082 4051 ejus
3125 3979 3279 4037 ultor
3322 3986 3432 4051 est,
3463 3985 3637 4052 prout

1970 4067 2162 4123 David
2190 4067 2395 4124 docuit
2421 4067 2626 4123 dicens
2659 4084 2672 4124 :
2719 4069 2788 4125 Ut
2813 4069 3080 4126 destruas
3110 4069 3414 4126 inimicum
3460 4076 3515 4125 et
3546 4068 3639 4124 ul-

1970 4164 2151 4214 torem
2181 4159 2224 4211 ³.

2040 4245 2200 4301 Vers.
2226 4245 2315 4300 58.
2342 4245 2417 4301 Et
2452 4247 2823 4302 —ea:actori.
2870 4244 3120 4316 Angelo,
3152 4246 3256 4318 qui
3295 4243 3637 4301 carceribus

1970 4332 2329 4406 praepositus
2385 4338 2495 4390 est.

2040 4422 2202 4479 Vers.
2254 4423 2349 4479 58.
2394 4424 2562 4478 Et—
2584 4437 2906 4480 carcerem.
2937 4424 3005 4478 In
3035 4422 3419 4495 supplicium.

340 4516 488 4584 Λέγω
530 4546 590 4556 --
643 4514 869 4588 ἀποδῷς,
920 4517 1051 4579 Ἕως
1100 4519 1158 4571 οὗ
1197 4525 1319 4586 πᾶν,
1369 4522 1393 4573 ὃ
1446 4516 1854 4587 κατεδικάσθης,

2043 4516 2213 4573 Vers.
2267 4518 2358 4573 59.
2419 4516 2566 4571 Dico
2596 4546 2658 4556 —-
2683 4513 2967 4571 exsolvas.
2992 4514 3192 4570 Donec
3214 4527 3395 4569 omne
3420 4510 3484 4568 id
3510 4527 3641 4568 sus-

266 4602 568 4675 ύποστησῖῖ,
620 4611 900 4670 τουτέστιν,
977 4608 1036 4660 ού
1090 4613 1161 4680 μὴ
1223 4607 1428 4683 ἐξέλθῃς
1475 4608 1660 4662 ἐκεῖθέν
1716 4629 1860 4665 ποτε.

268 4691 372 4744 Ἀεὶ
415 4695 518 4765 γὰρ
562 4692 1008 4757 καταδικάζονται
1036 4698 1353 4759 κολάζεσθαι
1399 4701 1449 4752 οἱ
1484 4707 1728 4754 τοιοῦτοι.
1763 4699 1864 4752 Ού-

267 4778 353 4835 δᾶν
383 4778 442 4835 δὲ
484 4783 666 4837 κωλύει
702 4794 832 4839 νοεῖν
856 4791 920 4839 τὰ
947 4788 1172 4862 ῥηθέντα
1197 4793 1285 4840 καὶ
1329 4794 1463 4841 κατά
1492 4793 1584 4848 τὴν
1611 4788 1863 4861 ἐξήγησιν

262 4877 357 4931 τὴν
416 4870 463 4925 ἰν
519 4882 592 4946 τῷ
651 4871 937 4935 δηλωθέντι
986 4881 1202 4950 πέμπτῳ
1272 4878 1529 4952 κεφαλαίῳ
1582 4887 1674 4932 τοῦ
1730 4883 1865 4932 κατά

263 4964 552 5021 Ματθαίον.

335 5260 359 5298 ³
384 5259 542 5318 Psal.
571 5276 698 5330 vui,
726 5261 779 5319 3.

1975 4604 2183 4670 tineas,
2204 4602 2285 4661 ad
2313 4603 2479 4677 quod
2523 4603 2961 4661 condemnatus
2991 4617 3143 4670 eras,
3175 4602 3291 4659 hoc
3329 4606 3437 4671 est,
3488 4615 3638 4658 nune

1973 4711 2160 4769 quam
2190 4693 2331 4751 inde
2387 4694 2575 4751 exibis
2624 4694 2749 4761 ;ad
2786 4693 2901 4750 hoc
2953 4693 3106 4751 enim
3157 4692 3640 4751 condemnantur

1973 4783 2343 4857 hujusmodi,
2373 4791 2435 4840 ut
2464 4799 2701 4856 semper
2725 4784 3068 4856 puniantur.
3096 4783 3250 4840 Nihil
3275 4786 3475 4840 autem
3502 4797 3639 4854 pro-

1971 4875 2152 4941 hibet,
2182 4878 2250 4931 ut
2300 4890 2436 4948 qum
2464 4874 2623 4931 dicta
2655 4878 2808 4941 sunt,
2871 4872 3278 4945 intelligantur
3303 4872 3477 4944 juxta
3509 4887 3643 4928 sen-

1974 4984 2132 5032 sum,
2151 4965 2255 5039 qui
2274 4964 2453 5022 datus
2470 4971 2559 5021 est
2577 4964 2859 5037 praedicto
2878 4963 3089 5037 quinto
3110 4964 3280 5036 juxta
3299 4961 3640 5020 Matthmum

1972 5057 2188 5130 capite.

1464 5439 1692 5514 Varia
1726 5438 2060 5510 lectiones
2101 5449 2168 5509 et
2197 5447 2409 5513 notae.

359 5702 450 5779 βο)
487 5703 736 5779 impii:-

359 5705 430 5761 30
487 5705 514 5758 6
538 5706 736 5779 καιρός.

336 5705 450 5853 ξωζ
490 5776 759 5835 Christus
786 5773 1091 5843 nimirum,
1114 5774 1273 5833 Matt.
1305 5789 1362 5832 v.
1385 5776 1484 5833 25.

2053 5700 2164 5773 (32)
2196 5699 2293 5757 His
2329 5697 2498 5773 addit
2517 5698 2849 5773 _Hentenius
2875 5713 2951 5758 ex
2972 5698 3210 5760 Psalmo
3235 5717 3251 5762 :
3279 5703 3387 5760 Τοῦ
3417 5701 3645 5759 καταλῦ-

1990 5767 2083 5828 σαι
2105 5767 2297 5851 ἔχθρὸν
2326 5775 2417 5826 καὶ
2444 5767 2753 5835 ἕκδικητήν.
3484 5824 3490 5835 ν
3550 5806 3569 5838 ,ρ
