4210 6436
653 335 758 392 999

1868 392 1884 411 ,
1971 335 2323 395 EUTHYMII
2361 333 2699 409 ZIGABENI

3905 351 4030 411 1000

654 460 814 517 CAP.
849 460 1066 517 XLVII.
1106 461 1189 519 De
1214 462 1498 533 Galilan's,
1533 463 1680 520 etiis
1701 462 1809 535 qui
1836 464 1899 521 εή
1919 464 2099 530 Siloe,
2132 470 2185 520 et
2217 478 2306 520 ca:-

2432 471 2581 520 ΧΕΦ.
2654 468 2782 524 MZ'.
2840 473 2962 543 Περὶ
3007 478 3107 522 φοὖν
3161 469 3443 525 Γαλιλαίων
3512 475 3605 525 καὶ
3677 481 3777 527 τῶν
3846 475 3897 529 ἄν
3965 488 4027 549 τῷ

1409 560 1557 609 tera.

722 638 867 713 Cap.
942 640 1079 697 XIII.
1132 641 1299 698 Vers.
1362 644 1415 696 1.
1475 641 1742 699 Aderant
1796 673 1864 685 —
1913 644 2198 712 ipsorum.
2251 641 2315 697 Hi

649 727 896 799 Galilaai,
956 745 1096 786 cum
1128 735 1328 802 partes
1397 736 1699 788 tuerentur
1746 731 1913 788 Judaa
1943 731 2181 799 Galilaai,
2222 747 2317 788 ac-

649 819 835 876 cusati
869 824 1024 887 sunt,
1070 824 1361 893 tanquam
1392 821 1497 894 qui
1539 837 1576 878 a
1603 822 1824 878 Caesare
1854 821 2226 886 defecissent,
2259 823 2317 877 et

649 905 953 964 Galilaeam
986 909 1272 965 seditione
1310 910 1602 966 adversus
1658 910 1860 983 ipsum
1905 910 2310 983 replevissent.

650 997 795 1053 Cum
837 1013 978 1068 ergo
1006 999 1277 1072 quodam
1327 1005 1589 1072 tempore
1629 1001 1971 1071 congregati
2014 1004 2215 1056 essent
2242 1016 2314 1056 ac

649 1085 1075 1153 sacriﬁcarent,
1109 1087 1335 1145 audivit
1360 1088 1472 1145 hoc
1529 1088 1749 1145 Pilatus
1808 1094 1865 1145 et
1918 1090 2010 1146 ira
2055 1089 2310 1154 fervens,

648 1174 904 1232 mittitin
930 1192 1034 1234 eos
1067 1177 1300 1234 milites.
1321 1178 1589 1251 ipsisque
1610 1178 1919 1250 jugulatis,
1954 1178 2312 1250 sanguinem

647 1262 884 1321 illorum
926 1266 1169 1323 miscuit
1235 1267 1542 1324 sacriﬁciis
1572 1268 1864 1340 ipsorum.
1917 1269 2058 1334 Quin
2102 1268 2185 1323 ita
2233 1267 2312 1322 ad

646 1369 774 1410 rem
795 1359 1025 1424 gestam
1073 1361 1367 1429 spectant,
1400 1358 1485 1413 ita
1516 1372 1578 1412 se
1599 1356 1845 1414 habent.
1873 1357 2133 1414 Aderant
2165 1372 2312 1427 ergo

645 1443 894 1516 quidam
923 1445 1132 1510 Judaei,
1153 1447 1497 1502 nuntiantes
1522 1445 1753 1503 Christo
1783 1447 1857 1503 de
1877 1446 2016 1515 illis,
2043 1446 2192 1504 scire
2214 1462 2314 1502 cu-

643 1531 890 1603 pientes,
908 1538 1109 1591 utrum
1121 1538 1417 1607 tanquam
1432 1539 1777 1607 peccatores
1793 1533 1947 1591 ultra
1963 1550 2177 1591 omnes
2190 1550 2312 1590 suae

642 1620 903 1691 regionis
915 1622 1183 1680 Galilaaos
1198 1624 1320 1680 hinc
1334 1624 1503 1698 passi
1518 1628 1753 1682 essent:
1780 1625 1864 1682 ita
1880 1624 2042 1681 enim
2060 1624 2176 1697 ipsi
2195 1621 2313 1680 exi-

646 1709 1000 1770 stimabant.

734 1804 895 1859 Vers.
919 1808 972 1859 2.
1003 1805 1068 1859 Et
1096 1803 1446 1873 respondens
1472 1834 1540 1844 —
1565 1804 1731 1861 Vers.
1755 1808 1808 1860 3.
1843 1803 2132 1874 peribuis.
2164 1806 2306 1860 Cum

2499 1812 2597 1861 Καὶ
2678 1806 2973 1880 ἀποκριθεὶς
3039 1840 3107 1849 -
3182 1807 3474 1865 ἀπολεῖσθε.

643 1912 850 1954 omnes
880 1893 1224 1966 simpliciter
1274 1897 1471 1949 essent
1491 1898 1854 1966 peccatores,
1896 1892 2007 1949 soli
2034 1891 2116 1948 illi
2144 1908 2309 1963 pass-

645 1990 802 2051 sunt,
831 1987 896 2039 ut
920 1988 974 2038 et
999 1983 1110 2052 ipsi
1132 1982 1346 2038 darent
1378 1998 1610 2054 poenas,
1640 1987 1697 2038 et
1727 1984 1924 2038 caeteri
1950 1981 2310 2054 deprehensi

642 2073 1098 2147 corriperentur.
1132 2071 1247 2128 Nisi
1274 2087 1411 2144 ergo
1467 2072 1909 2129 convertamini
1940 2087 1978 2128 a
2007 2071 2313 2128 movenda

642 2164 932 2220 seditione
961 2162 1255 2218 adversus
1275 2177 1478 2231 regem
1514 2165 1797 2227 vestrum,
1818 2162 2120 2218 Christum
2151 2159 2311 2215 vide-

639 2252 794 2320 licet,
823 2250 1196 2324 subjiciendo
1244 2266 1352 2306 vos
1382 2250 1515 2323 ipsi,
1538 2255 1597 2306 et
1635 2267 1672 2308 a
1721 2250 1953 2307 malitia
1997 2250 2077 2307 ad
2125 2250 2313 2306 virtu-

640 2347 761 2400 tem
807 2363 820 2409 ;
848 2357 1036 2399 omnes
1059 2342 1335 2398 similiter
1375 2341 1669 2411 per-ibitis,
1710 2341 1825 2397 hoc
1850 2344 1956 2405 est,
1988 2339 2169 2396 etiam
2203 2355 2309 2394 vos

638 2433 701 2490 in
732 2431 1036 2489 sacriﬁciis
1088 2429 1553 2497 interﬁciemini,
1600 2430 1662 2486 in
1687 2430 1915 2503 quibus
1955 2428 2310 2487 extollimini

640 2538 712 2579 ac
755 2519 1117 2592 gloriamini.
1172 2522 1233 2574 Et
1280 2519 1365 2576 ita
1412 2519 1641 2576 factum
1692 2523 1805 2574 est.
1839 2519 1902 2574 In
1941 2518 2098 2575 festo
2149 2517 2310 2574 enim

639 2611 901 2683 Pascha,
929 2610 1239 2667 obsidione
1269 2609 1444 2681 capti,
1477 2625 1513 2665 a
1532 2610 1813 2665 Romanis
1838 2609 1977 2665 cassi
2001 2610 2163 2665 sunt.

711 2792 880 2846 Vers.
908 2790 943 2843 4
968 2791 1090 2844 Aut
1140 2819 1209 2829 —
1228 2787 1395 2843 Vers.
1449 2791 1500 2843 5.
1524 2786 1816 2857 peribitis.
1875 2785 2066 2844 Etiam
2111 2786 2187 2844 de
2214 2785 2311 2842 his

638 2884 767 2938 erat
795 2878 1043 2952 quaastio
1078 2893 1090 2932 :
1123 2893 1201 2933 au
1232 2881 1552 2949 propterea
1597 2893 1807 2933 casum
1841 2877 1996 2933 adeo
2016 2877 2306 2933 acerbum

635 2969 800 3044 passi
823 2969 1088 3030 fuissent.
1141 2968 1305 3039 quod
1325 2970 1523 3022 essent
1572 2970 1915 3038 peccatores
1957 2966 2114 3022 ultra
2161 2982 2303 3022 cun-

638 3063 791 3125 ctos,
814 3058 917 3131 qui
969 3055 1392 3128 Hierosolymis
1433 3055 1789 3112 habitabant
1819 3074 1833 3122 ;
1864 3055 1961 3111 hic
1993 3057 2153 3112 enim
2205 3055 2306 3110 de-

636 3147 858 3205 bitores
878 3145 1197 3220 appellavit
1219 3149 1584 3218 peccatores.
1611 3145 1885 3201 Ostendit
1911 3146 2114 3217 itaque
2140 3149 2201 3200 et
2230 3145 2304 3200 dc
2340 3176 2380 3230 ρ

638 3236 798 3309 ipsis,
831 3252 902 3293 ac
929 3240 1310 3309 protestatur,
1339 3236 1499 3307 quod
1540 3234 1653 3290 nisi
1683 3238 2135 3300 convertantur,
2177 3250 2303 3291 om-

635 3341 744 3383 nes
789 3325 1060 3382 similiter
1109 3326 1381 3397 peribunt
1440 3324 1600 3380 :hoc
1651 3329 1762 3393 est,
1794 3328 1853 3380 et
1877 3324 1991 3397 ipsi
2013 3323 2303 3381 acerbum

636 3416 931 3489 accipient
946 3416 1150 3481 ﬁnem,
1175 3414 1331 3469 sicut
1349 3414 1531 3489 etiam
1565 3417 1940 3486 acceperunt,
1960 3429 1997 3469 a
2022 3413 2306 3470 Romanis

634 3506 852 3561 misere
876 3505 1056 3575 capti.
1076 3504 1219 3559 Hinc
1240 3518 1384 3572 ergo
1407 3502 1731 3569 discamus,
1758 3506 1922 3575 quod
1954 3502 2303 3575 temporalis

631 3594 877 3651 fratrum
908 3597 1252 3650 nostrorum
1281 3591 1699 3648 exterminatio
1746 3593 1962 3649 divina
2013 3593 2073 3648 in
2091 3607 2304 3650 omnes

632 3683 737 3740 iras
760 3682 1105 3754 exemplum
1131 3688 1237 3747 est,
1263 3681 1418 3736 facta
1443 3680 1522 3734 ad
1545 3680 1983 3738 correctionem
2010 3687 2302 3750 nostram,

634 3776 880 3845 propter
905 3787 1200 3827 summam
1230 3769 1328 3824 Dei
1374 3769 1726 3836 bonitatem,
1752 3786 1874 3826 non
1906 3775 2150 3843 propter
2179 3770 2305 3826 sola

632 3860 873 3917 illorum
902 3863 1166 3932 peccata.
1209 3856 1428 3915 Deinde
1455 3862 1515 3913 et
1556 3858 1905 3931 parabolam
1949 3859 2138 3927 aﬁ‘ert,
2178 3875 2303 3932 qua

633 3949 932 4014 ostendat,
960 3948 1126 4022 quod
1155 3948 1267 4005 nisi
1295 3947 1672 4019 resipuerint,
1718 3949 2013 4022 peribunt.

704 4127 868 4183 Vers.
931 4126 989 4184 6.
1036 4126 1194 4183 Dixit
1240 4131 1435 4184 autem
1465 4157 1536 4169 —
1576 4127 1743 4182 Vers.
1789 4126 1842 4178 7.
1871 4132 2115 4197 occupat
2143 4123 2300 4183 YPer

628 4215 803 4274 ﬁcum
830 4216 1233 4288 infrugiferam
1256 4217 1359 4288 (τη)
1391 4216 1620 4272 indicat
1647 4217 2033 4288 Synagogam
2062 4216 2295 4272 Judazo-

629 4323 787 4375 rum,
811 4306 963 4362 foliis
978 4305 1224 4379 quidem
1241 4305 1650 4363 lascivientem
1676 4321 1743 4360 ac
1763 4304 2074 4371 virentem,
2104 4305 2298 4361 verbis

629 4397 900 4454 videlicet
927 4395 1219 4468 legalibus
1240 4411 1310 4451 ac
1336 4393 1719 4467 propheticis,
1747 4394 1852 4450 sed
1883 4394 2144 4452 fructum
2176 4411 2298 4451 non

630 4484 937 4552 ferentem,
957 4490 1123 4558 puta,
1143 4485 1439 4541 virtutem.
1460 4484 1648 4541 Vinea
1675 4489 1874 4540 autem
1897 4484 2163 4540 mundus
2184 4495 2273 4541 est

630 4580 826 4648 utpote
857 4576 1177 4647 plantatus,
1226 4578 1288 4630 ut
1313 4572 1575 4630 fructum
1606 4575 1725 4630 Deo
1774 4572 2066 4646 proferret
2090 4574 2299 4645 jucun-

630 4663 931 4720 dissimum
962 4663 1190 4731 ;cultor
1210 4679 1348 4720 vero
1370 4663 1561 4719 vinem
1587 4661 1869 4729 Christus,
1902 4678 2113 4719 curam
2148 4663 2298 4719 scili-

631 4758 722 4809 cet
738 4767 949 4821 gerens
972 4751 1324 4824 hujusmodi
1347 4752 1554 4823 vineas,
1575 4768 1646 4809 ac
1680 4752 1979 4825 plantator
1996 4751 2297 4821 ﬁdelium;

626 4841 851 4899 habere
903 4848 1103 4899 autem
1137 4842 1321 4899 ﬁcum
1349 4842 1564 4899 dicitur
1614 4845 1801 4908 Pater,
1846 4842 2011 4898 hunc
2040 4858 2299 4915 namque

630 4929 825 4988 solum
839 4930 1053 4989 fatetur
1068 4932 1413 4990 Judasorum
1430 4934 1749 5005 Synagoga
1761 4930 2082 4989 Dominum
2098 4948 2297 4989 suum.

2283 4528 2297 4553 ’
2331 4531 2375 4586 D

3117 560 3342 633 Σιλωάμ.

2502 651 2752 719 Παρῆσαν
2805 679 2867 688 -
2910 649 3075 701 αύτῶν
3304 650 3466 704 Οὗτοι
3512 654 3560 704 οἱ
3600 651 3889 721 Γαλιλαῖοι,
3940 667 4024 718 τῆς

2426 730 2639 805 μερίδος
2684 740 2821 797 ὄντες
2860 734 3039 791 Ἰούδα
3083 747 3173 791 τού
3220 739 3516 805 Γαλιλαίου,
3550 738 3914 802 διεϐλήθησαν
3961 750 4021 808 ὡς

2427 821 2722 876 ἀποστάται
2779 835 2868 879 του
2922 833 3205 902 Καίσαρος,
3257 834 3346 881 καὶ
3401 832 3633 891 στάσεως
3680 830 4019 903 ἐμπιπλῶντες

2424 914 2537 964 κατ’
2594 914 2753 966 αύτού
2806 921 2899 973 τὴν
2941 917 3232 971 Γαλιλαίαν.
3297 921 3427 972 Πότε
3482 928 3608 991 γοῦν
3665 921 3803 974 ὀαοῠ
3864 924 4017 976 συνελ-

2426 1003 2615 1054 θοντων
2658 1009 2747 1056 καὶ
2795 1006 3041 1074 θυόντων,
3090 1009 3267 1078 μαθὼν
3296 1015 3447 1060 τοῦτο
3497 1008 3746 1077 Πιλάτος,
3789 1016 3879 1064 καὶ
3916 1011 4019 1064 ἀνα·

2425 1090 2582 1153 ζέσας
2638 1102 2710 1163 τῷ
2770 1096 2940 1165 θυμῷ,
3012 1100 3201 1168 πίμπει
3264 1096 3374 1148 κατ’
3446 1098 3616 1150 αὐτῶν
3679 1107 4011 1172 στρατιώτας,

2421 1186 2512 1233 καὶ
2561 1182 2863 1253 ἀποσφάξας
2893 1183 3101 1250 αὐτοὺς,
3148 1188 3205 1236 τό
3254 1186 3388 1257 αἷμα
3432 1189 3627 1239 τούτων
3662 1196 3787 1249 ταῖς
3826 1191 4015 1250 θυσίαις

2425 1271 2592 1323 αὐτῶν
2624 1270 2846 1343 ἀνέμιξε.
2897 1275 2974 1325 Τὰ
3003 1278 3092 1344 μεν
3141 1270 3228 1326 οὖν
3276 1283 3369 1337 τῆς
3423 1278 3656 1351 ἱστορίας
3683 1278 3845 1333 οὕτω.
3897 1286 4012 1352 [lap-

2424 1367 2560 1418 ἦσαν
2588 1356 2647 1412 δέ
2672 1380 2801 1424 τινες
2835 1358 3106 1428 Ἰουδαῖοι,
3131 1361 3538 1435 ἀπαγγέλλοντες
3566 1373 3638 1435 τῷ
3673 1374 3890 1441 Χριστῷ
3912 1376 4010 1442 περὶ

2425 1448 2612 1515 αὐτῶν,
2641 1449 2917 1511 ζητοῦντες
2941 1452 3143 1522 μαθεῖν,
3179 1452 3223 1505 εἰ
3247 1455 3318 1515 ὡς
3342 1452 3641 1528 ἁμαρτωλοὶ
3669 1459 3817 1530 παρὰ
3841 1460 4007 1516 πάντας

2422 1543 2544 1599 τοὺς
2570 1540 2876 1611 ὁμοχώρους
2908 1540 3213 1603 Γαλιλαίους
3241 1551 3462 1596 τοιαῦτα
3503 1546 3846 1601 πεπόνθασιν,
3881 1546 4003 1599 Οὕτω

2422 1630 2523 1701 γὰρ
2556 1629 2699 1681 οὗτοι
2732 1630 2842 1699 (34)
2870 1634 3049 1700 ᾤοντο.

3565 1813 3783 1865 Πάντων
3856 1814 3993 1874 ἁπλῶς

3061 1904 3207 1970 μόνοι
3285 1898 3468 1952 ἐκεῖνοι
3538 1904 3875 1969 πεπόνθασιν,
3935 1905 3997 1956 iis

2424 1983 2561 2039 δώσί
2612 2005 2666 2040 τε
2717 1987 2866 2040 αύτοὶ
2915 1984 3094 2045 δικην,
3155 1992 3245 2041 καὶ
3298 1984 3660 2042 παιδευθῶσιν
3715 1993 3766 2044 οί
3814 1991 3995 2044 ὑπολει-

2424 1902 2475 1949 ὅν
2484 1917 2503 1949 τ
2512 1919 2578 1948 ων
2644 1897 2979 1969 ἁμαρτωλῶν,

2423 2079 2644 2148 φοέντες.
2713 2076 2828 2129 Ἐὰν
2891 2074 2978 2128 οὖν
3032 2082 3103 2149 μὴ
3162 2077 3550 2149 μεταϐάλλησθε
3602 2078 3706 2132 απὸ
3754 2089 3841 2134 τού
3894 2100 3993 2133 στα-

2424 2170 2622 2226 σιάζειν
2654 2169 2789 2217 κατὰ
2820 2174 2909 2218 τού
2943 2165 3199 2238 βασιλίως
3241 2168 3406 2239 ὑμῶν,
3453 2174 3546 2220 τοῦ
3576 2174 3810 2242 Χριστοῦ
3839 2167 3993 2228 δολονο

2423 2262 2523 2319 ότι,
2562 2255 2630 2317 εἰς
2678 2258 2734 2307 τό
2795 2256 3179 2308 ὑποτάττεσθαι
3236 2256 3399 2326 αύτῷ,
3458 2262 3549 2310 καὶ
3580 2255 3680 2310 ἀπὸ
3723 2264 3894 2319 κακίας
3934 2259 3989 2317 εἰς

2424 2342 2629 2416 ἀρετὴν,
2702 2346 2894 2406 Πάντες
2985 2346 3171 2416 ὁμοίως
3237 2343 3533 2411 ἀπολεῖσθε,
3612 2352 3853 2410 τουτέστι,
3911 2351 3987 2397 καὶ

2422 2434 2571 2485 αὐτοὶ
2611 2432 2659 2485 ἐν
2713 2440 2823 2494 ταῖς
2877 2436 3086 2494 θυσίαις
3140 2432 3564 2507 ἀναιρεθήσεσθε,
3618 2434 3690 2508 ἐφ’
3741 2436 3813 2495 αἱς
3852 2432 3985 2507 βρεν-

2425 2525 2606 2575 θύεσθε
2649 2527 2739 2575 καὶ
2798 2525 3121 2595 σεμνύνεσθε.
3186 2529 3283 2576 Καὶ
3331 2527 3535 2595 γέγονεν
3584 2526 3750 2585 οὕτως.
3803 2524 3874 2574 Ἑν
3916 2527 3974 2590 τῇ

2422 2612 2565 2685 ἑορτῇ
2607 2615 2707 2684 γὰρ
2768 2620 2859 2664 τού
2909 2615 3108 2684 Πάσχα
3158 2610 3630 2686 ὶκπολιορκηθέντες
3678 2610 3965 2684 ἀνῃρέθησαν

2420 2702 2520 2753 ὑπὸ
2555 2721 2583 2752 τ
2596 2710 2655 2751 ira
2687 2700 2974 2772 Ῥωμαίων.

2490 2789 2556 2842 Ἦ
2618 2789 2799 2842 ἐκεῖνοι
2842 2821 2909 2829 -
2952 2788 3245 2845 ἀπολεῖσθε.
3306 2795 3407 2843 Καὶ
3456 2796 3573 2864 περὶ
3611 2792 3789 2843 τούτων
3837 2787 3982 2848 ζήτη-

2421 2897 2500 2940 σις
2558 2876 2640 2943 ἦν,
2696 2879 2740 2931 εἰ
2789 2882 2853 2939 ὡς
2903 2878 3201 2951 ἁμαρτωλοὶ
3245 2882 3390 2953 παρὰ
3427 2881 3626 2942 πάντας
3661 2883 3774 2940 τοὺς
3822 2876 3865 2929 ἐν
3908 2874 3984 2927 Ἰε-

2415 2968 2691 3043 ρουσαλὴμ
2736 2976 2966 3020 τοιοῦτον
3016 2972 3200 3040 πικρόν
3238 2965 3476 3031 ἐδέξαντο
3529 2969 3706 3031 τελοςο
3764 2965 3988 3040 ὀφειλέτας

2415 3060 2516 3130 γὰρ
2574 3066 2661 3109 νύν
2718 3062 2843 3118 τούς
2906 3057 3239 3131 ἁμαρτωλούς
3305 3058 3590 3130 ὠνόμασεν.
3654 3059 3990 3129 ’Δπογαίνεται

2417 3153 2586 3198 τοίνυν
2639 3152 2728 3197 καὶ
2786 3152 2904 3219 περὶ
2962 3147 3150 3212 αύτὼν,
3206 3153 3296 3199 καὶ
3349 3143 3778 3222 διαμαρτύρεται,
3833 3143 3990 3205 ὼςὲἁν

2415 3242 2484 3308 μὴ
2543 3236 2927 3304 μεταϐληθὼσι,
2981 3238 3164 3297 πάντες
3214 3238 3405 3308 ὁμοίως
3454 3236 3787 3300 ἀπολοῦνται,
3841 3238 3991 3287 τουτίο

2417 3344 2524 3385 στι,
2585 3330 2673 3377 καὶ
2738 3326 2885 3377 αύτοὶ
2937 3329 3122 3399 πικρὸν
3186 3326 3299 3396 (35)
3361 3323 3599 3388 δέξονται
3665 3326 3824 3389 τελος,
3887 3326 3991 3396 ὅπερ

2414 3417 2661 3476 ὡσαύτως
2715 3411 2976 3482 ἐδέξαντο,
3036 3414 3275 3487 χαλεπῶς
3324 3413 3720 3478 ἑξαναλωθέντες
3775 3417 3871 3468 ὑπὸ
3911 3421 3993 3465 τῶν

2412 3504 2696 3577 Ῥωμαίων.
2774 3506 3110 3576 Μανθάνομεν
3168 3503 3257 3556 οὖν
3308 3502 3554 3573 ἐντεῦθεν,
3614 3507 3683 3567 ὡς
3741 3506 3771 3563 ἡ
3828 3506 3990 3576 prpuli

2414 3602 2511 3646 τῶν
2580 3590 2812 3665 ἀδελφῶν
2879 3595 3023 3664 ἡμῶν
3078 3592 3430 3665 ίξολοθρευσις
3482 3590 3677 3667 δεῖγμα
3731 3603 3821 3655 τῆς
3880 3593 3995 3644 κατὰ

2412 3686 2616 3735 πάντων
2662 3684 2800 3743 θείας
2858 3681 3016 3754 ὀργῆς
3048 3681 3181 3749 ἔστι,
3231 3686 3363 3757 πρὸς
3413 3679 3698 3746 διόρθωσιν
3747 3685 3888 3756 ἡμῶν
3931 3700 3995 3752 γι·

2411 3777 2616 3844 νομένη,
2650 3768 2745 3824 διὰ
2785 3776 2878 3829 τὴν
2927 3774 3091 3843 ἄκραν
3136 3774 3439 3843 ἁγαθότητα
3484 3780 3576 3824 τού
3627 3780 3784 3840 Θεοῦ,
3812 3777 3897 3824 καὶ
3946 3769 3994 3821 ού

2413 3859 2505 3914 διὰ
2557 3868 2713 3934 μόνας
2768 3865 2857 3921 τὰς
2915 3860 3114 3914 ἐκείνων
3182 3862 3444 3934 ἁμαρτίας
3498 3861 3675 3924 αὐτοῖς
3741 3862 3989 3933 ἐπάγεται.

2411 3949 2539 4004 Εἶτα
2579 3953 2762 4009 τίθησι
2808 3955 2898 4002 καὶ
2929 3949 3230 4024 παραϐολὴν
3286 3949 3658 4024 ἕμγαίνουσαν,
3716 3954 3786 4014 ὡς
3841 3951 3883 4003 εἰ
3934 3951 3994 4022 μή

2410 4040 2826 4113 μεταϐληθοπιν,
2862 4038 3195 4097 ἀπολοῦνται.

2480 4129 2654 4201 Ἔλεγε
2716 4126 2775 4182 δι
2828 4161 2894 4170 -
2952 4136 3238 4202 καταργεῖ;
3295 4136 3461 4190 Συκῆν
3697 4134 3791 4202 μὲν
3848 4130 4000 4200 ἄκαρ-

2408 4239 2503 4272 πον
2544 4215 2805 4277 ύποδηλοῖ
2859 4223 2954 4277 τὴν
3009 4224 3320 4291 Συναγωγὴν
3375 4228 3474 4272 τῶν
3536 4216 3829 4288 Ἰουδαίων,
3887 4216 3996 4291 φύλ-

2407 4308 2517 4371 λοις
2581 4312 2671 4381 μεν
2742 4317 2988 4381 κομῶσαν
3053 4313 3141 4361 καὶ
3209 4308 3521 4378 θάλλουσαν,
3585 4313 3774 4377 εἶτουν,
3841 4308 3999 4378 λόγοις

2408 4406 2637 4469 νομικοῖς
2680 4403 2769 4450 καὶ
2823 4394 3202 4470 προφητικοῖς·
3252 4401 3451 4473 καρπὸν
3504 4394 3563 4451 δε
3599 4403 3671 4471 μὴ
3733 4403 3996 4473 φέρουσαν,

2410 4493 2592 4557 ἤγουν,
2628 4486 2823 4561 ἀρετήν.
2872 4487 3133 4560 Ἀμπελὼν
3173 4483 3252 4553 δε,
3301 4489 3327 4540 6
3374 4491 3592 4560 κόσμος,
3648 4491 3719 4550 ὡς
3750 4487 3999 4562 φυτευθεὶς

2411 4576 2495 4630 ἐπὶ
2529 4587 2599 4647 τῷ
2631 4576 2843 4649 ἐνεγκεῖν
2874 4580 3069 4648 καρπόν
3115 4573 3335 4635 ἣδιστον
3382 4585 3453 4648 τῷ
3506 4584 3621 4649 Θεῷ
3648 4594 3663 4607 '
3726 4576 3999 4650 ἀμπελονρ·

2410 4670 2499 4738 76;
2531 4663 2608 4726 δε,
2646 4668 2671 4718 6
2706 4670 2953 4739 Χριστός,
2988 4667 3051 4725 ὡς
3091 4663 3479 4738 ἄπιμελούμενος
3506 4673 3600 4718 τοῦ
3638 4669 3876 4719 τοιούτου
3905 4663 3996 4736 ἆμ-

2409 4756 2649 4821 πελώνος,
2701 4760 2789 4807 καὶ
2847 4764 3158 4827 φυτηκομὼν
3213 4759 3332 4817 τούς
3386 4759 3635 4818 πιστούς·
3681 4757 3707 4807 ό
3763 4751 3822 4809 δε
3871 4756 3995 4825 ἔχων

2410 4850 2501 4903 τὴν
2531 4854 2716 4907 συκῆν,
2750 4846 2887 4896 ἔστιν
2945 4844 2970 4895 ὁ
3011 4848 3211 4919 Πατήρ.
3241 4851 3431 4897 Τοῦτον
3478 4845 3575 4918 γὰρ
3615 4848 3770 4917 μόνον
3824 4846 3994 4919 Κύριον

2409 4934 2592 4995 ἑαυτῆς
2630 4935 2659 4992 ἡ
2694 4937 2970 5005 Συναγωγή
3009 4941 3107 4985 τῶν
3154 4930 3423 4987 Ἰουδαίων
3471 4929 3731 5007 όμολόγεῖ.
3771 4938 3901 5009 Τρία
3943 4926 3993 4983 δι

1863 5137 2087 5207 Varias
2114 5138 2440 5209 lectiones
2463 5150 2529 5208 et
2545 5149 2747 5209 notae.

697 5362 809 5437 (33)
860 5365 1036 5437 Δύτῶν
1083 5377 1205 5419 non
1234 5362 1502 5437 agnoscit
1542 5361 1865 5437 flentenius
1906 5363 1969 5418 in
2013 5361 2289 5437 interpre-

624 5433 867 5504 tatione,
901 5435 1079 5491 Miror
1119 5449 1285 5491 sane.
1316 5436 1433 5491 Nec
1486 5433 1648 5491 enim
1677 5433 1751 5491 de
1777 5434 1887 5502 hoc
1942 5433 2182 5492 monuit
2228 5435 2291 5492 in

623 5504 995 5575 Prmfatione,
1037 5521 1147 5563 nec
1182 5508 1351 5560 αὐτῶν
1380 5504 1677 5564 omissum
1720 5512 1809 5565 est
1839 5523 1875 5564 a
1905 5507 2153 5578 Vulgato
2194 5506 2283 5563 in-

625 5582 881 5652 terprete
917 5578 1118 5635 Latino
1131 5619 1145 5635 .

700 5756 801 5839 (ns)
829 5757 1121 5833 Interpres
1155 5756 1387 5817 videtur
1434 5755 1651 5830 legisse
1694 5753 1790 5812 διὰ
1842 5766 2010 5822 συκῆς
2039 5759 2328 5835 όικάρπου.

2614 5361 2795 5435 Atii-al,
2818 5377 2928 5437 pro
2957 5361 3125 5437 οὗτοι,
3158 5368 3215 5419 Β.

2617 5434 2807 5511 Πικρὸν
2818 5434 2927 5490 ’καὶ
2950 5434 3124 5511 αύτοί.

2620 5507 2806 5579 Forte,
2834 5514 2969 5569 συκῆ
3000 5509 3093 5583 μὶν
3129 5507 3398 5585 ἄκαρπος.

2565 5365 2587 5580 ξ

2493 5364 2563 5420 34

2492 5436 2562 5492 35

2493 5364 2563 5420 34

2492 5436 2562 5492 35

2470 5364 2563 5582 ἒεδ
