4210 6454
200 363 335 429 1001
1242 359 1612 423 COMMENT.
1652 360 1726 421 IN
1764 358 1862 420 Ιιυι

1925 360 2026 420 \M.
2067 396 2138 408 —-
2175 362 2327 424 CAP.
2370 367 2519 426 XIII.
3449 367 3587 425 1002

201 498 308 558 ἔτη,
363 497 418 549 αἱ
455 501 590 569 τρεῖς
641 492 900 547 πολιτεῖαι
957 500 1056 544 τῶν
1117 487 1412 558 Ἰουδαίων,
1461 492 1493 550 ἡ
1545 491 1645 544 ὑπὸ
1701 487 1863 542 rami:

1919 491 2056 546 Tres
2079 507 2221 550 vero
2233 494 2395 563 anni,
2429 498 2547 550 tres
2572 491 3073 548 suntJndseorum
3093 489 3579 567 gubernationes,

200 594 390 658 κριτῶν
419 584 715 657 ἰθυνομὲνη,
748 587 836 634 καὶ
883 582 913 638 ἡ
947 582 1047 633 ὑπὸ
1081 589 1180 633 τῶν
1212 579 1489 653 βασιλέων,
1518 585 1608 632 καὶ
1638 580 1668 637 ἡ
1701 579 1800 630 ὑπὸ

1923 596 1992 636 ea
2018 580 2285 638 videlicet
2309 599 2426 654 qua
2465 583 2572 637 sub
2585 580 2888 652 judicibus
2918 579 3300 649 regebantur,
3327 597 3418 648 ea,
3458 597 3582 653 qua

201 683 300 726 τῶν
326 673 635 748 ἀρχιερέων.
665 679 737 729 ψη
749 676 830 723 σὶν
851 666 960 736 οὖν,
983 669 1242 742 Ἓκκοψον
1281 670 1464 735 αὐτὴν,
1515 666 1662 722 διατί
1717 671 1808 718 καὶ

1924 669 2040 726 sub
2061 671 2323 740 regibus,
2365 677 2420 727 et
2441 687 2534 736 ea,
2561 686 2680 742 qua
2708 669 2821 724 sub
2844 669 3246 741 pontiﬁcibus.
3280 670 3372 725 Ait
3401 685 3543 740 ergo
3569 685 3581 727 :

205 768 293 821 τὴν
312 771 412 835 γῆν
449 764 680 833 καθιστᾲ
701 760 866 836 ἀργήν
900 776 914 827 ;

1923 762 2176 818 Succide
2205 762 2392 826 illam,
2414 761 2632 834 utquid
2648 759 2827 815 etiam
2845 764 3062 814 terram
3084 759 3280 816 reddit
3300 760 3579 816 otiosam:

276 851 336 904 Ὀ
367 848 427 904 δε
468 881 534 892 -
589 856 800 925 κόπρια.
865 847 1163 923 Παρακαλεῖ
1220 848 1346 920 ὑπερ
1387 856 1486 900 τῶν
1517 842 1810 911 Ἰουδαίων,

1996 849 2165 907 Vers.
2188 855 2240 907 8.
2267 852 2451 907 Atille
2477 881 2526 890 -
2543 857 2798 906 stercora
2811 894 2824 908 .
2839 849 3119 906 Precatur
3139 865 3249 922 pro
3265 849 3504 916 Judaeis,
3522 855 3583 908 ut

208 945 277 1004 ὡς
329 939 380 1004 ἐξ
440 937 708 994 Ἰουδάίων
770 937 1191 1014 ἐνανθρωπήσας,
1242 941 1334 989 καὶ
1405 939 1616 989 ἰκετεὺει
1686 936 1814 1006 ὑπὲρ

1925 939 2028 1012 qui
2045 955 2112 996 ex
2124 940 2152 995 J
2161 940 2345 996 udasis
2361 941 2794 996 humanitatem
2809 938 3158 1012 assumpsit;
3173 943 3229 994 et
3246 953 3353 1011 pro
3366 954 3586 1010 cogna-

206 1039 308 1083 τῶν
360 1032 497 1082 κατὰ
555 1031 727 1101 σάρκα
785 1035 1068 1099 συγγενῶν,
1123 1025 1376 1098 ἀφεθῆναι
1426 1031 1516 1078 καὶ
1566 1032 1717 1076 τοῦτο
1757 1026 1815 1075 τό

1929 1031 1999 1084 tis
2043 1029 2218 1100 juxta
2247 1046 2488 1085 carnem
2520 1028 2811 1099 obsecrat,
2846 1033 2905 1085 ut
2935 1029 3028 1086 vel
3061 1029 3174 1084 hoc
3223 1043 3386 1084 anno
3438 1028 3581 1085 relin

209 1123 340 1185 ἔτος,
375 1115 584 1178 δηλαδὴ
644 1122 728 1170 τόν
771 1119 951 1186 καιρὸν
999 1117 1117 1168 καθ’
1160 1115 1214 1168 ὃν
1267 1111 1569 1180 εδίδασκεν,
1611 1114 1703 1175 ἕως
1756 1112 1817 1164 οὗ

1925 1118 2478 1191 quantur,videlicet
2498 1123 2763 1190 tempore
2774 1134 2895 1191 quo
2911 1117 3185 1183 docebat,
3203 1117 3394 1174 donec
3425 1117 3583 1174 effon

209 1208 392 1281 σκάφη
423 1213 518 1266 τὴν
559 1207 909 1280 σκληρότητα,
969 1210 1060 1264 την
1099 1209 1218 1280 περὶ
1249 1207 1344 1268 τὰς
1394 1204 1578 1276 ψυχὰς
1626 1203 1816 1269 αὐτῶν,

1928 1206 2093 1264 deret
2127 1207 2416 1274 duritiem,
2443 1223 2581 1280 qum
2612 1207 2674 1263 in
2707 1208 2910 1264 anima
2962 1223 3170 1263 eorum
3205 1213 3332 1264 erat
3368 1207 3583 1263 instru-

201 1307 274 1370 τῷ
311 1297 555 1372 ἐργαλείῳ
585 1305 680 1359 τῆς
709 1298 1082 1371 παραινέσεως,
1136 1299 1228 1346 καὶ
1286 1294 1424 1367 βάλῃ
1457 1299 1652 1368 κόπρια
1706 1292 1816 1364 (37)

1930 1301 2131 1353 mento
2152 1296 2597 1363 admonitionis,
2644 1301 2703 1353 et
2748 1297 3002 1354 mitteret
3049 1301 3314 1354 stercora
3367 1296 3584 1370 impin-

203 1388 527 1452 λιπαίνοντα,
585 1391 842 1452 τουτέστι,
900 1380 1259 1437 διδασκαλίαν
1350 1387 1664 1436 πιαίνουσαν
1745 1382 1820 1444 εἰς

1928 1386 2196 1456 guantia,
2219 1385 2334 1442 hoc
2359 1391 2466 1452 est,
2497 1385 2852 1455 doctrinam,
2904 1401 3039 1459 quae
3072 1386 3151 1443 ad
3183 1385 3583 1443 fructiﬁcatio-

209 1481 591 1552 καρποφορίαν.

1926 1491 2066 1532 nem
2098 1476 2380 1548 pinguem
2410 1474 2625 1531 reddit.

291 1566 395 1620 Κᾶν
448 1597 496 1608 -
539 1569 761 1640 καρπόν.
813 1563 1163 1624 Ἐλλειπτικός
1193 1564 1219 1614 ό
1257 1561 1427 1634 λόγος.
1484 1567 1666 1615 Λείπει
1715 1563 1816 1636 γὰρ

1999 1565 2168 1620 Vers.
2197 1568 2253 1622 9.
2289 1565 2366 1619 Et
2403 1565 2457 1620 si
2482 1596 2551 1604 -
2565 1565 2862 1634 fructum.
2897 1564 3195 1623 Defectiva
3215 1565 3405 1622 oratio
3446 1567 3533 1621 est
3564 1579 3576 1621 :

208 1660 266 1708 τὸ
302 1652 368 1708 Εὖ
396 1658 530 1726 ἔχει.
1928 1653 2126 1710 deficit
2148 1655 2306 1709 enim
2337 1655 2525 1709 :Bene
2557 1670 2618 1709 se
2641 1654 2818 1712 habet
2843 1671 2955 1723 res,
2997 1655 3106 1720 vel,
3132 1655 3281 1710 Bene
3311 1653 3579 1727 quidem.

282 1745 342 1798 Ei
373 1740 432 1797 δὲ
487 1774 556 1784 -
596 1742 780 1800 αὐτήν.
829 1743 920 1804 Εἰς
970 1745 1059 1794 τόν
1115 1740 1364 1813 μέλλοντα
1427 1745 1626 1813 καιρόν.
1679 1749 1818 1794 Υπο-

1999 1744 2164 1800 Vers.
2192 1746 2250 1800 9.
2290 1742 2388 1799 Sin
2419 1743 2682 1800 —illam.
2725 1746 2788 1799 ln
2813 1744 3074 1800 futurum
3097 1749 3353 1816 tempus;
3411 1742 3555 1815 signi

212 1829 367 1890 δηλοῖ
412 1828 487 1898 δι,
536 1833 654 1884 καθ’
686 1833 740 1884 ὃν
783 1830 1164 1904 ἐπολιόρκησαν
1215 1835 1304 1889 τὴν
1358 1829 1712 1889 Παλαιστίνην
1773 1826 1874 1882 oi}

1931 1833 2072 1890 ﬁcat
2101 1838 2300 1888 autem
2333 1838 2588 1905 tempus,
2610 1849 2732 1906 quo
2751 1834 3012 1889 Judaeam
3055 1833 3421 1890 obsederunt
3470 1831 3583 1888 Ro-

227 1922 484 1992 Ρωμαίοι.
539 1926 666 1974 Τότε
717 1923 820 1994 ’γὰρ
877 1929 1108 1992 παγγενῆ
1190 1921 1284 1979 τήν
1360 1924 1666 1990 Συναγωγὴν
1723 1928 1822 1972 τῶν

1937 1923 2120 1978 mani.
2134 1925 2294 1978 Tunc
2307 1923 2464 1977 enim
2479 1922 2827 1993 generaliter
2843 1939 3218 1995 synagogam
3235 1924 3263 1978 Ι
3273 1922 3582 1978 udasorum

210 2008 488 2064 Ἰουδαίων
517 2009 727 2082 ἕξεκοψε
755 2018 850 2073 τῆς
905 2019 1008 2081 γῆς
1060 2011 1270 2080 ἐκείνης,
1335 2015 1425 2062 καὶ
1486 2008 1825 2082 ἁντεφύτευσε

1937 2011 2201 2069 excidita
2226 2017 2381 2067 terra
2404 2011 2504 2067 illa
2537 2027 2604 2080 ;a
2633 2011 2765 2068 loco
2815 2013 2942 2084 ejus
3000 2012 3452 2068 Christianorum
3482 2013 3582 2066 Ec-

206 2105 300 2157 τήν
352 2099 668 2158 Ἐκκλησίαν
720 2107 820 2151 τῶν
887 2106 1238 2173 Χριστιανῶν,
1299 2103 1394 2156 τήν
1444 2097 1522 2150 ἀεὶ
1549 2117 1822 2174 καρποφο-

1936 2102 2173 2158 clesiam
2226 2100 2529 2173 plantavit,
2587 2117 2721 2173 quae
2779 2101 3039 2158 fructum
3099 2116 3332 2173 semper
3388 2099 3578 2156 affert.

218 2196 432 2263 ροῦσαν.
487 2189 546 2240 Εἰ
593 2184 653 2241 δέ
709 2207 785 2248 τις
843 2191 978 2240 εἴποι
1008 2204 1019 2217 ·
1058 2193 1158 2240 Καὶ
1208 2192 1333 2260 μὴν,
1391 2187 1448 2240 οὐ
1497 2190 1826 2240 παντάπασιν

1937 2192 2104 2258 Quod
2127 2190 2175 2246 si
2199 2191 2334 2263 quis
2366 2191 2525 2247 dicat
2565 2207 2580 2247 :
2620 2195 2745 2248 Non
2782 2207 3013 2263 semper
3066 2190 3414 2261 infrugifera
3460 2195 3583 2246 erat

220 2280 455 2351 ἄκαρπος
485 2274 544 2335 ἦν
577 2279 605 2336 ἠ
652 2281 928 2348 Συναγωγή
984 2285 1081 2328 τῶν
1152 2273 1420 2330 Ἰουδαίων
1468 2279 1515 2329 ἓν
1569 2284 1671 2338 τοῖς
1729 2275 1826 2335 δη-

1939 2284 2253 2354 Synagoga
2293 2283 2318 2335 .1
2330 2281 2635 2338 udaeorum
2657 2283 2717 2337 in
2754 2281 3052 2353 praedictis
3084 2282 3269 2337 tribus
3289 2280 3581 2352 guberna-

218 2365 495 2428 λωθιίσαις
529 2371 669 2440 τρισὶ
696 2365 977 2426 πολιτείαις
1010 2383 1022 2394 ·
1067 2363 1497 2440 ἐκαρποφόρησαν
1545 2369 1647 2438 ’γάρ
1698 2386 1826 2428 τινες

1936 2370 2196 2427 tionibus
2221 2388 2235 2437 ;
2258 2371 2502 2443 quidam
2530 2371 2689 2427 enim
2710 2372 2858 2428 inter
2874 2387 2973 2427 eos
2991 2370 3074 2442 (η)
3101 2370 3350 2426 fructum
3378 2369 3583 2425 attule-

221 2455 273 2506 ἐν
314 2455 514 2519 αὐταῖς,
544 2454 670 2506 ἀλλὰ
708 2459 799 2507 καὶ
845 2453 893 2506 ἒν
935 2463 1008 2525 τῷ
1037 2462 1224 2529 καιρῷ,
1257 2455 1372 2508 καθ’
1414 2455 1466 2507 ὃν
1498 2451 1778 2508 ἐδίδασκεν
1807 2475 1821 2488 ·

1934 2465 2070 2515 runt
2093 2459 2270 2516 etiam
2297 2466 2562 2532 tempore
2582 2477 2701 2533 quo
2726 2461 2977 2516 docebat
3001 2460 3293 2525 Christus;
3315 2459 3583 2514 dicemus

224 2542 455 2616 ἐροῦμεν,
485 2545 566 2596 ὅτι
594 2552 693 2596 τῶν
721 2542 916 2596 πολλῶν
956 2547 986 2602 ἡ
1031 2547 1190 2595 κακία
1217 2543 1462 2597 καλύπτει
1491 2553 1590 2597 τῶν
1640 2544 1824 2616 ὀλίγων

1934 2548 2098 2620 quod
2143 2548 2463 2606 multorum
2504 2549 2729 2606 malitia
2765 2565 3090 2622 paucorum
3121 2548 3377 2604 occultat
3406 2549 3583 2604 virtu-

224 2636 321 2690 τὴν
353 2632 558 2708 ἀρετὴν,
591 2637 680 2685 καὶ
722 2635 781 2684 τό
821 2638 922 2684 πᾶν
976 2630 1077 2685 ἀπὸ
1124 2641 1216 2685 τοῦ
1255 2633 1619 2697 πλεονάζοντος
1657 2639 1828 2710 κρίνε-

1936 2641 2077 2705 tem;
2092 2644 2228 2695 etex
2241 2639 2570 2712 eo,quodin
2587 2640 2718 2712 ipso
2730 2637 3280 2712 abundat,quidvisj
3294 2637 3581 2694 udicatur.

215 2740 326 2773 ται.

328 2816 474 2864 ΚΕΦ.
510 2808 644 2865 ΜΞΪ.
678 2815 803 2887 Περὶ
825 2818 916 2872 τῆς
946 2809 1180 2883 ἐχούσης
1200 2819 1402 2886 πνεῦμα
1431 2815 1716 2876 ασθενείας.
1937 2818 1990 2873 ΟΛ

1937 2817 2094 2874 CAP.
2117 2817 2347 2874 XLVIII.
2365 2819 2448 2874 De
2466 2819 2714 2874 muliere
2743 2822 3073 2882 contracta,
3105 2814 3383 2886 spiritum
3413 2815 3587 2884 inﬁr-

2507 2907 2724 2963 mitatis
2754 2907 3014 2964 habente.

294 2989 392 3042 ἾΙν
421 2985 480 3042 δε
508 2985 784 3043 διδάσκων
814 3022 882 3030 -
919 2992 1074 3045 ὀκτώ.
1108 2995 1380 3065 Δαιμόνιον
1411 2990 1721 3068 ἀρρωστίας,
1752 2995 1822 3064 μὴ

2012 2997 2180 3054 Vers.
2220 2998 2308 3054 10.
2339 2997 2801 3054 Docebatautem
2834 3028 2902 3039 —
2933 2998 3091 3052 Vers.
3126 2996 3215 3051 11.
3273 3002 3422 3052 octo.
3467 2993 3587 3050 Da-

219 3077 314 3131 ἒῶν
344 3079 506 3138 αὐτὴν
527 3080 755 3151 ὑγιᾶναι.

1945 3085 2211 3141 monium
2276 3084 2714 3154 imbecillitatis,
2775 3099 2898 3141 non
2943 3085 3146 3140 sinens
3189 3084 3355 3140 illam
3396 3083 3591 3141 vivere

1864 3187 1906 3244 ρ
1941 3191 2080 3231 cum
2109 3175 2319 3231 salute.

298 3257 404 3312 Καὶ
445 3253 506 3316 ἧν
563 3287 632 3297 -
685 3262 1072 3331 προσεφώνησε.
1124 3258 1538 3332 Σπλαχγνισθεὶς
1596 3259 1828 3313 ἐκάλεσεν

2012 3266 2173 3319 Vers.
2210 3265 2300 3320 11.
2331 3263 2588 3335 Eratque
2619 3293 2684 3304 —
2708 3261 2872 3318 Vers.
2935 3265 3016 3319 l2.
3077 3269 3325 3320 vocamt.
3373 3262 3592 3319 Miseri-

223 3346 412 3404 αὑτήν.

1940 3353 2145 3409 cordia
2171 3357 2367 3409 motus
2389 3352 2621 3408 vocavit
2646 3351 2830 3408 illam.

298 3441 400 3489 Καὶ
463 3467 527 3477 -
576 3440 719 3490 Θεόν.
771 3439 1042 3489 Πιστεύειν
1098 3441 1188 3490 καὶ
1241 3437 1575 3511 εὐγνωμονεῖν
1633 3439 1828 3511 ἔμελλεν

2015 3445 2169 3498 Vers.
2196 3444 2283 3498 12.
2314 3443 2481 3497 Et—
2510 3443 2672 3496 Vers.
2719 3445 2803 3496 13.
2859 3440 3061 3496 Deum.
3117 3439 3424 3497 Creditura
3468 3444 3593 3497 erat

216 3527 253 3584 ἡ
284 3530 436 3596 γυνή.
469 3531 568 3580 Καὶ
595 3529 696 3600 γὰρ
727 3531 818 3579 καὶ
846 3522 919 3578 δι’
943 3526 1100 3579 αὐτόν
1146 3524 1288 3592 ἦλθε,
1316 3533 1406 3580 καὶ
1440 3528 1644 3581 ἰαθείσα
1671 3530 1832 3602 εὐχα-

1942 3531 2224 3588 mulieret
2269 3537 2436 3605 grata
2483 3530 2702 3589 futura.
2751 3529 3066 3603 Siquidem
3109 3529 3290 3586 etiam
3351 3535 3594 3602 propter

215 3623 391 3685 ριστεί
417 3635 429 3647 ·
465 3612 552 3668 διὸ
576 3621 664 3667 καὶ
688 3619 896 3687 ταχέως
925 3617 1086 3674 αὑτὴν
1114 3615 1446 3691 ἐθεράπευσε,
1465 3617 1601 3691 λόγῳ
1628 3623 1736 3692 μὲν,
1763 3623 1831 3682 ὡς

1940 3622 2141 3694 ipsum
2169 3625 2428 3685 venerat,
2457 3624 2513 3676 et
2552 3624 2767 3676 sanata
2785 3619 3009 3691 gratias
3041 3620 3185 3690 agit.
3218 3618 3357 3675 ldeo
3384 3618 3596 3674 veloci-

219 3709 370 3772 Θεὸς,
405 3703 635 3758 ἐπιθέσει
663 3701 722 3758 δε
759 3714 972 3782 χειρῶν,
998 3708 1068 3769 ὡς
1089 3707 1376 3782 ἄνθρωπος.

1941 3717 2027 3768 ter
2055 3727 2188 3767 eam
2229 3711 2474 3778 curavit;
2507 3711 2690 3766 verbo
2720 3710 2984 3783 quidem,
3021 3714 3082 3765 ut
3112 3709 3285 3775 Deus,
3303 3724 3595 3766 manuum

1940 3817 2082 3857 vero
2107 3799 2516 3873 impositione,
2566 3804 2842 3872 tanquam
2891 3799 3097 3855 homo.

292 3886 521 3936 Ἐτύπου
554 3879 613 3936 δὲ
642 3883 671 3941 ἡ
704 3887 835 3954 γυνὴ
883 3882 1014 3939 αὕτη
1069 3888 1164 3943 τὴν
1213 3890 1388 3944 κοινὴν
1431 3884 1826 3961 ἁνθρωπότητα,

2015 3891 2330 3963 Figurabat
2359 3890 2486 3946 haec
2513 3890 2722 3945 mulier
2743 3904 3131 3945 communem
3157 3887 3595 3945 humanitatem

223 3980 339 4034 ταῖς
396 3971 660 4046 ἑπηρείαις
712 3979 804 4024 τοῦ
861 3978 1063 4025 Σατανᾶ
1127 3971 1518 4043 ἀσθενήσασαν,
1581 3982 1670 4030 καὶ
1730 3980 1830 4031 ὑπὸ

1943 3982 2177 4037 Satanae
2207 3979 2525 4036 insultibus
2551 3979 2946 4049 debilitatam,
2969 3984 3024 4035 et
3056 3978 3134 4034 ab
3187 3977 3496 4034 affectibus
3534 3978 3597 4032 in

218 4072 319 4117 τῶν
363 4064 541 4115 παθῶν
596 4060 664 4122 εἰς
719 4068 820 4132 γῆν
885 4065 1312 4133 συγκύπτουσαν,
1369 4069 1459 4117 καὶ
1489 4072 1666 4138 χαμαὶ
1707 4073 1833 4142 πρὸς

1943 4076 2158 4126 terram
2183 4071 2550 4133 inclinatam,
2575 4085 2642 4124 ac
2666 4068 2833 4123 humi
2864 4068 2940 4124 ad
2961 4073 3192 4123 terrena
3204 4071 3593 4122 contractam:

221 4156 290 4204 τὰ
331 4152 497 4226 γεηρᾶ
567 4153 877 4223 συρομένην,
940 4155 1030 4202 καὶ
1091 4156 1163 4223 μὴ
1226 4148 1514 4225 δυναμένην
1569 4154 1834 4226 ἀνακύψαι

1942 4175 2053 4215 nec
2081 4159 2330 4215 omnino
2356 4163 2653 4229 potentem
2683 4158 2755 4212 ad
2778 4157 3062 4222 coelestia,
3096 4156 3299 4210 divina
3333 4171 3402 4210 ac
3433 4153 3597 4209 intel-

226 4241 355 4302 ὅλως
378 4245 508 4313 πρὸς
537 4242 603 4292 τὰ
655 4239 872 4312 οὐράνια
914 4244 1004 4292 καὶ
1059 4242 1171 4293 θεῖα
1221 4247 1311 4294 καὶ
1361 4246 1536 4308 νοητὰ,
1571 4245 1632 4302 ἦν
1671 4245 1832 4308 οὕτως

1942 4248 2192 4318 ligibilia
2229 4250 2405 4320 caput
2452 4262 2690 4301 sursum
2736 4247 2980 4315 erigere,
3033 4244 3206 4315 cujus
3255 4245 3338 4299 ita
3387 4243 3596 4297 misere

227 4329 450 4390 ἐλεεινῶς
497 4332 748 4401 ἔχουσαν,
807 4332 1041 4403 ᾤκτειρεν
1099 4331 1124 4382 ό
1185 4330 1425 4392 πλάστης
1509 4333 1686 4398 αὐτῆς,
1744 4339 1834 4385 καὶ

1943 4337 2213 4393 habentis
2251 4339 2534 4391 misertus
2584 4339 2690 4390 est.
2751 4334 2850 4405 qui
2911 4349 3043 4389 eam
3082 4332 3442 4388 formaverat
3485 4346 3496 4385 :
3542 4335 3597 4386 et

230 4417 437 4471 ἐκάλεσε
490 4422 622 4490 πρὸς
682 4418 862 4471 ἑαυτὸν
922 4416 1016 4471 διὰ
1057 4426 1148 4472 τοῦ
1189 4419 1527 4492 Εὐαγγελίου,
1555 4428 1645 4475 καὶ
1675 4421 1834 4496 ἀνώρ-

1944 4441 2051 4498 per
2076 4423 2464 4494 Evangelium
2494 4423 2574 4480 ad
2602 4438 2664 4478 se
2687 4421 2928 4478 vocavit
2966 4437 3036 4476 ac
3061 4420 3265 4486 erexit,
3300 4425 3363 4475 ut
3412 4419 3592 4484 viam,

236 4508 398 4559 θωσεν
430 4505 501 4567 εἰς
521 4510 580 4559 τό
602 4507 899 4584 εὐθυπορεῖν
945 4512 1041 4568 τὴν
1093 4512 1224 4585 πρὸς
1283 4510 1496 4584 οὐρανόν
1536 4510 1832 4584 ἁνάγουσαν
1865 4540 1898 4596 Ε

1536 4510 1832 4584 ἀνάγουσαν
1865 4540 1913 4596 D
1947 4530 2080 4588 quae
2110 4513 2172 4569 in
2202 4512 2418 4569 coelum
2456 4511 2641 4581 ducit,
2682 4515 2844 4567 recta
2881 4509 3175 4567 transiret.

231 4592 378 4649 ὁδόν.

300 4685 626 4760 ’Δποκριθεὶς
677 4716 746 4728 -
786 4687 1075 4740 Σαϐϐάτου.
1127 4691 1261 4763 Πρός
1317 4693 1403 4742 τὸν
1465 4696 1694 4764 Χριστόν
1750 4695 1834 4747 οὗ·

2021 4691 2166 4748 Vers
2227 4694 2308 4747 14.
2351 4689 2727 4759 Respondens
2757 4719 2826 4730 —-
2872 4685 3122 4742 Sabbati.
3172 4684 3399 4742 Christo
3451 4682 3595 4740 nihil

229 4772 318 4830 δεν
385 4776 542 4846 εἶπεν,
593 4774 962 4850 εὐλαϐούμενος
1029 4781 1124 4837 τὴν
1175 4777 1600 4852 ὑπερϐάλλουσαν
1649 4782 1832 4858 ἀρετὴν

1505 4801 1600 4834 σαν
1649 4782 1832 4858 ἀρετὴν
1944 4783 2108 4849 dixit,
2140 4781 2357 4839 veritus
2380 4777 2664 4836 eximiam
2687 4777 2815 4850 ejus
2858 4777 3161 4834 virtutem.

234 4885 419 4921 αυτου.

301 4954 586 5033 Ἀπεκρίθη
650 4986 720 4997 —
779 4952 1046 5009 Σαϐϐάτου
1099 4974 1118 5030 ς
1185 4954 1496 5034 ’Υποκριτὰς
1713 4963 1834 5017 ὠνό-

2015 4963 2181 5019 Vers.
2230 4959 2318 5014 15.
2379 4952 2694 5028 Respondit
2753 4983 2821 4994 --
2873 4950 3039 5009 Vers.
3102 4951 3187 5006 16.
3265 4947 3508 5008 Sabbati
3566 4945 3595 5005 τ

1444 5139 1664 5211 Variae
1693 5143 2026 5215 lectiones
2067 5148 2136 5212 et
2163 5148 2342 5210 noue

299 5331 418 5404 (37)
445 5335 613 5387 Hunc
642 5330 844 5412 ipsum
874 5329 1075 5412 locum
1099 5332 1348 5412 respicit
1375 5335 1690 5412 Qregorius
1721 5343 1829 5397 Na-
1940 5340 2138 5398 refert.
2171 5342 2275 5394 239
2306 5335 2410 5392 ﬁn.
2439 5333 2578 5412 Utor
2605 5334 2808 5412 autem
2822 5327 3079 5412 editione
3099 5323 3381 5412 ‘Gregorii
3408 5326 3596 5384 BasiI.

221 5403 578 5486 zianzenus,
599 5403 702 5486 qui
733 5419 871 5486 cum
925 5403 1243 5486 codicibus;
1279 5407 1624 5486 melioribus
1669 5411 1828 5486 legit,
1941 5412 2081 5486 1550
2109 5405 2648 5486 quamquondam
2683 5403 2917 5486 juvenis
2951 5405 3413 5486 .tractaveram.
3481 5471 3495 5486 ρ

218 5471 682 5559 κόπριαειΗεώὲι.
715 5481 916 5559 autem
975 5475 1266 5559 περιϐαλεῖν
1323 5483 1534 5559 κόπρια.
1601 5499 1658 5554 p.

2013 5471 2386 5555 (38)'Etenin'1
2414 5478 2468 5532 iu
2502 5480 2662 5533 textu
2685 5471 2912 5530 habent
2942 5471 3240 5546 ὑποκριταί,
3304 5485 3427 5526 non
3473 5471 3597 5522 ὑπο-

221 5546 389 5606 med.
423 5551 639 5604 lterum
667 5546 829 5603 hunc
854 5546 1054 5604 locum
1087 5546 1622 5621 attingen's,éodem
1649 5546 1830 5611 modo
1938 5546 2113 5628 κρίτά.

300 5699 392 5772 (η)
425 5699 587 5756 Inter
622 5712 736 5775 eos.
773 5696 1360 5775 Vi_d_etur_invenisse,
1392 5701 1440 5756 ἕν
1470 5703 1665 5768 αὐτοῖς.
1699 5703 1862 5764 Male.
1904 5705 1962 5760 'E'

1931 5713 1984 5760 Ξν
2016 5703 2220 5772 αὐταῖς,
2261 5701 2322 5759 id
2353 5705 2460 5769 est,
2492 5705 2607 5762 ταῖς
2633 5699 2780 5775 τρισί
2818 5693 3056 5752 πολιτεία
3096 5697 3159 5762 ις.
3187 5695 3340 5765 Ergo
3361 5694 3423 5750 in
3449 5694 3593 5750 istis.

225 5768 526 5846 Morante
565 5769 741 5827 etiam
776 5768 1116 5827 addiderim
1147 5774 1309 5846 quin.

513 5865 754 5927 PATROL.
796 5868 901 5928 Ga.
941 5833 1186 5931 CXXIX:
1992 5833 2001 5842 '

1992 5833 2001 5842 ’
3245 5862 3318 5930 82
