4210 6448
627 345 763 414 1003

1965 342 2317 409 EUTHYMII
2351 345 2678 408 ZlGABENl

3874 350 4007 413 1004

627 477 978 558 Hypocritas
1007 475 1336 534 nominavit
1359 491 1461 532 eos
1503 475 1608 548 qui
1665 492 1800 532 cum
1865 475 2130 548 principe
2179 477 2278 549 Sy-

2393 495 2530 548 μασε
2560 480 2680 539 τούς
2704 479 2838 531 κατά
2868 479 2982 549 (39)
3030 481 3116 531 τὸν
3162 474 3628 553 ἀρχισυνάγωγον,
3681 483 3752 544 ὥς
3780 485 4005 558 ύποκρι-

626 584 879 642 nagogaa
917 572 1086 624 erant
1113 572 1334 638 :utpote
1374 564 1685 633 ﬁngentes,
1721 580 1785 621 se
1814 563 2006 634 legem
2031 565 2278 621 Sabbati

624 658 943 724 honorare,
976 655 1077 711 sed
1121 655 1233 711 hoc
1249 661 1534 726 prmtextu
1558 671 1732 710 suam
1758 653 2046 710 invidiam
2079 653 2284 710 defen-

626 747 860 812 dentes,
887 762 956 803 ac
972 743 1460 816 sanitatem,qum
1489 743 1764 799 Sabbatis
1790 743 2050 809 daretur,
2084 743 2282 816 prohi-

625 835 836 893 bentes
879 834 1049 908 :quia
1080 833 1344 890 Sabbato
1377 832 1758 905 potissimum
1825 831 2096 898 curabat,
2151 833 2282 889 ideo

624 925 792 998 quod
815 929 954 982 tunc
982 938 1308 979 concursus
1328 927 1485 978 esset
1513 922 1912 988 turbarum,et
1943 927 2084 978 tunc
2115 922 2283 979 vehe-

629 1019 861 1072 menter
889 1012 1270 1070 admirationi
1320 1010 1674 1068 habebatur.

699 1105 817 1159 Aut
837 1101 1178 1174 bypocritas
1205 1101 1373 1169 dixit,
1428 1101 1570 1172 puia
1630 1099 1959 1171 ﬁngebant,
2029 1116 2092 1156 se
2137 1101 2282 1158 scire

628 1192 845 1264 legem,
874 1191 1005 1261 ejus
1021 1190 1966 1259 autemintellectumignorabant
1996 1206 2009 1244 :
2053 1190 2102 1247 si
2121 1191 2283 1246 enim

631 1296 839 1337 curam
852 1279 1210 1337 irrationalis
1219 1279 1472 1350 jumenti
1491 1277 2079 1352 permittebat,multo
2091 1279 2281 1349 magis

631 1368 1309 1440 rationalis,cumlonge
1343 1367 1654 1441 pretiosior
1667 1369 1741 1424 sit
1773 1367 1959 1425 homo
1986 1369 2280 1441 iumento.

704 1549 867 1605 Vers.
900 1547 987 1603 t7.
1021 1548 1282 1619 Cumque
1309 1545 1433 1603 hac
1461 1545 1681 1603 diceret
1723 1576 1786 1588 —
1838 1549 1986 1617 ejus.
2045 1547 2284 1618 Propter

633 1637 1168 1711 reprehensionem,
1214 1636 1309 1691 cui
1353 1635 1748 1692 contradicere
1810 1651 1930 1692 non
1994 1642 2280 1708 poterant.

705 1729 863 1784 Vere.
892 1727 974 1783 t7.
1001 1727 1077 1782 Et
1102 1725 1290 1782 omnis
1327 1755 1397 1766 —
1433 1740 1519 1781 eo.
1576 1727 1889 1798 Tanquam
1937 1726 2015 1782 ab
2063 1726 2285 1784 invidia

631 1817 838 1883 libera,
862 1823 918 1873 et
946 1821 1239 1888 tanquam
1263 1814 1342 1870 ab
1371 1815 1505 1887 ipso
1530 1813 1746 1872 affecta
1787 1815 2104 1874 beneﬁcio.

1027 1905 1178 1960 CAP.
1218 1904 1402 1959 XLIX.
1445 1903 1525 1961 De
1564 1905 1887 1975 parabolis.

705 1994 874 2051 Vers.
924 1995 1004 2051 t8.
1039 1994 1280 2051 Dicebat
1309 2024 1374 2034 —
1418 1995 1576 2049 Vers.
1616 1998 1697 2051 t9.
1728 1995 1910 2051 ramis
1940 1998 2088 2066 ejus.
2119 1995 2282 2052 Hanc

634 2084 1081 2152 similitudinem
1111 2083 1343 2140 vocavit
1364 2083 1669 2140 Mattheus
1700 2084 2067 2156 parabolam,
2094 2102 2284 2159 quam

633 2175 865 2234 tertiam
890 2172 1186 2230 ordinavit
1233 2172 1511 2229 vicesimo
1569 2179 1786 2246 quarto
1843 2175 2143 2247 Evangelii
2189 2175 2285 2232 sui

633 2263 851 2336 capite,
892 2267 951 2319 et
985 2279 1045 2319 in
1069 2262 1198 2335 ipso
1215 2262 1346 2333 lege
1374 2263 1504 2332 ejus
1550 2263 1985 2320 enarrationem
2025 2265 2068 2317 ³.

702 2355 870 2410 Vere.
898 2352 985 2408 ΞΟ.
1028 2353 1345 2409 Rursus—
1393 2352 1554 2408 Vers.
1604 2352 1697 2410 2t.
1753 2359 1955 2409 totum.
2014 2356 2132 2411 Hoc
2175 2362 2282 2426 est,

633 2447 758 2504 tota
783 2441 992 2500 farina.
1029 2444 1191 2498 llanc
1220 2457 1463 2514 quoque
1502 2441 1952 2499 similitudinem
1982 2443 2077 2500 ille
2127 2443 2285 2500 dicto

633 2533 819 2606 capite
832 2531 1154 2590 nominans
1167 2529 1578 2603 parabolam,q
1589 2535 1758 2587 uarto
1775 2532 1906 2588 loco
1918 2531 2282 2600 collocavit‘,

633 2630 692 2684 et
716 2638 918 2697 quare
938 2622 1118 2678 etiam
1141 2621 1223 2676 ibi
1253 2623 1385 2691 ejus
1429 2621 1997 2692 interpretationem.

704 2715 746 2782 -ι-
780 2713 815 2778 ·ί’
867 2712 1001 2767 [ltro
1051 2709 1276 2766 habent
1320 2712 1865 2780 interpretationem
1917 2713 2284 2768 accuratissi-

631 2817 816 2862 mam.
848 2799 1048 2857 Mulier
1088 2800 1250 2854 enim
1303 2804 1392 2853 est
1445 2797 1702 2854 Ecclesia
1740 2799 1840 2854 Dei
1870 2818 1888 2870 ;
1943 2800 2285 2857 fermentum

628 2894 852 2953 autem,
883 2887 1088 2943 divina
1113 2893 1220 2941 eta
1247 2888 1366 2942 Deo
1390 2887 1608 2958 scripta
1631 2886 1759 2952 lex;
1792 2894 1904 2944 tres
1923 2905 2059 2944 vero
2082 2897 2281 2962 partes

628 2984 848 3043 mentis
877 2982 1014 3031 sunt
1046 2975 1156 3032 tria
1182 2980 1334 3042 sata,
1368 2975 1616 3032 allectus
1665 2977 2080 3047 vehementior,
2117 2980 2283 3036 intel-

626 3067 814 3125 lectus
842 3071 898 3122 et
920 3065 1282 3122 desiderium
1315 3063 1623 3121 meliorum
1651 3081 1927 3137 operum,
1961 3068 2020 3123 in
2056 3069 2282 3141 quibus

2392 571 2633 637 νομένους
2662 571 2751 639 μεν
2780 574 2933 639 τιμᾲν
2959 572 3046 620 τόν
3073 577 3164 621 τού
3186 569 3452 622 Σαϐϐάτου
3475 569 4003 643 νόμον,ἐκδικοῡντας

2395 651 2428 707 δ
2433 660 2453 708 ε
2483 661 2568 708 τὸν
2600 659 2780 728 φθόνον
2830 658 3040 722 ἑαυτῶν,
3097 663 3181 710 καὶ
3212 659 3505 722 κωλύοντας
3527 666 3620 718 τὴν
3646 664 3698 713 έν
3753 662 4002 735 Σαϐϐάτῳ

2395 745 2687 816 θεραπείαν,
2727 742 2866 798 διότι
2893 746 2942 798 έν
2974 747 3219 819 Σαϐϐάτῳ
3249 747 3482 819 μάλιστα
3538 751 3862 823 θεραπεύων,
3917 750 4001 805 διὰ

2391 838 2484 892 τὴν
2514 843 2799 892 τηνικαῦτα
2827 832 3127 909 συνδρομὴν
3151 845 3252 889 τῶν
3280 837 3450 909 ὄχλων
3484 847 3781 896 τηνικαύτα
3830 838 3866 892 δ
3871 861 3999 913 ιαφε-

2390 929 2578 996 ρόντως
2601 923 2946 997 ἐθαυμάζετο.

2462 1101 2528 1155 Ἦ
2581 1105 2651 1164 ὡς
2713 1106 3146 1180 ὑποκρινομένους
3223 1109 3314 1178 μεν
3402 1102 3598 1159 εἰδέναι
3664 1111 3755 1160 τὸν
3849 1115 3989 1182 νόμον

2391 1194 2698 1263 ἀγνοοῦντας
2729 1190 2787 1246 6":
2821 1199 2915 1252 τὴν
2947 1191 3182 1247 διάνοιαν
3231 1199 3411 1249 αύτού.
3447 1197 3506 1248 Ι·Σί
3558 1199 3661 1271 γὰρ
3689 1203 3793 1256 τὴν
3833 1197 3990 1270 ἐπιμί-

2388 1281 2527 1334 λειαν
2566 1291 2658 1335 τού
2699 1282 2887 1355 ἀλόγου
2920 1285 3057 1344 ζώου
3089 1291 3429 1357 συνεχώρησε
3447 1287 3783 1357 (40),πολλῷ
3815 1289 3989 1360 μᾶλλον

2391 1375 2484 1431 τὴν
2522 1380 2614 1424 τού
2639 1372 2852 1444 λογικοῦ
2883 1393 2896 1406 ο
2921 1379 3221 1448 τιμιώτερος
3247 1378 3350 1449 γὰρ
3373 1384 3465 1428 τού
3493 1382 3722 1438 κτήνους
3751 1379 3779 1429 ὁ
3809 1380 3989 1452 ἄνθρω-

2390 1480 2505 1523 πος.

2465 1556 2564 1604 Καὶ
2586 1559 2754 1604 ταῦτα
2802 1551 3035 1624 λέγοντος
3069 1583 3137 1594 -
3185 1552 3346 1624 αύτῷ.
3381 1557 3476 1606 Διὰ
3506 1559 3592 1606 τὸν
3626 1554 3982 1631 ἀναντίρρητον

2391 1641 2628 1713 ἔλεγχον.

2465 1737 2565 1784 Καὶ
2594 1737 2692 1791 πᾶς
2715 1759 2787 1773 --
2823 1730 3002 1784 αύτού.
3023 1731 3111 1794 Ὠς
3137 1730 3525 1806 ἀπηλλαγμένος
3557 1732 3880 1806 βασκανίας,
3905 1742 3973 1788 καί

2314 1831 2362 1886 Β
2393 1822 2462 1883 ὡς
2482 1820 2894 1892 εὐεργετούμενος
2932 1823 3017 1873 ὑπ’
3045 1822 3227 1875 αὑτοῦ.

2707 1915 2850 1964 ΚΕΦ.
2897 1911 3008 1963 ΜΘ
3081 1917 3203 1982 Περὶ
3230 1921 3329 1963 τῶν
3358 1912 3690 1986 παραϐολῶν,

2463 1998 2638 2069 Ἔλεγε
2676 2030 2744 2040 -—
2782 1995 3000 2061 κλάδοις
3022 2000 3202 2054 αύτου.
3231 2004 3436 2058 Ταύτην
3465 2007 3560 2060 τήν
3591 2004 3863 2074 ὁμοίωσιν,
3888 2023 3973 2054 πα-

2391 2086 2611 2160 ραϐολὴν
2641 2088 2904 2161 ὠνόμασεν
2934 2091 2960 2140 ό
3001 2092 3284 2151 Ματθαῑος,
3327 2090 3386 2148 ἣν
3411 2096 3500 2144 καὶ
3538 2097 3721 2165 τρίτην
3754 2091 3970 2154 ἓταξενίν

2393 2185 2466 2246 τῷ
2493 2178 2711 2248 εἰκοστῷ
2735 2181 2958 2250 τετάρτῳ
2987 2180 3247 2251 κεφαλαίῳ
3274 2180 3456 2238 αὐτού.
3482 2187 3579 2234 Καὶ
3614 2181 3863 2253 ἀνάγνωθι
3891 2187 3970 2238 τὴν

2395 2265 2644 2337 ἐξήγησιν
2666 2267 2827 2329 αὐτῆς
2860 2266 2908 2318 έν
2931 2266 3122 2339 ἐκείνῳ.

2467 2355 2626 2408 Πάλιν
2652 2387 2719 2396 -
2745 2357 2880 2412 ὅλον.
2911 2355 3064 2409 Ὀλον
3089 2361 3148 2408 τὸ
3178 2357 3408 2431 ἄλευρον.
3457 2364 3556 2412 Καὶ
3590 2364 3775 2417 ταύτην
3803 2356 3859 2411 δε
3881 2363 3965 2416 τὴν

2394 2447 2642 2518 ὁμοίωσιν
2673 2449 2922 2508 ὡσαύτως
2949 2447 3061 2517 (bl)
3093 2446 3394 2520 παραϐολὴν
3417 2447 3606 2510 έκεῖνος
3643 2449 3886 2520 ὀνομάσας
3912 2446 3959 2498 έν

2394 2533 2566 2606 έκείνῳ
2615 2545 2685 2605 τῷ
2713 2536 2971 2608 κεφαλαίῳ
3020 2537 3135 2608 (42)
3162 2539 3409 2609 τετάρτην
3441 2539 3598 2604 ἔταξε,
3637 2544 3713 2588 καί
3740 2541 3949 2598 ζήτησον

2393 2630 2483 2677 καί
2513 2630 2604 2683 τὴν
2632 2628 2829 2687 ταύτης
2852 2626 3121 2698 ἑρμηνείαν
3156 2625 3280 2683 ἐκεῖ.

2463 2713 2666 2787 [Ταύτα
2692 2716 2804 2785 (4³)
2858 2718 3075 2785 ἔχουσιν
3107 2714 3358 2787 ὶξήγησιν
3407 2714 3781 2788 ἀκριϐεστάτην.
3826 2714 3951 2766 Γυνή

2393 2809 2482 2876 μέν
2512 2802 2672 2870 ἔστιν,
2727 2806 2753 2862 ὁ
2792 2809 2919 2857 Θεοῦ
2962 2805 3250 2862 Ἐκκλησία
3284 2825 3296 2837 ·
3335 2807 3474 2877 ζύμη
3517 2802 3594 2874 δε,
3644 2806 3669 2856 ὁ
3721 2805 3846 2861 Θείος
3879 2804 3963 2851 καὶ

2395 2893 2677 2965 διάγραφος
2714 2899 2863 2965 νόμος
2905 2911 2916 2922 ⁸
2959 2894 3148 2965 ψυχῆς
3174 2914 3224 2946 τε
3253 2900 3516 2969 τριμερία,
3565 2897 3630 2946 τὰ
3682 2896 3792 2962 τρία
3822 2892 3965 2950 σάτα,

2394 2982 2571 3053 θυμὸς,
2603 2981 2767 3053 λόγος,
2794 2985 2952 3045 πόθος
2977 3002 3030 3036 τε
3060 2991 3356 3052 κρειττόνων
3384 2987 3564 3056 ἔργων,
3609 2981 3658 3035 έν
3688 2982 3758 3042 οἷς
3797 2981 3820 3032 ὁ
3850 2981 3968 3039 θεῖος

2395 3073 2748 3144 συμφυραθείς
2777 3092 2886 3134 πως
2905 3073 3204 3144 λόγος,ὀλην
3234 3076 3571 3146 συνεζύμωσε
3589 3077 3681 3131 τὴν
3698 3080 3755 3130 τῆ
3768 3069 3971 3140 ςψυχῆς

627 3156 867 3213 divinus
897 3154 1224 3210 intellectus
1265 3155 1720 3226 quodammodo
1774 3156 2282 3216 conlermentatus
2316 3184 2362 3243 ο
2393 3163 2566 3232 φύσιν.
2598 3159 2621 3234 ]

628 3250 815 3303 totam
842 3244 1054 3302 mentis
1082 3249 1360 3300 naturam
1405 3243 1585 3300 simul
1635 3243 2030 3303 lermentavit.

629 3335 764 3392 CAP
798 3376 812 3390 .
845 3333 1008 3390 L.De
1031 3333 1226 3405 eo,qui
1255 3333 1573 3390 Dominum
1590 3335 2092 3406 interrogabal,an
2102 3337 2284 3407 pauci

839 3428 1040 3490 essent,
1083 3423 1187 3496 qui
1244 3423 1490 3479 salutem
1552 3434 2060 3495 consequerentur.

700 3513 865 3570 νοτε.
883 3515 973 3568 22.
988 3512 1064 3568 Et
1077 3513 1314 3568 —Vers.
1334 3511 1424 3568 23.
1441 3513 1541 3584 qui
1552 3513 1798 3568 salutem
1810 3515 2283 3587 consequuntur?

630 3601 802 3670 Εἶπεν,
832 3602 1010 3670 dixit,
1053 3601 1292 3673 ponitur
1337 3601 1453 3658 hoc
1495 3601 1629 3658 loco
1684 3618 1815 3674 pro,
1876 3604 2282 3673 interrogavit.

631 3692 888 3760 Quidam
938 3697 1140 3747 autem
1201 3691 1661 3762 interpretantur
1731 3688 1887 3758 εἶπεν,
1940 3693 2005 3761 εἰ,
2060 3694 2115 3748 id
2173 3701 2282 3760 est,

633 3781 818 3847 Dixit,
858 3779 1080 3850 sane(o)
1124 3782 1230 3846 ;ut
1259 3778 1333 3835 sit
1371 3795 1626 3835 sensus:
1669 3779 1862 3838 Dixit:
1915 3783 2068 3839 Sane
2108 3784 2286 3855 pauci

631 3877 790 3937 sunt,
816 3869 920 3942 qui
946 3867 1272 3924 salvantur.

703 3958 861 4014 νοτε.
890 3957 1142 4026 23.1pse
1174 3971 1310 4013 vero
1365 3986 1435 3997 —
1485 3955 1660 4015 Vers.
1719 3958 1813 4015 24.
1875 3961 2136 4018 Portam.
2196 3962 2288 4019 Ad

627 4045 1156 4118 interrogationem
1189 4045 1438 4119 quidem
1478 4062 1596 4103 non
1627 4049 1956 4119 respondit,
2008 4067 2080 4108 eo
2123 4054 2287 4125 quod

630 4137 932 4210 superﬂua
960 4141 1116 4192 esset
1162 4141 1217 4192 et
1274 4135 1579 4208 insipiens.
1641 4137 1791 4202 Quid
1829 4141 1986 4194 enim
2048 4142 2290 4213 prodest

627 4227 858 4284 discere
882 4268 896 4293 ,
931 4225 1189 4299 paucine
1221 4224 1358 4292 sint,
1401 4242 1476 4282 an
1509 4227 1699 4296 multi,
1749 4229 1854 4300 qui
1913 4230 2218 4289 salventur
2268 4250 2282 4288 :

631 4317 823 4374 solum
856 4321 1059 4372 autem
1084 4316 1232 4373 dixit
1283 4316 1524 4372 modum
1579 4334 1702 4390 quo
1748 4326 1945 4390 posset
1981 4321 2286 4392 quispiam

632 4407 835 4466 salvus
864 4407 1014 4472 fieri,
1054 4412 1113 4461 et
1155 4404 1356 4462 docuit
1407 4406 1574 4478 quod
1625 4407 1704 4463 ad
1759 4407 2014 4465 salutem
2055 4411 2284 4480 ingredi

2521 3345 2662 3394 KEO.
2694 3339 2773 3394 N'.
2803 3344 2926 3414 Περὶ
2956 3349 3049 3393 τοῦ
3081 3343 3511 3414 ἐπερωτήσαντος,
3547 3340 3591 3395 εἰ
3631 3340 3795 3413 ὀλίγοι
3824 3341 3872 3392 οἱ

3034 3432 3340 3503 σωζόμενοι.

2465 3521 2566 3570 Καὶ
2610 3546 2680 3558 -
2713 3517 2999 3589 σωζόμενοι
3028 3534 3042 3584 ;
3075 3519 3328 3571 Ἐνταυθα
3384 3522 3442 3571 τὸ
3505 3516 3660 3582 εἶπεν,
3717 3517 3828 3570 ἀντὶ
3878 3523 3975 3583 τού,

2394 3606 2634 3678 ἠρώτησε
2688 3608 2937 3662 τέθειται.
2975 3610 3116 3670 Τινες
3158 3604 3217 3660 δε
3393 3611 3452 3660 τὸ
3496 3608 3540 3660 εί
3578 3606 3693 3660 ἀντὶ
3745 3615 3859 3674 τοῦ,
3887 3600 3977 3681 ἆρα

2394 3694 2783 3768 έρμηνεύουσιν,
2817 3693 2945 3766 οἷον,
2975 3695 3113 3772 ’Δρα
3138 3695 3305 3768 ὀλίγοι
3331 3700 3380 3750 oi
3411 3698 3699 3769 σωζόμενοι
3735 3714 3750 3765 ;

2463 3961 2522 4015 ’0
2585 3958 2642 4016 δε
2691 3993 2757 4004 -
2810 3963 2992 4025 πύλης.
3054 3967 3190 4038 Πρὸς
3260 3966 3351 4036 μεν
3416 3967 3512 4023 τήν
3592 3967 3850 4039 ἐρώτησιν
3904 3961 3986 4016 οὐκ

2396 4051 2672 4125 ἀπεκρίθη,
2706 4050 2741 4106 δ
2747 4057 2800 4106 ιόι
2837 4057 2894 4105 τὸ
2921 4058 3165 4127 περιττὴν
3196 4050 3326 4106 εἶναι
3355 4059 3445 4106 καί
3501 4053 3768 4112 ἀνόνητον.
3803 4059 3864 4107 Τί
3892 4055 3982 4124 γὰρ

2395 4142 2660 4214 ὠφελεῖται
2703 4144 2728 4194 ὁ
2768 4145 2966 4214 μαθὼν,
3010 4146 3108 4195 εἶτε
3135 4143 3320 4214 ὀλίγοι,
3358 4146 3457 4196 εἴτε
3496 4143 3677 4195 πολλοὶ
3731 4145 3786 4196 oi
3831 4143 3985 4202 σωζό-

2395 4251 2537 4305 μενοι
2571 4248 2584 4294 ;
2614 4235 2774 4288 Μόνον
2801 4229 2861 4284 δε
2889 4237 2976 4285 τόν
3006 4239 3195 4306 τρόπον
3230 4229 3356 4298 εἶπε,
3396 4229 3429 4284 δ
3436 4233 3469 4284 ι’
3491 4232 3556 4284 οὗ
3584 4234 3646 4284 ἄν
3666 4251 3747 4294 τις
3780 4234 3982 4293 σωθείη,

2395 4327 2483 4374 καὶ
2511 4317 2769 4390 ἐδίδαξεν,
2805 4324 2882 4374 ὅτι
2919 4326 3030 4395 χρὴ
3071 4321 3313 4374 εἰσελθεῖν
3356 4321 3428 4383 εἰς
3472 4325 3566 4380 τὴν
3607 4328 3876 4397 σωτηρίαν
3906 4317 3989 4372 διὰ

2396 4420 2486 4472 τῆς
2519 4420 2696 4471 στενῆς
2720 4411 2888 4473 πύλης
2919 4431 2932 4444 ·
2964 4419 3113 4464 τούτο
3140 4414 3242 4486 γὰρ
3285 4407 3345 4470 ἦν
3373 4410 3566 4482 μᾶλλον
3593 4409 3877 4483 ἀναγκαῖον
3897 4429 3988 4482 μα-

629 4503 897 4569 oporteat
929 4511 1034 4568 per
1065 4500 1379 4566 angustam
1419 4503 1650 4567 portam
1677 4516 1693 4566 ς
1732 4497 1849 4554 hoc
1876 4499 2038 4557 enim
2087 4503 2285 4572 potius
2318 4541 2368 4598 Β
2400 4503 2528 4556 θεῖν.

636 4585 1036 4642 necessarium
1063 4588 1192 4640 erat
1239 4584 1495 4640 discere.

705 4675 786 4729 De
815 4680 1074 4744 angusta
1103 4679 1294 4731 autem
1331 4679 1504 4745 porta
1529 4673 1757 4732 dictum
1785 4682 1872 4732 est
1895 4676 2103 4750 quinto
2118 4679 2290 4750 juxta

632 4763 976 4824 latthaaum
1007 4762 1221 4834 capite,
1257 4767 1314 4820 et
1351 4762 1436 4819 ibi
1490 4780 1693 4836 quaere
1722 4765 1860 4821 dicti
1900 4766 2062 4822 illius
2109 4769 2288 4828 inter-

632 4852 1019 4925 pretationem
1056 4867 1068 4906 :
1101 4852 1333 4908 Intrate
1349 4867 1450 4923 per
1477 4862 1774 4924 angustam
1793 4861 2021 4924 portam
2049 4859 2092 4914 ⁸.

706 4951 728 4987 ⁸
753 4949 953 5008 Matth.
978 4966 1102 5016 xm,
1143 4954 1232 5006 3t.
1263 4950 1416 5006 lbid.
1440 4955 1528 5007 33.
1632 4954 1653 4988 ⁵
1692 4953 1888 5010 Matth.
1913 4972 2010 5022 vn,
2065 4961 2152 5015 ω.

2469 4678 2688 4752 Είρηται
2715 4675 2774 4732 δε
2798 4683 2915 4751 περὶ
2943 4688 3038 4741 τῆς
3069 4687 3250 4742 στενῆς
3296 4679 3460 4739 πύλης
3491 4678 3542 4731 ἐν
3581 4687 3652 4749 τῷ
3677 4683 3895 4751 πέμπτῳ
3920 4696 3987 4729 κει

2397 4769 2595 4843 φαλαίῳ
2624 4777 2715 4821 τού
2745 4772 2880 4822 κατὰ
2909 4771 3197 4837 Ματθαῐον,
3222 4773 3314 4822 καὶ
3367 4771 3598 4831 ζήτησον
3637 4771 3741 4821 ἐκεῖ
3770 4777 3865 4828 την
3891 4767 3988 4830 ἐξῆ·

2394 4877 2554 4931 γησιν
2593 4867 2704 4910 τοῦ·
2738 4858 3003 4911 Εἰσέλθετε
3034 4855 3128 4910 διὰ
3157 4867 3250 4919 τῆς
3279 4866 3456 4918 στενῆς
3495 4856 3679 4918 πύλης.

1846 5079 2069 5176 variae
2100 5083 2432 5176 lectiones
2465 5095 2530 5152 et
2553 5093 2731 5152 notae

707 5219 819 5314 (3.9)
871 5217 1541 5314 ﬂenteaiairsdi‘id",
1590 5221 2080 5314 .a9_.?.i..-'¢seri.t
2145 5231 2284 5314 περί-

634 5292 831 5353 Probo
860 5312 1000 5351 cum
1032 5301 1281 5365 utroque
1311 5311 1443 5351 meo
1468 5297 1620 5347 κατά.
1658 5295 1922 5364 Intelligo
1943 5292 2163 5354 autem
2209 5292 2283 5351 ἓν.

635 5369 1004 5441 θυμουμένους,
1085 5371 1368 5441 κρίνονταςΣ
1452 5367 1561 5441 Qui
1660 5367 1898 5441 ιξοάιξῑι]Δ
1933 5369 2132 5440 modo,
2195 5371 2281 5428 uti

633 5437 748 5504 ille,
777 5437 1136 5494 sentiebant.
1166 5437 1250 5494 lla
1280 5437 1432 5492 intra
1453 5438 1530 5493 ad
1560 5453 1683 5502 xv1,
1741 5443 1828 5504 20,
1886 5438 1978 5494 bis
2030 5437 2284 5499 occurrit

631 5512 786 5574 κατά,
808 5510 883 5564 de
907 5516 1022 5565 toto
1055 5510 1186 5563 vita;
1217 5523 1435 5578 genere
1467 5514 1524 5566 et
1570 5510 2030 5569 consuetudine.

702 5581 817 5654 (40)
846 5586 1246 5653 Συνεχώρησαν.
1289 5581 1356 5636 Α.

699 5706 952 5784 (o)-Loco
977 5719 1140 5784 sane,
1173 5702 1548 5784 reddendum
1589 5709 1695 5772 est,
1726 5719 1891 5784 num.
1929 5703 2064 5784 ’ᾼρα
2119 5705 2280 5767 enim

627 5791 752 5841 non
782 5776 1252 5846 conclusionem,
1280 5777 1385 5834 sed
1415 5775 1943 5852 interrogationem
1968 5775 2062 5838 h'ic
2089 5788 2278 5840 notat.

2472 5227 2583 5296 (tl)
2616 5227 2885 5291 ὡσαύτως,
2925 5224 3143 5296 omittit
3173 5225 3231 5278 Β.

2467 5294 2580 5367 (42)
2610 5299 2622 5314 ⁸
2641 5304 2702 5350 Εν
2730 5305 2802 5367 τῷ
2824 5296 3078 5368 κεφαλαίῳ
3109 5294 3302 5368 έκείνῳ.
3339 5301 3396 5351 Β.

2467 5363 2579 5436 (43)
2605 5369 2750 5439 Haec,
2774 5363 2812 5422 ο
2844 5363 3020 5423 manu
3051 5363 3314 5438 'prorsus
3347 5365 3564 5439 recenti
3605 5364 3666 5423 in
3725 5363 3988 5439 margine

2389 5439 2572 5497 habet
2603 5444 2666 5495 A.
2709 5438 3034 5496 Hentenius
3059 5437 3186 5495 non
3218 5437 3512 5510 agnoscit.

2465 5512 2580 5585 (44)
2613 5515 2714 5565 Καὶ
2745 5516 2824 5566 τό.
2863 5517 2918 5565 Β.

2463 5705 2526 5765 Εἰ
2556 5720 2872 5782 nunquam
2902 5711 2989 5766 est
3018 5705 3287 5782 sane,s_ed
3312 5700 3487 5767 illoc
3501 5700 3982 5782 diligendo-Didy-

2389 5797 2525 5839 mus
2564 5783 2641 5839 ad
2677 5777 2849 5839 Iliad.
2891 5797 2952 5857 p.
2991 5782 3060 5839 33
3089 5780 3347 5856 explicat
3370 5783 3543 5852 ὄντως,
3575 5777 3803 5844 ἀληθῶς,
