4210 6458
181 407 322 471 1005

1266 403 1634 468 COMMENT.
1679 403 1745 464 1N
1784 398 2047 463 LUCAM.
2092 435 2158 447 -
2195 399 2352 462 CAP.
2395 399 2538 463 XIV.

3423 403 3561 465 1006

262 538 380 592 Ὀτι
413 538 596 594 πολλοὶ
624 571 693 580 -
727 539 1068 613 ἰσχύσουσιν.
1090 536 1248 590 Ὀσοι
1275 540 1346 609 μὴ
1382 532 1475 588 διὰ
1498 544 1588 596 τῆς
1619 541 1798 595 στενῆς

1980 531 2144 586 Vers.
2205 533 2294 586 ‘24.
2347 531 2499 599 Quia
2553 529 2728 588 multi
2776 563 2845 573 —
2893 538 3195 602 poterunt.
3260 533 3371 600 Qui
3437 549 3560 590 non

185 629 373 693 πύλης,
405 629 532 681 ἀλλά
579 626 673 682 διά
701 637 796 690 τῆς
821 629 1064 690 πλατείας
1109 623 1402 680 ὁδεύουσιν.
1447 627 1586 678 Ἐκεῖ
1612 620 1672 677 δε
1711 633 1801 685 καὶ

186 724 304 793 περὶ
345 729 434 781 τῆς
470 719 714 780 πλατείας
744 722 998 793 εὑρήσεις.

269 809 379 881 Ἀφ’
439 809 500 861 οὗ
567 840 635 850 —
685 804 950 870 ἐδίδαξας.
1011 809 1206 865 Τίθησι
1275 804 1595 880 παραϐολὴν,
1648 802 1800 866 φόϐον

195 895 562 972 ἕπικρεμώσαν
628 905 734 958 τοῖς
805 895 1054 970 ἀμελοῦσι
1117 903 1214 957 τῆς
1276 898 1536 967 σωτηρίας
1611 891 1797 944 αύτῶνυ

203 988 420 1040 Ηλείττει
449 990 547 1060 γάρ
597 983 979 1044 οἰκοδεσπότην
1021 988 1138 1038 τινά
1191 986 1480 1056 καθήμενον
1533 987 1622 1034 καὶ
1677 983 1800 1034 ύποσ

197 1074 483 1150 δεχόμενον
547 1081 666 1139 τούς
728 1076 906 1149 φίλους
957 1075 1137 1144 αὐτοῦ,
1187 1071 1298 1126 εἶτα
1347 1071 1662 1147 ἐγειρόμενον
1709 1075 1798 1122 καὶ

197 1165 540 1219 ἀποκλείοντα
597 1170 690 1224 τὴν
774 1167 932 1238 θύραν
982 1172 1072 1217 τοῦ
1131 1167 1274 1216 οἴκου
1331 1163 1509 1229 αὐτοῦ,
1573 1165 1663 1213 καὶ
1723 1164 1794 1232 μὴ

199 1264 590 1330 συγχωροῦντα
617 1263 725 1317 τοῖς
780 1254 955 1316 ἄλλοις
983 1252 1244 1306 εἰσελθεῖν.
1296 1259 1508 1305 Νοεῖται
1556 1247 1616 1302 δε
1663 1249 1793 1302 οἰκο-

197 1342 466 1406 δεσπότης
499 1347 608 1418 μὲν,
661 1344 834 1405 αύτόςο
894 1342 1035 1405 οἶκος
1070 1339 1147 1409 δε,
1207 1343 1238 1400 ἠ
1293 1340 1537 1414 βασιλεία
1579 1347 1677 1392 τῶν
1717 1338 1797 1390 ούο

192 1444 382 1506 ρανὼν.
444 1439 543 1487 Καὶ
595 1431 845 1492 δηλοῦται
902 1429 996 1486 διὰ
1050 1435 1138 1506 μὲν
1190 1438 1282 1484 τοῦ
1337 1431 1654 1490 καθέζεσθαι
1707 1432 1796 1480 καὶ

194 1521 560 1595 ὑποδέχεσθαι
604 1527 720 1584 τοὺς
759 1523 954 1595 φᾶους,
988 1527 1046 1574 τό
1095 1519 1358 1593 ἀναμένειν
1388 1521 1523 1592 ἄχρι
1568 1525 1663 1579 τῆς
1706 1524 1795 1569 τοῦ

193 1619 398 1684 κόσμου
436 1612 724 1674 συντελείας
771 1617 860 1664 καί
891 1607 1254 1683 ὑποδέχεσθαι
1296 1613 1418 1671 τοὺς
1457 1607 1629 1671 ἀξίους
1658 1607 1792 1679 (45)·

196 1699 290 1755 διὰ
321 1699 380 1754 δε
409 1710 498 1754 τοῦ
537 1701 808 1774 ἐγερθῆναι
833 1706 922 1754 καὶ
955 1699 1262 1753 ἀποκλεῖσαι
1291 1704 1384 1758 τήν
1413 1700 1592 1774 θύραν,
1619 1700 1677 1749 τό
1704 1703 1794 1749 τοῦ

191 1796 394 1864 κόσμου
422 1791 578 1853 τέλος.

1914 637 2019 694 per
2043 628 2361 691 angustam
2386 627 2641 694 portam,
2671 621 2773 677 sed
2804 638 2911 694 per
2929 623 3110 679 latam
3134 623 3396 694 plateam
3433 639 3564 694 gra-

1911 711 2164 768 diuntur.
2197 711 2281 768 lbi
2313 717 2513 768 autem
2547 717 2603 768 et
2627 711 2701 767 de
2731 711 3239 784 plateainvenies.

1982 802 2144 857 Vers.
2169 801 2257 856 25.
2293 802 2435 858 Cum
2458 809 2648 858 autem
2680 832 2746 842 —
2779 801 2942 858 Vers.
2976 803 3063 858 26.
3092 803 3368 858 docuisti.
3393 803 3562 860 Ponit

1911 907 2015 964 per
2037 891 2382 963 parabolam
2405 892 2674 947 timorem
2695 890 2787 946 his
2806 891 3238 957 imminentem,
3263 893 3365 964 qui
3388 909 3562 949 suam

1910 981 2218 1052 negligunt
2267 981 2522 1037 salutem
2596 980 2832 1051 Efﬁngit
2878 982 3035 1037 enim
3067 981 3562 1055 patremfamilias

1909 1070 2233 1136 sedentem,
2259 1085 2523 1142 suosque
2543 1069 2770 1126 amicos
2785 1071 3184 1143 recipientem,
3206 1072 3420 1128 deinde
3438 1089 3562 1128 sur-

1909 1163 2144 1230 gentem
2184 1175 2252 1214 ac
2302 1159 2519 1214 domus
2551 1174 2673 1214 sum
2724 1159 2942 1215 ostium
2995 1160 3392 1227 claudentem,
3451 1176 3560 1217 nec

1907 1249 2038 1305 aliis
2096 1247 2327 1318 ingredi
2387 1247 2844 1320 permittentem.
2901 1249 3028 1320 lpse
3095 1265 3237 1320 ergo
3293 1251 3560 1307 Christus

1907 1336 2337 1411 paterfamilias
2364 1335 2708 1406 intelligitur
2740 1357 2753 1396 :
2782 1337 2996 1392 domus
3039 1344 3259 1405 autem,
3305 1354 3561 1408 regnum

1907 1429 2215 1484 ccelorum.
2271 1427 2381 1481 Per
2425 1425 2540 1482 hoc
2587 1440 2745 1496 ergo,
2799 1425 2966 1497 quod
3015 1426 3180 1482 sedet
3220 1433 3278 1484 et
3334 1429 3560 1485 amicos

1904 1516 2133 1588 recipit,
2167 1515 2533 1585 signiﬁcatur
2551 1529 2738 1587 usque
2765 1515 2840 1571 ad
2863 1515 3071 1571 mundi
3097 1519 3563 1574 consummatio-

1908 1622 2044 1661 nem
2072 1609 2435 1678 exspectare,
2463 1609 2518 1660 et
2555 1619 2658 1660 eos
2697 1604 2800 1676 qui
2839 1603 3004 1674 digni
3036 1612 3196 1671 sunt,
3248 1607 3510 1679 recipere
3543 1627 3556 1677 ;

1907 1709 2014 1767 per
2041 1695 2155 1749 hoc
2189 1709 2347 1758 vero,
2381 1693 2546 1765 quod
2585 1693 2773 1764 surgit
2811 1699 2867 1751 et
2893 1694 3114 1752 Ostium
3139 1696 3386 1763 claudit,
3426 1697 3560 1753 ﬁnis

1907 1781 2120 1840 mundi
2149 1781 2482 1839 denotatur.

266 1883 333 1934 Οἱ
374 1877 433 1933 δε
475 1880 568 1943 ῖξω
616 1879 853 1944 ἑστῶτες,
905 1875 1000 1932 εἷεν
1052 1877 1112 1931 ἂν
1165 1881 1213 1931 οἱ
1259 1880 1476 1930 οῖπιστοι
1519 1873 1794 1943 Ἰουδαῖοι,

1979 1872 2087 1940 Qui
2140 1879 2340 1928 autem
2389 1871 2534 1928 foris
2587 1876 2762 1940 stant,
2818 1873 2935 1929 dici
2985 1883 3238 1947 possunt
3288 1875 3559 1934 infideles
3601 1898 3607 1903 ·

196 1970 435 2033 ξητούτες
493 1970 762 2040 εἰσεγθεῖν,
811 1973 901 2022 καὶ
963 1967 1222 2040 λέγονντες
1291 1971 1422 2042 πρός
1485 1969 1570 2018 τὸν
1647 1968 1797 2036 Θεὸν,

197 2062 297 2125 ὅτι,
367 2060 648 2131 Ἐφάγομεν
698 2063 788 2110 καὶ
843 2057 1047 2130 ἐπίομεν
1109 2057 1322 2110 ἐνώπιόν
1393 2075 1510 2112 σου.
1578 2058 1799 2116 Θύοντες

197 2151 324 2222 γὰρ,
356 2149 542 2206 ἤσθιον
595 2153 682 2199 καὶ
722 2150 888 2199 ἔπινον
941 2150 1085 2221 ποιρά
1131 2156 1202 2218 τῷ
1248 2154 1371 2216 ναῷ·
1424 2149 1513 2197 καὶ
1567 2146 1664 2208 ὅτι,
1717 2145 1801 2196 Ἐν

198 2245 311 2297 ταῖς
370 2236 639 2296 πλατείαις
696 2238 840 2308 ἡμῶν
894 2232 1164 2302 ὶδίδαξας,
1230 2235 1470 2295 πλατείας
1527 2233 1802 2306 ὀνομάζον-

199 2346 281 2388 τες
320 2328 414 2387 τὰς
463 2328 790 2396 συναγωγὰς,
823 2323 870 2376 έν
915 2326 996 2386 αἶς
1041 2326 1065 2376 ό
1105 2328 1234 2386 Θεὸς
1291 2320 1570 2376 ἐδίδασκε)
1618 2323 1801 2382 αύτούς

202 2412 295 2468 διά
351 2423 453 2467 τῶν
517 2422 740 2486 νομικῶν
796 2419 885 2466 καὶ
942 2421 1273 2486 προφητικῶν
1328 2411 1521 2485 βίϐλων
1583 2413 1801 2484 φθεγγό-

197 2523 369 2577 μενος,
417 2505 607 2566 αῖτινες
657 2505 1136 2575 ύπανεγινὼσκοντο
1181 2504 1382 2564 τούτοις
1431 2499 1478 2553 ἕν
1518 2508 1634 2564 ταῖς
1682 2520 1801 2553 συν-

197 2599 452 2664 ἀγωγαῖς.

268 2678 381 2735 Εἶεν
417 2679 463 2734 δ’
495 2680 554 2733 ἃν
599 2681 692 2744 ἔξω
740 2682 956 2743 ἔστῶτες
1011 2685 1099 2732 καὶ
1151 2688 1368 2733 τοιαῦτα
1407 2679 1658 2752 λέγοντες,
1709 2684 1799 2732 καὶ

1907 1961 2116 2026 Judaai,
2146 1966 2476 2034 quaerentes
2525 1962 2763 2031 intrare,
2796 1979 2866 2018 ac
2908 1963 3163 2020 dicentes
3205 1965 3283 2020 ad
3335 1969 3558 2024 Deum:

1911 2052 2263 2108 Comedimus
2285 2067 2353 2108 ac
2371 2051 2617 2107 bibimus
2638 2067 2833 2108 coram
2862 2059 2949 2124 te;
2977 2054 3378 2111 sacriﬁcantes
3399 2057 3561 2114 enim

1908 2141 2167 2196 edebant
2196 2157 2265 2196 ac
2296 2139 2906 2213 bibebantiutemplo
2933 2159 2946 2210 ;
2969 2149 3022 2199 et
3057 2143 3116 2198 in
3131 2144 3331 2212 plateis
3344 2146 3560 2202 nostris

1907 2230 2176 2297 docuisti,
2210 2230 2430 2301 plateas
2466 2230 2836 2302 appellantes
2868 2248 3224 2304 synagogas,
3255 2233 3313 2288 in
3341 2234 3561 2306 quibus

1909 2320 2064 2375 Deus
2093 2336 2196 2376 eos
2220 2319 2496 2390 docebat,
2519 2337 2625 2394 per
2644 2320 2864 2390 legales
2878 2337 2946 2378 ac
2966 2321 3348 2394 propheticos
3378 2324 3561 2379 libros

1908 2407 2176 2481 loquens,
2210 2425 2347 2465 cum
2377 2409 2437 2466 hi
2468 2410 2526 2466 in
2558 2411 2878 2483 synagogis
2907 2410 3276 2481 legebantur.

1979 2679 2231 2733 Possunt
2254 2693 2516 2750 quoque,
2541 2678 2800 2752 quiforis
2823 2684 3000 2750 stant,
3019 2679 3137 2737 dici
3161 2680 3364 2738 ﬁdeles
3376 2681 3558 2752 negli-

1906 2772 2112 2839 gentes
2146 2786 2158 2824 :
2193 2769 2295 2840 qui
2327 2768 2793 2825 comederuntac
2810 2769 3089 2826 biberunt
3116 2787 3319 2828 coram
3334 2788 3404 2828 eo
3435 2788 3565 2845 pre-

1905 2857 2126 2912 tiosum
2143 2859 2270 2928 ejus
2290 2874 2532 2930 corpus,
2558 2863 2952 2931 sanctumque
2973 2861 3158 2934 ipsius
3177 2863 3560 2931 sanguinem:

1905 2951 1962 3002 et
1990 2947 2050 3002 in
2075 2963 2332 3018 quorum
2374 2949 2636 3004 ecclesiis
2672 2965 2742 3004 ac
2768 2951 3335 3019 congregationibus
3364 2950 3569 3008 docuit

195 3039 536 3111 Εύαγγελίου,
570 3043 660 3090 καὶ
691 3034 784 3090 διά
812 3047 911 3090 τῶν
939 3038 1102 3090 ἄλλων
1121 3041 1469 3090 θεοπνεύστων
1493 3044 1723 3111 Γραφῶν.

1919 3052 2013 3108 per
2027 3036 2710 3110 Evangelium,aliasque
2727 3039 3058 3111 Scripturas
3071 3057 3106 3096 a
3123 3044 3234 3096 Deo
3247 3040 3566 3113 inspiratas

274 3133 373 3181 Καὶ
431 3127 535 3202 ὶρεῖ
583 3159 651 3167 -
721 3129 858 3179 ἐστέ.
911 3125 1111 3201 Ὠσπερ
1191 3133 1438 3196 ’γινώσκει
1502 3131 1616 3186 τοὺς
1671 3130 1798 3196 γινὼ

1986 3128 2140 3181 Vers.
2161 3130 2250 3180 27.
2276 3127 2350 3180 Et
2367 3126 2512 3183 dicet
2539 3127 2770 3184 —sitis.
2803 3128 3328 3194 Quemadmodum
3346 3146 3566 3199 cogno-

189 3237 416 3279 σκοντας
474 3217 650 3281 αὐτὸν,
735 3216 868 3268 οὕτω
923 3215 1077 3267 πάλιν
1147 3215 1396 3277 ἑκουσίως
1450 3213 1620 3286 ἀγνοεί
1685 3221 1798 3274 τοὺς

1919 3214 2022 3270 scit
2037 3221 2459 3284 cognoscentes
2477 3216 2646 3280 se,ita
2658 3233 2893 3273 rursum
2910 3217 3240 3273 voluntarie
3253 3221 3486 3287 ignorat
3504 3219 3565 3274 il-

1157 3308 1248 3355 καὶ
1331 3302 1798 3376 ἀποπροσποιείται

1919 3303 2002 3358 los
2023 3304 2122 3375 qui
2145 3304 2470 3359 voluntarie
2488 3304 2686 3375 ipsum
2706 3305 3012 3377 ignorant:
3031 3322 3100 3362 ac
3115 3308 3392 3377 reprobat
3410 3309 3560 3375 illos,

1909 3392 2014 3466 qui
2029 3411 2089 3449 se
2102 3395 2786 3466 reprobant.Voluntarie
2800 3401 3000 3452 autem
3013 3397 3562 3468 reprobautipsum,

1912 3499 2031 3538 non
2060 3483 2251 3538 solum
2279 3483 2548 3539 inﬁdeles
2568 3483 2777 3551 Judaei,
2808 3485 2916 3540 sed
2945 3484 3151 3540 ﬁdeles
3173 3486 3351 3542 etiam
3375 3486 3567 3556 negli-

1910 3579 2146 3644 gentes:
2169 3572 2249 3628 illi
2266 3573 2514 3646 quidem
2540 3574 2869 3629 voluntarie
2891 3575 3189 3641 excazcati,
3209 3592 3278 3630 ac
3298 3575 3568 3632 volunta-

1908 3661 1992 3717 rie
2021 3661 2517 3717 obsurdescentes
2533 3661 2610 3718 ad
2626 3662 2915 3719 miracula
2941 3669 2996 3718 et
3010 3664 3312 3720 doctrinas
3336 3664 3524 3736 ipsius
3547 3688 3561 3722 :

1907 3751 1969 3806 hi
2015 3767 2154 3806 vero
2205 3767 2275 3807 ex
2324 3750 2588 3820 ignavia,
2648 3753 2778 3822 ejus
2837 3759 3131 3825 praecepta
3189 3762 3562 3825 spernentes,

1905 3856 2254 3913 quanquam
2293 3844 2606 3912 noverunt,
2638 3840 2820 3914 quod,
2854 3842 2956 3914 qui
2985 3858 3054 3898 ea
3087 3843 3334 3915 spernit,
3365 3843 3566 3917 ipsum

1905 3930 2144 4003 spernit.

1977 4023 2139 4076 Vers.
2203 4021 2292 4076 27.
2353 4020 2642 4078 Discedite
2682 4053 2751 4063 —
2809 4022 3192 4094 injustitiam.
3271 4023 3391 4080 Hoc
3457 4031 3563 4092 est,

1908 4115 2222 4183 peccatum
2255 4126 2270 4176 ;
2302 4111 2648 4184 quicunque
2675 4112 2834 4167 enim
2863 4118 3084 4183 peccat,
3118 4113 3337 4183 injuria
3357 4113 3560 4180 afﬁcit,

1910 4205 2014 4256 aut
2043 4200 2306 4272 seipsum
2335 4204 2590 4270 tantum,
2625 4207 2728 4256 aut
2765 4200 2940 4257 etiam
2976 4201 3249 4256 alterum.

1981 4289 2146 4343 Vers.
2180 4289 2265 4344 28.
2299 4287 2388 4342 Ibi
2414 4288 2763 4344 -—-dentium
2790 4319 2860 4327 —
2891 4288 2997 4354 Ibi,
3020 4289 3133 4343 hoc
3163 4293 3271 4354 est,
3294 4291 3475 4354 Tunc,
3505 4290 3565 4344 in

1914 4376 2009 4432 illo
2057 4382 2345 4448 tempore,
2374 4375 2485 4433 erit
2519 4377 2715 4446 ﬂetus,
2773 4377 2878 4448 qui
2919 4377 3393 4432 consolationem
3444 4395 3564 4434 non

1912 4466 2176 4538 recipiet,
2208 4470 2260 4522 et
2285 4467 2502 4522 stridor
2542 4466 2828 4537 dentium,
2860 4481 2932 4522 ex
2965 4465 3325 4522 intolerabili
3361 4467 3566 4524 dolore

1836 4596 1881 4651 Β
1915 4554 2296 4629 proveniens.

1986 4645 2157 4703 Vers.
2215 4645 2310 4702 28.
2373 4644 2515 4701 Cum
2556 4674 2626 4686 ——
2675 4643 2862 4716 foras.
2941 4645 3057 4700 Hoc
3113 4645 3442 4717 praesertim
3488 4645 3566 4703 ad

1911 4736 2146 4792 Judaeos
2177 4735 2402 4792 dictum
2441 4740 2548 4802 est,
2579 4735 2680 4807 qui
2713 4733 3147 4790 insolescebant
3173 4750 3264 4801 eo,
3297 4735 3461 4808 quod
3492 4736 3567 4792 de

1913 4827 2141 4884 semine
2171 4831 2369 4882 essent
2406 4825 2658 4881 Abrahae
2683 4840 2752 4880 ac
2783 4828 3152 4901 ceterorum.

1981 4917 2148 4975 Vers.
2204 4916 2293 4971 29.
2334 4916 2412 4970 Et
2456 4914 2685 4971 venient
2714 4944 2784 4954 —
2815 4914 2940 4970 Dei.
2973 4914 3316 4970 Venientad
3360 4914 3562 4978 ﬁdem,

1909 5012 1965 5065 et
1983 5013 2045 5063 ut
2063 5009 2180 5062 Deo
2198 5022 2331 5061 sese
2353 5012 2552 5074 gratos
2564 5003 2901 5062 exhibeant.
2923 5002 3106 5076 quiex
3127 5005 3401 5076 gentibus
3423 5021 3569 5061 con-

1911 5102 2206 5153 vertentur
2223 5113 2258 5151 a
2283 5101 2542 5168 quatuor
2557 5093 2765 5149 mundi
2783 5093 3073 5166 partibus,
3095 5101 3227 5149 ortu
3247 5099 3300 5149 et
3321 5111 3564 5164 occasu,

1910 5186 2311 5258 septentrione
2354 5201 2424 5240 ac
2455 5183 2723 5241 meridie.
2780 5183 2887 5238 Per
2928 5181 3265 5254 aquilonem
3305 5199 3566 5254 namque

1911 5275 2382 5348 septentrionalis
2409 5291 2548 5347 pars
2576 5273 2962 5346 signiﬁcatur,
2993 5288 3099 5345 per
3129 5282 3397 5328 austrum
3431 5289 3564 5329 vero

195 2773 243 2823 οἱ
295 2769 499 2845 ἀμελεῖς
536 2775 738 2837 πιστοὶ,
793 2772 976 2831 οἵτινες
1027 2773 1212 2842 ἔφαγον
1256 2775 1346 2822 καὶ
1392 2772 1534 2822 ἔπιον
1587 2769 1797 2822 ἐνώπιον

193 2860 356 2912 αὑτοῦ
381 2864 438 2913 τό
470 2865 641 2934 τίμιον
674 2859 832 2911 αὐτοῦ
877 2868 1048 2931 σῶμα,
1081 2864 1171 2912 καὶ
1200 2863 1258 2912 τό
1285 2860 1433 2931 ἅγιον
1483 2859 1594 2931 (46)
1639 2859 1797 2911 αὐτοῦ

193 2947 348 3022 αἷμα,
401 2955 490 3002 καὶ
533 2948 600 3001 ὧν
648 2948 696 3001 ἓν
741 2956 855 3012 ταῖς
905 2957 1236 3020 συναγωγαῖς
1292 2946 1524 3015 ἐδίδαξε,
1568 2947 1660 3001 διά
1705 2956 1798 3000 τοῦ

183 3309 447 3368 ἑκουσίως
527 3304 832 3376 ἀγνοοῦντας
905 3304 1082 3367 αὐτόν,

178 3401 315 3458 τοὺς
361 3395 942 3468 ἀποπροσποιουμένους
995 3393 1168 3444 αὐτόν·
1229 3392 1480 3453 ἑκουσίως
1540 3389 1598 3445 δε
1646 3393 1800 3444 αὐτόν

179 3488 491 3557 ἀγνοοῦσιν,
525 3483 583 3535 ού
627 3487 779 3555 μόνον
828 3485 876 3534 οἱ
935 3483 1152 3534 ἄπιστοι
1203 3479 1476 3547 Ἰουδαῖοι,
1528 3480 1654 3534 ἀλλά
1712 3487 1801 3534 καὶ

176 3579 244 3632 οἱ
296 3573 495 3646 ἀμελεῖς
549 3577 749 3624 πιστοίο
838 3573 886 3624 οἰ
962 3574 1051 3644 μὶν
1132 3570 1646 3643 ἐθελοτυφλωττοντες
1711 3587 1800 3634 καὶ

177 3664 625 3736 ἑθελοκωφοῦντες
672 3665 798 3737 πρὸς
856 3664 922 3714 τὰ
961 3663 1202 3733 θαύματα
1248 3667 1338 3713 καὶ
1383 3663 1476 3723 τάς
1531 3657 1800 3714 διδασκα-

173 3758 307 3818 λίας
337 3753 520 3806 αὐτοῦ*
563 3754 612 3804 οἱ
653 3749 712 3804 δὲ
747 3750 800 3803 ἔκ
829 3753 1084 3827 ῥᾳθυμίας
1126 3750 1422 3812 ἀθετοῦντες
1469 3753 1562 3811 τὰς
1601 3749 1799 3810 ἐντολὰς

181 3846 375 3912 αὐτοῦ,
403 3848 576 3896 καίτοι
624 3848 989 3914 γινώσκοντες,
1020 3843 1101 3893 ὅτι
1147 3842 1171 3892 ό
1204 3839 1394 3893 ἀθετῶν
1425 3843 1606 3904 αύτάς,
1641 3840 1796 3892 αὐτὸν

189 3936 382 3988 ἀθετεῖ.

265 4024 559 4080 Ἀπόστητε
609 4051 678 4061 —
743 4015 974 4081 ἀδικίας.
1027 4026 1131 4080 Τῆς
1195 4018 1474 4093 ἁμαρτίας.
1538 4025 1638 4082 πᾶς
1693 4022 1794 4096 γὰρ

192 4112 522 4189 ἁμαρτάνων,
555 4105 730 4163 ἀδικεῖ
760 4111 786 4169 ὃ
817 4115 969 4182 μόνον
1000 4111 1200 4176 ἔαυτόν,
1225 4109 1254 4167 ἦ
1285 4114 1372 4162 καὶ
1406 4111 1588 4184 ἕτερον.

277 4289 410 4342 Ἐκεῖ
475 4318 546 4330 -
605 4283 852 4341 ὀδόντων.
909 4291 978 4341 T6
1032 4289 1152 4353 εκεῖ,
1217 4286 1330 4340 ἀντὶ
1382 4294 1494 4353 τοῦ,
1563 4291 1697 4356 τότε,
1751 4285 1798 4339 ἓν

205 4377 379 4448 ἐκείνῳ
421 4385 494 4448 τῷ
544 4383 710 4448 καιρῷ
759 4379 906 4429 ἔσται
955 4379 981 4429 ό
1032 4377 1296 4449 κλαυθμός
1339 4378 1364 4428 ὁ
1416 4375 1796 4452 ἀπαράκλητος,

207 4471 308 4518 Καὶ
357 4467 382 4518 ό
433 4463 673 4538 βρυγμὸς
723 4473 821 4517 τῶν
874 4463 1117 4534 ὀδόντων,
1169 4467 1195 4518 ὁ
1235 4465 1287 4529 ἐξ
1343 4465 1604 4541 ἀφορήτου
1644 4470 1800 4518 πόνου

201 4561 490 4630 γινόμενος.

270 4643 432 4699 Ὀταν
491 4675 559 4687 -
628 4645 747 4709 ἔξω,
813 4647 980 4700 Τόῦτο
1025 4649 1425 4721 προηγουμένως
1497 4649 1627 4721 πρὸς
1682 4650 1804 4710 τοὺς

196 4732 491 4797 Ἰουδαίους
521 4737 883 4810 εῖρηται,μέγα
903 4744 1205 4809 φρονοῦντας
1234 4738 1316 4789 ἐπὶ
1345 4745 1416 4808 τῷ
1445 4738 1572 4789 εἶναι
1597 4743 1803 4811 σπέρμα

197 4836 292 4880 τοῦ
323 4823 566 4898 Ἀϐραὰμ
587 4830 675 4878 καὶ
699 4834 800 4878 τῶν
829 4825 992 4877 ἄλλων
1015 4827 1150 4895 (i7).

271 4920 374 4968 Καὶ
437 4913 654 4977 ἣξουσιν
712 4945 782 4954 —
846 4921 938 4966 τοῦ
995 4921 1148 4967 Θεοῦ.
1221 4913 1444 4979 Ἦξουσι
1515 4921 1636 4989 πρὸς
1706 4922 1798 4976 τὴν

196 5010 380 5058 πίστιν
429 5009 518 5056 καὶ
563 5008 657 5061 τὴν
707 5003 1048 5078 εὐαρέστησιν
1096 5012 1188 5056 τοῦ
1241 5013 1374 5059 Θεοῦ
1421 5008 1469 5058 οἰ
1527 5006 1578 5070 ἐξ
1624 5007 1794 5073 ἐθνῶν,

195 5094 304 5146 ἀπὸ
349 5102 447 5146 τῶν
483 5100 752 5167 τεσσάρων
798 5101 964 5166 μερῶν
1011 5101 1103 5145 τοῦ
1155 5099 1378 5168 κόσμου,
1430 5094 1671 5158 ἀνατολῆς
1709 5104 1798 5150 καὶ

198 5182 405 5243 δύσεως
439 5186 531 5234 καὶ
555 5183 749 5254 ἄρκτου
779 5187 869 5235 καὶ
893 5181 1246 5257 μεσημϐρίας.
1281 5189 1376 5238 Διά
1420 5189 1508 5259 μὲν
1537 5190 1638 5261 γὰρ
1685 5189 1796 5258 (48)

191 5280 290 5327 τοῦ
322 5269 493 5348 βοῤῥᾶ
533 5274 592 5323 τό
642 5268 870 5348 ἀρκτῷον
920 5275 1076 5348 μέρος
1124 5269 1396 5332 δηλοῦται’
1451 5272 1545 5328 διὰ
1593 5274 1651 5330 δε
1708 5286 1798 5330 τοῦ

1429 5469 1658 5540 Variae
1673 5471 2000 5560 lectiones
2021 5480 2086 5541 et
2107 5480 2314 5556 nota.

269 5663 594 5754 (“lintea
615 5661 809 5754 τέλους,
829 5681 1094 5754 nuncex,
1109 5672 1350 5754 correct,
1376 5666 1647 5754 ejusdem
1668 5686 1798 5754 ma-

2123 5673 2325 5754 T‘iptov,
2359 5683 2468 5739 pro
2506 5665 2704 5739 ἅγιον..
2740 5666 2821 5754 Ἀ.

269 5670 594 5753 (45λΔιιῑοδ
615 5670 809 5797 “dccc,
831 5681 993 5755 nunc
1015 5681 1094 5754 ex,
1109 5672 1350 5735 correct,
1376 5670 1647 5752 ejusdem
1668 5686 1798 5754 ma-

195 5736 564 5867 3ιιὲεΒριξίους.
671 5756 762 5807 0x,
817 5735 914 5869 δια
949 5742 1009 5794 τό
1072 5742 1367 5815 εγερθῆναι,
1416 5746 1639 5800 inserto
1688 5749 1798 5800 isto

1979 5670 2093 5888 βθέ
2123 5673 2325 5752 Τίμιον,
2359 5683 2468 5739 pro
2506 5670 2704 5739 ἅγιον..
2753 5670 2818 5722 Α.

2003 5742 2065 5796 47
2134 5744 2422 5796 Nimirum
2453 5745 2818 5814 πατριαρχῶν.

1977 5811 2068 5888 (68
2115 5815 2218 5888 ι’άρ
2248 5811 2438 5870 abest.
2459 5813 2527 5882 Α,

198 5804 382 5867 διάΒ.
747 5804 756 5807 ⁷
870 5861 876 5869 ,
1105 5804 1169 5815 ’”
1349 5804 1365 5814 ’

1977 5804 2092 5888 (68)
2115 5815 2218 5892 ι’άρ
2248 5811 2438 5870 abest.
2459 5813 2527 5882 Α,
