4210 6436
688 365 828 422 1007

2037 355 2379 416 ΕυΤΗΥΜΙΙ
2419 353 2744 415 ZIGABENI

3930 357 4050 420 1003

687 489 965 547 meridies
1017 506 1031 556 ;
1083 488 1424 548 accubitum
1485 492 1685 544 autem
1741 485 1882 542 dicit
1937 486 2207 559 requiem
2273 501 2318 542 at

2455 490 2628 549 νότου,
2654 488 2708 538 τὸ
2725 485 3096 560 μεσημϐρινὸν.
3125 483 3420 538 Ἀνακλισιν
3453 480 3510 537 δε
3535 483 3671 557 λίγει
3701 489 3794 544 τὴν
3821 484 4044 540 ἀνάπαυ-

684 577 1026 635 fruitionem
1041 623 1055 636 .

754 669 915 724 Vers.
949 670 1035 725 30.
1068 668 1146 724 Et
1167 682 1298 724 ecce
1324 698 1393 708 —
1423 666 1626 737 primi.
1662 665 1890 722 Fideles
1928 682 2001 722 ex
2045 665 2341 738 gentibus,

682 757 785 830 qui
834 773 993 813 nunc
1032 756 1276 830 quidem
1326 756 1607 828 postremi
1659 755 1957 826 videntur,
1988 761 2185 827 utpote
2237 755 2340 827 qui

682 845 886 902 Filium
906 852 1308 919 agnoverunt;
1335 850 1509 901 erunt
1529 850 1730 901 autem
1778 851 1917 901 tunc
1946 844 2141 916 primi,
2167 859 2340 917 prop-

679 939 768 992 ter
791 936 1087 992 sinceram
1125 950 1329 991 eorum
1371 933 1581 991 ﬁdem.

751 1026 912 1080 Vers.
958 1023 1054 1079 30.
1093 1025 1165 1080 Et
1195 1054 1249 1064 -—
1281 1023 1580 1095 postremi.
1630 1022 1903 1080 [nﬁdeles
1949 1022 2136 1079 Judaei
2177 1037 2338 1078 nunc

676 1113 920 1187 quidem
968 1113 1134 1185 primi
1181 1112 1478 1182 videntur,
1528 1118 1732 1185 utpote
1772 1113 1875 1185 qui
1929 1112 2103 1184 primi
2153 1113 2336 1167 Deum

676 1209 1072 1273 agnoverunt;
1098 1217 1240 1258 nam
1265 1201 1448 1257 Filius
1474 1217 1634 1259 meus
1649 1202 1879 1274 (inquit)
1905 1201 2336 1273 primogenitus

676 1291 859 1349 Israel
879 1293 900 1327 ⁸
929 1308 942 1348 :
971 1297 1321 1348 tuncuutem
1349 1292 1632 1364 postremi
1663 1297 1837 1348 erunt
1867 1296 2108 1365 propter
2125 1307 2333 1348 eorum

674 1381 1082 1438 infidelitatem
1095 1425 1109 1440 .

745 1470 1092 1541 lntelligitur
1129 1478 1328 1527 autem
1371 1485 1569 1526 sermo
1599 1475 1657 1526 et
1695 1469 1770 1526 de
1796 1469 2096 1534 ﬁdelibus,
2137 1469 2242 1542 qui
2275 1469 2334 1524 in

672 1560 943 1631 praesenti
975 1561 1090 1615 vita
1115 1576 1246 1615 esse
1278 1559 1544 1616 videntur
1582 1560 1885 1631 postremi,
1933 1567 2102 1615 erunt
2134 1566 2333 1616 autem

673 1649 848 1721 primi
870 1649 927 1704 in
956 1648 1152 1704 futuro
1173 1648 1405 1711 saeculo,
1435 1655 1490 1704 et
1515 1664 1754 1704 rursum
1786 1664 1816 1704 e
1839 1648 2158 1704 contrario.

743 1736 905 1794 CAP.
983 1737 1071 1794 LI.
1135 1739 1217 1794 De
1251 1737 1338 1794 his
1376 1740 1479 1808 qui
1528 1738 1880 1808 suadebant,
1937 1743 1999 1793 ut
2052 1737 2333 1794 secederet

1166 1836 1407 1897 propter
1445 1828 1759 1883 Herodem.

741 1917 902 1973 Vers.
953 1919 1040 1973 31.
1089 1917 1303 1974 Eodem
1361 1917 1456 1973 die
1484 1949 1547 1958 —
1577 1918 1842 1974 occidere
1890 1916 2124 1982 Audito,
2166 1916 2332 1990 quod

668 2006 940 2078 ejiciendi
984 2013 1181 2062 essent
1221 2007 1398 2073 foras,
1431 2007 1716 2079 quodque
1752 2006 1932 2063 futuri
1983 2014 2182 2062 essent
2231 2023 2329 2078 po-

668 2096 890 2162 stremi,
930 2096 1163 2152 accensi
1191 2097 1435 2152 suntira
1462 2110 1484 2166 ,'
1517 2105 1572 2152 et
1608 2096 1888 2152 simulata
1921 2096 2332 2152 benevolentia

668 2183 921 2241 suadent
948 2185 1028 2241 illi
1072 2194 1132 2241 ut
1169 2192 1338 2242 exeat
1368 2201 1438 2241 ac
1465 2186 1701 2241 secedat
1733 2202 1744 2242 :
1773 2186 1887 2241 hoc
1913 2186 2154 2258 quidem
2185 2201 2331 2257 prae-

666 2278 850 2340 textu,
884 2290 957 2330 ne
985 2275 1061 2329 ab
1101 2275 1326 2330 Herode
1375 2275 1700 2341 occidatur,
1744 2274 1802 2330 in
1829 2275 2074 2330 veritate
2107 2282 2328 2339 autem,

664 2378 739 2418 ne
766 2380 1024 2436 presens
1041 2379 1111 2420 ac
1140 2363 1426 2422 miracula
1446 2364 1648 2429 edens,
1680 2363 2040 2434 gloriﬁcatur
2071 2370 2128 2419 et
2153 2368 2330 2420 attra-

663 2451 766 2508 hat
797 2452 1036 2508 turbam
1052 2498 1064 2509 .

735 2542 894 2598 Vers.
945 2542 1028 2598 32.
1079 2543 1156 2598 Et
1187 2543 1269 2598 ait
1304 2574 1367 2583 —
1407 2557 1801 2600 consummor.
1835 2542 2077 2615 Cognita
2116 2557 2323 2598 eorum

662 2630 942 2698 versutia,
1003 2630 1324 2686 clementer
1373 2647 1443 2687 ac
1488 2633 1627 2686 scite
1687 2632 2026 2702 respondet,
2079 2631 2321 2686 dicens:

662 2719 771 2782 Ite,
818 2725 872 2774 et
910 2719 1092 2776 dicite
1118 2719 1284 2788 vulpi
1313 2719 1427 2783 illi,
1476 2720 1588 2776 hoc
1631 2726 1736 2787 est,
1777 2719 1918 2776 dolo
1970 2736 2323 2792 morumque

662 2805 1021 2873 diﬂicultati,
1048 2824 1181 2880 quae
1210 2809 1267 2862 in
1304 2807 1472 2864 vobis
1502 2814 1610 2865 est.
1651 2811 2010 2882 Quanquam
2033 2809 2192 2864 enim
2225 2809 2321 2865 hic

660 2911 860 2952 sermo
891 2896 1103 2952 Herodi
1140 2897 1368 2952 videtur
1397 2897 1657 2964 attribui,
1709 2901 1781 2953 ad
1807 2898 1969 2970 ipsos
2003 2905 2195 2954 tamen
2237 2915 2322 2954 re-

659 2984 851 3056 spicit.
921 2986 1104 3043 Hodie
1158 3003 1298 3042 vero
1353 2992 1408 3042 et
1455 3003 1604 3052 cras,
1666 2988 1775 3042 etsi
1827 2995 2320 3044 enumeratorum

657 3072 890 3131 dierum
930 3076 1321 3147 signiﬁcativa
1353 3083 1668 3150 apparent,
1710 3083 1976 3133 attamen
2030 3078 2316 3150 temporis

658 3164 1000 3236 signiﬁcant
1059 3166 1431 3223 brevitatem.
1506 3168 1775 3222 Solemus
1838 3167 2020 3237 enim,
2069 3168 2316 3240 quando

655 3255 963 3311 modicum
980 3263 1212 3328 tempus
1235 3255 1498 3312 iudicare
1523 3257 1814 3321 volumus,
1833 3258 2004 3314 hodie
2019 3263 2070 3312 et
2091 3273 2219 3313 cras
2233 3257 2316 3313 di-

655 3359 804 3400 cere.
825 3343 1110 3402 Similiter
1127 3346 1328 3416 etiam,
1358 3349 1522 3418 quod
1537 3345 1677 3401 dicit
1695 3364 1706 3402 :
1739 3349 1926 3403 Tertio
1948 3347 2042 3403 die
2059 3363 2314 3403 consum-

650 3449 796 3499 mor,
838 3434 1062 3491 indicat
1094 3450 1156 3490 se
1196 3451 1319 3491 non
1365 3434 1555 3492 multo
1605 3442 1737 3508 post
1771 3437 2147 3492 moriturum.
2184 3436 2315 3491 Haec

651 3531 851 3580 autem
879 3523 1047 3592 dixit,
1083 3530 1141 3580 ut
1171 3524 1325 3582 iram
1355 3541 1424 3581 ac
1459 3526 1747 3582 invidiam
1769 3541 1977 3582 eorum
2019 3526 2316 3597 mitigaret

724 3789 892 3848 Vers.
952 3795 1039 3848 33.
1112 3793 1324 3850 Tamen
1360 3823 1418 3836 —
1460 3794 1788 3851 ambulare.
1838 3793 2093 3860 Quidam
2145 3794 2314 3850 aiunt

651 3879 826 3936 hodie
845 3884 903 3936 et
953 3897 1086 3938 eras
1114 3897 1253 3939 eum
1283 3882 1478 3939 dicere
1511 3884 1584 3939 de
1625 3883 1838 3938 diebus
1867 3883 2088 3956 quibus
2133 3882 2312 3939 mira-

651 3968 785 4026 cula
813 3968 890 4025 ibi
911 3976 1037 4027 erat
1062 3971 1351 4038 editurus,
1404 3974 1642 4028 tertium
1675 3989 1813 4028 vero
1839 3989 2001 4042 cum,
2031 3972 2131 4045 qui
2176 3977 2312 4045 post

648 4059 759 4116 bos
801 4066 928 4116 erat
956 4060 1211 4126 futurus,
1243 4061 1303 4117 in
1342 4077 1465 4134 quo
1496 4062 2010 4118 consummandus
2058 4067 2203 4128 erat,
2240 4079 2310 4118 ac

647 4149 756 4206 iter
784 4149 1183 4223 Hierosolyma
1215 4167 1420 4207 versus
1445 4150 1854 4218 inchoaturus,
1889 4158 1951 4209 ut
1995 4152 2056 4209 in
2083 4168 2154 4210 ea
2187 4169 2310 4211 mo-

645 4244 900 4297 reretur.

717 4330 956 4402 Gportet
994 4345 1087 4386 me
1117 4329 1296 4386 hodie
1327 4333 1382 4386 et
1411 4345 1563 4402 cras,
1594 4331 1715 4387 sive
1766 4331 2004 4388 modico
2044 4336 2306 4405 tempore

645 4421 881 4491 operari
917 4435 1051 4493 qua:
1095 4418 1234 4485 dixi,
1279 4424 1335 4476 et
1368 4421 1644 4492 perendie
1699 4421 2025 4487 ambulare,
2083 4421 2141 4477 id
2196 4427 2302 4489 est,

642 4507 980 4581 insequenti
1003 4507 1097 4564 die
1125 4510 1371 4565 transire
1389 4527 1421 4564 a
1443 4511 1559 4566 vita
1577 4510 1876 4584 praesenti,
1893 4512 2015 4568 sive
2043 4517 2305 4584 postmo-

643 4599 786 4655 dum
813 4599 1004 4656 occidi
1033 4615 1071 4656 a
1097 4598 1282 4666 vobis,
1309 4599 1412 4672 qui
1445 4599 1871 4674 Hierosolymis
1902 4602 2302 4675 principatum

643 4687 876 4745 tenetis.

713 4864 870 4920 Vers.
911 4869 997 4923 33.
1021 4867 1171 4936 Quia
1188 4897 1254 4912 —
1273 4867 1716 4939 Hierosolymis.
1747 4868 1971 4926 lronice
1994 4869 2109 4926 hoc
2127 4870 2292 4938 dixit,

641 4955 972 5026 objurgans
1024 4957 1374 5023 Jerusalem,
1409 4964 1696 5030 tanquam
1726 4959 2143 5030 prophetarum
2190 4961 2296 5017 ho-

642 5045 927 5102 micidam
941 5090 954 5102 .
985 5049 1289 5103 Estautem
1304 5045 1649 5118 hujusmodi
1668 5050 1958 5106 sententia
1971 5052 2289 5107 sermonis:

640 5132 788 5191 Cum
809 5150 903 5190 me
923 5134 1084 5192 dicat
1109 5135 1480 5209 prophetam,
1513 5139 1713 5212 utique
1729 5140 1956 5196 occidet
1981 5156 1995 5205 ;
2026 5140 2293 5213 impossi-

711 5342 732 5380 ⁶
769 5340 961 5402 Exod.
983 5358 1058 5416 iv,
1083 5344 1172 5401 22.

2460 594 2563 642 σιν,
2597 580 2688 633 τὴν
2718 575 3026 631 ἀπόλαυσιν.

2530 670 2628 718 Καὶ
2661 661 2776 717 ἰδοὺ
2798 697 2866 704 -
2907 674 3122 739 πρῶτοι.
3151 667 3216 717 Οἱ
3247 664 3298 728 ἐξ
3330 663 3480 717 ἐθνῶν
3511 669 3713 729 πιστοὶ,
3747 664 3796 717 οἱ
3839 663 4040 720 δοκοῦσι

2453 757 2543 826 μεν
2595 757 2815 826 ἔσχατοι
2871 764 2979 823 νῦν,
3034 758 3102 817 ὡς
3159 758 3378 826 ἔσχατοι
3428 758 3514 806 τὸν
3572 757 3686 806 Υἱὸν
3745 753 4034 826 ἐπιγνόντες·

2453 846 2654 898 ἔσονται
2711 841 2769 896 δε
2831 853 3024 919 πρῶτοι
3076 850 3210 909 τότε,
3277 840 3371 896 διά
3409 848 3504 902 τήν
3562 843 3809 917 εἰλικρινῆ
3880 851 4035 898 πίστιν

2454 933 2618 986 αὐτῶν
2627 977 2638 987 .

2527 1029 2626 1076 Καὶ
2657 1023 2757 1076 εἰσι
2793 1055 2853 1064 -
2888 1025 3130 1094 ἔσχατοι.
3175 1024 3240 1074 Oi
3278 1024 3496 1074 ἄπιστοι
3533 1017 3814 1087 Ἰουδαῖοι,
3871 1025 3918 1074 οἰ
3961 1019 4029 1075 δο-

2449 1120 2604 1165 κοῦσι
2659 1115 2749 1185 μὲν
2825 1121 3022 1187 πρῶτοι
3072 1120 3180 1178 νῦν,
3237 1115 3302 1174 ὡς
3363 1121 3558 1184 πρῶτοι
3615 1115 3701 1164 τὸν
3764 1115 3891 1164 Θεὸν
3944 1110 4033 1163 ἑπι-

2446 1207 2670 1273 γνόντες.
2729 1204 2848 1263 Υίός
2888 1205 3011 1274 γάρ,
3069 1205 3219 1273 φησὶ,
3274 1206 3600 1273 πρωτότοκος
3648 1221 3750 1273 μου
3820 1202 4024 1276 Ἰσραήλο

2450 1295 2655 1344 ἔσονται
2687 1288 2745 1344 δι
2778 1295 3000 1364 ἔσχατοι
3038 1296 3171 1356 τοτε,
3203 1287 3296 1343 διά
3320 1296 3413 1349 τὴν
3445 1289 3696 1344 ἀπιστίαν
3727 1290 3922 1347 αὐτῶν,

2521 1478 2728 1523 Νοείται
2759 1471 2783 1522 ό
2813 1470 2962 1541 λογος
3005 1475 3094 1522 καὶ
3119 1474 3237 1544 περὶ
3269 1478 3367 1522 τῶν
3420 1479 3638 1535 πιστῶν,
3685 1478 3792 1521 τῶν
3847 1467 4022 1522 δοκούνο

2449 1579 2547 1612 των
2577 1565 2667 1634 μὲν
2709 1559 2835 1614 εἶναι
2883 1560 3124 1632 ἐσχάτων
3170 1562 3219 1612 ἐν
3249 1568 3317 1629 τῷ
3365 1565 3580 1634 μαροντι
3623 1558 3748 1632 βίῳ·
3806 1559 4017 1631 ἐσομένων

2450 1650 2508 1705 δι
2539 1657 2752 1724 πρώτων
2793 1649 2840 1702 ἐν
2864 1659 2933 1720 τῷ
2966 1650 3196 1722 μέλλοντι
3221 1650 3384 1713 αἰῶνι,
3418 1654 3506 1702 καὶ
3537 1646 3683 1710 αὖθις
3705 1649 3931 1712 ίναλλᾶξ.

2452 1748 2603 1795 ΚΕΦ.
2686 1739 2812 1796 NA'.
2876 1745 2998 1815 Περὶ
3068 1747 3164 1790 τῶν
3244 1741 3484 1790 εἰπόντων
3567 1747 3636 1809 τῷ
3704 1738 3884 1796 Ἰησοῦ
3945 1735 4010 1789 διὰ

3107 1824 3367 1900 Ἡρώδην.

2519 1922 2602 1974 Ἐν
2651 1921 2779 1991 αὑτῇ
2824 1928 2885 1993 τῇ
2939 1921 3108 1992 ἡμέρᾳ
3170 1949 3234 1959 —
3299 1921 3618 1970 ἀποκτεῖναι.
3682 1916 4004 1977 Ἀκούσαντες,

2446 2011 2523 2062 ὃτι
2561 2010 2972 2068 ἐκϐληθήσονται
3002 2009 3115 2074 ἔξω,
3150 2013 3237 2059 καὶ
3285 2010 3361 2060 ὅτι
3393 2011 3599 2059 ἔσονται
3631 2009 3871 2078 ἔσχατοι,
3911 2003 4008 2060 ἀνή-

2446 2102 2650 2171 φϐησαν
2706 2101 2772 2160 εἰς
2827 2100 3001 2171 ὀργὴν,
3063 2103 3151 2150 καὶ
3200 2099 3601 2169 ὑποκρινάμενοι
3644 2101 3858 2162 εὔνοιαν,
3905 2114 4007 2164 σνμ-

2444 2187 2779 2242 ϐουλεὺουσιν
2819 2191 2955 2259 αὑτῲ
2987 2187 3199 2250 ἐξελθεῖν
3227 2193 3314 2239 καὶ
3361 2186 3742 2259 ἀναχωρῆσαι’
3789 2188 4007 2257 προφάσει

2441 2282 2552 2350 μεν,
2606 2280 2688 2330 ἶνα
2735 2283 2805 2351 μὴ
2851 2280 2950 2330 ὑπὸ
2993 2273 3228 2351 Ἡρώδου
3272 2276 3537 2348 ἀναιρεθῇ’
3596 2284 3656 2349 τῇ
3710 2273 3757 2328 δ’
3805 2275 4003 2344 ἀληθείᾳ,

2443 2369 2525 2419 ἵνα
2540 2389 2611 2440 μη
2636 2374 2812 2436 παρὼν
2830 2374 2919 2420 καὶ
2941 2370 3183 2440 Θαύματα
3205 2376 3383 2433 ποιῶν,
3404 2363 3696 2428 δοξάζηται
3717 2371 3796 2417 καὶ
3815 2363 4000 2436 ἐφελκύῃ

2439 2461 2526 2510 τὸν
2554 2457 2734 2529 ὄχλον.

2511 2549 2615 2602 Καὶ
2670 2544 2803 2599 εἶπεν
2857 2578 2923 2587 —
2972 2546 3281 2619 τελειοῦμαι.
3344 2549 3500 2608 Γνοὺς
3553 2551 3638 2602 τὴν
3708 2544 3989 2612 πανουργίαν

2439 2636 2627 2703 αὐτῶν,
2685 2635 2998 2700 ἀνεξικάκως
3059 2641 3147 2688 καὶ
3198 2636 3394 2707 εὐφυῶς
3455 2635 3760 2703 ἀποκρίνεται
3820 2629 3978 2699 λέγων·

2438 2727 2770 2799 Πορευθέντες
2845 2729 3019 2778 εἴπατε
3094 2733 3152 2798 τῇ
3215 2724 3441 2777 ἀλὼπικι
3514 2725 3694 2794 ταύτῃ,
3752 2723 3990 2782 τουτέστι,

2434 2823 2495 2887 τῇ
2556 2812 2842 2885 δολιότητι,
2893 2824 2951 2887 τῇ
3010 2813 3310 2888 δυστροπίᾳ
3366 2823 3426 2886 τῇ
3503 2816 3550 2865 ἐν
3604 2814 3734 2885 ὑμῖν*
3788 2815 3996 2861 τοιοῦτον

2431 2907 2532 2977 γάρ
2583 2908 2611 2963 ἠ
2680 2905 2919 2967 ἀλώπηξ.
2979 2906 3038 2956 Εἰ
3087 2908 3185 2978 γὰρ
3241 2910 3329 2956 καὶ
3380 2905 3496 2973 (89)
3548 2906 3674 2976 πρὸς
3708 2895 3932 2973 Ἡρώδην
3979 2897 4000 2946 ό

2432 2993 2582 3064 λόγος
2631 2992 2986 3047 ἀποτετάσθαι
3036 2991 3202 3058 δοκεῖ,
3263 2993 3386 3045 ἀλλά
3425 3012 3483 3063 γε
3528 3000 3656 3065 πρὸς
3691 2991 3868 3050 αὐτοὺς
3903 2989 3997 3059 ὁρᾷ⁸

2429 3087 2498 3135 Τό
2561 3080 2620 3135 δε
2689 3089 2913 3156 σήμερον
2973 3089 3062 3136 καὶ
3124 3087 3322 3158 αὔριον,
3404 3082 3447 3134 εἰ
3526 3088 3615 3133 καὶ
3673 3081 4001 3153 ἠριθμημένων

2430 3173 2631 3247 ἡμερῶν
2707 3176 3004 3245 σημαντικά
3063 3179 3343 3246 φαίνονται,
3420 3171 3532 3224 ἀλλ’
3593 3167 3679 3223 οὖν
3755 3171 4002 3238 συντομίαν

2428 3272 2613 3333 καιροῦ
2686 3261 3104 3335 παραδηλοῦσιν.
3176 3263 3438 3334 Εἰωθαμεν
3507 3264 3626 3332 γάρ,
3693 3262 3809 3312 ὅταν
3861 3257 4003 3326 ὀλίγον

2427 3357 2606 3424 καιρόν
2694 3352 2918 3424 ἐμφῆναι
2969 3353 3206 3424 Θελωμεν,
3274 3358 3496 3424 σήμερον
3580 3356 3669 3402 καὶ
3721 3353 3892 3422 αὔριον

2424 3461 2552 3513 γειν.
2609 3441 2831 3514 Ὁμοίως
2902 3438 2959 3494 δε
3016 3447 3104 3494 καὶ
3152 3445 3210 3493 τὸ
3278 3449 3338 3513 τῇ
3392 3446 3540 3516 τρίτῇ
3605 3439 3907 3511 τελειοῦμαι,
3960 3438 4004 3485 τὸ

2425 3531 2517 3582 οὐκ
2564 3531 2634 3593 εἰς
2681 3534 2885 3603 μακρὰν
2926 3530 3199 3583 ἀποθανεῖν
3239 3531 3390 3582 αὑτὸν
3448 3532 3818 3602 ὑποσημαίνει.
3854 3533 4005 3579 Ταῦτα

2425 3615 2484 3672 δε
2541 3617 2669 3692 tim,
2723 3621 3182 3696 παραμυθούμενος
3221 3624 3314 3679 τὴν
3359 3618 3520 3695 ὀργὴν
3574 3623 3664 3670 καὶ
3721 3622 3808 3671 τὸν
3848 3619 4002 3688 φθόνον

2424 3709 2592 3761 αὐτῶν
2606 3752 2620 3764 .

2497 3797 2636 3856 Πλὴν
2681 3829 2737 3838 -
2782 3801 3096 3872 πορεύεσθαι
3147 3798 3308 3871 [Τινὶς
3361 3798 3474 3869 (50)
3532 3794 3587 3850 Ῐί
3622 3817 3775 3870 φασι,
3831 3800 3884 3849 τὸ
3930 3799 4000 3851 σή·

2421 3907 2573 3961 μερον
2626 3894 2711 3940 καὶ
2779 3892 2957 3962 αὔριον
3012 3894 3129 3963 περὶ
3180 3885 3276 3941 δύο
3336 3890 3537 3961 ἡμερῶν
3602 3887 3790 3958 λέγειν,
3852 3885 3897 3938 ἐν
3943 3883 4009 3941 αἷς

2422 3976 2526 4030 ὶκεί
2615 3979 3026 4053 Θαυματουργεῖν
3112 3977 3282 4050 ἔμελλε
3320 3992 3332 4005 ·
3383 3983 3562 4051 τρίτην
3627 3973 3708 4043 δε,
3774 3983 3866 4036 τὴν
3919 3971 4011 4048 μετ’

2422 4067 2597 4130 αὑτὰς,
2661 4066 2709 4118 ἐν
2871 4068 3201 4126 τελειωθῆναί
3274 4086 3453 4139 φησιν,
3509 4070 3692 4133 εἵτουν,
3775 4065 4014 4141 ἄρξασθαι

2420 4165 2514 4218 τῆς
2554 4155 2636 4209 ἰπὶ
2693 4158 2909 4209 θάνατον
2960 4162 3192 4231 πορείας,
3241 4162 3330 4209 καὶ
3383 4151 3629 4229 βαδίζειν
3688 4154 3773 4209 ἐπὶ
3828 4158 3891 4208 τά
3938 4153 4017 4204 Ἰε-

2419 4245 2756 4320 ροσόλνμα.]

2492 4341 2603 4409 Χρὴ
2645 4355 2708 4409 με
2764 4341 2989 4409 σήμερον
3053 4341 3140 4388 καὶ
3194 4339 3372 4409 αὔριον
3436 4334 3734 4410 ἐνεργῆσαι,
3790 4335 3824 4387 ἁ
3873 4329 4016 4395 εἶπον,

2418 4429 2599 4496 ἤγουν,
2656 4425 2738 4478 ἐπ’
2793 4425 2960 4498 ὀλίγον
3014 4431 3215 4500 καιρὸν,
3276 4431 3364 4478 καὶ
3417 4434 3477 4497 τῇ
3533 4424 3758 4498 ἐχομένῃ
3821 4425 4016 4498 πορεύε-

2420 4516 2564 4579 σθαι,
2623 4519 2809 4581 εἷτουν,
2860 4524 2921 4588 τῇ
2980 4515 3158 4588 ἐφεξῆς
3373 4517 3541 4589 ἡμέρᾳ
3579 4514 3868 4587 μεταϐῆναι
3924 4512 4010 4563 ἀπὸ

2418 4612 2514 4666 τῆς
2565 4607 2838 4678 παρούσης
2897 4606 3057 4672 ζωῆς,
3117 4609 3376 4670 τουτέστι,
3439 4608 3569 4675 μετὰ
3628 4613 3781 4657 τοῦτο
3833 4603 4011 4655 ἀποθα-

2413 4701 2534 4760 νεῖν,
2577 4694 2659 4760 ὑφ⁹
2704 4696 2844 4768 ὑμῶν
2897 4691 3138 4753 δηλονότι
3184 4702 3282 4747 τῶν
3337 4693 3385 4746 ἐν
3439 4693 3780 4768 Ἰερουσαλὴμ
3838 4691 4007 4764 ἀρχόν-

2413 4801 2513 4834 των
2527 4828 2538 4840 ,

2480 4871 2602 4925 Ὀτι
2683 4903 2752 4914 —-
2825 4871 3185 4948 Ἰερουσαλήμ.

2411 4958 2678 5036 διασύρων
2789 4968 2882 5022 τὴν
2971 4962 3335 5036 Ἰερουσαλὴμ,
3418 4965 3485 5025 ὡς

2409 5052 2564 5107 Ἐστι
2595 5049 2654 5105 δι
2707 5054 2731 5105 ὁ
2772 5060 2884 5113 νοῦς
2924 5061 3014 5105 τοῦ
3067 5051 3220 5124 λόγου
3271 5060 3517 5113 τοιοῦτος’
3575 5054 3655 5104 ὅτι
3705 5052 3849 5104 Ἐπεὶ
3902 5066 4008 5119 προ·

2409 5149 2575 5216 φήτην
2628 5162 2692 5217 με
2751 5141 2910 5215 λέγει,
2962 5144 3168 5204 πάντως
3239 5141 3503 5197 ἀποκτενεῖ
3558 5161 3641 5217 με.
3693 5138 4006 5197 ’Λνένδεκτον

3283 4872 3572 4948 [εἰρωνικῶς
3654 4879 3808 4925 τοῦτο
3891 4866 4003 4933 εἶπε,

3580 4965 4001 5036 προφητοκτὸνον.

1857 5519 2080 5598 Variae
2118 5524 2444 5600 lectiones
2485 5541 2548 5601 et
2582 5539 2784 5602 notae.

701 5715 816 5793 (49)
843 5721 943 5776 Καὶ
964 5715 1150 5779 abest.
1178 5719 1250 5777 A.
1442 5753 1451 5761 -

703 5718 795 5793 (49
843 5721 943 5776 Καὶ
964 5715 1150 5779 abest.
1178 5719 1250 5777 A.
1442 5753 1451 5761 -

703 5715 816 5873 (5οἒ
856 5794 986 5850 Haec
1040 5794 1098 5850 in
1137 5793 1417 5851 contextu
1471 5785 1645 5850 habet
1687 5791 1744 5862 Β,
1776 5799 1912 5869 post
1960 5798 2140 5871 φθόνον
2190 5798 2285 5853 15¢-

2408 5737 2528 5785 τῶν.
2557 5730 2668 5785 Sed
2702 5732 2746 5784 A
2778 5729 2839 5784 in
2873 5729 3143 5800 margine
3173 5727 3431 5788 exhibet.

2471 5803 2587 5874 (51)
2624 5803 2944 5876 Πορεύεσθαι
2957 5801 3054 5860 hic
3082 5804 3294 5876 repetit
3319 5803 3388 5857 A.
