4210 6454
240 398 378 454 1009

1443 389 1812 449 COMMENT.
1857 388 1927 444 IN
1967 387 2231 449 LUCAM.
2275 425 2338 435 -
2380 392 2536 450 CAP.
2579 393 2724 452 XIV.

3475 391 3611 453 1010

232 527 359 598 γὰρ,
429 528 548 584 ἤτοι
613 522 888 592 ἀσύνηθες,
952 524 1243 595 προφήτην,
1309 517 1642 593 ἀναιρεθῆναι
1697 516 1826 577 ἐκτὸς

1956 515 2068 573 bile
2111 519 2260 574 enim
2301 525 2404 586 est,
2457 521 2582 577 sive
2632 521 2959 590 insuetum,
3015 524 3082 579 ut
3117 517 3412 595 propheta
3467 522 3610 581 alibi

237 615 423 677 αὐτῆς.

307 702 650 778 Ἰερουσαλὴμ
717 734 786 742 —
859 700 1166 761 ἠθελήσατε.
1237 705 1417 754 Ταῦτα
1469 703 1558 751 καὶ
1623 699 1648 750 6
1695 705 1838 751 Ματ-

240 796 384 855 θαῖος
444 791 726 864 ἀνέγραψεν
784 791 831 843 ἒν
876 799 946 862 τῷ
1001 797 1336 860 πεντηκοστῷ
1369 792 1496 860 ἕκτῳ
1556 787 1836 860 κεφαλαίῳ,

238 889 328 936 καὶ
359 881 616 954 ἀνάγνωθι
657 880 703 934 ἐν
732 881 902 953 ἐκείνῳ
942 885 1030 938 τήν
1081 879 1326 952 ἐξήγησιν
1365 879 1553 931 αύτῶν.
1601 880 1838 931 Νοσσιὰν

241 969 300 1026 δὲ
329 980 415 1024 νῦν
437 972 570 1044 λέγει
595 975 650 1024 τό
681 970 872 1032 πλῆθος
897 979 998 1023 τῶν
1025 979 1274 1023 νεοσσῶν.

313 1060 454 1116 Ἰδού
507 1093 575 1102 -
627 1064 790 1134 ὑμῶν.
839 1060 1090 1136 Ἔρημός,
1143 1056 1402 1130 δηλονότι,
1457 1060 1625 1118 καθὼς
1678 1077 1839 1130 προσ-

239 1154 418 1210 έθηκεν
445 1153 469 1204 ό
501 1153 790 1214 Μακθαίος.
845 1155 945 1204 Καὶ
971 1158 1124 1203 τοῦτο
1151 1146 1210 1202 δε
1247 1152 1306 1202 τό
1343 1150 1499 1224 ῥητὸν
1531 1147 1708 1220 ἐφεξῆς
1736 1147 1840 1200 ἐκεῖ

240 1238 640 1314 διηρμήνευται.

312 1336 462 1403 Λέγω
503 1363 564 1372 -
601 1336 815 1404 Κυρίου,
860 1329 988 1391 Ἐως
1017 1331 1077 1382 ἄν
1109 1329 1205 1402 ήξη
1240 1330 1264 1381 6
1295 1331 1496 1401 καιρὸς,
1531 1329 1612 1381 ὅτε
1661 1331 1838 1386 εἴπητε

235 1418 376 1475 τόδε.
434 1425 532 1474 Καὶ
575 1423 770 1473 τούτων
819 1417 878 1473 δὲ
925 1421 1128 1472 πάντων
1169 1418 1460 1481 ἀκολούθως
1487 1417 1534 1471 ἐν
1565 1416 1736 1490 ἐκείνῳ
1763 1425 1834 1489 τῷ

234 1511 494 1584 κεφαλαίῳ
523 1515 616 1569 τήν
644 1511 914 1586 ἑρμηνείαν
941 1512 1190 1584 εὑρήσεις.

558 1696 701 1745 ΚΕΦ.
743 1689 862 1744 ΝΒ’.
907 1693 1032 1762 Περὶ
1060 1695 1152 1740 τοῦ
1186 1684 1511 1762 ὑδρωπικοῦ.

307 1787 406 1834 Καὶ
451 1781 640 1852 έγένετο
677 1813 748 1822 -
779 1781 954 1833 αύτόν.
1005 1784 1106 1833 Καὶ
1159 1779 1308 1840 οὗτος
1347 1780 1372 1830 ό
1421 1785 1718 1851 Φαρισαῖος,
1764 1779 1834 1840 ὡς

1948 608 2271 673 occidatur,
2304 626 2490 682 quam
2520 610 2577 666 in
2609 627 2695 666 ea.

2019 701 2180 755 Vers.
2253 704 2340 757 34.
2407 701 2729 757 Jerusalem
2781 733 2850 742 —
2901 701 3182 757 noluistis.
3238 702 3369 758 Haec
3428 702 3610 758 etiam

1948 789 2178 862 scripsit
2209 789 2506 846 Matthteus
2537 791 3042 864 quinquagesimo
3075 797 3242 848 sexto
3280 792 3474 865 capite
3507 809 3520 846 :
3555 796 3613 848 et

1947 879 2008 934 in
2057 895 2128 935 eo
2156 879 2282 949 lege
2315 880 2587 952 ipsorum
2636 882 3088 952 expositionem.
3136 882 3356 938 Nidum
3408 886 3608 939 autem

1946 974 2116 1024 vocat
2148 967 2446 1040 pullorum
2480 969 2942 1028 multitudinem.

1938 1090 1942 1094 -
2019 1061 2156 1113 Vers
2207 1062 2294 1114 35.
2335 1059 2490 1116 Ecce
2531 1091 2598 1100 —
2628 1067 2836 1116 vestra.
2888 1061 3128 1117 Deserta
3180 1061 3469 1130 videlicet,
3498 1061 3612 1118 sic-

1947 1151 2013 1203 ut
2052 1147 2284 1204 addidit
2329 1149 2634 1205 Matthaaus
2664 1151 2684 1184 ⁷
2730 1169 2744 1220 ;
2797 1150 2898 1206 ubi
2966 1151 3146 1208 etiam
3213 1151 3328 1208 hoc
3379 1151 3609 1208 dictum

1947 1243 2380 1310 consequenter
2408 1239 2782 1297 declaratum
2812 1245 2921 1296 est.

2015 1327 2178 1382 Vers.
2233 1327 2322 1382 35.
2385 1327 2529 1384 Dico
2584 1359 2654 1370 —
2709 1329 2952 1386 Domini.
3019 1332 3342 1403 Quousque
3410 1329 3611 1387 veniat

1945 1420 2198 1488 tempus,
2248 1433 2387 1474 cum
2438 1417 2553 1475 hoc
2606 1418 2886 1476 dixeritis.
2949 1422 3164 1476 Horum
3214 1424 3417 1476 autem
3475 1435 3607 1477 om-

1943 1505 2110 1602 pium
2155 1507 2216 1562 in
2260 1523 2331 1564 eo
2380 1507 2513 1565 loco
2562 1513 3000 1582 consequenter
3061 1510 3602 1582 interpretationem

1943 1596 2230 1652 invenies.

2300 1687 2453 1742 CAP.
2487 1688 2598 1746 LII.
2633 1691 2716 1746 De
2746 1688 3086 1761 hydropico.

2011 1774 2152 1845 Cap.
2204 1777 2359 1834 XIV.
2413 1779 2578 1834 Vers.
2626 1779 2677 1844 1,
2720 1779 2799 1834 Et
2846 1779 3082 1849 factum
3129 1785 3215 1836 est
3246 1809 3311 1820 -—
3341 1793 3493 1835 eum.
3545 1781 3612 1837 Et

230 1877 500 1946 προφήτην
565 1871 721 1923 αύτόν
801 1871 1036 1924 ἐκάλεσεν
1107 1869 1177 1932 εἰς
1253 1870 1508 1934 ἑστίασιν,
1569 1867 1826 1939 ὑπόληψιν

1956 1863 2036 1918 1ic
2067 1865 2421 1932 Pharisteus,
2455 1872 2736 1940 tanquam
2768 1869 3160 1941 prophetam,
3196 1867 3434 1924 vocavit
3462 1883 3609 1924 eum

230 1969 322 2012 τού
385 1967 456 2033 μή
516 1961 817 2015 ϐασκαίνειν
881 1963 1194 2034 θηρώμενος.
1247 1959 1417 2012 Ἶισαν
1476 1961 1576 2033 γὰρ
1641 1962 1730 2009 καὶ
1783 1956 1830 2009 ἐν

231 2058 334 2110 τοῖς
365 2055 667 2125 Φαρισαίοις
718 2053 847 2110 τινες
913 2050 967 2112 ἐξ
1021 2052 1266 2122 ἡμισείας
1319 2053 1553 2122 πονηροὶ,
1587 2052 1676 2100 καὶ
1733 2055 1830 2100 τῶν

234 2139 396 2191 ἄλλων
442 2136 835 2212 διαφορώτεροι.
884 2140 1068 2191 Εἵπετο
1115 2136 1174 2191 δὲ
1222 2140 1246 2190 ὁ
1297 2141 1547 2212 Χριστὸς,
1596 2136 1830 2210 ἀφορμήν

232 2230 499 2280 κάνταύθα
535 2227 777 2300 ὠφελείας
814 2235 905 2279 του
949 2233 1236 2302 Φαρισαίου
1285 2234 1374 2280 καὶ
1422 2236 1521 2279 τῶν
1568 2230 1702 2279 κατὰ
1744 2231 1832 2278 τόν

233 2315 372 2370 οἷκον
419 2317 580 2369 αὐτοῦ
628 2321 930 2389 ποιούμενος
976 2323 1070 2376 τήν
1127 2318 1398 2370 ἑστίασιν·
1446 2320 1494 2370 οἰ
1549 2314 1609 2370 δὲ
1664 2316 1832 2369 λοιποὶ

234 2415 511 2483 Φαρισαῖοι
545 2414 867 2482 παρετήρουν
903 2408 1080 2474 αὐτόν,
1114 2407 1196 2460 ἐάν
1226 2427 1277 2460 τι
1319 2412 1518 2481 ποιήσῃ
1565 2410 1708 2481 παρὰ
1745 2410 1832 2459 τόν

230 2503 382 2571 νόμον
412 2496 460 2548 ἐν
490 2505 561 2568 τῷ
589 2495 853 2568 Σαϐϐάτῳ.

303 2681 402 2728 Καὶ
443 2671 559 2727 ἰδού
615 2705 676 2714 -
710 2674 891 2727 αύτού.
924 2680 1023 2728 Ἦν
1056 2676 1348 2748 ἱστάμενος,
1395 2679 1484 2728 καὶ
1514 2679 1586 2749 μή
1634 2675 1832 2750 τολμῶν

233 2769 323 2836 μὲν
381 2765 612 2826 ζητῆσαι
671 2767 957 2838 θεραπείαν,
1011 2762 1190 2818 διὰτὸ
1249 2764 1510 2818 Σάϐϐατον
1567 2771 1658 2819 καὶ
1713 2770 1832 2830 τοὺς

235 2859 582 2927 Φαρισαίους’
635 2859 934 2927 φαινόμενος
985 2851 1044 2907 δὲ
1090 2859 1264 2928 μόνον,
1326 2856 1408 2907 ἵνα
1467 2852 1592 2908 ἰδὼν
1649 2855 1836 2908 οἰκτει-

231 2951 368 3018 ρήσῃ
419 2947 600 2997 τοῦτόν
650 2944 732 3017 ἀφ’
791 2945 996 3010 ἑαυτοῦ,
1045 2951 1133 2998 καὶ
1191 2945 1460 3018 ἀπαλλάξῃ
1518 2953 1610 2998 τοῦ
1662 2943 1834 3021 ὕδρω-

227 3054 346 3096 πος.

302 3128 401 3176 Καὶ
459 3154 520 3164 -
606 3129 940 3196 Φαρισαίους.
1019 3123 1155 3177 Ἐκεῖ
1227 3130 1317 3177 καὶ
1394 3124 1583 3190 αύτούς
1649 3146 1832 3199 συγκε-

228 3212 530 3284 κλημένους.

303 3306 476 3374 Λέγων
531 3336 596 3345 -
667 3306 974 3376 ἡσύχασαν.
1033 3309 1134 3357 Καὶ
1191 3304 1369 3358 ἄλλοτε
1423 3308 1524 3380 γὰρ
1594 3314 1826 3358 τοιοῦτον

228 3392 565 3466 ἐρωτηθέντες
631 3395 1106 3465 ἑπεστομίσθησαν.
1185 3391 1326 3447 Ούδε
1389 3398 1490 3470 γὰρ
1568 3393 1826 3455 ἠδύναντο

222 3481 405 3552 λέγειν,
465 3483 544 3534 ὅτι
605 3481 856 3535 ἐκώλυσεν
923 3483 948 3534 6
999 3486 1155 3556 νόμος
1200 3481 1530 3556 ἁγαθοποιεῖν
1593 3485 1640 3538 ἐν
1699 3485 1826 3538 Σαϐ-

222 3569 386 3642 ϐάτῳ.

298 3663 399 3717 Καὶ
464 3691 532 3702 -
587 3661 861 3717 ἀπέλυσεν.
921 3693 990 3704 -
1043 3661 1455 3737 Ἐπιλαϐόμενος,
1528 3663 1641 3719 ἀντὶ
1709 3673 1819 3733 τοῦ,

223 3749 487 3823 ἁψάμενος
517 3750 697 3803 αὐτοῦ.

297 3845 396 3893 Καὶ
457 3839 752 3916 ἀποκριθεὶς
817 3872 885 3880 —
959 3839 1263 3910 Σαϐϐάτου;
1330 3850 1495 3897 Τοῦτο
1545 3847 1646 3920 γὰρ
1711 3845 1821 3899 ἐπέ-

219 3949 399 4005 τρεπεν
435 3931 654 4003 όνόμος.
698 3930 758 3982 Εἰ
802 3928 862 3983 δὲ
906 3934 964 3983 τό
1009 3931 1192 4002 ἄλογον
1244 3933 1373 3993 ζῶον
1425 3935 1519 3986 ούκ
1567 3935 1818 3988 ἐκώλυσεν

221 4020 460 4090 ἁνασπᾷν
499 4017 552 4071 ἔκ
583 4027 674 4072 τοῦ
718 4016 982 4082 κινδύνου,
1036 4021 1205 4092 πολλῷ
1234 4021 1423 4095 μᾶλλον
1479 4028 1535 4076 τό
1587 4024 1816 4096 λογικόν,

223 4108 298 4164 δι’
329 4110 354 4162 6
384 4115 468 4162 καὶ
522 4114 578 4162 τό
627 4110 831 4182 α’λογον.
881 4109 952 4163 Ὠ
981 4110 1146 4184 βάθος
1205 4113 1425 4184 σοφίαςῐ
1463 4121 1577 4177 Πῶς
1631 4112 1817 4189 διαφό-

221 4220 324 4276 ρως
381 4199 426 4251 ἐν
478 4199 722 4272 Σαϐϐάτῳ
788 4202 1126 4274 θεραπεύσας,
1194 4198 1478 4278 διαφόρους
1534 4203 1820 4276 ἀπολογίας

223 4289 383 4340 αὐτοῦ
439 4293 738 4356 πεποίηται,
797 4296 887 4343 καὶ
941 4292 1114 4353 πάσας
1166 4291 1606 4368 ἁναντιρρήτους;
1658 4291 1821 4346 διδά-

225 4396 381 4442 σκων,
444 4379 520 4428 ὅτι
587 4377 687 4430 ἀπὸ
747 4387 842 4430 τῶν
902 4378 1160 4452 βιωτικῶν
1230 4384 1390 4456 ἔργων
1459 4381 1816 4448 σαϐϐατίζειν,

223 4469 342 4522 ἤτοι
373 4465 673 4536 σχολάζειν,
723 4465 978 4522 ἐκέλευσεν
1005 4472 1030 4522 6
1074 4476 1258 4542 νόμος’
1296 4470 1352 4522 ού
1401 4475 1505 4543 μήν
1565 4471 1665 4523 ἀπό
1721 4482 1818 4524 τῶν

222 4563 600 4626 πνευματικῶν.

294 4648 395 4697 Καὶ
437 4643 530 4697 ούκ
562 4677 626 4686 --
671 4654 854 4701 ταῦτα.
917 4653 1140 4721 Φανερᾶς
1195 4651 1358 4712 οὔσης
1411 4657 1505 4712 τῆς
1554 4648 1815 4713 ἀληθείας.

221 4830 367 4878 ΚΕΦ.
426 4822 546 4882 NI".
624 4830 748 4901 Περὶ
815 4832 907 4878 τού
969 4830 1039 4898 μή
1111 4826 1314 4900 ἀγαπᾷν
1378 4831 1472 4890 τὰς
1535 4829 1820 4900 πρωτοκλι-

951 4918 1088 4978 σίας.

737 5001 1038 5076 ἐξελέγοντο.
1146 5005 1398 5079 Ἐπέχων,
1502 5006 1614 5060 ἀντὶ
1706 5016 1816 5074 τοῦ,

215 5096 543 5164 μεμφόμενος
597 5091 734 5164 (52),
779 5088 920 5145 διότι
949 5097 1040 5157 τὰς
1093 5101 1302 5168 πρώτας
1343 5095 1674 5158 κατακλίσεις
1722 5096 1822 5161 ἐξε-

216 5179 427 5250 λέγοντο
452 5197 466 5212 ⁸
509 5179 642 5254 ἐώρα
671 5185 768 5255 γὰρ
827 5183 1019 5246 αύτούς
1062 5188 1177 5246 τούς
1216 5193 1368 5239 τοῦτο
1397 5194 1674 5250 ποιοῦντας
1731 5207 1821 5246 τη-

213 5277 458 5324 νικαύτα.

290 5001 469 5074 Ἔλεγε
564 4977 628 5042 4

290 5431 492 5487 Matth.
515 5447 672 5499 χχιιι,
710 5435 797 5488 38.

1943 1953 2019 2036 ad
2063 1955 2423 2022 convivium,
2474 1957 2821 2029 opinionem
2867 1959 3068 2015 venari
3121 1957 3392 2030 cupiens,
3437 1957 3603 2030 quod

1940 2040 2055 2114 lpsi
2120 2061 2242 2100 non
2295 2045 2606 2102 invideret.
2673 2049 2849 2104 Erant
2927 2049 3087 2103 enim
3138 2047 3384 2120 quidam
3456 2047 3605 2104 inter

1940 2134 2274 2190 Pharismos
2330 2135 2646 2202 semimali,
2697 2142 2754 2193 et
2805 2137 2906 2210 qui
2965 2137 3190 2192 caeteris
3231 2142 3400 2194 erant
3452 2153 3601 2209 prte-

1942 2224 2277 2280 stantiores.
2342 2225 2592 2282 Secutus
2663 2231 2752 2282 est
2802 2232 3001 2282 autem
3052 2231 3107 2282 et
3162 2225 3259 2281 hic
3316 2225 3600 2292 Christus,

1941 2313 2318 2370 occasionem
2365 2315 2650 2380 utilitatis,
2707 2315 3008 2380 Pharismi,
3057 2315 3279 2370 faciens
3323 2316 3382 2369 in
3430 2315 3604 2372 domo

1940 2403 2070 2473 ejus
2118 2403 2466 2473 prandium.
2520 2405 2728 2461 Ceteri
2781 2421 2922 2461 vero
2980 2402 3390 2460 observabant
3440 2419 3597 2469 eum,

1943 2507 2020 2548 an
2051 2491 2268 2549 faceret
2292 2494 2608 2568 quippiam
2649 2496 2710 2550 in
2753 2494 3037 2560 Sabbato,
3060 2492 3225 2567 quod
3265 2496 3480 2566 praeter
3525 2490 3603 2548 le-

1943 2597 2077 2654 gem
2103 2587 2273 2638 esset.

2013 2672 2174 2728 Vers.
2206 2673 2258 2727 2.
2301 2673 2378 2728 Et
2423 2672 2855 2729 ecce—illum.
2916 2674 3050 2728 Erat
3099 2675 3287 2737 stans,
3335 2685 3447 2727 nec
3497 2685 3602 2727 au-

1942 2760 2092 2816 dens
2152 2766 2350 2831 petere
2409 2761 2778 2816 curationem
2845 2767 3086 2834 propter
3152 2759 3480 2817 Sabbatum
3548 2761 3606 2815 et

1944 2850 2269 2907 Pharisaeos
2300 2867 2313 2906 :
2349 2849 2543 2906 solum
2585 2855 2786 2906 autem
2823 2855 3090 2923 apparet,
3128 2854 3187 2905 ut
3223 2865 3361 2906 cum
3393 2847 3489 2904 ille
3522 2847 3604 2904 vi-

1941 2939 2143 3005 disset,
2196 2939 2569 2996 miseratione
2610 2944 2946 2996 moveretur
2970 2955 3113 3011 erga
3147 2940 3346 3013 ipsum
3387 2955 3458 2997 ac
3495 2939 3604 3012 hy-

1941 3029 2165 3103 dropisi
2204 3029 2498 3086 liberaret.

2011 3120 2182 3175 Vers.
2217 3121 2271 3174 3.
2306 3121 2380 3176 Et
2409 3151 2479 3160 —
2523 3117 2880 3175 Phariszos.
2931 3117 3040 3184 Qui
3081 3118 3261 3174 etiam
3299 3117 3379 3174 ibi
3419 3117 3599 3174 simul

1869 3221 1910 3278 ί]
1941 3218 2105 3264 erant
2138 3208 2388 3264 invitati.

2010 3298 2180 3352 Vers.
2201 3297 2260 3353 3.
2283 3327 2342 3336 -
2361 3299 2570 3354 Dicens
2596 3327 2648 3337 -
2673 3302 3006 3354 tacuerunt.
3031 3296 3219 3352 Etiam
3252 3295 3389 3352 alibi
3409 3295 3602 3352 simile

1936 3387 2084 3461 quid
2133 3387 2478 3458 interrogati
2539 3387 3012 3445 obmutuerunt:
3061 3402 3251 3459 neque
3303 3386 3466 3442 enim
3513 3385 3601 3441 di-

1935 3493 2067 3534 cere
2113 3481 2407 3550 poterant,
2451 3477 2617 3550 quod
2656 3475 3053 3549 prohibuisset
3107 3474 3202 3532 lex
3247 3474 3598 3533 benefacere

1932 3566 1994 3622 in
2025 3566 2312 3623 Sabbato.

2003 3657 2171 3712 Vers.
2221 3655 2280 3714 4.
2335 3654 2782 3713 Et—dimisit.
2827 3653 3256 3728 Apprehendit,
3309 3654 3430 3710 Hoc
3479 3657 3590 3720 est,

1931 3745 2122 3815 tetigit
2153 3762 2314 3802 eum.

1999 3837 2166 3890 Vers.
2213 3841 2262 3892 5.
2315 3836 2391 3892 Et
2428 3834 2777 3903 respondens
2808 3865 2872 3878 --
2910 3833 3179 3892 Sabbati.
3247 3833 3363 3890 hoc
3410 3833 3573 3891 enim

1927 3923 2023 3981 lex
2068 3925 2465 3998 permittebat.
2515 3923 2745 3994 Quodsi
2787 3924 3127 3980 irrationale
3157 3922 3386 3980 animal
3429 3940 3462 3979 a
3496 3939 3595 3996 pe-

1927 4014 2116 4070 riculo
2146 4015 2374 4070 extrahi
2407 4030 2528 4070 non
2578 4013 2936 4086 prohibebat
2966 4013 3024 4070 in
3076 4012 3354 4079 sabbato,
3407 4011 3594 4069 multo

1929 4103 2126 4173 magis
2143 4103 2449 4169 rationale,
2467 4104 2634 4174 cujus
2648 4101 2972 4159 commodo
2986 4101 3217 4158 vivebat
3233 4100 3590 4157 irrationale.

1931 4193 1973 4248 Ο
1989 4192 2347 4265 profundam
2367 4192 2725 4264 sapientiam
2750 4190 3089 4264 !quomodo
3117 4191 3295 4246 variis
3316 4189 3594 4262 tempori-

1928 4281 2044 4336 bus
2093 4281 2359 4336 Sabbato
2412 4280 2678 4336 tribuens
2731 4279 3036 4345 sanitates,
3091 4277 3339 4334 diversis
3395 4277 3473 4332 ad
3529 4277 3593 4333 id

1931 4386 2075 4424 usus
2129 4373 2218 4424 est
2282 4367 2794 4440 responsionibus,
2827 4367 3226 4440 omnibusque
3256 4365 3588 4422 insolubili-

1929 4456 2066 4528 bus,
2123 4456 2366 4520 docens,
2418 4456 2578 4528 quod
2606 4472 2642 4512 a
2668 4455 3075 4528 corporalibus
3105 4454 3390 4528 operibus
3419 4453 3590 4527 jube-

1853 4579 1896 4634 ο
1930 4545 2031 4603 bat
2050 4545 2141 4602 lex
2173 4546 2499 4620 quiescere,
2541 4559 2664 4601 non
2703 4560 2740 4600 a
2771 4543 3198 4617 spiritualibus.

2000 4637 2167 4691 Vers.
2220 4635 2278 4693 6.
2319 4637 2394 4690 Et
2426 4650 2545 4691 non
2585 4661 2639 4676 -ι
2679 4634 2818 4691 hac.
2874 4635 3024 4690 Cum
3076 4631 3394 4690 manifesta
3439 4636 3592 4690 esset

1928 4726 2170 4781 veritas.

2001 4816 2156 4874 CAP.
2201 4815 2332 4871 LIII.
2361 4815 2447 4872 De
2473 4830 2592 4871 non
2625 4813 2903 4871 amandas
2958 4812 3167 4884 primis
3211 4813 3586 4870 accubitibus.

2001 4995 2171 5050 Vers.
2205 4997 2259 5048 7.
2295 4991 2534 5050 Dicebat
2562 5020 2631 5031 —
2657 4990 2952 5062 eligerent.
2985 4989 3320 5057 Intendens,
3374 4989 3436 5046 id
3478 4994 3586 5052 est,

1931 5083 2261 5155 objurgans
2303 5087 2406 5139 aut
2443 5081 2786 5151 indignans,
2825 5079 2973 5154 quia
3009 5079 3238 5152 primos
3274 5078 3589 5137 accubitus

1931 5171 2226 5244 eligebant
2258 5187 2270 5227 :
2301 5176 2440 5229 tunc
2466 5170 2626 5228 enim
2652 5185 2752 5227 eos
2777 5169 2894 5228 hoc
2925 5169 3109 5226 facere
3149 5167 3408 5226 videbat.

1434 5559 1650 5630 Variae
1669 5560 2007 5632 lectiones
2050 5570 2115 5630 et
2145 5569 2343 5631 notas.

214 5719 234 5803 ί
290 5727 405 5800 (52)
434 5727 548 5803 Etsi
569 5727 774 5803 ἕπέχειν
795 5728 952 5786 hanc
981 5728 1292 5803 notionem!
1317 5729 1540 5803 habere
1581 5735 1775 5803 potest
1803 5747 1816 5788 :

221 5799 422 5857 tamen
451 5799 547 5857 hic
570 5799 765 5858 aliena
803 5807 908 5869 est,
946 5809 1187 5876 propter
1222 5801 1495 5860 additum
1526 5799 1651 5866 πῶς.
1710 5805 1825 5877 Igi-

1929 5735 2026 5805 tur
2081 5731 2141 5786 id
2191 5731 2366 5788 etiam
2416 5719 2788 5804 permutavit
2820 5748 2959 5790 cum
3017 5729 3178 5787 διότι.
3211 5733 3449 5805 Ἐπέχιιν
3502 5737 3592 5790 est

1932 5804 1990 5860 h.
2023 5805 2062 5859 l.
2097 5819 2205 5876 pro
2234 5808 2536 5880 προσέχειν.
2917 5813 2922 5818 “
