4210 6462
697 397 832 457 1011

2013 391 2350 452 EUTHYMH
2389 387 2714 447 ZIGABENI

3916 390 4027 450 1012

768 527 938 584 Vers.
982 524 1035 582 7.
1071 524 1283 583 Dicm:
1329 523 1408 583 ad
1452 539 1562 582 eos.
1619 523 1702 579 Ad
1754 537 2244 599 unumquemque
2287 521 2353 579 it-
2383 519 2430 576 Α

2077 537 2244 596 mque
2287 521 2353 579 il-
2383 519 2431 576 Α
2539 521 2713 592 Δίγων
2743 520 2868 593 πρὸς
2898 515 3109 582 αὐτούς.
3140 519 3274 594 Πρὸς
3302 517 3520 573 ἕκαστον
3551 513 3739 574 αὐτῶν.

694 616 912 673 lorum.

767 708 937 762 Vers.
969 708 1022 761 8.
1057 708 1206 762 Cum
1237 736 1300 746 —
1333 706 1498 761 Vers.
1551 708 1601 762 9.
1651 709 1866 762 tenere.
1918 704 2227 771 Admonet,
2276 717 2351 758 ne

695 813 758 851 se
813 795 1296 852 honoratioribus
1352 800 1713 867 praeponam,
1773 811 1960 866 neque
2013 800 2148 848 ante
2205 792 2350 848 alios

694 903 822 942 sese
874 886 1181 940 collocent.
1217 885 1318 940 Per
1350 883 1697 954 parabolam
1747 890 1948 940 autem
1993 883 2351 938 admonitio-

696 992 835 1031 nem
883 980 1228 1037 contexens,
1283 972 1512 1046 absque
1561 973 1788 1028 invidia
1843 989 1943 1028 eos
1999 973 2348 1041 redarguit;

695 1081 836 1120 nam
885 1064 1236 1134 hujusmodi
1291 1070 1426 1118 sunt
1475 1063 1830 1136 parabolice
1885 1061 2346 1118 admonitiones.

694 1157 799 1211 Per
828 1155 1068 1226 nuptias
1093 1170 1230 1210 vero
1275 1169 1455 1208 omne
1487 1152 1808 1224 prandium
1839 1167 2205 1223 omnemque
2231 1167 2349 1207 caa-

691 1261 834 1300 nam
897 1243 1292 1313 significavit:
1341 1242 1574 1298 invitari
1623 1243 1779 1298 enim
1833 1242 1909 1298 ad
1955 1241 2195 1313 nuptias
2245 1239 2350 1295 ho-

692 1333 1093 1390 noriﬁcentius
1132 1331 1452 1401 videbatur,
1502 1347 1689 1405 quam
1746 1332 1816 1387 ad
1851 1330 2194 1404 prandium,
2245 1333 2351 1386 aut

692 1439 926 1481 ccenam
957 1423 1183 1480 vocari.

764 1513 935 1572 Vers.
999 1514 1064 1568 10
1133 1512 1245 1568 Sed
1300 1542 1367 1553 —
1415 1518 1626 1568 tecum.
1698 1510 1911 1567 Dilatat
1984 1523 2346 1577 sermonem,

691 1604 1010 1660 ostendens
1041 1607 1098 1658 et
1125 1601 1538 1658 confusionem
1585 1601 1664 1657 ab
1695 1600 2067 1672 impudentia
2097 1599 2258 1654 nasci
2287 1603 2344 1654 et

693 1695 944 1764 gloriam
987 1709 1023 1749 a
1052 1692 1404 1748 verecundia
1432 1708 1446 1758 ;
1473 1696 1530 1748 et
1556 1692 1830 1764 utrinque
1861 1691 1938 1746 ad
1985 1688 2346 1746 modestiam

691 1784 1064 1840 adhortatur.
1102 1781 1323 1838 Deinde
1358 1781 1532 1837 infert
1560 1781 1739 1837 etiam
1769 1779 2164 1836 universalem
2209 1794 2347 1835 sen-

2532 695 2693 749 Ὀταν
2736 728 2803 737 -
2861 701 3122 768 κατέχειν.
3175 702 3442 770 Παραινεί,
3495 699 3566 768 μὴ
3631 691 3888 769 ίπιπηδᾴν
3934 708 4019 761 ταῖς

2461 792 2833 860 προτιμήσεσι,
2891 783 3030 858 μηδὲ
3095 787 3395 859 προτάττειν
3454 784 3667 846 ἑαυτοὺς
3723 795 3820 837 τῶν
3870 788 4014 843 οῦλων.

2461 878 2556 928 Διὰ
2615 874 2916 949 παραϐολῆς
2971 871 3030 928 δε
3083 880 3175 933 τὴν
3233 880 3536 947 παραίνεσιν
3603 873 3893 946 ἰξυφαίνων,
3956 878 4014 927 ἀν-

2461 967 2845 1038 επαχθέστερον
2900 963 3067 1016 αὐτῶν
3130 965 3473 1016 καθάπτεται.
3523 969 3778 1016 Τοιαυται
3837 970 3926 1040 γὰρ
3977 971 4012 1019 αἱ

2459 1052 2810 1127 παραϐολικαὶ
2882 1057 3230 1125 παραινέσεις.
3288 1057 3384 1105 Διὰ
3439 1062 3540 1104 τῶν
3589 1055 3776 1124 γάμων
3832 1051 3885 1107 δὲ
3943 1063 4010 1106 πῂ

2459 1144 2675 1214 ἄριστον
2724 1149 2813 1196 καὶ
2855 1149 2953 1194 πᾶν
3008 1139 3212 1195 δεῖπνον
3263 1142 3485 1214 ἐνέφηνε.
3518 1146 3587 1194 Τὸ
3637 1141 3900 1195 καλεῖσθαι
3941 1150 4008 1218 γὰρ

2459 1233 2530 1294 εἰς
2585 1235 2809 1304 γάμους,
2868 1238 3172 1304 τιμιώτερον
3238 1228 3409 1284 ίδόκει
3475 1239 3573 1294 τῆς
3630 1231 3706 1295 εἰς
3758 1233 4004 1306 ἄριστονξ

2461 1317 2665 1374 δεῖπνον
2705 1321 2797 1380 κλή
2811 1340 2908 1374 σεω
2919 1340 2959 1384 ς.

2533 1515 2663 1568 Ἀλλ’
2719 1547 2784 1556 -
2843 1535 2949 1570 σοι.
3006 1516 3256 1570 Πλατύνει
3305 1521 3390 1570 τὸν
3436 1517 3608 1590 λόγον,
3675 1515 3908 1572 δεικνύων
3943 1527 4000 1572 καὶ

2457 1608 2550 1662 τὴν
2602 1604 2700 1658 ἀπὶ
2747 1614 2842 1667 τῆς
2890 1603 3170 1667 αὐθαδείας
3223 1607 3507 1678 αἰσχύνην,
3569 1614 3654 1662 καὶ
3701 1615 3790 1667 τὴν
3821 1609 3907 1661 ἀπὸ
3938 1620 3998 1670 τῆς

2457 1693 2719 1756 εὐλαϐείας
2770 1691 2947 1766 δόξαν,
2981 1701 3070 1748 καὶ
3127 1696 3435 1770 ἑκατέρωθεν
3484 1698 3553 1760 εὶς
3610 1704 3992 1773 μετριοφροολᾶνην

2457 1790 2890 1858 προτρεπόμενος.
2995 1782 3120 1838 Εἶτα
3221 1785 3444 1859 ὶπιφίρει
3531 1793 3621 1840 καὶ
3711 1789 3984 1860 γνωμολογίαν

691 1875 1005 1930 tentiarum
1035 1871 1446 1929 collectionem
1475 1870 1556 1929 ad
1585 1870 2102 1928 conﬁrmationem
2133 1867 2344 1925 adhor-

2313 1884 2344 1909 '-
2377 1879 2420 1934 Β
2459 1873 2760 1939 καθολικὴν,
2815 1874 2887 1938 εἰς
2945 1873 3229 1948 βεϐαίωσιν
3286 1885 3376 1937 τῆς
3427 1881 3800 1950 παραινέσεως,
3850 1877 3975 1949 λέγω·

693 1965 950 2031 tationis,
977 1963 1184 2019 dicens
1217 1979 1231 2018 :

763 2055 929 2109 νοτε.
977 2053 1065 2108 tt.
1108 2052 1305 2109 Omnis
1333 2051 1481 2108 enim
1512 2080 1576 2090 —
1604 2050 1923 2107 extolletur.
1949 2048 2046 2105 Ille
2097 2047 2343 2122 quidem

690 2143 1020 2212 dejicietur,
1051 2142 1146 2198 hic
1171 2147 1370 2198 autem
1404 2140 1710 2206 exolletur,
1743 2155 1863 2195 non
1906 2144 2136 2195 tantum
2184 2136 2346 2210 apud

689 2231 966 2288 homines
997 2237 1149 2287 recte
1169 2230 1528 2302 jndicantes,
1566 2245 1767 2285 verum
1801 2229 1980 2285 etiam
2009 2227 2198 2284 multo
2227 2243 2348 2284 ma-

690 2323 783 2393 gis
813 2321 974 2392 apud
1008 2322 1216 2376 Deum.

763 2412 928 2467 Vers.
964 2413 1049 2466 12.
1102 2409 1328 2467 Dicebat
1359 2441 1428 2451 -
1457 2410 1619 2465 Vers.
1681 2411 1761 2465 14.
1794 2410 2119 2478 justorum.
2177 2406 2343 2470 Vide,

691 2501 869 2556 totiu
928 2500 1192 2556 utilitatis
1241 2505 1685 2568 argumentum.
1745 2498 2093 2554 Convivium
2169 2495 2342 2562 fecit;

689 2596 1012 2662 postquam
1043 2590 1202 2644 enim
1244 2588 1572 2651 admonuit,
1614 2604 1750 2660 quas
1799 2587 1876 2642 ad
1921 2587 2191 2642 invitatos
2225 2601 2347 2641 ma-

692 2680 847 2735 xime
902 2678 1280 2748 pertinerent,
1321 2677 1608 2733 admonet
1662 2677 1842 2731 etiam
1891 2675 2056 2748 quod
2108 2673 2347 2746 expedit

691 2768 1079 2824 convivatori.
1120 2770 1246 2823 Non
1276 2767 1425 2821 dixit
1453 2774 1653 2821 autem
1685 2782 1698 2818 :
1731 2765 1878 2821 Cum
1906 2765 2147 2836 nuptias
2197 2764 2346 2820 fece-

691 2857 792 2919 ris,
833 2856 938 2911 sed
972 2872 985 2910 :
1022 2856 1165 2911 Cum
1204 2855 1524 2927 prandium
1573 2854 1783 2923 feceris
1840 2861 1945 2910 aut
1994 2869 2234 2910 mnam.
2285 2854 2346 2909 In

691 2946 913 3016 nuptiis
963 2945 1123 3001 enim
1161 2945 1567 3000 necessarium
1601 2948 1693 2998 est
1741 2942 1992 3012 amicos,
2024 2947 2078 2999 et
2111 2942 2343 3007 fratres,

690 3040 746 3091 et
767 3039 1078 3103 cognatos,
1106 3039 1161 3090 et
1192 3033 1417 3090 vicinos
1445 3032 1656 3089 divites
1680 3033 1928 3090 invitare
1949 3032 2025 3090 ad
2055 3032 2347 3089 honorem

689 3123 1061 3194 nuptiarum.
1559 3135 1565 3140 '

763 3213 1017 3278 Quidam
1051 3218 1250 3270 tamen
1282 3228 1387 3284 per
1415 3212 1736 3286 prandium
1763 3216 1817 3268 et
1845 3227 2078 3269 cmnam
2106 3210 2342 3283 nuptias
2376 3239 2416 3295 ο

687 3302 937 3373 intelligi
987 3303 1212 3359 dicunt.
1265 3303 1364 3359 Est
1391 3308 1589 3359 autem
1617 3301 1874 3359 docendi
1908 3318 2035 3357 mos
2067 3316 2188 3358 non
2217 3306 2343 3356 tan-

691 3397 811 3448 tum
843 3393 1009 3452 mala
1037 3393 1375 3466 prohibere,
1398 3392 1502 3448 sed
1538 3392 1697 3448 utilia
1731 3407 1971 3466 quoque
2000 3389 2340 3449 consulere:

688 3481 808 3553 illa,
835 3498 909 3540 ne
932 3483 1102 3554 ﬂant,
1131 3483 1258 3540 haec
1282 3498 1440 3549 vero,
1470 3489 1530 3539 ut
1552 3483 1719 3539 ﬂant.

761 3751 889 3804 Non
928 3754 1128 3804 autem
1155 3747 1213 3804 in
1245 3747 1668 3804 contumeliam
1697 3747 1991 3813 amicitias,
2021 3746 2346 3806 fraternita-

692 3837 782 3899 tis,
815 3835 1210 3906 cognationis.
1243 3835 1616 3907 aliorumque
1647 3834 1932 3890 similium
1963 3835 2086 3891 haec
2131 3834 2342 3892 admo-

691 3925 837 3988 nuit,
893 3923 998 3979 sed
1057 3929 1119 3980 ut
1178 3924 1337 3996 quod
1397 3922 1608 3978 melius
1663 3928 1749 3979 est
1788 3929 2231 3995 cognoscentes,
2282 3924 2342 3982 id

689 4027 1108 4085 praeponamus
1139 4027 1152 4079 ;
1175 4017 1232 4068 et
1261 4027 1335 4067 ne
1361 4012 1789 4080 benignitatem
1810 4011 1901 4067 bis
1923 4011 2026 4084 qui
2051 4027 2173 4069 non
2195 4012 2344 4069 indi-

689 4107 849 4173 gent,
880 4102 1293 4173 responsionis
1325 4101 1539 4157 intuitu
1569 4100 1917 4156 vendamus.

765 4193 950 4247 Deum
999 4191 1159 4247 enim
1193 4190 1416 4264 potius,
1464 4206 1648 4263 quam
1690 4190 1991 4246 hominem
2043 4206 2252 4247 curare
2282 4208 2342 4246 o-

687 4285 900 4354 portet,
954 4286 1010 4337 et
1052 4298 1088 4338 a
1142 4282 1259 4337 Deo
1317 4279 1516 4352 potius
1563 4279 2012 4338 retributionem
2056 4295 2338 4352 quaerere,

683 4386 871 4443 quam
917 4370 995 4426 ab
1018 4369 1383 4425 hominibus.
1417 4369 1761 4438 Congruum
1793 4368 1971 4424 etiam
2002 4376 2091 4424 est
2131 4373 2194 4423 ut
2225 4370 2342 4441 spi-

685 4459 913 4515 ritualis
933 4460 1282 4515 convivator
1303 4473 1600 4532 pauperes
1617 4463 1925 4525 convocet,
1951 4457 2054 4530 qui
2078 4458 2344 4514 videlicet

689 4549 934 4605 scientia
963 4548 1248 4619 indigent,
1304 4548 1530 4605 debiles
1571 4547 2036 4621 prmeordiorum
2076 4548 2337 4604 dissolu-

685 4638 864 4704 tione,
894 4645 951 4695 et
975 4639 1078 4711 qui
1107 4639 1164 4696 in
1208 4639 1401 4695 activa
1439 4637 1561 4702 vita
1606 4637 1802 4693 claudi
1845 4643 2000 4706 sunt,
2048 4642 2106 4693 et
2142 4638 2247 4711 qui
2277 4638 2334 4694 in

687 4727 1171 4798 comtemplativa
1201 4727 1340 4782 caeci
1372 4747 1383 4786 :
1422 4743 1563 4782 nam
1591 4725 1694 4799 qui
1727 4726 1869 4782 tales
1899 4743 2017 4783 non
2045 4733 2202 4795 sunt,
2227 4728 2340 4785 hoc

685 4815 961 4872 convivio
982 4832 1104 4872 non
1131 4817 1416 4886 indigent.

757 4907 798 4974 -ι-
844 4904 1146 4978 Siquidem
1179 4905 1278 4978 qui
1314 4905 1728 4978 pusillanimes
1770 4911 1929 4974 sunt,
1957 4912 2172 4964 vocant
2195 4909 2341 4964 ami-

687 5009 789 5049 cos
817 4998 875 5050 et
916 4993 1143 5060 fratres,
1173 5002 1461 5063 cognatos
1503 5011 1574 5051 ac
1605 4995 1827 5051 vicinos
1857 4995 2082 5062 divites,
2134 5001 2193 5052 ut
2225 4997 2338 5053 cito

687 5083 765 5138 ab
813 5083 899 5139 eis
954 5083 1066 5140 sibi
1120 5084 1521 5155 rependatur;
1568 5085 1672 5156 qui
1734 5100 1875 5140 vero
1930 5102 2156 5156 magno
2199 5092 2340 5144 sunt

687 5171 915 5242 animo,
962 5171 1138 5243 longe
1187 5173 1496 5232 honestius
1537 5189 1610 5231 ac
1650 5174 2139 5243 honoriﬁcentius
2191 5191 2339 5248 ope-

2526 2051 2647 2106 Ὀτι
2716 2059 2815 2115 πᾶς
2867 2083 2924 2095 -
2981 2053 3342 2125 ὑψωθήσεται.
3402 2054 3460 2107 Ὀ
3672 2058 3992 2112 ταπεινωθήσε-

2457 2160 2563 2210 ται,
2619 2143 2646 2194 ό
2715 2138 2774 2194 δε
2827 2142 3188 2213 ὑψωθήσεται,
3247 2143 3305 2195 οὐ
3361 2148 3514 2216 μόνον
3566 2149 3710 2220 παρὰ
3753 2153 3843 2205 τοῖς
3900 2144 3995 2216 ὀρθὰ

2457 2240 2734 2304 φρονοῦσιν
2791 2230 3100 2306 ἀνθρώποις,
3180 2231 3309 2285 ἀλλὰ
3370 2241 3461 2286 καὶ
3513 2238 3613 2307 πρὸ
3670 2239 3840 2288 τούτων
3887 2236 3994 2307 παρὰ

2458 2328 2530 2390 τῷ
2558 2329 2693 2390 Θεῷ.

2527 2406 2702 2481 Ἐλεγε
2762 2442 2830 2451 -
2889 2407 3128 2466 δικαίων.
3200 2411 3338 2484 Ὀρα
3405 2418 3576 2476 πόσης
3633 2414 3734 2484 (53)
3800 2411 3993 2483 ὠφελείας

2457 2496 2703 2551 ὑπόθεσιν
2751 2501 2864 2571 (Sil)
2912 2506 3005 2558 τήν
3068 2500 3302 2553 ἑστίασιν
3372 2501 3683 2560 incitamur
3727 2504 3990 2571 παραινέσας

2461 2591 2554 2662 ιάρ
2604 2591 2667 2640 τὰ
2723 2590 2898 2641 εἰκότα
2973 2598 3083 2652 τοῖς
3138 2590 3491 2661 κεκλημένοις,
3551 2597 3760 2660 παραινεῖ
3802 2594 3876 2638 καὶ
3918 2595 3977 2653 τῷ

2456 2677 2749 2735 κεκληκότι.
2810 2679 2920 2731 Οὐκ
2988 2676 3096 2732 εἶπε
3139 2677 3198 2732 δι
3255 2683 3356 2745 ὅτι,
3406 2680 3552 2733 Ὀταν
3605 2686 3735 2749 ποιῇς
3789 2678 3980 2747 γάμους,

2458 2764 2586 2831 ἀλλ’,
2631 2766 2792 2819 ὐταν
2823 2776 2980 2840 ποιῇς
3038 2771 3255 2843 ἄριστον
3309 2774 3338 2828 ἦ
3402 2766 3622 2823 δεῖπνον.
3674 2769 3744 2820 Ἐν
3785 2773 3879 2825 τοῖς
3909 2767 3991 2834 ’μί’

2441 2875 2573 2928 ,μοις
2615 2861 2738 2929 γὰρ,
2797 2857 3093 2929 ἀναγκαίως
3142 2858 3318 2930 φίλους
3370 2866 3460 2912 καὶ
3505 2857 3742 2931 ἀδελφοὺς
3765 2862 3845 2908 καὶ
3890 2873 3994 2924 συγ·

2445 2953 2620 3016 ,γενεὶς
2663 2952 2752 2999 καὶ
2807 2953 3042 3019 γείτονας
3087 2948 3363 3009 πλουσιους
3413 2948 3733 3012 συνεκάλουν,
3781 2945 3854 2998 ἐπὶ
3893 2951 3992 3015 τιμῇ

2461 3044 2558 3087 τῶν
2588 3038 2788 3108 γάμων.

2527 3216 2670 3276 Τινὲς
2725 3210 2802 3280 δι,
2855 3212 2949 3267 διὰ
2993 3224 3084 3268 τοῦ
3140 3214 3358 3286 ἀρίστου
3416 3222 3503 3270 καὶ
3535 3225 3628 3269 τοῦ
3677 3213 3889 3276 δείπνου,
3933 3216 3998 3264 καὶ

2456 3307 2572 3365 τοὺς
2617 3307 2822 3377 γάμους
2867 3307 3101 3358 νοεῖσθαι
3161 3305 3392 3376 λέγουσι.
3440 3311 3616 3376 Aegii;
3663 3303 3720 3360 δε
3766 3304 3891 3357 καλεῖ
3932 3306 3997 3356 τὴν

2455 3389 2753 3464 ὑποδοχὴν,
2809 3399 2902 3453 τὴν
2962 3395 3210 3466 εὐωχίαν,
3268 3401 3362 3453 τὴν
3431 3395 3688 3449 ἑστίασιν.
3744 3399 3920 3469 Τρόπος
3960 3386 3998 3443 δὲ

2457 3479 2863 3552 διδασκαλικὸς,
2892 3489 2964 3556 μὴ
3014 3491 3166 3557 μόνον
3205 3485 3416 3538 κωλύειν
3447 3488 3513 3538 τα
3555 3486 3743 3558 φαῦλα,
3787 3483 3898 3537 ἀλλὰ
3939 3486 3998 3532 κει

2453 3573 2795 3625 ὑποτίθεσθαι
2839 3577 2904 3626 τὰ
2952 3577 3171 3648 χρηστοί
3198 3591 3211 3605 ⁶
3273 3575 3400 3644 οἷον,
3431 3580 3513 3634 Μὴ
3543 3581 3682 3628 ποίει
3728 3571 3860 3642 τόδε,
3911 3570 4002 3623 ἀλλὰ

2453 3659 2600 3716 τόδε.

2526 3751 2636 3802 Οὔκ
2691 3749 2768 3803 ἐπ’
2828 3750 3013 3825 ἀτιμίᾳ
3045 3748 3102 3805 δε
3147 3752 3317 3826 φιλίας
3348 3754 3460 3825 (35)
3506 3758 3596 3806 καὶ
3630 3758 3916 3826 συγγενείας
3940 3756 4003 3802 καὶ

2454 3837 2822 3910 ἀδελφότητος,
2880 3847 2970 3894 καὶ
3041 3851 3139 3895 τῶν
3191 3852 3453 3908 τοιούτων,
3524 3852 3693 3896 ταῦτα
3745 3851 4003 3916 παρῄνεσεν,

2453 3927 2558 3981 ἀλλ’
2603 3931 2684 3981 ἱνα
2722 3934 2780 3982 τὸ
2837 3939 3068 4004 κρεῖττον
3111 3927 3319 3998 ειδότες,
3370 3940 3522 3985 τοῦτο
3566 3942 3908 4006 προτιμώμεν,
3944 3933 4005 3980 καὶ

2451 4024 2523 4092 μὴ
2590 4027 2700 4078 τοῖς
2761 4017 3020 4073 ἁνενδείσι
3083 4023 3176 4084 τὰς
3239 4021 3618 4097 φιλοφροσύνας
3677 4021 4004 4095 ἀπεμπολὼμιν

2452 4107 2529 4161 ἐπ’
2563 4106 2970 4164 ἀνταποδόσεσι.

2525 4203 2635 4269 Χρὴ
2698 4202 2799 4273 γὰρ
2857 4204 2978 4252 Θεόν
3039 4201 3330 4272 θεραπεύειν
3386 4200 3577 4273 μᾶλλον
3632 4206 3663 4261 ἣ
3734 4201 4010 4274 ἀνθρώπους,

2452 4293 2538 4338 καὶ
2592 4291 2736 4362 παρὰ
2807 4297 2940 4340 Θεοῦ
3006 4292 3173 4352 ζητεῖν
3223 4287 3575 4343 ἀνταπόδοσιν
3637 4292 3753 4362 (56)
3823 4294 3849 4348 ἤ
3903 4289 4012 4359 παρὰ

2452 4375 2749 4450 ἀνθρώπων.
2811 4383 3069 4449 [Ιροσὰκει
3129 4375 3186 4431 δι
3238 4385 3326 4431 καὶ
3387 4383 3473 4431 τὸν
3525 4384 3869 4451 πνευματικὸν
3909 4378 4014 4431 ἐστι·

2451 4467 2615 4539 άτορα
2655 4465 2930 4536 συγκαλεῖν
2979 4470 3096 4528 τοὺς
3155 4465 3202 4518 ίν
3260 4466 3455 4540 ἀπορίᾳ
3483 4474 3724 4538 γνώσεως
3782 4470 4011 4538 πτωχοὺς.

2449 4559 2688 4614 καὶτοὺς
2735 4553 2782 4606 ἐν
2839 4555 3128 4628 παραλύσει
3180 4565 3370 4630 φρενῶν
3427 4555 3750 4630 ἀναπόρους,
3792 4561 3877 4609 καὶ
3931 4557 4014 4609 τοὺς

2453 4641 2500 4694 ίν
2540 4649 2600 4714 τῇ
2653 4652 2912 4715 πρακτικῇ
2965 4642 3192 4714 χωλοὺς,
3237 4649 3328 4697 καὶ
3374 4648 3495 4707 τοὺς
3546 4643 3594 4697 ὶν
3643 4654 3706 4718 τῇ
3764 4648 4009 4718 θεωρητικῇ

2451 4730 2666 4803 τυφλούς
2692 4749 2702 4760 ·
2745 4733 2794 4783 οἱ
2822 4737 2892 4802 μὴ
2940 4741 3168 4786 τοιοῦτοι
3217 4735 3318 4808 γὰρ
3359 4733 3453 4786 οὐκ
3502 4731 3797 4788 ίπιδίονται
3845 4737 4011 4787 τούτου.

2520 4911 2561 4979 -ι-
2592 4910 2632 4979 -ι-
2676 4908 2817 4961 Ἐπεὶ
2872 4911 2919 4962 οἱ
2956 4910 3067 4982 (57)
3095 4915 3185 4983 μεν
3232 4911 3568 4985 μικρόψυχοι
3598 4911 3824 4966 καλοῦσι
3877 4910 4013 4984 φῦιονς

2451 5004 2539 5050 καὶ
2587 4995 2858 5070 ἀδελφοὺς,
2891 5008 3149 5071 συγγενεῖς
3196 5006 3285 5052 καὶ
3331 5006 3567 5072 γείτονας
3610 5001 3904 5070 πλουσίους,
3947 4995 4013 5050 διὰ

2454 5095 2544 5145 τὴν
2586 5086 2632 5139 ἰν
2685 5097 2755 5158 τῲ
2810 5091 3044 5164 παρευθὺ
3084 5093 3282 5161 χάρινο
3326 5092 3375 5143 οί
3422 5087 3480 5143 δι
3510 5091 3879 5164 μεγαλόψυχοι
3920 5084 4012 5139 πολὺ

2451 5177 2657 5229 κάλλιον
2703 5184 2792 5232 καὶ
2838 5174 3162 5254 ἐνδοξότερον
3211 5177 3553 5253 ίργοὶζονται,
3601 5181 3628 5233 ὃ
3677 5179 3917 5245 ἔδειξενό
3962 5174 4012 5226 ι’)

1921 5352 2145 5421 Variae
2169 5352 2498 5422 lectiones
2529 5364 2594 5422 et
2617 5365 2817 5423 nota.

759 5546 872 5618 (53)
919 5547 1103 5622 Πάσῃς
1133 5546 1364 5622 videtur
1390 5547 1601 5620 legisse
1632 5549 1976 5606 Hentenius.
2007 5552 2156 5621 Ergo
2207 5551 2338 5622 ejus

685 5617 1091 5688 interpretatio
1132 5618 1449 5676 claudicat.

784 5689 870 5760 54)
897 5688 1182 5760 ’Υπόθεσις.
1219 5693 1274 5746 Β.
1310 5693 1481 5747 Male.

899 5758 1168 5828 Παιδείας,
1190 5777 1299 5835 pro
1329 5763 1517 5837 φιλίας.
1548 5764 1613 5818 Α.

2548 5555 2636 5608 56)
2665 5551 2888 5605 Μᾶλλον.

2519 5552 2636 5694 ἕδη)
2679 5625 2812 5697 Hoc;
2849 5623 3394 5697 scholiumineuter
3435 5640 3714 5697 meorum
3759 5618 4005 5697 agnoscit

2449 5695 2750 5777 Leguntur
2769 5695 2987 5752 similia
3017 5696 3182 5770 apud
3201 5696 3717 5773 Theophylactum
3748 5693 3940 5773 p.135.
3963 5693 4005 5745 Δ.
