4210 6458
260 397 396 458 1013

1299 399 1668 458 COMMENT.
1713 401 1779 457 ΙΝ
1826 401 2086 460 LUCAM.
2135 437 2195 446 —
2236 401 2396 462 CAP.
2439 406 2587 466 XIV.

3491 400 3630 464 10H

251 543 364 601 ριος
395 523 488 580 διὰ
523 529 647 589 τοὺς
699 533 981 590 ποιοῦντας
1018 533 1172 581 τοῦτο
1213 529 1282 590 εἰς
1320 532 1441 590 τοὺς
1491 527 1718 590 ἀσθενεῖς
1764 533 1849 582 καί

1972 539 2194 606 rantur,
2235 536 2400 609 quod
2431 535 2866 594 demonstravit
2905 535 3196 592 Dominus
3234 551 3342 610 per
3379 550 3483 591 eos
3521 533 3629 608 qui

253 613 438 677 ἑνδεείς
488 620 579 668 καὶ
630 614 948 690 ἀναπήρους,
1005 617 1126 689 παρ’
1176 618 1245 669 ὧν
1305 621 1398 670 ούκ
1442 621 1582 671 ἔστιν
1640 617 1858 672 ἀνταπό-

254 701 426 770 δοσις,
480 706 558 767 οἷς
613 707 638 756 ό
685 710 816 768 Θεὸς
854 705 902 758 ἕν
942 713 1012 776 τῷ
1070 705 1306 779 μέλλοντι
1358 706 1507 759 αἰῶνι
1565 705 1860 762 ἀποδοῦναι

253 796 442 866 μισθὸν
471 793 834 866 ἐπηγγείλατο.

387 890 531 937 ΚΕΦ.
563 884 685 938 ΝΔ¹.
723 891 844 958 Περὶ
871 893 968 936 τῶν
994 885 1317 958 καλουμένων
1345 885 1392 938 ἄν
1422 894 1493 957 τῷ
1523 883 1558 939 δ
1563 891 1729 959 είπνῳ.

325 974 579 1035 Ἀκούσας
643 971 704 1026 δέ
754 994 835 1036 τις
899 1005 970 1016 —
1027 975 1264 1038 πολλούς.
1330 976 1620 1048 Ἐξνφαίνει
1693 975 1861 1053 πάρα-

257 1060 409 1120 ϐολὴν
467 1061 839 1134 ἔμφαίνονσαν,
900 1065 979 1116 ὅτι
1035 1061 1210 1127 οὐδεὶς
1255 1073 1352 1117 τῶν
1407 1070 1480 1137 μὴ
1547 1068 1859 1139 πειθομένων

255 1151 397 1222 αύτῷ
447 1151 740 1206 ἀπολαύσει
793 1162 889 1215 τῆς
942 1153 1216 1226 βασιλείας
1261 1162 1354 1206 τοῦ
1405 1163 1560 1208 Θεοῦ.
1617 1161 1714 1208 Καὶ
1767 1158 1860 1208 οἷν-

261 1242 462 1314 θρωπον
511 1245 601 1311 μὲν
667 1247 1062 1318 προσηγόρευσε
1117 1245 1204 1294 τόν
1266 1247 1395 1296 Θεὸν
1463 1249 1554 1297 καὶ
1629 1249 1854 1318 Πατέρα,

258 1332 328 1392 ὡς
390 1331 766 1403 φιλάνθρωπον·
819 1329 1025 1385 δεῖπνον
1081 1329 1140 1385 δι
1197 1337 1360 1404 μέγαν
1412 1333 1547 1405 (58),
1589 1339 1682 1392 τήν
1715 1333 1856 1388 ἀνέκ-

259 1439 489 1492 φραστον
535 1421 824 1474 ἀπόλαυσιν
870 1431 962 1482 τῆς
1007 1419 1282 1494 βασιλείοις
1338 1431 1430 1474 τοῦ
1479 1427 1628 1476 Θεοῦ.
1673 1421 1858 1476 Ἀδια-

255 1513 420 1582 φόρως
449 1506 509 1562 δε
545 1518 633 1562 νῦν
673 1507 881 1563 δεῖπνον
927 1513 1120 1568 ταύτην
1162 1511 1277 1583 (59)
1334 1509 1490 1565 εἶπεν.
1537 1512 1615 1566 Ἐν
1641 1521 1713 1584 τῷ
1744 1533 1855 1567 πεν-

253 1607 496 1669 τηκοστῴ
533 1602 636 1672 γὰρ
686 1607 877 1672 πρώτῳ
914 1601 1173 1672 κεφαλαίῳ
1231 1610 1322 1653 τοῦ
1387 1605 1522 1655 κατὰ
1587 1606 1854 1656 ἈῙατθαίον

251 1688 466 1758 ἄριστον
550 1687 714 1746 αύτην
780 1689 1068 1761 ὠνόμασεν.
1151 1689 1391 1743 Ἐκάλεσε
1470 1694 1528 1744 at“:
1618 1691 1852 1759 πολλοὺς,

248 1779 432 1846 ἤγουν,
487 1776 577 1832 τὰς
630 1773 843 1830 δώδεκα
887 1777 1049 1851 φυλὰς
1108 1786 1200 1831 τοῦ
1254 1778 1488 1853 Ἰσραήλ.
1553 1781 1706 1833 Δύται
1751 1784 1851 1856 γὰρ

1968 624 2080 681 hoc
2103 625 2323 682 faciunt
2353 643 2494 698 erga
2533 627 2803 683 inﬁrmos
2827 631 2883 682 et
2925 625 3256 696 indigentes
3290 641 3361 680 ac
3389 623 3628 680 mutilos

1967 731 2003 770 a
2026 715 2246 785 quibus
2279 732 2392 772 non
2431 721 2519 774 est
2547 716 2872 783 retributio,
2913 715 3133 789 quibus
3164 716 3316 770 Deus
3345 714 3401 770 in
3429 712 3624 770 futura

1967 803 2084 860 vita
2113 821 2174 861 se
2208 805 2488 861 daturum
2531 824 2664 863 esse
2698 807 3034 862 mercedem
3067 804 3353 877 pollicitus
3370 807 3481 860 est.

2250 895 2402 951 CAP.
2432 895 2567 952 LIV.
2595 896 2677 952 De
2707 897 2972 952 invitatis
2997 895 3068 950 ad
3098 908 3340 952 caenam.

2039 986 2197 1039 Vers.
2233 990 2314 1040 15.
2349 987 2612 1057 Cumque
2640 987 2762 1042 hac
2789 986 3036 1043 audisset
3065 1016 3132 1027 —-
3160 985 3328 1039 Vers.
3362 987 3441 1039 16.
3471 982 3626 1039 mul-

1970 1080 2076 1130 tos.
2109 1074 2466 1131 Parabolam
2500 1075 2808 1142 subinfert,
2862 1081 2924 1132 ut
2953 1075 3251 1140 ostendat,
3292 1071 3458 1144 quod
3497 1071 3626 1128 nul-

1966 1163 2058 1220 lus
2110 1165 2212 1238 qui
2276 1165 2326 1220 ei
2393 1180 2516 1220 non
2593 1164 2904 1232 obedierit,
2951 1165 3176 1220 fruetur
3239 1179 3424 1234 regno
3500 1159 3624 1218 Dei.

1969 1255 2279 1311 Hominem
2311 1254 2511 1328 itaque
2575 1255 2811 1310 vocavit
2863 1258 3048 1311 Deum
3100 1259 3155 1310 et
3191 1253 3449 1318 Patrem,
3499 1257 3622 1308 tan-

1965 1361 2152 1418 quam
2201 1344 2540 1400 humanum
2592 1360 2662 1401 ac
2717 1345 3034 1400 hominum
3088 1350 3439 1400 amatorem.
3496 1344 3622 1399 Cos-

1964 1449 2107 1489 nam
2153 1450 2290 1490 vero
2341 1449 2646 1503 magnam,
2701 1432 3064 1489 ineffabilem
3114 1431 3283 1503 regni
3336 1431 3434 1487 Dei
3490 1429 3626 1487 frui-

1964 1524 2208 1589 tionem,
2254 1539 2439 1596 quam
2473 1522 2607 1579 ideo
2647 1538 2883 1579 ccenam
2929 1523 3179 1588 vocavit,
3220 1520 3385 1594 quod
3439 1518 3622 1576 ﬁnem

1962 1613 2188 1669 nesciat
2245 1613 2348 1685 (ρ).
2410 1615 2557 1669 Nam
2626 1612 3136 1686 quinquagesimo
3203 1611 3398 1683 primo
3461 1608 3625 1679 juxta

1963 1702 2301 1758 Matthmum
2330 1702 2521 1774 capite
2555 1701 2875 1774 prandium
2909 1699 3305 1773 appellavit‘.
3344 1698 3418 1754 Et
3461 1713 3622 1756 voca-

1964 1791 2046 1848 vit
2069 1793 2304 1860 multos,
2334 1797 2478 1863 puta
2504 1791 2820 1847 duodecim
2840 1789 3027 1846 tribus
3044 1788 3228 1846 Israel
3256 1787 3436 1862 ;ipsaa
3460 1787 3622 1844 enim

245 1869 348 1938 πρὸ
387 1868 592 1918 πάντων
641 1874 744 1919 τῶν
772 1866 928 1920 ἐθνῶν
961 1864 1098 1925 ἦσαν
1127 1867 1436 1940 κεκλημέναι
1461 1870 1532 1930 ὡς
1552 1868 1670 1930 λαός
1709 1869 1849 1932 ἐξαί-

1972 1889 2100 1937 ante
2135 1897 2345 1937 omnes
2384 1886 2587 1952 gentes
2631 1886 2856 1938 vocata
2895 1884 3081 1945 erant.
3111 1885 3312 1953 utpote
3363 1874 3626 1951 populus

247 1974 388 2029 ρετος
412 1963 504 2008 τοῦ
529 1963 682 2010 Θεοῦ.

318 2047 360 2114 -ί-
421 2046 464 2114 -ξι
504 2044 562 2097 Ὀ
615 2053 715 2096 τῶν
769 2044 896 2096 ὅλων
957 2044 1069 2117 (60)
1137 2048 1467 2118 Δημιουργὸς
1516 2050 1607 2098 καὶ
1673 2051 1853 2122 Πατὴρ

251 2135 380 2192 Θεὸς
435 2129 640 2184 δεῖπνον
707 2137 842 2204 μέγα
903 2132 1134 2200 ἐποίησε,
1189 2139 1478 2202 τουτέστιν,
1519 2135 1853 2207 εύαγγελικὴν

253 2219 570 2291 οἰκονομίαν,
630 2222 712 2272 ἱνα
781 2224 965 2283 παντες
1033 2226 1160 2294 πρὸς
1239 2223 1400 2281 αύτὴν
1472 2227 1850 2298 συνίρχωνται,

255 2315 462 2360 Δεῖπνον
521 2305 580 2361 δὲ
610 2309 774 2375 καλεῖ,
809 2311 904 2362 ούκ
947 2312 1183 2385 ἄριστον,
1221 2313 1297 2364 ὅτι
1343 2311 1392 2363 ἕν
1435 2310 1686 2384 ἕσχάτοις
1740 2334 1850 2367 και·

252 2405 360 2469 ροίς
409 2403 498 2450 καὶ
573 2397 678 2451 οἷον
726 2398 810 2452 ἰπὶ
861 2396 1091 2472 δυσμαῖς
1150 2408 1242 2453 τοῦ
1292 2401 1488 2463 αἰῶνος.
1543 2402 1852 2476 Ἠτοίμασεν

252 2482 340 2538 οὖν
381 2486 768 2559 ἁμαρτημάτων
799 2487 1066 2554 ἀπόθεσιν,
1101 2493 1399 2561 Πνεύματος
1427 2491 1580 2562 ἁγίου
1628 2492 1853 2564 μέθεξιν,

247 2576 512 2637 υἱοθεσίας
565 2573 745 2643 δόξαν,
793 2577 1064 2630 Βασιλείαν
1114 2578 1342 2652 οὐρανῶν
1394 2584 1484 2632 καὶ
1535 2585 1854 2653 προφητείας

249 2663 476 2736 Εὐαγγε)
486 2669 594 2720 ίων.

319 2958 419 3005 Καὶ
451 2985 516 2992 -
553 2955 736 3006 πάντα.
763 2953 948 3006 Δοῦλον
1000 2963 1090 3008 τοῦ
1148 2959 1356 3029 Πατρός
1391 2955 1572 3010 ἑαυτὸν
1604 2956 1756 3030 λέγει,
1787 2959 1852 3020 ὡς

245 3046 450 3113 μορφὴν
482 3040 671 3095 δούλου
714 3042 954 3110 λαϐόντα,
986 3046 1035 3105 ὅς
1078 3043 1345 3105 ἀπεστάλη
1378 3048 1514 3098 κατὰ
1559 3049 1617 3098 τό
1657 3045 1849 3121 ἀνθρὼ-

250 3149 393 3181 πινον
419 3131 488 3191 εἰς
513 3134 630 3190 τοὺς
647 3128 910 3183 Ἰουδαίου
922 3153 961 3197 ς,
985 3133 1151 3185 καλῶν
1178 3133 1373 3198 αύτούς
1400 3135 1470 3197 εἰς
1487 3139 1578 3193 τὴν
1600 3135 1850 3210 ῥηθεῖσαν

251 3217 560 3286 ἀπόλαυσιν,
595 3215 686 3270 διὰ
711 3227 800 3272 τού
832 3220 1170 3292 Εύαγγελίου.

325 3313 424 3360 Καὶ
453 3339 520 3346 -
549 3310 750 3368 πάντες.
785 3309 912 3361 Ἀπὸ
944 3316 1070 3382 μιᾶς
1097 3313 1383 3378 συνθήκης,
1408 3317 1694 3380 τουτέστιν,
1717 3315 1848 3386 ἅμα,

245 3417 446 3458 κοινῶς.

315 3485 374 3538 Ὀ
453 3495 653 3560 πρῶτος
710 3517 778 3526 -
849 3485 1028 3542 ἐλθεῖν.
1092 3490 1160 3542 Αἰ
1241 3486 1484 3562 διάφοροι
1565 3493 1850 3564 προφάσεις

242 3571 394 3627 ούδὲν
435 3575 602 3649 ἕτερον
651 3576 1048 3648 ύποφαίνουσιν,
1077 3581 1106 3636 ἤ
1146 3579 1214 3629 τὰ
1262 3574 1490 3653 διάφορα
1546 3582 1710 3642 πάθη,
1773 3579 1848 3634 δι’

240 3661 275 3713 ἆ
330 3672 420 3724 τῆς
483 3664 760 3739 εἰρημένης
845 3664 1180 3729 ἀπολαύσεως
1229 3665 1602 3741 ἐστερήθησαν·
1665 3670 1690 3722 ό
1755 3673 1845 3742 μὲν

236 3755 339 3823 γὰρ
388 3750 522 3824 τῷδε
569 3759 968 3829 κεκρατημένος,
1015 3755 1186 3828 ἔτερος
1242 3753 1301 3809 δε
1344 3754 1502 3828 τῷδε,
1561 3762 1646 3811 καὶ
1692 3759 1842 3824 ἄλλος

235 3838 391 3912 τῷδε,
446 3850 730 3917 παρῶσατο
780 3847 897 3915 (61)
942 3848 1000 3896 τὸ
1041 3844 1370 3917 Εύαγγίλιον,
1415 3844 1488 3900 δι’
1546 3849 1606 3900 οὗ
1661 3856 1842 3921 τυχεῖν

234 3935 431 3994 ταύτης
478 3931 614 3999 ἐξῆν,
669 3936 740 3996 ὡς
777 3933 1006 3986 ἐναντίον
1062 3942 1178 3997 ταῖς
1236 3941 1600 4012 προαιρέσεσιν
1652 3937 1837 3997 αὐτῶν.

232 4025 303 4073 Τὸ
361 4017 419 4074 δὲ
469 4022 639 4096 ἐρωτῶ
685 4043 762 4092 σε,
811 4031 898 4076 νῦν
940 4022 1054 4076 ἀντὶ
1098 4033 1210 4087 τοῦ,
1244 4026 1526 4099 παρακαλῶ
1567 4045 1644 4092 σε,
1681 4030 1844 4082 τέθει-

235 4129 323 4162 ται
366 4113 502 4182 (6'2),
552 4115 725 4174 καθὼς
750 4117 840 4165 καὶ
893 4111 941 4164 ἓν
992 4110 1266 4188 διαφόροις
1306 4120 1480 4177 τόποις
1532 4114 1842 4192 παραδεδὼ-

239 4218 424 4271 καμεν.

311 4375 476 4448 [Τινὲς
513 4375 624 4442 (63)
676 4371 735 4429 δε
779 4375 936 4452 ἀγρὸν
984 4381 1074 4452 μὶν
1125 4378 1339 4451 λέγουσι
1386 4383 1480 4438 τὴν
1530 4379 1837 4454 φιλοκτημοο

245 4467 424 4522 σύνην·
487 4465 644 4536 ζεύγη
709 4462 769 4518 δι
825 4465 982 4536 βοῶν,
1036 4473 1129 4526 τὴν
1193 4473 1496 4541 σωματικὴν
1556 4469 1836 4543 φιλεργίαν·

239 4561 466 4627 γυναῖκα
503 4551 580 4625 δὲ,
613 4559 704 4614 τὴν
734 4553 1085 4631 φιληδονίαι]

315 4735 415 4784 Καὶ
468 4761 527 4772 -
579 4739 763 4789 ταῦτα.
823 4741 988 4788 Τοῦτο
1054 4732 1206 4801 εἶπεν,
1261 4739 1365 4810 οὐχ
1419 4739 1486 4800 ὡς
1536 4735 1840 4810 ἀγνοοῦντος

309 4914 330 4947 ⁸
361 4913 559 4968 Matth.
602 4929 743 4983 xvu,
778 4917 825 4970 4.

1967 1987 2002 2028 a
2026 1970 2154 2028 Deo
2202 1971 2443 2028 electus.

2034 2061 2102 2129 +
2145 2060 2562 2116 Universorum
2591 2062 2830 2117 Creator
2859 2063 2916 2117 et
2952 2059 3122 2117 Pater
3151 2058 3306 2114 Deus
3336 2067 3620 2130 magnam

1963 2147 2098 2204 fecit
2135 2164 2392 2213 coenam,
2419 2147 2534 2202 hoc
2556 2153 2642 2204 est
2661 2149 3167 2222 dispensationem
3196 2147 3622 2220 evangelicam,

1962 2237 2040 2293 ad
2090 2253 2274 2310 quam
2319 2253 2524 2292 omnes
2569 2237 2972 2294 convenirent.
3007 2239 3249 2294 Coenam
3289 2243 3487 2292 autem
3520 2252 3622 2292 vo-

1962 2331 2074 2392 cat,
2110 2343 2228 2382 non
2255 2325 2600 2399 prandium,
2629 2326 2772 2398 quia
2809 2327 2868 2383 in
2909 2325 3221 2398 postremis
3251 2324 3624 2397 temporibus

1961 2421 2018 2472 et
2047 2415 2122 2472 ad
2167 2431 2480 2488 vesperam
2515 2414 2729 2471 saeculi.
2781 2415 3013 2472 Paravit
3048 2431 3189 2486 ergo
3241 2421 3622 2488 peccatorum

1961 2505 2417 2578 depositionem,
2503 2504 2751 2576 Spiritus
2817 2505 3002 2561 sancti
3084 2503 3618 2578 participationem,

1962 2594 2301 2666 adoptionis
2331 2593 2732 2665 splendorem,
2776 2609 3027 2666 regnum
3076 2593 3361 2650 calorum
3401 2607 3472 2650 ac
3525 2607 3600 2650 va

1961 2685 2162 2742 ticinia
2192 2683 2677 2754 Evangeliorum.

2032 2775 2194 2830 Vers.
2255 2773 2338 2828 17.
2383 2773 2462 2828 Et
2505 2805 2574 2815 —
2620 2773 2842 2830 omnia.
2891 2773 3138 2830 Servum
3171 2772 3353 2830 Patris
3391 2770 3532 2830 dicit
3560 2786 3622 2828 se

1960 2863 2182 2938 ipsum,
2238 2880 2309 2920 eo
2360 2863 2522 2937 quod
2569 2867 2724 2920 servi
2781 2863 3039 2921 formam
3091 2863 3383 2938 acceperit
3430 2883 3445 2934 ;
3499 2877 3624 2921 non

1961 2958 2159 3012 tamen
2191 2953 2537 3026 simpliciter
2588 2970 2846 3020 servum,
2887 2954 2990 3010 sed
3015 2971 3150 3010 cum
3193 2953 3465 3019 articulo,
3507 2969 3622 3010 ser-

1960 3059 2105 3100 vum
2135 3043 2324 3109 illum,
2369 3043 2474 3116 qui
2535 3044 2865 3100 secundum
2915 3044 3352 3101 humanitatem
3407 3041 3485 3100 ad
3526 3044 3624 3100 Ju-

1962 3135 2126 3191 daaos
2157 3135 2536 3200 missus‘est,
2597 3138 2656 3191 ut
2711 3150 2813 3190 eos
2862 3133 2934 3191 ad
2989 3134 3338 3208 praedictam
3394 3133 3620 3190 fruitio-

1877 3247 1921 3305 ε
1962 3240 2100 3280 nem
2146 3228 2380 3281 vocaret
2425 3240 2532 3296 per
2573 3223 2980 3294 Evangelium.

2032 3314 2191 3370 Vers.
2262 3313 2344 3369 18.
2406 3313 2483 3368 Et
2539 3343 2608 3353 —
2660 3326 2878 3369 omnes.
2940 3309 3072 3368 Ἀπὸ
3130 3317 3273 3385 μιᾶς,
3335 3311 3410 3368 ab
3478 3327 3618 3383 una,

1957 3407 2124 3475 puta,
2160 3400 2434 3474 pactione
2472 3399 2563 3456 vel
2597 3399 2816 3456 foedere
2862 3416 2876 3455 :
2928 3400 3041 3457 hoc
3096 3406 3206 3468 est,
3235 3401 3294 3456 in
3343 3416 3530 3456 unum
3562 3404 3620 3456 et

1957 3491 2358 3549 communiter
2385 3490 2522 3560 (nos
2564 3488 2748 3545 simul
2779 3489 3110 3561 vertimus).

2026 3582 2190 3636 Vers.
2225 3581 2312 3638 18.
2374 3579 2614 3636 Primus
2666 3607 2738 3620 —
2769 3579 2931 3634 Vers.
2977 3577 3062 3633 ‘20.
3104 3579 3318 3636 venire.
3359 3579 3618 3635 Diversus

1955 3669 2373 3726 excusationes
2414 3667 2558 3723 nihil
2616 3666 2780 3724 aliud
2831 3667 3116 3732 indicant,
3159 3683 3346 3741 quam
3416 3665 3612 3723 varios

1954 3761 2141 3815 animi
2173 3757 2415 3814 morbos
2451 3763 2507 3814 et
2539 3755 2908 3824 aﬂectiones,
2957 3762 3200 3831 propter
3254 3773 3408 3830 quas
3463 3756 3622 3814 dicta

1952 3848 2230 3906 fruitione
2266 3847 2482 3922 privati
2536 3851 2706 3912 sunt;
2745 3863 2885 3903 nam
2915 3845 3013 3903 hic
3063 3848 3308 3920 quidem
3359 3847 3472 3903 ista
3523 3845 3621 3901 de.

1953 3944 2169 4005 tentus,
2212 3937 2358 3994 alter
2410 3942 2611 3995 autem
2659 3935 2780 4005 illa,
2821 3936 3028 3994 tertius
3071 3953 3212 3993 vero
3261 3936 3398 4002 alia,
3438 3939 3622 3992 Evan-

1951 4029 2169 4100 gelium
2231 4027 2575 4100 repulerunt
2624 4026 2728 4099 (q),
2760 4043 2866 4100 per
2903 4026 3065 4098 quod
3105 4027 3264 4082 hanc
3311 4025 3621 4098 oportebat

1951 4116 2192 4189 assequi
2224 4117 2586 4185 fruitionem,
2640 4120 2929 4188 tanquam
2961 4115 3278 4188 propositis
3307 4119 3363 4170 et
3393 4113 3622 4171 electio-

1952 4207 2130 4262 nibus
2169 4206 2294 4260 suis
2358 4205 2745 4261 contrarium.
2782 4205 2846 4260 Et
2875 4203 2971 4259 hic
3002 4202 3192 4276 ίρωτὼ,
3228 4217 3346 4258 non
3374 4203 3620 4260 interro-

1952 4311 2026 4366 go
2054 4294 2375 4364 signiﬁcat,
2412 4293 2516 4349 sed
2546 4293 2805 4349 obsecro.

2025 4384 2112 4454 -Η-
2142 4381 2420 4438 Nonnulli
2446 4397 2585 4437 vero
2611 4396 2824 4449 agrum
2853 4379 3089 4452 quidem
3110 4377 3334 4445 dicunt,
3351 4377 3618 4437 studium

1957 4471 2454 4544 possessionum;
2492 4471 2643 4540 juga
2692 4467 2872 4524 boum
2936 4471 3156 4534 autem,
3209 4467 3615 4523 strenuitatem

1871 4579 1918 4636 ι)
1957 4559 2331 4631 corporalem
2376 4575 2389 4626 ;
2433 4557 2742 4615 mulierem
2807 4572 2968 4623 vero,
3027 4555 3488 4630 propensionem
3538 4555 3616 4614 ad

1953 4649 2310 4722 voluptates,

2024 4740 2182 4794 Vers.
2219 4738 2309 4794 2t.
2338 4737 2418 4794 Et
2468 4767 2538 4777 —
2587 4735 2728 4794 hac.
2766 4734 2906 4795 Hac
2948 4733 3112 4801 dixit,
3155 4749 3274 4792 non
3318 4733 3470 4808 quod
3514 4752 3617 4810 pa-

1489 5057 1713 5126 Variae
1753 5057 2079 5128 lectiones
2110 5070 2176 5127 et
2205 5069 2408 5128 notae.

309 5251 421 5323 (58)
447 5253 530 5307 Ita
568 5251 759 5308 codex
790 5257 834 5308 Α
873 5253 1052 5310 etiam
1082 5253 1138 5310 in
1164 5259 1346 5311 textu.

309 5326 417 5391 (59)
446 5329 551 5381 Τὴν
577 5323 888 5380 ἀπόλαυσιν.

310 5396 422 5468 (69)
449 5395 708 5468 Nec_boc
722 5397 834 5452 mei
853 5395 1088 5452 codices
1113 5402 1467 5468 agnoscunt.
1490 5397 1715 5456 Similia
1735 5396 1842 5454 ha-

232 5466 336 5522 bet
364 5466 679 5540 Theophil.
719 5485 776 5540 p.
801 5469 925 5526 436.
958 5469 1025 5522 Α.

307 5607 392 5680 (ρ)
427 5607 612 5676 Quam
637 5610 1202 5667 —nesm'at.Redde:
1235 5609 1840 5668 Sinediscrimineau-

235 5687 348 5751 (em
365 5695 583 5736 caenam
597 5696 725 5738 eam
738 5697 900 5737 nunc
916 5683 1317 5751 appellavit.N
1326 5699 1415 5738 am
1430 5688 1489 5738 ut
1505 5699 1635 5737 mox
1648 5681 1834 5739 docet.

234 5750 376 5807 alibi
392 5752 641 5828 vocabit
672 5750 1005 5828 prandium
1046 5753 1200 5824 Ergo
1220 5751 1542 5828 γᾶδιαφόρως
1571 5769 1720 5828 usus
1752 5759 1841 5828 est

232 5821 530 5880 vocabulo
560 5819 772 5878 δείπνου
826 5830 883 5882 et
928 5819 1166 5902 ἀρίστοῦ.
1198 5819 1392 5894 Forte,
1437 5819 1581 5900 quia
1621 5825 1836 5896 reddit,

2042 5327 2132 5401 62)
2163 5327 2456 5400 Interpres
2487 5329 2584 5384 hic
2611 5327 2889 5401 quadam
2927 5327 3147 5401 omisit.

2043 5397 2134 5467 63)
2195 5397 2339 5456 Hzec'
2381 5397 2733 5473 uterque—in
2792 5401 3084 5472 margine.
3132 5397 3452 5457 Hentenius
3487 5399 3611 5456 non

2043 5257 2134 5329 61)
2158 5261 2497 5329 Παρώσαντο.
2533 5257 2598 5312 Β.

2043 5260 2101 5310 61

2042 5330 2109 5382 62

2043 5399 2134 5467 63)

1947 5468 2025 5525 ha
2073 5475 2148 5526 et.

1946 5611 2103 5688 quod
2121 5613 2298 5688 finem
2316 5687 2323 5688 γ
2344 5612 2590 5688 nesciat.
2611 5613 2850 5688 invenit
2879 5610 3216 5688 ἀδιάφθορον.

2021 5684 2100 5756 (q)
2137 5686 2523 5755 Repulerunt.
2573 5686 2760 5759 Magis
2785 5682 3168 5759 perspicuum
3202 5684 3327 5752 erit,
3361 5682 3408 5739 si
3440 5699 3611 5754 repu-

1950 5754 2150 5812 lerunt
2181 5754 2438 5830 penatur
2465 5763 2596 5830 post
2617 5754 2994 5829 ffuitionein.
