4210 6466
635 367 774 428 1015

1977 369 2318 428 ΕΠΤΗΥΜΙΙ
2357 370 2686 432 ZlGABENI

3878 383 3996 441 -lOl6

634 500 721 553 ter
767 489 1200 554 recusationem
1255 495 1493 554 illorum
1549 497 1870 569 ignoraret,
1906 498 2010 554 sed
2045 502 2294 572 propter

2416 509 2498 554 τοῦ
2559 506 2761 576 Πατρός
2816 508 2910 564 την
2983 509 3304 581 παραίτησιν
3356 504 3544 577 αὐτῶν,
3596 505 3726 561 ἀλλὰ
3779 504 3873 562 διὰ
3916 515 3993 569 τήν

634 586 930 658 parabolae
961 588 1453 659 consequentiam
1482 605 1495 644 :
1532 589 1713 645 moris
1749 590 1909 645 enim
1950 589 2018 645 iis
2048 595 2156 654 est,
2189 589 2295 661 qui

634 677 709 733 ad
744 676 1078 732 vocandum
1132 675 1367 750 aliquos
1426 679 1631 735 emissi
1679 686 1834 745 sunt,
1870 679 2081 736 reverti
2113 696 2183 736 ac
2212 695 2298 736 re-

635 769 909 824 nuntiare
936 764 1009 820 de
1031 764 1162 821 illis.

709 859 878 916 Vers.
913 859 1006 921 2t.
1045 861 1204 915 Tunc
1235 891 1302 900 —
1330 859 1460 915 huc.
1489 858 1599 925 Qui
1630 864 2074 929 recusaverunt,
2111 863 2299 915 erant-

635 949 947 1019 pontiﬁces
974 958 1026 1007 et
1051 951 1268 1008 Scribaa
1302 965 1368 1003 ac
1411 947 1704 1013 Pharisaei,
1750 952 1809 1003 et
1847 949 2073 1021 quique
2117 949 2304 1004 hono-

638 1039 885 1096 ratiores
926 1041 1132 1113 populi
1172 1039 1271 1094 :hi
1303 1055 1465 1102 vero,
1504 1037 1609 1110 qui
1657 1038 1790 1094 loco
1835 1038 2072 1093 illorum
2126 1039 2306 1093 intro-

637 1128 796 1186 ducti
827 1137 1347 1197 sunt,eommunes
1373 1134 1430 1186 et
1450 1128 1664 1200 abjecti
1697 1144 1767 1183 ac
1797 1128 2009 1200 plebeii
2038 1150 2050 1193 ;
2084 1129 2187 1201 qui
2210 1129 2306 1199 ju-

636 1218 914 1276 dicantur
958 1237 995 1276 a
1034 1220 1330 1291 prioribus
1373 1235 1672 1292 pauperes
1703 1234 1772 1273 ac
1806 1217 2057 1283 debiles,
2103 1217 2302 1273 claudi

639 1314 695 1365 et
737 1310 898 1376 CtBCl,
945 1314 1148 1381 utpote
1188 1308 1573 1381 incompositi
1604 1313 1661 1363 et
1692 1308 1933 1375 indocti,
1969 1308 2070 1380 qui
2108 1307 2304 1380 potius

639 1399 868 1455 Christo
920 1399 1156 1455 docenti
1196 1397 1570 1456 obedierunt.
1615 1397 1715 1453 Vel
1768 1397 1945 1452 etiam
1987 1397 2060 1453 de
2092 1398 2158 1452 iis
2199 1397 2302 1470 qui

639 1488 1020 1544 sensibilibus
1040 1488 1391 1559 hujusmodi
1415 1487 1832 1543 affectionibus
1856 1493 2026 1543 erant
2054 1486 2300 1542 obnoxii

640 1577 897 1647 intellige
927 1595 940 1633 ε
974 1578 1077 1650 qui
1107 1577 1181 1634 ab
1228 1578 1312 1632 eis
1353 1577 1604 1643 liberati,
1633 1593 1734 1648 per
1764 1577 1949 1633 ﬁdem
1977 1576 2303 1633 introducti

643 1672 780 1725 sunt
809 1668 886 1725 ad
907 1668 1131 1724 dictam
1153 1667 1518 1724 fruitionem.

713 1850 800 1920 -Η-
853 1849 1019 1904 Pater
1067 1846 1245 1918 igitur
1284 1848 1446 1904 misit
1482 1846 1716 1912 Filium,
1760 1847 1938 1903 Filius
1985 1863 2128 1905 vero
2158 1862 2300 1920 apo-
2332 1855 2376 1912 Β

645 1939 848 1993 stolos.
918 1937 1069 1994 Dixit
1120 1938 1269 1993 enim
1332 1951 1346 1992 :
1404 1937 1589 1993 Sicuti
1637 1953 1726 1994 me
1777 1937 1990 1994 misisti
2031 1938 2094 1995 in
2130 1954 2298 1996 mun-

644 2029 808 2097 dum,
835 2043 934 2100 ego
963 2027 1139 2084 etiam
1183 2043 1277 2084 eos
1303 2028 1514 2084 misiin
1537 2028 1873 2084 mundum'.

635 2190 650 2206 ’
718 2210 879 2264 Vers.
905 2211 989 2262 22.
1047 2207 1126 2263 Et
1157 2208 1242 2262 ait
1271 2237 1341 2248 —
1396 2212 1504 2262 est.
1573 2207 1880 2263 Humanus
1918 2223 1988 2263 ac
2015 2206 2307 2279 benignus

647 2313 847 2353 sermo
877 2302 984 2366 est,
1014 2313 1341 2362 suggerens
1370 2298 1545 2352 etiam
1581 2299 1655 2351 de
1685 2297 1981 2365 gentibus.

718 2391 876 2444 Vers.
912 2387 1002 2444 23.
1049 2388 1330 2459 Dixitque
1378 2417 1447 2426 ——
1486 2389 1733 2444 intrare.
1788 2387 1910 2442 Vim
1960 2390 2100 2442 sunt
2140 2387 2304 2443 habi-

645 2477 898 2534 tationes
973 2477 1262 2546 gentium,
1320 2481 1519 2548 utpote
1595 2491 1714 2531 non
1778 2475 2010 2532 munitae
2063 2476 2190 2545 lege
2243 2493 2308 2532 sc

646 2568 850 2624 divina
907 2566 1201 2631 custodia,
1250 2581 1355 2621 seu
1399 2566 1754 2630 visitatione,
1816 2567 1967 2621 sicut
2021 2565 2309 2622 habitatio

644 2657 984 2713 Judteorum
1022 2674 1036 2725 ;
1070 2655 1158 2710 vel
1198 2662 1487 2727 tanquam
1520 2671 1555 2710 a
1594 2655 1967 2711 daemonibus
1997 2656 2309 2713 conculca-

649 2752 743 2802 ιω.
827 2745 1101 2803 Similiter
1174 2752 1229 2801 et
1299 2760 1492 2816 sepes,
1555 2749 1842 2816 tanquam
1927 2751 2308 2816 peccatorum

649 2836 836 2908 spinis
865 2836 1094 2906 stipatas
1130 2851 1144 2901 ;
1193 2834 1283 2890 vel
1337 2838 1623 2907 tanquam
1656 2834 1962 2892 circuitum
2009 2834 2145 2906 igne
2184 2836 2310 2910 dig-

649 2940 796 2980 num
841 2925 1148 2980 habentes.

721 3013 864 3084 Cogi
896 3029 1036 3069 vero
1057 3013 1242 3085 jussit
1267 3028 1389 3080 eos,
1409 3012 1514 3086 qui
1545 3027 1614 3068 ex
1650 3012 1921 3084 gentibus
1949 3020 2136 3081 erant,
2183 3031 2304 3072 non

649 3103 815 3177 quod
858 3102 1200 3160 violentiam
1247 3103 1444 3159 inferri
1476 3105 1839 3176 praeceperit,
1886 3107 1990 3160 sed
2037 3105 2299 3161 subindi.

2412 590 2718 646 ἀκολουθίαν
2772 603 2865 658 τῆς
2908 596 3230 669 παραϐολῆς.
3285 602 3385 652 Καὶ
3435 600 3539 672 γὰρ
3584 600 3693 659 ἔθος
3741 606 3850 660 τοίς
3890 599 3994 652 Euro-

2411 682 2758 755 στελλομένοις
2802 684 2872 746 εἰς
2922 690 2979 737 τό
3027 686 3244 740 καλέσαι
3306 691 3465 752 τινας,
3523 689 3870 762 ὑποστρέφειν
3923 694 3990 741 καὶ

2411 769 2748 844 ἀπαγγέλλειν
2773 779 2886 847 περὶ
2919 775 3106 830 αὐτῶν.

2481 869 2606 915 Τότε
2674 895 2740 906 -—
2803 861 2931 920 ὧδε.
3000 865 3213 919 Ἐκεῖνοι
3290 870 3379 938 μὲν
3450 867 3499 919 οἱ
3556 870 3990 941 παραιτησάμενοι

2415 949 2548 1009 ἦσαν
2601 953 2650 1004 οί
2715 953 2976 1028 ἀρχιερεῖς
3033 961 3123 1008 καὶ
3177 961 3506 1029 Γραμματεῖς
3561 962 3653 1009 καὶ
3714 964 3990 1030 Φαρισαῖοι,

2414 1046 2502 1092 καὶ
2559 1044 2675 1094 ὅσοι
2712 1050 3011 1117 τιμιώτεροι
3049 1053 3140 1098 τοῦ
3187 1045 3438 1108 πλήθους·
3489 1046 3633 1098 οὗτοι
3694 1043 3774 1110 δε,
3814 1047 3862 1098 οἱ
3909 1048 3990 1098 ἀντ’

2415 1127 2615 1182 έκείνων
2660 1132 3004 1206 εἰσαγόμενοι,
3059 1134 3190 1187 εἰσὶν
3233 1138 3282 1188 οἰ
3311 1139 3469 1188 κοινοὶ
3517 1142 3606 1188 καὶ
3658 1135 3890 1207 ἀγελαῖοι
3921 1145 3988 1189 καὶ

2416 1214 2704 1291 δημώδης,
2745 1228 2954 1294 πτωχοὶ
3007 1229 3096 1276 καὶ
3154 1223 3410 1298 ὰνάπηροι
3458 1230 3547 1277 καὶ
3584 1224 3761 1297 χωλοὶ
3799 1232 3884 1278 καὶ
3923 1246 3989 1278 rv-

2416 1307 2529 1380 φλοί
2593 1306 2867 1372 δοκοῦντες
2922 1312 3148 1381 ἐκείνοις,
3205 1316 3270 1374 ὡς
3311 1313 3531 1386 ἀμαθεῖς
3603 1320 3697 1367 καὶ
3756 1314 3983 1374 ἀσύνετοί,

2413 1401 2597 1460 οἵτινες
2652 1400 2841 1473 μᾶλλον
2885 1401 3143 1455 ἐπείθοντο
3191 1399 3507 1456 διδάσκοντι
3560 1412 3634 1474 τῷ
3683 1404 3982 1478 Χριστῶ.Ἦ

2413 1493 2501 1540 καὶ
2540 1496 2656 1564 περὶ
2694 1500 2792 1542 τῶν
2841 1497 3200 1563 κατεχομένων
3247 1495 3505 1554 τοιούτοις
3557 1495 3786 1546 πάθεσιν
3828 1495 3984 1549 αἰσθη-

2412 1585 2521 1640 τοῖς
2575 1588 2724 1632 τοῡτο
2775 1585 2983 1638 νόησον·
3033 1582 3087 1646 ᾖ,
3117 1581 3185 1647 οἱ,
3239 1585 3434 1634 τούτων
3484 1581 3882 1654 ἀπαλλαγέντες,
3915 1579 3981 1634 διὰ

2412 1671 2633 1728 πίστεως
2706 1668 3042 1741 εἰσήχθησαν
3111 1669 3184 1730 εἰς
3249 1674 3346 1728 τὴν
3425 1669 3822 1745 προρρηθεῖσαν

2413 1769 2508 1808 Λαυ
2516 1776 2617 1810 σιν.

2489 1846 2570 1920 [Ὀ
2599 1850 2689 1920 μεν
2729 1849 2842 1919 (64)
2891 1845 2977 1900 οὖν
3018 1852 3195 1923 Πατὴρ
3245 1847 3513 1902 ἀπέστειλε
3559 1851 3648 1902 τόν
3677 1851 3800 1902 Υίόν
3842 1866 3855 1879 ·
3889 1844 3965 1900 iii

2414 1939 2530 1996 Υίός
2582 1940 2703 1998 τοὺς
2753 1936 3092 2000 ἀποστόλους.
3146 1941 3334 2011 Είρηκε
3387 1940 3508 2012 γάρ·
3561 1938 3642 1991 ότι
3696 1941 3875 2000 Καθὼς
3919 1937 3978 2008 iiii

2414 2024 2718 2089 ἀπέστειλας
2756 2027 2828 2089 εἰς
2856 2031 2944 2079 τόν
2981 2033 3201 2100 κόσμον,
3231 2027 3376 2099 κάγὼ
3405 2026 3685 2081 ἀπέστειλα
3718 2029 3899 2091 αὐτοὺς
3932 2026 3980 2085 εἰς

2414 2119 2500 2169 τὸν
2532 2115 2774 2189 κόσμον]

2489 2211 2589 2260 Καὶ
2619 2203 2754 2258 εἶπεν
2779 2237 2846 2245 -
2877 2207 3009 2260 ﬁeri.
3053 2205 3414 2278 Φιλάνθρωπος
3456 2207 3482 2259 ὀ
3522 2205 3692 2278 λόγος,
3725 2208 3983 2280 ὑπομιμνή-

2419 2315 2557 2350 σκων
2585 2301 2674 2348 καὶ
2703 2300 2821 2370 περὶ
2851 2304 2950 2347 τῶν
2976 2294 3149 2352 έθνὼν.

2491 2392 2591 2440 Καὶ
2619 2384 2751 2438 εἶπεν
2780 2415 2848 2426 -
2876 2386 3136 2440 εἰσελθεῖν.
3168 2382 3318 2438 Ὀδοί
3349 2385 3480 2439 εἰσιν
3513 2388 3566 2438 αἱ
3612 2391 3849 2438 κατοικίαι
3893 2394 3980 2436 τῶν

2418 2477 2589 2544 ἐθνῶν,
2619 2479 2688 2536 ὡς
2717 2479 2788 2547 μὴ
2813 2479 3201 2547 τετειχισμέναι
3231 2484 3302 2545 τῷ
3333 2482 3472 2547 νόμω
3515 2482 3600 2528 καὶ
3645 2484 3698 2546 τῇ
3736 2474 3971 2544 ἐπισκοπῇ

2419 2573 2511 2618 τοῦ
2554 2573 2708 2630 Θεοῦ,
2742 2566 2974 2636 καθάπερ
3005 2567 3035 2622 ἠ
3067 2574 3166 2617 τῶν
3190 2561 3486 2630 Ἰουδαίων,
3510 2570 3586 2617 καὶ
3611 2567 3671 2624 ὡς
3693 2579 3957 2613 καταπεπα-

2417 2659 2630 2727 τημέναι
2677 2662 2781 2715 τοὶς
2839 2651 3106 2718 δαίμοσιν·
3169 2656 3356 2727 ὁμοίως
3420 2651 3478 2707 δε
3514 2659 3593 2704 καὶ
3637 2656 3863 2725 φραγμοὶ,
3902 2653 3968 2709 ὡς

2419 2749 2765 2817 πεφραγμένου
2790 2751 2904 2805 ταῖς
2943 2742 3189 2806 ἀκάνθαις
3219 2753 3312 2808 τῆς
3341 2745 3612 2817 ἁμαρτιας,
3634 2746 3715 2794 καὶ
3740 2743 3804 2803 ως
3828 2743 3981 2814 πυρός

2419 2836 2561 2898 ἀξιον
2587 2834 2852 2909 περίϐολον
2886 2838 3127 2907 ἔχουσαι.

2487 3011 2812 3082 Ἀναγκάσαι
2875 3007 2934 3066 δι
2991 3015 3108 3072 τοὺς
3182 3011 3233 3075 ἕξ
3281 3010 3433 3064 tower.
3502 3009 3775 3080 έκέλευσεν,
3832 3009 3887 3062 οὐ
3938 3011 3985 3061 τὸ

2415 3100 2703 3175 βιάζεσθαι
2766 3101 3154 3174 παραγγέλλων,
3211 3099 3318 3153 ἀλλ’
3393 3097 3691 3166 ὑποδηλῶν,
3754 3102 3831 3152 ότι
3893 3104 3985 3171 χρὴ

650 3209 817 3260 cans,
849 3193 1009 3266 quod
1034 3194 1528 3249 vehementiorem
1557 3209 1626 3250 ac
1643 3196 2100 3251 constantiorem
2131 3195 2304 3252 adhi—

2417 3197 2786 3264 συντονὼτερον
2867 3192 2914 3242 έν
2991 3193 3190 3251 τούτοις
3259 3193 3317 3244 τό
3385 3195 3636 3263 κήρυγμα
3701 3197 3860 3243 ποιεῖν
3917 3192 3990 3240 καὶ

649 3283 775 3340 beri
807 3283 1293 3357 praedicationem
1333 3283 1417 3338 eis
1457 3289 1746 3355 oporteat,
1781 3289 1982 3356 utpote
2022 3285 2243 3341 fortiter
2269 3302 2303 3342 a

645 3357 739 3427 de:
752 3373 1026 3430 monibus
1043 3372 1315 3439 detentis,
1335 3379 1391 3427 et
1408 3372 1465 3428 in
1482 3371 1795 3444 profundis
1813 3374 2027 3430 erroris
2047 3373 2304 3431 tenebris

649 3462 1105 3518 dormientibus.

721 3553 882 3609 Vers.
916 3556 1003 3609 23.
1044 3552 1114 3609 Ut
1147 3582 1211 3593 —
1238 3550 1541 3608 mea.Vult
1565 3551 1724 3608 enim
1745 3567 1957 3608 omnes
1983 3552 2300 3624 introduci,

651 3646 890 3716 propter
914 3643 1242 3698 immensas
1275 3657 1393 3696 sua:
1424 3640 1700 3696 bonitatis
1720 3640 1973 3698 divitias.

722 3732 882 3786 Vers.
928 3735 1013 3787 24.
1061 3732 1194 3786 Dico
1226 3761 1293 3770 —
1346 3746 1596 3787 cumam.
1661 3733 1724 3786 Ut
1765 3732 1860 3802 qui
1892 3731 2304 3788 inobedientes

653 3819 908 3884 fuerunt,
926 3835 996 3874 ac
1017 3819 1385 3874 vocationem
1408 3819 1528 3874 sive
1561 3818 2046 3891 prmdicationem
2070 3837 2303 3894 spreve-

650 3914 810 3976 runt.
847 3906 934 3964 0b
962 3908 1122 3963 hunc
1138 3922 1280 3976 ergo
1312 3922 1647 3962 sermonem
1677 3913 1796 3964 tota
1827 3908 2119 3979 parabole
2144 3925 2305 3966 com-

653 3997 854 4071 posita
907 4000 1014 4062 est,
1064 3995 1584 4070 quemadmodum
1633 3996 1694 4053 in
1725 3997 2025 4071 principio
2057 3999 2188 4071 ejus
2219 3999 2306 4057 di-

649 4086 874 4146 ximus.

723 4177 889 4234 Vers.
935 4180 1025 4233 25.
1074 4176 1250 4233 Ibunt
1292 4205 1357 4218 —
1440 4176 1638 4233 multi.
1672 4175 1802 4234 Alio
1829 4177 2098 4236 videlicet
2155 4184 2310 4237 tem-

651 4283 814 4341 pore.

757 4359 917 4413 Vers.
944 4360 1032 4413 25.
1065 4356 1145 4413 Et
1164 4371 1476 4412 conversus
1501 4387 1558 4399 -
1599 4356 1764 4412 Vers.
1798 4361 1887 4415 26.
1911 4358 2307 4428 esse.discipu-

654 4447 767 4503 lus.
815 4447 1036 4510 Sciens,
1069 4445 1233 4517 ipsos
1266 4445 1511 4518 quidem
1543 4446 1712 4518 sequi
1736 4445 1907 4514 velle,
1939 4463 2076 4503 cum
2105 4454 2308 4504 tamen

2414 3279 2802 3354 ἐπιμονώτερον,
2854 3284 2923 3343 ως
2976 3283 3212 3354 ἰσχυρῶς
3260 3280 3360 3332 ὑπό
3412 3288 3512 3332 τῶν
3561 3276 3820 3351 δαιμόνων
3870 3296 3992 3330 κατε-

2412 3375 2676 3442 χομένοις,
2723 3375 2812 3422 καὶ
2870 3369 2969 3422 ὑπὸ
3012 3369 3169 3443 βαθεῖ
3230 3374 3399 3442 σκότῳ
3456 3378 3546 3430 τῆς
3570 3368 3783 3432 ἀπάτης
3830 3369 3990 3421 καθεύ-

2415 3457 2623 3514 δουσιν.

2483 3550 2682 3601 Ἱνα-
2719 3569 2840 3622 μου.
2886 3547 3128 3601 Βούλεται
3175 3568 3278 3622 γαρ
3321 3549 3516 3609 πάντας
3560 3547 3881 3620 εἰσαχθῆναι
3924 3542 4000 3599 διὰ

2412 3642 2499 3692 τὸν
2530 3640 2740 3710 ἄπειρον
2771 3638 2992 3691 πλοῦτον
3017 3646 3113 3700 τῆς
3138 3638 3297 3690 αὐτοῦ
3325 3636 3673 3709 ἀγαθότητος.

2486 3733 2634 3800 Λέγω
2679 3759 2747 3769 -
2808 3725 3040 3782 δείπνου.
3087 3734 3173 3790 Ὡς
3227 3726 3620 3785 ἁπειθησάντων
3678 3731 3772 3780 καὶ
3825 3721 4004 3790 έξουδε-

2411 3821 2682 3871 νωσάντων
2713 3822 2806 3876 τὴν
2852 3816 3060 3884 κλῆσιν,
3093 3818 3232 3884 ἦτοι,
3272 3821 3329 3869 τὸ
3361 3823 3636 3890 κήρυγμα.
3677 3819 3788 3870 Λιὰ
3839 3823 4004 3869 τοῦτον

2413 3903 2500 3960 οὖν
2532 3911 2618 3960 τόν
2647 3908 2796 3979 λόγον
2828 3909 2857 3966 ἡ
2888 3907 2977 3966 ὅλη
3006 3906 3275 3981 παραϐολὴ
3308 3908 3574 3971 συνετέθη,
3603 3908 3778 3968 καθὼς
3807 3906 3855 3960 έν
3878 3905 4004 3981 ἀρχῇ

2415 4001 2612 4060 ταύτης
2642 3999 2938 4075 εἰρήκαμεν.

2487 4178 2885 4251 Συνεπορεύοντο
2959 4205 3027 4215 -
3107 4174 3306 4228 πολλοί.
3397 4175 3480 4230 Ἐν
3551 4173 3708 4250 έτέρῳ
3783 4171 4014 4234 δηλονότι

2415 4275 2603 4340 καιρῷ.

2491 4362 2590 4410 Καὶ
2641 4359 2890 4429 στραφιὶς
2948 4355 3064 4425 (65)
3112 4385 3181 4396 --
3234 4355 3480 4426 μαθητὴς
3532 4349 3682 4408 εἶναι.
3728 4351 3902 4414 Εἰδὼς
3939 4351 4020 4404 αὖε

2416 4450 2539 4506 τοὺς
2593 4444 2826 4505 θέλοντας
2905 4448 2996 4514 μὲν
3065 4439 3360 4496 ἀκολουθεῖν
3419 4442 3577 4513 αὐτῷ,
3639 4448 4020 4515 κατεχομένους

651 4535 899 4592 vinculis
925 4535 1195 4591 amicitiae
1207 4534 1282 4590 ad
1301 4535 1646 4606 hujusmodi
1675 4551 1966 4607 personas
1987 4538 2306 4593 retineren-

2420 4532 2478 4587 δὲ
2531 4543 2639 4596 τοῖς
2682 4531 2902 4603 δεσμοῖς
2954 4542 3048 4593 τῆς
3101 4536 3232 4606 πρὸς
3290 4535 3356 4584 τὰ
3417 4528 3720 4590 δηλωθέντα
3767 4539 4021 4606 πρόσωπα

650 4630 764 4693 tur,
797 4624 1107 4680 manifeste
1139 4629 1514 4696 protestetur,
1539 4624 1697 4695 quod
1721 4625 1990 4697 quisquis
2020 4625 2093 4681 ad
2125 4643 2184 4680 se
2204 4641 2308 4697 per

650 4714 830 4770 ﬁdem
856 4715 1030 4782 venit,
1075 4729 1184 4770 nec
1216 4713 1524 4786 prmdictas
1565 4714 1690 4768 odit
1724 4730 2025 4786 personas,
2069 4730 2207 4770 cum
2231 4716 2304 4771 ad

649 4803 1027 4858 dilectionem
1067 4818 1210 4871 erga
1257 4805 1436 4857 Deum
1469 4801 1581 4857 sibi
1613 4801 1823 4858 fuerint
1856 4802 2299 4874 impedimento,

651 4900 705 4947 et
737 4892 812 4947 ad
833 4892 940 4947 iter
965 4891 1043 4948 ad
1073 4891 1359 4948 Christum
1394 4905 1408 4945 :
1443 4891 1529 4945 vel
1561 4892 1719 4962 quod
1751 4891 2014 4946 inﬁdeles
2047 4893 2177 4956 sint.
2215 4893 2305 4950 vel

648 4982 812 5054 quod
835 4983 1146 5038 mundana
1177 4981 1432 5052 sapiant,
1467 4995 1586 5035 non
1625 4985 1820 5051 potest
1852 4981 2039 5053 ipsius
2060 4997 2190 5038 esse
2217 4983 2309 5038 di-

647 5070 933 5143 scipulus.
967 5070 1275 5143 Siquidem
1305 5069 1408 5141 qui
1447 5068 1561 5124 illis
1592 5069 1811 5138 obedit,
1841 5069 2071 5127 Christo
2103 5071 2308 5129 inobe-

647 5159 816 5216 diens
837 5165 957 5226 est;
978 5159 1059 5215 illi
1080 5174 1342 5230 namque
1365 5156 1678 5213 carnaliter
1695 5173 1834 5214 eum
1855 5159 2050 5215 vivere
2084 5160 2309 5225 volunt,

648 5237 771 5322 ipse
800 5265 940 5306 vero
971 5247 1350 5321 spiritualiter
1373 5262 1512 5305 eum
1531 5248 1867 5305 conversari
1900 5248 2094 5305 docet.
2122 5252 2315 5307 Hono-

717 5399 890 5454 Joan.
930 5410 1069 5461 xvii,
1104 5395 1193 5454 18.

2420 4629 2679 4696 σχέσεως,
2755 4620 3170 4696 διαμαρτύρεται
3251 4630 3496 4695 φανερῶς,
3556 4623 3636 4672 ότι
3704 4623 3859 4683 ὅστις
3930 4629 4021 4672 τῶν

2419 4711 2512 4768 διὰ
2563 4719 2787 4773 πίστεως
2839 4711 3131 4785 ἕρχομένων
3173 4715 3304 4784 πρὸς
3355 4710 3512 4762 αὐτὸν
3561 4710 3620 4762 οὗ
3668 4719 3820 4782 μισεῖ
3867 4713 3930 4764 τὰ
3962 4709 4022 4761 εἰ·

2416 4809 2614 4877 ρημένα
2677 4809 2950 4872 πρόσωπα,
3015 4803 3136 4853 ὅταν
3207 4796 3539 4872 ἐμποδίζωσι
3602 4803 3729 4873 πρὸς
3794 4805 3891 4858 τὴν
3959 4798 4021 4857 εἰς

2419 4897 2546 4946 Θεὸν
2601 4895 2808 4964 ἀγάπην
2864 4896 2954 4943 καὶ
2998 4895 3128 4963 πρὸς
3183 4895 3268 4948 τὴν
3319 4891 3449 4940 κατά
3502 4892 3735 4962 Χριστόν
3792 4893 4019 4963 πορείαν,

2421 4983 2450 5041 ἦ
2515 4985 2730 5034 ἄπιστοι
2783 4986 2936 5047 ὄντες,
2983 4980 3012 5040 ἦ
3057 4981 3289 5050 κοσμικὰ
3327 4985 3648 5052 φρονοῦντες,
3703 4977 3762 5030 οὗ
3809 4975 4022 5031 δύναται

2421 5071 2582 5124 αὐτοῦ
2657 5072 2900 5142 μαθητὴς
2966 5067 3120 5124 εἶναι,
3216 5068 3520 5139 Πειθόμενος
3598 5070 3700 5140 γὰρ
3794 5067 4019 5126 ἐκείνοις,

2423 5160 2698 5220 ἀπειθήσει
2754 5159 2914 5230 αὐτῷ,
2976 5154 3119 5212 διότι
3171 5156 3320 5209 αὐτοὶ
3385 5159 3476 5228 μιν
3538 5164 3807 5231 σαρκικῶς
3881 5155 4022 5229 βιοῦν

2426 5249 2580 5303 αὐτὸν
2645 5249 2897 5315 θέλουσιν,
2967 5246 3122 5308 αὐτὸς
3167 5243 3227 5300 δὲ
3267 5253 3626 5319 πνευματικῶς
3682 5245 3845 5299 αὐτὸν
3892 5243 4025 5298 πολι·

1871 5551 2095 5621 νειοῖεὲ
2134 5552 2461 5624 lectiones
2503 5564 2566 5623 et
2607 5563 2788 5622 notae

646 5719 1018 5862 ἃϐἓόἐέϐἰξίωο
1077 5723 1324 5794 uterque
1384 5720 1444 5779 in
1484 5721 1769 5794 margine.
1818 5723 2140 5782 Hentenius
2180 5740 2301 5782 non

2485 5728 2601 5798 (65)
2640 5729 2881 5800 Στραφεὶς
2911 5739 3034 5783 non
3065 5723 3357 5798 expressit
3389 5722 3738 5781 Hentenius.
