4210 6444
231 378 366 440 1017

1259 377 1635 436 COMMENT.
1683 376 1757 433 IN
1795 374 2059 434 LUCAM-
2100 408 2170 420 —
2207 375 2366 434 CAP.
2409 377 2555 436 XIV.

3465 379 3598 438 1018

230 509 471 563 τεύεσθαι
501 502 772 565 διδάσκει.
822 510 1078 582 Τιμητίον
1103 509 1194 581 μὶν
1243 511 1334 562 1101i.
1368 509 1567 580 πατέρα
1603 510 1694 560 καὶ
1721 525 1826 580 μη-

1945 505 2112 562 randi
2152 506 2450 579 siquidem
2494 512 2632 565 sunt
2658 512 2830 580 pater
2855 512 2914 566 et
2940 513 3147 580 mater,
3197 524 3405 566 verum
3435 510 3595 566 Deus

229 603 354 674 ⁴τέρα
382 601 494 670 (b6)
519 615 532 629 '
565 603 904 673 προτιμητέον
947 595 1006 652 δε
1035 598 1202 651 αὐτῶν
1229 601 1317 650 1'61:
1345 601 1493 651 Θεόν.

305 690 399 740 Διὰ
423 696 520 739 τῶν
559 694 919 762 γνησιωτέρων
972 685 1030 741 δὲ
1084 694 1184 741 πᾶν
1229 692 1508 761 πρόσωπον
1557 685 1827 759 ἀγαπητόν

233 775 475 850 έμφήνας.
508 776 739 850 ἐπήγαγε
762 783 852 831 καὶ
899 781 956 830 1'6
1000 781 1197 850 μεῖζον,
1247 779 1327 830 ὃτι
1375 782 1465 830 καὶ
1519 781 1613 835 τὴν
1645 777 1828 829 ἑαυτοῦ

232 865 440 938 ψυχὴν,
471 873 724 935 τουτέστι,
747 873 837 920 καὶ
866 870 923 919 1'6
955 867 1140 920 ἑαυτοῦ
1173 866 1386 938 θελημα,
1427 868 1547 919 ὅταν
1605 865 1828 918 έναντίον

235 959 311 1014 ε’ίη
351 965 422 1027 τῷ
455 955 704 1028 θελήματι
736 962 828 1009 τόῡ
858 964 1010 1010 Θεοῦ.
1042 964 1127 1009 Δεῖ
1150 959 1251 1030 γὰρ
1275 960 1360 1008 τόν
1390 954 1554 1014 ἀληθῆ
1589 957 1829 1028 μαθητὴν

234 1054 324 1097 τοῦ
353 1053 604 1120 Χριστοῦ,
631 1045 976 1120 ἀφιλόσαρκον
1001 1051 1091 1098 καὶ
1117 1044 1446 1118 ἀφιλόψυχον
1472 1045 1522 1098 ἰν
1549 1052 1653 1106 τοῖς
1683 1063 1829 1098 πνευ-

234 1143 478 1209 ματικοῖς
497 1134 692 1210 ἀγῶσιν
717 1137 1000 1210 ὑπάρχειν.

309 1412 410 1462 Καὶ
438 1409 584 1470 ὅστις
639 1438 704 1450 -
763 1427 864 1479 μου
907 1409 1161 1481 μαθητής.
1217 1406 1400 1470 Ὀστις
1451 1407 1511 1460 ού
1571 1406 1830 1480 βαστάζει

236 1495 318 1550 ἰπὶ
367 1503 578 1571 μνήμης
640 1500 727 1550 τόν
780 1500 992 1550 θάνατον
1049 1497 1230 1550 αὐτοῦ.
1291 1499 1386 1551 Διὰ
1451 1506 1543 1550 τοῦ
1599 1504 1830 1570 σταυροῦ

232 1589 332 1660 γὰρ
363 1590 449 1639 τόν
490 1589 706 1640 θάνατον
753 1583 1002 1657 ἰδήλωσε,
1065 1583 1206 1639 διότι
1258 1592 1375 1640 τότε
1417 1588 1637 1640 θανάτου
1675 1589 1832 1659 ὄργα-

232 1695 316 1728 νον
373 1673 433 1735 ἦν
484 1678 510 1729 ὀ
571 1679 817 1750 σταυρὸς,
871 1679 941 1738 ὡς
986 1682 1075 1730 καί
1133 1677 1182 1730 ἐν
1211 1685 1284 1748 τῷ
1326 1685 1621 1750 τριακοστῷ
1671 1679 1830 1748 τρίτῳ

231 1764 488 1837 κεφαλαίῳ
519 1773 608 1818 τού
638 1767 773 1818 κατὰ
828 1768 1096 1820 Ματθαῖον
1154 1767 1266 1837 (67)
1335 1765 1588 1819 λέλεκται.
1644 1763 1832 1827 Ὀστις

231 1853 290 1906 ού
338 1853 598 1926 βαστάζει
651 1860 744 1914 τὴν
788 1860 1036 1929 νέκρωσιν
1088 1855 1272 1919 αύτού,
1329 1855 1460 1928 λέγω
1487 1853 1580 1921 δὴ,
1612 1860 1706 1913 τὴν
1736 1864 1830 1917 τῆς

233 1947 424 2017 σαρκὸς
445 1947 624 2004 αὐτοῦ,
653 1951 747 2004 την
773 1946 892 1998 καθ’
939 1942 1154 2004 ἡδονήν.
1211 1946 1351 2000 Ἐπεὶ
1383 1942 1440 1998 δὲ
1493 1948 1522 2004 ἠ
1559 1944 1826 2018 ἀποτροπὴ

232 2042 326 2086 τοῦ
382 2035 502 2087 καθ’
564 2031 760 2093 ἡδονὴν
824 2034 965 2107 βίου,
1015 2040 1204 2106 τρόπον
1265 2038 1380 2087 τινὰ
1429 2040 1696 2110 προτροπὴ
1754 2040 1834 2096 τίς

234 2121 377 2175 ἔστιν
429 2124 496 2184 εἰς
549 2123 787 2176 ἐπίπονον
846 2124 1130 2190 πολιτείαν,
1184 2127 1572 2198 παραμυθεῖται
1601 2131 1690 2178 καί
1750 2121 1833 2177 δι-

237 2208 428 2265 δάσκει
457 2209 552 2264 διὰ
577 2209 1030 2286 παραδείγματος,
1089 2215 1170 2265 ὅτι
1222 2218 1331 2287 χρὴ
1381 2218 1468 2266 τόν
1525 2213 1834 2287 βουλόμενον

237 2297 364 2354 εἰναι
433 2303 674 2373 μαθητὴν
721 2301 903 2365 αὐτοῦ,
957 2303 1479 2376 προπαρασκευάζειν
1545 2304 1721 2357 έαυτον
1769 2305 1836 2366 εἰς

237 2391 500 2461 ὑπομονὴν
525 2394 711 2452 παντός
741 2400 1054 2464 πειρασμοῦ.
1107 2397 1402 2466 Γέγραπται
1429 2396 1530 2468 γάρ
1564 2411 1578 2424 '
1609 2395 1666 2447 Εἰ
1712 2415 1835 2470 προ·

239 2483 406 2554 σέρχη
441 2477 700 2533 δουλεύειν
733 2485 928 2554 Κυρίῳ,
973 2482 1248 2555 έτοίμασον
1278 2487 1372 2542 τὴν
1395 2482 1582 2555 ψυχήν
1614 2502 1710 2536 σου
1764 2483 1837 2544 εἰς

233 2574 541 2642 πειρασμόν.

378 2665 522 2712 ΚΕΦ.
551 2658 671 2713 ΝΕ’.
703 2659 977 2735 Παραϐολή
1006 2666 1122 2732 περὶ
1149 2658 1430 2733 οἰκοδομῆς
1464 2664 1688 2736 πύργου.

300 2752 392 2808 Τίς
421 2751 516 2818 γὰρ
553 2780 616 2788 --
649 2747 926 2802 ἰκτελέσαι.
953 2749 1151 2822 Ὠσπερ
1184 2752 1208 2802 ὀ
1237 2751 1388 2804 θέλων
1415 2753 1612 2826 πύργον
1638 2750 1832 2808 αἰσθη-

227 2839 314 2888 τόν
342 2834 715 2911 οἰκοδομῆσαι,
749 2839 933 2910 ὀφείλει
955 2849 1161 2914 πρῶτον
1189 2848 1452 2914 μετρῆσαι
1479 2845 1566 2899 τὴν
1596 2839 1644 2893 έν
1687 2845 1829 2914 χρὴ·

227 2945 364 2997 μασι
394 2923 634 2986 δαπάνην
667 2946 680 2958 ο
709 2930 845 2981 ούτω
873 2935 963 2982 καὶ
998 2931 1023 2982 ὁ
1055 2929 1209 2983 θέλων
1247 2933 1442 3003 πύργον
1471 2934 1652 2988 νοητόν
1695 2930 1831 2983 οἰκο-

229 3012 489 3086 δομῆσαι,
515 3017 647 3089 λέγω
688 3015 778 3079 δὴ,
828 3019 1094 3091 σύμπηξιν
1142 3019 1353 3093 ἀρετῶν,
1401 3019 1583 3091 ὀφείλει
1629 3028 1831 3092 πρῶτον

229 3115 489 3180 μετρῆσαι
519 3111 610 3164 τήν
638 3106 686 3159 έν
715 3116 1024 3181 πειρασμοῖς
1055 3105 1089 3160 δ
1096 3111 1344 3182 ιάρκειαν,
1394 3111 1477 3161 ἵνα
1528 3128 1833 3182 προπαρασ-

229 3199 539 3267 κευασμένος
711 3201 797 3254 ὤν.
825 3198 948 3272 ῥᾷον
978 3202 1101 3272 φέρῃ
1141 3201 1352 3258 τούτους
1377 3203 1821 3272 προσπίπτοντας.
1862 3220 1903 3273 ο

231 3282 356 3337 Εἶτα
379 3288 468 3336 καὶ
497 3280 569 3336 δι’
595 3284 766 3360 ἐτέρου
810 3283 1243 3362 παραδείγματος
1273 3284 1517 3360 διεγείρει
1546 3291 1670 3362 πρὸς
1707 3307 1832 3361 καρ-

225 3377 420 3447 τερίαν.

300 3461 367 3516 ’Ἦ
420 3468 501 3526 τίς
547 3495 616 3504 -
663 3462 740 3516 ἐπ’
795 3463 949 3517 αύτόν
994 3477 1016 3535 ;
1064 3463 1286 3538 Ὁμοίως
1337 3465 1511 3530 πάλιν,
1575 3467 1747 3537 ὥσπερ
1805 3467 1830 3517 ό

225 3550 497 3625 βασιλεὺς,
531 3554 557 3605 ὀ
604 3558 956 3627 πωρευόμενος
983 3554 1055 3617 εἰς
1105 3553 1346 3626 πόλεμον,
1381 3553 1566 3627 ὀφείλει
1604 3553 1832 3629 προϐου-

221 3640 517 3694 λεύσασθαι
549 3659 562 3672 ·
594 3642 730 3695 οὕτω
765 3647 856 3695 καὶ
909 3643 1058 3706 οὗτος
1097 3643 1288 3716 ὀφείλει
1317 3643 1826 3716 προϐουλεύσασθαι.

222 3730 268 3783 εἰ
297 3727 519 3784 δύναται
550 3733 682 3802 μετὰ
723 3740 823 3783 τῶν
889 3731 1071 3804 ὀλίγων
1113 3731 1322 3786 ἐντολῶν
1375 3742 1466 3786 τοῦ
1515 3733 1827 3805 Εύαγγελίου

221 3818 749 3894 ἀντιπαρατάξασθαι
790 3830 864 3892 τῷ
916 3828 1134 3893 Σατανᾷ,
1183 3830 1254 3892 τῷ
1304 3825 1434 3894 μετὰ
1480 3822 1676 3876 πολλῶν
1713 3819 1830 3876 δαιο

221 3913 392 3982 μόνων
457 3915 547 3963 καὶ
609 3917 865 3983 μηχανῶν
922 3916 1012 3963 καὶ
1080 3912 1259 3964 παθῶν
1317 3909 1580 3986 ἐρχομένῳ
1611 3911 1687 3965 ἄπ’
1735 3911 1828 3964 01'3-

221 4019 312 4052 τον
319 4040 331 4053 .

198 4159 210 4173 .
298 4087 358 4141 Εἰ
392 4084 452 4140 δε
479 4094 616 4161 μήγε
646 4121 707 4131 -
754 4092 820 4142 τὰ
847 4093 978 4164 πρὸς
1007 4089 1214 4162 εἰρήνην
1269 4121 1334 4132 -
1395 4089 1610 4164 Ἐρωτᾷ,
1642 4095 1824 4162 ἤγουν,

221 4177 536 4250 παρακαλεῖ,
587 4179 810 4232 αἰτεῖται
865 4179 979 4252 (69)
1027 4183 1093 4232 τὰ
1134 4183 1261 4254 πρός
1311 4180 1535 4253 εἰρήνην.
1564 4188 1738 4233 Ταύτα
1770 4177 1828 4234 δι

226 4267 569 4336 προσέθηκεν,
600 4268 657 4320 ού
685 4277 945 4341 παραινῶν
971 4277 1081 4330 τοῖς
1105 4273 1176 4341 μὴ
1220 4266 1528 4340 δυναμένοις
1572 4268 1826 4338 ἀπωτᾷν.

228 4352 502 4426 εἰρηνεύειν
539 4357 666 4424 μετὰ
695 4363 784 4407 τού
813 4363 1011 4409 Σατανᾶ
1045 4374 1058 4387 '
1091 4365 1202 4418 πῶς
1220 4359 1322 4430 γὰρ
1381 4365 1472 4409 τοῦ
1523 4355 1824 4429 ἀνθρωποκ-

229 4446 380 4493 τόνου
409 4446 499 4494 καὶ
527 4441 859 4519 ψυχολέθρόυ
893 4462 906 4512 ;
939 4445 1068 4498 ἀλλὰ
1095 4455 1156 4519 τῇ
1214 4444 1494 4518 ἀκολουθίᾳ
1520 4454 1610 4498 τοῦ
1664 4465 1828 4518 παρα·

231 4525 514 4602 δείγματος
544 4538 832 4607 εχρήσατο,
899 4537 1068 4596 καθὼς
1114 4539 1203 4588 καὶ
1253 4534 1487 4608 ἀνωτέρω
1528 4528 1822 4592 πεποίηκεν.

225 4617 370 4692 ’Δμα
395 4617 454 4674 δὲ
478 4626 563 4674 καὶ
595 4622 662 4683 εἰς
690 4625 934 4697 ἐντροπὴν
981 4633 1080 4676 τῶν
1138 4627 1269 4695 μετὰ
1321 4627 1380 4676 τό
1435 4625 1826 4695 μαθητευθῆναι

223 4715 610 4782 χαυνουμένων.
655 4718 754 4766 Καὶ
783 4720 934 4766 τοῦτο
963 4716 1065 4785 γὰρ
1108 4721 1301 4784 σχῆμα
1353 4712 1529 4784 λόγου,
1573 4709 1826 4785 διεγεῖρον

224 4797 299 4860 εἰς
331 4796 628 4874 εὐανδρίαν,
662 4803 792 4854 καθό
823 4806 912 4852 καὶ
939 4802 1054 4870 (70)
1080 4801 1239 4871 λέγειν
1262 4801 1530 4872 εἰώθαμεν,
1556 4803 1636 4853 ὅτι
1662 4809 1824 4874 κρείτ·

222 4906 310 4940 τον
366 4893 438 4961 μὴ
472 4889 735 4963 ἄρξασθαι
792 4887 948 4944 τοῦδε
996 4897 1088 4942 τοῦ
1127 4893 1446 4962 πράγματος,
1483 4891 1513 4949 ἣ
1546 4889 1828 4964 ἀρξάμενον

220 4981 293 5048 μὴ
326 4977 614 5032 τελειῶσαι.

1860 4578 1902 4632 D

293 5220 345 5257 ¹⁰
376 5219 548 5276 Eccli.
583 5235 643 5286 11,
670 5222 721 5276 1.

1937 594 2102 668 prior
2125 595 2240 652 illis
2266 596 2325 652 in
2351 596 2577 652 honore
2605 597 2923 655 habendus
2952 605 3059 655 est.

2010 689 2114 742 Per
2143 687 2604 760 propinquiores
2637 695 2836 746 autem
2868 705 3154 762 personas
3183 705 3429 746 omnem
3455 689 3599 745 dile-

1938 786 2087 836 ctam
2117 795 2441 851 personam
2467 780 2842 849 signiﬁcavit.
2875 780 3116 837 Addidit
3135 781 3370 854 etquod
3397 781 3596 852 majus

1939 874 2070 926 est:
2133 869 2330 926 adhuc
2380 874 2577 926 autem
2633 875 2690 926 et
2744 870 3013 926 animam
3072 886 3262 936 suam,
3315 871 3430 926 hoc
3487 875 3595 938 est,

1940 976 2114 1016 suam
2178 975 2416 1032 quoque
2495 960 2683 1031 ipsius
2749 959 3136 1024 voluntatem,
3202 959 3304 1016 ubi
3381 959 3596 1016 divinae

1938 1049 2112 1106 fuerit
2134 1049 2430 1105 contraria
2460 1049 2760 1105 voluntati.
2794 1050 3034 1120 Oportet
3063 1050 3223 1105 enim
3277 1065 3410 1106 vere
3441 1050 3597 1106 Chri-

1941 1139 2013 1196 sti
2059 1139 2417 1212 discipulum
2470 1139 2530 1194 in
2579 1138 3004 1211 spiritualibus,
3056 1137 3499 1208 certaminibus,
3561 1155 3599 1196 ο.

1939 1230 2138 1288 carnis
2179 1235 2237 1286 et
2283 1230 2499 1286 animas
2559 1229 2681 1286 sive
2735 1228 3054 1286 voluntatis
3104 1243 3310 1286 amore
3361 1228 3598 1302 penitus

1940 1320 2137 1377 avelli.

2012 1409 2181 1465 Vers.
2200 1409 2288 1463 27.
2305 1410 2379 1466 Et
2403 1409 2660 1482 quisquis
2677 1441 2748 1450 —
2766 1424 2926 1466 meus
2937 1407 3280 1480 discipulus.
3313 1407 3598 1482 Quisquis

1940 1514 2061 1555 non
2084 1498 2317 1570 bajulat
2336 1499 2394 1554 in
2417 1499 2708 1555 memoria
2721 1504 2972 1555 mortem
2996 1514 3170 1554 suam
3190 1515 3205 1563 ;
3225 1514 3332 1571 per
3357 1513 3596 1554 crucem

1941 1588 2107 1646 enim
2133 1594 2386 1645 mortem
2416 1587 2792 1659 signiﬁcavit,
2819 1589 2962 1661 quia
2988 1594 3130 1644 tunc
3157 1588 3363 1644 mortis
3389 1587 3599 1643 instru-

1940 1682 2213 1734 mentum
2267 1684 2392 1734 erat
2443 1694 2604 1743 crux,
2656 1678 2811 1734 sicut
2862 1678 3034 1734 etiam
3083 1677 3381 1733 tricesimo
3430 1675 3598 1732 tertio

1937 1768 2104 1839 juxta
2121 1767 2443 1823 Mattheum
2460 1767 2654 1839 capite
2672 1767 2894 1824 dictum
2907 1772 3018 1823 est.
3037 1766 3324 1839 Quisquis
3344 1781 3465 1822 non
3493 1765 3601 1822 ba-

1874 1858 1912 1913 Β
1937 1858 2088 1930 julat
2119 1858 2210 1913 sui
2241 1857 2783 1924 mortiﬁcationem,
2814 1873 2946 1913 eam
2988 1855 3284 1924 videlicet,
3325 1871 3460 1929 quae
3513 1858 3602 1912 est

1943 1948 2140 2004 carnis
2162 1964 2284 2003 sua:
2314 1947 2602 2004 adversus
2630 1947 2982 2018 voluptates.
3011 1945 3164 2013 Quia
3193 1961 3335 2003 vero
3368 1944 3601 2000 aversio

1942 2038 2074 2093 vitae
2112 2053 2148 2093 a
2178 2037 2585 2109 voluptatibus
2616 2035 3071 2109 quodammodo
3099 2036 3414 2092 conversio
3443 2050 3602 2106 quae-

1941 2127 2085 2184 dam
2107 2132 2196 2183 est
2211 2126 2288 2184 ad
2309 2127 2676 2183 laboriosam
2699 2127 3236 2191 conversationem,
3256 2124 3602 2181 consolatur

1944 2222 2003 2273 et
2026 2217 2199 2272 docet
2227 2232 2332 2288 per
2374 2215 2738 2288 exemplum,
2789 2215 2954 2289 quod
3004 2220 3275 2288 oporteat
3306 2230 3443 2270 eum
3500 2213 3600 2285 qui

1945 2306 2068 2362 vult
2105 2305 2234 2376 ejus
2265 2321 2392 2361 esse
2425 2303 2772 2378 discipulus,
2805 2320 3149 2376 praeparare
3205 2302 3473 2376 seipsum
3521 2301 3600 2358 ad

1944 2395 2318 2452 tolerantiam
2359 2394 2561 2451 omnis
2589 2395 2947 2451 tentationis.
2983 2393 3282 2464 Scriptum
3323 2397 3411 2448 est
3440 2391 3599 2448 enim

1941 2487 2013 2542 Si
2046 2485 2382 2550 accesseris,
2413 2492 2479 2540 ut
2507 2485 2726 2540 servias
2741 2483 3009 2548 Domino,
3025 2498 3303 2554 praepara
3332 2483 3597 2538 animam

1944 2581 2107 2632 tuam
2139 2575 2212 2630 ad
2242 2575 2616 2632 lentationem
2659 2575 2727 2627 ιο.

2122 2665 2277 2721 CAP.
2321 2665 2437 2720 LV.
2495 2664 2796 2720 Parabola
2835 2663 2909 2720 de
2952 2662 3340 2731 aediﬁcatione
3388 2665 3599 2719 turris.

2013 2757 2173 2810 Vers.
2210 2754 2296 2810 28.
2342 2754 2480 2820 Quis
2535 2753 2686 2809 enim
2715 2785 2786 2794 —
2814 2753 2982 2807 Vers.
3029 2751 3118 2806 30.
3161 2767 3598 2809 consummare.

1943 2843 2101 2900 Sicut
2141 2843 2191 2898 is
2217 2843 2321 2916 qui
2343 2841 2546 2898 turrim
2579 2841 2915 2898 sensibilem
2943 2840 3105 2913 cupit
3146 2839 3468 2906 aedificare,
3504 2841 3605 2896 de-

1939 2931 2040 2988 bet
2064 2933 2327 3005 primum
2375 2937 2654 3004 sumptus
2686 2931 3076 3004 pecuniarum
3122 2945 3483 2986 numerare:
3524 2930 3606 2987 ita

1939 3037 2180 3095 quoque
2197 3021 2622 3078 volensturrim
2644 3020 3099 3077 intellectualem
3117 3018 3437 3086 mdiﬁcare,
3457 3025 3604 3092 puta

1939 3111 2224 3166 virtutum
2253 3111 2744 3182 compactionem,
2766 3109 2946 3166 debet
2973 3108 3162 3165 metiri
3189 3108 3455 3180 primum
3482 3109 3605 3166 suf-

1939 3199 2286 3255 ﬁcientiam.
2308 3215 2484 3272 quam
2507 3200 2688 3255 habet
2709 3199 2784 3254 ad
2810 3198 3188 3261 tentationes.
3211 3201 3275 3252 ut
3305 3213 3604 3270 praepara-

1943 3295 2037 3344 tus
2060 3288 2208 3344 ferat
2237 3288 2488 3354 facilius,
2506 3305 2641 3343 cum
2669 3287 3007 3343 inciderint.
3028 3286 3248 3342 Deinde
3281 3287 3340 3342 in
3363 3287 3481 3343 alio
3503 3303 3601 3344 ex-

1940 3376 2141 3448 emplo
2172 3377 2246 3433 ad
2290 3377 2653 3432 tolerantiam
2685 3375 2920 3431 excitat.

2010 3467 2174 3521 Vers.
2202 3467 2291 3524 31.
2315 3467 2357 3522 Α
2371 3473 2431 3522 ut
2451 3467 2582 3539 quis
2595 3497 2662 3507 —
2673 3469 2879 3522 contra
2895 3481 2970 3522 se.
2990 3465 3122 3520 Pari
3141 3479 3386 3538 quoque
3407 3464 3588 3521 modo

1937 3555 2458 3629 quemadmodum
2479 3572 2579 3612 rex
2600 3556 2676 3612 ad
2701 3555 2977 3628 praelium
2993 3553 3396 3626 proﬁciscens,
3419 3554 3598 3612 debet

1938 3646 2198 3718 primum
2231 3645 2596 3710 consultare,
2639 3647 2723 3704 ita
2751 3651 2808 3702 et
2834 3645 2930 3702 hic
2974 3645 3233 3717 primum
3265 3644 3596 3702 consultare

1937 3735 2134 3802 debet,
2166 3751 2242 3791 an
2276 3735 2468 3807 possit
2507 3752 2645 3792 cum
2685 3734 2896 3809 paucis
2946 3733 3247 3803 Evangelii
3287 3735 3598 3807 prmeeptis

1935 3825 2208 3880 resistere
2237 3825 2491 3890 Satanae,
2521 3824 2611 3880 cui
2641 3840 2778 3880 cum
2812 3823 3014 3880 multis
3043 3822 3349 3879 daemoniis
3379 3828 3437 3880 et
3470 3839 3598 3882 ma-

1935 3913 2127 3970 chinis
2163 3930 2234 3970 ac
2265 3913 2680 3971 affectionibus
2718 3914 2875 3971 venit
2903 3917 3113 3970 contra
3149 3927 3236 3968 se.

2007 4095 2164 4148 Vers.
2196 4097 2283 4150 32.
2308 4092 2515 4165 Aliqui
2533 4124 2602 4134 —
2625 4109 2752 4164 quae
2777 4091 2945 4161 pacis
2967 4097 3124 4148 sunt.
3150 4093 3405 4147 Rursum
3431 4090 3597 4167 ἰρωτᾷ

1937 4181 2233 4251 significat
2260 4190 2543 4252 precatur
2571 4187 2674 4238 aut
2701 4183 2868 4251 petit.
2914 4183 3046 4236 Haec
3097 4185 3297 4235 autem
3339 4180 3590 4251 addidit,

1936 4286 2057 4326 non
2090 4270 2420 4326 adhortans
2452 4276 2514 4326 ut
2537 4271 2640 4342 qui
2674 4285 2792 4325 non
2837 4269 3072 4341 possint
3123 4282 3454 4332 occurrere,
3488 4284 3592 4339 pa-

1935 4375 2064 4415 cem
2080 4359 2430 4414 ineantcum
2449 4361 2668 4416 Satana
2691 4377 2704 4417 :
2731 4373 2993 4430 quonam
3013 4355 3174 4412 enim
3191 4355 3370 4411 modo
3391 4355 3451 4410 id
3467 4356 3594 4412 ﬁeri

1935 4453 2296 4518 potest,cum
2315 4446 2410 4502 ille
2436 4447 2710 4503 homines
2735 4451 2958 4510 enecet,
2983 4461 3053 4501 ac
3075 4443 3288 4516 perdat
3313 4444 3593 4502 animas?

1935 4536 2049 4592 Sed
2085 4535 2336 4606 exempli
2379 4536 2808 4608 consequentia
2858 4551 3008 4591 usus
3063 4537 3170 4599 est,
3222 4533 3373 4590 sicut
3418 4533 3593 4591 etiam

1937 4625 2072 4681 fecit
2099 4624 2376 4696 superius
2404 4643 2418 4679 :
2445 4624 2626 4681 simul
2647 4624 2825 4680 etiam
2846 4624 2922 4678 ad
2942 4621 3352 4679 confusionem
3382 4637 3593 4679 eorum

1937 4714 2039 4787 qui
2060 4719 2378 4787 postquam
2406 4713 2542 4770 facti
2561 4711 3420 4785 suntdiscipuli,emolliuntur.
3445 4712 3596 4770 Nam

1937 4810 1994 4861 et
2019 4803 2116 4860 hic
2145 4808 2234 4860 est
2266 4805 2481 4860 modus
2511 4803 2792 4876 loquendi
2833 4803 2904 4858 ad
2947 4801 3401 4871 generositatem
3440 4803 3597 4859 exci-

1939 4897 2094 4955 tans,
2123 4910 2245 4966 quo
2281 4895 2472 4950 dicere
2503 4893 2765 4950 solemus
2794 4913 2806 4954 :
2837 4891 3041 4948 Melius
3077 4895 3160 4946 est
3186 4891 3300 4948 hoc
3329 4892 3418 4948 vel
3448 4892 3595 4950 illud

1938 4981 2171 5039 facinus
2196 4998 2316 5039 non
2340 4983 2641 5047 inchoare,
2668 4997 2855 5055 quam
2886 4995 3006 5037 non
3033 4979 3336 5053 perﬁcere,
3363 4986 3602 5054 postea-

1939 5086 2126 5144 quam
2163 5070 2566 5128 inchoaveris.

1427 5400 1652 5468 Variae
1697 5400 2028 5487 lectiones
2074 5412 2156 5482 et
2198 5411 2402 5470 notas.

441 5597 542 5648 Καὶ
571 5595 659 5648 τὸν
687 5599 887 5668 πατέρα
914 5600 1004 5648 καὶ
1024 5599 1113 5654 τὴν
1134 5599 1354 5669 μητέρα.
1389 5600 1449 5650 Α.

292 5667 412 5737 (67),
435 5673 540 5719 Τοῦ
585 5669 723 5720 κατὰ
772 5667 1033 5723 mereat»
1080 5667 1214 5722 cum
1268 5667 1580 5732 Hentenio.
1624 5684 1683 5723 re
1747 5667 1828 5725 ita

223 5736 900 5863 ﬁstulantemddiduta
918 5739 1088 5797 “enim
1102 5741 1374 5815 exposuit
1400 5740 1478 5796 ad
1505 5739 1823 5808 Matth.xvn,

2007 5597 2124 5673 (68)
2157 5597 2240 5673 Ila
2271 5600 2534 5669 uterque,
2573 5612 2685 5670 pro
2709 5601 3315 5673 προπαρεσκευασμένος.

2008 5670 2128 5738 (69)
2161 5671 2204 5722 Α
2215 5669 2325 5723 ἰτεί.
2352 5673 2417 5724 Α.

2009 5739 2125 5814 (70)
2159 5744 2260 5794 Καί
2289 5739 2504 5797 omittit
2533 5741 2599 5798 A.
