4210 6460
657 385 800 444 1019

663 601 994 674 discipulus
1021 608 1125 665 est,
1155 609 1254 657 aut
1279 618 1412 657 esse
1434 604 1614 672 cupit.
1641 603 1748 668 Qui
1774 602 1926 656 enim
1956 618 2073 656 non
2107 617 2322 658 renun-

663 691 782 756 tiat,
809 691 1207 748 velutidocuit
1228 692 1513 755 Christus,
1537 708 1655 748 non
1689 697 1774 747 est
1802 708 1938 746 vere
1955 691 2319 763 discipulus:

659 780 762 854 qui
792 787 991 836 autem
1038 797 1156 836 non
1189 785 1279 835 est
1305 797 1438 835 vere
1468 781 1822 851 discipulus,
1856 781 1957 835 sed
1989 797 2208 836 nomen
2243 780 2323 835 fe—

655 886 793 926 rens
815 870 1317 943 discipuli,opera
1339 887 1478 926 vero
1507 871 1758 936 habens,
1778 887 1915 943 quas
1934 887 2046 925 non
2073 886 2321 941 respon-

655 960 1014 1016 deantillius
1040 960 1342 1032 operibus,
1363 977 1567 1032 pacem
1601 960 1893 1016 facitcum
1921 963 2163 1027 Satana,
2194 977 2324 1033 per-

659 1050 956 1122 petrando
987 1067 1125 1123 quae
1158 1050 1230 1105 illi
1261 1057 1432 1119 grata
1461 1055 1620 1105 sunt.

732 1141 890 1195 Vers.
941 1141 1030 1195 33.
1080 1141 1173 1197 Ita
1224 1140 1749 1208 —discipulus.—
1801 1142 1918 1206 Ita,
1962 1140 2115 1196 sicut
2146 1155 2319 1212 supe-

658 1229 783 1286 rius
815 1236 1166 1302 protestatus
1193 1234 1301 1295 est,
1329 1230 1534 1284 dicens
1568 1245 1581 1284 :
1611 1229 1666 1285 Si
1698 1230 1833 1301 quis
1883 1245 1999 1285 non
2035 1229 2175 1286 facit
2198 1231 2321 1286 haec

660 1325 717 1375 et
747 1319 865 1385 illa,
922 1335 1036 1375 non
1073 1325 1265 1392 potest
1296 1336 1467 1375 meus
1499 1335 1625 1374 esse
1655 1320 2001 1391 discipulus.

730 1409 897 1464 Vers.
953 1409 1040 1465 34.
1088 1411 1253 1466 Bona
1301 1425 1395 1466 nes
1423 1415 1507 1464 est
1559 1411 1672 1464 sat.
1707 1409 1903 1464 Salem
1934 1425 2096 1464 nunc
2146 1415 2321 1465 vocat

657 1503 864 1570 aptum
898 1499 973 1554 ad
1013 1498 1356 1554 docendum
1399 1514 1760 1554 sermonem.
1797 1499 2001 1554 Scribit
2032 1507 2230 1554 autem
2263 1503 2322 1554 et

663 1591 891 1645 Marcus
932 1588 1090 1644 circa
1134 1589 1314 1644 tinem
1367 1589 1632 1644 vicesimi
1681 1588 1917 1659 septimi
1974 1589 2182 1660 capitis
2229 1589 2320 1644 sui

666 1679 968 1746 Evangelii
1007 1700 1018 1732 :
1061 1680 1231 1734 Bona
1256 1695 1348 1733 res
1375 1685 1455 1734 est
1494 1680 1589 1734 sat
1620 1680 1662 1714 ¹¹
1701 1694 1715 1743 ;
1745 1684 1802 1733 et
1823 1677 1902 1733 ibi
1924 1695 2120 1750 quaere
2141 1678 2322 1749 hujus

661 1768 1117 1823 enarrationem.

732 1859 892 1914 Vers.
940 1856 1028 1912 34.
1086 1857 1255 1926 Quod
1299 1859 1355 1914 si
1382 1889 1448 1898 —
1479 1857 1788 1914 condietur
1815 1859 1844 1916 7
1872 1858 2094 1914 Eodem
2135 1858 2321 1932 capite
2359 1862 2396 1916 Β

662 1946 839 2002 etiam
873 1946 947 2002 de
977 1947 1090 2002 hoc
1128 1947 1350 2003 dictum
1393 1952 1500 2002 est.

737 2037 902 2090 Vers.
934 2037 1023 2093 34.
1055 2037 1257 2108 Neque
1285 2069 1352 2077 —
1382 2043 1484 2094 est.
1515 2039 1751 2092 Terram
1788 2052 1942 2092 nunc
1968 2036 2110 2093 dicit
2151 2037 2322 2093 disci-

663 2124 861 2197 pulos,
887 2126 1500 2197 utpoteimpinguatos
1522 2143 1587 2180 ac
1606 2127 1932 2181 commodo
1955 2126 2197 2181 affectos
2222 2144 2236 2192 ;
2258 2127 2323 2182 fi-

665 2230 832 2270 mum
857 2220 1053 2270 autem
1072 2215 1368 2278 doctores,
1385 2220 1446 2270 ut
1469 2215 1907 2286 impinguantes
1924 2220 1980 2270 et
2000 2217 2324 2272 commodo

663 2303 1009 2362 efﬁcientes.
1049 2304 1191 2358 Dicit
1220 2319 1364 2370 ergo
1399 2321 1411 2358 :
1443 2303 1498 2358 Si
1555 2319 1751 2358 sermo
1778 2310 1955 2374 aptus
2005 2304 2078 2359 ad
2113 2305 2324 2360 docen-

660 2393 807 2448 dum
842 2394 1046 2464 pravis
1084 2393 1469 2461 dogmatibus
1504 2397 1927 2463 corrumpatur
1960 2409 1972 2448 :
2007 2409 2202 2466 neque
2255 2395 2323 2449 iis

659 2483 763 2555 qui
817 2483 1080 2548 discunt,
1113 2483 1472 2538 conveniens
1521 2488 1624 2538 aut
1673 2482 1832 2537 utilis
1862 2488 1948 2538 est
1980 2502 1992 2542 :
2030 2499 2223 2556 neque
2254 2485 2323 2539 iis

661 2571 760 2644 qui
801 2572 1038 2628 docent.

733 2662 895 2716 Vers.
916 2666 1002 2717 35.
1031 2662 1214 2718 Foras
1243 2660 1570 2731 projiciunt
1599 2661 1786 2716 illum.
1819 2662 2129 2734 Tanquam
2153 2662 2319 2720 inuti-

658 2750 800 2807 lem.

730 2839 900 2895 Vers.
955 2839 1046 2896 35.
1080 2841 1195 2909 Qui
1239 2840 1414 2898 habet
1444 2869 1514 2882 —
1552 2840 1772 2896 audiat.
1829 2842 1950 2898 Hoc
1989 2841 2324 2915 frequenter

658 2928 1024 2985 declaratum
1071 2935 1183 2985 est.

732 3019 883 3073 CAP.
917 3019 1043 3073 LVI.
1082 3018 1380 3074 Parabota
1415 3018 1483 3075 de
1511 3027 1738 3076 centum
1771 3019 1995 3076 ovibus.

731 3109 885 3163 CAP.
905 3109 1012 3165 XV.
1029 3111 1189 3164 Vers.
1211 3110 1261 3163 1.
1285 3111 1322 3164 Α
1336 3109 1850 3180 ppropinquabant
1870 3116 2060 3166 autem
2074 3141 2140 3151 —-
2155 3110 2315 3166 Vers.

1975 381 2329 440 EUTHYMII
2371 377 2529 437 ZIGA
2539 381 2678 441 BEN
2684 385 2703 442 ἰ

727 510 1071 569 Praesertim
1123 527 1260 568 cum
1307 511 1400 568 hic
1426 512 1503 567 sit
1534 526 1734 567 sermo
1784 511 1860 567 de
1895 519 1995 577 "eo,
2029 512 2131 584 qui
2187 527 2325 566 vere
2359 507 2406 562 Α

3914 387 4037 449 1020

2512 510 2712 574 Ἀλλως
2765 532 2820 567 τε
2864 519 2954 568 καὶ
3000 519 3118 590 περὶ
3170 522 3262 568 τοῦ
3309 514 3534 578 ἀληθοῦς
3580 517 3825 589 μαθητοῦ
3883 525 3969 572 νῦν
4014 526 4034 578 ὁ

2442 601 2610 673 λόγος.
2640 602 2698 655 Ὀ
2749 606 2849 678 γὰρ
2882 609 2953 677 μὴ
3005 603 3448 677 ἁποτασσομενος.
3481 610 3550 668 ὡς
3593 608 3618 658 6
3668 611 3904 681 Χριστὸς
3932 607 4034 661 ἐδί-

2442 688 2614 759 δαξεν,
2664 694 2756 744 οὐκ
2795 697 2936 746 ἔστιν
2990 695 3192 757 ἀληθῶς
3258 699 3533 766 auom;-
3565 697 3660 770 [μὴ
3717 698 3786 748 ὢν
3844 697 4033 768 (⁸71)δὲ

2437 781 2641 844 ἀληθῶς
2701 785 2986 855 μαθητὴς,]
3040 785 3145 836 ἀλλ’
3205 791 3365 856 ὄνομα
3412 791 3501 859 μὲν
3556 790 3796 857 μαθητοῦ
3861 794 4025 861 φέρων,

2434 874 2561 943 ἔργα
2618 871 2676 926 δε
2753 874 2984 927 ἀνοίκειοι
3048 879 3377 946 κεκτημένος,
3441 877 3688 949 εἰρηνεὺει
3786 874 3885 930 διὰ
3947 888 4026 930 τῶν

2433 964 2595 1035 ἔργων
2625 966 2754 1035 μετὰ
2786 973 2877 1016 τοῦ
2927 972 3148 1033 Σατανᾶ,
3203 970 3267 1017 τὰ
3317 966 3438 1038 pila
3485 969 3652 1039 τούτῳ
3716 963 4023 1043 διαπραττό-

2431 1073 2601 1126 μενος.

2504 1145 2681 1203 Οὕτως
2724 1175 2793 1184 -
2827 1146 3086 1216 μαθητής.
3123 1175 3184 1185 -
3215 1147 3414 1210 Οὕτως,
3459 1147 3523 1207 ὡς
3563 1145 3802 1219 ἀνωτέρω
3830 1145 4020 1222 διεμαρ-

2431 1235 2638 1304 τύρατο,
2670 1232 2830 1304 λέγων
2864 1252 2876 1263 '
2909 1236 2972 1288 Ei
3001 1254 3081 1296 τις
3106 1234 3164 1286 οὐ
3186 1242 3324 1287 ποιεῖ
3342 1231 3470 1288 τάδε
3499 1241 3590 1288 καὶ
3620 1233 3775 1307 τάδε,
3809 1238 3868 1289 οὐ
3888 1234 4020 1290 δύνα-

2429 1327 2516 1374 ταί
2547 1342 2646 1391 μου
2677 1326 2915 1394 μαθητὴς
2945 1321 3096 1376 εἶναι.

2505 1412 2669 1465 Καλὸν
2720 1417 2778 1465 τὸ
2830 1413 2976 1474 ἅλας.
3035 1413 3196 1475 Ἀλας
3261 1413 3408 1467 καλεί
3459 1422 3568 1486 νῦν,
3628 1419 3715 1468 τὸν
3777 1412 4011 1470 διδασκσί

2428 1501 2571 1554 λικὸν
2601 1502 2770 1573 λόγον.
2822 1502 3072 1576 Ἔγραψε
3103 1500 3162 1556 δε
3191 1509 3280 1556 καὶ
3346 1505 3372 1556 6
3416 1507 3625 1576 Μάρκος
3677 1509 3813 1578 πρὸς
3854 1516 3919 1577 τῷ
3948 1513 4009 1560 τέ-

2429 1591 2504 1644 λει
2535 1600 2628 1644 τοῦ
2685 1592 2922 1644 εἰκοστοῦ
2977 1589 3201 1664 ἕϐδομον
3246 1593 3522 1664 κεφαλαίου
3569 1595 3750 1661 αὐτοῦ,
3820 1598 3896 1648 ὅτι
3941 1617 4009 1647 κα-

2428 1680 2515 1733 λὸν
2571 1686 2628 1734 τό
2696 1681 2842 1745 οἶλας,
2903 1687 2992 1734 καὶ
3047 1683 3279 1742 ζήτησον
3337 1682 3442 1735 ἐκεῖ
3501 1689 3595 1742 τὴν
3679 1688 3870 1738 τούτου

2429 1790 2498 1842 γη
2508 1789 2590 1822 σιν
2604 1815 2617 1828 ,

2508 1860 2628 1914 Ἐὰν
2661 1891 2725 1901 -
2749 1859 2943 1934 ἁρνυθή
2955 1879 3101 1913 σεται
3131 1881 3142 1924 ;
3169 1861 3251 1913 Ἐν
3277 1859 3447 1933 ἐκείνῳ
3470 1864 3558 1914 καὶ
3589 1867 3708 1936 περὶ
3747 1866 3919 1916 τούτου

2433 1949 2628 2003 λεκταε·

2505 2043 2638 2092 Οὔτε
2667 2070 2734 2079 —
2775 2038 2934 2093 ἔστιν.
2967 2045 3067 2098 Γῆν
3094 2043 3182 2111 μεν
3211 2039 3343 2111 λέγει
3359 2044 3476 2101 τοὺς
3503 2043 3764 2112 μαθητὰς,
3797 2045 3862 2104 ὡς
3886 2062 3999 2094 mat.

2430 2134 2668 2202 νομένους
2695 2135 2783 2181 καὶ
2815 2129 3190 2201 ὠφελουμένους
3214 2147 3226 2160 °
3252 2135 3473 2203 κοπρίαν
3515 2129 3594 2198 ὀὶ,
3626 2136 3747 2192 τοὺς
3771 2129 3806 2184 δ
3809 2129 3863 2184 ιδ
3866 2135 4003 2184 ansi-

2429 2218 2566 2280 λους,
2620 2222 2688 2280 ὡς
2718 2223 3018 2280 πιαίνοντας
3058 2224 3147 2271 καὶ
3198 2219 3535 2291 ὠφελοῦντας.
3591 2226 3752 2279 ⁴ι”ιισὶν
3805 2218 3904 2285 οὖν,
3935 2222 4001 2272 ὅτι

2431 2309 2548 2361 Ἐὰν
2581 2309 2606 2360 ὀ
2640 2305 3026 2370 δίδασκαλικὸς
3073 2308 3226 2379 λόγος
3258 2311 3571 2382 παραφθαρῇ
3609 2306 3832 2382 δόγμασι
3865 2329 4001 2365 πονη-

2430 2405 2557 2472 ροῖς,
2590 2401 2704 2449 οὔτε
2749 2397 2814 2458 εἰς
2847 2401 2960 2458 τοὺς
3011 2398 3359 2470 μανθάνοντας
3416 2400 3608 2460 εὔθετός
3653 2399 3802 2464 ἔστιν,
3856 2401 3998 2469 ἤγουν

2432 2490 2745 2558 εὔχρηστος,
2769 2490 2886 2538 οὔτε
2913 2486 2983 2548 εἰς
3011 2490 3126 2547 τοὺς
3156 2483 3538 2550 διδάσκοντας,

2501 2664 2638 2728 Ἐξο-
2669 2664 2953 2738 βοίλλουσιν
2985 2663 3130 2719 αὐτὸ.
3162 2663 3248 2727 Ὠς
3281 2663 3532 2738 ἀνωφελές.

2499 2842 2558 2896 Ὀ
2621 2846 2757 2916 ἔχων
2815 2874 2881 2884 -
2963 2842 3217 2900 ἀκουέτω.
3291 2851 3457 2897 Τοῦτο
3542 2843 3776 2905 πολλάκις
3843 2843 3998 2917 ἡρμη-

2429 2935 2607 2992 νεύθη.

2500 3023 2669 3075 Ἦσαν
2703 3019 2762 3075 δε
2793 3022 3082 3093 ἐγγίζοντες
3115 3053 3178 3062 —-
3206 3023 3400 3083 αὐτοῖς.
3431 3025 3533 3078 Καὶ
3563 3021 3612 3074 ἓν
3637 3031 3704 3094 τῷ
3748 3039 4002 3095 τεσσαρεσ-

2428 3109 2724 3182 καιδεκάτῳ
2752 3112 3004 3183 κεγαλαίῳ
3036 3121 3127 3164 τοῦ
3152 3114 3285 3163 κατὰ
3307 3115 3574 3166 Ματΰαίον
3610 3109 3745 3165 εἶπον
3782 3119 3885 3173 τοῖς
3923 3131 4002 3183 μα·

653 3199 710 3250 2.
735 3198 879 3254 illis.
917 3199 1104 3254 Etiam
1135 3198 1368 3254 decimo
1397 3205 1614 3270 quarto
1660 3199 1829 3268 juxta
1861 3201 2190 3255 Matthaaum
2228 3217 2317 3254 ca-

2433 3204 2616 3262 θηταῖς
2641 3202 2802 3253 αὑτοῦ
2845 3219 2857 3231 ·
2890 3206 3036 3253 Διατί
3068 3204 3196 3273 μετὰ
3226 3209 3326 3252 τῶν
3361 3209 3581 3254 τελωνῶν
3601 3206 3691 3254 καὶ
3717 3201 4003 3276 ἁμαρτωλῶν

657 3287 1062 3359 pitedixerunt
1082 3287 1393 3361 discipulis
1415 3288 1576 3357 ejus:
1609 3287 1943 3351 Ouarecum
1975 3291 2317 3357 publicanis

658 3381 712 3433 et
758 3378 1152 3444 peccatoribus
1182 3378 1374 3432 cibum
1405 3379 1555 3449 capit
1586 3378 1871 3447 magister
1899 3386 2080 3436 vester
2105 3382 2152 3416 ¹²
2181 3380 2210 3434 ‘t

733 3465 894 3522 Vers.
951 3472 1002 3524 3.
1052 3468 1209 3523 Dixit
1262 3497 1322 3508 —-
1352 3471 1512 3522 Vers.
1569 3471 1621 3522 4.
1656 3484 1805 3525 eam.
1855 3468 2196 3525 Parabolice
2245 3488 2315 3525 os

657 3555 770 3611 illis
798 3557 1078 3623 occludit,
1105 3557 1350 3620 docens,
1381 3556 1545 3626 quod
1580 3573 1698 3612 non
1731 3563 1974 3629 propter
1989 3559 2182 3626 justos
2214 3561 2318 3615 hu-

659 3645 1008 3701 manitatem
1024 3647 1375 3717 assumpsit,
1401 3646 1503 3700 sed
1525 3652 1762 3716 propter
1780 3655 2136 3716 peccatores.
2157 3650 2317 3705 Hanc

659 3739 861 3788 autem
916 3734 1266 3804 parabolam
1309 3734 1545 3806 scripsit
1576 3740 1632 3789 et
1678 3734 1980 3790 Mattheus
2021 3737 2318 3793 tricesimo

658 3827 873 3878 octavo
913 3823 1002 3877 sui
1050 3823 1346 3890 Evangelii
1378 3824 1593 3894 capite,
1628 3828 1684 3878 et
1715 3824 1796 3878 ibi
1827 3823 1955 3892 lege
1988 3825 2117 3896 ejus
2151 3842 2318 3882 enar-

657 3911 973 3976 rationem,
998 3928 1134 3984 qute
1184 3912 1428 3983 pulchre
1458 3912 1653 3982 posita
1680 3918 1788 3967 est.

732 4001 890 4053 Vers.
925 4005 976 4053 5.
1032 4001 1282 4072 Cumque
1339 4001 1625 4056 invenerit
1655 4033 1723 4040 —
1747 4002 2022 4072 gaudens.
2066 4004 2318 4062 Evidens

660 4087 902 4157 signum
935 4089 1265 4145 dilectionis
1287 4095 1375 4146 est
1399 4107 1468 4146 ac
1500 4091 1895 4162 providentiae,
1919 4109 2100 4165 quam
2132 4094 2317 4150 habe-

658 4177 756 4234 bat
782 4195 924 4250 erga
955 4196 1144 4250 genus
1169 4187 1462 4237 nostrum.

730 4269 901 4324 Vers.
934 4269 988 4324 6.
1025 4271 1099 4325 Et
1114 4271 1350 4328 veniens
1370 4287 1616 4342 -quam
1646 4271 2314 4339 perdideram.Domum

658 4357 784 4430 ejus
813 4359 1072 4430 intelligo
1098 4360 1312 4415 caelum
1350 4377 1362 4414 :
1397 4361 1510 4428 Qui
1541 4361 1796 4426 habitas,
1829 4363 2034 4434 inquit,
2067 4363 2130 4418 in
2161 4364 2316 4420 caelis

659 4449 728 4504 ¹².
781 4448 1020 4504 Amicos
1051 4454 1250 4504 autem
1290 4465 1360 4504 ac
1400 4451 1623 4505 vicinos
1653 4449 1796 4505 dicit
1847 4451 2090 4516 angelos
2124 4468 2135 4506 :
2173 4454 2316 4508 umi-

2433 3290 2596 3344 ἰσθίει
2619 3293 2645 3342 6
2678 3288 3002 3352 διδάσκαλος
3025 3293 3166 3363 ὑμῶν
3199 3309 3212 3356 ;

2436 3389 2579 3435 ΚΕΦ.
2641 3381 2754 3446 Νςλ
2822 3388 2943 3454 Περὶ
2999 3391 3096 3432 τῶν
3172 3382 3347 3434 ἑκατὸν
3405 3380 3678 3454 προϐάτων
3740 3381 4001 3456 παραϐολή.

2505 3469 2879 3523 Eius—«5'6
2935 3488 2948 3535 ;
3006 3470 3370 3542 Παραϐολικῶς
3433 3471 3620 3530 αὐτοὺς
3685 3470 4004 3544 ἐπιστομίζει,

2432 3557 2727 3626 διδάσκων,
2762 3563 2841 3612 ὃτι
2883 3559 3297 3633 ἐνηνθρωπησεν,
3349 3560 3408 3612 οὐ
3463 3556 3557 3612 διὰ
3607 3565 3726 3622 τοὺς
3776 3559 4004 3622 δικαίους,

2432 3650 2558 3701 ἀλλὰ
2598 3646 2691 3702 διὰ
2716 3654 2835 3710 τοὺς
2867 3650 3223 3724 ἁμαρτωλούς.
3251 3652 3456 3706 Ταύτην
3492 3646 3550 3702 δε
3611 3655 3708 3708 τὴν
3739 3651 4008 3726 παραϐολὴν

2432 3738 2689 3813 ἀνέγραψε
2717 3743 2806 3790 καὶ
2828 3741 2853 3790 6
2885 3740 3150 3800 Ματθαίος
3173 3738 3220 3790 ἕν
3261 3747 3332 3808 τῷ
3359 3748 3651 3811 τριακοστῷ
3685 3738 3860 3813 ὀγδόῳ
3879 3761 4008 3812 κεφα-

2429 3828 2557 3899 λαίῳ
2579 3829 2760 3892 αὐτοῦ,
2793 3835 2881 3880 καὶ
2908 3827 3172 3900 ause-7mm
3197 3833 3290 3887 τὴν
3321 3826 3571 3900 ἇξήγησιν
3603 3828 3835 3893 αὐτῆςὲν
3865 3829 4011 3901 ὶκείνῳ

2431 3914 2484 3970 εὖ
2518 3921 2767 3988 ἔχουσαν.

2503 4012 2604 4060 Καὶ
2635 4006 2791 4078 εὑρὼν
2835 4037 2895 4046 —-
2927 4012 3150 4078 χαίρων.
3185 4007 3520 4079 Ἐμφαντικόν
3558 4014 3715 4059 τοῦτο
3766 4017 3860 4071 τῆς
3903 4007 4015 4080 ἀγοί-

2428 4113 2531 4156 πης
2560 4099 2650 4146 καὶ
2669 4091 3000 4167 κηδεμονίας,
3036 4095 3096 4154 ἣν
3126 4098 3238 4168 ἔχει
3260 4101 3376 4169 περὶ
3398 4099 3455 4147 τὸ
3480 4100 3626 4168 γένος
3654 4097 3822 4170 ἡμῶν.

2501 4278 2602 4325 Καὶ
2627 4271 2784 4325 ἄλθὼν
2816 4304 2880 4314 -
2911 4273 3198 4336 ἀπολωλός,
3245 4271 3401 4326 Οἷκον
3458 4277 3549 4346 μὶν
3603 4273 3767 4327 αὐτοῦ
3814 4279 3914 4328 νόει
3941 4276 4014 4325 τὸν

2426 4363 2640 4431 οὐρανόν
2673 4380 2686 4393 ·
2718 4362 2776 4414 Ὀ
2807 4372 3056 4416 κατοικῶν
3085 4367 3203 4438 γὰρ,
3238 4369 3420 4436 φησὶν,
3450 4362 3498 4415 ἐν
3525 4363 3762 4438 οὐρανοῖς
3810 4403 3823 4416 .
3862 4364 4016 4438 φίλους

2428 4449 2487 4506 δε
2516 4458 2605 4504 καὶ
2634 4458 2885 4524 γείτονας,
2918 4457 3034 4514 τοὺς
3055 4452 3322 4523 ἀγγέλους,
3362 4453 3543 4514 Φίλους
3566 4456 3678 4526 μὲν,
3731 4459 3801 4518 ὡς
3829 4455 4015 4527 φιλοῦν-

657 4553 780 4603 cos,
828 4543 1118 4611 tanquam
1151 4554 1223 4594 ea
1263 4539 1593 4608 diligentes,
1631 4556 1767 4610 quae
1799 4540 1891 4594 ille
1909 4540 2138 4609 diligit;
2170 4541 2316 4596 vici-

2430 4563 2537 4611 τας,
2570 4542 2604 4594 ἃ
2632 4543 2765 4614 φιλεῖ
2797 4560 2808 4571 ·
2836 4547 3065 4613 ’γείτονας
3095 4539 3154 4595 δὲ
3176 4546 3244 4604 ὡς
3284 4541 3435 4614 ἔγγὺς
3461 4547 3611 4604 ὄντας
3641 4543 3829 4596 αὐτοῦ.
3853 4545 4015 4598 Ταῦτα

658 4641 768 4682 nos
785 4627 1172 4699 tanquamilli
1199 4627 1598 4699 propinquos.
1630 4631 1760 4684 Haec
1787 4635 1987 4684 autem
2014 4645 2116 4700 per
2137 4645 2317 4700 para-

656 4716 861 4773 bolam
902 4734 1062 4774 nunc
1091 4718 1406 4789 signiﬁcat,
1438 4719 1780 4785 ostendens,
1814 4721 1972 4792 quod
2013 4721 2072 4776 in
2101 4721 2200 4778 tali
2231 4722 2314 4778 in-

657 4808 935 4864 ventione
954 4809 1131 4864 etiam
1156 4809 1348 4878 angeli
1374 4809 1471 4864 Dei
1494 4810 1898 4882 congaudent,
1921 4817 2121 4883 utpote
2135 4819 2189 4867 et
2209 4812 2315 4884 ipsi

656 4894 902 4965 benigni
931 4911 1075 4966 erga
1099 4897 1373 4953 homines

730 4986 896 5040 Vers.
929 4991 983 5040 7.
1033 4987 1170 5043 Dico
1197 5019 1264 5028 —
1289 4989 1641 5059 paenitentia.
1672 5019 1738 5030 —-
1777 4990 1862 5045 ita
1894 5005 1908 5056 ;
1950 4988 2258 5062 quomodo
2287 4987 2317 5044 ?

660 5074 820 5131 Sicut
873 5075 1068 5132 docuit
1115 5077 1430 5148 parabole.
1467 5078 1728 5133 Perditur
1782 5078 1984 5150 itaque
2012 5079 2318 5135 rationalis

657 5164 807 5231 ovis,
839 5181 977 5221 cum
1010 5181 1047 5222 a
1069 5165 1279 5222 divinis
1311 5166 1619 5238 praeceptis
1644 5166 1821 5238 longe
1853 5173 2200 5239 separatur:
2234 5167 2317 5222 in-

655 5254 892 5311 venitur
915 5259 1135 5323 autem,
1168 5270 1307 5311 cum
1339 5271 1444 5328 per
1468 5257 1879 5328 paenitentiam
1909 5257 2219 5328 resipiscit,
2259 5262 2318 5313 et

739 5437 782 5474 “
816 5438 991 5494 Marc.
1027 5451 1108 5506 ιι,
1137 5434 1225 5493 50.
1293 5437 1340 5474 ¹²
1366 5435 1572 5494 Matth.
1600 5453 1678 5500 Ix,
1710 5437 1800 5492 11.
1881 5436 1930 5474 η
1960 5436 2113 5494 Psal.
2144 5438 2205 5503 li,
2229 5439 2286 5493 4.

2427 4629 2486 4684 δι
2508 4639 2596 4682 νὺν
2624 4630 2983 4703 ἓσχημάτισεν
3024 4633 3052 4689 ἡ
3089 4631 3378 4704 παραϐολὴ,
3423 4630 3770 4704 ὶμφαίνουσα,
3823 4634 3900 4685 ὅτι
3945 4633 4014 4682 ἐπὶ

2425 4727 2486 4792 τῇ
2519 4722 2732 4793 τοιαύτῃ
2767 4722 2962 4793 εὑρέσει
2985 4726 3074 4774 καὶ
3100 4723 3149 4774 οἱ
3173 4720 3385 4794 ἄγγελοι
3405 4726 3775 4796 συγχαίρουσι
3800 4731 3872 4795 τῷ
3895 4727 4013 4791 Θεῷ,

2425 4810 2490 4870 ὡς
2508 4813 2596 4861 καὶ
2625 4809 2774 4862 αὐτοὶ
2802 4809 3171 4885 φιλάνθρωποι.

2502 4992 2652 5060 Λέγω
2678 5020 2746 5030 -
2788 4991 3078 5060 μετανοίας,
3138 5019 3204 5028 -
3236 4988 3411 5057 Οὕτω,
3442 4996 3548 5050 πῶς
3585 5005 3598 5056 ;
3626 4986 3718 5052 Ὠς
3770 4985 4014 5050 ὑπέδειξεν

2427 5080 2457 5138 ἡ
2487 5077 2770 5152 παραϐολή.
2825 5077 3132 5130 Ἀπόλλυται
3187 5080 3277 5150 μὶν
3331 5075 3419 5130 οὖν
3473 5083 3530 5131 τὸ
3579 5079 3792 5151 λογικὸν
3839 5075 4014 5152 προϐα-

2427 5187 2532 5233 τον,
2555 5167 2727 5242 πόρῥω
2765 5174 2864 5218 τῶν
2913 5164 3121 5218 ἐντολῶν
3173 5174 3266 5218 τοῦ
3334 5174 3472 5220 Θεοῦ
3517 5172 3786 5241 ⁹γινομενον
3844 5184 3856 5196 ·
3902 5167 4013 5239 ripi-

2430 5275 2608 5310 σκεται
2654 5252 2734 5320 δε,
2793 5251 3070 5329 μετανοοῦν
3122 5260 3211 5308 καὶ
3263 5257 3400 5318 ἐντὸς
3438 5256 3606 5309 αὐτῶν
3673 5254 4012 5310 ἀποκαθιστά·

1883 5614 2100 5685 Variae
2140 5614 2465 5684 lectiones
2497 5624 2564 5683 et
2591 5625 2796 5682 notae.

735 5809 858 5886 (7i)
878 5807 1115 5867 Inclusa
1145 5807 1394 5878 absunt,
1425 5810 1473 5866 Α
1505 5823 1522 5881 ;
1553 5808 1900 5868 exciderunt
1961 5809 2042 5868 ob
2080 5808 2300 5885 duplex
2327 5812 2590 5887 μαθητής.
