4210 6444
265 379 397 440 1021

1323 381 1694 441 COMMENT.
1733 383 1806 440 IN
1845 382 2107 444 LUCAM.
2156 419 2225 429 —
2260 389 2416 446 CAP.
2457 392 2565 448 XV.

3493 374 3637 448 toez

263 529 428 584 μενον.
459 507 587 566 Εἶτα
626 518 717 568 καὶ
747 511 821 568 δι’
847 512 1023 586 ὖτέρας
1050 509 1352 588 παραϐολῆς
1379 514 1474 570 τήν
1505 508 1590 564 ἰπὶ
1623 517 1686 584 τῇ
1716 509 1856 586 εὗρέ-

1984 513 2033 569 iu
2071 514 2183 571 illis
2208 517 2535 588 reponitur,
2576 519 2794 575 Deinde
2833 519 3080 576 alteram
3111 535 3347 593 quoque
3377 519 3630 576 adducit

268 621 346 654 σει
377 609 467 655 τοῦ
496 601 815 669 ἀπολωλότος
839 606 1015 680 χαρὰν
1053 607 1397 676 παρίστησιν.

337 800 405 855 Ἥ
432 807 510 864 τίς
558 834 622 844 —-
677 800 936 856 ἀπώλεσα.
998 800 1198 877 Ὠσπερ
1252 804 1281 862 ἠ
1334 806 1462 873 γυνὴ
1511 807 1652 854 ποιεῖ
1685 803 1747 854 τὰ
1771 802 1865 876 ῥη-

271 893 419 944 Θέντα
447 910 457 921 ⁸
490 893 624 944 οὕτω
653 897 742 944 καὶ
786 894 814 950 ἠ
850 892 1211 964 φιλανθρωπία
1270 900 1362 943 τού
1415 894 1538 944 Υὶοῦ
1586 898 1676 943 τοῦ
1731 898 1865 943 Θεοῦ

266 985 517 1039 πεποίηκε
548 981 677 1053 (7'2).
733 988 985 1054 Δραχμῆς
1038 983 1140 1055 γὰρ
1185 987 1306 1053 μιᾶς
1355 979 1696 1040 ἀπολωλυίας,
1754 984 1866 1039 ἦτοι

266 1077 359 1132 τῆς
388 1069 707 1142 ἀνθρωπίνης
754 1075 953 1143 φύσεως
983 1069 1030 1122 ἐν
1059 1079 1130 1140 τῷ
1161 1071 1579 1141 καταχωσθῆναι
1633 1077 1738 1130 τοῖς
1767 1071 1868 1121 πά-

269 1161 428 1222 θεσιν,
455 1159 558 1230 ἧψε
607 1159 818 1231 λύχνον,
849 1163 1134 1221 τουτέστιν,
1192 1157 1429 1232 ἀνέφηνεν
1461 1159 1511 1212 ἐν
1566 1167 1638 1211 τῶ
1683 1163 1866 1230 κόσμῳ

265 1252 359 1306 τὴν
391 1248 576 1300 ἑαυτου
605 1251 792 1320 σάρκα,
834 1251 968 1300 κατά
997 1251 1082 1300 τόν
1115 1248 1226 1320 (‘73)
1269 1247 1520 1320 Θεολόγον
1557 1253 1865 1320 Γρηγόριον,

265 1336 574 1410 λάμπουσαν
615 1337 674 1390 οὗ
731 1341 884 1410 μόνον
912 1345 972 1410 τῇ
1007 1335 1250 1410 ἀστραπῇ
1295 1346 1389 1400 τῆς
1450 1339 1709 1402 θεότητος,
1743 1335 1871 1387 ἀλλὰ

267 1432 356 1479 καὶ
385 1434 457 1497 τῷ
518 1430 692 1498 φέγγει
748 1433 844 1488 τῆς
895 1427 1263 1498 καθαρότητος,
1303 1432 1392 1479 καὶ
1449 1432 1869 1498 φωταγωγούσαν

267 1519 390 1578 τοὺς
428 1515 822 1589 ἐσκοτισμένους
853 1523 913 1588 τῇ
975 1515 1162 1588 πλάνῃ,
1232 1520 1320 1568 καὶ
1373 1514 1606 1590 ἔσάρωσε
1661 1520 1754 1574 τὴν
1796 1516 1871 1567 οἱ-

271 1609 404 1669 κίαν,
464 1608 624 1676 ἤγουν
682 1603 902 1679 ἐκάθηρε
950 1608 1008 1657 τὸ
1057 1604 1359 1677 οἰκητήριον
1415 1613 1513 1657 τῶν
1568 1603 1867 1680 ἀνθρώπων,

267 1693 398 1765 λέγω
430 1690 498 1752 δὴ
529 1697 618 1746 τόν
655 1699 875 1765 κόσμον,
926 1693 975 1746 ἔν
1028 1703 1099 1765 τῷ
1157 1693 1415 1746 ἀπελάσαι
1463 1697 1520 1746 τὸ
1578 1713 1870 1766 κατακεχυο

267 1787 416 1855 μένον
447 1783 606 1836 αὐτοῦ
666 1789 852 1844 σκότος
878 1790 974 1846 τῆς
1013 1783 1294 1857 ἁμαρτίας,
1344 1789 1433 1836 καὶ
1471 1782 1758 1858 ἐκφορῆσαι
1785 1787 1870 1835 τόν

1971 605 2325 676 parabolam
2345 607 2418 662 de
2431 609 2671 678 gaudio,
2698 610 2861 683 quod
2875 611 2948 665 de
2962 610 3108 681 ejus,
3131 610 3232 683 qui
3252 609 3523 681 perierat,
3544 610 3627 664 in-

1971 695 2250 750 ventione
2286 699 2572 754 exoritur.

2043 785 2203 838 Vers.
2253 786 2310 841 8.
2350 789 2472 842 Aut
2500 804 2631 859 quae
2662 821 2712 830 —
2751 790 2908 845 Vers.
2942 795 2994 846 9.
3023 789 3425 858 perdideram.
3461 789 3621 845 Sicut

1975 875 2254 944 praedicta
2281 876 2419 932 tacut
2450 877 2677 946 mulier,
2710 880 2790 934 ita
2817 879 2948 935 fecit
2973 886 3027 934 et
3057 879 3176 934 Filii
3223 879 3316 934 Dei
3350 877 3632 933 humani-

1975 967 2086 1033 tas,
2105 964 2229 1020 sive
2245 966 2600 1036 benignitas.
2618 969 2865 1024 Perdidit
2881 971 3039 1025 enim
3057 968 3401 1024 drachmam
3431 983 3628 1032 unam,

1975 1059 2139 1124 puta,
2160 1053 2491 1112 humanam
2517 1063 2813 1124 naturam,
2839 1074 2974 1113 cum
2989 1057 3400 1114 atlectionibus
3415 1057 3632 1113 obruta

1976 1148 2150 1198 esset.
2205 1145 2488 1202 Accendit
2543 1147 2853 1203 lucernam
2905 1165 2918 1203 :
2961 1147 3075 1202 hoc
3113 1152 3217 1212 est,
3270 1146 3527 1201 ostendit
3571 1146 3632 1201 in

1977 1233 2206 1288 mundo
2224 1249 2399 1290 suam
2422 1251 2685 1302 carnem,
2697 1236 2869 1307 juxta
2883 1236 3226 1306 Gregorium
3249 1234 3629 1305 Theologum,

1979 1321 2392 1394 splendentem
2418 1340 2539 1380 non
2575 1325 2770 1382 solum
2801 1325 3034 1395 fulgure
3058 1324 3402 1391 divinitatis,
3429 1339 3631 1380 verum

1977 1411 2156 1467 etiam
2182 1411 2407 1469 lumine
2457 1415 2750 1486 puritatis,
2793 1421 2849 1469 et
2899 1413 3334 1470 illuminantem
3397 1428 3498 1468 eos
3531 1411 3635 1485 qui

1980 1516 2176 1556 errore
2202 1502 2574 1558 obtenehrati
2607 1509 2796 1560 erant.
2825 1504 3011 1560 Verrit
3036 1504 3308 1567 domum,
3345 1503 3468 1557 sive
3500 1517 3637 1573 pur-

1980 1593 2136 1660 gavit
2160 1591 2474 1648 hominum
2492 1593 2925 1656 habitaculum,
2950 1599 3097 1666 puta
3128 1590 3452 1656 mundum,
3496 1605 3636 1646 cum

1979 1680 2232 1737 diffusas
2255 1681 2314 1737 in
2345 1697 2415 1737 eo
2437 1684 2664 1755 peccati
2697 1683 2971 1739 tenebras
3001 1681 3216 1752 abegit.
3246 1681 3634 1752 jacentesque

1983 1771 2367 1828 atfectionum
2385 1772 2822 1828 sordesextulit.
2853 1775 2916 1826 Et
2957 1770 3274 1843 quaerendo
3293 1769 3630 1840 diligenter,

267 1870 581 1944 ἐπικείμενον
605 1874 769 1947 ῥύπον
819 1881 919 1924 τῶν
949 1874 1148 1937 παθῶν,
1181 1879 1271 1926 καὶ
1321 1873 1560 1935 ζητήσας
1622 1872 1866 1945 ἐπιμελῶς

1984 1861 2407 1918 circumeundo
2436 1863 2701 1918 civitates
2727 1878 2797 1917 ac
2834 1861 3017 1918 vicos.
3047 1866 3106 1916 et
3149 1859 3439 1916 mittendo
3465 1858 3639 1913 disci-

267 1960 315 2013 ἓν
341 1970 413 2033 τῷ
439 1964 815 2036 περιέρχεσθαι
861 1963 953 2024 τὰς
984 1962 1156 2024 πόλεις
1197 1966 1288 2014 καὶ
1342 1967 1540 2034 κώμας,
1580 1967 1669 2014 καὶ
1709 1961 1870 2014 ἀποσ-

267 2051 454 2103 τέλλειν
482 2054 600 2110 τούς
639 2052 880 2123 μαθητὰς
935 2051 1005 2112 εἰς
1053 2055 1139 2102 τόν
1177 2055 1372 2122 κόσμον
1398 2050 1621 2117 ἅπαντα,
1672 2052 1784 2124 εὗρε
1812 2054 1869 2103 τό

270 2137 604 2210 ζητούμενον,
638 2144 726 2191 καὶ
783 2139 1158 2191 συνεκαλέσατο
1194 2142 1283 2200 τὰς
1312 2139 1463 2212 φίλας
1498 2147 1588 2193 καὶ
1638 2145 1873 2212 γείτονας

267 2225 624 2301 λειτουργικας
681 2231 953 2300 στρατιὰς,
1009 2227 1077 2289 εἰς
1128 2234 1395 2280 κοινωνίαν
1456 2237 1552 2290 τῆς
1625 2232 1872 2292 τοιαύτης

270 2321 466 2388 χαρᾶς.

345 2405 522 2465 Ούτως
550 2437 620 2446 -
648 2413 1004 2478 μετανοοῦντι.
1057 2407 1132 2460 Oti
1184 2412 1336 2478 μόνον
1373 2407 1455 2461 ἐπὶ
1485 2407 1709 2474 πολλοῖς,
1746 2407 1874 2461 ἄλλα

269 2498 359 2546 καὶ
412 2494 496 2546 ἐπι
529 2494 618 2547 ἐνί.
659 2502 824 2547 Τοῦτο
857 2492 916 2548 δε
970 2493 1234 2559 ἀπόδειξις
1258 2505 1350 2549 τοῦ
1388 2501 1474 2549 τόν
1506 2501 1634 2551 Θεὸν
1666 2494 1873 2570 σφόδρα

272 2579 434 2654 διψᾲν
463 2589 556 2642 τὴν
585 2587 858 2656 μετάνοιαν
891 2585 1115 2638 ἑκάστου
1157 2586 1484 2659 ἁμαρτωλοῦ.
1518 2591 1773 2661 Δραχμάς
1812 2585 1870 2640 δὲ

269 2675 335 2724 τὰ
358 2675 603 2744 τάγματα
625 2674 906 2746 ὠνόμασεν,
937 2669 1006 2736 ὥς
1031 2678 1223 2747 ἔχοντα
1246 2685 1568 2750 χαρακτῆρα
1593 2681 1681 2729 καὶ
1710 2680 1870 2750 ἔμφα-

272 2781 354 2814 σιν
375 2769 466 2815 τοῡ
499 2761 758 2835 βασιλέως
794 2768 943 2817 Θεοῦ.

338 2943 484 3003 Τινὶς
507 2944 596 3014 μεν
627 2937 714 2994 οὖν
769 2942 948 2995 ἑκατόν
987 2940 1116 2996 εἶναι
1163 2946 1229 2996 τὰ
1279 2945 1450 2996 πάντα
1494 2947 1737 3017 τάγματα
1787 2964 1866 2998 νε·

267 3034 511 3096 νοήκασι,
567 3039 629 3102 τῇ
695 3031 964 3104 παραϐολῇ
998 3041 1096 3084 τῶν
1149 3032 1328 3085 ἑκατόν
1366 3033 1640 3104 προϐάτων
1672 3032 1867 3107 ἐπερει-

269 3115 498 3190 δόμενοι,
551 3122 696 3182 Τινὲς
745 3117 803 3172 δὲ
843 3125 936 3179 τὴν
996 3120 1168 3196 ἑτέραν
1234 3121 1533 3194 παραϐολὴν
1583 3131 1683 3174 τῶν
1743 3119 1872 3174 δέκα

1983 1950 2158 2023 pulos
2177 1951 2234 2005 in
2255 1951 2548 2006 mundum
2573 1951 2933 2013 universum,
2953 1947 3193 2014 invenit,
3215 1949 3380 2021 quod
3407 1961 3638 2020 qurere-

1982 2040 2088 2095 bat
2127 2057 2142 2096 :
2183 2045 2241 2096 et
2264 2041 2616 2096 convocavit
2645 2039 2874 2095 amicas
2889 2055 2959 2095 ac
2983 2039 3223 2104 vicinas,
3257 2042 3420 2110 puta,
3451 2035 3637 2092 admi-

1981 2130 2356 2185 nistratorios
2374 2128 2686 2199 exercitus,
2705 2129 2782 2184 ad
2814 2126 3294 2184 communionem
3318 2127 3634 2200 h'ijusmo-

1981 2219 2041 2276 di
2059 2220 2282 2292 gaudii.

2051 2401 2210 2454 Vers.
2244 2401 2326 2453 tO.
2359 2398 2454 2454 Ita
2484 2428 2553 2439 —
2603 2397 2992 2466 resipiscente.
3032 2394 3329 2452 Gaudium
3379 2393 3486 2450 erit
3513 2409 3637 2450 non

1979 2488 2174 2544 solum
2197 2503 2376 2559 super
2390 2487 2604 2555 multis,
2633 2488 2732 2542 sed
2766 2489 2944 2542 etiam
2973 2501 3155 2557 super
3177 2499 3316 2540 uno.
3345 2483 3404 2539 ld
3428 2489 3628 2540 autem

1977 2578 2250 2644 ostendit,
2285 2577 2470 2633 Deum
2511 2577 2890 2632 vehementer
2941 2576 3092 2631 sitire
3124 2574 3386 2646 cujusvis
3430 2589 3634 2643 pecca-

1977 2667 2118 2724 toris
2139 2668 2571 2740 pmnitentiam.
2597 2668 2920 2722 Drachmas
2945 2671 3146 2721 autem
3179 2662 3632 2720 nominavitor-

1975 2757 2170 2823 dines,
2217 2763 2418 2829 utpote
2452 2758 2550 2813 Dei
2579 2756 2734 2828 regis
2783 2756 3190 2812 characterem
3231 2752 3519 2810 habentes
3559 2767 3627 2808 ac

1974 2845 2326 2919 imaginem.

2049 2937 2299 3001 Quidam
2321 2935 2523 3009 itaque
2536 2941 2776 2992 centum
2797 2951 2928 2991 esse
2942 2949 3142 2990 omnes
3159 2931 3399 2989 ordines
3421 2945 3628 2986 sense-

1976 3033 2131 3092 runt,
2167 3027 2243 3082 ad
2295 3026 2645 3098 parabolam
2687 3031 2922 3082 centum
2963 3024 3172 3080 ovium
3217 3022 3629 3080 attendentes:

1976 3115 2223 3186 quidam
2242 3131 2382 3171 vero
2415 3117 2660 3170 alteram
2689 3115 2896 3170 decem
2927 3113 3356 3169 drachmarum
3376 3109 3633 3184 parabo-

269 3203 529 3282 δραχμῶν
573 3208 645 3270 εἰς
694 3215 1004 3282 συνηγορίαν
1083 3209 1445 3282 λαμϐάνοντες,
1517 3207 1645 3263 δέκα
1702 3213 1866 3263 ταῦτά

1984 3205 2180 3260 lamin
2205 3205 2601 3276 patrocinium
2625 3202 3233 3268 assumentes,decem
3249 3202 3360 3256 hos
3380 3215 3512 3256 esse
3543 3200 3631 3255 die

270 3315 446 3368 φασιν.
502 3296 678 3351 Ἐννέα
726 3302 816 3370 μὲν
864 3301 930 3350 τὰ
989 3299 1224 3373 ούράνία,
1283 3301 1418 3350 κατά
1464 3303 1550 3351 τόν
1609 3300 1862 3374 Ἀρεοπα-

265 3389 420 3456 γίτην
469 3389 756 3450 Διονύσιον,
825 3393 1069 3460 Θρόνους,
1127 3388 1403 3459 Χερουᾶμ,
1463 3396 1707 3464 Σεραφιμ,
1758 3395 1866 3441 Κν-

266 3479 534 3548 ρίοτητας,
561 3478 825 3548 Δυνάμεις,
852 3477 1145 3541 Ἐξουσίας,
1205 3478 1424 3552 Ἀρχὰς,
1455 3477 1866 3550 Ἀρχαγγελους,

267 3563 548 3636 Ἀγγελους
588 3580 601 3595 ⁶
647 3561 863 3618 δέκατον
915 3563 993 3632 δε,
1075 3570 1134 3620 τό
1191 3565 1432 3638 ἐπίγειον,
1496 3571 1617 3630 τοὺς
1679 3566 1872 3642 ανθρώ-

274 3671 418 3715 πους.

338 3747 469 3812 Ἐγὼ
507 3739 564 3796 δε
589 3741 736 3816 οἶμαι
774 3749 862 3797 καὶ
910 3748 975 3796 τὰ
1023 3744 1202 3797 ἑκατόν
1250 3749 1340 3797 καὶ
1387 3748 1452 3798 τὰ
1481 3742 1628 3811 δέκα,
1671 3750 1741 3818 μὴ
1778 3765 1870 3803 ση-

265 3837 463 3904 μαίνειν
500 3829 755 3906 διαφορὰς
781 3835 1015 3906 ἀριθμῶν
1047 3836 1094 3886 έν
1125 3843 1238 3897 ταῖς
1285 3834 1604 3907 παραϐολαῖς
1633 3838 1864 3895 ταύταις,

264 3920 374 3972 ἀλλ’
426 3922 456 3982 ἣ
487 3927 639 3994 μόνον
687 3921 884 3984 πλῆθος
914 3925 1191 3995 ταγμάτων
1240 3923 1445 3978 τέλειον.
1502 3925 1704 3985 Πλῆθος
1764 3927 1864 3999 γὰρ

263 4010 450 4063 τέλειον
473 4017 565 4063 καὶ
595 4013 620 4063 ό
653 4011 765 4084 (74)
798 4012 973 4065 ἑκατόν
998 4018 1087 4064 καὶ
1115 4015 1140 4065 ὀ
1173 4009 1320 4068 δέκα.
1361 4013 1565 4076 Πλῆθος
1596 4011 1655 4066 δὲ
1683 4014 1866 4066 τέλειον

264 4103 322 4152 τό
353 4108 452 4152 τῶν
487 4102 764 4172 ταγμάτων
794 4104 988 4153 τούτων
1013 4101 1243 4174 λέγομεν,
1269 4098 1411 4154 διότι
1441 4111 1674 4155 τοσαῦτα
1702 4111 1868 4154 ταῦτα

268 4188 415 4251 εἰσιν,
447 4190 546 4241 ὅσα
585 4186 712 4241 εἶναι
735 4186 839 4242 ἔδει
872 4230 884 4242 .
917 4190 1070 4243 Ἀλλὰ
1096 4200 1198 4252 πῶς
1253 4187 1406 4257 εἶπεν,
1459 4194 1538 4244 ὅτι
1584 4193 1742 4264 Εὗρον
1774 4197 1866 4250 τὴν

269 4273 521 4348 δραχμὴν
577 4277 637 4335 ἣν
670 4277 913 4331 ἀπώλεσα
941 4299 953 4345 ;
985 4281 1042 4331 ού
1083 4287 1182 4332 πᾶν
1219 4283 1317 4355 γαρ
1349 4284 1404 4333 τὸ
1451 4286 1596 4352 γένος
1626 4288 1868 4352 μετενόη-

270 4385 344 4417 σε.
388 4370 556 4436 Φαμεν
587 4371 776 4428 τοίνυν,
811 4369 890 4419 ὅτι
920 4366 1099 4428 ἐπειδὴ
1132 4375 1222 4422 καὶ
1249 4375 1366 4434 πᾶν,
1399 4371 1518 4421 ὅσον
1577 4371 1707 4443 εὗρε,
1740 4367 1862 4442 δρα-

267 4458 384 4525 χμὴ
419 4451 480 4511 ἦν
537 4452 849 4518 ἁπολωλυία,
882 4457 1086 4520 εἰκότως
1131 4464 1220 4511 καὶ
1266 4466 1418 4510 τοῦτο
1455 4455 1708 4532 δραχμὴν
1737 4459 1864 4510 ἁπο-

266 4539 488 4594 λωλυῖαν
517 4542 772 4616 ὠνόμασε.

377 4638 521 4686 ΚΕΦ.
554 4632 675 4688 ΝΖ’.
708 4640 830 4710 Περὶ
877 4643 969 4688 τοῦ
1000 4633 1442 4709 ἀποδημήσαντος
1467 4637 1538 4701 εἰς
1577 4644 1760 4711 χώραν

951 4728 1176 4799 μακράν.

335 4807 458 4865 Εἶπε
513 4844 579 4854 -
624 4813 829 4875 ούσίας.
901 4820 1001 4868 Καὶ
1058 4815 1214 4874 ἄλλην
1263 4816 1458 4888 εἰσάγει
1544 4817 1863 4890 πολυωφελε-

262 4903 460 4959 στάτην
484 4901 808 4976 παραϐολὴν,
837 4903 1223 4976 ύποφαίνονσαν
1271 4910 1364 4964 τήν
1416 4926 1470 4959 τε
1523 4904 1744 4979 δύναμιν
1776 4916 1864 4969 τῆς

261 4996 532 5062 μετανοίας
583 5001 684 5044 τῶν
747 4992 1081 5064 ἁμαρτωλῶν,
1133 5001 1222 5048 καὶ
1274 4999 1331 5048 τό
1391 4999 1606 5068 μέγεθος
1654 5004 1743 5057 τῆς
1787 5018 1862 5069 φι-

257 5079 588 5152 λανθρωπίας
617 5089 707 5133 τοῦ
739 5089 873 5135 Θεον
921 5100 933 5111 ·
964 5085 1052 5136 κάὶ
1107 5081 1201 5136 διὰ
1239 5088 1434 5148 ταύτης
1479 5086 1544 5146 εἰς
1591 5089 1862 5158 μετάνοιαν

257 5173 607 5244 προτρέπεται
686 5174 804 5232 τοὺς
896 5170 944 5223 ἐν
1045 5173 1326 5246 ἁμαρτίαις
1363 5194 1376 5207 ·
1419 5176 1688 5250 ἄνθρωπον
1772 5180 1861 5248 μὲν

255 5261 662 5333 προσαγορεύων
703 5263 791 5313 τόν
858 5261 1212 5337 φιλάνθρωπον
1285 5267 1489 5341 Πατέρα
1543 5268 1632 5316 καὶ
1689 5269 1854 5318 Θεὸν·

1980 3299 2123 3349 cunt
2155 3313 2168 3349 :
2197 3309 2412 3349 novem
2441 3294 2680 3366 quidem
2718 3292 3005 3355 cmlestes,
3046 3291 3218 3361 juxta
3253 3289 3626 3361 Diomysium

1980 3383 2395 3454 Areopagitam
2420 3402 2432 3441 :
2459 3384 2750 3447 Throuos,
2779 3379 3120 3446 Cherubim,
3157 3378 3486 3449 Seraphim,
3519 3379 3626 3433 Do-

1980 3472 2356 3538 minationes,
2398 3473 2738 3536 Potestates,
2773 3470 3047 3534 Virtutes,
3094 3467 3478 3539 i’riucipatus,
3522 3468 3628 3521 Ar-

1979 3561 2304 3632 changelos
2340 3565 2399 3617 et
2427 3561 2686 3632 Angelos
2718 3577 2732 3628 ;
2764 3560 3070 3616 decimum
3111 3573 3248 3613 vero
3299 3562 3627 3612 terrenum.

1977 3658 2138 3724 puta,
2168 3651 2462 3707 homines.

2051 3745 2171 3811 Ego
2217 3758 2352 3799 vero
2381 3743 2596 3814 Opinor
2625 3746 2681 3796 et
2709 3745 2945 3796 centum
2977 3743 3035 3795 et
3063 3739 3270 3795 decem
3304 3737 3363 3793 in
3394 3737 3487 3792 his
3519 3751 3626 3808 pa-

1977 3831 2198 3888 rabolis
2221 3848 2340 3888 non
2361 3831 2693 3903 signiﬁcare
2717 3846 3100 3887 numerorum
3123 3826 3510 3890 diversitates,
3521 3825 3628 3882 sed

1975 3927 2208 3978 tantum
2225 3922 2663 3978 multitudinem
2681 3921 2960 3978 ordinum
2979 3919 3336 3992 perfectam:
3367 3915 3629 3972 estenim

1976 4011 2234 4082 perfecta
2251 4011 2570 4067 multitudo
2591 4015 2649 4066 et
2669 4017 2908 4066 centum
2936 4017 2992 4065 et
3010 4010 3216 4064 decem
3245 4024 3260 4074 ;
3298 4005 3628 4062 multitudi-

1972 4117 2114 4156 nem
2141 4107 2341 4156 autem
2372 4101 2648 4156 ordinum
2674 4100 2999 4172 perfectam
3023 4114 3154 4153 esse
3181 4097 3458 4159 dicimus,
3486 4093 3626 4166 quia

1977 4196 2060 4245 tot
2088 4197 2225 4244 sunt
2257 4196 2403 4262 quot
2432 4206 2560 4246 esse
2602 4189 2884 4260 oportuit.
2947 4187 3059 4244 Sed
3097 4183 3408 4257 quomodo
3446 4181 3624 4237 dixit:

1981 4280 2185 4335 Inveni
2195 4280 2560 4343 drachmam,
2578 4295 2746 4350 quam
2765 4277 3166 4347 perdideram,
3180 4290 3311 4330 cum
3326 4288 3441 4327 non
3454 4285 3626 4326 omne

1973 4384 2160 4438 genus
2191 4369 2494 4438 resipuerit
2521 4373 2546 4418 ?
2582 4369 2860 4434 Dicimus,
2888 4365 3050 4438 quod
3083 4367 3624 4436 quantumcunque

1975 4457 2098 4520 fuit,
2139 4458 2297 4528 quod
2338 4457 2581 4521 invenit,
2619 4456 2679 4511 id
2718 4456 3010 4512 drachma
3036 4459 3163 4508 erat
3203 4451 3471 4524 perdita:
3512 4447 3628 4504 hoc

1977 4548 2134 4602 enim
2179 4547 2385 4602 merito
2414 4546 2769 4602 drachmam
2803 4543 3098 4617 perditam
3138 4538 3481 4613 appellavit.

1975 4635 2131 4691 CAP.
2153 4636 2316 4693 LVII.
2352 4635 2434 4692 De
2461 4636 2690 4692 duobus
2717 4635 2881 4703 ﬁliis,
2905 4647 3152 4705 quorum
3199 4628 3404 4702 iunior
3443 4627 3623 4683 luxu-

2628 4725 2785 4780 riose
2814 4721 2984 4779 vixit.

2048 4817 2209 4873 Vers.
2261 4816 2344 4871 ll.
2384 4814 2550 4871 Dixit
2575 4846 2644 4855 —
2674 4815 2838 4868 Vers.
2906 4815 2992 4868 t2.
3036 4807 3394 4865 substantiae.
3434 4806 3626 4863 Aliam

1973 4924 2214 4981 quoque
2254 4907 2474 4963 inducit
2504 4905 2769 4979 plurimm
2795 4903 3060 4958 utilitatis
3081 4900 3430 4974 parabolam
3458 4914 3626 4972 :quaa

1975 4999 2091 5053 vim
2119 4997 2481 5069 poenitentia:
2509 5011 2717 5051 eorum
2735 4994 2836 5065 qui
2863 4995 3279 5064 peccaverunt,
3310 4991 3629 5046 submons-

1973 5093 2087 5142 trat
2133 5094 2189 5143 et
2217 5088 2430 5143 divinae
2479 5083 2862 5156 benignitatis
2908 5080 3407 5151 magnitudinem,
3439 5084 3494 5135 et
3516 5092 3622 5150 per

1971 5175 2127 5232 hanc
2165 5181 2504 5249 peccatores
2534 5174 2605 5232 ad
2637 5171 3048 5246 pmnitentiam
3078 5168 3427 5226 adhortatur
3456 5183 3471 5225 :
3511 5165 3626 5223 ho-

1973 5266 2195 5322 minem
2246 5265 2487 5338 quidem
2537 5262 2849 5338 appellaus
2889 5259 3128 5317 Patrem
3176 5275 3247 5317 ac
3275 5259 3486 5324 Deum,
3518 5254 3627 5329 qui

1473 5466 1701 5538 Variae
1743 5467 2071 5537 lectiones
2105 5479 2169 5537 et
2202 5479 2404 5539 uotae.

355 5658 446 5732 τι)
479 5663 606 5732 οιοῡ
636 5658 685 5712 εν
724 5667 797 5732 τῷ
834 5620 1197 5720 ποίηκενξείο
1222 5663 1288 5718 Α.

355 5729 446 5802 73)
481 5729 806 5805 Gregorius
841 5748 981 5805 pag.
1035 5733 1131 5789 231
1190 5734 1350 5793 med.
1383 5735 1465 5794 ita
1485 5736 1666 5795 habet
1696 5753 1711 5794 :
1741 5735 1858 5792 Ὀτι

255 5800 452 5874 λύχνον
472 5801 575 5877 ἧψε
599 5800 694 5864 τὴν
722 5800 908 5860 εαυτοῦ
929 5800 1132 5884 σάρκα.
1332 5848 1336 5854 .

2043 5666 2158 5740 (74)
2190 5665 2454 5740 ἐξ-βιοῖο
2483 5669 2540 5722 et
2570 5664 2750 5740 paulo
2780 5667 2920 5740 post
2955 5663 3176 5723 omittit
3230 5666 3289 5721 Β.
3322 5661 3383 5720 Si
3410 5662 3625 5739 probe-

1973 5740 2084 5795 tur.
2115 5737 2460 5813 intelligitur
2486 5737 2728 5814 ἀριθμὸς.
