4210 6462
112 0 1667 26 m

641 364 781 424 1023
1977 367 2296 424 EUTHYMI

2375 368 2709 427 ZIGABENI
3882 372 4014 430 1024

636 492 947 551 humanus
974 497 1084 562 est,
1129 492 1283 550 duos
1313 496 1515 551 autem
1549 494 1697 550 ﬁlios
1741 495 1894 566 ejus.
1928 511 2172 552 omnem
2198 497 2294 568 ju-

2353 513 2369 550 t
2404 493 2501 550 δύο
2532 496 2591 552 δε
2615 502 2760 562 υἱοὺς
2789 499 2972 566 αὑτοῦ,
3019 502 3186 554 πάντα
3227 495 3432 554 δίκαιον
3494 503 3583 553 καὶ
3623 498 3794 552 πάντα
3849 499 4015 574 ὁιμαρ⁸

639 590 819 648 stum,
837 601 1195 658 omnemque
1214 590 1588 657 peccatorem
1611 601 1624 652 ;
1645 593 1731 642 est
1751 586 1910 643 enim
1930 587 2291 657 etjustorurn

2402 587 2580 640 τωλόν.
2613 587 2765 641 Ἐστι
2814 593 2916 664 γὰρ
2983 596 3161 663 Πατὴρ
3216 596 3305 642 καὶ
3361 599 3460 642 τῶν
3519 586 3738 642 δικαίων
3785 595 4011 640 καὶτῶν

638 677 806 731 Pater
835 681 890 731 et
920 682 1317 748 peccatorum,
1363 681 1562 748 utpote
1604 692 1708 747 per
1738 677 1955 733 lavacri
1979 693 2294 750 regenera-

2405 677 2742 752 ἁμαρτωλῶν,
2775 681 2839 739 ὡς
2878 682 3276 737 υἱοθετηθέντων
3313 679 3448 748 αὖτῴ
3499 676 3592 732 διὰ
3645 687 3735 730 τοῦ
3794 677 4012 753 λουτροῦ

635 765 859 821 tionem
878 765 951 821 ab
969 767 1093 837 ipso
1113 768 1534 838 adoptatorum,
1558 766 1626 822 de
1651 767 1924 822 ﬁdelibus
1941 769 2090 822 enim
2109 783 2292 822 sermo

2403 777 2498 829 τῆς
2545 767 2925 838 ἀναγεννησεως
2981 786 2994 799 ·
3042 776 3159 841 περὶ
3214 779 3310 820 τῶν
3369 778 3568 820 πιστῶν
3607 771 3709 841 γάρ
3760 769 3787 819 ὁ
3839 767 4007 838 λόγος.

637 861 751 912 est.
779 855 1081 911 Juniorem
1109 872 1246 911 vero
1280 855 1615 912 nominavit
1675 862 2068 928 peccatorem,
2104 862 2166 911 ut
2190 856 2293 929 qui

2403 864 2658 929 Νεώτερον
2708 855 2766 911 δε
2814 859 3055 931 ὀνομάζει
3144 864 3227 910 τὸν
3305 858 3628 931 ἁμαρτωλὸν,
3701 859 3769 918 ὡς
3835 863 4010 914 νηπίο-

635 944 936 1018 pueriliter
970 946 1120 1016 sapit
1150 945 1442 1018 facileque
1490 945 1711 1002 fallitur
1751 962 1762 1000 :
1814 947 1917 1018 qui
1949 947 2127 1002 etiam
2155 947 2290 1001 sub-

2403 967 2563 1020 φρονα
2592 954 2680 1000 καὶ
2712 949 3108 1014 εὐεξαπάτητον,
3150 949 3200 1009 ὃς
3229 954 3317 1000 καὶ
3367 949 3593 1008 ἐζήτησε
3642 951 3698 998 τὸ
3733 945 4005 999 ἐπιϐάλλον

637 1035 870 1090 stantia
908 1042 1133 1106 partem
1166 1052 1301 1108 qua
1333 1035 1442 1090 sibi
1482 1035 1857 1100 obveniebat,
1892 1037 2098 1106 petivit
2130 1053 2142 1090 :
2180 1035 2293 1092 hoc

2401 1043 2554 1111 μέρος
2592 1046 2686 1098 τῆς
2739 1039 2942 1104 οὐσίας,
2975 1042 3112 1102 ἦτοι,
3171 1042 3228 1089 τὸ
3284 1037 3337 1088 ix
3402 1041 3623 1110 φύσεως,
3684 1035 4004 1108 ὀφειλόμενον

635 1125 988 1180 estliberum
1011 1125 1345 1189 arbitrium,
1368 1126 1530 1196 quod
1548 1126 1597 1180 ei
1617 1141 1689 1181 ex
1713 1131 1927 1182 natura
1939 1125 2289 1182 debebatur.

2401 1127 2752 1189 αὐτεξούσιον.
2807 1134 2910 1188 Πᾶς
2955 1131 3056 1203 γὰρ
3092 1133 3387 1200 νηπιοφρων
3442 1128 3590 1188 ξητεί
3647 1130 3707 1178 τό
3769 1125 4002 1189 αὐτεξού-

637 1213 916 1286 Quisquis
955 1214 1116 1270 enim
1155 1214 1454 1286 pueriliter
1485 1216 1660 1287 sapit,
1695 1214 1949 1271 liberum
1981 1214 2171 1288 poscit
2202 1231 2292 1271 ar-
2401 1236 2534 1269 σιον.

635 1302 890 1361 bitrium.

707 1394 1244 1464 Autobtingentem
1257 1395 1607 1451 substantia
1621 1401 1848 1466 partem
1869 1395 2289 1452 dicitdebitam

2468 1401 2534 1448 Ἤ
2578 1393 2846 1448 ἕπιϐάλλον
2899 1400 3053 1468 μέρος
3107 1395 3289 1458 οὐσίας
3342 1395 3495 1466 λέγει,
3545 1397 3603 1447 τὸ
3659 1392 3713 1446 ἐκ
3772 1402 3869 1446 τοῦ
3910 1393 3995 1466 βα-

636 1500 703 1540 ex
724 1484 1025 1557 baptismo
1046 1485 1319 1550 gratiam.
1344 1485 1543 1541 Cuivis
1561 1487 1722 1541 enim
1761 1485 2060 1554 baptizata
2085 1485 2291 1541 divina

2398 1489 2694 1555 πτίσματος
2746 1489 3169 1557 χρεωστούμενον
3226 1487 3495 1559 χάρισμα,
3530 1489 3693 1537 Παντὶ
3751 1487 3858 1558 γὰρ
3913 1483 3994 1555 βα-

634 1573 814 1630 datur
839 1576 1051 1644 gratia.
1107 1575 1448 1633 Substantia
1495 1582 1694 1632 autem
1736 1577 1858 1631 sive
1918 1575 2132 1631 divitia
2168 1576 2285 1631 Dei.

2398 1577 2667 1627 πτισθίντι
2723 1578 2970 1649 χάρισμα
3031 1581 3175 1628 Θεῑον
3223 1572 3455 1630 δίδοται.
3513 1574 3687 1626 Οὔσία
3742 1569 3829 1638 δὲ,
3875 1579 3986 1638 ἦτοι,

635 1668 775 1719 sunt
811 1664 1196 1730 charismata,
1255 1665 1314 1720 id
1367 1670 1476 1734 est,
1509 1666 1670 1722 dona
1721 1681 1860 1737 qua
1900 1664 2111 1720 dividit
2148 1663 2290 1719 tide-

2399 1663 2612 1724 πλοῡτος
2670 1673 2826 1732 Θεοῦ,
2882 1668 2947 1718 τὰ
2995 1670 3335 1738 χαρίσματα,
3386 1665 3421 1717 ἀ
3477 1661 3712 1736 διανέμει
3751 1673 3985 1726 τοίςπισ-

634 1753 811 1810 libus.

2399 1760 2503 1814 τοίς
2540 1755 2675 1823 (75).

705 1846 748 1914 -ι-
779 1847 903 1900 Non
935 1844 1072 1917 quia
1108 1850 1374 1917 tempore
1409 1845 1631 1916 junior,
1658 1845 1762 1901 sed
1801 1845 1939 1917 quia
1966 1859 2148 1899 sensu
2189 1842 2485 1908 indigens.
2520 1850 2833 1915 menteque
2864 1845 3233 1900 inconstans.

707 1935 750 2003 ιι-
776 1936 856 1989 Ac
885 1935 932 1988 si
955 1934 1180 1990 diceret
1220 1952 1232 1990 :
1268 1934 1432 1996 Nolo,
1468 1938 1678 2002 urgeat
1709 1950 1792 1990 me
1823 1932 2117 1989 serviendi
2149 1933 2466 1988 necessitas
2500 1947 2514 1997 ;
2544 1931 2788 1989 liberum
2816 1940 2903 1990 est
2932 1936 3091 1989 enim
3143 1933 3286 1988 mihi
3342 1932 3676 1988 arbitrium.
3730 1935 3793 1989 Si
3847 1932 3978 1994 volo,

638 2022 952 2079 modestus
985 2041 1115 2079 sum
1154 2040 1170 2089 ;
1203 2024 1250 2079 si
1293 2024 1441 2089 nolo,
1474 2024 1604 2093 cogi
1637 2039 1886 2094 nequeo.
1926 2024 2094 2078 Pater
2113 2037 2256 2090 ergo
2285 2021 2542 2076 candide
2575 2023 2856 2094 impertiit
2890 2041 2902 2090 ;
2941 2025 3060 2079 vult
3110 2024 3268 2079 enim
3323 2023 3611 2078 Dominus
3660 2029 3721 2079 ut
3754 2023 3862 2078 sibi
3901 2038 3980 2076 vo-

636 2111 892 2167 luntarie
920 2113 1224 2167 serviatur.
1257 2113 1476 2169 Deinde
1502 2129 1747 2184 peregre
1779 2112 2078 2184 profectus
2123 2117 2232 2166 est.
2291 2112 2420 2176 Quo
2450 2112 2477 2166 ?
2531 2115 2652 2167 Non
2685 2129 2721 2168 a
2769 2113 2901 2168 loco
2961 2115 3033 2168 ad
3069 2113 3289 2177 locum,
3347 2111 3450 2167 sed
3485 2118 3681 2168 mente
3712 2113 3981 2168 dicessita

639 2201 756 2256 Deo
780 2207 834 2256 et
878 2204 1030 2257 Deus
1061 2202 1260 2257 abillo
1303 2207 1574 2274 :propter
1603 2203 1760 2274 quod
1798 2203 1976 2257 etiam
2010 2202 2165 2256 facta
2213 2205 2300 2255 est
2351 2198 2428 2254 illi
2497 2200 2688 2256 fames
2743 2201 2958 2266 valida,
2995 2219 3113 2258 non
3168 2202 3356 2258 fames
3389 2202 3564 2274 panis
3613 2207 3670 2258 et
3699 2217 3861 2275 aqua
3887 2198 3979 2254 sed

636 2288 827 2346 fames
869 2291 1152 2346 audiendi
1178 2292 1336 2347 verbi
1367 2293 1460 2347 Dei
1499 2309 1510 2346 :
1539 2294 1676 2363 quia
1699 2292 1886 2346 fames
1920 2292 2215 2346 bonorum
2251 2289 2570 2343 vehemens
2596 2297 2708 2348 est.

714 2379 882 2438 Vers.
942 2382 1024 2438 t2.
1057 2383 1132 2437 Et
1163 2414 1230 2422 —
1261 2382 1662 2438 substantiam.
1697 2382 1967 2436 Liberum
2018 2380 2286 2435 videlicet
2317 2378 2365 2435 Β

2317 2378 2365 2435 Β
2480 2389 2579 2436 Καὶ
2606 2413 2672 2422 -
2704 2383 2840 2455 βίον.
2870 2383 3065 2452 Ἦγουν
3098 2381 3462 2444 αὐτεξουσίως
3518 2381 3701 2444 αὐτοὺς
3748 2380 3968 2432 amas".

634 2468 940 2526 arbitrium
998 2471 1110 2526 illis
1139 2472 1334 2526 divisit
1379 2489 1393 2537 ;
1438 2472 1828 2526 substantiam
1881 2486 2144 2542 namque
2185 2475 2288 2526 aut

2396 2480 2465 2529 Τὸ
2493 2479 2591 2548 γὰρ
2622 2471 2805 2526 διελεῖν
2832 2476 2918 2524 τὸν
2955 2470 3092 2544 βίον,
3122 2475 3306 2534 ε’ίτουν,
3341 2476 3433 2526 την
3467 2472 3666 2538 οὐσίαν,
3700 2478 3796 2529 τοῖς
3825 2471 3967 2529 υἱοῖς,

632 2558 942 2616 facultates
961 2561 1096 2616 filiis
1126 2560 1389 2616 dividere
1417 2561 1558 2616 nihil
1583 2560 1740 2615 aliud
1775 2566 2078 2631 est,quam
2104 2559 2288 2615 libero

2398 2561 2549 2618 ou’d‘sv
2581 2565 2747 2635 ἕτερον
2780 2561 2940 2627 ἐστιν,
2982 2562 3010 2620 ἡ
3068 2564 3124 2613 τὸ
3181 2560 3550 2623 αὐτεξουσίως
3578 2561 3752 2618 αὐτοὺς
3782 2556 3959 2607 ἀπολύ-

634 2648 879 2705 arbitrio
907 2649 1037 2705 ilios
1089 2649 1422 2721 relinquere
1486 2671 1499 2706 :
1558 2649 1858 2704 neminem
1913 2649 2072 2704 enim
2130 2648 2291 2717 cogit

2402 2675 2511 2708 σαν.
2548 2650 2753 2705 Οὐδένα
2776 2655 2877 2725 γὰρ
2901 2653 2926 2703 ὁ
2956 2655 3082 2711 Θεὸς
3117 2649 3401 2722 ἀναγκάζει
3428 2656 3492 2722 μὴ
3541 2647 3826 2721 βουλόμενον
3857 2662 3958 2696 πει-

634 2738 812 2802 Deus,
854 2738 951 2808 qui
983 2739 1095 2810 ipsi
1128 2738 1271 2793 nolit
1292 2738 1555 2793 obedire.

1147 2738 1271 2793 iolit
1292 2738 1555 2793 obedire.
2399 2746 2616 2817 θαρχείν
2649 2742 2809 2811 αὐτῷ.

705 2827 818 2882 Aut
847 2827 1025 2883 etiam
1083 2827 1285 2884 divisit
1331 2828 1415 2883 eis
1463 2828 1857 2897 congruentia
1897 2826 2078 2893 dona,
2113 2832 2288 2900 prout

2470 2833 2537 2887 "ﬂ
2570 2838 2658 2885 καὶ
2726 2829 2910 2884 διεῖλεν
2964 2829 3134 2890 αὐτοῖς
3176 2832 3239 2881 τὰ
3295 2833 3626 2902 προσήκοντα
3680 2827 3979 2900 χαρίσματα

631 2915 861 2972 dictum
901 2922 1006 2972 est.

2397 2926 2564 2983 καθὼς
2596 2927 2813 2994 εἶρηται.

707 3007 872 3062 Vers.
915 3011 993 3063 t3.
1015 3007 1090 3062 Et
1115 3038 1184 3046 —
1215 3007 1606 3078 longinquam.
1634 3007 1840 3064 Senior
1859 3007 2104 3079 quidem
2129 3006 2288 3078 apud

2471 3016 2666 3068 Καὶ-
2718 3012 2944 3084 μακράν.
2984 3009 3042 3061 Ὀ
3081 3012 3171 3081 μεν
3215 3008 3559 3080 πρεσϐύτερος
3589 3010 3849 3080 παρέμεινε
3879 3006 3977 3074 (⁸76)

633 3102 864 3169 patrem
897 3097 1204 3164 remansit,
1226 3101 1516 3170 tanquam
1543 3097 1810 3169 prudens
1845 3115 1858 3152 :
1890 3097 2096 3168 junior
2127 3113 2283 3152 vero.

2397 3112 2468 3172 τῷ
2525 3105 2702 3173 πατρὶ,
2763 3104 2826 3160 ὡς
2867 3105 3112 3171 φρόνιμος
3166 3115 3177 3127 ⁸
3223 3101 3248 3150 ὁ
3307 3095 3365 3150 δι
3409 3104 3641 3170 νεώτερος
3696 3099 3979 3166 συναγαγὼν

632 3186 1011 3256 congregatis
1038 3186 1340 3252 omnibus,
1373 3193 1536 3258 puta.
1591 3187 1780 3242 libero
1820 3187 2052 3252 arbitio,
2088 3203 2156 3242 ac
2192 3188 2285 3242 Dei

2396 3192 2620 3255 ἅπαντα,
2653 3195 2710 3243 τό
2764 3209 2817 3241 τε
2872 3188 3205 3251 αὐτεξούσιον
3257 3194 3346 3239 καί
3384 3191 3443 3238 τὸ
3497 3189 3629 3239 θεῖον
3677 3185 3977 3258 χάρισμα,ἣ

632 3275 816 3339 dono,
843 3275 932 3331 vel
958 3276 1240 3332 omnibus
1263 3277 1387 3331 suis
1417 3276 1845 3335 voluntatibus.
1870 3277 1928 3332 id
1960 3282 2069 3341 est,
2102 3277 2287 3332 domi-

2397 3282 2600 3333 οἷπαντα
2627 3283 2691 3331 τά
2721 3279 2906 3332 ἑαυτοῦ
2959 3278 3241 3349 θελήματα,
3297 3282 3558 3339 τουτέστι,
3609 3279 3787 3348 κύριος
3834 3275 3980 3325 «ﬁta-1

632 3382 747 3422 nus
772 3365 1006 3422 illorum
1034 3366 1416 3432 constitutus,
1467 3383 1710 3439 peregre
1752 3367 2054 3438 profectus
2086 3372 2177 3422 est
2207 3366 2285 3422 ad

2396 3372 2682 3434 καταστὰς,
2716 3365 3056 3439 ἀπεδήμησεν
3087 3367 3154 3426 εἰς
3184 3371 3276 3423 τὴν
3327 3365 3608 3439 ἁμαρτίαν,
3653 3370 3745 3422 τὴν
3799 3365 3981 3436 μακρὰν

631 3460 960 3528 peccatum,
985 3455 1142 3528 quod
1168 3456 1326 3512 aDeo
1347 3457 1520 3527 longe
1535 3462 1847 3528 separatur
1879 3474 1892 3511 :
1925 3457 2102 3525 longe
2124 3458 2285 3512 enim

2395 3468 2485 3512 τοῦ
2517 3467 2650 3511 Θεοῦ
2706 3462 2963 3528 κειμένην.
3009 3455 3188 3529 Πορρω
3215 3458 3313 3526 γὰρ
3363 3463 3456 3506 τοὺ
3509 3462 3643 3507 Θεοῦ
3699 3451 3982 3523 γίνονταιοὶ

630 3544 782 3601 ﬁunt
811 3548 1002 3608 aDeo,
1054 3545 1158 3618 qui
1214 3551 1499 3616 peccant:
1543 3561 1664 3602 non
1711 3545 1825 3602 loci
1856 3545 2283 3616 segregatione,

2397 3549 2794 3621 ἁμαρτάνοντες,
2846 3546 2940 3598 οὐκ
2967 3544 3305 3619 ἀναχωρήσει
3354 3548 3535 3609 τόπου,
3579 3542 3685 3593 ἀλλ’
3727 3541 3984 3614 ἀναχωρή-

633 3634 736 3690 sed
768 3635 1016 3690 virtutis.

2399 3658 2478 3692 σει
2499 3646 2591 3698 τῆς
2621 3637 2771 3707 ἀρετῇ
2786 3655 2823 3694 ς.

705 3723 867 3778 Vers.
909 3728 990 3780 t3.
1024 3725 1112 3780 Ac
1136 3724 1218 3779 ibi
1240 3756 1308 3764 —
1333 3740 1512 3779 suam.
1547 3724 2087 3796 Corrupitdonum,
2121 3724 2284 3796 quod
2325 3733 2363 3786 C

2325 3733 2363 3786 C
2471 3732 2570 3780 Καὶ
2593 3726 2694 3779 ἐκεῖ
2724 3757 2790 3764 -
2820 3724 2996 3778 αὑτοῦ.
3035 3724 3291 3795 Διεφθειρε
3320 3726 3379 3774 τὸ
3410 3721 3465 3774 ἐκ
3508 3730 3599 3774 τοῦ
3631 3719 3987 3794 βαπτίσματος

631 3826 669 3868 a
697 3811 993 3882 baptismo
1006 3818 1371 3884 susceperat,
1396 3819 1541 3883 puta
1559 3813 1776 3869 anima
1800 3813 2189 3881 nobilitatem,
2208 3815 2285 3868 ad

2401 3820 2664 3890 χάρισμα,
2699 3820 2792 3873 τὴν
2822 3822 2916 3874 τῆς
2963 3813 3148 3884 ψυχῆς
3198 3812 3472 3883 εὐγένειαν,
3527 3817 3620 3870 τὴν
3649 3816 3785 3883 πρὸς
3824 3811 3987 3883 ἀρετὰς

633 3901 875 3956 virtutes
923 3901 1332 3972 aptitudinem.
1375 3903 1511 3957 Hac
1550 3903 1710 3958 enim
1752 3908 1810 3958 et
1865 3903 2083 3960 similia
2121 3908 2289 3960 erant

2397 3901 2813 3962 ἐπιτηδειότητα.
2856 3911 3033 3955 Ταντα
3057 3905 3157 3974 γὰρ
3185 3907 3273 3953 καὶ
3306 3904 3372 3953 τά
3402 3909 3615 3954 τοιαῦτα
3674 3897 3815 3958 ἦσαν
3855 3900 3991 3952 οὐσία

631 3991 762 4061 ejus
801 3990 1136 4047 substantia
1166 4007 1234 4047 ac
1267 3991 1506 4047 divitia.

1296 3991 1506 4047 livitia.
2395 3999 2485 4045 καὶ
2518 3994 2737 4055 πλοῦτος
2779 3992 2958 4044 αὐτοῦ.

705 4080 865 4135 Vers.
918 4081 1004 4135 t3.
1077 4081 1333 4138 Vivendo
1385 4112 1454 4122 —
1520 4081 1840 4139 luxuriose.
1881 4082 2286 4153 Prodigaliter,

2238 4099 2286 4149 r,
2468 4090 2576 4135 Ζῶν
2609 4115 2673 4124 -
2701 4081 2935 4144 ἀσώτως.
2968 4078 3235 4154 Ἀφειδὼς,
3273 4080 3527 4155 ἀκρατῶς,
3571 4079 3895 4142 ἀκολάστως.

631 4167 1117 4241 intemperanter,
1147 4169 1485 4234 libidinose,
1504 4171 1746 4227 lascive.

705 4259 874 4318 Vers.
922 4261 1010 4318 M.
1053 4261 1320 4332 Cumque
1364 4277 1565 4318 omnia
1615 4264 2084 4332 consumpsisset.
2141 4265 2286 4320 Cum

2471 4266 2677 4320 Δαπανή
2690 4280 2876 4323 σαντος
2903 4257 2961 4314 δε
3006 4259 3166 4312 αὐτοῦ
3190 4263 3375 4315 πάντα.
3409 4258 3792 4322 Ἀποόαλόντος
3816 4261 3991 4328 πάντα,

635 4349 968 4422 abjecisset,
1001 4357 1106 4407 ant
1158 4352 1498 4424 respuisset,
1529 4368 1905 4426 quacunque
1958 4354 2215 4412 habebat
2252 4370 2289 4412 a

1483 4396 1498 4422 ,
1529 4368 1905 4426 quacunque
1958 4354 2215 4412 habebat
2252 4370 2289 4412 θ,
2401 4353 2500 4404 ὅσα
2526 4349 2664 4423 εἶχεν
2695 4350 2749 4403 ἐκ
2775 4356 2920 4417 Θεοῦ,
2955 4348 3145 4422 ἀγαθά.

635 4438 756 4496 Deo
789 4441 968 4500 bona.

704 4530 869 4587 Vers.
932 4531 1018 4586 14.
1073 4529 1260 4587 Facta
1306 4535 1390 4586 est
1437 4561 1506 4572 —
1548 4531 1673 4587 illa.
1727 4531 1833 4589 Ubi
1892 4533 2052 4588 enim
2106 4531 2288 4588 divini

2472 4530 2694 4602 Ἐγίνετο
2722 4561 2785 4572 -
2809 4530 3022 4586 ἐκείνην.
3054 4528 3343 4601 Ὀπου’γάρ
3372 4529 3397 4580 ὁ
3415 4536 3508 4580 τοῦ
3524 4530 3656 4582 θείου
3679 4529 3848 4600 φόϐου
3873 4537 3997 4588 σῖτος

632 4618 864 4674 timoris
891 4619 1259 4675 frumentum
1292 4635 1410 4675 non
1437 4621 1667 4686 seritur,
1695 4620 1773 4676 ibi
1832 4621 2018 4678 fames
2067 4622 2286 4676 valida.

2402 4621 2460 4672 οὐ
2481 4628 2806 4694 γεωργεῖται,
2867 4618 2970 4671 ἐκεῖ
3005 4618 3151 4691 λιμὸς
3212 4618 3459 4692 ἰσχυρὸς,
3514 4618 3606 4671 οὐκ
3659 4620 3849 4691 ἄρτου,
3903 4617 3995 4669 ἀλλ’

633 4723 756 4762 non
794 4709 988 4779 panis,
1023 4709 1124 4763 sed
1158 4709 1388 4764 virtutis
1423 4725 1437 4775 ;
1470 4709 1571 4766 ubi
1600 4709 1863 4766 fertilitas
1892 4712 2088 4768 omnis
2123 4711 2286 4778 mali,

2403 4709 2585 4784 ἀρετῆς
2613 4730 2626 4742 ·
2652 4712 2779 4761 ὅπου
2812 4708 3024 4782 εὐφορία
3080 4711 3272 4770 παντὸς
3296 4715 3479 4773 κακοῦ,
3513 4710 3617 4760 ἐκεῖ
3659 4706 3852 4784 ἀφορία
3887 4727 3997 4760 παν-

637 4794 717 4854 ibi
759 4796 1029 4852 sterilitas
1058 4798 1255 4854 omnis
1286 4798 1449 4863 boni,

1058 4798 1255 4854 omnis
1286 4798 1449 4863 boni,
2403 4803 2490 4862 τὸς
2520 4799 2699 4852 καλοῦ.

707 4885 874 4939 Vers.
915 4887 998 4940 14.
1030 4885 1104 4940 Et
1143 4917 1210 4928 —
1251 4903 1435 4955 egere.
1494 4889 1669 4943 Fame
1707 4887 1918 4960 premi,
1949 4888 2183 4961 dilapso
2213 4888 2292 4945 ab

2479 4894 2674 4942 Καὶ-
2723 4889 3078 4958 ὑστερεῖσθαι.
3147 4888 3414 4953 Πένεσθαι,
3475 4882 3816 4960 διαρῥυέντος
3874 4886 3995 4953 αὐτῷ

645 4989 718 5031 eo
756 4975 920 5031 omni
959 4973 1143 5042 bono,
1175 4977 1424 5050 solaque
1454 4976 1886 5036 incontinentia
1913 4978 2210 5035 derelicta.

2401 4981 2592 5040 παντὸς
2657 4976 2878 5048 ἀγαθοῦ,
2942 4981 3031 5029 καὶ
3083 4981 3247 5048 μόνης
3291 4975 3686 5048 ὑπολειφθείσης
3727 4985 3823 5038 τῆς
3857 4976 3997 5049 ἀκρα-

2325 5086 2368 5141 ι)
2406 5072 2520 5127 σίας
2551 5066 2686 5139 (77).
3121 5057 3144 5082 Χ

721 5153 891 5222 vers.
930 5159 1012 5211 t5.
1043 5155 1208 5212 Et—
1228 5155 1412 5212 illius.
1441 5153 1608 5212 Cives
1632 5156 1891 5227 regionis
1938 5157 2116 5224 illius,
2151 5162 2294 5230 puta

2480 5153 2907 5216 Καὶ-ἐκείνης.
2964 5153 3182 5208 Πολίται
3236 5162 3332 5215 τῆς
3393 5159 3572 5228 χώρας
3624 5153 3846 5225 ἐκείνης,
3897 5158 3997 5212 ἤτοι

641 5241 899 5316 peccati,
923 5249 1064 5300 sunt
1092 5244 1416 5301 damones.
1459 5244 1785 5302 Distractus
1813 5262 1952 5318 ergo
1983 5263 2013 5302 a
2049 5253 2232 5319 patre,
2257 5262 2294 5302 o

2403 5254 2495 5306 τῆς
2550 5245 2828 5319 ἁμαρτίας,
2884 5246 2932 5298 οἱ
2987 5240 3231 5317 δαίμονες
3283 5279 3299 5295 .
3361 5241 3680 5318 ἀπορῥαγεὶς
3763 5241 3853 5298 οὖν
3922 5248 3996 5294 τοῦ

645 5347 935 5404 magnam
963 5333 1325 5391 dementiam
1356 5334 1937 5393 ladhasitinimico:
1973 5340 2027 5392 et
2052 5336 2151 5408 qui
2172 5351 2295 5392 non

2403 5338 2618 5410 πατρὸς,
2672 5339 2711 5386 ὦ
2765 5333 2957 5397 πολλῆς
3002 5332 3171 5394 ἆνοίας
3213 5331 3505 5392 Ξὲκολλήθη
3567 5341 3637 5406 τῷ
3677 5332 3882 5412 ἐχθρῷ,
3922 5338 3998 5388 καὶ

1835 5513 2060 5584 Varia
2111 5513 2440 5583 lectiones
2494 5524 2558 5583 et
2596 5521 2798 5582 nota.

727 5707 1004 5786 (15)_P9_st
1031 5707 1156 5786 hac
1182 5709 1304 5766 duo
1335 5708 1562 5766 scholia
1592 5724 1623 5765 e
1650 5711 1935 5786 margine
1960 5711 2049 5767 sui
2082 5711 2302 5786 codicis

1335 5708 1562 5766 scholia
1592 5724 1623 5765 e
1650 5711 1935 5786 margine
1960 5711 2049 5767 sui
2082 5711 2302 5786 codicis
2488 5711 2598 5786 (155)
2623 5713 2896 5786 Παρέμςνς.
2931 5712 2997 5766 Α.

727 5711 850 5835 (⁸ζῇ⁹
867 5711 1004 5763 Post
1031 5711 1156 5765 hac
1182 5711 1304 5766 duo
1335 5711 1562 5766 scholia
1592 5724 1623 5765 e
1656 5711 1924 5780 margine
1960 5711 2049 5767 sui
2082 5711 2302 5770 codicis

645 5777 788 5835 addi
837 5784 876 5837 it
909 5781 1246 5850 Hentenius,
1269 5797 1532 5854 qnorum
1563 5781 1722 5837 nulla
1751 5782 1978 5857 reperio
1998 5782 2268 5854 vestigia.

1529 5725 1562 5766 a
1592 5724 1623 5765 e
1656 5711 1924 5780 margine
1960 5711 2049 5767 sui
2082 5711 2302 5770 codicis
2488 5711 2578 5780 (76
2623 5713 2896 5784 Παρίμινε.
2931 5712 2998 5766 Α.

1529 5806 1532 5835 ι
1563 5781 1722 5837 nulla
1751 5782 1978 5857 reperio
1998 5782 2268 5854 vestigia.
2486 5711 2600 5857 (7'1;
2620 5789 2726 5844 Τῆς
2748 5781 3093 5860 ἀκαθαρσίας.
3126 5782 3191 5858 it.
