4210 6438
221 379 358 440 1023

220 530 292 584 μη
355 509 711 582 ἀνασχόμενος
779 507 1086 580 πειθαρχεῖν
1149 514 1222 578 τῷ
1294 506 1634 582 φιλανθρώπῳ
1687 514 1819 578 Θεῷ,
1854 505 1902 560 Α

221 598 456 654 ἐδούλευε
491 607 562 670 τῷ
603 600 958 672 μισανθρῶπῳ
992 595 1225 670 δαίμονι.

298 694 398 742 Καὶ
455 720 524 729 -
570 694 806 763 χοίρους.
867 689 1049 749 Οὖτως
1120 689 1168 739 οἱ
1237 684 1479 759 δαίμονες
1527 685 1824 760 ἀμείϐονται

225 783 348 842 τούς
390 779 740 850 κολλωμένους
785 777 984 840 αὐτοῖς.
1041 777 1198 835 Δηλοῖ
1249 774 1306 829 δὲ
1354 779 1378 828 6
1421 777 1592 848 λόγος,
1641 782 1732 835 τὴν
1778 775 1826 828 ἰ-

231 872 438 942 σχάτην
463 877 553 921 τοῦ
586 867 764 920 ἀθλίου
807 864 1064 931 δουλείαν,
1095 866 1494 940 ἐπιταττομένου
1538 870 1602 920 τὰ
1647 870 1825 939 ἀτιμό-

226 979 378 1012 τατα.
428 961 523 1010 Διὰ
568 965 720 1010 τοῦτο
747 960 848 1029 γὰρ
892 962 981 1009 καὶ
1041 956 1283 1008 πλατύνει
1328 961 1422 1014 την
1463 955 1762 1032 παραϐολὴν
1801 957 1827 1008 6

228 1051 480 1119 Χριστός,
536 1052 627 1098 καὶ
668 1046 990 1121 λεπτομερῶς
1037 1042 1362 1119 ἔκτραγῳδεί
1414 1049 1480 1098 τὰ
1531 1054 1627 1108 τῆς
1692 1065 1827 1119 συμο

225 1145 406 1212 φορᾶς,
467 1138 550 1188 ἶνα
598 1138 840 1209 μάθωμεν
909 1133 995 1188 οἶα
1045 1137 1354 1208 πάσχουσιν
1406 1139 1454 1188 οἱ
1511 1136 1830 1209 ἁποφοιτῶνο

224 1246 308 1289 τες
345 1235 444 1279 τῶν
500 1224 712 1277 inaltan
763 1232 852 1277 τοῦ
901 1232 1056 1291 Θεοῦ,
1089 1231 1175 1278 καὶ
1231 1229 1567 1298 πορευόμενοι
1606 1229 1741 1278 κατά
1770 1229 1828 1278 1'6

223 1314 364 1368 ἴδιον
387 1315 602 1388 θέλημα.

297 1403 406 1458 Εἶεν
443 1400 492 1456 δ’
538 1402 598 1454 ἂν
639 1403 790 1476 ἀγροὶ
831 1406 920 1474 μεν
949 1411 1042 1454 τοῦ
1083 1399 1328 1475 δαίμονος
1359 1405 1412 1455 αἱ
1456 1405 1673 1476 ἄσεμνοι
1713 1401 1830 1457 δια-

223 1492 420 1567 τριϐαί·
470 1498 670 1567 χοῖροι,
698 1489 758 1545 δε
799 1494 848 1544 οἱ
897 1489 1167 1564 φιλήδονοι
1219 1499 1308 1545 καὶ
1358 1491 1716 1568 βορϐορώδεις
1743 1494 1828 1547 λο-

222 1588 428 1655 γισμοὶ,
489 1581 574 1643 οὓς
641 1583 666 1634 6
741 1581 1066 1657 ταλαίπωρος
1147 1586 1343 1658 τρέφειν
1414 1588 1503 1636 καὶ
1571 1589 1827 1658 περιέπειν

223 1676 598 1746 προσετέτακτο
611 1717 625 1730 ,

296 1767 394 1814 Καὶ
428 1792 494 1803 -—
539 1768 740 1834 χοῖροι.
800 1762 1024 1836 Κεράτία
1063 1763 1198 1813 κατὰ
1243 1759 1534 1834 ἀναγωγὴν,
1589 1765 1642 1815 αἱ
1701 1761 1828 1822 ἡδο-

221 1855 326 1914 ναὶ,
384 1852 468 1912 αἶς
524 1853 572 1902 οἱ
630 1848 941 1911 δηλωθέντες
995 1850 1242 1924 λογισμοὶ
1299 1856 1587 1924 τρέφονται.
1625 1852 1826 1929 Ὠσπερ
1861 1866 1901 1920 Β

219 1943 322 2014 γὰρ
368 1939 535 1992 ἐκεῖνα
573 1940 946 2011 γλυκαίνουσιν
1000 1939 1084 1992 ἐπὶ
1116 1939 1300 2013 βραχύ
1337 1946 1428 1999 τὴν
1473 1949 1676 2013 γεῦσιν,
1719 1938 1830 1994 εἶτα

227 2034 512 2102 στύφουσιν
561 2032 642 2082 ἐπὶ
684 2029 876 2082 πλεῖον·
930 2031 1064 2081 ούτω
1111 2036 1199 2082 καὶ
1228 2031 1383 2082 αὗται
1432 2035 1488 2082 τὸ
1519 2036 1607 2104 μὲν
1640 2029 1831 2090 ἡδύνον

225 2129 428 2193 πρῶτον
455 2124 545 2170 καὶ
568 2138 888 2193 προσκαίρον
918 2121 1136 2190 ἔχουσι·
1177 2123 1235 2172 τὸ
1269 2117 1327 2172 δε
1359 2128 1648 2196 πικραῖνον,
1678 2121 1834 2174 ύστε-

227 2227 315 2284 ρον
345 2229 436 2260 και
477 2227 706 2260 αιωνιον.

307 2390 406 2439 Καὶ
481 2382 653 2448 οὐδεὶς
733 2384 919 2440 ἕδίδου
986 2388 1146 2460 αύτῷ.
1224 2386 1412 2452 Οὐδεὶς
1461 2387 1643 2443 ἐδίδου
1694 2391 1832 2462 αύτῷ

233 2477 572 2551 κορεσθῆναι.
606 2483 844 2530 Τοιοῦτοι
883 2480 984 2550 γὰρ
1025 2480 1074 2530 οἱ
1121 2475 1382 2552 δαίμονες,
1433 2480 1526 2532 οὐκ
1570 2478 1695 2532 ἐῶσί
1719 2501 1834 2533 τινα

231 2568 546 2640 κορεσθῆναι
607 2563 931 2638 φιληδονίας,
975 2569 1057 2620 ἵνα
1109 2573 1179 2640 μὴ
1229 2573 1371 2640 ταχύ
1424 2573 1695 2628 παᾶσηται
1739 2579 1832 2633 τῆς

234 2654 510 2728 ἁμαρτίας,
539 2654 618 2708 ἀεὶ
651 2653 710 2708 δε
740 2661 833 2714 τὴν
865 2657 1029 2731 ὄρεξιν
1055 2656 1348 2731 ἐρεθίζουσι
1377 2664 1464 2711 καὶ
1509 2659 1833 2733 ἀποκάμνον-

232 2765 327 2797 σαν
355 2751 726 2819 ανεγείρουσιν.

301 2835 388 2896 Εἰς
438 2834 616 2887 ἑαυτὸν
672 2831 730 2888 δὲ
790 2833 967 2904 ἐλθών,
1011 2836 1228 2890 Ἑαυτοῦ
1267 2843 1547 2911 γενόμενος,
1593 2840 1618 2892 ὅ
1664 2839 1828 2906 ἑστιν,

229 2923 522 2995 ἀνανήψας,
553 2927 621 2986 ὡς
653 2925 767 2996 (78)
807 2923 861 2976 ἐκ
905 2928 1067 2998 μέθης
1104 2933 1193 2979 καὶ
1232 2931 1414 3002 κάρου·
1446 2927 1701 3001 ἁφυπνισε
1729 2933 1830 3004 γὰρ

228 3013 383 3065 αὑτὸν
423 3016 452 3072 ἡ
487 3017 830 3068 κακοπάθεια.

301 3099 427 3156 Eine
475 3133 542 3144 —
599 3101 910 3176 ἀπόλλυμαι.
961 3107 1221 3168 Μισθίους
1268 3109 1356 3178 μεν
1404 3113 1505 3159 νόει
1557 3107 1672 3180 (79)
1721 3127 1832 3180 μοι,

227 3194 351 3252 τοὺς
395 3194 464 3242 ἔτι
522 3198 975 3265 κατηχουμένους,
1029 3199 1118 3246 καὶ
1166 3201 1324 3266 μήπω
1367 3193 1459 3247 διὰ
1507 3204 1599 3249 τοῦ
1633 3195 1833 3268 βαπτί-

231 3299 426 3352 σματος
455 3282 865 3352 υἱοθιτηθέντας,
907 3283 978 3343 οἷς
1008 3285 1200 3354 μισθὸς
1244 3291 1333 3345 τῆς
1364 3290 1582 3346 πίστεως
1623 3283 1834 3338 δίδοται

230 3371 259 3427 ἠ
327 3372 568 3422 υἱοθεσία
599 3389 611 3401 ·
655 3372 849 3443 ἄρτους
908 3369 986 3438 δὲ,
1041 3376 1132 3434 τὰς
1179 3375 1449 3447 θρεπτικὰς
1506 3383 1604 3426 τῶν
1643 3374 1834 3447 ψυχῶν

231 3454 604 3520 διδασκαλίας.
636 3465 800 3517 Φησὶν
845 3457 931 3513 οὖν
975 3459 1030 3512 ἐκ
1062 3459 1256 3534 βαοους
1293 3459 1538 3538 καρδίας
1561 3461 1642 3535 ,”Ω
1679 3469 1836 3515 πόσοι

228 3549 438 3619 μίσθιοι
492 3555 583 3599 τοῦ
640 3553 837 3622 πατρὸς
891 3569 991 3622 μου
1045 3550 1102 3602 ού
1168 3556 1320 3623 μόνον
1386 3555 1575 3624 ἔχουσι
1641 3556 1834 3626 τροφὴν

228 3636 494 3709 ψυχικὴν,
547 3635 676 3690 ἀλλὰ
722 3643 808 3690 καὶ
852 3645 1063 3713 τρυφήνο
1108 3649 1259 3692 τοῦτο
1287 3643 1388 3715 γὰρ
1420 3645 1478 3694 1'6
1515 3643 1835 3714 περισσεύειν

234 3731 498 3798 σημαίνει·
533 3725 632 3798 ἐγὼ
671 3725 729 3780 δὲ
760 3729 786 3780 6
823 3731 954 3794 υίὸς,
995 3729 1129 3802 λιμῷ
1175 3729 1489 3803 ἀπόλλυμαι.
1533 3737 1713 3784 Ταῦτα
1749 3734 1837 3782 καὶ

229 3817 296 3868 τὰ
326 3816 444 3879 ἑξῆς
475 3815 837 3889 παραϐολικῶς
868 3814 1212 3890 διηγούμενος
1237 3821 1262 3872 6
1295 3825 1494 3893 Σωτὴρ,
1523 3823 1682 3874 τύπον
1709 3823 1834 3896 ἡμῖν

229 3911 500 3979 μετανοίας
541 3906 634 3965 ἀλη
645 3909 734 3959 θοῡ
745 3929 766 3969 ς
795 3905 1169 3982 παραδδίωσιν
1179 3949 1190 3962 .

302 3995 562 4059 Ἀναστὰς
592 4027 657 4038 -
700 4017 821 4070 μου.
857 3998 1108 4059 Ἀναστὰς
1145 3997 1248 4052 ἀπὸ
1299 4008 1389 4053 τοῦ
1439 4008 1710 4076 πτώματος
1740 4015 1832 4069 τῆς

229 4087 489 4162 ἁμαρτίας
522 4087 632 4160 (80)
644 4126 656 4139 .

306 4269 406 4317 Καὶ
434 4263 531 4340 ἔρῶ
554 4297 620 4306 -
651 4265 884 4338 οὐρανόν.
915 4266 1005 4330 Ὠς
1041 4274 1372 4343 προτιμήσας
1403 4270 1563 4324 αὐτοῦ
1593 4277 1686 4330 τὴν
1711 4281 1831 4345 γῆν,

231 4356 350 4412 ἤτοι
377 4363 476 4404 τῶν
507 4353 756 4427 ούρανίων
790 4354 994 4426 ἀγαθῶν
1034 4361 1098 4411 τὰ
1118 4365 1296 4429 γὴῐνα”

1276 373 1645 437 COMMENT.
1699 378 1766 434 IN
1807 368 2060 436 LUCAM.
2101 409 2168 419 —
2207 371 2368 436 CAP.
2419 371 2550 436 XV.

1872 3221 1911 3273 C

1888 3255 1913 3278 Λ

3465 367 3602 432 1026

1939 505 2297 560 sustinuerat
2313 518 2518 575 parere
2538 503 2658 558 Deo
2683 500 3148 569 humanissimo,
3167 501 3406 557 servivit
3427 502 3600 558 inhu-

1939 597 2278 650 manissimo
2321 592 2602 649 daamoni.

2007 685 2172 740 Vers.
2203 685 2290 738 15.
2350 685 2550 754 Atque
2578 713 2646 722 —
2671 696 2891 750 porcos.
2948 681 3028 736 Ita
3047 680 3352 736 daemones
3404 694 3601 736 remu-

1938 778 2150 829 nerant
2189 789 2313 838 eos,
2374 773 2477 844 qui
2525 771 2632 827 sibi
2680 770 3006 828 adhaerent.
3059 769 3358 842 Significat
3395 776 3600 827 autem

1938 881 2130 920 sermo
2155 870 2478 920 extremam
2511 863 2713 918 miseri
2751 863 3114 927 servitutem,
3166 861 3260 916 cui
3308 860 3602 930 indignis-

1939 955 2094 1010 sima
2119 953 2561 1026 praecipiuntur.
2589 952 2906 1024 Propterea
2928 951 3088 1008 enim
3110 949 3320 1008 dilatat
3342 950 3605 1007 Christus

1939 1044 2311 1118 parabolam,
2327 1049 2382 1098 et
2395 1043 2733 1098 minutatim
2749 1059 2845 1097 am
2856 1041 3225 1114 pliticatqum
3239 1040 3601 1097 calamitatis

1941 1143 2144 1192 erant:
2182 1140 2242 1190 ut
2281 1135 2586 1190 discamus
2642 1132 2848 1206 qualia
2899 1134 3202 1205 patiantur
3233 1132 3268 1187 ii
3299 1132 3403 1204 qui
3437 1148 3474 1188 a
3505 1131 3604 1188 Dei

1940 1225 2245 1298 praeceptis
2273 1223 2576 1290 recedunt,
2620 1229 2676 1280 et
2725 1222 2847 1278 suis
2877 1221 3287 1278 voluntatibus
3319 1221 3604 1292 gradiun-

1940 1319 2055 1370 tur.

2011 1406 2207 1461 Potest
2235 1419 2478 1477 quoque
2525 1400 2663 1458 villa
2701 1399 2996 1457 daamonis
3048 1399 3160 1456 dici
3185 1399 3435 1471 indigna
3463 1415 3606 1456 con-

1938 1495 2192 1552 versatio
2247 1511 2261 1562 ;
2321 1494 2484 1565 porci
2535 1507 2698 1559 vero,
2750 1490 3084 1562 voluptates
3162 1506 3232 1546 ac
3305 1489 3602 1546 lutulentae

1940 1583 2350 1654 cogitationes,
2382 1599 2533 1654 quas
2581 1581 2759 1636 miser
2795 1594 3036 1652 pascere
3063 1595 3132 1636 ac
3177 1578 3373 1635 fovere
3398 1579 3607 1650 jussus

1939 1678 2046 1732 est.

2011 1764 2169 1818 Vers.
2203 1762 2297 1818 16.
2339 1761 2413 1817 Et
2444 1791 2512 1799 —
2539 1758 2723 1829 porci.
2759 1756 3020 1831 Siliquae,
3067 1757 3235 1830 juxta
3265 1772 3605 1830 anagogen,

1944 1853 2270 1924 voluptates
2337 1856 2494 1919 sunt,
2570 1848 2790 1921 quibus
2852 1849 3147 1920 prtedictaa
3215 1848 3605 1918 cogitationes

1944 1943 2301 1999 nutriuntur.
2332 1939 2859 2006 Quemadmodum
2891 1938 3050 1993 enim
3076 1937 3304 2010 siliqum
3333 1938 3405 1993 ad
3427 1937 3606 1994 breve

1943 2033 2203 2105 spatium
2258 2030 2456 2100 gustui
2495 2027 2857 2095 dulcescunt,
2891 2027 3107 2082 deinde
3161 2035 3223 2082 ut
3277 2026 3604 2099 plurimum

1943 2121 2354 2190 constringunt
2385 2135 2398 2174 :
2425 2119 2508 2175 ita
2537 2124 2593 2174 et
2612 2117 2668 2172 in
2691 2117 2802 2182 his,
2824 2117 2986 2188 quod
3008 2133 3190 2172 suave
3208 2123 3318 2181 est,
3343 2116 3607 2188 primum

1943 2216 2002 2268 et
2021 2212 2099 2268 ad
2122 2217 2357 2282 tempus
2378 2209 2616 2272 habent,
2639 2208 2805 2280 quod
2835 2213 3037 2263 autem
3068 2223 3346 2262 amarum
3375 2213 3430 2262 et
3447 2221 3605 2262 acer-

1941 2302 2110 2366 bum,
2145 2299 2443 2373 posterius
2473 2301 2563 2353 est
2591 2314 2658 2352 ac
2685 2301 2996 2352 aeternum.

2014 2391 2160 2447 Vers
2175 2433 2188 2446 .
2215 2389 2303 2445 16.
2318 2388 2760 2460 Necquisquam
2773 2387 3075 2444 illidabat.
3097 2385 3306 2443 Nullus
3323 2384 3405 2442 illi
3423 2385 3610 2442 daba-

1945 2481 2019 2537 ad
2067 2480 2397 2536 satietatem
2431 2477 2825 2550 ;hujusmodi
2856 2477 3013 2532 enim
3071 2476 3376 2532 daemones
3424 2474 3610 2530 nemi-

1942 2588 2081 2628 nem
2107 2571 2312 2625 sinunt
2333 2568 2533 2624 satiari
2574 2565 3079 2639 voluptatibus,ne
3104 2565 3275 2620 citius
3297 2581 3332 2621 a
3364 2569 3608 2638 peccato

1940 2663 2206 2734 quiescat
2231 2675 2244 2714 :
2278 2672 2514 2729 semper
2542 2657 2692 2712 enim
2710 2657 2968 2712 excitant
2996 2653 3328 2728 appetitum
3355 2669 3424 2710 ac
3446 2651 3612 2710 defa-

1940 2749 2286 2820 tigationem
2336 2746 2643 2802 suscitant.

2013 2839 2178 2894 Vers.
2235 2843 2315 2893 l7.
2373 2839 2444 2892 In
2487 2851 2548 2893 se
2611 2840 2808 2892 autem
2863 2848 3148 2890 reversus.
3207 2832 3308 2890 Sui
3355 2847 3606 2905 compos

1941 2928 2187 2985 effectus
2249 2945 2262 2981 :
2317 2927 2432 2983 hoc
2501 2929 2609 2991 est,
2668 2932 2956 2996 tanquam
3026 2924 3450 2996 expergiscens
3530 2920 3609 2980 ab

1942 3017 2248 3083 ebrietate,
2283 3015 2573 3088 gravique
2613 3031 2850 3082 somno,
2903 3019 2959 3070 et
2995 3015 3372 3086 resipiscens.

2014 3109 2177 3163 Vers.
2217 3111 2299 3161 17.
2353 3107 2522 3160 Dixit
2567 3135 2634 3143 —
2667 3120 2859 3174 pereo.
2895 3103 3286 3159 Mercenarios
3342 3101 3612 3172 intelligi-

1946 3213 2080 3251 mus
2106 3211 2207 3251 eos
2236 3194 2339 3265 qui
2370 3193 2565 3248 adhuc
2618 3197 2758 3248 sunt
2786 3193 3222 3258 catechumeni,
3253 3195 3308 3248 et
3336 3191 3610 3247 nondum

1943 3302 2049 3358 per
2066 3283 2434 3356 baptismum
2460 3281 2742 3352 adoptati,
2771 3281 2985 3354 quibus
3003 3297 3230 3336 merces
3250 3281 3390 3336 ﬁdei
3412 3279 3613 3337 datur-

1945 3381 2090 3448 puta
2137 3373 2418 3443 adOptio:
2463 3387 2650 3442 panes
2703 3387 2862 3435 vero,
2917 3370 3214 3426 doctrinas
3271 3370 3611 3425 animarum

1945 3463 2281 3520 nutritivas.
2329 3459 2478 3515 Dicit
2527 3475 2670 3530 ergo
2721 3459 2799 3515 ab
2848 3458 3059 3515 intimo
3092 3457 3291 3515 cordis
3348 3459 3614 3530 :Oquot

1946 3549 2298 3610 mercenarii
2349 3550 2534 3620 patris
2587 3550 2701 3605 mei
2734 3565 2856 3605 non
2910 3549 3090 3606 modo
3144 3548 3348 3605 cibum
3389 3547 3614 3604 habent

1945 3642 2308 3709 animarum,
2383 3639 2488 3694 sed
2539 3643 2597 3695 et
2642 3638 2887 3694 delicias
2947 3637 3056 3694 lld
3106 3639 3267 3694 enim
3316 3636 3614 3708 signiﬁcat

1944 3732 2275 3789 abundare.
2321 3732 2442 3799 Ego
2473 3735 2672 3785 autem
2726 3729 2830 3802 qui
2857 3729 3013 3784 filius
3039 3745 3190 3794 sum,
3216 3727 3373 3784 fame
3408 3742 3608 3800 pereo.

1946 3823 2077 3878 Haec
2099 3827 2155 3877 et
2182 3835 2253 3875 ea
2289 3834 2424 3890 quae
2455 3823 2804 3891 sequuntur,
2843 3817 3182 3890 parabolice
3209 3833 3461 3874 narrans
3493 3815 3612 3874 Sal-

1944 3921 2132 3976 vator,
2165 3925 2318 3964 verae
2337 3907 2696 3980 paenitentiae
2729 3907 2984 3978 ﬁguram
3016 3908 3192 3963 nobis
3227 3906 3430 3962 tradit.

2020 4004 2182 4059 Vers.
2239 4005 2327 4060 18.
2380 3999 2648 4069 Surgens
2695 4028 2764 4037 —
2814 4013 3027 4054 meum.
3073 3999 3331 4068 Surgens
3386 4011 3423 4052 a
3471 4010 3612 4051 casu

1946 4092 2194 4166 peccati.

2016 4187 2058 4255 -ι-
2090 4185 2354 4242 Honeste
2404 4195 2475 4235 eo
2505 4181 2767 4235 revertar
2797 4176 2958 4232 unde
2998 4175 3152 4232 male
3183 4175 3359 4231 exivi.

2016 4275 2183 4329 Vers.
2214 4272 2301 4326 18.
2322 4271 2646 4340 Dicamque
2675 4297 2740 4306 —
2773 4266 3009 4322 caelum.
3032 4265 3392 4336 Praeponens
3414 4263 3614 4321 videli-

1947 4370 2036 4420 cet
2069 4362 2148 4417 illi
2179 4369 2415 4423 terram,
2451 4358 2573 4412 sive
2600 4355 2776 4411 bonis
2833 4353 3174 4410 ccelestibus
3214 4358 3465 4409 terrena.

305 4443 346 4512 -ι-
372 4442 576 4498 Timeo
604 4444 761 4498 enim
803 4444 1160 4502 ﬁrmamenti
1208 4453 1541 4520 aspectum,
1579 4454 1873 4526 tanquam
1914 4450 2280 4514 accusatoris
2308 4461 2540 4502 vocem.

311 4535 411 4584 Καὶ
442 4530 652 4584 ἐνώπιον
693 4553 811 4590 σου.
859 4540 1130 4603 Τουτέστι,
1159 4541 1248 4589 καὶ
1281 4536 1351 4599 εἰς
1385 4540 1462 4608 σε,
1492 4541 1559 4602 ὡς
1587 4549 1842 4618 προτιμή-

237 4639 333 4682 σας
354 4628 445 4672 τού
479 4629 573 4674 σού
606 4623 892 4696 θελήματος
919 4629 976 4677 τὸ
1008 4623 1149 4698 ἐμόν.

304 4711 346 4781 -ξ-
379 4709 594 4766 Vereor
627 4718 736 4768 tuae
757 4715 1086 4770 divinitatis
1113 4715 1306 4771 lucem
1334 4716 1549 4774 intueri
1584 4736 1597 4775 :
1625 4723 1900 4780 sordidos

2025 4543 2191 4598 Vers.
2223 4539 2308 4594 18.
2337 4537 2416 4592 Et
2456 4549 2657 4592 coram
2691 4539 2764 4590 te.
2798 4533 2931 4591 Hoc
2952 4535 3006 4589 et
3033 4531 3094 4588 in
3129 4538 3200 4599 te,
3231 4533 3294 4588 ut
3318 4527 3424 4604 qui
3448 4535 3614 4589 tuam

1955 4633 2325 4690 voluntatem
2367 4623 2683 4699 posthabui
2730 4639 2896 4678 meae.

1946 4723 2110 4780 enim
2157 4717 2352 4776 habeo
2391 4713 2658 4786 corporis
2690 4718 2746 4768 et
2775 4713 2992 4768 animae
3022 4710 3254 4768 oculos.

307 4805 407 4852 Καὶ
449 4832 520 4842 -
579 4821 692 4859 σου.
730 4803 818 4865 Ὠς
871 4801 1090 4866 ἀναξίως
1135 4807 1370 4858 τοιούτου
1430 4812 1629 4882 πατρὸς
1685 4811 1837 4865 πολι-

2017 4812 2183 4867 Vers.
2222 4809 2304 4864 19.
2336 4806 2454 4862 Nec
2498 4834 2567 4842 —
2595 4809 2750 4859 tuus.
2807 4801 2958 4868 Quia
2994 4800 3090 4859 tali
3142 4806 3314 4876 patre
3369 4799 3614 4872 indigne

231 4907 319 4942 τευ
328 4908 566 4962 σαμενος.

1960 4903 2332 4958 zonversatus
2354 4910 2508 4950 sum.

307 4982 538 5037 Ποίησον
607 5011 676 5020 -
747 4999 868 5037 σου.
931 4979 1071 5034 Ἐπεὶ
1137 4990 1227 5044 τῆς
1307 4989 1517 5058 πρώτης
1601 4985 1838 5050 ἐξέπεσον

2019 4989 2184 5046 Vers.
2232 4987 2319 5043 19.
2394 4984 2518 5040 Fac
2566 5012 2632 5021 —
2678 4981 2816 5038 tuis.
2853 4983 2934 5038 Ex
2983 4997 3106 5054 quo
3167 4980 3360 5054 primo
3400 4979 3615 5036 ordine

230 5066 442 5132 τάξεως,
472 5066 694 5130 ἀξίωσον
737 5089 801 5141 με
843 5079 934 5130 τῆς
979 5067 1245 5146 δευτέρας,
1274 5079 1426 5146 μόνον
1468 5080 1539 5148 μὴ
1585 5077 1840 5140 παντελῶς

231 5155 527 5231 ἀπορῥίψης
569 5177 650 5230 με.
687 5165 1058 5222 Δυσωπητικός
1087 5163 1112 5213 6
1141 5161 1312 5235 λόγος,
1346 5169 1434 5218 καὶ
1463 5162 1692 5239 καρδίας
1744 5186 1842 5220 πα-

230 5255 383 5320 τρικῆ
397 5268 418 5309 ς
443 5245 749 5322 ἁπτόμενος.

1949 5078 2163 5142 excidi,
2184 5077 2433 5146 dignare
2464 5086 2559 5126 me
2579 5071 2670 5126 vel
2691 5071 2948 5127 secundo
2972 5090 2984 5130 :
3007 5077 3260 5135 tantum,
3285 5087 3359 5126 ne
3382 5069 3616 5142 penitus

1949 5167 2194 5238 abjicias
2226 5181 2340 5221 me.
2390 5161 2700 5223 Placabilis
2731 5165 2820 5217 est
2852 5176 3067 5228 sermo,
3103 5165 3158 5218 et
3191 5175 3293 5217 cor
3315 5156 3617 5230 attingens

1950 5261 2291 5330 paternum.

1450 5459 1668 5530 Varias
1687 5461 2016 5531 lectiones
2046 5472 2110 5531 et
2161 5469 2366 5530 notae.

324 5649 416 5723 78)
450 5651 538 5712 Ὠς
569 5650 760 5707 abest.
802 5652 874 5710 A.

327 5727 421 5790 79)
454 5730 684 5796 Νοοῦμεν
717 5725 948 5781 videtur
977 5723 1276 5781 invenisse
1317 5724 1658 5784 Hentenius.

307 5794 421 5870 (80)
455 5796 556 5852 Hic
588 5794 642 5854 et
671 5796 955 5874 deinceps
1001 5797 1320 5856 Hentenius
1350 5816 1418 5856 ex
1449 5800 1718 5877 margine
1747 5799 1842 5859 sui

1955 5659 2176 5715 codicis
2237 5656 2512 5732 breviora
2562 5655 2752 5715 crucis
2795 5656 2965 5732 signo
2991 5655 3332 5724 inculcavit,
3375 5669 3512 5730 qua:
3554 5654 3618 5713 in

1951 5738 2160 5788 neutro
2203 5747 2469 5788 meorum
2497 5731 2798 5804 leguntur.
