4210 6458
619 342 756 404 4027
1940 337 2285 404 EU’THYMI]

2392 337 2665 402 [GABENI
3878 345 4006 410 1018

693 475 736 544 -ι-
762 468 883 528 Hoc
922 475 1031 537 est,
1065 485 1140 527 ne
1179 485 1277 528 me
1313 467 1393 527 ab
1417 467 1567 525 atrio
1591 471 1718 536 ,tuo
1747 467 2032 542 expellas,
2061 469 2330 535 Domine,
2364 485 2436 524 ne
2465 469 2776 527 inventum
2806 488 2901 530 me
2937 489 3178 530 rursum
3209 475 3531 538 errantem,
3562 472 3858 530 inimicus
3893 483 4004 536 tan.

621 579 807 636 quam
843 561 1150 633 captivum
1173 559 1451 615 abducat.

700 653 863 709 Vers.
897 654 988 708 20.
1017 651 1178 706 Et—
1210 665 1399 705 suum.
1422 680 1491 689 —
1523 649 1708 713 Venit,
1736 648 1850 704 hoc
1875 653 1980 713 est,
2010 649 2288 706 veniebat
2319 662 2363 715 Α

625 748 865 814 sumpta
913 739 1134 794 ﬁducia
1172 740 1246 793 de
1281 737 1435 793 illius
1471 738 1881 793 misericordia
1923 754 1938 804 ;
1970 739 2285 810 oportebat

2402 761 2493 802 σας
2545 749 2652 802 τοῖς
2701 742 2860 794 αὐτοῦ
2915 743 3252 814 σπλάγχνοις.
3285 749 3396 815 Χρή
3444 747 3545 817 γὰρ
3577 748 3648 815 μή
3680 750 3842 816 μονον
3875 746 3997 818 βου-

618 830 780 887 enim
806 846 924 886 non
953 831 1148 884 solum
1172 827 1312 883 bene
1344 827 1513 895 velle,
1546 827 1646 883 sed
1675 834 1731 884 et
1758 844 1894 901 quas
1925 829 2131 885 animo
2155 844 2285 884 con-

2397 830 2636 884 λεύεσθαι
2688 830 2878 902 καλῶς,
2934 831 3061 884 ἀλλὰ
3116 839 3206 885 καὶ
3254 836 3496 906 πράττειν
3567 837 3634 885 τὰ
3727 833 3995 906 βεϐουλευ-

622 925 800 992 cepta
822 925 960 975 sunt
994 918 1244 990 Operari.

2394 925 2540 993 μένα.
2627 963 2640 974 ,μ

690 1010 855 1065 Vers.
905 1008 996 1064 20.
1052 1007 1199 1063 Cum
1240 1038 1309 1047 —
1339 1008 1485 1076 ejus.
1534 1007 1578 1062 Ο
1619 1006 1809 1062 visum
1865 1007 2284 1079 compatientis

2467 1010 2582 1064 Ἐτι
2637 1039 2704 1050 -
2784 1010 2965 1063 αὐτοῦ.
3040 1010 3111 1064 Ὦ.
3190 1013 3635 1084 συμπαθεστοᾱπς
3703 1011 3987 1077 ὀξυωπίαςὲ

618 1097 1031 1155 acutissimum
1058 1095 1282 1150 lSimul
1316 1101 1378 1150 ut
1397 1094 1530 1166 quis
1553 1094 1954 1167 resipiciscere
1977 1097 2035 1150 in
2076 1095 2281 1150 animo

619 1186 914 1264 cogitavit,
966 1186 1126 1241 hunc
1173 1184 1348 1239 etiam
1403 1183 1584 1239 simul
1632 1183 1760 1255 ipse
1815 1183 1983 1251 vidit,
2033 1192 2278 1257 paratus

621 1291 860 1348 semper
901 1274 978 1330 ad
1018 1290 1226 1329 eorum
1257 1271 1362 1342 qui
1394 1278 1810 1328 convertentur
1841 1273 2282 1344 susceptionem

618 1366 773 1422 etab
839 1363 1085 1421 exordio
1134 1362 1333 1417 statim
1384 1363 1747 1434 pmnitentim
1793 1361 1921 1417 illos
1970 1363 2278 1434 recipiens.

618 1456 766 1511 Hinc
783 1469 924 1525 ergo
943 1451 1230 1525 parabola
1253 1449 1660 1506 incredibilem
1686 1451 2033 1507 manifestat
2055 1451 2284 1507 miseri-

617 1543 907 1608 cordiam,
941 1559 1012 1598 ac
1041 1543 1256 1598 imcom
1271 1540 1596 1612 parabilem
1621 1542 1870 1597 celestis
1903 1543 2086 1598 Patris
2116 1558 2282 1597 amo-

617 1649 768 1698 rem,
801 1638 858 1688 et
883 1637 1172 1704 quantam
1204 1629 1567 1702 qualemque
1598 1630 1958 1687 demonstret
1981 1646 2124 1701 erga
2153 1647 2278 1697 eos,

617 1723 722 1796 qui
744 1727 1188 1785 convertuntur,
1228 1721 1734 1790 compassionem.

690 1811 858 1866 Vers.
894 1812 982 1866 20.
1018 1810 1101 1865 Ac
1130 1807 1530 1864 misericordia
1553 1815 1742 1865 motus
1769 1815 1873 1865 est.
1907 1809 2081 1864 Pater
2119 1808 2276 1864 enim

619 1907 743 1957 erat
774 1919 790 1972 ;
824 1916 933 1956 nec
964 1900 1023 1955 id
1045 1906 1296 1967 tantum,
1348 1902 1448 1955 sed
1488 1905 1544 1955 et
1583 1903 1732 1954 Deus
1765 1898 2203 1954 misericordias.

691 1990 857 2047 Vers.
917 1994 1002 2044 20.
1061 1989 1138 2045 Et
1179 2023 1243 2032 —
1273 2009 1426 2049 eum.
1477 1991 1598 2046 Prin
1651 1989 1835 2044 nimio
1885 1988 2106 2059 gaudio
2156 2003 2274 2043 non
2313 2009 2357 2063 Β

618 2080 980 2152 exspectavit
1044 2087 1104 2136 ut
1163 2081 1260 2136 ille
1319 2083 1561 2146 veniret,
1617 2079 1718 2134 sed
1774 2078 1941 2147 prius
2000 2078 2275 2142 occurrit,

619 2186 813 2242 neque
857 2169 914 2224 id
973 2174 1292 2244 utcunque,
1345 2172 1526 2227 sedet
1581 2168 1853 2232 accurrit,
1890 2175 1951 2222 ut
1992 2175 2280 2238 appareat

619 2257 848 2315 amoris
878 2258 1252 2315 vehementia
1286 2267 1378 2327 ;et
1404 2262 1518 2314 ruit
1557 2260 1612 2313 in
1650 2256 1869 2312 collum
1896 2257 2048 2325 ejus,
2074 2258 2280 2310 certio-

618 2364 744 2404 rem
775 2364 911 2403 eum
939 2348 1189 2403 reddens
1215 2349 1379 2421 quod
1425 2363 1605 2403 omne
1643 2353 1956 2418 peccatum
1990 2345 2068 2398 illi
2110 2343 2282 2399 remi-

619 2439 797 2494 sisset
824 2445 913 2505 ;et
936 2437 1240 2494 osculatus
1271 2444 1361 2494 est
1383 2455 1520 2493 eum
1555 2445 1847 2508 tanquam
1875 2433 2280 2489 desideratum

618 2527 828 2592 ﬁlium,
857 2528 955 2600 qui
982 2543 1166 2600 usque
1188 2527 1264 2584 ad
1307 2526 1710 2599 paenitentiam
1736 2523 2054 2580 sceleratus
2096 2522 2284 2577 fuerat

621 2622 678 2674 et
715 2616 1161 2672 abominabilis.

653 2691 731 2762 Ὀ
767 2705 1188 2761 admirandam
1245 2702 1787 2761 reconciliationem
1838 2699 2025 2768 lQuid
2057 2700 2278 2765 dicam,

619 2801 722 2851 aut
771 2794 916 2867 quid
965 2794 1179 2866 loquar
1229 2796 1304 2849 de
1355 2791 1659 2848 ineifabilli
1717 2792 1816 2847 Dei
1867 2787 2284 2859 benignitate?

616 2888 764 2942 Nam
783 2883 880 2938 ubi
898 2884 971 2937 ad
986 2884 1348 2938 immensum
1363 2882 1518 2937 illius
1534 2882 1778 2952 pelagus
1796 2881 2067 2953 respicio,
2085 2895 2282 2935 sermo

619 2972 767 3030 mihi
799 2971 1158 3044 praeciditur,
1180 2988 1371 3044 neque
1394 2971 1539 3044 quid
1573 2971 1787 3044 loquar
1817 2972 1958 3025 milii
1982 2970 2279 3042 reliquum

617 3068 760 3128 est;
821 3060 1013 3116 solum
1064 3060 1176 3116 hoc
1230 3061 1391 3117 clara
1447 3076 1518 3115 ac
1613 3060 1798 3115 libera
1857 3075 2002 3114 voce
2062 3059 2279 3126 clamo,

617 3139 778 3225 quod
815 3167 906 3206 res
941 3166 1194 3220 magnas
1221 3149 1397 3206 efﬁcit
1420 3149 1789 3222 paenitentia.
1807 3149 1975 3204 facile
1995 3165 2129 3204 eum
2149 3148 2282 3204 ﬂec-

616 3247 767 3305 tens.
787 3240 889 3313 qui
917 3239 1102 3295 facilis
1133 3245 1222 3295 est
1248 3245 1310 3295 ut
1334 3237 1624 3307 ﬂectatur,
1655 3237 1984 3308 benignum
2012 3238 2283 3293 videlicet

2394 3246 2616 3315 χύτερον
2651 3243 2719 3304 εὶς
2750 3247 2804 3294 τὸ
2837 3241 3257 3314 έπικοὲμπτεσθαι
3288 3242 3648 3316 φιλάνθρωπον
3677 3247 3796 3296 Θεὸν
3826 3243 3964 3312 ἡμῶν.

617 3331 803 3386 Deum
830 3335 1100 3385 nostrum
1127 3330 1380 3385 .Homini
1410 3345 1548 3384 vero
1576 3328 1836 3384 maxime
1859 3343 2122 3398 congrua
2146 3332 2281 3380 sntit

2397 3334 3013 3407 Ἀνθρνιιποπρεπέστορον
3087 3329 3146 3385 δε
3212 3335 3279 3384 τὰ
3336 3333 3564 3407 ῥηθέντα
3621 3334 3784 3385 ποιεῖν
3839 3330 3968 3382 αὐτὸν

614 3419 916 3492 praedicta,
949 3435 1083 3490 qua:
1113 3435 1250 3474 eum
1308 3418 1521 3473 fecisse
1545 3417 1684 3473 dicit
1706 3417 1781 3472 ad
1810 3417 2280 3473 manifestiorem

615 3507 1046 3581 compassionis
1077 3525 1147 3564 ac
1180 3507 1675 3563 reconciliationis
1702 3506 1892 3579 ipsius
1922 3507 2278 3569 doctrinam,

619 3614 756 3655 cum
779 3600 959 3654 etiam
1012 3598 1072 3653 in
1113 3597 1410 3670 principio
1442 3595 1744 3668 parabole
1782 3596 2087 3652 hominem
2143 3611 2281 3651 eum

617 3690 1016 3760 supposuerit.

665 3772 860 3832 'Vers.
886 3777 974 3830 2t.
998 3778 1097 3832 Ait
1135 3805 1186 3816 -
1222 3774 1377 3847 ﬁlius
1409 3781 1560 3830 tuus.
1609 3775 1747 3840 Quae
1774 3773 1963 3829 dicere
1994 3773 2284 3846 cogitave-

615 3870 728 3930 rat,
759 3881 828 3921 ea
871 3881 1032 3920 nunc
1088 3869 1210 3921 toto
1264 3865 1443 3920 corde
1492 3863 1656 3930 dicit,
1693 3870 1755 3919 ut
1796 3865 1928 3919 hinc
1977 3863 2283 3919 discamus

619 3954 785 4028 quod
838 3953 1112 4026 Oporteat
1163 3959 1341 4010 etiam
1390 3958 1524 4026 post
1575 3953 2113 4009 reconciliationem
2162 3958 2283 4008 toto

621 4043 802 4100 corde
863 4041 1051 4108 fateri,
1097 4043 1261 4116 quod
1321 4043 1791 4116 peccaverimus,
1851 4058 2081 4110 nosque
2120 4043 2284 4116 ipsos

621 4132 1054 4189 condemnare.

692 4221 866 4278 Vers.
905 4221 991 4276 22.
1021 4219 1186 4278 Dixit
1209 4253 1260 4263 -
1287 4238 1437 4278 suos.
1472 4220 1562 4277 Ad
1596 4220 1862 4277 Ecclesiae
1893 4220 2234 4278 sacerdotes
2267 4238 2280 4277 :

619 4325 762 4370 nam
777 4311 838 4368 hi
853 4314 968 4368 Deo
989 4311 1329 4368 ministrant
1355 4311 1432 4368 ad
1459 4327 1687 4378 eorum,
1711 4311 1813 4384 qui
1837 4317 2281 4368 convertuntur.

622 4400 876 4457 salutem
891 4443 904 4458 .

699 4490 868 4546 Vers.
900 4492 991 4546 22.
1038 4489 1408 4560 Proferte—
1436 4489 1627 4546 illum.
1685 4489 1970 4560 Primam,
2019 4489 2286 4563 pretiosi-

625 4578 955 4646 sissimam,
983 4596 1115 4649 quae
1145 4587 1230 4635 est
1261 4579 1590 4651 puriﬁcatio
1623 4584 1724 4635 aut
1762 4581 1972 4650 gratia,
2006 4596 2122 4652 qua
2156 4596 2283 4634 cus-

2395 4583 2423 4638 ἠ
2459 4583 2735 4654 κάθαρτις,
2771 4584 2798 4639 ἡ
2835 4587 3155 4656 φρουρττικὴ
3185 4586 3368 4655 χάρις.

631 4669 893 4726 todiatur
925 4684 939 4737 ;
978 4686 1162 4742 quam
1192 4668 1498 4740 perdidita
1524 4667 1693 4724 Patre
1717 4674 2045 4742 separatus,
2096 4668 2299 4737 ﬁdem,
2333 4672 2556 4726 velitati
2590 4671 2992 4740 cognitionem
3027 4689 3040 4727 :
3070 4679 3126 4728 et
3151 4673 3377 4727 induite
3403 4671 3590 4744 illum,
3612 4673 3718 4746 qui
3741 4674 3977 4744 seipsum

623 4760 806 4814 exuit-

699 4847 870 4902 Vers.
903 4848 992 4902 22.
1059 4848 1134 4903 Et
1167 4879 1225 4889 -—
1273 4849 1421 4918 ejus.
1449 4846 1819 4904 Arrabonem
1866 4847 2283 4904 familiaritatis
2315 4846 2360 4902 D

628 4952 771 5007 erga
793 4937 998 5004 Deum,
1028 4943 1131 4993 aut
1161 4937 1537 5007 signaculum
1578 4938 1654 4994 ad
1694 4933 2102 5010 operationem
2131 4939 2281 5012 ejus,

2476 656 2574 704 Καὶ
2625 683 2684 693 -
2745 653 2929 708 αὐτοῦ.
2978 652 3183 716 Ἦλθεν,
3232 652 3347 706 ἀντὶ
3375 660 3488 719 τοῦ,
3530 652 3789 726 Ἦρχετο,
3821 657 4001 732 8αρῥή-

2391 1098 2534 1162 Ἀμα
2586 1119 2664 1161 τις
2725 1098 3013 1167 ένεθυμήθη
3089 1110 3426 1172 μετανοῆσαι,
3483 1105 3573 1152 καὶ
3637 1102 3755 1174 ἅμα
3829 1113 3987 1156 τοῦτον

2393 1186 2526 1241 εἶδεν
2587 1189 2765 1254 αὐτὸς,
2829 1190 3033 1261 ἕτοιμος
3100 1190 3166 1240 ὢν
3224 1188 3303 1242 ἀεὶ
3367 1194 3498 1264 πρὸς
3558 1189 3845 1263 ὑποδοχὴν
3903 1204 3985 1245 τῶν

2391 1276 2821 1352 έπιστρεφόντων.
2878 1282 2965 1329 καὶ
3030 1277 3179 1341 εὐθὺς
3243 1277 3296 1330 έκ
3353 1285 3638 1352 προοιμίων
3694 1290 3792 1342 τῆς
3852 1301 3982 1353 μετα-

2390 1372 2532 1430 νοίας
2591 1367 3090 1439 ἀντιλαμϐανόμενος
3147 1367 3336 1422 αὐτῶν.
3400 1369 3652 1422 Ἐντεῦθεν
3706 1366 3798 1422 οὖν
3834 1374 3862 1430 ἦ
3905 1392 3982 1423 πα·

2389 1456 2586 1528 ραεολή
2634 1453 2944 1529 δημοσιεύει
2996 1461 3090 1514 τὴν
3162 1455 3545 1530 ἀνυπέρϐλητον
3605 1459 3978 1532 εὐσπλαγχνίαν

2391 1551 2478 1597 καὶ
2513 1545 2810 1598 ἀνείκαστον
2839 1546 3205 1618 φιλοστοργίαν
3232 1555 3322 1598 του
3349 1547 3590 1620 οὐρανίου
3640 1553 3864 1621 Πατρός,
3906 1557 3975 1601 καὶ

2390 1638 2518 1692 ὅσην
2569 1641 2658 1687 καὶ
2707 1638 2818 1687 οἷαν
2877 1635 2947 1697 εἰς
2999 1639 3126 1697 τοὺς
3191 1634 3590 1709 ἐπιστρέφοντας
3671 1640 3971 1710 συμπάθειαν

2390 1721 2744 1776 ἐπιδείκνυται
2757 1767 2768 1780 .

2465 1819 2564 1866 Καὶ
2619 1812 3045 1885 ἄσπλαγχνίσθη.
3104 1818 3276 1887 Πατὴρ
3324 1816 3427 1887 γὰρ
3482 1811 3562 1885 ἦν,
3595 1819 3690 1868 καὶ
3741 1815 3802 1869 οὐ
3852 1823 3955 1869 τοῦτο

2391 1909 2566 1975 μόνον,
2591 1902 2715 1954 ἀλλὰ
2746 1910 2834 1954 καὶ
2857 1907 2975 1964 Θεὸς
3007 1902 3188 1964 έλέους.

2469 1998 2568 2045 Καὶ
2620 2023 2684 2034 -
2734 1993 2916 2047 αὑτὸν.
2982 1992 3106 2045 ’Υπὸ
3157 2000 3243 2053 τῆς
3289 1995 3424 2064 οῖγαν
3482 2000 3844 2070 περιχαρείας,
3895 1995 3969 2046 οὐκ

2397 2087 2646 2153 ανέμεινεν
2699 2082 2853 2133 αὑτὸν
2901 2081 3079 2148 ἐλθεῖν,
3147 2082 3272 2134 ἀλλὰ
3329 2090 3724 2155 προϋπηντησε,
3764 2091 3847 2136 καὶ
3881 2083 3966 2153 οὐχ

2393 2172 2585 2235 οἱπλώς,
2621 2170 2746 2222 ἀλλὰ
2793 2167 3026 2243 δραμὼν,
3063 2172 3144 2222 ἵνα
3193 2180 3321 2243 φανῇ
3376 2175 3433 2223 τὸ
3483 2170 3713 2247 σφοδρὸν
3749 2181 3834 2225 του
3877 2173 3968 2244 φίλ-

2390 2279 2528 2333 τρου·
2578 2267 2666 2312 καὶ
2715 2259 2953 2312 έπέπεσεν
3003 2259 3083 2312 ini
3119 2264 3204 2313 τὸν
3259 2261 3527 2333 τράχηλον
3576 2263 3750 2325 αὐτοῦ,
3799 2262 3964 2332 πλη-ρο·

2392 2360 2576 2421 φορῶν.
2635 2352 2714 2401 ὅτι
2764 2349 2952 2421 ἀφῆκεν
3003 2351 3143 2420 αὐτῷ
3190 2356 3364 2402 πᾶσαν
3405 2351 3680 2425 ἁμαρτίαν,
3729 2357 3809 2403 καί
3859 2369 3964 2401 κατ-

2392 2440 2626 2511 εφίλησεν
2660 2439 2812 2490 αὑτὸν
2843 2443 2910 2499 ὡς
2941 2439 3052 2490 υἱὸν
3078 2440 3332 2506 ποθεινὸν,
3350 2443 3435 2492 τὸν
3455 2442 3587 2514 ἄχρι
3605 2449 3692 2502 τῆς
3711 2443 3959 2512 μετανοίας

2391 2534 2578 2603 μιαρον
2606 2547 2658 2581 τε
2683 2533 2771 2580 καὶ
2803 2525 3080 2603 βδελυρόν.

2463 2705 2533 2758 Ὠ
2578 2702 2881 2779 παραδοξου
2914 2705 3291 2778 καταλλαγῆςῑ
3351 2709 3410 2763 Τί
3458 2706 3643 2771 ἀντωά
3689 2702 3955 2760 τίλαλησω

2395 2800 2523 2868 πρὸς
2575 2802 2669 2853 τὴν
2729 2795 2955 2870 ἄρρητον
3016 2816 3108 2849 του
3166 2804 3300 2850 Θεοῦ
3359 2797 3770 2869 φιλανθρωπίανς
3819 2793 3960 2846 Ἀπο-

2393 2885 2559 2938 6λ.έπω
2610 2888 2721 2956 (81)
2775 2891 2876 2959 γὰρ
2918 2889 3045 2957 πρὸς
3094 2891 3151 2937 τὸ
3194 2884 3385 2957 ἀχανές
3430 2885 3652 2956 πέλαγος
3679 2885 3846 2948 αὐτῆς,
3872 2880 3963 2932 ἐπι·

2392 2994 2651 3046 κοπτοριαι
2727 2979 2812 3026 τὸν
2887 2975 3060 3044 λογον,
3118 2980 3207 3026 καὶ
3266 2975 3359 3027 οὐκ
3419 2978 3530 3047 ἔχω
3587 2981 3639 3027 τί
3687 2973 3961 3046 φθέγξομαι.

2391 3071 2554 3116 Tauro
2604 3060 2661 3115 δε
2710 3071 2862 3134 μονον
2913 3063 3129 3136 λαμπρᾲ
3178 3063 3288 3136 βοῶ
3333 3072 3394 3137 τῇ
3456 3073 3619 3138 φωνῇ,
3673 3067 3749 3116 ὅτι
3794 3061 3966 3135 μεγαλα

2395 3151 2616 3206 δύναται
2669 3155 2697 3211 ἡ
2748 3155 3014 3224 μετάνοια,
3062 3159 3268 3225 ταχέως
3319 3152 3724 3226 έπικάμπτουσα
3759 3157 3840 3204 τὸν
3891 3169 3964 3201 τα-

2393 3422 2548 3493 λέγει,
2582 3427 2704 3494 πρὸς
2736 3421 3101 3496 ἐναργεστέραν
3145 3418 3500 3474 διδασκαλίαν
3556 3430 3646 3482 τῆς
3679 3422 3969 3495 συμπαθείας

2393 3517 2478 3563 καὶ
2519 3511 2845 3582 καταλλαγῆς
2887 3511 3062 3574 αὑτοῦ,
3124 3510 3231 3563 ἐπεὶ
3283 3516 3373 3564 καὶ
3419 3514 3689 3585 ἄνθρωπον
3749 3510 3892 3563 αὑτὸν
3933 3508 3971 3558 έν

2395 3598 2537 3672 sip/ui
2571 3609 2664 3662 τῆς
2696 3599 2991 3672 παραϐολῆς
3017 3602 3250 3655 ὑπέθετο.

2469 3773 2590 3829 Εἶπε
2639 3808 2703 3816 -
2762 3780 2875 3840 υίὸς
2922 3797 3037 3833 σου.
3093 3778 3253 3852 ’Λπερ
3305 3777 3463 3832 εἰπεῖν
3497 3776 3791 3852 ἐμελέτησε,
3834 3782 3976 3829 ταῦτα

2391 3865 2527 3937 λέγει
2585 3874 2674 3917 νῦν
2724 3865 2776 3929 ἐξ
2846 3868 2963 3928 ὅλης
3017 3865 3264 3942 καρδίας,
3316 3871 3387 3930 ὡς
3438 3869 3664 3920 ἱντεῡθεν
3729 3868 3975 3940 μανθάνειν

2394 3957 2547 4028 ἡμᾶς,
2601 3958 2678 4007 ὅτι
2722 3960 2831 4027 χρὴ
2891 3961 2980 4008 καὶ
3034 3959 3148 4027 (8'2)
3205 3960 3332 4029 μετὰ
3379 3962 3474 4015 την
3513 3956 3840 4029 καταλλαγήν
3877 3954 3976 4006 ὀλο-

2393 4041 2623 4117 καρδίως
2659 4046 2946 4117 ὁμολογεῖν,
2994 4048 3071 4098 ὃτι
3120 4048 3439 4120 ἡμάρτομεν,
3487 4050 3575 4098 καὶ
3623 4043 3976 4106 καταδικάζειν

2394 4135 2623 4195 ἑαυτούς.

2468 4220 2590 4276 Εἵπε
2644 4255 2711 4264 -
2759 4224 2919 4276 αὑτοῦ
2998 4229 3135 4300 Πρὸς
3185 4229 3298 4286 τοὺς
3330 4227 3475 4300 ἱερεῖς
3518 4234 3614 4288 τῆς
3665 4225 3975 4283 Ἐκκλησίας.

2395 4313 2553 4365 Οὗτοι
2583 4315 2680 4387 γὰρ
2723 4315 3042 4388 ὑπηρετοῦσι
3069 4323 3139 4385 τῷ
3169 4323 3280 4386 Θεῷ
3307 4320 3438 4388 πρὸς
3475 4320 3567 4374 τήν
3606 4319 3866 4391 σωτηρίαν
3894 4320 3977 4364 τῶν

2395 4401 2818 4474 ἐπιστρεφόντων,

2466 4491 2790 4563 Ἐξενέγκατε
2829 4523 2892 4533 -
2947 4493 3122 4546 αὐτόν.
3169 4498 3274 4553 Τὴν
3323 4496 3665 4566 τιμιωτάτην,
3701 4495 3819 4556 ἣτις
3857 4490 3979 4544 έστὶν

2470 4854 2567 4902 Καὶ
2597 4881 2659 4890 -
2694 4850 2879 4908 αὑτοῦ.
2921 4849 3225 4926 Ἀῤῥαϐῶνα
3254 4858 3347 4912 τῆς
3373 4853 3496 4923 πρὸς
3523 4853 3645 4904 Θεὸν
3667 4850 3976 4906 οἰκειώσεως,

2396 4941 2424 4997 ἣ
2460 4936 2733 5012 σφραγῖδα
2782 4943 2849 5002 είς
2896 4946 2989 4999 τὴν
3020 4941 3207 5016 πρᾶξιν
3257 4941 3437 5010 αὐτοῦ,
3470 4943 3604 4993 ὥστε
3636 4945 3802 5012 μένειν
3837 4936 3978 4990 αὐτὴν

624 5043 694 5081 ne
725 5027 850 5096 ipsa
877 5026 1108 5082 insidiis
1159 5032 1496 5098 appetatur.

702 5116 861 5171 Vers.
895 5118 981 5171 22.
1012 5116 1089 5171 Et
1118 5117 1512 5171 calceamenla
1557 5114 1615 5170 in
1640 5117 1830 5185 pedes.
1852 5116 1918 5173 Id
1945 5121 2051 5186 est,
2085 5120 2286 5174 custo-

630 5205 793 5262 diam
825 5204 902 5262 ad
943 5204 1052 5261 iter
1088 5205 1558 5262 conversationis
1604 5221 1745 5261 suae.

2394 5026 2830 5082 ἀνεπιϐούλευτον.

2471 5124 2571 5171 Καὶ
2615 5116 2934 5192 ὑποδήματα
2991 5118 3062 5181 εὶς
3109 5122 3225 5180 τοὺς
3268 5115 3454 5180 πόδας.
3501 5117 3740 5178 Φυλακην
3797 5115 3865 5177 εἰς
3898 5115 3975 5169 τὴν

2396 5212 2606 5282 πορείαν
2637 5216 2732 5269 τῆς
2763 5207 3018 5270 πολιτείας
3050 5208 3208 5262 αὐτοῦ
3238 5209 3375 5281 (83).

1824 5439 2046 5524 Variae
2095 5439 2430 5514 lectiones
2491 5451 2560 5514 et
2595 5452 2798 5514 notae.

701 5683 815 5762 (8t)
841 5685 1016 5763 Forte
1047 5684 1334 5763 interpres
1365 5684 1507 5762 legit
1540 5683 1860 5748 ἀποϐλέπων.

707 5757 859 5836 (ltiti)
892 5757 1059 5816 abest
1099 5764 1170 5821 A.
1199 5757 1219 5763 ’
1427 5757 1452 5762 ⁷
1484 5770 1493 5778 ·

2394 5691 2588 5843 "£8612
2615 5690 2918 5770 Scholium
2973 5695 3319 5768 proximum
3371 5693 3435 5753 in
3471 5698 3685 5755 neutro
3727 5702 3973 5754 meorum
