4210 6442
164 351 301 416 4029

1228 353 1584 414 COMMENT.
1628 353 1697 411 IN
1738 349 1996 411 LUCAM.
2040 385 2106 394 —
2146 349 2302 410 CAP.
2344 347 2469 407 XV.

3415 349 3556 408 1030

230 483 272 554 -ι-
305 481 490 539 Uthis
530 480 827 538 calceatus
851 478 912 537 in
938 480 1368 554 praeparatione
1400 479 1698 550 Evangelii
1729 477 1914 552 pacis,
1942 475 2248 534 conculcet
2301 477 2604 548 serpentes
2678 489 2749 531 ac
2798 472 3170 546 scorpiones,
3231 472 3346 532 hoc
3439 478 3549 542 est,

158 574 486 630 contrarias
515 577 876 644 potestates.

239 667 340 715 Καὶ
384 693 453 702 -
495 664 705 718 θύσατε.
754 668 972 733 Μόσχος
1012 665 1270 725 σιτευτὸς,
1324 663 1382 713 τὸ
1431 661 1580 730 οἶγιον
1620 667 1772 730 σῶμα
1808 657 1855 710 Α

167 759 258 803 τοῦ
290 759 519 825 Χριστοῦ
545 769 557 780 ·
591 756 795 824 μόσχος
826 755 934 823 μὲν,
982 753 1050 812 ὡς
1086 755 1157 822 μὴ
1190 747 1459 822 δαμασθὲν
1488 757 1546 821 τῇ
1585 749 1773 822 ζεύγλη
1800 772 1804 776 ~

169 849 264 902 τῆς
305 841 598 915 ἁμαρτίαςο
651 845 886 903 σιτευτὸς
935 837 1013 906 δὲ,
1053 843 1122 902 ὡς
1151 841 1360 892 πιανθεν
1414 846 1528 901 ταῖς
1577 837 1785 916 ἀρεταῖς

171 936 260 984 καὶ
289 933 508 1005 τηρηθεν
539 930 606 992 εἰς
623 935 715 990 την
738 932 863 1006 ὑπὲρ
895 939 993 983 τῶν
1024 929 1341 1005 ἁμαρτωλῶν
1375 933 1604 1001 σφαγήν.

248 1111 348 1160 Καὶ
377 1111 626 1180 φαγόντες
655 1105 1031 1181 εὐφρανθῶμεν.
1076 1111 1259 1176 Φαγείι
1301 1109 1389 1157 καὶ
1421 1107 1576 1166 αύτός
1623 1104 1778 1177 λέγει,

174 1192 347 1255 δηλῶν
375 1201 466 1255 τὴν
487 1201 759 1248 κοινωνίαν
791 1203 882 1257 τῆς
906 1194 1249 1268 εὐφροσύνης.

241 1291 460 1338 Ὀτι-
512 1287 714 1360 εὑρέθη.
749 1288 1015 1360 Νέκρωσιν
1064 1287 1154 1356 μεν
1194 1288 1283 1336 καὶ
1342 1282 1598 1336 ἀπώλειάν
1651 1302 1781 1356 φησι

171 1378 265 1432 τὴν
314 1373 415 1427 ἀπὸ
446 1383 540 1436 τῆς
591 1374 886 1448 ἁμαρτίας·
947 1372 1254 1434 ἀναζὼωσιν
1315 1370 1373 1425 δὲ
1403 1377 1493 1424 καὶ
1553 1372 1776 1448 εὕρεσιν,

174 1468 269 1523 τὴν
297 1463 398 1516 ἀπό
428 1472 522 1527 τῆς
550 1470 847 1537 μετανοίας.

251 1647 352 1696 Καὶ
377 1641 600 1718 ἤρξαντο
631 1640 1016 1715 εὐφραίνεσθαι.
1048 1648 1212 1694 Τοῦτο
1245 1643 1422 1713 σαφές.

1956 656 2120 712 Vers.
2153 655 2240 710 23.
2269 656 2347 711 Et
2395 685 2447 697 —
2480 659 2751 710 mactate.
2785 651 3017 710 Vitulus
3051 651 3363 722 saginatus
3406 667 3552 709 san-

1887 750 2046 802 ctum
2078 745 2291 802 Christi
2323 760 2540 817 corpus
2565 750 2694 800 est:
2728 742 2945 797 vitulus
2962 741 3228 813 quidem,
3254 747 3545 816 tanquam

1889 850 2008 890 non
2039 833 2320 890 domatus
2344 833 2493 904 jugo
2527 849 2597 888 ac
2645 831 2908 906 pondere
2941 832 3197 902 peccati;
3233 831 3544 903 saginatus

1889 939 2046 989 vero,
2076 929 2368 996 tanquam
2397 922 2706 979 virtutibus
2728 922 3158 995 impinguatus,
3187 936 3256 978 ac
3270 925 3548 977 servatus

1889 1018 1954 1069 ut
1973 1029 2085 1085 pro
2107 1012 2516 1085 peccatoribus
2538 1013 2684 1068 imm
2695 1011 2853 1068 oletu
2864 1027 2911 1069 r.

1959 1104 2119 1158 Vers.
2155 1106 2240 1158 23.
2282 1103 2368 1156 Ac
2395 1103 2704 1171 epulantes
2761 1102 3049 1158 lavamur.
3084 1099 3271 1156 Edere
3299 1115 3546 1174 quoque

1889 1191 2019 1264 ipse
2051 1191 2266 1248 dicitur
2297 1191 2372 1247 ad
2411 1191 2623 1247 laetitiae
2661 1191 3290 1246 communicationem.

1962 1281 2128 1337 Vers.
2159 1283 2249 1337 24.
2296 1281 2443 1349 Quia
2473 1312 2541 1320 —
2571 1279 2843 1336 inventus
2889 1285 2991 1336 est.
3041 1277 3542 1336 Mortiﬁcationem

1889 1370 2134 1443 quidem
2175 1386 2246 1425 ac
2275 1369 2664 1442 perditionem
2703 1368 2842 1424 dicit
2870 1385 3004 1425 eam
3048 1384 3186 1441 quas
3215 1385 3252 1424 a
3298 1373 3546 1442 peccato

1891 1459 2196 1531 procedit:
2223 1459 2678 1515 vivificationem
2696 1474 2830 1514 vero
2857 1474 2927 1515 ac
2958 1457 3387 1528 inventionem,
3421 1473 3545 1518 eam

1893 1564 2029 1621 qua:
2055 1565 2092 1606 a
2121 1549 2489 1621 paenitentia.

1966 1640 2230 1694 Vers.24.
2261 1639 2686 1711 Caperuntque
2744 1637 2961 1695 tartari.
3004 1639 3123 1694 Hoc
3163 1636 3554 1694 manifestum

1897 1732 2005 1784 est.

248 1819 344 1874 Ἦν
391 1853 454 1863 -
489 1819 654 1896 ἀγρῷ.
687 1828 770 1892 Τῷ
813 1830 913 1874 τῶν
966 1818 1176 1895 ἀρετῶν,
1229 1817 1566 1893 ἐργαζόμενος
1595 1820 1780 1883 αὐτάς.

1965 1817 2126 1874 Vers.
2159 1821 2248 1872 25.
2275 1817 2428 1874 Erat
2455 1848 2519 1859 ——
2543 1832 2700 1889 agro.
2735 1820 2798 1872 In
2846 1832 2993 1888 agro
3026 1816 3333 1884 virtutum,
3381 1831 3557 1873 exer-

1897 1923 2037 1963 cens
2069 1922 2138 1962 ac
2161 1906 2365 1963 colens
2392 1907 2542 1964 illas.

257 2004 355 2053 Καὶ
411 2002 477 2062 ὡς
529 2031 594 2041 -
653 2009 849 2075 χορῶν.
898 1999 958 2052 Ὀ
1015 2008 1245 2060 τοιοῦτος
1294 2002 1508 2074 ἔρχεται
1545 2003 1634 2072 μὲν
1688 1997 1781 2053 διὰ

1970 1998 2126 2050 Vers.
2149 1997 2237 2052 25.
2270 1997 2531 2068 Cumque
2561 2027 2625 2037 —
2656 1995 2881 2052 choros.
2910 1995 3064 2052 Talis
3116 1995 3361 2068 quidem
3388 1995 3554 2052 venit

181 2097 487 2162 προκοπῆς·
556 2088 752 2161 ἐγγίζει
793 2087 850 2142 δὲ
895 2086 987 2140 διὰ
1028 2089 1331 2149 τελειώσεως
1373 2098 1444 2159 τῷ
1511 2093 1636 2161 οἴκῳ
1686 2099 1778 2142 τοῦ

183 2187 340 2242 Θεοῦ,
387 2184 477 2230 καὶ
526 2177 702 2230 ἀκούει
753 2184 1057 2250 συμφωνίας
1100 2182 1189 2250 μὲν
1234 2188 1513 2249 μουσικῆς,
1561 2176 1654 2231 διὰ
1689 2185 1782 2239 τὴν

182 2271 313 2339 πρὸς
363 2270 450 2319 τόν
509 2272 705 2340 πατέρα
751 2272 1051 2340 συμφωνίαν
1090 2275 1181 2320 τοῦ
1235 2270 1373 2333 υἱοῦ,
1443 2272 1503 2327 ἣν
1556 2275 1787 2342 συνεφώο

181 2374 312 2413 νησε
343 2352 436 2408 διά
484 2363 580 2418 τῆς
621 2362 924 2428 μετανοίας’
977 2365 1153 2432 χορῶν
1204 2353 1283 2423 δὲ,
1333 2354 1426 2410 διὰ
1455 2364 1548 2417 τὴν
1599 2357 1787 2412 ἐκεῖθεν

183 2445 380 2515 χαράν.
411 2443 492 2497 Ἐν
523 2452 592 2516 τῷ
625 2448 750 2517 οἴκῳ
775 2449 876 2519 γὰρ
921 2455 1012 2499 τοῦ
1053 2454 1186 2499 Θεοῦ
1231 2445 1367 2519 ἦχος
1415 2449 1644 2524 καθαρός
1675 2449 1782 2520 (84)

185 2531 550 2606 ἑορταζόντων.

261 2629 360 2674 Καὶ
416 2655 482 2663 —
535 2631 734 2692 ταῦτας
790 2623 914 2678 "Eva
964 2634 1062 2678 τῶν
1127 2624 1377 2698 ἀγγελων.
1441 2628 1520 2678 Δι’
1567 2625 1786 2698 ἀγγέλου

180 2713 283 2784 γὰρ
330 2711 786 2766 ἀποκαλύπτονται
844 2717 910 2766 τά
969 2717 1078 2766 θεῖα
1129 2721 1432 2789 μυστήρια·
1485 2713 1684 2779 παῖδας
1729 2714 1788 2769 δε

179 2809 269 2853 νῦν
300 2801 432 2874 λέγει
469 2807 589 2866 τούς
636 2800 886 2866 δούλους·
923 2801 1100 2857 δοῦλοι
1154 2802 1213 2858 δὲ
1259 2814 1351 2858 τοῦ
1405 2814 1560 2872 Θεοῦ,
1620 2809 1669 2859 0i
1697 2808 1786 2879 ἄγα

179 2891 299 2963 γελο
307 2912 342 2945 ι.

255 2980 313 3034 Ὀ
337 2977 396 3034 δε
422 3013 482 3025 —
511 2985 646 3040 ἣκει.
677 2987 1027 3057 Παραγίνεται
1052 2982 1391 3060 ἐπιστρέψας.

262 3076 362 3124 Καὶ
400 3104 469 3112 -
499 3071 768 3126 ἀπέλαϐεν.
815 3074 1177 3128 Ἀποεαλόντα
1215 3080 1309 3133 τὴν
1357 3081 1507 3128 νόσον
1557 3072 1652 3128 διὰ
1697 3084 1788 3138 τῆς

184 3165 475 3232 μετονοίας.

260 3245 512 3321 Ὠργίσθη
557 3282 621 3291 -
666 3251 931 3304 εἰσελθεῖν.
987 3253 1316 3325 Σχηματίζει
1368 3261 1548 3306 τοῦτον
1605 3256 1636 3313 ἡ
1687 3275 1787 3308 πα-

181 3336 382 3411 ραϐολη
429 3347 516 3390 νῦν
569 3339 919 3415 ὀργιζόμενον,
978 3348 1067 3395 καὶ
1123 3350 1195 3415 μὴ
1259 3343 1467 3396 mam
1519 3343 1784 3408 εἰσελθεῖν,
1816 3374 1856 3429 C

183 3427 295 3500 οὐχ
329 3429 409 3480 ὅτι
447 3428 728 3502 ἐφθόνησε·
783 3429 920 3490 λύπη
973 3435 1074 3504 γὰρ
1125 3429 1349 3504 οὐδεμία
1397 3439 1502 3494 τοῖς
1559 3429 1789 3494 δικαίοις

182 3517 274 3569 ἐπὶ
317 3525 378 3590 τῇ
434 3523 669 3592 σωτηρίᾳ
722 3529 820 3572 τῶν
868 3517 1132 3592 ἀδελφῶν·
1190 3520 1295 3573 ἀλλ’
1342 3522 1425 3574 ἵνα
1472 3529 1786 3596 παραστήσῃ

181 3612 282 3666 τὴν
327 3607 609 3682 ὑπερϐολὴν
641 3617 737 3672 τῆς
793 3618 884 3662 τοῦ
933 3617 1066 3662 Θεοῦ
1125 3608 1472 3682 ἀγαθότητος.
1525 3613 1790 3684 Ἐμφαίνει

178 3699 288 3771 γὰρ
338 3699 367 3755 ἡ
403 3700 616 3756 τοιαύτη
671 3697 1046 3770 ἀγανάκτησις,
1097 3701 1178 3752 ὅτι
1219 3704 1480 3760 τοσαύτην
1529 3697 1788 3754 ἐνδείκνυ-

179 3807 276 3839 ται
306 3792 422 3860 περὶ
451 3792 569 3849 τούς
606 3795 978 3860 μετανοοῦντας
1020 3791 1183 3864 χάριν
1213 3794 1302 3842 καὶ
1344 3793 1541 3866 χαρὰν,
1573 3793 1641 3854 ὡς
1689 3792 1790 3844 iri-

181 3895 296 3953 ροις
323 3879 504 3950 φθόνον
552 3886 786 3937 κινῆσαι.
818 3885 982 3930 Τοῦτο
1032 3875 1090 3930 δε
1118 3884 1368 3937 πεποίηκε
1415 3885 1504 3932 καὶ
1551 3883 1581 3939 ἠ
1615 3901 1792 3953 παρα-

186 3965 312 4026 ϐολὴ
367 3976 465 4020 τῶν
495 3969 856 4040 μισθουμένων
904 3967 1131 4042 ἐργατῶν
1176 3968 1226 4020 ἐν
1269 3978 1340 4040 τῷ
1379 3979 1792 4044 τεσσαρακοστῷ

189 4055 415 4130 δευτέρῳ
458 4056 716 4129 κεφαλαίῳ
764 4065 856 4110 τοῦ
885 4061 1020 4110 κατά
1067 4060 1334 4112 Ματθαῑον
1358 4098 1372 4111 .
1400 4064 1490 4112 καὶ
1531 4060 1580 4112 ἐν
1625 4063 1790 4134 ἐκείνη

186 4148 287 4220 γὰρ
317 4148 365 4198 οἱ
395 4155 593 4218 πρῶτοι
630 4146 936 4219 ἐγόγγυζον.

259 4235 319 4290 Ὀ
377 4231 466 4287 οὖν
519 4241 688 4310 πατὴρ
727 4268 780 4276 -—
817 4237 992 4290 αύτόν.
1036 4236 1125 4300 Ὠς
1177 4237 1414 4310 φιλόπαις
1469 4242 1559 4290 καὶ
1613 4242 1790 4310 σοφός,

189 4329 282 4376 καὶ
327 4328 413 4378 τόν
464 4324 850 4399 ἕπιστρέψαντα
894 4333 1042 4399 τιμᾷ,
1093 4331 1298 4380 καὶτὸν
1331 4332 1573 4400 μείναντα
1623 4348 1797 4404 παρα-

195 4413 363 4465 καλεῖ.

264 4499 323 4553 Ὀ
363 4497 423 4553 δε
469 4531 536 4541 —-
579 4501 861 4575 εὐφρανθῶ.
914 4505 988 4558 Ού
1033 4514 1252 4558 τοιαῦτα
1291 4505 1532 4577 λέγουσιν
1568 4506 1618 4557 οἱ
1655 4503 1797 4577 ἅγιοι

193 4593 322 4663 πρὸς
351 4593 438 4642 τόν
488 4593 636 4656 Θεὸν,
678 4591 806 4646 ἀλλά
855 4593 1147 4656 ἀκολούθῶς
1180 4603 1242 4667 τῇ
1309 4594 1438 4668 ὀργῇ
1499 4593 1798 4666 ἐσχημάτι-

196 4699 319 4731 σται
349 4685 440 4730 καὶ
472 4680 603 4739 αὕτη
664 4683 692 4740 ἡ
729 4678 1079 4754 δικαιολογία,
1134 4679 1224 4736 διὰ
1256 4687 1348 4741 τὴν
1399 4684 1570 4735 αἰτίαν
1603 4686 1662 4742 ἣν
1718 4684 1794 4736 εἰ-

190 4775 445 4843 ρήκαμεν.
494 4770 856 4847 Είῶθασιγὰρ
916 4775 964 4825 οἱ
1013 4775 1312 4844 φθονοῦντες
1367 4781 1586 4826 τοιαῦτα
1642 4771 1794 4845 ἐγκα-

189 4859 312 4914 λεῖν.

264 4953 405 5013 Τινες
430 4946 518 5004 οὖν
543 4954 716 5024 ἔριφον
750 4954 840 5024 μεν
870 4957 964 5011 τὴν
995 4951 1283 5025 ἐλαχίστην
1330 4951 1526 5013 ἡδονήν
1549 4971 1562 4984 ⁶
1622 4954 1795 5026 φίλους

193 5037 274 5106 δὲ,
307 5043 375 5094 τὰ
397 5040 662 5112 θελήματα
694 5050 945 5112 νοοῦντες,
975 5048 1130 5114 φασιν
1162 5044 1318 5097 εἰπεῖν
1344 5045 1519 5115 αὐτὸν,
1572 5046 1654 5096 ὅτι
1683 5045 1798 5117 ἐμοὶ

190 5127 444 5184 οὐδέποτε
491 5138 900 5205 παρεχώρησας,
934 5131 1057 5186 οὐδὲ
1101 5133 1422 5206 Ἐλαχίστης
1453 5131 1670 5200 ἡδονῆς,
1718 5137 1801 5186 ἶνα

189 5223 326 5294 μετά
348 5229 450 5273 τῶν
479 5219 776 5292 θελημάτων
807 5241 907 5294 μον
942 5224 1229 5296 εὐφρανθῶ.

1829 4730 1872 4784 D

1896 2084 2166 2142 felicitate
2199 2086 2600 2158 provectionis
2633 2102 2646 2142 :
2685 2085 3040 2158 perfectione
3089 2091 3292 2142 autem
3336 2101 3552 2158 appro-

1896 2174 2151 2248 pinquat
2174 2175 2381 2230 domui
2412 2176 2533 2243 Dei,
2575 2182 2632 2232 et
2677 2175 2839 2233 audit
2871 2175 3128 2231 musices
3169 2179 3552 2239 concentum,

1896 2271 2139 2337 propter
2180 2264 2284 2320 ﬁlii
2311 2281 2453 2338 erga
2479 2270 2708 2338 patrem
2732 2265 3136 2329 concordiam,
3160 2281 3283 2336 qua
3298 2280 3402 2336 per
3428 2279 3556 2336 pue-

1897 2355 2204 2410 nitentiam
2238 2370 2487 2411 concors
2521 2354 2712 2411 factus
2735 2359 2821 2411 est
2855 2371 2867 2409 :
2897 2355 3110 2410 choros
3143 2369 3296 2419 vero,
3316 2359 3560 2426 propter

1897 2443 2210 2515 gaudium,
2236 2445 2400 2518 quod
2429 2443 2572 2500 inibi
2591 2448 2736 2500 erat.
2762 2447 2905 2500 Nam
2935 2443 2997 2500 in
3018 2444 3204 2500 domo
3237 2443 3337 2499 Dei
3369 2457 3556 2500 sonus

1897 2539 1982 2590 est
2014 2549 2160 2606 pure
2182 2534 2334 2590 festa
2355 2534 2807 2591 celebrantium.

1970 2625 2130 2681 Vers.
2161 2623 2249 2679 26.
2291 2625 2364 2680 Et
2402 2653 2464 2665 —
2512 2623 2656 2680 hac.
2693 2625 2820 2680 Uno
2853 2621 3205 2694 angelorum
3247 2621 3555 2678 accersito.

1969 2715 2076 2768 Per
2097 2713 2380 2780 angelum
2421 2714 2582 2770 enim
2625 2712 2961 2768 revelantur
3014 2712 3219 2768 divina
3252 2710 3552 2783 mysteria.

1899 2801 2097 2866 Παῖδας
2121 2808 2294 2860 vocat
2323 2820 2481 2860 nunc
2511 2819 2716 2860 servos
2748 2819 2762 2858 :
2792 2818 2934 2859 nam
2983 2802 3182 2872 angeli
3225 2806 3366 2858 sunt
3399 2800 3558 2858 servi

1901 2893 2022 2948 Dei.

1969 2981 2136 3038 Vers.
2162 2982 2252 3036 27.
2286 2981 2457 3054 Isque
2497 3010 2563 3021 —
2594 2978 2770 3037 venit.
2796 2979 2978 3035 Adest
3003 2993 3354 3035 conversus.

1969 3072 2128 3126 Vers.
2158 3072 2247 3126 27.
2276 3072 2352 3127 Et
2379 3102 2446 3110 —
2473 3069 2706 3140 recepit.
2749 3070 2991 3141 Abjecto
3025 3068 3248 3137 morbo,
3279 3084 3386 3142 per
3437 3083 3562 3142 pm-

1899 3159 2228 3215 nitentiam.
3056 3207 3064 3214 .

1970 3248 2134 3302 Vers.
2164 3251 2253 3303 28.
2287 3247 2725 3319 [ndignatus—
2747 3247 3018 3304 introire.
3041 3245 3362 3303 Assimulat
3392 3247 3554 3304 hunc

1900 3337 2183 3409 parabola
2216 3335 2653 3408 indignantem,
2686 3353 2795 3393 nec
2825 3339 3043 3393 intrare
3065 3337 3360 3392 volentem
3387 3351 3398 3392 :
3435 3351 3559 3391 non

1899 3427 2061 3494 quod
2089 3426 2399 3482 inviderit:
2435 3427 2630 3482 nullus
2652 3426 2810 3482 enim
2827 3426 3243 3499 moerorjustis
3261 3426 3336 3482 de
3367 3424 3559 3481 salute

1899 3517 2188 3572 fratrum:
2225 3517 2329 3572 sed
2363 3523 2425 3573 ut
2462 3518 2542 3574 ob
2567 3518 2777 3574 oculos
2819 3523 3004 3590 ponat
3048 3518 3414 3574 immensam
3460 3516 3562 3573 Dei

1900 3611 2243 3668 bonitatem.
2259 3610 2523 3667 Ostendit
2536 3611 2832 3683 siquidem
2848 3611 2948 3682 huj
2961 3609 3189 3666 usmodi
3205 3609 3553 3680 indignatio,

1897 3699 2065 3771 quod
2092 3706 2311 3756 tantam
2336 3701 2713 3756 demonstrat
2743 3717 2886 3770 erga
2911 3717 3033 3766 eos,
3059 3700 3159 3772 qui
3181 3699 3558 3771 resipiscunt,

1898 3790 2152 3860 gratiam
2197 3796 2253 3846 et
2278 3791 2587 3861 gaudium,
2623 3796 2685 3846 ut
2731 3791 2956 3847 caeteris
2993 3790 3284 3846 invidiam
3315 3804 3559 3845 movere

1898 3879 2107 3950 possit.
2161 3879 2277 3936 Hoc
2327 3885 2528 3936 autem
2561 3879 2697 3936 fecit
2732 3885 2788 3935 et
2825 3879 3120 3950 parabole
3146 3878 3557 3951 operariorum

1901 3968 2163 4024 mercede
2176 3969 2328 4025 cond
2340 3975 2626 4037 uctorum,
2642 3969 3099 4041 quadragesimo
3115 3967 3377 4025 secundo
3386 3969 3406 4038 j
3418 3973 3560 4024 uxta

1901 4059 2243 4114 Matthaeum
2292 4060 2479 4129 capite
2527 4081 2541 4113 :
2590 4074 2734 4115 nam
2806 4059 2866 4114 in
2922 4057 3022 4114 illa
3089 4073 3326 4130 quoque
3383 4055 3564 4129 primi

1901 4147 2383 4204 murmurabant.

1973 4236 2143 4290 Vers.
2176 4239 2264 4290 28.
2312 4238 2494 4291 Pater
2535 4250 2667 4306 ergo
2714 4266 2784 4276 —-
2813 4235 3011 4292 illum.
3047 4236 3255 4305 Utpote
3298 4233 3562 4289 ﬁliorum

1903 4329 2137 4379 amator
2179 4340 2248 4379 ac
2291 4323 2552 4395 prudens
2585 4342 2598 4376 :
2631 4329 2688 4379 et
2716 4339 2854 4380 eum
2915 4323 3020 4395 qui
3075 4338 3400 4378 conversus
3450 4325 3559 4389 est,

1902 4413 2130 4468 habens
2161 4413 2223 4468 in
2249 4413 2496 4480 honore,
2530 4419 2587 4469 et
2612 4429 2751 4469 eum
2795 4411 2900 4486 qui
2937 4413 3280 4484 permansit,
3316 4426 3558 4484 rogans.

1977 4502 2136 4558 Vers.
2153 4503 2236 4557 29.
2253 4502 2329 4556 At
2347 4501 2448 4559 ille
2465 4532 2530 4543 —-
2554 4501 2806 4559 lwtarer.
2831 4505 2958 4558 Non
2973 4501 3319 4558 dicunthaec
3358 4504 3462 4557 aut
3490 4499 3566 4555 si-

1905 4592 2068 4648 milia
2084 4595 2270 4650 sancti
2293 4596 2432 4659 Deo,
2466 4591 2572 4649 sed
2600 4597 3037 4666 consequenter
3093 4591 3171 4647 ad
3203 4589 3561 4662 indignatio-

1906 4701 2043 4740 nem
2075 4683 2432 4740 assimulata
2455 4688 2543 4740 est
2570 4687 2628 4738 et
2647 4682 2775 4739 haec
2800 4698 2998 4739 causae
3019 4681 3290 4750 redditio,
3322 4681 3399 4737 ob
3425 4696 3562 4737 cau-

1907 4791 2036 4830 sam
2075 4789 2259 4846 quam
2315 4773 2722 4844 prmdixinius.
2754 4772 2952 4830 Solent
2981 4771 3136 4827 enim
3169 4771 3348 4827 invidi
3379 4770 3454 4828 de
3485 4771 3562 4826 si-

1908 4863 2143 4921 milibus
2175 4862 2476 4934 conqueri.

1981 4954 2234 5020 Quidam
2267 4968 2408 5023 ergo
2434 4969 2540 5026 per
2559 4952 2823 5017 haedum,
2860 4951 3170 5008 minimam
3199 4951 3560 5021 voluptatem

1909 5043 2484 5115 intelligenles,,per
2541 5042 2768 5098 amicos
2822 5057 2960 5097 vero
3014 5040 3344 5098 voluntates
3395 5041 3566 5096 aiunt

1912 5133 2079 5189 illum
2103 5132 2320 5188 dixisse
2360 5148 2372 5187 :
2405 5132 2534 5188 Mihi
2575 5148 2646 5186 ue
2681 5131 2990 5186 minimam
3018 5130 3266 5200 quidam
3301 5129 3566 5201 volupta-

1913 5227 2034 5277 tem
2064 5237 2328 5294 unquam
2359 5220 2703 5292 permisisti,
2738 5224 2948 5274 utcum
2981 5216 3388 5274 voluntatibus
3418 5216 3565 5274 meis

1914 5311 2167 5373 laetarer.

1397 5513 1624 5584 Variae
1678 5512 2008 5585 lectiones
2063 5522 2129 5582 et
2168 5523 2368 5583 notae.

265 5765 380 5842 (84)
413 5763 736 5822 Hentenius
771 5764 1008 5823 videtur
1024 5763 1318 5840 reperisse
1345 5764 1604 5845 καθαρῶς,
1638 5766 1794 5841 quod

1919 5763 1976 5828 hi
2011 5763 2183 5826 valde
2212 5763 2532 5840 probatur.
