4210 6462
686 372 820 438 1031

755 504 936 561 Nobis
967 508 1168 561 autem
1211 520 1331 562 non
1375 509 1462 562 est
1499 505 1731 562 curiose
1753 504 2168 570 scrutandum,
2202 505 2339 578 quis
2373 507 2417 561 A

686 594 1014 663 sithmdus,
1047 596 1267 668 autqui
1292 595 1410 651 sint
1429 595 1603 651 amici
1626 614 1640 649 :
1660 611 1800 651 nam
1832 595 2174 666 periculosae
2201 601 2341 652 sunt

682 684 746 740 in
781 683 1000 740 talibus
1063 684 1311 740 subtiles
1351 685 1708 750 quaestiones
1761 701 1833 741 ac
1884 683 2338 756 disputationes,

683 773 838 829 sicut
864 773 920 829 in
954 773 1156 830 multis
1189 774 1494 846 parabolis
1525 775 1829 847 protestati
1861 791 2090 830 sumus.

753 864 921 919 Vers.
979 867 1069 919 30.
1114 863 1229 920 Sed
1283 880 1416 920 cum
1470 895 1535 905 -
1597 866 1915 935 sagintum.
1977 863 2165 920 Etiam
2210 864 2340 920 haec

679 954 955 1024 ejusdem
1020 957 1163 1008 sunt
1228 954 1693 1026 consequentiae,
1737 962 1792 1009 et
1847 952 2342 1009 similitereft‘ecta

678 1047 838 1100 sunt.
875 1043 971 1098 Dei
995 1059 1136 1099 vero
1157 1043 1556 1099 substantiam
1583 1042 1725 1098 dicit
1749 1043 1912 1099 dona
1942 1043 2029 1098 vel
2057 1043 2336 1115 gratiam.

678 1131 1142 1204 velutisuperius
1167 1132 1566 1205 signiﬁcatum
1589 1136 1677 1189 est
1701 1154 1714 1187 :
1751 1133 2090 1188 meretrices
2119 1139 2338 1199 autem,

679 1220 1057 1294 voluptatum
1092 1237 1348 1278 amores.

748 1312 909 1367 Vers.
944 1313 1032 1368 31.
1082 1314 1171 1367 Ac
1213 1313 1318 1368 ille
1346 1342 1415 1352 —
1469 1327 1545 1368 es.
1583 1313 1898 1384 Nunquam
1940 1326 1976 1368 a
2008 1327 2103 1368 me
2150 1310 2312 1369 disce

677 1400 900 1470 dendo,
933 1400 1039 1457 sed
1060 1401 1348 1457 mandata
1375 1417 1510 1456 mea
1535 1416 1772 1473 semper
1801 1400 2131 1473 implendo.

753 1491 912 1545 Vers.
945 1490 1032 1544 3t.
1085 1490 1160 1545 Et
1182 1521 1251 1530 —
1281 1497 1441 1546 sunt.
1471 1489 1617 1546 Cum
1651 1489 1813 1546 enim
1846 1490 1976 1546 tails
2004 1491 2105 1557 sis,
2135 1491 2338 1546 omnia

677 1594 814 1635 mea
842 1579 1353 1651 hereditariojure
1378 1579 1714 1652 possidebis
1735 1597 1752 1645 ;
1777 1579 2128 1652 hujusmodi
2169 1596 2339 1636 nam-

675 1684 792 1742 que
821 1669 922 1724 ﬁlii
957 1668 1014 1723 in
1039 1668 1449 1724 hereditatem
1483 1669 2045 1741 accipiuntregnum
2075 1670 2257 1725 Patris
2282 1675 2335 1726 et

675 1758 796 1814 Dei.
831 1761 910 1813 Ne
940 1773 1082 1828 ergo
1115 1758 1380 1826 tristeris,
1412 1775 1555 1814 nam
1586 1760 1646 1814 in
1683 1758 1848 1814 nullo
1877 1757 2126 1814 affectus
2157 1775 2219 1814 es
2251 1759 2334 1814 in-

2009 369 2362 436 EUTHYMII
2395 366 2732 440 ZIGABENI

3917 382 4029 445 1032

2519 505 2673 579 Ἡμῖν
2734 504 2794 559 δε
2852 506 2912 560 οὗ
2961 510 3386 583 περιεργαστέον,
3455 512 3532 570 τίς
3584 508 3724 562 ἔστιν
3782 513 3808 563 ὁ
3868 515 4025 589 ἔριφοςΙ

2450 600 2539 648 καὶ
2588 601 2719 657 τίνες
2765 599 2813 648 οἰ
2845 596 3000 668 φίλοι.
3038 597 3356 670 Ἐπισφαλὴς
3402 599 3501 671 γὰρ
3562 599 3591 656 ἡ
3627 598 3675 650 έν
3725 608 3835 663 τοῖς
3880 610 4023 656 τοιού-

2450 705 2560 747 τοις
2624 685 2950 758 λεπτολογία,
3024 689 3194 748 καθὼς
3250 687 3520 759 πολλαχοῦ
3584 697 3684 740 τῶν
3751 691 4022 762 παραϐολὴ

2452 773 2932 849 διεμαρτυράμεθα.

2519 865 2643 918 Ὀτε
2687 861 2747 918 δε
2805 896 2870 906 --
2903 870 3156 920 σιτευτόν.
3219 870 3319 920 Καὶ
3372 875 3541 919 ταῦτα
3591 876 3684 928 τῆς
3736 868 3893 931 αὐτῆς
3920 872 4019 924 εἰσιν

2453 954 2784 1022 ἀκολουθίας,
2841 960 2932 1008 καὶ
2993 957 3179 1028 ὁμοίως
3230 955 3738 1029 έσχηματίσθησαν.
3793 964 3902 1012 Βίον
3952 967 4017 1032 μὲν

2451 1040 2538 1096 οὖν
2567 1047 2678 1115 (85)
2722 1052 2815 1097 τοῦ
2863 1049 2990 1098 Θεοῦ
3018 1044 3156 1116 λέγει
3185 1050 3244 1098 τὸ
3291 1050 3564 1120 χάρισμα,
3595 1049 3770 1108 καθὼς
3824 1047 4015 1123 ἀνωτέρω

2453 1130 2746 1192 δεδήλωται
2771 1150 2783 1163 ⁸
2818 1139 3007 1209 πόρνας
3037 1131 3117 1199 δι,
3151 1139 3242 1198 τὰς
3277 1132 3602 1208 φιληδονίας.

2518 1310 2578 1363 '0
2609 1307 2672 1364 δι
2725 1309 2860 1366 εἶπεν
2900 1343 2958 1353 -
3007 1309 3069 1365 εἶ.
3104 1308 3373 1366 Οὖδέποτέ
3423 1332 3524 1387 μου
3575 1312 3884 1387 ἆποφοιτῶν,
3931 1315 4008 1368 illi

2449 1400 2528 1454 ἀεὶ
2559 1405 2651 1464 τὰς
2683 1400 2885 1464 έντολὰς
2913 1421 3013 1474 μου
3045 1401 3276 1474 πληρῶν.

2523 1497 2623 1544 Καὶ
2679 1521 2748 1532 -
2815 1490 2946 1545 ἐστι.
2999 1498 3246 1554 Τοιοῦτος
3299 1493 3401 1564 γὰρ
3461 1497 3549 1558 ὧν,
3600 1496 3774 1546 πάντα
3826 1497 3884 1547 τὰ
3934 1494 4001 1568 ἰμὰ

2447 1581 2873 1654 κληρονομήσας.
2925 1583 2990 1632 Oi
3047 1589 3274 1633 τοιοῦτοι
3331 1583 3479 1654 [γὰρ
3534 1585 3650 1653 (86)
3713 1586 3816 1636 υἰοὶ
3856 1584 3998 1657 κληρο-

2449 1678 2665 1743 νομοῦσι
2720 1675 2814 1728 την
2877 1668 3150 1742 βασιλείαν
3202 1678 3293 1722 τοῦ
3344 1673 3547 1745 Πατρός
3603 1677 3692 1724 καὶ
3755 1680 3892 1727 Θεοῦ.
3938 1678 3991 1730 Μὴ

2445 1760 2609 1812 λυποῦ
2657 1765 2845 1830 τοίνυν,
2893 1756 3044 1812 οὐδέν
3090 1762 3192 1833 γὰρ
3240 1757 3528 1822 ἠδικήθης.
3585 1762 3772 1824 Οὕτως
3813 1763 3986 1822 ἐπιεικῶς

671 1847 850 1918 juria.
895 1847 960 1902 Et
991 1848 1070 1903 ita
1106 1856 1418 1902 mansuete
1457 1847 1620 1902 illum
1651 1847 2019 1915 consolatus,
2051 1847 2330 1921 deinceps

2447 1853 2825 1922 παρηγορήσας
2896 1848 3072 1912 αὐτόν,
3151 1847 3479 1920 ἀπολογεῖται
3544 1849 3728 1903 λοιπὸν
3779 1857 3861 1904 καὶ
3897 1854 3972 1921 ὑπὲρ

676 1938 847 1993 etiam
865 1937 933 1992 de
947 1937 1036 1992 his
1050 1939 1382 2008 respondet,
1397 1954 1527 2009 quae
1543 1938 1598 1992 in
1615 1937 1844 1993 fratrem
1859 1938 1908 2009 ej
1922 1954 1986 1991 us
2000 1938 2153 1992 facta
2175 1945 2328 1994 sunt.

753 2027 911 2082 Vers.
953 2029 1041 2081 32.
1073 2027 1288 2082 Lastari
1311 2058 1373 2066 -
1410 2027 1675 2083 inventus
1695 2033 1797 2082 est.
1833 2028 2102 2082 Ostendit
2134 2043 2332 2082 neces-

676 2115 895 2172 sariam
919 2114 1102 2170 fuisse
1115 2116 1376 2171 laetitiam
1392 2123 1446 2170 et
1469 2115 1773 2184 gaudium.
1791 2116 1932 2181 Quis
1954 2117 2134 2181 enim,
2155 2133 2332 2189 quam

677 2210 981 2261 mortuum
1049 2205 1256 2260 viderit
1305 2207 1581 2261 revixisse
1636 2221 1756 2260 non
1809 2205 2036 2260 laetatur
2071 2206 2331 2277 ?etquis

676 2295 778 2351 ubi
812 2295 892 2363 id,
914 2296 1078 2368 quod
1115 2294 1387 2366 perierat,
1416 2295 1718 2359 invenerit,
1762 2310 1881 2350 non
1925 2294 2145 2364 gaudet
2173 2295 2202 2350 ?
2231 2295 2327 2350 Vi-

676 2385 836 2450 disti,
869 2383 1387 2457 quemadmodum
1419 2391 1476 2440 et
1498 2384 1742 2456 quando
1775 2399 2014 2455 peregre
2035 2384 2330 2456 protectus

675 2479 766 2530 est
796 2474 1088 2546 patienter
1125 2473 1409 2530 sustinuit
1438 2478 1494 2528 et
1523 2489 1874 2528 conversum
1910 2473 2204 2528 immenso
2234 2489 2331 2528 ex-

675 2563 830 2636 cepit
854 2563 1071 2633 gaudio
1101 2580 1114 2618 :
1146 2579 1255 2618 nec
1291 2562 1480 2617 solum
1518 2561 1862 2617 substantiae
1893 2562 2175 2617 rationem
2209 2578 2328 2618 non

675 2653 928 2726 repetiit,
963 2652 1072 2708 sed
1123 2659 1178 2708 et
1203 2651 1371 2707 donis
1415 2651 1582 2706 illum
1625 2651 1898 2721 dignatus
1945 2657 2052 2714 est,
2087 2668 2194 2707 nec
2239 2668 2331 2708 so-

675 2745 802 2801 lum
834 2758 954 2798 non
981 2741 1382 2813 exprobravit,
1417 2740 1520 2795 sed
1544 2741 1785 2811 insuper
1798 2756 1988 2812 proeo
2010 2742 2328 2813 respondit.

749 2833 895 2889 Vere
927 2847 1150 2900 magna
1196 2835 1302 2895 est,
1364 2829 1630 2892 Domine,
1692 2829 2028 2898 benignitas
2065 2835 2188 2896 tua,
2223 2848 2331 2886 nec

675 2923 834 2980 ullus
867 2922 1160 2993 explicare
1187 2919 1437 2975 sufﬁciet
1477 2936 1671 2975 sermo
1702 2919 1778 2975 ad
1809 2924 2135 2992 gratiarum
2156 2924 2331 2978 actio-

676 3029 814 3070 nem
845 3011 1019 3068 illius.
1042 3011 1274 3066 Utinam
1297 3013 1486 3064 autem
1513 3014 1570 3065 et
1591 3025 1722 3074 nos,
1741 3011 1842 3082 qui
1872 3011 2173 3082 aequaliter
2190 3028 2328 3067 cum

675 3101 930 3175 prodigo
959 3116 1164 3156 sumus
1211 3114 1452 3171 peregre
1513 3097 1778 3171 profecti,
1820 3115 1885 3154 ac
1923 3100 2160 3156 divitias
2193 3117 2330 3157 con-

2445 1947 2544 1990 τῶν
2572 1943 2919 2009 γεγενημένων
2951 1938 3018 1998 εἰς
3048 1941 3134 1990 τὸν
3159 1935 3377 2010 ἀδελφόν
3409 1939 3586 1993 αὐτοῦ.

2518 2027 2878 2102 Εὐφρανθῆναι
2946 2059 3010 2067 -
3087 2032 3177 2080 καὶ
3265 2029 3467 2102 εὑρέθη.
3540 2033 3804 2082 Διίκνυσιν
3868 2029 3988 2098 ἀναγ-

2442 2121 2594 2168 καίαν
2650 2121 2738 2174 τὴν
2805 2117 3123 2192 εὐφροσύνην
3183 2122 3273 2169 καὶ
3333 2121 3529 2190 χαράν.
3593 2125 3686 2180 Τίς
3745 2123 3837 2194 γὰρ
3894 2115 3987 2170 ἰδὼν

2441 2209 2615 2278 νεκρὸν
2653 2204 3007 2276 ἀναξησαντα,
3042 2206 3136 2258 οὐκ
3180 2207 3526 2280 εὐφραίνεται,
3570 2214 3660 2260 καὶ
3691 2215 3757 2268 τίς
3798 2212 3849 2260 τό
3887 2207 3988 2258 iuro-

2439 2293 2598 2355 λωλὸς
2643 2296 2820 2367 εὑρὼν,
2873 2295 2932 2347 οὗ
2984 2300 3196 2369 χαίρει;
3254 2292 3423 2361 Εἶδες,
3466 2305 3577 2358 πῶς
3619 2303 3704 2350 καὶ
3753 2293 3990 2367 ἀποδημή-

2443 2403 2630 2446 σαντος
2703 2383 3072 2456 έμακροθύμει,
3141 2389 3230 2438 καὶ
3293 2383 3676 2457 ἐπιστρέψαντα
3728 2392 3990 2458 περιχαρὼς

2441 2470 2747 2536 ὑπεδέξατο.
2807 2478 2907 2527 Καὶ
2950 2473 3009 2526 οὐ
3059 2479 3210 2546 μόνον
3257 2474 3351 2526 οὐκ
3397 2473 3635 2547 ἁπῄτησε
3677 2473 3826 2536 δίκην,
3877 2471 3988 2524 ἀλλὰ

2440 2567 2529 2614 καὶ
2568 2567 2806 2634 χαρίτων
2867 2563 3078 2625 ἠξίωσε.
3138 2568 3238 2616 Καὶ
3269 2563 3327 2616 οὐ
3381 2569 3533 2636 μόνον
3580 2560 3686 2616 οὐδ’
3725 2557 3973 2623 ὠνείδισεν,

2443 2651 2566 2704 ἀλλὰ
2593 2657 2681 2704 καὶ
2705 2652 3218 2728 ὑπεραπελογήσατο.

2513 2830 2711 2892 Ὄντως
2751 2830 2970 2903 μεγάλη,
3020 2834 3278 2896 Δέσποτα,
3315 2832 3345 2890 ἠ
3381 2829 3726 2904 φιλανθρωπία
3772 2845 3883 2889 σου,
3925 2844 3986 2876 κα

2440 2918 2609 2982 οὐδεὶς
2674 2920 2940 2995 ἐξαρκέσει
3012 2919 3158 2992 λόγος
3229 2924 3359 2992 πρὸς
3438 2920 3771 2994 εὐχαριστίαν
3837 2915 3990 2974 αὐτῆς.

2442 3013 2532 3068 Εῖη
2569 3007 2626 3062 δε
2674 3016 2763 3061 καὶ
2808 3011 2966 3081 ἡμᾶς,
3007 3014 3126 3070 τοὺς
3180 3008 3363 3072 έπίσης
3402 3017 3473 3080 τῷ
3517 3007 3702 3080 ἀσώτῳ
3751 3002 3990 3076 ἀποδημή-

2440 3118 2627 3159 σαντας
2657 3100 2771 3170 (87)
2823 3104 2912 3150 καὶ
2968 3095 3452 3169 διασκορπίσαντας
3495 3103 3580 3151 τὸν
3632 3098 3854 3162 πλοῦτον,
3895 3097 3989 3150 ἴσην

673 3192 1068 3263 sumpsimus,
1082 3187 1373 3260 aequalem
1389 3204 1522 3243 cum
1543 3204 1614 3243 eo
1626 3189 2078 3245 conversionem
2095 3191 2327 3246 demon-

2437 3189 2578 3259 αάτῲ
2606 3193 2694 3240 καὶ
2741 3192 2834 3246 τὴν
2873 3191 3188 3261 ίπιστροφὴν
3227 3185 3578 3255 ένδείξασθαι,
3636 3193 3722 3240 καὶ
3770 3195 3856 3247 τῆς
3895 3187 3992 3244 ἴσης

672 3284 946 3344 stremus,
975 3284 1031 3334 et
1059 3278 1268 3350 mquali
1299 3277 1663 3346 benignitate
1685 3277 2215 3347 dignihabeamur.

905 3368 1061 3423 CAP.
1101 3366 1282 3422 LVIII.
1316 3367 1400 3422 De
1428 3367 1824 3437 dispensatOre
1861 3367 2082 3438 iniquo.

742 3457 887 3531 Cap.
928 3457 1061 3512 XVI.
1086 3455 1250 3512 Vers.
1286 3457 1335 3509 t.
1363 3455 1607 3511 Dicebat
1647 3459 1846 3511 autem
1890 3486 1954 3495 —
1981 3455 2125 3512 bona
2159 3457 2326 3514 illius

670 3546 964 3605 Parabola
1004 3545 1128 3601 haec
1184 3544 1527 3600 Christianis
1568 3543 1844 3600 attributa
1902 3550 2010 3610 est.
2061 3547 2164 3616 qui
2206 3562 2327 3602 non

668 3635 878 3693 volunt
901 3636 1150 3691 omnino
1181 3634 1587 3705 possessiones
1617 3649 1687 3688 ac
1713 3635 1999 3706 pecunias
2021 3634 2326 3706 despicere

667 3725 1000 3781 admonens
1027 3723 1182 3790 illos,
1207 3727 1271 3777 ut
1299 3723 1358 3778 in
1390 3737 1681 3794 pauperes
1714 3724 1828 3778 sint
1859 3722 2130 3779 beneﬁci.
2162 3724 2327 3781 Dicta

669 3820 756 3870 est
777 3818 980 3870 autem
1001 3812 1079 3868 ad
1109 3810 1458 3884 discipulos,
1499 3811 1642 3885 quia
1694 3817 1749 3868 et
1779 3811 1839 3867 hi
1898 3817 2038 3868 sunt
2083 3812 2325 3885 dispen-

671 3906 920 3959 satores.
1418 3912 1421 3915 '

739 3994 1144 4064 Repraesentat
1199 3991 1376 4047 etiam
1442 3991 1749 4047 hominem
1827 3989 2095 4061 divitem,
2153 3995 2320 4065 puta,

666 4081 853 4137 Deum
871 4081 1218 4148 humanum,
1236 4081 1520 4154 nulloque
1545 4080 1907 4150 indigentem
1928 4097 1940 4136 :
1960 4096 2322 4136 mconomum

664 4187 828 4237 vero,
861 4171 982 4226 sive
1012 4171 1507 4242 dispensatorem,
1534 4170 1917 4242 omnem,qui
1947 4170 2209 4242 possidet
2234 4169 2323 4225 di-

660 4259 839 4317 vitias
867 4277 880 4316 :
912 4261 1057 4316 tales
1082 4262 1238 4316 enim
1274 4275 1392 4316 non
1421 4265 1558 4315 sunt
1585 4259 1834 4318 domini.
1860 4260 1967 4317 sed
2007 4259 2322 4333 dispensa-

664 4355 842 4407 tores.
877 4350 1025 4406 Dicit
1055 4365 1318 4422 namque
1352 4352 1502 4405 Deus
1528 4366 1540 4404 :
1562 4352 1742 4406 leum
1764 4353 1846 4405 est
1876 4365 2108 4419 aurum,
2129 4365 2318 4406 meum

665 4447 749 4498 est
780 4447 1077 4512 argentum
1106 4439 1172 4493 ¹³.
1215 4439 1453 4494 Delatus
1511 4445 1602 4495 est
1665 4445 1864 4495 autem
1914 4439 2078 4512 apud
2134 4442 2317 4494 Deum

2440 3278 2724 3341 ἀξιωθῆναι
2756 3276 3161 3349 φιλανθρωπίας.

2511 3373 2650 3420 ΚΕΦ.
2679 3368 2806 3419 NH'.
2839 3371 2962 3440 Περὶ
2986 3374 3077 3419 τοῦ
3117 3367 3387 3440 οἰκονόμου
3417 3376 3514 3429 τῆς
3552 3364 3784 3429 ἀδικίας.

2506 3455 2683 3528 Ἔλεγε
2737 3454 2796 3508 δε
2879 3487 2942 3496 -
3010 3457 3321 3530 ὑπάρχοντα
3383 3457 3564 3510 αὐτοῦ.
3639 3457 3697 3510 Ἠ
3765 3452 3992 3530 παραϐολὴ

2436 3546 2566 3604 αὕτη
2629 3550 2756 3619 πρὸς
2808 3549 2926 3608 τοὺς
2985 3550 3333 3620 Χριστιανοὺς
3397 3545 3732 3608 ἀποτέταται,
3786 3549 3898 3605 τοὺς
3942 3545 3991 3613 μή

2435 3634 2781 3708 βουλομένους
2852 3637 3019 3694 πάντη
3075 3644 3174 3687 τῶν
3225 3639 3519 3708 χρημάτων
3572 3638 3848 3710 ὑπερορᾷν,
3911 3653 3997 3685 νον-

2435 3727 2658 3777 θετοὺσα
2709 3727 2940 3789 τούτους,
3001 3726 3081 3776 ἱνα
3137 3726 3232 3776 κοῖν
3273 3724 3578 3800 εὐεργετῶσι
3623 3730 3742 3787 τοὺς
3790 3729 3995 3781 πένητας.

2433 3818 2652 3888 Εἰρηται
2696 3811 2755 3868 δε
2803 3819 2932 3890 πρὸς
2985 3819 3100 3876 τοὺς
3129 3817 3390 3888 μαθητὰς,
3439 3813 3579 3869 διότι
3631 3816 3748 3889 (88)
3802 3816 4000 3889 μαθηταὶ

2431 3910 2520 3956 καὶ
2548 3904 2712 3956 οὗτοι.

2505 3999 2606 4046 Καὶ
2639 3995 2907 4067 ἄνθρωπον
2959 3996 3051 4065 μεν
3105 3992 3354 4046 πλούσιον
3412 3995 3664 4066 ἐμφαίνει,
3723 3997 3810 4048 τὸν
3860 3991 4003 4066 φιλάν-

2433 4085 2634 4158 θρωπον
2682 4088 2771 4135 καὶ
2803 4081 3012 4143 ἁνενδεῆ
3071 4089 3199 4137 Θεόν
3230 4101 3242 4113 °
3279 4084 3545 4157 οἰκονόμον
3600 4081 3679 4151 δε,
3735 4087 3897 4138 πάντα
3935 4084 4003 4133 τὸν

2429 4177 2739 4244 κεκτημένον
2791 4172 3043 4224 πλοῦτον·
3091 4175 3139 4224 οἰ
3184 4181 3411 4226 τοιοῦτοι
3439 4176 3540 4248 γὰρ
3583 4173 3641 4225 οὗ
3686 4176 3878 4247 κύριοι,
3919 4168 4004 4222 ἀλλ’

2429 4261 2691 4332 οἰκονόμοι
2753 4261 2877 4312 εἰσί.
2940 4266 3079 4320 Φησὶ
3135 4263 3236 4334 γὰρ
3294 4262 3319 4313 ὁ
3388 4267 3545 4322 Θεός·
3602 4260 3754 4334 Ἐμόν
3809 4266 3914 4314 ἑστι
3961 4259 4006 4308 τό

2427 4355 2677 4420 χρυσίον,
2711 4354 2800 4402 καὶ
2849 4352 2967 4421 έμόν
3013 4353 3124 4402 ἐστι
3157 4354 3213 4401 τό
3245 4348 3510 4423 ἀργύριον.
3561 4349 3816 4408 Διεελήθη
3874 4345 3927 4401 δε
3951 4351 4009 4414 τῷ

2429 4447 2542 4509 Θεῷ
2572 4441 2596 4490 ὁ
2639 4443 2799 4500 κακὸς
2831 4439 3100 4511 οἰκονόμος
3146 4439 3244 4490 ὑπὸ
3278 4446 3373 4500 τῆς
3411 4448 3577 4501 κακῆς
3617 4439 3931 4512 οἰκονομίας,
3959 4436 4011 4492 ὡς

663 4529 862 4586 malus
888 4529 1270 4597 dispensator
1294 4527 1455 4584 mala
1481 4527 1950 4600 dispensatione,
1987 4535 2047 4583 ut
2075 4530 2178 4601 qui
2199 4528 2317 4584 dis-

2427 4523 2823 4602 διασκορπίζων
2875 4531 2940 4580 τὰ
2969 4535 3063 4580 τοῦ
3115 4533 3268 4594 Θεοῦ,
3330 4527 3399 4590 εἰς
3431 4525 3466 4579 ἃ
3515 4528 3609 4581 οὐκ
3641 4525 3775 4595 ἴδει,
3809 4531 3897 4580 καὶ
3951 4527 4006 4597 μὴ

661 4619 904 4692 siparet,
941 4635 1076 4690 qua:
1106 4619 1203 4674 Dei
1252 4624 1442 4683 erant,
1488 4617 1545 4673 in
1581 4634 1652 4674 ea
1696 4634 1831 4690 qua:
1857 4633 1978 4674 non
2029 4618 2311 4691 oportuit,

663 4721 773 4764 nec
815 4707 1123 4780 superﬂua
1151 4707 1512 4780 pauperibus
1537 4707 1930 4764 distribueret.

733 4884 902 4943 Vers.
935 4889 987 4940 2.
1019 4886 1096 4942 Et
1135 4887 1367 4943 vocavit
1418 4917 1480 4928 —
1529 4885 1976 4958 dispensationis
2012 4892 2148 4943 tuae.
2175 4885 2311 4942 Haec

663 4973 745 5031 illi
775 4990 882 5047 per
906 4974 1139 5031 divinas
1165 4975 1314 5032 dixit
1333 4975 1685 5048 Scripturas,
1713 4991 1844 5047 quae
1872 4976 1948 5032 de
1987 4975 2184 5034 futuro
2207 4975 2313 5033 do-

661 5070 794 5122 cent
819 5065 1061 5138 judicio,
1093 5071 1152 5123 et
1179 5065 1254 5122 de
1283 5064 1613 5122 redditione
1650 5065 1921 5122 rationis.

730 5245 779 5284 ¹³
803 5245 1001 5318 Aggtei
1022 5261 1086 5316 ιι,
1117 5245 1172 5304 9.

2427 4614 2683 4689 διανέμων
2708 4620 2769 4669 τὰ
2800 4619 3017 4691 περιττά
3041 4624 3146 4677 τοῖς
3175 4621 3381 4675 πένησι.

2495 4892 2595 4942 Καὶ
2626 4890 2870 4960 φωνήσας
2903 4918 2965 4928 -
3011 4886 3304 4958 οἰκονομίας
3335 4904 3450 4940 σου.
3486 4881 3638 4939 Εἶπεν
3669 4885 3819 4960 αὐτῷ
3864 4891 4008 4938 ταῦτα

2421 4973 2516 5032 διὰ
2544 4985 2644 5029 τῶν
2677 4979 2822 5030 θείων
2849 4983 3084 5052 Γραγῶν,
3111 4977 3168 5028 αἱ
3198 4971 3527 5029 διδάσκουσι
3551 4980 3672 5052 περὶ
3698 4985 3797 5038 τῆς
3824 4974 4010 5050 μελλούο

2423 5086 2523 5130 σης
2545 5071 2768 5142 κρίσεως
2787 5070 2876 5119 καὶ
2903 5065 3226 5139 λογοθεσίας,

1862 5371 2088 5442 Variae
2125 5369 2457 5443 lectiones
2495 5380 2560 5442 et
2610 5381 2812 5442 notae.

763 5565 852 5624 85l
882 5564 989 5621 Οὗν
1019 5565 1189 5624 abest
1217 5569 1284 5622 Α.

763 5565 830 5624 85
882 5565 989 5621 Οὗν
1019 5565 1189 5624 abest
1217 5569 1284 5622 Α.

735 5565 852 5713 ἰὸϐζ
873 5641 1017 5713 Quae
1048 5637 1143 5693 his
1169 5636 1353 5709 signis
1391 5635 1485 5713 [⁶“]
1520 5636 1892 5705 inclusimus,
1917 5656 1986 5697 ea
2017 5656 2087 5697 ex
2116 5641 2318 5698 codice

663 5711 730 5769 Β.
747 5711 1114 5767 exciderant.

735 5782 854 5860 (87)
887 5783 974 5840 lta
999 5780 1222 5840 correxi
1274 5797 1386 5857 pro
1451 5778 1906 5861 επιδημήσαντας,
1963 5785 2078 5842 Nec
2149 5785 2318 5844 aliter

2430 5566 2774 5628 Henienlus.

2500 5643 2636 5715 (88),
2656 5643 2774 5698 Hoc
2806 5655 3050 5715 prorsus
3076 5638 3339 5715 alienum
3365 5643 3472 5696 est.
3501 5641 3585 5715 Ex
3609 5637 3901 5696 Hentenio
3915 5630 4008 5693 colo

2429 5708 2606 5785 ligus,
2625 5708 2948 5786 legendum
2980 5728 3110 5769 esse
3133 5711 3394 5788 οἰκονόμοι
3423 5717 3526 5770 aut
3554 5708 3852 5772 διοικηταὶ.
