4210 6442
233 366 256 422 1
265 364 370 422 033

1353 354 1722 414 COMMEN'I‘.
1763 355 1832 411 IN
1872 353 2139 412 LUCAM.
2171 389 2237 397 —
2264 357 2417 413 CAP.
2451 358 2594 414 XVI.

3463 367 3600 424 1034

307 493 382 546 Οὐ
429 497 532 568 γὰρ
602 524 666 534 -
725 491 1028 562 οἰκονομεῖν.
1093 493 1195 539 Τοῦ
1255 485 1476 537 θανάτου
1530 484 1648 535 ὅσον
1696 485 1825 534 οὔπα

2020 481 2186 538 Vers.
2217 486 2270 537 2.
2297 485 2494 556 Neque
2513 487 2667 542 enim
2703 517 2771 527 —
2789 486 3141 558 dispensare.
3175 487 3361 545 Morte
3385 505 3596 564 prope-

245 589 641 657 μετακινοῦντός
662 600 739 634 σε.

311 670 432 726 Εῖπε
504 669 563 724 δε
616 702 683 712 —
739 669 1087 741 αἰσχύνομαι.
1133 666 1277 718 Μετά
1329 667 1415 716 τόν
1469 663 1684 714 θάνατον
1735 664 1835 734 γὰρ

238 760 565 835 έργάσασθαι
601 759 694 813 οὐκ
737 759 917 830 ἰσχύει
949 775 1044 816 τις.
1097 754 1388 830 Ἐργασίας
1437 754 1539 824 γὰρ
1585 753 1609 803 6
1660 756 1836 825 παρὼν

235 857 436 927 καιρόςο
466 851 491 903 6
525 847 584 903 δε
621 847 833 924 μέλλων,
864 841 1282 907 ἀνταποδόσεως,
1315 847 1404 896 καὶ
1435 845 1492 894 τό
1522 840 1836 915 παρακαλεῖν

236 939 499 1000 ἀνόνητον.

304 1031 502 1103 ’Ἑγνων
533 1033 584 1082 τί
609 1031 833 1085 ποιήσω.
865 1023 1036 1097 Ἔγνω
1066 1030 1218 1075 τοῦτο
1251 1021 1567 1080 συνετισθεὶς
1605 1020 1705 1072 ὑπό
1736 1027 1834 1071 τῶν

233 1127 470 1194 Γραφῶν.

303 1210 414 1264 Ἰνα
444 1211 564 1261 ὅταν
593 1237 655 1247 —
704 1208 876 1266 οἴκους
925 1202 1113 1255 αὐτῶν.
1164 1199 1344 1264 Οὗτοι,
1403 1203 1521 1274 περὶ
1569 1199 1635 1250 ὧν
1682 1200 1830 1270 ἔγνω,

234 1302 507 1351 τουτέστιν
535 1299 584 1348 οἰ
612 1297 835 1370 ῥηθῆναι
864 1292 1145 1366 μέλλοντες.

309 1392 409 1440 Καὶ
484 1384 970 1460 προσκαλεσάμενος
1032 1411 1097 1420 --
1170 1375 1512 1450 ὀγδοήκοντα.
1571 1381 1662 1438 Τίς
1743 1381 1832 1450 μεν

235 1477 260 1527 ὁ
321 1481 598 1550 χρεώστης
628 1481 718 1526 τοῦ
768 1471 959 1536 ἐλαίου,
1017 1473 1107 1522 καὶ
1159 1474 1236 1530 τίς
1288 1469 1312 1520 6
1365 1474 1456 1519 τοῦ
1514 1471 1684 1531 σίτου,
1743 1472 1832 1519 καὶ

235 1561 381 1616 διατί
440 1563 536 1615 ἀνὰ
578 1563 757 1615 ἑκατὸν
817 1559 1048 1632 ὤφειλον,
1093 1563 1182 1610 καὶ
1238 1562 1291 1609 τί
1343 1560 1400 1608 τὸ
1469 1558 1688 1628 γράμμα
1740 1564 1830 1608 τοῦ

231 1658 442 1725 χρέους,
482 1657 570 1704 καὶ
612 1648 755 1703 διατί
800 1651 824 1701 6
877 1652 968 1721 μὲν
1014 1653 1332 1705 πεντήκοντα
1377 1644 1618 1717 ἔγραψεν,
1688 1647 1713 1696 6
1772 1643 1831 1698 δὲ

233 1739 580 1812 ὀγδοήκοντα,
615 1745 704 1792 καὶ
751 1743 815 1791 τὰ
862 1745 1079 1790 τοιαῦτα
1127 1744 1216 1796 τῆς
1271 1739 1610 1809 προκειμένης
1665 1755 1828 1809 παρα-

1946 573 2195 628 modum
2225 579 2278 628 te
2302 574 2708 634 transferente.

2017 663 2184 718 Vers.
2233 667 2284 718 3.
2308 663 2405 717 Ait
2445 672 2638 722 autem
2682 696 2751 706 —-
2788 665 3086 724 erubesco.
3147 667 3291 724 Post
3345 673 3596 726 mortem

1944 749 2104 806 enim
2133 766 2312 806 nemo
2330 753 2788 824 poteritoperari
2821 772 2834 810 :
2863 771 3006 812 nam
3052 772 3320 828 praesens
3364 762 3598 830 tempus

1943 839 2302 906 operationis
2327 846 2430 905 est,
2467 841 2731 899 futurum
2765 860 2906 901 vero
2934 845 3361 913 retributionis,
3395 852 3452 904 et
3497 849 3597 906 de-

1945 929 2172 1001 precari
2195 929 2301 986 erit
2335 929 2563 987 inutile.

2016 1018 2183 1075 Vers.
2217 1022 2270 1077 4.
2312 1019 2460 1087 Scio,
2488 1021 2636 1093 quid
2653 1022 2899 1092 faciam.
2939 1024 3213 1082 Eruditus
3250 1041 3287 1083 a
3335 1027 3597 1100 Scriptu-

1944 1123 2042 1163 τις.

2013 1198 2175 1253 Vers.
2205 1199 2263 1254 4.
2322 1198 2400 1254 Ut
2423 1213 2554 1254 cum
2585 1229 2654 1240 -—
2674 1198 2871 1257 domos
2900 1216 3064 1259 suas.
3091 1201 3177 1269 Hi,
3206 1218 3360 1275 quos
3381 1203 3522 1271 scio,
3539 1209 3596 1263 et

1939 1302 2096 1358 quos
2126 1302 2286 1342 nunc
2315 1286 2578 1342 dicturus
2612 1292 2720 1344 est.

2014 1376 2170 1430 Vers.
2201 1379 2256 1432 5.
2295 1375 2374 1430 Et
2408 1377 2682 1433 advocato
2704 1408 2769 1418 -—
2796 1376 2961 1437 Vers.
2995 1380 3046 1434 7.
3067 1379 3390 1452 Octoginta.
3419 1383 3595 1448 Quis-

1941 1479 2082 1518 nam
2109 1463 2335 1518 debitor
2355 1463 2585 1534 sitolei,
2638 1471 2694 1521 et
2749 1466 2880 1538 quis
2929 1467 3118 1535 tritici,
3168 1469 3379 1540 quisve
3436 1487 3593 1527 unus

1938 1553 2194 1625 quisque
2235 1553 2481 1618 debitor,
2520 1558 2579 1610 et
2613 1571 2748 1627 quae
2788 1557 2985 1612 cautio
3037 1557 3238 1623 debiti,
3294 1564 3351 1614 et
3405 1577 3592 1632 quare

1937 1642 2100 1713 prior
2113 1643 2224 1696 scri
2234 1643 2805 1715 psitquinquaginta,
2823 1647 3106 1717 posterior
3119 1663 3254 1703 vero
3267 1651 3588 1718 octoginta,

1937 1746 2007 1786 ac
2035 1731 2273 1795 similia,
2313 1748 2443 1804 qua:
2466 1731 2525 1787 in
2554 1733 2822 1804 praesenti
2847 1735 3219 1806 reperiuntur
3271 1739 3586 1809 parabola,

235 1829 416 1904 βολῆς,
493 1833 729 1904 περιττὸν
802 1827 1075 1891 έξετοὶξειν.
1152 1825 1225 1878 Δι’
1282 1821 1432 1876 οὐδέν
1498 1827 1599 1899 γὰρ
1661 1826 1825 1896 ἕτερον

1943 1820 2306 1890 superﬂuum
2339 1826 2430 1875 est
2468 1821 2762 1894 inquirere
2791 1841 2804 1878 :
2833 1823 3130 1896 siquidem
3150 1824 3228 1881 ad
3259 1826 3402 1882 nihil
3425 1826 3592 1883 aliud

231 1921 688 1984 συνεπλάσθησαν,
745 1918 775 1976 ἡ
836 1919 918 1968 ἶνα
982 1912 1175 1986 δειχθῇ
1236 1932 1409 1985 μονον,
1465 1914 1544 1964 ὅτι
1584 1915 1609 1964 6
1655 1914 1828 1988 ῥηθεὶς

229 2009 512 2081 οἰκονόμος,
595 2010 689 2069 ἕως
751 2004 864 2077 εἶχε
937 2008 1120 2078 καιρόν
1191 2002 1503 2073 οἰκονομίας,
1573 2007 1829 2076 φρονίμως

225 2106 329 2158 τοῖς
384 2106 472 2150 τοῦ
519 2093 776 2149 δεσπότου
825 2095 1131 2164 πράγμασιν
1171 2091 1243 2152 είς
1294 2094 1352 2142 τό
1409 2090 1593 2142 οἰκεῖον
1634 2094 1827 2162 συμφέ-

225 2207 313 2260 ρον
342 2185 710 2259 ἀπεχρήσατο,
756 2188 845 2234 καὶ
877 2178 948 2234 δι’
994 2182 1160 2232 αὐτῶν
1210 2185 1277 2240 εὶς
1332 2184 1388 2231 τό
1440 2179 1617 2252 μέλλον
1662 2199 1829 2236 σωτη-

226 2281 343 2350 ρίαν
404 2274 567 2344 ἐαυτῷ
611 2277 1035 2346 περιεποιήσατο,
1077 2273 1145 2330 ὡς
1195 2268 1418 2322 ἐντεῦθεν
1479 2271 1658 2340 μαθεῖν
1707 2272 1827 2329 τοὺς

231 2365 448 2434 ἔχοντας
490 2361 728 2429 πλοῦτον,
761 2362 840 2412 ὅτι
883 2364 988 2432 χρὴ
1035 2363 1264 2423 τούτους,
1314 2358 1614 2430 οἰκονόμους
1665 2357 1825 2410 αὐτόν

228 2453 610 2520 καταστάντας,
677 2451 771 2511 ἕως
835 2451 1026 2519 ἔχουσι
1095 2451 1274 2522 καιρόν
1347 2451 1502 2510 ζωῆς,
1573 2451 1826 2520 φρονίμως

229 2547 338 2600 τοῖς
394 2547 487 2592 τοῦ
547 2547 680 2592 Θεοῦ
735 2541 1042 2610 πράγμασιν
1081 2537 1150 2598 εἰς
1199 2541 1258 2588 τό
1311 2536 1494 2588 οἰκεῖον
1567 2541 1824 2610 συμφέρον

230 2626 672 2700 ἀποχρήσασθαι,
736 2631 825 2679 καὶ
880 2623 954 2679 δι’
1013 2625 1182 2678 αὐτῶν
1256 2625 1639 2697 εὐεργετοῦντας
1708 2629 1824 2686 τοὺς

226 2723 466 2779 πένητας,
521 2718 595 2779 εἰς
641 2721 699 2769 τό
759 2716 940 2790 μέλλον
1008 2719 1270 2790 σωτηρίαν
1333 2715 1536 2776 ἑαυτοῖς
1581 2733 1819 2788 πραγμαο

229 2809 538 2862 τεύσασθαι.
583 2811 743 2869 Βάτος
781 2809 872 2879 μὲν
899 2802 987 2858 οὖν
1011 2801 1072 2863 ἦν
1102 2809 1286 2877 μέτρον
1331 2803 1501 2856 έλαίου
1529 2823 1540 2834 ·
1568 2809 1716 2876 κόρος
1743 2799 1820 2869 δε,

221 2899 404 2968 μέτρον
436 2901 608 2955 σίτου.

299 2992 397 3039 Καὶ
469 2987 710 3059 ἐπῄνεσεν
786 3017 854 3024 -
913 2988 1166 3059 φρονίμως
1237 2981 1469 3041 ἐποιησε.
1541 2985 1610 3034 Τό
1683 2981 1818 3047 ἑξῆς,

222 3078 291 3136 ὡς
341 3072 520 3143 δῆλον,
569 3083 675 3136 τοῖς
731 3073 1008 3146 ἀκροαταῖς
1061 3071 1225 3144 ἀφῆκε
1283 3071 1705 3141 συλλογίζεσθαι.
1760 3072 1822 3126 Εἰ

221 3168 322 3238 γὰρ
379 3166 403 3216 6
454 3161 768 3236 ἠδικημένος
825 3159 1086 3223 δεσπότης
1143 3160 1357 3233 έπῄνεσε
1411 3164 1499 3212 τόν
1556 3159 1820 3232 οἰκονόμον
1855 3199 1897 3253 C

222 3262 316 3316 τῆς
367 3250 600 3318 ἀδικίας,
650 3257 812 3323 ἤγουν
869 3255 954 3303 τόν
989 3255 1080 3308 τὴν
1126 3249 1318 3302 οἰκείαν
1372 3253 1636 3320 σωτηρίαν
1687 3249 1821 3301 οἰκο-

220 3348 524 3415 νομὴσαντα
561 3340 614 3404 ἐξ
661 3339 892 3407 ἀδικίας,
940 3338 1109 3409 πολλῷ
1157 3337 1346 3410 μᾶλλον
1400 3340 1426 3389 6
1483 3335 1823 3410 ἀδικούμενος

222 3436 349 3492 Θεὸς
408 3430 662 3483 ὶπαινέσει
719 3433 806 3482 τὸν
860 3429 1125 3500 οἰκονόμον
1171 3437 1264 3489 τῆς
1319 3425 1680 3488 δικαιοσύνης.
1741 3435 1822 3480 Δι-

219 3524 474 3579 καιοσύνη
524 3523 648 3593 γὰρ,
697 3521 757 3572 τὸ
813 3520 880 3571 τά
926 3520 1144 3592 περιττά
1197 3524 1308 3579 τοῖς
1354 3521 1542 3575 πένησι
1589 3512 1822 3589 διανέμε-

222 3615 365 3666 σθαμ

286 3880 404 3934 Ὀτι
435 3912 503 3922 -
556 3879 748 3933 ἑαυτῶν
796 3877 945 3932 εἰσιν.
994 3878 1148 3938 Υἰους
1205 3878 1292 3934 μεν
1338 3882 1430 3928 τοῦ
1469 3875 1652 3934 αἰῶνος
1703 3875 1819 3926 τού-

216 3993 307 4026 του
375 3970 520 4023 καλεῖ
595 3973 708 4029 τοὺς
767 3976 841 4039 τῷ
913 3971 1096 4038 κόσμῳ
1170 3970 1588 4040 προσκειμένους
1657 3963 1820 4015 αἰῶνα

213 4066 316 4134 γὰρ
355 4070 462 4128 νῦν,
511 4063 598 4111 τόν
648 4064 844 4129 κόσμον
888 4066 1070 4108 τουτον
1118 4055 1401 4125 ὠνόμασεν.
1447 4055 1602 4115 Tim);
1652 4055 1819 4124 φωτός

212 4152 348 4222 λέγει
390 4154 512 4211 τοὺς
560 4155 651 4200 τοῦ
705 4153 908 4218 κόσμου
977 4143 1378 4204 ἀποστήσαντας
1432 4142 1659 4202 ἑαυτούς.
1720 4145 1818 4194 Καί

216 4260 397 4312 φησιν,
465 4241 546 4290 ὃτι
603 4237 749 4288 οὗτοι
797 4237 1164 4308 φρονιμώτεροι
1223 4232 1352 4284 εἰσιν
1407 4229 1628 4293 ἐκείνων,
1683 4233 1818 4282 κατὰ

215 4348 366 4381 τουτο
398 4325 458 4379 δε
507 4331 680 4398 μόνον,
712 4325 842 4374 καθό
891 4322 1228 4397 φροντίζουσι
1274 4328 1365 4372 τοῦ
1422 4319 1708 4392 μελλοντος,
1749 4321 1818 4380 ὡς

217 4414 382 4478 ἔδειξε
460 4418 518 4466 τό
601 4408 942 4485 παράδειγμα
1023 4418 1114 4463 τοῦ
1193 4411 1438 4484 ῥηθέντος
1519 4409 1814 4480 οἰκονόμου.

212 4506 364 4579 ’Υπὲρ
395 4506 515 4565 τοὺς
546 4503 690 4564 υἱοὺς
720 4499 780 4554 ὀε
808 4509 900 4554 τοῦ
944 4504 1106 4573 φωτός
1136 4503 1253 4559 τοὺς
1301 4498 1367 4559 εἰς
1397 4503 1490 4556 τὴν
1518 4500 1691 4568 γενεὰν
1722 4501 1814 4555 τὴν

1936 1908 2133 1964 efﬁcta
2163 1914 2318 1976 sunt,
2349 1927 2535 1983 quam
2571 1919 2631 1966 ut
2651 1912 3002 1969 ostendatur
3037 1916 3198 1986 quod
3229 1915 3422 1970 dictus
3471 1917 3591 1972 dis-

1938 2004 2240 2069 pensator,
2272 1999 2419 2055 dum
2442 2000 2907 2072 dispensationis
2938 2009 3174 2075 tempus
3195 2003 3418 2071 habuit,
3448 2022 3592 2077 pru-

1937 2087 2142 2142 denter
2171 2087 2400 2144 domini
2433 2089 2612 2145 rebus
2641 2090 2714 2145 ad
2741 2107 2914 2146 suum
2931 2092 3320 2149 commodum
3357 2095 3588 2151 abusus

1936 2181 2047 2242 est,
2079 2184 2364 2248 etpereas
2395 2179 2453 2233 in
2470 2177 2722 2234 futurum
2741 2180 3182 2237 suamsalutem
3211 2185 3585 2254 procuravit:

1939 2272 2000 2320 ut
2028 2265 2168 2320 hinc
2193 2267 2441 2332 discant,
2474 2267 2578 2339 qui
2603 2267 2826 2324 habent
2847 2268 3106 2335 divitias,
3133 2271 3296 2342 quod
3319 2277 3592 2344 oporteat

1936 2369 2060 2423 eos,
2083 2371 2218 2410 cum
2239 2355 2474 2411 illarum
2493 2356 2936 2428 dispensatores
2958 2359 3259 2415 constituti
3279 2360 3417 2431 sint,
3441 2360 3588 2417 dum

1937 2443 2068 2498 vitae
2101 2449 2337 2515 tempus
2366 2444 2606 2516 habent,
2637 2446 2960 2517 prudenter
2980 2447 3082 2504 Dei
3103 2450 3278 2504 rebus
3295 2449 3371 2505 ad
3411 2466 3589 2506 suum

1935 2532 2096 2588 abuti
2123 2535 2504 2590 commodum
2537 2551 2548 2588 :
2585 2542 2640 2590 et
2669 2552 2774 2607 per
2802 2535 2952 2602 illas,
3004 2539 3373 2610 pauperibus
3410 2539 3590 2595 bene-

1935 2620 2232 2686 faciendo,
2260 2623 2319 2678 in
2345 2624 2608 2680 futurum
2634 2624 2885 2680 salutem
2914 2625 3027 2681 sibi
3054 2629 3380 2698 acquirere.
3415 2629 3588 2684 Batus

1934 2710 2134 2783 itaque
2166 2728 2447 2768 mensura
2475 2719 2602 2769 erat
2625 2713 2756 2784 olei,
2810 2730 2984 2770 corus
3014 2732 3154 2772 vero
3209 2717 3376 2774 tritici
3425 2733 3590 2774 men-

1933 2817 2094 2858 sura.

2003 2980 2166 3035 Vers.
2198 2981 2251 3035 8.
2283 2980 2358 3036 Et
2385 2979 2657 3036 laudavit
2685 3010 2754 3020 —
2781 2968 3112 3050 prudenter
3133 2981 3388 3051 fecisset.
3435 2982 3587 3049 Quid

1933 3068 2244 3124 manifeste
2262 3074 2683 3141 consequatur,
2725 3069 3099 3126 auditoribus
3137 3070 3374 3143 reliquit
3432 3073 3589 3143 cogi-

1933 3158 2378 3214 tandum.Nam
2412 3159 2461 3213 si
2488 3157 2778 3213 Dominus
2817 3158 3105 3230 injustitia
3154 3160 3404 3216 affectus
3459 3162 3587 3218 lau-

1932 3245 2099 3301 davit
2127 3245 2394 3316 iniquum
2425 3246 2924 3318 dispensatorem,
2959 3249 3064 3320 qui
3093 3249 3364 3307 videlicet
3409 3268 3586 3310 suam

1931 3335 2122 3407 ipsius
2153 3335 2400 3390 salutem
2441 3352 2511 3392 ex
2540 3336 2827 3407 injustitia
2846 3346 3267 3409 procuraverat
3307 3356 3322 3396 :
3382 3341 3586 3398 multo

1935 3425 2124 3495 magis
2152 3425 2326 3493 Deus,
2356 3425 2461 3497 qui
2493 3427 2550 3482 in
2575 3425 2738 3483 nullo
2764 3425 3050 3499 injustitia
3073 3429 3346 3498 afﬁcitur,
3378 3431 3586 3488 lauda-

1931 3513 2016 3569 bit
2040 3514 2264 3585 justum
2298 3516 2419 3571 sive
2439 3515 2679 3586 justitia;
2732 3516 3224 3589 dispensatorem,
3257 3522 3359 3593 qui
3382 3521 3586 3578 videli-

1931 3609 2022 3658 cet
2060 3619 2227 3659 suam
2252 3603 2445 3675 ipsius
2472 3603 2726 3660 salutem
2754 3621 2826 3661 ex
2851 3606 3078 3677 justitia
3107 3607 3540 3681 dispensaverit
3566 3627 3580 3667 :

1929 3693 1992 3748 id
2018 3692 2175 3748 enim
2208 3693 2393 3750 habet
2407 3694 2658 3766 justitia,
2694 3699 2754 3752 ut
2779 3695 3082 3768 superﬂua
3102 3699 3470 3771 pauperibus
3497 3701 3585 3756 di-

1928 3781 2230 3838 vidantur.

2000 3873 2158 3926 Vers.
2189 3875 2242 3928 8.
2273 3871 2424 3938 Quia
2454 3904 2523 3913 —
2558 3889 2661 3929 sua
2697 3881 2856 3932 sunt.
2906 3874 3082 3931 Filios
3134 3875 3318 3948 hujus
3376 3879 3582 3936 saeculi

1927 3959 2087 4026 dicit,
2118 3962 2337 4018 mundo
2361 3962 2733 4020 adhaerentes
2769 3985 2780 4029 ;
2817 3965 3104 4022 saeculum
3173 3967 3332 4022 enim
3396 3984 3578 4036 nunc,

1929 4051 2224 4107 mundum
2254 4050 2574 4123 appellavit
2603 4070 2616 4119 ;
2641 4052 2789 4108 ﬁlios
2824 4060 3025 4111 autem
3065 4054 3212 4110 lucis
3265 4063 3440 4113 vocat
3479 4073 3581 4114 eos

1926 4141 2030 4214 qui
2061 4156 2122 4196 se
2143 4141 2306 4212 ipsos
2336 4157 2372 4196 a
2401 4141 2632 4198 mundo
2662 4149 3102 4214 separaverunt.
3147 4147 3213 4201 Et
3267 4145 3408 4204 dicit
3444 4145 3580 4204 illos

1927 4229 2336 4302 prudentiores
2365 4245 2492 4284 esse
2517 4230 2641 4286 istis
2672 4230 2734 4286 in
2769 4231 2884 4286 hoc
2911 4231 3054 4296 solo,
3087 4232 3250 4304 quod
3277 4236 3346 4290 de
3382 4233 3580 4291 futuro

1927 4318 2037 4373 illis
2077 4334 2222 4374 cura
2261 4323 2367 4384 est,
2402 4319 2552 4374 sicut
2583 4319 2725 4376 dicti
2773 4319 3202 4392 dispensatoris
3236 4324 3578 4395 exemplum

1925 4406 2369 4464 demonstravit.
2405 4407 2756 4466 Exhortatur
2780 4413 2981 4466 autem
3014 4426 3202 4467 sermo
3229 4428 3350 4479 eos,
3375 4413 3477 4485 qui
3504 4413 3578 4469 de

1924 4495 2125 4553 futuro
2155 4496 2516 4567 negligentes
2564 4504 2721 4554 sunt.

216 4596 436 4658 ἑαυτῶν,
484 4595 644 4664 ἤγουν
692 4595 814 4655 τοὺς
851 4590 905 4644 έκ
943 4598 1034 4651 τῆς
1061 4594 1234 4661 γενεᾶς
1271 4597 1364 4649 τῆς
1413 4587 1605 4640 ἑαυτῶν
1635 4588 1779 4646 υἱοὺς
1823 4589 1990 4658 φωτός
2033 4591 2350 4659 γενομένους.
2385 4585 2646 4660 Ἐντρέπει
2687 4583 2963 4660 δεόλόγος
2991 4593 3111 4652 τοὺς
3143 4588 3451 4663 ἀμελοῦντας
3485 4601 3576 4645 τοῦ

212 4685 498 4760 μέλλοντος.

288 4773 443 4846 Κάγὼ
511 4773 632 4844 ὑμῖν
689 4800 754 4811 -
840 4773 894 4822 ἐκ
961 4775 1051 4821 τοῦ
1126 4773 1346 4840 μαμωνᾶ
1410 4775 1505 4828 τῆς
1575 4761 1805 4826 ἀδικίας.
1845 4767 1888 4822 Ι)

211 4869 471 4936 Μαμωνᾶς
523 4862 634 4932 (89)
683 4863 772 4933 μεν
803 4861 828 4911 6
867 4857 1083 4918 πλοῦτος
1131 4857 1334 4928 λέγεται
1381 4855 1505 4930 παρ’
1533 4854 1807 4928 Ἑϐραίοις·

208 4961 317 5014 Τῆς
360 4949 579 5012 ἀδικίας
624 4946 683 5002 δε
721 4955 899 5000 τοῦτον
938 4944 1094 5010 εἶπεν,
1144 4948 1214 5007 ὡς
1265 4944 1317 5007 έξ
1360 4941 1572 5005 ἀδικίας
1614 4946 1811 5001 (θησαν-

204 5043 454 5116 ρισθέντα
505 5047 596 5099 τῆς
652 5037 706 5090 εκ
753 5045 844 5089 τοῦ
888 5041 958 5110 μὴ
1013 5032 1418 5108 διαμερίζεσῡαι
1476 5035 1540 5085 τά
1595 5036 1811 5105 περιττὰ

205 5133 393 5183 τουτου
447 5136 556 5190 τοῖς
628 5132 860 5185 πένησιν.
922 5125 1086 5187 Ἐπεὶ,
1146 5127 1323 5196 φησὶν,
1392 5124 1526 5194 οἶχρι
1580 5130 1671 5173 τοῦ
1722 5130 1809 5173 νῦν

206 5227 382 5279 κακῶς
429 5217 813 5288 ᾠκονομησατε,
872 5219 963 5267 καὶ
1019 5215 1085 5265 τὰ
1131 5212 1576 5286 ἐμπεπιστευμένα
1628 5230 1810 5282 μαμω-

199 5314 294 5362 νᾶν
346 5303 561 5369 ἀδικίας
591 5308 966 5370 κατεστήσατε,
1016 5300 1112 5355 κᾶν
1161 5308 1283 5374 γοῦν
1338 5299 1434 5374 ὀχέ
1484 5317 1609 5352 ποτε
1659 5304 1809 5358 ποιή-

1995 4765 2157 4820 Vers.
2193 4768 2244 4821 9.
2271 4765 2345 4820 Et
2367 4780 2466 4836 ego
2523 4767 2678 4822 vobis
2734 4797 2801 4807 —
2857 4768 2930 4824 de
2977 4769 3180 4840 iniquo
3231 4786 3571 4829 mammona.

1923 4856 2262 4910 Mammona
2279 4856 2441 4926 apud
2461 4855 2738 4911 Hebraeos
2751 4857 2967 4912 divitiae
2987 4857 3286 4916 dicuntur.
3303 4860 3572 4932 Iniquum

1920 4949 2122 4999 autem
2147 4943 2314 5010 dixit,
2338 4944 2460 4998 sive
2485 4944 2842 5016 Im'quitalis,
2865 4947 3026 5018 quod
3049 4963 3118 5002 ex
3146 4947 3456 5020 iniquitate
3487 4965 3573 5005 re-

1924 5032 2235 5096 condatur,
2255 5032 2465 5104 quaain
2477 5033 2591 5089 hoc
2610 5038 2712 5096 est,
2737 5033 2882 5106 quia
2895 5035 3198 5107 superﬂua
3210 5038 3573 5110 pauperibus

1920 5137 2038 5178 non
2063 5120 2436 5180 dividuntur.
2486 5124 2634 5179 Cum
2657 5139 2820 5193 ergo,
2849 5124 3064 5197 inquit,
3093 5125 3384 5182 hactenus
3415 5126 3570 5184 male

1920 5210 2428 5282 dispensaveritis,
2482 5217 2537 5267 et
2594 5213 2965 5269 concreditas
3014 5215 3185 5270 vobis
3243 5215 3570 5287 iniquitatis

1917 5299 2150 5356 divitias
2175 5300 2331 5357 male
2357 5301 2755 5374 expenderitis
2782 5303 2906 5360 :vel
2935 5303 3177 5361 tandem
3228 5321 3359 5360 sero
3396 5305 3567 5364 tacite

1402 5505 1627 5576 Variae
1672 5504 2005 5576 lectiones
2049 5516 2113 5574 et
2163 5514 2366 5576 notae.
2418 5518 2421 5520 ’

278 5735 394 5815 (89)
427 5732 750 5794 Hentenius
780 5730 999 5806 duplici
1027 5750 1108 5806 μμ
1131 5727 1333 5808 edidit.
1367 5730 1486 5803 Ego
1518 5726 1775 5805 simplici
1819 5727 2030 5806 reperi.

487 5837 724 5896 Parnm”
762 5831 868 5893 Gn.
909 5829 1156 5891 CXXIX.

3234 5835 3306 5894 33
