4210 6434
708 325 850 391 4035
2039 318 2379 378 EUTHYMII
2423 312 2746 376 ZIGABENI
3956 309 4065 371 1036

703 459 882 516 vobis
913 456 992 514 ab
1023 456 1169 528 ipsis
1205 455 1431 512 amicos
1470 466 1788 526 pauperes,
1844 449 1920 506 ad
1969 447 2360 505 imitationem

2398 447 2437 502 Α
2476 465 2596 498 σατε
2652 445 2866 510 ἑαυτοῖς,
2922 445 3102 516 φίλους
3158 441 3211 506 ἐξ
3257 441 3414 495 αὐτοῦ
3471 443 3587 502 τοὺς
3638 445 3895 508 πένητας,
3946 446 4060 493 κατὰ

707 547 892 605 modo
925 547 1097 602 dictae
1146 544 1470 618 parabolas.

2470 541 2696 609 μίμησιν
2724 544 2812 596 τῆς
2851 532 2958 594 ἤδη
2989 537 3237 609 ῥηθείσης
3268 531 3591 605 παραϐολῆς.

778 637 940 692 Vers.
974 635 1028 689 9.
1075 633 1146 692 Ut
1169 650 1301 690 cum
1345 663 1411 675 -
1461 629 1879 688 tabernacula.
1946 629 2015 683 Ut
2060 643 2199 682 cum
2256 641 2362 697 per

2539 625 2649 678 Ἰνα
2667 628 2785 678 ὅταν
2806 657 2874 664 -
2901 627 3110 684 σκηνάς.
3139 623 3409 686 ’1να,ὃταν
3431 641 3502 692 τῳ
3530 622 3738 690 θανάτῳ
3764 630 4053 692 μεταστῆτε,

706 731 951 783 mortem
967 723 1104 780 hinc
1125 721 1961 792 demigraveritis,praaparent
1979 715 2147 772 vobis
2170 714 2359 770 locum

2467 717 2824 788 παράσχωσιν
2890 715 3010 785 ὑμῖν
3063 719 3217 764 τόπον
3270 712 3336 773 εἰς
3412 713 3504 772 τὰς
3573 710 3791 770 αἱωνίας
3863 716 4049 775 σκηνὰς,

706 815 786 872 ad
841 819 1062 870 interna
1109 811 1514 877 tabernacula,
1581 808 1700 882 ipsi
1750 807 1916 882 prius
1961 806 2222 878 hospites
2279 802 2358 858 ibi

1581 808 1700 882 ipsi
1750 807 1916 882 prius
1961 806 2222 878 hospites
2279 802 2358 858 ibi
2467 805 2703 880 πρόξενοι
2725 808 2910 858 τούτου
2936 809 3213 878 γινόμενοι.

707 904 847 961 facti
888 903 986 975 (r).

777 992 939 1048 Vers.
986 994 1068 1048 t0.
1104 990 1215 1057 Qui
1239 989 1429 1059 ﬁdelis
1466 1020 1534 1029 —
1574 988 1808 1059 iniquus
1852 993 1953 1042 est.
2011 983 2120 1049 Qui
2171 979 2358 1036 ﬁdelis

2535 983 2594 1036 '0
2621 987 2808 1044 πιστὸς
2843 1015 2904 1025 ——
2942 980 3125 1044 ἄδικός
3156 981 3315 1038 ἐστιν.
3367 981 3426 1033 Ὀ
3457 984 3641 1041 πιστὸς
3672 979 3724 1033 ἐν
3771 982 3944 1053 ὀλίγῳ,
3979 1005 4042 1036 καί

706 1086 797 1137 est
826 1080 886 1136 in
919 1079 1190 1147 minimo,
1214 1079 1392 1134 etiam
1424 1077 1643 1148 dignus
1673 1082 1781 1132 est.
1805 1075 1951 1129 Dicit
1999 1078 2199 1128 autem
2253 1070 2359 1125 mi-

2467 1073 2653 1125 πολλοῦ
2685 1074 2828 1136 ἄξιός
2855 1072 3013 1125 ἐστιν·
3057 1075 3082 1124 ὁ
3116 1069 3173 1124 δε
3217 1072 3263 1124 ὲν
3295 1071 3450 1143 ὀλίγῳ
3489 1067 3699 1134 ἄδικος,
3753 1077 3845 1124 καὶ
3887 1073 4040 1125 πο).λοὺ

705 1169 964 1236 nimum,
988 1174 1254 1224 terrenas
1285 1166 1542 1234 divitias,
1568 1164 1822 1221 multum
1848 1178 2006 1226 vero,
2062 1159 2356 1216 ccelestes.

2469 1161 2676 1226 ἀνάξιός
2691 1162 2822 1216 ὶστι.
2848 1166 3002 1233 Λέγει
3029 1159 3088 1214 δε
3107 1160 3387 1233 ἐλάχιστον
3409 1163 3497 1233 μεν
3521 1164 3605 1212 τὸν
3627 1166 3815 1231 γηῐνον
3837 1161 4038 1225 πλοῦτον,

2468 1253 2628 1306 πολὺν
2660 1249 2718 1305 δε
2748 1257 2834 1305 τὸν
2868 1253 3126 1325 οὐράνιον.

777 1347 940 1404 Vers.
979 1345 1154 1402 H.Si
1176 1360 1396 1416 ergo—
1446 1344 1661 1415 fuistis.
1729 1340 1874 1398 Male
1925 1338 2195 1395 videlicet
2239 1337 2357 1393 dis-

2093 1339 2195 1394 icet
2239 1337 2357 1393 dis-
2540 1341 2600 1394 Εἰ
2630 1337 2716 1394 οὖν
2744 1341 2992 1414 ἐγένεσθε·
3025 1341 3108 1402 Ὠς
3137 1348 3309 1401 κακῶς
3339 1339 3755 1412 οἰκονομοῦντες.

702 1435 1041 1510 pensando.

778 1526 935 1580 Vers.
975 1529 1056 1579 tt.
1091 1521 1252 1590 Quod
1275 1552 1342 1562 —
1379 1520 1615 1578 credet?
1654 1519 1835 1575 Veras
1879 1517 2044 1590 regni
2078 1516 2175 1573 Dei
2214 1515 2360 1571 divi-

2537 1525 2608 1574 Τὸ
2631 1552 2695 1561 -
2715 1523 2989 1574 πιστεύσει
3011 1536 3025 1586 ;
3047 1523 3144 1573 Τὸν
3174 1519 3415 1577 mnam»
3437 1517 3654 1570 πλοῦτον
3679 1527 3779 1581 τῆς
3802 1517 4028 1591 βασιλείας

703 1614 840 1670 tias.

2466 1619 2560 1664 τοῦ
2587 1618 2741 1666 Θεοῦ.

776 1702 937 1758 Vers.
972 1704 1054 1756 l2.
1098 1699 1526 1756 Etsi—dabit
1583 1699 1611 1752 i’
1661 1697 1931 1752 Similiter
1987 1702 2044 1751 et
2095 1695 2356 1751 alienum

2354 1739 2356 1748 ι
2541 1707 2641 1754 Καὶ
2697 1701 2741 1753 εἰ
2794 1730 2860 1743 σ-
2915 1696 3110 1765 δῶσει;
3150 1699 3368 1769 Ὀμοίως
3421 1697 3690 1769 ἀλλότριον
3749 1702 3840 1770 μὲν
3887 1698 4016 1768 ὀνομά-

702 1789 977 1848 nominat
1002 1795 1266 1844 terrenas
1289 1789 1545 1851 divitias,
1571 1787 1793 1860 quippe
1823 1803 1956 1858 qua;
1987 1784 2153 1856 apud
2193 1784 2355 1839 illum

2342 1801 2355 1838 ι
2394 1794 2435 1849 Β
2469 1792 2547 1852 ζει
2576 1796 2662 1843 τὸν
2699 1797 2878 1861 γήϊνον
2926 1789 3166 1852 πλοῦτον,
3228 1792 3292 1848 ὡς
3343 1793 3412 1860 μὴ
3464 1792 3827 1860 παραμένοντα
3863 1795 3918 1852 τῷ
3952 1803 4004 1833 ιε-

703 1895 824 1937 non
855 1883 1266 1952 permaneant,
1291 1879 1394 1950 qui
1422 1879 1584 1950 ipsas
1612 1885 1697 1932 est
1716 1882 2056 1931 assecutus:
2085 1881 2355 1930 nostrum

2342 1890 2355 1929 ι
2466 1885 2720 1953 κτημένῳο
2768 1881 3011 1953 ἡμέτερον
3055 1878 3168 1948 (90)
3225 1874 3304 1941 δὴ,
3352 1881 3438 1929 τὸν
3491 1877 3754 1948 οὐράνιον,
3797 1879 3861 1936 ὡς
3898 1891 4004 1942 παρα-

703 1975 905 2026 autem
945 1967 1235 2033 cmlestes,
1272 1975 1334 2023 ut
1353 1983 1488 2040 quas
1519 1966 1683 2040 apud
1722 1967 1891 2022 illum
1944 1970 2351 2038 permaneant,

1624 1966 1683 2023 Id
1722 1967 1891 2022 illum
1944 1970 2351 2038 permaneant,
2465 1976 2681 2044 μένοντα
2709 1979 2781 2040 τῷ
2808 1968 3076 2032 ἀξιωθέντι
3107 1968 3286 2019 αὐτοῦ.

701 2060 808 2132 qui
834 2059 996 2131 ipsas
1022 2059 1254 2130 accipit.

773 2147 936 2204 Vers.
973 2147 1060 2204 13.
1089 2147 1309 2204 Nullus
1337 2153 1764 2203 —eontemnet.
1819 2148 1951 2201 Haec
1990 2145 2168 2201 etiam
2209 2144 2356 2200 dixit

2354 2187 2356 2197 ι
2536 2147 2726 2212 Οὐδεὶς
2766 2180 2826 2190 —-
2885 2153 3294 2220 καταφρονήσευ
3354 2152 3532 2198 Ταῦτα
3591 2142 3696 2197 εἶπε
3753 2148 3834 2195 καί
3893 2139 3932 2192 ἐν
3965 2146 4016 2206 τῷ

699 2237 914 2310 quinto
944 2237 1136 2308 capite
1159 2235 1456 2306 Evangelii
1483 2235 1812 2292 secundum
1849 2235 2192 2290 Matthaaum
2234 2249 2246 2288 :
2299 2242 2356 2289 et

2355 2279 2356 2282 η
2463 2244 2680 2311 πίμπτῳ
2708 2237 2968 2310 κεφαλαίῳ
2997 2245 3088 2289 τοῦ
3127 2238 3261 2287 κατὰ
3293 2236 3579 2303 διατθαίον,
3612 2239 3692 2286 καί
3724 2231 3956 2302 ἀνάγνωθι
3981 2226 4017 2277 ἐν

699 2326 759 2382 in
802 2342 874 2381 eo
929 2326 1058 2394 lege
1106 2325 1245 2381 dicti
1287 2325 1443 2381 illius
1483 2324 1919 2381 enarrationem
1973 2341 1986 2379 :
2035 2324 2218 2379 Nemo
2249 2338 2354 2391 po-

2463 2327 2634 2400 ὶκείνῳ
2663 2333 2754 2386 τήν
2795 2327 3042 2399 ἐξήγησιν
3074 2334 3182 2378 τοῦ·
3221 2320 3409 2386 Οὐδεὶς
3457 2320 3676 2376 δύναται
3707 2319 3823 2375 δυσί
3849 2323 4017 2392 κυρίοις

699 2419 808 2472 test
845 2415 1066 2471 duobus
1091 2415 1335 2470 dominis
1363 2417 1580 2470 servire
1610 2416 1678 2469 “.

1091 2415 1335 2470 dominis
1363 2417 1580 2470 servire
1610 2416 1626 2449 ¹
1638 2416 1678 2469 δ.
2464 2414 2743 2471 δουλεύειν.

771 2505 933 2560 Vers.
983 2509 1064 2560 i3.
1131 2505 1258 2560 Non
1311 2507 1540 2575 potestis
1595 2534 1665 2544 —
1728 2518 2084 2559 mammome.
2143 2503 2352 2557 Conse-

697 2600 945 2667 quenter
979 2593 1060 2649 ibi
1083 2600 1139 2648 et
1175 2593 1251 2648 de
1304 2593 1418 2649 hoc
1471 2591 1702 2648 dictum
1755 2599 1861 2662 est,
1895 2601 1954 2647 et
2003 2591 2145 2647 data
2177 2591 2355 2646 inter-

2339 2621 2355 2632 -
2533 2595 2609 2648 Οὐ
2655 2592 2883 2648 δύνασθε
2913 2625 2980 2635 -
3024 2599 3263 2666 μαμωνᾶ.
3311 2591 3613 2649 ’Δκολοῦθως
3648 2588 3739 2640 ἐκεῖ
3776 2588 3855 2635 καὶ
3897 2585 4001 2655 περὶ

698 2682 950 2756 pretatio
965 2727 977 2740 .

2460 2689 2643 2737 τούτου
2671 2688 2874 2758 εἴρηται
2903 2689 2993 2735 καὶ
3016 2686 3358 2758 ἡρμήνευται.

772 2769 934 2826 Vers.
970 2768 1052 2824 14.
1082 2769 1700 2825 Audiebant-illum.
1717 2769 1821 2824 Vili
1831 2768 2169 2840 pendebant
2190 2784 2350 2831 eum,

2531 2774 2756 2828 Ἤκουον
2795 2805 2860 2814 -
2893 2774 3069 2826 αὐτόν.
3112 2772 3417 2845 Ἐφαύλιζον
3448 2769 3620 2832 αὐτὸν,
3661 2768 3705 2819 οὶ
3731 2761 3900 2836 φαῦλοι
3938 2761 4014 2808 καί

699 2859 812 2933 ipsi
843 2859 989 2914 viles
1027 2874 1097 2914 ac
1118 2858 1472 2914 detestandi.

1178 2858 1472 2914 atestandi.
2460 2867 2840 2918 κατάπτυστοι.

773 2949 943 3006 Vers.
966 2949 1046 3004 t5.
1070 2947 1242 3004 Etait
1260 2978 1329 2988 —
1350 2947 1676 3004 homnibus.
1702 2949 1811 3014 Qui
1834 2964 1942 3004 vos
1980 2948 2137 3021 ipsos
2159 2948 2351 3019 justos

2349 2985 2351 2998 ι
2534 2959 2632 3007 Καὶ
2668 2954 2801 3006 εἶπεν
2847 2984 2916 2993 -
2960 2951 3260 3026 ἀνθρώπων.
3322 2952 3387 3002 Οἱ
3427 2946 3664 3008 δικαίους
3700 2944 3893 3000 ἑαυτοὺς
3934 2941 4011 2989 οισ-

698 3038 941 3112 putatis.

2458 3064 2618 3118 μενοι.

772 3129 934 3183 Vers.
965 3126 1054 3182 l5.
1087 3125 1236 3182 Deus
1265 3129 1462 3184 autem
1486 3157 1556 3169 —
1600 3134 1814 3184 vestra.
1864 3126 2128 3184 Peccatis
2176 3126 2352 3200 plena
2379 3144 2420 3200 ο

2347 3144 2420 3200 .c
2458 3113 2467 3118 ⁷
2528 3134 2586 3186 Ὀ
2633 3129 2692 3185 δε
2742 3136 2869 3194 Θεὸς
2919 3164 2988 3173 -
3019 3133 3180 3205 ὐμῶν.
3211 3127 3547 3206 ’Δμαρτωλὰς
3593 3126 3751 3186 οὐσας
3795 3126 3876 3174 καὶ
3911 3113 4009 3190 βδε-

698 3221 756 3274 et
778 3215 1168 3273 exsecranda.

977 3215 1168 3272 'anda.
2459 3222 2639 3297 λυράς,

768 3305 937 3364 Vers.
994 3311 1077 3362 15.
1139 3305 1308 3374 Quod
1336 3306 1478 3364 Deo.
1536 3304 2091 3380 Siquidem,inquit,
2146 3307 2352 3363 etiam-

2349 3340 2352 3347 ι
2523 3293 2650 3364 ’Ὅτι
2696 3341 2766 3353 -
2812 3319 2903 3363 τοῦ
2934 3318 3093 3366 Θεοῦ.
3138 3315 3235 3363 Καὶ
3277 3310 3379 3382 γάρ
3412 3321 3593 3380 φησιν’
3651 3305 3709 3357 Εἰ
3755 3307 3840 3356 καὶ
3886 3293 4011 3354 μηδὲν

683 3395 746 3452 εἰ
795 3396 856 3451 in
913 3395 1029 3452 alio
1086 3396 1251 3451 nullo
1293 3395 1681 3468 deliqueritis,
1741 3412 1914 3466 quam
1943 3396 2106 3469 quod
2154 3413 2345 3452 coram

2349 3445 2350 3449 η
2459 3402 2626 3475 ἕτερον
2682 3402 3000 3474 ἠμαρτάνετε
3054 3403 3169 3470 (9|)
3232 3401 3261 3457 ἡ
3304 3398 3355 3450 ἓν
3410 3397 3698 3471 ἀνθρώποις
3757 3390 4011 3463 ὑψηλοφρο-

682 3484 1045 3542 'hominibus
1075 3484 1412 3541 sublimiter
1443 3500 1653 3556 sapere
1681 3485 1986 3550 videmini,
2022 3485 2080 3541 id
2122 3487 2344 3542 abomi-

2461 3493 2591 3548 σύνη
2633 3486 2866 3562 βδελυρά
2895 3488 3008 3542 ἔστι
3045 3497 3118 3559 τῷ
3148 3494 3277 3559 θεῷ,
3306 3491 3393 3539 καὶ
3441 3483 3737 3560 βδελυροὺς
3772 3487 3898 3535 ποιεῖ
3930 3479 4013 3531 τοὺς

687 3575 862 3631 natio
888 3579 1191 3630 estcoram
1213 3577 1436 3637 Deo,ac
1450 3573 1832 3630 detestandos
1857 3575 1996 3632 facit
2037 3577 2348 3648 superbos.
2459 3580 2759 3652 οὶηματίας.

775 3662 936 3719 Vers.
969 3667 1052 3719 l6.
1095 3663 1218 3720 Lex
1246 3663 1646 3720 —Joarmem.
1701 3665 1813 3718 Lex
1858 3665 2255 3736 prophetandi
2296 3673 2351 3722 et

2526 3668 2585 3721 Ὀ
2632 3673 2783 3740 νόμος
2858 3698 2925 3709 -
2969 3667 3228 3722 Ἰωάννου.
3300 3665 3358 3718 ’0
3424 3668 3574 3736 νόμος
3626 3671 3718 3716 τοῦ
3779 3657 4017 3734 προφητςᾶ-

699 3751 1025 3824 prophetia,
1050 3752 1149 3823 qui
1174 3750 1447 3806 videlicet
1468 3753 1542 3806 de
1575 3768 1669 3807 me
1697 3754 2218 3824 prophetaverunt,
2253 3772 2350 3809 us-

2459 3777 2548 3826 ειν,
2613 3762 2702 3809 καὶ
2771 3759 2820 3809 οἱ
2884 3765 3147 3829 προφῆται
3204 3758 3252 3808 οἱ
3313 3757 3741 3830 προφητεύοντες,
3798 3747 4017 3808 δηλονότι,

697 3856 817 3912 que
855 3840 929 3895 ad
944 3840 1236 3895 Joannem
1261 3839 1766 3911 prephetaverunt
1809 3843 1854 3878 ¹⁸
1890 3861 1903 3909 ;
1939 3860 2080 3898 nam
2106 3844 2217 3898 hoc
2248 3844 2350 3899 ad-

2457 3851 2575 3920 περὶ
2618 3845 2762 3918 ἐμοῦ,
2808 3851 2999 3919 μέχρις
3030 3846 3268 3899 Ἰωάννου
3316 3849 3730 3916 προεφήτευσαν.
3771 3847 3922 3894 Τοῦτο
3943 3837 4017 3904 γὰρ

697 3927 850 3984 didit
873 3927 1211 3986 Mattheus.
1252 3928 1504 3986 Posthac
1533 3936 1734 3988 autem
1775 3947 1969 4004 neque
2021 3931 2113 3987 lex
2156 3949 2348 4006 neque

2457 3937 2776 4009 προσεθηκεν
2803 3937 2827 3987 ὁ
2859 3937 3145 3997 Ματθαίος.
3178 3942 3281 3988 Τοῦ
3311 3933 3493 3987 λοιποῦ
3526 3929 3584 3986 δε
3614 3933 3731 3984 οὗτε
3763 3936 3905 4003 νόμος
3933 3924 4020 3975 οὔτε

697 4018 1018 4090 prophetis,
1052 4017 1158 4102 sed
1182 4018 1329 4091 quid
1368 4019 1397 4074 Ἰ

1368 4019 1397 4074 Ἰ
2457 4035 2742 4098 προφῆται,
2766 4024 2893 4076 ἀλλὰ
2922 4029 2973 4077 τί
2993 4042 3006 4091 ;

768 4107 931 4162 Vers.
977 4112 1058 4162 16.
1100 4107 1191 4164 Ab
1221 4138 1288 4148 —
1313 4110 1724 4164 annuntiatur.
1752 4107 1878 4164 Non
1919 4107 2177 4166 obscure
2220 4127 2350 4184 pro-

2530 4115 2658 4168 ’Δπὸ
2713 4145 2785 4157 -
2852 4114 3254 4186 εὐαγγελίζεται.
3335 4112 3526 4165 Οὐκέτι
3597 4117 3869 4168 σκοτεινῶς
3923 4119 4021 4174 προ-

693 4194 991 4268 phetatur,
1052 4196 1156 4253 sed
1213 4196 1416 4269 palam
1474 4197 1862 4253 annuntiatur
1929 4215 1942 4254 :
1999 4198 2124 4270 ipse
2187 4202 2347 4258 enim

2458 4208 2754 4276 φητεύεται,
2786 4202 2916 4255 ἀλλὰ
2961 4213 3182 4276 φανερῶς
3225 4203 3649 4275 καταγγέλλεται.
3685 4201 3848 4259 Αὐτὸς
3888 4198 3974 4267 γὰρ
4007 4190 4023 4239 ό

691 4287 952 4342 Joannes
981 4285 1124 4341 illud
1152 4287 1413 4359 primum
1445 4286 1838 4357 annuntiavit,
1873 4287 2078 4344 dicens
2125 4306 2138 4344 :
2199 4292 2349 4347 Resi-

2457 4296 2698 4355 Ἰωάννης
2714 4303 2916 4368 πρῶτος
2937 4293 3095 4352 αὐτὴν
3116 4293 3508 4364 εὐηγγελίσατο,
3527 4291 3704 4363 λέγων·
3736 4291 4023 4344 Μετανοεῖτε,

693 4375 920 4448 ρίεσίιε,
969 4376 1152 4432 instat
1197 4375 1351 4431 enim
1383 4390 1615 4445 regnum
1642 4376 1918 4432 calorum
1951 4379 2017 4431 ³⁸.
2054 4379 2343 4449 Regnum,

2457 4387 2641 4455 ἢγγικε
2669 4386 2770 4456 γὰρ
2809 4385 2836 4442 ἡ
2874 4381 3119 4454 βασιλεία
3158 4392 3258 4434 τῶν
3287 4383 3535 4454 οὐρανῶν.
3566 4379 3836 4434 Βασιλείαν
3864 4373 3916 4429 δὲ
3957 4375 4026 4422 τω

693 4480 832 4521 vero
860 4465 958 4521 Dei
982 4479 1138 4520 nunc
1167 4463 1315 4520 dicit
1361 4464 1566 4531 ﬁdem,
1595 4480 1733 4538 quas
1767 4466 1825 4521 in
1869 4467 2066 4539 ipsum
2107 4474 2212 4535 est,
2267 4475 2349 4526 ut-

2380 4490 2424 4545 D
2458 4481 2592 4525 Θεοῧ
2621 4472 2756 4543 λέγει
2785 4481 2894 4540 νῦν,
2925 4477 3019 4530 τὴν
3052 4471 3122 4533 εἰς
3153 4472 3308 4524 αὐτὸν
3334 4476 3532 4535 πίστιν,
3567 4473 3634 4532 ὡς
3664 4465 3826 4522 οὖσαν
3870 4459 4023 4539 «ligavi-

691 4558 832 4626 pote
872 4553 1270 4610 arrhabonem
1301 4555 1467 4624 regni
1517 4554 1823 4622 caelorum,
1871 4555 1993 4612 sive
2053 4556 2346 4614 fruitionis

2457 4571 2562 4614 ῶνα
2589 4571 2684 4623 τῆς
2712 4561 2984 4634 βασιλείας
3014 4569 3113 4613 τῶν
3143 4561 3389 4635 οὐρανῶν,
3423 4564 3539 4620 ἤτοι
3589 4569 3674 4621 τῆς
3726 4557 4025 4611 ἀπολαύσεως

693 4642 1020 4698 ccelestium
1060 4641 1379 4700 bonorum.

2457 4659 2556 4703 τῶν
2579 4650 2828 4723 οὐρανίων
2856 4649 3081 4720 ἀγαθῶν.

765 4730 927 4787 Vers.
962 4734 1048 4788 t6.
1095 4732 1163 4788 Et
1200 4761 1272 4774 -—
1316 4733 1429 4789 vim
1473 4732 1640 4804 facit.
1701 4733 1906 4791 Omnis
1963 4733 2204 4808 sapiens
2238 4735 2347 4792 ad-

2532 4744 2632 4792 Καὶ
2686 4771 2754 4778 -
2809 4737 3073 4813 βιάζεται.
3122 4745 3231 4801 Πᾶς
3285 4742 3489 4799 συνετὸς
3545 4737 3830 4808 εἰς1αὐτὴν
3881 4731 4024 4806 βιάζει

765 4907 811 4946 ¹³
841 4909 1042 4967 Matth.
1072 4927 1127 4967 vi
1157 4911 1246 4968 24.
1325 4913 1371 4948 ³⁵
1400 4911 1594 4969 Iatth.
1628 4929 1704 4980 ιι,
1744 4915 1828 4969 13.
1907 4915 1954 4950 ¹⁶
1981 4914 2182 4971 Matth.
2211 4931 2268 4982 ll,
2298 4919 2349 4970 2.

1891 5092 2112 5162 Variae
2161 5094 2483 5164 lectiones
2531 5106 2596 5164 et
2637 5109 2815 5166 notae

759 5261 875 5346 (90}
907 5260 969 5346 in
1002 5269 1162 5346 textu
1204 5258 1426 5346 habent
1473 5261 1736 5346 ὐμέτερον.
1805 5263 2218 5346 Nihilominus
2261 5273 2339 5324 ta-
2452 5285 2724 5346 meum,a
2750 5268 3060 5346 _Sabatiero
3086 5269 3578 5342 notatum,etiam
3605 5269 3682 5328 ad
3712 5268 4022 5340 interpreta-

686 5335 828 5415 men
857 5338 1100 5415 ἡμέτερον
1136 5338 1201 5415 in
1236 5335 1637 5415 explicatione
1667 5335 1865 5415 locum
1906 5337 2112 5415 habet.
2155 5339 2342 5415 Tlieo-
2451 5343 2643 5415 tiones
2664 5341 3076 5415 referendum.

685 5407 1086 5488 phylactiis‘in
1110 5407 1367 5488 editis__i_n
1400 5410 1640 5488 textuet
1660 5407 2340 5488 in-scholiishabetﬁpif

1470 5412 1640 5488 [luet
1660 5407 2340 5488 in-scholiishabetﬁpij
2524 5413 2636 5483 (91)
2663 5409 3036 5488 ἸΙμαρτοὲνετο.
3077 5421 3132 5470 Β.

685 5477 848 5556 τερον.
911 5477 1038 5532 Vid.
1107 5494 1166 5550 p.
1233 5480 1356 5532 455.
1416 5477 1475 5532 Β.
1535 5479 1594 5534 Ε.
1649 5481 1773 5534 456.
1853 5485 1919 5535 Α.
2002 5477 2340 5540 Tertulliani

756 5656 835 5728 (r)
853 5652 977 5724 Ipsi
1003 5654 1244 5740 —/’ac_ti_
1259 5657 1454 5710 Τούτου
1498 5655 1747 5738 refertur
1774 5656 1864 5740 ad
1902 5658 2336 5740 r6n92.:__n96§i-

2447 5663 2614 5740 cujus
2646 5662 2728 5740 re_i_
2763 5667 2969 5720 auctor
3007 5667 3064 5724 et
3111 5663 3354 5739 adjutor
3393 5669 3499 5723 est.
3545 5663 3744 5724 Redde
3795 5665 3932 5736 Ejus
3956 5653 4017 5712 rei

679 5745 766 5797 νος
795 5742 936 5786 vero
963 5741 1085 5785 non
1115 5734 1202 5785 est
1229 5728 1448 5804 hospes
1473 5730 1655 5804 prior,
1689 5729 1794 5787 sed
1835 5730 1887 5788 is
1917 5732 2020 5808 qui
2053 5728 2205 5790 aliis'
2232 5734 2338 5790 ali-
2441 5728 2594 5810 fabii
2625 5735 2949 5811 adjutores.
