4210 6444
195 368 329 428 1037
1263 364 1455 424 COMM
1467 362 1623 423 ENT.
1667 363 1738 422 IN
1781 364 1857 423 LU

1901 362 2038 420 ΞΛΜ.
2077 395 2150 408 —
2191 363 2352 422 CAP.
2393 363 2539 422 XVI.
3426 367 3563 423 1038

194 496 398 565 έαυτόν,
431 494 797 568 ἀνθελκόμενος
840 496 940 548 ὑπὸ
983 502 1080 556 τῆς
1113 501 1204 547 τοῦ
1254 513 1457 566 κοσμου
1509 492 1682 565 φιλίας
1705 495 1796 543 καὶ
1834 493 1856 545 Α

1913 488 2056 544 illud
2089 488 2194 544 sibi
2235 489 2346 560 ipsi
2379 489 2500 544 vim
2530 487 2726 556 infert,
2755 505 2792 546 a
2831 489 3041 545 mundi
3075 503 3283 547 amore
3325 506 3398 547 ac
3439 491 3571 546 inﬂ-

194 594 290 648 τῆς
321 585 590 647 ἀπιστίας’
623 586 772 657 ὑμεῖς
803 581 882 651 δε,
935 583 1173 637 ἀσύνετοι
1224 588 1314 635 καὶ
1364 584 1594 657 ῥᾲθνμοι
1637 585 1798 645 ὄντες,

1911 578 2146 634 delitate
2197 579 2533 634 abstractus
2563 574 2579 634 ἐ
2608 595 2716 634 vos
2763 585 2986 642 autem,
3039 594 3174 633 cum
3221 580 3568 650 insipientes

196 675 404 736 εἰκότως
446 673 731 728 ἀπιστεῖτε.

1913 666 2044 722 sitis
2081 673 2133 722 et
2159 681 2391 736 segnes,
2428 667 2637 721 merito
2667 666 2954 722 increduli
2988 667 3373 739 permanetis.

274 764 637 838 Εὐκοπώτερον
712 794 781 803 —
829 769 1024 818 πεσεῖν.
1080 767 1252 834 Νόμον
1315 759 1554 826 ἐνταῦθα,
1625 765 1798 812 πᾶσαν

1984 757 2143 810 Vers.
2194 761 2279 810 l7.
2312 755 2566 813 Facilius
2614 757 2922 812 —cadere.
2952 757 3164 827 Legem
3202 756 3314 811 hoc
3342 757 3401 813 in
3439 756 3571 814 loco

200 857 437 924 ὠνόμασε
479 857 572 910 τὴν
614 851 846 904 Παλαιὰν
892 855 1118 927 Γραφὴν,
1157 854 1273 912 ἣτις
1323 847 1582 923 διαφόρως
1631 855 1800 921 προεῖ·

1911 843 2259 916 appellavit,
2293 859 2472 899 omne
2505 845 2686 900 Vetus
2714 844 3179 910 Testamentum,
3215 847 3270 900 in
3303 862 3421 918 quo
3463 845 3570 902 fre-

200 959 310 1006 πεν,
362 942 440 992 ὅτι
480 937 574 992 διὰ
619 945 713 998 τὴν
764 938 1012 992 ἀπιστίαν
1073 939 1244 992 αὐτῶν
1310 941 1649 992 ἑκπεσούνται
1709 945 1800 996 τῆς

1911 939 2160 1006 quenter
2187 932 2539 1004 praedictum
2587 940 2695 998 est,
2727 933 2892 1005 quod
2934 933 3082 990 illia
3123 934 3219 990 Dei
3270 934 3573 990 familiari-

201 1033 327 1104 πρός
380 1033 503 1082 Θεόν
556 1029 880 1092 οἰκειωσεως.
945 1033 1095 1100 Λέγει
1151 1035 1297 1100 γοῦν,
1356 1029 1437 1080 ὅτι
1503 1027 1801 1100 εὐχερέστε-

1914 1027 2032 1078 tate
2083 1023 2432 1078 exciderent.
2491 1022 2640 1078 Dicit
2687 1038 2875 1093 ergo:
2924 1022 3174 1078 Facilius
3233 1023 3451 1079 caelum
3500 1041 3571 1080 ac

201 1137 291 1191 ρον
321 1117 381 1170 ἆν
412 1119 438 1169 ό
465 1118 679 1190 ούρανός
708 1123 798 1170 καὶ
835 1120 866 1176 ἡ
920 1127 986 1189 γῆ
1021 1116 1489 1190 ἀφανισθήσονται,
1523 1117 1552 1176 ἦ
1587 1119 1645 1169 τό
1693 1114 1802 1168 έλοὶ·

1916 1117 2070 1168 terra
2095 1116 2572 1184 corrumpantur,
2589 1128 2775 1185 quam
2805 1112 2895 1168 vel
2927 1113 3176 1168 minima
3202 1128 3340 1184 pars
3363 1129 3572 1170 eorum

201 1226 394 1278 χιστον
423 1215 522 1259 τῶν
553 1211 1007 1283 προηγορευμένων
1031 1215 1091 1279 τῇ
1122 1212 1297 1280 Γραφῇ
1329 1210 1442 1278 περὶ
1471 1214 1562 1266 τῆς
1593 1201 1628 1257 δ
1633 1207 1686 1256 ιὰ
1710 1209 1802 1263 τήν

1915 1217 2051 1273 quae
2104 1217 2210 1274 per
2237 1201 2600 1273 Scripturam
2658 1203 3054 1274 praenuntiata
3111 1209 3250 1258 sunt
3299 1203 3374 1259 de
3429 1219 3572 1260 casu

205 1295 456 1348 ἀπιστίαν
480 1295 783 1358 ἐκπτώσεως
812 1297 979 1348 αὐτῶν
1028 1292 1374 1362 διαπεσεῖται,
1419 1298 1604 1362 ε’ίτουν,
1639 1292 1803 1369 ἀπραο

1915 1290 2156 1348 illorum
2181 1291 2255 1346 ob
2281 1289 2712 1359 inﬁdelitatem,
2747 1290 3023 1348 concidat
3052 1296 3155 1347 aut
3184 1291 3413 1347 irritum
3445 1308 3575 1364 per-

203 1389 300 1442 κτή
311 1403 408 1436 σει.
956 1396 958 1398 ⁷

956 1396 958 1398 ν
1919 1383 2179 1436 maneat.

282 1480 384 1534 Πᾶς
418 1505 480 1515 —
513 1477 771 1547 μοιχεύει.
798 1481 903 1528 Νῦν
923 1477 1110 1547 μὲν,μη
1141 1471 1459 1549 ἔρωτηθεὶς,,
1485 1474 1592 1526 εἷπε
1617 1480 1802 1538 ταῦτα,

1990 1469 2152 1524 Vers.
2222 1470 2308 1524 18.
2380 1469 2643 1542 Quisquis
2700 1501 2768 1510 -
2832 1470 3190 1528 adulterium
3249 1473 3574 1528 committit.

204 1568 338 1639 πρὸς
366 1583 509 1624 τινας
531 1563 916 1636 ἀποτεινόμενος
943 1571 1162 1616 τοιαῦτα
1182 1567 1296 1615 τότε
1312 1563 1582 1635 πλημμελή
1593 1580 1803 1624 σαντας’

1919 1558 2087 1614 Nunc
2115 1557 2362 1630 quidem
2393 1558 2927 1629 noninterrogatus
2957 1559 3079 1615 haec
3113 1559 3280 1628 dixit,
3313 1560 3369 1614 in
3398 1576 3574 1633 quos-

206 1653 258 1705 ἐν
291 1650 350 1705 δε
376 1661 446 1722 τῷ
477 1661 884 1726 τεσσαρακοστῶ
923 1652 1183 1725 κεφαλαίῳ
1220 1660 1310 1704 τοῦ
1361 1655 1492 1704 κατὰ
1544 1653 1807 1708 Ματθαῖον

1919 1647 2060 1702 dam
2112 1647 2419 1712 invehens,
2466 1647 2571 1719 qui
2602 1648 2658 1702 in
2691 1648 3038 1719 hujusmodi
3070 1649 3248 1705 rebus
3279 1649 3579 1721 delinque—

206 1741 483 1815 ἐρωτηθεὶς
509 1742 608 1793 ύπό
639 1750 739 1793 τῶν
770 1746 1088 1815 Φαρισαίων,
1122 1741 1166 1794 εἰ
1187 1741 1382 1804 ἔξεστιν
1409 1739 1660 1815 ἀνθρώπῳ
1684 1739 1806 1793 ἀπο-

1920 1735 2107 1792 bant:
2143 1736 2607 1808 quadragesimo
2641 1752 2780 1792 vero
2814 1738 3006 1808 capite
3039 1738 3335 1807 Evangelii
3367 1755 3579 1794 secun-

205 1830 363 1882 λύσαι
393 1835 487 1889 τὴν
515 1839 741 1902 γυναῖκα
765 1831 926 1883 αὐτοῦ
952 1833 1084 1882 κατά
1133 1837 1306 1882 πᾶσαν
1337 1830 1529 1894 αἰτίαν,
1563 1830 1808 1882 πλατεῖαν
1846 1841 1867 1896 Ῑ

1920 1825 2066 1880 dum
2109 1826 2469 1890 Matthteum,
2504 1825 2898 1898 interrogatus
2930 1843 2965 1882 a
3007 1827 3340 1894 Pharisaeis,
3379 1833 3579 1886 utrum

207 1923 303 1978 τὴν
336 1917 617 1993 ἀπόκρισιν
658 1919 961 1978 ἐποιήσατο.
999 1923 1099 1972 Καὶ
1131 1917 1389 1991 ἀνάγνωθι
1419 1923 1511 1978 τὴν
1541 1919 1662 1977 ὅλην
1693 1917 1810 1982 ἐξὴ-

1920 1915 2049 1970 licet
2070 1915 2300 1970 homini
2330 1915 2654 1970 divortium
2687 1915 2878 1971 facere
2911 1932 3046 1971 cum
3082 1932 3266 1972 uxore
3297 1933 3406 1972 sua
3435 1934 3582 1990 qua-

207 2029 278 2081 γη
289 2029 370 2061 σιν
397 2009 526 2069 αὐτῆ
541 2031 580 2071 ς.

1921 2003 2062 2058 libet
2093 2019 2163 2058 ex
2189 2019 2396 2070 causa,
2430 2002 2701 2059 latiorem
2733 2003 2898 2060 dedit
2919 2006 3395 2077 responsionem.
3435 2009 3583 2078 Lege

1921 2107 2062 2162 ergo
2089 2091 2172 2148 ibi
2199 2097 2384 2148 totam
2415 2092 2544 2162 ejus
2577 2093 3015 2148 enarrationem
3049 2095 3113 2148 ιτ.

287 2192 434 2239 ΚΕΦ.
468 2185 600 2238 ΝΘ’.
637 2190 761 2258 Περὶ
813 2193 906 2237 τοῦ
935 2185 1186 2238 πλουσίου
1229 2190 1318 2238 καὶ
1351 2193 1441 2238 τοῦ
1471 2186 1740 2259 Λαζάρου.

1632 2206 1740 2256 pou.
2275 2182 2424 2237 CAP.
2459 2182 2589 2236 LIX.
2632 2181 2714 2238 De
2742 2181 2924 2238 divite
2961 2189 3015 2239 et
3046 2184 3294 2242 Lazaro.

285 2274 587 2349 Ἀνθρωπος
634 2305 702 2314 —
732 2273 998 2335 πλούσιος.
1058 2282 1074 2326 Ι
1085 2273 1228 2326 Ιολλά
1260 2273 1502 2336 πολλάκις
1531 2281 1648 2348 περὶ
1674 2275 1814 2347 φιλο-

1997 2273 2156 2325 Vers.
2205 2275 2287 2326 19.
2325 2271 2506 2327 Homo
2543 2272 2822 2328 —dives.
2877 2274 3021 2328 Cum
3078 2273 3268 2329 multa
3316 2272 3588 2346 frequen-

213 2368 460 2435 πτωχίας
493 2359 738 2426 διδάξας,
785 2371 874 2414 νῦν
918 2360 1012 2415 διὰ
1037 2363 1336 2436 παραϐολῆς
1364 2370 1454 2416 καὶ
1506 2364 1658 2437 φόϐον
1709 2372 1818 2427 τοῖς

1926 2363 2012 2416 ter
2039 2359 2114 2415 de
2143 2359 2510 2432 paupertatis
2538 2375 2742 2416 amore
2773 2360 3061 2427 docuerit,
3093 2377 3252 2417 nunc
3285 2378 3388 2433 per
3414 2379 3588 2434 para-

220 2447 659 2527 σκληροκαρδίοις
698 2457 788 2504 καὶ
816 2448 1156 2523 ἀμεταδότοις
1215 2453 1488 2514 πλουσίοις
1543 2452 1812 2528 ἐπικρεμᾷ,

1927 2449 2128 2506 bolum
2160 2449 2332 2504 etiam
2379 2451 2655 2505 timorem
2708 2451 2874 2505 duris
2924 2451 3104 2506 corde
3155 2467 3226 2507 ac
3277 2453 3589 2509 tenacibus

214 2545 334 2613 περὶ
354 2549 451 2592 τῶν
477 2543 550 2593 ἔτι
576 2540 877 2613 μελλόντων,
911 2544 979 2603 ὡς
1003 2537 1076 2600 ἥδ
1081 2561 1111 2600 η
1142 2547 1423 2612 γεγονότων
1455 2539 1489 2595 δ
1493 2545 1814 2615 ιηγούμενος⁶

1925 2537 2211 2594 divitibus
2251 2539 2474 2606 incutit,
2530 2539 2604 2594 de
2638 2539 2730 2594 his
2769 2555 2905 2611 quae
2949 2539 3148 2596 adhuc
3189 2542 3388 2597 futura
3424 2547 3586 2608 sunt,

217 2633 362 2682 οὔπω
399 2633 500 2702 γὰρ
531 2638 630 2682 τῶν
671 2629 996 2703 βεϐιωμένων
1027 2628 1395 2696 ἀνταπόδοσις,
1417 2630 1524 2683 ἐπεὶ
1545 2635 1687 2684 οὔπω
1708 2636 1819 2706 κρί-

1929 2633 2218 2701 tanquam
2269 2629 2344 2684 de
2404 2629 2711 2700 prasteritis
2763 2645 3015 2685 narrans
3055 2630 3370 2686 :nondum
3428 2630 3587 2687 enim

221 2737 320 2780 σις’
345 2724 434 2771 καὶ
475 2727 671 2794 τρανῶς
696 2727 980 2794 παριστῶν,
1001 2721 1107 2772 οἶαι
1135 2723 1225 2792 μὲν
1237 2720 1474 2782 κολάσεις
1507 2726 1629 2782 τοὺς
1651 2719 1820 2794 ἀσυμ-

1927 2735 2155 2782 eorum,
2191 2734 2325 2790 quae
2358 2717 2419 2774 in
2446 2720 2569 2774 vita
2599 2723 2736 2773 sunt
2761 2724 3022 2791 peracta,
3055 2719 3234 2775 datur
3261 2720 3587 2786 retributio,

217 2811 396 2869 παθεῖς
447 2807 726 2870 πλουσίους
777 2805 1108 2870 διαδέξονται
1153 2812 1284 2882 μετά
1327 2811 1564 2878 θάνατον,
1629 2806 1822 2864 οἶαιδὲ

1931 2824 2067 2864 cum
2103 2808 2372 2863 nondum
2417 2807 2576 2863 adsit
2598 2808 2915 2879 judicium,
2939 2813 3144 2880 aperte
3176 2810 3586 2876 manifestans,

221 2896 418 2960 ἀνέσεις
445 2901 563 2960 τοὺς
593 2902 894 2971 φερεπόνους
925 2902 1143 2958 πένητας
1173 2895 1532 2962 ὑποδέξονται.
1569 2905 1668 2953 Καὶ
1694 2899 1824 2952 ἄλλα

1931 2912 2211 2970 quaenam
2246 2896 2492 2950 ultiones
2515 2897 2814 2968 excipiant
2839 2897 3071 2962 divites,
3105 2898 3209 2969 qui
3238 2898 3400 2954 nullo
3425 2914 3593 2954 com-

221 2983 281 3039 δε
321 2987 556 3060 ὠφέλιμα
596 2983 690 3040 διά
752 2995 846 3050 τῆς
921 2986 1222 3062 παραϐολῆς
1287 2991 1485 3051 ταύτης
1565 2991 1821 3061 μανθάνο-

1933 2983 2233 3056 passionis
2263 2983 2479 3040 affectu
2503 2991 2820 3040 moventur
2851 3001 2865 3039 :
2894 2989 2953 3040 et
2977 3001 3114 3058 quae
3153 2985 3459 3057 refrigeria
3496 3003 3590 3043 su-

225 3095 336 3148 μέν.
1933 3074 2183 3144 scipiant
2207 3088 2528 3145 pauperes,
2570 3074 2672 3144 qui
2705 3073 2943 3128 labores
2996 3074 3416 3131 toleraverunt.
3466 3075 3599 3134 Alia

1857 3190 1898 3247 ε
1933 3164 2107 3218 etiam
2139 3162 2304 3218 utilia
2334 3178 2439 3232 per
2469 3163 2626 3217 hanc
2655 3162 2940 3218 discimus
2970 3162 3343 3235 parabolam.

300 3257 397 3306 Καὶ
425 3284 492 3292 -
519 3251 743 3326 βύσσον.
779 3259 908 3315 Ταῖς
927 3256 1270 3326 τιμιωτάταις
1325 3259 1414 3307 καὶ
1444 3254 1556 3327 (92)
1599 3252 1728 3327 φαιδ
1730 3275 1823 3330 ρο-

2005 3253 2164 3307 Vers.
2202 3252 2283 3306 19.
2317 3251 2433 3318 Qui
2460 3281 2530 3292 —
2555 3251 2738 3320 bysso.
2774 3251 3220 3308 Pretiosissimis
3269 3268 3338 3310 ac
3368 3254 3597 3326 specio-

224 3345 408 3404 τάταις
437 3345 640 3402 στολαῖς
668 3347 978 3414 κατεκόσμει
1001 3345 1061 3394 τό
1093 3351 1264 3415 σῶμα.

1935 3340 2190 3394 sissimis
2219 3338 2480 3394 vestibus
2501 3355 2719 3410 corpus
2749 3339 3019 3395 ornabat.

299 3431 705 3506 περαινόμενος
733 3462 798 3472 -
822 3431 1089 3506 λαμπρῶς.
1120 3430 1433 3494 Πολυτελῶς,

2008 3429 2171 3484 Vers.
2205 3427 2289 3483 19.
2339 3429 2416 3482 Et
2448 3428 2812 3498 epulabatur
2840 3459 2909 3469 --
2937 3428 3255 3500 splendide.
3311 3429 3592 3488 Pretiosa.

303 3523 528 3592 Πτωχὸς
580 3550 650 3560 -
679 3520 940 3593 Λάζαρος.
993 3526 1096 3572 Τοῦ
1123 3519 1376 3573 πλουσίου
1413 3525 1504 3594 μὲν
1547 3521 1638 3574 οὐκ
1691 3518 1824 3575 εἶπεν

2007 3519 2174 3574 Vers.
2207 3520 2295 3572 20.
2329 3517 2635 3574 Mendzcus
2664 3548 2734 3558 —
2761 3519 3048 3574 Lazarus.
3095 3517 3299 3574 Divitis
3347 3518 3595 3590 quidem

229 3613 410 3682 ὄνομα,
446 3612 512 3671 ὡς
543 3613 922 3681 μεμισημένου.
949 3613 1240 3683 Γέγραπται
1261 3612 1363 3683 γὰρ
1401 3615 1516 3683 περὶ
1544 3620 1642 3662 τῶν
1669 3631 1822 3670 πονηο

1935 3623 2157 3664 nomen
2189 3622 2310 3662 non
2358 3606 2557 3671 edidit,
2620 3611 2822 3679 utpote
2865 3608 3003 3662 odio
3052 3607 3233 3679 digni.
3295 3609 3593 3680 Scriptum

228 3708 329 3774 ρῶν
354 3717 366 3728 ’
403 3698 477 3750 Ού
517 3702 588 3771 μὴ
618 3699 836 3770 μνησθῶ
860 3705 960 3749 τῶν
987 3696 1249 3770 ὀνομάτων
1283 3699 1448 3751 αὐτῶν
1479 3697 1573 3752 διὰ
1612 3699 1824 3771 χειλέων

1935 3701 2022 3753 est
2059 3697 2217 3752 enim
2248 3715 2260 3754 :
2293 3697 2417 3752 Nec
2454 3712 2674 3752 memor
2721 3697 2830 3752 sim
2884 3697 3186 3752 nominum
3236 3712 3436 3754 eorum
3487 3712 3597 3767 per

229 3808 330 3861 μου
365 3807 377 3820 ·
401 3794 494 3840 τοῦ
510 3795 713 3840 πτωνοῦ
737 3783 796 3839 δε
825 3790 918 3844 τὴν
939 3785 1126 3845 κλῆσιν
1150 3789 1488 3859 προσέθηκεν,
1528 3791 1596 3850 ὡς
1622 3789 1827 3861 ἠγαπη-

1936 3785 2094 3842 tabia
2111 3800 2239 3842 mea
2257 3785 2328 3842 ἐξ
2353 3784 2611 3841 mendici
2631 3800 2768 3842 vero
2786 3801 3006 3842 nomen
3030 3785 3280 3853 addidit,
3304 3792 3593 3860 tanquam

225 3868 378 3952 μένου
388 3920 399 3932 .

1935 3891 2141 3933 amore
2189 3874 2374 3944 digni.

299 3971 435 4020 Φασὶ
461 3963 522 4019 δέ
541 3985 665 4027 τινες
695 3966 749 4018 έκ
774 3960 1120 4038 παραδόσεως
1149 3964 1418 4040 Ἐϐραίων,
1453 3969 1533 4020 ὅτι
1553 3970 1688 4021 κατά
1707 3973 1826 4032 τοὺς

2005 3965 2180 4021 Aiunt
2208 3970 2410 4021 autem
2441 3963 2690 4038 quidam
2745 3981 2814 4020 ex
2847 3963 3162 4022 traditione
3217 3966 3595 4022 Hebraeorum

229 4060 445 4131 καιρούς
484 4055 706 4117 ἐκείνους
756 4057 845 4106 καὶ
897 4055 923 4105 ό
973 4053 1220 4117 πλούσιος
1272 4057 1460 4120 ἐκεῖνος
1515 4055 1594 4124 ἦν,
1630 4063 1827 4119 Νινευίς

1936 4056 2100 4129 quod
2151 4055 2324 4126 juxta
2354 4071 2425 4110 ea
2456 4061 2729 4127 tempora
2761 4055 2924 4110 dives
2974 4055 3068 4110 ille
3113 4054 3305 4111 fuerat
3358 4055 3598 4111 Ninevis

230 4145 538 4217 καλούμενος
566 4149 654 4196 καὶ
679 4145 704 4195 ό
726 4146 940 4214 πτωχὸς
987 4143 1138 4206 οὗτος
1186 4149 1448 4220 Λάζαρος.
1479 4146 1828 4205 Τελευτησάν-

1939 4145 2294 4217 appellatus,
2349 4146 2405 4198 et
2432 4143 2735 4199 mendicus
2777 4143 2882 4198 iste
2939 4145 3190 4198 Lazarus
3225 4162 3238 4200 :
3272 4147 3597 4215 postquam

227 4254 326 4286 των
379 4230 437 4285 δε
480 4233 666 4300 αὐτῶν,
723 4231 1023 4304 παραϐολὴν
1076 4233 1102 4284 ό
1159 4239 1386 4306 Χριστός
1447 4237 1558 4299 (93)
1599 4238 1663 4288 τά
1713 4236 1829 4288 κατ’

1939 4239 2135 4289 autem
2189 4238 2436 4302 uterque
2477 4236 2739 4286 mortuus
2809 4235 2916 4294 est,
2987 4231 3265 4286 formavit
3331 4230 3595 4285 Christus

236 4321 423 4384 αύτούς
455 4321 688 4388 ἐποίησε,
728 4326 818 4372 καὶ
872 4324 956 4380 τάς
995 4321 1285 4394 μελλούσας
1341 4322 1712 4386 ἀνταποδόσεις
1742 4325 1831 4376 αύ-

1939 4318 2295 4394 parabolam
2327 4318 2400 4372 de
2430 4318 2602 4373 rebus
2630 4317 2706 4373 ab
2741 4317 2855 4372 illis
2872 4318 3074 4387 gestis,
3103 4323 3160 4372 et
3190 4317 3416 4372 futuras
3447 4317 3600 4388 ipso-

237 4419 358 4476 τῶν,
387 4413 451 4470 ὡς
478 4412 836 4482 γεγενημένας,
870 4410 1139 4484 ἱστόρησε,
1171 4419 1275 4473 τοῖς
1301 4415 1390 4486 μὲν
1410 4416 1544 4465 κατά
1564 4419 1646 4466 τόν
1673 4414 1834 4467 πλού-

1939 4426 2075 4466 rum
2131 4406 2568 4472 retributiones,
2635 4405 2816 4478 quasi
2865 4407 2992 4476 jam
3061 4406 3269 4469 iactas,
3333 4407 3600 4461 narravit

240 4516 352 4550 σιον
391 4499 597 4563 ἱκεῖνον,
647 4498 798 4570 φόϐον
851 4495 1095 4571 ἕμποιῶν,
1155 4503 1222 4564 ὡς
1271 4502 1545 4576 εἰρήκαμεν
1576 4525 1588 4536 ·
1620 4509 1725 4564 τοῖς
1774 4500 1833 4556 δε
1866 4543 1902 4599 D

1941 4498 2218 4555 timorem
2248 4497 2317 4551 iis
2344 4495 2448 4567 qui
2480 4494 2646 4550 diviti
2692 4494 2775 4549 illi
2818 4494 3213 4559 adhaeserant,
3250 4493 3595 4559 immittens,

237 4589 373 4639 κατά
419 4590 507 4639 τόν
536 4589 748 4660 πτωχόν
775 4593 975 4655 τοῦτον,
1015 4595 1345 4666 παρηγορίαν
1382 4597 1473 4646 καὶ
1524 4595 1727 4655 τούτοις
1775 4589 1833 4646 δε
1867 4582 1899 4599 ”

1945 4594 2008 4644 ut
2027 4585 2290 4643 diximus
2323 4600 2334 4640 :
2365 4585 2448 4638 eis
2477 4599 2635 4648 vero,
2664 4582 2768 4656 qui
2801 4583 2880 4639 ad
2915 4597 3240 4655 pauperem
3284 4583 3446 4638 hunc
3473 4583 3601 4639 atti-

233 4679 490 4740 κάκείνοις
515 4677 774 4751 ὠφέλειαν.

1943 4677 2189 4742 nebant,
2223 4673 2718 4741 consolationem,
2753 4677 2810 4729 et
2842 4673 2933 4728 his
2979 4678 3179 4727 autem
3213 4677 3270 4728 et
3312 4671 3424 4727 illis
3449 4671 3602 4728 utili-

1944 4771 2149 4824 tatem.

304 4855 399 4920 Ὀς
445 4887 516 4899 --
574 4856 695 4917 ἕλκη
763 4859 945 4915 αὐτοῦ.
1005 4866 1264 4913 Τοσοῦτον
1328 4862 1429 4934 γὰρ
1505 4868 1717 4936 παρεῖτο
1778 4865 1836 4914 τὸ

2019 4855 2182 4913 Vers.
2241 4856 2328 4909 20.
2363 4851 2758 4920 Qui—Vers.
2813 4852 2902 4907 21.
2954 4851 3170 4908 Ulcera
3225 4852 3372 4922 ejus.
3430 4852 3601 4908 Adeo

240 4955 415 5018 σῶμα,
442 4948 511 5009 ὡς
541 4944 680 5020 μηδὶ
709 4952 832 5011 τοὺς
850 4951 1008 5011 κύνας
1032 4947 1306 5002 ἀποσοϐεῖν
1341 4946 1621 5005 δύνασθαι.
1654 4958 1700 5002 Ω
1719 4951 1838 5003 πολ-

1947 4945 2122 5004 debili
2152 4949 2278 5000 erat
2302 4957 2570 5014 corpore,
2602 4947 2664 4998 ut
2686 4957 2878 5014 neque
2906 4956 3082 4997 canes
3107 4946 3313 5013 posset
3340 4940 3600 5012 abigere.

234 5034 329 5096 λῆς
380 5035 652 5108 ὠμότητος
701 5042 791 5089 καὶ
851 5035 1170 5110 ἀναλγησίας
1204 5039 1216 5095 ι
1250 5040 1331 5092 ὅτι
1383 5042 1468 5091 τόν
1499 5038 1546 5090 ἐν
1570 5042 1840 5100 τοσούτοις

1950 5039 1993 5094 Ο
2043 5033 2454 5091 crudelitatem
2481 5047 2550 5086 ac
2579 5047 2696 5103 prae
2747 5035 2988 5103 stupore
3029 5029 3443 5097 indolentiam,
3477 5045 3604 5102 per.

233 5130 437 5190 κακοῖς,
494 5126 520 5177 ό
560 5124 608 5177 έν
659 5128 926 5188 τοσούτοις
973 5126 1190 5200 ἀγαθοῖς
1236 5134 1509 5203 περιεώρα,
1541 5135 1631 5181 καὶ
1677 5137 1842 5182 ταῦτα

1949 5142 2135 5200 quam
2188 5124 2247 5180 in
2307 5125 2480 5178 tantis
2535 5122 2890 5180 constitutus
2938 5119 3134 5190 bonis,
3188 5121 3249 5178 in
3310 5126 3390 5178 tot
3434 5121 3607 5177 malis

235 5211 537 5288 ἐρριμμένον
567 5217 668 5290 πρὸ
697 5223 786 5268 τοῦ
816 5216 1045 5279 πυλῶνος
1087 5218 1268 5274 αὐτοῦ.
1307 5223 1408 5272 Καὶ
1438 5216 1609 5286 αὖθις,
1637 5219 1677 5270 ῶ
1720 5219 1840 5271 πολι

1953 5234 2024 5274 ac
2076 5211 2514 5272 calamitatibus
2569 5212 2828 5284 positum
2898 5209 3249 5283 despiceret,
3299 5211 3479 5284 idque
3533 5209 3610 5268 ad

311 5393 354 5429 ¹¹¹
381 5393 556 5451 Matth
577 5409 698 5462 xxx,
725 5398 779 5452 3.
813 5397 860 5433 1⁸
883 5395 1036 5455 Psal.
1065 5413 1164 5464 xv,
1191 5401 1244 5454 4.

1472 5571 1698 5642 Variae
1725 5571 2053 5640 lectiones
2075 5579 2139 5638 et
2165 5577 2366 5636 notae.

315 5765 432 5843 (92)
477 5763 864 5848 Σφοδροτοὶταις
894 5777 950 5831 Β.
987 5738 1159 5834 Male.

898 5777 950 5831 Β.
987 5738 1159 5834 uate.
2037 5767 2152 5846 (93)
2192 5767 2269 5822 Τά
2297 5763 2467 5825 abest
2493 5764 2560 5826 Α.
