4210 6436
191 361 327 420 103⁸1

191 489 396 558 ἑαυτὸν,
429 487 794 560 ἀνθελκόμενος
838 489 938 542 ύπό
981 495 1078 549 τῆς
1110 494 1201 540 τοῦ
1252 505 1455 558 κοσμου
1507 484 1680 558 φιλίας
1703 487 1794 535 καὶ
1832 485 1877 537 Α

191 586 289 640 τῆς
320 577 589 640 ἀπιστίας⁸
622 579 770 650 ὑμεῖς
801 574 880 644 δε,
933 575 1170 630 ἀσύνετοι
1222 580 1311 628 καὶ
1362 577 1591 650 ῥᾷθνμοι
1635 577 1795 637 ὄντες,

195 667 402 730 εἰκότως
445 667 728 721 ἀπιστεῖτε.

272 757 636 830 Εὐκοπώτερον
710 787 778 796 —-
827 762 1022 811 πεσεῖν,
1078 760 1250 827 Νόμον
1312 752 1552 819 ἐνταῦθα,
1623 757 1796 804 πᾶσαν

197 850 436 917 ὠνόμασε
478 849 571 903 τὴν
613 844 845 897 Παλαιὰν
891 848 1116 920 Γραφήν,
1155 847 1271 905 ἣτις
1321 839 1579 916 διαφόρως
1628 848 1798 913 προεῖ-

197 952 308 999 πεν,
361 935 439 985 ότι
479 930 573 986 διὰ
617 937 711 992 τὴν
761 931 1011 985 ἀπιστίαν
1072 932 1241 985 αὐτῶν
1308 934 1647 985 ἐκπεσοῦνται
1707 937 1798 989 τῆς

197 1026 325 1097 πρός
379 1026 501 1075 Θεὸν
555 1022 879 1084 οἰκειωσεως.
943 1026 1094 1093 Λέγει
1149 1027 1296 1092 γοῦν,
1355 1022 1435 1072 ὅτι
1501 1019 1800 1092 εὐχερέστε-

197 1130 288 1184 ρον
320 1109 380 1163 ἆν
411 1112 436 1163 ό
463 1111 678 1183 οὐρανός
707 1116 796 1164 καὶ
834 1113 864 1169 ἠ
919 1119 986 1182 γῆ
1020 1109 1488 1183 ἀφανισθήσονται,
1521 1110 1550 1168 ἦ
1585 1111 1643 1161 τό
1691 1106 1801 1160 ἑλοί-

198 1219 392 1272 χιστον
421 1208 521 1252 τῶν
551 1204 1006 1276 προηγορευμίνων
1029 1207 1090 1272 τῇ
1121 1205 1295 1273 Γραφῇ
1327 1203 1440 1270 περὶ
1469 1206 1560 1258 τῆς
1591 1194 1685 1249 δ’ιά
1708 1201 1801 1255 τήν

201 1287 455 1342 ἀπιστίαν
479 1288 781 1351 ἐκπτώσεως
810 1289 978 1342 αὐτῶν
1027 1285 1373 1354 διαπεσεῖται,
1417 1291 1602 1355 εῖτουν,
1637 1285 1801 1361 ἀπραο

200 1382 407 1435 κτήσει.
955 1389 957 1391 ’

280 1473 383 1528 Πᾶς
417 1499 478 1508 -
511 1471 770 1540 μοιχεύει.
796 1474 902 1521 Νῦν
922 1469 1109 1540 μὲν,μὴ
1140 1465 1458 1541 ἔρωτηθεὶς,,
1484 1467 1590 1518 εἶπε
1615 1472 1801 1530 ταῦτα,

203 1561 336 1633 πρὸς
365 1577 508 1618 τινας
530 1556 914 1629 ἀποτεινόμενος
942 1563 1160 1608 τοιαῦτα
1181 1560 1294 1608 τότε
1310 1555 1802 1627 πλημμελήσαντας·

205 1647 256 1698 ἐν
289 1643 348 1698 δὲ
375 1655 445 1716 τῷ
475 1653 883 1719 τεσσαρακοστῶ
923 1645 1182 1717 κεφαλαίῳ
1219 1653 1309 1697 τοῦ
1359 1647 1490 1696 κατά
1543 1645 1806 1700 Ματθαῖον

205 1734 481 1809 ἐρωτηθεὶς
507 1735 606 1787 ύπὸ
637 1743 738 1787 τῶν
769 1739 1086 1808 Φαρισαίων,
1121 1734 1164 1786 εὶ
1186 1733 1380 1796 ἔξεστιν
1408 1732 1659 1808 ἀνθρώπῳ
1683 1732 1805 1785 ἀπο-

205 1823 362 1876 λύσαι
391 1829 486 1882 τὴν
514 1832 740 1896 γυναῖκα
765 1824 924 1876 αὐτοῦ
951 1827 1084 1875 κατά
1132 1829 1306 1875 πᾶσαν
1336 1823 1528 1886 αἰτίαν,
1561 1822 1806 1874 πλατεῖαν
1845 1833 1886 1888 Β

207 1917 302 1971 τήν
335 1911 616 1986 ἀπόκρισιν
657 1913 960 1971 ἐποιήσατο.
997 1917 1098 1964 Καὶ
1130 1910 1389 1984 ἀνάγνωθι
1419 1916 1511 1970 τὴν
1541 1911 1661 1969 ὃλην
1691 1910 1809 1974 ἐξή-

206 2022 369 2074 γησιν
396 2003 525 2062 αύτῆ
540 2024 578 2064 ς.

286 2186 433 2233 ΚΕΦ.
466 2178 599 2232 ΝΘ’.
636 2184 760 2251 Περὶ
813 2186 905 2231 τοῦ
933 2178 1186 2231 πλουσίου
1229 2182 1316 2230 καὶ
1351 2186 1441 2230 τοῦ
1472 2179 1740 2251 Λαζάρου.

284 2267 586 2342 Ἀνθρωπος
633 2299 702 2307 -
731 2267 998 2329 πλούσιος.
1057 2266 1228 2319 ΙΙολλά
1260 2266 1502 2328 πολλάκις
1531 2273 1648 2340 περὶ
1674 2267 1814 2340 φιλο-

213 2362 460 2428 πτωχίας
493 2353 738 2420 διδάξας,
785 2365 873 2408 νῦν
917 2353 1011 2408 διὰ
1036 2355 1336 2429 παραϐολῆς
1364 2362 1454 2408 καὶ
1505 2356 1658 2430 φόϐον
1708 2365 1817 2420 τοῖς

220 2441 659 2520 σκληροκαρδίοις
697 2450 787 2497 καὶ
815 2441 1155 2516 ἀμεταδότοις
1215 2445 1487 2507 πλουσίοις
1543 2444 1812 2519 ἕπικρεμᾲ,

215 2539 334 2606 περὶ
353 2543 451 2586 τῶν
477 2536 550 2586 ἔτι
576 2533 876 2606 μελλόντων,
910 2537 978 2596 ὡς
1002 2531 1110 2593 ἤδη
1141 2539 1423 2605 γεγονότων
1454 2531 1488 2587 δ
1493 2537 1813 2607 ιηγούμενος’

217 2626 362 2676 οῦπω
399 2625 500 2696 γὰρ
531 2632 630 2676 τῶν
671 2622 996 2696 βεϐιωμένων
1026 2621 1395 2688 ἀνταπόδοσις,
1418 2623 1523 2676 ἐπεὶ
1545 2627 1687 2676 οὔπω
1707 2628 1819 2698 κρί-

221 2731 319 2773 σις·
344 2717 434 2764 καὶ
475 2721 671 2787 τρανῶς
696 2720 980 2786 παριστῶν,
1000 2713 1106 2764 οἷαι
1135 2716 1224 2784 μεν
1237 2712 1474 2774 κολάσεις
1507 2717 1629 2774 τούς
1652 2712 1820 2786 ἀσυμ-

218 2804 396 2862 παθεῖς
447 2801 726 2862 πλουσίους
777 2798 1107 2863 διαδέξονται
1153 2805 1283 2874 μετά
1327 2803 1564 2870 θάνατον,
1629 2799 1822 2855 οἷαιδὲ

221 2889 418 2954 ἀνέσεις
444 2894 563 2953 τούς
591 2895 894 2964 φερεπόνους
925 2895 1142 2951 πένητας
1173 2887 1532 2954 ὑποδέξονται.
1569 2897 1668 2944 Καὶ
1693 2891 1824 2944 ἄλλα

222 2977 282 3032 δὲ
321 2981 554 3054 ὠφέλιμα
595 2977 690 3034 διὰ
751 2988 845 3042 τῆς
920 2979 1223 3054 παραϐολῆς
1287 2984 1484 3043 ταύτης

225 3088 336 3141 μεν.

1565 2983 1821 3053 μανθάνο-

1857 3181 1898 3238 C

300 3251 398 3299 Καὶ
425 3277 493 3286 -
519 3245 743 3319 βύσσον.
779 3253 907 3308 Ταῖς
926 3248 1270 3319 τιμιωτάτους
1326 3251 1415 3299 καὶ
1445 3247 1558 3320 (92)
1600 3243 1824 3322 φαιδρο-

225 3337 408 3397 τάταις
437 3339 640 3395 στολαῖς
668 3339 978 3407 κατεκόσμει
1001 3338 1062 3387 1'6
1094 3343 1265 3407 σῶμα.

301 3424 705 3499 Εύφραινόμενος
733 3455 798 3465 -—
822 3423 1090 3498 λαμπρῶς.
1122 3423 1434 3486 Πολυτελῶς,

303 3517 528 3585 Πτωχὸς
581 3543 651 3553 -
679 3512 941 3586 Λάζαρος.
994 3519 1098 3564 Τοῦ
1123 3511 1376 3565 πλουσίου
1414 3517 1505 3586 μὲν
1547 3513 1638 3565 ούκ
1692 3509 1825 3566 εἶπεν

231 3606 410 3675 ὄνομα,
446 3605 512 3664 ὡς
543 3606 922 3674 μεμισημένον.
950 3605 1241 3676 Γέγραπται
1263 3605 1364 3675 γὰρ
1401 3607 1517 3676 περὶ
1545 3612 1642 3654 τῶν
1669 3622 1823 3661 πονη-

229 3701 329 3766 ρῶν
355 3710 366 3722 '
403 3691 477 3744 Ού
517 3695 588 3764 μὴ
619 3692 837 3763 μνησθῶ
860 3698 960 3742 τῶν
988 3689 1250 3762 ὀνομάτων
1285 3691 1449 3743 αὐτῶν
1480 3689 1574 3744 διὰ
1612 3691 1826 3763 χειλέων

231 3801 330 3854 μου
365 3801 377 3813 ·
402 3788 494 3833 τοῦ
510 3788 714 3832 πτωνοῦ
737 3775 797 3832 δε
826 3783 919 3837 τὴν
941 3778 1127 3838 κλῆσιν
1151 3782 1488 3851 προσέθηκεν,
1529 3783 1597 3842 ὡς
1623 3781 1828 3852 ἠγαπη-

227 3863 378 3944 μένον
388 3913 399 3925 .

299 3964 435 4014 Φασὶ
461 3956 522 4012 δέ
541 3977 666 4020 τινες
696 3958 750 4010 ἐκ
775 3953 1121 4030 παραδόσεως
1151 3956 1419 4032 Ἐϐραίων,
1454 3961 1533 4012 ὅτι
1555 3962 1688 4012 κατὰ
1709 3964 1826 4023 τοῦς

230 4053 446 4124 καιρούς
484 4047 706 4109 ἐκείνους
757 4050 846 4098 καὶ
899 4048 924 4098 ὁ
974 4046 1222 4110 πλούσιος
1273 4049 1460 4111 ἐκεῖνος
1516 4047 1595 4116 ἦν,
1631 4054 1828 4111 Νινευίς

231 4138 539 4210 καλούμενος
567 4141 655 4189 καὶ
681 4137 706 4187 ό
727 4138 941 4207 πτωχός
989 4136 1139 4198 οὗτος
1187 4141 1448 4212 Λάζαρος.
1479 4138 1829 4197 Τελευτησάν-

228 4247 326 4280 των
379 4223 438 4278 δε
481 4225 667 4292 αὐτῶν,
724 4223 1024 4296 παραϐολὴν
1077 4225 1103 4276 ό
1161 4231 1387 4298 Χριστός
1449 4229 1559 4291 (93)
1600 4230 1665 4279 τά
1715 4227 1830 4280 κατ’

237 4315 424 4376 αὐτούς
457 4313 690 4381 ἐποίησε,
730 4318 820 4365 καὶ
873 4317 957 4373 τὰς
996 4314 1286 4386 μελλούσας
1342 4313 1714 4377 ἀνταποδόσεις
1743 4316 1833 4367 αύ-

239 4412 360 4468 τών,
388 4405 452 4463 ὡς
479 4405 838 4474 γεγενημένας,
871 4403 1140 4476 ἱστόρησε,
1172 4412 1276 4465 τοῖς
1301 4408 1391 4478 μὲν
1411 4408 1545 4457 κατά
1565 4411 1648 4458 τόν
1674 4405 1835 4458 πλού-

241 4509 354 4543 σιον
392 4493 599 4556 ἰκτῖνον,
648 4491 800 4563 φόϐον
852 4488 1096 4564 ἐμποιῶν,
1156 4495 1224 4556 ὡς
1272 4494 1546 4567 εἰρήκαμεν
1577 4516 1589 4528 ·
1622 4501 1726 4556 τοῖς
1775 4491 1835 4547 δε

239 4582 375 4632 κατὰ
421 4583 509 4632 τὸν
538 4583 749 4652 πτωχόν
777 4585 976 4648 τοῦτον,
1017 4587 1346 4658 παρηγορίαν
1383 4589 1474 4638 καὶ
1526 4587 1729 4646 τούτοις
1777 4581 1835 4638 δὲ

236 4672 492 4734 κάκείνοις
517 4670 776 4744 ὠφελειαν.

1868 4535 1914 4590 D

307 4847 402 4914 ’ος
447 4880 518 4892 -
576 4849 697 4910 ἕλκη
765 4851 946 4908 αύτοῦ.
1007 4859 1266 4906 Τοσοῦτον
1329 4854 1431 4927 γὰρ
1507 4860 1719 4928 παρεῖτο
1780 4857 1838 4906 1'6

244 4947 417 5011 σῶμα,
444 4941 513 5002 ὡς
543 4937 682 5013 μηδὲ
711 4944 834 5004 τούς
852 4943 1010 5004 κύνας
1033 4940 1308 4994 ἀποσοϐεῖν
1343 4938 1378 4994 δ
1382 4944 1622 4997 ῦνασθαι.
1656 4950 1702 4994 Ω
1721 4943 1840 4995 πολ-

238 5027 331 5088 λῆς
383 5027 654 5102 ὠμότητος
703 5035 793 5082 καὶ
853 5028 1172 5102 ἀναλγησίας
1206 5031 1218 5087 !
1252 5033 1332 5084 61':
1385 5035 1469 5083 τόν
1501 5030 1548 5083 ἐν
1573 5034 1842 5092 τοσούτοις

237 5123 440 5183 κακοῖς,
496 5119 522 5170 6
563 5117 610 5170 iv
661 5121 928 5181 τοσούτοις
974 5119 1192 5192 ἀγαθοῖς
1237 5126 1511 5195 περιεώρα,
1543 5127 1633 5173 καὶ
1679 5129 1844 5174 ταῦτα

239 5204 540 5282 ὶρῥιμμίνον
570 5211 670 5284 πρό
699 5217 788 5261 τοῦ
819 5209 1047 5272 πυλῶνος
1089 5211 1271 5266 αύτοῦ.
1309 5216 1409 5264 Καὶ
1439 5207 1611 5278 αὖθις,
1639 5211 1679 5262 ὦ
1723 5211 1842 5264 πολι

314 5387 357 5422 "
384 5386 558 5444 Matth
580 5403 701 5455 nx,
728 5391 782 5445 3.
816 5389 862 5426 ¹⁸
886 5388 1038 5447 Psal.
1067 5405 1166 5456 xv,
1193 5393 1247 5447 4.

1260 354 1620 416 COMMENT.
1663 355 1736 414 IN
1779 353 2037 415 LUCAM.
2076 387 2148 400 --
2189 355 2350 414 CAP.
2390 355 2537 413 XVI.

3424 357 3562 414 1038

1912 480 2053 536 illud
2087 480 2193 536 sibi
2233 481 2343 552 ipsi
2377 480 2499 536 vim
2528 479 2724 547 infert,
2752 496 2789 537 a
2829 480 3039 536 mundi
3072 495 3280 538 amore
3324 497 3396 538 ac
3439 482 3571 537 inti-

1909 569 2144 625 delitate
2195 570 2531 625 abstractus
2561 565 2577 625 ἐ
2607 585 2714 625 vos
2760 577 2983 634 autem,
3037 585 3172 624 cum
3219 571 3568 641 insipientes

1911 658 2042 714 sitis
2078 665 2130 713 et
2157 673 2389 728 segnes,
2426 658 2634 713 merito
2665 657 2951 714 increduli
2985 658 3372 730 permanetis.

1982 749 2142 802 Vers.
2192 752 2278 802 17.
2309 747 2563 805 Facilius
2612 748 2920 803 —cadere.
2950 747 3162 818 Legem
3199 748 3313 802 hoc
3342 748 3399 803 in
3437 747 3570 804 loco

1909 835 2257 908 appellavit,
2291 851 2471 891 omne
2503 836 2684 891 Vetus
2711 836 3178 902 Testamentum,
3213 838 3268 891 in
3301 852 3420 908 quo
3462 835 3570 893 fre-

1909 931 2158 998 quenter
2185 925 2537 996 praedictum
2586 931 2694 990 est,
2725 925 2890 997 quod
2931 925 3080 981 illia
3121 925 3217 980 Dei
3269 925 3572 980 familiari-

1912 1019 2030 1071 tate
2081 1014 2430 1070 exciderent.
2490 1013 2638 1070 Dicit
2685 1030 2874 1084 ergo:
2922 1013 3172 1069 Facilius
3231 1014 3450 1070 caelum
3499 1031 3571 1071 ac

1915 1109 2068 1160 terra
2093 1108 2774 1176 corrumpentur,quam
2804 1103 2894 1158 vel
2926 1104 3174 1159 minima
3201 1119 3339 1175 pars
3361 1120 3572 1160 eorum

1913 1209 2049 1266 quae
2103 1209 2208 1266 per
2235 1193 2598 1265 Scripturam
2656 1194 3053 1266 praenuntiata
3109 1199 3248 1248 sunt
3298 1193 3373 1249 de
3428 1210 3572 1250 casu

1913 1283 2154 1340 illorum
2179 1283 2254 1338 ob
2279 1281 2710 1350 inﬁdelitatem,
2745 1281 3021 1339 concidat
3051 1287 3154 1338 aut
3183 1282 3412 1338 irritum
3445 1299 3575 1356 per-

1919 1377 2179 1428 maneat.

1989 1461 2151 1516 Vers.
2219 1462 2306 1516 18.
2378 1461 2641 1534 Quisquis
2699 1492 2766 1502 -
2831 1461 3189 1518 adulterium
3249 1463 3574 1518 committit.

1917 1551 2086 1606 Nunc
2114 1549 2360 1622 quidem
2392 1550 2926 1620 noninterrogatus
2956 1551 3078 1606 haec
3111 1550 3280 1619 dixit,
3311 1551 3369 1605 in
3397 1567 3574 1624 quos-

1917 1639 2059 1694 dam
2111 1639 2418 1704 invehens,
2465 1639 2569 1710 qui
2599 1639 2657 1694 in
2690 1639 3036 1710 hujusmodi
3069 1641 3248 1696 rebus
3277 1640 3578 1712 delinque—

1919 1727 2106 1784 bant:
2142 1727 2606 1799 quadragesimo
2640 1743 2778 1783 vero
2812 1729 3005 1799 capite
3038 1728 3334 1798 Evangelii
3367 1745 3579 1785 secun-

1919 1816 2064 1872 dum
2108 1817 2468 1882 Matthaaum,
2501 1817 2897 1889 interrogatus
2929 1834 2964 1874 a
3005 1817 3340 1884 Pharisaeis,
3378 1824 3580 1876 utrum

1918 1907 2047 1962 licet
2069 1907 2298 1962 homini
2329 1906 2653 1962 divortium
2685 1906 2878 1962 facere
2909 1923 3045 1962 cum
3082 1923 3266 1963 uxore
3296 1923 3404 1962 sua
3434 1924 3582 1980 qua-

1917 1995 2061 2050 libet
2092 2011 2163 2050 ex
2188 2011 2394 2062 causa,
2428 1993 2700 2050 latiorem
2733 1995 3394 2068 deditresponsionem.
3434 1999 3584 2068 Lege

1920 2098 2061 2154 ergo
2089 2083 2170 2140 ibi
2198 2088 2382 2140 totam
2414 2084 2544 2154 ejus
2577 2085 3014 2140 enarrationem
3048 2086 3113 2140 ιτ.

2273 2173 2423 2228 CAP.
2457 2173 2588 2227 LIX.
2630 2173 2713 2229 De
2741 2173 2923 2230 divite
2961 2180 3014 2230 et
3045 2175 3294 2232 Lazaro.

1996 2265 2156 2318 Vers.
2205 2267 2286 2318 19.
2325 2263 2505 2318 Homo
2541 2293 2612 2305 —
2641 2263 2821 2319 dives.
2875 2266 3020 2320 Cum
3078 2264 3267 2320 multa
3316 2263 3588 2336 frequen-

1923 2355 2011 2408 ter
2039 2351 2114 2407 de
2142 2351 2510 2424 paupertatis
2537 2367 2742 2407 amore
2772 2351 3060 2417 docuerit,
3093 2369 3251 2408 nunc
3284 2369 3387 2424 per
3413 2370 3588 2424 para-

1925 2441 2128 2498 bolam
2159 2441 2332 2496 etiam
2378 2443 2654 2497 timorem
2707 2442 2873 2496 duris
2923 2442 3104 2497 corde
3155 2459 3225 2498 ac
3275 2444 3590 2499 tenacibus

1925 2529 2210 2585 divitibus
2249 2531 2474 2597 incutit,
2530 2530 2604 2585 de
2637 2531 2730 2585 his
2767 2547 2904 2602 quas
2948 2530 3148 2586 adhuc
3188 2533 3387 2588 futura
3423 2537 3586 2598 sunt,

1927 2625 2218 2692 tanquam
2269 2620 2344 2676 de
2403 2619 2711 2692 praeteritis
2763 2636 3014 2676 narrans
3054 2621 3369 2676 :nondum
3427 2621 3587 2678 enim

1928 2726 2154 2772 eorum,
2190 2725 2324 2782 quae
2359 2709 2419 2765 in
2446 2711 2568 2764 vita
2599 2715 2734 2764 sunt
2761 2715 3020 2782 peracta,
3055 2709 3234 2765 datur
3261 2711 3588 2778 retributio,

1930 2815 2066 2855 cum
2103 2799 2372 2854 nondum
2417 2799 2575 2854 adsit
2597 2799 2914 2870 judicium,
2939 2803 3144 2870 aperte
3176 2800 3587 2866 manifestans,

1928 2903 2212 2961 quaenam
2245 2887 2492 2942 ultiones
2515 2887 2814 2959 excipiant
2839 2887 3070 2953 divites,
3105 2888 3209 2960 qui
3238 2887 3400 2944 nullo
3425 2905 3594 2944 com-

1932 2975 2233 3048 passionis
2263 2974 2478 3031 affectu
2503 2981 2820 3031 moventur
2851 2992 2864 3029 :
2894 2980 2953 3030 et
2977 2992 3114 3048 qua:
3152 2976 3459 3047 refrigeria
3496 2994 3591 3033 su-

1933 3065 2182 3136 scipiant
2207 3079 2528 3136 pauperes,
2570 3065 2671 3136 qui
2706 3064 2943 3120 labores
2996 3065 3416 3121 toleraverunt.
3466 3065 3599 3123 Alia

1933 3155 2106 3210 etiam
2140 3153 2304 3209 utilia
2334 3169 2439 3224 per
2469 3154 2626 3208 hanc
2654 3153 2940 3209 discimus
2970 3153 3343 3226 parabolam.

2005 3245 2165 3298 Vers.
2202 3243 2284 3296 t9.
2317 3241 2433 3309 Qui
2460 3271 2530 3282 —
2555 3241 2738 3312 bysso.
2773 3241 3220 3298 Pretiosissimis
3269 3258 3337 3300 ac
3369 3244 3598 3316 specio-

1935 3331 2190 3386 sissimis
2219 3329 2480 3384 vestibus
2502 3345 2720 3402 corpus
2749 3329 3021 3386 ornabat.

2009 3419 2172 3476 Vers.
2205 3419 2290 3474 19.
2339 3419 2418 3474 Et
2448 3419 2812 3488 epulabatur
2841 3449 2909 3459 —-
2938 3418 3256 3490 splendide.
3312 3419 3593 3477 Pretiosa.

2007 3510 2175 3565 Vers.
2208 3511 2296 3564 20.
2330 3507 2636 3564 Menaleus
2664 3539 2734 3548 —
2763 3509 3048 3564 Lazarus.
3095 3507 3299 3564 Divitis
3347 3508 3597 3581 quidem

1935 3614 2157 3655 nomen
2190 3613 2310 3652 non
2359 3597 2557 3662 edidit,
2619 3601 2823 3670 utpote
2866 3598 3003 3653 odio
3053 3597 3233 3669 digni.
3297 3599 3596 3670 Scriptum

1935 3692 2024 3744 est
2060 3689 2261 3746 enim:
2295 3687 2418 3743 Nec
2455 3702 2675 3742 memor
2722 3687 2830 3742 sim
2885 3687 3186 3743 nominum
3237 3703 3435 3744 eorum
3487 3703 3598 3756 per

1937 3776 2096 3834 labia
2112 3791 2240 3833 mea
2258 3777 2329 3833 ηε
2354 3775 2612 3832 mendici
2631 3791 2768 3832 vero
2786 3791 3007 3832 nomen
3030 3776 3281 3843 addidit,
3305 3782 3594 3850 tanquam

1936 3882 2142 3924 amore
2190 3865 2376 3936 digni.

2006 3956 2181 4012 Aiunt
2209 3961 2412 4012 autem
2442 3953 2692 4028 quidam
2745 3971 2816 4010 ex
2847 3954 3163 4012 traditione
3217 3956 3596 4012 Hebraeorum

1937 4047 2100 4120 quod
2152 4047 2325 4117 juxta
2355 4061 2426 4101 ea
2457 4051 2730 4118 tempora
2762 4045 2925 4100 dives
2975 4045 3070 4100 ille
3114 4045 3305 4101 fuerat
3359 4044 3600 4101 Ninevis

1940 4136 2295 4208 appellatus,
2349 4137 2406 4189 et
2433 4134 2736 4190 mendicus
2778 4134 2884 4189 iste
2940 4135 3190 4188 Lazarus
3226 4151 3239 4189 :
3273 4137 3599 4204 postquam

1940 4230 2136 4280 autem
2191 4229 2437 4294 uterque
2478 4227 2740 4277 mortuus
2810 4225 2917 4284 est,
2989 4221 3266 4276 formavit
3332 4220 3597 4274 Christus

1940 4309 2297 4386 parabolam
2328 4309 2401 4363 de
2431 4309 2603 4364 rebus
2631 4307 2708 4364 ab
2742 4307 2857 4362 illis
2873 4308 3075 4377 gestis,
3105 4313 3160 4362 et
3192 4307 3418 4362 futuras
3448 4307 3602 4377 ipso-

1941 4417 2076 4457 rum
2132 4397 2570 4462 retributiones,
2637 4395 2818 4469 quasi
2866 4397 2993 4467 jam
3062 4396 3270 4460 factas,
3334 4396 3603 4450 narravit

1943 4489 2220 4546 timorem
2249 4487 2318 4542 iis
2346 4485 2449 4558 qui
2481 4485 2648 4541 diviti
2694 4484 2776 4540 illi
2819 4485 3215 4549 adhteserant,
3251 4484 3598 4550 immittens,

1946 4585 2010 4636 ut
2028 4577 2291 4634 diximus
2325 4591 2336 4631 :
2367 4575 2450 4630 eis
2479 4589 2637 4639 vero,
2665 4573 2770 4646 qui
2803 4573 2882 4629 ad
2917 4587 3242 4646 pauperem
3286 4573 3448 4628 hunc
3474 4572 3604 4628 atti-

1945 4669 2191 4733 nebant,
2224 4664 2720 4732 consolationem,
2755 4668 2812 4720 et
2843 4663 2934 4719 his
2981 4667 3181 4718 autem
3215 4667 3271 4718 et
3314 4661 3426 4718 illis
3451 4661 3605 4719 utili-

1946 4763 2150 4816 tatem.

2021 4847 2184 4904 Vers.
2243 4847 2329 4900 20.
2365 4842 2759 4912 Qui—Vers.
2815 4843 2903 4897 2t.
2955 4841 3171 4898 Ulcera
3227 4843 3374 4912 ejus.
3432 4841 3604 4898 Adeo

1948 4937 2123 4996 debili
2154 4941 2280 4991 erat
2304 4948 2572 5005 corpore,
2604 4937 2666 4988 ut
2688 4947 2880 5005 neque
2908 4947 3084 4987 canes
3109 4937 3315 5003 posset
3342 4930 3604 5002 abigere.

1952 5031 1995 5085 Ο
2045 5024 2457 5083 crudelitatem
2483 5037 2552 5078 ac
2581 5037 2698 5094 praa
2749 5026 2989 5094 stupore
3031 5020 3446 5087 indolentiam,
3479 5035 3607 5092 per.

1951 5133 2137 5192 quam
2190 5116 2250 5172 in
2308 5116 2482 5170 tantis
2537 5113 2892 5172 constitutus
2939 5110 3136 5180 bonis,
3190 5111 3251 5168 in
3312 5117 3391 5168 tot
3436 5111 3610 5167 malis

1955 5226 2025 5266 ac
2078 5202 2516 5263 calamitatibus
2571 5202 2830 5275 positum
2900 5200 3252 5274 despiceret,
3301 5201 3481 5274 idque
3535 5199 3613 5257 ad

1474 5563 1700 5634 Variae
1726 5563 2056 5633 lectiones
2077 5570 2142 5630 et
2167 5569 2369 5628 notae.

319 5759 436 5836 (92)
480 5756 866 5842 Σφοδροτάταις
897 5769 952 5824 Β.
990 5731 1161 5828 Male.

2039 5758 2154 5838 (93)
2194 5759 2271 5814 Τά
2300 5755 2470 5817 abest
2496 5755 2564 5818 Α.
