4210 6500
694 393 707 438 t
719 382 828 438 039

687 593 1090 652 fortitudinem
1130 608 1200 649 ac
1233 591 1630 658 tolerantiam,
1663 591 1850 664 quod,
1885 609 2022 648 cum
2050 592 2146 648 ille
2172 591 2253 648 ita
2282 607 2344 646 se

687 684 955 748 haberet,
987 683 1078 739 hic
1117 683 1198 739 ita
1229 682 1476 739 affectus
1515 697 1637 738 non
1691 681 2093 752 malediceret,
2151 696 2346 754 neque

686 778 1107 831 murmuraret.

759 863 920 919 Vers.
965 864 1053 920 22.
1096 862 1323 919 Accidit
1355 893 1424 902 —
1454 860 1728 918 Abrahae.
1775 863 1844 918 Ut
1889 861 2191 934 hospitem
2245 861 2350 916 La-

687 969 894 1009 zarum
925 953 1090 1023 apud
1130 950 1491 1024 hospitalem
1527 950 1830 1008 Abraham
1871 951 2120 1007 intuitus
2157 949 2344 1014 dives,

687 1058 828 1099 osor
857 1041 1182 1114 hospitum,
1215 1040 1456 1096 haberet
1480 1040 1593 1096 hoc
1621 1041 1696 1096 ad
1724 1039 2192 1097 confutationem
2225 1055 2349 1094 suae

687 1129 1190 1203 inhospitalitatis.
1232 1131 1497 1186 Observa
1524 1130 1726 1195 etiam,
1769 1128 1935 1202 quod
1963 1135 2348 1200 peccatorum

687 1220 906 1277 animas
929 1217 1179 1274 violente
1209 1234 1279 1274 ac
1305 1218 1449 1273 dure
1481 1224 1829 1290 repetuntur
1855 1235 1870 1272 :
1893 1218 2109 1282 Stulte,
2140 1216 2348 1288 inquit,

689 1310 801 1367 hac
831 1315 996 1365 nocte
1021 1312 1290 1376 repetunt
1339 1307 1607 1363 animam
1656 1313 1820 1363 tuam
1849 1322 1888 1363 a
1939 1314 1994 1363 te
2042 1309 2086 1342 "
2123 1307 2351 1377 ;justo-

686 1416 821 1458 rum
855 1413 994 1454 vero
1025 1397 1120 1469 pie
1157 1413 1225 1452 ac
1272 1403 1601 1452 reverenter
1633 1396 1711 1451 ab
1758 1395 2007 1468 angelis,
2064 1402 2348 1468 tanquam

691 1487 1067 1552 satellitibus,
1088 1485 1494 1542 abducuntur.

763 1580 919 1633 Vers.
956 1576 1044 1631 22.
1093 1576 1364 1630 Mortuus
1413 1582 1492 1631 est
1523 1605 1590 1614 —
1615 1575 1870 1642 sepultus
1897 1584 1996 1631 est.
2059 1576 2136 1630 De
2189 1587 2352 1629 men-

687 1669 820 1725 dico
841 1679 962 1722 non
980 1664 1147 1728 dixit,
1165 1667 1328 1735 quod
1354 1667 1622 1733 sepultus
1647 1664 1740 1725 sit,
1773 1679 1844 1718 eo
1870 1663 2031 1736 quod
2067 1663 2181 1718 vile
2199 1667 2354 1718 esset

685 1754 966 1830 pauperis
1008 1751 1374 1824 sepulcrum,
1407 1753 1480 1807 de
1512 1751 1693 1807 divite
1727 1769 1866 1808 vero
1899 1751 2185 1817 maxime,
2220 1767 2353 1824 pro-

685 1853 814 1919 pter
837 1842 1264 1916 pretiositatem
1306 1840 1562 1912 sepulcri
1593 1839 1816 1897 divitis.

759 1933 918 1990 Vers.
946 1933 1035 1987 25.
1068 1934 1264 2002 Atque
1281 1931 1342 1986 in
1366 1961 1432 1970 -—
1458 1932 1586 1987 sinu
1619 1933 1767 2000 ejus.
1799 1930 2101 1987 lnfernum
2118 1929 2349 1986 dieillo-

683 2039 824 2080 cum
873 2021 1166 2094 supplicii.
1199 2022 1276 2075 Ex
1317 2019 1432 2076 hac
1472 2026 1672 2076 autem
1707 2020 1997 2092 parabola
2035 2019 2344 2083 discimus,

681 2111 843 2186 quod
876 2110 935 2166 in
963 2111 1160 2166 tuturo
1185 2108 1404 2164 szeculo
1423 2124 1544 2165 non
1572 2108 1764 2165 solum
1791 2115 2126 2180 peccatores
2149 2108 2348 2164 vident

675 2202 868 2274 justos
901 2205 958 2256 et
1007 2198 1152 2270 justi
1207 2203 1576 2271 peccatores,
1633 2198 1737 2254 sed
1787 2203 1845 2254 et
1874 2204 2252 2267 agnoscunt:
2292 2202 2349 2252 et

683 2297 1030 2365 peccatores
1094 2288 1336 2361 quidem
1395 2288 1699 2360 justorum
1754 2288 1957 2343 vident
2013 2287 2343 2351 lruitiones,

679 2395 804 2453 quo
858 2378 1054 2450 magis
1110 2377 1353 2434 doleant
1425 2377 1710 2443 videntes,
1775 2377 1995 2448 quibus
2048 2377 2161 2432 sint
2231 2375 2348 2447 pri-

680 2469 801 2526 vati
847 2468 1069 2525 bouis:
1098 2468 1242 2539 justi
1302 2484 1442 2524 vero
1507 2472 1890 2539 peccatorum
1951 2465 2151 2521 vident
2207 2479 2343 2536 sup-

681 2559 876 2632 plicia,
917 2573 1041 2630 quo
1089 2557 1350 2630 amplius
1405 2556 1710 2627 gaudeant
1760 2556 2082 2619 intuentes,
2122 2560 2348 2627 quanta

682 2647 1021 2718 effugerunt
1042 2652 1356 2702 tormenta.
1383 2652 1725 2715 Agnoscunt
1745 2651 1947 2700 autem
1970 2660 2030 2698 se
2064 2645 2343 2711 invicem,

689 2743 753 2793 ut
801 2737 1008 2800 sciant,
1061 2735 1212 2790 inter
1267 2751 1418 2805 quos
1471 2740 1610 2788 sunt
1665 2733 1747 2801 hi,
1796 2734 1872 2789 de
1927 2732 2149 2805 quibus
2209 2737 2346 2787 ante

680 2833 938 2882 mortem
985 2823 1365 2893 ignorabant.
1398 2824 1559 2878 Tunc
1604 2831 1806 2878 autem
1841 2823 2026 2877 Deum
2085 2836 2206 2876 non
2243 2821 2347 2876 ob-

683 2919 923 2971 secrant
951 2912 1042 2968 isti
1087 2929 1194 2984 pro
1225 2911 1661 2983 peccatoribus,
1696 2910 1968 2976 scientes,
2001 2910 2166 2982 quod
2207 2926 2345 2965 cum

680 3001 929 3060 diabolo
960 3008 1015 3057 et
1041 3000 1278 3071 angelis
1308 3001 1437 3072 ejus
1460 2999 1842 3056 condemnati
1868 3005 2029 3055 sunt.
2063 3003 2124 3056 Et
2151 3015 2348 3071 quem-

687 3090 1021 3148 admodum
1051 3105 1162 3162 pro
1205 3089 1589 3146 demonibus
1622 3089 1959 3162 supplicare
1990 3104 2218 3144 vanum
2257 3104 2346 3142 es-

2019 373 2363 434 EUTl-lYMIl
2408 373 2730 433 ZIGABENI

680 507 935 580 januam
974 519 1148 561 suam
1199 506 1543 575 Jacenteum
1573 502 1586 557 l
1619 503 1686 559 Et
1710 517 1944 559 rursum
1977 519 2012 559 ο
2037 501 2341 574 egregiam

2460 500 2545 561 λῆς
2575 496 2821 574 ἀνδρείας
2872 499 2992 571 (94)
3030 505 3121 552 καὶ
3178 502 3462 573 ὑπομονῆς,
3517 500 3597 552 ὅτι
3659 498 3854 554 ἐκείνου
3906 504 4065 564 οὕτως

2457 593 2686 662 ἔχοντος,
2742 589 2898 651 αύτός
2958 590 3120 650 οὕτως
3154 592 3291 661 ἔχων
3341 591 3435 642 ούκ
3485 589 3892 663 εϐλασφήμησεν
3953 590 4060 645 οὐδ’

2457 678 2740 751 ἕγόγγυσεν
2775 677 2786 731 l

2531 855 2757 928 Ἐγίνετο
2814 887 2882 897 -
2930 853 3191 929 Ἁϐραάμ.

2461 1211 2736 1284 ἀποτόμως
2793 1213 3156 1265 ἀπαιτοῦνται.
3215 1212 3405 1287 ’Δφρον
3435 1216 3559 1288 γὰρ,
3616 1219 3776 1284 φησὶ,
3813 1220 3970 1286 ταύτῃ
3996 1226 4043 1287 τῇ

2459 1308 2608 1354 νυκτὶ
2647 1307 2738 1360 την
2764 1300 2950 1373 ψυχήν
2978 1321 3072 1354 σου
3100 1300 3412 1354 ἀπαιτοῦσιν
3440 1301 3541 1354 ἀπὸ
3571 1311 3684 1354 σού·
3716 1312 3820 1354 τῶν
3853 1300 4044 1356 δικαίων

2463 1388 2542 1459 δε,
2584 1389 2809 1452 εύλαϐῶς
2853 1389 3165 1462 ἀπάγονται,
3207 1393 3306 1443 ύπὸ
3345 1400 3444 1443 τῶν
3476 1390 3702 1463 ἀγγέλων
3753 1389 4041 1466 δορυφορού-

2460 1499 2627 1552 μεναι.

2535 1568 2780 1620 Ἀπέθανε
2811 1599 2866 1610 -
2902 1566 3084 1640 ἐτάφη.
3121 1569 3237 1621 Ἐπὶ
3276 1577 3366 1620 τοῦ
3393 1578 3613 1640 πτωχοῦ
3643 1574 3760 1641 μεν,
3795 1570 3885 1622 ούκ
3909 1567 4032 1630 εἶπεν,

2461 1659 2540 1711 ὅτι
2561 1659 2742 1729 ἐτάφη,
2777 1653 2870 1710 διά
2901 1661 2958 1709 τὸ
2999 1657 3321 1730 ἀτημέλητον
3352 1666 3448 1719 τῆς
3474 1668 3572 1710 τῶν
3626 1669 3858 1730 πτωχῶν
3887 1668 4031 1730 ταφῆς·

2462 1745 2545 1799 ἰπὶ
2589 1755 2679 1798 τού
2707 1745 2961 1798 πλουσίου
3011 1743 3070 1799 δε
3124 1753 3207 1799 καὶ
3240 1747 3401 1819 μάλα,
3443 1745 3536 1800 διὰ
3573 1751 3632 1799 τὸ
3681 1748 4028 1809 πολυτελὲςτὶς

2385 1853 2428 1908 Β
2462 1844 2561 1888 τῶν
2600 1835 2863 1888 πλουσίων
2893 1843 3076 1907 ταφῆς.

2538 1930 2638 1978 Καὶ
2697 1925 2745 1976 ἐν
2790 1956 2851 1965 -
2921 1925 3136 1988 κόλποις
3181 1925 3363 1978 αύτού.
3423 1923 3593 1998 ’ᾼδην
3644 1925 3802 1998 λέγει,
3855 1931 3922 1978 τόν
3957 1930 4018 1975 τό-

2461 2034 2556 2066 πον
2606 2023 2701 2076 τῆς
2755 2013 3040 2076 κολάσεως.
3108 2015 3194 2066 Ἐκ
3248 2024 3340 2076 τῆς
3400 2016 3702 2088 παραϐολῆς
3771 2013 3826 2069 δε
3874 2019 4027 2071 tritu:

2460 2106 2804 2176 μανθάνομεν,
2863 2109 2953 2155 καὶ
2989 2107 3068 2155 ὅτι
3099 2103 3147 2155 ἕν
3207 2114 3278 2174 τῶ
3332 2104 3565 2174 μέλλοντι
3614 2105 3762 2157 αἰῶνι
3812 2105 3865 2157 ού
3906 2123 4028 2176 μονον

2461 2194 2624 2266 ὁρῶσι
2683 2198 2773 2245 καὶ
2801 2196 2850 2244 οι
2880 2193 3177 2266 ἁμαρτωλοὶ
3207 2198 3322 2254 τοὺς
3349 2191 3608 2258 δικαίους,
3657 2201 3743 2246 καὶ
3787 2197 3832 2246 οἱ
3861 2191 4028 2245 δίκαιοι

2461 2287 2579 2342 τοὺς
2638 2281 2992 2355 ἁμαρτωλούς,
3090 2282 3216 2333 ἀλλά
3282 2288 3371 2334 καὶ
3441 2285 3782 2358 γνωρίζουσι,
3848 2288 3935 2336 Καὶ
3990 2283 4028 2332 οι

2460 2371 2759 2445 ἀμαρτωλοὶ
2806 2375 2896 2443 μεν
2977 2373 3140 2444 ὁρῶσι
3194 2374 3283 2432 τὰς
3339 2380 3437 2423 τῶν
3483 2369 3703 2424 δικαίων
3727 2372 4024 2431 ἀπολαύσεις,

2462 2461 2544 2511 ἶνα
2605 2459 2795 2531 μᾶλλον
2852 2460 3116 2527 ἀνιῶνται,
3169 2459 3462 2532 βλέποντες,
3501 2464 3619 2514 οῖων
3667 2463 3855 2533 ἀγαθῶν
3903 2459 4024 2511 ἑστε-

2457 2551 2719 2622 ρήθησαν.
2755 2550 2804 2600 οἱ
2850 2544 3049 2600 δίκαιοι
3112 2545 3189 2616 δε,
3244 2550 3404 2620 ὁρῶσι
3455 2554 3541 2609 τὰς
3602 2559 3692 2601 τῶν
3731 2548 4018 2620 ἁμαρτωλῶν

2460 2637 2720 2705 κολάσεις,
2763 2638 2844 2688 ἵνα
2893 2636 3084 2709 μᾶλλον
3141 2642 3396 2708 χαίρωσι,
3459 2637 3711 2709 βλέποντες
3777 2637 3853 2687 οἷα
3905 2635 4007 2705 (96)

2461 2725 2673 2798 βάσανα
2713 2723 2982 2798 διέφυγον.
3035 2727 3358 2797 Γνωρίξουσι
3390 2723 3447 2778 δε
3488 2726 3733 2790 ἀλλήλους,
3773 2727 3849 2776 ἶνα
3891 2733 4018 2794 γνῶ-

2462 2833 2544 2866 σιν
2585 2813 2632 2866 ἓν
2678 2820 2841 2876 ποίοις
2881 2816 3010 2867 εὲσὶν
3048 2815 3209 2879 οὗτοι,
3269 2821 3384 2888 περὶ
3424 2816 3488 2867 ὧν
3548 2817 3749 2887 ἠγνόουν
3793 2817 3888 2886 πρὸ
3941 2833 4019 2864 του

2462 2903 2747 2957 ἀποθανεῖν’
2778 2904 2836 2956 ού
2877 2904 3241 2978 παρακαλοῦσι
3301 2902 3359 2957 δε
3404 2912 3519 2957 τότε
3577 2910 3660 2958 τόν
3713 2909 3832 2956 Θεὸν
3881 2905 3925 2954 οἱ
3952 2899 4018 2954 δί-

3845 3012 3918 3044 οτι
3964 3009 4014 3040 τω

2459 3012 2600 3044 καιοι
2661 2994 2786 3067 ὑπερ
2841 3002 2939 3044 τῶν
3006 2993 3342 3066 ἁμαρτωλῶν,
3419 3000 3766 3064 γινώσκοντες,

2461 3079 2689 3152 διαϐόλῳ
2754 3087 2842 3133 καὶ
2881 3089 2991 3143 τοῖς
3050 3080 3286 3153 ἀγγέλοις
3344 3081 3506 3134 αὑτοῦ
3571 3079 4014 3154 συγκατεδικάσθζ-

683 3188 771 3238 set
812 3186 866 3238 et
907 3179 1159 3236 inutile:
1201 3180 1284 3236 ita
1322 3195 1566 3252 quoque
1596 3186 1653 3235 et
1706 3196 1814 3252 pro
1862 3179 1954 3234 his
2007 3179 2160 3234 sicut
2195 3177 2345 3234 dixit

2462 3190 2556 3223 σαν
2597 3172 2730 3240 (97).
2768 3175 2867 3223 Καὶ
2897 3173 3070 3244 ὥσπερ
3107 3175 3163 3222 τό
3194 3173 3320 3243 ὑπὲρ
3371 3180 3470 3223 τῶν
3517 3169 3774 3244 δαιμόνων
3819 3173 4014 3223 ἱκετεύειν

683 3270 1002 3339 Gregorius
1031 3269 1328 3340 Dialogus.
1362 3271 1489 3325 Non
1516 3268 1720 3324 dolent
1760 3275 1959 3324 autem
1991 3283 2341 3341 quanquam

679 3359 1104 3434 compatientes
1144 3359 1261 3414 sint
1292 3374 1305 3413 :
1341 3364 1481 3414 tunc
1522 3374 1681 3414 enim
1723 3357 1872 3427 lugit
1909 3358 1988 3414 ab
2017 3357 2104 3414 eis
2147 3356 2338 3423 dolor,

679 3465 906 3507 maeror
935 3464 1006 3506 ac
1033 3447 1312 3520 gemitus,
1342 3452 1406 3504 ut
1436 3463 1583 3520 pure
1623 3447 1916 3506 laetentur.

751 3699 794 3770 -ι-
816 3696 952 3756 Hac
970 3696 1207 3770 quidem
1228 3695 1371 3752 dicit
1393 3695 1716 3766 Gregorius
1735 3694 2035 3767 Dialogus.
2065 3694 2172 3751 Alii
2203 3711 2345 3753 vero

683 3790 883 3845 Patres
915 3787 1142 3853 dicunt,
1177 3802 1373 3858 neque
1412 3802 1449 3842 a
1480 3784 1892 3858 peccatoribus
1925 3785 2108 3840 videri
2126 3788 2342 3856 justos,

683 3891 878 3949 neque
900 3874 1127 3946 ajustis
1152 3881 1527 3946 peccatores:
1563 3873 1640 3929 illi
1675 3874 1973 3946 siquidem
2001 3875 2061 3929 in
2092 3876 2221 3931 luce
2248 3875 2348 3930 de-

683 3969 853 4037 gunt,
884 3963 943 4018 hi
970 3969 1170 4019 autem
1203 3961 1264 4018 in
1289 3961 1584 4028 tenebris;
1614 3961 1789 4032 longe
1830 3969 2032 4019 autem
2062 3964 2282 4019 distant
2312 3980 2348 4021 a

683 4069 746 4110 se
776 4053 1032 4109 invicem
1063 4051 1188 4118 lux,
1221 4057 1279 4107 et
1300 4051 1579 4107 tenebras.
1615 4051 1930 4118 Praeterea,
1961 4068 2098 4108 cum
2125 4053 2205 4109 illi
2233 4053 2349 4109 sint

682 4141 1452 4214 omninolux,nequaquam
1470 4142 1807 4212 cupiuntad
1827 4142 2102 4198 tenebras
2117 4158 2258 4214 pros
2267 4144 2349 4215 pi-

682 4247 814 4288 cere
831 4249 844 4297 ;
860 4230 919 4286 hi
939 4246 1096 4294 vero,
1115 4247 1254 4287 cum
1267 4230 1518 4286 omnino
1535 4232 1650 4285 sint
1665 4231 1944 4296 tenebrae,
1964 4248 2081 4287 non
2098 4243 2352 4303 possunt

683 4328 882 4384 lucem
904 4321 1194 4393 aspicere.
1224 4322 1371 4376 Nam
1399 4324 1457 4374 et
1493 4319 1899 4391 peccatoribus
1928 4319 2148 4376 doloris
2188 4329 2352 4378 esset

692 4408 1027 4467 consolatio
1057 4408 1153 4464 lux
1184 4409 1334 4482 ipsa,
1369 4413 1424 4464 et
1441 4408 1618 4479 justis
1639 4408 2116 4465 imminutionem
2139 4410 2350 4483 volup-

686 4499 823 4557 tatis
840 4498 1120 4556 afferrent
1149 4497 1429 4554 tenebrae.
1462 4499 1673 4554 Dicunt
1696 4499 1919 4570 itaque,
1942 4499 2004 4554 in
2039 4499 2153 4556 hac
2170 4516 2348 4572 para-

685 4588 827 4645 bola
857 4588 1099 4662 proponi
1131 4587 1246 4644 hoc
1275 4587 1403 4656 lege
1447 4565 1820 4659 parabolice,
1857 4565 1915 4644 et
1948 4594 2010 4643 ut
2037 4565 2349 4646 terribilior
2381 4565 2424 4620 ί)

684 4693 755 4734 ac
781 4677 976 4748 magis
993 4675 1416 4750 persuadibilis
1433 4676 1598 4733 ﬁeret
1628 4693 1847 4734 sermo.
1879 4679 2120 4751 Oportet
2144 4684 2346 4736 autem

685 4771 742 4823 et
769 4767 897 4823 hinc
935 4771 991 4822 et
1019 4765 1117 4822 illa
1139 4765 1326 4838 scire;
1357 4771 1701 4822 sanctorum
1726 4766 1888 4824 enim
1923 4774 2081 4835 sunt,
2117 4773 2172 4825 et
2200 4768 2347 4825 nihil

684 4855 966 4928 pietatem
1001 4854 1242 4910 laedunt.

761 4945 920 4998 Vers.
946 4943 1122 4998 25.151
1154 4944 1354 5014 ispe—
1378 4943 1689 5010 hac.Ville,
1713 4950 2007 5018 quantum
2035 4963 2171 5003 eum
2209 4964 2341 5020 sap-

684 5048 780 5088 ere
807 5031 938 5086 l’ecit
966 5033 1258 5087 cruciatus
1280 5048 1292 5086 :
1313 5048 1494 5104 quem
1531 5035 1688 5089 enim
1712 5051 1892 5107 prOpe
1913 5036 2214 5106 jacentem
2246 5038 2346 5094 de-

684 5126 976 5194 spexerat,
1007 5119 1168 5176 hunc
1193 5122 1427 5177 eminus
1456 5130 1626 5180 acute
1659 5124 1840 5180 videt.
1877 5127 1990 5181 Nec
2015 5130 2213 5182 tamen
2243 5129 2345 5184 La-

760 5244 808 5281 ¹⁹
841 5242 1048 5300 Lucas.
1087 5259 1180 5312 xu,
1210 5244 1307 5300 20.

2458 3262 2675 3331 μάταιόν
2709 3258 2820 3312 ἔστι
2868 3265 2958 3312 καὶ
2987 3256 3364 3332 ἀπρόσδεκτον,
3415 3262 3551 3313 ούτω
3577 3267 3665 3314 καὶ
3695 3265 3750 3314 τὸ
3787 3263 3900 3332 ύπερ
3926 3261 4012 3311 τού-

2458 3367 2578 3412 των,
2611 3350 2676 3408 ὡς
2703 3347 2810 3401 εἶπε
2851 3353 3178 3423 Γρηγόριοςὸ
3211 3350 3458 3421 Διάλογος
3500 3370 3511 3382 ·
3565 3352 3660 3403 ούκ
3713 3350 3915 3421 ἀλγούσι
3956 3344 4011 3409 a'i,

2456 3441 2630 3489 καίτοι
2665 3440 2952 3509 συμπαθεῖς
2997 3444 3150 3501 ὄντες.
3188 3435 3422 3513 Ἀπέδρα
3466 3443 3566 3512 γὰρ
3617 3446 3727 3493 τότε
3765 3439 3848 3492 ἀπ’
3883 3437 4008 3490 αὐτῶν

2456 3521 2640 3592 ὀδύνη,
2663 3531 2750 3579 καὶ
2779 3526 2940 3598 λύπη,
2974 3533 3063 3580 καὶ
3111 3532 3416 3601 στεναγμός,
3452 3532 3534 3581 ἵνα
3560 3532 3797 3603 καθαρῶς
3847 3528 4008 3599 εύοραί-

2455 3634 2661 3668 νωνται.

2531 3700 2552 3774 [
2582 3704 2760 3757 Ταύτα
2780 3703 2893 3774 (98)
2925 3708 3016 3777 μίν
3070 3725 3199 3777 φησι
3241 3711 3522 3781 Γρηγόριος
3550 3708 3574 3759 ὁ
3607 3706 3865 3778 Διάλογοςο
3887 3707 4008 3774 ἕτεροι

2458 3787 2515 3843 δε
2541 3797 2756 3866 ματέρες
2782 3793 3016 3865 λέγουσι,
3047 3801 3175 3866 μήτε
3202 3797 3301 3848 ὑπὸ
3333 3805 3432 3848 τῶν
3479 3796 3793 3869 ἁμαρτωλῶν
3834 3794 4009 3868 ὁρᾶσθαι

2455 3885 2569 3941 τούς
2598 3878 2852 3947 δικαίους,
2892 3891 3024 3955 μήτε
3066 3885 3160 3936 ὑπὸ
3187 3893 3283 3935 τῶν
3309 3881 3527 3937 δικαίων
3556 3891 3678 3947 τούς
3707 3883 4007 3959 ἁμαρτωλούς.

2459 3972 2634 4042 Οίμεν
2662 3974 2763 4042 γὰρ
2801 3971 2850 4023 ἐν
2877 3980 2947 4042 τῷ
2985 3978 3133 4044 φωτί·
3170 3975 3217 4025 οἱ
3257 3970 3316 4026 δε
3344 3972 3392 4026 ἕν
3440 3983 3510 4044 τῷ
3545 3981 3718 4046 σκότῳ
3750 3993 3761 4004 ·
3796 3973 3945 4047 πόρρω
3972 3963 4010 4018 δὲ

2460 4057 2686 4117 ἀλλήλων
2716 4064 2774 4112 τὸ
2812 4070 2915 4132 φῶς
2943 4067 3032 4113 καὶ
3064 4066 3119 4115 τὸ
3175 4067 3376 4124 σκότος.
3423 4070 3524 4118 Καὶ
3563 4067 3614 4116 oi.
3655 4068 3744 4137 μεν
3795 4064 3888 4115 ὅλοι
3939 4067 4010 4130 γὼς
4080 4091 4081 4105 ι

2460 4152 2614 4215 ὄντες,
2657 4149 2747 4200 οὐκ
2779 4148 2838 4200 ἀν
2872 4148 3148 4222 βούλοιντο
3197 4148 3402 4204 ἀπιδεῖν
3435 4153 3505 4214 εἱς
3553 4158 3612 4205 τὸ
3663 4159 3838 4212 σκότος
3868 4169 3878 4180 '
3907 4151 3945 4200 οἱ
3973 4144 4011 4197 δε
4078 4163 4079 4175 π

2460 4238 2566 4290 ὃλοι
2599 4243 2779 4300 σκότος
2809 4241 3150 4312 ὑπάρχοντες,
3184 4241 3278 4292 οὐκ
3311 4240 3370 4293 ἀν
3404 4238 3649 4296 δύναιντο
3674 4239 3868 4295 ἀπιδεῖν
3895 4239 3953 4298 εἰς
3975 4240 4010 4286 τό

3930 375 4064 436 1010

3269 855 3381 909 Ἰνα
3450 860 3535 909 τὸν
3609 857 3746 920 ξενον
3824 859 4056 931 Λάζαρον

2458 949 2599 1018 παρά
2627 953 2699 1014 τῷ
2735 944 2972 1017 φιλοξένῳ
3021 945 3259 1018 ’Δϐραὰμ
3318 943 3443 998 ἰδὼν
3498 949 3523 998 ό
3572 947 3847 1018 μισόξενος
3912 949 4053 1002 πλού-

2463 1053 2577 1096 σιος
2605 1034 2816 1106 ἔλεγχον
2842 1037 2960 1105 ἰχοι
3014 1043 3166 1088 τούτο
3225 1036 3336 1107 (95)
3392 1044 3486 1096 τῆς
3541 1035 3848 1107 μισοξενίας
3888 1038 4049 1090 αὑτοῦ.

2462 1129 2844 1197 Παρατήρησον
2875 1121 2954 1189 δε,
3016 1126 3096 1176 ὃτι
3157 1134 3255 1177 τῶν
3315 1124 3630 1199 ἁμαρτωλῶν
3674 1128 3768 1197 μεν
3803 1128 3859 1177 αἱ
3893 1127 4048 1199 ψυχαὶ

4073 4285 4075 4313 l

2461 4337 2583 4399 φῶς.
2625 4327 2690 4380 Ἦ
2731 4332 2831 4400 γὰρ
2864 4328 2922 4380 ἂν
2949 4335 3037 4381 καὶ
3059 4332 3106 4382 οἱ
3133 4330 3430 4403 ἁμαρτωλοὶ
3461 4341 3550 4392 τῆς
3583 4329 3772 4392 ὀδύνης
3799 4325 4011 4401 παρακλη·
4072 4359 4073 4381 ι

2462 4435 2543 4468 σιν
2574 4416 2773 4488 ἔμελλον
2804 4420 2944 4489 ἔχειν
2983 4422 3041 4470 τό
3073 4419 3194 4490 φῶς⁹
3245 4424 3330 4471 καὶ
3365 4421 3413 4472 οἱ
3453 4416 3676 4486 δίκαιοι,
3717 4428 3806 4480 τῆς
3861 4412 4008 4474 iam;
4070 4447 4071 4451 η

2459 4507 2638 4578 ὕφεσιν
2693 4511 2749 4558 τό
2793 4513 2998 4568 σκότος’
3061 4513 3153 4565 τὴν
3192 4512 3367 4580 μέντοι
3417 4509 3718 4582 παραϐολὴν
3772 4505 4006 4560 ύποθέσῡαε
4065 4499 4069 4589 l‘

2456 4604 2626 4660 τούτο,
2661 4599 2795 4648 κατά
2823 4596 3177 4670 παραϐολικὴν
3223 4597 3556 4670 αὐτονομίαν,
3589 4606 3676 4652 καὶ
3704 4602 3784 4651 ἶνα
3828 4595 4004 4668 φοϐερω·
4064 4641 4065 4659 η

2457 4703 2595 4757 τερος
2625 4689 2713 4736 καὶ
2739 4686 3080 4759 πιθανώτερος
3120 4687 3145 4737 6
3202 4685 3353 4757 λόγος
3406 4692 3639 4757 γένηται.
3687 4692 3794 4759 Χρὴ
3853 4681 3903 4736 δὲ
3943 4685 4002 4729 12?:

2457 4781 2619 4824 ταῦτα
2656 4771 2867 4825 κάκεῖνα
2892 4781 3164 4845 γινώσκειν
3207 4795 3218 4806 ·
3253 4775 3412 4847 ἁγίων
3443 4779 3544 4852 γάρ
3613 4778 3733 4847 εἰσι,
3776 4781 3857 4826 καὶ
3891 4765 3999 4822 ούᾶεν

2457 4870 2517 4933 τῇ
2554 4862 2786 4933 εὐσεϐείᾳ
2811 4862 3168 4935 λυμαίνονται.
3193 4865 3209 4934 ]

2531 4955 2630 5003 καὶ
2663 4951 2814 5012 αὐτὸς
2845 4983 2910 4992 —
2948 4955 3140 5025 ταύτῃ.
3199 4953 3354 5026 Ὀρα,
3399 4957 3560 5006 πόσον
3592 4955 3748 5007 αὐτὸν
3796 4955 3822 5011 ἡ
3874 4948 3998 5022 βάσει·

2455 5059 2540 5100 νος
2590 5039 2951 5114 ἐσωφρόνισεν.
3009 5041 3102 5094 ⁸ον
3143 5044 3245 5116 γὰρ
3291 5040 3444 5114 ἔγγὺς
3496 5049 3724 5116 κείμενον
3791 5045 3995 5112 παρεωρα»

2455 5138 2640 5183 τοῦτον
2667 5128 2928 5204 πόρρωθεν
2981 5130 3129 5196 ὀξέως
3188 5132 3302 5207 όρᾴ-
3357 5132 3431 5184 Ού
3493 5133 3806 5207 παρεκάλεσε
3847 5125 3896 5182 δι
3939 5124 3994 5173 τὸν

1932 5375 2150 5448 Variae
2199 5378 2523 5451 lectiones
2560 5392 2624 5451 et
2657 5393 2857 5453 notae.

778 5568 866 5640 94)
898 5561 1143 5645 Ἀνδρίας
1175 5573 1236 5626 Α.

774 5646 862 5716 95)
919 5641 1442 5716 Toar6_expressit
1514 5641 1694 5701 etiam
1760 5641 2098 5705 lientenius.
2168 5647 2331 5704 Τοῦτο

677 5711 953 5773 nimirum
981 5719 1039 5768 τὸ
1070 5711 1243 5770 ἰδεῖν(
1267 5718 1326 5770 In
1377 5723 1639 5774 mentem
1684 5724 1876 5774 tamen
1907 5721 2183 5779 veniebat
2218 5731 2332 5776 τοῦ·

678 5805 782 5864 τον,
812 5786 868 5843 id
901 5791 991 5845 est
1018 5790 1106 5840 τὸν
1131 5787 1422 5867 Λάζαρον..

2511 5582 2624 5653 (96)
2654 5583 2844 5646 Forte,
2872 5582 2984 5633 οἷαν
3016 5577 3269 5653 paucam.
3303 5580 3387 5639 Ita
3426 5596 3586 5639 mox.
3632 5580 3776 5638 Nam
3819 5575 3874 5628 τὰ
3910 5565 3974 5641 ῥά·

2447 5667 2580 5705 σανα
2611 5669 2726 5707 non
2770 5653 3016 5722 memini
3035 5653 3251 5722 legere.

2539 5724 2629 5796 97)
2656 5721 3123 5796 κατεδικάσθησαν
3162 5730 3229 5781 Α.

2540 5797 2628 5869 98)
2662 5795 2796 5852 Haec
2829 5802 3071 5873 uterque
3103 5796 3172 5856 in
3201 5796 3496 5870 margine.
