4210 6454
237 393 365 449 1041

1311 383 1664 443 (ΙΟΜΜΕΝΤ.
1709 382 1779 438 ΙΝ
1817 381 2083 440 LUCAM.
2126 416 2194 426 —-
2225 384 2377 441 CAP.
2415 383 2555 440 XVI.

3479 383 3620 445 4042

239 519 502 592 Λάζαρον,
562 516 961 592 ὑπολαμϐάνων,
1014 519 1095 571 ὅτι
1150 521 1468 590 μνησικακεῖ
1531 513 1690 585 αὐτῷ·
1749 516 1824 564 τὸι

1946 525 2144 566 zarum
2163 509 3025 586 deprecabatur,suspicabatur
3042 512 3476 585 namque,quod
3491 528 3614 569 ma.

247 608 470 683 Αϐραάμ
520 606 578 661 δέ
629 610 877 679 ἱκέτευσε,
919 608 1146 680 νομίζων
1178 609 1258 658 ὃτι
1306 605 1480 677 ἀγνοεῖ
1498 607 1562 656 τὰ
1599 605 1711 656 κατ’
1742 603 1834 655 αύ-

234 704 348 754 τόν,
411 698 611 773 Ὠσπερ
681 697 740 750 ὀὶ
785 707 856 768 τῷ
900 700 1124 772 Λαζάρῳ
1171 700 1438 769 πρότερον,
1488 693 1536 747 ἐν
1565 697 1834 756 τοσούτοις

229 787 338 838 ὄντι
383 795 560 847 κακοῖς
604 789 883 862 προσθήκη
945 793 1221 860 συμφορῶν
1267 782 1349 853 ἦν,
1380 788 1438 836 τὸ
1494 782 1701 856 βλέπειν
1748 787 1834 835 τὸν

228 875 479 928 πλούσιον
524 875 573 929 ἐν
623 879 895 938 τοσούτοις
925 875 1139 948 ἀγαθοῖς
1175 891 1187 903 ⁸
1221 875 1355 928 οὕτω
1384 879 1474 927 καὶ
1502 881 1575 944 τῷ
1603 873 1834 945 πλουσίῳ

227 973 314 1017 νῦν
355 965 402 1017 ἐν
426 969 694 1027 τοσούτοις
725 971 830 1018 ὄντι
862 963 1070 1032 δεινοῖς,
1102 967 1372 1040 προσθήκη
1406 972 1667 1039 τιμωριῶν
1697 961 1830 1032 ἔστι,

231 1058 288 1107 τὸ
317 1053 525 1127 βλέπειν
547 1059 632 1108 τὸν
662 1057 904 1132 Λάζαρον
931 1055 981 1108 έν
1010 1057 1282 1116 τοσούτοις
1309 1052 1544 1126 ἀγαθοῖς.

305 1240 429 1286 Εῖπε
457 1265 527 1274 —
576 1230 855 1287 ὀδυνᾶσαι.
912 1233 1022 1286 Οὗκ
1071 1228 1315 1292 ὀνειδίζει
1344 1233 1510 1303 τούτῳ
1548 1235 1641 1290 τὴν
1673 1228 1833 1282 ἀπαν-

237 1324 492 1394 θρωπίαν,
536 1322 644 1374 ἀλλ’
685 1323 920 1385 ἐπιεικῶς
965 1323 1079 1394 (99)
1138 1321 1488 1394 ἀποκρίνεται·
1537 1325 1830 1394 γέγραπται

232 1414 357 1484 γὰρ,
437 1412 514 1464 ὃτι
567 1417 758 1484 Ψυχὴν
819 1416 1252 1484 τεταπεινωμένην
1311 1411 1387 1481 (1)
1443 1414 1514 1482 μὴ
1591 1429 1830 1482 προστα-

230 1501 414 1574 ράξῃςο
467 1505 555 1554 καὶ
605 1507 776 1554 τέκνον
823 1501 1068 1574 ὀνομάζει
1117 1508 1318 1564 τοῦτον,
1361 1502 1426 1560 ὡς
1466 1501 1826 1574 πατριάρχης,

228 1589 387 1641 αὑτοῦ
438 1595 528 1642 καὶ
586 1594 656 1652 ὡς
705 1590 1019 1664 πρεσϐύτης.
1083 1590 1192 1642 Ούκ
1225 1586 1332 1641 εἷπε
1377 1586 1453 1652 δὲ,
1488 1591 1568 1640 ὅτι
1597 1587 1826 1654 Ἔλαϐες,

226 1676 336 1730 ἀλλ’
367 1681 446 1731 ὅτι
479 1679 758 1742 Ἀπελαϐες
805 1683 870 1732 τὰ
920 1679 1092 1751 ἀγαθά
1123 1699 1218 1731 σου
1254 1682 1302 1731 εν
1333 1686 1395 1750 τῇ
1437 1678 1543 1750 ζωῇ
1584 1697 1700 1744 σου,
1739 1683 1828 1730 καὶ

224 1770 468 1844 Λάζαρος
522 1771 714 1842 ὁμοίως
751 1774 814 1822 τὰ
862 1773 1018 1824 κακά.
1062 1773 1132 1822 T6
1183 1772 1283 1841 γὰρ
1330 1767 1706 1840 ἀπολαμϐάνειν
1745 1770 1827 1819 ἐπὶ

1944 601 2138 656 lorum
2152 601 2264 673 ipsi
2281 601 2659 666 inﬂictorum,
2679 603 2964 658 adversus
2983 619 3042 658 se
3059 618 3290 658 memor
3307 607 3488 658 esset:
3506 602 3613 658 sed

1943 691 2244 748 Abraham
2291 691 2580 757 obsecrat,
2615 694 2912 765 opinatus,
2965 691 3128 765 quod
3182 692 3344 748 hunc
3386 693 3610 759 lateret,

1943 797 2074 853 qua:
2086 781 2238 836 circa
2253 797 2312 836 se
2336 782 2723 851 contigerant.
2746 781 3273 849 Quemadmodum
3287 788 3487 838 autem
3503 782 3614 838 La-

1942 886 2100 939 zaro,
2129 886 2267 926 cum
2299 871 2357 926 in
2410 875 2490 926 tot
2516 871 2683 926 malis
2718 872 2949 943 positus
2977 877 3152 937 esset,
3195 871 3608 928 calamitatum

1943 964 2066 1016 erat
2108 965 2501 1030 augmentum
2533 960 2746 1016 intueri
2799 961 3042 1017 divitem
3075 962 3133 1016 in
3163 965 3249 1016 tot
3278 961 3452 1016 bonis
3487 977 3500 1016 :
3528 960 3610 1017 ita

1941 1065 2102 1104 nunc
2119 1049 2307 1115 diviti,
2334 1050 2392 1105 in
2425 1050 2600 1106 tantis
2646 1049 2885 1119 degenti
2919 1050 3173 1106 miseriis
3201 1051 3428 1106 additio
3467 1065 3610 1124 sup-

1940 1139 2255 1212 pliciorum
2281 1145 2388 1204 est,
2423 1139 2619 1194 videre
2653 1141 2936 1195 Lazarum
2964 1139 3022 1195 in
3060 1140 3236 1196 tantis
3266 1139 3455 1196 bonis.

2011 1228 2170 1284 Vers.
2228 1228 2314 1282 25.
2345 1228 2512 1285 Dixit
2540 1258 2610 1270 —
2639 1228 2952 1285 cruciaris.
2986 1229 3418 1286 Inhumanitem
3467 1227 3602 1286 huic

1941 1333 2061 1373 non
2090 1318 2474 1390 improperat,
2501 1318 2605 1374 sed
2626 1324 2935 1374 mansuete
2953 1319 3598 1392 respondet.Scriptum

1940 1413 2025 1462 est
2037 1409 2202 1463 enim:
2215 1410 2252 1462 Α
2267 1409 2477 1464 nimam
2492 1408 2858 1464 humilz’atam
2870 1423 2942 1465 ne
2953 1408 3427 1464 turbaveris".Et
3441 1408 3601 1465 hunc

1939 1496 2212 1552 nominat
2240 1496 2448 1560 ﬁlium,
2483 1501 2684 1570 utpote
2719 1497 3080 1570 patriarcha,
3123 1514 3226 1553 seu
3258 1498 3602 1570 progenitor

1940 1585 2151 1656 ipsius,
2183 1589 2241 1640 et
2281 1591 2552 1658 tauquam
2581 1601 2781 1642 senex.
2825 1590 2949 1642 Non
2981 1587 3126 1642 dixit
3151 1592 3348 1642 autem
3387 1603 3399 1643 :
3428 1592 3602 1644 Acce-

1939 1675 2075 1746 pisti
2110 1675 2268 1730 bona
2300 1680 2417 1738 tua,
2449 1675 2551 1731 sed
2586 1675 2908 1746 Recepisti.
2942 1678 3086 1732 Nam
3123 1675 3384 1747 recipere
3419 1675 3498 1732 ob
3526 1691 3599 1731 ea

1941 1765 2191 1835 ponitur,
2224 1780 2359 1835 quae
2386 1765 2679 1820 debentur
2701 1782 2714 1821 :
2739 1766 2944 1820 ethinc
2966 1767 3215 1821 omnino
3231 1765 3599 1836 signiﬁcatur

221 1865 320 1910 τῶν
361 1863 798 1933 χρεωστουμένων
856 1862 1120 1923 τάττεται,
1175 1863 1264 1910 καὶ
1320 1853 1573 1915 δηλοῦται
1628 1859 1824 1917 πάντως

1946 1852 2096 1923 quod
2139 1857 2195 1906 et
2237 1853 2397 1908 dives
2449 1868 2803 1926 quanquam
2831 1859 3104 1924 peccator
3151 1861 3294 1921 erat,
3329 1853 3596 1926 aliquam

225 1946 472 2016 ἐντεῦθεν,
523 1950 603 2000 ὅτι
648 1954 738 2000 καὶ
784 1950 808 2000 6
848 1948 1117 2014 πλούσιος,
1163 1947 1205 1999 εἰ
1247 1951 1336 1998 καὶ
1386 1946 1689 2018 ἁμαρτωλὸς
1743 1943 1824 2010 ἦν,

222 2038 358 2108 ὅμως
396 2035 508 2108 εἶχέ
555 2057 672 2089 τινα
723 2036 930 2111 ἀρετὴν,
963 2039 1089 2109 ύπερ
1140 2037 1202 2098 ἧς
1246 2034 1467 2088 ἀπέλαϐε
1507 2035 1608 2095 ζῶν
1646 2038 1722 2087 ἔτι
1763 2037 1828 2086 τὰ

224 2125 528 2197 ὀφειλόμενα
575 2125 766 2196 ἀγαθάο
809 2131 898 2177 καὶ
952 2127 978 2177 6
1021 2126 1285 2197 Λάζαρος,
1312 2125 1354 2176 εἰ
1387 2129 1476 2176 καὶ
1507 2121 1714 2185 δίκαιος
1743 2121 1823 2190 ἧν,

225 2214 360 2284 ὅμως
419 2211 530 2285 εῖχέ
599 2233 715 2266 τινα
772 2219 979 2279 κακίαν,
1051 2211 1108 2266 δέ
1154 2215 1215 2273 ἣν
1258 2219 1348 2266 καί
1397 2213 1552 2274 αὐτὸς
1608 2211 1828 2265 ἀπέλαϐε

228 2303 344 2362 ζεόν
379 2305 454 2354 ἔτι
485 2305 550 2354 τὰ
581 2302 879 2376 ὀφειλόμενα
907 2304 1062 2356 κακά.
1095 2310 1204 2355 Τῶν
1227 2301 1507 2377 ἀνθρώπων
1524 2304 1624 2376 γάρ
1653 2298 1828 2363 ούδεὶς

225 2393 446 2463 ἄμοιρος
505 2390 706 2466 ἀρετῆς,
757 2389 874 2444 οὐδ’
931 2394 956 2444 6
1021 2394 1154 2444 πάνυ
1207 2395 1448 2465 πονηρός·
1505 2396 1596 2443 καὶ
1652 2387 1826 2452 οὐδεὶς

225 2482 444 2553 ἄμοιρος
485 2486 692 2552 κακίας,
746 2479 861 2534 οὐδ’
893 2483 918 2533 6
948 2484 1082 2534 πάνυ
1122 2480 1332 2552 ἀγαθός.
1368 2484 1453 2534 Διό
1474 2485 1564 2532 καὶ
1593 2479 1826 2539 τελευτή-

224 2589 405 2631 σαντες
452 2569 701 2640 ἀπῆλθον,
737 2572 763 2622 ὁ
807 2569 896 2643 μέν
923 2572 1147 2644 ἄκρατον
1175 2574 1310 2641 ἔχων
1329 2575 1422 2629 τὴν
1451 2575 1658 2622 κακίαν·
1700 2569 1725 2621 ὀ
1766 2566 1824 2622 δε

218 2659 444 2730 ἄκρατον
475 2663 784 2732 κεκτημένος
812 2665 907 2718 τὴν
947 2659 1145 2736 ἀρετήν.

289 2754 389 2800 Καὶ
431 2747 514 2800 ἐπὶ
558 2781 619 2788 -
652 2745 966 2824 διαπερῶσι.
1004 2753 1200 2822 Χάσμα
1250 2753 1384 2821 μέγα
1420 2749 1574 2821 λέγει,
1609 2751 1666 2802 τὸ
1715 2747 1824 2802 ἀνε-

217 2842 532 2908 πιχεὶρητον
578 2843 900 2911 πρόσταγμα
937 2847 1029 2892 τοῦ
1073 2845 1219 2893 Θεοῦ’
1249 2843 1319 2902 ὡς
1358 2838 1510 2898 δίκην
1539 2840 1822 2912 χάσματος

214 2926 423 2977 κωλύων
450 2932 543 2985 τὴν
584 2927 844 3000 ἐπιμιξίαν
871 2931 1064 2981 τούτων
1089 2927 1355 2982 κάκείνων.

289 3101 411 3156 Eia-5
441 3136 507 3144 —
535 3108 716 3180 πάτερ.
744 3106 1041 3181 Παρακαλῶ
1073 3127 1153 3162 σε.

288 3277 391 3329 Ὶνα
449 3309 514 3318 —
575 3275 833 3348 βασάνου.
899 3277 1208 3347 Ἀποτυχών
1283 3283 1378 3338 τῆς
1443 3279 1568 3350 ὑπερ
1638 3277 1822 3331 ἑαυτοῦ

221 3363 472 3429 δεήσεως,
523 3367 650 3438 ύπερ
696 3374 793 3417 τῶν
843 3361 1075 3438 ἀδελφῶν
1129 3361 1384 3433 δυσωπεῖ,
1423 3365 1694 3438 ἐμφαίνων,
1743 3369 1823 3420 ὅτι

218 3459 394 3528 ῶσπερ
438 3456 593 3516 αὐτὸς
623 3460 722 3530 πρό
754 3463 845 3506 τοῦ
885 3454 1178 3524 ἀποθανεῖν,
1212 3456 1345 3506 οὓτω
1375 3459 1461 3506 καὶ
1491 3456 1638 3508 αὐτοὶ
1668 3456 1822 3531 λῆρον

216 3548 471 3617 ἡγοῦνταί
500 3549 593 3607 τὰς
624 3545 672 3596 ἐν
703 3552 819 3606 ταῖς
851 3551 1082 3619 Γραφαῖς
1107 3543 1315 3606 ἀπειλὰς
1343 3554 1440 3597 τῶν
1478 3554 1567 3599 τοῦ
1610 3546 1821 3619 μέλλον-

213 3654 295 3694 τος
327 3635 509 3697 αἰῶνος
550 3633 829 3701 κολάσεων,
863 3639 952 3686 καὶ
979 3631 1073 3686 διὰ
1093 3642 1264 3699 τοῦτο,
1297 3639 1458 3707 μόνην
1482 3639 1574 3695 τὴν
1601 3633 1821 3708 φιληδο-

211 3730 322 3775 νίαν
350 3721 519 3795 μεταδ
525 3730 681 3775 ιωκου
690 3742 763 3776 σι.

280 3818 434 3884 Λέγει
474 3845 539 3853 -
572 3817 857 3886 προφήτας.
890 3815 991 3873 Τάς
1021 3819 1309 3875 Μωσαῐκας
1341 3811 1556 3886 βίϐλους
1593 3817 1683 3865 καὶ
1729 3815 1820 3874 τὰς

207 3905 555 3975 προφητικάς.
591 3902 667 3953 Ou’
704 3904 808 3975 γὰρ
835 3903 970 3954 οὕτω
1003 3906 1068 3954 σὺ
1097 3898 1239 3975 κήδη
1284 3911 1384 3956 τῶν
1414 3899 1667 3975 ἀδελφῶν,
1700 3905 1763 3963 ὡς
1791 3904 1817 3954 6

206 3997 434 4054 ποιήσας
469 3991 652 4052 αύτούς
684 3994 830 4057 Θεὸς,
875 3990 929 4051 ὃς
959 3995 1046 4043 καὶ
1085 3996 1306 4066 μυρίους
1336 3989 1617 4050 ἐπέστησεν
1645 3991 1818 4052 αὐτοῖς

211 4077 590 4142 διδασκάλους.

276 4171 289 4195 ’
302 4172 690 4222 Ακουσάτωσαν
836 4168 1004 4220 αὐτῶν
1027 4209 1041 4225 .
1176 4169 1575 4242 ’Υποτεθεμένων
1701 4169 1816 4242 βίον

214 4255 465 4330 ἐνάρετον.

284 4345 344 4396 '0
378 4343 437 4397 δὲ
473 4377 538 4385 --
565 4344 822 4418 Ἀϐραάμ.
857 4345 969 4398 Ούκ
997 4347 1278 4398 ἀκούουσιν
1310 4345 1495 4399 αύτῶν.

291 4433 426 4486 Ἀλλ’
489 4465 550 4473 -
613 4439 1015 4506 μετανοήσουσι.
1088 4442 1211 4496 Ταῖς
1268 4434 1472 4508 βίϐλοις
1545 4437 1634 4505 μεν
1701 4433 1818 4486 ἀπι-

225 4529 460 4586 στοῠσιν,
519 4525 584 4582 ὡς
625 4526 766 4597 παρὰ
824 4525 1028 4584 ζώντων
1089 4529 1419 4596 γραφείσαις,
1479 4529 1636 4595 μήπω
1700 4525 1816 4576 θεα-

225 4616 456 4683 σαμένων
507 4614 572 4663 τά
623 4620 713 4664 τοῦ
765 4613 1032 4685 μέλλοντος
1081 4613 1278 4673 αἰῶνος·
1323 4613 1408 4664 ἐάν
1461 4631 1542 4673 τις
1605 4608 1664 4664 δὲ
1715 4611 1816 4665 ἀπὸ

216 4709 406 4773 νεκρῶν
432 4703 656 4774 πορευθῇ
694 4705 823 4775 πρὸς
854 4702 1056 4771 αύτούς,
1091 4705 1487 4768 πιστεύσουσιν,
1539 4703 1607 4763 ὡς
1650 4697 1816 4754 ἰδόντι

215 4791 404 4844 πάντα.

285 4880 412 4932 Εἶπε
471 4910 535 4920 —
592 4881 994 4938 πεισθήσονται.
1073 4884 1173 4932 Καὶ
1247 4881 1296 4931 οἱ
1368 4876 1621 4932 Ἰουδαῖοι
1689 4883 1810 4953 γὰρ,

213 4965 393 5026 ἂπειδη
471 4973 730 5029 Μωύσέως
787 4974 878 5021 καὶ
941 4977 1040 5020 τῶν
1114 4977 1389 5043 προφητῶν
1455 4969 1548 5020 οὐκ
1604 4973 1812 5035 ἤκουον,

214 5053 341 5109 οὐδε
413 5065 524 5119 τοῖς
592 5056 648 5109 ἐκ
706 5066 895 5132 νεκρῶν
955 5056 1243 5109 ἀναστάσιν
1299 5056 1634 5123 ἔπείσθησαν,
1691 5057 1816 5110 ἀλλὰ

212 5149 304 5198 καὶ
351 5148 438 5197 τὸν
505 5143 726 5219 ἀδελφὸν
778 5147 998 5220 Μάρθας
1041 5151 1130 5199 καὶ
1175 5149 1384 5220 Μαρίας
1443 5146 1706 5221 Λάζαρον,
1761 5144 1816 5197 ἐκ

287 5323 335 5358 ²⁰
367 5321 538 5379 Eecli.
574 5340 646 5391 ιν,
701 5324 754 5380 3.

1938 1946 2139 1996 tamen
2171 1940 2436 1996 habebat
2456 1941 2748 2003 virtutem,
2778 1958 2882 2012 pro
2909 1958 3032 2014 qua
3062 1942 3224 1998 bona
3269 1943 3467 1998 debita
3496 1941 3598 1997 ad-

1936 2029 2054 2085 huc
2073 2031 2282 2084 vivens
2307 2036 2636 2102 receperat;
2663 2036 2719 2086 et
2733 2031 3003 2098 Lazarus,
3027 2048 3375 2105 quanquam
3393 2033 3597 2104 justus

1938 2124 2079 2182 erat,
2112 2119 2350 2191 aliquod
2394 2125 2582 2174 tamen
2616 2119 2820 2175 vitium
2851 2119 3136 2184 habebat,
3166 2126 3408 2193 propter
3436 2120 3595 2192 quod

1938 2208 2137 2264 adhuc
2151 2209 2356 2264 vivens
2369 2208 2568 2265 debita
2582 2208 3377 2282 malareceperat.Siquidem
3394 2210 3594 2265 nullus

1935 2297 2251 2353 hominum
2281 2313 2493 2370 expers
2533 2303 2620 2354 est
2650 2298 2895 2364 virtutis,
2931 2304 3035 2355 aut
3070 2300 3319 2356 omnino
3351 2299 3547 2355 malus
3579 2316 3591 2356 :

1936 2388 2256 2458 nullusque
2283 2402 2495 2456 expers
2516 2393 2602 2442 est
2625 2387 2759 2451 vitii,
2785 2393 2888 2444 aut
2905 2389 3153 2444 omnino
3177 2388 3410 2454 bonus;
3438 2388 3598 2444 ideo-

1935 2492 2051 2550 que
2077 2477 2206 2547 jam
2251 2477 2570 2532 morientes
2616 2475 3037 2542 discesserunt,
3079 2477 3176 2533 ille
3204 2477 3443 2552 quidem
3476 2492 3597 2533 me-

1933 2582 2066 2622 ram
2110 2565 2343 2622 habens
2374 2565 2674 2634 malitiam,
2706 2565 2802 2622 hic
2846 2571 3045 2623 autem
3099 2583 3313 2640 puram
3369 2567 3596 2623 habens

1933 2656 2229 2712 virtutem.

2003 2746 2163 2799 Vers.
2192 2748 2280 2799 26.
2310 2744 2386 2799 Et
2410 2758 2589 2813 super
2620 2774 2682 2786 -
2712 2744 3149 2802 transcendere.
3192 2743 3429 2801 Hiatum
3463 2760 3595 2800 ma-

1933 2848 2121 2905 gnum
2133 2832 2688 2899 dicit,ﬁrmissimum
2709 2832 2806 2889 Dei
2823 2839 3502 2907 praeceptumJanquam
3516 2833 3595 2891 ad

1931 2921 2183 2979 modum
2207 2923 2406 2979 hiatus
2431 2923 2752 2996 prohibens
2769 2923 2990 2980 horum
3016 2923 3318 2980 etillorum
3343 2923 3594 2981 commi-

1933 3013 2210 3068 stionem.

2008 3104 2162 3157 Vers.
2202 3102 2290 3156 27.
2319 3102 2420 3158 Ait
2446 3131 2518 3144 —
2541 3108 2731 3172 pater.
2769 3102 2962 3158 Etiam
2991 3103 3088 3159 hic
3119 3103 3361 3176 ponitur
3405 3103 3593 3177 ἐρωτῶ,

1860 3209 1903 3264 ο
1938 3206 2047 3264 pro
2077 3190 2355 3248 Obsecro.

2007 3281 2168 3334 Vers.
2202 3283 2290 3334 27.
2328 3278 2487 3336 Ut—
2521 3281 2678 3335 Vers.
2701 3283 2791 3336 28.
2814 3280 3148 3336 Cruciatus.
3179 3311 3244 3322 —
3271 3281 3593 3353 Repulsam

1932 3383 2152 3442 passus
2181 3368 2240 3422 in
2263 3383 2352 3434 eo,
2372 3367 2534 3440 quod
2552 3383 2659 3440 pro
2683 3384 2744 3423 se
2764 3368 2999 3433 orabat,
3017 3385 3125 3439 pro
3147 3369 3429 3424 fratribus
3459 3387 3596 3440 sup-

1934 3457 2132 3530 plicat,
2161 3457 2468 3513 insinuans
2503 3457 2659 3529 quod
2691 3457 2841 3512 sicut
2871 3457 2997 3529 ipse
3043 3462 3178 3513 ante
3210 3462 3486 3522 mortem,
3513 3458 3594 3513 ita

1931 3551 1985 3603 et
2015 3546 2091 3602 illi
2124 3562 2231 3619 pro
2261 3545 2483 3603 fabulis
2513 3545 2743 3602 ducunt
2773 3545 2989 3613 minas,
3022 3563 3156 3620 quae
3187 3546 3245 3602 in
3281 3546 3594 3619 Scripturis

1930 3635 2228 3691 habentur
2242 3634 2317 3690 de
2332 3634 2508 3690 futuri
2526 3635 2726 3691 saeculi
2741 3634 3068 3708 suppliciis,
3090 3639 3149 3690 et
3170 3641 3486 3708 propterea
3503 3650 3594 3691 so~

1928 3725 2048 3781 lam
2077 3725 2501 3796 voluptuosam
2533 3725 2718 3780 vitam
2751 3723 3169 3798 insequuntur.

1999 3814 2164 3871 Vers.
2202 3817 2295 3872 29.
2329 3813 2480 3869 Dicit
2512 3844 2584 3854 —
2616 3814 2954 3884 prophetas.
3002 3814 3288 3871 Mosaicos
3319 3811 3498 3870 libros
3524 3828 3595 3870 ac

1928 3903 2274 3976 prophetiae
2308 3919 2320 3958 :
2350 3917 2548 3976 neque
2577 3903 2739 3959 enim
2763 3905 2846 3960 ita
2874 3902 2979 3959 tibi
3008 3919 3168 3959 cura:
3196 3908 3335 3959 sunt
3359 3903 3591 3970 fratres,

1926 3999 1990 4048 ut
2023 3995 2158 4058 Deo,
2182 3992 2284 4065 qui
2310 3991 2440 4048 fecit
2461 3992 2610 4059 illos,
2636 3997 2692 4048 et
2715 3997 3023 4048 sexcentos
3040 3993 3124 4049 eis
3155 3991 3428 4048 adhibuit
3450 4008 3593 4066 pras-

1926 4087 2276 4225 οθῧέῗὲθ.
2317 4169 2587 4224 Audiam
2612 4169 2771 4225 illos.
2800 4199 2869 4210 —
2899 4170 3045 4224 Cum
3084 4168 3271 4225 vitam
3303 4169 3593 4225 suadeant

1928 4256 2123 4311 virtuti
2147 4255 2546 4312 conformem.

1998 4344 2157 4399 Vers.
2193 4347 2280 4399 30.
2316 4344 2388 4399 At
2419 4345 2519 4399 ille
2555 4374 2623 4384 —
2649 4343 2975 4400 Abraham.
3005 4346 3131 4400 Non
3161 4342 3414 4400 audiunt
3433 4343 3588 4400 illos.

1999 4434 2159 4487 Vers.
2197 4432 2286 4488 30.
2321 4432 2433 4489 Sed
2477 4463 2530 4473 —
2565 4432 2932 4500 resipiscent.
2971 4431 3156 4486 Libris
3186 4431 3430 4503 quidem
3469 4449 3590 4490 non

1928 4521 2153 4579 habent
2183 4521 2385 4587 tidem,
2421 4526 2616 4592 utpote
2648 4520 2884 4593 scriptis
2917 4519 2996 4576 ab
3027 4519 3123 4578 his
3154 4521 3257 4594 qui
3285 4521 3586 4588 vivebant,

1927 4616 1983 4667 et
2007 4610 2260 4666 necdum
2275 4626 2346 4666 ea
2361 4608 3076 4683 viderant,quaainfuturo
3095 4617 3233 4665 sunt
3254 4610 3469 4666 smculo
3498 4627 3510 4666 :
3541 4612 3588 4669 si

1926 4699 2055 4772 quis
2084 4706 2280 4754 autem
2325 4713 2395 4754 ex
2430 4698 2678 4754 mortuis
2718 4698 2846 4754 ierit
2875 4697 2950 4754 ad
2984 4696 3134 4762 illos,
3167 4697 3429 4765 credent,
3465 4705 3590 4758 tan-

1925 4805 2109 4862 quam
2139 4788 2211 4852 ei,
2245 4787 2347 4861 qui
2374 4787 2585 4844 viderit
2612 4789 2907 4844 universa.

1997 4877 2159 4932 Vers.
2210 4880 2295 4933 3t.
2330 4878 2434 4932 Ait
2471 4906 2524 4918 -
2554 4877 2815 4932 credent.
2849 4875 3158 4949 Siquidem
3190 4876 3399 4944 Judmi,
3454 4879 3592 4951 quia

1925 4969 2140 5024 Mosem
2168 4970 2224 5020 et
2247 4965 2567 5038 prophetas
2591 4980 2714 5022 non
2741 4964 3086 5035 audiebant,
3111 4982 3306 5039 neque
3329 4967 3400 5022 iis
3430 4967 3592 5040 quia

1925 5053 2166 5111 mortuis
2186 5059 2648 5120 resurrexerant,
2677 5053 3194 5128 credebantzquin
3208 5059 3267 5110 et
3287 5057 3588 5112 Lazarum.

1926 5143 2164 5202 Marthae
2193 5148 2251 5200 et
2275 5141 2468 5200 Maria
2487 5143 2742 5211 fratrem,
2773 5141 2926 5217 quia
2954 5143 3205 5200 mortuis
3231 5148 3588 5214 surrexerat,

1447 5446 1674 5516 Variae
1703 5447 2032 5516 lectiones
2063 5455 2129 5515 et
2156 5455 2358 5515 notas.

295 5641 471 5715 (991’A
480 5645 834 5715 ποκρύπτεται
865 5650 920 5698 Β.

212 5797 353 5838 sum

1930 5646 2108 5700 modo
2125 5643 2352 5700 laudat.
2378 5643 2520 5700 Vide
2551 5643 2873 5700 editionem
2895 5648 3144 5700 nostram
3169 5645 3588 5717 Mosquensem

295 5712 454 5790 (1)
497 5713 533 5767 Ι.
566 5711 777 5783 legitur
805 5711 1030 5788 καρδίαν
1058 5719 1514 5790 παρωργισμένην.
1545 5719 1716 5790 Hune
1739 5716 1824 5788 ip-

1946 5732 2069 5788 ρος.
2108 5720 2199 5771 20.

411 5783 610 5841 locum
664 5783 928 5844 tractans
956 5783 1218 5845 Joannes
1243 5783 1566 5862 Xiphilinus
1610 5783 1822 5845 eodem
1935 5783 1938 5830 Ϊ
