4210 6396
605 352 744 412 1043
1981 346 2327 407 EUTHYMII
2366 345 2697 405 ZlGABENI
3851 344 3997 404 to“

602 479 744 536 etde
790 475 994 543 rebus,
1013 493 1150 552 quae
1171 475 1408 538 inferno
1428 482 1616 542 erant,
1639 474 2022 552 loquebatur,
2058 474 2260 548 potius
2290 472 2339 528 Δ

2404 483 2562 548 εκρῶν
2595 473 2892 527 ἀναστάντα
2918 478 3005 527 καὶ
3033 476 3150 550 περὶ
3171 482 3272 528 τῶν
3296 471 3344 528 έν
3375 481 3446 546 τῷ
3468 469 3574 548 ᾅδῃ
3594 471 3828 547 λέγοντα,
3851 473 3999 548 μᾶλ-

601 568 864 625 occidere
893 567 1191 624 volebant.

2407 582 2458 614 ον
2479 563 2664 617 ἀνελεῖν
2694 563 2980 618 έϐουλοντο.

677 659 829 714 CAP.
865 659 1040 713 XVII.
1079 658 1241 713 Vers.
1279 661 1336 713 l.»
1359 659 1461 714 Ait
1491 689 1554 700 —
1580 658 1838 716 veniunt.
1874 659 1993 712 Hoc
2025 660 2134 720 est,
2165 669 2260 708 ne-

2448 651 2572 706 Εἷπε
2627 683 2697 695 -
2776 655 3008 725 ἔρχεται.
3086 649 3435 709 Ἀνένδεκτόν
3476 652 3639 722 ἔστιν,
3709 656 3847 706 ὥστε
3913 659 3990 727 μὴ

604 762 769 803 cesse
800 752 906 815 est,
938 753 1000 802 ut
1032 747 1294 802 veniant.
1323 748 1471 803 Dixit
1499 750 1655 804 enim
1686 746 1987 802 tricesimo
2014 743 2260 816 septimo

2402 741 2556 808 λθεῖν,
2625 747 2805 814 ἤγουν,
2870 745 3151 814 ἀναγκαῖόν
3223 742 3362 795 ἔστιν
3425 742 3605 796 έλθείν.
3673 742 3806 815 Ἐφη
3876 747 3990 814 γὰρ

606 839 786 891 etiam
812 836 984 906 juxta
1011 836 1348 892 Matthmum
1363 838 1558 907 capite
1584 853 1597 891 :
1626 835 1957 892 Vtemundo
1984 835 2060 890 ab
2084 834 2254 902 offen-

2402 836 2466 883 Lai
2528 831 2576 884 έν
2619 842 2690 903 τῷ
2743 841 3038 907 τριακοστῷ
3097 828 3302 904 ἑϐδόμῳ
3358 832 3616 905 κεφαλαίῳ
3685 841 3775 884 τοῦ
3848 838 3990 886 κατὰ

605 925 1070 982 diculismecesse
1081 933 1162 981 est
1176 927 1317 982 enim
1328 933 1407 989 ,ut
1425 929 1647 982 veniant
1661 925 2017 994 offendicula
2028 938 2262 988 ,verum-

2402 923 2665 974 ᾶατθαῖοψ
2731 923 2812 974 ὅτι
2884 921 3019 974 Οὐαί
3061 929 3133 990 τῷ
3183 927 3363 993 κόσμῳ
3417 920 3519 974 ἀπὸ
3572 930 3670 973 τῶν
3742 921 3988 975 σκανδάο

608 1020 808 1070 tamen
857 1030 940 1070 vae
971 1015 1195 1070 homini
1227 1017 1335 1079 itii,
1370 1030 1481 1085 per
1517 1030 1686 1087 quem
1743 1015 1898 1070 venit
1938 1012 2262 1082 o/fendicu-

2402 1030 2499 1066 ων,
2586 1011 2811 1082 Ἀνάγκη
2895 1012 2994 1082 γάρ
3071 1008 3210 1062 ἔστιν
3294 1009 3454 1062 έλθεῖν
3541 1015 3604 1063 τὰ
3683 1009 3983 1065 σκάνδαλασ

612 1104 783 1158 ιιιηι²¹
806 1121 823 1174 ;
843 1110 899 1159 et
921 1103 983 1158 in
1009 1119 1078 1160 eo
1103 1103 1231 1174 lege
1255 1103 1824 1176 interpretationem,
1850 1117 1988 1174 qum
2014 1100 2262 1173 pulchre

2402 1098 2510 1157 ιλήν
2567 1099 2685 1151 οὐαὶ
2728 1108 2800 1170 τῷ
2847 1097 3098 1173 ἀνθρώπῳ
3143 1097 3334 1170 ἐκείνῳ,
3369 1095 3442 1152 δι’
3483 1100 3542 1152 οὗ
3587 1105 3644 1153 τό
3687 1099 3986 1155 σκάνδαλον

610 1193 808 1267 posita
836 1197 948 1252 est,
2381 1190 2614 1261 ἔρχεται.
2666 1194 2761 1242 Καὶ
2813 1190 3074 1260 ἀνάγνωθι
3115 1186 3163 1241 έν
3207 1187 3380 1262 ἐκείνῳ
3435 1194 3530 1248 τὴν
3583 1187 3879 1266 ἑρμηνείαν,
3935 1191 3987 1246 εὖ

2382 1279 2633 1349 ἕχουσαν.

684 1373 846 1428 Vers.
871 1375 922 1426 2.
945 1371 1200 1444 Expedit
1219 1401 1286 1413 —
1300 1372 1452 1428 istis.
1478 1369 1558 1427 lbi
1579 1370 1759 1427 etiam
1781 1369 1910 1425 haec
1924 1367 2106 1442 paulo
2127 1371 2265 1425 ante

2454 1366 2727 1420 Λυσιτελεῖ
2756 1399 2823 1408 -
2849 1370 3061 1422 τούτων.
3096 1367 3228 1420 Ἐνεῖ
3253 1372 3342 1420 καὶ
3371 1374 3538 1420 ταῦτα
3567 1371 3768 1442 εἴρηται
3798 1376 3990 1447 μικρὸν

610 1462 771 1519 dicta
801 1467 940 1517 sunt
970 1466 1027 1518 et
1057 1467 1256 1532 aperte
1285 1460 1602 1517 declarata.

2402 1455 2636 1531 ἱνωτέρω,
2666 1462 2755 1508 καῖ
2779 1465 2954 1528 σαφῶς
2983 1453 3017 1509 δ
3023 1463 3382 1531 ιηρμήνευται.

685 1552 849 1608 Vers.
879 1555 933 1608 3.
963 1551 1178 1608 Cavete
1195 1551 1353 1607 vobis
1383 1551 1542 1619 ipsis.
1576 1551 1809 1614 Cavete,
1841 1563 1914 1603 ne
1937 1563 2060 1619 quo
2084 1546 2268 1604 modo

2456 1551 2750 1620 Προσέχετε
2771 1546 2994 1606 έαυτοῖς,
3029 1551 3339 1620 Προσέχετε,
3363 1552 3564 1618 μήποτε
3592 1544 3987 1610 σκανδαλίσητέ

613 1642 897 1714 cuiquam
929 1641 1055 1696 sitis
1077 1639 1462 1708 oﬁ'endiculo,
1494 1644 1596 1696 aut
1617 1655 1654 1695 a
1684 1653 1992 1711 quoquam
2019 1636 2264 1694 offendi-

2402 1655 2544 1705 τινας,
2568 1638 2596 1696 ἡ
2623 1632 2983 1695 σκανδαλισθῇ
2995 1655 3047 1690 τε
3077 1637 3177 1688 ὑπό
3203 1656 3373 1692 τινων.

612 1731 815 1788 culum
858 1729 1196 1802 patiamini.

682 1820 844 1876 Vers.
887 1821 939 1875 3.
987 1819 1152 1888 Quod
1187 1817 1241 1875 si
1276 1849 1346 1862 —
1387 1817 1582 1875 illum.
1630 1818 1910 1874 Fraterno
1963 1815 2131 1874 illum
2183 1819 2272 1875 in-
2301 1845 2347 1903 Β

2457 1815 2571 1870 Ἐὰν
2615 1813 2674 1870 δι
2732 1847 2797 1858 -—
2847 1816 3008 1888 αὐτῷ.
3070 1816 3381 1880 Ἐπίπληξον
3447 1812 3742 1891 ἁδελφικῶς
3792 1840 3840 1874 τε
3882 1841 3970 1873 και

613 1925 812 1980 crepa,
841 1913 898 1966 et
921 1925 1083 1965 more
1113 1909 1263 1979 ejus,
1289 1908 1394 1980 qui
1424 1907 1684 1978 corrigit.
2307 1902 2328 1903 ”

2402 1902 2754 1979 Ιλιορθωτικῶς.

687 1999 849 2054 Vers.
879 2003 931 2055 3.
955 1999 1030 2054 Et
1088 1998 1163 2053 sit
1193 2029 1261 2038 —
1290 1999 1405 2054 itii.
1440 1996 1793 2056 Pmnitentia
1821 1999 1982 2057 enim
2033 2013 2269 2072 prome-

2455 2001 2556 2049 Καὶ
2615 1994 2700 2049 ἐὰν
2766 2027 2830 2037 -
2881 1996 3040 2068 αὐτῷ.
3093 1995 3151 2050 Ἠ
3205 1999 3452 2070 μετάνοια
3513 2000 3617 2071 γὰρ
3675 1998 3799 2064 ἀξία
3857 2020 3985 2073 συγ.

617 2093 798 2152 retur,
832 2092 889 2144 ut
913 2087 1147 2143 veniam
1174 2087 1469 2160 impetret.

2402 2090 2618 2157 γνώμης,

693 2177 855 2233 Vers.
885 2180 938 2232 4.
990 2177 1065 2232 Et
1093 2176 1145 2232 si
1168 2207 1220 2218 -
1260 2178 1520 2232 remittes
1549 2176 1655 2232 illi.
1688 2178 1930 2250 Oportet
1959 2178 2120 2235 enim
2138 2193 2270 2242 nos,

2458 2181 2556 2228 Καὶ
2631 2174 2714 2227 ίαν
2771 2206 2834 2216 —
2887 2173 3109 2248 ἀφήσεις
3173 2175 3334 2246 αὐτῷ.
3408 2184 3492 2230 Δεῖ
3559 2181 3660 2252 γὰρ
3720 2181 3877 2252 ἡμᾶς,
3939 2183 3988 2233 ἓν

622 2267 719 2338 qui
750 2265 964 2322 inﬁrmi
998 2283 1210 2322 sumus
1250 2272 1306 2322 et
1333 2266 1750 2322 affectionibus
1785 2268 2106 2332 vincimur,
2138 2283 2275 2323 con-

2402 2263 2672 2325 ἱσθενείαις
2734 2268 2882 2326 ὄντας
2954 2270 3043 2316 καὶ
3105 2267 3432 2337 ἡττωμένους
3502 2270 3696 2338 παθῶν,
3765 2269 3991 2341 έπικάμο

623 2357 818 2412 dolere
871 2357 966 2413 his
1007 2355 1105 2427 qui
1151 2355 1418 2411 similiter
1476 2355 1668 2412 affecti
1720 2363 1878 2413 sunt.
1926 2359 2029 2413 llic
2072 2362 2274 2414 autem

2402 2355 2608 2406 ττεσθαι
2663 2361 2773 2415 τοῖς
2844 2355 3036 2425 ὁμοίως
3114 2356 3412 2425 πάσχουσι.
3482 2361 3551 2408 Τὸ
3609 2354 3666 2410 δι
3738 2357 3992 2419 Ἐπτάκις

620 2446 862 2517 Septies,
891 2445 1049 2500 idem
1079 2445 1374 2514 signiﬁcat
1393 2444 1551 2515 quod
1589 2445 1949 2517 Frequenter
1972 2447 2113 2512 ;hoc
2145 2451 2232 2501 est
2259 2461 2271 2499 :

2402 2443 2623 2500 summa,
2691 2445 2747 2494 τό
2817 2442 3068 2504 Πολλάκις
3148 2440 3320 2508 δηλοῖ,
3411 2451 3688 2510 τουτέστιν,
3760 2445 3989 2509 Ὁσάκις

622 2535 862 2600 Quoties
879 2535 939 2590 in
955 2534 1051 2590 die
1074 2539 1208 2606 post
1225 2539 1537 2604 peccatum
1561 2535 1892 2604 pmnituerit
1914 2551 2073 2595 eum.
2105 2533 2276 2590 toties

2402 2538 2475 2591 τῆς
2566 2532 2761 2602 ἡμέρας
2848 2532 3155 2606 ἁμαρτήσας
3249 2536 3558 2605 μετανοήσῃ,
3661 2537 3978 2594 τοσαυτάκις

624 2624 850 2679 remitte
877 2624 956 2678 illi
992 2628 1082 2686 ;et
1115 2623 1194 2678 ita
1239 2622 1398 2677 idem
1440 2621 1496 2675 in
1527 2621 1682 2688 licet,
1732 2623 1897 2695 quod
1943 2623 2276 2694 Septuagies

2402 2621 2507 2691 ἰφες
2566 2619 2724 2689 αὐτῷ.
2777 2626 2875 2673 Καὶ
2925 2622 3060 2672 οὕτω
3119 2619 3336 2694 συνᾴδει
3388 2627 3439 2673 τό
3502 2617 3984 2693 Ἐϐδομηκοντόὶκις

625 2715 860 2782 septies.
889 2712 1064 2767 Aliter
1085 2711 1262 2766 etiam
1288 2730 1299 2769 :
1321 2710 1535 2781 Septies
1552 2710 1792 2782 quidem
1811 2713 1886 2768 de
1908 2728 2276 2786 unoquoque

2402 2708 2535 2760 ἑπτά.
2619 2708 2814 2769 Ἀλλως
2883 2728 2953 2770 τε,
3028 2713 3086 2762 τὸ
3158 2715 3246 2782 μὲν
3315 2711 3545 2773 ἑπτάκις,
3603 2709 3673 2783 ἕν’
3723 2709 3990 2772 Ἐκάστης

626 2801 722 2857 die
752 2801 976 2856 dictum
1009 2805 1116 2866 est,
1139 2799 1471 2871 Septuagies
1495 2799 1705 2870 septies
1732 2805 1955 2868 autem,
1987 2801 2062 2857 de
2088 2803 2277 2858 omni-

2402 2800 2585 2870 ῇμρας
2641 2801 2868 2874 εἴρηται·
2921 2803 2979 2852 τό
3029 2796 3087 2852 δε
3144 2797 3615 2873 Ἐϐδομηκοντάκις
3662 2799 3812 2867 ἑπτα,
3856 2803 3992 2872 πρὸς

623 2890 739 2946 bus
779 2889 978 2946 simul.

2402 2889 2534 2938 τάσα
2544 2907 2583 2948 ς.

700 2980 859 3033 Vers.
890 2983 942 3032 5.
970 2978 1046 3033 Et
1075 3008 1144 3018 —
1168 2977 1361 3046 ﬁdem.
1390 2984 1634 3048 Appone
1665 2978 1736 3049 ei,
1767 2995 1952 3051 quam
1981 2979 2278 3038 habemus

2463 2981 2564 3029 Καὶ
2615 3007 2681 3016 -
2734 2981 2937 3034 πίστιν.
2989 2979 3238 3050 Πρόσθες,
3298 2979 3328 3036 ἧ
3378 2981 3588 3051 έχομεν,
3638 2982 3730 3036 τὴν
3777 2976 3991 3030 λείπου-

623 3067 995 3124 deﬁcientem
1025 3085 1038 3120 :
1072 3065 1197 3122 sive
1229 3066 1446 3138 perﬁce
1478 3067 1538 3122 in
1570 3067 1746 3124 nobis
1772 3068 1950 3125 ﬁdem
1977 3085 2113 3141 quae
2139 3075 2196 3126 et
2217 3069 2277 3126 in

2402 3084 2508 3132 ταν,
2568 3069 2728 3137 ἤγουν
2773 3071 3038 3119 τελείωσον
3105 3069 3250 3139 ἡμῶν
3321 3072 3414 3126 τὴν
3467 3073 3647 3120 πίστιν
3716 3071 3810 3125 τὴν
3871 3071 3994 3140 πρὸς

623 3164 676 3211 te
691 3155 979 3212 est.Fides
997 3155 1293 3228 siquidem
1315 3156 1529 3227 partim
1549 3172 1584 3212 a
1603 3157 1776 3212 nobis
1791 3158 2092 3215 inducitur
2111 3160 2124 3231 i
2140 3166 2278 3216 uxta
2310 3199 2350 3257 C

2402 3159 2467 3209 τί.
2524 3162 2631 3217 Τῆς
2681 3161 2905 3218 πίστεως
2947 3158 3048 3228 γὰρ
3088 3162 3146 3209 τό
3195 3159 3284 3228 μὶν
3327 3159 3449 3229 παρ’
3506 3162 3652 3229 ἡμῶν
3705 3156 3993 3228 εἰσάγεται,

621 3245 703 3311 id,
727 3245 888 3318 quod
911 3246 1154 3304 dicitur:
1181 3245 1355 3302 Fides
1381 3249 1484 3301 tua
1499 3252 1551 3302 te
1574 3247 1799 3302 salvam
1817 3249 2036 3316 fecit";
2063 3249 2277 3320 partim
2313 3244 2350 3257 ν

2402 3247 2519 3297 ιαθό
2587 3244 2811 3315 λέγεται,
2870 3251 2946 3298 τό·
3002 3245 3058 3299 ’Π
3127 3251 3304 3308 πίστις
3364 3265 3458 3299 σου
3519 3251 3716 3299 σέσωκέ
3780 3262 3861 3298 σε·
3937 3250 3995 3297 τό

621 3351 761 3391 vero
787 3352 824 3391 a
851 3338 968 3392 Deo
993 3335 1188 3392 datur.
1217 3335 1310 3390 Ait
1343 3335 1503 3391 enim
1536 3337 1844 3407 apostolus
1867 3338 2085 3394 Paulus
2111 3355 2125 3394 :
2155 3340 2281 3396 Atii

2402 3329 2474 3401 δε,
2529 3337 2670 3406 παρὰ
2713 3343 2804 3386 τοῦ
2861 3339 2988 3388 Θεοῦ
3045 3331 3273 3388 δίδοται.
3305 3339 3572 3410 Φησὶγὰρ
3630 3337 3656 3386 ό
3707 3333 3997 3396 ἀπόστολος

621 3423 2281 3497 ᾳιιίιίειηρενδρίνίιιιηιάαιιινεει-νηοεαρέεηιὶεςαιιίερνγηο
2393 3422 2621 3484 Παῦλος·
2703 3423 2774 3475 Ὦ
2858 3427 2948 3495 μὶν
3048 3420 3140 3477 διὰ
3232 3432 3323 3476 τοῦ
3415 3427 3711 3496 Πνιύματος
3786 3420 4000 3476 δίδοται

618 3513 881 3570 scientiae
899 3513 1215 3570 secundum
1243 3514 1498 3570 eumdem
1515 3513 1838 3584 Spiritum;
1858 3515 1969 3570 atii
1989 3531 2119 3572 vero
2133 3517 2279 3586 ﬁdes

2402 3514 2543 3583 λόγος
2621 3517 2806 3584 σοφίας
2839 3531 2852 3544 ·
2930 3512 3066 3584 ἄλλῳ
3142 3509 3201 3566 δε
3274 3513 3423 3584 λόγος
3497 3521 3782 3584 γνώσεως,
3863 3516 3999 3565 κατὰ

621 3617 724 3671 per
761 3603 1016 3659 eumdem
1045 3601 1336 3669 Spiritum
1363 3604 1430 3655 ".
1459 3603 1576 3657 Hoc
1623 3618 1767 3671 ergo
1794 3604 2044 3660 scientes
2072 3609 2283 3676 petunt

2402 3605 2452 3654 τὸ
2535 3601 2663 3654 αὐτὸ
2721 3609 2945 3672 Πνεῦμα·
3017 3602 3170 3672 ἑτέρῳ
3251 3598 3310 3655 δι
3358 3607 3561 3669 πίστις,
3602 3601 3650 3655 έν
3706 3610 3778 3672 τῷ
3857 3602 3998 3672 αὖτῲ

625 3707 759 3747 eam
784 3691 985 3754 ﬁdem,
1019 3706 1154 3760 quas
1195 3705 1231 3745 a
1255 3691 1369 3744 Deo
1400 3688 1596 3754 datur,
1625 3707 1812 3763 quam
1839 3693 2017 3748 etiam
2043 3709 2285 3766 accepe-

2402 3693 2675 3762 Πνεύματι,
2744 3697 2908 3743 Τοῦτο
2974 3687 3060 3742 οὖν
3115 3687 3324 3761 εἰδότες,
3377 3691 3587 3743 αἰτοῦσι
3647 3695 3742 3750 τὴν
3803 3690 3861 3743 έκ
3905 3699 4001 3743 τοῦ

626 3784 761 3836 runt
788 3783 924 3850 post
947 3779 1464 3848 superventionem
1498 3780 1747 3850 Spiritus
1774 3781 1959 3836 sancti
1991 3783 2051 3836 in
2085 3783 2284 3854 specie

2402 3787 2532 3833 Θεοῦ
2603 3775 2888 3851 διδομένην
2949 3785 3147 3845 πίστιν,
3197 3781 3258 3838 ἣν
3321 3786 3411 3833 καὶ
3474 3779 3652 3833 ἔλαϐον
3706 3783 3839 3853 μετὰ
3904 3786 4000 3838 τήν

628 3869 942 3939 ignilarum
956 3866 1312 3936 linguarum.
1335 3867 1474 3922 Ideo
1493 3869 1835 3941 priusquam
1855 3869 2011 3926 hanc
2025 3873 2285 3943 accepis-

2402 3867 2444 3921 έν
2493 3865 2621 3922 εῖδει
2674 3874 2898 3942 πυρίνων
2960 3869 3214 3940 γλωσσῶν
3284 3867 3614 3941 έπιφοίτησιν
3685 3878 3776 3922 τοῦ
3853 3870 4009 3941 ἁγίου

631 3962 780 4023 sent,
827 3956 1300 4027 exprobrabatur
1331 3957 1444 4012 illis
1466 3957 1632 4028 quod
1662 3958 1862 4029 pusilli
1893 3965 2089 4015 essent
2122 3961 2238 4016 ﬁde
2269 3976 2283 4017 :

2402 3961 2712 4029 Πνεύματος.
2791 3960 2878 4010 Διὸ
2944 3962 3042 4029 πρό
3118 3966 3210 4009 τοῦ
3290 3961 3486 4016 ταύτην
3555 3957 3748 4022 λαϐεῖν,
3833 3959 4002 4029 ὀλιγο-

632 4045 958 4118 imperfecti
981 4045 1139 4100 enim
1171 4045 1250 4101 ad
1276 4045 1458 4100 ﬁdem
1487 4051 1654 4100 erant
1682 4062 1694 4102 :
1721 4046 1926 4103 addita
1943 4063 2082 4105 vero
2109 4065 2146 4105 a
2169 4049 2289 4106 Deo

2402 4052 2613 4100 πιστίαν
2684 4043 3036 4112 ὠνειδίζοντο,
3095 4050 3184 4097 καὶ
3257 4044 3444 4108 ἀτελεῖς
3513 4044 3646 4106 ἦσαν
3719 4051 3848 4122 πρὸς
3913 4055 4015 4104 τὴν

634 4134 802 4204 ﬁdes,
830 4133 1109 4208 perfectio
1135 4139 1327 4191 eratet
1352 4131 1724 4190 conﬁrmatio
1741 4133 1876 4191 ﬁdei
1899 4137 2064 4209 prius
2090 4137 2285 4194 illatae.

2403 4143 2601 4190 πίστιν.
2659 4136 2816 4190 Ἐστι
2869 4132 2988 4194 dii;
3044 4138 3186 4209 παρὰ
3250 4144 3343 4189 τοῦ
3417 4144 3551 4190 Θεοῦ
3627 4139 4012 4210 προστιθεμένη

2402 4231 2600 4288 πίστις,
2653 4226 2908 4286 τελείωσις
2959 4233 3055 4287 τῆς
3107 4227 3596 4298 προεισενεχθείσης
3655 4231 3876 4286 πίστεως
3926 4233 4021 4278 καὶ

2405 4314 2661 4388 βεϐαίωσι
2671 4336 2709 4377 ς.

704 4402 860 4458 Vers.
895 4402 948 4457 6.
983 4402 1081 4457 Ait
1129 4431 1196 4441 —
1240 4400 1423 4457 vobis.
1477 4399 1538 4456 Si
1584 4400 1882 4458 haberetis
1913 4401 2094 4458 ﬁdem
2139 4403 2291 4462 adeo

2479 4401 2600 4458 Εἶπε
2661 4435 2728 4445 -
2799 4405 2941 4476 ὑμῖν.
3001 4403 3060 4458 Εἰ
3098 4406 3246 4473 ἔχετε
3303 4403 3384 4470 (2)
3436 4407 3633 4469 πίστιν,
3697 4405 3831 4457 οὕτω
3889 4402 4017 4480 δρι-

631 4496 892 4555 acutam,
947 4490 1366 4546 vehementem
1395 4505 1464 4546 ac
1493 4490 1840 4557 ferventem,
1875 4493 2028 4548 sicut
2049 4498 2135 4549 est
2161 4510 2296 4565 gra-
2326 4556 2350 4567 _

2405 4503 2574 4566 μεῖαν,
2623 4499 2712 4546 καὶ
2764 4490 3018 4567 σφοδρὰν,
3088 4498 3177 4543 καὶ
3232 4493 3446 4564 θερμὴν,
3492 4494 3559 4553 ὡς
3627 4498 3814 4545 κόκκον
3865 4500 4020 4547 σενα-

633 4595 782 4636 num
813 4579 1040 4651 sinapis
1066 4591 1230 4650 (nam
1265 4578 1409 4634 illud
1445 4579 1574 4635 talis
1605 4585 1694 4636 est
1729 4580 2057 4652 qualitatis)
2096 4556 2350 4640 ωόνεοῖ

2407 4602 2561 4645 πεως·
2637 4586 2879 4643 νοιαύτης
2950 4584 3051 4657 γὰρ
3126 4585 3407 4642 ποιότητος
3480 4581 3628 4643 οὗτος
3707 4593 4021 4654 μετεκινεῖτε

635 4669 772 4722 retis
794 4684 940 4724 sane
965 4674 1021 4724 et
1041 4671 1305 4734 arbores,
1340 4667 1591 4741 illasque
1621 4669 1681 4724 in
1723 4686 1887 4724 mare
1919 4669 2291 4742 plantaretis.

2407 4673 2466 4724 ἂν
2534 4678 2620 4726 καὶ
2680 4676 2744 4724 τὰ
2804 4667 3019 4743 δένδρα,
3073 4675 3162 4723 καὶ
3209 4678 3268 4742 τῇ
3323 4669 3562 4742 θαλάσσῃ
3616 4679 3782 4723 ταῦτα
3841 4679 4019 4744 mys-

639 4760 756 4812 Hoc
786 4763 986 4812 autem
1009 4757 1174 4821 dixit,
1209 4757 1466 4813 laudans
1498 4757 1818 4828 perfectam
1849 4759 2052 4827 ﬁdem,
2086 4769 2140 4816 et
2174 4778 2296 4820 ma-

2407 4765 2592 4816 τεύετε,
2657 4768 2817 4813 Τοῦτο
2868 4757 2927 4813 δέ
2998 4757 3154 4825 εἶπεν,
3224 4757 3442 4810 ἐπαινῶν
3489 4763 3583 4817 τὴν
3650 4759 3847 4812 τελείαν
3929 4769 4016 4814 πί-

640 4862 824 4916 gnam
871 4845 1001 4916 ejus
1031 4846 1376 4916 signiﬁcans
1409 4848 1760 4918 potentiam.
1813 4848 1964 4904 Dixit
1993 4855 2194 4905 autem
2221 4852 2294 4907 de

2411 4871 2541 4917 στιν,
2588 4855 2676 4902 καὶ
2734 4846 2906 4907 δηλῶν
2974 4853 3030 4901 τό
3100 4844 3528 4920 μεγαλοδὺναμον
3575 4849 3758 4910 αὐτῆς.
3820 4851 4017 4922 Εἱρηκε

639 4935 760 4990 ﬁde
790 4938 847 4989 et
869 4949 1058 5003 grano
1095 4935 1319 5008 sinapis
1346 4936 1523 4991 etiam
1559 4936 1854 4992 tricesimo
1889 4939 2101 5010 quinto
2123 4940 2294 5012 juxta

2408 4937 2466 4992 δε
2524 4945 2640 5014 περὶ
2696 4945 2922 5001 πίστεως
2973 4943 3060 4990 καὶ
3127 4942 3318 4989 κόκκου
3370 4940 3622 4998 σινάπεως
3689 4943 3778 4990 καὶ
3827 4939 3876 4992 έν
3945 4949 4014 5010 τῷ

642 5023 986 5080 Μειιιιιαιιιω
1011 5024 1224 5097 capite:
1255 5023 1374 5082 alio
1403 5025 1934 5084 tamenintellectu.

2405 5037 2700 5102 τριακοστῷ
2748 5032 2965 5099 πέμπτῳ
3029 5025 3289 5098 κεφαλαίῳ
3334 5033 3426 5078 τοῦ
3506 5031 3641 5080 κατὰ
3710 5031 4011 5094 Heredes,

2405 5118 2536 5178 πλὴν
2556 5117 2674 5171 καθ’
2702 5115 2875 5190 έτέραν
2913 5119 3097 5170 ἔννοια.

711 5317 757 5354 ³³
781 5316 981 5375 Matth-
1012 5333 1166 5383 xviii,
1207 5319 1263 5374 7.
1339 5319 1387 5354 ³³
1413 5317 1611 5376 Matth.
1645 5335 1721 5389 ix,
1754 5321 1844 5376 22.
1922 5320 1971 5356 "
2008 5321 2048 5376 1.
2081 5319 2214 5379 Cor.
2241 5336 2341 5378 xu.
2377 5323 2410 5378 8

1853 5534 2078 5604 Variae
2099 5534 2426 5604 lectiones
2465 5542 2531 5603 et
2562 5543 2766 5603 notas.

709 5750 790 5824 (2)
821 5755 1027 5828 Εἶχετε.
1071 5757 1135 5809 Α.
1168 5752 1254 5812 Ita
1299 5753 1658 5815 dissentiunt
1686 5757 1872 5816 etiam
1904 5757 1962 5814 in
1992 5760 2291 5816 contextu.
