4210 6494
276 407 415 466 1045

1279 407 1652 466 COMMENT.
1702 405 1772 463 ΙΝ
1812 404 2074 466 LUCAM.
2115 439 2182 452 —-
2223 407 2378 466 CAP.
2424 407 2597 468 XVII.

3500 407 3640 470 1046

343 542 436 600 Τίς
493 567 562 578 -
613 539 988 609 πεποιήκαμεν.
1060 535 1154 589 Διά
1204 543 1304 588 τῶν
1371 533 1731 611 προλαϐόντων
1785 533 1855 587 λό·

2060 538 2218 592 Vers.
2251 542 2306 594 7.
2336 534 2471 604 Quis
2508 568 2575 579 —
2604 538 2768 594 Vers.
2819 538 2903 594 10.
2968 533 3252 592 Fecimus.
3311 534 3635 609 Postquam

273 649 378 700 γων
432 628 505 689 εἰς
557 626 902 702 ἀγαθοεργίαν
960 626 1037 699 (3i
1084 625 1394 697 παραθήξας
1449 629 1570 688 τοὺς
1616 628 1874 698 μαθητὰς,

274 725 360 769 νῦν
391 714 424 769 δ
433 719 484 769 te
531 725 622 770 τοῦ
654 714 1074 792 παραδείγματος
1124 719 1310 768 τούτου
1364 720 1614 785 κατασπᾷ
1652 720 1708 766 τὸ
1743 734 1872 790 παρ-

278 809 516 879 επόμενον
595 809 759 879 ταύτῃ
834 808 1000 868 πάθος
1079 814 1174 866 τῆς
1248 803 1488 869 οἰήσεως,
1576 800 1870 868 διδάσκων,

275 897 372 961 ὅτι,
423 897 595 970 ὥσπερ
669 892 841 957 οὐδεὶς
900 899 986 946 τὸν
1038 893 1363 966 ἀποτριῶντα
1436 896 1466 951 ἧ
1534 898 1875 964 ποιμαίνοντα

277 981 460 1037 δοῦλον
505 985 687 1052 αὐτοῦ,
719 989 810 1038 καὶ
851 983 904 1047 ἐξ
930 983 1092 1056 ἀγροῦ
1141 983 1452 1049 εἰσελθόντα,
1504 991 1658 1054 τιμῆς
1713 980 1866 1045 ἀξιοῖ,

276 1070 371 1126 διὰ
422 1077 510 1126 τόν
539 1082 771 1126 τοιοῦτον
823 1078 1002 1139 κόπον,
1068 1071 1196 1125 ἀλλά
1249 1072 1402 1125 πάλιν
1450 1070 1726 1134 ἐπιτάττει,
1780 1077 1872 1124 καὶ

271 1169 367 1222 τὴν
449 1163 917 1237 προσοφειλομένην
999 1162 1208 1215 ἀπαιτεῖ
1273 1158 1528 1225 δουλείαν,
1602 1165 1690 1213 καὶ
1753 1157 1870 1212 οὐδ’

271 1254 436 1313 οὕτως
479 1253 618 1322 αὐτῷ
668 1256 828 1326 χάριν
867 1255 1018 1324 ἔχει’
1070 1255 1158 1303 τὸν
1189 1250 1343 1302 αὐτὸν
1391 1252 1493 1322 ἄρα
1542 1254 1730 1322 τρόπον
1780 1254 1870 1302 καὶ

269 1345 294 1394 ό
341 1347 488 1404 Θεός.
528 1341 691 1394 Ὠστε
741 1343 875 1393 κατὰ
905 1345 989 1392 τὸν
1037 1347 1128 1393 τοῦ
1179 1336 1390 1392 δικαίου
1415 1339 1584 1410 λόγον,
1636 1345 1745 1399 τοῖς
1779 1343 1868 1411 μεν

267 1436 339 1504 μὴ
397 1431 661 1504 πληροῦσι
693 1433 756 1482 τὰ
811 1434 1235 1505 προστεταγμένα
1276 1425 1510 1488 κίνδυνος
1560 1427 1864 1479 ἀπόκείται·

265 1528 376 1581 τοῖς
443 1517 502 1572 δὲ
556 1519 845 1592 πληροῦσιν
916 1519 1065 1584 αὐτὰ,
1121 1520 1282 1593 χάρις
1333 1514 1577 1590 οὐδεμία.
1654 1520 1754 1570 Καὶ
1807 1515 1866 1568 οῦ

263 1614 371 1681 χρὴ
433 1606 525 1662 διὰ
570 1617 723 1662 τοῦτο
775 1613 910 1681 μέγα
953 1616 1168 1682 φρονεῖν,
1225 1610 1346 1678 ὅπερ
1407 1606 1577 1667 καλῶς
1638 1602 1791 1666 εἰδὼς
1840 1606 1866 1656 ό

265 1697 553 1761 ἀπόστολος
615 1697 813 1758 Παῦλος
860 1698 1022 1769 ἔλεγεν
1083 1699 1182 1762 ὅτι,
1239 1696 1356 1749 Ἐὰν
1428 1694 1861 1766 εὐαγγελίζωμαι,

263 1788 356 1840 οῦκ
420 1790 534 1840 ἔστι
607 1807 696 1860 μοι
758 1789 1058 1859 καύχημα·
1130 1784 1327 1856 ἀνάγκη
1408 1787 1507 1856 γὰρ
1569 1802 1660 1856 μοι
1744 1781 1857 1834 ἐπί-

261 1894 470 1929 κειται⁸
528 1876 647 1928 οῦαὶ
719 1879 820 1948 γάρ
889 1895 979 1948 μοι
1057 1874 1218 1936 ἐστὶν,
1306 1874 1391 1925 ἐὰν
1452 1877 1524 1944 μὴ
1601 1871 1863 1943 εὐαγγελί-

264 1965 456 2036 ζωμαι.
515 1965 654 2024 Πλὴν
709 1963 906 2036 ἀγαθός
937 1968 1003 2015 ὦν
1053 1965 1078 2015 ό
1129 1967 1279 2026 Θεὸς,
1332 1966 1422 2014 καὶ
1471 1968 1580 2022 τοῖς
1632 1957 1862 2026 δούλοις,

263 2056 332 2115 ὡς
368 2056 624 2125 μισθίοις,
691 2057 1054 2127 προσφέρεται,
1093 2056 1180 2104 καὶ
1234 2056 1327 2108 τὴν
1394 2047 1631 2102 δουλείαν
1695 2049 1862 2101 αὐτῶν

261 2146 436 2214 μισθῷ
489 2141 777 2214 ἀμείϐεται,
831 2147 920 2193 καὶ
976 2146 1069 2199 τὴν
1121 2140 1447 2212 ὀφειλομένην
1487 2138 1746 2212 λατρείαν,
1793 2141 1864 2200 ὡς

263 2233 580 2305 κατόρθωμα
637 2227 876 2302 δέχεται,
924 2234 1013 2281 καὶ
1055 2233 1182 2301 γέρα
1213 2225 1439 2280 δίδωσιν
1492 2226 1864 2301 ὑπερϐαίνοντα

457 2322 746 2393 καμάτους,
812 2324 954 2389 Νικᾷ
1003 2320 1104 2392 γὰρ
1159 2320 1188 2376 ἠ
1240 2316 1502 2388 ἀγαθότης
1575 2315 1733 2367 αὐτοῦ
1803 2319 1861 2368 τὸ

264 2405 300 2460 δ
305 2413 488 2462 ίκαιον.

264 2323 378 2380 τοῦς

584 2504 731 2552 ΚΕΦ.
772 2497 841 2551 Ξ.
877 2501 1002 2570 Περὶ
1029 2504 1129 2548 τῶν
1157 2492 1287 2548 δέκα
1321 2494 1536 2570 λεπρῶν.

333 2591 431 2639 Καὶ
509 2586 702 2658 ἐγένετο
765 2619 833 2626 -
893 2586 1069 2658 λεπροὶ
1139 2582 1345 2659 ἄνδρες.
1411 2586 1477 2636 Οἱ
1542 2583 1682 2636 ἐννέα
1745 2586 1855 2656 μὲν,

257 2674 513 2728 Ἰουδαῖοι
545 2673 679 2734 ἦσαν
703 2689 718 2706 ⁸
772 2677 797 2727 ό
829 2673 887 2728 δὲ
916 2678 982 2736 εἷς
1031 2683 1368 2749 Σαμαρειτης.
1417 2673 1473 2725 Ἠ
1511 2678 1752 2725 κοινωνία
1798 2670 1859 2726 δε

256 2773 352 2826 τῆς
407 2770 563 2818 νόσου
596 2770 710 2818 τότε
743 2767 1084 2839 συνήθροισεν
1130 2763 1338 2829 αὐτοῦς,
1395 2761 1736 2828 ἀκούσαντας,
1776 2763 1856 2815 ὅτι

256 2850 528 2927 διέρχεται
561 2857 585 2906 ό
612 2859 812 2927 Χριστό
825 2875 862 2915 ς.

325 2943 389 2994 Οἳ
421 2945 648 3001 ἔστησαν
681 2942 961 3017 πόρρωθεν.
989 2940 1076 3002 Ὠς
1114 2941 1424 3015 ἀκάθαρτοι.

327 3038 426 3084 Καὶ
474 3063 541 3071 -
597 3034 758 3103 ἡμᾶς.
815 3031 1123 3098 Ἐπιστάτα,
1180 3033 1318 3094 ἤτοι,
1379 3031 1536 3102 Κύριε
1588 3032 1617 3087 ἤ
1680 3024 1849 3080 διδά-

257 3119 428 3173 σκαλε.

328 3214 427 3260 Καὶ
483 3204 607 3259 ἰδὼν
670 3239 735 3247 —
793 3210 1004 3282 ἱερεῦσι.
1073 3211 1246 3264 Μήπω
1295 3207 1590 3278 καθαρίσας
1663 3205 1852 3264 αὐτοὺς

253 3302 442 3369 πέμπει
501 3296 1041 3368 ἐμφανισθησομένους
1095 3302 1198 3355 τοίς
1259 3297 1498 3368 ἱερεῦσιν,
1561 3297 1624 3354 ὡς
1674 3292 1722 3344 ἓν
1778 3300 1850 3363 τῷ

249 3388 563 3459 πορεύεσθαι
625 3385 900 3457 μέλλοντας
964 3385 1371 3457 καθαρισθῆναι.
1417 3389 1581 3434 Τοῦτο
1651 3379 1710 3434 δε
1765 3401 1850 3434 πε-

248 3482 451 3539 ποίηκε,
497 3472 799 3546 δοκιμάζων
847 3477 939 3531 τὴν
979 3477 1157 3525 πίστιν
1189 3472 1377 3526 αὐτῶν.
1429 3474 1494 3524 Οἱ
1543 3467 1601 3524 δὲ
1638 3474 1848 3523 πιστεύ-

251 3585 448 3632 σαντες,
495 3566 574 3616 ὅτι
615 3560 836 3616 δύναται
883 3565 1254 3636 πορευομένους
1301 3561 1492 3621 αὐτοὺς
1534 3562 1844 3632 καθαρίσαι,

244 3651 575 3714 ἀδιστάκτως
642 3649 909 3712 ἐϐάδιζον.
972 3651 1350 3723 Ἐνεφανίςοντο
1411 3647 1469 3703 δε
1519 3657 1625 3710 τοῖς
1692 3652 1846 3724 ἱερεῦ-

246 3763 326 3796 σιν
381 3746 430 3795 οἱ
485 3743 904 3818 καθαρισθὲντες,
966 3740 1049 3792 ἶνα
1104 3741 1223 3814 παρ’
1280 3739 1447 3791 αὐτῶν
1510 3739 1845 3812 ὀνομασθῶσι

242 3835 485 3907 καθαροὶ,
527 3837 617 3884 καὶ
661 3830 838 3882 λοιπὸν
885 3832 1273 3904 προσενέγκωσι
1319 3831 1527 3893 θυσίαν,
1573 3832 1708 3882 κατὰ
1754 3833 1842 3882 τὸν

241 3926 414 3994 νόμον.

316 4016 414 4063 Καὶ
446 4009 638 4081 ἐγένετο
681 4039 748 4050 -
777 4011 864 4060 τόν
913 4011 1062 4064 Θεόν.
1103 4011 1275 4079 Μέγαν
1325 4010 1414 4080 μεν
1443 4009 1545 4082 γὰρ
1583 4027 1718 4073 τινα,
1750 4013 1841 4062 καὶ

241 4095 686 4171 μεγαλοδύναμον,
728 4099 814 4149 τόν
848 4098 1078 4169 Χριστὸν
1109 4099 1374 4148 ἐπίστευον
1423 4094 1572 4162 εἶναι,
1606 4101 1748 4149 οὔπω
1780 4094 1838 4151 δὲ

239 4193 328 4239 καὶ
359 4191 506 4260 φύσει
541 4191 691 4240 Θεὸν.

313 4282 411 4329 Καὶ
469 4279 643 4329 ἔπεσεν
709 4307 777 4315 —
841 4274 1002 4346 αὐτῷ.
1071 4275 1423 4348 Καθαρισθεὶς
1497 4276 1622 4346 γὰρ,
1685 4273 1838 4333 ἐπλη-

242 4369 415 4418 σίασε.

312 4459 411 4505 Καὶ
485 4453 636 4514 αὐτὸς
724 4485 788 4493 -
851 4454 875 4504 ὁ
956 4450 1231 4522 ἀλλογενὴς
1319 4451 1487 4512 οὗτος.

237 4537 446 4606 ἔδειξεν,
503 4544 582 4594 ὅτι
657 4543 1117 4615 εὐγνωμονέστεροι
1201 4549 1299 4592 τῶν
1369 4536 1637 4593 Ἰουδαίων
1700 4543 1831 4594 εἰσιν

235 4633 283 4683 οἱ
309 4630 361 4693 ἐξ
392 4630 562 4683 ἐθνῶν.
596 4631 809 4684 Ἐκεῖνοι
837 4634 936 4706 γὰρ
976 4630 1166 4682 αὐτίκα
1207 4638 1296 4689 τῆς
1323 4629 1622 4703 εὐεργεσίας
1667 4630 1829 4690 λήθην

233 4719 492 4784 λαϐόντες,
529 4717 815 4794 ἀχάριστοι
839 4725 930 4772 καὶ
972 4724 1091 4794 περὶ
1119 4722 1208 4770 τόν
1238 4722 1444 4793 Πατέρα
1471 4725 1557 4771 καὶ
1581 4726 1695 4793 περὶ
1743 4726 1828 4774 τὸν

230 4812 350 4864 Υἱὸν
381 4809 661 4882 ἐφάνησαν.

303 4903 401 4952 Καὶ
431 4897 566 4952 εἶπεν
595 4930 662 4940 -
705 4902 900 4951 σέσωκέ
931 4917 1005 4952 σε.
1042 4902 1142 4950 Καὶ
1171 4902 1273 4969 μὴν
1295 4895 1561 4958 κάκείνους
1591 4900 1620 4956 ἡ
1654 4902 1828 4959 πίστις

228 4988 398 5040 αὐτῶν
448 4992 692 5040 σέσωκεν.
753 4987 915 5042 Ἀλλά
944 4991 1126 5040 πιστοὶ
1156 4989 1246 5059 μεν
1293 4988 1342 5038 οἰ
1391 4983 1538 5050 δέκα,
1576 4992 1729 5059 μόνος
1769 4986 1827 5042 δε

226 5077 372 5137 οὗτος
403 5078 693 5149 εὐγνώμων.

293 5168 665 5239 Ἐπερωτηθεὶς
751 5197 819 5206 --
883 5172 974 5218 τοῦ
1055 5171 1208 5220 Θεοῦ.
1285 5161 1497 5223 Ἐπειδὴ
1580 5164 1827 5230 πολλάκις

223 5251 486 5322 ἐδίδαξεν,
541 5257 622 5308 ὅτι
679 5259 893 5327 ἤγγικεν
965 5256 994 5313 ἡ
1049 5253 1295 5327 βασιλεία
1356 5261 1446 5307 τοῦ
1505 5259 1651 5322 Θεοῦ,
1708 5262 1824 5329 περὶ

289 5435 338 5469 ³⁸
377 5433 547 5490 ICor.
581 5449 657 5505 ix,
690 5435 777 5489 16.

1987 626 2467 698 praecedentibus
2517 625 2898 683 sermonibus
2929 625 3007 682 ad
3044 624 3186 682 boni
3224 626 3632 698 operationem

1986 716 2315 788 discipulos
2343 717 2610 773 exacuit:
2642 717 2754 774 hoc
2785 732 2946 773 nunc
2975 715 3266 788 exemplo,
3295 715 3635 786 jactationis

1985 806 2286 871 affectum,
2337 807 2440 879 qui
2472 807 2622 862 hanc
2673 806 3078 879 consequitur,
3130 805 3350 869 avellit,
3384 805 3629 871 docens,

1982 896 2145 968 quod
2175 897 2325 952 sicut
2369 895 2568 951 nullus
2599 912 2840 951 servum
2891 912 3067 951 suum
3100 900 3367 951 arentem
3407 899 3509 951 aut
3531 909 3634 967 pa-

1982 991 2264 1050 scentem,
2284 991 2339 1041 et
2353 1002 2421 1042 ex
2441 1001 2588 1054 agro
2605 985 2854 1040 domum
2884 989 3290 1049 revertentem,
3313 984 3633 1040 bonoredi-

1983 1090 2166 1143 gnum
2198 1075 2361 1130 ducit
2407 1075 2487 1130 ob
2531 1073 2879 1146 hujusmodi
2931 1073 3224 1143 laborem,
3257 1074 3361 1130 sed
3392 1089 3630 1130 rursum

1975 1164 2160 1234 jubet,
2197 1179 2266 1219 ac
2293 1163 2560 1219 debitam
2601 1163 2798 1219 adhuc
2826 1163 3003 1233 exigit
3033 1165 3395 1228 servitutem,
3439 1167 3496 1218 et
3523 1178 3632 1218 nec

1979 1254 2062 1308 sic
2088 1252 2172 1308 illi
2199 1253 2450 1324 gratiam
2488 1253 2708 1318 habet;
2761 1252 2834 1308 ad
2868 1251 3157 1308 eumdum
3201 1266 3348 1308 sane
3379 1251 3632 1309 modum

1979 1348 2035 1398 et
2086 1342 2254 1397 Deus.
2290 1347 2494 1415 Itaque
2523 1341 2855 1398 secundum
2883 1341 3126 1412 justitias
3156 1357 3492 1397 sermonem
3538 1340 3632 1398 his

1977 1433 2080 1504 qui
2110 1438 2399 1503 prmoepta
2429 1447 2550 1487 non
2574 1430 2925 1503 adimplent,
2958 1430 3290 1503 periculum
3317 1430 3626 1486 imminet:

1976 1522 2111 1592 ipsa
2142 1537 2282 1575 vero
2310 1520 2702 1592 implentibus,
2733 1520 2923 1590 gratia
2950 1518 3134 1584 nulla,
3176 1535 3286 1575 nec
3315 1525 3633 1592 propterea

1977 1609 2174 1665 extolli
2206 1615 2453 1681 oportet.
2489 1609 2660 1674 Quod
2681 1609 2826 1664 bene
2857 1609 3053 1664 sciens
3081 1608 3298 1664 Paulus
3327 1607 3635 1680 apostolus

1974 1699 2212 1754 dicebat
2242 1715 2254 1754 :
2276 1701 2345 1756 Si
2375 1698 2760 1768 Evangelium
2773 1698 3041 1769 pradico,
3063 1704 3296 1762 nonest,
3321 1697 3481 1769 quod
3494 1697 3627 1754 inde

1971 1789 2184 1860 glorier
2229 1807 2242 1855 ;
2285 1787 2596 1844 necessitas
2637 1787 2918 1858 siquidem
2950 1787 3101 1843 mihi
3152 1786 3485 1844 incumbit!
3541 1802 3630 1844 vae

1972 1880 2124 1933 enim
2151 1877 2299 1933 mihi
2326 1881 2427 1942 est,
2461 1877 2514 1931 si
2537 1877 2927 1948 Erangelium
2953 1893 3072 1932 non
3103 1876 3502 1946 pradicavero
3527 1878 3575 1914 "
3608 1893 3623 1932 :

1973 1971 2244 2022 Attamen
2283 1981 2417 2021 cum
2479 1966 2674 2021 bonus
2723 1966 2799 2019 sit
2845 1965 3020 2027 Deus,
3081 1965 3282 2030 servis,
3334 1970 3628 2037 tanquam

1973 2055 2371 2121 mercenariis,
2405 2056 2606 2120 utitur,
2631 2057 2687 2110 et
2715 2053 3058 2110 servitutem
3083 2054 3318 2110 illorum
3353 2054 3626 2110 mercede

1973 2145 2243 2216 rependit
2267 2163 2280 2200 :
2314 2161 2384 2200 ac
2403 2143 2663 2199 debitum
2675 2143 3059 2215 obsequium.
3077 2148 3368 2215 tanquam
3387 2142 3630 2200 {acinus-

1973 2233 2582 2304 egregium,suscipit,
2607 2238 2662 2288 et
2689 2232 3245 2304 praemiumtribuit,
3274 2231 3437 2304 quod
3467 2231 3627 2288 labo-

1972 2340 2066 2379 res
2091 2323 2268 2379 etiam
2301 2323 2568 2378 excedat.
2604 2321 2794 2377 Vincit
2819 2337 3082 2395 namque
3120 2319 3354 2378 bonitas
3383 2321 3510 2393 ejus
3540 2321 3621 2386 id,

1971 2411 2135 2485 quod
2160 2412 2388 2482 justum
2419 2415 2506 2465 est
2534 2416 2588 2465 et
2619 2423 2882 2481 aequum.

2326 2501 2478 2556 CAP.
2514 2501 2629 2555 LX.
2659 2501 2741 2556 De
2763 2499 2957 2555 decem
2998 2498 3264 2568 leprosis.

2040 2591 2202 2646 Vers.
2231 2590 2317 2644 11.
2344 2591 2420 2644 Et
2447 2590 2678 2660 factum
2698 2595 2778 2645 est
2815 2619 2876 2629 —
2901 2589 3067 2644 Vers.
3099 2589 3185 2643 l2.
3225 2586 3480 2658 Leprosi.
3513 2589 3620 2644 No-

1969 2696 2102 2734 vem
2118 2679 2356 2750 quidem
2377 2683 2542 2734 erant
2555 2677 2768 2742 Judaei,
2787 2693 2944 2732 unus
2959 2681 3159 2732 autem
3179 2677 3621 2743 Samaritanus;

1968 2769 2161 2824 morbi
2194 2783 2332 2823 vero
2382 2767 2847 2823 communicatio
2902 2771 3042 2822 tunc
3085 2781 3190 2821 eos
3222 2767 3621 2834 aditu-averet,

1964 2857 2172 2914 audito
2211 2855 2374 2928 quod
2412 2856 2795 2928 pertransiret
2823 2854 3106 2911 Christus.

2036 2947 2197 3001 Vers.
2215 2946 2300 2999 1'2.
2318 2944 2724 3016 Quisteterunt
2735 2945 2966 3014 procul.
2981 2950 3280 3014 Tanquam
3299 2942 3618 2999 immundi.

2034 3035 2199 3090 Vers.
2234 3035 2320 3090 13.
2354 3035 2431 3089 Ει
2481 3064 2552 3076 -
2583 3033 2788 3091 nostri.
2837 3033 3144 3099 Ἐπιστάτα,
3194 3032 3308 3089 hoc
3357 3036 3462 3098 est,
3511 3031 3623 3088 do-

1886 3107 1924 3162 C
1965 3123 2145 3192 mine,
2173 3126 2502 3194 praeceptor
2536 3126 2638 3178 aut
2669 3122 2974 3192 magister.

2031 3213 2193 3267 Vers.
2227 3212 2312 3265 11.
2337 3210 2486 3278 Quos
2520 3215 2585 3265 ut
2614 3209 2757 3266 vidit
2784 3241 2853 3251 ——
2880 3209 3304 3266 sacerdotibus.
3339 3209 3618 3266 Nondum

1961 3299 2277 3354 mundavit
2301 3315 2419 3364 eos,
2449 3298 2552 3352 sed
2582 3298 2758 3353 mittit
2791 3297 3199 3353 sacerdotibus
3231 3297 3619 3354 manifestan-

1958 3388 2091 3450 dos,
2131 3392 2196 3442 ut
2239 3387 2390 3442 inter
2434 3385 2701 3440 eundum
2734 3385 3188 3442 mundarentur.
3240 3387 3360 3442 Hoc
3414 3391 3616 3444 autem

1957 3475 2093 3532 fecit
2122 3475 2389 3548 probans
2417 3474 2592 3530 ﬁdem
2643 3473 2908 3530 illorum.
2977 3473 3063 3528 Illi
3117 3489 3260 3530 vero
3291 3474 3613 3539 credendo,

1955 3566 2115 3639 quod
2143 3565 2343 3621 eundo
2365 3569 2568 3637 posset
2594 3563 2729 3620 ilios
2761 3563 3076 3630 mundare,
3119 3564 3288 3620 ibant
3312 3579 3432 3620 non
3462 3563 3616 3634 diju-

1954 3655 2226 3711 dicantes
2255 3655 2330 3710 de
2355 3655 2482 3726 ejus
2512 3659 2828 3726 praecepto.
2859 3653 3390 3710 Manifestabantur
3409 3658 3611 3709 autem

1953 3744 2388 3811 sacerdotibus,
2415 3743 2521 3816 qui
2547 3743 2825 3800 mundati
2840 3747 3030 3811 erant,
3073 3749 3139 3798 ut
3162 3742 3241 3799 ab
3268 3742 3378 3798 illis
3401 3742 3610 3799 mundi

1950 3833 2288 3891 dicerentur
2328 3839 2430 3899 ;et
2457 3839 2592 3890 tunc
2641 3833 2814 3905 juxta
2851 3833 3045 3905 legem
3095 3833 3355 3890 hostiam
3406 3831 3614 3890 oﬁ'ere-

1951 3923 2112 3980 bant.

2020 4013 2185 4068 Vers.
2219 4015 2299 4067 14.
2340 4012 2416 4066 Ει
2444 4012 2662 4069 accidit
2699 4041 2769 4052 -—
2798 4012 2960 4067 Vers.
2993 4012 3078 4066 15.
3109 4013 3296 4069 Deum
3325 4011 3608 4080 Magnum

1948 4103 2276 4174 quemdam
2314 4118 2384 4156 ac
2416 4117 2652 4170 magnae
2685 4103 2964 4173 potentiae
3001 4101 3253 4158 credens
3284 4115 3412 4156 esse
3451 4099 3612 4156 Chri'

1949 4195 2129 4246 stum.
2162 4189 2434 4245 nondum
2471 4197 2672 4246 tamen
2702 4197 2918 4245 natura
2948 4189 3156 4245 Deum.

2019 4279 2180 4332 Vers.
2212 4280 2292 4332 t6.
2323 4278 2397 4332 Et
2416 4279 2672 4349 procidit
2701 4307 2760 4317 -
2785 4277 2900 4334 illi.
2921 4277 3065 4333 Cum
3094 4276 3254 4334 enim
3280 4275 3605 4333 mandatus

1945 4369 2118 4430 esset,
2143 4366 2270 4436 jam
2302 4366 2852 4438 appropinquabat.

1576 4451 1832 4506 Ἐντεῦθεν

2016 4455 2182 4509 Vers.
2220 4456 2304 4510 16.
2328 4456 2398 4510 Et
2424 4455 2517 4511 hic
2537 4486 2600 4495 —
2623 4455 2786 4510 Vers.
2814 4457 2897 4520 1,8.
2926 4453 3034 4510 Hic
3059 4453 3416 4524 alienigena.
3452 4452 3601 4510 Hinc

1941 4544 2217 4609 ostendit,
2263 4543 2429 4615 quod
2470 4543 2664 4612 magis
2701 4543 2851 4615 grati
2910 4548 3051 4598 sunt
3100 4541 3368 4612 gentiles,
3411 4556 3595 4614 quam

1937 4633 2119 4689 Judaei
2149 4649 2160 4688 :
2195 4633 2252 4688 hi
2277 4633 2430 4688 enim
2462 4633 2823 4689 beneﬁcium
2856 4632 3142 4688 continuo
3172 4630 3456 4688 oblivioni
3484 4636 3595 4688 tra-

1937 4723 2168 4785 dentes,
2203 4722 2419 4792 ingrati
2452 4728 2506 4778 et
2526 4738 2668 4793 erga
2701 4726 2929 4779 Patrem
2959 4727 3171 4792 eterga
3191 4720 3398 4777 Filium
3411 4735 3595 4794 appa-

1937 4811 2169 4867 rebant.

2008 4901 2167 4956 Vers.
2208 4905 2290 4955 19.
2318 4900 2390 4954 Et
2415 4900 2499 4955 ait
2533 4929 2597 4939 —
2639 4906 2694 4956 le
2745 4900 2975 4955 salvum
3012 4899 3174 4968 fecit.
3206 4897 3379 4971 Atqui
3410 4899 3586 4956 etiam

1937 4989 2070 5045 illos
2101 4989 2248 5044 fides
2277 5005 2484 5045 eorum
2514 4988 2714 5044 salvos
2742 4987 3016 5044 eﬂecerat
3051 5005 3064 5043 :
3097 4987 3210 5044 sed.
3226 4987 3432 5044 ﬁdeles
3462 4990 3590 5060 qui-

1936 5078 2068 5133 dem
2111 5079 2319 5132 decem
2365 5077 2621 5141 fuerunt,
2662 5077 2824 5132 solus
2855 5082 3055 5133 autem
3099 5076 3195 5132 hic
3222 5082 3428 5146 gratus
3457 5076 3585 5132 fuit.

2008 5170 2162 5224 Vers.
2189 5168 2284 5222 .20.
2300 5167 2701 5239 Interrogatus
2732 5198 2799 5208 —-
2827 5166 2945 5223 Dei.
2965 5166 3589 5239 Quiafrequeuterdo-

1933 5263 2156 5323 cuerat,
2177 5257 2397 5314 instare
2413 5270 2668 5328 regnum
2683 5256 2781 5313 Dei
2812 5256 2888 5313 de
2908 5255 3043 5329 ipso
3055 5254 3166 5312 hoc
3182 5254 3416 5323 dicens;
3431 5270 3587 5314 nunc

1435 5611 1660 5680 Variae
1687 5612 2014 5681 lectiones
2044 5623 2108 5682 et
2139 5621 2341 5682 notae.

291 5808 367 5881 (3)
407 5807 775 5886 Ἀγαθοεργὶας
804 5815 839 5861 A
851 5851 866 5869 .

1992 5810 2072 5884 (4)
2097 5811 2583 5884 Φωνηθησομένους.
2627 5812 2687 5866 Β.
2720 5811 2838 5868 Sic.
