4210 6440
264 379 284 436 l
294 378 400 437 049

1243 373 1612 436 COMMENT.
1656 373 1727 431 IN
1764 372 2030 431 LUCAM.
2072 407 2140 416 —
2180 375 2331 432 CAP.
2378 374 2543 432 XVII.

3492 370 3630 428 1050

259 509 370 558 Νῶε
433 507 523 558 καὶ
580 501 664 558 ἰπὶ
723 507 862 571 Λὼτ,
910 511 1212 579 τρυφῶντας
1278 507 1368 555 καὶ
1431 499 1857 574 ἁμεριμνοῦντας,

1983 500 2305 557 admodum
2346 517 2470 568 eos,
2523 499 2626 574 qui
2687 498 2925 556 fuerunt
2981 495 3346 569 temporibus
3393 496 3518 552 Noe
3575 501 3632 551 et

259 598 378 655 τοὺς
435 597 524 666 μεν
568 593 960 668 κατακλυσμὸς,
1009 598 1130 656 τοῦς
1182 590 1241 646 δὲ
1295 600 1399 666 πῦρ
1443 595 1530 643 καὶ
1583 591 1712 642 θεῖον
1753 583 1862 640 διέ-

263 684 490 756 φθειραν,
565 681 838 757 οὐρανόθεν
930 678 1186 756 αἰφνίδιον
1259 681 1653 752 κατενεχθέντα·
1730 676 1864 728 οῦτω

261 776 352 824 καὶ
430 771 512 824 ἐπὶ
589 780 685 835 τῆς
739 769 980 844 δευτέρας
1051 761 1341 846 παρουσίας
1402 776 1699 841 τρυφῶντας
1775 769 1865 817 καὶ

264 858 663 934 ἀμεριμνοῦντας
712 861 914 934 ὄλεθρος
959 857 1220 934 αἰφνίδιος
1277 857 1657 928 καταλήψεται.
1715 862 1864 908 Θεῐον

265 945 326 1001 δέ
381 948 508 1014 ἔστι,
565 954 622 1002 τό
679 950 943 1024 λεγόμενον
1004 951 1251 1024 Θειοίφιον,
1307 948 1503 1022 λιπαρὰ
1558 949 1720 1022 τροφὴ
1773 951 1865 996 τοῦ

264 1043 448 1110 πυρός.

337 1216 416 1269 Ἐν
459 1245 522 1258 -
569 1209 692 1289 ἆραι
742 1216 894 1271 αὐτά.
947 1216 1006 1270 Ὀ
1059 1225 1149 1277 τῆς
1191 1218 1334 1268 κάτω
1387 1211 1662 1287 διατριϐῆς
1713 1213 1865 1282 ὑπερ-

264 1307 453 1376 αρθεὶς,
509 1310 598 1357 καὶ
651 1305 848 1377 ὑψηλός
893 1315 966 1378 τῷ
1013 1305 1115 1378 βίῳ
1154 1310 1434 1377 γενόμενος,
1483 1303 1543 1356 οῦ
1600 1304 1666 1355 τὰ
1720 1303 1861 1358 πάθη

263 1391 312 1445 ἐν
369 1402 440 1464 τῷ
514 1399 698 1466 κόσμῳ
773 1394 1202 1468 κατελείφθησαν,
1277 1392 1354 1456 οἷς
1425 1391 1678 1466 ἐκέχρητο
1735 1394 1866 1464 πρὸς

263 1482 513 1556 ἐργασίαν
543 1491 633 1543 τῆς
659 1482 940 1557 ἁμαρτίας,
963 1489 1034 1556 μή
1066 1482 1346 1535 καταϐάτω
1377 1477 1500 1557 ἆραι
1544 1481 1695 1533 αὐτά·
1740 1478 1866 1530 ἀλλὰ

261 1577 450 1644 μενέτω
481 1571 566 1625 ἐπὶ
608 1581 704 1634 τῆς
737 1573 1081 1645 ὑψηλότητος,
1114 1578 1202 1625 καὶ
1231 1576 1541 1648 περιμενέτω
1587 1574 1674 1623 τόν
1717 1589 1862 1622 κατε-

267 1665 488 1734 χόμενον
523 1665 729 1736 Κύριον.

337 1756 436 1804 Καὶ
481 1752 506 1802 ό
547 1782 614 1792 -
672 1751 868 1809 ὀπίσω.
919 1751 978 1804 Ὀ
1032 1750 1080 1804 ἕν
1123 1758 1194 1821 τῷ
1252 1750 1366 1823 (10)
1420 1748 1865 1823 ἀνακεχωρημένῳ

1976 592 2096 655 Lot,
2127 591 2180 646 in
2213 590 2436 646 deliciis
2469 596 2713 660 agentes
2763 606 2832 644 ac
2887 604 3127 644 securos
3168 585 3449 658 perdidit,
3498 583 3629 640 illos

1973 680 2219 752 quidem
2249 681 2563 746 diluvium,
2595 680 2707 735 hos
2741 695 2880 734 vero
2907 678 3056 748 ignis
3090 683 3146 732 et
3167 675 3437 749 sulphur,
3467 673 3631 730 coeli-

1977 776 2068 825 tus
2098 777 2335 842 repente
2361 769 2621 826 demissa
2655 768 2779 824 rita
2823 773 2880 822 et
2918 784 3044 837 eos,
3088 768 3190 840 qui
3222 772 3492 834 tempore
3545 778 3632 818 se-

1974 859 2155 914 cundi
2168 859 2458 915 adventus
2481 863 2674 923 erunt,
2704 858 2763 914 in
2784 857 3005 912 deliciis
3019 860 3264 925 agentes
3279 870 3347 909 ac
3363 869 3628 916 securos,

1974 949 2220 1020 perditio
2249 949 2560 1020 repentina
2589 945 3015 1018 deprehendet.
3051 947 3200 999 Θεῖον
3231 948 3453 1007 autem,
3510 941 3630 999 sive

1977 1039 2202 1109 θειάφιον
2230 1039 2412 1112 (quod
2445 1053 2555 1094 nos
2577 1037 2839 1108 sulphur
2863 1035 3147 1107 dicimus)
3186 1033 3494 1105 egregium
3543 1037 3631 1090 est

1975 1129 2130 1200 ignis
2159 1129 2615 1184 nutrimentum.

2043 1220 2206 1274 Vers.
2249 1219 2340 1274 3i.
2374 1219 2444 1273 In
2470 1249 2538 1258 —
2569 1217 2650 1274 ad
2692 1216 3018 1273 tollendum
3059 1229 3143 1272 ea.
3171 1212 3282 1280 Qui
3312 1229 3348 1269 a
3395 1216 3632 1268 terrena

1974 1309 2420 1364 conversatione
2470 1306 2839 1374 sublevatus,
2871 1310 2926 1361 et
2962 1302 3236 1360 sublimis
3288 1301 3412 1357 vita
3457 1299 3633 1356 fuerit

1973 1397 2234 1462 effectus,
2265 1397 2437 1462 cujus
2468 1394 2717 1451 affectus
2748 1395 2808 1450 in
2837 1393 3065 1450 mundo
3092 1390 3277 1448 relicti
3311 1394 3473 1454 sunt,
3503 1389 3631 1462 qui-

1973 1485 2088 1542 bus
2101 1486 2174 1541 ad
2193 1485 2416 1557 peccati
2437 1485 2845 1557 operationem
2866 1484 3162 1546 utebatur,
3186 1496 3260 1536 ne
3281 1478 3628 1545 descendat,

1975 1579 2038 1632 ut
2075 1574 2242 1630 tollat
2269 1590 2392 1638 eos,
2422 1573 2527 1629 sed
2554 1579 2796 1630 maneat
2825 1572 2884 1628 in
2935 1569 3312 1634 celsitudine,
3345 1573 3399 1624 et
3429 1582 3634 1640 exspe-

1974 1669 2089 1720 ctet
2113 1665 2574 1720 descendentem
2603 1664 2945 1719 Dominum.

2043 1755 2205 1808 Vers.
2239 1758 2326 1810 3t.
2369 1754 2441 1809 Et
2479 1754 2585 1825 qui
2622 1783 2689 1794 —
2720 1769 2757 1809 a
2788 1761 2972 1821 tergo.
3007 1780 3074 1792 -—
3110 1749 3217 1810 Qui
3242 1748 3302 1804 in
3343 1747 3459 1803 vita
3490 1751 3630 1802 sunt

265 1838 384 1912 βίῳ.
421 1847 600 1893 Ταῦτα
631 1837 689 1893 δε
720 1841 1065 1913 παραγγέλλει
1105 1836 1198 1893 διὰ
1227 1844 1315 1898 τήν
1352 1847 1638 1897 τηνικαῦτα
1674 1838 1863 1896 πολλὴν

1983 1844 2416 1910 anachoretica,
2462 1844 2585 1898 sive
2642 1848 2973 1912 segregata,
3017 1845 3120 1896 aut
3167 1842 3464 1910 separata.
3504 1839 3629 1892 Haec

263 1927 467 1987 ἀπάτην
493 1938 591 1981 τῶν
623 1927 1070 2002 ψευδοπροφητῶν
1101 1937 1191 1981 τοῦ
1221 1930 1621 2003 Ἀντιχρίστου,
1661 1932 1749 1979 καὶ
1772 1932 1864 1984 τήν

269 2015 505 2092 σφοδρὰν
528 2018 723 2078 πλάνην
757 2019 940 2072 αὐτοῦ.

332 2197 687 2266 Μνημονεῦετε
789 2203 885 2256 τῆς
965 2198 1209 2266 γυναικὸς
1291 2202 1382 2246 τοῦ
1488 2200 1622 2250 Λώτ.
1711 2193 1864 2247 Ἤτοι

262 2292 354 2336 τοῦ
409 2285 607 2345 πάθους
664 2283 847 2347 αὐτῆς.
906 2291 1009 2337 Τοῦ
1070 2292 1202 2338 Θεοῦ
1252 2286 1352 2357 γὰρ
1394 2293 1462 2355 τῷ
1526 2289 1649 2338 Λὼτ
1703 2286 1864 2356 μηνῦ-

266 2391 449 2434 σαντος
495 2379 669 2443 φυγεῖν
724 2370 824 2424 ἀπὸ
881 2382 977 2424 τῶν
1031 2369 1272 2445 Σοδόμων
1328 2381 1582 2444 παγγενή,
1643 2369 1735 2425 διὰ
1778 2376 1862 2424 τόν

789 2203 885 2256 τῆς
965 2198 1209 2266 γυναικὸς
1291 2202 1382 2246 τοῦ

261 2461 510 2532 μέλλοντα
551 2459 859 2514 καταλαϐεῖν
913 2462 1046 2514 αῦτά
1095 2462 1336 2520 θεήλατον
1389 2461 1716 2536 ἐμπρησμὸν,
1772 2467 1860 2513 καὶ

258 2550 699 2624 παραγγείλαντος
757 2549 1140 2626 ἀμεταστρεπτὶ
1188 2548 1452 2624 βαδίζειν,
1501 2551 1771 2622 ἐπέϐλεψεν
1829 2554 1857 2612 ή

255 2644 385 2709 γυνή
447 2639 608 2691 αὐτοῦ
666 2640 732 2700 εἰς
774 2642 838 2692 τὰ
883 2639 1080 2705 ὀπίσω,
1131 2646 1219 2692 καὶ
1265 2639 1456 2712 ἐγένετο
1498 2641 1663 2699 στήλη
1719 2639 1858 2702 ἁλόςο

257 2728 421 2786 στήλη
449 2730 566 2802 μὶν,
601 2728 672 2789 εἰς
701 2725 1042 2804 παράδειγμα
1075 2738 1172 2782 τῶν
1219 2732 1568 2802 στρεφομένων
1619 2728 1718 2782 ἀπό
1768 2737 1863 2792 τῆς

260 2815 636 2892 σωτηριώδους
677 2815 805 2870 ὁδοῦ
846 2817 928 2870 ἐπὶ
968 2821 1034 2870 τὰ
1061 2823 1281 2893 πρότερα
1307 2820 1432 2877 ἣθη⁶
1476 2817 1630 2881 ulla;
1656 2815 1735 2888 δὲ,
1771 2815 1863 2871 διὰ

252 2910 345 2966 τήν
370 2906 470 2960 ἀπό
497 2917 588 2969 τῆς
617 2907 878 2980 ἁμαρτίας
898 2913 1130 2982 πικρίαν.

322 3082 420 3144 ’ος
465 3115 527 3124 -
572 3085 751 3142 αὐτήν.
804 3084 898 3147 ’ος
943 3084 1003 3136 ἂν
1055 3085 1264 3146 ζητήση
1315 3090 1406 3144 τήν
1453 3085 1640 3158 ψυχὴν
1699 3085 1858 3138 αὑτοῦ

256 3170 597 3245 ἐλευθερῶσαι
619 3171 719 3224 ἀπό
742 3182 839 3224 τῶν
863 3178 1190 3246 ἐπαγομένων
1214 3175 1350 3244 αὐτῷ
1374 3172 1466 3226 διὰ
1489 3180 1581 3234 τήν
1599 3173 1858 3227 εὐσέϐειαν
1893 3195 1932 3250 C

256 3257 508 3312 κινδύνων
565 3263 665 3314 ῦπό
734 3271 826 3314 τοῦ
884 3262 1280 3335 Ἀντιχρίστου,
1349 3271 1410 3336 τῇ
1471 3262 1698 3335 ἀπωλείᾳ
1766 3272 1860 3324 τῆς

255 3349 544 3421 μελλούσης
575 3352 834 3413 κολάσεως
877 3348 1184 3424 παραδώσει
1236 3351 1419 3418 αὐτὴν,
1473 3355 1541 3415 ὡς
1592 3349 1860 3427 προδεὸω.

253 3458 406 3490 κυιαν
437 3458 530 3497 την
558 3459 757 3492 πίστιν.

330 3533 428 3580 Καὶ
483 3528 534 3588 ὃς
597 3560 662 3569 ο-
723 3528 907 3587 αῦτήν.
967 3528 1063 3592 ’ος
1113 3529 1173 3580 ἂν
1236 3528 1486 3605 ἀφαιρεθῇ
1548 3531 1709 3588 αὐτήν
1767 3526 1861 3582 διὰ

250 3625 579 3690 μαρτυρικοῦ
626 3619 872 3684 θανάτου,
906 3618 1228 3690 ζωογονήσει
1276 3619 1459 3686 αὑτήν,
1505 3623 1642 3686 ἤτοι,
1699 3627 1860 3672 σώσει

250 3708 382 3758 κατὰ
420 3709 507 3758 τόν
533 3705 782 3778 μέλλοντα
813 3706 994 3761 αἰῶνα.

318 3799 465 3866 Λέγω
534 3827 602 3835 -
684 3793 1000 3867 ἀφεθήσεται
1070 3798 1207 3866 (11).

246 3888 506 3956 ποίᾳ;Τῇ
559 3893 650 3936 τοῦ
691 3894 877 3959 καιροῦ
918 3893 1009 3946 τῆς
1069 3882 1315 3961 δευτέρας
1368 3892 1677 3962 παρουσίας.
1735 3893 1856 3959 Περὶ

1291 3800 1463 3870 Ταύτῃ
1537 3807 1597 3870 τῇ
1680 3803 1860 3850 νυκτί-

249 3967 307 4024 δὲ
337 3981 436 4024 τῶν
477 3975 524 4025 ἐν
557 3982 628 4044 τῷ
655 3973 798 4045 ἀγρῷ
831 3979 920 4026 καὶ
950 3984 1050 4026 τῶν
1089 3973 1395 4033 ἀληθουσών
1437 3979 1639 4050 εἴρηται
1689 3986 1856 4048 σαρὼς

248 4061 297 4112 ἐν
322 4071 394 4132 τῷ
425 4071 754 4133 πεντηκοστῷ
779 4059 952 4136 ὀγδόῳ
991 4065 1248 4136 κεφαλαίῳ
1280 4073 1370 4116 τοῦ
1400 4069 1532 4118 κατά
1564 4068 1851 4131 Ματθαῖον,

249 4156 337 4201 καὶ
382 4153 606 4213 ζήτησον
636 4150 739 4204 ἐκεῖ
769 4157 862 4210 τήν
903 4151 1154 4224 ἐξήγησιν
1183 4162 1292 4206 τοῦ·
1341 4160 1466 4207 Τότε
1507 4151 1604 4207 δύο
1650 4158 1854 4208 ἔσονται

251 4236 298 4290 δέ
325 4247 395 4310 τῷ
419 4237 584 4311 ἀγρῷο

331 4420 431 4468 Καὶ
469 4415 799 4491 ἀποκριθέντε
842 4451 909 4461 -
956 4430 1078 4491 ποῦ,
1133 4423 1327 4494 Κύριε;
1364 4429 1470 4474 Ποῦ
1509 4421 1853 4494 παραλαμϐά-

254 4523 428 4556 νονται
453 4522 466 4572 ;
1889 4550 1932 4603 D

323 4592 382 4645 '0
461 4625 524 4636 -
605 4594 760 4651 ἀετοί.
837 4603 1134 4666 Τουτίστιν,
1220 4599 1290 4662 εἰς
1375 4599 1663 4657 ἀπαντησίν
1729 4621 1851 4673 μου,

252 4682 325 4745 εἰς
391 4680 707 4758 δορυφορίαν
763 4693 852 4740 καὶ
903 4693 1239 4760 προπομπήν.
1298 4689 1506 4750 ’Δετοῦς
1580 4694 1670 4762 μὲν
1750 4694 1850 4766 γὰρ

252 4772 487 4846 ὠνόμασε
551 4780 671 4839 τοὺς
718 4773 979 4841 δικαίους,
1049 4780 1118 4838 ὡς
1183 4777 1416 4848 ὑψηλοὺς
1486 4787 1599 4841 ταῖς
1653 4778 1852 4854 ἀρεταῖς

251 4867 340 4914 καὶ
394 4861 726 4936 βασιλικούς·
781 4875 934 4938 σῶμα
988 4862 1066 4926 δε,
1137 4866 1337 4930 ἑαυτὸν,
1406 4870 1475 4929 ὡς
1551 4874 1850 4940 συναγωγὸν

251 4959 349 5003 τῶν
389 4956 634 5006 τοιούτων
675 4952 854 5012 ἀετῶν.
903 4961 1097 5029 Πτῶμα
1143 4952 1201 5009 δε
1246 4959 1304 5008 τὸ
1366 4964 1518 5029 σῶμα
1564 4958 1785 5030 ἔγραψεν
1827 4961 1852 5011 ό

251 5041 516 5103 Ματθαῖος
530 5085 542 5098 .

323 5253 372 5289 ³⁸
397 5255 592 5313 Matth.
623 5272 782 5325 xx1v,
813 5257 904 5329 40,

1977 1939 2175 1988 autem
2212 1932 2724 2003 praecipitpropter
2754 1931 3128 1986 seductiones
3146 1925 3631 2001 pseudoprophe-

1976 2026 2171 2078 tarum
2199 2021 2558 2089 Antichristi,
2599 2038 2730 2093 quae
2785 2027 2923 2075 tunc
2967 2019 3301 2092 frequenter
3349 2020 3540 2080 erunt,
3573 2018 3630 2070 et

1973 2112 2385 2168 vehementem
2417 2111 2604 2182 ipsius
2642 2108 2981 2164 Antichristi
3013 2107 3447 2178 deceptionem.

2045 2203 2207 2257 Vers.
2240 2205 2325 2257 32.
2353 2201 2632 2256 Memores
2661 2205 2833 2256 estote
2860 2198 3064 2254 uxoris
3089 2199 3212 2252 Lot.
3253 2194 3401 2261 Quid
3429 2192 3631 2248 videli-

1971 2295 2063 2348 cet
2093 2290 2172 2346 illi
2217 2289 2515 2345 acciderit.
2551 2292 2699 2345 Cum
2751 2290 2912 2344 enim
2958 2291 3109 2342 Deus
3142 2285 3248 2353 ipsi
3287 2284 3395 2338 Lot
3427 2280 3626 2352 signiﬁ

1972 2385 2167 2436 cesset
2199 2385 2318 2434 uta
2347 2377 2623 2435 Sodomis
2672 2377 2922 2432 omnino
2975 2375 3222 2444 fugeret,
3273 2375 3515 2444 propter
3544 2370 3630 2424 in-

1971 2468 2249 2525 cendium
2282 2467 2565 2522 divinitus
2580 2465 3048 2529 immittendum,
3078 2462 3241 2536 quod
3269 2461 3370 2516 illa
3383 2475 3629 2532 oppres-

1972 2573 2180 2612 surum
2229 2562 2378 2622 erat,
2433 2573 2504 2611 ac
2551 2555 2932 2627 praecepisset
2987 2558 3051 2608 ut
3104 2567 3213 2607 nec
3287 2551 3345 2605 in
3398 2554 3627 2618 tergum

1969 2645 2344 2718 respiciendo
2384 2645 2858 2716 progrederetur,
2908 2643 3166 2713 respexit
3217 2655 3368 2695 uxor
3403 2638 3534 2709 ejus
3567 2637 3629 2692 in

1970 2740 2226 2805 tergum,
2260 2741 2316 2790 et
2365 2735 2522 2790 facta
2551 2740 2640 2788 est
2669 2738 2864 2789 statua
2894 2732 3034 2787 salis
3067 2747 3080 2786 :
3117 2735 3312 2786 statua
3358 2727 3626 2801 quidem,

1971 2824 2033 2882 in
2063 2824 2405 2897 exemplum
2437 2840 2641 2880 eorum
2671 2823 2776 2896 qui
2804 2839 2840 2877 a
2873 2821 3115 2878 salutari
3148 2819 3243 2875 via
3291 2817 3370 2874 ad
3401 2817 3628 2890 priores

1971 2929 2170 2970 mores
2195 2919 2570 2970 revertuntur
2624 2929 2638 2980 ;
2671 2911 2814 2968 salis
2851 2916 3076 2980 autem,
3123 2914 3362 2982 propter
3401 2905 3628 2980 peccati

1970 3003 2377 3060 acerbitatem.

2043 3092 2209 3148 Vers.
2240 3095 2326 3148 33.
2361 3091 2690 3162 Quicunque
2735 3128 2744 3132 -
2788 3105 2932 3147 eam.
2961 3088 3311 3160 Quicunque
3331 3085 3628 3158 qumsierit

1972 3180 2231 3235 animam
2262 3197 2430 3234 suam
2456 3179 2708 3235 liberare
2731 3179 2802 3234 ab
2857 3177 3116 3232 inductis
3159 3175 3244 3231 illi
3279 3179 3518 3246 propter
3541 3189 3628 3229 re-

1972 3269 2254 3338 ligionem
2287 3269 2366 3324 ab
2392 3268 2749 3324 Antichristo
2783 3266 3079 3337 periculis,
3103 3264 3416 3336 perditioni
3446 3261 3626 3318 futuri

1971 3356 2243 3429 supplicii
2275 3357 2437 3414 trade
2469 3355 2650 3424 illam,
2682 3361 2744 3410 ut
2771 3371 2901 3427 qua:
2937 3353 3118 3409 ﬁdem
3159 3351 3442 3426 prodidit.

2040 3537 2206 3589 Vers.
2236 3535 2329 3593 33.
2378 3535 2452 3590 Et
2502 3533 2832 3606 quicunque
2875 3533 3140 3589 —Eam.
3192 3528 3473 3602 Quisquis
3522 3543 3627 3600 per

1970 3624 2239 3697 martyrii
2288 3630 2531 3680 mortem
2579 3624 2710 3696 ipsa
2755 3622 2928 3678 fuerit
2967 3619 3255 3693 privatus,
3297 3619 3394 3675 hic
3445 3618 3625 3674 vitam

1967 3713 2050 3770 illi
2076 3713 2333 3782 parabit,
2367 3713 2490 3768 sive
2512 3710 2761 3767 servabit
2789 3727 2923 3767 eam
2956 3711 3014 3764 in
3048 3709 3246 3765 futuro
3277 3706 3516 3763 saeculo.

2039 3804 2200 3860 Vers.
2231 3806 2317 3858 34.
2347 3803 2492 3858 Dico
2525 3833 2589 3844 -—
2637 3801 2800 3857 Vers.
2829 3801 2918 3856 33.
2974 3799 3383 3870 Relinquetur.
3417 3797 3482 3852 In
3527 3794 3627 3852 illa

1967 3899 2159 3957 nocte,
2185 3908 2301 3964 qua
2329 3893 2356 3948 ?
2397 3893 2460 3947 In
2500 3907 2592 3961 ea,
2623 3907 2765 3964 quos
2805 3889 2912 3946 erit
2941 3895 3206 3961 tempore
3246 3885 3494 3943 secundi
3525 3885 3624 3941 ad-

1968 3987 2177 4037 ventus
2224 3981 2436 4054 ipsius.
2491 3984 2568 4037 De
2619 3980 2711 4036 his
2766 3985 2988 4044 autem,
3030 3979 3132 4051 qui
3165 3983 3338 4033 erunt
3385 3977 3445 4031 in
3477 3990 3626 4047 agro

1966 4076 2022 4126 et
2057 4087 2189 4143 qum
2219 4076 2391 4127 erunt
2417 4070 2737 4126 molentes:
2771 4067 3081 4123 manifeste
3103 4066 3324 4121 dictum
3343 4069 3432 4120 est
3455 4065 3627 4136 quin-

1964 4161 2318 4232 quagesimo
2357 4165 2570 4215 octavo
2622 4158 2792 4229 juxta
2828 4156 3166 4212 Matthaaum
3198 4154 3391 4225 capite
3427 4159 3522 4211 :et
3543 4151 3625 4206 ibi

1964 4263 2164 4318 quaere
2189 4248 2329 4303 dicti
2365 4247 2519 4302 illius
2566 4247 3008 4302 enarrationem
3050 4260 3062 4298 :
3102 4243 3272 4301 Tunc
3305 4242 3419 4297 duo
3450 4246 3621 4296 erunt

1964 4335 2026 4391 in
2059 4351 2204 4406 agro
2235 4339 2304 4389 ³⁸.

2036 4425 2197 4481 Vers.
2234 4431 2319 4481 37.
2349 4426 2424 4480 Et
2453 4423 2870 4494 respondentes
2900 4453 2970 4463 —
2997 4438 3125 4494 quo,
3164 4418 3408 4476 Domine
3429 4419 3456 4474 ‘l
3491 4418 3621 4483 Quo

1966 4520 2351 4570 assumentur
2383 4519 2410 4570 ?

2037 4603 2200 4659 Vers.
2228 4603 2316 4658 37.
2348 4603 2422 4659 At
2445 4601 2768 4674 —aquilce.
2800 4603 2918 4657 Hoc
2937 4603 3040 4669 est,
3067 4599 3123 4654 in
3143 4613 3460 4654 occursum
3479 4595 3619 4667 mei,

1965 4692 2041 4750 ad
2072 4692 2406 4748 satellitium
2429 4709 2499 4748 ac
2530 4691 3031 4764 praemissionem.
3058 4688 3299 4760 Aquilas
3322 4685 3620 4760 siquidem

1967 4781 2298 4838 nominavit
2321 4782 2538 4854 justos,
2581 4785 2871 4852 tanquam
2903 4779 3216 4834 virtutibus
3249 4775 3534 4832 sublimes
3566 4779 3624 4830 et

1965 4872 2158 4942 regios
2191 4887 2204 4925 :
2235 4887 2454 4943 corpus
2504 4885 2664 4940 vero,
2699 4885 2760 4925 se
2814 4869 3038 4942 ipsum,
3082 4874 3370 4940 tanquam
3400 4864 3618 4936 hujus-

1966 4959 2128 5015 modi
2157 4959 2386 5032 aquilas
2424 4964 2910 5028 congregantem.
2943 4956 3116 5023 Quod
3162 4960 3364 5012 autem
3393 4954 3490 5009 hic
3518 4953 3624 5009 ha-

1964 5049 2131 5106 betur
2152 5059 2304 5123 σῶμα
2330 5065 2568 5123 corpus,
2620 5049 2920 5106 Matthmus
2969 5045 3204 5120 scripsit
3256 5053 3466 5119 πτῶμα,
3506 5043 3622 5101 hoc

1963 5144 2052 5196 est
2080 5139 2348 5199 cadaver.

1457 5357 1682 5428 Variae
1722 5359 2050 5429 lectiones
2093 5371 2160 5430 et
2206 5372 2410 5432 notae.

321 5495 419 5584 g8),
448 5497 582 5584 ἐπὶ.
609 5503 727 5561 τοῦς
755 5508 846 5563 τῆς
878 5501 933 5557 Β.
987 5499 1418 5572 Corrigenduin
1469 5501 1720 5569 videtur,
1763 5509 1853 5557 καὶ

251 5575 370 5629 τοὺς
399 5575 482 5622 ἐπὶ
521 5578 582 5629 τῆ
595 5591 638 5632 ς.

323 5639 402 5716 (9)
436 5642 764 5716 Hesychius
791 5654 847 5716 et
873 5644 969 5699 alii
1003 5643 1230 5716 θεάφεον,

325 5711 368 5792 (Ι
383 5715 436 5779 0)
464 5711 783 5788 Ἀναχωρείν
809 5711 1142 5792 frequenter
1160 5716 1412 5792 occurrit
1427 5715 1502 5772 de
1513 5717 1851 5792 monachis,

250 5787 354 5854 qui
369 5797 432 5838 se
446 5787 726 5858 separant
747 5787 1644 5846 acommerciohominum.Com
1653 5788 1853 5861 parari

1966 5510 2164 5589 potest
2213 5506 2526 5563 Herodian.
2584 5521 2642 5578 p.
2717 5507 2803 5571 39,
2883 5509 2933 5560 ἓν
3003 5478 3113 5569 τοῖς
3183 5507 3615 5580 ἀνακεχωρηκόσι

1968 5597 2394 5728 fagi/eram
2423 5648 2514 5728 36,
2549 5649 2990 5728 pretermissus
3021 5650 3333 5728 est__etiam
3365 5647 3446 5704 ab
3471 5650 3618 5704 Hen-

1962 5722 2140 5846 t‘iiatnio.
2169 5723 2320 5790 Ergo
2348 5736 2459 5778 nec
2488 5720 2640 5778 is'in
2685 5737 2795 5780 suo
2847 5721 3148 5794 Euthymii
3201 5721 3402 5780 codice
3449 5735 3614 5792 repe-
