4210 6436
628 377 757 435 1051
1942 383 2292 443 EUTHYMII
2332 384 2664 443 ZIGABENI
3882 390 4029 449 1052

996 506 1146 565 CAP.
1180 508 1312 565 LXI.
1347 509 1433 566 De
1444 509 1649 579 judice
1680 510 1902 584 iniquo.
2314 513 2356 567 Α
2605 519 2658 568 Κ]

2314 513 2356 567 Α
2605 519 2753 570 ΚΕΦ.
2785 511 2903 574 ΞΜ.
2936 520 3061 590 Περὶ
3092 523 3183 569 τοῦ
3208 525 3391 591 κριτοῦ
3421 524 3514 580 τῆς
3542 512 3782 581 ἀδικίας.

696 597 852 655 CAP.
887 598 1068 657 XLIII.
1109 599 1273 655 Vers.
1306 603 1356 655 I.
1400 600 1633 658 Dicebat
1668 632 1733 643 —
1762 615 1959 659 orare.
1990 602 2091 657 Die
2119 602 2280 659 vide-

2458 600 2638 675 Ἔλεγε
2670 635 2737 647 --
2768 608 3178 680 προσεύχεσθαι.
3215 606 3454 680 Ἡμέρας,
3489 604 3723 676 δηλαδὴ,
3754 613 3858 661 καὶ
3890 627 4023 661 νυκ-

624 685 762 745 licet
783 693 841 745 et
869 693 1059 755 nocte,
1093 688 1370 759 congruis
1401 698 1456 746 et
1482 690 1775 748 ordinatis
1812 691 2205 764 temporibus.

1812 691 2205 764 temporibus.
2389 694 2492 759 τὸς,
2521 695 2656 745 κατὰ
2683 697 2803 755 τοὺς
2828 702 3191 769 προσήκοντας
3219 700 3449 770 καιρούς.

695 776 861 834 Vers.
899 780 949 834 1.
979 778 1105 836 Nec
1141 779 1482 853 defatigari.
1506 783 1633 837 Non
1672 779 1924 837 deﬁcere
1953 786 2203 838 orantes.

2461 787 2563 835 Καὶ
2642 787 2714 855 μὴ
2783 782 3037 839 ἕκκακεῖν.
3118 790 3203 843 Μὴ
3292 784 3608 859 ἀποκάμνειν
3701 807 4014 861 προσευχο·

2387 890 2541 945 μενον
2552 893 2590 935 ς.

695 955 862 1014 Vers.
891 961 944 1014 2.
980 958 1197 1015 Dicem
1223 990 1291 1000 —
1316 958 1482 1015 Vers.
1534 962 1589 1015 4.
1642 959 2022 1034 Aliquandiu.
2079 963 2279 1034 Neque

2461 966 2638 1034 Λέγων
2697 993 2764 1005 —
2829 962 2915 1016 ἰπὶ
2965 968 3177 1036 χρόνον.
3254 970 3401 1023 Μήτι
3468 968 3557 1017 τὸν
3605 969 3734 1020 Θεὸν
3820 967 4017 1039 φοϐού-

627 1047 800 1103 Deum
831 1048 1072 1104 timebat
1093 1048 1402 1119 jubentem
1431 1065 1534 1105 eos
1564 1050 1884 1111 vindicare.
1925 1050 2029 1123 qui
2061 1050 2280 1121 injuria

2388 1070 2556 1123 μενος,
2624 1055 2711 1104 τόν
2786 1052 3054 1105 κελεύοντα
3115 1050 3339 1107 ἱκδικεῖν
3416 1058 3538 1116 τοὺς
3596 1051 4014 1128 ἀδικουμένους

623 1136 814 1193 aﬂ'ecti
844 1142 1020 1197 sunt:
1045 1152 1241 1211 neque
1275 1137 1582 1195 hominem
1622 1140 2026 1207 reverebatur,
2059 1140 2163 1213 qui
2185 1140 2278 1212 ju-

2388 1146 2515 1213 μήτε
2614 1143 2883 1216 ἄνθρωπον
2995 1141 3370 1218 ἔνι-ρεπόμενος,
3473 1147 3562 1195 τὸν
3669 1150 4012 1219 μεμφόμενον

623 1225 858 1285 dicibus
878 1227 1226 1299 indignatur
1245 1243 1564 1301 oppressos
1581 1229 2062 1304 despicientibus.

2387 1238 2491 1291 τοῖς
2525 1226 2808 1292 δικασταῖς
2855 1238 2967 1294 τοῖς
3000 1240 3285 1307 περιορῶσι
3325 1235 3447 1295 τούς
3492 1236 3626 1286 κατὰ
3677 1231 4011 1288 δυναστευο·

2428 1338 2592 1376 ενους.

694 1407 858 1464 Vers.
889 1408 939 1463 4.
970 1407 1107 1464 Post
1135 1404 1254 1462 hac
1277 1439 1345 1449 —
1374 1403 1542 1462 Vers.
1571 1411 1622 1463 5.
1655 1407 1832 1465 Illam
1871 1409 1959 1481 Η·
1985 1407 2279 1466 Laborem

2428 1339 2539 1371 ενου
2578 1362 2592 1376 .

2386 1339 2425 1390 μ
2458 1339 2602 1462 Musa.
2631 1404 2691 1461 δι
2719 1416 2887 1463 ταῦτα
2914 1440 2981 1451 -
3027 1408 3209 1469 αὐτήν.
3245 1412 3414 1463 Ιίὀπον
3464 1407 3524 1464 δε
3553 1411 3667 1484 (ἃ)
3719 1410 3870 1485 λέγει
3900 1421 4003 1478 νῦν,

621 1509 784 1552 nunc
814 1495 975 1562 dicit,
1007 1495 1409 1553 turbationem
1443 1496 1845 1568 (molestiam).

1096 1495 1409 1553 'bationem
1443 1496 1845 1568 (molestiam).
2388 1502 2483 1556 τὴν
2512 1496 2758 1570 ὄχλησιν,

693 1586 857 1643 Vers.
891 1592 942 1642 5.
975 1586 1060 1643 Ne
1117 1617 1185 1629 —
1251 1602 1362 1642 me.
1414 1586 1484 1641 In
1527 1586 1724 1658 ﬁnem.
1774 1586 1886 1643 hoc
1940 1592 2047 1653 est,
2115 1603 2276 1662 pror-

2455 1586 2569 1641 ἰνα
2609 1617 2676 1630 -
2730 1607 2812 1660 με.
2869 1588 2958 1650 Εἰς
3007 1588 3169 1651 τέλος,
3221 1591 3384 1660 ἤγουν
3455 1590 3591 1664 ἄχρι
3644 1594 3864 1657 παντὸς,
3932 1590 4001 1645 δι’

624 1692 748 1747 sus,
776 1681 882 1734 aut
900 1675 1474 1733 tandem.E.rlurbet
1506 1681 1729 1745 autem,
1778 1679 1835 1733 id
1869 1682 1977 1741 est,
2024 1678 2280 1750 graviter

2389 1676 2528 1730 ὅλου.
2558 1675 2861 1751 ’Υπωπιάξῃ
2892 1677 3006 1751 (13)
3036 1697 3099 1751 με
3131 1673 3210 1742 δέ,
3253 1675 3367 1730 ἀντὶ
3392 1686 3505 1747 τοῦ,
3537 1686 3764 1754 Δυσωπῇ
3799 1681 3933 1753 (14),
3966 1687 3994 1740 ἦ

622 1766 868 1839 aspiciat
904 1767 971 1840 (ι)
997 1770 1101 1823 aut
1123 1770 1300 1838 cogat
1327 1781 1339 1823 :
1368 1781 1510 1824 nam
1543 1767 1669 1823 haec
1707 1767 2000 1840 significat
2026 1766 2278 1825 verbum
2389 1765 2578 1841 pars.

617 1857 887 1931 ύποπιοῐζῃ
897 1900 910 1912 .
2314 1869 2357 1926 Β

689 1949 847 2003 Vers.
882 1951 933 2003 6.
957 1945 1056 2002 Ait
1076 1976 1145 1988 —
1173 1945 1353 2003 dicat.
1381 1946 1549 2014 Puta,
1582 1947 1745 2021 quod
1776 1962 2130 2021 quanquam
2154 1962 2277 2005 non

2458 1944 2581 2001 Εἶπε
2610 1978 2678 1990 -
2705 1946 2861 2018 λέγει.
2891 1954 3031 2009 Ὀτι,
3066 1946 3109 2000 εἰ
3154 1952 3244 2000 καὶ
3278 1951 3349 2019 μὴ
3393 1944 3487 2000 διὰ
3527 1946 3685 2021 φόϐον
3710 1954 3862 2013 Θεοῦ,
3906 1953 3983 2001 καὶ

617 2039 861 2108 propter
909 2035 1009 2091 Dei
1058 2034 1332 2092 timorem
1365 2051 1377 2090 :
1409 2051 1519 2092 nec
1576 2036 1829 2093 hominis
1858 2035 2273 2104 reverentiam,

2387 2036 2636 2113 ἓντροπήν
2668 2036 2954 2110 ἀνθρώπου,
2996 2036 3123 2089 ἀλλά
3159 2056 3220 2107 γε
3255 2034 3348 2089 διὰ
3385 2041 3477 2096 τὴν
3508 2038 3759 2111 ὄχλησιν,
3808 2045 3895 2093 καὶ
3933 2042 3987 2093 τό

620 2129 683 2181 at
718 2124 928 2181 saltem
980 2129 1221 2199 propter
1273 2124 1612 2182 molestiam
1664 2142 1734 2182 ac
1786 2125 2276 2200 interpellationis

1875 2125 2276 2200 erpellationis
2387 2130 2599 2201 συνεχὶς
2628 2135 2724 2189 τῆς
2752 2126 3017 2191 amem;
3046 2123 3318 2186 ἐκδικήσει
3348 2126 3532 2187 αὐτήν.

624 2214 1098 2280 continuitatem,
1134 2215 1542 2272 vindicaturus
1572 2220 1659 2271 est
1689 2216 1874 2273 illam.

686 2302 856 2360 Vers.
879 2309 933 2360 7.
963 2306 1116 2361 Deus
1137 2338 1207 2346 —
1236 2313 1423 2362 nocte.
1458 2309 1785 2379 Interrogat
1814 2306 1947 2371 hoc,
1981 2310 2272 2379 tanquam

2451 2301 2512 2356 Ὀ
2543 2299 2603 2357 δι
2632 2305 2761 2366 Θεὸς
2793 2333 2859 2343 -
2887 2307 3090 2365 νυκτός.
3140 2301 3336 2376 Ἐρωτᾷ
3374 2309 3550 2371 τοῦτο,
3599 2306 3668 2366 ὡς
3706 2303 3984 2377 ἆναμαῖον

616 2394 1017 2450 necessarium
1043 2398 1107 2450 ut
1131 2394 1319 2466 quivis
1350 2395 1622 2451 fateatur.

1226 2395 1319 2451 ;vis
1350 2395 1622 2451 fateatur.
2386 2392 2888 2465 πνομολογηθῆναι.

686 2483 853 2538 Vers.
869 2489 923 2538 '7.
959 2483 1154 2540 Etiam
1173 2515 1222 2524 —-
1256 2483 1397 2539 illis.
1415 2485 1772 2557 Quanquam
1790 2486 1943 2539 Deus
1965 2499 2145 2556 super
2161 2482 2273 2539 illis

2456 2487 2556 2536 Kal
2587 2512 2655 2523 —
2700 2482 2877 2544 αὐτοῖς
2902 2497 2915 2545 ;
2945 2480 3004 2534 Ὀ
3031 2484 3183 2545 Θεὸς,
3230 2481 3255 2533 ὀ
3285 2486 3374 2534 καὶ
3405 2484 3742 2556 μακροθυμῶν
3770 2480 3853 2534 ἐπ’
3879 2482 3981 2533 αὗ-

613 2571 869 2646 primum
900 2571 1160 2628 tolerans
1191 2574 1266 2627 sit
1295 2573 1419 2629 sive
1433 2573 1604 2646 quasi
1636 2573 1939 2645 despicere
1962 2572 2271 2646 aliquanto

2382 2579 2490 2633 τοῖς
2515 2577 2779 2645 πρότερον,
2810 2575 2970 2643 ἤγουν
3002 2572 3027 2623 ὀ
3056 2579 3295 2647 παρορῶν
3323 2569 3509 2634 αὐτοὺς
3546 2570 3622 2623 ἔπ’
3661 2570 3848 2641 ὀλίγον,
3882 2571 3966 2622 ἵνα

613 2665 881 2733 tempore
909 2662 1198 2728 videatur,
1242 2667 1305 2718 ut
1342 2662 1450 2734 ipsi
1482 2661 1821 2734 probentur.

1113 2678 1198 2728 ur,
1242 2667 1305 2718 ut
1342 2662 1450 2734 ipsi
1482 2661 1821 2734 probentur.
2382 2656 2775 2734 δοκιμασθῶσι.

684 2751 848 2806 Vers.
880 2750 939 2807 8.
982 2750 1123 2807 Dico
1146 2782 1210 2792 —
1241 2752 1376 2807 cito.
1428 2751 1684 2808 Omnino
1715 2754 1853 2825 post
1900 2749 2270 2808 tolerantiam

2149 2751 2270 2808 iam
2454 2755 2604 2823 Λέγω
2632 2781 2696 2791 -
2726 2751 2904 2822 τάχει.
2928 2752 3071 2803 Μετὰ
3098 2755 3190 2809 τὴν
3212 2751 3569 2825 μακροθυμίαν
3590 2749 3811 2808 πάντως.

614 2838 808 2897 faciet.

683 2928 933 2996 Quidam
959 2943 1100 2984 vero
1122 2928 1293 3000 juxta
1316 2942 1630 2999 anagogen
1649 2927 1986 3000 intelligunt
2002 2928 2268 3001 judicem

2448 2927 2593 2987 Τινὲς
2624 2920 2683 2977 δι
2710 2927 2844 2976 κατὰ
2874 2922 3148 2995 ἀναγωγὴν
3177 2931 3357 2977 νοοῦσι
3380 2927 3568 2999 κριτήν
3609 2929 3702 2983 τῆς
3743 2918 3979 2988 ἀδικίας,

611 3015 937 3087 injustitiai,
972 3019 1157 3074 Deum
1192 3032 1205 3071 :
1236 3017 1339 3091 qui
1374 3019 1558 3073 Deum
1590 3032 1711 3073 non
1743 3018 1928 3084 timet,
1961 3033 2100 3074 cum
2145 3032 2266 3074 non

2377 3017 2465 3068 τὸν
2495 3017 2646 3071 Θεὸν,
2691 3018 2822 3085 μήτε
2852 3017 2981 3066 Θεὸν
3021 3013 3348 3085 φοϐούμενον,
3396 3016 3466 3076 ὡς
3516 3017 3589 3086 μὴ
3631 3014 3775 3074 ὄντος
3814 3012 3980 3085 ἕτερον

612 3105 689 3162 sit
717 3105 869 3162 alius
900 3106 1055 3162 Deus
1081 3111 1293 3179 praeter
1321 3107 1542 3179 ipsum,
1603 3123 1712 3162 nec
1740 3106 2047 3163 hominem
2100 3122 2266 3162 reve-

2378 3108 2505 3158 Θεοῡ
2561 3104 2684 3178 παρ’
2738 3103 2914 3167 αὐτὸν,
2969 3107 3095 3175 μήτε
3147 3104 3415 3177 ἄνθρωπον
3469 3101 3851 3176 ἕντρεπόμενον,
3915 3105 3983 3165 ὡς

609 3199 788 3263 retur,
816 3200 1019 3268 utpote
1050 3212 1255 3252 carens
1286 3200 1557 3268 respectu
1588 3212 2006 3268 personarum.
2056 3195 2267 3253 Civita-

2318 3228 2341 3283 3
2379 3191 2879 3267 διττροσιιιττολητττον⁸
2906 3192 3051 3244 πόλιν
3075 3189 3109 3244 δ
3112 3195 3153 3258 ξ,
3187 3196 3280 3250 τὴν
3297 3191 3614 3250 Ἐκκλησίαν
3640 3198 3737 3243 τῶν
3758 3198 3980 3243 πιστῶν·

612 3287 731 3341 tem
761 3300 924 3351 vero,
956 3284 1283 3342 Ecclesiam
1322 3285 1523 3341 dicunt
1548 3284 1813 3340 ﬁdelium
1840 3304 1854 3356 ;
1887 3286 2135 3341 viduam
2164 3301 2267 3341 au-

2319 3278 2334 3283 ⁷
2378 3288 2550 3356 χήραν
2580 3278 2659 3347 δι,
2693 3287 2867 3334 πᾶσαν
2888 3280 3094 3352 ψυχὴν,
3128 3283 3198 3341 ὠς
3226 3283 3574 3354 χηρεύσασαν
3604 3289 3693 3341 τῆς
3722 3284 3847 3353 πρὸς
3895 3284 3981 3333 τὸν

608 3377 750 3442 tem,
792 3374 1124 3448 quamlibet
1179 3374 1446 3431 animam
1491 3380 1831 3446 separatam
1880 3390 1916 3430 a
1972 3374 2265 3431 daemonis

2379 3368 2608 3442 δαίμονα
2649 3374 2943 3443 συναφείαςο
2978 3367 3239 3422 ἀντίδικον
3271 3366 3329 3423 δε
3360 3368 3544 3431 αὐτῆς,
3583 3372 3669 3421 τὸν
3713 3366 3981 3425 διάϐολον.

609 3464 1031 3537 conjunctione
1066 3481 1080 3531 ;
1110 3465 1467 3521 contrarium
1511 3479 1653 3519 vero
1707 3463 1885 3530 illius,
1933 3464 2264 3519 diabolum.

2376 3457 2608 3523 Ἕδειξεν
2630 3457 2717 3512 οὖν
2751 3463 2781 3518 ἡ
2810 3458 3102 3535 παραϐολὴ,
3135 3460 3215 3511 ὅτι
3241 3458 3633 3533 ἀνυσιμώτατον
3657 3460 3770 3513 ἑστι
3799 3463 3856 3511 τό
3889 3468 3988 3521 τῆς

609 3553 882 3611 Ostendit
906 3569 1050 3623 ergo
1080 3552 1390 3626 parabola,
1423 3552 1585 3625 quod
1642 3568 1736 3609 res
1766 3552 1838 3608 sit
1880 3553 2139 3609 maxime
2170 3568 2270 3608 ex-

1314 3553 1390 3617 la,
1423 3552 1585 3625 quod
1642 3568 1736 3609 res
1766 3552 1838 3608 sit
1880 3553 2139 3609 maxime
2170 3568 2270 3608 ex-
2376 3558 2686 3626 προσευχῆς
2718 3549 2975 3623 ἐπίμονον.

610 3642 858 3714 pediens
899 3643 1181 3700 orationis
1212 3641 1670 3714 perseverantia.

678 3728 1138 3805 Chrysostomus
1175 3746 1317 3787 vero
1360 3729 1613 3801 impium
1638 3745 1707 3786 ac
1752 3729 2151 3786 inhumanum
2183 3729 2269 3785 di-

2451 3726 2528 3798 [Ο
2556 3727 2667 3798 (15)
2700 3723 2759 3780 δε
2799 3731 3197 3800 Χρυσόστομος,
3248 3725 3455 3779 ἀνόσιον
3505 3726 3615 3795 (16)
3667 3729 3758 3778 καὶ
3807 3724 3988 3778 ἀποίν-

607 3837 752 3879 cens
781 3820 947 3879 hunc
980 3820 1271 3894 judicem,
1327 3817 1888 3892 rejicithujusmodi
1928 3834 2264 3891 anagogen-

2378 3818 2580 3890 θρωπον
2604 3816 2763 3887 λέγων
2784 3820 2871 3869 τὸν
2900 3825 3131 3869 τοιοῦτον
3157 3820 3357 3891 κριτὴν,
3393 3816 3678 3869 ἀπωθεῖται
3692 3820 3785 3873 τὴν
3806 3819 3990 3868 τοιαὺο

2372 3924 2468 3964 την
2500 3903 2823 3979 ἀναγωγήν.]

677 3999 845 4056 Vers.
878 4003 935 4057 8.
993 3997 1409 4055 Verumtamen
1449 4028 1519 4038 —
1540 4002 1704 4055 terra
1729 3997 1758 4055 τ
1783 3999 1922 4053 Cum
1952 3996 2179 4054 venerit
2205 3996 2265 4054 in

2450 3994 2586 4054 Πλὴν
2611 4026 2675 4035 -
2695 4003 2792 4066 γῆς
2812 4012 2825 4061 ;
2848 3994 3035 4048 Ἐλθὼν
3059 3992 3106 4046 ἕν
3124 4003 3187 4068 τῇ
3221 3990 3256 4047 δ
3260 3998 3440 4070 ευτίρα
3465 3999 3752 4069 παρουσίᾳ.
3776 3995 3990 4066 Ἐρωτᾴ

606 4088 872 4146 secundo
898 4087 1179 4145 adventu.
1201 4086 1528 4157 Interrogat
1552 4091 1754 4143 autem
1781 4086 1924 4142 etde
1954 4086 2091 4151 hoc,
2122 4103 2262 4154 non,

2376 4080 2436 4137 δι
2464 4088 2553 4137 καὶ
2583 4088 2697 4159 περὶ
2725 4087 2930 4148 τούτου,
2965 4083 3069 4155 οὐχ
3100 4086 3163 4144 ὡς
3203 4081 3419 4155 ἀγνοῶν,
3452 4082 3560 4136 ἀλλ’
3589 4082 3870 4157 ἐμφαίνων,
3904 4087 3988 4138 ὅτι

604 4177 769 4255 quod
797 4176 1047 4249 ignoret,
1073 4176 1180 4235 sed
1211 4176 1552 4243 ostendens,
1573 4175 1737 4250 quod
1763 4180 1901 4232 tunc
1914 4177 2092 4249 pauci
2123 4176 2266 4233 ﬁde-

1651 4175 1737 4232 ;Od
1763 4180 1901 4232 tunc
1914 4177 2092 4249 pauci
2123 4176 2267 4233 ﬁde—
2374 4173 2541 4246 ὀλίγοι
2570 4178 2753 4227 πιστοὶ
2775 4175 3142 4247 εὑρεθήσονται
3179 4177 3313 4230 τότε.

606 4260 691 4327 les
719 4267 1105 4326 invenientur.

818 4358 983 4418 CAP.
1018 4358 1172 4414 LXII.
1205 4357 1286 4412 De
1317 4354 1607 4412 Pharist
1638 4360 1691 4411 et
1719 4354 2050 4428 publicano.

2484 4358 2631 4407 ΚΕΦ.
2658 4352 2772 4409 ΞΒ’.
2808 4358 2931 4429 Περὶ
2956 4360 3048 4406 τοῦ
3078 4356 3367 4428 Φαρισαίου
3389 4355 3475 4404 καὶ
3509 4360 3601 4405 τοῦ
3625 4350 3867 4408 τελώνου.

674 4448 835 4505 Vers.
855 4447 891 4502 9
903 4493 916 4506 .
945 4446 1113 4504 Dixit
1126 4476 1192 4486 —
1205 4444 1377 4500 Vers.
1398 4448 1478 4500 to.
1499 4444 1887 4501 Publicanus.
1912 4448 2059 4519 Apte
2078 4460 2262 4501 unum

2448 4440 2569 4496 Εἰπε
2592 4473 2655 4482 -
2673 4442 2912 4506 τελώνης.
2926 4443 2975 4495 Ἀ
2986 4463 3015 4518 ρ
3020 4439 3126 4515 μοδ
3132 4447 3216 4502 ίως
3233 4444 3319 4494 τὸν
3336 4442 3423 4494 aa
3438 4446 3719 4516 Φαρισαῖον
3735 4443 3986 4510 ὑπέθετο,

602 4537 920 4612 proposuit
938 4534 1305 4592 Pharismum
1325 4538 1383 4589 et
1406 4532 1657 4590 alterum
1683 4533 2088 4607 publicanum;
2122 4533 2264 4591 Pha-

2373 4536 2463 4585 καὶ
2495 4535 2583 4585 τὸν
2608 4532 2794 4605 ἕτερον,
2825 4531 3044 4590 τελώνην
3069 4551 3082 4565 ·
3108 4533 3156 4583 οἱ
3186 4537 3465 4606 Φαρισαῖοι
3502 4534 3592 4604 μεν
3637 4534 3738 4605 γὰρ
3774 4527 3988 4585 δίκαιοι

611 4625 769 4684 risaai
791 4624 1089 4700 siquidem
1120 4623 1264 4697 justi
1295 4621 1665 4689 videbantur,
1698 4627 1754 4678 et
1788 4621 2090 4697 publicani
2132 4639 2265 4697 pec-

1737 4627 1754 4678 ι
1788 4621 2090 4697 publicani
2132 4639 2265 4697 pec-
2293 4697 2318 4700 A
2375 4618 2640 4689 δοκοῦσιν,
2676 4624 2725 4674 οἱ
2752 4621 2961 4674 τελῶναι
2993 4617 3052 4675 δι
3082 4619 3399 4695 ἁμαρτωλοί.

608 4697 880 4774 οιιίοιιοεί
2291 4697 2339 4753 D

673 4805 840 4862 Vers.
873 4808 955 4859 tt.
990 4801 1323 4859 Phariszeus
1353 4832 1421 4843 —
1453 4801 1829 4872 publicanus.
1863 4799 2025 4857 Talia
2060 4816 2259 4868 orans,

2445 4807 2488 4853 Ο
2557 4806 2837 4875 Φαρισαῖος
2895 4831 2964 4842 -
3023 4800 3262 4862 τελώνης.
3321 4805 3550 4853 Τοιαῦτα
3613 4802 3985 4872 προσευχόμε-

608 4893 756 4951 nihil
786 4892 951 4949 aliud
976 4891 1213 4962 agebat,
1245 4908 1413 4963 quam
1446 4891 1606 4966 quod
1639 4907 1699 4947 se
1730 4891 1925 4963 ipsum
1955 4890 2259 4947 laudabat.

2371 4910 2475 4956 νος,
2526 4886 2677 4943 οὐδὲν
2725 4890 2893 4965 ἕτερον
2946 4887 3123 4954 incisi,
3179 4892 3209 4947 ἦ
3265 4887 3576 4960 ἐνεκωμίαζε
3625 4891 3714 4961 μεν
3770 4887 3980 4955 ἑαυτὸν,

606 4989 849 5041 caeteros
882 4996 1018 5038 vero
1046 4980 1324 5038 homines
1351 4997 1422 5039 ac
1478 4980 1873 5056 publicanum
1922 4979 2261 5054 spernebat.

2373 4977 2627 5045 ἓξουδένει
2671 4976 2730 5033 δι
2774 4982 2893 5041 τοὺς
2928 4978 3140 5042 λοιποὺς
3179 4976 3496 5051 ἀνθρώπους,
3543 4982 3634 5031 καὶ
3678 4980 3764 5030 τὸν
3812 4977 3981 5029 τελώ-

762 5107 961 5167 latth.
992 5123 1147 5175 xxiv,
1179 5110 1271 5166 27.
1888 5168 1895 5175 ο

1808 5178 2034 5248 Variae
2072 5176 2397 5246 lectiones
2427 5188 2492 5247 et
2522 5188 2725 5246 notae.

675 5322 788 5396 (12)
819 5325 880 5377 Al
906 5321 1119 5379 omittit
1140 5324 1204 5380 Β.
1260 5322 1386 5379 Ηοο
1446 5319 1674 5378 scholia
1727 5325 1891 5381 caret
1916 5320 2255 5388 Hentenius,
2436 5321 2531 5390 (15
2578 5320 2813 5380 Inclusa
2839 5318 2898 5375 in
2930 5318 3200 5391 margine
3220 5316 3403 5374 habet
3430 5317 3495 5372 A.
3521 5317 3585 5373 In
3612 5318 3777 5373 textu
3803 5317 3865 5371 Β.

675 5392 767 5450 μιιά
805 5409 989 5466 quem
1023 5393 1613 5466 contextusjunctim
1642 5393 1874 5464 legitur.
2380 5462 2408 5466 _
2437 5321 2553 5466 (16;
2598 5391 2777 5466 Apud
2807 5390 3299 5466 Chrysostomum
3334 5394 3461 5445 tom
3493 5389 3604 5456 VII,
3657 5402 3799 5466 pag.
3845 5388 3865 5445 ε

603 5388 779 5470 apud
805 5409 989 5469 quem
1023 5398 1338 5452 contextus
1354 5393 1613 5467 junctim
1642 5393 1874 5464 legitur.

673 5466 782 5540 (13)
811 5465 1209 5540 ’Υπωπιάξεςβι
1262 5536 1291 5540 ι,
1382 5537 1405 5540 ,

2437 5388 2553 5466 (16)
2598 5391 2777 5464 Apud
2807 5388 3297 5463 Chrysostomum
3334 5394 3461 5445 tom
3493 5389 3604 5456 VII,
3657 5402 3799 5460 pag.
3845 5388 3976 5445 581.

2369 5462 2432 5521 C.
2459 5469 2567 5522 est.
2595 5463 2770 5540 Εἰγὰρ
2801 5471 2932 5537 mni}
2965 5463 3103 5537 ὠμόν
3126 5481 3245 5515 τινα
3264 5463 3522 5535 ἄρχοντα,
3549 5479 3601 5516 κ.
3633 5478 3684 5515 τ.
3705 5458 3757 5517 λ.

697 5469 782 5540 13)
811 5469 1127 5527 ’Υπωπιάζει
1146 5472 1209 5524 Β.

673 5469 723 5613 ξι
736 5539 790 5612 4)
819 5544 1082 5592 Δυσωπιεῖ
1110 5536 1355 5612 ἣίβιάζει
1380 5537 1439 5592 Β.

645 5645 741 5732 .(ι)
771 5645 924 5733 Satis
974 5648 1231 5733 apparet
1271 5641 1682 5733 exuversipne,
1713 5641 2263 5733 Ilenteniu‘mjnve:
2370 5642 2924 5733 gaudiummov'e‘rej
2934 5640 3232 5733 adeoque
3246 5653 3516 5733 ciarum.
3536 5640 3659 5696 Hoc
3680 5638 3817 5696 loco
3836 5637 3979 5695 red-

599 5710 761 5777 niss'e
838 5710 1108 5790 ὑππιᾶξῃ
1171 5716 1490 5790 Castorum“
1522 5710 1787 5790 δυσωπεῖν
1841 5733 1960 5790 τινα
1986 5728 2108 5770 non
2174 5720 2261 5771 est

1711 5721 1787 5790 ἐἰν
1841 5733 1960 5790 τινα
1986 5728 2108 5770 non
2174 5720 2264 5771 est
2370 5713 2512 5772 dere
2534 5714 2760 5788 possis:
2788 5715 3023 5773 Pudere
3048 5710 3142 5771 me
3163 5713 3373 5784 faciat.

598 5785 1148 5864 graviteraspicere,
1160 5789 1392 5847 vultum
1402 5786 1656 5859 alicujus
1667 5785 1737 5842 ad
1744 5785 2028 5861 pudorem
2037 5792 2095 5844 et
2107 5800 2264 5845 vere.
