4210 6454
275 403 408 464 ίῶὃ

268 550 379 599 νην,
406 536 579 586 καίτοι
621 536 916 606 γέγραπται
963 539 1042 589 ὅτι
1087 535 1484 610 Ἐγκωμιαζίτω
1512 556 1569 591 σε
1613 538 1638 590 ὁ
1684 537 1861 601 πίλας,

268 625 359 674 καὶ
412 626 484 695 μὴ
561 626 618 676 τό
695 626 785 676 σὸν
855 629 1044 698 στόμα,
1123 624 1407 702 ἀλλότριος,
1483 633 1573 680 καὶ
1640 632 1712 701 μὴ
1799 630 1866 681 τὰ

276 712 345 761 σὰ
372 711 524 782 χείλη
535 754 550 770 ,

342 803 593 858 Νηστεύω
622 833 686 842 -—
716 802 1001 860 Σαϐϐάτου.
1033 803 1292 858 Σάϐϐατόν
1325 804 1541 859 ἐνταῦθα
1569 805 1724 880 λέγει,
1776 812 1863 865 τὴν

273 886 393 945 ὅλην
433 887 725 962 ἑϐδομάδα.

345 974 677 1032 Ἀποδεκατῶ
707 1011 769 1024 —
796 991 1018 1056 κτῶμαι.
1046 985 1214 1060 Χάριν
1239 993 1335 1038 τῶν
1375 991 1621 1045 πενήτων.

345 1161 444 1210 Καὶ
471 1189 533 1199 -
561 1160 769 1234 ἐπᾶραι.
806 1165 1000 1236 Κρίνων
1031 1162 1211 1215 ἑαυτὸν
1243 1162 1468 1230 ἀνάξιον,
1501 1163 1560 1216 ού
1589 1167 1742 1237 μόνον
1773 1171 1867 1225 τῆς

269 1243 426 1318 ἕγγύς
491 1251 740 1319 στάσεως,
825 1250 954 1304 ἀλλὰ
1015 1257 1106 1304 καὶ
1179 1261 1271 1306 τοῦ
1338 1251 1572 1308 ἀτενίσαι
1655 1253 1728 1316 εἰς
1777 1256 1865 1306 τόν

268 1335 503 1410 οὐρανόν.

337 1425 472 1478 Ἀλλ’
515 1458 584 1468 -
639 1427 949 1504 ἁμαρτωλῷ.
1014 1427 1406 1495 Ἐξουδενωθεὶς
1457 1433 1557 1485 ύπό
1605 1440 1698 1485 τού
1766 1439 1864 1486 Φα-

265 1520 499 1588 ρισαίου,
547 1517 737 1590 μᾶλλον
784 1526 1218 1594 προσκατέκρινεν
1249 1521 1450 1585 ἑαυτὸν,
1508 1527 1597 1574 καὶ
1655 1525 1866 1574 ἔτυπτεν

269 1604 336 1666 εἰς
394 1609 452 1658 τό
511 1609 704 1672 στῆθος
757 1609 939 1677 αύτού,
989 1609 1263 1684 ἐμφαίνων,
1324 1614 1406 1665 ὅτι
1451 1611 1662 1685 πληγῶν
1725 1609 1866 1664 ἔστιν

269 1694 414 1758 ἄξιος
453 1697 588 1770 (17).

1299 409 1672 470 COMMENT.
1714 408 1784 466 IN
1823 409 2093 468 LUCAM.
2136 443 2198 452 --
2231 409 2394 470 CAP.
2437 411 2629 468 XVIII.

3493 409 3632 467 1054

1970 536 2148 610 Atqui
2174 537 2452 611 scriptum
2481 544 2572 596 est
2604 562 2616 595 :
2663 539 2884 598 Laudet
2934 546 2990 597 te
3024 539 3272 597 vicinus‘
3318 545 3372 597 et
3409 553 3527 596 non
3564 554 3630 597 οε

1975 633 2157 694 tuum,
2186 629 2416 686 alienus
2436 636 2491 687 et
2519 645 2635 686 non
2667 631 2817 686 labia
2841 636 2941 686 tua
2978 631 3051 688 ³ο.

2045 807 2211 864 Vers.
2290 809 2373 862 12.
2431 807 2646 876 Jejuno
2679 837 2741 849 —-
2791 805 3066 864 Sabbato.
3101 805 3434 863 Sabbatum
3487 803 3631 862 dicit

1974 895 2073 952 hic
2103 900 2286 953 totam
2318 895 2792 953 hebdomadam.

2047 986 2210 1042 Vers.
2271 987 2358 1041 13.
2425 986 2680 1042 Decimus
2721 985 2786 1040 do
2845 1017 2912 1027 —
2953 985 3241 1056 possideo.
3285 984 3625 1058 Pauperum

1975 1075 2188 1148 gratia.

2046 1167 2209 1221 Vers.
2241 1169 2322 1231 t3,
2349 1166 2426 1221 Et
2454 1195 2519 1206 —
2541 1167 2835 1233 attollere,
2859 1169 2984 1222 Non
3004 1166 3201 1222 solum
3223 1165 3540 1236 indignum
3564 1178 3627 1220 se

1970 1253 2266 1326 judicans,
2306 1259 2371 1311 ut
2399 1269 2588 1328 prope
2629 1259 2830 1320 staret,
2863 1271 3072 1313 verum
3103 1255 3303 1322 etiam,
3330 1258 3395 1310 ut
3422 1254 3485 1312 in
3515 1267 3631 1311 cm-

1973 1343 2101 1400 lum
2139 1344 2491 1402 intenderet.

2044 1435 2209 1489 Vers.
2271 1438 2355 1492 13.
2410 1435 2526 1492 Sed
2555 1465 2624 1478 —
2652 1434 2958 1507 peccaturi.
2991 1435 3236 1508 Spretus
3267 1449 3304 1489 a
3324 1433 3626 1490 Pharismo

1978 1537 2109 1578 sese
2123 1524 2314 1594 magis
2330 1523 2466 1580 hinc
2481 1523 2730 1580 condem
2741 1523 2940 1590 nabat,
2960 1527 3018 1579 et.
3031 1522 3402 1595 percutiebat
3420 1525 3628 1595 pectus

1976 1627 2175 1678 suum,
2216 1613 2558 1680 ostendens,
2592 1613 2754 1686 quod
2783 1613 2971 1685 plagis
3000 1611 3214 1685 dignus
3241 1617 3416 1668 esset.

334 1785 376 1856 -ι-
409 1784 739 1843 Verberans
769 1789 927 1844 enim
962 1794 1185 1860 pectus,
1219 1790 1473 1848 crimina
1513 1791 1848 1854 conﬁtetur,
1901 1793 1957 1846 et
2004 1794 2294 1864 tanquam
2327 1791 2606 1848 morbum
2660 1791 2894 1848 medico
2944 1789 3360 1857 manifestans,
3423 1805 3633 1864 preca-

272 1877 366 1929 tur
393 1873 508 1930 sibi
540 1876 1007 1934 misericordiam
1035 1879 1318 1935 exhiberi.

344 1968 592 2035 Λέγω-
650 1963 854 2026 ἐκεῖνος.
891 1971 1033 2040 Παρό
1085 1966 1292 2034 ἐκεῖνος,
1347 1972 1525 2040 ἤγουν,
1589 1969 1683 2022 ούκ
1738 1967 1864 2022 ἐκεῖ·

2049 1971 2212 2028 Vers.
2246 1974 2329 2028 14.
2359 1971 2490 2028 Dico
2520 2002 2589 2011 -
2615 1971 2736 2027 ille.
2768 1973 2885 2026 Hoc
2912 1974 3019 2036 est,
3054 1974 3110 2027 et
3133 1985 3255 2026 non
3285 1970 3402 2027 ille.
3438 1970 3629 2044 Siqui-

444 2052 502 2104 Ὀ
559 2056 648 2124 μεν
712 2057 813 2126 γὰρ
875 2051 1172 2116 δικαιώσας
1240 2062 1392 2128 μόνον
1450 2058 1651 2123 ἑαυτὸν,
1719 2078 1867 2110 κατε-

273 2135 307 2191 δ
314 2142 506 2200 ικοίσθη
549 2145 692 2216 παρὰ
724 2151 859 2196 Θεοῦ
883 2165 895 2177 ·
929 2145 955 2196 ό
987 2142 1046 2197 δὲ
1070 2143 1440 2209 καταδικάσας
1467 2153 1620 2220 μόνον
1668 2147 1867 2212 ἑαυτὸν,

269 2224 558 2286 ἐδικαιώθη
627 2233 769 2303 παρά
835 2236 980 2286 Θεοῦ.
1040 2239 1140 2286 Καὶ
1209 2237 1394 2287 τούτου
1446 2239 1536 2308 μὶν
1580 2239 1750 2288 πάντα
1807 2238 1871 2288 τα

269 2323 638 2391 προτερήματα
694 2318 989 2383 ἕξεκένωσεν
1021 2323 1050 2380 ἠ
1103 2326 1310 2386 οἰησις*
1354 2323 1546 2377 ἐκείνου
1591 2322 1650 2379 δὲ
1702 2328 1872 2378 πάντα

269 2407 336 2456 τὰ
387 2404 722 2480 ἐλαττώματα
771 2409 1074 2484 ἐξεφόρησεν
1125 2415 1154 2470 ἠ
1209 2418 1538 2475 ταπείνωσις.
1598 2415 1734 2490 Ὀρα
1758 2414 1864 2478 οὖν,

270 2502 380 2554 πῶς
423 2491 664 2559 διάθεσις
694 2495 915 2570 καρδίας
943 2506 1031 2552 καὶ
1061 2500 1212 2572 λόγος
1264 2509 1524 2574 στόματος
1568 2503 1617 2556 ἓν
1670 2504 1872 2578 βραχεῖ

269 2592 435 2656 καιρῷ
496 2594 588 2638 τού
675 2590 786 2659 μὲν,
857 2589 1054 2641 πολλῶν
1125 2590 1247 2642 ἐτῶν
1311 2588 1686 2655 δικαιοσύνας⁸

271 2071 374 2114 νος.

1778 2614 1870 2646 του

272 2669 350 2739 δέ,
421 2672 620 2726 πολλῶν
689 2675 811 2728 ἐτῶν
869 2675 1074 2740 ἀδικίας
1137 2681 1375 2752 ἠφάνισε.
1462 2685 1719 2755 Μάθωμεν
1782 2681 1869 2736 οὖν

269 2767 358 2815 καὶ
414 2765 562 2835 ἡμεῖς
595 2765 839 2830 ἐντεῦθεν,
882 2777 990 2830 πῶς
1019 2772 1130 2840 χρὴ
1164 2773 1578 2844 προσεύχεσθαι,
1633 2779 1723 2826 καὶ
1767 2772 1867 2826 ἀπό

269 2870 323 2904 τε
375 2860 470 2915 τῆς
500 2853 710 2927 οἰκτρᾶς
771 2859 1024 2923 στάσεως,
1082 2856 1182 2910 ἀπό
1214 2879 1267 2911 τε
1314 2868 1404 2912 τοῦ
1453 2859 1667 2914 ὶλεεινοῦ
1724 2867 1870 2934 σχή-

271 2960 453 3010 ματος,
515 2941 615 2995 ἀπό
674 2963 727 2997 τε
789 2954 887 2997 τῶν
940 2942 1324 3005 δυσωπητικὼν
1392 2949 1554 3022 λόγων
1623 2954 1868 3023 κάμπτω-

270 3049 360 3100 μεν
444 3031 654 3102 μάλλον,
752 3032 880 3086 ἀλλα
969 3040 1038 3108 μὴ
1116 3036 1412 3091 τούναντίον
1503 3040 1867 3113 παροξύνωμεν

267 3120 356 3169 τόύ
383 3122 522 3171 Θεόν.

340 3204 460 3259 Ὀτι
499 3239 569 3248 -
613 3208 972 3282 ὑψωθήσεται.
1032 3221 1212 3267 Ταυτα
1265 3225 1403 3289 σαφῆ
1463 3221 1552 3270 καὶ
1602 3213 1864 3293 πρόδηλα.

343 3389 664 3459 Προσέφερον
718 3420 783 3428 -
845 3398 998 3445 Θεοῦ.
1054 3397 1177 3464 Περὶ
1227 3396 1422 3445 τούτων
1472 3393 1729 3468 ἀνέγραψε
1779 3401 1869 3448 καὶ

270 3474 296 3525 ό
352 3477 623 3538 Ματθαίος
684 3475 731 3528 ἓν
807 3487 880 3549 τῷ
937 3479 1068 3533 τέλει
1129 3489 1220 3533 τού
1295 3492 1722 3556 τεσσαρακοστού
1790 3504 1868 3537 κιο

269 3564 489 3636 φαλαίου
534 3565 714 3628 αὐτοῦ,
748 3574 837 3622 καὶ
889 3571 1130 3645 εὑρήσεις
1184 3569 1288 3624 ἐκιί
1343 3581 1509 3626 ταῦτα
1556 3577 1724 3626 πάντα
1777 3577 1869 3647 ἡρ-

267 3659 580 3728 μηνευμίνα.

338 3745 506 3816 Ἀμὴν
566 3777 631 3786 —
685 3746 866 3806 αύτήν.
946 3756 1109 3801 Τουτο
1163 3755 1252 3802 καὶ
1303 3751 1329 3802 ό
1382 3753 1590 3824 Μάρκος
1650 3752 1867 3827 ἔγραψε,

269 3836 394 3906 πρὸς
426 3841 496 3904 τῷ
545 3835 675 3888 τελει
706 3845 796 3888 τού
831 3837 1070 3890 εἰκοστοῦ
1121 3836 1315 3910 ὀγδόου
1351 3841 1628 3913 κεφαλαίου
1683 3842 1862 3913 αύτού,

267 3927 357 3974 καὶ
390 3929 620 3986 ςήτησον
650 3924 756 3979 ἐκεῖ
776 3932 870 3986 τὴν
897 3927 1163 3999 ἐξήγησιν.

341 4018 485 4065 ΚΕΦ.
533 4014 646 4068 ΞΓ.
684 4021 808 4089 Περὶ
862 4025 952 4069 τού
1002 4016 1424 4092 ἐπερωτήσαντος
1479 4018 1733 4074 πλουσίου
1781 4025 1865 4074 τόν

947 4107 1020 4166 Ὶη
1031 4116 1174 4162 σούν.

338 4197 438 4243 Καὶ
469 4190 777 4266 ὶπηρὼτησε
809 4227 876 4236 —
904 4202 1105 4269 μητέρα
1133 4216 1247 4249 σου.
1279 4200 1494 4270 Εἴρηται
1529 4203 1646 4273 περὶ
1675 4201 1863 4250 τούτων

263 4276 312 4330 ἕν
375 4289 448 4351 τῷ
518 4294 927 4357 τεσσαρακοστῷ
995 4296 1184 4359 πρωτῳ
1240 4286 1500 4358 κεφαλαίῳ
1569 4296 1660 4339 τού
1729 4292 1864 4339 κατὰ

263 4370 552 4435 Ματθαῐον,
597 4377 687 4423 καὶ
730 4373 962 4433 ζήτησον
1025 4373 1072 4426 ἐν
1104 4373 1276 4447 ἕκείνῳ
1307 4379 1400 4434 τὴν
1446 4375 1596 4428 λύσιν
1634 4378 1859 4443 πάντων,

263 4457 382 4507 καθ’
411 4458 624 4510 ἕκαστον
652 4461 810 4534 ῥητὸν
847 4461 1217 4535 ἕκτεθειμίνην.

335 4553 378 4596 0
409 4541 468 4598 δε
515 4576 583 4588 -
637 4568 746 4621 μοι.
804 4550 940 4604 Ἐκεῖ
981 4556 1072 4604 καὶ
1127 4557 1246 4628 περὶ
1299 4555 1493 4605 τούτων
1533 4553 1720 4626 ὁμοίως
1775 4555 1859 4608 λε-

260 4632 657 4706 λεπτολόγηται.

330 4722 388 4776 Ὀ
439 4721 498 4778 δε
546 4756 612 4766 -
661 4736 752 4780 τού
805 4737 958 4784 Θεοῦ,
1007 4733 1076 4782 Τὸ
1136 4721 1266 4794 Πῶς,
1325 4729 1667 4803 βεϐαιωτικὸν
1723 4736 1855 4800 ἐστι,

258 4814 374 4866 ἀντὶ
410 4821 522 4880 τού,
575 4816 826 4878 Ἀληθῶς.
871 4821 936 4871 Οἱ
980 4825 1218 4890 Ἔχοντες
1262 4817 1340 4884 δε,
1394 4825 1556 4892 ἤγουν
1600 4823 1648 4874 οὶ
1697 4829 1855 4876 Κατέ-

257 4920 464 4972 χοντες,
516 4907 566 4956 οἱ
615 4910 969 4978 Ταμιεύοντες,
1026 4909 1085 4960 ού
1115 4914 1219 4982 μὴν
1267 4911 1316 4962 οἱ
1371 4917 1656 4983 Χρώμενοι.
1715 4918 1856 4987 Χρη-

257 5010 400 5062 ματα
449 4996 547 5068 γαρ
617 4994 979 5065 ὀνομάζονται,
1040 4994 1132 5050 διὰ
1179 5003 1271 5057 τὴν
1327 5007 1551 5074 χρῆσιν,
1597 5006 1684 5053 καὶ
1744 5008 1852 5074 χρὴ

256 5082 461 5144 πάντως
501 5087 747 5159 χρῆσθαι
785 5089 990 5149 τούτοις
1018 5087 1090 5149 εἰς
1134 5084 1272 5159 δέον,
1303 5089 1362 5142 ού
1388 5094 1486 5162 μὴν
1546 5089 1852 5158 ἀποκλείειν,

328 5261 376 5296 ³ο
413 5260 549 5329 Pro,
590 5278 762 5331 xxvii,
794 5268 843 5321 2.

1977 2061 2115 2117 dem
2141 2061 2245 2133 qui
2289 2075 2416 2116 sese
2451 2059 2604 2115 adeo
2626 2059 3081 2132 justilicaverat,
3114 2076 3150 2116 a
3183 2062 3302 2116 Deo
3348 2061 3633 2117 condem-

1977 2156 2155 2205 natus
2184 2152 2293 2215 est,
2334 2155 2389 2204 et
2418 2149 2521 2221 qui
2548 2164 2681 2204 sese
2726 2149 2877 2205 adeo
2903 2149 3408 2206 condemnaverat
3445 2165 3481 2206 a
3511 2150 3632 2205 Deo

1973 2237 2456 2310 justiﬁcatusest;
2483 2242 2539 2293 et
2559 2237 2714 2294 illius
2743 2237 2988 2310 quidem
3011 2238 3366 2294 eminentias
3393 2253 3627 2304 omnes,

1981 2345 2087 2384 seu
2115 2327 2277 2384 bona
2293 2343 2495 2400 opera,
2524 2327 2833 2383 evacuavit
2852 2327 3140 2398 jactantia
3168 2343 3181 2383 :
3211 2327 3392 2398 hujus
3427 2332 3626 2383 autem

1978 2433 2191 2474 omnes
2215 2417 2480 2473 defectus
2511 2416 2750 2488 replevit
2777 2416 3083 2472 humilitas
3111 2416 3230 2472 sive
3257 2417 3502 2488 propria
3530 2415 3630 2472 de-

1975 2507 2176 2578 jectio.
2213 2506 2350 2562 Vide
2389 2521 2553 2576 ergo,
2591 2506 2902 2577 quomodo
2943 2505 3103 2562 brevi
3131 2512 3401 2577 tempore
3433 2505 3631 2561 cordis

1979 2596 2226 2653 affectus
2251 2602 2305 2652 et
2331 2596 2450 2651 oris
2484 2611 2693 2660 sermo,
2726 2595 2877 2651 illius
2898 2595 3140 2668 quidem
3175 2595 3498 2651 multorum
3532 2611 3636 2651 an-

1979 2702 2193 2742 norum
2223 2685 2532 2758 injustitias
2579 2692 2963 2756 corruperunt
2993 2685 3100 2758 (u).
3132 2685 3278 2740 Hinc
3317 2686 3518 2758 itaque
3553 2685 3632 2740 di-

1977 2791 2221 2832 scamus
2250 2781 2305 2831 et
2341 2790 2475 2841 nos,
2507 2775 2808 2845 quomodo
2839 2775 3066 2846 precari
3082 2780 3369 2846 oporteat,
3385 2779 3498 2830 eta
3528 2775 3634 2830 mi-

1979 2865 2217 2922 serabili
2238 2865 2490 2921 statione
2512 2867 2570 2918 et
2587 2864 2662 2920 ab
2680 2864 2884 2920 habitu
2914 2864 3294 2920 miseratione
3316 2862 3503 2934 digno
3522 2869 3580 2920 et
3599 2877 3636 2920 a

1978 2955 2176 3012 verbis
2207 2955 2580 3028 placantibus
2617 2953 2817 3028 potius
2837 2953 3167 3020 ﬂectamus,
3195 2969 3304 3010 nec
3335 2953 3634 3010 irritemus

1979 3045 2161 3101 Deum
2187 3045 2404 3101 horum
2435 3043 2766 3101 contrariis.
3047 3055 3055 3062 ‘

2048 3224 2208 3278 Vers.
2253 3227 2330 3278 14.
2366 3222 2518 3290 Quia
2547 3253 2612 3263 —
2635 3223 2978 3278 extolletur.
3007 3223 3131 3276 Haec
3161 3220 3405 3276 omnino
3438 3218 3634 3276 mani-

1900 3321 1939 3375 C
1979 3309 2127 3366 festa
2153 3318 2312 3368 sunt.

2051 3401 2212 3454 Vers.
2270 3401 2356 3454 15.
2410 3399 2754 3469 A/ferebant
2795 3430 2858 3439 η-
2923 3399 3082 3452 Vers.
3139 3397 3219 3452 l6.
3252 3396 3374 3452 Dei.
3439 3399 3515 3452 De
3541 3397 3632 3452 bis

1980 3489 2210 3559 scripsit
2233 3495 2289 3543 et
2310 3491 2611 3544 Matthasus
2638 3490 2695 3542 in
2723 3488 2838 3542 line
2855 3485 3304 3558 quadragesimi
3323 3485 3554 3558 capitis,
3576 3491 3633 3541 et.

1979 3576 2053 3632 ibi
2079 3577 2210 3633 hth
2239 3579 2444 3632 omnia
2471 3577 2788 3650 explanata
2815 3576 3100 3632 invenies.

2053 3754 2219 3810 Vers.
2249 3787 2318 3794 —
2355 3759 2434 3810 17.
2477 3755 2662 3811 Amen
2693 3754 2868 3810 illud.
2906 3755 3020 3808 Hoc
3047 3756 3106 3807 et
3134 3754 3360 3808 Marcus
3398 3751 3634 3824 scripsit

1979 3844 2057 3900 ad
2116 3845 2299 3900 ﬁnem
2341 3844 2607 3900 vicesimi
2653 3843 2845 3900 octavi
2891 3842 3144 3915 capitis;
3207 3846 3261 3898 et
3317 3840 3394 3897 ibi
3427 3857 3631 3914 quaere

1977 3935 2438 3991 enarrationem.

2057 4023 2215 4080 CAP.
2239 4023 2420 4079 LXIII.
2453 4025 2528 4081 De
2551 4023 2732 4080 divite
2751 4024 2855 4094 qui
2896 4022 3203 4078 Dominum
3226 4021 3557 4092 interroga-

2737 4114 2836 4166 vit.

2047 4201 2210 4256 Vers.
2254 4205 2336 4256 18.
2370 4203 2445 4257 Et
2472 4200 2848 4272 interrogavit
2877 4231 2941 4241 —
2964 4200 3122 4254 Vers.
3157 4202 3242 4253 20.
3276 4229 3346 4238 -
3373 4198 3628 4254 Matrem

1975 4294 2160 4344 tuum.
2187 4289 2264 4343 De
2289 4289 2376 4344 liis
2388 4288 2614 4344 dictum
2629 4294 2720 4343 est
2739 4286 3207 4360 quadragesimo
3230 4284 3421 4356 primo
3434 4285 3628 4356 capite

1975 4378 2272 4446 Evangelii
2303 4377 2633 4432 secundum
2667 4375 3024 4437 Mattbteum.
3055 4379 3111 4429 et
3131 4374 3190 4428 in
3221 4373 3322 4429 illo
3353 4374 3628 4430 omnium

1971 4465 2435 4522 declarationem
2476 4465 2741 4520 invenies
2781 4465 2852 4520 ad
2881 4450 3118 4534 singula
3141 4462 3320 4518 verba
3342 4462 3624 4533 positam.

2045 4557 2205 4610 Vers.
2256 4559 2344 4611 21.
2376 4555 2451 4610 At
2486 4554 2594 4611 itte
2621 4584 2689 4594 -
2725 4554 2884 4609 Vers.
2910 4556 2997 4607 22.
3031 4551 3108 4609 Μ.
3153 4550 3432 4608 Similiter
3472 4556 3528 4607 et
3555 4551 3627 4607 de

1895 4682 1935 4735 Ο
1970 4643 2062 4699 his
2101 4644 2180 4698 ibi
2212 4644 2285 4700 ad
2320 4643 2553 4714 singula
2584 4658 2840 4716 quasque
2873 4641 3050 4735 verba
3088 4640 3408 4696 dissertum
3441 4645 3552 4696 est.

2041 4734 2202 4789 Vers.
2261 4734 2348 4788 23.
2409 4734 2528 4790 [tta
2576 4763 2641 4773 —
2697 4738 2889 4788 autem
2942 4729 3108 4785 Vers.
3155 4732 3242 4784 24.
3295 4731 3420 4786 Dei.
3483 4737 3621 4797 Πῶς,

1968 4838 2168 4894 quam,
2237 4823 2325 4878 vel
2391 4822 2676 4893 quomodo
2730 4842 2742 4886 ;
2800 4819 2887 4875 vel
2955 4819 3441 4875 conﬁrmativum
3510 4826 3619 4886 est,

1967 4930 2031 4967 ac
2063 4913 2109 4967 si
2140 4913 2312 4977 dicat,
2346 4914 2512 4967 Vere.
2558 4911 2793 4984 thuod
2813 4910 3040 4975 dicitur,
3065 4912 3114 4962 οἰ
3137 4912 3364 4981 ἔχοντες,
3391 4909 3497 4982 qui
3515 4909 3618 4966 ha-

1968 5002 2121 5065 bent,
2175 5002 2404 5057 simitus
2461 5018 2568 5074 pro
2632 5000 2898 5057 ltetinent
2946 5005 3048 5054 aut
3115 5000 3461 5055 Recondunt
3508 5014 3618 5055 nec

1969 5095 2254 5146 utuntur:
2315 5106 2451 5146 cum
2505 5092 2770 5162 pecunia:
2825 5093 3084 5162 χρήματα
3138 5086 3438 5153 dicantur,
3491 5103 3624 5160 pro-

1503 5365 1730 5436 Varias
1767 5365 2094 5434 lectiones
2118 5375 2184 5433 et
2213 5377 2415 5434 notas.

289 5556 439 5637 “(17)
471 5558 644 5626 Quod
674 5559 773 5618 hic
825 5559 1080 5632 subjecit
1133 5561 1431 5621 scholium
1460 5561 1794 5622 Hentenins
1820 5578 1891 5620 ex
1925 5563 2198 5634 margine
2254 5562 2340 5619 sui
2392 5560 2636 5630 codicis,
2672 5560 2734 5619 id
2777 5560 2839 5618 in
2898 5565 3114 5621 neutro
3147 5577 3428 5622 meorum
3457 5576 3625 5637 repe-

253 5633 422 5688 ritur.

327 5807 417 5882 (u)
452 5809 886 5883 Corruperunt.
941 5808 1290 5880 sufﬁciebat,
1339 5819 1688 5873 amaverunt
