4170 6430
590 376 726 434 1055

1910 375 2251 431 ΕυΤΗΥΜΗ
2295 373 2627 430 ZlGABENl

3824 375 3990 431 1056

587 509 720 578 pter
743 514 963 581 χρῆσιν,
996 506 1108 564 hoc
1128 514 1236 572 est,
1261 524 1428 565 usum
1455 506 1802 563 :etomnino
1833 504 1976 578 ipsis
2004 507 2231 580 χρῆθαι.

2350 509 2413 565 ὡς
2443 510 2530 557 καὶ
2575 504 2623 557 ἂν
2653 513 2724 575 τῷ
2775 506 2910 558 κατὰ
2961 506 3173 577 Μάρκον
3216 506 3616 578 προειρήκαμεν.
3665 499 3988 574 Ἀνάγνωθι

589 593 645 648 id
679 601 784 659 est,
825 598 902 652 uti
934 603 1204 669 oporteat
1235 598 1310 654 ad
1355 598 1436 660 id,
1478 597 1638 668 quod
1663 612 1817 669 opus
1847 601 1954 659 est,
1985 612 2104 650 non
2151 595 2236 648 iu-

589 684 849 752 cludere,
909 688 1061 743 sicut
1106 689 1286 744 etiam
1331 688 1386 743 in
1421 688 1773 758 dictojuxta
1831 689 2091 742 Marcum
2141 701 2235 740 ca-

589 774 701 846 pite
731 776 1143 848 prmdiximus.
1179 779 1324 838 Lege
1369 784 1566 834 autem
1617 777 1691 832 de
1722 776 1814 832 his
1855 792 2037 847 supra
2078 775 2236 830 dicto

589 879 827 936 quoque
858 867 1048 938 capite
1078 868 1374 937 Evangelii
1406 866 1736 922 secundum
1774 866 2127 922 Matthaeum.

663 954 824 1013 Vers.
874 957 960 1011 ‘25.
1009 957 1274 1012 Facilius
1297 989 1364 996 —
1393 956 1560 1012 Vers.
1595 956 1682 1010 27.
1715 956 1912 1010 Deum.
1951 955 2238 1009 Prmterea

590 1049 646 1097 et
673 1041 801 1098 haec
836 1046 1041 1101 omnia
1073 1045 1375 1102 manifeste
1398 1045 1700 1101 declarata
1730 1047 1871 1098 sunt
1899 1042 2112 1099 eodem
2137 1058 2234 1098 ca-

590 1132 729 1201 pite.

665 1224 819 1278 Vers.
846 1224 934 1278 28.
963 1225 1196 1279 Dzzit—
1218 1226 1378 1280 Vers.
1405 1225 1492 1280 30.
1517 1223 2239 1294 Etumam.Consequen-

590 1317 676 1368 ter
698 1313 910 1369 eodem
940 1314 1132 1385 capite
1164 1315 1236 1369 de
1256 1315 1348 1370 his
1378 1315 1662 1369 omnibus
1694 1313 2001 1385 diligenter
2029 1316 2239 1366 tracta-

590 1405 715 1457 tum
755 1408 860 1467 est,
901 1407 958 1458 et
997 1403 1241 1475 pulchre
1281 1405 1641 1475 exp0situm.

661 1493 820 1547 Vers.
865 1494 950 1548 3t.
999 1493 1333 1562 Assumptis
1364 1524 1421 1533 —
1453 1494 1616 1547 Vers.
1646 1494 1732 1549 33.
1764 1493 2054 1562 Resurget.
2088 1489 2240 1545 Dixit

587 1579 713 1634 haec
734 1585 789 1635 et
806 1582 1116 1636 Matthmus
1151 1583 1210 1637 in
1241 1582 1356 1638 ﬁne
1386 1582 1834 1654 quadragesimi
1861 1580 2106 1636 secundi
2139 1596 2236 1633 ca-

588 1669 742 1740 pitis.
781 1672 928 1738 Lege
959 1687 1099 1737 ergo
1125 1671 1261 1725 dicti
1297 1671 1454 1726 illius
1490 1672 1928 1727 enarrationem
1967 1687 1976 1724 :
2009 1672 2072 1724 Et
2104 1685 2235 1725 cum

587 1759 920 1815 ascenderet
949 1760 1116 1816 Iesu:
1135 1761 1542 1832 Hierosolyma,
1575 1761 1892 1828 assumpsit
1923 1760 2232 1816 duodecim

587 1848 902 1918 discipulos
926 1865 1058 1905 suos
1085 1851 1325 1906 seorsim
1351 1852 1411 1905 in
1436 1853 1545 1907 via.
1578 1857 1632 1907 et
1659 1853 1942 1907 caetera".

657 2025 822 2082 Vers.
873 2027 959 2081 3i.
985 2027 1061 2082 Et
1091 2057 1154 2066 -
1189 2043 1316 2099 qua:
1349 2027 1710 2083 dicebantur.
1758 2032 1816 2083 In
1851 2027 1968 2083 ﬁne
1999 2043 2237 2084 enarra-

587 2114 763 2170 tionis
811 2113 1105 2171 dictorum
1138 2116 1450 2172 verborum
1507 2119 1681 2172 etiam
1717 2117 1791 2172 de
1840 2117 1932 2172 his
1973 2117 2123 2172 facta
2149 2121 2239 2173 est

588 2205 829 2269 mentio,
859 2210 915 2260 et
939 2205 1018 2260 ibi
1058 2222 1259 2276 quaere
1286 2207 1788 2275 explanationem.

1071 2297 1221 2350 CAP.
1259 2296 1441 2350 LXIV.
1477 2298 1558 2351 De
1595 2311 1770 2352 caeco.

656 2383 820 2437 Vers.
864 2388 950 2438 35.
987 2384 1224 2439 Factum
1265 2389 1342 2440 est
1405 2414 1457 2424 —
1493 2385 1654 2440 Vers.
1705 2390 1794 2440 38.
1826 2387 1986 2440 mei!
2027 2385 2237 2441 Filium

589 2469 770 2526 David
815 2472 959 2528 dixit
990 2474 1205 2543 ipsum,
1254 2476 1311 2528 in
1359 2474 1649 2529 honorem
1692 2476 1868 2542 ejus;
1906 2475 2237 2529 honoratis—

585 2558 738 2614 sima
767 2561 1062 2634 siquidem
1099 2569 1224 2617 erat
1252 2563 1416 2633 apud
1454 2563 1732 2619 Hebra-os
1762 2563 2108 2633 hujusmodi
2134 2579 2232 2634 ap-

585 2648 844 2719 pellatio.

656 2739 824 2793 Vers.
857 2740 944 2793 39.
975 2741 1038 2794 Et
1079 2742 1174 2812 qui
1211 2773 1279 2781 —
1317 2745 1540 2797 taceret.
1620 2741 1928 2796 Silentium
1970 2741 2237 2813 impone-

582 2826 751 2892 bant,
794 2844 866 2883 ne
895 2828 1181 2884 molestus
1205 2836 1356 2885 esset
1383 2831 1688 2898 magistro.

655 2918 821 2972 Vers.
837 2921 923 2974 39.
952 2920 1082 2985 Ipse
1101 2950 1168 2958 —
1189 2919 1301 2974 mei
1319 2919 1531 2976 [Multo
1544 2919 1805 2992 amplius
1827 2919 2148 2980 clamabat.
2175 2926 2236 2976 ut

582 3006 672 3061 vel
691 3007 1126 3076 perseverantia
1155 3008 1434 3063 ﬂecteret.

659 3097 819 3153 Vers.
854 3099 940 3151 40.
970 3096 1209 3154 Stans—
1257 3099 1414 3152 Vers.
1447 3101 1535 3154 41.
1576 3099 1773 3154 Visum
1807 3101 2085 3167 recipiam
2147 3102 2235 3155 ln-

582 3186 1086 3277 terrogaviteum,
1118 3203 1193 3242 ne
1223 3188 1358 3277 quis
1397 3193 1648 3257 putaret,
1691 3189 1852 3261 quod
1892 3188 2050 3244 aliud
2083 3189 2233 3244 acci-
2272 3224 2310 3277 ϐ

582 3291 722 3347 pere
763 3276 1003 3337 volenti.
1058 3277 1219 3332 aliud
1251 3276 1436 3333 daret.
1477 3280 1598 3332 Non
1645 3278 2138 3347 expetivitautem
2156 3279 2232 3334 ab

582 3382 652 3422 eo
683 3366 863 3422 ﬁdem
895 3383 908 3422 :
942 3366 1078 3422 ﬁdei
1115 3373 1238 3422 erat
1264 3383 1653 3439 perseverans
1696 3369 1944 3424 clamor.

651 3457 920 3511 Verr-1.42.
951 3458 1113 3511 Ει-
1136 3457 1280 3510 Vers
1321 3457 1407 3513 43.
1437 3459 1565 3512 Deo.
1591 3457 1795 3513 Fidem
1828 3458 2233 3522 habebat,non

577 3545 740 3617 quod
777 3548 928 3600 Deus
957 3552 1129 3613 esset,
1161 3545 1264 3600 sed
1304 3546 1464 3617 quod
1514 3564 1574 3599 se
1606 3563 1816 3602 sanare
1863 3554 2063 3618 posset
2098 3566 2109 3602 :
2151 3564 2235 3601 se-

577 3634 874 3705 quebatur
911 3650 1051 3689 vero
1078 3635 1298 3705 ipsum,
1347 3640 1624 3706 tanquam
1673 3642 1893 3704 gratus,
1923 3644 1977 3692 et
2029 3637 2110 3692 ita
2137 3637 2235 3691 be-

578 3721 857 3778 neﬁcium
893 3723 1245 3794 rependens.

1023 3813 1173 3865 CAP.
1213 3813 1359 3868 LXV.
1398 3813 1476 3867 De
1505 3811 1814 3868 Zacchzo.

653 3901 811 3957 CAP.
866 3901 1014 3956 XIX.
1066 3903 1231 3956 Vers.
1298 3907 1343 3957 l.
1403 3905 1478 3957 Et
1541 3903 1838 3973 ingressus
1873 3933 1936 3944 —
1982 3904 2148 3959 Vers.
2183 3909 2234 3961 4.

593 3990 820 4046 Videre!
852 3992 1038 4046 illum.
1073 3991 1418 4063 Capriﬁcus,
1446 3992 1627 4047 arbor
1647 3997 1770 4048 erat
1797 3993 1856 4047 in
1889 3992 1984 4049 via
2011 3994 2141 4050 sita.

2351 594 2409 649 δε
2471 601 2587 669 περὶ
2646 597 2839 648 τούτων
2867 594 2914 647 ἐν
2945 603 3016 664 τῷ
3059 591 3340 651 δηλωθέντι
3386 591 3643 664 κεφαλαίῳ
3697 600 3798 644 τοῦ
3831 597 3986 644 κατά

2350 689 2638 741 Ματθαῖον.

2419 957 2780 1029 Εὐκοπώτερον
2814 985 2874 994 -—
2918 958 3046 1023 Θεῷ.
3088 953 3204 1006 Ἔτι
3244 957 3333 1005 καὶ
3367 958 3536 1003 ταῦτα
3559 952 3730 1002 πάντα
3781 958 3980 1022 σαφῶς

2348 1048 2752 1122 ἡρμηνεύθησαν
2783 1047 2830 1096 ἓν
2857 1052 2928 1114 τῷ
2957 1046 3172 1114 τοιούτῳ
3203 1042 3483 1115 κεφαλαίῳ.

2421 1224 2544 1279 Eine
2584 1256 2652 1264 —
2682 1223 2904 1276 αἰώνιον.
2941 1221 3262 1282 Ἀκολούθως
3293 1220 3341 1273 ἐν
3377 1219 3551 1290 ίκείνῳ
3575 1226 3647 1288 τῷ
3692 1218 3971 1290 κεφαλαίῳ

2346 1321 2436 1367 καὶ
2482 1321 2599 1389 περὶ
2656 1317 2850 1366 τούτων
2904 1315 3106 1365 πάντων
3164 1309 3474 1383 ἠκρίϐωται,
3523 1314 3611 1360 καὶ
3659 1313 3971 1382 χαριέντως

2347 1406 2650 1468 ἕξήτασται.

2421 1491 2737 1567 Παραλαϐὼν
2819 1523 2887 1532 -
2956 1492 3337 1547 ἀναστήσεται.
3411 1485 3534 1542 Εἰπε
3610 1495 3783 1541 ταῦτα
3873 1495 3963 1541 καὶ

2348 1585 2609 1642 Ματθαὼς
2667 1581 2714 1633 ἐν
2771 1589 2842 1651 τῷ
2895 1580 3022 1632 τέλει
3073 1587 3165 1631 τοῦ
3214 1585 3645 1652 τεσσαρακοστοῦ
3706 1575 3960 1651 δευτέρου

2349 1672 2628 1741 κεφαλαίου
2668 1671 2847 1731 αὑτοῦ,
2895 1675 2984 1722 καὶ
3043 1668 3300 1740 ἀνάγνωθι
3360 1672 3454 1725 τὴν
3511 1667 3764 1738 ἐξήγησιν
3825 1675 3954 1719 τοῦο

2354 1767 2452 1816 Καὶ
2504 1760 2789 1813 ἀναϐαίνων
2838 1761 2863 1812 ὁ
2917 1758 3119 1818 Ἰησοῦς
3171 1757 3238 1817 εἰς
3289 1756 3639 1831 Ἱεροσόλυμα,
3698 1756 3953 1826 παρέλαϐε

2272 1863 2316 1918 Β
2351 1858 2466 1912 τοὺς
2518 1848 2727 1904 δώδεκα
2766 1851 3008 1922 μαθητὰς
3037 1849 3152 1900 κατ’
3189 1843 3328 1899 ἰδίαν
3378 1845 3425 1897 ἐν
3469 1854 3532 1918 τῇ
3580 1841 3711 1916 ὁδῷ,
3763 1851 3848 1898 καὶ
3885 1849 3939 1897 τα

2351 1944 2483 2006 ἑξῆς.

2423 2037 2522 2086 Καὶ
2557 2061 2617 2071 —
2674 2029 2938 2100 λεγόμενα.
2971 2028 3089 2080 Ἐπὶ
3137 2025 3310 2086 λελους
3374 2031 3472 2084 τῆς
3526 2022 3830 2093 ἐξηγήσεως
3857 2032 3954 2074 τῶν

2349 2119 2680 2180 δηλωθέντων
2722 2120 2892 2193 ῥητῶν
2946 2116 3396 2187 ἐμνημονεύσαμεν
3426 2119 3517 2165 καὶ
3568 2118 3686 2185 περὶ
3734 2116 3952 2178 τούτων,

2346 2217 2436 2264 καὶ
2468 2212 2700 2272 ζήτησον
2731 2208 2833 2260 ἕκεί
2857 2212 2950 2265 τήν
2984 2211 3284 2276 σαφήνειαν.

2734 2303 2876 2350 ΚΕΦ.
2912 2295 3024 2349 ΞΔ’.
3064 2299 3186 2365 Περὶ
3216 2300 3309 2345 τοῦ
3341 2291 3556 2364 τυφλοῦ.

2418 2391 2644 2460 Ἐγίνετο
2671 2418 2738 2428 -
2784 2387 2880 2458 at!
2931 2389 3048 2437 Υίὸν
3081 2379 3247 2435 Δαυίδ
3277 2381 3433 2433 αὐτὸν
3474 2379 3626 2446 εἶπεν,
3672 2380 3745 2442 είς
3789 2387 3950 2452 τιμὴν

2346 2481 2525 2533 αὑτοῦ.
2577 2479 2878 2549 Τιμιωτοίτη
2928 2478 3029 2548 γὰρ
3083 2473 3206 2547 παρ’
3240 2471 3496 2546 Ἑϐραίοις
3545 2468 3602 2528 ἦν
3646 2473 3674 2527 ἡ
3720 2474 3940 2527 τοιαύτη

2345 2573 2695 2642 προσηγορία.

2421 2752 2520 2800 Καὶ
2563 2749 2613 2798 οἱ
2657 2777 2725 2786 —
2772 2749 3042 2816 σιωπήσῃ.
3093 2740 3462 2812 Ἐπεστόμιζον
3513 2737 3687 2802 αὐτὸν,
3730 2736 3820 2786 ἶνα
3870 2737 3941 2805 μὴ

2345 2837 2480 2910 ὀχλῇ
2515 2839 2601 2888 τὸν
2634 2831 2982 2888 διδάσκαλον.

2419 2926 2581 2986 Αὐτὸς
2607 2955 2670 2964 -
2701 2923 2792 2996 ρ.εὲ
2823 2923 2995 2990 [ιολλῷ
3024 2923 3136 2992 (l8)
3164 2921 3315 2973 πλέον
3344 2919 3457 2989 (19)
3491 2915 3723 2992 ἔκραζεν,
3753 2915 3837 2966 ἱνα
3859 2909 3948 2966 διὰ

2345 3023 2406 3074 τῆ
2421 3037 2440 3077 ς
2469 3019 2742 3088 καρτερίας
2775 3012 3072 3083 ἐπικάμψη.

2418 3108 2621 3167 Σταθεὶς
2667 3135 2720 3143 -
2768 3102 3059 3172 ἀναϐλέψω.
3103 3101 3374 3172 Ἦρὼτησε
3424 3101 3514 3170 μὲν
3544 3097 3718 3159 αὑτὸν,
3756 3098 3838 3146 ἱνα
3877 3097 3945 3164 μή

2345 3201 2535 3267 νομίσῃ
2561 3214 2659 3259 τις,
2684 3195 2764 3245 ὅτι
2791 3195 2955 3263 ἓτερον
2981 3189 3276 3262 βουλομένῳ
3292 3187 3484 3252 λαϐεῖν,
3509 3189 3679 3260 ἕτερον
3702 3181 3946 3238 δέδωκεν.

2345 3286 2454 3337 Οὐκ
2501 3283 2738 3355 ὰπῄτησε
2788 3279 2844 3334 δὲ
2875 3281 3029 3332 αὐτὸν
3077 3283 3274 3340 πίστιν,
3309 3275 3449 3330 διότι
3499 3282 3724 3336 πίστεως
3782 3271 3865 3339 ἦν,
3916 3274 3944 3329 ἡ

2343 3373 2582 3446 ἐπίμονος
2606 3376 2810 3446 κραυγή
2825 3412 2835 3423 .

2418 3469 2516 3516 Καὶ
2572 3493 2636 3501 -
2686 3469 2820 3530 θεῷ.
2885 3465 3070 3511 Πίστιν
3126 3454 3285 3528 εἶχεν,
3338 3455 3445 3526 οὐχ
3493 3456 3574 3506 ὃτι
3631 3452 3741 3504 ἐστὶ
3801 3453 3949 3514 Θεὸς,

2346 3551 2450 3604 ἀλλ’
2509 3554 2589 3603 ὅτι
2653 3548 2873 3602 δύναται
2951 3549 3208 3600 ἰάσασθαι
3281 3545 3457 3596 αὐτὸν.
3515 3541 3817 3596 Ἠκολούθει
3893 3536 3955 3591 δὲ

2347 3642 2486 3711 αὐτῴ
2582 3641 2911 3711 εὖγνωμονῶν
3028 3643 3116 3688 καὶ
3219 3635 3354 3688 οὕτω
3450 3637 3544 3690 την
3656 3631 3956 3703 εὐεργεσίαν

2347 3729 2698 3803 ἀμειϐόμενος.

2696 3824 2838 3871 ΚΕΦ.
2869 3816 2984 3869 ΞΕἍ
3023 3819 3144 3886 Περὶ
3171 3821 3262 3865 τοῦ
3292 3816 3592 3884 Κακχαίου.

2423 3913 2523 3962 Καὶ
2556 3907 2792 3960 εἰσελθὼν
2839 3938 2903 3946 —-
2937 3902 3023 3977 ῖνῖη
3060 3905 3234 3959 αὐτόν.
3260 3902 3316 3956 Ἠ
3353 3904 3700 3975 συκομοραία,
3737 3893 3964 3971 δένδρον

2352 3996 2434 4061 ἦν,
2470 3998 2628 4058 ἑστὼς
2658 3996 2708 4048 ἐν
2735 4005 2796 4068 τῇ
2831 3993 2939 4065 ὁδῷ
2974 3997 3108 4066 (1'0).

650 4081 692 4150 -ι-
719 4083 864 4136 Nam
927 4096 1064 4136 cum
1115 4081 1208 4136 ille
1268 4081 1589 4139 Dominum
1637 4083 1839 4137 Jesum
1872 4085 2215 4156 conspicere
2255 4093 2507 4162 optaret,
2539 4087 2700 4143 etob
2752 4086 2810 4141 id
2843 4086 2901 4140 in
2933 4083 3282 4155 capriﬁcum
3331 4078 3719 4142 ascendisset,
3748 4075 3967 4131 salutis

581 4168 837 4225 fructum
876 4170 932 4225 in
974 4186 1045 4225 eo
1073 4171 1446 4241 germinavit.

650 4261 811 4324 Vers.
839 4261 892 4316 4.
927 4261 1075 4327 Quia
1105 4263 1253 4318 illuc
1281 4269 1411 4318 erat
1442 4263 1824 4319 transiturus.
1857 4265 1943 4335 -Η-
1962 4267 2066 4321 Per
2094 4282 2229 4324 eam

2415 4274 2512 4319 Οτι
2585 4264 2783 4326 ἐκείνης
2839 4263 3008 4337 ἔμελλε
3064 4259 3398 4334 διέρχεσθαι.
3459 4257 3532 4312 Δι’
3589 4256 3782 4316 ἐκείνης
3837 4255 3965 4327 (21)

575 4350 940 4407 transiturus
971 4357 1096 4406 erat
1123 4351 1405 4406 Christus.

649 4443 812 4496 Vers.
848 4447 902 4496 5.
949 4442 1024 4497 Et
1074 4474 1141 4482 ——
1189 4444 1375 4499 locum
1410 4443 1512 4499 Ubi
1573 4443 1684 4499 sita
1740 4449 1865 4499 erat
1889 4446 2222 4517 capriﬁcus.

649 4532 814 4586 Vers.
845 4536 898 4586 5.
920 4531 1252 4600 Suspiciens
1279 4563 1334 4573 —
1359 4532 1548 4588 illum.
1574 4533 1770 4590 Oculis
1798 4534 2182 4591 humanitatis
2210 4553 2222 4602 ;

579 4635 720 4675 nam
757 4621 920 4692 prius
963 4621 1187 4676 viderat
1215 4637 1349 4676 eum
1383 4622 1571 4677 oculis
1599 4622 1938 4679 divinitatis.

652 4801 812 4853 Vers.
843 4802 892 4853 5.
925 4801 1002 4854 Et
1042 4832 1110 4840 —
1139 4816 1395 4858 manere.
1447 4802 1735 4872 Cognovit
1787 4802 1943 4859 enim
1977 4820 2112 4859 eum
2148 4804 2227 4860 ad

579 4886 979 4944 obedientiam
1012 4905 1136 4945 esse
1169 4897 1459 4962 paratum,
1494 4896 1548 4947 et
1571 4892 1893 4948 ferventem
1917 4894 1994 4949 ad
2021 4893 2224 4964 ﬁdem,

687 5093 732 5130 ³¹
762 5092 958 5151 Matth.
989 5110 1090 5162 xx,
1135 5096 1217 5151 t7.

2341 4357 2538 4430 ἔμελλεν
2569 4357 2823 4429 ἔρχεσθαι
2855 4357 2879 4406 ὁ
2914 4358 3160 4429 Χριστός.

2415 4451 2514 4499 Καὶ
2547 4478 2610 4485 —
2637 4451 2811 4496 τόπον.
2837 4443 2996 4496 Ἐνθα
3029 4445 3212 4495 ίστατο
3242 4442 3271 4496 ἡ
3310 4441 3657 4511 συκομοραία.

2411 4534 2726 4606 Ἀνακλέψας
2783 4565 2849 4574 ——
2880 4533 3052 4587 αὐτόν.
3112 4528 3256 4584 Εἶδεν
3306 4529 3462 4581 αὐτὸν
3511 4534 3623 4588 τοῖς
3661 4525 3954 4597 ὀφθαλμοῖς

2339 4634 2432 4686 τῆς
2465 4623 2871 4697 ὼθρωπὸτητος.
2925 4619 3142 4694 Προείδι
3171 4622 3272 4692 γὰρ
3317 4618 3471 4670 αὐτὸν
3518 4623 3627 4676 τοῖς
3656 4613 3954 4687 ὀφθαλμοῖς

2338 4723 2425 4775 τῆς
2467 4716 2725 4774 θεότητος.

2414 4808 2512 4857 Καὶ
2545 4833 2604 4844 —-
2638 4810 2828 4875 μεῖναι.
2889 4800 3056 4872 Ἔγνω
3102 4801 3202 4872 γὰρ
3248 4797 3403 4849 αὐτὸν
3447 4796 3647 4867 ἕτοιμον
3692 4793 3764 4854 εἰς
3813 4794 3952 4843 ὑποι-

2337 4898 2483 4960 κοην,
2536 4898 2624 4945 καὶ
2680 4894 2864 4966 θερμὸν
2920 4891 2992 4952 εἰς
3047 4893 3226 4941 πίστιν
3265 4892 3355 4939 καὶ
3410 4882 3790 4957 εὐμετάϐλητον
3841 4881 3950 4934 ἀπὸ

1800 5301 2021 5372 Variae
2059 5302 2390 5371 lectiones
2439 5310 2505 5369 et
2533 5309 2736 5369 notae.

653 5549 766 5626 (18)
791 5552 924 5626 Υἱὸν-
965 5545 1144 5626 Δανῐδ-
1183 5550 1338 5626 αὐτὸν
1389 5570 1545 5626 ειπεν,
1597 5551 1666 5615 εἰς
1709 5557 1862 5626 τιμὴν
1918 5553 2097 5607 αὐτοῦ.
2148 5560 2236 5607 Τι·

579 5623 969 5698 μιωτάτηᾼγὰρ
1007 5622 1155 5698 .παρ’γ
1195 5622 1453 5698 Ἑϐραίοις
1508 5625 1569 5682 ἧν
1622 5627 1650 5683 η
1693 5622 1907 5682 τοὶαύτη
1965 5644 2237 5698 προσηγο-

578 5691 960 5770 ρίοιεῌκοιθὼς⁸
995 5691 1230 5770 ἀνοέτέρω
1285 5691 1596 5770 ἐὶρίμαμεν.
1656 5698 1786 5750 lltec
1859 5691 2013 5752 ante'
2067 5691 2235 5768 πολλῷ

653 5763 768 5835 (19)
807 5771 865 5818 At
909 5764 1055 5818 τλέον
1086 5765 1149 5821 Β.

2415 5553 2527 5623 (20)
2560 5549 2878 5623 Scholium.
2899 5548 3062 5623 quod
3084 5548 3181 5604 hic
3202 5563 3274 5623 ex
3302 5547 3570 5619 margine
3602 5546 3693 5602 sui
3718 5547 3951 5623 codicis

2343 5619 2692 5694 interposuit
2714 5619 3024 5694 interpres,
3047 5622 3103 5676 in
3130 5619 3292 5694 nullo
3319 5635 3589 5694 meorum
3621 5621 3836 5694 r_e_peri.

2416 5691 2528 5764 (2t)
2582 5696 2700 5750 Hoc
2745 5691 2970 5749 scholio
3000 5699 3161 5748 caret
3201 5691 3606 5764 interpretatio
3648 5691 3946 5748 Hentenii.

2348 5762 2518 5839 Ergo'
2540 5781 2778 5824 versum
2809 5768 2842 5824 4
2866 5771 2923 5822 et
2953 5768 3004 5837 5,
3036 5764 3401 5838 conjunctiin
3421 5762 3681 5820 exhibet.
