4170 6440
237 347 375 408 1057
1094 384 1099 389 .
1317 336 1673 399 COMMENT.
1715 336 1783 394 IN
1824 328 2082 395 LUCAM.
2124 368 2191 378 -
2222 332 2379 396 CAP.
2410 332 2562 397 XIX.
3468 336 3605 398 1058

235 482 418 538 κακίας
444 476 514 537 εἰς
538 475 743 552 ἀρετήν’
777 476 864 527 Διὸ
894 476 985 526 καὶ
1014 468 1158 525 καλεῖ
1189 469 1366 535 αὐτὸν,
1396 468 1509 538 (22)
1531 471 1622 519 καὶ
1655 466 1839 518 ἄπεισι
1866 474 1882 518 l

1955 462 2290 535 l‘acilequea
2319 463 2459 519 vitio
2490 463 2836 521 mutabilem
2858 482 2990 524 esse
3020 466 3100 524 ad
3121 466 3392 523 virtutem
3427 484 3442 522 :
3471 466 3602 524 ideo

236 563 510 641 κερδήσων
537 565 709 619 αὐτόν.
1210 620 1218 640 Ι

1951 552 2131 608 etiam
2161 557 2336 609 vocat
2378 557 2433 609 et
2464 553 2715 623 accedit,
2746 560 2811 610 ut
2834 555 3000 611 illum
3040 555 3388 612 lucrifaciat.

315 661 415 710 Καὶ
442 686 513 698 -
540 659 765 728 χαίρων.
795 657 1026 726 Χαίρων,
1078 650 1138 703 ού
1177 653 1352 721 μόνον,
1385 649 1466 699 ὅτι
1496 641 1630 699 εἶδεν
1659 643 1834 709 αὐτόν,

2027 640 2189 698 Vers.
2243 645 2298 700 6.
2367 643 2445 698 Et
2481 673 2552 682 —
2593 645 2877 714 gaudens.
2928 645 3206 702 Gaudeas
3247 660 3370 702 non
3408 644 3605 702 solum

243 747 308 806 ὡς
372 743 541 807 ἐξὴτει
582 741 728 795 ’ἀλλ’
792 744 873 795 ὃτι
927 745 1018 793 καὶ
1067 739 1258 797 ἐκλήθη
1313 737 1434 812 παρ’
1484 736 1664 799 αὐτοῦ,
1750 737 1839 785 και

1959 730 2115 802 quod
2153 746 2292 787 eum
2322 730 2583 799 vidisset,
2617 737 2682 788 ut
2725 737 3056 806 optaverat,
3096 734 3201 790 sed
3231 733 3395 807 quod
3425 733 3606 790 etiam

244 836 325 887 ὅτι
375 830 659 897 ὑπεδέξατο
715 831 889 898 αὐτὸν,
949 832 1015 891 ὡς
1070 827 1165 882 οὐκ
1218 828 1279 879 ἄν
1325 843 1451 879 ποτε
1516 819 1841 898 προσεδόκηι

1956 820 2032 875 ab
2059 820 2160 877 illo
2181 826 2427 877 vocatus
2453 829 2626 888 esset,
2666 822 2953 896 quodque
2991 823 3190 897 ipsum
3221 823 3603 896 suscepisset,

247 941 305 975 σε
332 923 465 992 (23),
1953 909 2115 980 quod
2146 924 2461 982 nunquam
2517 910 2641 967 fore
2682 916 3039 983 speraverat.

314 1013 356 1082 ιι-
382 1010 550 1068 Unde
570 1015 628 1067 et
656 1010 857 1066 statim
882 1008 1220 1064 misericors
1238 1005 1430 1061 factus
1445 1009 1533 1059 est
1549 1017 1882 1075 pauperum
1900 1015 1969 1056 ac
1985 998 2213 1070 pietatis
2245 1003 2500 1056 amator.

318 1100 514 1155 Καὶ-
534 1099 844 1153 καταλῦσαι.
881 1098 1250 1169 Καταχθῆναι,
1291 1094 1404 1164 (23)
1434 1101 1622 1167 μεῖναι.
1655 1098 1844 1164 Ἀμαρ-

2026 1086 2190 1146 Vers.
2221 1090 2273 1143 7.
2301 1089 2379 1143 Et
2403 1087 2916 1147 —diversaturus.
2944 1093 3256 1148 Mansurus
3283 1106 3353 1149 ac
3382 1092 3612 1150 recubi-

244 1188 399 1243 τωλοὶ
431 1185 489 1242 δι
516 1191 565 1241 οἱ
593 1188 807 1241 τελῶναι
832 1195 992 1240 πᾶσιν
1024 1182 1258 1250 ἐδόκουν,
1301 1180 1393 1236 διὰ
1417 1185 1506 1243 τὰς
1556 1180 1845 1243 πλεονεξίας

1966 1194 2142 1250 μινυς.
2187 1176 2497 1234 Publiceni
2556 1178 2716 1234 enim
2758 1179 2924 1251 apud
2975 1196 3178 1237 omnes
3232 1181 3613 1239 habebantur

245 1284 337 1332 καὶ
366 1276 580 1341 ἀδικίας
608 1278 797 1332 αὐτῶν.
837 1276 1148 1349 Ἐμίμφοντο
1173 1278 1344 1325 τοίνυν
1384 1281 1457 1343 τῷ
1488 1279 1722 1344 Χριστῷ,
1754 1290 1847 1322 κα-

1968 1272 2297 1341 peccatores
2327 1273 2566 1340 propter
2591 1284 2767 1325 suam
2793 1270 3105 1327 avaritiam
3145 1286 3215 1328 ac
3240 1272 3615 1345 injustitiam.

251 1369 412 1442 θάπερ
438 1372 526 1420 καὶ
567 1367 651 1420 ἐπὶ
677 1366 931 1437 Ματθαίῳ
956 1374 1027 1436 τῷ
1052 1363 1263 1436 τελώνῃ,
1317 1365 1407 1413 καὶ
1454 1360 1537 1413 ἰπὶ
1598 1363 1845 1421 τοιούτοις

1966 1358 2423 1429 lndignabantur
2443 1373 2586 1427 ergo
2618 1358 2863 1430 Christo,
2883 1360 3402 1432 quemadmodum
3435 1365 3613 1422 etiam

249 1457 419 1518 ἄλλοις
449 1453 712 1530 διαφόρως
746 1473 760 1486 ·
792 1456 1012 1527 ἠγνόουν
1035 1450 1095 1506 δε
1131 1456 1216 1505 τόν
1243 1455 1451 1526 τρόπον,
1502 1450 1617 1502 καθ’
1644 1450 1698 1502 ὃν
1724 1452 1842 1501 τού-

1970 1451 2196 1519 propter
2209 1446 2548 1503 Matthaeum
2564 1447 2981 1520 publicanum,
2997 1466 3067 1506 ac
3095 1449 3243 1506 alios
3262 1450 3368 1523 huj
3378 1453 3617 1511 usmodi

249 1566 356 1607 τοις
379 1549 830 1620 συνανεστρέφετο,
879 1548 966 1596 Διό
1015 1546 1104 1595 καὶ
1154 1545 1398 1615 παρεὼρα
1439 1543 1656 1602 τούτους
1698 1540 1848 1600 αὐτὸς

1967 1536 2141 1592 variis
2168 1537 2228 1591 in
2253 1537 2420 1592 locis.
2470 1537 2833 1607 lgnorabant
2870 1544 3069 1595 autem
3102 1539 3351 1595 modum
3377 1547 3434 1598 et
3477 1558 3614 1599 cau-

250 1635 335 1689 ἐπὶ
365 1638 625 1698 τοιούτοις
665 1637 945 1710 πράγμασι
995 1629 1523 1704 σκανδαλιξομένους.
1578 1635 1691 1704 Χρὴ
1747 1631 1847 1704 γὰρ
1881 1653 1897 1709 1

1964 1642 2111 1693 sam,
2145 1625 2224 1682 ob
2253 1642 2435 1698 quam
2488 1624 2753 1683 Christus
2780 1643 2919 1683 cum
2965 1628 3078 1684 illis
3129 1637 3611 1690 conversaretur:

248 1733 340 1778 τοῦ
361 1744 552 1800 μικρου
592 1721 888 1778 σκανδάλου
927 1728 1285 1797 καταφρονεῖν,
1316 1723 1437 1773 ἔνθα
1456 1719 1653 1793 μεγάλη
1681 1738 1849 1777 σωτη-

1968 1715 2094 1771 ideo
2119 1715 2299 1771 etiam
2334 1717 2448 1771 hos
2487 1715 2618 1788 ipse
2648 1716 3039 1790 despiciebat,
3067 1735 3203 1774 cum
3232 1727 3473 1792 propter
3505 1721 3615 1778 hu-

245 1819 337 1889 ρία
365 1820 468 1867 τινὶ
495 1817 950 1888 προσγίνεται,καὶ
979 1816 1050 1885 μὴ
1072 1808 1107 1864 δ
1112 1814 1165 1865 ιὰ
1193 1814 1251 1863 τὸ
1269 1813 1454 1884 μικρὸν
1472 1808 1706 1861 ἀπόλλειν
1740 1809 1848 1880 [25)

1969 1804 2223 1874 iusmodi
2250 1819 2345 1860 res
2373 1804 2839 1863 oﬂ‘enderentur.
2863 1808 3105 1879 Oportet
3125 1808 3285 1864 enim
3317 1809 3616 1867 modicum

247 1907 305 1956 τό
328 1908 483 1977 μέγα.
1957 1894 2393 1952 offendiculum
2444 1895 2854 1967 parvidueere,
2910 1896 3013 1953 ubi
3081 1897 3344 1970 cuipiam
3394 1914 3619 1971 magna

1961 1984 2123 2041 salus
2152 1985 2401 2051 accedit,
2434 2000 2543 2041 nec
2572 1991 2814 2058 propter
2833 2001 2961 2043 rem
2990 1985 3295 2044 modicam
3325 2003 3613 2060 magnum

1958 2074 2208 2147 perdere
2224 2073 2725 2131 emolumentum.

321 2172 532 2231 Σταθεὶς
559 2200 629 2211 -
671 2173 1011 2245 τετραπλοῦν.
1055 2166 1127 2220 Ὤ.
1177 2172 1397 2240 ταχείας
1452 2165 1737 2240 μεταϐολῆς
1780 2166 1850 2223 Ξό

2031 2166 2192 2219 Vers.
2226 2167 2277 2220 8.
2310 2164 2572 2221 Stans—
2591 2164 3023 2236 quadruplum.
3058 2167 3102 2223 Ο
3133 2166 3399 2224 velocem
3422 2171 3616 2226 muta-

249 2261 585 2334 φιλάργυρος,
616 2256 961 2331 εύμετάδοτος
991 2275 1003 2287 ’
1047 2259 1072 2309 ὁ
1101 2254 1447 2320 ἀδικώτατος,
1483 2253 1518 2309 δ
1523 2260 1842 2319 ικαιότατος.

1972 2253 2185 2311 tionem
2214 2252 2228 2306 ι
2262 2269 2479 2310 avarus
2502 2251 2696 2310 factus
2717 2254 3082 2312 estliberalis
3114 2274 3130 2327 ;
3158 2256 3619 2328 injustissimus,

250 2348 324 2402 ’Ὠ
352 2344 744 2402 αὐτοδιδάκτου
781 2350 1045 2422 σωτηρίας
1073 2345 1085 2399 l
1116 2349 1257 2399 οὔπω
1284 2347 1386 2419 γὰρ
1418 2348 1574 2418 ἔμαθέ
1619 2366 1671 2398 τι
1709 2348 1854 2422 παρὰ

1970 2342 2342 2413 iustissimus.
2375 2344 2419 2399 Ο
2451 2342 2727 2409 salutem,
2757 2359 2938 2417 quam
2968 2361 3094 2401 sese
3120 2344 3247 2418 ipse
3278 2346 3562 2403 docuerat
3604 2345 3617 2402 ι

253 2445 507 2513 Χριστοῦ.
530 2440 607 2491 Τὰ
644 2438 734 2509 μὲν
764 2437 852 2489 οὖν
899 2438 1070 2509 ἡμίση
1122 2444 1220 2488 τῶν
1263 2436 1606 2509 ὑπαρχόντων
1655 2432 1854 2489 δέδωκε

1974 2447 2159 2504 neque
2178 2432 2340 2488 enim
2387 2432 2584 2488 adhuc
2627 2448 2664 2489 a
2684 2433 2915 2490 Christo
2945 2434 3229 2490 didicerat
3262 2454 3276 2494 :
3305 2434 3621 2492 dimidium

253 2535 359 2589 τοῖς
389 2534 627 2598 πτωχοῖς
645 2526 717 2587 εἰς
737 2525 970 2578 εύποιῑαν
1004 2544 1017 2555 ·
1050 2527 1116 2576 τὰ
1146 2525 1316 2597 ἡμίση
1352 2520 1410 2576 δὲ
1430 2528 1851 2597 παρακατέσχεν,

1977 2524 2263 2578 bonorum
2303 2521 2466 2577 dedit
2503 2523 2873 2595 pauperibus
2920 2523 2981 2580 in
3011 2523 3369 2579 beneﬁcium
3405 2540 3420 2591 ;
3453 2524 3624 2581 dimi-

253 2617 359 2689 οὐχ
411 2619 544 2669 ὥστε
583 2618 745 2688 ἔχειν,
787 2614 893 2666 ἀλλ’
948 2616 1081 2665 ὥστε
1121 2609 1193 2665 δι’
1226 2612 1389 2665 αὐτῶν
1416 2612 1732 2666 ἀποτιννύειν
1780 2633 1854 2667 τε·

1978 2610 2134 2667 iium
2156 2626 2299 2668 vero
2328 2611 2585 2679 retinuit,
2613 2628 2728 2669 non
2762 2618 2826 2669 ut
2848 2613 3210 2686 possideret,
3230 2613 3337 2670 sed
3366 2630 3490 2688 quo
3520 2629 3625 2687 per

250 2706 548 2780 τραπλάσια
615 2712 715 2756 τῶν
754 2702 809 2756 ἐκ
841 2707 1183 2775 συκοφαντίας
1207 2704 1574 2776 πορισθέντων’
1601 2704 1858 2756 Ἐνταῦθα

1974 2699 2019 2755 id
2049 2699 2372 2756 exsolveret
2392 2701 2452 2756 in
2469 2702 2900 2775 quadruplum,
2929 2702 3095 2758 lucra
3118 2703 3329 2759 fraude
3349 2704 3621 2775 quaesita.

252 2800 310 2848 τὸ
339 2798 440 2868 γὰρ
465 2794 925 2865 Ἐσυκοφάντησα,
951 2792 1009 2844 ού
1036 2795 1094 2844 τὸ
1119 2792 1734 2867 ματαίως,Κατηγόρησα
1763 2811 1855 2851 ση-

1978 2789 2137 2855 Duod
2168 2790 2328 2845 enim
2357 2790 2473 2845 hoc
2498 2791 2559 2846 in
2602 2790 2736 2847 loco
2764 2791 3022 2848 habetur
3051 2790 3471 2866 ἐσυκοφάντησα,
3502 2808 3625 2850 non

250 2890 444 2958 μαίνει,
546 2882 674 2935 ἀλλὰ
750 2885 809 2935 τὸ
882 2881 973 2937 Ἐκ
1045 2886 1382 2954 συκοφαντίας
1470 2887 1560 2934 καὶ
1639 2879 1854 2946 ἀδικίας

1977 2878 2263 2947 signiﬁcat
2304 2893 2456 2934 vane
2500 2884 2602 2935 aut
2631 2879 2808 2936 stulte
2860 2880 3267 2937 calumniatus
3314 2898 3471 2948 sum,
3499 2882 3624 2948 sed,

251 2974 571 3046 ἐκτησάμην.
620 2972 989 3045 Τετραπλάσια
1076 2968 1136 3024 δι
1206 2968 1513 3024 ἀποδίδωσι
1575 2977 1711 3024 κατὰ
1765 2977 1898 3056 τὸν⁴

1979 2968 2043 3023 Ex
2084 2968 2375 3038 injustitia
2403 2973 2459 3023 et
2488 2969 2792 3026 calumnia
2842 2970 3158 3042 acquisivi.
3208 2970 3626 3044 Quadruplum

250 3068 426 3135 νόμον,
459 3065 547 3114 τὸν
576 3066 811 3137 τέσσαρα
829 3060 1067 3136 πρόϐατα
1095 3060 1208 3114 ἀντὶ
1229 3060 1333 3121 ἑνός
1360 3060 1582 3113 ἐκτίσειν
1625 3061 1854 3114 κελεύον-

1976 3060 2166 3111 autem
2187 3056 2395 3121 reddit,
2429 3056 2761 3112 secundum
2789 3057 3005 3127 legem,
3037 3073 3173 3131 quae
3202 3065 3464 3132 quatuor
3483 3075 3623 3117 oves

253 3171 337 3206 τα.
1965 3144 2046 3200 ob
2084 3159 2267 3199 unam
2314 3143 2615 3200 sublatam
2650 3147 2844 3201 exolvi
2877 3147 3152 3218 jubebat.

330 3240 658 3312 Ἀκούσωμεν
688 3242 737 3291 οἰ
761 3238 1083 3308 ἀδικοῦντες,
1120 3243 1210 3291 καὶ
1236 3239 1265 3297 ἣ
1296 3237 1431 3290 αύτὰ
1468 3240 1535 3290 τὰ
1572 3236 1625 3300 ἐξ
1650 3234 1858 3299 ἀδικίας

2039 3232 2396 3297 Audiamus,
2423 3233 2519 3303 qui
2566 3233 2852 3304 injuriam
2888 3234 3164 3305 facimus,
3191 3240 3250 3292 et
3267 3235 3357 3291 vel
3387 3251 3460 3292 ea
3489 3251 3626 3309 qum

253 3336 364 3390 τοῖς
403 3326 736 3387 ἀδικηθεῖσιν
769 3327 1208 3403 ἁντιστρέψιιιμεν,
1242 3327 1272 3386 ἣ
1307 3329 1556 3384 τοιαύτην
1589 3327 1859 3401 θεραπείαν

1981 3321 2186 3392 injuste
2244 3326 2414 3392 parta
2460 3327 2620 3387 sunt,
2662 3321 2888 3377 aﬂ‘eetis
2931 3324 3151 3395 injuria
3198 3325 3628 3382 restituamus:

257 3426 369 3480 τοῖς
397 3415 702 3491 ἀδικήμασι
725 3420 1167 3491 προσενέγκωμεν.

1985 3409 2065 3466 vel
2099 3409 2354 3465 similem
2392 3409 2681 3466 medelam
2709 3410 2841 3477 illis,
2878 3411 2978 3483 qui
3013 3411 3296 3484 injuriam
3335 3413 3632 3486 irrogave-

1970 3504 2130 3567 runt,
2148 3497 2474 3556 offeramus
2491 3499 2597 3572 (v).

330 3592 454 3651 Εἶπε
488 3627 551 3637 --
582 3592 800 3668 ἐγένετο.
850 3602 1006 3647 Οικον
1031 3594 1187 3665 λέγει,
1218 3595 1336 3654 τούς
1387 3591 1437 3644 ἓν
1475 3599 1548 3663 τῷ
1596 3594 1739 3663 οἴκῳ.
1764 3595 1863 3650 Σή-

2042 3588 2209 3644 Vers.
2245 3592 2298 3645 9.
2334 3589 2499 3644 Dixit
2525 3620 2596 3629 —
2625 3590 2893 3662 contigit.
2943 3591 3202 3648 Domum
3231 3590 3375 3648 dicit
3403 3607 3505 3648 eos
3532 3592 3632 3666 qui

258 3706 430 3762 μερον,
472 3690 651 3759 φησιν,
684 3684 877 3758 ἐγένετο
933 3688 1189 3757 σωτηρία,
1241 3681 1583 3743 ἁπελαθείσης
1620 3679 1729 3741 ἤδη
1768 3688 1864 3743 τῆς

1995 3693 2034 3733 n
2063 3677 2245 3733 domo
2272 3684 2462 3735 erant.
2493 3678 2696 3745 Hodie,
2725 3680 2936 3753 inquit,
2964 3680 3129 3737 salus
3159 3681 3419 3759 contigit,
3445 3683 3638 3752 ejecta

262 3775 539 3846 ἀπωλείας,
591 3782 689 3837 τῆς
768 3773 1070 3836 ἐνοικούσης
1132 3771 1187 3824 ἐκ
1242 3771 1530 3835 πλεονεξίας
1595 3777 1684 3824 καὶ
1740 3767 1812 3823 ea
1818 3789 1862 3821 ι-

1996 3783 2095 3823 am
2123 3767 2473 3840 perditione,
2503 3785 2637 3841 quae
2667 3768 2728 3825 in
2758 3782 2830 3826 ea
2861 3770 3204 3827 morabatur
3228 3776 3467 3845 propter
3494 3785 3634 3829 ava-

259 3872 396 3928 κίας.

1970 3861 2166 3917 ritiam
2199 3866 2255 3917 et
2296 3861 2674 3933 injustitiam.

334 3956 531 4008 Καθότι
577 3984 646 3994 ——
685 3951 816 4007 ἔστι.
861 3959 1025 4005 Τοῦτο
1065 3948 1161 4004 διὰ
1200 3954 1319 4011 τούς
1373 3949 1741 4022 γογγύζοντας,
1784 3951 1864 4003 ὅτι

2043 3951 2206 4006 Vers.
2251 3955 2302 4007 9.
2336 3952 2423 4008 Eo
2449 3952 2610 4024 quod
2639 3984 2705 3993 —
2734 3959 2840 4010 est.
2883 3955 3001 4010 Hoc
3025 3959 3269 4027 propter
3313 3970 3417 4010 eos
3464 3952 3634 4023 dixit,

257 4046 403 4120 παρὰ
425 4041 716 4119 ἁμαρτωλῷ
743 4038 899 4117 ἀνδρί
925 4040 1129 4100 εἰσῆλθε
1155 4040 1447 4093 καταλῦσαι
1484 4053 1500 4066 ⁸
1539 4043 1671 4111 φησί
1697 4039 1799 4110 γάρ
1840 4053 1854 4066 ·

1985 4039 2076 4112 qui
2105 4041 2564 4097 murmurabant
2615 4042 2783 4114 quod
2828 4042 3127 4109 intrasset,
3175 4043 3333 4115 apud
3363 4048 3632 4116 peccato-

259 4140 486 4207 Σήμερον
541 4137 779 4208 σωτηρία
842 4139 916 4202 τῷ
992 4134 1116 4202 οἴκῳ
1182 4133 1371 4201 τούτῳ.
1433 4133 1533 4182 Καὶ
1572 4132 1670 4202 γὰρ
1757 4124 1864 4180 ἔδει

1987 4144 2098 4182 rem
2140 4130 2338 4183 virum
2395 4130 2821 4185 diversaturus.
2881 4132 2976 4186 Ait
3023 4147 3204 4202 ergo;
3240 4132 3430 4187 Hodie
3472 4132 3634 4186 salus

262 4225 496 4282 σωθῆναι
546 4226 633 4274 τὸν
688 4228 979 4294 Ζακχαίον,
1027 4217 1167 4272 διότι
1212 4224 1302 4270 καὶ
1359 4217 1514 4278 αὐτὸς
1581 4217 1634 4268 ἐκ
1685 4220 1864 4287 γένους

1986 4216 2177 4272 ἰοπιιιί
2204 4217 2334 4273 huic
2380 4218 2627 4289 contigit
2663 4235 2678 4284 ;
2710 4220 3026 4290 oportebat
3072 4219 3372 4290 siquidem
3400 4218 3633 4273 salvum

263 4320 354 4364 τοῦ
403 4310 640 4385 Ἀϐραάμ
695 4311 828 4364 ἐστι.
910 4309 1066 4368 Δηλοῐ
1127 4304 1186 4361 δὲ
1257 4311 1316 4359 τὸ
1391 4305 1724 4377 ἐπαγόμενον,
1783 4304 1910 4385 ὃτι1

1983 4304 2099 4359 ﬁeri
2128 4306 2495 4371 Zacchaaum,
2513 4306 2654 4377 quia
2683 4313 2739 4361 et
2758 4307 2885 4378 ipse
2913 4322 2984 4362 ex
3015 4322 3229 4377 genere
3247 4312 3337 4362 est
3357 4305 3630 4361 Abrahae.

274 4362 343 4364 7"
422 4362 453 4363 77
496 4362 612 4385 1⁷⁷⁷ι
734 4362 774 4364 7⁷
914 4362 976 4368 ⁷⁷⁷
1497 4362 1566 4377 ’⁸
1714 4362 1722 4369 ’

264 4404 663 4472 προηγουμένως
736 4396 830 4452 διὰ
908 4403 1026 4459 τούς
1092 4396 1471 4470 Ἄϐραμιαίους
1540 4391 1865 4467 ἐνηνθρώπη-
1896 4362 1911 4416 1

1989 4392 2280 4463 Significat
2329 4399 2523 4449 autem
2563 4394 2837 4449 inductus
2874 4395 2969 4450 hic
3010 4411 3230 4464 sermo,
3288 4395 3454 4468 quod
3493 4410 3636 4467 pro-

268 4507 374 4541 σεν.
1974 4486 2104 4555 pter
2144 4498 2247 4538 eos
2294 4482 2680 4554 potissimum
2734 4484 3175 4541 humanitatem
3218 4485 3632 4557 assumpserit,

1974 4573 2071 4644 qui
2110 4571 2191 4628 ab
2221 4572 2529 4629 Abraham
2572 4572 3034 4630 descendebant.

338 4667 498 4720 Ἦλθε
522 4699 582 4708 -
599 4664 947 4728 ἂπολωλό;.’1’ὸ
962 4664 1224 4725 ἀπολωλὸς
1242 4662 1295 4715 ἐκ
1307 4666 1454 4734 γένον
1466 4682 1487 4724 ς
1500 4658 1724 4736 τοῦἈϐρ
1733 4662 1860 4734 αάμ.

2049 4663 2207 4717 Vers.
2242 4661 2331 4717 10.
2393 4663 2560 4719 Venit
2590 4694 2658 4704 —
2685 4664 2841 4735 quod
2878 4662 3077 4733 periit.
3114 4663 3286 4731 Quod
3317 4662 3508 4737 periit,
3559 4679 3633 4720 ex

268 4757 380 4811 Ούκ
407 4756 700 4814 ἀπεστάλην
737 4760 860 4829 γαρ,
894 4759 1073 4827 φησὶν,
1124 4754 1168 4806 εἰ
1196 4758 1267 4826 μὴ
1298 4752 1370 4813 εἰς
1420 4754 1488 4803 τὰ
1531 4749 1771 4827 πρόϐατα
1800 4754 1866 4803 τὰ

1985 4765 2190 4820 genere
2225 4750 2500 4807 Abrahae.
2532 4751 2622 4807 Ait
2658 4754 2820 4809 enim
2866 4772 2880 4809 :
2911 4753 3048 4810 Non
3087 4769 3218 4811 sum
3250 4755 3479 4820 missus,
3515 4753 3632 4810 nisi

268 4846 567 4901 ἀπολωλότα
589 4850 733 4899 οἶκον
895 4842 1151 4916 Ἀϐραάμ.

1974 4840 2045 4895 ad
2066 4853 2201 4897 oves
2238 4841 2497 4910 perditas
2535 4842 2736 4897 domus
2767 4843 2958 4899 Israel
2991 4847 3059 4896 ³³.

335 4944 600 5010 Ζακχαῖος
658 4932 718 4988 δέ
774 4934 880 5007 εἰμι
934 4932 1081 5005 κάγὼ
1128 4933 1317 5005 μικρός
1373 4934 1468 4990 τὴν
1529 4929 1735 4989 ἠλικίαν
1772 4935 1866 4989 τὴν

2048 4932 2171 5001 Ego
2226 4946 2367 4988 vero
2419 4938 2475 4987 et
2524 4933 2837 4989 Zacchaaus
2881 4950 3015 4989 sum
3062 4938 3290 4991 statura
3343 4931 3637 5006 spirituali

335 5064 384 5099 ⁸³
407 5062 592 5118 Exod.
623 5076 763 5126 xxu,
799 5060 851 5113 1.
930 5058 976 5092 ³³
1008 5055 1211 5113 Matth.
1250 5072 1341 5120 xv,
1369 5057 1458 5110 24.

1440 5151 1698 5245 ⁴νοτίδι
1734 5151 2062 5225 lectiones
2093 5163 2158 5221 et
2206 5163 2410 5223 nota.

363 5356 455 5423 22)
482 5353 648 5409 Αὐτόν
673 5352 893 5410 omittit
923 5353 982 5410 Β.
1074 5421 1081 5423 Α
1452 5418 1466 5423 Α
1534 5419 1569 5423 __
1854 5420 1866 5423 ς
1981 5370 2010 5423 γ

1074 5421 1081 5423 .
1452 5418 1466 5423 ,
1534 5419 1569 5423 __
1854 5420 1866 5423 4
1981 5356 2193 5423 γὼγιον,
2222 5351 2640 5409 deversorium.

363 5357 431 5413 22
482 5357 648 5409 Αὐτόν
673 5357 893 5410 omittit
923 5357 982 5410 B.

338 5357 455 5501 2'23)
489 5428 675 5483 Etiam
701 5426 796 5480 hic
827 5423 1040 5495 adjecit
1068 5421 1361 5495 interpres
1386 5418 1874 5494 scholium,quod

269 5500 389 5558 mei
416 5516 528 5556 non
559 5501 910 5568 agnoscunt.
992 5567 996 5568 ί
1110 5566 1119 5568 _
1359 5563 1375 5568 _
1548 5563 1559 5568 _
1654 5567 1658 5568 ί

1847 5420 1874 5477 i
1981 5357 2653 5563 7w{§§§’§:§§ri§$§niﬁ
2673 5423 2862 5480 codex
2885 5428 3132 5501 uterque
3162 5426 3464 5501 exprimit.
3490 5494 3494 5499 ,

2079 5498 2164 5566 26)
2195 5495 2285 5548 Ἐκ
2308 5498 2505 5567 γένους,
2532 5511 2643 5568 pro
2660 5498 2825 5553 οἶκον.
2852 5496 2928 5565 Α.
3284 5516 3287 5521 ’

341 5496 389 5555 ei
416 5496 528 5556 rion
559 5501 910 5568 agnoscunt.

341 5570 453 5644 (24)
483 5571 611 5638 Quo
638 5584 818 5626 sensu
864 5566 1187 5638 κατάγεσθαι
1216 5568 1306 5622 est
1333 5563 1559 5621 deverti
1609 5567 1670 5621 et
1712 5582 1871 5618 κατα-

2051 5496 2164 5566 (26)
2195 5496 2285 5548 Ἐκ
2308 5498 2505 5567 γένους,
2532 5511 2643 5569 pro
2660 5498 2825 5553 οἶκον.
2852 5496 2927 5565 Α.

1282 5568 1306 5620 ι
1333 5563 1559 5621 deverti
1609 5567 1670 5621 et
1712 5582 1871 5618 κατα-

347 5747 431 5827 (υ)
458 5748 586 5806 Illis
614 5776 684 5789 -
712 5745 1046 5818 o/feramus.
1067 5741 1282 5814 Redde,
1315 5742 1558 5817 injuriis
1587 5730 1994 5801 admoveamus

1994 5762 2017 5799 r.
2044 5744 2339 5819 lnterpres
2354 5743 2487 5803 loco
2505 5740 2808 5822 ἀδικήμασι
2835 5700 3072 5805 videtur
3098 5745 3312 5821 legisse
3332 5702 3641 5809 ἄδικήσαοι.
