4170 6434
204 350 341 410 1057
1062 387 1065 390 -
1283 337 1639 400 COMMENT.
1682 339 1749 395 IN
1791 333 2048 395 LUCAM.
2090 369 2157 378 —-
2189 334 2345 396 CAP.
2376 333 2528 397 XIX.
3435 335 3570 396 1058

203 485 384 540 κακίας
411 479 480 539 εἰς
506 477 708 554 ἀρετήν·
744 477 830 528 Διό
861 479 951 527 καὶ
981 471 1124 525 καλεὶ
1155 471 1332 536 αὐτὸν,
1363 469 1476 539 (22)
1499 473 1588 519 καὶ
1623 467 1804 518 ἄπεισι
1832 468 1850 518 l

1922 463 2256 536 facilequea
2285 463 2425 519 vitio
2459 463 2802 521 mutabilem
2825 481 2957 523 esse
2987 466 3066 522 ad
3087 466 3359 522 virtutem
3394 483 3408 520 :
3438 465 3569 522 ideo

204 566 364 641 κερδή
375 588 476 622 σων
503 567 676 620 αὐτόν.
1177 623 1183 641 ι

1917 553 2097 608 etiam
2129 558 2302 608 vocat
2345 558 2398 608 et
2431 553 2681 622 accedit,
2713 560 2777 608 ut
2802 555 2967 610 illum
3007 555 3355 611 lucrifaciat.

261 623 270 642 ‘
352 623 361 628 ’
1177 623 1183 641 ι

283 664 381 711 Καὶ
409 688 479 699 -
508 661 731 730 χαίρων.
763 658 992 728 Χαίρων,
1045 651 1104 704 οὐ
1144 655 1318 723 μόνον,
1353 650 1432 700 ὁτι
1464 643 1596 700 εἶδεν
1626 644 1801 708 αὐτόν,

1993 641 2155 698 Vers.
2210 647 2264 700 6.
2335 643 2411 698 Et
2449 673 2518 682 —
2559 644 2843 713 gaudens.
2895 645 3172 701 Gaudens
3214 659 3337 700 non
3376 643 3571 700 solum

211 750 274 808 ὡς
340 747 507 809 ἐξῄτει
549 744 694 796 ’ἀλλ’
759 746 839 796 ὃτι
895 746 985 794 καὶ
1033 740 1224 798 ἐκλήθη
1280 739 1400 813 παρ’
1451 736 1631 798 αὐτοῦ,
1717 753 1806 785 και

1926 731 2082 802 quod
2121 747 2258 786 eum
2289 731 2549 798 vidisset,
2584 737 2648 788 ut
2693 737 3022 805 optaverat,
3063 733 3167 789 sed
3199 732 3362 806 quod
3393 732 3573 788 etiam

212 839 292 889 ὅτι
342 833 626 898 ὑπεδέξατο
683 834 855 898 αὐτὸν,
916 834 980 892 ὡς
1037 829 1131 882 οὐκ
1185 831 1246 880 ἄν
1293 845 1417 880 ποτε
1483 820 1807 898 προσεδόκηι

1923 821 1998 875 ab
2027 821 2126 876 illo
2149 827 2394 877 vocatus
2421 830 2592 886 esset,
2633 822 2920 894 quodque
2959 823 3157 896 ipsum
3188 821 3570 895 suscepisset,

215 944 272 977 σι
299 927 432 994 (23),
1921 909 2081 980 quod
2114 925 2428 981 nunquam
2485 911 2608 966 fore
2649 916 3006 983 speraverat.

281 1017 323 1084 -ι-
350 1013 516 1069 Unde
537 1018 594 1068 et
623 1012 824 1067 statim
850 1009 1186 1065 misericors
1207 1007 1396 1061 factus
1413 1011 1499 1059 est
1517 1017 1849 1075 pauperum
1867 1015 1936 1056 ac
1953 999 2179 1070 pietatis
2213 1003 2466 1055 amator.

287 1103 388 1156 Καὶ
414 1101 811 1154 -καταλῦσαι,
849 1100 1216 1170 Καταχοῆναι,
1259 1096 1370 1164 (23)
1401 1102 1588 1166 μεῖναι.
1623 1100 1811 1165 Ἀριαρ-

1997 1087 2157 1145 Vers.
2189 1090 2239 1143 7.
2270 1089 2345 1142 Et
2372 1087 2882 1145 —diversaturus.
2913 1092 3222 1146 Mansurus
3251 1105 3320 1148 ac
3350 1091 3579 1148 recubi-

212 1191 366 1244 τωλοὶ
398 1187 456 1244 δὲ
483 1194 532 1242 οἱ
561 1190 773 1242 τελῶναι
800 1196 958 1242 πάσιν
991 1184 1224 1250 ἐδόκουν,
1269 1181 1360 1236 διὰ
1385 1186 1473 1243 τάς
1524 1182 1812 1244 πλεονεξίας

1933 1194 2108 1250 μινυς.
2155 1176 2463 1232 Publicaui
2524 1177 2684 1233 enim
2726 1178 2891 1250 apud
2943 1195 3144 1235 omnes
3199 1180 3580 1238 habebantur

214 1286 304 1334 καὶ
334 1278 547 1343 ἀδικίας
577 1280 764 1334 αὐτῶν.
805 1279 1115 1350 Ἐμέμφοντο
1141 1279 1310 1326 τοίνυν
1353 1282 1424 1343 τῷ
1457 1280 1690 1344 Χριστῷ,
1722 1291 1814 1321 κα-

1935 1273 2264 1341 peccatores
2295 1272 2534 1339 propter
2559 1284 2734 1324 suam
2760 1269 3072 1326 avaritiam
3113 1286 3183 1326 ac
3209 1271 3582 1344 injustitiam.

219 1373 378 1444 θάπερ
405 1375 493 1422 καὶ
535 1369 618 1422 ἐπὶ
646 1370 897 1438 Ματθαίῳ
923 1376 994 1437 τῷ
1021 1365 1230 1436 τελώνῃ,
1284 1367 1374 1414 καὶ
1423 1361 1504 1413 ἐπὶ
1567 1364 1812 1421 τοιούτοις

1933 1358 2390 1428 indignabantur
2411 1373 2553 1426 ergo
2585 1358 2830 1429 Christo,
2851 1359 3370 1431 quemadmodum
3403 1365 3580 1420 etiam

217 1461 385 1520 ἄλλοις
417 1457 678 1532 διαφόρως
713 1475 726 1488 ο
760 1458 979 1528 ἠγνόουν
1003 1452 1062 1506 δι
1099 1458 1183 1506 τόν
1211 1457 1418 1526 τρόπον,
1471 1451 1584 1502 καθ’
1611 1451 1666 1502 ὃν
1692 1453 1809 1501 τού-

1937 1451 2162 1518 propter
2178 1446 2515 1502 Matthaeum
2533 1447 2949 1519 publicanum,
2965 1465 3034 1504 ac
3063 1448 3211 1504 alios
3231 1449 3584 1521 hujusmodi

218 1569 322 1609 τοις
347 1552 797 1622 συνανεστρέφετο.
847 1550 933 1597 Διό
983 1548 1070 1596 καὶ
1122 1547 1366 1616 παρεώρα
1407 1544 1623 1602 τούτους
1665 1540 1816 1599 αὑτός

1935 1536 2108 1591 variis
2137 1538 2196 1590 in
2222 1537 2388 1592 locis.
2438 1537 2801 1606 Ignorabant
2838 1543 3037 1594 autem
3072 1539 3317 1594 modum
3345 1546 3402 1596 et
3445 1557 3582 1597 cau-

218 1637 302 1690 ἐπὶ
333 1641 591 1699 τοιούτοις
633 1640 912 1712 πράγμασι
964 1631 1490 1704 σκανδαλιζομένους.
1546 1636 1659 1704 Χρὴ
1715 1632 1865 1709 γὰρ]

1932 1642 2079 1692 sam,
2113 1625 2192 1681 ob
2221 1642 2402 1698 quam
2457 1625 2720 1682 Christus
2749 1643 2887 1682 cum
2934 1627 3046 1683 illis
3097 1636 3579 1688 conversaretur:

216 1736 307 1780 τοῦ
329 1747 519 1802 μικρου
560 1723 856 1779 σκανδάλου
895 1730 1252 1798 καταφρονεῖν,
1285 1724 1404 1773 ἔνθα
1424 1721 1620 1794 μεγάλη
1649 1739 1816 1778 σωτη-

1936 1716 2061 1770 ideo
2087 1715 2266 1770 etiam
2303 1716 2416 1770 hos
2456 1715 2586 1788 ipse
2617 1716 3006 1788 despiciebat,
3036 1734 3171 1773 cum
3201 1726 3441 1790 propter
3474 1720 3583 1775 bu-

214 1822 304 1891 ρία
333 1823 435 1869 τινὶ
464 1820 917 1890 προσγίνεται,καὶ
947 1819 1017 1886 μὴ
1041 1810 1132 1866 δ’ιά
1161 1816 1218 1864 τὸ
1237 1815 1421 1885 μικρὸν
1441 1809 1673 1862 ἀπόλλειν

1937 1805 2190 1874 iusmodi
2220 1820 2313 1860 res
2342 1803 2806 1862 otfenderentur.
2831 1808 3073 1878 Oportet
3094 1807 3252 1862 enim
3286 1808 3584 1864 modicum

216 1910 273 1958 τὸ
296 1911 450 1979 μέγα,
1926 1893 2360 1952 offendiculum
2413 1895 2822 1966 parviducere,
2878 1895 2981 1951 ubi
3050 1896 3311 1968 cuipiam
3363 1913 3587 1968 magna

1929 1985 2091 2040 salus
2121 1985 2369 2050 accedit,
2402 2001 2511 2040 nec
2541 1991 2782 2057 propter
2802 2001 2929 2042 rem
2959 1985 3263 2042 modicam
3293 2002 3582 2058 magnum

1927 2075 2176 2147 perdere
2193 2073 2693 2130 emolumentum.

290 2175 499 2233 Σταθεὶς
527 2203 596 2213 —
639 2175 978 2246 τετραπλοῦν.
1024 2168 1094 2221 Ὤ.
1146 2173 1365 2241 ταχείας
1421 2167 1705 2241 μεταϐολῆς
1749 2167 1818 2222 ῑό

2001 2167 2160 2219 Vers.
2195 2167 2245 2219 8.
2279 2164 2540 2220 Stans—
2560 2164 2992 2235 quadruplum.
3027 2166 3070 2222 Ο
3103 2165 3367 2222 velocem
3392 2170 3584 2224 muta-

219 2263 553 2336 φιλάργυρος,
585 2258 930 2332 εὐμετάδοτος
959 2277 970 2288 ·
1015 2260 1040 2310 ὁ
1070 2255 1414 2320 ἀδικώτατος,
1452 2254 1810 2319 δικαιότατος.

1940 2253 2154 2310 tionem
2183 2253 2196 2306 ι
2231 2269 2447 2309 avarus
2471 2251 2664 2310 factus
2686 2253 3050 2310 estliberalis
3084 2274 3098 2324 ;
3128 2255 3587 2326 injustissimus,

221 2351 293 2403 Ὠ
320 2347 712 2403 αὐτοδιδάκτου
749 2353 1012 2423 σωτηρίας
1041 2346 1052 2401 l
1084 2351 1225 2399 οὔπω
1253 2349 1354 2419 γὰρ
1387 2349 1541 2418 ἔμαθέ
1587 2366 1639 2398 τι
1678 2349 1823 2421 παρὰ

1939 2342 2311 2412 iustissimus.
2345 2344 2388 2398 Ο
2420 2342 2696 2407 salutem,
2727 2359 2906 2416 quam
2937 2359 3063 2399 sese
3089 2344 3216 2416 ipse
3247 2345 3531 2401 docuerat
3573 2345 3586 2400 ι

224 2442 574 2514 Χριστοῦ.Τά
612 2441 702 2511 μὲν
732 2439 821 2490 οὖν
868 2440 1038 2509 ἡμίση
1091 2446 1188 2488 τῶν
1233 2438 1574 2510 ὑπαρχόντων
1625 2433 1822 2489 δέδωκε

1942 2447 2128 2504 neque
2147 2432 2308 2487 enim
2357 2432 2552 2488 adhuc
2596 2447 2633 2488 a
2653 2432 2883 2489 Christo
2914 2433 3198 2489 didicerat
3231 2453 3244 2492 :
3275 2433 3589 2490 dimidium

222 2538 326 2590 τοῖς
359 2537 594 2599 πτωχοῖς
614 2528 685 2588 εἰς
705 2527 938 2580 εὐποιίαν
973 2546 984 2557 ο
1020 2529 1083 2577 τὰ
1115 2527 1284 2598 ἡμίση
1321 2523 1378 2577 δὲ
1399 2530 1819 2597 παρακατέσχεν,

1946 2527 2231 2578 bonorum
2272 2521 2434 2576 dedit
2473 2522 2842 2594 pauperibus
2890 2523 2949 2578 in
2980 2522 3337 2578 beneﬁcium
3375 2539 3389 2590 ;
3422 2523 3593 2579 dimi-

222 2620 327 2691 οὐχ
380 2622 512 2670 ὥστε
551 2621 713 2689 ἔχειν,
756 2616 860 2667 ἀλλ’
917 2617 1049 2666 ὥστε
1089 2611 1161 2666 δι’
1195 2614 1356 2666 αὐτῶν
1385 2613 1700 2666 ἀποτιννύειν
1749 2634 1822 2666 τε-

1947 2611 2103 2666 lium
2126 2627 2268 2667 vero
2298 2611 2554 2677 retinuit,
2582 2628 2697 2667 non
2732 2618 2795 2668 ut
2818 2612 3178 2685 possideret,
3201 2613 3305 2668 sed
3336 2629 3459 2686 quo
3490 2628 3594 2685 per

219 2708 516 2781 τραπλάσια
585 2715 683 2758 τῶν
722 2704 777 2757 ἐκ
811 2709 1151 2776 συκοφαντίας
1177 2705 1542 2777 πορισθέντων·
1571 2705 1826 2756 Ἐνταῦθα

1943 2699 1988 2754 id
2018 2699 2341 2755 exsolveret
2361 2701 2420 2755 in
2439 2701 2869 2774 quadruplum,
2900 2701 3064 2757 lucra
3088 2702 3298 2758 fraude
3319 2703 3590 2774 quaesita.

221 2802 278 2850 τὸ
308 2800 409 2870 γὰρ
434 2797 893 2867 Ἐσυκοφοίντησα,
920 2793 977 2845 οὐ
1006 2797 1062 2844 τό
1088 2793 1703 2866 ματαίωςΚατηγόρησα
1732 2813 1824 2850 ση-

1947 2789 2106 2856 Duod
2137 2789 2296 2845 enim
2327 2789 2442 2844 hoc
2469 2791 2528 2844 in
2573 2789 2706 2846 loco
2735 2790 2992 2846 habetur
3021 2790 3440 2864 ἐσυκοφάντησα,
3473 2807 3594 2848 non

221 2893 413 2960 μαίνει,
516 2885 643 2937 ἀλλὰ
720 2887 777 2936 τὸ
851 2884 941 2938 Ἐκ
1014 2888 1350 2955 συκοφαντίας
1440 2888 1529 2934 καὶ
1609 2879 1823 2946 ἀδικίας

1946 2878 2232 2947 significat
2274 2893 2425 2933 vane
2470 2885 2571 2934 aut
2601 2879 2776 2935 stulte
2830 2879 3236 2935 calumniatus
3283 2897 3440 2946 sum,
3469 2881 3593 2946 sed,

222 2976 540 3047 ἐκτησάμην.
590 2975 958 3046 Τετραπλασια
1045 2970 1104 3025 δὲ
1175 2969 1482 3024 ἀποδίδωσι
1545 2979 1680 3024 κατά
1735 2978 1869 3059 τόν⁴

1948 2969 2011 3022 Ex
2053 2969 2344 3038 injustitia
2373 2974 2429 3022 et
2457 2969 2760 3024 calumnia
2813 2969 3128 3041 acquisivi.
3178 2969 3595 3042 Quadruplum

221 3070 395 3136 νόμον,
429 3068 516 3116 τὸν
546 3069 780 3138 τέσσαρα
799 3062 1035 3137 πρόϐατα
1065 3062 1177 3114 ἀντὶ
1199 3061 1301 3122 ἑνὸς
1331 3062 1550 3113 ἐκτίσειν
1595 3062 1823 3115 κελεύον-

1946 3061 2135 3112 autem
2157 3056 2364 3121 reddit,
2399 3056 2730 3111 secundum
2760 3057 2974 3126 legem,
3007 3073 3142 3130 quae
3173 3064 3434 3130 quatuor
3454 3074 3593 3115 oves

223 3173 307 3207 τα.
1935 3145 2016 3200 ob
2053 3160 2236 3198 unam
2285 3144 2584 3200 sublatam
2619 3147 2814 3200 exolvi
2848 3147 3120 3217 jubebat.

299 3243 627 3313 Ἀκούσωμεν
658 3244 706 3292 οἱ
731 3241 1052 3310 ἀδικοῦντες,
1089 3245 1178 3292 καὶ
1205 3241 1234 3298 ᾖ
1266 3239 1401 3290 αὐτά
1438 3241 1504 3290 τά
1542 3237 1594 3300 ἐξ
1620 3235 1827 3299 ἀδικίας

2009 3233 2365 3296 Audiamus,
2394 3234 2488 3302 qui
2537 3233 2821 3303 injuriam
2859 3233 3134 3304 facimus,
3162 3239 3219 3291 et
3238 3235 3328 3290 vel
3357 3251 3430 3290 ea
3459 3250 3595 3306 qum

223 3339 334 3392 τοῖς
374 3328 705 3388 ἀδικηθεῖσιν
739 3328 1177 3404 ἀντιστρέ·,ιι-›μεν,
1212 3329 1241 3387 ἦ
1277 3330 1525 3384 τοιαύτην
1560 3329 1828 3402 θεραπείαν

1950 3322 2155 3392 injuste
2214 3327 2384 3392 parta
2431 3327 2590 3386 sunt,
2632 3321 2858 3376 affectis
2901 3324 3120 3394 injuria
3168 3325 3597 3380 restituamus:

227 3429 339 3482 τοῖς
368 3418 671 3492 ἀδικήμασι
695 3422 1136 3492 προσενέγκωμεν.

1954 3411 2034 3466 vel
2069 3411 2322 3466 similem
2362 3410 2650 3466 medelam
2681 3410 2810 3476 illis,
2848 3411 2947 3482 qui
2983 3411 3266 3483 injuriam
3305 3413 3601 3484 irrogave-

1941 3505 2099 3567 runt,
2119 3499 2444 3555 offeramus
2461 3500 2566 3572 (υ).

301 3595 424 3652 Εἷπι
459 3630 520 3638 -
553 3595 770 3669 ἐγένετο.
820 3603 976 3649 Οικον
1001 3595 1157 3666 λέγει,
1189 3597 1305 3654 τοὺς
1357 3593 1406 3645 ἕν
1446 3601 1517 3664 τῷ
1566 3596 1708 3664 οἴκῳ.
1735 3597 1832 3650 Σή-

2014 3589 2179 3644 Vers.
2215 3593 2268 3645 9.
2305 3589 2468 3644 Dixit
2496 3621 2566 3628 —
2595 3591 2862 3661 contigit.
2915 3591 3171 3646 Domum
3201 3590 3345 3647 dicit
3373 3607 3475 3647 eos
3503 3591 3601 3664 qui

227 3709 400 3764 μερον,
443 3693 621 3761 φησὶν,
655 3686 847 3760 ἐγένετο
903 3690 1158 3758 σωτηρία,
1212 3683 1553 3744 ἀπελαθείσης
1591 3680 1698 3742 ἤδη
1739 3690 1834 3744 τῆς

1966 3694 2003 3734 n
2034 3679 2214 3733 domo
2243 3685 2432 3734 erant.
2464 3678 2666 3744 Hodie,
2697 3681 2906 3752 inquit,
2935 3680 3099 3736 salus
3130 3681 3389 3758 contigit,
3415 3683 3608 3750 ejecta

231 3779 508 3848 ἀπωλείας,
563 3785 659 3838 τῆς
739 3776 1040 3837 ἑνοικούσης
1103 3773 1157 3826 ἐκ
1214 3773 1500 3836 πλεονεξίας
1565 3778 1654 3825 καὶ
1711 3768 1831 3824 ἀδι-

1967 3784 2064 3824 am
2093 3768 2442 3840 perditione,
2474 3785 2607 3841 quas
2638 3769 2697 3824 in
2729 3785 2800 3825 ea
2831 3771 3174 3826 morabatur
3200 3777 3437 3844 propter
3465 3784 3605 3827 ava-

229 3874 366 3930 κίας.

1942 3861 2136 3917 ritiam
2170 3867 2225 3917 et
2267 3861 2644 3932 injustitiam.

305 3958 500 4010 Καθότι
547 3987 616 3996 -
655 3953 786 4009 ἔστι.
832 3961 995 4007 Τοῦτο
1036 3950 1130 4006 δια
1171 3955 1288 4012 τοὺς
1343 3951 1712 4023 γογγύζοντας,
1755 3952 1833 4003 ὅτι

2014 3952 2177 4006 Vers.
2222 3955 2272 4007 9.
2307 3953 2394 4008 Eo
2420 3952 2580 4023 quod
2610 3984 2674 3992 —
2705 3959 2810 4009 est.
2855 3956 2971 4009 Hoc
2997 3959 3238 4026 propter
3284 3969 3387 4008 eos
3435 3952 3605 4022 dixit,

228 4049 373 4122 παρά
396 4043 686 4121 ἁμαρτωλῷ
715 4040 870 4118 ἀνδρί
896 4043 1100 4101 εἰσῆλθε
1126 4042 1417 4094 καταλῦσαι
1456 4055 1469 4066 ·
1510 4045 1641 4112 φησι
1668 4040 1770 4110 γάρ
1811 4054 1824 4066 ·

1956 4039 2046 4112 qui
2076 4041 2534 4097 murmurabant
2587 4042 2753 4113 quod
2800 4041 3098 4108 intrasset,
3146 4043 3304 4114 apud
3334 4048 3603 4115 peccato-

231 4143 456 4209 Σήμερον
511 4139 749 4209 σωτηρία
813 4141 886 4203 τῷ
963 4136 1087 4202 οἴκῳ
1153 4135 1341 4202 τούτῳ.
1405 4135 1503 4182 Καὶ
1543 4133 1640 4203 γὰρ
1728 4125 1834 4180 ἔδει

1958 4145 2068 4182 rem
2112 4131 2307 4183 virum
2367 4131 2792 4184 diversaturus.
2853 4132 2946 4185 Ait
2994 4147 3175 4200 ergo;
3212 4131 3401 4186 Hodie
3443 4132 3605 4185 salus

233 4228 466 4284 σωθῆναι
517 4229 604 4276 τόν
659 4230 949 4295 Ζακχαῖον,
999 4218 1137 4274 διότι
1184 4226 1272 4272 καὶ
1331 4219 1484 4279 αὐτὸς
1553 4219 1604 4269 ἐκ
1657 4222 1834 4288 γένους

1956 4217 2147 4272 domui
2175 4218 2304 4272 huic
2351 4218 2598 4288 contigit
2635 4235 2649 4284 ;
2681 4219 2996 4290 oportebat
3043 4219 3343 4289 siquidem
3371 4217 3603 4272 salvum

235 4323 326 4365 τοῦ
375 4313 610 4388 Ἀϐρααμ
667 4313 798 4365 ἐστι.
881 4311 1036 4369 Δηλοῖ
1099 4306 1157 4362 δὲ
1229 4313 1286 4360 τό
1362 4307 1694 4378 ἐπαγόμενον,
1755 4307 1882 4388 ὅτιΙ

1954 4306 2070 4359 ﬁeri
2099 4307 2465 4370 Zacciiaeum,
2485 4307 2625 4377 quia
2654 4314 2710 4360 et
2730 4307 2856 4377 ipse
2885 4322 2953 4361 ex
2987 4322 3200 4376 genere
3218 4312 3307 4361 est
3329 4305 3601 4360 Abrahre.

236 4407 633 4474 προηγουμένως
707 4398 801 4453 διά
880 4405 996 4460 τοὺς
1063 4397 1442 4472 Ἀϐραμιαίους
1511 4364 1883 4468 ἑνηνθρωπή-Ι

1960 4393 2250 4463 Signiﬁcat
2301 4363 2808 4449 autem‘inductus
2847 4395 2940 4450 hic
2981 4363 3202 4464 sermo,
3260 4394 3426 4467 quod
3465 4409 3607 4466 pro-

240 4509 345 4542 σεν.
1945 4488 2074 4555 pter
2115 4499 2218 4538 eos
2266 4483 2650 4554 potissimum
2706 4484 3146 4541 humanitatem
3190 4484 3603 4555 assumpserit,

1946 4574 2041 4644 qui
2082 4573 2161 4628 ab
2192 4573 2499 4629 Abraham
2543 4573 3005 4630 descendebant.

310 4669 468 4722 Ἦλθε
495 4702 553 4710 -
571 4667 918 4729 ἀπολωλός.Τὸ
936 4666 1195 4726 ἀπολωλός
1215 4663 1425 4735 ἐκγένου
1439 4683 1457 4724 ς
1473 4660 1831 4736 τοῦἈϐραοξρι.

2020 4664 2178 4718 Vers.
2215 4662 2302 4716 l0.
2365 4663 2530 4719 Venit
2562 4695 2629 4704 —
2657 4665 2812 4734 quod
2850 4666 3048 4732 periit.
3086 4663 3257 4730 Quod
3289 4662 3480 4735 periit,
3531 4678 3604 4718 ex

239 4761 351 4813 Οὐκ
379 4759 671 4816 ἀπεστάλην
709 4762 831 4830 γὰρ,
866 4761 1044 4828 φησὶν,
1096 4756 1139 4807 εἰ
1168 4760 1238 4827 μὴ
1270 4754 1341 4814 εἰς
1392 4756 1459 4804 τά
1503 4751 1742 4827 πρόϐατα
1772 4755 1838 4804 τά

1956 4766 2161 4821 genere
2197 4751 2471 4807 Abrahae.
2504 4752 2592 4808 Ait
2630 4754 2791 4808 enim
2838 4772 2851 4809 :
2883 4753 3019 4809 Non
3059 4770 3189 4810 sum
3221 4755 3451 4818 missus,
3487 4751 3603 4808 nisi

239 4849 538 4902 ἀπολωλότα
561 4852 704 4900 οἶκον
735 4847 849 4918 (26)
867 4845 1122 4918 Ἀϐραάμ.

1946 4841 2016 4896 ad
2038 4855 2171 4897 oves
2210 4842 2468 4910 perditas
2507 4843 2707 4898 domus
2739 4843 2930 4899 Israel
2963 4847 3030 4896 ³³.

307 4947 572 5012 Ζακχαῖος
630 4934 689 4990 δέ
746 4937 851 5009 εἰμι
906 4934 1052 5006 κάγὼ
1099 4936 1288 5006 μικρός
1345 4936 1439 4990 τὴν
1501 4931 1706 4990 ἠλικίαν
1744 4936 1838 4989 τὴν

2021 4933 2142 5002 Ego
2197 4947 2338 4988 vero
2391 4939 2446 4987 et
2496 4933 2808 4988 Zacchaeus
2853 4950 2986 4988 sum
3034 4939 3261 4990 statura
3315 4931 3609 5006 spirituali

307 5067 355 5101 ³³
379 5065 564 5121 Exod.
596 5079 735 5128 xxu,
772 5062 822 5114 1.
902 5060 947 5094 ³³
981 5057 1182 5114 Matth.
1223 5074 1313 5121 xv,
1341 5059 1429 5111 24.

1445 5152 1669 5222 Variae
1707 5153 2034 5222 lectiones
2065 5165 2130 5221 et
2179 5164 2381 5223 notae.

311 5354 980 5430 (ρεμοτάνοωίιιίιβη
1044 5424 1055 5430 _
1113 5429 1118 5430 ν
1425 5421 1438 5430 _
1507 5421 1541 5430 η
1825 5422 1840 5430 ε
1953 5372 1958 5387 ε

972 5427 980 5430 -
1044 5424 1055 5430 -
1425 5421 1438 5430 .
1507 5421 1541 5430 ..
1825 5422 1840 5430 ,
1953 5352 2612 5430 ’γώγειφγηᾴευενξονίιηη

311 5421 425 5503 (23')
462 5431 647 5485 Etiam
674 5428 768 5482 hic
800 5425 1012 5496 adjecit
1041 5424 1332 5496 interpres
1359 5421 1844 5494 scholium,quod
1963 5421 1968 5422 “
2023 5424 2139 5563 ἑνὶὸ)
2177 5426 2333 5478 Hauc
2367 5424 2624 5479 formam
2646 5423 2833 5479 codex
2858 5429 3104 5500 uterque
3134 5427 3436 5500 eXprimit.

311 5503 360 5557 ei
389 5519 500 5558 non
532 5503 882 5563 agnoscunt.
2051 5499 2136 5563 '26)
2167 5496 2257 5548 Ἐκ
2281 5499 2477 5563 γένους,
2506 5512 2615 5563 pro
2633 5499 2797 5552 οἴκου.
2825 5497 2899 5562 _A.

241 5497 360 5560 mei
389 5497 500 5558 rion
532 5503 882 5570 agnOscunt.
1084 5569 1092 5570 ί
1331 5565 1347 5570 _
1520 5565 1530 5570 _
1625 5569 1631 5570 ί

1331 5565 1347 5570 -
1520 5565 1530 5570 ,
1625 5569 1631 5570 ,
2023 5497 2136 5567 ('26)
2167 5497 2257 5548 Ἐκ
2281 5499 2477 5567 γένους,
2506 5512 2615 5568 pro
2633 5499 2797 5552 οἴκου.
2825 5497 2898 5562 Α.

314 5574 426 5646 (24)
455 5565 790 5640 Ουοέθιιευ
837 5569 1159 5639 κατάγεσθαι
1189 5571 1277 5623 est
1305 5565 1530 5621 deverti
1583 5569 1642 5621 et
1685 5584 1843 5618 κατα·

319 5751 403 5828 (υ)
432 5751 558 5808 ιιιεε
589 5779 656 5791 -
685 5748 1018 5820 offeramus.
1040 5743 1255 5814 Redde,
1289 5743 1529 5817 injuriis
1560 5743 1966 5801 admoveamus

1966 5763 1989 5800 τ.
2018 5745 2311 5819 interpres
2328 5744 2460 5803 loco
2478 5741 2780 5822 ἀδικήμασι
2809 5703 3044 5804 videtur
3071 5746 3284 5820 legisse
3306 5707 3613 5808 ἀδικήσασι.
