4170 6438
203 341 328 406 4061

1300 332 1669 396 COMMENT.
1714 337 1780 392 IN
1819 330 2076 392 LUCAM.
2119 367 2186 374 —
2226 329 2380 388 CAP.
2415 329 2556 388 XIX.

3438 330 3571 387 l062

199 500 390 562 πολλῆς
459 504 549 552 καὶ
612 494 788 564 δόξης,
840 500 931 548 καὶ
996 497 1206 547 καθίσει
1265 491 1347 544 ἐπὶ
1401 493 1582 564 θρόνον
1641 485 1804 550 δόξης

1963 489 2064 541 .ate
2093 499 2316 554 magna
2379 489 2436 540 et
2474 483 2680 554 gloria,
2731 483 3078 558 sedebitque
3121 501 3300 559 super
3360 487 3558 542 sedem

203 609 384 644 αυτου.

274 678 387 750 (31)
425 678 546 728 Εἶπε
573 707 640 715 -
663 671 1204 748 διεπραγματεύσατο.
1239 676 1366 724 Τότε
1393 671 1494 742 γὰρ
1521 669 1806 739 λογοθετῶν

207 766 476 820 ἀποδώσει
505 766 707 837 ἑκάστῳ
727 768 861 816 κατὰ
887 765 950 816 τὰ
976 766 1101 836 ἔργα
1125 762 1304 813 αὐτοῦ.

283 947 590 1018 Παρεγίνετο
641 974 709 983 -
743 949 890 1016 μνᾶς.
943 943 1039 994 Διά
1088 947 1177 999 τῆς
1205 935 1237 990 δ
1244 933 1431 998 εκάδος
1470 938 1527 988 τὸ
1559 934 1687 987 πολὺ
1718 941 1810 986 τοῦ

209 1031 430 1110 κέρδους
459 1033 705 1106 ἐσήμανε.

283 1217 383 1266 Καὶ
423 1209 530 1266 εἶπε
568 1242 617 1253 --
649 1211 845 1284 ἐγένου.
900 1207 968 1264 Εὖ
1004 1229 1108 1275 σοι,
1151 1210 1231 1260 ὅτι
1288 1207 1337 1260 ἐν
1386 1212 1484 1279 μιᾷ
1522 1211 1626 1279 μνᾷ
1653 1224 1814 1258 σπου-

212 1301 248 1356 δ
252 1311 334 1355 αῖο
345 1324 366 1365 ς
395 1301 568 1374 ἐγένου
577 1341 590 1354 .

281 1479 425 1534 ’Ἱσθι
471 1478 714 1542 ἐξουσίαν
753 1481 892 1551 ἔχων
926 1510 990 1518 -
1021 1475 1232 1530 πόλεων.
1285 1477 1380 1528 Διὰ
1426 1484 1539 1551 τῆς.
1577 1472 1817 1536 ἔξουσίας

211 1579 309 1622 τῶν
335 1567 463 1621 δέκα
489 1569 680 1621 πόλεων
715 1571 772 1620 τό
803 1567 930 1620 πολὺ
959 1577 1053 1629 τῆς
1092 1574 1248 1639 τιμῆς
1278 1570 1368 1617 καὶ
1397 1569 1454 1616 τό
1483 1566 1697 1637 μέγεθος
1726 1570 1816 1622 τῆς

214 1661 512 1734 εὐεργεσίας
540 1661 760 1730 ἐνέφηνε.

290 1753 388 1801 Καὶ
437 1745 584 1806 ἦλθεν
635 1778 702 1788 -
759 1746 968 1800 πόλεων.
1028 1744 1323 1815 Ἀναλόγως
1365 1751 1437 1813 τῷ
1484 1746 1654 1816 μέτρῳ
1722 1748 1815 1802 τῆς

1918 575 2116 645 gloriae
2156 589 2300 630 suae.

1989 663 2151 719 Vers.
2217 664 2302 718 15.
2356 661 2648 732 Jussitque
2689 693 2754 704 —
2808 665 3131 736 negotiatus
3180 671 3348 721 esset.
3420 668 3568 722 Nam

1919 760 2059 809 tunc
2076 751 2367 809 rationem
2382 765 2612 822 ponens
2627 751 2833 809 reddet
2857 754 3180 827 unicuique
3186 754 3208 826 j
3219 760 3359 811 uxta
3389 770 3574 827 opera

1919 859 2049 898 sua.

1990 932 2154 988 Vers.
2184 933 2270 988 16.
2313 933 2476 988 Venit
2531 963 2602 972 —
2632 931 2843 988 minas.
2876 932 2980 988 Per
3009 932 3311 990 denarium
3365 949 3578 991 nume-

1923 1038 2057 1077 rum
2083 1021 2261 1077 etiam
2287 1021 2383 1077 hic
2437 1020 2900 1088 multitudinem,
2943 1023 3066 1079 sive
3096 1024 3574 1095 magnitudinem

1920 1112 2070 1168 lucri
2099 1111 2471 1184 signiﬁcavit.

1998 1203 2155 1257 Vers.
2177 1203 2265 1259 17.
2289 1203 2449 1257 -Ει
2474 1201 2840 1270 ait—fuisti.
2868 1203 3018 1257 Bene
3044 1201 3344 1274 precantis
3358 1210 3463 1269 est,
3483 1203 3578 1261 vel

1924 1290 2243 1357 laudantis,
2283 1291 2650 1348 contrarium
2704 1291 2817 1348 Ve.
2847 1292 3002 1348 Bene
3034 1292 3138 1348 tibi
3177 1293 3272 1360 sit,
3330 1294 3476 1366 quia
3515 1293 3578 1350 in

1927 1398 2048 1437 una
2088 1380 2252 1436 mina
2277 1380 2534 1450 diligens
2565 1381 2745 1437 fuisti.

1998 1470 2162 1526 Vers.
2198 1475 2278 1526 t7.
2303 1471 2527 1528 Habeto
2542 1476 2886 1542 potestatem
2917 1503 2986 1511 —
3015 1472 3307 1529 civitates.
3337 1472 3448 1530 Per
3477 1489 3579 1546 po-

1925 1565 2196 1616 testatem
2233 1577 2404 1632 super
2433 1560 2637 1616 decem
2688 1561 2975 1632 civitates,
3020 1563 3250 1618 variam
3303 1562 3577 1621 beneﬁcii

1927 1649 2401 1720 magnitudinem
2440 1665 2512 1705 ac
2543 1648 2838 1706 honorem
2876 1651 3327 1708 demonstravit.

1998 1739 2288 1796 Vers.18.
2320 1741 2393 1794 Et
2420 1739 2575 1794 venit
2641 1771 2707 1782 —
2767 1740 2930 1795 Vers.
2981 1745 3063 1797 19.
3105 1741 3403 1798 Civitates.
3435 1742 3584 1799 Con-

217 1838 440 1890 ἐκοίστου
483 1833 724 1898 σπουδῆς
762 1841 851 1888 καὶ
876 1845 965 1888 τοῦ
991 1831 1206 1908 κέρδους
1232 1840 1636 1907 παραμετρεὶται
1669 1836 1757 1882 καὶ
1783 1832 1812 1888 ἡ

1963 1830 2192 1884 )rmiter
2213 1828 2290 1884 ad
2309 1844 2654 1884 mensuram
2671 1829 2853 1884 studii
2879 1830 3174 1902 cujusque
3193 1839 3578 1889 mensuratur

217 1932 341 2000 τιμὴ
377 1931 466 1978 καὶ
498 1927 784 2000 εὐεργεσία.

294 2021 394 2069 Καὶ
434 2019 602 2088 ἔτερος
647 2047 715 2057 -
762 2011 1049 2088 σουδαρίῳ.
1109 2008 1393 2083 Σουδάριον
1440 2010 1574 2082 (32),
1607 2013 1664 2061 τό
1696 2009 1820 2084 παρ’

221 2108 345 2177 ἡμῖν
391 2108 576 2176 μικρὸν
630 2103 910 2176 φακιόλιον·
946 2101 1285 2171 ἁναγωγικώς
1333 2097 1391 2152 δὲ
1438 2103 1495 2150 τό
1539 2095 1820 2172 σουδάριον

223 2193 462 2257 ἐνταῦθα,
504 2195 531 2250 ἠ
560 2192 722 2266 ἀργία
741 2196 830 2243 καὶ
861 2189 1155 2264 ἀχρηστία.

299 2281 619 2354 Ἐφοϐούμην
693 2311 764 2321 -
820 2283 1080 2352 ἔσπειρας.
1136 2277 1288 2350 ’ῼετο
1359 2279 1478 2350 γὰρ,
1547 2278 1628 2328 ὃτι
1693 2279 1820 2348 μόνη

224 2375 254 2431 ἡ
328 2368 535 2429 σπουδὴ
608 2378 705 2422 τῶν
769 2369 1205 2442 ἐμπορευομένων,
1262 2369 1380 2418 οἱνευ
1432 2374 1524 2427 τῆς
1585 2369 1639 2417 ἐκ
1691 2373 1825 2417 Θεοῦ

226 2459 492 2534 βοηθείας,
543 2460 792 2529 κατορθοῖ
846 2463 903 2509 τό
955 2464 1076 2520 πᾶν,
1122 2461 1210 2508 καὶ
1273 2458 1350 2507 ὅτι
1397 2455 1661 2528 αὐστηρός
1735 2454 1822 2520 ὢν,

226 2551 434 2602 απαιτεῖ
486 2551 550 2599 τὰ
599 2547 789 2621 ἑτέροις
839 2545 1197 2611 ἐπικτηθέντα,
1259 2545 1328 2607 εἰς
1381 2545 1415 2596 ἅ
1469 2545 1617 2604 αὐτὸς
1673 2539 1824 2595 οὐδέν

223 2660 271 2692 τι
322 2642 642 2710 συνήργησε.
673 2639 878 2694 Ταύτην
912 2633 970 2687 δε
1005 2641 1092 2692 τὴν
1136 2633 1418 2705 ἀπολογίαν
1465 2632 1824 2704 ἐσχημάτισεν

225 2731 255 2787 ἡ
321 2726 614 2800 παραϐολὴ,
673 2722 842 2788 δεῖξαι
905 2724 1216 2798 βουλομένη,
1271 2726 1350 2776 ὅτι
1405 2724 1516 2793 (33)
1571 2719 1720 2774 οὐδὲν
1778 2723 1826 2773 οἱ

225 2826 450 2870 τοιουτοι
517 2816 723 2886 εὔλογον
782 2813 897 2886 (34)
953 2813 1390 2884 ἀπολογήσασθαι
1433 2812 1703 2878 δύνανται,
1737 2817 1826 2863 καὶ

228 2909 329 2975 ὃτι,
349 2907 449 2958 ὅσα
473 2905 533 2956 ἆν
557 2903 1005 2974 ἀπολογήσωνται,
1034 2903 1149 2954 κατ’
1172 2903 1336 2955 αὐτῶν
1353 2905 1522 2954 πάντα
1690 2919 1828 2973 περι-

227 3000 607 3070 τραπήσονται,
635 2998 724 3044 καὶ
754 2994 908 3044 ἄκουε
937 3001 1033 3044 τῶν
1057 2993 1186 3054 ἑξῆς.

305 3089 457 3153 Λέγει
484 3113 548 3122 -ο
587 3078 758 3133 δοῦλε.
801 3081 894 3135 Ἐκ
920 3089 1019 3132 τῶν
1053 3081 1216 3151 λογων
1251 3099 1364 3135 σου,

303 3169 484 3231 ’Ἧδεις
546 3201 612 3210 -
687 3172 994 3244 τράπεζαν;
1051 3171 1167 3221 Ἐπὶ
1256 3171 1591 3242 τραπεζίτας.

235 3257 288 3314 δ’
331 3260 390 3312 ἂν
436 3256 528 3311 εἶεν
573 3261 622 3310 οἱ
669 3255 946 3330 δυνάμενοι
994 3255 1277 3330 διακρίνειν
1309 3261 1366 3308 τό
1412 3257 1567 3308 καλὸν
1600 3255 1700 3308 ἀπὸ
1741 3264 1832 3308 τοῦ

233 3357 416 3402 κακοῦ.
469 3353 607 3418 Χέγει
656 3352 846 3412 τοίνυν,
881 3349 962 3398 ὅτι
993 3348 1133 3398 Ἐπεί
1174 3351 1404 3397 τοιοῦτόν
1438 3365 1503 3417 με
1541 3345 1832 3416 ἐγίνωσκες,

233 3443 408 3491 καίτοι
437 3443 507 3510 μὴ
543 3443 774 3489 τοιοῦτον
806 3440 944 3500 ὄντα,
981 3432 1126 3487 διατί
1148 3435 1206 3486 οὗ
1245 3434 1438 3506 μᾶλλον
1464 3433 1746 3486 κατεϐάλου
1780 3439 1834 3486 τό

237 3527 387 3583 δοθέν
439 3549 521 3580 σοι
569 3528 819 3602 χάρισμα
858 3545 957 3599 μου
987 3524 1069 3577 ἐπὶ
1106 3525 1416 3598 τραπεζίτας
1449 3541 1461 3591 ;
1509 3523 1614 3576 ἔδει
1644 3527 1744 3596 γάρ
1780 3545 1837 3577 σε

235 3626 337 3672 πᾶν
367 3623 425 3672 τό
474 3622 561 3670 σόν
591 3625 836 3681 ποιῆσαι,
875 3619 930 3667 τὸ
960 3612 1018 3666 δὲ
1047 3615 1228 3666 λοιπόν
1268 3613 1380 3686 ἐμοὶ
1419 3614 1740 3679 καταλιπεῖν,
1781 3619 1836 3667 τὸ

237 3709 604 3781 εὐχερέστερον
635 3710 760 3768 τέως
783 3701 1202 3780 διαπράξασθαι,
1234 3707 1292 3754 τό
1329 3701 1388 3756 δὲ
1420 3700 1837 3778 δυσχερέστερον

237 3797 352 3870 ἐμοὶ
383 3795 678 3872 ἐπιτρέψαι,
702 3794 833 3867 λέγω
865 3791 954 3864 δὴ,
991 3798 1084 3851 τὴν
1117 3791 1423 3850 ἀπαίτησιν.

314 3980 414 4028 Καὶ
455 3973 552 4044 ἐγὼ
577 4006 642 4015 -—
675 3973 820 4027 αὐτό.
855 3972 1170 4046 Εἰσέπραξα,
1206 3971 1476 4045 ἀπῄτησα.
1507 3974 1708 4025 Δάνειον
1748 3976 1837 4045 μεν

240 4065 347 4134 οὖν,
383 4067 411 4123 ἡ
466 4060 812 4116 διδασκαλία·
870 4068 1021 4124 τόκος
1069 4059 1127 4114 δε
1156 4066 1393 4114 τοιούτου
1440 4059 1668 4128 δανείου,
1701 4065 1752 4114 αἱ
1785 4061 1840 4114 ἐκ

243 4151 600 4215 διδασκαλίας
639 4152 833 4226 ἀρεταί·
889 4159 1050 4204 Τοκον
1103 4148 1180 4216 δὲ,
1231 4156 1318 4210 τὴν
1341 4148 1639 4226 ἐπικερδίαν
1672 4152 1837 4218 διπλῶ,

245 4244 526 4316 ὠνόμασεν,
652 4245 900 4314 συνηθείᾳ
924 4243 1277 4316 χρησάμενος.

323 4426 424 4473 Καὶ
497 4427 601 4482 τοῖς
664 4429 995 4496 παρεστῶσιν
1082 4416 1208 4472 εἶπε.

251 4508 503 4582 ἀγγέλοις.

1296 4425 1412 4479 Τοῖς
1493 4420 1843 4491 ὑπηρετοῦσιν

335 4598 515 4672 Ἀρατε
539 4629 602 4638 -
631 4601 830 4670 ἔχοντι.
859 4598 1052 4674 Ἀρατε
1081 4596 1168 4649 ἀπ’
1191 4597 1352 4649 αὑτοῦ
1379 4600 1437 4649 τὸ
1471 4599 1722 4670 χάρισμα
1751 4606 1847 4660 τῆς

250 4685 626 4750 διδασκαλίας,
669 4694 755 4739 καὶ
819 4687 938 4740 δότε
970 4688 1094 4739 αὐτό
1125 4687 1195 4748 εἰς
1226 4689 1533 4761 προσθήκην
1581 4695 1735 4759 τιμῆς
1776 4695 1846 4757 τῲ

249 4783 428 4851 ἔχοντι
458 4781 551 4838 τὰς
579 4774 708 4829 δέκα
735 4784 886 4850 μνᾶς.

324 4873 424 4922 Καὶ
446 4864 585 4921 εἶπον
624 4899 691 4908 -
721 4872 872 4940 μνᾶς.
905 4872 1055 4938 Ἔχει
1082 4867 1346 4939 ἀρκοῦσαν
1366 4869 1543 4938 τιμήν.

321 5047 472 5116 Λέγω
519 5075 588 5085 -
652 5045 1146 5118 περισσευθήσεται,
1223 5043 1288 5094 Οἱ
1355 5045 1446 5115 μὲν
1519 5050 1849 5116 παρεστῶτες

248 5133 410 5199 εἶπον,
472 5135 551 5186 ὅτι
601 5132 754 5206 Ἔχει
795 5131 1058 5205 ἀρκοῦσαν
1108 5137 1282 5205 τιμήν·
1338 5131 1491 5194 αὐτὸς
1541 5128 1600 5185 δέ
1665 5152 1844 5206 φησιν,

1928 1925 1983 1974 et
2022 1919 2216 1973 honor
2245 1934 2316 1972 ac
2355 1916 2734 1973 beneﬁcium.

2002 2009 2159 2063 Vers.
2189 2011 2278 2061 20.
2305 2007 2383 2062 Et
2414 2007 2567 2063 alius
2597 2037 2663 2047 —
2700 2008 2966 2064 sudario.
2999 2008 3321 2065 Sudarium
3354 2026 3584 2082 anago—

1932 2099 2057 2169 gice
2075 2099 2262 2153 otium
2293 2112 2362 2152 ac
2393 2096 2702 2166 segnitiem
2731 2103 2785 2154 et
2815 2096 3188 2156 inutilitatem
3220 2104 3331 2157 hoc
3356 2101 3418 2156 in
3447 2101 3583 2159 loco

1932 2187 2328 2244 demonstrat.

2006 2277 2164 2331 Vers.
2192 2276 2281 2332 21.
2315 2272 2598 2330 Timebam
2623 2304 2695 2316 —
2744 2276 3055 2332 seminasti.
3104 2277 3362 2338 Putabat
3397 2283 3582 2349 enim,

1934 2367 2095 2440 quod
2130 2365 2257 2422 sola
2315 2365 2748 2436 negotiantium
2823 2367 3129 2438 diligentia
3193 2369 3428 2443 absque
3486 2374 3586 2430 Dei

1935 2456 2156 2514 auxilio
2197 2460 2384 2510 totum
2427 2453 2700 2523 efﬁceret
2741 2471 2753 2512 :
2811 2462 2868 2511 et
2918 2473 3056 2512 cum
3099 2464 3249 2515 esset
3287 2465 3584 2529 austerus,

1933 2551 2222 2619 repeteret
2257 2545 2335 2600 ab
2367 2544 2496 2599 aliis
2526 2545 2711 2611 lucra,
2743 2545 2804 2600 in
2833 2561 2968 2618 quae
3001 2547 3128 2618 ipse
3157 2549 3300 2604 nihil
3329 2551 3590 2607 contule-

1937 2645 2046 2692 rat.
2083 2638 2241 2690 Hanc
2271 2639 2471 2689 autem
2497 2634 2943 2706 responsionem
2975 2636 3255 2705 ﬁguravit
3282 2640 3586 2710 parabole,

1937 2723 2143 2780 volens
2167 2721 2497 2786 ostendere,
2528 2721 2694 2792 quod
2723 2721 2869 2777 tales
2899 2722 3044 2778 nihil
3071 2725 3414 2781 rationabile
3456 2745 3593 2799 pos-

1937 2813 2054 2868 sint
2107 2811 2494 2883 respondere,
2559 2811 2664 2865 sed
2720 2827 3098 2884 quaecunque
3150 2816 3590 2888 responderint,

1938 2907 2143 2959 contra
2176 2915 2237 2956 se
2267 2899 2429 2972 ipsos
2447 2906 2863 2957 convertentur
2894 2917 3076 2969 ;nam
3119 2903 3282 2970 audi,
3323 2920 3458 2977 qua:
3508 2924 3596 2964 se-

1938 2997 2226 3064 quuntur.

2012 3081 2174 3136 Vers.
2214 3083 2302 3134 22.
2331 3079 2432 3132 Ait
2459 3110 2522 3118 —
2545 3093 2726 3135 serve.
2761 3081 2840 3134 Ex
2871 3079 3070 3135 verbis
3096 3081 3235 3141 tuis.

1673 3168 1832 3220 Οὗτοι
1865 3191 1907 3248 C
2013 3170 2174 3224 Vers.
2210 3173 2295 3222 2'2.
2317 3168 2550 3224 Sciebas
2578 3199 2646 3208 —
2665 3169 2822 3222 Vers.
2847 3169 2936 3223 23.
2967 3169 3228 3226 Mensam
3259 3172 3286 3228 ?
3309 3172 3398 3229 Ad
3422 3190 3596 3232 men-

1944 3258 2134 3313 sarios
2176 3257 2273 3322 ;hi
2303 3257 2416 3311 dici
2441 3263 2700 3328 possunt,
2733 3257 2836 3328 qui
2875 3264 3095 3314 norunt
3123 3259 3452 3330 dijudicare
3495 3263 3599 3320 bo-

1945 3363 2093 3402 num
2126 3362 2162 3401 a
2184 3344 2362 3401 malo.
2395 3347 2485 3400 Ait
2515 3359 2653 3414 ergo
2695 3362 2709 3399 :
2744 3345 2892 3400 Cum
2920 3345 3098 3402 talem
3129 3364 3225 3404 me
3268 3365 3598 3419 cognosce-

1946 3452 2056 3501 res,
2091 3450 2446 3506 quanquam
2479 3432 2609 3488 talis
2639 3449 2759 3489 non
2790 3450 3008 3500 essem,
3033 3451 3219 3507 quare
3253 3453 3372 3494 non
3399 3439 3602 3511 potius

1946 3523 2276 3596 exposuisti
2297 3523 2506 3578 datum
2529 3522 2630 3578 tibi
2654 3523 2880 3578 donum
2899 3540 3100 3580 meum
3128 3525 3201 3580 ad
3225 3529 3556 3585 mensarios
3580 3549 3598 3601 ;

1947 3613 2263 3687 oportebat
2291 3616 2472 3673 enim.
2499 3612 2664 3684 quod
2695 3612 2754 3666 in
2806 3619 2858 3668 te
2884 3618 3028 3680 crat,
3057 3613 3269 3681 facere,
3300 3616 3597 3690 reliquum

1947 3719 2089 3760 vero
2146 3703 2288 3758 mihi
2340 3702 2672 3774 relinquere
2722 3721 2735 3760 :
2796 3702 3030 3757 efﬁcere
3087 3703 3323 3761 interim
3355 3707 3415 3762 id
3447 3707 3601 3779 quod

1949 3799 2076 3849 erat
2116 3791 2365 3857 facilius,
2411 3790 2576 3864 quod
2637 3796 2832 3846 autem
2885 3791 3206 3859 difﬁcilius,
3279 3795 3424 3852 mihi
3467 3812 3605 3870 per-

1951 3883 2199 3950 mittere,
2241 3881 2378 3935 dico
2409 3896 2554 3935 sane
2585 3879 3017 3951 repetitionem.

2023 3973 2179 4027 Vers.
2209 3974 2296 4026 23.
2330 3971 2408 4024 Et
2434 3984 2527 4040 ego
2567 3999 2638 4010 —
2674 3969 2870 4025 illam.
2931 4001 2999 4011 —
3039 3973 3439 4041 Repetiissem.
3481 3976 3606 4032 Mu-

1952 4067 2120 4117 tuum
2150 4075 2292 4129 ergo
2317 4066 2404 4114 est
2427 4059 2726 4114 doctrina:
2753 4076 2933 4115 usura
2948 4077 3090 4117 vero
3114 4061 3452 4132 hujusmodi
3480 4081 3608 4120 mu-

1952 4151 2055 4215 tui,
2074 4149 2313 4204 virtutes
2328 4153 2483 4211 sunt,
2499 4164 2635 4218 quin
2654 4163 2724 4202 ex
2741 4148 3016 4204 doctrina
3039 4151 3332 4206 oriuntur.
3352 4153 3610 4208 Lucrum

1954 4245 2153 4293 autem
2191 4236 2612 4308 qualecunque
2641 4238 2974 4293 nominavit
3005 4253 3268 4304 usuram,
3299 4239 3608 4296 communi

1957 4343 2100 4381 usus
2132 4324 2582 4380 consuetudine.

2029 4417 2190 4470 Vers.
2240 4417 2328 4469 24.
2379 4414 2458 4468 Et
2513 4413 2844 4470 astantibus
2891 4415 3066 4472 dixit.
3134 4416 3602 4475 Ministrantibus

1881 4546 1926 4601 Β
1957 4503 2247 4601 videlicet
2267 4501 2523 4601 angelis.

2029 4594 2190 4648 Vers.
2221 4595 2310 4648 24.
2352 4591 2566 4647 Tollite
2592 4621 2655 4632 —
2691 4591 2792 4664 qui
2826 4592 3016 4650 habet.
3048 4592 3248 4651 Tollite
3279 4595 3359 4651 ab
3383 4612 3455 4653 eo
3477 4611 3610 4667 gra-

1958 4684 2104 4739 tiam
2135 4681 2406 4744 docendi,
2437 4687 2494 4736 et
2517 4680 2654 4737 date
2680 4681 2842 4738 illam
2878 4683 2949 4738 ad
2983 4685 3392 4742 accessionem
3422 4688 3613 4746 hono-

1959 4774 2040 4830 ris
2067 4773 2139 4838 ei,
2171 4772 2273 4844 qui
2313 4771 2510 4825 decem
2536 4772 2730 4826 minas
2762 4771 2962 4829 habet.

2031 4861 2196 4918 Vers.
2238 4861 2327 4917 25.
2364 4861 2436 4915 Et
2469 4859 2755 4917 dixerunt
2782 4863 3074 4918 —minas.
3107 4864 3291 4921 Habet
3321 4864 3618 4923 sufﬁcien-

1963 4957 2084 5009 tem
2101 4951 2428 5006 honorem.

2033 5041 2196 5097 Vers.
2251 5040 2340 5094 26.
2417 5039 2558 5094 Dico
2610 5070 2677 5078 —
2744 5039 3082 5098 abundabit.
3153 5043 3262 5109 Qui
3323 5045 3621 5120 astabant,

1957 5131 2234 5188 dixerunt
2273 5145 2286 5185 :
2322 5128 2507 5185 Habet
2546 5127 2942 5186 sufficientem
2975 5131 3288 5190 honorem.
3325 5135 3457 5208 Ipse
3483 5151 3623 5194 vero

1489 5339 1708 5407 Variae
1739 5338 2068 5407 lectiones
2098 5344 2163 5405 et
2194 5347 2395 5404 notae.

328 5564 441 5635 (3|)
476 5567 592 5626 Καὶ,
618 5563 781 5635 quod
812 5561 1101 5619 editiones
1117 5560 1364 5629 habent,
1393 5561 1678 5634 quodque
1701 5562 1858 5619 Hen-

258 5637 450 5692 lenius
489 5637 671 5691 etiam
706 5635 984 5699 servavit,
1019 5641 1223 5688 neuter
1246 5651 1514 5688 meorum
1545 5635 1746 5690 habet.

328 5713 417 5770 (3'2
473 5705 762 5776 Σουδάριον
793 5708 1011 5762 omittit
1052 5708 1108 5759 Β.

330 5708 444 5859 (ως
467 5778 591 5833 Ὀτι
631 5780 681 5832 οἰ
729 5785 958 5834 τοιοῦτοι
1000 5773 1108 5834 οὐδε

467 5778 591 5833 Ὀτι
631 5773 681 5832 οἱ
729 5785 958 5834 τοιοῦτοι
1000 5773 1150 5834 etiam
1203 5778 1366 5856 ἕτερον
1425 5774 1865 5854 ἀπολογησασθαι

1977 5556 2389 5623 δυνηθὴσονται,
2423 5562 2512 5610 καὶ
2543 5559 2642 5612 ὃτι.

2073 5632 2160 5692 34)
2191 5630 2714 5702 Ἀπολογηθὴσεσθαι
2741 5632 2806 5685 Α.

2073 5633 2160 5692 34)
2191 5633 2714 5702 Ἀπολογηθὴσεσθαι
2741 5633 2786 5684 Α

2047 5633 2158 5776 ἒδὸ)
2188 5707 2506 5781 Παρατραπή
2519 5721 2697 5757 σονται
2724 5707 2793 5766 Α,
