4170 6440
193 340 314 403 1061
1285 329 1654 393 COMMENT.
1699 334 1766 388 IN
1805 327 1840 388 L

1909 331 2061 389 ΒΑΜ.
2105 363 2171 371 -
2211 325 2366 384 CAP.
2399 325 2542 384 XIX.
3423 325 3556 382 l062

189 497 377 558 πολλῆς
445 501 536 548 καὶ
598 490 774 560 δόξης,
826 497 917 545 καὶ
982 493 1192 544 καθίσει
1250 488 1333 540 ἐπὶ
1387 489 1567 560 θρόνου
1627 482 1836 547 δόξηςλ

1899 486 2050 538 state
2078 495 2302 550 magna
2363 485 2422 536 et
2459 479 2666 550 gloria,
2717 479 3064 554 sedebitque
3107 497 3287 554 super
3345 483 3543 538 sedem

193 587 370 640 αὐτοῦ.

1903 571 2102 642 gloriae
2141 586 2285 626 suae.

261 676 374 746 (3|)
411 675 532 725 Εἶπε
559 704 626 712 -
650 669 1190 744 διεπραγματεύσατο.
1225 673 1352 720 Τότε
1379 668 1479 738 γὰρ
1507 665 1792 735 lor/0911'er

1975 660 2137 715 Vers.
2203 660 2287 714 15.
2342 657 2634 728 Jussitque
2674 689 2740 700 —
2793 660 3117 732 negotiatus
3166 666 3334 716 esset.
3407 663 3553 716 Nam

197 763 462 817 ἀποδώσει
491 763 694 834 ἑκάστῳ
713 765 847 812 κατὰ
873 762 936 813 τὰ
962 763 1087 833 ἔργα
1111 759 1290 810 αὑτοῦ.
1798 830 1802 834 '

1912 756 2045 805 tunc
2061 747 2352 805 rationem
2368 761 2598 818 ponens
2613 747 2819 804 reddet
2843 749 3166 822 unicuique
3173 749 3193 822 j
3205 755 3346 806 uxta
3375 765 3559 822 opera

1905 855 2034 894 sua.

269 943 577 1015 Παρεσγένετο
627 971 696 980 —
729 945 876 1012 μνᾶς.
930 939 1025 990 Δια
1074 944 1163 996 τῆς
1191 929 1417 994 δεκάδος
1456 935 1513 984 1'6
1545 930 1673 983 πολύ
1704 937 1795 982 τοῦ

1976 928 2140 984 Vers.
2170 929 2256 984 16.
2299 929 2461 984 Venit
2516 959 2587 968 —
2617 927 2828 984 minas.
2862 928 2966 984 Per
2994 927 3298 986 denarium
3351 944 3563 986 nume-

198 1028 417 1107 κέρδους
446 1029 692 1103 ἐσήμανε.

1912 1034 2043 1073 rum
2069 1017 2246 1073 etiam
2273 1017 2369 1073 hic
2423 1015 2886 1084 multitudinem,
2929 1019 3052 1075 sive
3082 1019 3559 1091 magnitudinem

1906 1108 2055 1164 lucri
2085 1107 2456 1180 signiﬁcavit.

270 1215 370 1264 Καὶ
409 1206 517 1263 εἶπε
554 1239 604 1250 -
635 1207 832 1280 ἐγένου.
887 1204 954 1261 Εὖ
990 1225 1094 1272 σοι,
1137 1207 1218 1257 ὃτι
1274 1203 1323 1256 ἐν
1372 1209 1470 1276 μιᾷ
1508 1207 1611 1275 μνᾷ
1639 1221 1799 1254 σπου-

1984 1198 2141 1253 Vers.
2163 1199 2251 1255 17.
2275 1198 2434 1252 —E’t
2459 1197 2826 1266 ait—fuisti.
2854 1199 3003 1253 Bene
3030 1197 3330 1270 precantis
3344 1205 3449 1264 est,
3470 1199 3563 1256 vel

201 1298 236 1353 δ
240 1308 321 1352 αἰο
331 1321 352 1362 ς
381 1297 554 1371 ἐγένου
564 1338 576 1350 .

1916 1286 2229 1353 laudantis,
2269 1287 2635 1344 contrarium
2691 1287 2803 1343 Vae.
2833 1287 2987 1343 Bene
3019 1287 3124 1344 tibi
3163 1288 3257 1356 sit,
3316 1289 3462 1362 quia
3501 1288 3563 1346 in

1913 1393 2034 1433 una
2074 1376 2238 1432 mina
2263 1376 2520 1446 diligens
2552 1377 2731 1433 fuisti.

269 1476 411 1531 ’ῐσθι
458 1475 701 1539 ἐξουσίαν
739 1478 878 1548 ἔχων
912 1506 976 1515 -
1007 1472 1217 1526 πό)εων.
1271 1474 1366 1524 Διὰ
1412 1480 1525 1547 τῆς.
1563 1468 1803 1532 ἐξουσίας

1983 1466 2149 1522 Vers.
2185 1471 2264 1522 l7.
2290 1467 2513 1523 Habeto
2527 1472 2872 1538 potestatem
2902 1498 2972 1506 —
3000 1468 3294 1524 civitates.
3323 1467 3434 1525 Per
3463 1484 3565 1541 po-

199 1576 296 1620 τῶν
321 1564 449 1619 δέκα
476 1566 667 1618 πόλεων
702 1569 758 1617 1'6
790 1564 917 1617 πολὺ
945 1573 1039 1626 τῆς
1079 1571 1234 1635 τιμῆς
1264 1566 1354 1613 καὶ
1383 1565 1440 1613 τό
1469 1561 1682 1633 μέγεθος
1711 1566 1802 1618 τῆς

1916 1561 2182 1612 lestatem
2219 1572 2390 1628 super
2419 1556 2623 1612 decem
2675 1556 2961 1628 civitates,
3006 1559 3236 1614 variam
3289 1557 3563 1616 beneﬁcii

202 1659 499 1731 εὐεργεσίας
527 1658 746 1728 ἐνέφηνε.

1913 1645 2387 1716 magnitudinem
2426 1661 2498 1701 ac
2529 1644 2824 1702 honorem
2862 1646 3313 1703 demonstravit.

276 1750 375 1798 Καὶ
423 1742 571 1803 ἦλθεν
622 1775 688 1785 —-
746 1743 955 1797 πόλεων.
1014 1740 1309 1812 Ἀναλογως
1351 1747 1423 1809 τῷ
1470 1742 1640 1813 μέτρῳ
1708 1745 1801 1798 τῆς

1984 1735 2154 1790 Vers.
2186 1739 2274 1791 18.
2307 1737 2378 1790 Et
2406 1735 2561 1790 venit
2627 1766 2693 1777 -—
2753 1736 2916 1790 Vers.
2968 1741 3049 1792 l9.
3091 1737 3390 1793 Civitates.
3421 1737 3570 1794 Con-

205 1835 427 1887 ἑκάστου
470 1830 711 1894 σπουδῆς
749 1838 838 1885 καὶ
862 1841 951 1885 τοῦ
978 1827 1193 1904 κέρδους
1219 1836 1622 1904 παραμετρείται
1655 1832 1743 1878 καὶ
1769 1828 1798 1884 ἡ
1840 1842 1852 1897 ι

1917 1825 2179 1880 formiter
2200 1824 2276 1880 ad
2295 1840 2640 1879 mensuram
2657 1824 2839 1880 studii
2865 1825 3160 1898 cujusque
3179 1834 3564 1884 mensuratur

204 1929 328 1998 τιριη
364 1928 452 1976 καὶ
484 1924 770 1998 εὐεργεσία.

1915 1921 1970 1970 et
2009 1915 2202 1969 honor
2232 1930 2302 1968 ac
2341 1911 2718 1968 beneﬁcium.

280 2019 380 2067 Καὶ
420 2017 588 2085 ἔτερος
634 2043 701 2054 —
748 2007 1036 2084 σουδαρίῳ.
1095 2004 1379 2080 Σουδάριον
1426 2006 1560 2078 (32),
1593 2009 1650 2057 τό
1683 2005 1806 2080 παρ’

1989 2005 2146 2059 Vers.
2175 2007 2264 2058 20.
2291 2003 2368 2058 Et
2400 2003 2553 2058 alius
2583 2033 2649 2043 —-
2686 2004 2952 2060 sudario.
2985 2003 3307 2060 Sudarium
3341 2021 3570 2078 anago—

209 2105 332 2174 ἡμῖν
377 2105 562 2174 μικρὸν
617 2100 897 2172 φακιόλιον·
933 2097 1271 2168 ἀναγωγικώς
1319 2093 1377 2148 δὲ
1424 2099 1482 2146 τὸ
1525 2092 1807 2168 σουδάριον

1922 2095 2044 2165 gice
2062 2095 2248 2149 otium
2279 2109 2348 2148 ac
2379 2091 2688 2162 segnitiem
2717 2098 2772 2149 et
2801 2091 3174 2152 inutilitatem
3206 2099 3318 2152 hoc
3343 2096 3404 2152 in
3434 2096 3569 2154 loco

211 2191 449 2254 ἐνταῦθα,
490 2192 518 2246 ἡ
546 2189 708 2263 ἀργία
727 2193 816 2240 καὶ
848 2186 1142 2261 ἀχρηστία.

666 2195 708 2240 ἱα
727 2193 816 2240 καὶ
848 2186 1142 2261 ἀχρηστία.
1919 2184 2313 2240 demonstrat.

285 2278 605 2350 Ἐφοϐούμην
680 2308 750 2318 -
806 2279 1066 2349 ἔσπειρας.
1123 2273 1274 2346 "itero
1345 2276 1464 2346 γὰρ,
1534 2274 1614 2324 ὅτι
1679 2275 1807 2344 μόνη

1993 2273 2150 2327 Vers.
2179 2272 2268 2328 21.
2301 2268 2584 2326 Timebam
2609 2300 2681 2312 —
2730 2271 3041 2328 seminasli.
3091 2271 3348 2333 Putabat
3384 2278 3567 2344 enim,

211 2372 240 2428 ἠ
315 2364 522 2425 σπουδὴ
595 2375 692 2418 τῶν
756 2366 1192 2439 ἐμπορευομένων,
1249 2365 1366 2414 οἰνευ
1418 2370 1511 2423 τῆς
1571 2365 1626 2414 ἐκ
1677 2369 1811 2413 Θεοῦ

1925 2363 2082 2437 quod
2117 2361 2243 2418 sola
2301 2361 2734 2432 negotiantium
2809 2362 3116 2433 diligentia
3179 2365 3415 2438 absque
3473 2370 3572 2425 Dei

213 2457 478 2530 βοηθείας,
529 2457 778 2526 κατορθοῖ
833 2460 890 2506 τό
942 2460 1063 2516 πᾶν,
1108 2458 1196 2504 καὶ
1259 2453 1337 2504 ὅτι
1384 2452 1647 2525 αὐστηρὸς
1722 2451 1808 2516 ὢν,

1922 2453 2142 2510 auxilio
2183 2457 2370 2506 totum
2413 2449 2686 2520 efﬁceret
2727 2467 2740 2507 :
2797 2457 2854 2506 et
2904 2468 3042 2507 cum
3085 2459 3236 2510 esset
3275 2461 3569 2524 austerus,

212 2548 420 2599 ἀπαιτεῖ
472 2548 536 2596 τὰ
586 2544 776 2618 ἑτέροις
826 2542 1183 2607 ἓπικτηθέντα,
1245 2541 1314 2603 εἰς
1367 2542 1401 2592 οἶ
1456 2541 1603 2600 αὐτὸς
1661 2535 1811 2591 οὐδέν

1929 2547 2208 2615 repeteret
2244 2541 2321 2596 ab
2353 2539 2483 2594 aliis
2513 2540 2698 2606 lucra,
2730 2540 2790 2596 in
2819 2556 2955 2614 quae
2988 2542 3114 2614 ipse
3143 2544 3288 2600 nihil
3315 2547 3576 2603 contule-

210 2657 258 2689 τι
308 2639 629 2706 συνήργησε.
659 2635 865 2690 Ταύτην
898 2629 956 2684 δὲ
992 2637 1078 2688 την
1123 2629 1404 2702 ἀπολογίαν
1451 2629 1811 2701 ἐσχημάτισεν

1926 2641 2034 2688 rat.
2069 2634 2228 2687 Hanc
2257 2635 2457 2685 autem
2483 2630 2930 2702 responsionem
2961 2631 3242 2701 figuravit
3269 2635 3573 2706 parabole,

211 2728 242 2784 ἡ
307 2723 600 2796 παραϐολὴ,
659 2719 829 2784 δείξαι
892 2720 1202 2794 βουλομένη,
1258 2722 1337 2772 ὅτι
1392 2721 1502 2789 (33)
1557 2715 1708 2770 οὐδὲν
1765 2719 1813 2769 οἰ

1932 2719 2129 2776 volens
2154 2717 2484 2782 ostendere,
2514 2717 2680 2788 quod
2709 2717 2855 2772 tales
2886 2718 3030 2773 nihil
3058 2721 3402 2778 rationabile
3444 2740 3579 2795 pos-

212 2823 437 2867 τοιουτοι
503 2813 710 2883 εὔλογον
769 2810 884 2883 (34)
940 2809 1376 2880 ἀπολογήσασθαι
1421 2808 1690 2875 δύνανται,
1724 2813 1814 2859 καὶ

1930 2810 2041 2864 sint
2094 2807 2480 2879 respondere,
2545 2807 2650 2861 sed
2706 2823 3084 2880 quaecunque
3137 2812 3577 2884 responderint,

214 2905 316 2972 ὅτι,
335 2905 435 2954 ὃσα
459 2901 520 2953 ἂν
543 2900 992 2971 ἀπολογήσωνται,
1021 2900 1136 2951 κατ’
1158 2899 1322 2951 αὐτῶν
1340 2901 1508 2950 πάντα
1535 2898 1648 2970 (35)
1677 2915 1815 2969 περι-

1935 2903 2130 2955 contra
2163 2911 2223 2952 se
2253 2896 2416 2968 ipsos
2433 2901 2850 2952 convertentur
2880 2913 2894 2964 ;
2919 2913 3062 2954 nam
3106 2899 3269 2966 audi,
3310 2916 3446 2973 quae
3496 2919 3582 2959 ee-

213 2997 593 3067 τραπήσονται,
621 2995 710 3041 καὶ
741 2991 894 3041 ἄκουε
923 2998 1020 3040 τῶν
1044 2989 1172 3051 ἰξῆς,

564 3012 593 3057 ι,
621 2995 710 3041 καὶ
741 2991 894 3041 ἄκουε
923 2998 1020 3040 τῶν
1044 2989 1172 3051 ἰξῆς.
1925 2993 2211 3060 quuntur.

291 3086 443 3150 Λέγει
471 3110 534 3119 ο·
573 3075 745 3130 δοῦλε.
788 3078 881 3132 Ἐκ
907 3086 1005 3128 τῶν
1040 3077 1202 3148 λογων
1237 3096 1350 3131 σου.

1999 3077 2160 3132 Vers.
2201 3079 2289 3130 '22.
2317 3075 2419 3128 Ait
2445 3106 2508 3114 —
2532 3089 2713 3131 serve.
2748 3076 2826 3130 Ex
2858 3075 3058 3130 verbis
3083 3077 3222 3137 tuis.

289 3166 471 3228 Ἰἰδεις
532 3199 599 3207 -
674 3169 980 3241 τράπεζαν;
1037 3167 1154 3218 Ἐπὶ
1242 3168 1578 3239 τραπεζίτας.
1660 3164 1894 3244 Οὗτοις⁴

2000 3166 2161 3219 Vers.
2196 3169 2282 3218 22.
2304 3164 2537 3220 Sciebas
2564 3195 2633 3204 -—
2651 3165 2809 3218 Vers.
2834 3165 2922 3218 23.
2954 3165 3215 3222 Mensam
3246 3169 3274 3223 ‘l
3297 3169 3386 3225 Ad
3409 3186 3583 3228 men-

221 3255 274 3310 δ⁹
318 3256 378 3309 ἂν
423 3253 516 3308 εἶεν
560 3258 608 3307 οἱ
656 3253 933 3327 δυνάμενοι
980 3252 1263 3326 διακρίνειν
1296 3257 1352 3304 τό
1399 3253 1554 3304 καλὸν
1587 3251 1687 3304 ἀπὸ
1728 3261 1819 3305 τοῦ

1939 3255 2121 3310 sarios
2163 3253 2260 3319 ;hi
2289 3253 2404 3307 dici
2427 3259 2686 3324 possunt,
2719 3253 2823 3324 qui
2862 3260 3082 3310 norunt
3111 3255 3440 3326 dijudicare
3482 3259 3586 3316 bo-

219 3355 404 3400 κακοῡ.
447 3354 477 3396 ,κ
494 3350 595 3415 ἐγει
643 3349 832 3409 τοίνυν,
868 3346 948 3395 ὅτι
979 3345 1120 3394 Ἐπεί
1160 3347 1390 3394 τοιοῦτόν
1425 3361 1489 3414 με
1527 3341 1819 3412 ἐγίνωσκες,

1938 3359 2080 3398 num
2113 3359 2148 3397 a
2171 3341 2349 3397 malo.
2382 3343 2472 3396 Ait
2501 3355 2639 3410 ergo
2682 3357 2696 3395 :
2731 3341 2879 3396 Cum
2907 3341 3085 3398 talem
3117 3360 3213 3400 me
3255 3361 3585 3415 cognosce-

219 3441 395 3488 καίτοι
425 3441 494 3507 μὴ
531 3441 760 3486 τοιοῦτον
792 3437 930 3496 ὄντα,
967 3429 1113 3484 διατί
1135 3432 1192 3483 οὐ
1232 3431 1425 3503 μᾶλλον
1450 3430 1734 3484 κατεϐάλου
1767 3435 1822 3484 τό

1942 3449 2044 3498 res,
2078 3446 2433 3503 quanquam
2466 3428 2596 3484 talis
2626 3445 2746 3485 non
2777 3445 2995 3497 essem,
3020 3447 3207 3503 quare
3240 3449 3360 3490 non
3387 3436 3589 3508 potius

223 3524 374 3580 δοθέν
426 3546 509 3577 σοι
557 3525 806 3600 χάρισμά
845 3542 943 3596 μου
974 3521 1056 3574 ἐπὶ
1093 3522 1403 3595 τραπεζίτας
1436 3539 1448 3588 ;
1495 3519 1600 3574 ἔδει
1631 3523 1731 3593 γάρ
1767 3541 1824 3574 σε

1938 3519 2263 3593 exposuisti
2284 3519 2492 3574 datum
2515 3518 2616 3574 tibi
2641 3519 2867 3574 donum
2887 3537 3088 3576 meum
3115 3521 3189 3577 ad
3213 3525 3544 3581 mensarios
3569 3545 3585 3597 ;

220 3623 324 3670 πᾶν
355 3620 412 3669 1'6
462 3619 548 3667 σόν
579 3622 822 3678 ποιῆσαι,
861 3616 917 3664 τό
947 3609 1005 3664 δὲ
1033 3611 1215 3663 λοιπόν
1255 3610 1367 3684 ἐμοὶ
1405 3611 1727 3676 καταλιπεῖν,
1768 3616 1823 3664 τὸ

1937 3609 2250 3684 oportebat
2277 3612 2459 3669 enim,
2486 3607 2651 3680 quod
2682 3608 2741 3662 in
2793 3615 2845 3664 te
2871 3615 3015 3676 crat,
3044 3609 3257 3677 facere,
3288 3613 3584 3687 reliquum

223 3707 592 3778 εὐχερέστερον
622 3707 747 3764 τέως
770 3699 1189 3776 διαπράξασθαι,
1221 3704 1278 3752 τό
1316 3698 1374 3752 δὲ
1407 3697 1824 3775 δυσχερέστερον

1941 3716 2076 3756 vero
2133 3699 2276 3754 mihi
2327 3698 2659 3770 relinquere
2710 3717 2722 3756 :
2784 3698 3018 3753 efﬁcere
3075 3699 3311 3757 interim
3343 3703 3404 3758 id
3435 3703 3588 3775 quod

224 3794 340 3867 ἐμοὶ
371 3792 666 3869 ἐπιτρέψαι,
689 3791 820 3864 λέγω
852 3788 941 3861 δὴ,
977 3795 1071 3848 τὴν
1103 3788 1410 3848 ἀπαίτησιν.

1945 3796 2062 3846 erat
2103 3788 2352 3853 facilius,
2397 3786 2564 3860 quod
2624 3791 2820 3842 autem
2873 3787 3194 3855 difﬁcilius,
3267 3792 3412 3848 mihi
3456 3809 3592 3866 per-

1938 3879 2186 3946 mittere,
2228 3877 2365 3932 dico
2396 3892 2541 3932 sane
2573 3875 3005 3947 repetitionem.

302 3977 402 4026 Καὶ
443 3970 540 4042 ἐγὼ
565 4003 630 4012 -
662 3971 807 4024 αὐτό.
843 3969 1157 4043 Εἰσέπραξα,
1193 3967 1462 4042 ἀπῄτησα.
1493 3971 1694 4022 Δάνειον
1735 3973 1824 4042 μὲν

2010 3970 2166 4023 Vers.
2196 3971 2283 4022 23.
2317 3967 2394 4020 Et
2421 3980 2514 4037 ego
2555 3995 2625 4006 —
2661 3965 2858 4022 illam.
2918 3998 2987 4007 —
3027 3969 3426 4038 Repetiissem.
3469 3972 3593 4027 Mu-

226 4062 335 4131 οὖν,
370 4064 399 4120 ἡ
453 4057 799 4114 διδασκαλία·
857 4065 1008 4121 τόκος
1057 4056 1114 4111 δὲ
1143 4062 1380 4110 τοιούτου
1427 4055 1655 4124 δανείου,
1688 4062 1739 4110 αἱ
1773 4058 1826 4111 ἐκ

1948 4065 2108 4114 tuum
2137 4071 2279 4126 ergo
2304 4063 2390 4110 est
2415 4056 2714 4110 doctrina:
2741 4072 2921 4111 usura
2935 4073 3078 4112 vero
3102 4058 3204 4128 huj
3217 4060 3440 4114 usmodi
3467 4076 3595 4116 mu-

230 4149 587 4213 διδασκαλίας
626 4149 821 4223 ἀρεταί⁸
877 4156 1037 4200 Τοκον
1089 4145 1167 4212 δὲ,
1218 4153 1305 4206 την
1328 4145 1626 4223 ἐπικερδίαν
1659 4149 1824 4215 ἀπλώ,

1950 4147 2042 4212 tui,
2061 4145 2300 4201 virtutes
2315 4150 2470 4208 sunt,
2486 4160 2623 4215 quae
2641 4159 2712 4198 ex
2729 4145 3004 4200 doctrina
3027 4147 3320 4202 oriuntur.
3341 4149 3597 4204 Lucrum

231 4241 513 4313 ὠνόμασεν,
639 4242 887 4310 συνηθείᾳ
911 4239 1264 4313 χρησάμενος.

1948 4241 2140 4290 autem
2179 4233 2599 4306 qualecunque
2629 4235 2962 4289 nominavit
2993 4249 3256 4300 usuram,
3287 4235 3595 4292 communi

1944 4339 2087 4378 usus
2119 4321 2570 4377 consuetudine.

311 4423 411 4471 Καὶ
484 4425 588 4479 τοῖς
652 4425 982 4493 παρεστῶσιν
1069 4413 1196 4468 εἷπε.
1283 4422 1399 4476 Τοῖς
1481 4416 1830 4488 ὑπηρετοῦσιν

2017 4415 2177 4467 Vers.
2228 4414 2315 4466 24.
2366 4411 2444 4464 Et
2501 4409 2832 4466 astantibus
2879 4411 3054 4468 dixit.
3122 4411 3589 4470 Ministrantibus

237 4506 490 4579 ἀγγέλοις,
1869 4543 1884 4598 Ι

863 4595 868 4598 _
1077 4593 1089 4598 _
1142 4593 1153 4598 Δ
1228 4594 1238 4598 _
1409 4597 1414 4598 γ
1529 4595 1536 4598 Δ
1869 4543 1913 4598 D
1944 4500 2235 4598 videlicet
2255 4497 2510 4598 angelis.

323 4595 503 4670 Ἀρατε
526 4626 590 4635 -
619 4598 818 4668 ἔχοντι.
846 4595 1039 4670 ’Ἄρατε
1069 4593 1155 4646 ἀπ’
1178 4594 1339 4646 αὐτοῦ
1367 4597 1424 4645 τὸ
1458 4595 1710 4667 χάρισμα
1739 4603 1834 4656 τῆς
1869 4587 1909 4598 ν

2017 4590 2178 4644 Vers.
2209 4591 2297 4644 24.
2339 4588 2553 4643 Tollite
2579 4618 2643 4628 —
2679 4587 2780 4660 qui
2814 4588 3004 4645 habet.
3036 4587 3237 4646 Tollite
3268 4590 3347 4646 ab
3371 4607 3443 4648 eo
3465 4606 3597 4663 gra-

237 4683 613 4746 διδασκαλίας,
657 4691 742 4736 καὶ
806 4683 926 4737 δότε
957 4685 1081 4736 αὐτὸ
1112 4683 1182 4744 εἰς
1213 4685 1520 4758 προσθήκην
1569 4692 1722 4756 τιριῆς
1764 4692 1834 4754 τῲ

1953 4680 2092 4736 tiam
2123 4677 2393 4741 docendi,
2425 4684 2481 4732 et
2505 4677 2642 4734 date
2667 4677 2830 4734 illam
2867 4679 2937 4734 ad
2971 4681 3380 4738 accessionem
3410 4682 3600 4741 hono-

236 4780 416 4848 ἔχοντι
445 4777 538 4835 τὰς
567 4771 695 4826 δέκα
723 4781 874 4847 μνᾶς.

1946 4770 2027 4826 ris
2054 4769 2126 4834 ei,
2158 4769 2261 4841 qui
2301 4767 2498 4822 decem
2525 4768 2718 4822 minas
2750 4768 2949 4825 habet.

312 4870 412 4919 Καὶ
433 4861 572 4918 εἶπον
611 4895 679 4905 -—
709 4869 859 4936 μνᾶς.
893 4869 1043 4934 Ἔχει
1070 4864 1334 4936 ἀρκοῦσαν
1353 4865 1530 4934 τιμήν.

2018 4858 2183 4914 Vers.
2225 4857 2314 4913 ‘25.
2351 4857 2424 4912 Et
2456 4856 2743 4913 dixerunt
2770 4859 3063 4914 —minas.
3095 4859 3279 4916 Habet
3310 4859 3605 4919 sufﬁcien-

1951 4953 2072 5005 tem
2087 4947 2416 5003 honorem.

307 5044 459 5113 Λέγω
507 5071 576 5082 -
640 5041 1134 5115 περισσευθήσεται.
1211 5040 1276 5091 Οἱ
1343 5041 1433 5112 μὲν
1506 5047 1837 5112 παρεστῶτες

2021 5037 2183 5093 Vers.
2239 5037 2327 5090 26.
2405 5036 2545 5091 Dico
2598 5066 2666 5075 —
2732 5036 3070 5094 abundabit.
3141 5039 3250 5105 Qui
3311 5039 3609 5114 astabant,

229 5132 398 5196 εἶπον,
459 5131 538 5183 ὃτι
589 5129 742 5203 Ἔχει
783 5128 1046 5202 ἀρκοῦσαν
1095 5133 1269 5202 τιμήν*
1326 5128 1479 5190 αὐτὸς
1528 5125 1588 5182 δέ
1652 5149 1832 5202 φησιν,

1964 5128 2222 5183 iixerunt
2261 5141 2274 5182 :
2310 5125 2495 5182 Habet
2534 5124 2931 5183 sufﬁcientem
2963 5127 3276 5186 honorem.
3314 5131 3445 5204 Ipse
3472 5147 3611 5188 vero

1477 5335 1696 5403 Variae
1727 5334 2056 5403 lectiones
2086 5340 2151 5401 et
2182 5343 2383 5401 notae.

316 5560 428 5632 (3t)
463 5564 580 5622 Καὶ,
606 5560 768 5632 quod
801 5558 1089 5615 editiones
1104 5556 1352 5625 habent,
1381 5557 1666 5632 quodque
1695 5558 1846 5616 Hen-

986 5575 1089 5615 nes
1104 5556 1352 5625 habent,
1381 5557 1666 5632 quodque
1695 5558 1846 5616 Hen-
1965 5552 2378 5632 δυνηφὸᾳονται,
2411 5559 2500 5632 καὶ
2531 5556 2629 5632 ὅτι.

234 5627 439 5689 lenius
478 5627 659 5687 etiam
694 5632 972 5696 servavit,
1005 5638 1211 5685 neuter
1234 5627 1502 5685 meorum
1533 5627 1734 5685 habet.

1149 5647 1211 5685 er
1234 5627 1502 5685 meorum
1533 5627 1734 5685 habet.
2035 5629 2148 5699 (34)
2180 5627 2702 5699 ’Λπολογηθὴσεσθαι
2730 5629 2793 5682 Α.

316 5629 439 5687 nius
478 5629 659 5687 etiam
694 5632 972 5696 servavit,
1005 5638 1211 5685 neuter
1234 5629 1502 5685 meorum
1533 5629 1734 5685 habet.

316 5705 430 5778 (3'2)
458 5701 751 5778 ξουδάριον
781 5704 1000 5758 omittit
1197 5775 1215 5778 μ
1423 5771 1435 5778 _
1519 5770 1532 5778 .
1777 5774 1791 5778 Δ

1134 5640 1211 5685 ter
1234 5629 1502 5685 meorum
1533 5629 1734 5685 habet.
2061 5629 2148 5688 34)
2180 5629 2702 5699 ’Λπολογηθὴσεσθαι
2730 5629 2774 5680 Α

1197 5775 1215 5778 μ
1423 5771 1435 5778 _
1519 5770 1532 5778 _
1777 5774 1791 5778 Α
2035 5629 2146 5773 ἒόὅ)
2176 5703 2494 5778 Παρατραπη
2507 5717 2685 5754 σονται
2713 5703 2781 5763 Α,

319 5709 405 5767 (3'2
461 5705 751 5773 Σουδάριον
781 5705 1000 5758 omittit
1039 5705 1096 5756 Β.

319 5705 432 5856 (33;
455 5774 580 5829 Ὀτι
619 5777 670 5830 οἱ
717 5781 946 5830 τοιοῦτοι
987 5769 1138 5830 οὐδεν
1191 5775 1354 5852 ἕτερον
1414 5770 1853 5850 ἀπολογησασθαι
