4170 6392
664 322 797 383 1063
1960 319 2311 380 ΕυΊῊΥΜΗ

2355 318 2683 381 ZIGABENI
3881 327 3993 388 10M

659 450 740 506 ait
772 449 980 508 :Omni
1009 448 1273 505 studium
1299 464 1368 504 ac
1386 448 1754 518 diligentiam
1786 448 2052 514 habenti,
2072 449 2306 505 dabitur

2345 463 2391 518 Α
2423 449 2503 502 ὃτι
2558 455 2718 502 Παντὶ
2776 458 2848 521 τῷ
2901 454 3081 522 ἔχοντι
3139 448 3382 511 σπουδήν
3442 471 3496 505 τε
3562 457 3650 504 καὶ
3717 451 3988 524 ἕπιμὲλειαν,

656 539 869 606 honor,
908 539 1088 595 etiam
1121 537 1527 594 abundantior
1557 553 1742 609 quam
1783 537 1863 593 illi
1893 539 2188 594 convenit.

2424 535 2710 597 δοθήσεται
2758 544 2883 613 τιμὴ
2939 546 3029 592 καὶ
3085 544 3437 614 περισσοτέρα
3489 549 3582 604 τῆς
3657 540 3990 606 ἇπιϐαλλούσης

2422 647 2581 699 αυτῳ.

727 717 885 771 Vers.
917 717 1005 771 26.
1037 715 1128 770 Ab
1166 744 1235 755 —
1271 714 1344 769 ab
1380 729 1463 769 eo.
1506 713 1596 769 Ab
1623 729 1695 770 eo
1725 715 1830 788 qui
1873 715 2139 771 studium
2190 731 2308 771 non

2493 716 2621 768 Ἀπὸ
2671 747 2737 758 --
2793 715 2882 769 ἀπ’
2937 719 3134 770 αὑτοῦ.
3171 718 3302 774 Ἀπὸ
3377 716 3436 772 ὀὶ
3504 726 3599 771 τοῦ
3678 724 3751 791 μὴ
3815 723 3987 792 ἔχοντος

654 805 833 861 habet
861 820 930 861 ac
960 804 1350 873 diligentiam,
1380 811 1442 858 ut
1469 804 1692 860 dictum
1724 811 1827 870 est,
1853 805 2029 861 etiam
2071 804 2129 860 id
2151 806 2301 877 quod

2427 803 2664 863 σπουδήν
2721 825 2775 858 τε
2823 812 2912 858 καὶ
2962 805 3272 879 ἐπιμέλειαν,
3306 811 3373 870 ὡς
3423 811 3648 881 εἴρηται,
3695 813 3789 860 καὶ
3834 812 3858 862 ὃ
3901 813 3987 882 ἕχει

655 893 850 962 habet,
875 893 1058 962 gratia
1090 893 1645 958 videlicetdocendi,
1679 893 1997 959 auferetur,
2022 900 2302 966 tanquam

2421 897 2671 968 χάρισμα
2692 891 3064 960 διδασκαλίας,
3113 895 3540 970 ἀφαιρεθήσεται,
3573 899 3660 950 οἶα
3699 903 3776 970 ριῄ
3818 918 3987 975 χρησα-

655 983 733 1040 ab
763 983 885 1051 illo,
916 983 1020 1055 qui
1043 998 1116 1038 ea
1146 997 1266 1036 non
1286 982 1486 1037 utitur.

1146 997 1266 1036 non
1286 982 1486 1037 utitur.
2421 988 2572 1053 μένον
2615 984 2773 1055 αύτῷ.

729 1073 841 1129 Sed
872 1088 1058 1144 quare
1088 1071 1162 1126 de
1209 1071 1353 1126 solis
1403 1071 1586 1126 tribus
1639 1072 1821 1128 servis
1888 1072 2056 1138 dixit,
2100 1071 2310 1128 relictis

2495 1072 2647 1126 Ἀλλά
2691 1079 2780 1126 καὶ
2825 1074 2940 1143 (36)
3003 1071 3149 1127 διατί
3213 1082 3330 1150 περὶ
3382 1080 3549 1148 μόνων
3623 1085 3783 1150 τριῶν
3831 1073 3983 1130 δούλων

652 1161 874 1218 οωῑετίε
904 1160 932 1215 ?
971 1162 1115 1226 Quia
1143 1177 1211 1216 ex
1239 1160 1332 1215 his
1361 1159 1530 1215 facile
1553 1168 1642 1216 est
1670 1161 1850 1217 etiam
1881 1160 1956 1216 de
2000 1161 2132 1216 aliis
2165 1177 2299 1217 con-

2422 1160 2594 1228 εἰπὼν,
2651 1167 2768 1224 τοὺς
2823 1163 3014 1225 ἄλλους
3051 1166 3253 1236 ἀφῆκα
3315 1170 3457 1218 Διότι
3508 1164 3721 1236 εὐχερές
3774 1164 3898 1218 ἔστιν
3947 1166 3983 1217 ἐκ

647 1252 870 1322 jectare
898 1267 912 1315 ;
937 1254 1227 1322 quotquot
1265 1250 1424 1304 enim
1453 1250 1736 1316 negotiati
1767 1256 1927 1316 sunt,
1971 1250 2294 1306 conformes

2418 1253 2611 1301 τού-ων
2677 1257 2765 1304 καὶ
2837 1257 2950 1326 περὶ
3019 1251 3218 1305 ἐκείνων
3275 1256 3479 1326 μαθεῖν.
3541 1252 3700 1305 Ὀσοι
3765 1259 3846 1325 μιν
3907 1259 3979 1326 γὰρ

652 1340 726 1396 ad
759 1339 990 1395 lucrum
1029 1344 1421 1410 susceperunt
1476 1337 1781 1409 honores;
1826 1345 2125 1411 quotquot
2166 1355 2299 1395 vero

2419 1338 2932 1412 ἐπραγματεύσαντο,
2975 1341 3233 1411 ἀναλογως
3286 1351 3357 1412 τῷ
3403 1339 3580 1417 κέρδει
3629 1341 3878 1412 λήψονται
3917 1349 3981 1402 τὰς

651 1429 847 1485 otiosa
884 1445 954 1483 ac
983 1427 1213 1483 inutilia
1243 1433 1629 1482 servaverunt
1683 1427 1866 1491 dona,
1901 1427 2122 1483 similia
2168 1445 2298 1483 cum

2417 1432 2593 1499 τιμάς·
2625 1431 2741 1482 ὅσοι
2773 1426 2831 1482 δε
2859 1429 3019 1501 ἀργὸν
3047 1436 3136 1483 καὶ
3167 1433 3441 1503 ἄχρηστον
3473 1434 3634 1503 ἶσχον
3664 1435 3725 1483 τὸ
3759 1434 3975 1506 χάρισμα,

651 1518 936 1590 praedicto
968 1517 1127 1589 passi
1149 1521 1306 1570 sunt.

2417 1521 2481 1568 τὰ
2508 1518 2662 1589 ὃμοια
2687 1528 2758 1589 τῷ
2793 1515 3076 1576 δήλωθίντι
3104 1525 3391 1572 πείσονται.

725 1608 1110 1676 Sexagesimo
1125 1612 1321 1660 autem
1349 1605 1516 1674 juxta
1547 1605 1885 1661 Matthmum
1923 1606 2138 1676 capite,
2168 1621 2302 1661 cum

2488 1608 2569 1658 Ἐν
2623 1604 2681 1658 δι
2721 1615 2792 1677 τῷ
2825 1607 3088 1677 ἑξηκοστῷ
3132 1608 3390 1680 κεφαλαίῳ
3433 1616 3522 1660 τοῦ
3571 1611 3710 1661 κατὰ
3761 1612 3973 1663 Ματθαῐον

651 1695 896 1752 similem
915 1696 1154 1750 dixisset
1169 1694 1540 1766 parabolam,
1570 1695 1627 1748 in
1661 1694 1777 1749 tine
1804 1694 2036 1750 addidit
2063 1712 2074 1750 :
2124 1695 2196 1750 Et
2219 1695 2298 1750 in-

2417 1695 2715 1766 παραϐολὴν
2777 1700 3022 1754 τοιαύτην
3067 1697 3242 1759 εἰπὼν,
3316 1700 3400 1750 ἐπὶ
3453 1697 3628 1760 τέλους
3678 1701 3969 1773 προσέθηκεν.

651 1787 854 1841 utilem
871 1800 1107 1841 servum
1138 1784 1326 1854 ejicite
1346 1783 1405 1837 in
1435 1783 1702 1839 tenebras
1726 1784 2058 1848 exteriores,
2091 1784 2168 1838 ibi
2193 1785 2298 1840 erit

2341 1817 2380 1872 Β
2418 1786 2497 1835 ὅτι
2555 1790 2654 1837 Καὶ
2699 1789 2785 1837 τὸν
2833 1784 3046 1859 ἀχρεῖον
3106 1783 3290 1838 δοῦλον
3333 1785 3568 1839 ἐκϐάλετε
3613 1786 3684 1847 εἰς
3744 1792 3795 1840 τὸ
3841 1806 3960 1844 non;

645 1877 818 1946 ﬂetus
845 1881 895 1930 et
937 1874 1163 1928 stridor
1183 1873 1510 1928 demimus"
1542 1889 1556 1938 ;
1593 1878 1644 1927 et
1667 1873 1748 1928 ibi
1771 1873 1986 1928 horum
2009 1872 2292 1929 dictorum

2344 1871 2351 1872 ⁷
2416 1876 2470 1922 τὸ
2500 1871 2760 1946 ἐξώτερον.
2815 1875 2954 1926 Ἐκεῖ
2991 1877 3139 1926 ἔσται
3183 1876 3209 1925 ὀ
3259 1874 3522 1946 κλαυθμὸς
3575 1882 3666 1928 καὶ
3716 1879 3742 1928 ὁ
3786 1875 3963 1948 βρυγμὸς

651 1962 1198 2036 interpretationem
1225 1961 1423 2032 legito.

2417 1970 2514 2012 τῶν
2544 1959 2788 2014 ὀδόντων.
2827 1968 2926 2016 Καὶ
2955 1961 3214 2034 ἀνάγνωθι
3239 1961 3342 2016 ἇκεῐ
3367 1968 3460 2021 τὴν
3491 1974 3587 2016 τῶν
3631 1965 3800 2039 ῥητῶν
3823 1969 3969 2016 τούτων

2416 2056 2706 2123 ερμηνείαν.

725 2142 886 2196 Vers.
920 2141 1008 2194 ‘27.
1053 2140 1462 2195 Verumtamen
1518 2167 1589 2180 —
1644 2153 1753 2194 me.
1803 2140 1930 2194 Haec
1980 2138 2173 2194 caedes
2204 2145 2302 2194 aut

2487 2139 2622 2196 Ιιλήν
2665 2171 2732 2178 -
2771 2160 2891 2211 μου.
2946 2140 3001 2193 Ἠ
3057 2146 3371 2212 κατασφαγη
3432 2142 3564 2200 αὕτη
3629 2142 3658 2200 ἣ
3707 2147 3794 2200 τὴν
3833 2140 3875 2192 ἕν
3918 2147 3973 2206 τῷ

650 2231 925 2301 designat
956 2229 1314 2300 supplicium
1347 2227 1689 2282 Judmorum
1740 2228 1794 2282 in
1836 2227 2033 2283 futuro
2063 2229 2297 2292 saeculo,

2413 2227 2645 2299 μέλλοντί
2687 2229 2834 2280 αἰῶνι
2869 2229 3082 2282 κολασιν
3131 2239 3228 2282 τὼν
3288 2227 3560 2283 Ἰουδαίων
3617 2228 3910 2304 παραδηλοῖ,
3947 2230 3967 2285 ἢ

650 2326 754 2378 aut
787 2319 1200 2376 omnimodam
1229 2334 1435 2373 eorum
1465 2317 1911 2372 subversioneni
1942 2319 2055 2372 sub
2078 2319 2297 2390 Vespa-

2413 2323 2506 2375 τὴν
2561 2317 2608 2369 ἐν
2661 2326 2768 2379 τοῖς
2821 2326 3037 2391 χρόνοις
3090 2320 3493 2372 Οὐεσπασιανοῦ
3519 2327 3607 2373 καὶ
3657 2327 3801 2374 Τίτου
3832 2339 3973 2370 πανω-

649 2411 818 2466 siano
847 2417 902 2464 et
927 2409 1073 2464 Tito.

2411 2407 2611 2480 λεθρίαν
2639 2407 2826 2460 αὐτῶν.

721 2499 884 2554 Vers.
957 2500 1044 2552 28.
1099 2496 1176 2550 Et
1224 2523 1292 2536 —
1345 2493 1771 2563 Hierosolyma.
1841 2492 2155 2550 Festinans
2223 2494 2297 2550 ad

2482 2499 2585 2551 Καὶ
2621 2527 2690 2538 --
2736 2497 3094 2572 Ἰεροσοὶυμα.
3138 2494 3380 2551 Σπεύδων
3429 2497 3510 2552 ἰπὶ
3539 2502 3599 2551 τὰ
3625 2499 3750 2554 πάθη
3783 2498 3967 2546 καὶτὸν

649 2588 986 2661 passionem
1020 2591 1076 2642 et
1103 2600 1354 2640 crucem.

1020 2591 1076 2642 et
1103 2600 1354 2640 crucem.
2413 2592 2653 2659 σταυρόν.

743 2687 752 2694 ·
1098 2673 1255 2730 CAP.
1284 2671 1515 2727 vaui.
1548 2673 1626 2726 De
1662 2671 1850 2742 pullo.

2802 2681 2944 2730 ΚΕΦ.
2982 2675 3104 2728 Ell'.
3149 2681 3272 2750 Περὶ
3302 2685 3394 2729 τοῦ
3422 2675 3598 2729 πώλου.

723 2766 857 2820 Vers
871 2810 883 2822 .
914 2767 1001 2820 29.
1023 2764 1096 2818 Et
1121 2793 1181 2803 -
1200 2763 1364 2816 Vers.
1390 2763 1476 2817 3t.
1497 2761 1869 2817 Necessarias
1883 2768 1984 2817 est.
2009 2763 2069 2816 Et
2084 2761 2196 2817 hoc
2215 2763 2298 2818 in-

2483 2770 2687 2818 Καὶ-
2735 2769 2920 2837 χρείαν
2972 2764 3105 2835 εχει.
3154 2772 3320 2818 Τοῦτο
3383 2770 3441 2817 τὸ
3483 2763 3740 2834 κιφοὶλαιον
3796 2779 3974 2812 τεσσα-

644 2853 851 2910 venies
866 2851 1328 2924 quadragesimo
1340 2851 1575 2922 quintoj
1589 2857 1727 2904 uxta
1740 2850 2064 2906 Matthaaum
2085 2853 2291 2923 capite,

2406 2858 2664 2926 ρακοστὸν
2694 2859 2923 2926 πέμπτον
2951 2855 3184 2925 εὑρήσεις
3216 2854 3263 2906 ἐν
3294 2863 3367 2924 τῷ
3406 2858 3539 2906 κατὰ
3569 2855 3847 2918 Ματθαῑον,
3880 2849 3924 2901 ἐν

645 2943 704 2998 in
727 2959 849 3016 quo
876 2948 998 2998 tota
1021 2941 1199 3009 hujus
1213 2939 1513 2995 enarratio
1543 2939 1620 2994 ad
1639 2939 1883 2994 verbum
1899 2941 2167 3012 exposita
2186 2949 2292 2996 est.

1827 2956 1883 2994 ω
1899 2941 2167 3012 exposita
2186 2949 2295 2996 est.
2409 2952 2554 2996 πᾶσα
2584 2947 2718 2994 κατὰ
2747 2943 2898 3014 λογον
2919 2945 2948 3000 ἡ
2983 2941 3228 3014 ἔξηγησις
3251 2943 3472 3006 ἇξιτέθη.

717 3031 878 3085 Vers.
917 3032 1006 3084 32.
1035 3030 1327 3084 Abierant
1353 3059 1417 3068 —
1447 3027 1612 3084 Vers.
1643 3028 1730 3082 35.
1762 3028 1974 3084 Iesum.
2001 3029 2082 3084 lbi
2116 3029 2292 3084 etiam

2481 3033 2804 3094 Ἀπελθόντες
2881 3063 2944 3072 —
3035 3032 3258 3090 Ἰησοῦν.
3311 3033 3395 3085 Ἐν
3466 3032 3637 3104 ἐκείνῳ
3712 3035 3803 3083 καὶ
3879 3032 3976 3098 περὶ

643 3120 712 3175 de
739 3119 831 3175 his
855 3119 1081 3174 dictum
1120 3123 1227 3173 est.

1196 3123 1227 3172 ῐ.
2329 3168 2370 3224 C
2407 3140 2433 3172 τ
2466 3124 2598 3172 ύτων
2631 3121 2843 3195 ὶρρηθη.

1224 3205 1326 3224 ‘74,
1417 3209 1478 3224 an
1543 3207 1637 3224 11]..
1710 3207 1834 3224 ",-_
1883 3205 1974 3224 ,,,‘,
2027 3211 2070 3224 A,
2101 3223 2143 3224 γέ
2173 3207 2210 3224 γι
2278 3213 2289 3224 ι
2479 3217 2510 3224 --
2561 3216 2567 3224 σ
2708 3207 2796 3224 Ὠ-

713 3210 873 3264 Vers.
899 3209 986 3263 35.
1018 3208 1091 3262 Et
1117 3235 1185 3247 —-
1224 3205 1381 3262 Vers.
1416 3209 1502 3261 36.
1543 3207 1658 3261 Via.
1709 3207 1842 3262 Haec
1875 3205 2293 3263 substernebat
2330 3205 2360 3224 “

2332 3205 2370 3224 υ
2479 3216 2577 3262 Καὶ
2612 3239 2668 3249 —-
2696 3207 2825 3279 ὁδῷ.
2857 3209 3266 3281 ’Υπεστρὼννυον
3297 3217 3462 3262 ταῦτα
3501 3212 3526 3262 ὁ
3564 3210 3797 3270 πλεῖστος
3827 3205 3979 3278 ὄχλος,

639 3297 899 3370 plurima
924 3297 1117 3362 turba,
1167 3295 1319 3351 sicut
1360 3294 1508 3350 dixit
1538 3295 1844 3351 Matthmus
1879 3312 1892 3361 ;
1930 3311 2068 3351 nem
2099 3303 2154 3351 et
2182 3297 2286 3352 ista

2403 3301 2471 3360 ὡς
2518 3299 2626 3350 εἶπε
2687 3301 2973 3360 Ματθαῑος.
3035 3299 3116 3351 Ἐν
3173 3298 3346 3371 ἐκείνῳ
3385 3295 3444 3352 δε
3489 3304 3579 3352 καὶ
3643 3305 3764 3374 περὶ
3816 3299 3983 3349 τούτων

637 3401 882 3460 quoque
913 3386 1171 3440 invenies
1197 3383 1410 3439 eodem
1429 3383 1648 3454 capite.

1015 3386 1171 3440 enies
1197 3383 1410 3439 eodem
1429 3383 1648 3454 capite.
2401 3388 2662 3452 εὑρήσεις.

713 3476 876 3531 Vers.
893 3479 980 3530 37.
999 3475 1258 3544 Cumque
1268 3475 1394 3541 iam
1406 3472 1939 3542 appropinquasset
1955 3473 2288 3529 virtutibus.

2471 3475 2797 3546 Ἐγγίζοντος
2874 3472 2933 3529 δί
2983 3475 3143 3528 αύτοῡ
3228 3473 3335 3534 ἤδη
3395 3507 3464 3517 —
3548 3473 3840 3549 δυνάμεων.
3910 3473 3986 3523 Ὧν

639 3567 718 3622 De
748 3563 1073 3632 miraculis,
1131 3578 1261 3634 qua:
1303 3561 1436 3632 ipso
1487 3568 1754 3632 tempore
1808 3562 2097 3618 viderant.
2163 3564 2286 3617 Erat

2399 3561 2536 3616 εἶδον
2584 3567 2858 3636 θαυμάτων
2918 3563 2965 3616 ἐν
3024 3574 3093 3635 τῷ
3133 3570 3247 3617 τότε
3295 3574 3479 3638 καιρῷ.
3536 3573 3736 3637 Θαυμα
3781 3567 3903 3636 γὰρ,
3940 3563 3985 3612 τὸ

637 3655 798 3712 enim
826 3651 1202 3716 miraculum,
1231 3649 1305 3704 de
1333 3649 1493 3722 pullo
1526 3649 1804 3723 illiusque
1837 3650 2101 3706 dominis
2151 3667 2284 3722 pra:-

2396 3661 2656 3727 προειπεῖν
2702 3659 2816 3725 περὶ
2860 3661 2951 3705 τού
2995 3653 3166 3705 πώλου
3213 3659 3303 3706 καὶ
3351 3663 3449 3706 τῶν
3501 3660 3694 3728 κυρίων
3729 3653 3907 3720 αύτοῡ,
3944 3655 3988 3700 τὸ

639 3742 835 3799 dicere
869 3757 880 3796 :
914 3746 1126 3796 etcum
1181 3740 1298 3810 ipse
1349 3744 1502 3794 esset
1547 3738 1891 3803 indomitus,
1945 3739 2098 3794 adeo
2133 3756 2286 3795 com-

2403 3740 2602 3814 βαίνειν
2639 3743 2793 3794 αὑτὸν
2826 3743 3099 3812 εύτάκτως,
3135 3739 3444 3814 ὰδοίμαστον
3475 3747 3616 3807 ὄντα,
3664 3747 3726 3796 τὸ
3761 3759 3992 3813 συγκινο-

637 3831 829 3904 posite
859 3847 928 3886 ac
978 3828 1240 3884 modeste
1286 3827 1582 3891 incedere,
1644 3829 1883 3883 turbam
1926 3828 2003 3884 ad
2059 3833 2284 3884 tantum

2401 3833 2552 3889 θῆναι
2605 3835 2690 3882 τὸν
2737 3831 2896 3902 ὁχλον
2948 3831 3020 3892 εἰς
3065 3835 3326 3889 τοσαύτην
3363 3837 3520 3905 τιμὴν
3561 3837 3652 3885 καὶ
3693 3832 3995 3890 τηλικαύτην

636 3920 792 3977 illius
809 3921 1099 3976 honorem
1128 3917 1364 3984 attrahi,
1392 3935 1463 3974 ac
1507 3918 1856 3988 hujusmodi
1925 3917 2188 3974 faustam
2221 3919 2283 3974 de

1696 3918 1856 3973 modi
1925 3917 2188 3974 faustam
2221 3919 2291 3974 de
2399 3919 2653 3992 εὐφημίαν
2685 3921 2862 3982 αὐτοῦ,
2900 3924 3074 3971 καὶτὰ
3104 3929 3343 3976 τοιαῦτα.

637 4025 708 4066 eo
735 4009 927 4066 eﬂ'erri
958 4007 1451 4065 acclamationem
1484 4012 1542 4062 et
1582 4006 1818 4062 similia.

708 4098 984 4155 Vers.38.
1025 4097 1285 4153 Dicentes
1316 4127 1385 4136 -
1436 4095 1686 4151 Domini.
1744 4095 2045 4151 Matthaaus
2089 4100 2288 4152 autem

2474 4101 2721 4168 Λέγοντες
2769 4129 2830 4139 —-
2888 4103 3101 4172 Κυρίου.
3146 4098 3205 4151 ’0
3264 4095 3323 4152 δε
3354 4101 3622 4162 Ματθαίος
3651 4097 3818 4153 εἶπεν·
3854 4102 3929 4152 ὃτι
3963 4097 3999 4148 οἱ

637 4186 802 4254 dixit,
829 4186 1210 4261 quodturbas,
1234 4201 1363 4256 quae
1387 4184 1805 4256 praecedebant
1827 4189 1880 4238 et
1907 4200 2044 4256 quas
2083 4200 2284 4256 seque-

2399 4187 2552 4257 ἄλλοι
2581 4190 2628 4238 οἱ
2653 4191 2966 4260 προάγοντες
2986 4193 3074 4239 καὶ
3095 4189 3143 4240 οἰ
3172 4187 3572 4250 ἀκολουθοῦντες
3603 4189 3833 4264 ἐκραζον
3853 4189 4004 4260 λέγον·

633 4277 874 4344 bantur,
929 4275 1275 4332 clamabant
1318 4275 1580 4329 dicentes
1631 4272 1746 4330 hoc
1802 4274 1892 4343 ⁸⁸;
1925 4279 1980 4330 et
2030 4273 2104 4328 ibi
2159 4274 2280 4345 lege

2398 4294 2476 4335 τες
2523 4284 2697 4329 τοῦτο.
2736 4282 2836 4328 Καὶ
2875 4275 3134 4345 ἀνάγνωθι
3183 4276 3286 4328 ὶκιί
3325 4282 3414 4334 τὴν
3451 4277 3570 4335 ὅλην
3625 4277 3890 4350 ἐξήγησιν
3919 4286 4003 4328 τῶν

635 4374 820 4426 totam
849 4366 1288 4424 enarrationem
1338 4363 1574 4419 illorum
1621 4363 1938 4419 verborum
1985 4379 2172 4436 usque
2209 4363 2282 4418 ad

2396 4365 2570 4438 ρητῷν
2629 4368 2846 4428 τούτων,
2894 4366 3027 4438 οἷχρι
3083 4373 3195 4416 τοῦ·
3248 4371 3347 4418 Καὶ
3378 4365 3700 4429 εἰσελθόντος
3734 4369 3900 4421 αὑτοῦ
3948 4366 4008 4424 εἰς

637 4472 771 4512 eum
799 4456 997 4512 locum
1041 4456 1335 4524 :Cumque
1367 4453 1637 4506 intrasset
1687 4452 1808 4520 ipse
1852 4452 2282 4522 Hierosolyma,

1786 4467 1808 4508 Β
1852 4452 2282 4522 Hierosolyma,
2395 4453 2746 4527 Ἰεροσόλυμα,
2781 4453 2992 4510 ἐσείσθη
3027 4460 3174 4506 πᾶσα
3205 4455 3232 4512 ἡ
3267 4454 3433 4518 πόλις.

636 4551 918 4602 commota
948 4549 1028 4599 est
1057 4545 1332 4598 universa
1361 4540 1566 4596 civitas
1594 4542 1660 4594 ³³.
2324 4534 2366 4589 D

706 4634 863 4690 Vers.
889 4635 976 4688 38.
1005 4633 1137 4687 Pax
1167 4661 1235 4672 —
1264 4630 1526 4687 excetsis.
1569 4631 1630 4684 in
1672 4645 1744 4684 ea
1800 4627 2285 4701 interpretatione

2468 4631 2659 4705 Εἰρήνη
2717 4663 2780 4672 —
2841 4630 3105 4701 ὑψίστοις.
3163 4632 3242 4684 Ἐν
3284 4630 3447 4705 ἐκείνη
3615 4634 3885 4706 ἐξηγήσει
3931 4637 4005 4683 καὶ

635 4723 815 4779 etiam
849 4723 974 4777 haec
995 4727 1270 4776 enarrata
1300 4726 1458 4774 sunt.
1490 4718 1770 4774 Videntes
1801 4720 1957 4774 enim
1982 4719 2282 4790 discipuli,

2392 4730 2556 4774 ταῦτα
2609 4717 3092 4794 διηρμηνεύθησαν.
3163 4720 3430 4783 Βλέποντες
3500 4726 3603 4798 γὰρ
3671 4727 3727 4776 οἱ
3784 4725 4007 4797 μαθηταὶ

635 4812 839 4869 turbas
869 4811 997 4867 hac
1037 4809 1338 4878 facientes,
1379 4816 1435 4864 et
1472 4808 1552 4864 ita
1591 4812 1938 4873 clamantes,
2000 4809 2177 4863 simul
2215 4824 2282 4864 ac

2394 4814 2514 4870 τούς
2569 4809 2761 4880 ὄχλους
2828 4809 2960 4861 οὕτω
3025 4817 3302 4872 ποιοῦντας
3361 4816 3450 4864 καὶ
3508 4812 3646 4864 οὕτω
3705 4815 4002 4888 κράζοντας,

635 4901 902 4957 similiter
954 4897 1449 4963 vociferabantur,
1515 4914 1635 4953 una
1682 4914 1821 4954 cum
1895 4898 1980 4952 eis
2041 4897 2282 4953 numine

2396 4898 2799 4970 συνηγάλλοντο,
2858 4903 2947 4950 καὶ
3006 4900 3196 4972 ὁμοίως
3286 4896 3463 4964 ἐϐόων,
3544 4904 4006 4956 συνενθουσιῶντα

635 4989 844 5048 afﬂati.

2395 4989 2591 5048 αὐτοῖς.

706 5079 870 5136 Vers.
904 5078 991 5136 39.
1025 5079 1101 5134 Et
1147 5076 1394 5150 quidam
1443 5105 1506 5117 -—
1558 5077 1716 5132 Vers.
1750 5080 1838 5133 40.
1905 5076 2278 5134 Clamabunt.

2464 5082 2563 5130 Καὶ
2643 5096 2769 5138 τινες
2843 5107 2910 5117 --
2994 5075 3358 5150 κεκράξονται.
3447 5078 3754 5150 ’Δνάγνωθι
3835 5079 3884 5134 ἓν
3949 5084 4007 5147 τῷ

707 5168 859 5240 Lege
896 5173 1332 5239 consequenter
1383 5164 1668 5237 praedicto
1715 5167 1908 5238 capite
1953 5166 2108 5222 illius
2139 5165 2281 5222 dicti

2392 5163 2676 5226 δηλωθέντι
2718 5165 2976 5240 κεφαλαίῳ
3027 5163 3323 5227 ἀκολούθως
3383 5172 3476 5227 τὴν
3555 5168 3854 5244 ἑρμηνείαν
3909 5176 4005 5224 τοῦ·

702 5347 749 5385 ³⁷
779 5344 982 5404 Matth.
1012 5359 1144 5408 xxv,
1171 5346 1238 5400 3O
1314 5343 1360 5379 ³³
1391 5343 1587 5401 Matth.
1621 5359 1737 5411 ιιι,
1765 5343 1818 5400 9.
1897 5346 1943 5380 ³³
1973 5343 2115 5402 Ibid.
2149 5345 2235 5401 10.

1828 5522 2055 5592 Variae
2093 5523 2421 5594 lectiones
2469 5533 2533 5593 et
2580 5529 2782 5594 notae.

694 5753 808 5834 (36)
837 5755 938 5808 Καὶ
967 5749 1181 5809 omittit
1210 5747 1277 5808 Β.
