4170 6430
195 323 322 382 1065

1298 307 1665 379 COMMENT.
1705 304 1781 378 IN
1821 301 2078 379 LUCAM.
2118 351 2186 363 —
2225 319 2385 376 CAP.
2421 300 2526 375 xx.

3419 315 3560 394 1066

199 453 259 506 Οἱ
304 447 363 504 δε
411 450 564 522 ὄχλοι
613 448 804 520 ἔλεγον.
862 449 1025 509 Οὗτός
1077 447 1217 500 ἐστιν
1269 447 1477 508 Ἰησοῦς
1525 447 1550 498 ὁ
1589 450 1784 519 προφή-

1922 444 2466 518 nterpretationem.
2505 444 2712 501 Turbae
2757 451 2953 501 autem
2985 442 3293 500 dicebant:
3325 441 3430 497 Hic
3475 447 3559 498 est

194 559 316 602 της·
361 538 409 590 ἐν
458 538 621 612 ἐκείνη
669 541 768 614 γὰρ
822 542 912 590 καὶ
964 544 1132 589 ταῦτα
1180 534 1635 609 ἓμνημονεύθησαν
1697 539 1787 587 καὶ

197 627 638 700 ὶσαφηνίσθησαν.

265 721 358 769 Καὶ
403 718 468 777 ὡς
507 747 575 758 -
634 715 817 773 αὐτήν.
867 720 1139 768 Γινώσκων
1190 713 1351 772 αὐτὴν
1396 710 1468 766 δι’
1500 711 1786 788 ὑπερϐολὴν

197 810 440 880 πονηρίας
529 804 987 877 ἐκτριϐησομένην,
1084 802 1530 878 ἁνθρωποπρεπῶς
1622 801 1788 854 κλαίει

194 898 379 952 ταύτην
460 891 533 947 δι’
613 893 893 968 ὑπερϐολὴν
975 891 1318 965 ἀγαθοτητος,
1409 888 1787 964 ἐνδεικνύμενος

194 981 480 1048 κάντεῦθεν,
529 985 614 1036 οἶα
647 983 931 1056 σπλάγχνα
978 980 1090 1055 εἶχε
1139 986 1258 1055 περὶ
1310 984 1432 1042 τοὺς
1483 979 1788 1053 ἀγνώμονας

194 1069 502 1134 Ἰουδαίους.

261 1166 436 1233 Λέγων
510 1193 578 1201 —
651 1181 766 1216 σου.
841 1160 1186 1220 Ἐλλειπτικὸς
1246 1161 1272 1211 ὁ
1335 1159 1502 1231 λόγος·
1572 1157 1788 1211 ἐλλείπει

190 1253 287 1326 γὰρ
351 1254 430 1320 τὸ,
460 1250 570 1302 Οῦκ
621 1249 680 1302 ἂν
734 1249 964 1302 ἀπώλου.
1021 1249 1254 1304 Είὼθασε
1281 1251 1382 1320 γὰρ
1432 1250 1480 1300 οἱ
1527 1247 1789 1309 κλαίοντες

193 1339 562 1392 ἐπικόπτεσθαι
589 1343 704 1400 τοὺς
742 1339 933 1410 λόγους
974 1340 1074 1392 ὑπὸ
1127 1347 1223 1400 τῆς
1268 1345 1360 1390 τοῦ
1412 1338 1607 1397 πάθους
1665 1356 1790 1408 σφο-

193 1425 460 1503 δρότητος.
491 1427 557 1482 ’⁷0
590 1425 648 1481 δε
690 1427 845 1500 λέγει,
893 1433 1124 1481 τοιοῦτον
1171 1426 1334 1480 ἐστιν’
1390 1427 1452 1479 Εἰ
1501 1429 1652 1498 ἔγνως
1699 1430 1788 1478 καὶ

195 1522 257 1570 σὺ
298 1516 346 1570 ἐν
384 1526 446 1590 τῇ
497 1520 666 1591 ἡμέρᾳ
711 1537 806 1570 σου
862 1521 1049 1588 ταύτῃ,
1095 1520 1362 1570 τουτέστιν
1412 1514 1459 1567 ἐν
1512 1525 1580 1587 τῷ
1623 1523 1788 1588 καιρῷ

195 1627 284 1660 σου
325 1610 514 1678 τούτῳ,
565 1606 679 1659 καθ’
731 1609 784 1659 ὃν
833 1605 932 1678 ἐγὼ
992 1603 1254 1678 ίπιδημῶ’
1318 1609 1405 1666 σὸς
1465 1607 1562 1678 γὰρ
1619 1604 1786 1670 οὗτος,

192 1698 266 1748 ὃτι
307 1693 400 1748 διὰ
445 1699 501 1748 σε
549 1701 946 1768 προηγουμένως
1007 1695 1387 1767 ἐνηνθρωπησά
1437 1713 1490 1746 τε
1531 1697 1622 1744 καὶ
1675 1691 1788 1744 ἐπε-

1895 537 2063 592 Jesus
2088 535 2382 604 propheta
2415 535 2462 569 ⁴⁰
2486 551 2498 600 ;
2521 533 2601 588 ibi
2622 533 2776 589 enim
2803 533 2930 589 haec
2952 532 3252 590 declarata
3271 546 3341 587 ac
3369 530 3561 586 maui-

1897 624 2117 680 festata
2149 627 2304 679 sunt.

1969 713 2132 768 Vers.
2193 712 2281 766 41.
2348 713 2417 767 Et
2468 719 2781 783 postquam
2825 742 2896 753 —
2944 710 3077 767 illa.
3147 708 3350 765 Sciens
3394 707 3558 764 illam

1896 807 2140 875 propter
2153 803 2452 856 immensa
2468 800 2612 856 vitia
2623 800 3070 867 destruendam,
3089 799 3360 855 humano
3377 796 3558 854 modo

1895 893 2093 963 ipsam
2135 906 2258 962 praa
2314 889 2612 946 immensa
2666 905 2778 945 sua
2815 889 3084 945 bonitate
3139 887 3338 955 deﬂet,
3377 886 3558 943 etiam

1897 981 2035 1036 hinc
2066 979 2409 1046 ostendens,
2440 978 2645 1051 qualia
2676 978 2920 1035 haberet
2949 993 3094 1050 erga
3142 976 3408 1048 ingratos
3455 975 3560 1032 Ju-

1897 1070 2063 1126 daeos
2095 1069 2343 1124 viscera.

1968 1159 2128 1215 Vers.
2159 1159 2246 1214 42.
2282 1158 2492 1214 Dicens
2518 1189 2586 1200 -—
2619 1163 2803 1214 tuam.
2840 1157 3172 1214 Defectivus
3201 1171 3399 1213 sermo
3429 1160 3515 1212 est
3542 1172 3556 1222 ;

1896 1248 2096 1304 deﬁcit
2131 1247 2293 1302 enim
2327 1267 2340 1306 :
2371 1247 2765 1320 Nequaquam
2813 1248 3057 1320 perires.
3117 1248 3561 1302 Consueveruut

1897 1337 2052 1394 enim
2075 1337 2282 1392 ﬂentes
2304 1336 2484 1392 verba
2506 1352 2629 1409 prae
2648 1335 2896 1392 affectus
2913 1333 3292 1392 vehementia
3317 1333 3561 1390 abrum-

1899 1442 2056 1499 pere.
2118 1425 2284 1491 Quod
2343 1429 2544 1480 autem
2600 1425 2699 1494 ait,
2764 1423 3142 1481 tantumdem
3208 1427 3313 1488 est,
3383 1439 3451 1479 ac
3507 1423 3558 1479 si

1898 1516 2120 1571 diceret
2150 1531 2162 1568 :
2192 1515 2247 1570 Si
2277 1529 2666 1584 cognosceres
2700 1517 2758 1569 et
2802 1517 2864 1568 tu
2896 1513 2956 1569 in
2985 1512 3076 1568 die
3105 1512 3240 1578 hoc,
3275 1511 3333 1568 id
3365 1517 3473 1577 est,
3503 1512 3558 1567 in

1899 1604 2014 1660 hoc
2061 1609 2349 1675 tempore,
2381 1618 2502 1675 quo
2535 1618 2644 1673 ego
2675 1602 2769 1658 hic
2797 1617 3120 1658 conversor
3151 1617 3164 1667 ;
3200 1605 3365 1657 tuum
3398 1601 3559 1657 enim

1900 1699 2007 1758 est,
2067 1693 2206 1764 quia
2269 1699 2502 1764 prOpter
2555 1697 2606 1748 te
2684 1689 3064 1763 potissimum
3122 1689 3560 1746 humanitatem

195 1782 428 1858 δήμησα·
475 1785 518 1838 εἰ
543 1788 697 1856 ἔγνως
726 1789 791 1837 τὰ
816 1789 940 1858 πρὸς
968 1785 1174 1859 εἰρήνην
1214 1803 1328 1850 σου,
1371 1785 1436 1836 τὰ
1467 1782 1785 1855 εἰρηνεύοντά

1920 1781 2222 1854 issumpsi,
2257 1787 2312 1836 et
2342 1781 2693 1853 peregrinus
2726 1779 2970 1836 effectus
3019 1796 3174 1835 sum.
3233 1779 3292 1834 Si
3337 1794 3562 1850 cogno-

193 1893 246 1926 σε
276 1877 406 1946 πρὸς
445 1877 596 1942 Θεὸν,
644 1874 796 1926 ἅτινά
839 1874 968 1927 εἰσιν
1001 1875 1030 1932 η
1068 1873 1134 1934 εἰς
1191 1871 1276 1945 ἐμὲ
1329 1875 1412 1924 τὸν
1463 1874 1580 1924 Υίὸν
1631 1870 1790 1922 αὑτοῦ

191 1971 387 2028 πίστις,
410 1968 500 2015 καὶ
523 1966 552 2022 ἡ
587 1960 878 2038 παραδοχη
914 1971 1004 2015 τοῦ
1039 1962 1164 2034 ἐμοῦ
1206 1964 1565 2034 κηρύγματος,
1600 1959 1694 2012 οὐκ
1733 1958 1792 2010 ἂν

193 2052 415 2106 ἀπώλου.
477 2053 546 2104 Τὸ
603 2049 661 2104 δε
711 2057 862 2122 καίγε
905 2054 1142 2126 περιττὸν
1207 2058 1390 2122 κεῖται,
1441 2046 1638 2122 ἰδίωμα
1699 2057 1795 2108 τῆς

207 2141 463 2214 Εϐραῑκῆς
493 2145 545 2192 ὄν
579 2149 910 2214 συγγραφῆς.

263 2413 370 2458 Νῦν
396 2437 461 2446 -
491 2425 606 2459 σου.
645 2403 869 2479 Ἐκρύϐη
899 2411 1066 2458 ταῦτα
1103 2403 1204 2457 ἀπὸ
1235 2412 1334 2456 τῶν
1384 2403 1654 2477 ὀφθαλμῶν
1704 2411 1795 2464 τῆς

190 2494 371 2566 ψυχῆς
402 2514 514 2565 σου,
542 2498 700 2566 ἤγουν
730 2496 1144 2570 παρωράθησαν.

258 2583 378 2635 Ὀτι
411 2615 476 2623 -—
527 2603 630 2636 σοι.
686 2590 884 2649 Ταῦτα,
941 2586 1008 2645 ὡς
1076 2582 1177 2635 ἀπὸ
1229 2581 1400 2656 ἀρχῆς
1446 2579 1607 2648 ἰδίας,
1667 2580 1790 2634 ἁνα-

183 2676 453 2743 γνωστίον,
512 2676 581 2725 Τὸ
616 2675 717 2745 γὰρ
759 2675 839 2724 ὃτι
879 2677 1199 2744 προφητικὸν
1245 2671 1380 2724 ἔστιν
1431 2671 1651 2724 ἐνταῦθα
1700 2676 1789 2724 καὶ

185 2757 595 2834 διηγηματικόν.
628 2761 846 2834 Ἠμίρας
890 2765 980 2834 μὲν
1007 2759 1094 2814 οὖν
1125 2762 1281 2833 λέγει,
1314 2765 1408 2825 τὰς
1437 2771 1530 2824 τῆς
1579 2765 1788 2840 πολιορ-

179 2855 317 2912 κίαςο
351 2850 576 2926 ἐχθροὺς
597 2847 656 2904 δὲ
681 2851 841 2912 αὐτῆς
859 2855 974 2912 τοὺς
993 2850 1294 2924 Ῥωμαίους,
1318 2851 1533 2928 ὕστερον
1553 2855 1787 2926 χαλεπή-

175 2958 378 3000 ναντας.

248 3033 349 3080 Καὶ
381 3058 451 3069 -
492 3032 602 3085 σοί.
655 3032 756 3081 Καὶ
784 3030 851 3080 τὰ
897 3031 1050 3082 τίκνα
1102 3048 1198 3082 σου
1251 3028 1302 3082 ἐν
1356 3035 1461 3097 σοὶ,
1503 3028 1782 3105 ἓδαφιοῦσι

177 3112 439 3173 δηλονότι.

249 3209 349 3258 Καὶ
405 3203 499 3256 οῦκ
550 3236 617 3246 -
667 3204 815 3278 λίθῳ.
881 3207 1146 3259 Σύνεθεσιν
1203 3205 1380 3277 λίθων,
1430 3211 1590 3280 ἤγουν
1643 3211 1780 3264 οἰκο-

178 3289 417 3366 δόμημα.

245 3383 390 3438 Ἀνθ’
430 3413 498 3423 -
539 3401 654 3435 σου.
689 3387 827 3435 Διότι
859 3383 954 3436 οὐκ
984 3386 1136 3455 ἔγνως
1160 3387 1244 3437 τὸν
1275 3388 1453 3458 καιρὸν
1479 3395 1574 3450 τῆς
1604 3386 1781 3463 ἐπιμε-

174 3470 309 3531 λείας
341 3490 455 3526 σου,
486 3469 545 3522 Ὀ
583 3473 682 3545 γὰρ
723 3474 905 3546 καιρὸς
935 3480 1025 3532 τῆς
1060 3469 1343 3544 ὶπιδημίας
1381 3493 1481 3546 μου
1508 3480 1688 3550 καιρὸς
1721 3475 1780 3537 ἦν

174 3567 271 3620 τῆς
297 3558 587 3628 ἐπιμελείας
609 3565 700 3612 καὶ
732 3566 992 3633 σωτηρίας
1023 3580 1136 3616 σου.

250 3654 349 3702 Καὶ
433 3648 670 3701 εἰσελθὼν
748 3679 813 3691 --
898 3649 1125 3723 λῃστῶν.
1191 3651 1508 3727 Πλατῦτερον
1584 3654 1780 3729 ἔγραψε

172 3743 291 3814 περὶ
335 3741 526 3790 τούτων
585 3739 610 3789 ὁ
659 3739 928 3801 Ματθαῖος
983 3738 1033 3791 ἐν
1079 3748 1151 3811 τῷ
1201 3741 1329 3794 τέλει
1381 3750 1472 3795 τοῦ
1524 3764 1780 3821 τεσσαρα-

171 3835 366 3880 κοστοῦ
422 3831 661 3899 πέμπτου
722 3827 1024 3900 κεφαλαίου,
1086 3835 1176 3883 καὶ
1227 3831 1460 3892 ζήτησον
1518 3832 1624 3888 ἐκεῖ
1681 3840 1774 3895 τὴν

168 3917 449 3989 ἐξήγησιν.

243 4010 340 4058 Καὶ
371 4002 432 4064 ἧν
474 4001 746 4059 διδάσκων
773 4038 835 4048 —-
867 4005 1084 4061 ἀκούων.
1119 4005 1517 4084 Διδασκόμενος.

168 4190 315 4237 lii-14’.
385 4185 511 4240 ΞΘ’.
597 4189 721 4258 Περὶ
791 4193 891 4237 τῶν
948 4185 1380 4260 ἐπερωτησάντων
1440 4194 1525 4244 τὸν
1581 4195 1769 4268 Κύριον

563 4273 848 4348 ἀρχιερέων
879 4280 969 4328 καὶ
997 4283 1368 4350 γραμματέων.

243 4365 345 4412 Καὶ
404 4359 594 4431 ἐγένετο
642 4393 711 4404 -
764 4366 992 4432 ταύτην;
1027 4369 1241 4439 Εἴρηται
1300 4372 1416 4439 περὶ
1469 4371 1662 4420 τούτων
1720 4369 1768 4422 έν

1906 1887 2129 1934 sceres,
2153 1871 2423 1942 inquam,
2442 1885 2576 1942 quae
2591 1870 2666 1924 ad
2692 1868 3559 1941 pacemtuamperlineut,qum

1904 1966 1957 2016 te
1979 1977 2120 2030 erga
2150 1960 2332 2015 Deum
2362 1958 2703 2031 paciﬁcaut,
2735 1975 2872 2031 quas
2903 1963 3041 2013 sunt
3066 1963 3168 2015 aut
3196 1957 3346 2013 ﬁdes
3373 1957 3432 2013 iu
3465 1973 3560 2013 me

1904 2049 2110 2104 Filium
2167 2049 2319 2119 ejus,
2369 2053 2470 2104 aut
2517 2063 2666 2104 meae
2732 2047 3176 2120 prmdicationis
3235 2046 3558 2118 susceptio,

1904 2153 2290 2210 nequaquam
2325 2135 2565 2209 perires.
2601 2136 2773 2202 Quod
2816 2141 3017 2192 autem
3051 2135 3458 2209 interponitur,
3507 2142 3560 2193 et

1904 2227 2159 2298 quidem,
2189 2225 2560 2297 superﬂuum
2611 2230 2718 2290 est,
2753 2230 3043 2297 tauquam
3087 2224 3423 2298 proprietas
3453 2225 3561 2281 He-

1902 2315 2121 2372 braicaa
2153 2314 2626 2387 compositionis.

1977 2405 2135 2460 Vers.
2169 2407 2257 2460 42.
2285 2405 2463 2460 Nunc
2494 2435 2560 2444 -
2583 2403 2717 2460 tuis.
2751 2403 3108 2460 Abscondita
3147 2408 3283 2460 sunt
3311 2403 3438 2460 haec
3483 2404 3560 2462 ab

1901 2492 2088 2550 oculis
2121 2493 2337 2549 animae
2369 2499 2486 2548 tuae
2521 2512 2533 2551 :
2564 2491 2689 2548 sive
2729 2497 3092 2564 contempta,
3127 2491 3414 2562 neglecta.

1972 2582 2135 2638 Vers.
2170 2585 2258 2638 43.
2308 2582 2476 2650 Quod
2505 2613 2573 2623 —
2614 2588 2686 2638 te.
2723 2584 2854 2637 Haec
2886 2587 3178 2654 tanquam
3209 2581 3287 2638 ab
3318 2581 3560 2638 exordio

1900 2671 2137 2744 proprio
2170 2671 2421 2741 legenda
2469 2676 2626 2726 sunt.
2672 2673 2820 2727 Nam
2851 2671 3048 2744 ipsum
3085 2671 3261 2743 quod,
3307 2671 3562 2744 prophe-

1899 2762 2078 2816 ticum
2132 2767 2223 2816 est
2260 2760 2353 2815 hic
2405 2768 2462 2816 et
2515 2760 2904 2816 narrativum.
2962 2760 3094 2816 Dies
3167 2759 3365 2832 itaque
3421 2759 3563 2816 dicit

1896 2850 2298 2915 obsessionis;
2331 2849 2610 2905 inimicos
2662 2864 2804 2905 vero
2851 2848 3032 2915 illius,
3088 2851 3410 2915 Romanos,
3455 2849 3560 2922 qui

1897 2939 2284 3012 postmodum
2315 2938 2373 2993 in
2408 2955 2546 2994 eum
2583 2939 2920 2994 saevierunt.

1968 3030 2126 3084 Vers.
2159 3031 2248 3083 44.
2301 3028 2380 3083 Et
2413 3059 2480 3068 —
2507 3033 2576 3084 te.
2625 3030 2690 3083 Et
2726 3027 2878 3083 ﬁlios
2910 3031 3040 3083 tuos
3079 3027 3244 3096 inte,
3289 3027 3558 3086 videlicet

1811 3141 1852 3198 ρ
1895 3117 2023 3172 solo
2062 3122 2456 3189 prosternant.

1965 3207 2124 3261 Vers.
2151 3205 2245 3262 44.
2284 3206 2404 3262 Nec
2423 3237 2486 3246 —
2517 3205 2795 3274 lapidem.
2818 3205 2939 3261 Hoc
2964 3209 3070 3272 est,
3094 3205 3365 3278 lapidum
3393 3222 3557 3264 com-

1892 3295 2277 3367 positionem,
2311 3294 2428 3348 sive
2460 3297 2836 3349 structuram.

1963 3386 2125 3439 Vers.
2154 3384 2242 3439 44.
2293 3383 2382 3438 Eo
2415 3381 2564 3454 quod
2593 3413 2660 3421 —
2690 3388 2824 3439 tum.
2883 3381 3030 3448 Quia
3083 3397 3204 3440 non
3255 3384 3553 3454 agnovisti

1891 3477 2128 3545 tempus
2149 3489 2307 3529 curas
2337 3477 2484 3538 tuae;
2513 3476 2741 3543 tempus
2761 3487 3024 3544 namque
3057 3473 3551 3545 peregrinationis

1889 3578 2039 3618 mea;
2069 3567 2196 3618 erat
2235 3567 2462 3632 tempus
2489 3576 2648 3615 cura;
2678 3559 2885 3616 salutis
2914 3567 3048 3617 tuas.

1961 3653 2120 3706 Vers.
2173 3652 2262 3706 45.
2321 3652 2397 3706 Et
2444 3650 2738 3720 ingressus
2777 3680 2843 3690 ——
2872 3648 3038 3705 Vers.
3083 3653 3174 3707 46.
3219 3651 3545 3709 latronum.

1885 3740 2088 3796 Latius
2126 3740 2200 3795 de
2231 3739 2324 3794 his
2357 3739 2592 3811 scripsit
2619 3738 2926 3795 Matthteus
2955 3739 3014 3794 in
3047 3740 3164 3795 ﬁne
3206 3740 3547 3814 quadrage-

1885 3829 2021 3885 simi
2069 3829 2257 3903 quiuti
2315 3827 2548 3902 capitis,
2598 3832 2652 3884 et
2684 3827 2767 3884 ibi
2824 3844 3027 3901 quaare
3081 3829 3541 3886 enarrationem.

1950 4008 2117 4065 Vers.
2145 4010 2234 4064 47.
2278 4009 2352 4064 Et
2380 4007 2620 4065 docebat
2665 4039 2730 4048 —
2758 4007 2922 4064 Vers.
2954 4007 3044 4064 48.
3079 4008 3339 4067 audiens.
3395 4011 3543 4068 Cum

1880 4097 1959 4155 ab
1997 4115 2068 4153 eo
2099 4098 2434 4153 doceretur.

1951 4187 2105 4243 CAP.
2139 4187 2323 4242 LXIX.
2369 4187 2455 4242 De
2501 4186 2894 4242 sacerdotibus
2933 4193 2986 4242 et
3017 4187 3225 4243 scribis
3247 4203 3314 4244 ac
3359 4187 3534 4244 senio-

1877 4275 2052 4340 ribus,
2094 4276 2199 4347 qui
2239 4277 2538 4331 Dominum
2571 4276 3042 4346 interrogabant.

1947 4364 2102 4419 CAP.
2138 4366 2242 4419 XX.
2279 4366 2440 4418 Vers.
2483 4366 2534 4418 1.
2564 4365 2635 4418 Ει
2677 4362 2894 4419 accidit
2918 4395 2984 4406 —
3015 4365 3173 4419 Vers.
3219 4368 3273 4418 2.
3306 4363 3477 4421 istam
3509 4363 3539 4420 7

169 4456 244 4517 τῷ
296 4458 700 4522 τεσσαρακοστῷ
754 4449 924 4525 ὀγδόῳ
975 4454 1231 4527 κεφαλαίῳ
1295 4463 1390 4508 τοῦ
1443 4461 1577 4510 κατά
1627 4464 1769 4511 Ματ·

1920 4453 2109 4509 ictum
2161 4459 2248 4508 est
2297 4453 2372 4508 de
2425 4452 2516 4506 his
2567 4451 3036 4524 quadragesimo
3083 4459 3297 4509 octavo
3343 4453 3536 4525 capite

171 4537 346 4591 θαίον.

242 4625 575 4699 Ἀποκριθεὶς
595 4659 664 4669 -
693 4625 841 4683 εἶναι.
865 4631 916 4683 Ἀ
928 4631 1185 4696 κολούθως
1212 4633 1261 4686 ἐν
1282 4642 1353 4706 τῷ
1375 4637 1591 4709 τοιούτῳ
1619 4656 1770 4710 κεφα-

163 4713 299 4786 λαίῳ
329 4719 419 4766 καὶ
450 4723 616 4769 ταῦτα
645 4715 1090 4792 ἔσαφηνίσθησαν.

245 4808 350 4856 Καὶ
381 4835 451 4846 -
476 4813 628 4862 ποιῶ.
656 4805 879 4881 Ὀμοίως
903 4814 993 4862 καὶ
1022 4819 1208 4864 ταῦτα.
1252 4817 1349 4866 Καὶ
1382 4812 1639 4887 ἀνάγνωθι
1669 4814 1770 4869 ἐκεῖ

161 4893 284 4964 (37)
324 4897 418 4952 τὴν
450 4893 717 4966 ἐξήγησιν.

518 4989 664 5040 ΚΕΦ.
699 4985 780 5040 Ο’.
815 4991 940 5060 Περὶ
964 4995 1055 5040 τοῦ
1083 4987 1396 5062 ἀμπελῶνος.

237 5068 466 5144 Ἐρξατο
531 5104 600 5112 —
659 5075 884 5137 ἱκανούς.
951 5078 1091 5136 Αὕτη
1163 5081 1192 5137 ἡ
1261 5080 1528 5155 παραϐολὴ
1585 5101 1770 5141 πεντη-

160 5165 358 5212 κοστόν
413 5159 528 5213 ἔστι
573 5163 848 5236 κεφάλαιον
895 5174 988 5219 τοῦ
1035 5171 1170 5221 κατὰ
1211 5172 1497 5227 Ματθαῐον.
1547 5177 1647 5226 Καὶ
1674 5173 1769 5234 ζή-

231 5337 326 5393 40.
359 5339 560 5397 Matth.
592 5357 714 5409 nl,
751 5344 834 5401 H.

1880 4543 2174 4612 Evangelii
2211 4541 2540 4598 secundum
2571 4541 2933 4597 Matthaaum.

1952 4632 2114 4687 Vers.
2161 4635 2212 4687 3.
2256 4631 2633 4700 Respondens
2665 4632 2906 4686 —Vers.
2959 4634 3010 4686 6.
3060 4631 3268 4701 fuisse.
3322 4632 3536 4689 Conse-

1878 4728 2130 4795 quenter
2161 4723 2215 4776 in
2241 4720 2338 4776 illo
2386 4719 2580 4792 capite
2610 4720 2788 4775 etiam
2818 4719 2944 4774 haac
2974 4719 3346 4777 manifestata
3373 4725 3530 4777 sunt.

1955 4813 2114 4868 Vers.
2168 4812 2224 4866 7.
2272 4811 2338 4866 Et
2380 4841 2433 4852 —
2477 4809 2639 4864 Vers.
2691 4807 2742 4864 8.
2765 4808 3005 4879 faciam.
3051 4807 3324 4868 Similiter
3353 4810 3531 4868 etiam

1877 4903 2004 4959 haec
2036 4908 2130 4957 :et
2168 4900 2248 4957 ibi
2278 4901 2406 4970 lege
2441 4898 2898 4956 enarrationem.

1952 4992 2102 5046 CAP.
2135 4990 2284 5046 LXX.
2317 4991 2398 5046 De
2425 4988 2614 5045 vinea.

1952 5083 2111 5136 Vers.
2141 5080 2198 5134 9.
2232 5079 2403 5151 Capit
2427 5110 2480 5120 —
2514 5079 2720 5133 multa.
2757 5080 2887 5133 Ητεο
2913 5077 3205 5151 parabola
3241 5078 3534 5151 quinqua-

1880 5169 2178 5243 gesimum
2208 5166 3134 5242 estcaputEvangeliisecundum
3159 5169 3530 5226 Matthazum:

1371 5447 1599 5519 Varia:
1645 5447 1977 5520 lectiones
2023 5457 2090 5518 et
2127 5455 2330 5516 notas.

243 5629 366 5706 (37)
394 5633 477 5689 Ἐν
497 5630 694 5711 ίκείνῳ,
724 5651 835 5712 pro
867 5635 970 5694 ἐκεῖ
995 5644 1053 5696 Β.

494 5734 738 5794 ΡΑτιιοι..
784 5736 888 5797 Gn.
931 5738 1176 5818 CXXIX.

3241 5739 3317 5810 34
