4170 6440
197 329 321 388 1065

1298 307 1665 386 acnuam.
1705 310 1781 384 ΙΝ
1821 309 2078 386 LUCAM.
2118 358 2186 370 —
2225 325 2385 383 CAP.
2421 327 2526 382 xx.

3419 319 3558 381 1066

201 460 259 513 Οἱ
303 453 362 510 δί
411 456 563 528 ὄχλοι
613 455 803 527 ἔλεγον.
861 455 1025 516 Οὗτός
1077 453 1217 508 ἐστιν
1269 454 1477 516 Ἰησοῦς
1525 453 1550 505 6
1589 457 1784 526 προφήο

1922 451 2466 525 nterpretationem.
2504 451 2712 508 Turbae
2757 457 2954 508 autem
2985 449 3293 508 dicebant:
3325 449 3430 505 Hic
3473 454 3558 506 est

196 565 316 608 της·
360 544 409 597 ἐν
458 545 620 618 ἐκείνῃ
669 548 768 621 γὰρ
821 549 911 596 καὶ
963 551 1132 596 ταῦτα
1180 541 1635 615 ἕμνημονεύθησαν
1698 546 1788 594 καὶ

199 633 638 707 ὶσαφηνίσθησαν,

264 727 356 775 Καὶ
403 724 467 783 ὡς
505 753 574 765 —
633 722 816 780 αὐτήν,
867 727 1138 774 Γινώσκων
1189 720 1351 778 αὐτὴν
1396 717 1468 773 δι’
1500 718 1786 795 ὑπερϐολήν

1083 809 1530 884 ἁνθρωποπρεπῶς
1621 808 1788 860 κλαίει

1408 895 1786 971 ἐνδεικνύμενος

197 817 440 886 πονηρίας
528 810 986 884 ἕκτριϐησομένην,

195 904 378 959 ταύτην
459 897 532 953 δι’
612 899 892 974 ὑπερϐολὴν
973 898 1318 972 ἀγαθότητος,

195 988 480 1054 κάντεῦθεν,
528 991 613 1042 οἷα
647 989 930 1062 σπλάγχνα
977 987 1090 1062 εἶχε
1139 993 1258 1061 περὶ
1310 991 1432 1049 τοὺς
1483 986 1788 1060 ἀγνώμονας

195 1075 502 1140 Ἰουδαίους.

260 1172 434 1239 Λέγων
509 1199 578 1208 -—
651 1187 765 1223 σου.
840 1167 1186 1227 Ἐλλιιπτικὸς
1246 1167 1272 1218 ὁ
1334 1165 1502 1238 λόγος’
1571 1163 1787 1218 ἰλλςίπιι

190 1259 286 1332 γὰρ
350 1261 429 1327 τὸ,
459 1257 569 1309 Ούκ
620 1255 680 1309 ἂν
733 1256 963 1309 ἀπώλου.
1020 1256 1253 1310 Εἰώθασε
1281 1257 1382 1327 γὰρ
1431 1257 1480 1307 οἱ
1526 1253 1788 1316 κλαίοντες

193 1345 560 1399 ἐπικόπτεσθαι
588 1350 703 1407 τοὺς
741 1345 932 1417 λόγους
973 1347 1073 1398 ὑπὸ
1126 1353 1222 1407 τῆς
1268 1352 1360 1396 τοῦ
1411 1345 1606 1404 πάθους
1665 1362 1789 1415 σφο-

193 1431 458 1509 δρότητος.
491 1433 556 1488 Ὀ
589 1431 648 1488 δὲ
689 1435 844 1507 λέγει,
891 1439 1124 1487 τοιοῦτόν
1170 1433 1333 1486 ἐστιν·
1389 1433 1452 1486 Εἰ
1500 1435 1651 1505 ἔγνως
1698 1437 1788 1485 καὶ

195 1529 256 1576 σὺ
297 1523 345 1576 ἐν
383 1532 445 1597 τῇ
496 1527 666 1598 ἡμέρᾳ
710 1544 805 1577 σου
861 1527 1048 1595 ταύτῃ,
1094 1527 1361 1576 τουτέστιν
1411 1521 1458 1574 ἐν
1511 1531 1579 1594 τῷ
1622 1531 1787 1595 καιρῷ

195 1633 282 1666 σου
324 1616 512 1685 τούτῳ,
564 1612 678 1666 καθ’
729 1615 782 1666 ὃν
833 1611 931 1685 ἐγὼ
991 1609 1252 1684 ἐπιδημῶ·
1317 1616 1404 1673 σὸς
1463 1615 1562 1684 γὰρ
1618 1611 1785 1677 οὗτος,

191 1704 265 1754 ὅτι
306 1699 399 1754 διὰ
443 1706 499 1755 σε
541 1708 945 1775 ,προηγουμένως
1005 1701 1386 1774 ἐνηνθρωπησά
1435 1720 1489 1753 τε
1531 1704 1621 1752 καὶ
1675 1698 1788 1751 ἐπε-

1895 544 2063 599 Jesus
2088 542 2382 611 propheta
2415 542 2462 576 ⁴⁰
2485 557 2498 608 ;
2521 540 2601 596 ibi
2621 540 2776 596 enim
2802 541 2929 597 hinc
2953 539 3253 596 declarata
3271 554 3341 594 ac
3369 538 3560 594 mani-

1896 631 2116 687 festata
2149 634 2304 686 sunt.

1969 719 2131 775 Vers.
2192 719 2280 773 41.
2347 719 2417 774 Ει
2468 725 2781 790 postquam
2825 749 2895 760 —
2944 717 3076 774 illa.
3147 715 3350 772 Sciens
3393 715 3558 772 illam

1896 814 2139 882 propter
2152 810 2451 863 immensa
2468 807 3070 874 vitiadestruendam,
3089 806 3360 862 humano
3377 804 3557 862 modo

1895 899 2092 970 ipsam
2134 913 2258 970 prae
2313 896 2611 953 immensa
2665 913 2777 952 sua
2815 896 3084 953 bonitate
3139 894 3337 962 deﬂet,
3377 894 3557 951 etiam

1897 988 2034 1043 hinc
2065 986 2409 1054 ostendens,
2440 985 2645 1058 qualia
2676 985 2920 1042 haberet
2949 1001 3093 1057 erga
3141 983 3408 1055 ingratos
3455 983 3560 1040 Ju-

1896 1077 2062 1133 daeos
2095 1075 2324 1131 viscera

1967 1167 2127 1222 Vers.
2158 1165 2245 1220 42.
2281 1165 2492 1221 Dicens
2518 1196 2586 1208 —-
2619 1170 2802 1222 tuam.
2839 1165 3171 1222 Defectivus
3201 1179 3398 1221 sermo
3429 1168 3514 1220 est
3540 1180 3556 1231 ;

1895 1255 2094 1311 deﬁcit
2131 1254 2293 1310 enim
2327 1273 2340 1313 :
2370 1254 2765 1327 Nequaquam
2811 1255 3056 1328 perires.
3116 1255 3560 1310 Consueverunt

1897 1344 2052 1400 enim
2073 1343 2282 1399 ﬂentes
2303 1343 2484 1399 verba
2505 1359 2628 1416 prae
2648 1342 2896 1399 affectus
2913 1341 3291 1399 vehementia
3316 1341 3560 1398 abrum-

1898 1449 2056 1506 pere.
2117 1432 2284 1498 Quod
2343 1437 2543 1488 autem
2599 1432 2698 1501 ait,
2763 1431 3141 1488 tantumdem
3207 1435 3312 1496 est,
3381 1447 3450 1487 ac
3506 1431 3557 1487 si

1897 1523 2118 1578 diceret
2149 1538 2161 1575 :
2191 1522 2246 1578 Si
2277 1536 2666 1592 cognosceres
2699 1524 2757 1576 et
2801 1524 2864 1576 tu
2895 1520 2956 1576 in
2984 1519 3076 1576 die
3105 1520 3240 1586 hoc,
3274 1519 3332 1576 id
3364 1524 3472 1585 est,
3502 1520 3557 1574 in

1898 1611 2013 1668 hoc
2061 1615 2348 1682 tempore,
2381 1625 2502 1682 quo
2535 1625 2643 1680 ego
2674 1609 2768 1665 hic
2797 1625 3120 1666 conversor
3150 1625 3163 1674 ;
3199 1613 3364 1664 tuum
3398 1608 3558 1665 enim

1899 1706 2006 1765 est,
2066 1700 2206 1772 quia
2267 1706 2502 1771 propter
2554 1705 2605 1755 te
2683 1697 3063 1770 potissimum
3121 1697 3558 1754 humanitatem

193 1788 427 1864 δὴμησα·
473 1791 516 1844 εἰ
542 1794 696 1863 ἔγνως
724 1795 790 1844 τὰ
814 1795 940 1864 πρὸς
967 1791 1172 1866 εἰρήνην
1213 1810 1326 1857 σου,
1370 1792 1436 1843 τὰ
1465 1789 1784 1862 εἰρηνεύοντά

1919 1789 2222 1861 tSSllmpSl,
2257 1793 2311 1843 et
2341 1788 2692 1860 peregrinus
2725 1786 2969 1844 effectus
3018 1803 3174 1842 sum.
3233 1787 3292 1842 Si
3336 1801 3561 1858 cogno-

191 1899 245 1933 σε
275 1883 404 1953 πρὸς
445 1883 594 1949 Θεὸν,
643 1881 794 1932 ἅτινά
837 1881 966 1934 εἰσιν
999 1882 1028 1938 ἠ
1067 1879 1133 1940 εἰς
1189 1878 1275 1952 ἐμὲ
1328 1882 1411 1931 τὸν
1462 1881 1580 1930 Υὶόν
1631 1877 1789 1929 αὐτοῦ

189 1977 386 2034 πίστις,
409 1974 499 2022 καὶ
522 1972 550 2028 ἡ
587 1967 876 2044 παραδοχὴ
913 1977 1003 2022 τοῦ
1038 1968 1162 2041 ἐμοῦ
1205 1971 1564 2041 κηρύγματος.
1599 1967 1692 2019 οὐκ
1732 1966 1791 2017 ἂν

191 2058 414 2112 ἀπώλου.
475 2058 545 2111 T6
601 2055 660 2110 δὲ
709 2063 862 2128 καί-γε
903 2061 1140 2133 περιττὸν
1206 2064 1389 2130 κεῖται,
1440 2053 1638 2129 ἰδίωμα
1697 2063 1794 2116 τῆς

205 2147 461 2221 Εϐραῑκῆς
491 2151 544 2198 ὅν
578 2155 855 2220 συγγραφῆ
869 2167 909 2208 ς.

261 2419 368 2464 Νῦν
394 2442 459 2452 -
490 2430 605 2466 σου.
644 2410 868 2485 Ἐκρύϐη
898 2418 1065 2464 ταῦτα
1102 2410 1202 2464 ἀπὸ
1233 2419 1333 2463 τῶν
1383 2410 1654 2484 ὀφθαλμῶν
1703 2418 1794 2470 τῆς

187 2500 369 2572 ψυχῆς
400 2521 513 2572 σου,
540 2505 698 2572 ἤγουν
729 2503 1142 2576 παρωράθησαν.

255 2589 376 2641 Ὀτι
410 2621 474 2629 —-
525 2609 628 2643 σοι.
685 2596 883 2656 Ταῦτα,
939 2592 1007 2652 ὡς
1075 2588 1175 2642 ἀπὸ
1227 2588 1399 2663 ἀρχῆς
1445 2587 1605 2655 ἰδίας,
1665 2587 1789 2640 ἀνα-

181 2682 452 2750 γνωστέον.
511 2683 580 2732 T6
614 2681 716 2752 γὰρ
757 2681 838 2731 ὅτι
877 2684 1197 2751 προφητικὸν
1243 2677 1378 2732 ἐστιν
1430 2678 1650 2731 ἐνταῦθα
1698 2682 1788 2730 καὶ

181 2764 594 2840 διηγηματικόν.
627 2767 845 2840 Ἡμέρας
888 2771 978 2840 μὲν
1006 2766 1093 2820 οὖν
1123 2769 1279 2840 λέγει,
1313 2772 1407 2832 τὰς
1436 2778 1529 2831 τῆς
1577 2772 1787 2847 πολιορ-

175 2861 316 2919 κίαςο
350 2856 574 2932 ἐχθροὺς
596 2853 654 2910 δὲ
680 2857 840 2918 αὐτῆς
857 2862 973 2918 τοὺς
991 2856 1292 2930 Ῥωμαίους,
1316 2858 1532 2934 ὕστερον
1551 2862 1785 2933 χαλεπή.

171 2964 376 3007 ναντας.

247 3039 348 3086 Καὶ
380 3064 450 3075 -
491 3039 600 3092 σοί,
653 3039 754 3088 Καὶ
783 3037 850 3086 τὰ
895 3038 1048 3088 τέκνα
1101 3055 1196 3089 σου
1249 3036 1300 3088 ἐν
1355 3042 1459 3104 σοὶ,
1501 3035 1780 3112 ἐδαφιοῦσι

173 3119 438 3179 δηλονότι.

248 3215 348 3263 Καὶ
404 3210 497 3262 οὐκ
548 3242 614 3253 -—
665 3211 813 3284 λίθῳ.
879 3214 1144 3266 Σύνεθεσιν
1201 3212 1378 3284 λίθων,
1427 3219 1588 3287 ἤγουν
1641 3218 1778 3271 οἰκο-

173 3295 416 3372 δόμημα.

243 3389 387 3444 Ἀνθ⁹
429 3420 496 3428 -
537 3407 652 3441 σου.
687 3393 825 3442 Διὸτι
857 3389 952 3442 οὐκ
982 3393 1134 3462 ἔγνως
1158 3394 1242 3444 τὸν
1273 3396 1452 3465 καιρὸν
1477 3402 1572 3457 τῆς
1603 3393 1779 3470 ἐπιμε-

168 3476 307 3537 λείας
339 3496 453 3532 σου.
484 3475 543 3529 Ὀ
581 3479 680 3551 γὰρ
720 3481 903 3552 καιρὸς
933 3487 1023 3539 τῆς
1059 3475 1341 3552 ἐπιδημίας
1379 3500 1479 3553 μου
1506 3487 1686 3556 καιρὸς
1718 3482 1779 3544 ἦν

167 3573 268 3626 τῆς
295 3564 585 3635 ἐπιμελείας
607 3571 698 3618 καὶ
730 3572 990 3640 σωτηρίας
1020 3587 1134 3623 σου.

246 3660 348 3708 Καὶ
431 3654 668 3707 εἰσελθὼν
745 3686 811 3697 —-
896 3655 1123 3729 λῃστῶν.
1188 3657 1506 3734 Πλατύτερον
1582 3661 1778 3736 ἔγραψε

163 3749 289 3820 περὶ
334 3747 524 3796 τούτων
583 3745 608 3795 ὁ
656 3746 926 3807 Ματθαῖος
981 3745 1031 3798 ἓν
1077 3755 1148 3818 τῷ
1199 3747 1327 3801 τέλει
1378 3757 1469 3802 τοῦ
1522 3771 1778 3828 τεσσαρα-

162 3841 364 3887 κοστοῡ
421 3837 658 3905 πέμπτου
719 3833 1022 3906 κεφαλαίου,
1085 3841 1174 3890 καὶ
1225 3838 1458 3898 ζήτησον
1515 3839 1622 3894 ἐκεῖ
1679 3848 1772 3902 τὴν

159 3923 446 3996 ἐξήγησιν.

241 4015 338 4064 Καὶ
370 4008 430 4071 ἧν
472 4007 743 4065 διδάσκων
770 4045 833 4054 -
865 4011 1082 4068 ἁκούων.
1117 4012 1515 4091 Διδασκόμινος.

159 4195 314 4243 ΚΕΦ.
383 4191 509 4246 ΞΘ’.
593 4195 719 4264 Περὶ
789 4200 888 4244 τῶν
945 4191 1378 4266 ἐπερωτησάντων
1437 4201 1522 4250 τόν
1577 4202 1766 4275 Κύριον

561 4278 846 4354 ἀρχιερέων
877 4286 966 4334 καὶ
995 4289 1366 4357 γραμματέων.

240 4369 344 4417 Καὶ
401 4365 591 4436 ἐγένετο
639 4399 708 4410 -
761 4373 989 4438 ταύτην;
1025 4375 1238 4446 Εἴρηται
1297 4379 1414 4446 περὶ
1467 4378 1659 4427 τούτων
1717 4376 1765 4429 ἓν

1905 1894 2128 1942 sceres,
2151 1879 2422 1950 inquam,
2441 1893 2576 1949 quae
2591 1877 2665 1932 ad
2691 1875 3557 1949 pacemtuampertinent,qum

1903 1973 1956 2023 te
1979 1984 2119 2037 erga
2148 1967 2331 2022 Deum
2361 1965 2702 2038 paciﬁcant,
2734 1982 2871 2038 quae
2902 1971 3040 2021 sunt
3065 1970 3168 2022 aut
3196 1965 3345 2021 ﬁdes
3371 1965 3432 2020 in
3464 1981 3559 2020 me

1902 2056 2109 2111 Filium
2166 2056 2318 2126 ejus,
2368 2060 2469 2111 aut
2517 2071 2664 2111 meae
2731 2054 3175 2127 praedicationis
3234 2054 3557 2126 susceptio,

1903 2160 2289 2218 nequaquam
2325 2143 2564 2216 perires.
2600 2144 2772 2210 Quod
2815 2149 3016 2200 autem
3050 2143 3457 2216 interponitur,
3505 2149 3558 2200 et

1903 2234 2158 2306 quidem,
2188 2232 2558 2304 superﬂuum
2611 2237 2716 2298 est,
2751 2237 3042 2305 tanquam
3085 2231 3421 2306 proprietas
3452 2232 3559 2288 He-

1901 2323 2120 2378 braicaa
2151 2322 2625 2394 compositionis.

1975 2413 2134 2468 Vers.
2167 2415 2256 2467 42.
2284 2413 2462 2468 Nunc
2492 2443 2558 2452 --
2581 2411 2716 2468 tuis.
2749 2411 3106 2468 Abscondita
3145 2415 3282 2468 sunt
3309 2411 3437 2468 haec
3481 2412 3559 2470 ab

1900 2499 2086 2556 oculis
2119 2501 2336 2556 animae
2367 2507 2484 2556 tuae
2520 2520 2531 2558 :
2562 2499 2688 2556 sive
2728 2505 3090 2572 contempta,
3125 2499 3412 2570 neglecta.

1971 2589 2134 2645 Vers.
2169 2593 2256 2645 43.
2307 2589 2475 2658 Quod
2503 2620 2572 2630 —
2613 2596 2684 2645 te.
2721 2592 2852 2645 Haec
2884 2595 3177 2661 tanquam
3207 2589 3285 2646 ab
3317 2588 3558 2646 exordio

1899 2677 2136 2751 proprio
2169 2677 2420 2748 legenda
2467 2683 2624 2734 sunt.
2670 2680 2818 2734 Nam
2850 2679 3046 2751 ipsum
3083 2679 3259 2751 quod,
3305 2679 3560 2752 prophe-

1897 2769 2076 2824 ticum
2131 2774 2222 2822 est
2259 2767 2352 2823 hic
2404 2775 2460 2823 et
2513 2768 2902 2823 narrativum.
2960 2768 3092 2823 Dies
3165 2768 3364 2840 itaque
3420 2767 3561 2824 dicit

1895 2857 2296 2922 obsessionis;
2329 2856 2608 2912 inimicos
2661 2871 2802 2912 vero
2849 2856 3030 2922 illius,
3086 2858 3408 2923 Romanos,
3454 2857 3558 2930 qui

1894 2946 2282 3018 postmodum
2313 2945 2372 3000 in
2407 2962 2544 3001 eum
2581 2945 2918 3002 saevierunt.

1967 3037 2124 3090 Vers.
2158 3037 2246 3090 44.
2299 3035 2379 3090 Et
2411 3066 2478 3075 —
2505 3040 2575 3092 te.
2623 3037 2689 3090 Et
2724 3034 2876 3091 ﬁlios
2908 3039 3038 3091 tuos
3077 3035 3138 3091 in
3165 3040 3242 3104 te,
3287 3035 3556 3094 videlicet

1810 3147 1850 3205 ρ
1893 3124 2021 3179 solo
2060 3129 2454 3195 prosternent.

1962 3213 2123 3267 Vers.
2149 3213 2244 3269 44.
2282 3213 2403 3269 Nec
2422 3244 2485 3252 —
2515 3212 2793 3281 lapidem.
2816 3212 2938 3268 Hoc
2963 3217 3068 3280 est,
3091 3213 3363 3286 lapidum
3391 3230 3555 3272 com-

1891 3302 2275 3374 positionem,
2309 3301 2426 3356 sive
2459 3305 2834 3356 structuram.

1962 3393 2122 3446 Vers.
2152 3390 2240 3446 44.
2291 3391 2380 3446 Eo
2413 3389 2563 3461 quod
2590 3421 2659 3428 —
2688 3395 2823 3447 tux.
2882 3389 3028 3456 Quia
3081 3405 3202 3447 non
3253 3392 3551 3461 agnovisti

1889 3483 2126 3552 tempus
2147 3496 2305 3536 curas
2335 3484 2483 3546 tuae;
2512 3483 2740 3550 tempus
2760 3495 3022 3552 namque
3055 3481 3549 3553 peregrinationis

1886 3585 2037 3625 mete
2068 3575 2194 3625 erat
2233 3574 2460 3640 tempus
2488 3583 2645 3623 cura:
2676 3567 2883 3624 salutis
2912 3574 3045 3625 tuae.

1957 3659 2118 3714 Vers.
2171 3659 2260 3714 45.
2318 3659 2396 3713 Et
2442 3657 2736 3728 ingressus
2775 3688 2842 3698 --
2870 3655 3036 3713 Vers.
3081 3661 3172 3715 46.
3217 3659 3543 3716 latronum.

1883 3747 2085 3803 Latius
2125 3747 2198 3802 de
2229 3747 2322 3802 his
2355 3747 2590 3818 scripsit
2617 3746 2923 3802 Matthteus
2953 3747 3012 3802 in
3044 3748 3162 3803 ﬁne
3204 3748 3545 3822 quadrage-

1883 3836 2019 3892 simi
2067 3836 2255 3910 quinti
2313 3835 2546 3908 capitis,
2596 3839 2650 3892 et
2681 3835 2765 3892 ibi
2822 3851 3025 3908 quaere
3078 3837 3539 3895 enarrationem.

1948 4015 2114 4072 Vers.
2143 4017 2232 4071 4⁸7.
2275 4016 2350 4071 Et
2378 4014 2618 4072 docebat
2663 4047 2727 4055 —
2756 4014 2920 4072 Vers.
2952 4015 3041 4071 48.
3076 4017 3337 4075 audiens.
3393 4019 3541 4076 Cum

1877 4104 1957 4162 ab
1995 4121 2066 4161 eo
2097 4105 2432 4161 doceretur.

1949 4194 2102 4250 CAP.
2137 4194 2321 4249 LXIX.
2366 4195 2453 4249 De
2498 4193 2892 4250 sacerdotibus
2931 4201 2983 4250 et
3015 4195 3222 4251 scribis
3245 4211 3312 4252 ac
3356 4195 3532 4252 senio-

1875 4283 2050 4347 ribus,
2091 4283 2197 4355 qui
2236 4284 2536 4338 Dominum
2569 4283 3040 4353 interrogabant.

1945 4372 2099 4426 CAP.
2135 4373 2240 4426 XX.
2277 4373 2438 4426 Vers.
2480 4373 2531 4424 1.
2562 4372 2633 4425 Ει
2674 4369 2892 4427 accidit
2915 4402 2981 4414 —
3012 4373 3171 4427 Vers.
3217 4377 3271 4426 2.
3303 4371 3475 4430 istam
3507 4371 3536 4428 7

161 4460 242 4522 τῷ
295 4465 698 4528 τεσσαρακοστῷ
752 4455 922 4532 ὀγδόῳ
972 4461 1228 4534 κεφαλαίῳ
1293 4471 1387 4515 τοῦ
1441 4467 1575 4516 κατά
1624 4471 1766 4518 Matr-

1926 4461 2106 4516 ictum
2158 4465 2246 4516 est
2295 4459 2370 4516 de
2423 4459 2514 4514 his
2565 4459 3034 4532 quadragesimo
3081 4467 3295 4518 octavo
3340 4462 3533 4534 capite

164 4543 319 4594 θαίον
331 4583 344 4596 .

239 4631 572 4705 Ἀποκριθεὶς
593 4665 661 4675 —
691 4631 839 4690 εἶναι.
863 4637 1182 4702 Ἀκολούθως
1209 4639 1258 4693 ἐν
1279 4649 1351 4712 τῷ
1372 4644 1588 4716 τοιούτῳ
1616 4663 1767 4717 κεφα-

149 4719 297 4792 λαίῳ
326 4725 417 4773 καὶ
447 4730 613 4775 ταῦτα
642 4722 1088 4798 ἐσαφηνίσθησαν.

241 4813 348 4862 Καὶ
379 4841 448 4852 -
474 4820 626 4868 ποιῶ.
653 4811 877 4888 Ὁμοίως
901 4820 990 4868 καὶ
1018 4825 1205 4871 ταῦτα.
1249 4824 1346 4873 Καὶ
1379 4819 1637 4893 ἀνάγνωθι
1666 4821 1768 4876 ἐκεῖ

139 4899 280 4970 (37)
322 4903 416 4958 τὴν
447 4899 715 4973 ἐξήγησιν.

516 4995 661 5046 ΚΕΦ.
697 4991 778 5047 Ο’.
812 4997 937 5067 Περὶ
961 5002 1052 5047 τοῦ
1081 4994 1392 5068 ἀμπελῶνος.

232 5074 463 5150 Ἐρξατο
528 5110 597 5119 -
656 5081 881 5144 ἱκανούς.
948 5084 1088 5143 Δύτη
1160 5087 1190 5144 ἠ
1258 5087 1525 5162 παραϐολὴ
1581 5108 1766 5148 πεντη-

128 5170 356 5222 κοστόν
411 5164 525 5220 ἔστι
571 5169 845 5242 κεφάλαιον
893 5180 985 5225 τοῦ
1032 5177 1167 5228 κατὰ
1208 5179 1494 5234 Ματθαῐον.
1543 5183 1644 5232 Καὶ
1671 5179 1766 5240 ζή-

222 5345 322 5400 40.
357 5345 558 5404 Matth.
589 5363 712 5415 nt,
749 5350 830 5408 H.

1877 4550 2171 4620 Evangelii
2208 4548 2538 4605 secundum
2569 4548 2930 4605 Matthaaum.

1949 4639 2111 4694 Vers.
2159 4642 2210 4694 3.
2254 4638 2630 4708 Respondeas
2662 4639 2904 4694 -—Vers.
2956 4641 3008 4693 6.
3057 4639 3266 4708 fuisse.
3319 4640 3533 4697 Conse-

1875 4734 2127 4802 quenter
2158 4730 2212 4783 in
2238 4727 2335 4782 illo
2383 4726 2577 4799 capite
2608 4727 2786 4782 etiam
2816 4727 2941 4782 haec
2971 4727 3344 4785 manifestata
3370 4734 3527 4786 sunt.

1953 4819 2112 4874 Vers.
2165 4819 2222 4873 7.
2269 4818 2335 4873 Et
2378 4848 2430 4859 —
2474 4816 2636 4872 Vers.
2689 4815 2740 4871 8.
2763 4816 3003 4886 faciam.
3048 4815 3322 4875 Similiter
3350 4819 3528 4876 etiam

1874 4909 2001 4966 haec
2033 4915 2127 4964 :et
2166 4907 2245 4964 ibi
2276 4908 2404 4977 lege
2439 4905 2896 4963 enarrationem.

1949 4998 2098 5054 CAP.
2131 4997 2282 5052 LXX.
2313 4998 2396 5053 De
2423 4995 2612 5052 vinea.

1948 5089 2108 5142 Vers.
2138 5087 2195 5141 9.
2229 5086 2400 5158 Capit
2424 5117 2476 5127 —
2511 5086 2718 5140 multa.
2753 5087 2884 5140 Haec
2909 5085 3202 5158 parabola
3239 5086 3531 5159 quinqua-

1877 5176 2175 5250 gesimum
2205 5181 2486 5249 estcaput
2503 5174 2788 5248 Evangelii
2803 5175 3131 5232 secundum
3157 5177 3527 5233 Matthmum:

1367 5455 1596 5525 Variae
1642 5454 1974 5526 lectiones
2020 5463 2087 5524 et
2123 5462 2327 5524 notae.

237 5636 363 5713 (37)
391 5639 474 5696 Ἐν
495 5636 691 5718 ἓκιίνῳ,
721 5657 832 5717 pro
863 5641 967 5701 εκεῖ
992 5651 1050 5703 Β.

491 5740 734 5800 ΡΑτηοι..
781 5742 886 5803 Ga.
928 5745 1172 5824 CXXIX.

3237 5747 3314 5818 34
