4170 6500
649 338 784 428 106i
1955 361 2300 422 summa
2350 348 2704 422 ZAGABENi
3869 364 3981 428 (oss

647 509 701 552 et
755 494 826 550 ibi
872 509 1069 566 quaere
1128 492 1310 565 hujus
1359 492 1824 555 enarrationem,
1877 489 1951 545 ad
2004 488 2294 544 minutula

2333 488 2378 542 Α
2415 510 2574 549 τησον
2633 490 2735 543 ἐκεῖ
2786 495 2879 549 τὴν
2931 495 3128 555 ταύτης
3185 492 3454 566 ἐξήγησιν,
3507 493 3830 569 λεπτομερῶς
3873 494 3979 548 ἐκτι-

647 599 839 656 usque
883 583 1241 656 appositam.

1024 583 1241 637 )sitam.
2417 582 2671 652 θιιμένην.

720 672 880 727 Vers.
930 674 1015 726 10.
1049 671 1299 744 Cumque
1325 702 1388 713 -
1420 671 1581 727 Vers.
1632 673 1711 726 12.
1751 671 2061 740 ejecerunt.
2108 668 2171 722 In
2205 665 2304 722 illo

2490 675 2588 722 Καὶ
2637 669 2684 721 ἐν
2734 701 2796 710 —
2846 668 3094 733 ἐξέϐαλον.
3155 672 3234 724 Ἐν
3280 670 3452 744 ἐκείνῳ
3512 680 3584 742 τῷ
3625 672 3875 746 κεφαλαίῳ
3908 681 3974 726 ui

645 762 832 834 capite
859 762 978 816 haec
1008 776 1250 832 quoque
1282 759 1582 816 declarata
1613 766 1775 815 sunt.

1387 760 1582 816 :larata
1613 766 1775 815 sunt.
2413 767 2576 810 ταῦτα
2611 760 3034 830 ἡρμηνεύθησαν.

718 851 877 906 Vers.
904 854 983 907 t3.
1011 850 1178 906 Dixit
1209 881 1271 890 —
1298 849 1740 907 reverebantur.
1770 847 2048 905 Similiter
2077 852 2135 903 et
2156 846 2299 902 hmo.

2103 852 2135 903 et
2156 846 2299 902 huic.
2485 845 2608 901 Εἶπε
2641 879 2704 889 -
2737 849 3173 920 ἐντραπήσονται.
3204 849 3424 922 Ὁμοίως
3446 856 3536 902 καὶ
3565 858 3750 907 ταῦτα.

719 941 880 995 Vers.
914 939 998 993 14.
1036 940 1177 997 Cum
1207 946 1402 996 autem
1443 940 1718 995 vidissent
1754 969 1812 977 —
1847 937 2010 992 Vers.
2045 938 2133 990 15.
2159 950 2302 991 occi-

2214 950 2302 990 τι·
2485 934 2702 1000 ’ἰδόντες
2729 934 2787 990 δε
2817 969 2885 978 -
2916 937 3232 994 ἀπέκτειναν.
3265 939 3536 1001 Ὡσαύτως
3564 946 3658 992 καὶ
3689 947 3861 994 ταῦτα.

643 1028 871 1084 derunt.
899 1027 1024 1082 Pari
1061 1028 1240 1083 modo
1269 1034 1324 1082 et
1344 1027 1486 1084 haac.

716 1118 881 1173 Vers.
920 1122 1002 1172 15.
1039 1117 1184 1184 Quid
1207 1132 1349 1187 ergo
1379 1148 1447 1158 —
1481 1117 1638 1172 Vers.
1682 1117 1767 1172 16.
1804 1115 1974 1173 absit.
2011 1114 2194 1170 Etiam
2227 1112 2301 1168 de

2481 1121 2544 1168 Ti
2569 1115 2656 1168 οὖν
2694 1146 2765 1156 —-
2801 1120 3018 1188 γίνοιτο.
3058 1122 3156 1170 Καὶ
3190 1122 3305 1193 περὶ
3335 1119 3525 1170 τούτων
3558 1116 3662 1170 ἐκεῖ
3704 1120 3825 1190 μετὰ
3863 1117 3971 1191 ἄκρι-

640 1207 736 1265 bis
768 1205 1084 1276 diligenter
1109 1205 1192 1261 ibi
1219 1205 1443 1261 dictum
1477 1213 1586 1263 est.

1145 1205 1192 1261 3i
1219 1205 1443 1261 dictum
1477 1213 1586 1263 est.
2413 1202 2549 1265 ειίας
2575 1203 2792 1279 ιρῥήθη.

713 1296 874 1352 Vers.
909 1301 990 1350 Π.
1025 1296 1228 1350 Atille
1269 1326 1336 1336 —
1365 1296 1632 1366 anguli?
1672 1295 1956 1351 Praeterea
1982 1299 2038 1349 et
2079 1291 2154 1348 de
2184 1291 2298 1346 his.

1982 1299 2038 1349 et
2079 1291 2154 1348 de
2184 1291 2298 1346 his.
2478 1293 2537 1346 Ὀ
2569 1291 2628 1346 δε
2651 1325 2716 1334 -
2741 1299 2927 1366 γωνίας
2952 1313 2965 1360 ;
2993 1293 3108 1349 Ἐτι
3134 1300 3223 1347 καὶ
3253 1300 3372 1370 περὶ
3399 1299 3622 1349 τούτων.

711 1386 869 1440 Vers.
912 1387 989 1438 l8.
1025 1382 1228 1438 Omnis
1258 1414 1319 1422 —
1355 1399 1507 1438 eum.
1543 1383 1832 1439 Prtedicto
1879 1381 2094 1454 capite,
2143 1385 2301 1453 post-

2485 1389 2587 1443 Πᾶς
2652 1415 2702 1424 -
2764 1383 2943 1441 αὐτόν,
3009 1384 3090 1436 Ἐν
3136 1392 3208 1454 τῷ
3271 1381 3554 1442 δηλωθέντι
3611 1385 3858 1458 κεφαλαίῳ
3903 1379 3966 1437 καὶ

639 1490 823 1546 quam
856 1473 1032 1528 etiam
1078 1471 1222 1526 illud
1266 1472 1515 1537 addidit,
1554 1472 1719 1546 quod
1768 1473 1841 1527 de
1868 1473 1982 1527 hac
2018 1469 2286 1526 Davidica

2408 1475 2464 1524 τὸ
2530 1472 2822 1544 λειπόμενον
2903 1481 2995 1534 τῆς
3071 1481 3349 1534 Δαυῐτικῆς
3419 1478 3624 1537 ταύτης
3702 1481 3963 1550 προφητείας

638 1562 951 1635 prophetia
978 1562 1070 1616 hic
1104 1561 1372 1616 relictum
1402 1567 1532 1627 est;
1562 1568 1872 1633 postquam
1906 1561 2084 1615 etiam
2109 1558 2285 1613 dixit:

2410 1563 2677 1635 προσθεὶς,
2761 1559 2871 1614 εἶτα
2926 1563 3099 1614 εἰπών’
3171 1566 3265 1616 Διὰ
3321 1571 3474 1616 τοῦτο
3537 1563 3673 1635 λέγω
3730 1566 3855 1637 ύμῖν,
3909 1567 3963 1616 ὁ·ι

637 1652 772 1707 Ideo
803 1651 929 1706 dico
962 1650 1143 1716 vobis,
1160 1651 1572 1721 quodtottetur
1593 1666 1627 1706 a
1651 1650 1811 1706 vobis
1829 1664 2070 1721 regnum
2098 1649 2218 1712 Dei,
2246 1662 2284 1703 e1

2411 1649 2695 1721 ἀρθήσεται
2731 1649 2816 1723 ἀφ’
2846 1653 2989 1724 ὑμῶν
3039 1653 3069 1710 ἠ
3123 1651 3371 1724 βασιλεία
3422 1661 3515 1704 τοῦ
3570 1661 3731 1721 Θεοῦ,
3783 1661 3858 1706 και
3898 1651 3958 1704 δο-

633 1739 1130 1796 dabiturnationi
1151 1739 1644 1809 [acientifructus
1665 1740 1874 1809 ejus“,
1901 1744 2042 1794 tunc
2070 1737 2262 1792 intulit

2412 1742 2629 1798 θήσεται
2689 1742 2818 1793 ἔθνει
2876 1749 3110 1794 ποιοῦντι
3170 1747 3291 1803 τοὺς
3343 1747 3576 1814 καρπούς
3647 1743 3817 1805 αὐτῆς⁸
3878 1750 3955 1794 τότε

633 1829 710 1885 Et
749 1830 848 1901 qui
871 1830 1138 1884 ceciderit
1157 1844 1328 1897 super
1353 1829 1508 1885 hunc
1537 1829 1814 1896 lapidem,
1842 1827 2280 1896 con/'ringetur1

2292 1849 2295 1860 ’
2337 1843 2378 1898 Β
2409 1828 2664 1900 ἐπήγαγεν
2726 1832 2806 1882 ὅτι
2857 1836 2956 1883 Καὶ
3013 1833 3038 1883 ὁ
3099 1837 3269 1884 πεσὼν
3330 1831 3412 1884 ἰπὶ
3479 1836 3567 1884 τὸν
3617 1832 3756 1884 λίθον
3807 1840 3939 1896 τοῦτον,

632 1934 806 1990 super
833 1933 1220 1989 quemcunque
1268 1933 1405 1974 vero
1458 1918 1748 1982 ceciderit,
1782 1922 2044 1973 conteret
2075 1932 2197 1972 eum
2226 1917 2272 1950 ⁸⁸

2412 1918 2867 1978 συνθλασθήσεται
2901 1941 2913 1953 ·
2987 1921 3064 1992 ἐφ’
3150 1921 3203 1972 ὃν
3280 1917 3331 1973 δ”
3400 1919 3460 1972 ἂν
3535 1926 3696 1994 πίση,
3770 1921 3944 1993 λικμήσει

634 2009 781 2063 Sunt
821 2012 1021 2079 itaque
1065 2021 1157 2069 ea,
1189 2023 1319 2079 qua:
1349 2007 1656 2063 Mattheus
1690 2007 1888 2072 habet,
1921 2011 2124 2061 exacte
2157 2005 2281 2060 reci-

2409 2009 2584 2060 αὐτόν.
2646 2008 2796 2062 Ἐστι
2843 2014 3014 2061 τοίνυν
3062 2014 3127 2062 τὰ
3175 2013 3265 2081 μεν
3313 2018 3404 2062 τοῦ
3452 2013 3728 2064 Ματθαίου
3775 2008 3953 2083 ἀκρίϐεια

633 2103 774 2166 tata,
799 2113 928 2170 qua:
951 2103 1148 2152 autem
1165 2097 1326 2168 apud
1351 2097 1618 2152 Marcum
1642 2104 1698 2152 et
1724 2097 1944 2152 Lucam
1975 2095 2276 2151 habentur

2408 2095 2725 2169 ἀπαγγελίας
2764 2101 2829 2149 τὰ
2861 2095 2920 2151 δε
2967 2100 3080 2166 (38)
3126 2106 3218 2150 τοῦ
3267 2105 3448 2152 Λουκᾶ
3494 2105 3744 2172 συντομία
3784 2098 3957 2168 ἀπα-ηε-

631 2184 1050 2258 compendiose
1100 2185 1335 2252 tradita,
1381 2186 1904 2260 quemadmodum
1957 2185 2278 2258 frequente]

1589 2186 1904 2243 [dmodum
1957 2185 2299 2258 frequenter
2407 2186 2537 2256 λίας,
2576 2190 2640 2248 ὡς
2666 2187 2912 2250 πολλάκις
2942 2189 3236 2263 εἰρήκαμεν.

630 2273 922 2331 diximus.

701 2364 877 2437 Apud
894 2379 1104 2420 omnes
1133 2363 1328 2436 itaque
1350 2363 1748 2434 evangelistas
1775 2363 1932 2420 hanc
1960 2363 2296 2418 invenimus

2483 2367 2634 2436 Παρὰ
2666 2371 2799 2418 πᾶσι
2851 2361 2910 2417 δι
2953 2373 3059 2425 τοῖς
3115 2364 3512 2437 εύαγγελισταῖς
3567 2367 3845 2439 εὑρίσκομεν
3887 2365 3961 2420 τὴν

630 2451 1232 2526 dispensationem,ut
1246 2457 1495 2525 quisque
1507 2469 1716 2509 eorum
1733 2453 2035 2509 interdum
2050 2451 2277 2524 quidem

2409 2457 2656 2512 τοιαύτην
2702 2454 2998 2526 οἰκονομίαν
3052 2454 3274 2506 ἑκάστου
3329 2455 3498 2506 αὐτῶν
3554 2459 3669 2507 ποτε
3716 2458 3801 2524 μὲν
3841 2450 3963 2523 ἀκρι-

632 2541 965 2611 diligenter,
989 2541 1291 2597 interdum
1306 2548 1506 2597 autem
1523 2542 1956 2614 compendiose
1973 2540 2270 2595 retulerint

2411 2542 2528 2608 ϐῶς,
2581 2548 2703 2596 ποτε
2772 2540 2832 2596 δε
2899 2549 3166 2615 συντόμως
3224 2542 3637 2614 ἀπαγγελλοντος.
3692 2547 3752 2593 Τὸ
3801 2545 3961 2611 μέντοι

631 2630 1015 2702 Propositum
1077 2634 1278 2686 autem
1338 2633 1582 2685 verbum
1643 2630 1798 2685 dicto
1868 2631 2059 2702 capite
2123 2630 2278 2700 juxta

2411 2638 2741 2706 προκείμενον
2807 2633 2965 2706 ῥητὸν
3042 2632 3092 2684 ἐν
3166 2641 3237 2702 τῷ
3306 2633 3504 2706 ῥηθέντι
3572 2629 3802 2701 κεφαλαίῳ
3873 2634 3955 2678 τοὺ

633 2718 978 2774 Matthteum
1009 2718 1377 2775 declaratum
1427 2725 1515 2774 est
1550 2723 1648 2786 ;et
1686 2719 1767 2774 ibi
1814 2735 2011 2790 quaere
2059 2733 2280 2774 enarra

2410 2725 2545 2773 κατὰ
2611 2724 2876 2775 Ματθαίον
2933 2724 3276 2795 ἡρμήνευται.
3333 2727 3423 2775 Καὶ
3472 2724 3684 2778 ζήτησον
3739 2717 3835 2770 ὶκεί
3883 2720 3961 2773 τὴν

638 2809 882 2864 tionem.

2411 2809 2677 2882 ἐξήγησιν.

709 2896 874 2952 Vers.
923 2899 1012 2954 19.
1064 2896 1140 2951 Et
1187 2895 1520 2968 quarebant
1558 2896 1886 2953 —di.rerit.
1945 2898 2090 2955 Haec
2155 2898 2295 2952 item

2485 2905 2584 2952 Καὶ
2631 2901 2896 2960 ἐζήτησαν
2938 2931 3004 2941 -
3057 2896 3182 2952 εἶπε.
3250 2904 3350 2953 Καὶ
3399 2907 3565 2952 ταῦτα
3609 2900 3898 2970 σαφέστερον
3938 2894 3955 2944 ὁ

637 2985 1008 3042 manifestius
1037 2985 1270 3056 scripsit
1295 2985 1599 3042 Matthaaus
1628 2987 1911 3057 praedicto
1944 2987 2150 3058 capite.

2035 2987 2150 3041 )ite.
2409 2992 2680 3052 Ματθαίος
2713 2992 2990 3062 ἱστόρησεν
3022 2989 3068 3041 ἄν
3097 2989 3266 3060 ἐκείνῳ
3306 2997 3377 3058 τῷ
3410 2987 3682 3060 κεφαλαίῷ.

710 3074 868 3132 CAP.
894 3075 1064 3132 LXXI.
1097 3076 1184 3131 De
1209 3074 1297 3131 his
1340 3075 1443 3147 qui
1470 3075 1789 3132 Dominum
1830 3076 2298 3147 interrogabant,

2228 3083 2298 3140 tt,
2519 3085 2663 3132 ΚΕΦ.
2699 3080 2824 3132 OA’.
2857 3085 2980 3151 Περὶ
3005 3086 3105 3130 τῶν
3136 3078 3422 3149 ίγκαθίτων
3455 3074 3550 3130 διὰ
3574 3081 3657 3129 τόν
3686 3083 3875 3134 κῆνσον.

1133 3167 1436 3221 occasione
1462 3180 1690 3222 census.
2329 3193 2369 3246 ο

710 3254 872 3312 Vers.
906 3254 994 3311 20.
1047 3255 1126 3310 Et
1171 3255 1544 3311 observantes
1583 3286 1651 3294 —
1678 3255 1962 3324 praesidis.
2018 3255 2109 3311 Ait
2157 3257 2301 3312 Mat-

2483 3263 2583 3310 Kat
2667 3262 3138 3332 παρατηρήσαντες
3215 3288 3283 3297 -
3375 3257 3650 3328 ἡγεμόνος.
3743 3250 3957 3312 φησὶνὸ

641 3343 1998 3417 thasusintinequinquagesimicapitis:Tunc
2023 3345 2300 3401 abeuntes
2408 3348 2684 3408 Ματθαῑος
2739 3347 2787 3398 ἐν
2858 3354 2931 3417 τῷ
3010 3345 3139 3399 τέλει
3212 3353 3305 3398 τοῦ
3377 3352 3731 3403 πεντηκοστοῦ
3795 3347 3959 3414 πρώτου

639 3434 935 3490 Pharisaei
962 3433 1273 3489 consilium
1325 3441 1620 3503 ceperunt,
1649 3439 1713 3488 ut
1745 3435 2136 3504 ittaquearent
2168 3449 2286 3490 eum

2407 3435 2684 3507 κεφαλαίου
2746 3435 2926 3488 αύτού·
2982 3441 3110 3487 Τότε
3186 3435 3521 3510 πορευθέντες
3581 3437 3630 3486 οἱ
3711 3437 3957 3508 Φαρισαῖοι,

642 3524 704 3580 in
730 3538 984 3580 sermone
1003 3526 1072 3591 ’³,
1099 3529 1156 3578 et
1183 3528 1414 3578 caetera.
1447 3524 1595 3593 Lege
1623 3538 1764 3595 ergo
1795 3522 2031 3578 illorum
2064 3539 2289 3578 enarra-

2412 3524 2724 3597 συμϐούλιον
2799 3523 2998 3594 ἔλαϐον,
3068 3529 3206 3586 ὅπως
3275 3523 3431 3576 αὐτὸν
3502 3519 3885 3594 παγιδτπωσιν
3929 3523 3961 3569 ἓν

643 3615 889 3675 tionem.
911 3617 968 3668 et
998 3612 1076 3667 ibi
1094 3612 1272 3668 etiam
1293 3612 1681 3684 praesentium
1699 3611 2019 3668 verborum
2037 3611 2290 3668 declara-

2407 3613 2565 3686 λόγῳ,
2591 3619 2680 3666 καὶ
2713 3617 2779 3666 τὰ
2826 3614 2909 3676 ἐξῆ
2924 3633 2962 3675 ς.
3001 3618 3100 3666 Καὶ
3131 3611 3389 3683 ἀνάγνωθι
3418 3617 3512 3670 τὴν
3548 3611 3795 3684 ὶξήγησιν
3816 3610 3961 3674 αὐτῶν,

645 3701 861 3758 tionem
891 3699 1182 3756 invenies.

2406 3714 2496 3755 καί
2526 3705 2765 3775 εὑρήσεις
2794 3702 2894 3756 ἐκεῖ
2937 3707 3023 3755 καὶ
3055 3706 3149 3760 την
3196 3709 3296 3754 τῶν
3336 3708 3604 3774 παρόντων
3644 3703 3810 3776 ῥητῶν
3840 3701 3964 3769 σαγή-

2407 3812 2565 3845 νειαν.

717 3880 874 3934 Vers.
892 3879 980 3934 2t.
1007 3876 1092 3936 Et
1110 3883 1628 3948 interrogaverunt
1651 3909 1719 3917 —
1736 3876 1904 3933 Vers.
1926 3877 2014 3932 22.
2041 3893 2119 3934 an
2140 3876 2301 3934 non?

2482 3887 2581 3935 Καὶ
2603 3882 2946 3956 ἐπηρώτησαν
2977 3912 3041 3922 -
3073 3881 3103 3940 ἦ
3143 3884 3239 3948 οὕς
3281 3879 3363 3934 Ἐν
3401 3888 3472 3951 τῷ
3503 3887 3837 3949 πεντηκοστῷ
3883 3872 3967 3928 δεν-

646 3967 1158 4039 Ouinquagesimo
1188 3965 1453 4022 secundo
1479 3966 1665 4038 capite
1693 3965 1767 4021 de
1802 3965 1894 4020 his
1925 3966 2293 4022 manifestius

2408 3977 2536 4043 τέρῳ
2565 3971 2820 4043 κεφαλαίῳ
2853 3975 2966 4044 περὶ
2996 3973 3188 4022 τούτων
3223 3973 3535 4043 σαφέστερον
3563 3968 3830 4044 ἶγραψενὸ
3859 3972 3967 4019 Ματ-

648 4055 884 4130 ecripsit
907 4055 1234 4120 Matthaeus,
1267 4060 1325 4112 et
1366 4055 1448 4111 ibi
1482 4054 1753 4111 similiter
1790 4071 1992 4128 quaere
2020 4056 2295 4128 interpre-

2085 4063 2302 4128 terpre-
2412 4063 2573 4123 Θαῑοςο
2603 4065 2692 4113 καὶ
2716 4061 2946 4121 ζήτησον
2972 4058 3076 4112 ἐκεῖ
3098 4060 3283 4132 ὁμοίως
3303 4062 3397 4116 την
3429 4057 3725 4131 ἑρμηνείαν.

650 4147 954 4204 tationem.

722 4236 881 4292 Vers.
911 4238 1000 4292 25.
1057 4233 1416 4306 Cognita—
1463 4235 1622 4289 Vers.
1688 4237 1778 4290 26.
1839 4237 2175 4292 tacuerunt.
2236 4236 2301 4291 ln

2483 4243 2818 4301 Κατανοήσας
2868 4268 2936 4278 -
2993 4236 3269 4308 ἐσίγησαν.
3321 4236 3402 4289 Ἐν
3453 4243 3527 4306 τῷ
3584 4238 3807 4307 τοιούτῳ
3855 4250 3973 4304 κεφα-

645 4325 748 4383 illo
773 4326 948 4382 etiam
982 4324 1198 4380 horum
1229 4323 1382 4380 facta
1413 4330 1498 4379 est
1528 4324 1770 4390 mentio,
1813 4323 2074 4396 dataque
2126 4325 2292 4382 inter-

2406 4329 2534 4400 λαίῳ
2588 4336 2755 4381 ταῦτα
2799 4329 2970 4380 πάντα
3014 4325 3470 4399 ἐμνημονεύθησώ
3522 4344 3576 4378 τε
3624 4330 3717 4378 καὶ
3755 4321 3973 4398 ἡρμηνιύ·

645 4415 913 4490 pretatio.

2408 4419 2470 4476 θη
2480 4436 2593 4470 σαν.

1039 4502 1428 4597 CAR-LXXII.
1582 4501 1937 4597 Sadducaeis.
2123 4593 2147 4597 ἡ
2326 4543 2372 4597 D
2647 4595 2654 4597 Δ

2711 4511 2858 4560 ΚΕΦ.
2893 4503 3009 4560 ΟΒ’.
3041 4508 3166 4580 Περὶ
3190 4512 3290 4557 τῶν
3313 4499 3715 4559 Σαδδουκαίων.

717 4594 884 4651 Vers.
911 4596 997 4648 27.
1028 4591 1374 4649 Accedentes
1395 4622 1464 4631 —-
1495 4591 1656 4645 Vers.
1691 4595 1778 4647 33.
1813 4606 2078 4648 uxorem.
2109 4593 2300 4666 Caput
2326 4591 2364 4597 ⁷

2329 4591 2364 4597 ”
2477 4595 2844 4670 Προσελθόντες
2867 4625 2931 4635 -
2952 4601 3192 4667 γυναῖκα.
3234 4596 3304 4646 Τὸ
3330 4591 3604 4665 κεφάλαιον
3639 4600 3796 4646 τοῦτο
3826 4604 3976 4643 πεντη-

633 4681 754 4740 hoc
791 4681 1364 4756 quinquagesimum
1378 4680 1612 4736 tertium
1627 4686 1718 4736 est
1747 4680 1914 4752 apud
1927 4682 2260 4738 Mattbaeum

2403 4690 2592 4739 κοστόν
2617 4690 2789 4761 τρίτοτ
2811 4684 2925 4737 ἐστὶ
2953 4685 3097 4757 παρὰ
3137 4690 3210 4754 τῷ
3241 4683 3515 4753 Ματθαίῳ³
3549 4687 3641 4734 καὶ
3689 4683 3911 4743 ζήτησον
3941 4673 3975 4726 ἐν

641 4779 699 4830 et
729 4773 809 4828 ibi
835 4788 1035 4845 quaere
1076 4777 1256 4827 totam
1292 4770 1757 4826 enarrationem.

1512 4770 1757 4826 tionem.
2404 4777 2578 4849 ἐκείνῳ
2607 4781 2699 4835 τὴν
2725 4775 2846 4833 ὅλην
2881 4773 3156 4845 ἑξήγησιν,

713 4862 872 4916 Vers.
900 4860 988 4914 34.
1032 4860 1103 4914 Et
1130 4891 1197 4901 —
1222 4866 1471 4930 nuptum
1504 4859 1668 4915 dant.
1703 4861 1822 4916 Hoc
1853 4863 1962 4926 est,
1993 4859 2097 4916 ﬁlii
2119 4861 2295 4934 hujus

2477 4871 2577 4920 Καὶ
2615 4895 2684 4907 —-
2717 4864 3148 4937 ίκγαμίσκονται.
3200 4863 3266 4916 Oi
3313 4867 3405 4914 τοῦ
3454 4864 3661 4934 κόσμου
3706 4863 3904 4929 τούτου,
3942 4853 3977 4904 οἱ

643 4949 876 5016 mundi,
908 4949 1085 5020 hujus
1113 4949 1258 5005 vitae.

1249 4989 1258 5003 -
2400 4964 2462 5014 τῆ
2477 4977 2497 5018 ς
2523 4957 2658 5016 ζωῆς
2681 4957 2844 5011 ταύτη
2856 4974 2896 5015 ς-

712 5040 872 5093 Vers.
902 5038 990 5092 35.
1036 5037 1150 5104 Qui
1191 5053 1322 5094 vero
1349 5069 1414 5078 —
1442 5038 1606 5094 Vers.
1640 5039 1727 5094 36.
1785 5037 1900 5095 sint
1945 5039 2078 5106 ﬁlii.
2123 5041 2289 5112 Apud

2473 5047 2540 5098 Οἱ
2571 5039 2628 5096 δε
2672 5074 2738 5084 -
2770 5044 2874 5094 υἱοὶ
2907 5045 3062 5104 ὄντες.
3120 5043 3273 5116 Παρὰ
3313 5048 3386 5111 τῷ
3416 5041 3674 5113 Ματθαίῳ
3719 5043 3810 5092 καὶ
3844 5041 3976 5091 ταῦτα

638 5127 977 5186 Matthteum
1016 5126 1194 5183 etiam
1225 5127 1442 5184 horum
1471 5126 1628 5184 facta
1653 5135 1741 5184 est
1765 5129 2285 5204 mentio,dataque

2402 5132 2856 5208 ἔμνημονεύθησοίν
2901 5151 2956 5186 τε
2984 5136 3074 5184 καὶ
3115 5131 3522 5205 ἠρμηνεύθησαν
3561 5128 3613 5182 ἕν
3682 5136 3757 5203 τῷ
3800 5126 3974 5205 ῥηθέντι

708 5362 752 5400 ιι
776 5359 980 5418 Matth.
1011 5373 1131 5424 ιιι,
1156 5357 1246 5415 43.
1323 5358 1372 5396 ιε
1403 5358 1548 5415 Ibid.
1581 5361 1672 5416 ιι.
1750 5360 2335 5434 "Matth.nu,15.

1868 5565 2098 5638 Variae
2129 5569 2454 5642 lectiones
2492 5578 2560 5641 et
2590 5579 2793 5641 notae.

697 5787 812 5873 (38)
841 5777 1165 5848 lientenius
1187 5784 1357 5847 addit
1386 5809 1402 5848 :
1431 5793 1534 5845 Τοῦ
1559 5789 1776 5870 Μάρκου
1807 5793 1916 5850 καὶ.
1950 5789 2139 5852 Habet
2171 5797 2344 5854 auten

1386 5809 1402 5848 :
1431 5793 1534 5845 Τοῦ
1559 5789 1776 5870 Μάρκου
1807 5793 1916 5850 καὶ.
1950 5789 2139 5852 Habet
2171 5797 2375 5854 autem
2401 5793 2528 5854 huic
2560 5798 2790 5856 Marcus
2818 5809 2914 5867 xu,
2946 5793 3033 5855 t0.
