4170 6436
167 402 307 475 1069

1199 402 1571 473 COMMENT.
1614 386 1685 472 iN
1714 410 1969 475 LUCAM.
2011 448 2078 461 _
2118 416 2275 475 CAP.
2315 386 2473 475 xxi.

3398 416 3540 476 1070

168 541 447 617 κεφαλαίῳ,
478 544 597 596 ἔνθα
638 549 807 597 κεῖται
835 548 894 597 τό
913 562 927 577 ο
980 543 1067 596 Ἐν
1094 546 1196 619 γὰρ
1242 551 1305 616 τῇ
1339 541 1624 597 ἀναστάσει
1654 546 1771 597 οὔτε

1911 542 2306 616 nterpretatio,
2354 541 2456 599 ubi
2484 542 2701 599 dicitur
2744 559 2759 598 :
2806 543 2877 599 In
2915 541 3344 602 resurrectione
3386 543 3538 602 enim

169 640 423 706 γαμοῦσι,
451 634 568 686 οὔτε
597 630 989 707 ἕκγαμίζονται,
1023 638 1110 686 καὶ
1140 635 1206 686 τὰ
1232 632 1315 696 ἐξῆ
1328 654 1367 695 ς.

245 809 367 865 Ὀτι
385 843 454 853 -
476 810 662 886 βάτου.
686 808 978 871 Ἐδήλωσεν
995 810 1077 866 ἰπὶ
1093 820 1189 875 τῆς
1216 818 1421 886 Γραφής
1447 821 1542 876 τῆς
1563 810 1731 886 βάτου
1754 829 1768 844 ⁶

181 898 315 959 αὕτη
349 896 407 953 δι
435 902 711 975 ἱστόρηται
741 902 791 954 ίν
820 909 883 975 τῇ
918 898 1085 975 βίϐλῳ
1113 909 1209 965 τῆς
1237 897 1473 965 Ἐξὸδου.

247 1075 333 1138 Ὠς
358 1076 495 1149 λέγει
532 1108 602 1120 -—
657 1079 810 1141 ζῶσι.
843 1084 944 1134 Καὶ
986 1084 1103 1155 περὶ
1151 1082 1345 1133 τούτων
1393 1077 1686 1141 ἀκολούθως
1728 1078 1776 1132 ἂν

175 1172 249 1236 τῷ
305 1161 587 1225 δηλωθέντι
636 1168 895 1242 κεφαλαίῳ
929 1176 1021 1222 τοῦ
1072 1171 1346 1223 Ματθαίου
1399 1172 1637 1245 εἴρηται·
1687 1173 1778 1222 καὶ

183 1258 414 1318 ζήτησον
445 1255 565 1311 ἇκεῖ.

250 1343 638 1419 Ἀποκριθέντες
692 1377 761 1386 -
819 1342 994 1401 οὐδέν.
1046 1346 1186 1400 Ἐκεῖ
1250 1351 1341 1400 καὶ
1387 1353 1554 1400 ταῦτα
1622 1345 1777 1420 ἔμνη-

172 1435 523 1505 μονεύθησαν,
606 1437 726 1488 ἔνθα
790 1440 885 1489 τόο
949 1441 1050 1490 Καὶ
1119 1435 1429 1500 ἀκούσαντες
1503 1438 1553 1490 οί
1624 1436 1779 1509 ὄχλοι

170 1520 545 1586 ἐξεπλήσσοντο
578 1522 662 1577 ἰπὶ
691 1533 754 1598 τῇ
797 1521 1007 1599 διδαχῇ
1042 1524 1223 1581 αύτού.

176 1617 325 1668 ΚΕΦ.
399 1611 514 1667 ΟΓ’.
583 1614 875 1688 Ἐρώτησις
929 1618 1057 1688 πρὸς
1113 1618 1231 1677 τούς
1294 1620 1608 1692 Φαρισαίους
1670 1622 1780 1679 πῶς

566 1701 710 1756 ἔστιν
741 1706 854 1766 υίὸς
880 1703 1047 1757 Δαυῑδ
1072 1706 1099 1758 ὁ
1136 1710 1384 1779 Χριστός.

248 1786 372 1843 Eius
400 1821 462 1831 —
510 1788 660 1861 ὶστι;
692 1795 961 1856 Ματθαῖος
1012 1790 1072 1846 δέ
1115 1814 1273 1867 φησιν
1320 1792 1369 1846 ἄν
1410 1794 1483 1864 τῷ
1522 1813 1778 1853 πεντηκο-

1881 647 2068 705 neque
2098 633 2449 690 contrahant
2482 632 2954 697 matrimonium,
2973 646 3161 705 neque
3178 632 3396 701 nuptui
3419 639 3540 690 tra-

1878 720 2095 777 dentur
2114 723 2182 776 “.

1953 811 2113 867 Vers.
2148 815 2236 867 37.
2274 811 2442 879 Quod
2478 842 2530 853 —
2562 811 2793 868 rubum.
2847 809 2909 867 Id
2938 814 3048 877 est,
3094 809 3449 881 signiﬁcavit
3476 809 3538 867 in

1885 903 2179 972 Scriptura
2204 899 2280 955 de
2320 899 2474 957 rubo
2512 916 2527 968 ;
2585 900 2715 957 haec
2763 904 2962 958 autem
3017 897 3244 972 scripta
3291 904 3432 956 sunt
3476 899 3539 956 in

1881 990 2036 1048 libro
2066 989 2252 1045 Exodi
2277 990 2343 1042 ⁸⁵.

1954 1079 2117 1135 Vers.
2141 1082 2227 1135 37.
2264 1078 2407 1135 Cum
2444 1077 2592 1137 dicit
2633 1111 2703 1120 ——
2732 1078 2892 1135 Vers.
2920 1081 3009 1137 38.
3068 1079 3302 1136 vivunt.
3348 1075 3538 1134 Etiam

1883 1168 1959 1225 de
1990 1167 2082 1225 his
2098 1166 2377 1240 praedicto
2388 1170 2559 1239 juxta
2588 1166 2927 1226 Matthmum
2941 1166 3373 1241 capitedictum
3403 1169 3492 1222 est
3521 1183 3535 1235 ;

1884 1263 1941 1315 et
1971 1258 2051 1314 ibi
2072 1272 2275 1330 quaere
2305 1256 2763 1314 enarrationem.

1958 1348 2117 1402 Vers.
2145 1350 2233 1403 39.
2276 1346 2714 1416 Respondentes
2752 1376 2821 1388 -—
2885 1346 3042 1402 Vers.
3093 1348 3182 1402 40.
3235 1345 3414 1403 nihil.
3454 1343 3543 1401 Ibi

1882 1435 2101 1492 horum
2127 1450 2373 1509 quoque
2404 1436 2558 1492 facta
2583 1441 2669 1491 est
2699 1434 2917 1492 mentio
2943 1434 3045 1491 ubi
3076 1434 3293 1491 dicitur
3323 1450 3335 1489 :
3368 1433 3544 1490 Cum-

1885 1541 1997 1598 que
2025 1525 2313 1581 audissent
2331 1525 2541 1589 turbce,
2561 1530 2913 1596 stupuerunt
2930 1524 3004 1581 de
3027 1523 3304 1580 doctrina
3325 1525 3456 1594 ejus
3472 1523 3541 1577 ⁸⁸.

1885 1614 2039 1671 CAP.
2068 1613 2306 1669 LXXIII.
2333 1614 2727 1684 Interrogatio
2762 1612 3001 1669 Domini
3029 1612 3109 1669 ad
3140 1612 3380 1668 Judwos
3409 1627 3546 1684 quo-

2027 1703 2196 1758 modo
2214 1703 2419 1758 dicant
2441 1702 2737 1758 Christum
2783 1702 3007 1758 Filium
3051 1718 3162 1759 esse
3192 1699 3400 1758 David.

1958 1794 2126 1849 Vers.
2151 1793 2239 1847 41.
2269 1793 2370 1848 Ait
2397 1823 2465 1832 —
2490 1791 2652 1847 Vers.
2695 1790 2783 1848 44.
2818 1797 2900 1848 est
2927 1790 2958 1846 7
3004 1791 3312 1848 Μαιῑὶιωιιε
3342 1794 3545 1846 autem

182 1885 286 1947 στῷ
369 1882 587 1952 πέμπτῳ
684 1881 842 1934 αὐτοῦ
943 1881 1199 1955 κεφαλαίῳ
1300 1884 1376 1935 ὅτι
1445 1888 1778 1955 Συνηγμένων

1911 1881 2388 1956 [uinquagesimo
2399 1880 2606 1954 quinto
2620 1882 2707 1936 sui
2724 1880 3023 1952 Evangelti
3039 1880 3232 1953 capite
3258 1880 3357 1945 ait,
3375 1878 3545 1952 quod

182 1975 282 2018 τῶν
376 1973 697 2044 Φαρισαίων,
778 1969 1111 2045 ἐπηρώτησεν
1191 1972 1379 2034 αύτούς
1460 1974 1484 2023 ὁ
1572 1971 1780 2033 Ἰησοῦς

180 2054 340 2127 λέγων
363 2074 376 2087 ο
401 2062 464 2110 Τί
494 2059 615 2128 ύμῖν
634 2054 782 2111 δοκεῖ
804 2064 922 2133 περὶ
947 2068 1039 2112 τοῦ
1058 2067 1312 2133 Χριστοῦ,
1330 2064 1467 2122 τίνος
1492 2062 1604 2121 υἱός
1633 2058 1777 2133 iam;

180 2149 271 2196 καὶ
325 2147 390 2197 τὰ
448 2144 584 2209 ἑξῆς.
656 2150 757 2199 Καὶ
801 2149 1204 2220 ἡρμηνεύθησαν
1259 2147 1364 2201 ἕκιί
1425 2150 1595 2202 πάντα
1647 2152 1783 2202 κατὰ

175 2232 347 2305 λόγον.

250 2322 555 2385 Ἀκούοντος
607 2354 674 2363 -
724 2319 971 2388 δείπνοις.
1030 2327 1315 2399 ’Δνάγνωθι
1361 2325 1410 2379 έν
1453 2334 1526 2398 τῷ
1572 2326 1782 2401 ῥηθέντι

177 2410 434 2483 κεφαλαίῳ
491 2420 583 2465 τοῦ
640 2415 777 2466 κατὰ
846 2417 1110 2468 ἣῐατθαίον
1174 2420 1265 2475 τήν
1323 2414 1573 2490 έξήγησιν
1641 2423 1734 2469 τοῦ
1763 2431 1778 2447 ⁸

182 2498 510 2554 Πλατύνουσι
529 2504 629 2575 γὰρ
658 2504 725 2554 τὰ
746 2502 1074 2581 φυλακτήρια
1101 2504 1291 2574 αὐτῶν,
1321 2508 1405 2558 καὶ
1431 2504 1782 2579 μεγαλύνουσι

175 2590 240 2640 τὰ
288 2586 570 2663 κράστεδα
611 2599 711 2643 τῶν
762 2594 980 2665 ἱματίων
1025 2594 1214 2663 αὐτῶν,
1258 2597 1347 2647 καὶ
1387 2598 1451 2648 τὰ
1494 2595 1648 2659 ἑξῆς’
1691 2600 1781 2649 καὶ

175 2677 419 2754 εὑρήσεις
442 2683 561 2755 περὶ
590 2682 815 2736 πάντων.

249 2767 317 2819 Oi
353 2798 417 2808 —
465 2776 648 2843 κρῖμα.
706 2770 788 2824 Ἐν
821 2779 892 2843 τῷ
948 2780 1284 2845 πεντηκοστῷ
1337 2775 1466 2846 ἕκτῳ
1520 2772 1780 2847 κεφαλαίῳ

176 2864 268 2909 τοῦ
299 2859 438 2911 κατὰ
490 2861 759 2913 Ματθαίον
810 2860 918 2914 εἶπε
969 2867 1058 2915 καὶ
1116 2865 1242 2937 πρὸς
1284 2867 1405 2927 τούς
1455 2869 1781 2937 Γραμματεῖς

177 2950 268 2999 καὶ
321 2953 677 3020 Φαρισαίους·
748 2950 884 3002 Ούαὶ
942 2952 1083 3024 ύμῖν,
1140 2958 1468 3027 Γραμματεῖς
1538 2958 1628 3007 καὶ
1681 2960 1780 3007 Φαο

178 3043 381 3109 ρισαίοι
442 3038 741 3114 ὑποκριταὶ,
804 3041 885 3092 ὅτι
949 3043 1248 3094 κατεσθίετε
1308 3046 1398 3104 τὰς
1462 3042 1626 3104 οἰκίας
1680 3052 1779 3095 τῶν

179 3134 385 3198 χηρῶν,
434 3130 524 3179 καὶ
582 3129 646 3180 τὰ
703 3126 841 3191 ἕξῆς.
896 3132 997 3183 Καὶ
1054 3128 1312 3204 ἀνάγνωθί
1384 3136 1479 3191 τὴν
1534 3130 1781 3204 ἆξήγησιν

182 3211 371 3267 αὐτῶν.

188 3307 335 3355 ΚΕΦ.
404 3301 522 3357 οΔ’.
593 3308 718 3381 Περὶ
782 3313 877 3367 τῆς
938 3312 1119 3382 χήρας
1181 3315 1273 3370 τῆς
1335 3310 1403 3361 τὰ
1466 3305 1564 3363 δύο
1623 3308 1786 3363 λεπτὰ

839 3394 1075 3469 βαλούση
1086 3418 1128 3459 ς.

253 3480 569 3554 Ἀναϐλέψας
612 3515 679 3524 -
718 3482 883 3540 ἔϐαλε.
937 3491 1060 3562 Περὶ
1106 3488 1300 3551 ταύτης
1349 3493 1441 3542 καὶ
1499 3489 1525 3541 ὁ
1572 3491 1784 3563 Μάρκος

182 3566 415 3625 διέϐαλεν
445 3572 495 3624 ἐν
534 3580 607 3644 τῷ
639 3583 1049 3649 τεσσαρακοστῷ
1080 3581 1270 3652 πρώτῳ
1300 3577 1557 3654 κεφαλαίῳ
1589 3578 1747 3632 αὐτοῦ
1766 3596 1779 3610 '

179 3665 270 3713 καὶ
302 3664 531 3725 ζήτησον
561 3660 664 3716 εκεῖ
692 3667 785 3723 τήν
815 3665 937 3724 ὅλην
962 3663 1234 3739 ἐξήγησιν.

254 3840 357 3890 Καί
413 3856 561 3890 τινων
613 3869 682 3879 -
731 3838 1174 3898 καταλυθήσεται.
1232 3844 1449 3914 Εἴρηται
1494 3846 1614 3918 περὶ
1666 3844 1784 3895 τού-

180 3945 281 3978 των
318 3926 543 4002 ἁκριϐὠς
591 3926 640 3980 έν
683 3936 755 4000 τῷ
801 3928 934 3982 τέλει
972 3938 1064 3982 τοῦ
1103 3939 1457 3989 πεντηκοστοῦ
1503 3932 1653 3985 ἕκτου
1697 3951 1780 3985 κε-

183 4014 404 4088 φαλαίου
463 4024 554 4069 τοῦ
600 4020 737 4070 κατὰ
796 4020 1085 4089 Ματθαίον,
1143 4021 1262 4073 ἔνθα
1313 4028 1478 4075 κεῖται
1542 4025 1620 4074 τό·
1681 4026 1782 4075 Καὶ

182 4104 390 4168 ἐξελθὼν
452 4107 477 4159 ὁ
543 4106 751 4168 Ἰησοῦς
820 4105 1087 4184 ἐπορεύετο
1153 4107 1253 4162 ἀπὸ
1324 4117 1416 4163 τοῦ
1478 4111 1636 4185 ἱεροῦ.
1692 4114 1781 4163 καὶ

180 4194 477 4266 προσῆλθον
553 4197 603 4248 οἱ
649 4197 884 4269 μαθηταὶ
953 4196 1113 4250 αὐτοῦ
1180 4195 1439 4273 ἐπιδεῖξαι
1507 4198 1647 4271 αύτῷ
1693 4201 1781 4260 τὰς

183 4279 469 4358 οἰκοδομὰς
496 4291 587 4338 τοῦ
619 4286 776 4359 ἱεροῦ.

426 4379 574 4428 ΚΕΦ.
615 4373 734 4428 ΟΕ’.
763 4374 1049 4451 Ἐρώτησις
1080 4380 1198 4452 περὶ
1227 4378 1535 4438 συντελείας.

253 4460 633 4535 Ἐπηρώτησαν
706 4496 775 4506 -
852 4467 1126 4537 γίνεσθαη
1202 4470 1366 4524 Φησὶν
1432 4461 1519 4518 οὖν
1578 4464 1688 4538 (39)
1752 4465 1778 4518 ό

1893 1973 2011 2029 Con
2016 1972 2288 2043 gregalis
2305 1969 2624 2027 Pharisaeis
2642 1970 3012 2041 interrogavit
3028 1984 3120 2026 eos
3141 1970 3313 2026 Jesus
3328 1968 3543 2024 dicens:

1893 2061 2049 2131 Quid
2075 2061 2235 2118 vobis
2252 2061 2488 2118 videtur
2515 2061 2588 2117 de
2620 2059 2874 2127 Christo,
2903 2062 3074 2131 cujus
3098 2060 3260 2129 ﬁlius
3289 2058 3549 2116 est"?et

1890 2149 2575 2223 cietera;ibiqueomnia
2611 2149 3047 2207 rationabiliter
3086 2154 3363 2206 enarrata
3387 2152 3545 2205 sunt.

1961 2330 2121 2386 Vers.
2150 2332 2239 2385 45.
2273 2329 2562 2385 Audients
2620 2360 2688 2370 —
2713 2329 2876 2385 Vers.
2916 2331 3007 2386 46.
3043 2326 3340 2385 conviviis.
3396 2326 3548 2397 Lege

1889 2418 2175 2491 pradicto
2213 2417 2468 2474 Mattbtei
2498 2415 2688 2491 capite
2710 2417 2848 2474 dicti
2880 2417 3036 2474 illius
3069 2416 3543 2473 enarrationem:

1890 2507 2165 2564 Ditatant
2179 2508 2255 2580 ph
2263 2509 2551 2579 ylacteria
2565 2523 2667 2563 sua
2682 2510 2731 2562 et
2744 2507 3120 2580 magniﬁcam
3129 2505 3396 2576 ﬁmbrias
3408 2505 3550 2576 pat-

1891 2596 2107 2654 tiorum
2141 2613 2381 2654 suorum
2410 2598 2457 2633 ⁸⁸
2488 2611 2561 2653 ac
2597 2596 2673 2653 de
2703 2597 2978 2653 omnibus
3006 2595 3294 2653 invenies.

1959 2773 2127 2831 Vers.
2157 2778 2240 2831 47.
2281 2773 2391 2843 Qui
2419 2806 2485 2815 —
2501 2773 2810 2847 judicium.
2846 2772 3358 2848 Quinquagesimo
3379 2774 3546 2830 sexto

1889 2863 2189 2937 Evangelii
2219 2864 2549 2920 secundum
2580 2865 2924 2920 Matthmum
2964 2863 3159 2936 capite
3197 2862 3345 2919 dixit
3365 2861 3545 2918 etiam

1888 2954 1966 3010 ad
1986 2953 2220 3011 Scribas
2235 2960 2290 3010 et
2307 2954 2664 3010 Pharismos:
2705 2954 2801 3011 Vae
2813 2953 2996 3020 vobis,
3021 2953 3232 3010 Sbribaa
3251 2956 3307 3009 et
3333 2950 3545 3008 Phari-

1888 3043 1993 3100 saei
2011 3044 2355 3113 hypocrita,
2371 3045 2513 3115 quia
2529 3044 2826 3100 devoratis
2856 3043 3053 3100 domos
3070 3042 3378 3099 viduarum
3395 3042 3466 3110 ι’,
3489 3043 3547 3097 et

1891 3137 2106 3188 cratera
2131 3149 2148 3187 :
2170 3131 2299 3202 lege
2330 3147 2472 3205 ergo
2503 3131 2740 3188 illorum
2769 3131 3338 3204 interpretationem.

1966 3306 2123 3364 CAP.
2155 3308 2392 3364 LXXIV.
2422 3307 2504 3365 De
2532 3306 2733 3374 vidua,
2766 3323 2894 3380 quce
2912 3307 3030 3365 duo
3047 3306 3279 3366 minuta
3308 3306 3541 3365 obtulit.

1966 3485 2105 3556 Cap.
2144 3483 2275 3539 XXI.
2299 3485 2464 3542 Vers.
2512 3488 2558 3541 I.
2589 3481 2921 3553 Respiciens
2952 3511 3020 3523 —
3067 3480 3231 3537 Vers.
3262 3482 3315 3536 4.
3365 3482 3544 3540 misit.

1893 3573 1973 3629 De
2003 3573 2117 3629 hac
2148 3579 2204 3629 et
2232 3574 2460 3630 Marcus
2497 3573 2963 3645 quadragesimo
3013 3570 3205 3642 primo
3236 3571 3328 3627 sui
3361 3574 3550 3629 Evan-

1892 3662 2025 3733 gelii
2055 3664 2249 3735 capite
2279 3661 2576 3727 disseruit,
2598 3666 2654 3717 et
2685 3660 2770 3717 ibi
2799 3675 2998 3732 qurere
3018 3663 3205 3716 totam
3230 3662 3549 3719 enarratio-

1891 3765 2052 3806 nem.

1964 3840 2123 3896 Vers.
2153 3840 2208 3895 5.
2242 3840 2318 3896 Et
2348 3838 2697 3913 quibusdam
2728 3871 2798 3880 —
2827 3838 2990 3895 Vers.
3023 3842 3077 3895 6.
3117 3838 3419 3896 diruatur.
3466 3838 3549 3898 De

1889 3929 1979 3985 his
2001 3929 2316 3999 diligenter
2366 3931 2586 3985 dictum
2640 3935 2728 3985 est
2771 3930 2830 3985 in
2883 3928 3005 3985 ﬁne
3057 3927 3548 4002 quinquagesimi

1890 4021 2037 4076 sexti
2086 4018 2259 4091 juxta
2315 4019 2657 4076 Matthasum
2706 4018 2939 4091 capitis,
2982 4018 3084 4074 ubi
3136 4018 3443 4074 habetur:
3479 4020 3551 4075 Et

1888 4123 2142 4179 egressus
2171 4109 2326 4164 Iesus
2355 4109 2532 4165 exivit
2562 4109 2637 4165 de
2662 4107 3220 4179 tempto:secutique
3254 4114 3389 4163 sunt
3418 4123 3551 4165 eum

1887 4197 2165 4269 discipuli
2183 4200 2328 4267 ejus,
2358 4204 2421 4252 ut
2461 4198 2797 4254 indicarent
2819 4196 2870 4252 ei
2898 4197 3458 4266 structurastemplt
3478 4198 3547 4251 ⁵ο.

2172 4374 2323 4430 ΟΑΡ.
2376 4373 2569 4431 LXXV.
2604 4374 2688 4431 De
2741 4371 3263 4430 consummatione.

1963 4467 2120 4520 Vers.
2139 4470 2170 4520 7
2185 4506 2198 4519 .
2218 4463 2751 4534 Interrogaverunt
2770 4493 2834 4503 —-
2861 4467 2996 4519 sunt
3017 4464 3048 4517 ἵ
3076 4461 3217 4518 Dicit
3244 4459 3549 4519 Matthaaus

184 4550 454 4613 Ματθαῖος
501 4549 550 4603 έν
616 4561 687 4625 τῷ
738 4563 1073 4627 πεντηκοστῷ
1121 4551 1328 4628 ἑϐδόμῳ
1370 4553 1626 4628 κεφαλαίῳ
1675 4556 1774 4625 ὅτι,

1911 4552 2394 4628 [uinquagesimo
2418 4553 2673 4625 septimo
2704 4551 2918 4625 capite,
2943 4551 3106 4623 quod
3131 4551 3368 4607 sedente
3395 4551 3547 4608 eoin

181 4640 482 4713 καθημένου
514 4640 669 4694 αὐτοῦ
698 4640 782 4697 ἰπὶ
802 4651 893 4697 τοῦ
914 4648 1065 4720 ὄρους
1094 4651 1194 4697 τῶν
1223 4644 1455 4710 Ἐλαιῶν,
1483 4644 1778 4720 προσῆλθον

182 4728 327 4801 αύτῷ
356 4730 405 4782 oi
444 4732 680 4803 μαθηταί
716 4729 878 4786 κατιδ
883 4738 986 4799 ίαν,
1011 4733 1270 4805 λέγοντεςο
1319 4733 1444 4786 Εἰπε
1472 4733 1617 4806 ἡμῖν,
1656 4738 1779 4787 ποτε

180 4825 350 4871 ταῦτα
374 4821 544 4887 ἔσται,
592 4825 682 4874 καὶ
712 4826 766 4875 τί
793 4825 853 4874 τὸ
886 4829 1099 4896 σημεῖον
1124 4826 1222 4884 τὴς
1256 4829 1351 4884 σῆς
1374 4827 1667 4897 παρουσίας
1689 4828 1780 4875 καὶ

181 4911 279 4970 τῆς
307 4908 601 4974 συντελείας
637 4918 730 4965 τοῦ
770 4910 986 4981 αἰῶνος;
1018 4915 1111 4966 καὶ
1140 4912 1372 4975 ζήτησον
1401 4912 1509 4966 ἐκεῖ
1542 4917 1636 4972 τήν
1668 4912 1780 4985 (40)

182 4995 342 5071 ἕξήγη
350 5017 453 5055 σιν.

252 5084 311 5140 Ὀ
340 5084 399 5141 δι
439 5120 507 5131 -
538 5089 725 5144 αὐτῶν.
760 5090 900 5145 Ἐκεῖ
922 5095 1013 5146 καὶ
1040 5098 1206 5146 ταῦτα
1233 5090 1688 5166 ἕμνημονεύθηοάν
1731 5109 1786 5145 τε

180 5179 272 5229 καὶ
300 5177 601 5252 ἡρμηνεύθη
611 5197 727 5235 σαν.

257 5381 304 5421 “
335 5384 808 5455 Matth.xxu,30.
886 5388 934 5424 ‘5
992 5386 1173 5444 Exod.
1223 5401 1306 5455 ιιι,
1346 5389 1396 5443 6.
1477 5387 1527 5427 ⁸⁸
1578 5384 1778 5444 Matth.
1847 5400 1991 5453 χιιι,
2055 5388 2148 5444 33.

184 5457 272 5513 M.
350 5457 402 5501 ⁸ο
430 5454 632 5516 Matth.
656 5475 816 5527 xxiv,
839 5459 893 5517 1.
968 5459 1013 5496 ⁸¹
1029 5458 1177 5517 Ibid.
1209 5460 1264 5518 3.

1890 4649 2092 4700 monte
2119 4641 2422 4697 olivarum
2444 4640 2912 4698 accesseruntad
2927 4656 3064 4696 eum
3085 4639 3361 4712 discipuli
3390 4654 3547 4697 seor-

1891 4733 2003 4789 sim
2039 4732 2301 4788 dicentes
2335 4747 2348 4786 :
2402 4731 2510 4787 Dic
2563 4730 2752 4799 nobis,
2784 4730 3019 4804 quando
3060 4731 3180 4787 hac
3220 4730 3453 4787 erunt?
3495 4735 3549 4786 et

1891 4822 2045 4895 quod
2066 4821 2298 4893 signum
2314 4821 2597 4876 adventus
2619 4822 2728 4889 tui,
2754 4825 2807 4878 et
2840 4821 3344 4877 consummationis
3364 4834 3550 4877 sarcu-

1894 4913 1939 4969 Ii
1975 4912 2020 4948 ⁸1
2053 4910 2084 4969 ?
2111 4915 2167 4967 et
2195 4909 2280 4966 ibi
2311 4909 2417 4965 ista
2445 4924 2662 4983 quaere.

1964 5088 2130 5144 Vere.
2163 5090 2216 5143 8.
2247 5087 2333 5143 At
2361 5088 2551 5146 itte—
2587 5086 2737 5144 illos.
2775 5086 2864 5143 Ibi
2893 5086 3070 5146 etiam
3124 5085 3341 5144 horum
3390 5083 3550 5145 facta

1894 5184 1980 5238 cst
2005 5178 2232 5236 msutio
2257 5181 2313 5235 et
2341 5176 2485 5235 data
2522 5176 2867 5235 declaratio.

2232 5384 2276 5421 ³⁸³
2343 5381 2495 5441 Ibid;
2523 5382 2588 5439 41
2669 5383 2718 5421 ⁸³
2745 5381 2944 5441 Matth.
2982 5396 3146 5455 χχιιι,
3185 5381 3241 5440 5.
3315 5378 3366 5418 ⁸³
3396 5378 3549 5439 Ibid.

1384 5636 1608 5710 Variae
1646 5634 1976 5706 lectiones
2025 5642 2092 5704 et
2138 5638 2344 5703 notas.

255 5832 369 5911 (39)
405 5827 511 5889 Ούν
548 5834 764 5897 omittit
801 5837 863 5896 Β.

1968 5830 2084 5914 (40)
2111 5835 2218 5895 Τήν
2242 5828 2497 5908 tim/aeuo
2515 5823 2734 5889 omittit
2759 5830 2817 5889 Β.
