4170 6502
701 437 827 501 1071

758 571 917 624 Vers.
948 569 1004 626 9.
1027 567 1172 623 Cum
1214 599 1282 610 —
1311 571 1472 628 νει-ε.
1520 572 1608 626 11.
1663 576 1851 628 erunt.
1914 570 1992 627 lbi
2034 569 2214 627 etiam
2265 569 2340 627 de
2376 574 2414 626 A

685 659 782 717 his
801 659 1025 714 dictum
1057 663 1168 712 est.

757 749 922 805 Vers.
958 749 1040 802 12.
1079 746 1286 806 Verum
1325 756 1466 807 ante
1497 780 1564 792 —
1596 765 1811 806 meum.
1875 748 2150 806 Similiter
2181 755 2236 806 et
2267 749 2339 804 de

681 839 794 897 his.

753 929 922 984 Vers.
948 930 1035 984 13.
1082 929 1380 1002 Continget
1415 961 1467 970 —
1493 928 1904 985 testimonium.
1962 931 2020 983 In
2051 933 2335 1001 protesta-

678 1018 922 1080 tionem.
952 1018 1008 1073 in
1039 1019 1517 1089 redargutionem
1549 1032 1757 1072 eorum
1795 1017 1899 1088 qui
1926 1031 2045 1072 non
2075 1016 2338 1072 credide-

677 1113 832 1171 runt,
857 1122 927 1162 ne
953 1106 1151 1163 dicere
1197 1105 1505 1180 possintin
1531 1105 1626 1160 die
1661 1105 1888 1176 judicii,
1936 1105 2088 1176 quod
2123 1105 2335 1178 priedi-

673 1197 971 1252 cationem
1023 1212 1136 1252 non
1196 1195 1513 1252 audierint.
1569 1200 1682 1250 Aut
1743 1195 2086 1266 contingent
2137 1194 2328 1260 vobis,

672 1301 809 1358 quas
835 1284 913 1341 ab
945 1283 1056 1339 illis
1090 1285 1417 1340 inferentur
1447 1284 1505 1339 in
1550 1283 1815 1355 martyrii
1849 1281 2120 1353 gloriam.
2156 1285 2328 1348 (Nam

671 1372 857 1428 Graeci
896 1373 1100 1429 dicunt
1154 1373 1507 1442 :Continget
1562 1371 1722 1428 vobis
1780 1371 1849 1433 εἰς
1905 1375 2235 1446 paup-copias”
2270 1373 2327 1428 id

670 1469 762 1519 est
789 1463 851 1519 in
883 1465 1240 1533 martyrium
1275 1468 1379 1518 aut
1408 1462 1469 1517 in
1503 1461 1945 1533 testimonium.)

741 1552 907 1609 Vera.
930 1554 1012 1608 14.
1036 1552 1254 1609 Habete
1270 1584 1336 1592 —
1359 1553 1770 1621 defensionem.
1792 1552 1877 1621 -H-
1911 1550 2116 1606 Ponite
2143 1551 2325 1606 corda

667 1645 879 1709 vestra,
914 1641 1067 1709 loco,
1095 1640 1455 1713 componite,
1499 1639 1869 1713 persuadete,
1905 1645 2005 1695 aut
2042 1639 2242 1711 ponite
2265 1640 2322 1695 in

665 1729 952 1786 cordibus
987 1731 1220 1786 vestris.

734 1819 896 1873 Vers.
939 1823 1021 1873 15.
1053 1818 1170 1889 Ego
1219 1847 1263 1859 -
1307 1817 1489 1875 vobis.
1523 1819 1600 1873 0s
1641 1816 1904 1889 appellat
1945 1816 2122 1872 verba
2182 1833 2194 1882 ;
2230 1834 2318 1872 sa-

661 1906 943 1980 pientiam
972 1924 1108 1962 vero
1140 1906 1586 1976 intelligentiam
1617 1907 1698 1977 (τε)
1733 1907 2072 1961 verborum.

734 1996 996 2052 Vers.16.
1026 1996 1382 2052 Trademini.
1411 2027 1478 2036 —-
1503 1996 1664 2050 Vers.
1696 1995 1781 2050 17.
1804 2011 2012 2052 meum.
2035 1995 2319 2052 Prtedicto

660 2085 853 2156 capite
883 2085 1061 2141 etiam
1095 2085 1169 2141 de
1209 2085 1304 2140 liis
1353 2085 1640 2140 invenies.

734 2175 894 2228 Vers.
934 2174 1012 2228 18.
1047 2174 1124 2229 Et
1173 2173 1423 2244 capillus
1475 2203 1542 2214 -
1581 2184 1803 2243 pereat.
1848 2173 1911 2228 Et
1962 2189 2094 2228 vere
2147 2171 2318 2228 multi

659 2261 924 2318 ﬁdelium
959 2262 1016 2317 in
1042 2265 1238 2331 ignem
1265 2262 1484 2335 injecli,
1530 2278 1601 2317 ne
1633 2262 1881 2334 capillos
1914 2261 2158 2334 quidem
2192 2278 2320 2334 per-

656 2350 955 2407 diderunt.
985 2351 1348 2408 Manifestum
1381 2366 1524 2421 ergo
1553 2355 1664 2415 est,
1695 2351 1861 2424 quod
1897 2351 1942 2405 si
1974 2351 2147 2424 cujus
2180 2367 2314 2423 pars

656 2440 858 2512 aliqua
888 2440 1154 2511 corporis
1187 2445 1497 2513 amputata
1529 2439 1626 2508 sit,
1684 2439 1796 2494 hoc
1835 2439 2036 2495 divina
2067 2440 2318 2511 permis-

655 2527 821 2584 sioue
843 2529 1118 2584 sustinuit
1151 2546 1164 2584 :
1199 2528 1497 2602 siquidem
1532 2528 1832 2584 interdum
1890 2528 2190 2600 propriam
2223 2544 2315 2582 os-

654 2618 957 2682 tendebat,
974 2619 1309 2690 potentiam,
1324 2618 1686 2691 quandoque
1703 2624 1888 2673 autem
1906 2617 2068 2672 carni
2089 2617 2316 2688 permit-

654 2707 834 2773 tebat,
874 2713 934 2762 ut
967 2707 1133 2775 juxta
1185 2714 1461 2762 naturam
1502 2713 1822 2778 pateretur.
1861 2707 2006 2761 Cum
2051 2722 2194 2775 ergo
2229 2706 2314 2760 di-

652 2795 834 2850 xerit:
857 2795 928 2850 Et
951 2795 1197 2863 capillus
1215 2796 1287 2851 de
1299 2798 1494 2864 capite
1512 2801 1699 2851 vestro
1746 2811 1865 2851 non
1886 2802 2110 2864 pereat,
2134 2795 2178 2850 si
2188 2796 2314 2865 gni-

651 2882 868 2949 ﬁcavit,
892 2884 1054 2956 quod
1079 2885 1456 2954 omnipotens
1477 2892 1649 2949 esset,
1677 2885 1957 2957 quodque
1979 2884 2094 2939 illis
2127 2885 2312 2940 auxil-

649 2971 910 3036 liaretur,
951 2989 1020 3026 ac
1042 2972 1402 3029 alacritatem
1443 2971 1805 3029 immitteret.

726 3061 882 3115 Vers.
917 3062 996 3115 19.
1032 3061 1142 3116 Per
1171 3093 1232 3100 —
1268 3067 1514 3118 vestras.
1560 3092 1627 3102 —
1671 3062 1975 3128 Pos~idete,
2037 3063 2158 3118 sive
2193 3078 2309 3118 ser-

649 3156 784 3206 vate
809 3168 826 3221 ;
859 3149 1024 3222 quod
1040 3151 1084 3205 si
1103 3151 1358 3219 animas,
1381 3151 1630 3207 omnino
1651 3157 1991 3224 etcorpora.
2012 3152 2305 3223 Scriptum

2008 437 2354 502 EUTHYMII
2393 439 2722 501 ZIGABENI

3895 445 3998 510 1072

2527 579 2663 623 Οταν
2713 602 2779 611 -
2846 572 3014 626 ἔσται.
3075 577 3196 624 Εκεί
3248 575 3337 624 καὶ
3409 577 3527 645 περὶ
3580 579 3771 625 τούτων
3827 572 3994 649 ἐρρήθη,

3922 650 3933 668 .

2523 750 2628 821 Πρὸ
2653 743 2712 800 δε
2737 779 2802 788 -
2832 767 2952 820 μον.
2986 747 3211 821 Ὁμοίως
3234 754 3319 801 καὶ
3353 754 3471 824 περὶ
3499 752 3712 804 τούτων.

2517 923 2871 982 Ἀποϐἡσεται
2927 954 2987 966 --
3051 927 3357 998 μαρτύριον.
3422 925 3504 986 Εἰς
3561 926 3774 999 ῖλεγχον
3817 937 3900 980 τῶν
3939 936 3988 1002 μὲ

2444 1018 2856 1079 πιστευσάντων,
2936 1015 3018 1065 ἱνα
3063 1020 3134 1086 μὴ
3199 1011 3454 1066 δύνωνται
3523 1015 3686 1087 λέγειν
3771 1016 3813 1068 ἓν
3866 1020 3989 1094 ita};

2443 1107 2662 1174 κρίσεως
2719 1105 2800 1154 ὃτι
2863 1103 2973 1156 Οὐκ
3044 1104 3341 1175 ἠκούσαμεν
3396 1112 3488 1156 τοῦ
3553 1108 3889 1178 κηρύγματος.
3943 1115 3987 1160 Ἥ

2444 1188 2765 1249 ἀποϐήσεται
2819 1193 2940 1264 ὑμῖν
3006 1197 3070 1244 τὰ
3145 1193 3267 1263 παρ’
3344 1193 3543 1246 ἐκείνων
3617 1193 3886 1272 ἐπαγομενα
3937 1197 3985 1258 εἱς

2440 1285 2767 1354 μαρτυρικὴν
2796 1277 2976 1344 δοξαν.

2509 1549 2675 1600 esse:
2716 1578 2780 1588 —
2837 1545 3244 1619 ἀπολογηθῆναι.
3299 1551 3467 1602 Θίσθε
3526 1551 3642 1622 (il)
3672 1553 3766 1614 τὰς
3815 1547 3979 1626 καρδιας

2436 1637 2598 1708 ὁμων,
2634 1635 2745 1688 ἀντὶ
2785 1645 2897 1703 τοῦ,
2950 1633 3218 1700 diaetam,
3271 1643 3508 1708 πείσατε,
3541 1640 3569 1697 ἡ
3629 1642 3781 1694 θέσθε
3823 1641 3881 1702 εἰς
3920 1645 3979 1700 τὰς

2433 1722 2658 1798 καρδίας
2684 1727 2845 1798 ὑμῶν.

2506 1814 2638 1884 Ἐγὼ
2679 1845 2744 1854 -
2767 1816 2906 1886 ὑμῖν.
2941 1819 3112 1886 Στὸμα
3139 1819 3229 1887 μὲν
3259 1814 3392 1887 λέγει
3434 1821 3554 1878 τοὺς
3593 1816 3795 1890 λόγους,
3842 1823 3970 1891 σοφίαν

2354 1927 2395 1980 Β
2433 1899 2491 1955 δὲ
2522 1905 2614 1964 τὰς
2642 1902 2836 1966 ἑννοίας
2864 1913 2962 1955 τῶν
2993 1903 3175 1975 λόγων.

2504 1990 2952 2066 Παραὸοθήσεσθε
3001 2023 3066 2032 -
3111 2012 3234 2065 μου.
3273 1994 3354 2046 Ἐν
3401 2002 3473 2064 τῷ
3517 1996 3732 2069 ῥηθέντι
3774 1994 3963 2068 κεφαλαίῳ

2427 2086 2516 2133 καὶ
2547 2086 2663 2153 περὶ
2695 2084 2888 2133 τούτων
2921 2083 3172 2155 εὑρήσεις.

2502 2175 2600 2222 Καὶ
2666 2169 2781 2244 Θρὶξ
2847 2203 2913 2210 —
2982 2168 3258 2228 ἀπόληται.
3322 2176 3420 2224 Καὶ
3478 2175 3631 2234 ὄντως
3688 2173 3847 2226 πολλοὶ
3899 2179 3970 2222 τῶν

2425 2268 2642 2325 πιστῶν,
2689 2260 2758 2319 εἰς
2792 2267 2890 2331 πῦρ
2942 2258 3298 2330 ἕμϐληθέντες,
3351 2256 3476 2313 οὐδε
3524 2267 3689 2335 τρίχα
3731 2261 3970 2313 ἀπώλεσαν.

2422 2346 2574 2400 ὐθεν
2628 2351 2838 2421 φανερὸν
2881 2350 2981 2414 ὃτι,
3045 2354 3133 2400 καὶ
3187 2353 3229 2401 εἰ
3281 2368 3359 2410 τις
3420 2348 3651 2424 ἀρηρίθη
3683 2371 3730 2403 τι
3764 2357 3844 2402 τοῦ
3892 2355 3968 2400 σώ-

2422 2456 2600 2508 ματος,
2659 2441 2794 2489 κατὰ
2857 2445 3205 2510 συγχώρησιν
3253 2443 3379 2491 Θεοῦ
3446 2448 3592 2492 τοῦτο
3647 2442 3828 2500 παντως
3876 2440 3973 2488 ὑπί-

2426 2545 2546 2594 στη,
2582 2530 2702 2579 ποτὶ
2732 2529 2822 2599 μὶν
2872 2530 2971 2602 γὰρ
3024 2533 3116 2585 ’ἣν
3167 2527 3356 2580 οἰκείαν
3407 2525 3718 2581 ἐπεδείκνυτο
3759 2524 3972 2597 δύναμιν,

2423 2619 2543 2667 ποτε
2608 2611 2666 2667 δε
2732 2622 3016 2691 συνεχώρει
3062 2624 3121 2689 τῇ
3177 2622 3332 2690 σαρκὶ
3383 2619 3603 2689 πάσχειν
3651 2617 3768 2667 κατᾶ
3809 2616 3962 2685 φύσιν.

2422 2705 2591 2756 Εἰπὼν
2648 2701 2734 2756 οὖν
2784 2708 2860 2756 ὃτι
2918 2710 3017 2758 Καὶ
3070 2706 3184 2780 θρὶξ
3242 2704 3295 2757 ἐκ
3350 2715 3441 2766 τῆς
3487 2705 3684 2776 κεφαλῆς
3735 2705 3863 2774 ὑμῶν
3912 2699 3966 2750 οὗ

2420 2798 2490 2864 μὴ
2555 2791 2832 2861 ἀπόληται,
2903 2790 3157 2852 ἐδήλωσεν
3212 2797 3291 2846 ὃτι
3337 2814 3390 2848 τε
3438 2790 3798 2863 ταντοδύναμος
3855 2788 3975 2854 ἔστι,

2420 2887 2508 2933 καὶ
2561 2885 2637 2934 ὅτι
2694 2881 3035 2954 ἀντιλήψεται
3098 2886 3312 2950 τούτων,
3368 2889 3456 2935 καὶ
3496 2885 3769 2956 προθυμίαν
3826 2878 3976 2936 αὐτοῖς

2421 2968 2664 3022 ἐνέϐαλεν.

2492 3061 2572 3112 Ἐν
2649 3091 2716 3100 -
2783 3061 2943 3132 ὑμῶν.
3017 3063 3314 3127 κτήσασθε,
3380 3065 3502 3119 ἤτοι
3557 3069 3782 3114 σώσατε·
3849 3057 3886 3110 εὶ
3931 3051 3967 3106 δε

2418 3152 2504 3209 τὰς
2543 3148 2746 3220 Ψυχὰς.
2798 3152 3002 3210 πάντως
3057 3156 3145 3202 καὶ
3176 3154 3239 3202 τὰ
3272 3157 3510 3223 σώματα.
3578 3156 3858 3223 Γέγραπται
3901 3147 3973 3216 γὰρ

650 3244 737 3294 est
767 3239 922 3294 enim
951 3239 1231 3311 praedicto
1249 3239 1480 3311 capite:
1505 3240 1652 3305 Quia
1684 3248 1833 3296 utem
1852 3242 2306 3311 perseveraverit

2418 3237 2467 3289 ἰν
2512 3246 2582 3306 τῷ
2632 3241 2984 3312 προειρημένῳ
3034 3240 3328 3311 κεφαλαίῳ’
3381 3241 3461 3292 ὅτι
3499 3239 3558 3292 Ὀ
3612 3241 3878 3311 ὑπομείνας
3925 3237 3976 3292 εἰς

651 3343 832 3400 usque
855 3328 916 3383 in
946 3328 1144 3396 ﬁnem,
1177 3327 1272 3384 hic
1301 3329 1497 3385 salvus
1527 3332 1636 3385 erit
1665 3330 1732 3383 η.

723 3419 880 3474 Vers.
914 3422 1000 3473 20.
1047 3420 1194 3475 Cum
1217 3450 1280 3458 —
1312 3421 1460 3486 eius.
1496 3420 1803 3475 Matthaeus
1839 3435 1973 3474 vero
2027 3418 2304 3491 praedicto

647 3507 840 3579 capite
856 3507 1014 3563 aliud
1043 3507 1276 3580 scripsit
1305 3509 1546 3580 signum
1572 3508 1810 3564 dicens:
1849 3509 1996 3564 Cum
2039 3508 2304 3565 videritis

645 3596 1138 3653 abominationem
1169 3599 1240 3666 ⁵³,
1270 3602 1328 3653 et
1367 3604 1580 3654 caetera
1620 3613 1633 3652 :
1665 3596 1792 3668 lege
1824 3612 1966 3668 ergo
1992 3602 2174 3653 totam
2201 3595 2300 3651 di-

645 3689 879 3742 ctorum
908 3685 1140 3742 illorum
1171 3687 1634 3744 enarrationem.

717 3863 879 3919 Vers.
915 3864 1002 3921 21.
1037 3865 1196 3921 Tunc
1227 3894 1296 3904 —
1326 3870 1564 3922 montes.
1600 3866 1664 3920 ln
1716 3861 1820 3919 illo
1873 3863 2054 3919 etiam
2104 3862 2175 3919 de
2205 3861 2300 3919 his

645 3959 995 4097 quali-1:21.
1023 4042 1101 4097 Et
1135 4040 1546 4098 —dzscedant.
1569 4043 1823 4097 Rursum
1866 4039 2025 4096 idem
2058 4039 2198 4096 dicit
2219 4040 2296 4097 ad

641 4131 1160 4188 conﬁrmationem
1201 4131 1512 4186 sermonis.

713 4222 889 4278 Vers.
936 4225 1024 4276 2t.
1065 4221 1143 4276 Et
1171 4252 1233 4262 —
1259 4236 1404 4277 eam.
1456 4220 1577 4276 Hoc
1607 4219 2115 4292 praetermiserunt
2153 4219 2292 4275 Mat-

643 4311 830 4369 thwus
859 4317 913 4366 e1
953 4313 1195 4374 Marcus,
1227 4311 1378 4365 sicut
1403 4316 1458 4366 et
1486 4309 1582 4365 hic
1613 4308 1796 4374 aliud,
1829 4309 1974 4380 quod
2007 4307 2086 4362 illi
2132 4308 2294 4363 dixe-

637 4407 794 4467 runt,
821 4408 1009 4473 puta:
1057 4399 1168 4466 Qui
1209 4401 1271 4455 in
1317 4405 1481 4464 tecto,
1523 4415 1640 4456 non
1685 4399 1994 4454 descendat
2027 4405 2088 4452 ut
2120 4398 2292 4454 tollat

635 4490 955 4562 quidquam
974 4489 1046 4546 de
1061 4491 1349 4545 domosua
1373 4504 1397 4546 .·
1423 4496 1475 4544 et
1497 4489 1601 4560 qui
1620 4489 1682 4544 in
1700 4503 1870 4559 agro,
1885 4502 2003 4542 non
2030 4494 2287 4544 reverta-

635 4585 735 4636 tur
755 4586 818 4636 ut
851 4579 1020 4636 tollat
1049 4578 1381 4636 vestimenta
1411 4594 1518 4634 sua
1550 4579 1614 4633 ⁸⁸.

704 4671 865 4727 Vers.
913 4673 1001 4724 22.
1054 4669 1205 4737 Quia
1261 4698 1328 4709 —
1390 4675 1580 4724 erunt.
1646 4665 1926 4723 Videlicet
1961 4665 2287 4722 Dominica:

631 4757 840 4814 caedis.

701 4847 868 4902 Vers.
898 4849 989 4904 22.
1026 4845 1097 4903 Ut
1132 4847 1434 4914 —scripta
1457 4852 1618 4902 sunt.
1649 4849 2140 4922 Utcompleantur
2159 4869 2287 4910 om-

627 4934 748 5002 nia,
782 4951 917 5008 quaa
943 4935 1004 4990 in
1043 4933 1206 4989 libris
1237 4933 1513 5001 Danielis,
1559 4935 1935 5011 aliorumque
1964 4942 2284 5014 propheta-

625 5039 761 5081 rum
794 5023 868 5079 de
903 5022 1079 5095 hujus
1112 5023 1642 5096 Hierosolymorum
1669 5029 2112 5099 expugnatione
2143 5033 2284 5088 scri-

625 5117 973 5258 ptifzi‘lsligii.
1010 5200 1107 5258 Vce
1167 5221 1235 5231 —
1287 5199 1511 5257 diebus.
1562 5200 1728 5274 Apud
1761 5203 2103 5264 Matthaeum
2162 5207 2276 5266 hoc

621 5289 801 5347 etiam
833 5292 991 5346 dicto
1015 5289 1211 5362 capite
1239 5289 1686 5347 manifestatum
1713 5298 1818 5348 est.

690 5407 738 5442 δ’
767 5405 964 5464 Matth.
996 5420 1154 5472 ιιιν,
1190 5405 1276 5462 13.
1355 5405 1402 5440 δι
1441 5404 1708 5466 lbid.15.

2417 3325 2581 3394 τέλος,
2614 3327 2763 3388 οὗτος
2798 3329 3115 3384 σωθήσεται.

2485 3415 2646 3468 Ὀταν
2727 3448 2796 3457 —
2862 3416 3044 3480 αὐτῆς.
3113 3417 3170 3469 Ὀ
3235 3413 3293 3470 δε
3352 3420 3622 3480 Ματθαῖος
3676 3418 3727 3470 ίν
3777 3424 3844 3486 τῷ
3897 3409 3977 3470 ἤδη

2414 3504 2651 3577 λεχθέντι
2704 3505 2964 3578 κεφαλαίῳ
3018 3508 3181 3579 ἕτερον
3241 3505 3524 3580 ἀναγράφει
3575 3514 3813 3580 σημεῖον,
3855 3504 3980 3573 λέγων

2415 3595 2493 3646 ὃτι
2536 3593 2696 3646 Ὀταν
2727 3591 2878 3652 ἴδητε
2909 3598 2965 3647 τὸ
2994 3591 3270 3668 ﬁda-4752a
3307 3605 3400 3658 τῆς
3451 3595 3785 3668 ἐρημώσεως,
3819 3598 3896 3646 καὶ
3937 3595 3983 3642 τε

2415 3683 2568 3746 ἐξῆς’
2628 3689 2718 3736 καὶ
2763 3683 3020 3757 ἀνάγνωθι
3071 3689 3164 3743 τὴν
3219 3683 3338 3743 ὃλην
3393 3683 3646 3757 ἐξήγησιν
3700 3694 3798 3737 τῶν
3847 3684 3981 3758 ῥητῶν

2413 3773 2636 3827 ἐκείνων.

2481 3866 2607 3914 Τότε
2653 3893 2717 3903 --
2765 3866 2881 3937 ᾁοη.
2953 3863 3032 3916 Ἐν
3090 3862 3263 3935 ἐκείνῳ
3328 3867 3418 3916 καὶ
3479 3867 3595 3938 περὶ
3664 3865 3861 3916 τούτων
3895 3858 3984 3930 (42)

2412 3950 2656 4010 ζήτησον.

2485 4043 2582 4092 Καὶ
2647 4071 2714 4080 -
2766 4038 3180 4114 ἐκχωρείτωσαν.
3246 4045 3316 4095 Τὸ
3372 4040 3498 4094 αὐτὸ
3545 4041 3687 4114 λέγει
3749 4041 3896 4094 πάλιν
3939 4036 3989 4094 εἰς

2407 4125 2690 4200 βεϐαίωσιν
2722 4138 2810 4181 τοὺ
2840 4129 3014 4200 λόγου.

2479 4223 2577 4271 Καὶ
2650 4249 2711 4260 -
2785 4219 2968 4276 αὑτήν.
3036 4225 3201 4271 Τοῦτο
3272 4219 3518 4292 παρέλιπε
3591 4221 3865 4279 Ματθαῖος
3922 4219 3992 4266 καὶ

2403 4309 2632 4378 Μάρκος,
2663 4309 2835 4382 ὥσπερ
2864 4313 2952 4360 καὶ
2985 4308 3155 4374 οὗτος,
3197 4309 3222 4360 ὃ
3255 4305 3395 4360 εἶπον
3422 4307 3625 4371 iniam,
3661 4309 3804 4380 λέγω
3837 4305 3900 4366 δή
3933 4310 3993 4362 τὸ.

2399 4394 2458 4447 Ὀ
2489 4397 2571 4448 ἐπὶ
2592 4404 2681 4448 τοῦ
2723 4393 2962 4468 δώματος
3002 4401 3073 4468 μὴ
3121 4397 3493 4465 καταϐαινέτω,
3550 4391 3683 4470 ἆραι
3727 4402 3794 4451 τὰ
3841 4396 3892 4448 ἐκ
3921 4403 3993 4452 τῆς

2399 4484 2566 4546 οἰκίας
2594 4485 2773 4553 αὑτοῦ,
2806 4491 2894 4537 καὶ
2917 4487 2942 4536 ὁ
2961 4484 3008 4536 ἐν
3034 4494 3106 4556 τῷ
3135 4483 3300 4560 ἀγρῷ,
3332 4491 3404 4560 μὴ
3435 4485 3819 4561 ὶπιστρεψοὲτω
3851 4485 3998 4538 ὀπίσω

2324 4563 2368 4617 Ῐ)
2401 4567 2522 4648 ἆραι
2551 4575 2615 4624 τὰ
2647 4576 2829 4646 ἱμάτια
2857 4573 3036 4629 αὐτοῦ.

2465 4659 2588 4715 Ὀτι
2616 4693 2679 4703 -
2711 4662 2833 4718 εἰσι.
2861 4670 2967 4726 Τῆς
2996 4671 3088 4716 τοῦ
3116 4670 3428 4718 Δεσποτικοῡ
3460 4669 3640 4738 φόνου.

2464 4864 2566 4912 Τοῦ
2595 4889 2663 4901 -
2692 4863 3045 4932 γεγραμμένα.
3072 4857 3220 4933 ’Υπὶρ
3249 4867 3340 4912 τοῦ
3370 4860 3729 4934 πληρωθῆναι
3756 4864 3924 4915 πάντα
3949 4858 3998 4909 τὰ

2393 4946 2441 5000 ἄν
2470 4955 2577 5008 ταῖς
2604 4946 2806 5021 βίϐλοις
2831 4957 2921 5001 τοῦ
2953 4969 3005 5002 τε
3031 4948 3220 5008 Δανιὴλ
3244 4954 3335 5002 καὶ
3368 4958 3467 5002 τῶν
3505 4949 3682 5002 ἄλλων
3733 4954 3992 5024 προφητῶν

2390 5041 2508 5110 περὶ
2596 5045 2689 5098 τῆς
2790 5041 3032 5100 τοιαύτης
3132 5038 3372 5102 ἁλώσεως
3467 5046 3561 5102 τῆς
3660 5037 3996 5116 Ἱερουοάλήβι

2388 5129 2741 5199 γεγραμμένα.

2461 5216 2594 5268 Οὐαὶ
2645 5247 2714 5256 —-
2783 5218 2990 5292 ἠμέρας.
3054 5218 3204 5292 Παρὰ
3249 5225 3319 5288 τῷ
3391 5218 3658 5292 Mat-Baio.»
3724 5222 3992 5274 καὶτοῦτο

2388 5309 2770 5376 σεσαγήνισται
2796 5306 2844 5358 ἐν
2874 5304 3044 5379 ἐκείνῳ
3075 5314 3144 5378 τῷ
3173 5304 3453 5380 κεφαλαίῳ.

1791 5409 1839 5444 ⁵⁸
1867 5409 2012 5466 lbid.
2049 5413 2134 5480 17,
2165 5413 2231 5468 18
2269 5432 2284 5483 ;
2313 5417 2495 5484 Marc,
2527 5436 2688 5487 mu,
2721 5422 2804 5489 13,
2865 5425 2948 5479 16.

1851 5536 2070 5606 Variae
2097 5539 2419 5612 lectiones
2443 5553 2508 5612 et
2539 5556 2742 5615 notae.

685 5673 942 5755 (11)_l_loc
973 5670 1210 5755 scholia
1233 5677 1394 5731 caret
1437 5675 1772 5734 Hentenius.
1814 5679 1996 5752 Igitur
2034 5698 2271 5742 versum

616 5746 681 5803 14
699 5746 770 5803 ὀι
801 5746 866 5801 15
904 5746 1040 5817 conj
1052 5746 1237 5801 unxit.

683 5831 1184 5921 (Intelligentiam,
1205 5834 1593 5894 Sententiam.

2456 5688 2574 5763 (42)
2599 5692 2798 5745 Τούτου
2839 5696 2896 5747 Β.
