4170 6450
232 362 372 431 {073
1272 363 1644 423 COMMENT.
1685 363 1755 420 IN
1794 360 2057 420 LUCAM.
2100 392 2169 406 .-
2207 362 2365 420 CAP.
2410 363 2536 420 xxr.
3465 356 3602 422 ποτε

301 498 493 552 Ἔσται
544 528 610 538 -
663 492 837 549 ἐθνῶν.
879 499 1039 554 Φησὶν
1092 495 1118 547 6
1176 494 1443 554 Ματθαίος
1507 493 1587 544 ὅτι
1642 490 1909 544 ἝσταιΑ

2018 490 2178 545 Vers.
2210 492 2298 545 23.
2329 489 2453 544 Erit
2487 519 2551 529 —
2575 504 2632 544 ν.
2661 491 2749 545 24.
2778 489 3059 560 gentium.
3104 487 3254 544 Dicit
3296 488 3601 545 Matthieus

233 592 348 640 τότε
431 585 606 657 θλίψις
671 585 894 659 μεγάλη,
963 586 1046 636 οἱα
1103 587 1160 635 οὐ
1237 586 1436 654 γέγονεν
1489 580 1576 633 ἀπ’
1664 579 1836 653 ἀρχῆς

1958 578 2109 652 quod
2127 581 2248 634 Erit
2265 585 2403 633 tunc
2413 578 2658 647 afﬂictio
2677 594 2896 648 magna
2914 579 3106 649 qualis
3124 593 3241 633 non
3253 577 3374 646 fuit
3392 595 3424 631 a
3437 577 3605 645 prin-

233 684 324 728 τοῦ
357 676 468 747 (ιε-3)
495 680 696 747 κόσμου
726 678 817 736 ἓως
847 682 937 726 τοῦ
965 681 1071 738 νῦν,
1107 669 1222 724 οὐδ’
1255 671 1312 723 οὗ
1341 675 1411 744 μή
1444 673 1679 742 γένηται.
1708 670 1836 722 Ἀπὸ

1956 671 2094 741 cipio
2126 667 2338 724 mundi
2356 668 2436 722 ad
2456 667 2553 722 hoc
2575 683 2753 739 usque
2785 674 3035 738 tempus,
3068 681 3255 738 neque
3276 668 3395 735 ﬁet,
3421 668 3468 702 ⁵⁵
3502 682 3603 733 ;ex

234 773 360 836 γοῦν
398 773 490 826 τῆς
535 763 698 817 ἐκεῖσε
743 768 979 836 κειμένης
1033 761 1298 835 ἑρμηνείας
1344 756 1840 831 διαγνωσθὴσοντκι

1961 757 2429 829 interpretatione
2455 772 2612 828 ergo,
2642 773 2778 829 quae
2803 757 2882 812 ibi
2904 757 3101 829 posita
3131 760 3241 827 est,
3274 755 3451 812 etiam
3481 755 3608 812 hiec

239 858 328 906 καὶ
360 861 527 906 ταῦτα
539 898 551 910 .

1951 853 2406 919 cognoscentur.

315 948 413 995 Καὶ
477 945 625 994 ἔσται
700 972 768 983 -
828 940 1255 999 σαλευθήσονται.
1310 945 1489 990 Ταῦτα
1553 943 1672 1010 περὶ
1749 944 1842 998 τῆς

2023 940 2182 992 Vers.
2215 937 2302 991 25.
2335 938 2399 991 Et
2439 941 2608 992 erunt
2637 967 2706 975 —-
2734 935 2899 991 Vers.
2931 936 3020 990 26.
3051 934 3444 991 movebuntur.
3479 937 3613 992 Haec

244 1027 489 1106 δευτέρας
542 1030 702 1082 αὐτοῦ
751 1035 1038 1105 παρουσίας
1088 1032 1237 1101 φησί.
1281 1032 1518 1085 Ζήτησον
1561 1023 1620 1078 δὲ
1660 1028 1844 1098 ὁμοίως

1969 1026 2028 1082 ie
2050 1026 2317 1082 secundo
2343 1025 2609 1080 adventu
2638 1041 2746 1080 suo
2769 1023 2930 1079 dicit.
2956 1023 3160 1091 Quaere
3183 1030 3381 1079 autem
3413 1023 3616 1080 simili-

243 1123 386 1192 παρὰ
438 1128 503 1190 τῷ
548 1121 803 1190 Ματθαίῳ
855 1123 948 1177 τήν
988 1117 1235 1189 ἐξήγησιν
1265 1124 1377 1168 του’
1414 1116 1610 1176 Εὐθέως
1641 1111 1700 1166 δὲ
1732 1112 1842 1184 (4i)

1969 1132 2040 1172 Ler
2064 1118 2224 1188 apud
2254 1115 2589 1170 Matthaeum
2612 1113 2750 1170 dicti
2783 1113 2934 1168 illius
2973 1115 3418 1170 enarrationem
3456 1113 3616 1170 :Sta-

244 1211 374 1282 μετὰ
422 1213 516 1267 τὴν
589 1208 763 1280 θλίψιν
842 1217 942 1261 τῶν
1015 1209 1216 1282 ἡμερῶν
1283 1205 1504 1270 ἐκείνων,
1593 1205 1618 1256 6
1703 1203 1846 1262 ἥλιος

1972 1207 2058 1262 'im
2078 1213 2272 1262 autem
2284 1210 2415 1274 post
2429 1203 2786 1274 afﬁctionem
2802 1203 3035 1260 dierum
3062 1203 3300 1259 illorum
3313 1201 3396 1258 sol
3415 1203 3619 1258 obscu-

249 1299 678 1366 σκοτισθήσεται,
735 1301 824 1349 καὶ
881 1299 910 1355 ἡ
976 1295 1160 1353 σελήνη
1223 1294 1279 1346 οὐ
1339 1290 1500 1346 δώσει
1543 1296 1601 1345 τὸ
1658 1297 1848 1364 φέγγος

1970 1295 2208 1359 rabitur,
2224 1301 2275 1351 et
2297 1295 2438 1349 tuna
2453 1309 2568 1349 non
2584 1292 2744 1349 dabit
2778 1291 3141 1364 splendorem
3155 1307 3342 1356 suum,
3359 1295 3412 1346 et
3429 1291 3617 1346 stellae

243 1386 423 1450 αὐτῆς,
509 1390 598 1438 καὶ
666 1388 715 1438 οἱ
789 1384 999 1458 ἀστέρες
1060 1391 1340 1436 πεσοῦνται
1409 1384 1512 1434 ἀπὸ
1589 1389 1681 1434 τοῦ
1763 1381 1848 1432 οὐ·

1968 1383 2158 1442 :adent
2187 1383 2260 1440 de
2274 1383 2504 1450 εωιοεσ,
2528 1398 2598 1440 ac
2617 1381 2760 1439 dicti
2773 1380 3110 1454 sequentis;
3138 1386 3195 1436 et
3211 1380 3286 1436 de
3312 1380 3410 1437 his
3437 1380 3615 1438 etiam

241 1482 421 1547 ρανοῦ,
450 1480 540 1528 καὶ
558 1479 651 1533 τήν
678 1482 768 1528 τον
795 1473 974 1548 ἐφεξῆς
997 1474 1181 1549 ῥητοῦ·
1219 1477 1309 1524 καὶ
1347 1473 1583 1546 εὑρήσεις
1611 1475 1701 1524 καὶ
1731 1475 1847 1543 περὶ
1955 1473 2244 1529 invenies.

242 1583 458 1617 τουτων.

317 1657 416 1706 Καὶ
443 1657 557 1706 τότε
588 1684 654 1695 -
693 1651 913 1714 πολλῆς,
971 1651 1129 1704 Πάλιν
1174 1649 1276 1703 ἐκεῖ
1314 1649 1536 1713 καθεξῆς
1589 1646 1847 1718 ἀνάγνωθι

2029 1651 2197 1708 Vers.
2237 1650 2332 1707 27.
2365 1650 2442 1706 Et
2475 1655 2608 1706 tunc
2632 1681 2700 1690 —
2730 1665 2972 1721 magna.
3007 1650 3232 1705 Rursus
3262 1647 3340 1705 ibi
3390 1665 3500 1705 suo
3526 1664 3617 1706 or--

239 1743 330 1804 τὰς
363 1740 655 1814 ἐξηγήσεις,
682 1741 963 1814 ἀναγκαίας
993 1744 1152 1801 οὔσας
1181 1740 1316 1812 ἄχρι
1346 1746 1457 1791 τοῦ·
1494 1737 1622 1791 Ἀπὸ
1655 1733 1712 1789 δὲ
1753 1745 1849 1798 τῆς

1970 1741 2094 1797 iine
2124 1740 2252 1810 lege
2274 1739 2700 1804 enarrationes,
2724 1755 2859 1811 qua:
2887 1738 3243 1794 necessariae
3267 1742 3406 1794 sunt
3426 1754 3617 1812 usque

244 1839 407 1892 συκῆς
425 1833 612 1904 μάθετε
645 1839 739 1890 τήν
764 1828 1088 1904 παραϐολήν.
1883 1843 1891 1898 ]

1883 1843 1927 1898 Β
1959 1831 2039 1886 ibi
2072 1850 2084 1888 :
2119 1829 2168 1885 A
2210 1830 2330 1899 ﬁcu
2359 1836 2555 1885 autem
2589 1828 2798 1884 discite
2828 1827 3190 1897 parabolam
3221 1828 3289 1880 ⁸⁷.

312 1919 643 1995 Ἀρχομένων
694 1917 753 1972 δε
808 1922 1001 1972 τούτων
1044 1919 1281 1990 γίνεσθαι
1340 1945 1409 1960 —
1461 1923 1614 1970 Θεοῦ.
1686 1912 1846 1977 Αὖθις

2031 1921 2198 1976 Vers.
2231 1918 2318 1974 28.
2354 1918 2460 1974 His
2503 1924 2697 1974 autem
2736 1919 2868 1986 ﬁeri
2907 1917 3324 1986 incipientibus
3358 1949 3418 1959 —
3450 1917 3613 1974 Vers.

242 2009 345 2062 ἐκεῖ
399 2016 494 2068 τήν
551 2008 812 2062 ἐπίλοιπον
856 2007 1106 2078 ἐξήγησιν
1161 2006 1513 2076 ἀναγνωστέον
1561 2006 1696 2079 ἄχρι
1733 2013 1842 2057 τοῦ⁵

1974 2011 2044 2064 Η.
2102 2008 2227 2064 Dei.
2265 2010 2486 2062 Rursus
2517 2006 2598 2062 ibi
2645 2006 2874 2079 reliqua
2902 2005 3204 2062 enarratio
3232 2005 3488 2075 legenda
3529 2011 3621 2063 est

246 2099 410 2170 Ἀμήν
452 2099 584 2168 λέγω
627 2100 771 2171 ὑμῖν,
822 2096 879 2148 οὗ
929 2101 999 2168 μὴ
1048 2095 1276 2170 παρέλθῃ
1311 2097 1339 2152 ἡ
1373 2096 1522 2165 γενεά
1561 2093 1716 2160 αὕτη,
1758 2094 1847 2154 ἓως

1970 2097 2273 2170 usqueibi:
2309 2097 2517 2161 Amen,
2539 2096 2666 2152 dico
2689 2096 2870 2155 vobis.
2900 2111 3273 2166 nequaquam
3304 2095 3617 2167 przteribit

244 2187 304 2238 ἆν
337 2187 452 2258 (45)
479 2189 650 2239 πάντα
677 2194 843 2238 ταῦτα
864 2188 1099 2256 γένηται’
1125 2183 1173 2235 ἐν
1211 2183 1375 2255 ἐκείνη
1404 2185 1506 2257 γὰρ
1539 2181 1846 2254 ἐμνημονεύ-

1970 2189 2256 2257 7eneratio
2287 2185 2412 2243 haec
2440 2186 2621 2242 donec
2640 2187 2841 2242 omnia
2860 2185 2978 2242 ista
2999 2186 3146 2253 ﬁant
3177 2185 3252 2240 5':
3278 2185 3339 2241 in
3366 2202 3436 2240 ea
3456 2185 3617 2243 enim

247 2277 414 2332 θησάν
444 2294 496 2328 τε
519 2279 610 2327 καὶ
639 2275 1065 2347 ήρμηνεύθησαν,
1094 2275 1158 2333 ὡς
1189 2272 1344 2334 εἰκός.

1966 2278 2250 2333 ethorum
2291 2275 2448 2332 facta
2475 2279 2567 2331 est
2607 2275 2854 2342 mentio,
2904 2281 2960 2331 et
3001 2274 3145 2330 data
3190 2275 3613 2346 interpretatio,

1954 2371 2019 2422 ut
2051 2382 2161 2438 par
2184 2369 2330 2422 erat.

313 2453 473 2524 ’Λμήν
544 2483 610 2494 -—-
691 2450 1035 2525 παρελθωσιν.
1097 2450 1232 2504 Ἐκεῖ
1294 2453 1382 2502 καὶ
1463 2452 1580 2522 περὶ
1650 2450 1844 2500 τούτων

2026 2455 2192 2511 Vers.
2247 2459 2337 2512 32.
2391 2455 2572 2510 Amen
2606 2485 2665 2494 —
2701 2455 2863 2510 Vers.
2917 2457 3005 2510 33.
3057 2452 3471 2524 prateribunt.
3524 2452 3611 2509 lbi

241 2540 430 2614 ἑῤῥήθη

1954 2545 2132 2602 etiam
2163 2545 2236 2600 de
2265 2544 2360 2600 his
2390 2543 2616 2599 dictum
2647 2547 2753 2600 est.

311 2633 606 2702 Προσέχετε
703 2657 770 2669 —-
851 2630 1108 2700 γίνεσθαι.
1188 2628 1268 2681 Ἐν
1354 2626 1426 2698 τῷ
1508 2633 1841 2696 πεντηκοστῷ

2023 2634 2188 2691 Vers.
2244 2635 2332 2690 34.
2387 2633 2689 2690 Attendite
2723 2663 2792 2674 —
2830 2633 2990 2688 Vers.
3034 2637 3123 2689 36.
3173 2647 3301 2704 qua
3356 2637 3607 2689 ventura

237 2715 409 2791 ὀγδόῳ
462 2718 719 2791 κεφαλαίῳ
777 2726 869 2770 τοῦ
942 2721 1077 2770 κατὰ
1143 2718 1410 2770 Ματθαίον
1459 2715 1691 2776 ζήτησον
1746 2719 1841 2772 τήν

1964 2731 2106 2780 runt.
2141 2723 2656 2796 Quinquagesimo
2695 2727 2908 2778 octavo
2935 2721 3236 2792 Evangelii
3277 2722 3448 2791 juxta
3479 2724 3611 2779 Mat-

236 2807 505 2880 ἐρμηνείαν
571 2815 682 2860 τοῦ-
756 2813 1064 2882 Γρηγορεῖτε
1151 2802 1262 2874 οὖν,
1333 2806 1415 2857 ὅτι
1493 2804 1588 2856 οὐκ
1661 2799 1840 2856 οἴδατε

1965 2813 2172 2870 ιιιεθιιω
2192 2813 2386 2885 capite
2407 2827 2610 2885 quiere
2634 2811 3074 2868 enarrationem
3107 2810 3253 2882 ejus,
3277 2810 3440 2883 quod
3471 2810 3612 2867 dici-

234 2903 360 2970 ποία
428 2900 537 2971 ὥρᾳ
593 2899 618 2948 6
681 2899 869 2972 Κύριος
952 2898 1094 2968 ὑμῶν
1150 2898 1381 2969 ἔρχεται·
1434 2892 1481 2945 ἐν
1548 2893 1677 2966 αὐτῇ
1739 2895 1837 2965 γὰρ

1964 2907 2078 2958 tur:
2113 2903 2354 2974 Vigilate
2382 2917 2542 2972 ergo,
2563 2901 2700 2974 quia
2730 2901 2982 2966 nescitis,
3011 2917 3129 2972 qua
3158 2900 3305 2956 hora
3326 2902 3611 2956 Dominus

235 2994 402 3039 ταῦτα
444 2991 656 3059 μνήμης
711 2991 799 3038 καὶ
861 2984 1142 3046 ἐπιλύσεως
1196 2989 1545 3054 τετυχήκασι.
1606 2990 1838 3054 Σημειω-

1966 2998 2142 3050 vester
2169 2997 2454 3049 venturus
2478 2992 2553 3048 sit
2571 2992 2650 3058 5°;
2684 3006 2825 3046 nam
2855 2989 2913 3044 in
2944 3005 3013 3044 eo
3031 2990 3210 3045 etiam
3238 2989 3312 3045 de
3337 2989 3431 3046 his
3456 2988 3613 3046 facta

236 3081 346 3127 τίον
379 3072 438 3127 δε
467 3079 547 3127 ὅτι
595 3075 653 3126 οὗ
709 3079 860 3146 μονον
914 3076 943 3132 ἡ
986 3076 1141 3146 μέθη,
1185 3071 1313 3125 ἀλλὰ
1353 3077 1441 3123 καὶ
1497 3071 1553 3123 αἰ
1595 3091 1840 3146 μεριμναι

1963 3088 2036 3137 est
2061 3081 2303 3146 mentio,
2337 3081 2601 3152 dataque
2628 3079 2946 3137 enarratio.
2982 3077 3364 3147 Signandum
3395 3083 3484 3134 est
3507 3094 3610 3134 au-

239 3172 330 3215 τού
361 3162 484 3235 βίου
531 3162 856 3236 βαπτίζουσι
909 3167 1002 3221 τήν
1027 3162 1235 3233 ψυχήν,
1276 3166 1366 3213 καὶ
1392 3161 1838 3221 καταποντίξουσι
1877 3201 1886 3244 1

1965 3186 2089 3237 :em,
2121 3170 2285 3241 quod
2325 3185 2446 3225 non
2486 3168 2611 3224 sola
2627 3167 2907 3234 ebrietas,
2940 3169 3043 3222 sed
3083 3174 3139 3223 et
3165 3183 3323 3224 cura:
3361 3167 3612 3223 saecula-

239 3261 338 3303 τῶν
367 3259 504 3305 νοῦν.
1947 3275 2041 3314 res
2099 3258 2370 3314 animam
2420 3256 2764 3320 absorbent,
2810 3261 3194 3327 mentemque
3229 3255 3605 3325 demergunt.

309 3346 407 3394 Καὶ
443 3371 510 3381 -
542 3339 834 3415 ἀνθρώπου.
869 3346 1209 3414 Παραστήναι
1239 3345 1310 3408 τῷ
1338 3345 1552 3413 Χριστῷ
1576 3339 1708 3410 μετὰ
1737 3346 1836 3389 τῶν

2017 3347 2185 3402 Vers.
2214 3347 2303 3404 36.
2335 3347 2409 3401 Et
2437 3376 2494 3385 —
2525 3345 2798 3401 hominis.
2833 3349 3032 3400 Asture
3065 3343 3298 3400 Christo
3325 3359 3464 3399 cum
3495 3360 3607 3400 an-

229 3427 480 3502 ἀγγέλων.

468 3471 480 3483 .
1944 3435 2110 3506 gelis.

298 3519 394 3572 Ἦν
445 3549 512 3558 —
570 3513 865 3572 διδάσκων.
920 3515 994 3569 Δι’
1061 3515 1301 3589 ὠφέλειαν
1363 3524 1463 3569 τῶν
1520 3515 1684 3569 ἐκεῖσε
1717 3517 1830 3588 (46)

2014 3525 2176 3580 Vers.
2207 3524 2295 3579 37.
2327 3523 2476 3580 Erat
2506 3553 2574 3562 —
2603 3522 2832 3578 docens.
2863 3521 3108 3595 Propter
3153 3535 3362 3577 eorum
3395 3519 3603 3577 utilita-

229 3610 636 3682 συνερχομένων.

1939 3619 2079 3679 tem,
2121 3614 2221 3685 qui
2253 3612 2392 3668 illuc
2425 3612 2881 3667 concurrebant.

295 3700 399 3758 Τὰς
427 3693 485 3749 δε
513 3699 700 3758 νύκτας
729 3727 797 3737 -
835 3695 1074 3752 Ἐλαίῶν.
1111 3697 1206 3748 Διά
1241 3698 1297 3747 τὸ
1329 3694 1720 3769 ἀπερίσπαστον
1738 3699 1826 3748 καὶ

2010 3705 2169 3760 Vers.
2203 3703 2291 3759 37.
2322 3701 2601 3758 Noctibus
2633 3716 2769 3758 vero
2817 3732 2885 3740 —
2918 3699 3242 3756 Oliuarum.
3292 3698 3374 3755 Ne
3405 3703 3600 3755 mente

225 3783 522 3844 ἐπιτήδειον
555 3785 626 3846 εἰς
653 3789 978 3859 προσευχήν·
1018 3784 1122 3855 οὐχ
1149 3785 1303 3842 ἧττον
1336 3780 1394 3837 δε
1419 3789 1508 3837 καὶ
1533 3784 1599 3845 εἰς
1627 3804 1824 3858 μυστι-

1953 3793 2376 3862 iistraheretur,
2399 3790 2618 3863 etquia
2634 3796 2811 3862 aptus
2841 3795 2967 3845 erat
2997 3789 3067 3843 ad
3097 3787 3470 3861 precandum
3490 3803 3600 3845 nec

225 3879 453 3949 κωτέραν
480 3871 834 3927 διδασκαλίαν
862 3882 962 3926 τῶν
983 3875 1246 3946 μαθητῶν·
1275 3870 1432 3933 δῆλον
1461 3877 1560 3948 γὰρ
1594 3875 1674 3926 ὅτι
1712 3874 1823 3946 μετ’

1952 3883 2133 3938 uinus
2159 3897 2404 3955 quoque
2433 3881 2507 3935 ob
2525 3879 2902 3937 secretiorem
2925 3878 3360 3951 discipulorum
3388 3877 3599 3935 instru-

224 3965 392 4018 αὐτῶν
424 3963 675 4037 ἐξήρχετο
705 3962 806 4016 ἐκεῖ
837 3963 1097 4024 ηὐλίζετο·

1950 3972 2186 4029 itionem
2217 3989 2230 4032 :
2263 3986 2405 4028 nam
2432 3969 2816 4026 manifestum
2849 3975 2956 4035 est,
2989 3967 3155 4042 quod
3183 3967 3322 4024 illuc
3350 3983 3488 4024 cum
3513 3966 3597 4024 eis

1929 4060 2128 4117 exibat
2157 4065 2213 4117 et
2239 4058 2726 4116 conversabatur.

300 4147 398 4195 Καὶ
435 4148 538 4202 πᾶς
563 4171 627 4182 --
656 4141 837 4194 αὐτοῦ.
876 4141 934 4193 Εἰ
973 4142 997 4193 6
1045 4141 1162 4202 λαὸς
1208 4141 1394 4204 ἐκεῖνος
1433 4143 1596 4205 οὕτως
1639 4142 1818 4212 ἐποίει,

2001 4153 2162 4206 Vers.
2191 4153 2276 4205 38.
2313 4149 2707 4219 Omnisque—
2735 4146 2933 4202 iitum.
2972 4145 3027 4202 Si
3058 4145 3320 4217 populus
3351 4143 3445 4200 ille
3476 4144 3591 4200 hoc

225 4230 394 4300 πολλῷ
424 4230 611 4303 μᾶλλον
652 4232 788 4302 ἡμᾶς
815 4235 948 4304 χρὴ,
973 4234 1058 4282 τὸν
1084 4231 1388 4305 οἰκειότερον
1405 4231 1544 4296 λαὸν,
1562 4234 1820 4306 ὁρθρίζιιν

1944 4238 2210 4301 faciebat,
2225 4237 2415 4292 multo
2433 4236 2625 4305 magis
2640 4251 2775 4302 nos,
2790 4236 2892 4307 qui
2916 4234 3176 4305 populus
3192 4231 3478 4302 magisilli
3500 4233 3591 4289 fa-

226 4324 351 4392 πρὸς
381 4320 532 4372 αὐτὸν
574 4319 622 4371 ἐν
666 4329 738 4390 τῷ
770 4321 887 4392 ἱερῳ
916 4318 998 4373 ἐπὶ
1030 4329 1099 4391 τῷ
1130 4318 1334 4372 ἀκούειν
1369 4321 1547 4384 αὑτοῦ,
1582 4318 1676 4373 διὰ
1722 4331 1820 4372 τῶν

1943 4327 2179 4383 miliaris
2212 4342 2420 4382 sumus
2451 4328 2684 4396 oportet
2711 4323 2978 4379 diluculo
3010 4322 3201 4376 venire
3227 4321 3302 4377 ad
3335 4337 3494 4386 eum,
3527 4325 3590 4377 ut

228 4411 372 4461 θείων
395 4415 604 4481 Γραφῶν
638 4405 1011 4476 διδάσκοντος,
1043 4415 1132 4461 καὶ
1152 4413 1224 4481 μὴ
1248 4413 1400 4481 μόνον
1447 4407 1671 4478 ἀκούειν,
1695 4409 1822 4462 ἀλλὰ

1939 4416 1989 4471 in
2030 4414 2250 4487 templo
2281 4413 2601 4470 audiamus
2639 4411 2806 4468 illum
2840 4427 2943 4483 per
2971 4411 3306 4482 Scripturas
3351 4414 3586 4466 sanctas

224 4503 313 4550 καὶ
344 4497 638 4551 ὑπακούειν.
1854 4558 1871 4612 Ι

1938 4504 2247 4560 docentem
2278 4521 2295 4573 ;
2331 4518 2439 4559 nec
2473 4501 2667 4558 solum
2700 4507 2760 4556 ut
2806 4499 3146 4565 audiamus,
3178 4498 3284 4556 sed
3315 4498 3494 4554 etiam
3524 4503 3585 4554 ut.

1938 4592 1993 4612 ,ι
2015 4609 2031 4612 ,

1930 4592 2299 4650 obediamus.

615 4777 757 4825 ΚΕΦ.
791 4770 912 4835 Ος-’.
943 4774 1064 4845 Περὶ
1087 4777 1178 4823 τοῦ
1211 4773 1427 4842 Πάσχα.

2303 4762 2461 4823 CAP.
2503 4767 2724 4824 LXXVI.
2759 4766 2840 4823 De
2868 4764 3116 4823 Pascha.

291 4929 516 5002 Ἦγγιζε
571 4961 640 4970 —
690 4931 909 5001 Πάσχα.
963 4933 1140 5002 Ἐορτὴ
1191 4939 1288 4982 τῶν
1335 4929 1576 5002 Ἀξύμων
1625 4929 1818 5001 ἐλέγετο

2001 4927 2144 5000 Cap.
2195 4928 2356 4984 XXII.
2410 4930 2566 4984 Vers.
2601 4932 2649 4983 1.
2704 4925 3209 4999 appropinquavit
3241 4957 3307 4968 —
3336 4927 3573 4985 Pascha.

217 5023 308 5071 καὶ
351 5020 380 5077 ἠ
430 5027 520 5072 τοῦ
565 5021 767 5090 Πάσχα
805 5019 978 5092 ἑορτή,
1031 5015 1168 5071 διότι
1209 5021 1343 5071 κατά
1383 5023 1438 5071 τό
1484 5022 1683 5091 Πάσχα
1710 5027 1816 5080 τοῖς

1928 5020 2158 5075 Festum
2183 5021 2547 5090 Azymorum
2577 5015 2756 5072 etiam
2777 5014 3074 5072 dicebatur
3098 5016 3297 5088 ipsum
3334 5017 3575 5074 Pascbaa

216 5114 307 5161 τοῦ
346 5106 508 5181 ἀμνοῦ
547 5111 734 5184 κρέασι
788 5113 878 5160 καὶ
930 5109 1110 5181 ἄζυμα
1151 5110 1451 5168 συνήσθιον.
1484 5113 1675 5162 Λοιπὸν
1705 5108 1812 5180 οὖν,

1926 5107 2165 5174 festum,
2197 5107 2341 5181 quia
2378 5106 2438 5164 in
2479 5105 2706 5163 Pascha
2755 5104 3032 5162 carnibus
3075 5104 3216 5174 agni
3255 5110 3313 5161 et
3350 5106 3573 5178 azymis

289 5286 336 5322 ⁵⁸
369 5284 572 5342 Matth.
604 5301 765 5352 xxxv,
797 5289 886 5342 2t.
1034 5286 1082 5322 ⁵⁸
1113 5284 1252 5342 lbid.
1283 5287 1369 5341 29.
1484 5287 1528 5323 ⁸⁷
1560 5285 1705 5342 Ibid.
1734 5285 1823 5340 29.

1113 5284 1252 5342 lbid.
1283 5287 1369 5341 29.
1484 5287 1528 5323 ⁸⁷
1560 5285 1705 5342 Ibid.
1734 5285 1823 5340 29.
1971 5285 2018 5322 ⁸⁸
2049 5283 2197 5342 Ibid.
2230 5287 2320 5342 34.
2432 5284 2480 5320 ⁶⁹
2502 5282 2644 5341 Ibid.
2664 5286 2754 5340 42.

1285 5463 1510 5534 Variae
1542 5462 1872 5532 lectiones
1904 5471 1968 5531 et
2006 5472 2208 5531 notas.

288 5633 402 5705 (43)
430 5639 534 5686 Τοῦ
559 5637 768 5690 neuter
797 5633 1075 5702 agnoscit
1103 5631 1162 5690 in
1193 5637 1461 5691 contextu
1485 5633 1647 5709 apud
1675 5636 1816 5691 Mat-

288 5721 462 5761 mum.

924 5633 1075 5690 oscit
1103 5631 1162 5690 in
1193 5637 1461 5691 contextu
1485 5633 1647 5709 apud
1675 5636 1816 5691 Mat-
2132 5631 2480 5760 ,Evamittit
2511 5632 2570 5688 Β.

2191 5724 2269 5757 κει
2333 5744 2344 5759 υ

215 5703 462 5761 thseu'm.
1524 5703 1543 5709 '
1998 5703 2110 5761 (46)
2132 5703 2272 5760 Ἐκεῖ
2289 5711 2344 5759 B.

290 5777 404 5848 (ιι)
445 5777 506 5830 Δί
535 5773 704 5834 abest
733 5776 798 5834 A.
