4170 6480
205 453 338 513 i077

276 587 375 636 Καὶ
405 581 672 636 ἐπέστειλε
698 614 768 624 -
796 585 1056 655 φάγωμεν.
1088 583 1230 634 Κατὰ
1260 584 1348 633 τὸν
1377 583 1547 654 νόμον.

273 673 338 722 Οἱ
365 668 423 724 δε
462 703 508 712 ~
547 671 886 745 ἑτοιμάσομεν
921 690 936 742 ;
989 674 1121 724 Οὔτε
1149 673 1250 743 γὰρ
1295 669 1445 730 αὑτὸς
1477 666 1614 741 εἶχεν
1662 665 1800 721 ’ίδιον

202 766 550 832 καταγώγιον,
581 765 697 814 οὔτε
725 766 828 834 μὴν
881 760 1050 827 αὑτοί,
1102 765 1263 812 πᾶσιν
1308 755 1414 818 ἤδη
1472 757 1800 830 ἀποταξάμε-

200 870 297 903 νοι.

270 939 328 992 Ὀ
360 935 419 992 δι
449 971 512 980 -
544 939 870 1011 ἑτοιμάσατε.
929 939 1011 994 Ἐν
1038 947 1110 1010 τῷ
1149 938 1412 1008 ἑξηκοστῷ
1460 942 1616 1011 τρίτῳ
1645 957 1801 1010 κεφα-

200 1027 328 1100 λαίῳ
361 1036 452 1081 τοῦ
489 1031 626 1082 κατὰ
686 1031 954 1083 Ματθαῖον
987 1029 1214 1090 ζήτησον
1262 1032 1352 1086 τήν
1403 1027 1656 1098 ἐξήγησιν
1687 1035 1797 1080 τοῦ·

197 1115 256 1169 Ὀ
284 1113 342 1169 δι
371 1115 506 1170 εἶπεν
539 1136 550 1148 ·
585 1118 830 1190 Ὑπάγετε
883 1118 954 1180 εἰς
1007 1122 1100 1177 τήν
1139 1116 1284 1169 πόλιν
1323 1120 1452 1189 πρὸς
1496 1120 1582 1168 τὸν
1633 1113 1796 1186 δεῖνα,

197 1207 390 1258 καὶτὰ
445 1206 582 1269 ἑξῆς.
647 1207 728 1262 Ἐν
788 1207 949 1282 ἐκείνη
1014 1209 1114 1282 γὰρ
1165 1209 1281 1280 περὶ
1337 1208 1530 1258 τούτων
1595 1207 1798 1258 πάντων

199 1293 417 1370 έῤῥήθη.

269 1384 595 1447 ’Δπελθὸντες
622 1415 686 1424 -
720 1389 815 1439 σὺν
844 1385 1004 1457 αὑτῷ.
1039 1384 1359 1447 Ἀκολοὺθως
1410 1382 1515 1438 ἐκεῖ
1551 1389 1640 1437 καὶ
1682 1388 1799 1459 περὶ

193 1477 388 1527 τούτων
418 1476 676 1549 εὑρήσεις.

269 1569 370 1617 Καὶ
397 1561 504 1617 εἷπε
529 1594 594 1604 -
625 1567 832 1621 παθεῖν,
894 1560 1104 1636 Σπουδῇ
1148 1559 1461 1616 έσποὺδασα
1490 1565 1675 1614 τούτου
1710 1569 1800 1615 τοῦ

193 1652 430 1706 ένιαυτοῦ
460 1657 519 1707 τὸ
553 1655 751 1725 Πάσχα
781 1661 957 1726 φαγεῖν
989 1653 1103 1725 μεθ’
1128 1654 1292 1724 ὑμῶν,
1320 1655 1420 1724 πρὸ
1441 1659 1532 1705 τοῦ
1561 1671 1797 1726 σταυρω-

197 1744 350 1801 θῆναι
375 1761 438 1815 με
467 1743 604 1814 (511,
631 1747 750 1800 ἤτοι
805 1745 904 1817 πρὸ
966 1751 1058 1794 τοῦ
1086 1749 1270 1815 καιροῦ
1303 1750 1394 1793 τοῦ
1451 1744 1668 1812 Πάσχα·
1720 1742 1798 1794 Ἐν

192 1831 335 1902 αὑτῷ
363 1834 464 1906 γὰρ
497 1833 862 1903 σταυρωθῆναι
914 1830 1134 1904 ἔμελλεν,
1177 1834 1245 1893 ὡς
1291 1829 1503 1902 ἀνέγνως
1533 1835 1673 1905 παρὰ
1725 1837 1798 1900 τῷ

194 1923 450 1992 Ματθαίῳ
482 1920 529 1972 ἐν
552 1929 612 1993 τῇ
647 1919 899 1992 ἐξηγήσει
928 1929 1039 1974 τοῦ·
1073 1919 1270 1992 Ὀψίας
1297 1915 1356 1972 δι
1385 1924 1653 1992 γενομένης
1691 1919 1789 1972 ἀνέ-

1917 1921 1967 1976 in
2013 1919 2151 1975 dicti
2197 1919 2350 1975 illius
2403 1919 2781 1975 enarratione
2823 1935 2835 1974 :

193 2029 333 2062 κειτο
363 2013 490 2082 μετὰ
519 2019 618 2062 τῶν
651 2007 884 2062 δώδεκα.

266 2103 416 2170 Λέγω
467 2101 569 2172 γὰρ
639 2129 705 2140 -
761 2107 852 2150 τοῦ
917 2104 1072 2150 Θεοῦ.
1137 2097 1223 2152 Ἐν
1297 2106 1362 2168 τῷ
1415 2097 1678 2168 ἑξηκοστῷ
1716 2118 1798 2152 τεο

193 2190 361 2260 τάρτῳ
431 2187 689 2259 κεφαλαίῳ
746 2195 837 2239 τοῦ
885 2189 1022 2238 κατὰ
1081 2189 1347 2240 Ματθαῒον
1419 2187 1648 2247 ζήτησον
1706 2193 1798 2246 τήν

193 2275 464 2349 ἑρμηνείαν
525 2283 660 2328 τοῦο
702 2279 848 2347 Λέγω
929 2271 988 2328 δι
1081 2277 1202 2347 ὑμῖν
1278 2278 1357 2328 ὃτι
1414 2276 1472 2327 οὑ
1548 2281 1619 2347 μή
1696 2282 1799 2328 πίω

193 2362 389 2435 ἄπαρτι
460 2363 516 2415 ἐκ
573 2367 757 2417 τούτου
821 2371 912 2416 τοῦ
985 2369 1302 2434 γεννήματος

369 2459 464 2514 τῆς
554 2455 748 2526 ἡμέρας
813 2451 1029 2515 ἐκείνης,
1093 2455 1213 2505 ὅταν
1289 2453 1415 2505 αὑτὸ
1485 2458 1616 2506 πίνω
1685 2456 1796 2526 μεθ’

189 2540 336 2612 ὑμῶν
365 2544 540 2593 καινὸν
591 2544 641 2594 ἓν
715 2549 777 2614 τῇ
831 2539 1081 2614 βασιλείᾳ
1139 2550 1230 2594 τοῦ
1288 2546 1486 2614 Πατρός
1527 2562 1650 2615 μου.
1696 2548 1797 2597 Καὶ

188 2627 446 2701 ἀνάγνωθι
483 2636 678 2696 πᾶσαν,
729 2636 819 2684 καὶ
873 2632 1114 2706 εὑρήσεις
1174 2637 1291 2706 περὶ
1340 2636 1541 2684 πάντων
1607 2632 1793 2686 λεπτο-

187 2727 371 2792 μιαρῶς.

262 2813 362 2862 Καὶ
403 2805 680 2881 δεξάμενος
740 2839 806 2848 -
854 2807 1073 2870 ἑαυτοῖς.
1142 2809 1399 2863 Ἐντεῦθεν
1457 2810 1652 2884 ἤρξατο
1700 2818 1792 2864 τοῦ

181 2906 446 2970 μυστικοῦ
475 2895 709 2954 δείπνου.

255 2991 406 3058 Λέγω
445 3018 495 3028 -
525 2987 668 3060 ἔλθη.
691 2989 774 3042 Ἐν
812 2996 874 3061 τῇ
911 2985 1207 3062 δηλωθείσῃ
1234 2988 1479 3064 ἑρμηνείᾳ
1502 2995 1590 3043 καὶ
1622 2998 1790 3044 ταῦτα

181 3075 636 3148 ἕμνημονεὺθησαν
668 3080 797 3149 μετὰ
825 3082 914 3130 καὶ
955 3079 1067 3149 (52)
1092 3086 1192 3130 τῶν
1220 3079 1420 3150 ἑφεξῆς.

1380 2373 1473 2425 τῆς
1547 2364 1795 2436 ἀμπέλου,

196 2453 218 2466 υ

193 2470 287 2513 εως

1159 452 1528 512 COMMEN'I‘.
1573 453 1639 511 IN
1677 451 1946 513 LUCAM.
1985 484 2054 496 —
2091 451 2250 511 CAP.
2290 451 2470 509 XXII.

1833 581 1880 636 Α
1982 581 2142 635 Vers.
2167 583 2217 636 8.
2246 579 2324 635 Et
2355 577 2544 636 emisit
2573 605 2644 621 —
2684 576 2950 634 edamus.
2985 574 3320 656 Secundum
3356 575 3571 648 legem.

3435 449 3576 512 10⁵18

1986 671 2144 726 Vers.
2203 673 2251 724 9.
2314 670 2390 723 At
2422 668 2520 724 illi
2550 698 2619 707 —
2663 682 2950 736 paremus.
2988 669 3185 738 Neque
3238 665 3396 721 enim
3449 665 3574 737 ipse

1911 759 2223 830 proprium
2250 751 2516 814 habebat
2550 757 2968 826 diversorium,
2994 772 3184 828 neque
3214 756 3293 812 illi
3325 772 3338 811 :
3371 759 3574 828 utpote

1909 848 2192 905 omnibus
2218 849 2345 920 jam
2366 847 2681 903 derelictis.

1981 937 2145 994 Vers.
2187 939 2275 994 10.
2329 939 2454 1008 Ipse
2484 951 2615 992 vero
2681 967 2740 976 —
2769 935 2932 992 Vers.
2989 939 3069 990 t2.
3118 941 3352 1004 parate.
3397 935 3574 990 Sexa-

1910 1027 2137 1095 gesimo
2159 1027 2328 1082 tertio
2347 1025 2648 1094 Evangelii
2667 1024 3001 1081 secundum
3024 1023 3364 1079 Matthzeum
3377 1023 3573 1095 capite

1907 1131 2110 1188 quaere
2153 1116 2293 1170 dicti
2324 1115 2478 1170 illius
2523 1114 3093 1185 interpretationem.
3131 1114 3203 1168 At
3237 1112 3331 1168 ille
3375 1111 3522 1168 dixit
3553 1129 3568 1168 :

1907 1206 1996 1262 Ite
2045 1205 2106 1261 in
2135 1205 2429 1262 civitatem
2465 1203 2547 1260 ad
2575 1203 2881 1276 quemdam
2907 1205 2976 1269 θ’.
3017 1209 3072 1260 et
3100 1209 3328 1259 cetera.
3364 1202 3429 1258 In
3471 1200 3572 1258 illa

1907 1295 2062 1350 enim
2084 1294 2158 1349 de
2189 1294 2283 1350 his
2313 1292 2591 1348 omnibus
2619 1293 2847 1349 dictum
2874 1297 2982 1349 est.

1979 1384 2138 1439 Vers.
2162 1385 2246 1439 13.
2267 1385 2314 1438 Α
2327 1383 2563 1439 beantes
2577 1413 2642 1422 —
2655 1383 2819 1438 Vers.
2841 1385 2922 1438 14.
2945 1397 3077 1440 cum
3091 1396 3176 1438 eo.
3193 1381 3570 1454 Consequeno

1907 1476 1994 1530 ter
2023 1473 2106 1528 ibi
2131 1473 2304 1529 etiam
2337 1473 2411 1527 de
2431 1471 2523 1528 his
2549 1472 2842 1528 invenies.

1981 1565 2138 1618 Vers.
2187 1562 2270 1616 15.
2308 1562 2381 1616 Et
2412 1561 2496 1618 ait
2527 1591 2593 1604 -
2617 1563 2849 1630 patiar.
2882 1560 3273 1618 Festinatione
3290 1557 3568 1618 festinavi

1907 1652 2022 1708 hoc
2063 1666 2220 1707 anno
2271 1650 2497 1707 Pascha
2528 1651 2837 1708 comedere
2872 1649 3208 1716 vobiscum,
3241 1639 3565 1721 antequam

1908 1741 2245 1809 cruciﬁgar,
2288 1739 2413 1795 sive
2443 1745 2581 1796 ante
2626 1745 2862 1812 tempus
2914 1743 3154 1795 Pascha:
3183 1754 3367 1804 ;nam
3397 1738 3460 1793 in
3493 1753 3565 1798 eo

1908 1829 2349 1900 cruciﬁgendus
2404 1835 2549 1894 erat,
2603 1830 2754 1886 sicut
2806 1829 2970 1901 apud
3012 1828 3350 1886 Mattheeum
3376 1825 3566 1896 legisti

2884 1920 3121 1991 Vespera
3175 1921 3368 1974 autem
3401 1918 3566 1987 facta

1907 2009 2306 2065 discumbebat
2333 2024 2462 2064 cum
2485 2008 2857 2064 duodecim“.

1983 2101 2141 2154 Vers.
2172 2099 2259 2153 16.
2286 2099 2431 2154 Dico
2471 2097 2622 2154 enim
2653 2129 2720 2138 —
2767 2097 2892 2160 Dei.
2931 2081 3314 2166 Sexagesimo
3346 2099 3563 2169 quarto

1910 2187 2208 2256 Evangelii
2234 2188 2403 2258 juxta
2428 2187 2769 2243 Matthaanm
2802 2187 2994 2258 capite
3019 2201 3220 2259 quaere
3241 2185 3377 2240 dicti
3408 2183 3565 2240 illius

1908 2277 2350 2332 enarrationem
2386 2293 2398 2331 :
2429 2276 2571 2332 Dico
2602 2282 2798 2332 autem
2833 2275 3016 2340 vobis,
3050 2274 3202 2347 quod
3228 2290 3348 2329 non
3375 2273 3564 2328 bibam

1905 2366 2150 2438 posthac
2169 2381 2245 2422 ea:
2264 2365 2372 2421 hoc
2389 2367 2600 2433 fructu
2614 2365 2743 2420 vitis
2768 2379 2946 2435 usque
2963 2365 3024 2418 in
3042 2365 3192 2419 diem
3216 2363 3412 2427 illum,
3430 2377 3564 2417 cum

1907 2456 2087 2514 illum
2113 2454 2302 2510 bibam
2326 2454 2616 2511 vobiscum
2645 2469 2852 2509 novum
2877 2453 2939 2509 in
2964 2467 3142 2522 regno
3161 2453 3354 2508 Patris
3373 2451 3562 2506 mei“.

1905 2545 2058 2614 Lege
2091 2548 2300 2609 totum,
2334 2548 2392 2600 et
2417 2543 2489 2598 de
2519 2543 2804 2599 omnibus
2849 2541 3249 2615 particulatim
3279 2539 3562 2598 invenies.

1974 2814 2132 2868 Vers.
2188 2813 2272 2867 t7.
2327 2811 2402 2867 Et
2449 2814 2690 2881 accepto
2720 2842 2789 2851 —
2837 2826 2957 2869 vos.
3013 2810 3161 2867 Hinc
3189 2809 3427 2882 incepta
3477 2810 3566 2865 est

1899 2902 2156 2974 mystica
2185 2915 2380 2957 caena.

1970 2991 2130 3048 Vers.
2178 2995 2260 3047 18.
2288 2989 2425 3046 Dico
2457 3019 2526 3032 —
2554 2993 2772 3048 veniat.
2807 2992 2869 3046 In
2906 2989 3192 3063 praedicta
3220 2987 3564 3060 interpreta-

1896 3081 2054 3136 tione
2079 3079 2258 3137 etiam
2305 3079 2524 3136 horum
2556 3078 2714 3136 facta
2750 3085 2842 3136 est
2869 3079 3090 3135 mentio
3116 3094 3253 3134 cum
3279 3075 3394 3142 his,
3427 3091 3562 3149 quas

1894 3175 2241 3241 sequuntur.

267 3259 365 3306 Καὶ
411 3252 579 3305 λαϐὼν
645 3283 704 3294 -
774 3256 1052 3327 τραπέζης.
1103 3256 1389 3327 ’Λνάγνωθι
1445 3255 1592 3328 ἓντῷ
1647 3257 1783 3332 εἰρη-

1965 3259 2127 3312 Vers.
2166 3261 2247 3313 t9.
2279 3288 2345 3298 —
2375 3258 2451 3313 Et
2481 3264 2714 3324 accepto
2744 3287 2810 3297 —
2844 3256 3010 3312 Vers.
3034 3257 3121 3310 2t.
3153 3269 3376 3310 mensa.
3414 3255 3562 3326 Lege

184 3345 320 3414 μένῳ
376 3341 636 3414 κεφαλαίῳ
715 3349 810 3402 τὴν
853 3344 1102 3415 ἐξήγησιν
1155 3353 1268 3396 τοῦθ
1351 3345 1658 3398 Ἐσθιόντων
1726 3344 1784 3399 δε

183 3430 568 3495 αὑτῶν,λαϐὼν
623 3433 650 3484 ὁ
703 3431 910 3495 Ἰησους
967 3435 1143 3506 ἄρτον,

179 3519 386 3587 ἔκλασε,
419 3526 507 3572 καὶ
559 3518 743 3575 ἐδίδου
801 3529 906 3583 τοῖς
953 3525 1214 3594 μαθηταῖς

177 3612 274 3670 τὰς
335 3611 512 3681 ἐφεξῆς
581 3611 717 3684 ἄχρι
756 3619 846 3664 τοῦ
902 3629 914 3641 ·

177 3698 248 3758 εἰς
309 3702 367 3750 τὸ
415 3703 531 3770 ὄρος
579 3708 678 3751 τῶν
731 3699 947 3754 Ἐλαιῶν

1220 3439 1310 3486 καὶ
1386 3435 1785 3507 εὐχαριστήσας

1275 3541 1286 3552 ·
1344 3525 1533 3596 ὁμοίως
1593 3521 1652 3577 δὲ
1695 3531 1785 3578 καὶ

1574 3612 1783 3676 ἐξῆλθον

1003 3717 1016 3731 ο
1063 3706 1152 3754 καὶ
1209 3702 1448 3775 εὑρήσεις
1495 3707 1612 3776 περὶ
1663 3705 1784 3755 ποίν-

998 3618 1098 3664 Καὶ
1156 3613 1498 3684 ὑμνήσαντες,

674 3785 826 3842 οὑδεν
907 3793 1009 3863 γὰρ
1083 3789 1415 3854 ἀνεξέταστον
1482 3791 1780 3864 ὑπελείφθη.

171 3880 246 3930 Τὸ
299 3873 376 3941 δε,
422 3881 478 3930 τὸ
539 3878 664 3952 ὑπὲρ
720 3879 862 3950 ὑμῶν
931 3877 1294 3951 ἐκχυνὸμενον,
1342 3883 1472 3953 πρὸς
1521 3885 1576 3932 τὸ
1621 3886 1779 3940 ποτή-

175 3807 277 3840 των
333 3787 559 3860 ἀκριϐῶς
609 3806 621 3818 ⁸

169 3986 286 4040 ριον
342 3963 688 4020 ἀποδέδοται.
748 3971 817 4021 Τό
867 3964 927 4021 δι
979 3974 1227 4041 ποτήριον
1300 3973 1356 4022 τὸ
1435 3971 1567 4042 αἷμα
1621 3970 1779 4022 αὑτοῦ

170 4055 308 4110 ἔστα

251 4151 349 4198 Καὶ
384 4177 445 4185 -
478 4142 860 4219 παραδίδοται.
895 4151 1033 4204 Φησὶ
1065 4149 1331 4210 Ματθαίος
1360 4147 1408 4200 έν
1423 4157 1493 4219 τῷ
1515 4148 1778 4220 ἑξηκοστῷ

172 4238 334 4305 τρίτῳ
359 4234 618 4306 κεφαλαίῳ
677 4256 688 4268 ·
733 4235 792 4290 Ὀ
840 4238 929 4307 μὲν
961 4236 1081 4297 Υἱὸς
1110 4244 1200 4288 τοῦ
1236 4237 1506 4309 ἀνθρώπου
1564 4240 1773 4308 ὑπάγει,

170 4323 344 4382 καθὼς
373 4328 663 4397 γέγραπται
686 4329 805 4398 περὶ
830 4324 1011 4390 αὑτοῦ,
1043 4330 1134 4378 καὶ
1163 4329 1229 4378 τὰ
1275 4326 1410 4389 ἑξῆς
1437 4327 1541 4378 ἐκεῖ
1573 4323 1659 4378 οὖν
1685 4332 1775 4379 καὶ

171 4418 339 4462 ταῦτα
364 4414 688 4484 ἐσαφηνίσθη
699 4433 813 4468 σαν.

250 4500 510 4554 Καὶαὑτοὶ
539 4533 608 4542 —
649 4505 927 4576 πράσσειν.
960 4505 1227 4566 Ματθαῖος
1283 4507 1372 4575 μεν
1421 4509 1509 4556 καὶ
1564 4506 1774 4576 Μάρκος

1896 3346 2180 3417 prmdicto
2209 3347 2400 3418 capite
2427 3345 2566 3401 dicti
2585 3345 2740 3399 illius
2766 3343 3228 3408 enarrationem,
3247 3343 3560 3397 Edentibus

1893 3443 2089 3492 autem
2116 3433 2250 3502 illis,
2279 3440 2515 3502 sumpto
2539 3436 2709 3490 Jesus
2729 3449 2906 3502 pane,
2926 3449 3053 3489 cum
3079 3432 3305 3502 gratias
3326 3431 3556 3502 egisset,

1888 3525 2090 3596 fregit,
2139 3524 2418 3594 deditque
2464 3522 2776 3592 discipulis
2806 3525 2899 3588 ‘5;
2951 3521 3217 3577 similiter
3264 3526 3466 3576 autem
3505 3524 3560 3575 et

1893 3619 2202 3686 sequentes
2257 3612 2770 3684 interpretationes
2826 3628 3012 3684 usque
3043 3611 3121 3666 ad
3171 3626 3308 3666 eum
3363 3607 3557 3664 locum

1893 3719 2015 3775 quo
2037 3703 2284 3759 dicitur:
2309 3704 2382 3758 Et
2404 3703 2580 3759 dictis
2605 3703 2898 3768 laudibus,
2931 3700 3194 3758 exierunt
3224 3701 3288 3754 in
3304 3704 3558 3756 montem

1893 3792 2196 3850 Oliuarum
2223 3794 2308 3859 66;
2343 3791 2510 3847 et'de
2537 3792 2630 3848 his
2661 3791 2945 3848 omnibus
2995 3795 3202 3847 exacte
3240 3787 3505 3844 invenies
3541 3803 3554 3842 :

1891 3881 2040 3938 nihil
2094 3881 2255 3938 enim
2305 3881 2700 3937 indiscussum
2747 3881 3017 3937 relictum
3067 3885 3172 3936 est.
3207 3877 3374 3946 Quod
3418 3892 3557 3933 vero

1890 3971 2123 4038 dicitur,
2165 3971 2321 4042 quod
2375 3987 2486 4040 pro
2539 3971 2700 4028 vobis
2751 3971 3099 4041 effunditur,
3149 3968 3228 4024 ad
3274 3965 3554 4040 poculum

1888 4061 2264 4118 referendum
2297 4065 2384 4116 est
2416 4077 2428 4124 ;
2463 4076 2642 4132 porro
2672 4061 2954 4134 poculum
2985 4066 3074 4116 est
3121 4057 3372 4129 sanguis
3402 4057 3553 4127 ejus.

1960 4151 2123 4206 Vers.
2159 4155 2245 4206 2'2.
2278 4151 2754 4207 Et—traditur.
2816 4150 3122 4206 Matthmus
3181 4145 3554 4218 sexagesimo

1886 4240 2055 4296 tertio
2085 4239 2276 4311 capite
2306 4238 2388 4294 sic
2410 4239 2590 4294 habet
2614 4256 2626 4294 :
2656 4239 2849 4294 Filius
2870 4240 3108 4310 quidem
3136 4235 3388 4292 hominis
3410 4233 3551 4298 abit,

1883 4328 2031 4384 sicut
2059 4328 2348 4396 scriptum
2377 4333 2460 4384 est
2491 4327 2558 4384 de
2590 4330 2712 4396 ipso
2743 4329 2812 4392 ετ,
2867 4333 2923 4383 et
2979 4331 3190 4382 caetera
3237 4343 3250 4390 ;
3281 4322 3361 4379 ibi
3407 4337 3552 4392 ergo

1883 4417 2062 4472 etiam
2094 4417 2222 4472 hinc
2253 4414 2634 4472 manifestata
2659 4421 2818 4470 sunt.

1956 4506 2120 4562 Vers.
2176 4509 2269 4560 23.
2321 4506 2383 4560 Et
2427 4505 2538 4573 ipsi
2603 4535 2666 4544 —
2711 4507 2980 4574 facturus
3031 4508 3193 4560 esset.
3247 4498 3551 4556 Mattbmus

175 4590 279 4659 πρὸ
310 4596 404 4650 τῆς
435 4586 686 4662 διανομῆς
715 4601 805 4644 τοῦ
849 4594 1006 4665 ἄρτου
1036 4597 1126 4645 καὶ
1181 4602 1272 4645 τοῦ
1319 4599 1572 4666 ποτηρίου
1617 4601 1772 4664 φασιν

229 4676 239 4691 ἱ
320 4681 328 4693 ι
433 4674 455 4694 ιι
660 4682 716 4694 Α-
959 4686 967 4694 .
1093 4684 1103 4694 ι
1328 4689 1336 4694 .
1468 4688 1486 4694 ..
1588 4679 1620 4694 ι.
1755 4688 1764 4694 .

1917 4596 2127 4667 juidem
2163 4600 2218 4650 et
2247 4595 2477 4650 Marcus
2512 4599 2645 4649 ante
2678 4593 2850 4664 panis
2877 4610 2946 4649 ac
2970 4591 3158 4662 poculi
3189 4587 3548 4648 divisionem

1310 4688 1518 4743 Λουκᾶς
1575 4679 1634 4736 δὲ
1684 4688 1774 4735 καὶ

167 4769 413 4828 Ἰωάννης
441 4772 570 4840 μετὰ
590 4774 682 4828 τήν
709 4767 984 4842 διανομήν.
1020 4771 1177 4828 Δῆλον
1210 4768 1295 4822 οὖν
1349 4773 1426 4823 ὅτι
1454 4777 1542 4823 καὶ
1572 4781 1773 4846 πρῶτον

164 4862 259 4909 καὶ
283 4857 495 4930 ὕστερον
525 4866 677 4911 τοῦτο
697 4864 892 4930 γέγονε.

246 4953 390 5001 ΚΕΦ.
421 4946 541 5003 ΟΖ’.
572 4953 696 5022 Περὶ
726 4957 824 5000 τῶν
856 4947 1316 5016 φιλονεικησάντων
1365 4955 1439 5012 τίς
1473 4955 1689 5022 μείζων,

245 5037 472 5108 Ἐγένετο
528 5068 597 5078 --
658 5038 868 5108 μείζων.
927 5043 1026 5092 Καὶ
1098 5037 1273 5092 ἄλλοτε
1352 5045 1464 5114 περὶ
1533 5044 1772 5092 τοιούτου

162 5128 477 5198 πράγματος
591 5124 1145 5199 ἐπολυπραγμόνησαν,
1252 5131 1318 5190 ὡς

162 5213 369 5290 ἔγραψε
419 5215 682 5277 Ματθαίος
749 5213 797 5267 ἄν
851 5223 921 5268 τῶ
1005 5226 1296 5290 τριακοστῷ
1366 5215 1572 5289 ἑϐδόμῳ
1623 5237 1774 5291 κεφαο

173 4676 367 4738 αὐτοὺς
421 4674 807 4752 διαπορηθῆναι
859 4686 976 4753 περὶ
1019 4684 1204 4734 τούτου
1240 4699 1252 4711 ·

1427 5136 1768 5202 φανερώτερον

239 5393 289 5428 ⁸³
335 5391 531 5448 Matth.
598 5408 753 5457 xm,
812 5393 898 5449 18.
1014 5396 1059 5430 ⁸³
1111 5393 1259 5450 Ibid.
1289 5396 1377 5451 20.

158 5466 235 5521 22
287 5479 301 5529 ;
340 5465 510 5520 Marc.
541 5480 660 5520 xxv.
698 5464 776 5520 t9.
874 5467 921 5502 ⁶⁹
951 5467 1119 5522 Joan.
1149 5483 1264 5531 xm,
1315 5467 1403 5523 22.

1483 5397 1532 5434 ⁶⁴
1567 5395 1712 5453 Ibid.
1752 5401 1841 5454 29.

1884 4687 2070 4749 aiunt,
2121 4684 2287 4755 ipsos
2318 4684 2388 4738 de
2451 4684 2568 4739 hoc
2599 4683 2904 4738 dubitasse
2935 4683 2982 4718 ⁵⁸
3040 4699 3054 4747 ;
3091 4683 3276 4737 Lucas
3307 4692 3444 4733 vero
3495 4677 3552 4735 et

1880 4777 2160 4840 Joannes,
2190 4778 2322 4845 post
2351 4773 2705 4828 divisionem
2755 4775 2822 4824 ⁸9.
2876 4771 3246 4828 Manifestum
3277 4773 3361 4824 est
3382 4780 3544 4836 ergo,

1881 4863 2048 4937 quod
2085 4868 2141 4919 et
2171 4868 2330 4928 ante,
2363 4866 2420 4918 et
2470 4869 2674 4933 postea
2718 4862 2940 4918 factum
2970 4862 3061 4917 sit.

1956 4955 2105 5008 CAP.
2141 4951 2394 5008 LXXVII.
2429 4952 2504 5008 De
2541 4951 2932 5016 contentione,
2982 4951 3114 5023 quis
3144 4957 3281 5010 esset
3329 4955 3542 5026 major.

1955 5040 2119 5097 Vers.
2175 5043 2263 5096 24.
2322 5041 2507 5097 Facta
2562 5048 2644 5096 est
2677 5071 2741 5080 —
2791 5043 3012 5112 major.
3051 5041 3239 5096 Etiam
3282 5042 3423 5099 alibi
3471 5042 3544 5098 de

1884 5130 2228 5202 hujusmodi
2259 5145 2323 5186 re
2375 5130 2607 5185 curiose
2658 5129 3068 5202 inquisierant,
3110 5130 3261 5186 sicut
3299 5129 3546 5187 manife-

1887 5219 2036 5276 stius
2060 5219 2298 5292 scripsit
2320 5218 2638 5276 Mattheus
2660 5218 2962 5293 tricesimo
2983 5219 3237 5295 septimo
3249 5221 3341 5279 sui
3361 5221 3545 5280 Evan-

2886 5399 2934 5436 ⁶⁷
2961 5398 3103 5456 Ibid.
3133 5400 3216 5456 14.
3315 5400 3362 5437 ⁸⁸
3390 5399 3539 5457 Ibid.

1941 5399 1989 5436 ⁸⁵
2047 5397 2193 5454 Ibid.
2251 5401 2342 5455 26.
2439 5399 2487 5434 ‘°
2545 5395 2673 5454 Ibid
2703 5401 2790 5455 30.

1433 5672 1656 5742 Vatiae
1695 5671 2025 5742 lectiones
2065 5683 2132 5742 et
2171 5684 2370 5742 notae.

238 5866 358 5940 (51)
383 5869 461 5922 Mi
498 5869 668 5927 abest
691 5871 754 5924 A.

1949 5870 2062 5945 (52)
2101 5869 2210 5927 Καί
2237 5869 2406 5929 abest
2433 5873 2502 5928 A.
