4170 6456
658 430 796 492 1079
2011 427 2303 486 EUTHYM

2344 428 2359 486 l
2407 432 2748 494 ZIGABENI
3879 439 3991 500 1080

661 559 795 631 gelii
847 559 1036 632 capite
1098 575 1110 614 :
1168 559 1272 615 sed
1335 563 1470 616 tunc
1541 557 1786 631 quidem
1840 557 1914 614 de
1998 557 2112 612 hoc
2159 561 2303 623 erat,

2344 559 2383 613 Α
2419 558 2542 632 λαίῳ
2610 560 2791 613 αὑτοῦ.
2848 559 3001 612 Ἀλλὰ
3048 564 3162 613 τότε
3214 563 3305 633 μὶν
3378 565 3496 635 περὶ
3565 571 3677 630 τοῦ,
3758 570 3847 627 Τίς
3912 569 3991 638 ἄρα

659 649 986 723 quisquam
1012 649 1207 720 major
1230 654 1383 704 esset
1405 649 1458 703 in
1480 663 1664 717 regno
1685 645 2096 709 coelorum,hic
2112 652 2302 701 autem

2421 650 2614 721 μείζων
2665 649 2804 702 ἐστὶν
2854 653 2902 702 ἓν
2951 658 3010 721 τῇ
3077 649 3320 722 βασιλείᾳ
3367 660 3468 703 τῶν
3519 653 3749 725 οὐρανῶν
3778 671 3790 720 ;
3823 664 3902 706 νυν
3948 654 3992 716 δέ

662 739 780 795 alia
810 741 883 793 de
933 754 1116 794 causa
1149 738 1463 800 contentio,
1525 737 1646 792 sive
1686 736 1990 808 inquisitio
2022 735 2170 791 inter
2209 750 2309 790 eos

2422 737 2542 790 καθ’
2603 739 2777 812 ἑτέραν
2846 739 3010 790 αἰτίαν
3067 741 3092 797 ί)
3158 738 3442 811 φιλονεικία
3515 745 3722 803 τούτοις
3779 743 3987 808 ἐνέπεσεν,

664 827 874 884 incidit
905 847 919 895 ;
947 829 1075 900 jam
1108 828 1267 883 enim
1308 828 1584 883 certiores
1632 826 1767 882 facti
1800 825 1873 880 de
1900 832 2086 881 morte
2130 824 2311 893 magi-

2424 830 2590 879 εἶτουν
2637 830 2664 886 ἡ
2723 827 2953 890 ἐξέτασις
2988 845 3000 858 ⁶
3034 829 3504 902 πληροφορηθέντες
3563 835 3664 907 γὰρ
3743 830 3842 891 ἤδη
3900 841 3987 906 περὶ

663 917 784 983 stri,
814 917 1350 991 inquirebant,quis
1380 934 1588 972 eorum
1619 916 1906 972 videretur
1937 931 2063 971 esse
2094 915 2310 986 major,

2423 925 2516 977 τῆς
2540 925 2631 969 τοῦ
2668 913 2999 970 διδασκάλου
3053 918 3310 980 τελευτῆς,
3367 919 3647 987 ἐξῄτησαν,
3693 928 3774 983 τίς
3817 923 3866 986 ἐξ
3913 925 3984 974 αὖ·

663 1012 728 1064 ut
765 1013 1111 1065 caeterorum
1138 1007 1302 1063 ﬁeret
1325 1006 1626 1076 magister.

2425 1015 2523 1058 τῶν
2555 1003 2700 1059 δοκεῖ
2729 1003 2855 1058 εἶναι
2894 1011 3105 1079 μείζων,
3141 1009 3222 1060 ἵνα
3283 1005 3611 1073 διδάσκαλος
3655 1017 3863 1082 γένηται
3911 1023 3983 1064 τῶν

2425 1095 2588 1147 ἄλλων
2598 1138 2611 1152 .

739 1185 899 1244 Vers.
930 1185 1020 1242 25.
1047 1187 1123 1240 At
1154 1185 1258 1242 ille
1301 1217 1368 1225 —
1399 1186 1502 1242 eis.
1531 1185 1709 1240 Docet
1746 1200 1910 1247 sane,
1943 1184 2106 1255 quod
2141 1182 2189 1238 is
2211 1182 2315 1256 qui

2495 1184 2553 1237 ’0
2582 1181 2641 1238 δέ
2685 1216 2752 1226 —
2799 1185 2988 1240 αὐτῶν.
3041 1182 3293 1239 Διδάσκει
3335 1186 3513 1240 λοιπὸν
3556 1191 3625 1251 ὡς
3673 1191 3700 1242 ὀ
3761 1194 3979 1264 προεστά-

662 1274 1107 1349 ρτωρουθηάιιε
1147 1279 1318 1341 esset,
1372 1289 1489 1329 non
1524 1274 1765 1328 deberet
1812 1272 2131 1339 dominari,
2189 1279 2309 1328 tan-

2424 1295 2508 1326 ναι
2582 1277 2773 1327 τούτων
2854 1273 3047 1347 μέλλων
3135 1275 3227 1327 οὐκ
3306 1276 3494 1347 ὀφείλει
3550 1289 3871 1352 κυριαρχεῖν,
3937 1284 3979 1341 ὡς

659 1381 845 1438 quam
876 1364 1157 1420 dominus
1184 1381 1198 1428 ;
1227 1379 1369 1418 nam
1401 1362 1460 1419 id
1486 1378 1657 1433 reges
1687 1369 1855 1418 teme
1888 1362 2306 1419 faciuntintlati

2428 1359 2687 1424 δεσπότης
2721 1383 2732 1396 ·
2766 1372 2921 1416 τουτο
2955 1366 3056 1436 γὰρ
3106 1366 3155 1416 οἰ
3214 1363 3448 1437 βασιλεῖς
3496 1375 3594 1418 τῶν
3621 1366 3777 1420 ἐθνῶν
3813 1377 3977 1421 ποιοῦσι

660 1454 1020 1528 principatu,
1063 1459 1119 1510 et
1144 1451 1278 1509 elati
1336 1459 1576 1525 propter
1613 1468 1716 1508 eos
1745 1452 1965 1526 quibus
2005 1452 2307 1507 dominan-

2425 1457 2767 1525 τετυφωμένοι
2793 1460 2903 1514 ταῖς
2930 1455 3128 1526 άρχαῖς
3151 1459 3241 1505 καὶ
3267 1459 3697 1530 κατεπαιρόμενοι
3744 1467 3833 1510 τῶν
3858 1458 3976 1532 ἀρχο-

661 1546 774 1600 tur.

2425 1547 2605 1614 μένων.

732 1631 894 1688 Vers.
927 1633 1016 1688 25.
1069 1631 1136 1686 Et
1167 1632 1272 1704 qui
1295 1662 1362 1670 —
1386 1637 1687 1686 vocantur.
1729 1629 2036 1701 Tanquam
2065 1629 2312 1700 iudicati

2499 1633 2602 1686 Καὶ
2633 1633 2682 1683 oi
2706 1663 2769 1672 -—
2799 1631 3096 1686 καλοῦνται.
3141 1630 3227 1695 Ὠς
3268 1628 3537 1695 δοκοῦντες
3583 1638 3826 1708 μείζονες,
3863 1638 3973 1695 irai

659 1722 937 1793 majores,
971 1726 1073 1777 aut
1101 1721 1278 1776 etiam
1323 1729 1608 1793 tanquam
1643 1719 1844 1790 gloriae
1875 1719 2095 1791 cupidi.

1161 1721 1278 1776 iam
1323 1729 1608 1793 tanquam
1643 1719 1844 1790 gloria:
1875 1719 2095 1791 cupidi.
2426 1723 2494 1781 ὡς
2521 1718 2803 1792 φιλόδοξοι.

727 1811 890 1868 Vers.
915 1815 1003 1868 26.
1042 1813 1144 1867 Vcs
1189 1840 1242 1852 —
1271 1810 1373 1883 qui
1400 1809 1726 1866 ministrat.
1764 1809 2086 1875 Fianthaac,
2125 1825 2314 1882 quan-

2312 1840 2314 1850 ι
2494 1809 2660 1883 Ὑμεῖς
2690 1841 2756 1851 -
2788 1807 2823 1864 δ
2829 1816 3063 1865 ιαιιόνὼν.
3094 1813 3319 1864 Γένέσθω
3349 1820 3534 1881 ταῦτα,
3567 1815 3692 1867 ὅσον
3724 1815 3802 1868 ini
3819 1835 3959 1889 μετσιο·

656 1905 782 1959 tum
832 1901 910 1958 ad
940 1901 1125 1957 animi
1166 1900 1544 1956 modestiam.
1589 1900 1891 1956 Juniorem
1926 1904 2128 1956 autem
2173 1899 2303 1955 dicit

1955 1904 2128 1956 intem
2173 1899 2316 1956 dicit
2347 1897 2387 1951 Β
2427 1903 2678 1973 φροσύνῃ.
2700 1906 2958 1963 Νεὼτερον
2999 1897 3058 1954 δε
3086 1900 3218 1973 λέγει
3243 1905 3332 1953 τὸν
3353 1905 3602 1974 ἔσχατον.

655 1997 1056 2066 postremum.

727 2081 892 2136 Vers.
944 2082 1030 2136 27.
1089 2079 1227 2136 Uter
1274 2111 1340 2119 —
1387 2079 1486 2151 qui
1516 2079 1830 2135 ministrat.
1887 2081 1957 2135 Se
1998 2079 2194 2152 ipsum
2256 2079 2314 2134 in

2495 2084 2587 2141 Τίς
2634 2108 2700 2120 -
2747 2074 3019 2134 διακονῶν.
3060 2078 3271 2133 Ἑαυτὸν
3351 2080 3529 2143 αὐτοῖς
3599 2079 3816 2136 δίδωσιν
3876 2085 3971 2134 ὑπὸ·

653 2169 991 2244 exemplum
1023 2168 1315 2224 sermonis
1337 2167 1579 2239 praebet.
1608 2172 1752 2223 Cum
1775 2168 1930 2223 enim
1948 2168 2056 2240 ipsi
2081 2184 2300 2224 accum-

2428 2165 2620 2240 δειγμα
2698 2176 2790 2220 τοῦ
2854 2168 3032 2238 λόγου.
3105 2172 3310 2222 Τούτων
3382 2174 3484 2242 γὰρ
3549 2170 3881 2244 ἀνακειμένων,
3927 2175 3973 2230 ὡς

652 2259 872 2326 herent,
909 2264 1198 2332 tanquam
1250 2258 1507 2328 majores
1539 2258 1616 2313 ab
1657 2274 1727 2313 eo
1775 2258 1988 2329 habiti,
2019 2258 2113 2314 ille
2145 2258 2299 2314 mini-

2425 2262 2672 2330 μειζόνων
2699 2258 2786 2309 ὑπ’
2818 2258 2976 2310 αὐτοῦ
3048 2260 3342 2333 κριθέντων,
3393 2260 3539 2321 οὗτος
3572 2257 3880 2326 διηκόνησεν,
3925 2263 3975 2318 ὡς

649 2348 893 2414 strabat,
915 2348 1088 2421 quasi
1114 2352 1487 2418 postremum
1510 2362 1572 2402 se
1593 2347 1793 2418 ipsum
1819 2347 2065 2412 ducens,
2087 2364 2225 2402 cum
2258 2362 2296 2400 e‘

2425 2349 2654 2417 ἔσχατον
2702 2347 2880 2399 ἑαυτὸν
2938 2349 3294 2419 λογισάμενος,
3357 2351 3439 2401 ὅτε
3479 2350 3618 2422 ἔνιψε
3683 2355 3790 2412 τοὺς
3839 2345 3978 2409 πόδας

657 2438 841 2512 pedes
867 2453 1072 2494 eorum
1112 2437 1355 2492 lavaret.

965 2453 1072 2493 ‘um
1112 2437 1355 2492 lavaret.
2424 2436 2612 2488 αὐτῶν.

728 2528 887 2583 Vers.
934 2531 1029 2582 28.
1074 2527 1181 2582 Vos
1213 2557 1279 2566 —
1308 2526 1473 2583 Vers.
1527 2524 1612 2581 29.
1650 2541 1910 2596 regnum.
1950 2557 2015 2566 —
2065 2526 2314 2594 Dispono

2495 2533 2644 2597 Υμεῖς
2708 2556 2777 2566 -
2847 2525 3139 2598 βασιλείαν·
3200 2529 3499 2600 Διατίθιμαι
3555 2530 3665 2600 ὑμῖν
3707 2526 3976 2598 βασιλείαν,

653 2618 807 2675 vobis
861 2632 1128 2688 regnum,
1170 2613 1284 2671 hoc
1342 2620 1451 2680 est,
1502 2615 1804 2686 promitto.
1857 2614 2134 2683 Regnum
2170 2631 2300 2670 verc

2425 2613 2678 2681 ἀντὶτοῡ,
2721 2615 3104 2688 έπαγγέλλομαὶ
3153 2631 3166 2644 ⁶
3203 2614 3474 2687 βασιλείαν
3528 2614 3584 2669 δε
3630 2617 3858 2688 οὐράνιον,
3919 2616 3971 2675 ἧς

653 2707 891 2764 cmleste
936 2705 1226 2775 intelligit,
1269 2705 1442 2773 cujus
1497 2720 1598 2774 spe
1629 2705 1955 2761 roborabat
1997 2721 2099 2760 eos
2131 2705 2300 2761 etiam

2422 2712 2537 2766 ταῖς
2561 2703 2730 2756 ἐλπίσι
2759 2701 3025 2780 διανευροῖ
3068 2708 3276 2768 τούτους
3330 2709 3402 2758 ἔτι
3430 2711 3545 2780 πρός
3600 2704 3844 2775 εὐψυχίαν
3896 2707 3979 2754 καὶ

654 2796 733 2853 ad
773 2794 1251 2863 magnitudinem
1304 2809 1372 2849 ac
1429 2792 1829 2849 tolerantiam.

1058 2794 1251 2849 dinem
1304 2809 1372 2849 ac
1429 2792 1829 2849 tolerantiam.
2422 2795 2705 2866 ὑπομονήν.

729 2885 888 2941 Vers.
923 2888 1008 2940 30.
1045 2885 1108 2941 Ut
1140 2914 1200 2925 —
1232 2898 1706 2940 mensammeam.
1739 2884 2000 2940 Mensam
2041 2884 2311 2940 videlicet

2489 2889 2599 2936 Ἵνα
2655 2913 2722 2923 -
2767 2883 3025 2958 τραπέζης
3089 2903 3209 2954 μου.
3282 2890 3386 2944 Τῆς
3474 2882 3741 2956 βασιλικῆς
3795 2881 3967 2941 iam;

655 2973 818 3030 illam
873 2973 1086 3041 regiam
1138 2988 1207 3027 ac
1269 2971 1593 3028 caelestem.
1650 2973 1896 3028 Possunt
1939 2980 2140 3029 autem
2194 2974 2302 3029 dici

2422 2979 2515 3032 τῆς
2559 2972 2820 3046 οὐρανίου.
2898 2969 3009 3024 Εἶεν
3065 2969 3115 3024 δ’
3160 2972 3220 3024 ἂν
3277 2973 3512 3045 τράπεζα
3580 2977 3666 3045 μὶν
3709 2973 3771 3023 τὰ
3830 2971 3964 3023 αἰώνια

657 3078 887 3131 mensa,
912 3061 1071 3118 bona
1093 3067 1313 3117 interna
1327 3068 1403 3128 et,
1436 3061 1754 3117 ineffabilia
1773 3079 1907 3134 quae
1934 3063 2304 3132 diligentibus

2422 3066 2510 3114 καὶ
2545 3061 2816 3136 ἀπόρρητα
2857 3059 3046 3132 ἀγαθὰ,
3089 3064 3155 3113 τὰ
3211 3064 3572 3135 ἡτοιμασμένα
3623 3070 3727 3124 τοῖς
3773 3060 3971 3132 ἀγαπῶσι

657 3155 842 3208 Deum
895 3157 1228 3224 praeparata
1273 3155 1429 3216 sunt,
1464 3151 1633 3207 cibus
1668 3168 1802 3207 vero
1856 3169 1926 3208 ac
1970 3159 2166 3225 potus,
2223 3158 2304 3208 est

2422 3154 2508 3202 τὸν
2544 3153 2671 3203 Θεὸν
2724 3170 2736 3183 ·
2799 3149 2996 3226 βρῶσις
3036 3147 3094 3203 δὲ
3150 3156 3239 3203 καὶ
3291 3157 3446 3214 πόσις
3500 3154 3528 3210 ἠ
3577 3151 3847 3211 ἀπόλαυσις
3907 3147 3974 3199 αὖ·

655 3240 890 3297 ilIorum
925 3240 1142 3296 truitio.

925 3240 1142 3296 fruitio.
2341 3257 2380 3310 ρ
2421 3248 2538 3292 τῶν.

731 3329 885 3386 Vers.
945 3331 1034 3385 30.
1067 3330 1139 3385 Et
1172 3361 1237 3370 —
1273 3330 1474 3385 Israel.
1514 3330 1630 3386 Hoc
1689 3330 1865 3386 etiam
1902 3330 2012 3386 illis
2043 3331 2312 3403 promisit

2495 3333 2594 3382 Καὶ
2626 3359 2693 3368 -
2719 3328 2952 3402 Ἰσραήλ.
2995 3335 3160 3382 Τοῦτο
3191 3330 3454 3401 ὑπέσχετο
3511 3330 3690 3392 αὐτοῖς
3726 3335 3812 3381 καὶ
3869 3327 3978 3395 ἐντῷ

655 3418 1116 3492 quadragesimo
1172 3419 1359 3490 primo
1420 3419 1921 3491 Evangeliijuxta
1976 3421 2302 3476 Matthaeum

2419 3427 2830 3492 τεσσαρακοστῷ
2863 3425 3051 3491 πρώτῳ
3085 3418 3342 3491 κεφαλαίῳ
3397 3427 3488 3472 τοῦ
3544 3424 3680 3472 κατὰ
3740 3421 3977 3474 Menenios.

658 3509 870 3580 capite,
901 3508 1000 3564 ubi
1047 3508 1332 3579 scriptum
1365 3513 1452 3563 est
1481 3526 1494 3565 τ
1551 3510 1725 3564 Iesus
1775 3516 1971 3564 autem
2005 3509 2142 3565 dixit
2174 3510 2254 3564 eis
2293 3526 2305 3564 :

2420 3510 2539 3560 ἔνθα
2558 3511 2847 3580 γέγραπται
2876 3514 2952 3560 τό·
2998 3504 3109 3561 ὁδε
3159 3509 3366 3570 Ἰησους
3419 3507 3553 3562 εἶπεν
3608 3509 3804 3571 αὐτοῖς·
3855 3510 3981 3577 Ἀμὴν

658 3597 834 3653 Amen
861 3597 992 3652 dico
1020 3597 1193 3662 vobis,
1226 3596 1386 3668 quod
1417 3613 1514 3652 vos
1536 3597 1633 3668 qui
1656 3599 1865 3652 secutis
1895 3601 2027 3654 estis
2059 3599 2211 3664 me",
2255 3603 2305 3654 et

2417 3596 2546 3667 λέγω
2571 3598 2711 3668 ὑμῖν,
2767 3599 2846 3649 ὃτι
2896 3600 3040 3670 ὑμεῖς
3095 3600 3141 3650 οἱ
3190 3597 3639 3661 ἀκολουθήσαντές
3699 3619 3808 3671 μοι,
3859 3596 3899 3648 ἓν
3938 3601 3979 3663 τῇ

661 3690 875 3742 caetera
909 3702 922 3740 :
948 3685 1027 3740 ibi
1059 3700 1200 3752 ergo
1226 3685 1352 3751 lege
1380 3685 1592 3740 horum
1622 3685 2187 3757 interpretationem.

2417 3686 2808 3758 παλιγγενεσία,
2897 3689 3017 3740 ὅταν
3096 3689 3290 3761 καθίσῃ
3334 3689 3359 3739 ὁ
3404 3691 3520 3750 Υἱὸς
3591 3697 3685 3742 τοῦ
3758 3687 3984 3760 ανθρώπου

664 3774 745 3826 ἐπὶ
773 3777 953 3847 θρόνου
990 3770 1149 3836 δόξῆς
1188 3773 1368 3838 αὐτοῦ,
1402 3775 1685 3826 καθίσεσθε
1706 3780 1794 3827 καὶ
1827 3777 1969 3848 ὑμεῖς
2019 3777 2102 3828 ini
2147 3771 2359 3829 δώδεκα
2404 3776 2634 3850 θρόνους,
2668 3781 2924 3848 κρίνοντες
2955 3780 3047 3838 τὰς
3075 3773 3288 3829 δώδεκα
3326 3777 3487 3849 φυλὰς
3515 3785 3608 3830 τοῦ
3655 3777 3864 3852 Ἰσραήλ
3888 3791 3897 3802 ’
3920 3777 3987 3825 καὶ

664 3863 920 3933 ἀνάγνωθι
945 3866 1037 3919 τήν
1064 3865 1260 3914 τούτων
1291 3861 1557 3933 έξήγησιν.

841 3949 997 4008 CAP.
1030 3951 1323 4006 LXXVIII.
1359 3952 1436 4006 De
1467 3953 1812 4020 expetitione
1843 3954 2088 4011 Satanae.

2572 3960 2717 4010 ΚΕΦ.
2749 3955 2873 4012 OII'.
2927 3961 3048 4031 Περὶ
3074 3964 3168 4018 τῆς
3201 3955 3507 4019 έξαιτὴσεως
3533 3965 3626 4010 τοῦ
3667 3963 3879 4011 Σατανᾶ.

737 4038 898 4094 Vers.
949 4041 1037 4096 3t.
1068 4040 1230 4096 Dixit
1262 4072 1327 4082 —
1373 4041 1652 4098 triticum.
1688 4043 1769 4098 llli
1816 4044 1975 4100 enim
2019 4045 2200 4100 moris
2231 4049 2319 4100 est

2501 4045 2627 4098 Εἷπε
2685 4076 2750 4084 -
2810 4053 2972 4099 σῖτον.
3017 4048 3163 4106 ’Ἐθος
3222 4049 3324 4120 γὰρ
3377 4047 3516 4118 αὐτῷ
3572 4052 3697 4109 τοὺς
3752 4045 3994 4118 δοκιμωτέ-

667 4127 1102 4199 praestantiores
1149 4133 1422 4200 expetere
1475 4130 1551 4184 ad
1605 4131 1966 4202 palaestram,
2013 4135 2163 4190 sicut
2195 4133 2314 4188 lob.

2428 4153 2550 4206 ρους
2601 4131 2918 4196 έξαιτεῑσθαι
2983 4139 3113 4206 πρὸς
3162 4135 3350 4202 πάλην,
3405 4139 3472 4197 ὡς
3529 4140 3619 4188 τὸν
3659 4136 3798 4190 Ἰὼϐ.
3858 4133 3998 4188 {wri-

669 4214 934 4272 Cribrare
968 4233 1126 4282 vero,
1172 4216 1231 4272 id
1272 4222 1382 4285 est,
1417 4219 1676 4285 turbare,
1715 4238 1970 4288 movere,
2001 4225 2316 4278 concitare.

2433 4243 2524 4276 σαι
2581 4221 2660 4286 δε,
2737 4223 2850 4276 ἀντὶ
2896 4233 3005 4290 του,
3066 4226 3183 4296 (53)
3241 4224 3551 4290 θορυϐῆσαι,
3632 4236 3884 4293 κυκῆσαι,
3931 4241 3999 4274 τα-

669 4305 941 4362 Cribrum
969 4305 1284 4378 siquidem,
1313 4309 1471 4380 quod
1504 4307 1870 4381 frequentius
1905 4318 2169 4378 κόσκικον,
2205 4313 2316 4368 sive

2431 4313 2606 4387 Ράξαιο
2643 4318 2801 4365 Σινίον
2861 4314 2975 4385 (54)
3012 4316 3112 4387 γὰρ
3159 4318 3301 4386 παρά
3349 4334 3462 4366 τισι
3518 4315 3756 4368 καλεῖται
3808 4320 3863 4368 τό
3908 4311 3998 4381 παρ’

675 4401 994 4470 σινιατήριον
1036 4396 1121 4466 (y)
1164 4403 1424 4462 vocatur,
1461 4413 1495 4452 a
1535 4399 1899 4470 quibusdam
1936 4404 2111 4457 etiam
2157 4408 2320 4455 σινίον

2433 4404 2556 4474 ἡμῖν
2586 4407 2845 4465 κόσκινον,
2889 4403 2936 4455 έν
3091 4405 3116 4455 ὁ
3175 4411 3320 4465 σῖτος
3376 4400 3505 4477 τῇδε
3551 4407 3770 4458 κάκεῖσε
3823 4418 3999 4477 μεταφε-

672 4483 905 4551 dicitur,
930 4501 963 4540 a
993 4501 1115 4557 quo
1145 4485 1393 4540 verbum
1432 4489 1650 4548 σινιάζω
1678 4489 1992 4553 cribro,vel
2025 4493 2316 4547 concutio.

2431 4511 2638 4562 ρόμενος
2699 4495 3037 4564 ταράσσεται.
3115 4491 3356 4566 Προλέγει
3429 4491 3488 4546 δε
3555 4494 3736 4556 αὐτοῖς
3783 4500 3895 4566 περὶ
3936 4497 4003 4543 τοὺ

676 4576 824 4628 Nam
865 4575 923 4629 in
971 4574 1168 4630 cribro
1225 4575 1483 4630 triticum
1522 4578 1863 4634 transfertur
1888 4585 1944 4636 et
1989 4582 2322 4636 concutitur

2357 4593 2398 4646 ι)
2432 4581 2699 4653 μέλλοντος
2750 4590 3066 4656 πειρασμοῦ,
3139 4585 3239 4646 ὅτε,
3307 4585 3492 4646 πάντες
3574 4582 3786 4656 ἀφέντες
3858 4582 4001 4642 αὑτὸν,

675 4678 746 4718 ac
809 4661 1218 4720 confunditur.
1275 4664 1538 4720 Priedicit
1605 4677 1803 4722 autem
1862 4670 1946 4723 eis
1996 4669 2070 4725 de
2122 4669 2322 4727 futura
2432 4673 2636 4741 ἔφυγον.

674 4751 1016 4816 tentatione,
1057 4753 1303 4824 quando
1333 4768 1544 4809 omnes
1571 4755 1769 4812 relicto
1801 4773 1868 4812 eo
1901 4757 2195 4826 fugerunt.

749 4841 908 4896 Vers.
934 4844 1019 4896 3'2.
1044 4841 1174 4913 Ego
1192 4845 1384 4897 —tua.
1408 4844 1643 4914 Rogavi.
1660 4843 2108 4918 inquit.Patrem
2129 4865 2319 4906 meum

2504 4848 2637 4920 Ἐγὼ
2667 4880 2734 4888 -
2765 4868 2878 4902 σου.
2912 4845 3165 4908 Ἐδεήθην
3195 4859 3285 4903 τοῦ
3325 4856 3525 4926 Πατρός
3577 4871 3706 4924 μου,
3767 4857 3933 4926 φησιν,
3960 4851 4004 4902 ὡς

675 4931 963 5001 tanquam
990 4928 1273 4998 homo,ne
1299 4931 1518 4999 perdas
1546 4934 1786 4990 tandem
1816 4935 1890 5008 (Ζ)
1917 4935 2098 4992 tidem
2130 4943 2318 5005 tuam,

2432 4939 2670 5012 ἅνθρωπο
2682 4960 2720 5004 ς,
2749 4942 2829 4992 ἶνα
2857 4945 2928 5011 μὴ
2957 4940 3121 4994 τέ)εον
3149 4940 3406 5014 ἀπολέσῃς
3437 4947 3529 5000 τὴν
3578 4946 3768 4996 πίστιν
3808 4961 3916 5006 σου,
3936 4943 4001 4993 τὴν

675 5032 862 5090 quam
891 5016 950 5074 in
982 5032 1068 5074 me
1097 5018 1306 5082 habes,
1333 5018 1393 5075 in
1420 5025 1684 5094 tempore
1718 5025 2069 5094 negationis.

1797 5025 2069 5094 gationis.
2432 5029 2500 5091 εἰς
2529 5029 2632 5102 ἐμέ,
2666 5027 2714 5081 έν
2741 5038 2811 5102 τῷ
2841 5039 3006 5104 καιρῷ
3035 5039 3130 5094 τῆς
3161 5029 3284 5105 ἀρνή
3298 5049 3444 5093 σεως.

744 5195 794 5234 ⁷ο
821 5195 1018 5256 Matth.
1059 5210 1172 5267 xu,
1203 5195 1294 5254 28.

1919 5339 2140 5410 Varia:
2170 5342 2490 5412 lectiones
2530 5351 2596 5412 et.
2626 5352 2825 5412 notae.

740 5530 854 5618 (ξὲ)
885 5531 1192 5618 Chrysost.
1255 5534 1398 5588 tom.
1449 5532 1590 5599 VIII,
1637 5550 1696 5608 p.
1730 5535 1854 5604 785,
1888 5538 1952 5592 ι).
2007 5538 2319 5614 θορυϐῆσαι,

2473 5541 2617 5618 __(_5_i)
2642 5541 2789 5598 Vide
2823 5542 3202 5618 wetsteniiu‘m
3249 5541 3328 5598 ad
3379 5541 3510 5618 h.AI.
3546 5547 3717 5618 σινέον
3763 5557 3883 5601 non
3916 5532 3997 5604 legi

667 5602 910 5676 ταράξαι,
959 5608 1224 5675 πειρᾶσαι.
1640 5602 1657 5608 ”
1843 5602 1850 5604 ”
2065 5602 2074 5614 ’
2303 5602 2313 5606 ⁷

2065 5602 2074 5614 ’
2303 5602 2313 5606 ⁷
2432 5602 2571 5670 alibi
2598 5602 2851 5667 ’κόσκινον
2876 5614 3056 5670 habet
3088 5614 3269 5680 Plato,
3299 5629 3358 5686 p.
3393 5615 3516 5683 320,
3545 5613 3673 5670 384.

879 5783 1408 5869 Sivena‘tvmrzqﬁtov,
1455 5787 1565 5841 etc.
1619 5786 1718 5844 Hic
1772 5787 2045 5862 quaedam
2071 5789 2144 5846 de
2196 5791 2318 5848 suis

1858 5787 2045 5846 tedam
2071 5789 2144 5846 de
2196 5791 2318 5848 suis
2498 5793 2573 5866 (Ζ)
2603 5793 2882 5851 Tandem.
2923 5791 3100 5848 mm
3130 5795 3220 5850 est
3240 5807 3505 5864 prorsus.

663 5855 896 5914 videtur
916 5855 1217 5915 addidisse
1255 5855 1566 5930 interpres.
