4170 6432
245 396 376 456 4081

318 529 417 579 Καὶ
489 554 558 565 -
621 542 739 576 σου.
797 519 1169 597 Ἐπιστρέψας,

252 610 508 677 δηλονότι,
553 609 647 665 διά
687 611 955 684 κλαυθμοῦ
998 619 1204 685 πικροῦ,
1261 612 1528 662 τουτέστιν
1577 606 1846 659 ἀποκατα-

253 707 378 765 ctu;
401 702 552 756 πάλιν
583 703 652 764 εἰς
679 707 771 760 τήν
800 708 1008 776 πρωτην
1051 701 1216 763 τάξιν.
1268 697 1548 770 Ἀδελφούς
1592 693 1649 750 δὲ
1689 697 1849 748 αὐτοῦ

252 797 515 865 φησιτούς
574 791 757 853 οὒιλους
809 789 1153 860 ἀποστόλους,
1220 793 1250 849 ἧ
1293 793 1411 851 τοὺς
1457 787 1726 861 μέλλοντας
1777 781 1850 838 δι’

251 883 408 934 αὐτοῦ
439 885 721 935 πιστεύειν.

316 970 375 1023 Ὀ
424 968 481 1023 δε
529 1002 596 1011 -
660 971 994 1044 πορεύεσθαι.
1050 965 1218 1034 Ἔδει,
1282 975 1498 1020 τοιαῦτα
1548 969 1693 1040 παρά
1756 972 1850 1027 τῆς

251 1059 473 1117 αύτοαλη
485 1062 624 1122 θείας
652 1058 966 1122 ἀκούσαντα,
1001 1060 1160 1130 ἰσχύν
1184 1058 1404 1117 αἰτῆσαι
1429 1057 1550 1131 παρ’
1570 1056 1731 1108 αὐτοῦ
1762 1045 1852 1106 καὶ

251 1147 516 1221 βοήθειαν
547 1151 572 1201 ὁ
605 1146 662 1202 δὲ
687 1148 876 1221 μᾶλλον
907 1151 1005 1200 ὑπὸ
1035 1150 1348 1223 θερμότητος
1374 1146 1658 1214 ἀντιτείνει,
1685 1140 1850 1217 μηδὲν

249 1245 478 1290 τοιοῦτον
509 1239 708 1292 παθεῖν.

320 1326 378 1378 Ὀ
459 1323 517 1380 δὲ
593 1359 661 1366 —
719 1347 800 1399 με.
871 1332 1037 1400 Σήμερ
1093 1323 1220 1394 εἶπε,
1286 1323 1379 1378 διὰ
1445 1328 1502 1376 τό
1563 1321 1692 1376 εἶναι
1757 1326 1850 1380 τὴν

251 1415 500 1470 ἕπιοῡσαν
573 1419 734 1468 νύκτα
798 1425 892 1479 τῆς
961 1419 1156 1488 ἡμέρας
1231 1414 1442 1475 ἐκείνης.
1522 1416 1706 1487 Γράφει
1793 1409 1852 1464 δὲ

250 1508 516 1567 Ματθαῖος
574 1510 621 1557 ἐν
673 1515 746 1576 τῷ
809 1505 1072 1576 ἑξηκοστῷ
1144 1507 1372 1577 τετάρτῳ
1427 1503 1690 1576 κεφαλαίῳ
1763 1501 1851 1553 ur}-

251 1603 373 1647 τοῦ·
429 1597 510 1648 ὃτι
561 1598 653 1662 ἔφη
709 1595 850 1666 αὐτῷ
915 1597 940 1646 ό
999 1599 1226 1656 Ἰησοῦς.
1288 1595 1474 1665 ’Δμήν,
1547 1593 1678 1664 λέγω
1744 1611 1848 1656 σοι,

252 1686 330 1736 ὅτι
387 1683 436 1737 ἕν
493 1687 653 1757 ταύτῃ
722 1692 783 1757 τῇ
859 1689 1026 1748 νυκτὶ,
1092 1688 1213 1757 πρὶν
1283 1682 1535 1758 ἀλέκτορα
1594 1689 1849 1754 φωνῆσαι,

252 1779 366 1849 τρὶς
431 1772 709 1849 ἀπαρνήσῃ
777 1791 883 1847 με·
929 1778 1020 1825 καὶ
1085 1771 1340 1845 ἀνάγνωθι
1412 1772 1516 1826 ἐκεῖ
1570 1773 1685 1844 (55)
1759 1775 1851 1829 τὸν

252 1862 405 1936 ἐξήγη
415 1883 518 1919 σιν.

324 1959 424 2007 Καὶ
482 1951 616 2006 εἶπεν
688 1984 745 1994 -
797 1949 1028 2014 οὐδενός.
1085 1957 1300 2026 Ἀτερον
1367 1953 1502 2024 (56),
1562 1950 1677 2005 ἀντὶ
1737 1958 1849 2017 τοῦ,

252 2048 438 2116 χωρίς.
531 2048 631 2096 Καὶ
711 2046 813 2114 μὴν
897 2042 991 2094 οὐκ
1076 2040 1422 2114 ἔμνημόνευσε
1504 2045 1612 2094 τότε
1664 2039 1852 2113 βαλαν-

253 2137 364 2184 τίου
604 2131 736 2188 πλὴν
788 2139 859 2201 τῷ
925 2139 1113 2201 χρυσῷ
1178 2136 1267 2182 καὶ
1336 2138 1409 2200 τῷ
1494 2129 1703 2202 ἀργύρῳ
1763 2134 1853 2181 καὶ

250 2228 401 2272 τοῦτο
448 2215 870 2277 συνεπεδήλωσεν
918 2221 1055 2289 (58).
1117 2219 1316 2273 Ἐκεῖνα
1356 2221 1457 2293 γὰρ
1507 2222 1647 2291 ἔχειν
1685 2221 1854 2271 κωλύ-

257 2329 369 2377 σας,
422 2305 684 2382 πρόδηλον
721 2329 732 2341 ·

255 2400 392 2459 ὄντος
449 2399 739 2470 θησαυροῦ,
797 2401 1035 2472 περιττόν
1093 2399 1198 2471 ἄρα
1250 2397 1308 2450 τό
1342 2398 1850 2470 θησαυροφυλάκιον.

785 2310 864 2359 ὅτι
914 2313 1004 2360 καὶ
1058 2316 1209 2360 τοῦτο
1267 2308 1547 2361 κεκώλυκεν
1605 2307 1732 2375 ἐπεὶ,
1779 2312 1849 2379 μή

252 2493 324 2558 Τῇ
348 2491 489 2559 πήρᾳ
515 2490 604 2558 μὲν
634 2490 730 2559 γὰρ
752 2487 861 2558 (59)
890 2491 974 2539 τὸν
1005 2486 1158 2560 ἄρτον
1180 2486 1457 2539 ἐνέϐαλλον·
1485 2496 1557 2558 τῷ
1590 2487 1852 2560 φασκολίῳ

255 2572 314 2628 δε
353 2579 438 2628 τόν
468 2576 688 2648 χαλκόν,
736 2581 853 2634 ήτοι
881 2581 1003 2639 τοὺς
1041 2576 1270 2638 ὀϐολούς·
1312 2585 1382 2647 τῷ
1428 2575 1690 2648 βαλαντίῳ
1739 2578 1850 2648 (60)

256 2661 314 2717 δὲ
344 2669 430 2717 τόν
467 2669 675 2739 χρυσὸν
722 2670 806 2717 καὶ
860 2669 946 2718 τόν
991 2667 1238 2741 ἄργυρον.
1270 2664 1576 2740 ’Υστέρησιν
1625 2667 1738 2738 (61)
1794 2662 1854 2720 δε

252 2753 386 2826 λέγει
409 2759 500 2812 τήν
531 2751 747 2810 ἔνδειαν.

330 2935 478 2984 Εἶπεν
525 2963 593 2974 -
647 2938 836 3005 πήραν.
890 2932 972 3006 [Ὀ
1025 2933 1136 3005 (62)
1189 2936 1326 3004 ἔχων
1382 2931 1660 3007 βαλάντιον
1718 2933 1852 3005 (63),

255 3025 491 3073 τουτέστι
519 3030 729 3092 γνῶσιν,
776 3021 969 3094 ἀράτω,
1006 3028 1096 3074 καὶ
1143 3029 1334 3096 πήραν,
1381 3027 1540 3095 ἤγουν
1591 3026 1854 3097 θησαυρόν

259 3110 469 3180 ἀρετῶν
513 3109 791 3181 ἀναγκαῖον
839 3113 937 3183 γὰρ
990 3119 1064 3182 τῷ
1101 3121 1374 3182 γνωστικῷ
1418 3114 1444 3164 ό
1493 3112 1710 3173 πλοῦτος
1756 3121 1855 3164 τῶν

1287 390 1651 452 COMMENT.
1693 391 1765 447 IN
1807 388 2064 448 LUCAM.
2103 421 2170 431 --
2201 389 2356 447 CAP.
2400 389 2574 446 XXII.

1253 521 1385 594 μετά
1454 523 1547 578 τήν
1626 519 1846 591 ἄρνησιν

2029 517 2189 572 Vers.
2220 519 2310 573 32.
2341 517 2460 588 Ego
2480 546 2543 557 —
2580 521 2729 572 tuos.
2779 545 2844 558 -—-
2869 515 3225 580 Conversus,
3270 516 3408 586 post
3431 527 3615 584 nega-

3474 386 3614 446 1089

1962 605 2180 662 tionem
2213 604 2499 669 videlicet,
2533 621 2639 678 per
2677 605 2882 660 ﬂetum
2927 619 3241 670 amarum;
3273 602 3389 659 hoc
3421 607 3527 669 est,
3553 603 3613 660 in

1960 695 2273 768 pristinum
2307 694 2502 751 locum
2555 695 2746 750 denuo
2775 695 3094 752 restitutus.
3139 695 3368 760 Fratres
3417 696 3616 748 autem

1958 785 2090 857 ejus
2111 785 2252 841 dicit
2276 784 2538 857 reliquos
2567 784 2894 857 apostolos,
2943 789 3046 842 aut
3077 783 3228 850 illos,
3252 783 3356 856 qui
3386 797 3492 856 per
3512 797 3615 839 eos

1959 879 2128 931 erant
2147 873 2448 931 credituri.

2033 964 2192 1020 Vers.
2226 963 2314 1020 33.
2340 963 2415 1019 At
2451 964 2553 1021 ille
2591 995 2656 1006 -—
2685 963 2793 1023 ire.
2827 963 3168 1037 Oportebat,
3211 978 3351 1020 cum
3379 961 3510 1018 haec
3537 961 3616 1018 ab

1959 1054 2090 1126 ipsa
2119 1054 2358 1110 veritate
2378 1053 2660 1121 audisset,
2681 1053 3086 1110 fortitudinem
3109 1058 3289 1126 atque
3321 1051 3612 1108 auxilium

1960 1143 2038 1200 ab
2054 1159 2126 1199 eo
2154 1149 2349 1216 petere
2383 1160 2396 1199 :
2422 1149 2481 1200 at
2511 1143 2602 1200 ille
2622 1160 2740 1216 prae
2767 1143 2992 1200 fervore
3006 1141 3357 1200 contradicit
3384 1141 3613 1216 potius,

1961 1248 2256 1300 asserens,
2289 1248 2351 1290 se
2375 1231 2522 1289 nihil
2553 1233 2666 1290 tale
2698 1249 3041 1305 passurum.

2032 1325 2190 1378 Vers.
2224 1327 2308 1380 3i.
2344 1324 2474 1393 Ipse
2501 1338 2639 1380 vero
2668 1354 2738 1365 —
2765 1338 2876 1380 me.
2894 1322 3096 1388 Hodie,
3115 1321 3329 1395 inquit,
3348 1335 3419 1377 eo
3448 1319 3616 1393 quod

1961 1411 2224 1469 instabat
2262 1428 2382 1470 nox
2422 1413 2539 1469 diei
2575 1413 2748 1469 illius.
2791 1411 3002 1468 Scribit
3072 1417 3264 1468 autem
3318 1410 3615 1468 Matthmus

1962 1503 2339 1572 sexagesimo
2363 1508 2580 1575 quarto
2611 1503 2822 1575 capite,
2855 1501 3019 1573 quod
3055 1500 3268 1558 dixerit
3296 1499 3377 1556 illi
3416 1502 3614 1556 Iesus:

1965 1591 2095 1647 Dico
2116 1592 2241 1657 tibi,
2261 1593 2448 1660 Pelre,
2463 1593 2618 1665 quod
2642 1593 2701 1647 in
2721 1593 2833 1648 hac
2857 1598 3042 1658 nocte,
3061 1592 3410 1663 priusquam
3425 1589 3620 1661 gallus

1962 1689 2156 1751 canat,
2194 1689 2284 1740 ter
2310 1699 2396 1738 me
2420 1682 2733 1755 abnegabis
2772 1683 2821 1718 ’τί
2857 1697 2871 1749 ;
2900 1680 2982 1737 ibi
3003 1681 3133 1752 lege
3159 1680 3618 1737 enarrationem.

2035 1953 2200 2006 Vers.
2269 1955 2358 2008 35.
2407 1951 2487 2007 Et
2533 1950 2688 2008 dixit
2749 1982 2810 1991 -
2877 1948 3040 2006 nihil.
3270 1946 3425 2022 ’Δτερ
3489 1946 3622 2004 loco

1962 2045 2133 2114 χωρὶς
2185 2057 2289 2096 seu
2317 2042 2485 2112 sine.)
2533 2039 2706 2113 Atqui
2762 2043 2902 2096 tunc
2951 2039 3028 2095 de
3090 2037 3300 2094 loculis
3339 2036 3505 2094 nulla
3534 2041 3624 2094 est

1964 2130 2120 2193 facta
2140 2130 2382 2186 mentio.
2416 2131 2630 2187 Verum
2656 2144 2762 2202 per
2787 2144 3001 2184 aurum
3020 2132 3074 2184 et
3091 2131 3408 2196 argentum
3439 2125 3619 2183 etiam

1962 2219 2076 2276 hoc
2101 2219 2280 2275 simul
2308 2219 2519 2276 innuit.
2553 2221 2698 2275 Cum
2737 2219 2899 2274 enim
2941 2217 3040 2274 illa
3080 2216 3387 2288 possidere
3424 2219 3622 2272 vetas-

1965 2315 2073 2375 set,
2131 2309 2538 2375 manifestum,
2571 2308 2737 2380 quod
2779 2313 2839 2364 et
2895 2307 3009 2364 hoc
3061 2305 3472 2380 prohibuerit:
3518 2303 3622 2362 ubi

1962 2414 2228 2470 namque
2281 2415 2402 2454 non
2442 2406 2529 2455 est
2576 2399 2911 2468 thesaurus,
2969 2397 3171 2469 utique
3238 2393 3618 2467 superﬂuum

1962 2493 2050 2544 est
2124 2488 2384 2542 thesauri
2429 2487 2874 2559 repositorium.
2952 2487 3014 2542 In
3070 2501 3276 2559 peram
3321 2483 3620 2557 siquidem

1962 2594 2182 2650 panem
2227 2577 2671 2635 immittebant:
2725 2579 2783 2634 in
2828 2577 3205 2650 marsupium
3242 2591 3383 2631 vero
3422 2573 3623 2631 coria-

1962 2683 2158 2735 ceum,
2189 2667 2352 2740 quod
2379 2667 2672 2740 φασκώλιον
2700 2671 2938 2737 vocant,
2973 2683 3079 2732 ms,
3113 2668 3237 2721 sive
3266 2663 3499 2729 obolos,
3533 2677 3625 2720 re-

1963 2757 2262 2828 ponebant
2291 2773 2306 2823 ;
2337 2757 2396 2812 in
2430 2756 2660 2814 loculos
2685 2762 2907 2822 autem,
2954 2771 3168 2812 aurum
3195 2759 3252 2810 et
3277 2757 3618 2824 argentum.

1960 2845 2266 2923 ’Υστερησιν
2298 2851 2498 2903 autem
2530 2851 2702 2904 vocat
2725 2846 3012 2918 defectum
3045 2843 3369 2918 (inopiam).

2036 2937 2198 2991 Vers.
2235 2940 2322 2992 36.
2384 2937 2536 2992 Dicit
2588 2968 2655 2978 —
2696 2952 2910 3007 peram.
2937 2937 2979 3007 -ι-
3033 2935 3140 3002 Qui
3169 2934 3345 2990 habet
3373 2931 3616 2997 loculos,

1965 3026 2078 3082 hoc
2117 3030 2224 3092 est,
2257 3026 2584 3091 scientiam,
2623 3026 2790 3082 tollat
2821 3033 2875 3083 et
2902 3041 3128 3096 peram,
3161 3023 3512 3080 thesaurum
3541 3021 3624 3078 vi-

1966 3113 2175 3169 delicet
2205 3115 2508 3180 virtutum;
2538 3131 2677 3171 nam
2691 3115 2936 3171 habenti
2950 3113 3247 3170 scientiam
3269 3110 3620 3168 necessaria

260 3195 471 3271 ἀρετῶν.
547 3197 605 3250 Ὀ
659 3195 718 3250 δε
770 3204 840 3270 μή
899 3202 1034 3270 ἔχων
1087 3199 1348 3272 ἀμφότερα
1426 3200 1721 3258 πωλησάτω
1798 3203 1854 3252 τό

1976 3207 2104 3258 sunt
2125 3206 2182 3258 et
2203 3203 2487 3258 virtutum
2506 3204 2744 3260 divitias.
2770 3204 2874 3270 Qui
2895 3219 3037 3273 ergo
3051 3219 3168 3258 non
3197 3201 3380 3257 habet
3401 3204 3627 3256 utrum-

262 3287 464 3356 ἱμάτιον
490 3286 671 3352 αὐτοῦ,
700 3291 966 3339 τουτέστιν
1005 3285 1202 3340 ἐκδότω
1230 3292 1288 3340 τό
1335 3297 1486 3360 σῶμα
1536 3297 1640 3350 τοῖς
1684 3295 1858 3351 πόνοις

259 3378 348 3426 καὶ.
380 3374 589 3449 ἀρετῶν,
635 3381 723 3427 καὶ
753 3377 1041 3434 κτησάσθω
1071 3379 1288 3446 πόλεμον
1329 3381 1457 3438 πρὸς
1495 3379 1560 3430 τά
1588 3379 1728 3436 πάθη
1769 3383 1858 3430 καὶ

257 3467 373 3524 τοὺς
404 3459 695 3534 δαίμονας]

329 3558 455 3606 Τότε
511 3557 601 3626 μεν
677 3552 969 3624 ἀναγκαίως
1024 3555 1199 3617 αύτοῖς
1269 3554 1485 3614 ἐπέθηκε
1532 3561 1624 3615 τήν
1696 3555 1862 3614 ἀκτη-

259 3645 513 3714 μοσύνην,
588 3644 670 3694 ἶνα
721 3645 1127 3715 κατορθώσωσιν
1183 3643 1365 3702 αὑτήν·
1439 3644 1546 3698 ἐπεὶ
1597 3642 1656 3699 δε
1709 3654 1859 3699 τοῦτο

258 3736 482 3802 γέγονεν,
559 3730 767 3806 ἀφαιρεῖ
825 3740 912 3783 νύν
979 3737 1066 3790 τήν
1135 3731 1361 3804 ἀνάγκην
1417 3739 1506 3788 καὶ
1551 3743 1861 3810 παραχωρεῖ

258 3823 462 3882 τούτοις
519 3823 659 3892 ἔχειν
725 3825 815 3872 καὶ
866 3822 982 3892 (64)
1040 3820 1318 3894 βαλάντιον
1376 3829 1467 3877 καὶ
1530 3831 1722 3899 πήραν,
1780 3828 1861 3877 ἱνα

260 3918 390 3982 φανῇ
425 3913 617 3962 τούτων
647 3912 676 3968 η
722 3908 899 3982 ἀρετή,
945 3917 1113 3983 χωρὶς
1156 3911 1384 3984 ἀνάγκης
1415 3912 1856 3986 ἀκτημονούντων.

263 4005 361 4052 Καὶ
417 4004 658 4073 πρότερον
711 4003 800 4070 μὲν
876 4000 1027 4062 αύτός
1081 3997 1422 4063 διεϐάσταζεν
1479 4003 1689 4069 αύτούς,
1768 4005 1860 4056 ούκ

260 4087 352 4140 ἐῶν
402 4108 538 4151 τινος
585 4090 837 4162 ὑστερεῖν,
887 4085 980 4141 διὰ
1027 4094 1121 4148 τήν
1179 4089 1444 4144 ἀσθένειαν
1472 4093 1658 4145 αὐτῶν·
1711 4094 1860 4147 ὔστε-

1621 4186 1690 4244 ὡς
1751 4181 1856 4242 ἤδη

718 4273 1126 4339 γεγενημένους·
1195 4277 1347 4322 τούτο
1431 4273 1532 4343 γάρ
1605 4267 1860 4329 δηλοῦται

260 4359 350 4406 καὶ
393 4357 506 4426 (65)
559 4353 652 4409 διὰ
715 4365 806 4409 τού
873 4356 1153 4430 βαλάντιον
1212 4358 1324 4430 (66)
1376 4364 1465 4411 καὶ
1512 4369 1602 4420 τῆς
1669 4364 1854 4434 πήρας.

260 4197 345 4250 ρον
410 4175 468 4230 δὲ
531 4181 746 4238 τούτους
811 4177 976 4250 ἀφῆκε
1033 4177 1244 4250 βοηθεῖν
1326 4181 1542 4244 ἑαυτοῖς,

264 4266 621 4341 στερροτέρους

270 4447 368 4494 Καὶ
419 4445 499 4496 ὅτε
540 4449 628 4516 μὲν
678 4447 931 4499 ἐκώλυσεν
983 4446 1167 4508 αὐτοὺς
1225 4450 1367 4518 ἔχειν
1421 4447 1719 4520 βαλάντιον,
1770 4455 1860 4502 καὶ

1967 3308 2108 3364 que,
2139 3292 2350 3348 vendat
2380 3295 2644 3348 tunicam
2691 3308 2875 3358 suam,
2929 3292 2990 3348 id
3042 3301 3149 3358 est,
3189 3293 3452 3362 exponat
3482 3303 3628 3354 _cor-

1969 3395 2083 3453 pus
2108 3379 2415 3436 laboribus
2436 3381 2741 3447 virtutum,
2775 3387 2830 3437 et
2859 3385 3006 3438 emat
3035 3380 3329 3452 gladium,
3371 3377 3487 3434 hoc
3513 3381 3620 3444 est,

1969 3469 2209 3526 dimicet
2245 3471 2530 3526 adversus
2555 3469 2894 3527 atfectiones
2933 3474 2990 3527 et
3023 3470 3342 3528 demones.

2039 3561 2202 3615 Tunc
2220 3560 2462 3633 quidem
2480 3560 2816 3616 necessario
2842 3565 3163 3631 egestatem
3199 3559 3284 3614 eis
3309 3555 3622 3632 imposuit,

1971 3653 2035 3704 ut
2063 3650 2137 3704 ad
2169 3649 2325 3706 illam
2355 3649 2840 3723 accingerentur;
2866 3655 3184 3722 postquam
3235 3665 3376 3706 vero
3393 3648 3507 3704 hoc
3530 3661 3626 3704 ac-

1969 3743 2087 3793 tum
2106 3744 2210 3805 est,
2245 3739 2435 3795 aufert
2458 3755 2615 3794 nunc
2629 3739 3063 3804 necessitatem,
3087 3736 3439 3811 etpermittit
3461 3736 3546 3793 eis
3565 3739 3630 3792 ut

1969 3826 2200 3884 loculos
2216 3828 2475 3886 habeant
2499 3833 2555 3885 et
2587 3845 2812 3901 peram,
2841 3845 2962 3902 quo
2980 3829 3163 3885 virtus
3191 3843 3397 3884 eorum
3440 3841 3628 3900 appa-

1971 3923 2114 3984 reat,
2133 3919 2236 3990 qui
2251 3918 2410 3975 nulla
2429 3924 2676 3990 cogente
2690 3919 3036 3975 necessitate
3054 3917 3624 3989 sectanturinopiam

1970 4012 2028 4062 et
2057 4007 2317 4079 primum
2357 4009 2604 4081 quidem
2644 4011 2771 4079 ipse
2810 4009 3046 4066 tenebat
3081 4008 3232 4075 illos,
3267 4023 3389 4064 non
3421 4005 3624 4061 sinens

1974 4101 2034 4151 ut
2063 4095 2263 4168 aliquo
2288 4103 2546 4167 egerent,
2590 4104 2826 4171 propter
2871 4114 3078 4154 eorum
3105 4095 3574 4153 imbecillitatem
3610 4111 3624 4162 ;

1971 4184 2358 4256 postmodum
2390 4202 2530 4241 vero
2560 4185 2790 4242 dimisit
2817 4186 3005 4258 ipsos,
3039 4192 3103 4240 ut
3128 4185 3234 4241 sibi
3259 4184 3406 4257 ipsis
3429 4185 3628 4239 essent

1970 4272 2205 4337 auxilio,
2239 4275 2409 4345 quasi
2438 4275 2566 4344 jam
2601 4275 2960 4330 robustiores
2999 4273 3240 4331 effectos
3297 4287 3479 4330 :nam
3509 4270 3626 4326 hoc

1971 4361 2317 4433 perloculos
2342 4378 2411 4417 ac
2434 4378 2638 4434 peram
2661 4363 3044 4433 signiﬁcatur.
3080 4361 3227 4418 Cum
3258 4377 3401 4431 ergo
3431 4359 3626 4433 prohi-

1971 4451 2101 4506 buit
2128 4465 2232 4506 eos
2264 4451 2483 4507 habere
2504 4451 2735 4508 loculos
2765 4456 2822 4508 et
2858 4467 3061 4524 peram
3101 4467 3172 4508 ac
3199 4449 3434 4516 similia,
3485 4454 3627 4505 tunc

262 4536 454 4604 πήραν,
486 4539 575 4586 καὶ
608 4538 673 4588 τά
710 4545 946 4602 τοιαῦτα,
1006 4542 1118 4589 τότε
1149 4534 1357 4599 οὐδενὸς
1404 4539 1719 4612 ὑστέρησαν,
1779 4541 1854 4591 ἶνα

1976 4539 2139 4595 nullo
2167 4540 2570 4609 indiguerunt,
2601 4547 2664 4596 ut
2717 4541 2848 4610 ejus
2905 4540 3234 4612 potentiam
3269 4555 3340 4596 ac
3371 4537 3625 4612 gratiam

261 4630 424 4692 γνῶσι
445 4627 537 4680 τὴν
569 4624 723 4676 αὐτοῦ
755 4621 974 4698 δύναμιν
1005 4631 1092 4678 καὶ
1123 4630 1302 4698 χάριν
1347 4629 1428 4680 ὅτε
1459 4624 1516 4680 δὲ
1549 4635 1856 4702 παρεχώρη-

1971 4637 2365 4699 agnoscerent
2380 4648 2392 4698 ;
2407 4630 2654 4702 quando
2673 4645 2811 4687 vero
2824 4630 3102 4704 permisit
3120 4629 3294 4686 utilla
3317 4627 3622 4694 baberent,

265 4729 350 4762 σῖν
388 4713 529 4783 ἔχειν
559 4713 709 4778 αὐτὰ,
738 4720 852 4767 τότε
881 4720 970 4767 καὶ
1001 4713 1271 4768 ἐπείνασαν
1301 4715 1418 4787 (67)
1459 4721 1548 4770 καὶ
1596 4715 1854 4789 ἇδίψησαν

1976 4722 2112 4774 tunc
2142 4723 2198 4775 et
2248 4719 2582 4775 esurierunt
2615 4723 2671 4775 et
2701 4719 2966 4776 sitierunt
2995 4725 3051 4776 et
3079 4719 3412 4776 nuditatem
3464 4715 3626 4791 passi

259 4806 350 4852 καὶ
379 4800 787 4874 ἕγυμνήτευσαν,
822 4805 906 4856 ἶνα
923 4805 1131 4876 γνωσθῇ
1162 4807 1352 4858 τούτων
1393 4807 1422 4864 ἠ
1467 4805 1744 4882 στερρότης
1770 4814 1858 4861 καὶ

261 4896 528 4966 καρτερία.

335 5045 380 5080 ⁷¹
415 5046 570 5101 Matt.
601 5061 759 5114 xxvr,
790 5047 882 5103 34.

1969 4812 2127 4876 sunt,
2158 4813 2216 4865 ut
2245 4809 2514 4882 ipsorum
2534 4807 2815 4866 fortitudo
2853 4824 2924 4866 ac
2954 4808 3263 4869 tolerantia
3297 4822 3625 4881 cognosca-

1971 4901 2085 4955 tur.

1489 5156 1708 5225 Variae
1728 5155 2057 5227 lectiones
2089 5164 2156 5228 et
2183 5165 2387 5228 notas.

335 5322 447 5390 (55)
488 5325 594 5380 Τὴν
619 5319 724 5374 ἓκεί
745 5327 808 5378 Β.

335 5393 449 5468 (_56)
489 5393 723 5468 Abfiﬂp
759 5393 836 5449 ad
867 5399 1036 5468 χωρίς
1057 5395 1272 5452 omittit
1302 5395 1643 5454 Hentenius.

332 5464 446 5520 (57)
489 5464 799 5516 Βαλλαντίου
827 5464 894 5520 Α.

473 5534 957 5610 ,Συμπαρεδήλωσεν
988 5544 1040 5590 Β.

329 5609 443 5692 ςξρρ
482 5609 828 5692 meminit.
854 5616 917 5663 A-

333 5681 443 5751 (60)
482 5680 772 5751 Βαλλαντίῳ
807 5687 866 5734 Α.

259 5750 573 5879 ιθὲξᾶζολδ
599 5749 880 5827 ὑστέρησιν
903 5749 978 5808 ad
1011 5751 1193 5809 ﬁnem
1225 5752 1434 5810 scholii
1463 5753 1856 5814 omittit.Hen-

285 5835 476 5878 οηιιιε.

2040 5329 2155 5399 (62)
2187 5329 2320 5401 Haec
2350 5332 2600 5401 uterque
2631 5327 2691 5384 in
2722 5327 3013 5400 margine.

2065 5402 2158 5470 63)
2198 5400 2513 5453 Βαλλάιντονί
2526 5408 2563 5454 Α
2576 5440 2586 5451 .

2065 5402 2158 5470 63)
2198 5401 2503 5453 Βαλλάιντον
2526 5408 2586 5454 Α.

2041 5401 2154 5607 (64)
2186 5472 2290 5528 Καί
2317 5472 2530 5527 omittit
2564 5473 2629 5530 B.
2661 5471 2936 5524 Βαλλάτεον
2964 5471 3147 5529 habet
3186 5477 3255 5529 Δ.

2042 5548 2131 5607 (65
2188 5543 2293 5596 Καί
2329 5545 2496 5598 abest
2527 5545 2585 5598 Β.

2042 5543 2153 5608 (65)
2188 5543 2293 5596 Καί
2329 5545 2496 5598 abest
2527 5545 2585 5598 Β.

2039 5615 2150 5686 (66)
2189 5615 2463 5667 Βαλλατιον
2501 5617 2566 5680 Α,
2623 5619 2801 5686 atque
2838 5615 2920 5671 ita
2961 5619 3303 5672 constanter
3358 5613 3622 5670 disssen-

1970 5685 2120 5741 tiunt
2151 5688 2208 5741 in
2247 5686 2358 5742 hoc
2386 5686 2697 5742 vocabulo.

1953 5799 1957 5802 -
2039 5757 2156 5830 (67)
2184 5757 2491 5824 Ἐπεῖνησαν
2523 5764 2587 5816 Δ.
