4170 6438
182 0 1870 29 ——-—-————-————

613 402 747 463 £083

1929 403 2282 464 EUTHYMII
2333 403 2659 465 ZIGABENI

3867 407 4001 469 ίωί

683 531 926 598 Verum,
957 530 1468 605 quomododixit:
1503 532 1614 599 Qui
1650 531 1827 590 habet
1854 532 2096 599 loculos,
2129 547 2260 589 cum

2455 533 2591 587 Δλλὰ
2616 543 2724 597 πῶς
2756 535 2890 588 εἶπεν
2939 536 3020 588 ὅτι
3059 536 3086 589 ὁ
3127 538 3267 608 ἔχων
3315 535 3628 609 βαλάντιον;
3663 533 3852 599 οὐδεὶς
3897 541 3998 611 γὰρ

614 621 809 679 nullus
841 621 1069 679 illorum
1098 622 1346 680 haberet
1371 625 1400 680 ?
1428 625 1671 698 Capitur
1693 624 1895 698 itaque
1924 623 2118 693 habet,
2159 639 2269 698 pro

609 711 834 768 habere
867 717 1077 785 potest.
1827 751 1831 756 .

682 803 853 858 Vers.
889 807 982 859 36.
1021 805 1089 859 Et
1108 834 1176 845 —
1207 804 1486 873 gladium.
1516 833 1583 845 —
1613 804 1722 872 Qui
1747 820 1866 860 non
1891 803 2082 869 habet,
2107 819 2270 859 nunc

619 891 909 947 videlicet.
954 893 1122 958 Quod
1161 900 1359 949 autem
1384 894 1692 966 sequitur:
1733 895 1955 950 Vendat
2008 894 2269 950 tunicam

613 996 797 1046 suam,
827 989 881 1039 et
905 990 1058 1039 emat
1088 983 1369 1052 gladium,
1385 999 1492 1055 per
1515 984 1851 1054 emphasim
1880 984 2044 1048 dixit,
2074 984 2270 1039 solum

621 1071 946 1127 ostendens
967 1088 1095 1127 esse
1127 1078 1363 1144 tempus
1381 1071 1642 1136 ultionis,
1665 1072 2059 1138 venientibus,
2083 1087 2273 1145 quan-

614 1164 742 1216 tum
785 1176 1098 1232 nunquam
1141 1161 1310 1226 alias,
1345 1162 1859 1233 persecutionibus
1901 1176 1914 1216 :
1961 1176 2083 1217 non
2109 1161 2273 1233 quod

619 1248 836 1319 gladiis
878 1251 1000 1306 vim
1041 1249 1289 1321 prOpelli
1347 1249 1522 1306 vellet
1580 1268 1594 1317 ;
1627 1265 1765 1305 nam
1802 1253 2035 1306 Petrum
2078 1249 2160 1305 ita
2189 1249 2275 1306 ul-

617 1337 754 1394 cisci
793 1338 1092 1395 volentem
1147 1339 1526 1412 postmodum
1587 1339 1915 1411 prohibuit.

693 1428 937 1500 Intelligi
958 1435 1157 1485 autem
1177 1434 1235 1485 et
1253 1429 1366 1484 alio
1385 1428 1566 1485 modo
1598 1435 1808 1501 potest,
1825 1432 1888 1485 ut
1906 1429 2132 1485 dictum
2158 1427 2276 1501 pri-

619 1533 788 1574 mum
811 1517 1151 1580 sitdeluda,
1169 1518 1465 1591 siquidem
1492 1517 1656 1575 solus
1696 1517 1791 1574 ille
1834 1517 2063 1573 loculos
2094 1518 2269 1574 habe'

615 1608 735 1672 bat,
773 1612 1063 1682 tanquam
1095 1609 1168 1664 ab
1194 1609 1440 1664 avaritia
1469 1608 1529 1664 in
1579 1609 1918 1664 servitutem
1945 1608 2221 1664 redactus
2253 1625 2268 1665 ε

605 1697 780 1772 jubet
803 1699 1026 1770 itaque,
1057 1701 1122 1753 ut
1149 1698 1413 1770 ipse,qui
1445 1698 1670 1753 loculos
1698 1697 1896 1764 habet,
1929 1697 2094 1754 tollat
2119 1699 2269 1754 simi-

614 1787 747 1843 liter
775 1792 831 1843 et
853 1803 1080 1859 peram,
1113 1787 1230 1842 hoc
1254 1794 1361 1852 est,
1402 1787 1549 1844 dese
1568 1788 1692 1859 ipso
1724 1792 1907 1851 curet,
1936 1804 2071 1843 cum
2092 1787 2269 1857 iama

2381 622 2548 676 αὐτῶν
2578 623 2744 697 εἶχεν.
2777 623 2938 678 Ὥστε
2961 628 3042 689 τὸ,
3074 627 3100 679 ὀ
3135 629 3292 698 ἔχων,
3324 626 3437 682 ἀντὶ
3466 623 3578 693 τού,
3620 629 3645 680 ὀ
3701 624 3996 700 δυνάμενος

2380 715 2539 785 ἲχειν.

2455 805 2556 857 Καὶ
2597 834 2666 843 -
2704 805 2997 877 μάχαιραν.
3027 804 3086 857 ’0
3117 809 3187 877 μὴ
3221 805 3358 877 ἐχων
3386 814 3494 859 νῦν.
3527 810 3598 860 Τό
3637 802 3697 859 δε
3746 806 3990 865 Πωλὴσει

2380 896 2438 944 τὸ
2502 895 2706 965 ἱμάτιον
2785 893 2966 958 αὐτοῦ,
3039 900 3128 947 καὶ
3203 895 3453 970 ἀγοράσει
3520 899 3826 970 μάχαιραν,
3877 898 3988 949 κατ’

2381 985 2602 1052 ἔμφασιν
2646 979 2802 1046 εἶπεν,
2871 982 3126 1055 ἐμφαίνων
3177 989 3330 1057 μόνον
3379 987 3459 1037 ὅτι
3514 989 3692 1059 καιρὸς
3765 984 3984 1057 ἀμύνης,

2382 1068 2674 1143 ἐρχομένων
2732 1074 2852 1124 ὅσον
2930 1077 3073 1124 οὔπω
3127 1082 3224 1126 τῶν
3277 1073 3581 1139 ἐπιϐούλων,
3652 1075 3710 1126 ού
3773 1081 3882 1147 μὴν
3944 1076 3986 1127 ἐν

2381 1167 2677 1233 μαχαίραις
2707 1160 2994 1228 ἀμύνεσθαι
3022 1161 3332 1235 βουλόμενος
3364 1183 3379 1197 ·
3410 1169 3502 1216 καὶ
3527 1166 3629 1238 γὰρ
3657 1164 3885 1239 ὕστερον
3908 1169 3986 1218 τὸν

2385 1255 2574 1324 Πέτρον
2598 1253 2756 1312 οὕτως
2779 1249 3092 1324 ἀμυνόμενον
3132 1252 3293 1305 ἐκωλυ
3303 1272 3385 1310 σε.

2453 1432 2680 1488 Νοηθείη
2741 1426 2791 1483 δ’
2847 1429 2908 1482 ἂν
2968 1435 3059 1483 καὶ
3108 1431 3222 1502 (68)
3274 1431 3393 1484 καθ’
3473 1433 3647 1506 ἕτερον
3685 1437 3886 1508 τρόπον
3930 1439 3977 1487 τὸ

2381 1521 2472 1590 μὶν
2537 1528 2738 1591 πρῶτον
2808 1520 2963 1594 ῥητὸν
3037 1525 3150 1594 περὶ
3228 1528 3320 1574 τοῦ
3393 1518 3594 1576 ’1ούδα’
3662 1527 3828 1595 μόνος
3891 1529 3974 1596 γὰρ

2381 1606 2564 1669 ἐκεῖνος
2607 1605 2719 1680 εἶχε
2766 1607 3065 1680 βαλάντιον,
3121 1617 3183 1681 τῇ
3257 1609 3575 1684 φιλαργυρίᾳ
3661 1608 3970 1685 δεδουλωμέ-

2378 1717 2461 1759 νος
2517 1718 2530 1732 ο
2590 1704 2679 1751 καὶ
2721 1697 2901 1751 λοιπὸν
2947 1699 3206 1752 κελεύεται
3256 1700 3369 1771 (69)
3442 1695 3566 1772 ἆραι
3632 1706 3726 1755 καὶ
3798 1709 3963 1774 πήραν,

2379 1790 2561 1858 ἤγουν,
2613 1788 2902 1860 φροντίζειν
2967 1787 3173 1852 ἐαυτοῦ,
3230 1796 3326 1851 τῆς
3381 1792 3520 1852 θείας
3570 1796 3824 1862 προνοίας
3876 1790 3951 1849 ἣδε

615 1877 822 1933 divina
836 1876 1592 1948 providentiasitabjectus,
1621 1877 1956 1933 secundum
1986 1893 2124 1933 vero
2148 1877 2260 1933 dic-

2379 1877 2686 1952 ἀποῤῥαγείς
2719 1894 2735 1908 ⁸
2782 1881 2839 1929 τὸ
2894 1873 3132 1951 δεύτερον
3195 1874 3253 1930 δι
3307 1883 3423 1950 περὶ
3479 1887 3582 1931 τῶν
3635 1880 3809 1932 ἄλλων
3862 1882 3950 1932 ire-

614 1970 740 2021 tum
763 1965 837 2021 sit
863 1965 1166 2020 deczeteris
1198 1963 1478 2036 apostolis
1520 1982 1533 2030 ;
1579 1981 1720 2021 nam
1769 1963 1937 2038 ipsis,
1988 1966 2091 2039 qui
2143 1981 2266 2022 non

612 2053 1127 2124 habebant,jubet
1155 2054 1491 2110 utvendant
1512 2058 1779 2111 tunicam
1809 2061 1864 2111 et
1891 2062 2093 2111 emant
2144 2055 2266 2129 gla-

613 2143 804 2211 dium,
839 2142 902 2198 id
933 2150 1039 2208 est,
1062 2144 1300 2199 tradant
1325 2159 1543 2214 corpus
1586 2152 1641 2200 et
1673 2151 1922 2201 mortem
1955 2145 2266 2215 recipiant.

691 2233 862 2289 Vers.
889 2235 977 2288 37.
999 2235 1135 2289 Dico
1156 2265 1222 2274 —
1243 2240 1547 2306 reputatus
1570 2239 1668 2291 est.
1689 2266 1755 2276 —
1782 2236 1948 2302 Quod
1978 2237 2266 2303 scriptum

611 2330 694 2381 est
736 2324 793 2380 in
817 2324 1439 2396 propheta.Tanquam
1458 2326 1721 2398 iniquum
1737 2327 1893 2381 enim
1911 2332 1966 2382 et
1985 2326 2269 2381 facinoro-

611 2429 745 2470 sum
772 2414 829 2470 in
862 2414 1060 2470 medio
1104 2414 1449 2486 iniquorum
1477 2421 1533 2471 et
1577 2415 2050 2472 facinorosorum
2090 2415 2270 2472 latro-

610 2518 757 2559 num
787 2505 1208 2559 crucitixerunt
1242 2503 1431 2560 Illum.

681 2593 951 2652 Vers.37.
986 2593 1202 2650 Etenim
1250 2623 1323 2637 —
1373 2594 1610 2652 habent.
1660 2596 1803 2660 Qum
1857 2594 1933 2651 de
1992 2610 2086 2652 me
2125 2595 2269 2651 scri-

609 2686 714 2756 pta
749 2688 887 2740 sunt
918 2683 976 2738 in
1010 2683 1134 2754 lege
1161 2698 1233 2738 ac
1272 2683 1599 2754 prophetis,
1625 2684 1755 2756 jam
1788 2684 2192 2757 perﬁciuntur.

683 2772 824 2830 Vera
845 2776 932 2828 38.
969 2773 1046 2828 At
1084 2772 1184 2828 illi
1220 2803 1287 2813 -
1317 2773 1445 2828 duo.
1473 2773 1615 2830 Cum
1671 2789 1792 2830 non
1846 2773 2270 2832 intellexissent

610 2862 757 2936 quid
789 2861 899 2918 sibi
927 2860 1295 2917 volebathoc
1323 2861 1538 2918 verbo:
1570 2861 1810 2928 Quinon
1837 2862 2026 2927 habet,
2057 2863 2266 2920 vendat

612 2953 874 3009 tunicam
905 2967 1071 3008 suam
1100 2957 1153 3007 et
1171 2958 1321 3007 emat
1361 2950 1631 3022 gladium
1661 2953 1728 3015 ⁷³,
1757 2953 2083 3008 ostendunt
2112 2953 2266 3008 duos

613 3041 867 3112 gladios,
899 3040 1122 3113 quibus
1152 3039 1243 3096 usi
1273 3040 1507 3097 fuerant
1558 3041 1636 3096 ad
1684 3041 2154 3098 immolationem
2197 3057 2266 3099 ac

615 3131 968 3188 divisionem
991 3131 1152 3200 agni,
1167 3131 1473 3204 cupientes
1489 3131 1539 3201 ej
1552 3147 1616 3186 us
1634 3131 1863 3188 discere
1877 3132 2262 3189 intentionem

687 3222 859 3277 Vers.
892 3223 981 3277 38.
1001 3221 1460 3290 Ipsevero—est.
1480 3221 1624 3277 Hinc
1650 3221 1850 3278 adhuc
1876 3223 2067 3291 magis
2082 3229 2265 3296 patet.
2306 3247 2345 3301 α

614 3311 780 3385 quod
809 3325 929 3367 non
955 3310 1166 3380 gladiis
1195 3310 1395 3367 ulcisci
1444 3326 1505 3367 se
1531 3311 1762 3378 volens,
1787 3312 2046 3383 jnsserat
2070 3328 2267 3369 emere

612 3400 850 3473 gladios
875 3425 886 3465 ;
921 3417 1062 3457 nam
1083 3402 1129 3456 si
1163 3400 1220 3456 id
1250 3400 1555 3465 voluiseet,
1581 3402 1892 3474 quomodo
1910 3419 2069 3459 nunc
2095 3403 2270 3459 dixis-

612 3496 734 3548 set:
768 3493 928 3549 Satis
956 3498 1033 3548 est
1058 3491 1088 3548 ἵ
1111 3489 1410 3562 siquidem
1442 3507 1637 3562 neque
1665 3497 1902 3547 centum
1938 3492 2117 3559 gladii
2148 3491 2269 3547 suf-

611 3581 894 3638 fecissent
913 3581 985 3636 ad
1014 3580 1365 3636 irruentium
1385 3581 1852 3638 multitudinem.
1874 3582 2076 3655 Itaque
2103 3580 2269 3654 quod

611 3668 794 3726 dixit:
823 3669 982 3726 Satis
1007 3675 1109 3736 est,
1138 3669 1594 3742 ostendit,quod
1610 3669 2262 3740 nullaeratgladiorum

609 3758 956 3815 necessitas.

685 3848 844 3903 Vere.
879 3851 966 3904 39.
1027 3849 1090 3903 Et
1119 3878 1186 3890 —-
1226 3849 1389 3903 Vera.
1448 3849 1536 3903 42.
1603 3847 1727 3917 ﬁat.
1778 3847 1998 3903 Catera
2027 3847 2268 3919 quidem

615 3935 942 3992 manifesta
955 3941 1117 4003 sunt;
1143 3935 1218 3992 de
1231 3936 1500 3992 oratione
1522 3951 1660 3990 vero
1680 3951 1879 4009 quaere
1893 3938 2270 4005 sexagesimo

613 4030 830 4098 quarto
855 4025 1153 4095 Evangelii
1179 4025 1350 4094 juxta
1375 4023 1691 4080 Mattheum
1721 4025 1912 4095 capite
1942 4025 2086 4081 dicit
2116 4024 2271 4082 illius

616 4116 1057 4172 enarrationem
1088 4134 1101 4174 :
1136 4117 1198 4170 Et
1208 4129 1561 4186 progressus
1584 4113 1890 4184 pusillum,
1919 4115 2180 4184 procidit
2210 4117 2271 4172 in

609 4204 823 4276 faciem
849 4219 1016 4261 suam
1034 4205 1105 4272 ⁷³,
1129 4220 1198 4260 ac
1229 4209 1438 4260 caetera
1466 4218 1602 4276 quin
1632 4210 1984 4276 sequuntur.

686 4294 854 4351 Vers.
885 4298 972 4352 43.
1005 4293 1298 4364 Apparuit
1326 4326 1394 4334 —
1428 4293 1583 4349 Vers.
1628 4296 1719 4352 44.
1761 4298 2002 4351 terram.
2051 4293 2270 4351 Eodem

623 4383 812 4458 capite
851 4384 1060 4440 horum
1086 4384 1358 4440 omnium
1387 4381 1543 4438 facta
1573 4390 1660 4438 est
1717 4384 1960 4447 mentio,
2009 4383 2271 4456 dataque

618 4473 1046 4546 interpretatio,
1077 4477 1135 4529 et
1161 4471 1234 4528 ibi
1255 4471 1382 4541 lege
1404 4471 1734 4527 verbiillius
1764 4471 2229 4528 declarationem
2256 4488 2267 4527 :

618 4564 698 4664 ξι
737 4563 961 4621 relictis
990 4561 1323 4664 illim-abiit
1352 4563 1567 4664 iterum
1601 4567 1655 4618 et
1685 4562 1874 4618 oravit
1914 4563 2086 4620 tertio
2116 4577 2274 4619 eum-
2305 4607 2350 4664 Β

621 4653 753 4710 dem
774 4669 1088 4710 sermonem
1116 4652 1311 4709 dicens
1338 4653 1405 4705 ".

688 4745 852 4798 Vers.
878 4744 1055 4798 45.157
1075 4758 1206 4798 cum
1221 4740 1571 4798 surrexisset
1594 4772 1662 4782 —
1689 4740 1850 4796 Vers.
1891 4742 1980 4796 46.
2011 4740 2280 4797 tentatia-

618 4847 768 4888 nem.
785 4829 1395 4903 Consequenterdicto
1410 4829 1602 4902 capite
1615 4829 1749 4898 lega
1768 4844 1836 4884 ea
1854 4846 1987 4901 quae
2013 4845 2270 4902 sequun-

615 4925 729 4987 tur,
745 4925 799 4976 et
815 4919 892 4976 ab
908 4919 1020 4976 illis
1041 4919 1216 4976 etiam
1236 4919 1364 4975 hinc
1381 4917 1864 4976 manifestissime
1880 4934 2230 4990 cognosces.

689 5099 736 5134 τ’
766 5097 904 5154 Luc.
933 5113 1076 5164 xxn,
1109 5097 1196 5154 36.
1273 5098 1323 5133 ⁷⁸
1366 5095 1571 5153 Matth.
1599 5112 1757 5163 xxvn,
1789 5097 1876 5154 39.
1955 5099 2004 5132 τι
2030 5096 2178 5153 Ibid.
2202 5101 2290 5154 44.

2381 1966 2572 2019 στόλων
2608 1983 2620 1995 ·
2649 1967 2792 2018 οὗτοι
2828 1969 2929 2037 γὰρ
2963 1971 3034 2036 μὴ
3077 1969 3300 2037 ἔχοντες,
3339 1964 3702 2020 ἐπιτάττονται
3743 1970 3960 2028 πωλῆσαι

2375 2059 2433 2107 τὸ
2470 2057 2674 2126 ἱμάτιον
2702 2061 2791 2108 καὶ
2833 2054 3095 2124 ἀγοράσαι
3122 2058 3417 2129 μάχαιράν,
3450 2060 3696 2110 τουτέστε
3727 2055 3899 2112 δοῦναι
3915 2063 3962 2111 τὸ

2380 2153 2553 2216 σῶμα,
2585 2150 2673 2197 καὶ
2705 2143 2994 2197 ἀντιλαϐεῖν
3025 2147 3267 2199 θάνατον.

2451 2238 2600 2304 Λέγω
2682 2264 2751 2275 -
2840 2233 3114 2304 ἐλογίσθη.
3210 2237 3280 2286 Τὸ
3364 2240 3716 2309 γεγραμμένον
3792 2237 3839 2289 ἐν
3900 2247 3963 2306 τῷ

2377 2330 2635 2396 προφήτῃ.
2710 2323 2799 2386 Ὠς
2877 2326 3067 2395 ἄνομον
3127 2327 3230 2396 γὰρ
3307 2329 3396 2376 καὶ
3472 2333 3752 2401 κακοῦργον
3813 2331 3961 2398 μέσον

2376 2421 2475 2463 τῶν
2546 2412 2745 2473 ἀνόμων
2829 2419 2917 2466 καὶ
2994 2416 3292 2488 κακούργων
3371 2413 3576 2487 λςστῶν
3645 2413 3959 2488 ἐσταύρωσαν

2376 2519 2558 2557 αντον.

2448 2596 2549 2645 Καὶ
2585 2595 2688 2664 γὰρ
2734 2622 2789 2632 -
2821 2595 2955 2663 ἔχει.
2983 2595 3059 2645 τὰ
3079 2597 3197 2666 περὶ
3232 2590 3356 2664 ἐμοῦ
3381 2596 3686 2664 γεγραμμένα
3716 2592 3764 2642 ἐν
3793 2607 3844 2642 τε
3868 2597 3938 2659 τῷ

2375 2683 2513 2751 νόμῳ
2544 2687 2633 2732 καὶ
2661 2688 2770 2743 τοῖς
2800 2687 3087 2753 προφήταις
3111 2681 3396 2734 τελειοῦται
3419 2679 3535 2740 ἤδη.

2447 2772 2513 2822 Οί
2566 2767 2623 2823 δε
2667 2801 2737 2811 —
2796 2767 2911 2825 δύο.
2979 2776 3062 2829 Μὴ
3125 2776 3401 2836 συνιέντες,
3456 2776 3501 2824 τί
3545 2767 3720 2828 ἐδήλου
3771 2773 3850 2821 τὸ·
3895 2767 3955 2820 ’0

2374 2861 2445 2931 μή
2503 2863 2638 2930 ἔχων
2688 2860 2920 2919 πωλήσει
2971 2861 3085 2930 (Ἱο)
3139 2864 3196 2912 τὸ
3247 2863 3451 2932 ἱμάτιον
3492 2861 3647 2913 αὐτοῦ
3695 2864 3783 2912 καὶ
3840 2857 3957 2930 ἁγο-

2374 2951 2525 3022 ροίσει
2570 2949 2841 3021 μάχαιραν
2874 2969 2886 2982 ·
2940 2946 3348 3002 ύποδεικνύουσι
3399 2946 3500 3003 δύο
3551 2954 3838 3022 μαχαίρας,
3894 2949 3951 3006 αἷς

2377 3036 2674 3109 ἐχρήσαντο
2727 3043 2852 3111 πρὸς
2911 3040 3096 3090 θυσίαν
3163 3046 3255 3090 τοῦ
3319 3037 3482 3111 ἀμνοῦ
3543 3044 3634 3092 καὶ
3701 3034 3954 3110 διανομὴν.

2379 3125 2684 3199 βουλόμενοι
2711 3129 2892 3199 μαθεῖν
2919 3131 3005 3178 τὸν
3038 3133 3230 3180 σκοπόν
3262 3127 3443 3181 αὐτοῦ.

2446 3216 2504 3270 Ὀ
2564 3213 2623 3270 δί
2697 3215 2828 3269 ἐστὶ.
2908 3221 3126 3290 Φανερὸν
3199 3216 3386 3290 μᾶλλον
3454 3216 3680 3270 ἐντεῦθεν
3735 3221 3814 3272 ὅτι
3882 3216 3960 3268 οὐκ

2379 3305 2427 3357 ἐν
2498 3311 2774 3377 μαχαίρας
2827 3305 3124 3377 ἀμύνασθαι
3198 3307 3313 3376 (7i)
3371 3305 3682 3378 βουλόμενος
3751 3307 3960 3368 ἐπέταξεν

2380 3394 2640 3469 ἀγοράσαι
2697 3401 2966 3467 μαχαίρας
3018 3412 3031 3426 °
3096 3395 3139 3448 εἰ
3185 3399 3286 3467 γὰρ
3340 3404 3493 3448 τοῦτο
3543 3395 3800 3456 ἐϐούλετο,
3872 3405 3962 3456 πῶς

2380 3481 2486 3538 εἶπε
2546 3493 2632 3536 νῦν
2693 3486 2773 3537 ὅτι
2827 3485 3019 3538 Ἱκανόν
3074 3483 3244 3550 laris;
3295 3485 3355 3537 ού
3402 3488 3503 3560 γὰρ
3572 3484 3633 3536 ἂν
3701 3485 3961 3560 ἐξήρκεσαν

2379 3571 2495 3626 οὐδ’
2523 3574 2701 3626 ἑκατὸν
2741 3576 3008 3649 μάχαιραι
3039 3577 3167 3646 πρὸς
3211 3577 3270 3626 τὸ
3323 3573 3522 3636 πλῆθος
3559 3584 3659 3626 τῶν
3717 3575 3960 3628 ἐπιόντων.

2381 3667 2576 3716 Λοιπὸν
2621 3664 2708 3716 οὗν
2753 3664 2924 3728 εἰπὼν,
2976 3665 3055 3716 ὃτι
3097 3663 3290 3717 Ἱκανόν
3328 3666 3487 3731 ἐστιν,
3536 3663 3769 3737 ἐνέφηνεν
3808 3669 3880 3718 ὅτι
3917 3663 3963 3716 ού

2379 3760 2535 3827 χρεία
2563 3763 2862 3827 μαχαιρῶν.

2454 3849 2553 3897 Καὶ
2601 3874 2670 3884 -
2716 3845 2957 3914 γενέσθω.
3021 3847 3097 3896 Τὰ
3154 3847 3244 3914 μεν
3295 3842 3424 3895 ἄλλα
3467 3852 3605 3916 σαφῆ
3659 3843 3771 3898 εἰσι
3804 3860 3817 3874 ·
3868 3845 3968 3914 περὶ

2381 3929 2440 3986 δέ
2525 3941 2622 3993 τῆς
2671 3940 2978 4005 προσευχῆς
3039 3932 3269 3992 ζήτησον
3344 3932 3394 3984 ἐν
3456 3942 3529 4002 τῷ
3588 3932 3859 4002 ἑξηκοστῷ
3907 3950 3968 3982 τε·

2378 4026 2550 4095 τάρτῳ
2575 4022 2834 4093 κεφαλαίῳ
2863 4030 2953 4073 τοῦ
2983 4025 3118 4072 κατὰ
3146 4023 3412 4075 Ματθαίον
3439 4027 3532 4080 τὴν
3565 4021 3823 4094 ἐξήγησιν
3853 4028 3965 4074 τοῦ·

2382 4116 2482 4164 Καὶ
2501 4111 2799 4185 προσελθὼν
2822 4111 2934 4180 (⁸72)
2960 4115 3163 4184 μικρὸν,
3185 4113 3359 4164 ἐπεσεν
3387 4110 3470 4164 ἐπὶ
3495 4117 3784 4185 πρόσωπον
3801 4113 3964 4173 αὑτοῦ,

2377 4206 2465 4252 καὶ
2486 4202 2549 4252 τά
2574 4200 2658 4263 ἐξῆ
2672 4219 2712 4261 ς.

2449 4289 2621 4362 Ὠφοη
2694 4320 2758 4329 -
2810 4297 2933 4359 γῆν.
2998 4288 3080 4343 Ἐν
3134 4297 3206 4358 τῷ
3285 4289 3428 4359 αύτῷ
3494 4289 3759 4363 κεφαλαίῳ
3822 4297 3970 4343 ταῦτα

2380 4381 2548 4431 πάντα
2612 4378 3068 4450 ἐμνημόνεύθησάν
3126 4397 3179 4431 τε
3225 4384 3315 4430 καὶ
3373 4381 3808 4452 ἠρμηνεύθησαν.
3883 4383 3969 4432 Καὶ

2382 4468 2639 4538 ἀνάγνωθι
2670 4467 2772 4520 iui
2816 4473 2907 4526 τὴν
2952 4468 3221 4539 ἑρμηνείαν
3269 4475 3380 4520 τοῦ·
3434 4474 3534 4522 Καὶ
3575 4469 3717 4540 ἀφεὶς
3776 4470 3966 4536 αύτούς,

2382 4557 2610 4610 amicas
2639 4557 2812 4620 πάλιν,
2842 4558 3175 4630 προσηύξατο
3205 4560 3257 4608 ἐκ
3287 4562 3488 4630 τρίτου,
3529 4562 3615 4610 τὸν
3646 4559 3811 4611 αὐτὸν
3840 4558 3974 4627 λόγον

2385 4647 2555 4700 εἰπών.

2460 4741 2559 4789 Καὶ
2654 4734 2878 4796 αναστὰς
2954 4735 3067 4806 (73)
3138 4766 3206 4777 -
3285 4739 3594 4807 πειρασμόν.
3668 4736 3973 4792 Ἀκολούθως

2379 4824 2428 4878 ἐν
2483 4834 2554 4896 τῷ
2607 4825 2748 4896 αύτῷ
2794 4825 3053 4897 κεφαλαίῳ
3098 4828 3160 4878 τὰ
3214 4825 3326 4888 ἑξῆς
3392 4823 3670 4896 ἀνάγνωθι,
3739 4831 3832 4878 καὶ
3896 4824 3969 4875 ἐπ’

2378 4919 2580 4972 ἐκείνων
2621 4921 2770 4971 ἔσται
2806 4937 2890 4971 σοι
2945 4923 3034 4971 καὶ
3077 4921 3271 4971 τούτων
3319 4919 3615 4991 σαφεστάτη
3671 4915 3967 4992 διῶγνιισις.

1817 5274 2370 5346 Varielectiones
2400 5281 2468 5344 et
2505 5284 2706 5344 notae.

687 5471 805 5546 (68)
836 5471 981 5546 Καθ’
1009 5471 1267 5546 abestA.

688 5541 804 5610 (69)
833 5543 893 5596 Ὀ
927 5541 1150 5606 Ἰούδας.

691 5614 806 5687 (70)
831 5619 1179 5672 Constanter
1219 5630 1362 5686 ergo
1395 5614 1660 5687 futurum
1686 5614 2030 5671 habetcum
2075 5614 2277 5670 melio-

616 5685 1132 5746 ribus'codicibus.
1169 5685 1423 5757 Vulgata
1453 5685 1624 5742 lectio
1650 5687 1883 5759 invecta
1906 5693 1997 5743 est
2026 5701 2131 5759 per
2156 5687 2278 5744 Ori-

620 5759 844 5827 ginem.
897 5760 1064 5817 Tom.
1120 5759 1212 5827 Ill,
1270 5774 1331 5832 p.
1375 5761 1476 5814 653
1536 5760 1602 5825 Δ,
1661 5763 1719 5815 et
1770 5757 2075 5832 Chrysost.
2125 5762 2274 5816 ωω.

617 5830 732 5890 VII.
756 5846 816 5890 ι).
849 5832 952 5890 797
984 5835 1052 5890 C.

716 5846 816 5906 ,p.
849 5836 952 5890 797
984 5836 1052 5890 c.

2609 5470 2948 5546 ’Apéuaaat.
2977 5477 3032 5525 B.

2615 5543 3030 5628 ἱαὶιπροελθώνε
3070 5547 3125 5596 Β.

2458 5610 2574 5693 (ἶ3)
2637 5619 2757 5693 ttat,
2787 5610 2953 5670 'ante
2996 5610 3252 5693 firmari}:
3297 5610 3460 5693 quod
3517 5610 3668 5693 alter
3718 5621 3968 5693 macrum

2383 5683 2603 5769 omittit
2643 5688 2702 5743 in
2748 5702 2859 5743 suo
2902 5684 3108 5742 codice
3153 5683 3387 5742 videtur
3431 5683 3726 5758 reperisse
3789 5683 3968 5738 ﬂente-
