4170 6438
191 375 330 438 1085

1267 373 1614 434 COMMENT
1651 373 1723 432 IN
1761 372 2030 432 LUCAM.
2070 406 2139 418 —
2175 373 2332 431 CAP.
2372 373 2572 430 XXIII.

3427 365 3567 426 1086

260 507 378 561 Ἔτι
414 502 474 560 δι
526 537 593 548 —
631 504 797 563 ἐστιν.
863 506 948 559 Ἐν
991 513 1066 577 τῷ
1119 503 1385 575 ἑξηκοστῷ
1427 509 1646 576 πέμπτῳ
1703 521 1786 555 κε·

1973 501 2140 557 Vers.
2171 503 2261 558 47.
2284 499 2500 556 Adhuc
2520 503 2715 557 autem
2739 529 2806 540 —
2822 501 2920 553 est.
2941 493 3327 566 Sexagesima
3343 492 3556 566 quinto

195 597 391 670 φαλαίῳ
464 604 554 648 τοῦ
627 599 761 648 κατά
809 598 1078 649 Ματθαίον
1137 599 1342 668 εἰρηται
1397 599 1515 666 περὶ
1591 595 1787 644 τούτων

196 684 434 760 ἀκριϐῶς.
464 688 771 757 Προὴρχετο
798 680 858 736 di:
884 683 1086 753 αὐτοὺς,
1118 681 1233 734 ἀντὶ
1257 689 1370 748 τοῦ,
1401 679 1787 755 προελάμϐανεν

196 774 402 836 αὐτοὺς.

265 863 321 915 '0
362 859 422 916 δι
452 863 657 925 Ἰησοῦς
707 893 772 904 --
817 862 996 916 αὐτὸν.
1039 860 1264 934 Ὀμοίως
1294 859 1341 913 ἐν
1373 860 1546 932 ἐκείνῳ
1577 862 1643 913 τὰ
1674 859 1793 922 ἑξῆς

199 949 470 1022 ἀνάγνωθι,
517 957 605 1004 καὶ
652 955 846 1004 τούτων
893 954 1094 1004 πάντων
1150 953 1388 1024 εὑρήσεις
1437 949 1668 1025 ἀκριϐεῖς
1705 952 1794 1010 τὰς

195 1038 390 1101 λύσεις.

267 1126 389 1182 Εἶπε
433 1161 499 1171 -
557 1129 660 1203 ἐμέ.
720 1131 857 1184 Ἐκεῖ
911 1135 1001 1183 καὶ
1052 1135 1167 1206 περὶ
1218 1132 1412 1182 τούτῶν
1454 1132 1658 1203 εἴρηται
1704 1131 1794 1180 καὶ

195 1218 508 1292 ἠκρίϐωται.

267 1308 400 1362 Ἀλλ’
454 1339 523 1349 —
575 1312 703 1384 ὥρα.
765 1310 847 1364 Ἐν
985 1306 1206 1383 δύναμιν
1250 1307 1451 1362 ἐλαϐετε
1498 1307 1613 1361 κατ’
1663 1307 1790 1380 ἐμοῦ

199 1399 385 1450 θεόθεν.

269 1492 369 1540 Καὶ
446 1489 476 1546 ἠ
555 1486 767 1551 ἐξουσία
840 1497 932 1541 τοῦ
1000 1494 1234 1550 σκότους.
1305 1493 1492 1550 Σκοτος
1569 1488 1794 1541 ἐνταῦθα

195 1576 326 1648 λέγει
383 1580 468 1629 τὸν
519 1573 782 1630 διάϐολον⁶
842 1577 988 1632 ἔλαϐε
1032 1582 1135 1652 γὰρ
1187 1583 1277 1631 καὶ
1334 1580 1491 1640 αὐτὸς
1553 1578 1793 1642 ἐξουσίαν

198 1671 312 1718 τότε
365 1667 480 1719 κατ’
525 1667 704 1722 αὑτοῦ.
759 1668 979 1740 Ὁμοίως
1026 1665 1084 1721 δε
1142 1674 1232 1721 καὶ
1280 1671 1305 1720 ὁ
1365 1669 1606 1734 Πιλάτος,
1665 1671 1794 1740 πρὸς

205 1757 223 1766 I'
379 1753 398 1769 9

198 1775 250 1806 ον
353 1775 507 1809 ειπωμ

612 1757 723 1809 Οὔκ
811 1754 952 1828 εἶχες
1041 1758 1280 1821 ἐξουσίαν
1355 1755 1605 1830 οὐδεμίαν
1679 1757 1793 1810 κατ’

1905 595 2061 649 Evan
2073 591 2550 661 geliisecundum
2577 589 2909 646 Matthaeum
2932 586 3126 659 capite
3148 586 3221 640 de
3237 585 3325 639 bis
3354 589 3562 639 exacte

1905 687 2218 738 tractatum
2249 686 2355 738 est.
2388 679 2763 737 Praecedebat
2789 683 2989 735 autem
3028 691 3142 743 eos,
3176 675 3299 731 sive
3326 678 3560 729 antece-

1902 772 2104 837 debat,
2146 776 2436 842 tanquam
2465 769 2699 825 ductor.

1973 862 2146 917 Vers.
2185 860 2274 916 48.
2299 861 2464 917 Jesus
2503 863 2778 916 autem—
2795 858 2959 913 Vers.
2995 856 3082 913 51.
3109 871 3258 912 eum.
3280 851 3561 909 Similiter

1903 950 2035 1006 etin
2065 950 2308 1020 illolege
2334 965 2546 1022 eaquae
2568 952 2920 1020 sequuntur,
2953 950 3010 1002 et
3029 946 3249 1002 horum
3278 943 3558 998 omnium

1902 1040 2188 1114 pulchras
2209 1037 2480 1095 invenies
2505 1037 2970 1108 ambiguitatum
2998 1034 3347 1091 solutiones.

1972 1131 2138 1186 Vers.
2169 1130 2256 1186 52.
2291 1127 2446 1185 Dixit
2469 1158 2534 1168 —
2555 1127 2717 1182 Vers.
2749 1127 2838 1181 53.
2878 1141 2980 1182 me.
3023 1124 3209 1181 Etiam
3254 1121 3330 1179 de
3358 1121 3452 1179 his
3480 1118 3564 1177 ibi

1903 1218 2126 1275 dictum
2155 1223 2262 1284 est,
2297 1233 2368 1273 ac
2393 1215 2710 1286 diligenter
2756 1220 3098 1272 tractatum.

1975 1309 2136 1365 Vers.
2167 1309 2256 1365 53.
2286 1307 2407 1364 Sed
2425 1337 2493 1349 —
2520 1307 2689 1363 hora.
2723 1305 2788 1360 In
2814 1321 2934 1378 qua
2971 1321 3008 1362 a
3053 1307 3172 1360 Deo
3204 1304 3562 1374 potestatem

1900 1400 1961 1456 in
1995 1415 2089 1455 me
2115 1397 2450 1470 accepistis.

1976 1490 2136 1544 Vers.
2170 1488 2258 1544 53.
2289 1491 2353 1544 Et
2374 1492 2632 1558 potestas
2657 1485 3052 1543 tenebrarum.
3081 1481 3378 1540 Tenebras
3393 1483 3566 1537 vocat

1902 1579 1998 1635 hic
2018 1578 2326 1634 diabolum
2353 1593 2367 1644 ;
2393 1577 2617 1649 accepit
2636 1577 2794 1632 enim
2814 1581 2871 1632 et
2891 1575 3018 1647 ipse
3040 1580 3180 1628 tunc
3202 1576 3559 1644 potestatem

1904 1669 2193 1725 adversus
2217 1684 2376 1723 eum.
2400 1666 2672 1723 Similiter
2685 1671 2881 1721 autem
2908 1671 2964 1721 et
2987 1663 3228 1728 Pilatus,
3253 1661 3345 1716 cui
3374 1659 3561 1716 dixit:

1903 1761 2032 1815 Non
2056 1759 2295 1815 haberes
2321 1757 2505 1814 ultam
2529 1761 2858 1828 potestatem
2892 1755 3206 1812 adversum
3236 1770 3315 1807 me
3341 1752 3462 1807 nisi
3479 1766 3563 1808 es-

199 1843 344 1916 ἐμοῦ,
400 1846 443 1898 εἰ
497 1851 569 1918 μὴ
639 1844 668 1905 ἦ
732 1866 816 1899 σοι
865 1843 1141 1919 δεδομένον
1221 1850 1429 1900 οῖνωθεν⁶
1505 1850 1574 1910 ὡς
1647 1849 1793 1918 ἔγρα-

1933 1851 1987 1904 et
2016 1849 2120 1904 (ibi
2141 1848 2371 1902 datume
2391 1847 2686 1915 supernis,
2719 1845 2897 1902 veluti
2929 1844 3162 1916 scripsit
3186 1846 3447 1898 Joannes
3474 1841 3554 1895 ⁷⁸.

198 1933 289 2004 ψεν
349 1935 601 1996 Ἰωάννης.
661 1935 823 2009 Ὀμοῦ
877 1933 936 1989 δε
985 1941 1165 1998 πάντες
1221 1934 1442 2010 δύναμιν
1497 1943 1586 1990 καὶ
1655 1936 1794 2000 ἐξου-

201 2029 317 2076 σίαν
377 2024 554 2077 ἔλαϐον
608 2033 894 2082 τηνικαῦτα
945 2028 1136 2078 πάθεσι
1193 2031 1281 2078 καὶ
1344 2027 1542 2098 θανάτῳ
1613 2034 1793 2080 τοῦτον

198 2112 492 2179 ὑποϐαλεῖν,
555 2115 636 2165 ἱνα
691 2114 938 2188 πληρωθῇ
986 2117 1014 2173 ἠ
1072 2115 1339 2188 οἰκονομία
1390 2123 1484 2178 τῆς
1531 2120 1793 2190 σωτηρίου

199 2199 491 2275 ἐνανθρωπὴ
505 2221 604 2254 σεω
614 2224 653 2264 ς.

271 2289 611 2353 Συλλαϐόντες
666 2322 733 2335 —
769 2290 1081 2365 ἀρχιερέως,
1132 2292 1401 2357 Ὡσαύτως
1435 2293 1541 2347 ἐκεῖ
1565 2298 1653 2347 καὶ
1684 2299 1796 2369 περὶ

202 2381 392 2430 τούτων
425 2380 488 2440 ζὴ
499 2399 676 2438 τησον.

269 2465 327 2519 Ὀ
359 2464 416 2520 δὲ
443 2473 628 2544 Πέτρος
653 2500 721 2511 -
751 2470 936 2537 αὐτῶν,
972 2471 1088 2525 Ἔτι
1117 2477 1204 2525 καὶ
1237 2477 1352 2547 περὶ
1384 2476 1577 2526 τούτων
1598 2471 1795 2525 πλατύ-

199 2574 342 2629 τερον
371 2559 471 2630 γὰρ
513 2561 886 2633 ἱστορήσαντος
930 2568 1019 2612 τοῦ
1046 2563 1345 2629 Ματθαίὸυ,
1385 2561 1706 2636 λεπτομερῶς
1747 2559 1794 2613 ἐν

197 2643 370 2717 ἐκείνῳ
397 2649 561 2700 πάντα
590 2654 986 2721 σεσαφήνισται.

267 2821 485 2878 ’ἰδοῦσα
520 2857 590 2869 --
615 2835 739 2901 φῶς.
767 2831 836 2880 Τὸ
867 2826 966 2880 ἀπὸ
993 2835 1086 2882 τοῦ
1106 2834 1289 2903 πυρὸς.

270 3007 368 3056 Καὶ
419 3002 706 3058 ἀτενίσασα
750 3037 816 3046 -
862 3007 887 3058 ὃ
915 3006 1094 3077 λέγεις.
1151 3006 1434 3078 Ἀνάγνωθι
1481 3013 1570 3060 καὶ
1597 3007 1632 3060 ἁ
1672 3013 1790 3081 περὶ

195 3093 389 3143 τούτων
437 3093 658 3167 ἔγραψεν
717 3095 741 3146 ὁ
792 3093 1059 3156 Ματθαῖος
1116 3095 1166 3147 ἐν
1224 3104 1294 3166 τῷ
1351 3096 1613 3166 ἑξηκοστῷ
1665 3098 1791 3167 ἕκτῳ

1905 1941 2064 1994 Tunc
2089 1943 2288 1994 autem
2313 1937 2488 1992 simul
2519 1951 2731 1992 omnes
2759 1936 2876 1991 vim
2910 1950 2981 1990 ac
3012 1939 3365 2006 potestatem
3398 1946 3564 1988 acce-

1903 2029 2330 2102 peruntipsum
2355 2025 2775 2082 afﬂictionibus
2800 2041 2869 2080 ac
2895 2023 3065 2079 morti
3091 2021 3467 2094 subiiciendi,
3503 2024 3565 2076 ut

1906 2119 2250 2192 impleretur
2277 2115 2641 2188 dispensatio
2686 2114 2964 2170 salutaris
3005 2111 3454 2169 incarnationis.

1980 2297 2140 2353 Vers.
2193 2300 2282 2352 54.
2346 2294 2824 2363 Comprehensum
2865 2324 2930 2334 —
2976 2291 3256 2364 principis
3297 2289 3566 2347 sacerdo-

1905 2394 2046 2443 tum.
2089 2387 2215 2442 Pari
2257 2388 2438 2441 modo
2463 2385 2540 2440 ibi
2569 2384 2752 2438 dehis
2778 2381 2955 2438 etiam
2987 2398 3202 2453 qurere.

1978 2477 2138 2531 Vers.
2176 2479 2258 2531 54.
2302 2475 2506 2531 Petrus
2544 2489 2678 2530 vero
2705 2503 2772 2515 —
2802 2472 2961 2526 Vers.
2998 2471 3085 2526 55.
3118 2471 3272 2526 illus.
3309 2469 3565 2527 Praeterb

1904 2581 1976 2622 ea
2026 2572 2077 2620 et
2121 2566 2195 2621 de
2243 2564 2337 2620 his
2385 2581 2398 2619 :
2441 2580 2580 2619 eum
2635 2563 2794 2619 enim
2851 2562 3030 2618 latius
3076 2560 3374 2633 scripserit
3427 2561 3563 2615 Mat-

1905 2655 2117 2722 tbaaus,
2183 2653 2580 2727 particulatim
2634 2653 2693 2708 in
2756 2651 2856 2708 illo
2921 2651 3127 2707 omnia
3186 2649 3565 2706 manifestata

1904 2750 2066 2803 sunt.

1973 2836 2135 2891 Vers.
2193 2838 2280 2891 56.
2323 2832 2542 2889 Intuita
2581 2863 2648 2874 —
2679 2831 2871 2889 tamen
2923 2829 3097 2897 Quod
3149 2827 3230 2885 ab
3275 2828 3413 2900 igne
3463 2841 3562 2884 re-

1904 2923 2263 2997 splendebat.

1977 3014 2140 3070 Vers.
2170 3014 2259 3069 56.
2313 3011 2533 3080 Deﬁxis
2564 3010 2751 3066 oculis
2797 3039 2862 3050 --
2896 3008 3058 3064 Vers.
3088 3011 3175 3064 60.
3225 3007 3362 3080 quid
3379 3006 3559 3063 dicas.

1907 3103 2056 3170 Lege
2095 3102 2293 3166 etiam,
2327 3117 2462 3172 quin
2489 3101 2562 3154 de
2615 3099 2708 3153 his
2770 3098 3001 3170 scripsit
3046 3097 3353 3153 Mattheus
3397 3111 3565 3152 sexa-

195 3179 472 3252 κεφαλαίῳ,
549 3188 638 3235 καὶ
712 3187 804 3244 τὰς
873 3183 1047 3246 λύσεις
1133 3185 1342 3236 αὐτῶνθ
1429 3181 1540 3237 εἶτα
1609 3190 1791 3257 μικρὸν

1929 3191 2138 3258 ζθεὶωο
2169 3195 2334 3246 sexto
2364 3193 2574 3261 capite,
2600 3203 2926 3258 eorumque
2957 3186 3318 3242 solutiones:
3347 3185 3565 3242 deinde

196 3265 537 3333 ἀναπὸδισον,
594 3277 683 3323 καὶ
755 3272 986 3331 ζήτησον
1059 3275 1134 3324 ἔτι
1203 3278 1289 3330 τὴν
1358 3272 1608 3344 ἐξήγησιν
1677 3281 1788 3325 τοῦ·

198 3361 298 3410 Καὶ
344 3357 582 3411 εἰσελθὼν
623 3363 744 3425 ἔσω,
796 3358 1019 3418 ἐκάθητο
1059 3365 1188 3427 μετὰ
1233 3370 1332 3413 τῷν
1363 3363 1630 3435 ὑπηρετῶν
1663 3359 1792 3415 ἰδεῖν

192 3448 254 3496 τὸ
280 3445 442 3509 τέλος.

271 3540 372 3589 Καὶ
420 3547 756 3611 παραχρῆμα
813 3569 879 3579 -
937 3547 1155 3612 πικρῶς.
1214 3538 1533 3605 Ἀκὸλούθως
1606 3540 1654 3594 ἐν
1723 3550 1794 3613 τῷ

191 3625 403 3700 ῥηθέντι
434 3627 690 3700 κεφαλαίῳ
715 3633 805 3680 καὶ
835 3635 1000 3680 ταῦτα
1031 3625 1437 3702 διασεσάφηται.

275 3809 374 3857 Καὶ
432 3835 497 3846 -—
555 3805 730 3860 αὐτόν.
778 3808 857 3860 Ἐν
908 3815 981 3878 τῷ
1017 3807 1147 3860 τέλει
1185 3816 1277 3860 τοῦ
1325 3809 1608 3872 ἱξηκοστοῦ
1663 3815 1796 3884 πέμ-

196 3912 330 3945 πτου
383 3894 660 3967 κεφαλαίου
729 3899 1077 3970 περὶτούτων
1129 3898 1351 3971 ἔγραψεν
1413 3901 1438 3952 ὁ
1503 3903 1792 3963 ΙιῙατθαίος.

199 3981 486 4055 Ἀνάγνωθι
513 3981 571 4036 δε
592 3990 680 4036 καὶ
713 3985 762 4036 ἐν
795 3993 865 4055 τῷ
895 3985 1156 4057 ἑξηκοστῷ
1186 3989 1315 4058 ἕκτῳ
1345 3989 1604 4061 κεφαλαίῳ
1634 3991 1795 4043 αὑτοῦ

195 4075 254 4123 τὸ
305 4072 446 4134 τέλος
489 4082 584 4135 τῆς
629 4073 935 4146 ἐξηγήσεως.
999 4081 1098 4128 Καὶ
1147 4075 1354 4138 ἐξελθὼν
1412 4079 1506 4141 ἔξω
1580 4079 1796 4133 ἔκλαυσε

193 4170 414 4235 πικρῶς.

270 4256 370 4302 Καὶ
428 4282 488 4292 -
555 4251 734 4308 αὑτοῦ.
802 4253 1088 4323 Ἀνάγνωθι
1151 4253 1198 4306 ἐν
1273 4263 1344 4326 τῷ
1408 4253 1796 4329 προδηλωθέντι

197 4335 460 4409 ἑξηκοστῷ
536 4345 752 4412 πέμπτῳ
816 4340 1076 4413 κεφαλαίῳ
1163 4350 1256 4394 τοῦ
1321 4346 1453 4395 κατὰ
1528 4347 1795 4397 Ματθαῑον

200 4423 302 4476 ἀπὸ
349 4435 463 4478 τοι)⁹
524 4434 622 4481 Καὶ
678 4428 979 4503 ἀποκριθεὶς
1026 4432 1052 4482 ὁ
1106 4431 1378 4505 ἀρχιερεὺς
1436 4430 1569 4484 εἶπεν
1633 4435 1791 4504 αὐτῷ’

202 4511 483 4587 Ἐξορκίζω
559 4536 614 4569 σε
674 4522 808 4570 κατὰ
879 4527 970 4571 τοῦ
1041 4526 1173 4572 Θεοῦ
1259 4528 1350 4572 τοῦ
1427 4521 1636 4590 ζῶντος,
1715 4524 1797 4574 ἰνα

200 4604 326 4674 ἡμῖν
407 4603 572 4678 εἴπης.
651 4608 708 4659 Εἰ
783 4613 847 4661 σὺ
906 4605 952 4661 εἶ
1014 4610 1040 4661 ὁ
1104 4613 1351 4680 Χριστὸς,
1425 4611 1451 4662 ὁ
1528 4613 1648 4673 Υἱὸς
1705 4619 1795 4663 τοῦ

199 4700 364 4746 Θεοῦο
446 4695 581 4769 ἄχρι
646 4705 754 4748 τοῦ·
823 4702 948 4750 Τότε
1019 4697 1298 4750 ἐνέπτυσαν
1360 4699 1431 4760 εἰς
1492 4699 1664 4752 αὐτόν·
1750 4699 1797 4752 ἐν

194 4785 299 4856 γὰρ
331 4791 442 4844 ταῖς
484 4782 794 4856 ἐξηγήσεσιν
842 4785 1059 4848 ἐκείναις
1090 4787 1201 4859 (74)
1233 4789 1677 4860 ,ἐσαφηνίσθησαν
1710 4795 1798 4842 καὶ

194 4891 386 4928 ταυτα.

273 4967 374 5016 Καὶ
421 4962 651 5027 ἀναστὰς
717 4995 786 5006 -
835 4964 1062 5038 βασιλέα
1100 4962 1247 5019 εἶναι.
1289 4965 1576 5039 ’Λνάγνωθι
1624 4967 1673 5020 ἐν
1725 4978 1796 5040 τῷ

194 5049 463 5124 ἑξηκοστῷ
506 5050 714 5126 ἑϐδόμῳ
761 5055 1020 5128 κεφαλαίῳ
1057 5063 1151 5108 τοῦ
1197 5059 1332 5109 κατὰ
1385 5060 1651 5111 Ματθαῐον
1701 5064 1796 5118 τὴν

192 5142 467 5213 ἔρμηνείαν
513 5151 626 5196 τοῦ·
673 5143 732 5196 Ὀ
798 5141 858 5198 δε
915 5144 1122 5208 Ἰησοῦς
1172 5147 1298 5205 ἔστη
1361 5148 1648 5220 ἔμπροσθεν
1705 5156 1795 5201 τοῦ

191 5231 470 5304 ἡγεμόνος.

268 5409 316 5444 ⁷⁵
353 5410 522 5467 Joan.
556 5426 672 5478 xix,
704 5413 790 5468 11.
867 5414 916 5449 ⁷⁸
942 5413 1138 5471 Matth.
1194 5431 1356 5481 xxvn.
1401 5415 1487 5472 58.

1566 5417 1614 5453 7"
1652 5415 1800 5472 Ibid.
1833 5417 1922 5474 75.

1908 3279 2219 3350 paululum
2263 3278 2584 3341 retrocede,
2618 3281 2676 3331 et
2705 3291 2905 3348 quaere
2943 3275 3083 3330 dicti
3138 3274 3295 3330 illius
3325 3290 3564 3330 enarra-

1908 3359 2127 3415 tionem
2162 3375 2175 3412 :
2209 3361 2283 3415 Et
2312 3360 2607 3427 ingressus
2635 3359 2807 3420 intro,
2833 3355 3062 3413 sedebat
3101 3371 3230 3411 cum
3253 3355 3560 3420 ministris,

1911 3455 1971 3504 ut
2005 3449 2225 3506 videret
2263 3450 2436 3519 ﬁnem
2467 3448 2535 3500 ⁷⁸.

1978 3541 2135 3594 Vers.
2215 3541 2304 3594 60.
2363 3537 2440 3593 Et
2513 3537 2785 3606 protinus
2837 3565 2906 3574 —
2967 3533 3132 3590 Vers.
3184 3535 3272 3590 62.
3341 3547 3562 3590 amare.

1906 3628 2348 3699 Consequenter
2377 3626 2536 3682 dicto
2571 3624 2764 3697 capite
2795 3623 2974 3680 etiam
3005 3623 3136 3679 haec
3176 3621 3567 3680 manifestata

1906 3723 2057 3774 sunL

1976 3809 2142 3865 Vers.
2178 3809 2265 3864 63.
2298 3807 2375 3862 Et
2416 3837 2471 3847 —
2506 3806 2667 3861 Vers.
2731 3804 2818 3860 65.
2873 3819 3025 3862 eum.
3070 3803 3136 3858 In
3171 3803 3293 3859 ﬁne
3323 3818 3568 3875 sexage-

1909 3898 2043 3954 simi
2075 3897 2261 3970 quinti
2292 3895 2502 3968 capitis
2547 3895 2620 3951 de
2661 3894 2752 3950 his
2791 3893 3022 3966 scripsit
3056 3893 3388 3950 Mattheeus-
3419 3895 3566 3966 Lege

1904 4003 2148 4060 quoque
2174 3987 2548 4056 sexagesimo
2575 3989 2736 4040 sexto
2759 3985 2952 4055 capite
2993 3983 3205 4055 ipsius,
3230 3983 3370 4038 dicti
3409 3981 3567 4038 illius

1906 4076 2368 4140 enarrationem,
2397 4091 2519 4146 quo
2547 4074 2788 4130 dicitur:
2816 4073 2891 4127 Et
2913 4087 3166 4144 egressus
3191 4075 3380 4142 foras,
3401 4071 3566 4142 ﬂevit

1906 4180 2109 4222 amare
2136 4166 2207 4231 ⁷⁷,
2241 4165 2298 4219 in
2327 4165 2464 4219 ﬁne.

1977 4255 2143 4308 Vers.
2187 4253 2280 4309 66.
2309 4254 2500 4324 Atque
2527 4283 2596 4292 —
2643 4252 2803 4306 Vers.
2859 4251 2946 4305 7t.
2991 4249 3193 4317 ipsius.
3237 4252 3386 4318 Lege
3417 4264 3565 4321 prai-

1904 4342 2063 4398 dicto
2112 4342 2488 4411 sexagesimo
2525 4341 2735 4412 quinto
2780 4342 2952 4410 juxta
2996 4337 3337 4393 Matthaaum
3370 4337 3563 4408 capite

1905 4431 1984 4487 ab
2022 4447 2094 4487 eo
2119 4430 2250 4486 loco
2286 4446 2297 4484 :
2330 4431 2404 4485 Et
2432 4429 2791 4500 respondens
2833 4443 3096 4484 summus
3125 4426 3396 4483 sacerdos
3420 4426 3566 4482 dixit

1907 4520 1959 4577 ei
1991 4537 2003 4576 :
2038 4521 2266 4590 Adjuro
2321 4527 2372 4575 te
2402 4521 2472 4584 ⁷⁸,
2514 4523 2572 4574 et
2625 4523 2864 4585 caetera,
2901 4532 3221 4589 quousque
3274 4516 3508 4571 dicatur
3547 4531 3561 4572 :

1916 4611 2073 4666 Tunc
2117 4616 2476 4680 exspuerunt
2534 4608 2598 4663 in
2639 4608 2855 4678 faciem
2888 4609 3016 4677 ejus
3056 4609 3125 4673 7°,
3167 4621 3310 4662 nam
3349 4606 3410 4662 in
3453 4605 3565 4662 illis

1909 4697 2416 4756 declarationibus
2446 4699 2624 4754 etiam
2677 4697 2806 4753 haec
2836 4695 3207 4753 manifestata
3234 4699 3388 4753 sunt.

1981 4967 2122 5038 Cap.
2174 4965 2367 5022 XXIII.
2406 4966 2568 5023 Vers.
2636 4971 2685 5022 t.
2726 4965 2807 5021 Et
2877 4978 3124 5034 surgens
3170 4993 3241 5004 —
3305 4963 3465 5020 Vers.
3505 4965 3560 5018 2.

1907 5072 2104 5129 regem
2141 5071 2280 5115 esse.
2309 5057 2462 5128 Lege
2489 5055 2863 5130 sexagesimo
2885 5054 3138 5127 septimo
3160 5052 3355 5126 capite
3378 5055 3567 5110 Evan-

1907 5144 2729 5220 geliijuxtaMatthaaumdicti
2768 5145 2923 5201 illius
2962 5143 3511 5216 interpretationem
3544 5164 3558 5199 :

1904 5237 2073 5295 Iesus
2102 5244 2298 5295 autem
2327 5236 2485 5294 stetit
2522 5251 2722 5294 coram
2750 5233 3002 5306 praeside
3032 5233 3102 5292 ³ο.

2001 5417 2048 5454 ⁷⁸
2113 5416 2256 5473 Ibid.
2289 5421 2376 5474 63.
2453 5418 2500 5452 ⁷⁸
2547 5415 2695 5472 Ibid.
2742 5419 2808 5471 67
2885 5415 2934 5450 ⁸ο
2990 5413 3199 5471 Matth.
3247 5427 3430 5479 xxvu,
3477 5415 3562 5467 lt.

1451 5612 1670 5682 Variae
1692 5612 2020 5684 lectiones
2037 5623 2313 5682 etnotae.

268 5805 386 5878 (74)
411 5805 645 5862 Ἐκείνων
676 5811 731 5863 Β.
