4170 6460
673 394 813 457 1087

669 619 925 686 quenter
956 611 1038 668 ibi
1067 613 1248 668 etiam
1287 612 1362 668 de
1400 612 1494 668 his
1535 613 1828 669 invenies.

741 701 901 756 Vers.
945 704 995 756 8.
1052 701 1312 757 Herodes
1343 706 1540 758 autem
1585 731 1650 744 -—
1679 701 1833 770 ﬁeri.
1888 703 1975 773 -H-
2015 703 2096 757 Ex
2154 699 2336 771 longo

667 790 954 846 nimirum
1004 794 1295 861 tempore,
1335 791 1448 846 hoc
1470 797 1580 858 est,
1611 791 1738 846 diu.

739 879 902 936 Vers.
936 883 989 935 9.
1045 880 1458 949 Interrogabat
1482 911 1547 921 —
1588 879 1809 938 multis.
1845 877 2128 936 Videlicet
2153 878 2335 935 cavil-

667 968 916 1034 latoriis,
951 969 1084 1023 etin
1126 969 1369 1024 modum
1402 969 1700 1025 tentantis.

740 1057 908 1112 Vers.
938 1062 993 1112 9.
1062 1058 1192 1126 Ipse
1223 1089 1285 1098 —
1318 1057 1423 1113 illi.
1466 1061 1674 1131 Utpote
1720 1058 1963 1115 ientanti
1993 1063 2050 1114 et
2095 1073 2337 1129 respon-

669 1146 836 1202 sione
861 1147 1132 1216 indigno.
1178 1147 1380 1203 Sciens
1407 1148 1606 1212 etiam.
1636 1164 1773 1204 eum
1800 1148 1951 1204 velle
1983 1147 2220 1219 signum
2250 1148 2338 1201 vi-

669 1236 832 1302 dere,
875 1253 990 1292 non
1027 1236 1288 1292 utilitatis
1321 1252 1525 1302 causa,
1567 1237 1668 1293 sed
1729 1237 2143 1293 oblectationis
2176 1256 2188 1292 :
2225 1251 2335 1293 nec

671 1329 965 1397 tanquam
998 1325 1236 1382 divinas
1277 1326 1540 1392 virtutes,
1583 1327 1687 1382 sed
1719 1325 1876 1382 velut
1901 1333 2109 1398 aperta
2141 1325 2335 1399 prodi-

671 1414 770 1487 gia
803 1430 816 1468 :
862 1430 982 1470 non
1024 1414 1158 1470 fecit
1199 1414 1359 1486 apud
1398 1431 1535 1471 eum
1569 1415 1834 1483 signum.

745 1506 902 1578 vers.
955 1505 1047 1560 10.
1095 1503 1349 1560 Stabant
1403 1535 1468 1544 —
1510 1520 1660 1561 eum.
1711 1505 1896 1562 Simul
1926 1504 2086 1561 enim
2118 1508 2176 1560 et
2225 1503 2336 1576 ipsi

673 1593 751 1650 ad
776 1593 1066 1650 Herodem
1087 1593 1317 1649 remissi
1346 1600 1536 1660 erant,
1561 1595 1714 1650 sicut
1748 1595 1804 1650 in
1841 1609 2152 1667 progressu
2179 1595 2336 1650 inve-

674 1681 935 1739 niemus.

875 1770 1034 1828 CAP.
1077 1772 1328 1826 LXXIX.
1361 1772 1448 1829 De
1472 1778 1811 1842 contemptu
1842 1771 2109 1829 Herodis.

741 1861 904 1916 Vers.
950 1862 1028 1915 H.
1059 1860 1289 1930 Sprevit
1328 1891 1386 1903 -
1415 1862 1698 1920 Pilatum.
1727 1862 1857 1917 Heio
1895 1862 2105 1918 omnia
2128 1859 2328 1918 forsan
2363 1870 2412 1930 Β

672 1949 757 2006 illi
797 1949 951 2016 fecit,
984 1956 1276 2021 tanquam
1309 1951 1429 2019 regi
1459 1951 1828 2008 Judteorum.

742 2040 904 2095 Vers.
945 2042 1031 2097 12.
1065 2040 1138 2095 Ει
1174 2039 1324 2109 facti
1377 2070 1438 2080 —
1469 2055 1583 2097 eos.
1618 2042 1704 2111 -Η-
1737 2040 1860 2096 Μετ’
1891 2039 2138 2110 «meum,
2196 2039 2330 2097 loco

671 2129 927 2192 ἀλλήλοις.
963 2129 1026 2184 El.
1049 2133 1176 2204 πρὸς
1205 2130 1446 2198 ξαυτούς,
1501 2130 1631 2186 loco
1669 2134 1794 2204 πρὸς
1851 2131 2115 2193 ἀλλήλους.

745 2312 902 2366 Vers.
948 2311 1034 2366 13.
1081 2311 1311 2366 Pilatus
1362 2340 1433 2353 —
1480 2309 1648 2368 Vers.
1681 2313 1770 2367 16.
1821 2309 2136 2367 absolvam.
2198 2311 2332 2365 Cor-

671 2399 1002 2471 reptionem
1035 2399 1130 2456 hic
1155 2404 1346 2461 vocat,
1374 2398 1738 2454 mediocrem
1769 2399 2000 2467 ﬂagella
2014 2400 2230 2455 tionem
2254 2397 2332 2455 ad

671 2488 1070 2553 mitigandum
1134 2503 1204 2544 ac
1243 2487 1702 2559 deprimendum
1769 2489 2029 2545 furorem
2072 2488 2331 2552 illorum,

673 2581 738 2633 ut
765 2576 1053 2644 arbitrati,
1081 2592 1214 2632 eum
1245 2592 1583 2649 superasse.
1635 2582 1937 2632 cessarent
1967 2576 2045 2631 ab
2073 2576 2332 2632 ulteriori

673 2666 909 2722 insania
977 2682 992 2731 ;
1047 2672 1105 2722 at
1167 2665 1245 2720 illi
1301 2664 1688 2721 nihilominus
1742 2664 2162 2730 ellerabantur,
2219 2665 2333 2722 hoc

673 2771 860 2811 unum
902 2754 1092 2810 solum
1124 2771 1244 2826 pra:
1269 2754 1460 2810 oculis
1511 2754 1885 2810 immobiliter
1911 2755 2224 2817 habentes,
2268 2763 2332 2810 ut

671 2860 858 2918 quam
875 2845 1152 2900 citissime
1181 2844 1568 2910 occideretur,
1599 2843 2110 2916 quemadmodum
2152 2844 2331 2900 etiam

675 2933 960 3007 praedicto
990 2933 1180 3003 capite
1203 2932 1522 2990 dissertum
1565 2939 1673 2989 est.

746 3024 901 3078 Vers.
934 3026 1024 3080 17.
1064 3023 1310 3078 Necesse
1366 3053 1431 3064 -—-
1477 3022 1637 3078 Vers.
1697 3024 1783 3080 10.
1827 3037 2139 3079 carcerem.
2183 3024 2332 3080 Mat-

671 3112 855 3169 thaius
882 3127 1022 3168 vero
1044 3112 1123 3167 ait
1153 3111 1310 3167 dicto
1333 3112 1522 3184 capite
1557 3127 1570 3164 :
1615 3112 1684 3166 In
1741 3112 1894 3180 festo
1949 3117 2140 3169 autem
2191 3128 2332 3168 cou-

668 3205 936 3258 sueverat
963 3216 1175 3270 praeses
1221 3201 1522 3259 absolvere
1577 3200 1766 3257 turbae
1825 3218 2010 3257 unum
2042 3203 2328 3268 vinctum,

671 3305 840 3363 quem
883 3291 1202 3347 voluissent
1233 3292 1301 3356 ἰ,
1334 3296 1390 3346 et
1414 3294 1627 3346 caetera
1661 3289 1828 3360 ;lege
1855 3305 2000 3360 ergo
2041 3289 2329 3362 interpre-

672 3381 952 3436 tationem
979 3379 1237 3435 illorum.

742 3469 904 3525 Vers.
938 3474 1024 3525 20.
1076 3471 1301 3526 Rursus
1330 3499 1394 3511 κ-
1424 3469 1585 3524 Vers.
1620 3473 1706 3523 23.
1752 3484 2109 3526 summorum
2148 3484 2332 3526 sacer-

674 3559 896 3615 dotum.
954 3559 1256 3615 Mattheus
1311 3562 1369 3614 et
1407 3556 1523 3615 alia
1577 3557 1858 3631 quaedam
1916 3558 2145 3632 scripsit
2176 3558 2334 3614 dicto

674 3648 894 3718 capite.

747 3738 906 3790 Vers.
953 3739 1041 3791 24.
1077 3735 1304 3791 Pilatus
1353 3750 1495 3806 ergo
1542 3764 1611 3776 —
1664 3737 1820 3791 Vers.
1864 3738 1951 3789 25.
1985 3749 2200 3791 eorum.
2254 3734 2335 3792 lbi

671 3840 911 3897 quoque
935 3823 1010 3879 de
1050 3825 1141 3880 his
1171 3824 1399 3879 dictum
1431 3829 1538 3880 est.
1579 3824 1864 3881 Volunta
1893 3829 2094 3881 autem
2123 3840 2330 3879 eorum

674 3919 800 3970 erat
828 3919 888 3968 ut
910 3914 1379 3980 crucifigeretur.

749 4005 1008 4059 νει-⁸26.
1041 4003 1115 4058 Et
1130 4019 1264 4060 cum
1292 4035 1357 4044 —
1382 4004 1606 4060 Jesum.
1644 4003 1831 4059 Etiam
1863 4002 1937 4058 de
1967 4002 2078 4059 hoc
2105 4002 2332 4060 dictum

676 4096 764 4148 est
800 4091 1045 4148 ibidem.

677 4182 832 4238 ΕΔΗ.
901 4182 1091 4238 LXXX.
1156 4183 1239 4239 De
1288 4181 1635 4238 mulieribus
1679 4179 1992 4237 Dominum
2042 4181 2333 4252 plangen-

1416 4271 1590 4327 tibus.

747 4363 905 4417 Vers.
948 4366 1035 4416 27.
1087 4361 1454 4433 Sequebatur
1500 4392 1569 4402 —
1633 4360 1794 4416 Vers.
1823 4362 1912 4414 28.
1965 4360 2189 4416 vestris.
2253 4363 2332 4416 Ne

675 4449 949 4506 ﬂeveritis
981 4456 1222 4524 propter
1261 4466 1376 4515 me,
1407 4449 1511 4506 sed
1564 4455 1804 4523 propter
1847 4464 1953 4504 vos
1983 4449 2149 4521 ipsas
2175 4447 2328 4514 ﬂete,

676 4544 736 4595 et
761 4545 1001 4612 propter
1025 4539 1178 4596 ﬁlios
1204 4545 1450 4596 vestros.

747 4629 913 4684 Vers.
932 4629 1018 4685 29.
1037 4629 1323 4698 Quoniam
1353 4660 1422 4669 —
1448 4629 1844 4686 laetaverunt.
1861 4627 1995 4684 Dies
2018 4625 2331 4683 dicitobsi-

676 4715 874 4773 dionis
899 4724 954 4774 et
982 4717 1448 4788 expugnationis
1480 4716 2023 4790 Hierosolymorum
2058 4731 2071 4770 :
2123 4716 2180 4770 in
2203 4714 2332 4788 qui-

675 4803 792 4861 bus
829 4805 1329 4862 beatiﬁcabuntur
1359 4807 1437 4862 ab
1475 4807 1560 4861 eis
1614 4822 1766 4886 quae.
1799 4809 2153 4876 genuerunt,
2217 4804 2330 4860 illas

678 4908 816 4965 qua:
847 4909 968 4949 non
1001 4900 1351 4967 pepererunt
1384 4913 1396 4950 :
1460 4900 1665 4968 utpote
1694 4911 1830 4968 quae
1875 4910 1996 4950 non
2060 4892 2332 4950 audirent

677 4986 783 5039 aut
809 4981 1080 5040 viderent
1107 4984 1305 5041 varias
1332 4984 1588 5043 ﬁliorum
1626 5000 1872 5041 suorum
1913 4989 2159 5052 strages.

753 5072 915 5127 Vers.
970 5075 1058 5137 30.
1130 5074 1295 5130 Tum:
1357 5104 1426 5115 —
1473 5088 1596 5131 nos.
1623 5071 1912 5146 Incipient
1960 5072 2090 5128 haec
2136 5071 2332 5128 dicere

754 5276 797 5312 ⁸¹
842 5275 1040 5335 Matth.
1068 5292 1251 5343 xxvn,
1275 5278 1363 5335 t5.

2001 392 2346 450 EUTllYMll
2388 391 2720 450 ZlGABENl

737 523 904 579 Vers.
937 525 989 578 3.
1019 521 1243 580 Pilatus
1272 537 1410 580 vero
1436 555 1503 564 —
1541 524 1704 580 Vers.
1745 529 1798 578 ‘7.
1840 521 2064 580 diebus.
2115 521 2334 578 Conse-
2371 520 2417 576 Δ

3896 394 4000 455 1088

2520 521 2579 574 Ὀ
2620 518 2678 575 δέ
2712 520 2931 583 [Ιιλάτος
2962 551 3022 563 -
3057 521 3298 596 ἡμέραις.
3342 517 3660 581 ’Δκολούθως
3691 517 3788 573 ἒκεί
3814 526 4000 597 καὶπερὶ

2449 616 2643 665 τούτων
2674 613 2930 684 εὑρήσεις.

2518 700 2576 753 Ὀ
2609 697 2667 754 δι
2696 697 2938 773 ἰΙρωδης
2971 730 3020 740 -
3055 703 3339 771 γινόμενον·
3375 699 3462 762 Ἐξ
3488 698 3687 765 ἱκανοῦ,
3711 699 3997 775 (755)19de

2449 786 2712 856 δηλονότι,
2742 795 3007 842 τουτέστιν
3039 789 3275 842 ἔκπαλαι.

2519 882 2799 953 Ἐπηρώτα
2825 910 2887 920 -
2919 880 3134 939 ἱκανοῖς.
3161 877 3244 930 Ἐν
3264 877 3436 950 λόγοις
3467 876 3694 946 πολλοῖς,
3727 889 3996 950 σοφιστικοῖς

2449 966 2507 1023 δὴ
2537 975 2626 1022 καὶ
2657 976 3034 1044 πειραστικοῖς.

2521 1059 2681 1120 Αὐτὸς
2730 1089 2796 1100 -
2849 1058 3010 1129 αὐτῷ.
3073 1057 3162 1120 Ὠς
3217 1057 3543 1131 πειράζοντι,
3591 1061 3682 1108 καὶ
3727 1059 3991 1130 ὑποκρίσιος

2447 1146 2662 1218 ἀναξίῳ.
2719 1154 2976 1200 Γινώσκον
3035 1143 3094 1200 δὲ
3164 1146 3320 1199 αὑτὸν
3376 1151 3465 1198 καὶ
3545 1146 3756 1199 θέλοντα
3827 1145 3989 1217 σημεῖον

2448 1235 2597 1300 ἰδεῖν,
2642 1237 2734 1289 οὐκ
2777 1237 3020 1306 ὠφελείας
3068 1238 3248 1300 ἕνεκεν,
3299 1234 3426 1287 ἀλλὰ
3447 1235 3691 1308 τέρψεως,
3719 1241 3804 1288 καὶ
3828 1236 3915 1307 οὐχ
3945 1240 3990 1297 ὡς

2447 1329 2590 1388 θείας
2621 1322 2905 1397 δυνάμεως,
2941 1324 3047 1376 ἀλλ’
3091 1328 3156 1386 ὡς
3187 1323 3356 1386 ἁπλῶς
3387 1329 3678 1399 τερατείας,
3709 1325 3798 1377 οὐκ
3828 1324 3988 1381 ἐποίησε

2446 1415 2568 1489 παρ’
2601 1415 2740 1484 αὐτῷ
2776 1422 3010 1486 σημεῖον.

2520 1507 2860 1563 Εἰστὴκείσαν
2908 1535 2973 1546 —
3022 1502 3203 1559 αὐτοῦ.
3261 1505 3760 1576 Συνανεπίμφοησαν
3805 1506 3890 1577 γὰρ
3926 1509 3984 1554 καὶ

2445 1593 2591 1647 οὗτοι
2612 1598 2736 1667 πρὸς
2764 1589 3025 1668 Ἡρώδην,
3055 1595 3120 1654 ὣς
3146 1598 3413 1668 προίόντες
3443 1595 3755 1669 εὑρήσομεν.

2755 1778 2906 1827 ΚΕΦ.
2941 1769 3063 1825 ΟΘ’.
3097 1766 3738 1841 Ἐξουθένησιςᾘρὼδου.

2518 1861 2782 1924 Ἐξουθινή
2795 1881 2891 1922 σας
2924 1892 2985 1902 -—
3022 1859 3245 1930 Πιλάτῳ.
3274 1861 3351 1913 Τὰ
3387 1861 3612 1934 ῥηθέντα
3642 1861 3808 1912 πάντα
3829 1863 3964 1912 πεποίκ-

2443 1970 2526 2003 κεν
2556 1951 2716 2020 αὐτῷ,
2748 1953 2817 2012 ως
2843 1949 3054 2021 βασιλεί
3077 1951 3223 2020 τάχα
3253 1957 3351 2000 τῶν
3379 1945 3674 2003 Ἰουδαίων.

2514 2040 2777 2111 Ἐγένοντο
2835 2036 2894 2092 δί
2975 2070 3032 2080 -
3103 2041 3335 2100 ἕαντούς.
3418 2038 3533 2110 (ἷϐ)
3599 2038 3725 2092 Μετ’
3793 2037 3974 2098 ἀλλήλων,

2444 2128 2557 2182 ἆντὶ
2583 2138 2696 2193 τοὺ,
2734 2127 2987 2188 ἀλλήλοις.
3038 2133 3136 2181 Καὶ
3181 2131 3311 2200 πρὸς
3359 2127 3594 2194 ἑαυτοὺς,
3633 2130 3741 2180 ἀντὶ
3769 2135 3864 2193 τοῦ,
3890 2130 3978 2197 πρὸς

3103 2041 3286 2091 ἕαντού
3297 2059 3335 2100 ς.

2445 2218 2713 2280 ἀλλήλους.

2518 2311 2741 2370 Πιλᾶτος
2796 2338 2863 2349 -
2936 2306 3205 2361 ἀπολύσω.
3285 2303 3575 2360 Παίδευσιν
3650 2307 3818 2360 ὸαῠθα
3878 2304 3982 2373 λέγει

2442 2403 2536 2457 τήν
2588 2402 2800 2471 μετρίαν
2854 2401 3190 2468 μαστίγωσιν
3246 2395 3312 2456 εἰς
3361 2399 3692 2469 παραμνθίαν
3743 2401 3819 2448 καὶ
3857 2411 3982 2445 κατα-

2445 2487 2633 2544 στολήν
2704 2495 2795 2538 τοῦ
2864 2487 3028 2558 θυμοῦ
3105 2485 3294 2548 αὐτῶν,
3362 2488 3447 2537 ἶνα
3534 2482 3752 2550 δοξαντες
3814 2500 3981 2552 περιγε-

2443 2578 2624 2630 νέσθαι
2684 2576 2866 2643 αὐτοῦ,
2944 2579 3247 2627 παύσωνται
3316 2583 3408 2636 τῆς
3481 2579 3732 2648 περαιτῂοω
3791 2575 3974 2640 μανίας·

2445 2669 2510 2718 Oi
2588 2662 2645 2718 δε
2722 2670 2810 2716 καὶ
2905 2664 3063 2723 οὕτως
3151 2660 3302 2716 οὐδὲν
3386 2663 3576 2716 ελαττον
3646 2660 3974 2732 ἕξεθηριοῡντο,

2445 2759 2573 2826 πρὸς
2646 2753 2695 2806 ἓν
2767 2759 2919 2826 μόνον
2998 2751 3211 2812 ἀκλινὼς
3290 2754 3517 2828 ὁρῶντες,
3603 2749 3770 2803 ἀνελεῖν
3849 2745 3984 2797 αὐτὸν

2722 2670 2810 2716 καὶ
2905 2664 3063 2723 οὕτως

2444 2847 2701 2915 τάχιστα,
2778 2847 2840 2903 ὡς
2917 2847 3007 2894 καὶ
3080 2841 3127 2894 ἓν
3199 2850 3269 2911 τῷ
3351 2845 3688 2917 προειρημένῳ
3767 2833 3983 2908 κεφαλαίῳ

2449 2931 2776 3005 διελάϐομεν.

2515 3022 2772 3094 Ἀνάγκην
2878 3052 2938 3062 -
3028 3019 3278 3092 φυλακήν.
3385 3022 3651 3078 Ματθαίος
3731 3013 3786 3070 δέ
3868 3031 3970 3085 γεω

3270 3111 3415 3162 Κατὰ
3472 3106 3532 3162 δὲ
3595 3107 3788 3178 (77-78)
3848 3103 3977 3174 ἑορτήν

2445 3199 2611 3252 εἰώθει
2673 3200 2698 3250 ὁ
2756 3200 2961 3270 ἡγεμὼν
3021 3197 3259 3250 ἀπολύειν
3318 3201 3404 3250 ἕνα
3471 3206 3543 3268 τῷ
3601 3197 3739 3268 ὄχλῳ
3796 3190 3978 3261 δέσμιον,

2444 3109 2492 3163 ἓν
2563 3121 2634 3181 τῷ
2694 3110 2833 3180 αὐτῷ
2908 3109 3189 3182 κεφαλαίῳ.

2444 3289 2496 3340 ὃν
2545 3288 2745 3356 ἤθελον,
2795 3293 2884 3341 καὶ
2936 3289 3001 3340 τὰ
3047 3287 3182 3350 ἑξῆςο
3213 3292 3301 3339 καὶ
3341 3288 3602 3358 ἀνάγνωθι
3645 3292 3735 3344 τὴν
3772 3284 3979 3356 ἑρμηνείαν

2444 3377 2631 3430 ὰῦτών.

2517 3467 2676 3520 Πάλιν
2702 3498 2768 3506 —
2796 3465 3102 3541 ἀρχιερέων.
3129 3465 3187 3518 Ὀ
3216 3462 3274 3518 δε
3306 3468 3569 3528 Ματθαίος
3613 3470 3702 3518 καὶ
3745 3466 3875 3536 ἕτερα
3905 3475 3982 3510 τινα

2446 3559 2720 3629 ἱστόρησεν
2752 3554 2799 3608 ἐν
2831 3555 3002 3626 ἐκείνῳ
3033 3564 3102 3625 τῷ
3129 3554 3386 3629 κεφαλαίῳ

2512 3733 2570 3786 Ὀ
2627 3730 2684 3786 δι
2733 3733 2953 3795 Πιλάτος
3005 3765 3070 3774 -
3121 3733 3308 3788 αὐτῶν.
3358 3736 3480 3788 Εκεί
3528 3737 3618 3785 καὶ
3684 3737 3798 3806 περὶ
3846 3730 3989 3781 τούτων

2443 3827 2667 3898 εἴρηται.
2748 3823 2958 3895 Θελημα
3032 3819 3091 3874 δὴ
3167 3822 3336 3875 αὐτῶν
3398 3819 3458 3881 ἦν
3533 3826 3591 3874 τὸ
3675 3820 3991 3896 σταυρωθῆναι

2444 3912 2618 3966 αὐτόν.

2517 4006 2615 4055 Καὶ
2639 4004 2702 4062 ὡς
2735 4033 2796 4042 -
2828 4001 3022 4059 Ἰησοῦ.
3058 4006 3155 4055 Καὶ
3186 4005 3303 4074 περὶ
3335 4003 3539 4057 τούτου.

2627 4186 2769 4234 ΚΕΦ.
2809 4178 2885 4234 [ι’.
2925 4183 3046 4254 Περὶ
3077 4187 3176 4231 τῶν
3205 4182 3534 4252 κοπτομένων
3562 4187 3849 4252 γυναικῶν.

2510 4357 2805 4412 Ἠκολούθει
2858 4388 2926 4400 —
2979 4358 3142 4430 ὑμων.
3185 4365 3270 4416 Μὴ
3325 4358 3521 4412 κλαίετε
3569 4354 3760 4432 δι’ἕμὶ,
3795 4355 3910 4409 ἀλλὰ
3951 4346 4001 4402 δι’

2442 4447 2623 4510 ἑαυτὰς
2657 4448 2876 4514 κλαίετε,
2909 4453 2998 4500 καὶ
3021 4443 3114 4500 διὰ
3151 4450 3217 4500 τὰ
3246 4452 3396 4500 τέκνα
3422 4449 3583 4520 ὑμῶν.

2513 4626 2634 4679 Ὀτι
2670 4656 2724 4666 -
2758 4625 3034 4684 ἐθήλασαν.
3069 4625 3293 4699 Ἡμέρας
3337 4625 3470 4698 λέγει
3499 4629 3588 4689 τὰς
3615 4635 3718 4690 τῆς
3747 4625 4008 4699 πολιορκίας

2442 4720 2531 4767 καὶ
2578 4714 2814 4777 ἁλώσεως
2859 4713 3245 4788 Ἰεροσολύμων,
3303 4714 3352 4767 ἕν
3391 4712 3476 4777 αἶς
3525 4718 4006 4791 μακαρισθήσονται.

2442 4809 2594 4877 φησι,
2627 4807 2766 4876 παρὰ
2798 4812 2893 4856 τῶν
2921 4809 3252 4875 γεννήσασνὶη
3283 4805 3338 4856 αἱ
3367 4808 3438 4876 μὴ
3466 4810 3819 4876 γεννήσασαι,
3862 4807 3922 4864 ὡς
3955 4803 4002 4872 μὲ

2443 4892 2748 4957 ἀκούουσαι,
2781 4889 2920 4965 pud":
2970 4891 3261 4965 βλέπουσαι
3309 4892 3544 4954 ποικίλας
3603 4897 3811 4968 σφαγὰς
3863 4897 4005 4946 τέκνων

2441 4981 2630 5048 αὐτῶν,
2669 4984 2842 5054 ὥσπερ
2878 4981 3036 5034 αὗται
3064 4982 3200 5054 (79).

2511 5076 2638 5125 Τότε
2698 5100 2765 5112 -—
2815 5072 2974 5143 ἡμᾶς.
3029 5069 3307 5144 Ἀρξονται
3358 5079 3528 5125 ταῦτα
3579 5071 3749 5145 λέγειν
3810 5075 3859 5127 οἱ
3913 5071 4002 5124 ’1ου-

1926 5454 2154 5526 Varia;
2174 5454 2504 5524 lectiones
2534 5463 2600 5523 et
2640 5464 2842 5524 notae.

753 5679 866 5751 (75)
909 5681 1026 5736 Hoc
1049 5677 1282 5751 scholio
1319 5682 1480 5734 caret
1534 5677 1872 5737 Hentenius.
1911 5680 2124 5736 Textus
2190 5694 2332 5750 ergo

680 5749 853 5824 apud
876 5767 1014 5808 eum
1038 5749 1280 5824 junctus
1309 5756 1414 5824 est.

751 5823 868 5897 (76)
896 5819 1130 5882 Omisso
1157 5821 1272 5880 hoc
1300 5820 1541 5886 scholio.
1575 5823 1765 5878 textus
1789 5819 2034 5894 junctus
2058 5826 2152 5880 est
2169 5821 2333 5896 apud

2443 5679 2810 5736 Hentenium.

2539 5755 2722 5820 77-78)
2753 5755 2857 5810 Τὴν
2887 5749 3057 5808 addit
3089 5753 3148 5807 Β.

2535 5824 2627 5896 79)
2661 5825 2788 5881 Duo
2808 5822 2937 5880 huic
2966 5821 3256 5882 vocabula
3279 5822 3493 5881 omittit
3520 5820 3862 5881 ﬂentenius.
