4170 6438
230 365 368 426 1089

1230 363 1604 430 COMMENT.
1652 364 1721 427 IN
1761 363 2026 428 LUCAM.
2069 397 2137 410 --
2175 359 2336 424 CAP.
2382 358 2585 422 XXIII.

3460 357 3601 421 1000

230 489 394 558 δαῖοι,
425 496 496 564 μὴ
548 495 781 567 φέροντες
824 495 889 546 τὰ
910 491 1272 570 ἀνυπέρϐλητα
1302 492 1465 566 δεινὰ,
1519 497 1582 548 τά
1623 515 1676 549 τε
1725 495 1819 548 ἀπὸ

1940 491 2145 557 Iudaei,
2191 506 2312 548 non
2367 490 2622 546 ferentes
2671 488 2934 562 pericula
2965 488 3286 544 innumera
3327 503 3398 545 ac
3424 487 3599 544 vehe-

228 590 322 644 τῆς
350 585 649 656 πολιορκίας
691 589 791 634 τῶν
829 581 1110 656 Ῥωμαίων,
1146 589 1348 636 καὶτοῦ
1376 584 1580 657 λοιμοῦ,
1614 590 1704 637 καὶ
1732 592 1826 647 τῆς

229 670 476 744 ἐμφυλίου
505 672 756 734 στάσεως.

300 759 424 812 Ὀτι
449 759 494 812 εί
527 789 589 802 -
617 765 832 832 γένηται
861 777 874 827 ;
911 760 969 814 Εἰ
997 760 1045 813 ίν
1076 760 1190 836 ίμοὶ
1221 771 1292 832 τῷ
1325 763 1458 823 ζωὴν
1487 765 1626 816 θείαν
1651 765 1828 835 ἔχοντι

230 855 396 902 ταῦτα
436 857 677 902 ποιοῦσιν
725 851 775 902 οἱ
802 849 1066 923 Ῥωμαῖοι,
1117 853 1532 925 παρορμηθέντες
1576 853 1677 904 ὑπὸ
1729 861 1828 905 τῶν

234 934 525 1008 Ἰουδαίων,
571 937 620 990 ἐν
655 940 797 1011 ύμῖν,
836 947 943 1002 τοῖς
977 944 1226 1014 νέκρωσιν
1270 940 1324 1003 ἐξ
1351 941 1612 1016 ἁμαρτίας
1649 961 1831 1000 κεκτη-

231 1031 423 1100 μένοις,
455 1032 507 1080 τί
543 1031 756 1100 γένηται
795 1030 916 1104 παρ’
948 1027 1114 1080 αὐτῶν
1140 1048 1152 1096 ;

303 1115 528 1188 Ἠγοντο
575 1145 642 1160 —
684 1114 986 1192 ἀριστερῶν.
1033 1117 1092 1170 Ὀ
1123 1115 1183 1172 δε
1215 1120 1482 1182 διατθαίος
1523 1125 1611 1172 καὶ
1663 1121 1830 1194 ἕτερον

232 1207 439 1280 ἔγραφε,
473 1210 559 1258 καὶ
587 1203 845 1278 ἀνάγνωθι
869 1206 1100 1273 κάκεῖνα,
1128 1213 1218 1259 καὶ
1249 1211 1453 1270 πάντως
1481 1211 1714 1281 εὑρήσεις
1740 1215 1829 1262 καὶ

230 1299 346 1368 περὶ
373 1297 587 1347 τούτων.
627 1293 706 1348 Ἐν
750 1305 822 1367 τῷ
851 1298 986 1348 κατὰ
1023 1297 1290 1349 Ματθαῖον
1318 1300 1419 1373 γὰρ
1463 1301 1528 1350 τὰ
1566 1303 1683 1371 περὶ
1731 1307 1829 1350 τῶν

232 1391 558 1436 Δεσποτικῶν
606 1386 929 1457 παθημάτων
995 1383 1393 1458 ἀπαραλείπτως
1456 1391 1546 1439 καὶ
1607 1386 1831 1462 ἀκριϐῶς

229 1475 346 1526 καθ’
389 1475 562 1547 εἱρμὸν
587 1475 1014 1547 ἡρμηνεύθησαν,

297 1650 355 1704 Ὀ
409 1647 468 1704 δε
523 1652 729 1716 Ἰησοῦς
777 1685 840 1694 -
876 1655 1000 1727 ἄφες
1046 1655 1244 1716 αὐτοῖς.
1293 1653 1442 1729 ’Υπερ
1501 1665 1600 1708 τῶν
1659 1675 1831 1709 σταυ-

223 1742 504 1814 ρωσάντων
569 1738 841 1794 Ἰουδαίων
907 1744 1342 1816 προσευξάμενος,
1411 1747 1481 1807 ὡς
1535 1747 1824 1819 ἄνθρωπος,

1939 580 2332 637 meritissima.

2010 760 2168 813 Vers.
2213 757 2304 814 31.
2334 755 2394 813 Si
2431 755 2588 812 enim
2620 757 2717 809 --?
2754 756 2854 824 ﬁet
2911 754 2968 811 Si
3008 755 3068 811 in
3123 770 3241 824 me,
3270 754 3376 826 qui
3418 753 3600 810 vitam

1937 846 2133 903 habeo
2156 845 2444 909 divinam,
2477 845 2605 900 haec
2643 843 2871 900 faciunt
2902 842 3154 900 Romani
3189 859 3225 900 a
3265 843 3486 900 Judasis
3520 843 3598 898 in-

1940 935 2138 1008 stigati
2168 953 2180 1002 ;
2213 936 2270 990 in
2295 934 2481 998 vobis,
2515 933 2619 1007 qui
2666 938 2915 989 mortem
2935 933 3104 989 vobis
3125 948 3198 988 ex
3231 936 3476 1005 peccato
3497 947 3598 1004 pa-

1937 1025 2136 1092 rastis,
2165 1023 2309 1095 quid
2334 1023 2414 1079 ab
2437 1022 2556 1078 illis
2585 1021 2682 1078 ﬁet
2716 1021 2745 1077 ?

2009 1112 2172 1168 Vers.
2240 1116 2328 1169 32.
2380 1110 2749 1168 Ducebantur
2823 1141 2892 1154 —
2944 1111 3110 1167 Vers.
3177 1111 3266 1166 33.
3320 1108 3598 1166 sinistris.

1940 1201 2244 1257 Matthieus
2265 1201 2386 1257 alia
2422 1216 2668 1273 quoque
2710 1199 2950 1272 scripsit
2981 1217 2993 1254 :
3024 1199 3122 1256 illa
3155 1199 3282 1272 lege
3314 1205 3371 1255 et
3395 1205 3600 1271 aperte

1939 1292 2013 1344 de
2040 1289 2134 1344 his
2190 1290 2369 1346 etiam
2419 1289 2704 1345 invenies.
2748 1292 2890 1345 Nam
2944 1289 3006 1344 in
3063 1289 3376 1359 Evangelio
3428 1287 3600 1359 juxta

1941 1378 2280 1434 Matthaaum
2336 1378 2407 1433 de
2451 1379 2688 1434 Domini
2732 1375 3158 1434 afﬂictionibus
3222 1375 3392 1433 nullo
3457 1392 3602 1450 pras-

1939 1468 2234 1535 termisso,
2285 1483 2516 1540 suaque
2561 1467 2710 1524 serie
2770 1467 3044 1524 omnium
3096 1472 3301 1524 exacte
3341 1467 3484 1523 data
3513 1470 3602 1522 est

1937 1555 2363 1629 interpretatio.
3217 1609 3220 1612 .

2011 1645 2168 1701 Vers.
2233 1645 2323 1702 34.
2381 1646 2547 1702 Iesus
2615 1649 2808 1704 autem
2882 1676 2950 1689 —
3003 1647 3230 1704 remitte
3285 1644 3430 1701 illis.
3493 1645 3599 1701 Pro

1937 1735 2394 1790 crucitixoribus
2461 1734 2683 1792 Judtnis
2765 1751 2966 1802 orans,
3046 1742 3335 1807 tanquam
3391 1735 3599 1798 homo,

225 1825 464 1892 ὑπέδειξε
520 1837 632 1892 τοῖς
682 1829 973 1906 ἀνθρώποις
1025 1835 1184 1885 τύπον
1235 1842 1324 1894 τῆς
1398 1834 1470 1897 εἰς
1526 1839 1644 1898 τοὺς
1703 1833 1819 1889 ἁδι-

1940 1825 2378 1897 compassionis
2436 1825 2690 1882 formam
2752 1824 3100 1882 hominibus
3147 1823 3598 1890 demonstravit,

225 1921 290 1974 κη
301 1936 494 1980 σαντας
519 1922 867 1991 συμπαθείας.

301 2095 604 2168 Ἠπόρησαν
677 2092 738 2149 δέ
783 2116 929 2167 τινες,
986 2100 1086 2163 ὅτι,
1147 2097 1231 2150 εὰν
1284 2097 1467 2172 ἀφείθη
1545 2101 1727 2165 αὐτοῖς
1791 2106 1820 2164 ἡ

227 2183 480 2258 ἁμαρτία,
534 2193 636 2246 πῶς
680 2181 752 2238 δι’
807 2185 964 2244 αὐτὴν
1018 2187 1232 2260 ὕστερον
1289 2185 1660 2261 παρεδόθησαν
1717 2201 1827 2255 τοῖς

223 2271 496 2345 Ῥωμαίοις
545 2273 615 2336 εἰς
672 2273 1060 2349 πανωλεθρίαν;
1124 2280 1252 2352 Πρὸς
1311 2278 1400 2340 οὓς
1459 2277 1686 2352 λέγομεν,
1744 2283 1825 2334 ὅτι

226 2360 331 2432 ούχ
385 2363 510 2437 ύπερ
562 2363 767 2415 πάντων
823 2365 853 2421 ἠ
919 2370 1194 2438 προσευχὴ
1253 2371 1477 2438 γέγονεν,
1530 2368 1636 2420 ἀλλ’
1697 2371 1823 2446 ύπερ

222 2453 392 2522 μόνων
456 2459 556 2503 τῶν
625 2456 912 2526 περαιτέρω
966 2449 1131 2525 μηδέν
1200 2474 1251 2507 τι
1313 2461 1820 2530 κακουργησάντωνο

222 2539 338 2590 ὅσοι
403 2534 461 2591 δε
518 2542 649 2611 μετὰ
704 2548 876 2606 τοῦτο,
931 2550 1024 2593 τοῦ
1082 2542 1228 2600 ἡλίου
1297 2548 1676 2613 σκοτωθέντος,
1736 2553 1825 2601 καὶ

217 2634 310 2678 τοῦ
362 2630 836 2702 καταπετάσματος
889 2632 1224 2702 σχισθέντος,
1274 2638 1365 2684 καὶ
1424 2641 1517 2696 τῆς
1573 2643 1673 2706 γῆς
1718 2656 1822 2689 σει-

217 2717 455 2779 σθείσης,
491 2722 580 2769 καὶ
620 2726 718 2770 τῶν
752 2727 950 2792 πετρῶν
993 2721 1346 2790 σχισθεισών,
1399 2728 1491 2775 καὶ
1532 2732 1631 2776 τῶν
1661 2724 1824 2777 ἀλλων

218 2809 447 2877 σημείων
503 2814 603 2858 τῶν
647 2810 783 2859 κατά
839 2812 934 2866 τὴν
991 2805 1283 2862 ἀνάστασιν
1342 2811 1504 2864 αὐτοῦ
1569 2812 1824 2867 τελεσθέν-

216 2912 336 2957 των,
409 2897 720 2970 προσέθεντο
777 2905 838 2970 τῇ
898 2903 1144 2973 πονηρίᾳ,
1223 2904 1313 2952 καὶ
1377 2905 1593 2977 τυχηρὰ
1656 2913 1824 2956 ταῦτα

217 2982 572 3057 λογισάμενοι,
649 2989 922 3048 κακοήθως
1001 2987 1433 3060 ὶσυκοφάντησαν
1519 2997 1613 3050 τὴν
1683 2995 1821 3046 θείαν

222 3071 534 3137 ἀνάστασιν,
594 3075 698 3146 ούχ
755 3075 882 3150 ὑπὲρ
930 3080 1122 3129 τούτων
1169 3079 1541 3150 προσηύξατο·
1599 3079 1684 3134 διὸ
1733 3089 1822 3136 καὶ

225 3160 371 3213 οὗτοι
396 3163 595 3223 πάντως
633 3161 1002 3238 παρεδόθησαν
1033 3173 1136 3226 τοίς
1166 3164 1392 3241 ἐχθροῖς.

297 3249 374 3301 Ού
432 3252 532 3323 γὰρ
581 3281 651 3292 -
699 3261 932 3306 ποιοῦσι.
988 3261 1071 3324 Τῷ
1124 3257 1292 3327 φθόνῳ
1339 3259 1631 3328 μεθύοντες.
1679 3264 1823 3324 Τινὶς

227 3333 286 3390 δέ
330 3358 523 3411 φασινο
583 3342 654 3403 ὡς
709 3341 813 3413 ούχ
865 3343 993 3418 ύπερ
1045 3351 1146 3395 τῶν
1177 3340 1474 3409 Ἰουδαίων,
1531 3345 1637 3399 ἀλλ’
1697 3351 1822 3422 ὑπερ

221 3434 323 3478 τῶν
379 3429 818 3500 ὑπηρετησάντων
869 3439 932 3504 τῇ
988 3437 1286 3505 σταυρώσει
1342 3433 1502 3487 αὑτοῦ
1560 3435 1822 3511 Ῥωμαίων

223 3527 554 3590 στρατιωτῶν
627 3524 720 3578 τὴν
774 3526 1081 3594 προσευχὴν
1140 3521 1462 3582 ἐποιήσατο·
1518 3527 1663 3580 οὗτοι
1720 3532 1820 3603 γὰρ

218 3609 551 3658 παντάπασιν
599 3609 839 3680 ἠγνόουν,
881 3611 982 3662 ὅσα
1007 3616 1125 3685 περί
1150 3612 1311 3665 αὐτοῦ
1341 3623 1764 3691 προανεφὼνησεν
1794 3622 1820 3673 ὁ

215 3699 370 3768 νόμος
399 3702 488 3748 καὶ
519 3699 568 3750 οἱ
593 3706 878 3772 προφῆται.

290 3791 570 3859 Θεὼρησον
642 3784 701 3840 δε
753 3790 835 3840 ὅτι
905 3788 1076 3842 ὀπίσω
1150 3793 1241 3864 μεν
1305 3793 1574 3857 εἰπόντος·
1650 3800 1816 3875 Πάτερ

213 3892 333 3946 μου,
397 3875 441 3926 εἰ
489 3875 547 3927 ού
605 3876 718 3948 (80)
766 3873 989 3930 δύναται
1031 3887 1184 3933 τοῦτο
1228 3885 1286 3934 τὸ
1331 3889 1580 3957 ποτήριον
1625 3873 1819 3960 παρελέ

217 3964 320 4016 θεῖν
376 3962 463 4017 ἀπ’
513 3963 658 4038 ἐμοῦ,
728 3969 1000 4038 γενηθήτω
1052 3972 1110 4022 τὸ
1169 3971 1368 4043 θέλημά
1439 3992 1573 4026 σου·
1628 3975 1813 4038 θελητὴ

213 4061 287 4122 τῷ
334 4059 500 4129 Πατρὶ
550 4060 784 4127 φαίνεται
831 4058 860 4114 ἠ
909 4063 1083 4129 σφαγὴ
1135 4068 1226 4112 τοῦ
1286 4063 1446 4114 Υίοῦ⁸
1499 4061 1718 4118 ίνταύθα
1757 4062 1818 4120 δι

213 4141 486 4214 λέγοντος·
550 4147 740 4219 Πάτερ,
805 4147 926 4217 ἄφες
979 4146 1172 4212 αὐτοῖς,
1245 4147 1524 4212 (ἳιθέλητος⁹
1597 4153 1656 4204 ού
1711 4159 1814 4227 γὰρ

214 4231 276 4281 οἶν
343 4230 717 4304 ἐξεμειλίσσετο
783 4239 878 4293 τὴν
930 4233 1121 4288 ἐκείνου
1192 4242 1326 4290 κατὰ
1373 4249 1472 4291 τῶν
1530 4245 1815 4312 μιαιφόνων

215 4318 396 4392 ὀργήν.
453 4326 517 4374 Τί
567 4319 654 4374 οὖν
701 4321 841 4376 ἔστιν
893 4325 1089 4392 simis;
1144 4324 1262 4378 Ὀτι
1316 4329 1433 4380 καθ’
1481 4328 1668 4386 ἑαυτὴν
1723 4333 1813 4402 μεν

217 4405 457 4470 aenum;
488 4407 568 4468 ἦν.
620 4409 713 4464 διὰ
766 4409 825 4466 δε
873 4419 966 4472 τὴν
1011 4416 1262 4489 ἡμετέραν
1294 4421 1550 4490 σωτηρίαν
1609 4417 1808 4478 eam.

219 4497 460 4572 Καθάπερ
503 4504 591 4552 καὶ
638 4504 732 4564 τὰς
785 4500 1038 4575 ἀριστέως
1082 4503 1287 4576 πληγὰς
1316 4507 1432 4558 καθ’
1487 4504 1676 4569 ἑαυτὰς
1722 4511 1812 4580 μεν

213 4580 400 4646 ἀηδεῖς
445 4587 734 4661 ἡγούμεθα,
776 4587 871 4643 διὰ
901 4587 960 4644 δε
1005 4597 1098 4651 τὴν
1128 4596 1264 4646 κατὰ
1313 4603 1414 4647 τῶν
1471 4592 1675 4671 ἔχθρῶν
1716 4595 1810 4648 ἁν-

212 4670 528 4750 δραγαθίαν,
561 4675 763 4742 ἡδείας.

279 4946 706 5020 Διαμεριζόμενοι
782 4977 852 4988 --
917 4949 1134 5024 θεωρῶν.
1219 4949 1303 5003 Ἐν
1385 4957 1458 5022 τῷ
1520 4947 1810 5026 προδιαλη-

200 5034 381 5106 φθέντι
437 5035 694 5108 κεφαλαίῳ
751 5044 842 5089 τοῦ
891 5041 1026 5090 κατὰ
1095 5039 1362 5092 Ματθαῖον
1419 5039 1651 5100 ζήτησον
1713 5045 1807 5100 τήν

199 5121 456 5193 ἐξήγησιν
530 5133 660 5177 τοῡ’
732 5132 1128 5202 Σταυρωσαντες
1202 5125 1262 5181 δε
1318 5127 1495 5196 αὑτὸν,
1577 5125 1804 5204 διεμερί-

199 5229 362 5263 σαντο
451 5215 517 5265 τὰ
618 5215 803 5286 ἱμάτια
911 5216 1092 5287 αύτού,
1187 5215 1458 5290 βάλλοντες
1566 5217 1753 5292 κλῆρον
1783 5238 1796 5252 ·

195 5300 326 5353 ἔνθα
364 5299 540 5364 λύσεις
588 5301 953 5379 ἀνεγράφησαν
1003 5310 1297 5382 χαρίεσσαι
1325 5308 1440 5379 (81)
1486 5310 1799 5380 ζητημάτων

195 5387 507 5460 ἀξιολόγων.

277 5485 324 5522 ⁸³
342 5487 545 5545 Matth.
566 5505 729 5557 xxxi,
761 5493 851 5549 42.

618 5215 803 5286 ἱμάτια

929 5492 976 5529 ³³
1009 5492 1214 5551 Matth.
1237 5507 1420 5562 xxvu,
1448 5497 1542 5552 35.

1935 1929 2122 1986 quam
2156 1930 2296 1985 erga
2325 1913 2458 1970 illos
2506 1913 2730 1970 habere
2773 1919 3025 1988 oportet,
3065 1912 3165 1987 qui
3204 1913 3366 1987 ipsos
3387 1911 3601 1985 injuria

1936 2002 2252 2059 atﬁcerent.

2009 2091 2442 2150 Dubitaverunt
2487 2096 2689 2150 autem
2737 2091 3004 2165 quidam,
3051 2096 3292 2164 sumpta
3328 2090 3469 2148 hinc
3497 2106 3602 2148 oc-

1934 2180 2196 2237 casione.
2244 2181 2301 2238 Si
2349 2182 2508 2238 enim
2563 2181 2879 2238 remissum
2933 2187 3058 2238 erat
3114 2181 3202 2237 eis
3261 2185 3596 2253 peccatum,

1934 2271 2242 2342 quomodo
2271 2270 2659 2342 postmodum
2710 2270 2996 2327 Romanis
3042 2269 3118 2327 ob
3139 2269 3287 2326 illud
3313 2270 3390 2326 ad
3423 2268 3600 2326 inter-

1935 2359 2246 2415 necionem
2271 2359 2462 2415 traditi
2500 2359 2689 2414 sunt?
2712 2359 2939 2426 Quibus
2966 2375 3076 2416 nos
3100 2358 3382 2423 dicimus,
3429 2356 3597 2432 quod

1936 2463 2056 2504 non
2088 2463 2198 2521 pro
2237 2447 2521 2505 omnibus
2579 2449 2841 2520 precatio
2883 2447 3039 2505 facta
3069 2453 3178 2514 est,
3227 2448 3329 2504 sed
3363 2463 3466 2521 pro
3504 2446 3599 2502 his

1933 2536 2228 2594 dunxatat
2285 2538 2389 2610 qui
2438 2537 2585 2594 nihil
2637 2537 2781 2594 mali
2839 2537 3124 2609 deinceps
3204 2535 3600 2610 perpetraturi

1934 2631 2119 2682 erant.
2179 2628 2285 2693 Qui
2334 2643 2472 2684 vero
2525 2643 2652 2683 cum
2695 2627 2784 2683 sol
2841 2627 3280 2694 obscuraretur,
3314 2633 3370 2683 et
3402 2625 3597 2682 velum

1934 2717 2322 2782 scinderetur,
2397 2721 2672 2788 terraque
2730 2720 3223 2782 commoveretur,
3283 2731 3354 2771 ac
3420 2719 3599 2788 petra:

1933 2802 2316 2872 ﬁnderentur,
2383 2805 2621 2877 aliaque
2673 2805 2838 2876 signa
2891 2804 2951 2860 in
3003 2804 3432 2860 resurrectione
3469 2804 3597 2875 ejus

1933 2892 2160 2959 ﬂerent,
2195 2893 2482 2950 malitiam
2521 2892 2900 2960 addiderunt,
2936 2898 2994 2950 et
3034 2892 3273 2950 fortuita
3313 2891 3440 2949 haec
3467 2908 3600 2949 esse

1931 2983 2279 3053 cogitantes,
2293 2983 2512 3039 divinae
2524 2982 2938 3040 resurrectioni
2953 2982 3318 3040 calumniam
3337 2981 3600 3052 maligne

1935 3077 2320 3128 struxerunt:
2373 3087 2493 3128 non
2557 3088 2665 3144 pro
2719 3071 2812 3128 his
2854 3073 3064 3140 oravit,
3113 3071 3251 3129 ideo
3308 3072 3490 3128 etiam
3538 3070 3599 3128 hi

1933 3159 2184 3215 omnino
2225 3160 2422 3216 traditi
2484 3165 2622 3216 sunt
2682 3159 2951 3216 inimicis.

2005 3256 2164 3312 Vers.
2194 3259 2281 3314 35.
2322 3256 2456 3313 Non
2488 3259 2644 3313 enim
2665 3285 2735 3299 -
2759 3258 3019 3328 faciunt.
3054 3257 3286 3313 Invidia
3325 3257 3598 3314 videlicet

1933 3344 2258 3401 temulenti.
2287 3345 2540 3411 Quidam
2570 3359 2709 3400 vero
2747 3345 2974 3416 dicunt,
3022 3345 3188 3416 quod
3213 3361 3336 3402 non
3363 3361 3474 3418 pro
3495 3345 3593 3402 Ju-

1929 3432 2091 3498 dasis,
2127 3432 2236 3490 sed
2293 3449 2396 3506 pro
2442 3433 2726 3489 Romanis
2783 3432 3092 3499 militibus,
3137 3434 3243 3506 qui
3312 3434 3371 3489 in
3403 3435 3597 3492 cruci-

1930 3521 2144 3579 ﬁxione
2209 3522 2770 3588 subministrabant,
2811 3522 3144 3580 orationem
3205 3520 3408 3580 fecerit
3462 3538 3478 3590 ;
3528 3522 3593 3580 hi

1928 3612 2090 3668 enim
2128 3611 2500 3683 ignorabant,
2547 3627 2676 3684 quae
2723 3611 2798 3668 de
2837 3611 2970 3684 ipso
3023 3610 3120 3668 lex
3171 3627 3238 3668 ac
3285 3611 3592 3684 prophetas

1927 3701 2354 3774 prmdixerant.

1999 3790 2320 3847 Considera
2362 3793 2585 3858 autem,
2620 3789 2788 3862 quod
2831 3789 3088 3847 dicendo
3113 3790 3174 3847 in
3207 3790 3597 3863 praecedenti-

1925 3879 2036 3934 bus
2077 3899 2090 3938 :
2121 3881 2305 3937 Pater
2327 3879 2430 3943 mi,
2453 3879 2506 3934 si
2534 3894 2644 3936 non
2670 3886 2846 3951 potest
2876 3880 2988 3936 hoc
3023 3880 3310 3949 poculum
3339 3879 3594 3938 transire

1923 3987 1958 4024 α
1986 3985 2092 4034 me,
2121 3969 2232 4038 ﬁat
2284 3970 2552 4026 voluntas
2584 3976 2684 4025 tua
2724 3970 2794 4037 ⁸³,
2841 3967 3073 4025 videtur
3102 3969 3294 4026 caedes
3343 3968 3474 4025 Filii
3503 3985 3594 4027 se-

1924 4057 2190 4114 cundum
2220 4057 2404 4113 Patris
2435 4057 2564 4115 ﬂeri
2608 4057 2974 4114 voluntatem
3005 4072 3020 4124 ;
3061 4073 3223 4114 nunc
3249 4073 3409 4124 vero,
3451 4073 3591 4114 cum

1923 4145 2129 4203 dicat:
2171 4147 2375 4211 Pater,
2418 4147 2647 4203 remitte
2698 4146 2852 4216 illis,
2892 4145 3129 4202 videtur
3175 4153 3388 4202 contra
3433 4145 3590 4202 illius

1923 4234 2051 4290 ﬁeri
2091 4234 2457 4290 voluntatem
2494 4251 2507 4300 ;
2562 4250 2757 4307 neque
2813 4233 2973 4290 enim
3018 4233 3168 4290 alias
3217 4235 3367 4290 iram
3397 4234 3587 4305 ipsius

1923 4323 2238 4394 mitigaret,
2273 4339 2461 4394 quam
2501 4329 2708 4378 contra
2762 4322 3098 4378 homicidas
3124 4321 3407 4378 habebat.
3436 4321 3584 4388 Quid

1922 4427 2062 4483 ergo
2091 4410 2407 4468 dicendum
2465 4418 2552 4468 est
2576 4410 2604 4466 ?
2635 4411 2808 4477 Quod
2847 4412 2909 4467 in
2960 4427 3022 4467 se
3043 4411 3282 4484 quidem
3313 4410 3586 4469 involun-

1923 4501 2068 4556 taria
2094 4506 2239 4569 erat,
2281 4506 2523 4573 propter
2574 4506 2843 4556 nostram
2902 4505 3102 4556 tamen
3151 4498 3405 4556 salutem
3460 4505 3587 4559 erat

1922 4587 2285 4645 voluntaria.
2325 4587 2847 4654 Quemadmodum
2875 4593 2929 4644 et
2969 4586 3193 4644 strenui
3223 4585 3428 4643 militis
3463 4587 3588 4660 pla-

1921 4692 2047 4747 gas,
2077 4677 2136 4732 in
2168 4691 2232 4732 se
2253 4675 2661 4733 consideratas
2713 4675 2964 4732 acerbas
3003 4675 3304 4742 ducimus,
3345 4681 3584 4750 propter

1919 4765 2328 4821 strenuitatem
2351 4771 2549 4821 tamen
2571 4780 2759 4837 quam
2781 4763 3070 4820 adversus
3091 4764 3361 4821 inimicos
3383 4770 3586 4822 osten-

1917 4853 2026 4923 dit,
2054 4853 2310 4910 dicimus
2341 4869 2470 4910 esse
2511 4870 2753 4912 suaves.

1989 4951 2154 5008 Vers.
2204 4954 2293 5009 34.
2369 4952 2696 5009 Dividenm
2769 4980 2841 4993 —
2920 4951 3082 5007 Vers.
3147 4952 3240 5010 35.
3299 4955 3580 5022 spectans.

1919 5041 2212 5102 Praedicto
2235 5040 2529 5114 Evangelii
2557 5042 2731 5112 juxta
2760 5041 3100 5097 Matthmum
3151 5041 3345 5113 capite
3382 5055 3584 5111 quaere

1917 5130 2051 5187 dicti
2109 5129 2263 5186 illius
2309 5131 2900 5202 interpretationem:
2981 5130 3225 5200 Cumque
3259 5129 3584 5198 cruci/isis.

1909 5228 2032 5278 sent
2055 5236 2198 5286 eum,
2258 5220 2585 5277 diviserunt
2633 5219 2976 5276 vestimenta
3025 5220 3151 5289 eius
3193 5222 3400 5274 sortem
3460 5219 3586 5274 mit-

1909 5316 2090 5368 tentes
2122 5311 2191 5377 ⁸³,
2249 5309 2350 5365 ubi
2399 5309 2664 5381 pulchra
2694 5309 2851 5365 datm
2911 5313 3052 5364 sunt.
3113 5307 3462 5378 solutiones,
3503 5306 3584 5366 ad

1909 5397 2268 5473 qumstiones
2301 5413 2436 5471 quae
2474 5397 2938 5472 responsionem
3005 5401 3328 5458 mereatur.

1439 5635 1660 5710 Variae
1690 5637 2021 5709 lectiones
2053 5648 2350 5709 etnotae.

274 5752 386 5830 (sa)
418 5759 462 5809 o
500 5751 752 5818 iomittit
779 5756 878 5818 B.’

1888 5787 1892 5796 ι
1979 5764 2371 5846 (81)Χαρίεσαι
2398 5763 2587 5824 codex
2621 5767 2892 5844 uterque.
