4170 6450
649 355 782 414 1001

655 573 960 628 Mattbaeus
1029 587 1169 626 vero
1224 571 1366 626 dicit
1424 593 1436 626 :
1497 572 1613 638 Qui
1648 581 1840 628 aulem
1905 574 2309 642 praeteribant,

651 662 902 718 convicia
921 660 1232 731 jaciebant
1281 662 1338 714 in
1377 676 1504 717 eum
1539 662 1606 731 “,
1640 668 1692 716 et
1726 667 1957 726 caetera,
1994 662 2096 717 ubi
2135 663 2310 718 latius

651 749 882 806 dictum
922 756 1029 805 est.
1082 749 1359 805 Similiter
1411 757 1611 805 autem
1664 757 1721 805 et
1765 751 1839 805 de
1869 758 2039 806 aceto
2069 769 2139 807 ac
2181 751 2312 806 felle

649 840 908 912 vinoque
948 837 1276 909 myrrhato,
1319 838 1379 894 in
1419 837 1518 894 illo
1550 839 1742 912 capite
1801 840 1880 895 ad
1908 839 2158 896 verbum
2193 841 2312 896 elu-

653 929 922 985 cidatum
954 935 1063 983 est.

731 1018 894 1073 Vers.
928 1017 1016 1072 38.
1044 1017 1186 1073 Erat
1216 1023 1408 1073 autem
1466 1048 1521 1059 —
1554 1017 1906 1076 Judaeorum.
1933 1019 1994 1074 In
2020 1035 2092 1074 eo
2117 1020 2311 1091 capite

649 1106 830 1163 etiam
858 1105 934 1162 de
985 1105 1078 1161 his
1125 1111 1329 1161 exacte
1377 1106 1696 1163 dissertum
1751 1115 1853 1173 est,
1917 1108 2016 1163 ubi
2060 1109 2310 1165 dicitur:

650 1195 727 1250 Et
789 1196 1195 1265 imposuerunt
1252 1211 1427 1265 super
1467 1204 1642 1265 caput
1681 1199 1802 1267 ejus
1854 1213 2089 1254 rausam
2130 1198 2310 1268 ipsius

649 1286 968 1355 scriptam:
1001 1285 1116 1340 Hic
1144 1287 1222 1340 est
1250 1285 1420 1340 Jesus
1449 1300 1555 1342 rex
1595 1286 1924 1342 Judaorum
1953 1289 2022 1342 ⁸⁸.

863 1463 1022 1520 CAP.
1060 1464 1279 1521 LXXXI.
1309 1466 1392 1521 De
1439 1466 1691 1521 latronis
1725 1465 2091 1535 renitentia.

722 1554 882 1610 Vers.
942 1558 1030 1610 39.
1085 1555 1243 1610 Unus
1295 1585 1361 1593 —
1411 1554 1569 1610 Vers.
1599 1555 1688 1609 41.
1742 1555 1940 1625 gessit.
1996 1559 2219 1611 Rursus
2247 1555 2308 1610 in

646 1643 746 1700 illo
794 1645 876 1700 ait
928 1643 1233 1700 Matthreus
1285 1644 1401 1698 :Id
1451 1643 1634 1714 ipsum
1684 1650 1875 1699 autem
1924 1648 1974 1698 et
2029 1646 2304 1709 latrones,

645 1735 741 1805 qui
782 1733 1055 1801 cruciﬁxi
1107 1737 1279 1788 erant
1345 1749 1475 1788 cuni
1539 1749 1602 1789 eo
1649 1734 2090 1801 exprobrabant
2135 1735 2190 1790 ei
2232 1736 2301 1800 ³⁸,

2012 351 2364 414 EUTHYMII
2403 347 2742 419 ZIGABENl

726 481 898 538 Vers.
962 480 1050 537 35.
1082 481 1170 536 Et
1221 479 1556 538 deridebant
1607 509 1674 524 αι-
1722 479 1886 537 Vers.
1928 482 2015 538 37.
2068 485 2311 554 leipsum
2343 483 2393 538 Α

3898 363 4015 422 1092

2501 485 2933 559 Ἐξεμυκτήριζον
3019 483 3081 539 δί
3146 518 3213 530 -
3304 491 3538 541 σεαυτόν.
3632 492 3895 553 Man-Gaio;
3963 493 4011 547 δέ

2427 593 2586 646 φησιν
2615 592 2626 604 ·
2670 578 2737 628 Oi
2776 573 2835 629 δὴ
2895 583 3372 650 παραπορευόμενοι
3435 577 3802 651 ἐϐλασφήμουν
3853 583 4004 642 αὐτὸν,

2426 670 2515 716 καὶ
2568 668 2634 716 τὰ
2681 665 2816 729 ἑξῆς,
2873 667 2994 717 ἔνθα
3040 665 3354 740 πλατύτερον
3420 671 3645 740 εἰρηταε.
3689 668 3908 740 Ὁμοίως
3958 671 4003 726 δὲ

2423 758 2513 806 καὶ
2538 759 2656 828 περὶ
2700 762 2792 807 τοῦ
2820 755 2967 817 ὄξους
2997 760 3087 807 καὶ
3116 763 3212 816 τῆς
3243 756 3430 827 χολῆς,
3475 761 3565 809 καὶ
3609 765 3704 809 τοῦ
3751 757 4003 833 ίσμυρνισ-

2421 848 2575 914 μένου
2635 847 2774 896 οἴνου
2833 843 2883 896 ἐν
2966 843 3138 915 ἐκείνῳ
3207 854 3280 916 τῷ
3356 845 3615 918 κιφαλαίῳ
3682 851 3816 900 κατὰ
3873 850 3997 922 λόγον

2423 929 2457 984 δ
2463 936 2837 1005 ιασεσάφηται.

2492 1021 2587 1073 Ἦν
2633 1019 2692 1074 δι
2723 1054 2786 1062 -
2816 1018 3108 1076 Ἰουδαίων.
3146 1024 3226 1076 Ἐν
3252 1033 3322 1094 τῷ
3370 1027 3589 1096 τοιούτῳ
3626 1025 3884 1099 κεφαλαίῳ
3926 1036 3992 1081 καὶ

2420 1116 2537 1182 περὶ
2582 1114 2774 1163 τούτων
2811 1111 3242 1187 ἠκριϐολὸγηται,
3287 1115 3408 1165 ἔνθα
3433 1121 3601 1166 κιίται
3631 1122 3692 1167 τὸ
3719 1132 3732 1145 ο
3784 1123 3877 1170 Καὶ
3903 1119 3989 1187 (85';

2421 1198 2674 1258 ἐπέθηκαν
2717 1200 2885 1253 έποίνω
2922 1209 3014 1262 τῆς
3065 1201 3286 1274 κεφαλῆς
3314 1203 3472 1255 αὑτοῦ
3520 1209 3615 1262 τὴν
3643 1205 3820 1256 αἰτίαν
3859 1207 3988 1258 αὑτοῦ

2418 1294 2816 1362 γεγραμμένην·
2878 1291 3041 1351 Οὗτός
3092 1289 3233 1343 ἐστιν
3289 1293 3498 1355 Ἰησοῦς
3551 1295 3577 1344 ὁ
3628 1291 3872 1366 βασιλεὺς
3912 1305 3986 1346 τῶν

2420 1375 2706 1433 Ἰουδαίων.

2592 1474 2733 1522 ΚΕΦ.
2767 1469 2891 1523 [Μ’.
2926 1474 3049 1542 ῐιιρὶ
3079 1477 3170 1521 τοῦ
3200 1476 3609 1541 μετανοήσαντος
3629 1471 3848 1545 λῃστοῦ.

2491 1558 2572 1618 Εἷς
2666 1589 2733 1598 —
2799 1558 3002 1629 ἱπραξε.
3095 1559 3254 1611 Πάλιν
3347 1561 3372 1611 ὁ
3467 1562 3741 1622 Man-Gaio;
3823 1562 3864 1614 ἓν
3930 1573 3979 1633 τῷ

2418 1651 2632 1717 τοιούτῳ
2729 1647 2984 1718 κεφαλαίῳ
3096 1653 3264 1718 φησί’
3369 1653 3439 1701 Τὸ
3537 1645 3588 1701 δ’

2419 1739 2466 1789 οἱ
2553 1736 2746 1806 λησταὶ
2833 1739 2882 1788 οἱ
2979 1739 3424 1810 συσταυρωθεντες
3512 1739 3655 1809 αύτῷ
3755 1737 3965 1802 ὠνείδιζον

3709 1652 3831 1703 αὐτὸ
3908 1658 3972 1702 καὶ

652 1823 752 1879 ubi
787 1822 1065 1896 pulchras
1108 1823 1529 1894 pr0posuimus
1574 1823 2035 1894 ambiguitatum
2067 1823 2302 1879 solutio-

2418 1826 2591 1878 αὐτόν.
2638 1825 2800 1879 Ἔνθα
2858 1831 2950 1880 καὶ
3008 1827 3101 1884 τὴν
3162 1826 3309 1878 λύσιν
3369 1827 3534 1887 καλῶς
3589 1831 3821 1899 ἔχουσαν
3855 1830 3954 1891 ἑξείη-

649 1927 776 1968 nes.
813 1913 1267 1968 Damnationem
1295 1920 1493 1968 autem
1533 1928 1691 1968 nunc
1721 1918 1892 1968 vocat
1916 1912 2216 1968 Judicium
2249 1920 2306 1968 et

651 2002 843 2058 crucis
865 2000 1448 2057 condemnationem.

721 2089 1003 2147 νει-842.
1051 2092 1114 2144 ει
1159 2121 1224 2132 —
1278 2094 1458 2144 tuum.
1503 2089 1673 2158 Quod
1730 2091 2301 2163 supramundanum

647 2188 759 2236 est.
788 2183 935 2237 Nam
965 2180 1279 2235 verisimile
1325 2185 1415 2236 est
1461 2197 1598 2235 eum
1637 2196 1881 2253 quoque
1907 2181 2206 2236 audivisse
2228 2181 2303 2236 de

648 2285 925 2326 sermone
949 2285 1132 2342 quem
1163 2269 1240 2324 ad
1268 2269 1518 2325 Pilatum
1543 2270 1767 2326 dixerat
1792 2286 1803 2324 :
1824 2271 2092 2341 Regnum
2118 2285 2304 2327 meum

646 2375 765 2416 non
793 2367 873 2417 est
909 2375 980 2416 ex
1006 2359 1110 2415 hoc
1135 2359 1351 2415 mundo
1377 2359 1447 2411 ³⁷.

715 2448 876 2505 Vers.
908 2451 994 2504 43.
1021 2450 1084 2502 Et
1113 2477 1180 2489 —
1223 2449 1518 2515 paradiso.
1577 2448 1890 2513 Quomodo
1948 2454 2180 2520 petente
2212 2448 2301 2504 la-

647 2544 812 2595 trone
845 2538 937 2593 sui
987 2537 1331 2593 memoriam
1363 2538 1422 2592 in
1473 2553 1660 2606 regno
1689 2537 2008 2592 Salvutoris
2039 2538 2298 2610 assequi,

645 2627 768 2700 ipse
821 2627 985 2684 aliud
1040 2625 1351 2698 quiddam,
1413 2626 1577 2698 quod
1634 2643 1816 2697 supra
1863 2626 1923 2681 id
1980 2632 2105 2681 erat
2161 2628 2300 2697 (aa),

644 2716 936 2789 promisit,
979 2716 1496 2771 conversationem
1550 2715 1815 2770 videlicet
1867 2716 1925 2770 in
1959 2716 2238 2787 paradiso
2275 2718 2304 2770 Ϋ

643 2805 797 2872 Quia
842 2804 1014 2870 latro,
1073 2804 1357 2872 ignorans
1412 2803 1575 2874 quod
1626 2810 1778 2858 esset
1827 2804 1952 2874 ejus
2021 2820 2297 2874 regnum,

643 2911 764 2951 non
799 2893 875 2950 ad
924 2893 1385 2948 determinatam
1445 2892 1671 2965 aliquid
1702 2898 1758 2946 et
1798 2894 2100 2961 cognitum
2152 2894 2297 2949 fece-

643 2989 736 3040 rat
766 2983 1133 3055 petitionem.
1167 2983 1282 3036 Sed
1315 2981 1508 3037 solum
1542 2998 1646 3053 per
1695 2982 2045 3052 hujusmodi
2073 2984 2298 3054 petitio-

642 3087 782 3128 nem
815 3069 1186 3143 precabatur,
1209 3070 1511 3126 utbouum
1534 3070 1779 3142 aliquod
1810 3079 2295 3144 consequeretur.

2413 1918 2564 1987 μιοα.
2603 1921 2776 1988 Κρίμα
2816 1911 2873 1968 δί
2904 1923 2990 1966 νῦν
3018 1915 3153 1987 λέγει
3181 1920 3273 1974 τήν
3321 1913 3612 1974 καταδίκην
3663 1923 3760 1977 τὴν
3789 1916 3871 1971 διὰ
3901 1926 3964 1970 τοῦ

2414 2013 2665 2078 σταυροῦ.

2487 2100 2586 2148 Καὶ
2634 2125 2702 2135 -
2766 2113 2882 2147 σου.
2939 2101 3013 2166 Τῇ
3077 2094 3435 2168 ύπερκοσμίῳ.
3498 2095 3650 2157 εἰκὸς
3699 2100 3795 2170 γὰρ
3846 2097 3969 2148 αὐτὸν

2411 2187 2592 2257 μαθεῖν
2658 2188 2748 2236 καὶ
2801 2187 2889 2236 τὸν
2937 2183 3106 2254 λογον,
3170 2186 3223 2236 ὃν
3273 2181 3380 2236 εἶπε
3437 2190 3562 2259 πρὸς
3617 2187 3861 2240 Πιλάτου·
3909 2189 3972 2237 ὁτι

2409 2274 2465 2326 'H
2532 2272 2779 2345 βασιλιία
2855 2275 2885 2330 ἡ
2972 2271 3067 2345 ἐμὴ
3137 2273 3232 2326 οὐκ
3287 2276 3428 2326 ἔστιν
3503 2274 3559 2327 ἐκ
3641 2284 3726 2328 τοῦ
3799 2279 3971 2347 κόσμου

2411 2367 2618 2420 τούτου.

2486 2458 2585 2506 Καὶ
2640 2482 2710 2494 -
2761 2447 3088 2524 παραδιίσῳ.
3152 2458 3265 2512 Πῶς
3315 2451 3642 2524 αἰτησαμένῳ
3699 2461 3761 2521 τῷ
3817 2451 3966 2522 λῃστῇ

2411 2549 2621 2615 μνήμης
2676 2549 2861 2613 τυχεῖν
2913 2540 2961 2593 ἕν
3014 2549 3078 2614 τῇ
3122 2539 3372 2614 βασιλεία
3427 2552 3516 2594 τού
3569 2550 3774 2611 Σωτῆρος
3822 2539 3960 2599 αὐτὸς

2411 2634 2578 2706 ἕτερον
2627 2650 2678 2683 τι
2706 2631 2828 2704 παρ’
2887 2631 3051 2688 αύτὴν
3110 2629 3467 2702 έπηγγεῦατο,
3517 2636 3598 2687 την
3627 2628 3756 2698 ίντῷ
3802 2646 3958 2698 παρα-

2413 2717 2574 2791 δείσῳ
2631 2717 2951 2793 διατριϐήν;
3010 2724 3152 2772 sum
3198 2722 3224 2772 ὀ
3284 2724 3376 2792 μεν
3414 2720 3618 2791 λῃστὴς,
3672 2717 3854 2788 ἀγνοῶν
3897 2720 3969 2778 τίς

2411 2811 2550 2859 ἐστιν
2601 2811 2631 2865 ἡ
2686 2808 2934 2880 βασιλεία
2981 2809 3163 2876 αὐτοῦ,
3221 2809 3281 2860 ού
3327 2813 3455 2883 πρὸς
3494 2811 3758 2880 ὡρισμένον
3799 2825 3850 2856 τι
3895 2811 3966 2856 καὶ

2407 2904 2666 2968 γνώριμον
2732 2897 3013 2956 ἐποιήσατο
3091 2903 3185 2955 τὴν
3253 2901 3480 2961 αἴτησιν,
3559 2896 3680 2948 ἀλλὰ
3742 2892 3831 2948 διὰ
3898 2904 3959 2952 τῆς

2408 2991 2651 3048 τοιαύτης
2729 2988 2981 3049 αἰτήσεως
3058 2993 3211 3059 μόνον
3297 2990 3525 3040 ἱκέτευσε
3607 2992 3780 3058 τυχεῖν
3856 3005 3959 3044 τινος

2410 3075 2646 3147 ἀγαθοῦ·
2702 3079 2728 3128 ὁ
2777 3073 2838 3129 δι
2899 3081 3145 3149 Χριστὸς,
3204 3073 3353 3137 εἰδὼς
3413 3081 3500 3128 τὸν
3560 3080 3749 3129 σκοπὸν
3821 3075 3962 3136 αὐτοῦ,

643 3160 911 3218 Christus
944 3175 1104 3223 vero,
1153 3161 1344 3216 sciens
1392 3160 1522 3230 ejus
1572 3160 1980 3226 intentionem,
2025 3161 2298 3233 promisit

2412 3165 2749 3236 ἐπηγγείλατο
2819 3169 2876 3218 τὸ
2933 3162 3122 3218 δοκοῦν
3174 3164 3346 3236 ἐκείνῳ
3401 3173 3500 3217 τῶν
3557 3165 3683 3218 ὅλων
3749 3164 3965 3238 ἐρασμιώ-

639 3249 805 3324 quod
821 3249 903 3306 illi
919 3250 1188 3306 omnium
1213 3250 1661 3320 optatissimum
1682 3248 2015 3305 videbatur.
2045 3254 2298 3307 Noverat

640 3339 799 3396 enim
865 3339 1013 3395 latro
1062 3338 1409 3411 paradisum
1463 3355 1494 3394 e
1550 3339 1820 3395 doctrina
1885 3340 2144 3396 Mosaica
2197 3345 2298 3396 :et

639 3435 779 3487 tunc
810 3430 1058 3504 quidem
1085 3429 1250 3486 dedit
1273 3430 1326 3484 ei
1355 3430 1871 3485 conversationem
1903 3430 1963 3485 in
1997 3430 2294 3502 paradiso,

640 3525 929 3592 tanquam
983 3517 1344 3573 arrabonem
1393 3518 1557 3586 regni
1589 3518 1703 3582 sui,
1738 3518 1902 3589 quod
1954 3523 2043 3573 est
2097 3517 2298 3574 truitio

640 3608 1034 3665 inetfabilium
1063 3623 1134 3662 ac
1181 3613 1540 3661 aeternorum
1568 3607 1881 3672 bonorum,
1918 3623 2056 3680 qme
2086 3608 2296 3662 oculus

639 3712 762 3753 non
796 3697 960 3765 vidit,
1003 3712 1110 3751 nec
1153 3695 1315 3751 auris
1358 3696 1603 3760 audivit,
1639 3712 1745 3752 nec
1802 3697 1862 3751 in
1902 3712 2004 3752 cor
2043 3697 2296 3752 hominis

638 3785 1040 3843 ascenderunt
1069 3787 1138 3839 ⁸⁸.
1166 3785 1447 3840 Nondum
1473 3786 1633 3840 enim
1664 3785 1966 3858 quispiam
1995 3790 2296 3856 justorum

639 3874 867 3946 accepit
896 3874 1373 3946 promissionem,
1415 3874 1595 3929 veluti
1627 3891 1883 3944 magnus
1921 3875 2119 3931 docuit
2147 3876 2298 3932 Pau-

638 3963 733 4020 lus
763 3964 833 4016 ⁸³.
886 3963 1271 4019 Postmodum
1312 3979 1452 4019 vero
1505 3969 1561 4019 et
1604 3963 1716 4020 hoc
1772 3964 1960 4020 tradet
2015 3979 2292 4036 regnum,

639 4057 906 4125 tempore
956 4053 1306 4108 universalis
1344 4052 1757 4109 retributionis.

716 4141 829 4199 Sed
854 4143 1166 4214 quomodo
1197 4142 1341 4198 dixit
1370 4157 1382 4196 :
1425 4143 1606 4197 Hodie
1652 4157 1875 4199 mecum
1903 4142 2020 4199 eris
2051 4145 2296 4214 inpara-

636 4230 791 4288 diso.’
843 4230 992 4299 Quia
1042 4236 1331 4303 tanquam
1388 4231 1562 4298 Det's,
1603 4231 1701 4303 qui
1759 4231 1945 4304 replet
1994 4234 2292 4300 universa,

642 4320 864 4395 ubique
882 4320 1060 4376 simul
1091 4325 1216 4377 erat
1245 4325 1302 4376 et
1329 4321 1389 4375 in
1412 4320 1706 4392 sepulcro,
1730 4321 1860 4377 etin
1882 4321 2134 4390 inferno,
2157 4329 2213 4380 et
2233 4324 2293 4379 in

641 4410 952 4483 paradiso,
988 4417 1044 4466 et
1077 4410 1138 4466 in
1177 4410 1346 4466 caalo.

716 4587 881 4644 Vers.
943 4587 1032 4644 44.
1084 4589 1230 4643 Erat
1266 4617 1336 4629 —-
1369 4587 1532 4644 Vers.
1564 4587 1653 4643 45.
1697 4587 1802 4643 sol.
1837 4589 1914 4645 De
1942 4588 2056 4646 hoc
2095 4604 2294 4663 quaere

647 4678 935 4751 prmdicto
956 4678 1126 4749 juxta
1157 4679 1489 4734 Matthmum
1514 4678 1728 4750 capite.

715 4767 879 4824 Vers.
911 4767 1001 4824 45.
1034 4767 1110 4822 Et
1141 4797 1206 4806 -
1228 4768 1498 4823 medium.
1522 4767 1608 4823 lbi
1632 4783 1873 4840 quoque
1897 4767 1972 4824 de
1998 4768 2112 4824 hoc
2134 4768 2297 4825 inve-

679 4873 760 4913 les
769 4899 781 4913 .

633 4872 879 5003 meis/crs.
908 4947 996 5001 46.
1023 4946 1108 5002 Et
1135 4976 1203 4988 —
1223 4945 1570 5016 exspiravit.
1607 4945 1886 5005 Similiter
1908 4947 2085 5004 etiam
2113 4948 2190 5004 ibi
2221 4948 2295 5004 de

641 5037 736 5094 his
784 5035 1009 5092 dictum
1045 5041 1152 5100 est,
1203 5035 1305 5091 ubi
1367 5035 1665 5092 habetur:
1697 5038 1862 5092 Jesus
1905 5044 2122 5103 autem,
2172 5053 2296 5094 cum

2407 3274 2568 3327 τιρον.
2619 3255 2896 3326 Ἐγίνωσκε
2949 3257 3052 3330 γὰρ
3110 3257 3136 3306 ὁ
3190 3254 3390 3327 λῃστὴς
3443 3258 3530 3307 τὸν
3580 3251 3886 3329 παράδεισον
3927 3250 3966 3302 ἐκ

2407 3353 2501 3405 τῆς
2545 3351 2832 3405 Μωσαίκῆς
2905 3340 3273 3405 διδασκαλίας·
3340 3348 3438 3397 Καὶ
3485 3349 3600 3397 τότε
3673 3347 3762 3416 μὶν
3817 3340 3968 3396 ἔδωκεν

2408 3434 2548 3503 αύτῷ
2595 3438 2687 3491 τήν
2715 3432 2761 3484 έν
2789 3441 2860 3503 τῷ
2921 3429 3227 3505 παραδείσῳ
3280 3429 3573 3504 διαγωγὴν,
3612 3431 3874 3508 ἀρραϐῶνα
3904 3438 3970 3487 τῆς

2409 3521 2682 3594 βασιλείας
2740 3523 2920 3587 αύτού,
2977 3526 3091 3584 ἣτις
3150 3521 3290 3574 ἐστὶν
3344 3521 3631 3582 ἀπόλαυσις
3683 3521 3782 3574 τῶν
3843 3521 3970 3593 ἀφρά-

2408 3631 2542 3664 στων
2629 3616 2718 3663 καὶ
2819 3611 3038 3663 αἰωνίων
3132 3610 3360 3681 ἀγαθῶν,
3448 3612 3480 3663 ἃ
3562 3611 3826 3683 ὀφθαλμὸς
3901 3608 3972 3658 οὐκ

2406 3696 2530 3766 (iis,
2600 3705 2688 3752 καὶ
2748 3697 2831 3760 οὖς
2897 3701 2990 3752 οὐκ
3051 3704 3263 3764 ἥκουσι,
3334 3706 3421 3752 καὶ
3483 3700 3567 3752 ἐπὶ
3630 3697 3850 3774 καρδίαν
3912 3696 3973 3747 ἀν·

2409 3790 2614 3860 θρώπου
2664 3789 2757 3841 ούκ
2811 3788 2985 3846 ἀνέϐη.
3029 3793 3188 3841 Οὔπω
3242 3792 3341 3864 γὰρ
3397 3785 3570 3850 οὐδεὶς
3629 3798 3735 3840 τῶν
3792 3785 3973 3841 δικαίων

2405 3880 2686 3947 ἐκομίσατο
2762 3884 2854 3936 τὴν
2941 3877 3268 3949 ἔπαγγιλίαν,
3354 3881 3422 3940 ὡς
3491 3879 3516 3930 ὁ
3585 3882 3748 3949 μέγας
3815 3882 3977 3934 Παῦλος

2405 3963 2677 4029 ἐδίδαξεν·
2735 3968 2950 4040 ὕστερον
3004 3963 3063 4020 δὶ
3111 3964 3405 4039 μεταδώσει
3458 3972 3548 4020 καὶ
3588 3970 3783 4028 ταύτης
3835 3966 3878 4018 έν
3921 3972 3976 4032 τῷ

2403 4065 2567 4129 καιρῷ
2589 4064 2683 4118 τῆς
2704 4053 3070 4109 ἁνταποδὸσεω
3081 4077 3118 4118 ς.

2478 4145 2630 4198 Ἀλλὰ
2697 4156 2806 4208 πῶς
2868 4144 3021 4217 εἶπεν,
3097 4148 3177 4198 ὅτι
3254 4150 3479 4219 Σήμερον
3540 4146 3650 4218 μετ’
3724 4145 3845 4220 ίμοῦ
3903 4145 3975 4213 ἴσῃ

2403 4233 2454 4286 ἄν
2531 4243 2603 4305 τῷ
2673 4231 3022 4306 «apathiae»;
3105 4238 3242 4287 Διὸτι
3311 4238 3380 4296 ὡς
3457 4238 3608 4299 Θεὸς,
3682 4238 3751 4288 τὰ
3841 4235 3982 4287 πάντα

2403 4323 2630 4392 πληρῶν,
2713 4332 2991 4395 πανταχοῦ
3056 4319 3116 4380 ἧν
3165 4323 3276 4396 ἅμα
3330 4327 3418 4375 καὶ
3468 4323 3516 4375 ίν
3561 4331 3632 4394 τῷ
3691 4327 3856 4396 τάφῳ,
3905 4325 3980 4372 καὶ

2403 4416 2451 4465 ἐν
2518 4422 2591 4482 τῷ
2644 4410 2773 4485 ᾴδη,
2840 4419 2932 4465 καὶ
3009 4412 3058 4465 έν
3125 4422 3198 4484 τῷ
3260 4408 3590 4488 παραδείσῳ,
3659 4419 3754 4467 καὶ
3828 4412 3875 4466 έν
3924 4417 3981 4479 τῷ

2403 4503 2622 4577 οὐρανῷ.

2475 4592 2570 4644 Ἠν
2605 4622 2664 4632 -
2691 4591 2852 4652 ἣλιος.
2887 4593 2970 4644 Ἐν
2999 4600 3072 4663 τῷ
3102 4609 3453 4666 προειρημένῳ
3478 4591 3738 4665 κεφαλαίῳ
3760 4598 3848 4644 τοῦ
3872 4587 3984 4642 κατὰ

2404 4683 2670 4735 Ματθαῑον
2704 4683 2933 4743 ζήτησον
2963 4685 3078 4753 πέρὶ
3123 4683 3325 4734 τούτου.

2480 4776 2579 4824 Καὶ
2626 4802 2691 4811 -
2741 4775 2916 4843 μέσον.
2986 4771 3121 4824 Ἐκεῖ
3180 4774 3270 4823 καὶ
3322 4774 3441 4843 περὶ
3502 4772 3691 4823 τούτου
3751 4771 3978 4832 ζήτησον.

2481 4953 2583 5003 Καὶ
2639 4980 2708 4990 -
2763 4947 3075 5012 ίξέπνευσεν.
3123 4945 3346 5020 Ὁμοίως
3399 4949 3503 5000 ἐκεῖ
3560 4951 3651 5000 καὶ
3704 4951 3823 5022 περὶ
3880 4944 3980 4996 τού-

2403 5058 2501 5092 των
2577 5037 2789 5114 έρρἠθη,
2892 5040 3013 5092 ἔνθα
3087 5044 3256 5090 κεῖται
3325 5041 3416 5088 τό·
3491 5035 3550 5088 ὀ
3642 5031 3703 5089 δε
3781 5036 3978 5094 Ἰησοῦς.

646 5125 855 5183 iterum
873 5127 1178 5182 clamasset
1202 5140 1331 5182 voce
1361 5141 1596 5198 magna,
1619 5125 1808 5182 emisit
1824 5127 2104 5196 spiritum
2125 5130 2195 5183 9°.
2237 5128 2302 5185 Et

2412 5128 2563 5182 πάλιν
2628 5129 2824 5202 κράξας
2903 5135 3041 5200 φωνῇ
3127 5126 3348 5200 μεγάλη,
3420 5124 3586 5199 ἀφῆκε
3651 5130 3712 5178 τὸ
3783 5133 3978 5196 πνεῦμα.

741 5304 792 5341 ⁸⁴
845 5303 1044 5362 Matth.
1112 5319 1291 5368 xxvu,
1369 5303 1464 5360 39.
1549 5303 1597 5341 ⁸⁵
1637 5303 1785 5361 Ibid.
1835 5305 1925 5361 37.

661 5391 743 5444 ιι,
774 5379 864 5434 39.
941 5377 989 5414 '°
1025 5373 1224 5434 Matth.
1249 5390 1431 5447 xxvu,
1462 5374 1550 5431 50.

2004 5308 2052 5342 ³⁸
2101 5307 2253 5364 Ibid.

2412 5348 2420 5362 .
2498 5309 2542 5344 ⁸⁷
2590 5309 2760 5366 Joan.
2805 5322 2962 5374 xviii,
2999 5306 3089 5363 36.
3166 5307 3268 5363 ⁸⁸1
3321 5305 3453 5360 Cor.
3486 5321 3542 5375 ιι,
3583 5309 3636 5362 9.
3716 5305 3766 5341 ⁸⁸
3832 5301 3980 5360 Hebr.

1860 5520 2076 5591 Variae
2115 5522 2446 5593 lectiones
2487 5532 2554 5592 et
2591 5533 2772 5592 nota;

747 5710 876 5786 (aa)
934 5711 1127 5789 Supra
1176 5712 1242 5771 id
1275 5721 1423 5776 erat.
1470 5714 1602 5796 Παρ⁹
1635 5715 1817 5786 αὐτὴν,
1852 5717 1904 5774 id
1939 5725 2047 5786 est,
2082 5723 2176 5778 τὴν
2214 5731 2302 5796 μνι

2412 5742 2445 5788 ν,
2477 5727 2682 5794 pater
2727 5719 2890 5788 hanc,
2936 5732 3116 5794 quam
3175 5716 3353 5776 hanc.
3413 5716 3529 5777 Nec
3581 5715 3740 5774 enim
3792 5711 3976 5788 legitur

648 5782 797 5874 ὑπέρ.
