4170 6436
1197 370 1552 458 coMMEN'r.
1594 396 1663 456 IN
1701 392 1970 457 LUCAM.
2011 434 2080 442 —
2111 402 2264 459 CAP.
2297 403 2495 461 xxw.

3386 402 3524 465 4098

164 538 248 610 μὶν
334 530 422 587 οὖν
492 536 595 586 νόει
672 532 737 583 τὰ
822 535 1034 602 σημεῖα,
1090 528 1243 600 λόγον
1327 523 1386 580 δὶ
1442 530 1536 589 τὰς
1600 523 1755 581 διδα-

1904 534 1975 583 'er
2020 543 2175 601 opus
2226 528 2425 601 itaque
2484 529 2655 601 signa
2684 529 2940 603 intelligo
2983 551 2995 592 :
3037 547 3144 606 per
3182 547 3523 591 sermonem

169 626 394 687 σχαλίλς.

231 799 399 863 Ὀπως
435 832 496 840 -
537 799 711 853 αὐτόν.
748 798 833 861 Εἰς
859 793 1153 855 καταδίκην
1196 798 1435 850 θανάτου.

234 896 398 963 Ἡμεῖς
502 920 569 928 -—
654 887 884 962 Ἰσραήλ.
982 886 1296 958 Ἠλπίζομεν
1393 885 1549 937 αὐτόν
1631 882 1759 937 εἶναι

164 984 245 1033 τόν
294 982 391 1032 ὑπὸ
473 988 569 1032 τῶν
656 983 866 1053 Γραφὼν
947 975 1417 1049 καταγγελλόμενω
1495 975 1758 1051 λυτρωτὴν

168 1073 302 1143 ἡμῶν
365 1089 378 1101 ·
454 1076 541 1120 νῦν
647 1065 705 1121 δε
788 1068 947 1127 οὕτως
1052 1064 1378 1120 ἀποθανόντα
1464 1064 1760 1123 ἁπηλπίσα-

166 1177 251 1231 μεν
279 1158 406 1231 (88).

233 1246 381 1299 Ἀλλά
418 1265 478 1318 γε
509 1278 569 1285 -
599 1243 811 1318 ἐγένετο.
843 1277 908 1286 -
935 1250 1028 1298 Σὺν
1059 1251 1192 1298 πᾶσι
1216 1246 1441 1308 τούτοις,
1476 1242 1591 1295 ἀντὶ
1643 1250 1754 1309 τοῦ,

171 1339 368 1390 Πάντων
392 1339 587 1388 τούτων
611 1340 909 1408 γενομένων.

236 1424 386 1479 ’Λλλὰ
415 1429 505 1476 καὶ
557 1456 627 1464 -
854 1428 1097 1487 Ιύναῐκές
1127 1443 1255 1486 τινες
1282 1422 1333 1485 ἒξ
1386 1424 1552 1494 ἡμῶν,
1595 1425 1757 1494 ἤγουν

170 1516 423 1587 ἡμέτεραι,
449 1513 478 1571 ἡ
504 1516 571 1574 ὡς
602 1514 752 1586 ἡμεῖς
782 1519 994 1570 πισταί,
1032 1517 1184 1584 Λέγει
1209 1509 1267 1565 δε
1294 1516 1385 1574 τας
1410 1517 1527 1584 περὶ
1554 1515 1757 1584 Μαρίαν

166 1609 254 1662 τὴν
296 1598 670 1674 Μαγδαληνήν.
728 1602 1047 1666 Ἐξίστησαν
1103 1598 1160 1655 δε
1226 1604 1378 1676 ἡμᾶς,
1436 1604 1505 1663 ὡς
1559 1599 1758 1653 ἄπιστα

168 1689 651 1765 διισχυριζόμεναι.

1870 632 2029 683 vero,
2074 616 2398 675 doctrinas.

1940 706 2100 761 Vers.
2129 710 2218 763 20.
2244 707 2534 775 Quomodo
2586 740 2654 749 —
2690 724 2834 766 eum.
2883 710 3005 767 Hoc
3055 711 3119 769 in
3173 712 3306 770 loco
3332 716 3519 788 κρίμα,

1865 795 2178 865 iudicium,
2207 797 2438 868 capitur
2476 813 2586 870 pro
2618 800 3152 859 Coudemnatione.

1940 884 2101 940 Vers.
2130 885 2218 940 21.
2247 887 2365 944 Nos
2406 918 2477 927 --
2502 888 2701 945 Israel.
2738 890 3168 961 Sperabamus,
3193 892 3358 965 quod
3390 893 3522 967 ipse

1868 980 2021 1030 esset
2056 974 2389 1049 redemptor
2427 982 2629 1034 noster
2684 980 2788 1052 qui
2840 980 3156 1054 Scripturis
3203 983 3523 1041 annuntia-

1867 1062 2061 1120 batur.

1942 1240 2097 1297 Vers.
2132 1243 2221 1298 21.
2243 1244 2429 1316 Atqui
2451 1277 2519 1285 —
2544 1247 2715 1316 facta
2741 1255 2892 1305 sunt.
2934 1250 3081 1309 Cum
3100 1250 3200 1307 his
3240 1251 3520 1326 omnibus,

1868 1329 1980 1386 hoc
2027 1335 2139 1396 est,
2173 1332 2341 1390 factis
2363 1334 2455 1390 his
2484 1336 2790 1393 omnibus.

1938 1419 2104 1476 Vers.
2158 1423 2246 1477 22.
2294 1422 2407 1480 Sed
2459 1431 2513 1481 et
2562 1426 2814 1483 —Vers.
2856 1431 2944 1484 23.
2996 1430 3211 1486 vivere.
3244 1429 3525 1488 Mulieres

1866 1509 2147 1582 quaedam
2188 1528 2260 1568 ex
2291 1513 2477 1584 nobis,
2529 1516 2653 1571 sive
2682 1522 2917 1586 nostrae,
2951 1523 3055 1575 aut
3105 1518 3330 1589 ﬁdeles,
3375 1520 3526 1577 sicut

1865 1603 1921 1654 et
1945 1614 2081 1655 nos.
2117 1601 2260 1657 Dicit
2280 1608 2479 1659 autem
2499 1604 2943 1679 illas,quascum
2974 1608 3155 1664 Maria
3180 1610 3523 1682 Magqalene

1868 1692 2051 1753 erant,
2083 1694 2139 1745 et
2155 1690 2348 1762 ipsam
2377 1693 2793 1765 Magdalenen.
2808 1696 3142 1754 Attonitosa
3158 1698 3393 1770 intquit,
3410 1713 3523 1755 nos

1867 1776 2274 1843 reddiderunt,
2293 1786 2497 1853 utpote
2521 1784 2888 1841 incredibilia
2910 1793 3342 1845 asseverantes.

233 1870 331 1925 Καὶ
360 1900 424 1908 -
453 1878 721 1944 μνημεῖον.
760 1876 950 1944 Πέτρος
980 1876 1069 1923 καὶ
1111 1871 1370 1936 Ἰωάννης,
1421 1871 1486 1929 ὡς
1516 1872 1758 1944 προειρή-

1938 1866 2102 1924 Vers.
2132 1872 2219 1925 2i.
2252 1871 2317 1924 Et
2348 1902 2417 1911 —-
2450 1880 2911 1931 monumentum.
2940 1874 3148 1932 Petrus
3178 1876 3443 1935 videlicet
3468 1882 3527 1935 et

165 1982 338 2016 κααεν.

233 1984 338 2035 μεν.

239 2060 333 2108 Καὶ
357 2086 424 2097 -
457 2050 592 2108 εἶδον
625 2084 692 2092 -
731 2051 889 2124 Εὗρον
921 2050 1076 2115 οὕτω,
1119 2050 1406 2114 τουτέστιν,
1439 2047 1562 2118 Οὐχ
1616 2046 1760 2122 εὗρον

165 2151 222 2200 τό
249 2156 397 2219 σῶμα
416 2147 597 2211 αὐτοῦ,

240 2241 334 2288 Καὶ
365 2267 426 2277 —-
461 2242 629 2307 προφῆ
643 2231 1030 2290 ται”Ανοήτους
1055 2232 1144 2302 μἐν
1172 2229 1357 2291 alter);
1387 2229 1493 2301 (89)
1525 2229 1762 2300 ὠνόμασε

168 2322 430 2398 διεγείρων
462 2324 632 2396 ἠρέμα
661 2324 788 2395 πρὸς
810 2319 1089 2390 ἰπίγνωσιν
1114 2326 1270 2370 αὑτοῦ
1300 2336 1312 2347 ·
1342 2314 1563 2390 βραδεῖς
1613 2315 1672 2370 δὲ
1698 2325 1757 2389 τῇ

166 2410 376 2489 καρδίᾳ,
410 2416 474 2473 ὡς
504 2414 730 2486 νωθροὺς
757 2410 829 2472 εἰς
853 2412 911 2461 τὸ
939 2410 1200 2461 πιστεύειν
1229 2406 1310 2459 ἐπὶ
1340 2414 1521 2476 πᾶσιν,
1554 2406 1630 2468 οἱς
1653 2406 1764 2458 ίλά-

166 2501 325 2559 λησαν
355 2504 405 2554 οί
434 2508 694 2577 προφῆται
723 2504 840 2574 περί
868 2517 921 2550 τε
967 2506 1056 2551 τοῦ
1099 2499 1320 2550 θανάτου
1348 2502 1437 2548 καὶ
1478 2503 1571 2558 τῆς
1606 2495 1762 2549 ανασ-

166 2593 358 2653 τάσεως
385 2590 566 2643 αὑτοῦ.

235 2680 375 2753 Οὐχὶ
415 2712 472 2721 -
504 2679 666 2732 αὐτοῦ
700 2685 934 2746 ;Ταῦτα,
984 2676 1020 2729 ἂ
1067 2674 1319 2734 ἐλάλησαν
1370 2677 1418 2728 οἰ
1476 2683 1757 2748 προφῆται.

163 2770 317 2833 Δόξαν
343 2767 402 2823 δε
432 2770 609 2837 αὑτοῦ,
669 2773 762 2827 τὴν
811 2774 902 2828 τῆς
956 2769 1217 2827 θεότητος.
1256 2764 1379 2819 Κατ’
1418 2764 1673 2838 ἐρώτησιν
1702 2763 1761 2817 δε

161 2860 325 2931 λόγος.

238 3044 334 3092 Καὶ
365 3070 429 3078 -
464 3044 668 3092 εαυτοῦ.
702 3036 828 3090 Ἀπὸ
856 3039 1137 3100 Μωῦσέως,
1188 3038 1351 3105 ἤγουν
1384 3032 1485 3085 ἀπὸ
1514 3040 1615 3085 τῶν
1644 3039 1760 3084 Μω-

167 3136 358 3181 σαίκών
388 3126 602 3197 βίϐλων.

241 3220 338 3268 Καὶ
372 3247 432 3254 -—
460 3213 776 3286 ἐπορεύοντὸ.
810 3212 979 3266 Ὀπου
1012 3211 1328 3286 ἐπορεύοντο.

240 3307 337 3356 Καὶ
376 3334 439 3344 -
463 3304 789 3373 πορεύεσθαι.
851 3301 1274 3373 Ἐσχηματίζετο
1313 3298 1618 3373 πορρωτέρω
1669 3317 1762 3350 πο-

160 3393 424 3468 ρεύεσθαι,
448 3394 514 3453 ὡς
546 3390 715 3451 ἁπλῶς
748 3387 1139 3463 συνοδοιπόρος.

235 3482 337 3536 Καὶ
364 3512 431 3520 —
459 3482 643 3554 ἡμέρα.
674 3477 900 3533 ’Ἑκλινεν
931 3480 1002 3542 εἰς
1026 3484 1083 3530 τό
1108 3477 1287 3534 δῦναι.

237 3666 334 3714 Καὶ
365 3691 431 3702 -
487 3660 675 3714 αὐτων.
733 3655 966 3712 ’ἰδόντων
997 3662 1091 3716 τὴν
1134 3659 1333 3716 συνήθη
1379 3660 1469 3709 καὶ
1502 3662 1759 3730 γνώριμον

158 3751 391 3823 εὐλογίαν
422 3757 514 3803 τοῦ
536 3750 721 3825 ἄρτου.
761 3754 888 3802 Τότε
929 3751 1030 3823 γὰρ
1074 3748 1521 3821 συνεχωρήθησαν
1549 3745 1760 3817 ἐπιγνῶ-

156 3860 245 3893 ναι
269 3840 443 3894 αὐτόν.

236 3935 335 3983 Καὶ
356 3959 423 3971 -—
460 3928 635 3983 αὐτόν.
666 3927 779 3981 Ἰνα
801 3931 872 4000 μὴ
916 3922 1254 4003 βραδύνωσιν
1274 3928 1370 3993 ἔτι,
1402 3923 1530 3977 ἀλλά
1571 3926 1761 3997 τάχιον

156 4017 561 4093 ὑποστρέψωσιν
600 4022 672 4079 εὶς
700 4020 817 4077 τοὺς
868 4017 1110 4089 μαθητάς
1140 4032 1153 4046 ·
1186 4014 1418 4067 ἐϐούλετο
1455 4017 1557 4088 γὰρ
1601 4014 1762 4073 αὐθη-

156 4112 311 4184 μερόν
345 4108 728 4181 ἐμφανισθῆναι
748 4111 909 4159 πᾶσιν
937 4104 1125 4164 αὐτοῖς.

232 4200 336 4252 Καὶ
370 4228 431 4238 -
463 4197 670 4272 Γραφάς
703 4212 717 4260 ;
749 4198 1028 4267 Καιομίνη,
1076 4202 1237 4266 ἤγουν
1290 4194 1587 4265 σφύζουσα,
1632 4192 1761 4244 παλ-

156 4288 343 4358 λομένη
355 4325 367 4338 .

238 4381 331 4427 Kal.
370 4406 433 4415 —-
459 4373 819 4448 Ἰερουσαλήμ.
872 4373 1196 4430 Ἀνέστησαν
1236 4371 1367 4443 αὐτῇ
1420 4378 1482 4441 τῇ
1539 4372 1668 4445 ὥρᾳ,
1702 4370 1760 4422 οὐ

160 4467 265 4535 μὴν
298 4462 426 4534 αὐτῇ
452 4471 512 4535 τῇ
542 4464 650 4535 ὥρᾳ
677 4462 1003 4538 ὑπέστρεψαν
1044 4477 1058 4491 ·
1101 4460 1348 4524 ἐξήκοντα
1376 4462 1479 4531 γὰρ
1530 4456 1760 4511 σταδίων

1869 1954 2149 2022 Joannes,
2187 1963 2249 2014 ut
2283 1960 2667 2031 praediximus

1942 2044 2104 2101 Vers.
2162 2047 2248 2102 24.
2282 2050 2347 2104 Et
2379 2081 2446 2092 —
2476 2052 2767 2108 viderunt.
2802 2085 2870 2094 —
2898 2053 2993 2111 Ita
3032 2054 3374 2113 invenerunt
3405 2057 3520 2114 hoc

1871 2138 1979 2203 est,
2010 2137 2137 2191 Non
2167 2136 2521 2196 invenerunt
2565 2157 2775 2214 corpus
2811 2143 2957 2214 ejus.

1940 2223 2105 2280 Vers.
2156 2225 2244 2281 25.
2273 2227 2341 2282 Et
2381 2260 2449 2268 ——
2473 2231 2799 2301 propheta.
2836 2234 3175 2291 Insensatos
3213 2233 3343 2291 illos
3375 2236 3523 2293 dixit

1873 2314 2046 2370 tacite
2086 2315 2166 2372 ad
2217 2318 2309 2372 sui
2353 2319 2757 2389 cognitionem
2787 2322 3051 2379 excitans
3090 2345 3102 2390 ;
3150 2324 3352 2381 tardos
3383 2341 3516 2381 vero

1871 2404 2072 2473 corde,
2152 2410 2355 2478 utpote
2430 2408 2634 2465 tardos
2717 2410 2795 2466 ad
2852 2413 3216 2469 credendum
3273 2430 3345 2470 ea
3383 2431 3519 2487 qum

1874 2492 2178 2565 prophetas
2254 2494 2437 2552 locuti
2483 2495 2722 2555 fuerant
2793 2499 2868 2556 de
2954 2506 3143 2558 morte
3178 2506 3233 2559 et
3263 2519 3521 2560 resurre-

1869 2581 2062 2638 ctione
2105 2582 2312 2656 ipsius.

1940 2670 2102 2727 Vers.
2178 2675 2267 2729 26.
2325 2675 2527 2732 Nonne
2578 2708 2648 2720 -
2696 2694 2882 2737 suam.
2921 2678 3232 2753 Haec,quas
3256 2680 3525 2740 videlicet

1868 2758 2049 2817 locuti
2073 2761 2309 2820 fuerant
2334 2765 2659 2838 prophetae.
2693 2768 2950 2825 Gloriam
2980 2785 3175 2836 suam,
3204 2787 3336 2843 quae
3365 2770 3524 2829 vide-

1866 2847 2001 2907 licet
2030 2868 2149 2909 sua:
2162 2858 2289 2911 erat
2314 2853 2658 2912 divinitatis.
2685 2859 2787 2915 Est
2807 2864 3007 2916 autem
3030 2859 3520 2931 interrogatorius

1870 2957 2090 3001 sermo.

1940 3032 2103 3089 Vers.
2158 3035 2249 3087 27.
2303 3033 2368 3087 Et
2400 3065 2465 3073 —
2510 3033 2658 3104 ipso.
2714 3036 2946 3093 AMose
3007 3037 3129 3095 sive
3184 3039 3515 3098 aMosaicis

1869 3121 2053 3178 libris.

1793 3225 1832 3281 α
1941 3209 2104 3265 Vers.
2139 3208 2224 3263 28.
2258 3210 2322 3264 Et
2353 3240 2423 3250 —
2450 3209 2635 3266 ibant.
2668 3213 2796 3277 Quo
2829 3212 3018 3270 ibant.

1941 3298 2102 3355 Vers.
2160 3301 2247 3353 28.
2301 3300 2363 3353 Et
2412 3330 2461 3339 -
2501 3299 2606 3356 ire.
2653 3300 2996 3368 Simulabat,
3046 3319 3107 3360 se
3136 3303 3378 3375 longius
3419 3306 3523 3374 ire,

1869 3391 2155 3460 tanquam
2197 3386 2455 3454 vulgaris
2484 3404 2687 3445 eomes
2715 3389 2921 3448 fuisset
2957 3392 3201 3449 itineris.

1939 3476 2107 3533 Vers.
2156 3479 2243 3532 29.
2299 3477 2364 3532 Et
2411 3507 2471 3519 --
2527 3478 2669 3534 dies.
2719 3479 3040 3537 Inclinatus
3086 3488 3173 3538 est
3230 3482 3307 3539 ad
3356 3499 3525 3541 oeca-

1868 3582 2025 3623 sum.

1940 3657 2106 3711 Vers.
2159 3659 2247 3711 29.
2292 3657 2358 3710 Et
2409 3687 2477 3695 —
2505 3656 2667 3712 Vers.
2703 3661 2790 3714 31.
2823 3674 2977 3715 eum.
3033 3662 3179 3717 Cum
3220 3661 3524 3731 vidissent,

1871 3749 2175 3802 assuetam
2224 3760 2292 3800 ac
2317 3745 2617 3816 cognitam
2651 3746 3309 3818 panisbenedictionem
3340 3771 3355 3821 ;
3384 3768 3525 3810 nam

1871 3839 2011 3891 tunc
2036 3834 2316 3907 permissi
2348 3840 2505 3899 sunt,
2539 3840 2601 3891 ut
2632 3852 2769 3891 eum
2791 3845 3204 3907 agnoscerent.

1941 3924 2102 3980 Vers.
2168 3922 2260 3977 31.
2327 3924 2394 3978 Et
2435 3924 2699 3981 illorum.
2748 3928 2827 3982 Ne
2884 3926 3142 3999 amplius
3202 3929 3525 3998 tardarent,

1871 4013 1974 4069 sed
2025 4013 2199 4069 citius
2266 4012 2346 4068 ad
2397 4013 2722 4086 discipulos
2774 4022 3210 4074 reverterentur
3242 4036 3255 4075 :
3286 4021 3528 4077 volebat

1871 4118 2129 4172 namque
2160 4101 2373 4157 eodem
2417 4101 2514 4158 die
2541 4102 2828 4159 omnibus
2860 4103 3040 4160 simul
3074 4122 3384 4179 apparere.

1945 4191 2103 4247 Vers.
2132 4190 2220 4246 3‘2.
2255 4190 2331 4245 Et
2363 4221 2430 4231 —
2470 4193 2835 4262 Scripturas.
2878 4194 3332 4262 incendebatur,
3358 4195 3532 4253 salie-

1872 4280 1973 4337 bat
1995 4279 2131 4351 (bb),
2161 4277 2517 4335 movebatur
2553 4296 2622 4335 ac
2654 4279 2957 4340 vibrabat.

1940 4367 2103 4424 Vers.
2167 4371 2253 4423 33.
2310 4369 2375 4422 Et
2412 4399 2467 4410 -
2499 4368 2847 4425 Jerusalem.
2901 4368 3530 4432 Surrexerunteadem

1871 4458 2040 4525 hora,
2081 4473 2205 4513 non
2236 4462 2437 4514 tamen
2486 4458 2706 4514 reversi
2749 4463 2887 4514 sunt
2916 4459 3123 4516 eadem
3166 4460 3352 4528 hora;
3387 4479 3529 4520 nam

161 4549 225 4611 ἦν
252 4553 282 4610 ἠ
316 4547 456 4611 ὁδός.
489 4551 640 4613 Εἰκὸς
666 4548 745 4619 δε,
772 4551 1037 4613 κλίνωτος
1069 4559 1160 4603 τοῦ
1208 4550 1378 4619 ἡλίου,
1421 4545 1638 4623 δραμεῖν
1669 4548 1761 4600 αὐ-

1907 4553 1998 4604 rat
2027 4547 2123 4603 via
2143 4546 2453 4617 sexnginta
2477 4547 2834 4605 stadiorum.
2851 4547 3177 4606 Verisimile
3196 4556 3284 4606 est
3304 4556 3529 4620 autem,

155 4645 283 4703 τοὺς
337 4641 437 4692 ὑπὸ
481 4646 821 4715 περιχαρείας
864 4642 976 4694 ὅλον
1006 4644 1064 4692 τὸ
1114 4635 1393 4711 διάστημα
1451 4642 1616 4713 μέχρι
1671 4646 1761 4698 τῆς

152 4735 368 4798 νυκτός,
400 4730 472 4793 εἷς
497 4730 631 4783 ὀκτὼ
662 4736 750 4784 καὶ
782 4734 949 4804 ἣμισυ
990 4730 1139 4803 μίλια
1185 4734 1626 4803 συμποσουμένων
1667 4737 1764 4780 τῶν

150 4820 407 4884 ἑξήκοντα
429 4816 680 4875 σταδίων.

231 5003 336 5052 Καὶ
388 5030 458 5039 -
508 4998 706 5060 αὐτοῖς.
772 5001 868 5052 Σὺν
952 4997 1132 5059 αὐτοῖς
1185 4993 1342 5067 ἦσαν,
1393 4999 1423 5054 ἦ
1485 5014 1616 5058 τινες
1674 5003 1774 5048 τῶν

1872 4635 2038 4709 quod
2068 4635 2399 4692 declinante
2426 4636 2547 4692 sole
2579 4637 2946 4693 cucurrerint
2970 4654 3088 4710 prae
3108 4637 3293 4697 nimio
3313 4643 3532 4710 gaudio

1874 4731 2065 4781 totum
2089 4724 2468 4781 intervallum
2509 4724 2587 4780 ad
2612 4740 2822 4781 uocem
2863 4742 3072 4799 usque,
3111 4733 3337 4800 septem
3376 4730 3510 4786 vide

1874 4814 2008 4871 licet
2033 4814 2217 4871 millia
2269 4821 2325 4872 et
2351 4813 2688 4880 dimidium,
2737 4830 2873 4887 quae
2903 4815 2963 4871 in
3017 4816 3316 4889 praedictis
3366 4825 3537 4878 erant

1884 4904 2113 4961 stadiis.

1955 4995 2118 5050 Vers.
2182 4994 2269 5050 33.
2303 4995 2371 5051 Et
2402 5026 2469 5035 —
2499 4995 2637 5051 illis.
2682 4993 2795 5061 Qui
2828 5010 2965 5051 cum
3014 4995 3127 5052 illis
3151 5002 3339 5065 erant,
3370 5003 3533 5072 puta,

1385 5173 1603 5244 Variae
1631 5173 1963 5243 lectiones
1999 5184 2063 5241 et
2103 5183 2309 5242 notas.

223 5372 345 5447 (88)
377 5380 485 5430 Νῦν
516 5369 657 5447 δὶτ-
684 5370 1075 5447 ἀπηλπίσαμεν.
1137 5370 1286 5447 Haec
1314 5369 1608 5447 interpres
1641 5383 1762 5425 non

137 5442 447 5517 agnoscit.
486 5445 687 5502 Redde
717 5460 730 5500 :
757 5444 937 5517 Nam;
959 5442 1095 5517 vero
1124 5443 1209 5500 ita
1238 5447 1537 5517 mortuum
1569 5442 1760 5517 despe-

135 5512 384 5578 νᾶηιιιε.
415 5515 863 5589 Intelligemdrbu
884 5512 1014 5569 εἶναι
1036 5513 1323 5590 λυτρωτὴν.
1355 5512 1547 5570 Possit
1562 5513 1763 5569 etiam.

214 5695 351 5775 (ὁρ)
380 5694 680 5775 Saticlgat,_
701 5698 845 5775 etc.‘
867 5691 1096 5775 ginisso
1134 5695 1323 5775 ἤγουν,
1346 5690 1637 5775 interpres
1666 5704 1770 5763 pro

127 5764 405 5829 duobus
418 5765 718 5826 vocabulis
745 5764 1003 5823 reddidit
1014 5764 1772 5839 tria.Caater‘uni'utrumque

451 5867 694 5924 Parnon.
728 5862 837 5922 Gn.
879 5862 1126 5922 CXXIX.

1878 5367 2057 5424 alicui
2122 5369 2182 5423 in
2258 5373 2521 5425 mentem
2591 5370 2794 5425 venire
2862 5369 3209 5438 ἀποθανόντος
3240 5375 3536 5435 intellecto

1878 5440 2060 5515 αὐτοῦ,
2083 5440 2259 5515 Nunc,
2284 5456 2420 5515 vero
2449 5440 2533 5497 ita
2552 5448 2787 5499 mortuo
2812 5442 3215 5515 desperemus.

1954 5511 2067 5583 (89)
2097 5510 2296 5575 Αὐτόύς
2327 5512 2513 5569 abest.
2548 5518 2614 5568 A.

1882 5692 2116 5820 ἴφύςειν,
2173 5688 2459 5745 πάλλεσθαι
2501 5690 2576 5748 de
2605 5695 2781 5750 motu
2814 5696 2871 5751 et
2913 5690 3094 5767 pulsu
3144 5693 3345 5751 cordis
3400 5693 3549 5752 dici-

1908 5777 1997 5820 ur.

1908 5777 1997 5820 ur.

3232 5864 3304 5919 33
