4170 6430
166 428 281 492 llOl

1220 420 1590 484 COMMENT.
1632 422 1702 479 IN
1742 414 2013 478 LUCAM.
2045 454 2113 464 —
2143 424 2297 481 CAP.
2330 422 2531 482 XXIV.

3373 411 3514 484 nos

167 561 383 620 ἑλάλησα
469 562 598 635 πρὸς
683 558 817 630 ὑμᾶς
893 559 967 609 ἔτι
1039 556 1108 607 ὡν
1199 558 1292 607 σὺν
1368 554 1508 626 ὑριῖν⁸
1588 547 1804 603 Οὗτοιιέ

1886 564 1989 615 les,
2023 564 2177 622 quos
2208 549 2442 609 locutus
2473 568 2606 609 sum
2639 551 2718 610 ad
2746 568 2878 617 vos,
2912 565 3052 607 cum
3091 548 3292 607 adhuc
3321 564 3515 607 essem

170 670 293 704 ποιοι
316 668 329 716 ;

232 747 316 793 Οτι
362 769 427 779 --
480 736 838 809 Ἰερουσαλήμ.
874 735 1209 809 Ἀρξάμενον,
1264 738 1323 787 τὸ
1381 733 1745 807 κηρυχθῆναι,

170 826 391 889 δηλονότι
402 872 413 882 .

230 919 389 991 ’Υμείς
416 949 477 957 -—
518 936 729 969 τουτων.
761 923 865 968 Τοῦ
893 916 1113 978 πάθους,
1141 918 1230 966 καὶ
1255 922 1343 974 τῆς
1391 911 1744 978 ἀναστάσεως,

168 1012 244 1059 καὶ
274 1016 361 1068 τῆς
391 1007 513 1068 ὅλης
542 1006 838 1077 οἰκονομίας
878 1024 1000 1077 μου.

233 1101 324 1150 Καὶ
379 1128 443 1136 -
492 1096 644 1168 ὑμᾶς.
701 1093 1035 1165 Ἐπαγγελίαν
1083 1100 1174 1146 τοὺ
1225 1095 1431 1166 Πατρός
1480 1091 1642 1143 αὐτοῦ
1671 1090 1747 1142 λίς

166 1205 257 1258 γει,
285 1191 375 1243 τὴν
431 1204 481 1237 εν
524 1180 650 1237 εῖδει
693 1189 920 1257 πυρίνων
968 1182 1222 1255 γλωσσῶν
1272 1179 1602 1252 ἐπιφοίτησιν
1659 1187 1752 1232 τοῦ

167 1276 306 1347 ἁγίου
356 1276 670 1344 Πνεῦματος.
733 1273 1110 1344 Ἐπηγγείλατο
1149 1273 1250 1343 γὰρ
1295 1273 1489 1327 ταύτην
1531 1265 1622 1321 διὰ
1660 1276 1751 1321 τοῦ

168 1370 419 1439 προφήτου
454 1362 622 1432 Ἰωήλ,
658 1363 937 1435 εἰρηκότος.
977 1366 1076 1413 Καὶ
1104 1363 1253 1412 ἔσφαι
1285 1358 1332 1410 ἐν
1359 1366 1473 1420 ταῖς
1500 1357 1755 1430 ἐσχάταις

167 1456 390 1526 ἡμέραις.
446 1452 581 1524 λέγει
637 1455 826 1526 Κύριος
873 1451 1265 1525 παντοκράτωρ,
1309 1447 1476 1521 ἐκχεῶ
1527 1446 1627 1499 ἀπὸ
1663 1455 1754 1500 τοῦ

170 1545 451 1615 Πνεύματὸς
475 1562 575 1613 μου
602 1541 685 1594 ἐπὶ
716 1546 888 1593 πᾶσαν
931 1542 1121 1615 σάρκα,
1168 1534 1377 1597 δηλαδὴ
1407 1543 1500 1595 τὴν
1533 1536 1756 1589 ἀποστο-

167 1632 301 1690 λικὴν
328 1635 749 1705 προηγουμένως.

231 1720 388 1793 Ὑμεῖς
484 1749 548 1761 -
634 1718 821 1791 ὕψους.
892 1716 1187 1790 Διατριϐετε
1277 1720 1324 1769 ἐν

166 1808 473 1882 ἀχώριστοι,
502 1806 596 1861 διὰ
619 1814 711 1867 τὴν
742 1812 815 1861 ἔτι
841 1808 1107 1860 ἀσθένειαν
1142 1812 1231 1859 καί
1255 1803 1449 1859 δειλίαν
1473 1808 1635 1878 ὑμῶν,
1667 1807 1756 1866 ἕως

1419 1716 1755 1789 Ἰερουσαλὴμ

1860 638 2191 696 vobiscum.
2233 640 2322 709 Hi,
2364 641 2574 715 quales
2606 640 2635 695 ?

1931 727 2093 784 Vers.
2148 729 2238 786 44.
2281 730 2447 796 Quod
2483 761 2555 771 —
2589 729 2755 788 Vers.
2808 732 2900 788 47.
2958 729 3415 801 Hierosolymis.
3457 732 3521 786 In

1860 816 2248 889 praedicando
2282 818 2575 876 videlicet.

1931 909 2089 963 Vers.
2113 909 2202 964 48.
2240 910 2347 965 Vos
2371 940 2437 951 —
2463 910 2683 966 horum.
2716 909 3016 966 Passionis
3042 926 3112 967 ac
3133 910 3525 968 Resurrectio-

1858 995 1971 1063 nis,
2005 997 2310 1071 totiusque
2349 1015 2493 1055 mea;
2540 999 3023 1071 dispensationis.

1927 1086 2094 1144 Vers.
2126 1090 2214 1144 49.
2252 1088 2326 1144 Et
2361 1120 2413 1129 —
2450 1105 2562 1145 vos.
2596 1089 2789 1147 Patris
2821 1089 2913 1145 sui
2945 1088 3313 1162 promissum
3340 1095 3519 1147 vocat

1861 1174 2117 1248 Spiritus
2155 1180 2342 1233 sancti
2369 1178 2429 1233 in
2462 1178 2660 1250 specie
2699 1178 3019 1249 ignitarum
3050 1178 3399 1252 linquarum
3428 1180 3528 1236 de-

1864 1265 2239 1320 scensionem
2295 1281 2309 1331 ;
2341 1282 2485 1322 nam
2532 1267 2687 1322 hanc
2717 1266 2989 1339 promisit
3035 1281 3142 1339 per
3171 1267 3526 1339 prophetam

1862 1354 2011 1419 Joel,
2030 1355 2132 1428 qui
2162 1354 2310 1411 dixit
2339 1356 2448 1412 :Et
2476 1359 2582 1413 erit
2605 1356 2666 1411 in
2694 1356 2891 1413 diebus
2906 1356 3031 1412 illis
3060 1358 3413 1423 novissimis,
3441 1358 3526 1414 ait

1864 1445 2152 1501 Dominus
2177 1447 2567 1515 omnipotens,
2588 1446 2822 1515 effando
2850 1447 2917 1502 de
2940 1445 3173 1515 Spiritu
3200 1462 3326 1503 meo
3349 1462 3529 1517 super

1865 1550 2092 1591 omnem
2141 1550 2375 1592 carnem
2430 1537 2501 1602 5;
2550 1535 2849 1609 praecipue
2908 1534 3177 1592 videlicet
3240 1535 3525 1609 apostoli-

1866 1638 2021 1679 cam.

1937 1710 2102 1766 Vers.
2142 1709 2230 1765 49.
2278 1710 2381 1765 Vos
2416 1742 2481 1750 -
2529 1711 2672 1767 aito.
2722 1710 3169 1767 Conversamini
3200 1710 3374 1767 simul
3403 1710 3532 1767 Hie-

1866 1797 2208 1870 rosolymis,
2233 1815 2354 1855 non
2372 1801 2619 1871 separati
2636 1805 2873 1873 propter
2897 1800 3380 1867 imbecillitatem,
3402 1817 3529 1874 qua

168 1899 222 1951 οὗ
259 1895 569 1963 ἐνδύσησθε,
610 1894 765 1956 δίκην
790 1897 1096 1961 πανοπλίας,
1126 1893 1347 1967 δύναμιν
1374 1894 1427 1958 ἐξ
1452 1895 1638 1966 ὕψους,
1665 1903 1755 1947 τοῦ
1789 1911 1804 1964 ι

1886 1887 2065 1943 idhuc
2081 1888 2381 1954 tenemini,
2406 1894 2459 1944 et
2487 1889 2759 1946 timorem
2779 1894 3067 1955 vestrum,
3094 1889 3299 1963 quoad
3338 1906 3528 1963 usque

167 1988 394 2062 οὐρανοῦ,
434 1988 464 2047 ἢ
488 1996 582 2049 τῆς
613 1990 869 2055 θεότητος,
893 1983 987 2038 διὰ
1016 1995 1107 2046 τῆς
1139 1982 1468 2045 δηλωθείσης
1489 1984 1757 2057 ἐπιφοιτη-

170 2096 289 2138 σεως
316 2085 404 2130 τοῦ
438 2076 590 2148 ἁγίου
623 2079 933 2148 Πνευματος.

232 2254 478 2325 Ἐξήγαγε
529 2284 597 2294 —-
656 2253 932 2311 Βηθανίαν.
986 2251 1061 2303 Οὐ
1114 2256 1248 2315 τότε,
1305 2250 1411 2303 ἀλλ’
1465 2250 1601 2325 iam}
1635 2270 1752 2304 τεσ-

169 2350 461 2415 σαρακοστῇ
512 2344 681 2416 ἡμέρᾳ
728 2343 857 2413 μετὰ
898 2345 991 2398 τὴν
1024 2339 1331 2392 ἀνάστασινσ
1366 2344 1431 2393 τά
1472 2343 1573 2413 γὰρ
1606 2341 1653 2394 ἐν
1685 2351 1756 2413 τῷ

166 2436 301 2503 μέσῳ
332 2428 662 2507 παρέδραμεν
695 2432 720 2482 ὀ
748 2429 1092 2502 εὐαγγελιστή
1106 2451 1147 2492 ς.

237 2526 332 2574 Καὶ
388 2553 456 2561 -
503 2521 733 2594 οὐρανὸν.
782 2519 1005 2591 Νεφέλης
1044 2518 1407 2581 ὑπολαϐούσης
1466 2520 1640 2582 αὐτὸν,
1688 2523 1755 2583 ὡς

163 2612 187 2662 ὁ
241 2616 415 2686 παρὼν
463 2610 837 2682 εὐαγγελιστης
894 2608 1115 2681 ἔγραψεν
1183 2608 1235 2660 ἐν
1303 2618 1361 2682 τῇ
1435 2607 1603 2681 βίϐλῳ
1656 2619 1754 2663 τῶν

160 2700 510 2753 ἀποστολικῶν
540 2699 798 2772 Πράξεων.

232 2796 329 2845 Καὶ
379 2822 448 2829 -
499 2789 743 2862 μεγάλης.
807 2791 950 2840 Μετὰ
1005 2793 1182 2862 χαρᾶς
1232 2787 1480 2859 μεγάλης,
1525 2784 1619 2841 διὰ
1662 2794 1755 2847 τὸν

158 2881 445 2933 ἀνάστασιν
500 2878 682 2947 αὐτοῦ,
734 2883 823 2929 καὶ
878 2873 971 2929 διὰ
996 2882 1088 2935 τήν
1118 2873 1311 2928 ἐλπίδα
1351 2885 1441 2937 τῆς
1489 2877 1756 2951 εἰρημένης

157 2970 483 3041 ἐπαγγελίας.
526 2967 604 3021 Ἐν
650 2976 711 3039 τῇ
767 2963 1062 3039 ὃηλωθείσῃ
1109 2963 1168 3018 δὲ
1223 2964 1389 3039 βίϐλῳ
1441 2971 1750 3039 γέγραπται·

157 3062 236 3111 ὅτι
266 3056 593 3129 ὑπέστρεψαν
620 3056 692 3118 εἰς
719 3056 1053 3130 Ἰερουσαλὴμ.
1081 3054 1181 3106 ἀπὸ
1212 3059 1358 3126 ὅρους
1387 3063 1479 3106 τοῦ
1508 3055 1755 3127 καλουμέ-

158 3168 245 3199 νου
305 3146 593 3206 Ἐλαιῶνος.
643 3144 801 3203 Δῆλον
845 3144 952 3208 οὖν,
995 3146 1072 3194 ὅτι
1133 3144 1247 3214 (93)
1307 3149 1633 3215 προσήνωται
1689 3153 1750 3216 τῇ

164 3236 389 3305 Βηθανίᾳ
417 3236 475 3284 τὸ
507 3238 624 3305 ὅρος
651 3240 747 3283 τῶν
768 3232 1007 3283 Ἐλαιῶν.

232 3328 331 3376 Καὶ
378 3319 511 3380 ἦσαν
568 3352 637 3360 --
695 3325 843 3374 Θεὸν.
875 3320 1046 3372 Ἦσαν
1077 3316 1170 3372 διὰ
1194 3324 1383 3380 παντὸς
1431 3319 1478 3372 ἐν
1509 3328 1579 3390 τῷ
1614 3323 1753 3394 ἱερῷ,

155 3414 291 3463 κατὰ
328 3415 450 3472 τοὺς
496 3413 712 3483 καιροὺς
762 3406 1005 3467 δηλονότι
1051 3417 1148 3460 τῶν
1184 3409 1460 3475 συνάξεων,
1512 3411 1595 3461 ὅτε
1625 3406 1754 3462 εἶναι

153 3501 201 3553 ἐν
237 3500 378 3570 αὐτῷ
404 3498 540 3563 ἐξῆν.

225 3595 428 3643 Γένοιτο
486 3585 544 3641 δὲ
570 3592 661 3640 καί
702 3588 842 3659 ἡμᾶς
873 3584 965 3640 διὰ
1011 3590 1196 3648 παντὸς
1218 3588 1373 3640 αἰνεῖν
1404 3593 1493 3641 καὶ
1532 3588 1752 3660 εὐλογεῖν

147 3683 234 3733 τὸν
264 3683 414 3743 Θεὸν,
468 3683 557 3730 καὶ
588 3677 747 3737 οὕτως
778 3678 939 3752 εὑρεῖν
997 3677 1136 3738 τέλος
1165 3684 1261 3740 τῆς
1299 3680 1573 3751 παρούσης
1616 3678 1753 3739 ζωῆς

147 3764 259 3826 ἡδὺ
286 3772 375 3819 καὶ
402 3770 684 3841 μακάριον,
740 3766 787 3818 ἐν
817 3772 1031 3841 Χιρστῷ
1056 3765 1232 3825 Ἰησοῦ
1271 3774 1342 3837 τῷ
1376 3772 1548 3842 Κυρίῳ
1580 3769 1749 3840 ἡμῶν,

144 3858 336 3929 Ἀμην.

425 3945 577 4009 Τέλος
604 3952 696 3998 τοῦ
730 3946 865 3997 κατὰ
896 3949 1104 3998 Δουχᾶν
1143 3943 1477 4017 Εὐαγγελίου.

217 4074 238 4107 ⁵
267 4070 397 4127 Joel
448 4086 508 4135 ιι,
541 4072 629 4126 28.
708 4072 729 4105 ⁸
759 4072 886 4126 Act.
927 4088 964 4135 ι,
999 4072 1050 4125 9.
1129 4071 1150 4105 ⁷
1177 4069 1323 4126 Ibid.
1362 4074 1447 4125 l2.

1864 1976 2223 2044 induamini,
2256 1978 2316 2032 in
2356 1977 2606 2034 modum
2652 1983 2994 2045 armaturae,
3045 1979 3256 2036 virtute
3300 1995 3369 2036 ex
3398 1979 3518 2037 alto

1867 2064 2036 2133 caelo,
2070 2065 2162 2122 vel
2183 2067 2303 2123 alta
2324 2066 2632 2124 divinitate
2662 2067 2769 2140 (cc)
2790 2083 2895 2141 per
2916 2069 3265 2141 prmdictam
3288 2068 3529 2141 spiritus

1867 2156 2052 2213 sancti
2081 2156 2562 2214 descensionem.

1937 2245 2100 2300 Vers.
2143 2250 2231 2303 50.
2252 2246 2480 2301 Eduxit
2512 2278 2579 2286 -—
2619 2246 2999 2304 Bethaniam.
3058 2248 3185 2304 Non
3217 2250 3380 2315 tunc,
3422 2248 3529 2305 sed

1864 2334 2335 2407 quadragesimo
2361 2334 2455 2391 die
2489 2340 2623 2407 post
2648 2337 3144 2392 resurrectionem
3172 2353 3187 2404 ;
3212 2352 3376 2403 nam,
3396 2353 3532 2411 quas

1867 2418 2103 2481 interim
2140 2424 2293 2480 facta
2323 2429 2479 2491 sunt,
2508 2425 2905 2497 praetermittit
2932 2425 3314 2496 evangelista.

1938 2513 2105 2570 Vers.
2149 2517 2237 2569 50.
2268 2515 2442 2569 Et—
2500 2512 2661 2570 Vers.
2735 2520 2823 2570 51.
2876 2516 3105 2572 calum.
3158 2515 3530 2588 Suscipiente

1865 2602 2028 2659 illum
2044 2603 2225 2672 nube,
2245 2602 2422 2659 veluti
2442 2603 2677 2671 scripsit
2694 2620 2962 2676 praesens
2987 2604 3361 2675 evangelista
3375 2605 3529 2663 libro

1868 2692 2332 2765 apostolicarum
2354 2693 2672 2749 Actionum
2701 2695 2743 2748 ⁸.

1937 2783 2099 2838 Vers.
2113 2782 2202 2836 52.
2218 2781 2295 2837 Ει
2311 2813 2378 2823 —
2391 2798 2628 2852 magno.
2644 2784 2792 2839 Cum
2807 2782 3031 2855 gaudio
3046 2798 3272 2855 magno
3285 2788 3526 2857 propter

1866 2872 2022 2928 illius
2048 2872 2562 2939 resurrectionem,
2604 2878 2660 2928 et
2715 2877 2953 2944 propter
2988 2889 3159 2945 spem
3190 2874 3356 2930 dictae
3388 2890 3525 2947 pro-

1868 2961 2176 3017 missionis.
2192 2962 2255 3015 In
2269 2961 2424 3017 dicto
2443 2966 2642 3017 autem
2660 2961 2811 3018 libro
2829 2962 3112 3034 scriptum
3128 2966 3239 3026 est,
3255 2965 3417 3035 quod
3439 2980 3527 3021 re-

1865 3050 2050 3119 gressi
2068 3055 2206 3105 sunt
2229 3050 2628 3121 Hierosolyma
2654 3066 2688 3105 a
2713 3056 2916 3106 monte
2946 3052 3044 3122 qui
3069 3056 3315 3107 vocatur
3336 3050 3529 3109 Oliva-

1863 3155 1998 3196 rum
2011 3140 2053 3193 ⁷.
2070 3140 2276 3195 Manife
2286 3139 2565 3195 standum
2579 3155 2719 3211 ergo
2732 3141 2993 3212 estquod
3008 3140 3313 3197 Bethaniaa
3327 3142 3527 3198 unitus

1796 3264 1835 3317 Ο
1869 3230 1941 3283 sit
1982 3243 2155 3282 mons
2195 3228 2517 3284 Olivarum.

1936 3318 2099 3373 Vers.
2140 3321 2226 3373 53.
2258 3317 2567 3388 Erantque
2605 3347 2678 3369 -—.
2701 3318 2909 3373 Deum.
2939 3315 3331 3389 Temporibus
3359 3317 3523 3373 vide-

1862 3406 2016 3472 licet,
2048 3406 2265 3478 quibus
2296 3405 2644 3475 congregari
2694 3406 2884 3461 solent
2938 3422 2950 3462 :
2993 3410 3161 3462 erant
3187 3422 3422 3477 semper
3461 3406 3523 3463 in

1862 3494 2366 3567 templo,quando
2384 3494 2443 3548 in
2467 3509 2537 3548 eo
2562 3492 2941 3550 esselicebat.

1933 3585 2165 3640 Utinam
2194 3588 2388 3640 autem
2416 3589 2471 3638 et
2493 3598 2601 3638 nos
2624 3584 2810 3639 Deum
2838 3598 3074 3656 semper
3104 3581 3421 3640 laudemus
3446 3600 3517 3641 ac

1859 3673 2307 3743 henedicamus,
2325 3677 2381 3728 et
2398 3673 2475 3729 ita
2494 3672 2674 3729 ﬁnem
2695 3673 3008 3745 praasentis
3028 3673 3162 3729 vitae
3179 3673 3520 3744 jucundum

1859 3781 1928 3822 ac
1956 3764 2203 3821 beatum
2230 3763 2608 3819 inveniamus
2633 3779 2739 3837 per
2761 3765 2961 3820 Jesum
2994 3763 3293 3822 Christum
3327 3764 3523 3822 Domi-

1859 3871 2007 3911 num
2047 3858 2344 3910 nostrum.
2379 3856 2589 3909 Amen.

2150 3942 2304 3999 Finis
2318 3942 2623 4015 Evangelii
2639 3943 2973 4000 secundum
2989 3944 3231 4001 Lucam.

1401 4194 1620 4263 Variae
1637 4195 1962 4264 lectiones
1985 4205 2044 4262 et
2069 4203 2269 4261 notae.

221 4341 340 4414 (93)
394 4338 737 4416 Πρυσὴλωται
767 4341 842 4406 Α,
874 4338 1091 4411 inepte.

210 4467 333 4536 (cc)
414 4466 568 4522 Caelo
628 4497 680 4507 -
734 4464 1058 4522 divinitate.
1123 4470 1198 4519 Ac
1256 4463 1304 4519 si
1352 4462 1559 4534 legerit
1636 4462 1691 4526 ἐξ
1746 4464 1804 4535 ὑηθ

1886 4470 1951 4516 ,οῦ
2004 4482 2088 4515 και
2147 4460 2353 4533 ὑψηλῆς
2412 4462 2670 4522 θεότητος.
2731 4460 2949 4528 Redde,
3017 4463 3153 4519 αι’ίί
3207 4469 3315 4519 aut
3366 4462 3517 4519 diri-

138 4539 380 4595 uitatis.

1488 4821 2167 4944 ANONYMI

685 5067 1300 5132 INTERPRETATIO
1346 5066 1471 5148 (94)
1515 5066 1846 5128 DUARUM
1891 5065 2217 5127 ODARUM
2265 5063 2688 5125 EVANGELII
2734 5062 2967 5125 LUCzE

990 5231 1066 5281 Ex
1096 5228 1279 5281 codice
1307 5227 1441 5279 Bibl.
1472 5226 1560 5279 SS.
1592 5225 1794 5291 Synodi
1827 5225 2167 5291 Mosquensis
2200 5239 2347 5275 num.
2379 5224 2674 5276 CCCXLIV.

870 5448 1019 5502 ὨΔΗ
1054 5452 1181 5501 ΤΗΣ
1214 5446 1571 5501 ΘΕΟΤΟΚΟΥ
1606 5448 1692 5498 EN
1728 5449 1820 5517 Τῼ.
1858 5448 2034 5497 ΚΑΤΑ
2073 5446 2352 5496 ΛΟΥΚΑΝ
2392 5444 2794 5513 ΕΥΑΓΓΕΛῙῼ.

1654 5571 2016 5645 Ἐπίγραμμα.

1228 5674 1449 5740 Τίκτεις,
1476 5670 1716 5745 Μαριὰμ,
1747 5670 1836 5721 τὸν
1875 5668 2199 5742 θεάνθρωπον
2230 5669 2431 5737 Λόγον,

193 5811 326 5881 (94)
361 5806 610 5881 Diversa
632 5800 945 5881 paululum
994 5813 1101 5881 seu
1130 5797 1432 5881 copiosior
1458 5796 1741 5881 interpre-

91 5869 282 5947 tatio
306 5869 617 5953 Euthymii
638 5869 917 5949 'Zigabeni
943 5869 1442 5942 nomine,’legitur
1464 5870 1662 5926 Latine
1681 5869 1743 5924 in

1851 5792 2217 5924 figlio‘tihzzca
2269 5791 2535 5852 maxima
2590 5791 2831 5850 Patrum
2883 5788 3079 5863 Lugd.
3134 5787 3252 5845 vol.
3289 5789 3414 5862 XIX,
3461 5802 3525 5860 ι).
