4170 6434
166 384 303 440 1109

1233 369 1596 430 COMMENT.
1640 366 1711 422 IN
1748 362 2096 421 JOANNEM.
2138 392 2209 404 —
2250 359 2411 418 CAP.
2449 357 2495 416 Ῑ.

3381 340 3524 402 1110

166 507 460 580 ἆεί.Ταύτη
498 502 557 558 δὲ
605 512 666 576 τῇ
723 502 867 578 ἀρχῇ
929 502 1219 573 ουζευχθέν
1271 502 1329 551 τό
1377 494 1437 557 iv
1465 494 1759 551 ἀνεννόητον

1875 489 2044 580 idem_
2072 487 2235 561 quod
2280 499 2528 555 semper.
2580 480 2723 536 Huic
2750 492 2887 536 vero
2918 474 3063 550 ἀρχῇ
3094 473 3416 545 conjuncta
3438 472 3524 528 di-

164 599 321 655 αὐτὴν
340 594 594 655 παντελῶς
626 593 885 650 ἐποίησεν.
917 589 1085 642 Ὀπου
1128 590 1230 660 γὰρ
1263 586 1525 657 ἀναγάγῃς
1554 602 1647 635 σου
1673 582 1761 632 τὸν

164 696 297 750 νοῦν,
326 690 634 760 προαπαντᾷ
675 686 732 734 τό
764 678 850 746 ἧν,
886 685 976 732 καὶ
1017 684 1294 749 πανταχοῦ
1323 677 1634 747 προτρέχον,
1669 669 1762 722 οὐκ

168 775 224 847 ἐᾷ
261 795 353 827 σου
384 779 477 832 τὴν
515 776 706 825 ἔννοιαν
755 772 916 843 εὑρεῖν
963 787 1079 820 τινα
1136 769 1347 821 στάσιν,
1419 768 1518 816 Καὶ
1560 760 1643 812 ἐπὶ
1673 762 1763 831 μὲν

166 874 259 917 τῶν
289 871 512 916 κτιστῶν
562 864 619 913 τό
665 857 725 919 iv
769 862 856 911 τόν
895 856 1288 929 παρεληλυθότα
1318 858 1509 928 χρόνον
1563 847 1758 908 δηλοῖ·

167 954 248 1006 ἐπὶ
278 949 337 1005 δὲ
362 959 456 1013 τῆς
487 949 730 1003 ἀκτίστου
755 944 984 1022 Τριάδος
1013 950 1070 997 τό
1102 944 1180 997 ἀεὶ
1193 947 1283 996 καὶ
1311 950 1463 995 τοῦτο
1497 942 1759 1012 σημαίνει.

170 1048 264 1095 Καὶ
290 1040 372 1093 ἐπὶ
402 1044 491 1113 μὲν
522 1049 616 1102 τῆς
643 1046 835 1099 νοητῆς
870 1042 959 1088 καὶ
1013 1044 1102 1096 τῆς
1147 1034 1403 1093 αἰσθητῆς
1441 1034 1657 1088 κτίσεως
1687 1025 1760 1078 ἐπ’

168 1127 375 1192 οὐδενός
421 1126 692 1200 ἐνδέχεται
744 1128 970 1202 ῥηθῆναι
1020 1128 1077 1177 τὸ
1118 1125 1198 1177 Ἐν
1253 1121 1394 1195 ἀρχῇ
1456 1117 1516 1178 iv
1552 1135 1564 1148 '
1594 1119 1765 1170 πάντα

165 1223 260 1295 γὰρ
286 1221 501 1292 ὕστερον
526 1217 752 1290 ἐγένοντο
776 1234 787 1245 ·
824 1215 906 1267 ἐπὶ
934 1219 1090 1286 μόνης
1122 1210 1181 1265 δὲ
1204 1221 1293 1273 τῆς
1321 1214 1587 1284 μακαρίας
1605 1207 1765 1280 Τριά-

168 1306 257 1371 δος
283 1308 499 1383 ἁρμόζει
532 1315 685 1360 τοῦτο
718 1325 731 1338 ο
756 1308 886 1378 μόνη
914 1310 1014 1377 γὰρ
1049 1302 1185 1355 ἐστιν
1217 1300 1465 1373 ἀγένητος
1599 1299 1764 1350 εἶτουν

170 1400 428 1459 οἴκτιστος.

234 1576 450 1648 Ὁμοίως
503 1571 562 1627 δε
612 1579 701 1626 καὶ
754 1576 811 1625 τό
879 1576 1042 1644 ὄνομα
1096 1576 1185 1622 τοῦ
1262 1572 1459 1639 Λόγου,
1528 1565 1767 1622 πολυσή-

165 1670 348 1737 μαντόν
389 1663 528 1716 ἐστιν
576 1678 589 1691 ’
632 1659 941 1737 ἰδιοτρόπως
981 1657 1041 1714 δὲ
1085 1667 1173 1711 νῦν
1214 1662 1459 1730 σημαίνει
1507 1659 1593 1709 τὸν
1644 1656 1766 1707 Υἰόν

164 1762 253 1806 τοῦ
285 1754 432 1807 Θεοῦ.
491 1757 711 1824 Λέγεται
738 1754 841 1826 γὰρ
902 1755 1088 1822 Λόγος,
1125 1752 1194 1810 ὡς
1246 1749 1272 1799 6
1327 1745 1581 1817 Θεολόγος
1631 1744 1768 1816 λέγει

1870 578 1985 634 ctio
2016 573 2076 635 ἧν
2117 583 2259 640 erat,
2293 576 2491 648 ipsum
2549 568 2798 627 omnino
2827 564 3083 623 reddidit
3114 560 3514 632 incognitum.

1872 669 2001 734 Quo
2039 666 2199 721 enim
2247 663 2493 719 reduces
2527 662 2721 715 mente
2744 661 2848 711 tua
2884 653 3027 710 illud
3063 656 3208 719 erat,
3256 648 3421 722 quod
3447 647 3526 721 (b)

1872 763 2008 813 ante
2026 755 2227 812 omnia
2247 756 2304 809 et
2322 751 2545 823 ubique
2575 759 2965 820 praecurrens,
2995 756 3117 798 non
3146 739 3284 796 sinit
3301 737 3527 807 cogita-

1869 846 2096 903 tionem
2134 848 2300 899 tuam
2340 837 2605 896 invenire
2653 832 2995 892 terminum.
3035 831 3106 885 Et
3142 828 3203 884 in
3241 825 3527 883 creaturis

1871 934 2312 1009 quidem,erut,
2369 925 2726 1001 praeteritum
2774 927 3010 993 tempus
3059 914 3419 974 manifestat.
3459 914 3527 970 In

1869 1003 2077 1082 'friade
2108 1037 2250 1078 vero
2290 1020 2574 1081 increata,
2618 1015 2749 1071 haec
2800 1011 2980 1068 etiam
3017 1005 3310 1078 signiﬁcat
3348 1003 3527 1059 dictio

1870 1129 2118 1183 semper.
2134 1114 2199 1167 Et
2214 1110 2275 1166 in
2296 1103 2669 1165 intellectuali
2687 1117 2833 1159 sane
2851 1114 2921 1157 ac
2943 1095 3207 1155 sensibili
3230 1096 3525 1157 creatura,

1872 1206 1946 1261 de
1969 1202 2132 1259 nullo
2162 1198 2379 1270 suscipi
2406 1198 2622 1269 potest,
2657 1196 2721 1249 ut
2756 1191 2984 1247 dictum
3011 1188 3103 1253 sit,
3129 1188 3376 1258 Semper
3403 1185 3528 1240 erat

1874 1294 2169 1367 siquidem
2219 1288 2426 1347 omnia
2478 1281 2866 1359 postmodum
2918 1279 3075 1367 facta
3117 1281 3297 1343 sunt;
3335 1271 3436 1330 sed
3466 1270 3529 1328 id

1873 1362 1984 1441 soli
2008 1384 2199 1440 beataa
2226 1376 2491 1437 Trinitati
2528 1376 2791 1447 aptatur,
2818 1385 2963 1428 nam
2992 1365 3122 1424 sola
3147 1364 3284 1437 ipsa
3309 1362 3529 1420 intecta

1875 1478 1961 1532 est
1991 1472 2114 1529 sive
2144 1472 2433 1527 increata.

1947 1562 2222 1621 Similiter
2241 1571 2483 1631 quoque
2511 1566 2736 1611 nomen
2759 1552 2932 1622 Λόγος
2951 1547 3216 1612 verbum,
3240 1541 3431 1631 multa
3453 1539 3531 1599 si-

1874 1652 2133 1727 gniﬁcat.
2163 1630 2328 1706 Nunc
2354 1650 2555 1704 autem
2583 1639 2819 1714 proprie
2849 1635 3147 1710 signiﬁcat
3166 1633 3269 1690 Dei
3297 1630 3527 1689 Filium.

1877 1720 2097 1800 bicitur
2147 1752 2412 1811 namque
2474 1732 2756 1796 Verbum,
2799 1731 2979 1802 prout
3028 1723 3173 1781 dicit
3211 1720 3530 1791 Gregorius

165 1848 464 1916 Γρηγόριος,
501 1844 581 1895 ὃτι
609 1842 774 1903 οὕτως
818 1843 932 1912 ἔχει
960 1842 1086 1913 πρὸς
1137 1842 1224 1890 τόν
1259 1841 1484 1910 Πατέρα,
1540 1838 1609 1897 ὡς
1637 1836 1760 1908 πρὸς

1875 1831 2226 1901 Theologus,
2268 1809 2433 1900 quod
2480 1822 2559 1880 ad
2598 1822 2833 1877 Patrem
2871 1817 2954 1874 ita
3001 1831 3063 1871 se
3096 1812 3340 1881 habeat,
3377 1809 3534 1866 sicut

162 1939 279 1983 νοῦν
308 1933 389 2001 (3)
419 1931 568 2003 λόγος
591 1948 603 1960 °
642 1930 701 1982 οῦ
734 1934 886 2002 μόνον
920 1925 1088 1981 διὰτὸ
1121 1926 1310 1986 ἀπαθές
1339 1933 1435 1986 τῆς
1463 1928 1765 1995 γιννήσεως,

166 2020 291 2071 ἀλλὰ
320 2025 409 2072 καὶ
440 2027 496 2072 τό
539 2023 762 2091 συναφὲς
786 2023 875 2070 καὶ
900 2022 957 2070 τό
986 2015 1363 2088 ἒξαγγελτικόν.
1424 2015 1598 2065 Πάντα
1640 2014 1763 2083 γὰρ,

166 2114 344 2181 φησὶν,
399 2111 501 2161 ὅσα
555 2112 762 2165 ἤκουσα
826 2109 971 2181 παρὰ
1026 2112 1117 2158 τοῦ
1186 2106 1407 2178 Πατρός,
1484 2099 1768 2172 ἀνήγγειλα

165 2200 305 2269 ὑμῖν.

236 2288 394 2358 Τάχα
416 2282 465 2337 δ’
497 2285 557 2336 ἂν
588 2289 723 2338 εἴποι
753 2305 832 2347 τις
858 2285 937 2337 ὅτι
960 2289 1049 2336 καὶ
1074 2286 1142 2345 ὡς
1173 2284 1290 2356 ὄρος
1337 2284 1467 2353 πρὸς
1492 2282 1551 2332 τὸ
1584 2279 1764 2352 ὁριξό..

165 2395 332 2448 μενον,
373 2371 551 2433 ἐπειδὴ
577 2380 666 2427 καὶ
694 2382 847 2426 τοῦτο
869 2375 1069 2444 λέγεται
1100 2372 1272 2443 λόγος.
1291 2371 1349 2424 Ὀ
1373 2373 1474 2443 γὰρ
1493 2372 1762 2435 νενοηκὼς,

167 2470 315 2537 φησὶ,
342 2468 427 2516 τόν
457 2469 576 2517 Υιόν
614 2466 791 2533 (τοῦτο
829 2465 928 2534 γὰρ
970 2461 1082 2514 ἐστι
1132 2464 1190 2512 τό
1250 2459 1507 2535 ἑωρακώς)
1560 2461 1765 2515 νενόηκε

163 2557 248 2605 τόν
281 2558 502 2626 Πατέρα.
533 2559 626 2605 Καὶ
664 2555 728 2604 σύ
756 2572 912 2624 τομος
938 2547 1205 2613 ἀπόδειξις
1236 2555 1325 2601 καὶ
1353 2545 1519 2623 ῥᾳδία
1543 2555 1639 2609 τῆς
1673 2554 1762 2599 τοῦ

164 2646 362 2716 Πατρός
388 2645 607 2715 φύσεως,
642 2643 668 2693 6
699 2643 832 2702 Υἱός.
867 2644 1094 2712 Γέννημα
1110 2641 1210 2713 γὰρ
1228 2638 1383 2703 ἅπαν,
1412 2644 1504 2690 τοῦ
1525 2655 1761 2709 γεγεννη-

161 2738 310 2793 κότος
343 2740 553 2784 σιωπῶν
578 2732 744 2803 λόγος.

236 2908 402 2960 Εἰπὼν
436 2906 541 2960 δὲό
568 2905 956 2978 εὐαγγελιστὴς,
997 2906 1078 2957 ὅτι
1102 2905 1185 2956 Ἐν
1225 2902 1369 2979 ἀρχῇ
1404 2899 1464 2961 iv
1513 2902 1538 2952 6
1574 2905 1758 2973 Λόγος,

161 2994 350 3059 ἔδειξεν
386 2998 465 3049 ὅτι
496 2995 574 3048 ἀεὶ
601 2995 680 3067 (4)
712 2992 792 3060 iv,
820 2999 911 3047 καὶ
935 2994 1028 3045 οὐκ
1060 2990 1121 3052 iv
1146 3013 1227 3055 τις
1247 2996 1438 3064 χρόνος
1470 2991 1499 3049 ἣ
1530 2990 1651 3042 αἰὼν
1679 2991 1762 3042 ὅτε

161 3086 255 3137 οὐκ
288 3082 347 3143 iv
379 3085 545 3144 οὗτος.
587 3084 751 3145 Αὐτὸς
780 3086 881 3156 γὰρ
910 3082 1022 3134 ἐστι
1047 3086 1262 3141 ποιητὴς
1283 3085 1373 3133 καὶ
1400 3087 1500 3131 τῶν
1533 3084 1757 3151 χρόνων,

163 3193 251 3224 και
280 3192 379 3224 των
406 3193 620 3225 αιωνων.

235 3266 381 3313 Διατί
413 3257 471 3313 δὲ
492 3261 584 3312 οὐκ
625 3257 777 3325 εἶπεν,
810 3262 890 3311 ὅτι
917 3259 997 3312 Ἐν
1029 3267 1173 3331 αρχῇ
1205 3277 1265 3315 ην
1301 3258 1326 3308 6
1355 3259 1470 3317 Υἱός
1504 3273 1516 3321 ;
1546 3255 1657 3308 Ἰνα
1686 3259 1757 3326 μὴ

162 3349 425 3420 ὑπόληψις
476 3367 783 3422 παρεμπεση
836 3348 917 3418 (5)
954 3354 1211 3418 χρονικῆς
1254 3364 1308 3398 τε
1353 3350 1442 3397 καὶ
1500 3343 1762 3416 ἓμπαθοῦς

160 3444 462 3510 γεννήσεως.
500 3442 593 3491 Δια
620 3445 773 3489 τοῦτο
819 3440 920 3509 γὰρ
956 3441 1121 3507 Λόγον
1179 3435 1331 3487 αὐτόν
1362 3436 1637 3506 ὀνομάσας,
1671 3437 1761 3485 καὶ

162 3526 390 3590 διδάξας
420 3526 643 3579 ἐντεῦθεν
673 3530 730 3578 τό
761 3527 987 3598 ἅχρονόν
1033 3544 1086 3577 τε
1111 3529 1199 3576 καὶ
1248 3522 1443 3585 ἀπαθὲς
1472 3531 1566 3585 τῆς
1598 3524 1759 3593 ὑπερ-

161 3625 322 3688 φυοῦς
345 3622 630 3688 γεννήσεως
652 3616 832 3679 αὐτοῦ,
859 3620 948 3666 καὶ
966 3618 1249 3687 προανελὼν
1267 3616 1359 3674 τὰς
1382 3611 1621 3684 ἀπρεπεῖς
1642 3614 1759 3684 περὶ

162 3706 324 3767 αὐτῆς
353 3706 657 3776 ὑπολήψεις,
689 3704 867 3757 λοιπόν
910 3709 1102 3778 προῖὼν
1150 3708 1238 3755 καὶ
1294 3705 1412 3755 Υὶόν
1458 3701 1613 3753 αὐτόν
1642 3700 1759 3751 ἀνυ-

158 3796 423 3857 ποστόλως
445 3795 606 3847 καλεῖ.
640 3794 946 3866 Βουλόμενος
982 3789 1040 3845 δὲ
1070 3789 1262 3856 δεῖξαι,
1294 3792 1448 3844 αὐτόν
1492 3796 1562 3864 μὴ
1604 3794 1757 3863 μόνον

160 3883 237 3936 ἀεὶ
264 3888 385 3935 ὄντα
408 3887 570 3955 ἤγουν
602 3880 796 3948 ἀΐδιον,
828 3881 954 3934 ἀλλὰ
977 3886 1065 3934 καὶ
1103 3880 1400 3955 ἀχώριστον
1435 3888 1525 3932 τοῦ
1559 3882 1761 3951 Πατρός

155 3978 244 4026 καὶ
277 3969 468 4026 πναίδ
474 3992 567 4039 ιον,
597 3976 748 4046 φησί.

232 4246 331 4294 Καὶ
385 4242 410 4293 6
462 4243 617 4311 Δόγος
665 4237 726 4299 iv
793 4243 919 4315 πρός
967 4243 1052 4291 τόν
1109 4243 1258 4293 Θεόν.
1315 4238 1426 4291 Οὐκ
1474 4235 1629 4300 εἶπεν,
1675 4238 1755 4289 ὅτι

157 4327 219 4388 iv
251 4331 301 4380 ἐν
329 4334 488 4402 τόπῳ,
535 4331 593 4382 οῦ
623 4334 925 4404 περιέχεται
952 4332 1052 4401 γὰρ
1102 4333 1242 4400 τόπῳ
1274 4332 1304 4380 6'
1330 4327 1706 4402 ἀπερίγραπτος
1736 4339 1752 4358 ⁸

157 4415 284 4470 οὐδὲ
334 4419 413 4469 ὅτι
461 4417 511 4470 ἐν
556 4427 628 4489 τῷ
679 4426 813 4488 Θεῷ,
867 4419 950 4470 ἵνα
1004 4423 1076 4491 μὴ
1134 4416 1187 4469 ἐκ
1272 4420 1557 4490 προοιμίων
1610 4414 1756 4473 εὐθὺς

160 4509 433 4577 σύγχυσις
462 4516 560 4559 τῶν
589 4513 880 4582 προσώπων
925 4507 1217 4565 ἐπινοηθείη
1271 4523 1282 4536 ⁸

156 4599 247 4648 τόν
285 4598 435 4658 Θεὸν,
463 4600 644 4668 ἤγουν,
684 4600 828 4672 παρά
878 4606 951 4669 τῷ
1000 4602 1186 4671 Πατρὶ,
1222 4597 1305 4647 ἳνα
1352 4614 1407 4647 τε
1437 4599 1749 4669 παραστήσῃ

152 4689 215 4737 τὸ
246 4681 453 4746 ἰδιάζον
481 4694 579 4737 τῶν
610 4687 964 4750 ὑποστάσεων,
995 4691 1084 4738 καὶ
1125 4687 1203 4737 ὅτι
1235 4684 1532 4757 ἀχώριστοι
1571 4688 1751 4758 Πατὴρ

150 4779 246 4826 καί
274 4776 395 4836 Υἱός
423 4794 435 4807 ·
467 4771 625 4833 δῆλον
653 4772 710 4828 δὲ
735 4778 933 4836 πάντως
962 4776 1043 4827 ὅτι
1089 4779 1179 4826 καὶ
1213 4781 1417 4846 Πνεῦμα
1448 4777 1506 4826 τό
1558 4773 1706 4845 ἅγιον
1736 4793 1749 4806 ·

148 4863 203 4915 ἐν
285 4862 428 4938 ἂρχῇ
510 4867 608 4937 γὰρ
658 4864 735 4935 (6)
787 4860 848 4922 ἦν
910 4866 940 4922 ἡ
1006 4866 1186 4936 Τριὰς,

144 4955 334 5026 Τριάς.

1272 4867 1361 4915 καὶ
1414 4864 1543 4935 ὁμοῦ
1603 4860 1663 4922 iv
1720 4860 1777 4921 ἦ

228 5168 250 5203 ²
279 5168 450 5225 Joan.
484 5183 582 5236 xv,
612 5172 699 5225 t5.
774 5168 796 5205 ³
824 5166 999 5225 Joan.
1050 5183 1169 5238 XIV,
1196 5172 1250 5227 9.

1875 1926 2129 1983 verbum
2169 1922 2247 1978 ad
2289 1922 2551 1976 mentem
2583 1932 2598 1972 :
2640 1928 2764 1970 non
2817 1914 3054 1967 tantum
3082 1906 3162 1964 ob
3202 1902 3531 1978 generatio—

1876 2031 2017 2072 nem
2029 2029 2164 2087 quae
2182 2010 2349 2068 omni
2374 2007 2591 2065 aﬂectu
2620 2005 2781 2060 caret
2804 1999 3091 2063 humano,
3121 2010 3325 2052 verum
3347 1991 3530 2050 etiam

1877 2080 2112 2177 propter
2148 2098 2584 2158 connexionem
2614 2098 2672 2150 et
2710 2086 3273 2147 manifestationem.
3317 2080 3531 2138 Omnia

1875 2170 2083 2265 inquit,
2140 2207 2266 2263 qua:
2302 2186 2509 2245 audivi
2531 2200 2569 2241 a
2606 2183 2788 2239 Patre
2831 2193 2958 2235 meo
2987 2182 3130 2231 nota
3163 2173 3282 2245 fec:
3304 2170 3528 2265 vobis

1946 2257 2167 2338 I30terit
2190 2291 2434 2352 quoque
2464 2273 2660 2331 dicere
2698 2267 3024 2343 quispiam,
3057 2261 3219 2337 quod
3247 2261 3425 2352 etiam
3452 2257 3530 2352 sit

1873 2371 2048 2446 quasi
2068 2347 2439 2426 deﬁnitio—ad
2470 2378 2650 2420 suum
2675 2357 3030 2446 deﬁnitum:
3057 2368 3201 2446 pem
3239 2354 3298 2407 et
3316 2350 3432 2446 μου
3452 2347 3528 2446 si-

1875 2437 2117 2531 gniﬁcat
2144 2457 2324 2514 dictio
2344 2456 2515 2527 λόγος.
2558 2451 2668 2519 Qui
2695 2447 2848 2506 enim
2877 2444 3020 2501 vidit
3049 2440 3289 2531 Filium,
3311 2437 3527 2531 inquit,

1873 2525 2024 2608 vidit
2053 2555 2107 2606 et
2135 2549 2373 2604 Patrem
2404 2525 2448 2610 ί,
2469 2543 2586 2599 hoc
2616 2542 2726 2605 est,
2757 2533 3058 2597 intellexit,
3098 2534 3163 2587 ut
3190 2528 3268 2585 sit
3285 2528 3414 2600 ipse
3443 2525 3531 2582 Fi-

1872 2639 1987 2695 lius
2010 2643 2301 2711 tanquam
2332 2632 2527 2690 brevis
2547 2645 2618 2687 ac
2643 2626 2830 2684 facilis
2846 2622 3039 2680 ﬁnitio
3059 2623 3291 2711 naturas
3319 2614 3526 2673 Patris.

1873 2731 2060 2788 Omne
2089 2706 2248 2784 edim
2271 2722 2434 2798 quod
2455 2720 2722 2792 genitum
2743 2719 2849 2781 est,
2873 2713 3021 2785 ejus,
3053 2708 3156 2783 qui
3186 2706 3411 2780 genuit,
3445 2710 3532 2762 ta-

1872 2836 2012 2877 cens
2050 2816 2306 2875 verbum
2349 2816 2458 2870 est.

1942 2910 2091 2965 Cum
2123 2910 2322 2964 autem
2344 2900 2554 2959 dixerit
2569 2895 2967 2969 evangelista:
2996 2893 3064 2949 In
3080 2885 3371 2963 principio
3398 2889 3526 2943 erat

1880 2999 2152 3064 Verbum,
2176 2990 2606 3052 demonstravit
2629 2986 2796 3061 quod
2825 2996 3064 3055 semper
3086 2981 3231 3044 erat,
3263 2991 3375 3033 nec
3402 2977 3528 3032 erat

1868 3091 2107 3159 tempus
2138 3081 2382 3155 aliquod
2395 3085 2497 3138 aut
2516 3077 2824 3145 saeculum,
2842 3088 2964 3147 quo
2988 3072 3344 3159 ipsum‘non
3359 3068 3486 3122 erat
3505 3077 3522 3131 ;

1797 3201 1839 3258 ρ
1868 3156 2178 3248 ipse—enim
2210 3172 2450 3228 effector
2475 3171 2562 3223 est
2580 3170 2922 3236 temporum
2938 3176 3010 3217 ac
3034 3156 3415 3215 saeculorum.

1941 3266 2135 3330 Quare
2191 3264 2392 3316 autem
2444 3271 2566 3313 non
2609 3252 2757 3310 dixit
2797 3267 2810 3306 :
2852 3250 2918 3305 In
2961 3245 3250 3322 principio
3270 3248 3397 3301 erat
3432 3241 3525 3298 Fi-

1868 3353 1982 3409 lius
2020 3352 2048 3407 ?
2075 3354 2153 3407 Ne
2174 3364 2298 3422 qua
2334 3347 2553 3418 irrepat
2584 3340 2842 3415 suspicio
2887 3335 3144 3393 carnalis
3176 3338 3278 3390 aut
3298 3337 3524 3405 tempo—

1868 3440 2008 3497 ralis
2041 3437 2464 3511 generationis.
2507 3432 2595 3490 Ob
2616 3431 2677 3487 id
2706 3426 3001 3503 siquidem
3031 3439 3170 3480 cum
3190 3422 3395 3495 ipsum
3416 3436 3518 3477 no-

1868 3531 2156 3587 minasset
2178 3527 2457 3593 Verbum,
2497 3527 2676 3596 atque
2713 3519 2853 3575 hinc
2879 3515 3045 3572 omni
3084 3520 3367 3585 tempore,
3394 3525 3521 3567 om-

1865 3619 2048 3692 nique
2065 3616 2279 3674 affectu
2308 3611 2751 3686 generationem
2776 3606 2969 3681 ipsius
3000 3600 3520 3676 supernaturalem

1865 3690 2065 3766 carere
2085 3706 2408 3768 docuisset,
2432 3700 2673 3773 abjectis
2694 3712 2937 3772 quoque
2951 3693 3178 3751 caeteris
3198 3690 3520 3748 indecenti-

1862 3799 1979 3856 bus
2018 3798 2175 3854 circa
2216 3810 2351 3852 eam
2391 3788 2846 3864 suspicionibus,
2898 3781 3288 3857 postmodum
3331 3780 3394 3836 in
3425 3794 3523 3836 se-

1862 3885 2188 3962 quentibus
2226 3884 2429 3958 ipsum
2458 3881 2636 3937 etiam
2672 3877 2856 3934 libere
2885 3872 3096 3930 Filium
3116 3869 3278 3927 dicit.
3305 3868 3521 3925 Valens

1863 3958 2106 4050 quoque
2141 3971 2456 4031 ostendere
2486 3984 2608 4026 non
2639 3966 2821 4024 modo
2849 3964 3049 4038 ipsum
3085 3958 3518 4033 semperfuisse

1862 4066 1987 4122 sive
2025 4068 2333 4128 aeternum,
2357 4060 2466 4117 sed
2490 4058 2670 4116 etiam
2690 4051 3159 4128 inseparabilem
3189 4066 3261 4107 ac
3281 4052 3521 4107 comter-

1862 4170 2012 4211 num
2038 4154 2215 4218 Patri,
2257 4151 2339 4207 ait
2398 4164 2412 4206 :

1932 4244 2093 4299 Vers.
2135 4243 2186 4296 1.
2218 4240 2300 4296 Et
2340 4237 2593 4295 Verbum
2618 4239 2743 4292 erat
2772 4232 2936 4304 apud
2955 4232 3161 4289 Deum.
3190 4232 3318 4286 Non
3346 4226 3516 4294 dixit,

1861 4330 2027 4407 quod
2079 4330 2293 4387 eratin
2323 4327 2454 4384 loco
2489 4340 2647 4382 :non
2688 4322 2848 4379 enim
2885 4321 2948 4377 in
2999 4318 3130 4375 loco
3159 4317 3515 4381 continetur,

1862 4405 1966 4495 qui
1996 4415 2406 4477 circumscribi
2446 4430 2566 4472 non
2606 4414 2839 4487 potest:
2882 4424 3077 4482 neque
3098 4405 3261 4480 quod
3288 4405 3351 4462 in
3374 4406 3515 4471 Deo,

1340 4504 1449 4558 ἀλλ’
1499 4506 1579 4557 ὅτι
1625 4507 1755 4576 πρός

1875 4526 1938 4567 ne
1967 4509 2165 4566 statim
2194 4508 2254 4564 in
2296 4502 2654 4579 primordiis,
2688 4514 3082 4576 personarum
3104 4495 3517 4554 confusionem

1863 4599 2000 4672 quis
2028 4597 2404 4668 imaginetur,
2446 4593 2551 4649 sed
2589 4590 2757 4666 quod
2786 4588 2952 4661 apud
2987 4590 3174 4644 Deum
3204 4584 3328 4641 sive
3352 4582 3519 4657 apud

1863 4689 2118 4756 Patrem,
2155 4690 2294 4742 utet
2322 4682 2487 4757 quod
2525 4680 2838 4756 proprium
2877 4681 2967 4735 est
2996 4690 3386 4750 personarum
3409 4687 3520 4745 ap-

1863 4780 2090 4851 pareat,
2113 4774 2399 4848 quodque
2428 4767 2857 4844 inseparabiles
2881 4765 2999 4823 sint
3015 4765 3187 4821 Pater
3211 4767 3269 4819 et
3290 4762 3473 4819 Filius
3501 4778 3515 4818 :

1865 4871 1920 4922 et
1969 4864 2212 4922 omnino
2259 4860 2640 4919 manifestum
2695 4861 2803 4924 est,
2835 4856 2994 4930 quod
3047 4854 3227 4911 etiam
3267 4852 3519 4927 Spiritus

1866 4962 2105 5012 sanctus
2145 4970 2159 5011 :
2202 4951 2496 5026 siquidem
2540 4951 2603 5007 in
2633 4947 2924 5025 principio
2969 4948 3098 5004 erat
3125 4942 3396 5011 Trinitas,
3446 4942 3520 4999 si-

1864 5044 2110 5119 mulque
2133 5046 2270 5101 erat
2314 5040 2558 5101 trinitas.

1270 5293 1497 5364 Variae
1548 5294 1876 5365 lectiones
1935 5304 2003 5364 et
2055 5302 2260 5363 notae.

226 5463 307 5608 E23
337 5460 637 5536 ’Δγέννητος
663 5468 725 5518 Α.

251 5534 285 5591 3
337 5542 474 5589 Νοῦν
507 5538 532 5589 ό
560 5535 714 5608 λόγος

226 5464 284 5608 ξὲ
337 5464 637 5536 ’Δγέννητος
663 5468 725 5518 Α.

146 5464 316 5665 meti}.
337 5542 474 5589 Νοῦν
507 5538 532 5589 ὁ
560 5535 714 5608 λόγος
744 5541 803 5590 Α.
840 5535 979 5591 Vide
1031 5538 1271 5607 Gregor.
1306 5536 1474 5602 Naz.,
1528 5554 1589 5608 p.
1626 5537 1755 5605 218,

1966 5537 2019 5665 ὅζ
2057 5537 2342 5625 Παραπέσῄ
2371 5541 2428 5618 ,Δ

1966 5613 1996 5665 6
2060 5614 2164 5665 Γαρ
2204 5610 2413 5665 omittit

1959 5466 2014 5538 4)
2057 5465 2137 5518 Ἐν
2169 5462 2336 5538 ἀρχῇ,
2369 5477 2478 5536 pro
2508 5461 2587 5518 ἁιί
2632 5467 2695 5517 Δ.

1937 5466 2019 5682 ῗξ
2057 5466 2137 5518 Ἐν
2169 5466 2336 5550 ἀρχῇ,
2369 5477 2478 5536 pro
2508 5466 2521 5518 ε

1962 5544 1991 5594 5
2057 5539 2342 5611 Παραπεσῄ
2389 5541 2450 5589 Δ.

1966 5613 1996 5665 6
2060 5609 2164 5683 Γάρ
2204 5605 2413 5665 omittit
2455 5607 2521 5662 Α.

228 5784 315 5856 (b)
354 5784 508 5842 Erat
540 5816 607 5827 —
663 5785 840 5858 quod.
890 5785 1060 5854 Quod
1109 5783 1456 5844 delendum.
1518 5786 1850 5844 Obscuram
1877 5786 2039 5845 enim
2068 5785 2263 5844 reddit
2300 5785 2657 5845 orationem.
2683 5787 2749 5843 In
2781 5785 2861 5844 Gr
2882 5799 2999 5844 seco
3042 5785 3129 5842 est
3165 5781 3337 5841 Istud
3363 5786 3516 5842 erat.
