4170 6446
673 359 805 418 1111
1992 355 2346 414 EUTHYMII
2385 355 2718 412 ZIGABENI
3896 368 4006 426 mg

744 490 899 544 Vere.
950 492 994 543 1.
1037 488 1111 544 Et
1156 489 1308 543 Deus
1353 489 1476 544 erat
1534 485 1798 543 Verbum.
1834 488 1978 543 Cum
2013 483 2181 542 Verbi
2212 499 2323 539 no-
2355 483 2391 538 Α

2358 483 2400 538 Α
2508 486 2608 536 Καὶ
2667 486 2796 546 Θεὸς
2844 481 2950 542 ἦνό
2983 487 3179 555 Λόγος.
3232 487 3573 559 Χρησεὶμενος
3599 495 3669 556 τῷ
3707 488 3907 561 ὀνόματι
3936 505 4005 548 τοῦ

671 579 833 634 mine
860 594 1008 632 usus
1036 576 1242 633 fuisset
1278 576 1355 632 ad
1386 577 1725 632 docendum
1769 576 1825 630 in
1861 591 2123 646 superna
2153 588 2318 641 gene«

2436 578 2600 643 Λόγου
2659 577 2788 644 πρός
2859 570 3212 626 διδασκαλίαν
3286 583 3376 626 τοῦ
3445 574 3674 649 ἀχρόνον
3759 587 3846 633 καὶ
3892 581 4002 635 ἀπα-

671 668 899 723 ratione
922 667 1511 739 intemporalitatem,
1532 665 1976 736 affectuumque
2000 664 2318 718 carentium

2439 664 2559 722 ϐοῦς
2629 670 2724 722 τῆς
2790 664 3080 736 ὑπερφυοῦς
3135 669 3440 734 γεννήσεως,
3518 665 3694 718 λοιπόν
3775 671 4003 741 θεραπτόει

671 763 839 812 curat
876 756 1156 826 deinceps
1191 772 1260 810 ac
1290 756 1437 811 tollit
1475 757 1760 810 damnum
1790 754 1949 826 quod
1980 754 2054 808 ad
2087 755 2192 808 hoc
2225 767 2318 806 no-

2437 756 2528 809 τὴν
2561 754 2889 823 ὑφέρπουσαν
2914 761 2983 821 τῷ
3035 751 3248 824 ὀνόματι
3298 751 3518 824 βλάϐην,
3577 757 3658 807 ἱνα
3696 763 3768 828 μὴ
3803 757 4001 831 βλασφη-

673 862 810 901 men
841 845 1147 917 subrepit:
1190 851 1334 915 puta
1381 861 1453 899 ne
1486 845 1619 915 quis
1659 844 2053 915 blasphemet,
2115 849 2320 913 putans

2437 845 2581 911 μήσῃ
2625 859 2722 904 τις,
2778 839 3031 912 [οἰόμενος
3066 840 3141 909 (7)
3193 843 3272 892 ὅτι
3329 841 3472 914 λόγος
3503 842 3644 896 ἐστὶν
3683 846 3702 916 ]
3737 846 3834 907 οἶος
3862 850 3884 899 ό
3909 851 3998 920 ἠμέ-

673 934 786 990 tale
817 934 1067 990 verbum
1097 949 1225 989 esse
1245 933 1421 1005 quale
1443 939 1712 989 nostrum
1739 938 1844 992 est.
1877 934 2000 987 sive
2028 933 2320 986 internum

2437 948 2599 1000 τερος,
2632 925 2919 989 ἐνδιάθετος
2951 930 2979 987 ἢ
3014 937 3326 1002 προφορικός
3363 932 3454 983 ὀὗ
3485 936 3585 1006 γάρ
3627 933 3745 986 ἐστι
3789 945 3995 1000 τοιοῦτος,

673 1026 795 1080 sive
816 1024 868 1079 id
911 1023 1072 1096 quod
1101 1022 1460 1094 proferimus
1487 1040 1499 1087 ;
1534 1038 1720 1093 neque
1753 1021 1910 1076 enim
1938 1020 2052 1075 tale
2083 1026 2188 1084 est,
2224 1019 2320 1075 sed

2437 1016 2542 1068 ἀλλ’
2571 1017 2929 1085 ἐνυποστατος,
2974 1026 3067 1080 τῆς
3126 1020 3285 1082 αὐτῆς
3339 1030 3411 1090 τῷ
3472 1028 3634 1097 Πατρὶ
3696 1027 3886 1094 φύσεως
3932 1035 3996 1078 zai

671 1112 1076 1176 substantiale,
1134 1111 1388 1182 ejusdem
1419 1127 1552 1167 cum
1618 1112 1785 1167 Patre
1847 1116 2074 1165 naturie
2101 1125 2172 1165 ac
2245 1108 2328 1164 di-
2438 1105 2601 1170 ἀξίας.

671 1203 931 1275 gnitatis.

743 1294 904 1348 Vers.
949 1295 1002 1346 2.
1037 1292 1158 1348 Hoc
1185 1322 1250 1332 —
1285 1293 1481 1348 Deum.
1514 1293 1660 1346 Cum
1714 1290 1953 1344 dixisset
1985 1288 2148 1361 quod
2174 1303 2326 1344 sem-

2509 1285 2671 1345 Οὗτος
2705 1317 2762 1326 --
2797 1292 2944 1339 Θεὸν.
2979 1289 3146 1340 Εἰπὼν
3175 1289 3252 1340 ὅτι
3285 1287 3362 1341 ἀεὶ
3404 1287 3484 1356 ἦν,
3517 1296 3606 1342 καὶ
3632 1293 3720 1343 ὃτι
3746 1291 3993 1367 ἀχώριστος

670 1398 773 1454 per
804 1386 947 1445 erat,
980 1381 1263 1454 quodque
1303 1398 1338 1436 a
1378 1381 1546 1438 Patre
1607 1379 2017 1450 inseparabile,
2071 1383 2122 1432 et
2163 1377 2317 1450 quod

2437 1381 2529 1425 τοῦ
2590 1378 2793 1446 Πατρός
2841 1373 2924 1445 ἦν,
2978 1382 3066 1428 καὶ
3125 1380 3201 1429 ὅτι
3266 1381 3392 1439 Θεὸς
3425 1376 3505 1440 ἦν,
3564 1382 3991 1454 ἁνεκεφαλαιώσατο

675 1475 827 1527 Deus
867 1477 990 1526 erat
1025 1488 1036 1525 :
1081 1470 1244 1525 brevi
1289 1470 1669 1540 mirandoque
1713 1469 1914 1532 modo,
1964 1466 2322 1537 theologiam

2441 1469 2709 1535 συντόμως
2738 1466 2868 1536 ὁμοῦ
2895 1469 2980 1516 καὶ
3012 1467 3334 1537 θαυμασίως,
3372 1469 3431 1526 ἣν
3461 1469 3658 1531 έξέθετο
3711 1477 3818 1545 περὶ
3853 1477 3989 1525 τούτου

671 1575 855 1633 quam
879 1560 952 1615 de
986 1560 1099 1616 hoc
1134 1559 1425 1630 exposuit,
1456 1559 1516 1614 in
1557 1574 1859 1614 summam
1892 1556 2107 1626 redigit
2151 1572 2318 1612 :com-

2441 1552 2701 1625 θεολογίαν
2728 1559 2740 1621 (
2752 1555 2830 1625 8),
2873 1555 3090 1625 σύνοψιν
3143 1560 3266 1627 ἡμῖν
3331 1557 3595 1628 θεολογίας
3647 1566 3770 1632 περὶ
3797 1570 3874 1614 τοῦ
3901 1567 3987 1615 Υιού

668 1649 958 1722 pendium
1010 1649 1228 1704 divina:
1280 1648 1354 1704 de
1408 1664 1477 1704 eo
1535 1647 1891 1717 cognitionis
1939 1647 2112 1703 nobi
2175 1662 2315 1718 prae-

1215 1666 1228 1704 )
1280 1648 1354 1704 dc
1408 1664 1477 1704 eo
1535 1647 1891 1717 cognitionis
1939 1647 2112 1703 nobi
2175 1662 2330 1718 ρεαδ-
2438 1648 2862 1716 παρασχόμενος.

671 1741 839 1796 bene.

743 1828 1084 1883 Dicentibus
1137 1831 1356 1882 autem.
1398 1825 1564 1898 quod
1615 1825 1810 1881 omnis
1853 1825 2008 1880 ﬁlius
2037 1830 2201 1896 patre
2226 1841 2330 1896 po-
2365 1851 2390 1903 Η

2318 1856 2330 1865 -
2365 1851 2399 1903 Β
2513 1827 2648 1894 Πρός
2681 1819 2739 1875 δε
2769 1827 2882 1883 τοὺς
2912 1823 3150 1894 λέγοντας
3188 1827 3266 1876 ὅτι
3295 1832 3402 1887 Πᾶς
3433 1829 3546 1887 υἱός
3576 1829 3792 1902 ὕστερος
3818 1829 3965 1881 ἔπιτον

675 1919 882 1973 sterior
933 1923 1038 1982 est,
1102 1916 1598 1989 respondebimus
1634 1938 1645 1968 ε
1689 1915 1834 1969 Cum
1878 1915 2089 1980 dicitis,
2125 1915 2322 1970 Omnis

2326 1950 2329 1966 .
2440 1915 2654 1983 πατρὸς,
2691 1911 2902 1984 έροὺμεν
2933 1916 3012 1965 ὅτι
3041 1921 3142 1974 Πᾶς
3168 1917 3279 1975 υἱός
3309 1915 3553 1977 εἰπόντες,
3593 1917 3829 1971 λελύκατε
3850 1927 3890 1970 τό
3914 1920 3973 1978 ζη-

673 2007 852 2071 ﬁlius,
881 2008 1007 2077 jam
1037 2006 1094 2061 id
1129 2007 1293 2078 quod
1321 2005 1607 2078 quaeritur
1633 2004 2008 2060 dissolvistis.
2032 2004 2320 2076 Siquidem

2440 2004 2702 2073 τούμενον.
2730 2002 2787 2054 Ὀ
2813 2007 2910 2075 γὰρ
2945 2006 3062 2064 Υἱός
3089 2013 3179 2055 τον
3219 2013 3351 2057 Θεοῦ
3384 2005 3473 2056 οὐκ
3521 2009 3634 2057 ἔστι
3666 2027 3877 2069 τοιοντος
3913 2005 3981 2065 οἰός

676 2097 780 2153 Dei
802 2096 1000 2160 Filius,
1023 2111 1144 2150 non
1172 2102 1260 2150 est
1284 2094 1429 2157 talis,
1464 2094 1657 2166 qualis
1680 2098 1771 2149 est
1795 2095 1992 2149 omnis
2019 2094 2193 2160 filius,
2227 2095 2323 2150 sed

1706 2098 1771 2149 ist
1795 2095 1992 2149 omnis
2019 2094 2193 2160 filius,
2227 2095 2329 2150 sed
2441 2097 2540 2150 πᾶς
2571 2094 2699 2157 υἱὸς,
2734 2091 2841 2142 ἀλλ’
2881 2096 3033 2153 ὅντως
3067 2095 3353 2165 ὑπερφυής.

675 2201 813 2241 vere
836 2183 1330 2257 supernaturalis.

747 2275 1034 2329 Prmterea
1082 2273 1448 2329 contentiose
1488 2272 1888 2328 asserentibus
1933 2289 2069 2327 eum
2109 2272 2214 2344 qui
2253 2273 2331 2328 ab

2512 2268 2627 2322 Ἐτι
2667 2265 2726 2322 δε
2775 2274 2899 2344 πρός
2937 2274 3054 2330 τοὺς
3105 2271 3537 2343 φιλονεικοῦντας,
3586 2277 3661 2328 ὅτι
3712 2281 3775 2328 Τό
3802 2280 3851 2328 εκ
3884 2295 3988 2335 τινος

678 2362 876 2435 aliquo
908 2368 1020 2426 est,
1054 2378 1294 2418 necesse
1311 2362 1561 2418 omnino
1599 2376 1732 2417 esse
1763 2367 1824 2416 ut
1847 2364 1919 2416 sit
1944 2362 2232 2433 posterior
2262 2378 2325 2417 eo

2443 2357 2639 2429 ἀνάγκη
2673 2361 2876 2421 παντως
2931 2357 3058 2411 εἶναι
3096 2360 3309 2434 ὕστερον
3362 2371 3453 2414 τοῦ
3507 2363 3558 2427 ἐξ
3598 2366 3656 2417 οὗ
3691 2364 3834 2426 ἐστιν,
3892 2364 3990 2415 ἀπο-

676 2470 711 2509 a
741 2468 863 2525 quo
893 2457 1000 2516 est,
1031 2451 1514 2523 respondendum
1537 2457 1643 2514 est,
1671 2451 1835 2522 quod
1867 2453 1975 2506 etsi
1998 2451 2110 2507 hoc
2134 2452 2323 2507 dicant

2441 2447 2681 2518 λογητέον
2714 2451 2794 2500 ὅτι
2834 2454 2932 2502 Καὶ
2993 2453 3096 2520 μὴν
3163 2455 3219 2502 τό
3284 2449 3608 2526 ἀπαύγασμα
3649 2463 3728 2506 τοῦ
3776 2453 3993 2516 £1»ng

677 2542 820 2598 solis
853 2548 1052 2597 tamen
1078 2541 1282 2596 radius
1322 2557 1458 2595 cum
1482 2540 1560 2595 ab
1599 2541 1731 2610 ipso
1755 2541 1848 2605 sit,
1877 2557 1998 2595 non
2023 2546 2107 2595 est
2129 2557 2199 2597 eo
2229 2555 2324 2612 p0-

2445 2536 2600 2588 αὑτοῡ
2623 2536 2702 2607 (9)
2730 2537 2803 2596 ὃν,
2840 2538 2934 2589 οὐκ
2963 2541 3105 2590 ἔστιν
3155 2540 3368 2612 ὕστερον
3421 2543 3575 2595 αὑτοῦ
3621 2563 3631 2574 ·
3657 2539 3875 2594 οὐδέποτε
3899 2545 3986 2614 γάο

678 2632 924 2686 sterior:
963 2647 1276 2702 nunquam
1313 2630 1474 2684 enim
1515 2629 1604 2684 sol
1646 2630 1770 2684 sine
1819 2629 1988 2684 radio
2033 2631 2325 2701 apparuit.

2448 2625 2587 2685 ὴλιος
2610 2629 2762 2696 ἓγάνη
2819 2633 2984 2697 χωρὶς
3033 2627 3465 2701 ἀπαυγάσματος.
3507 2632 3563 2684 Εἰ
3598 2627 3645 2682 δ’
3676 2630 3750 2680 ἐπὶ
3802 2638 3890 2680 τῶν
3920 2630 3985 2679 αἰ-

681 2719 853 2785 Quod
885 2720 932 2774 si
973 2721 1030 2773 in
1057 2719 1369 2774 sensilibus
1398 2719 1477 2773 ita
1499 2723 1609 2785 est,
1641 2718 1931 2790 quidnam
1960 2719 2154 2773 dicere
2182 2720 2328 2790 quis-

2449 2716 2654 2770 σθητών
2678 2734 2850 2778 τουτο,
2885 2722 2934 2767 τί
2965 2718 3025 2767 οἷν
3043 2736 3118 2776 τις
3141 2721 3275 2768 εἴποι
3302 2726 3416 2791 περὶ
3439 2729 3526 2770 τὼν
3555 2721 3670 2792 ὑπὲρ
3700 2721 3814 2788 (10)
3837 2718 3993 2787 ἰ.όγον;

681 2809 842 2880 piam
873 2809 1088 2879 poterit
1119 2808 1192 2862 de
1216 2809 1306 2862 bis
1332 2824 1465 2878 quas
1494 2808 1724 2877 majora
1749 2816 1904 2872 sunt,
1936 2825 2113 2879 quam
2136 2815 2195 2863 ut
2221 2809 2328 2864 dici

2449 2804 2588 2856 Ἐπεὶ
2635 2801 2693 2856 δε
2725 2809 2846 2857 Θεὸν
2882 2805 3032 2856 αὐτόν
3067 2805 3344 2880 ἀνεκήρυξε
3379 2810 3507 2876 (11),
3538 2805 3749 2859 δίδωσιν
3780 2807 3907 2876 αὖτῴ
3929 2811 3991 2856 καὶ

681 2898 912 2968 possint
950 2896 977 2950 τ
1017 2896 1097 2951 Ex
1129 2912 1251 2968 quo
1274 2901 1473 2951 autem
1510 2899 1691 2951 Deum
1723 2896 1919 2968 ipsum
1980 2913 2107 2952 esse
2141 2899 2328 2968 praedi-

2332 2927 2340 2937 '
2446 2897 2502 2944 τὸ
2532 2899 2808 2965 γνώρισμα
2856 2903 2950 2956 τῆς
2977 2897 3237 2960 θεότητος,
3278 2897 3409 2966 λέγω
3442 2894 3507 2955 δὴ
3550 2902 3606 2949 τό
3634 2893 3979 2969 δημιουργικόν·

681 2985 853 3048 cavit.
887 2985 990 3041 dat
1020 2986 1198 3040 etiam
1248 2985 1299 3039 ei
1343 2984 1662 3040 divinitatis
1715 2985 2145 3054 insignezdico
2199 3003 2328 3043 sane

2330 3004 2341 3042 ι
2452 2988 2570 3035 Θεοὶ
2603 2987 2724 3053 γὰρ,
2760 2990 2937 3055 φησὶν,
2973 2985 3021 3035 οἱ
3053 2989 3136 3036 τόν
3168 2986 3383 3056 οὐρανόν
3413 2993 3499 3039 καὶ
3533 2993 3624 3044 τὴν
3641 2994 3735 3057 γῆν
3755 2986 3844 3038 οὐχ
3865 2985 3977 3037 ἐποιή-

682 3073 923 3130 creandi
948 3073 1272 3146 potentiam
1305 3091 1318 3128 :
1351 3073 1641 3141 Diiem'm,
1674 3073 1886 3146 inquit,
1915 3076 2018 3146 qui
2048 3077 2255 3132 calum
2286 3089 2329 3132 et

2455 3091 2570 3137 σαν,
2632 3072 3002 3126 ἀπολέσοωσαν
3045 3089 3058 3104 ⁸
3107 3076 3187 3125 ἱνα
3244 3079 3314 3146 μὴ
3376 3078 3646 3147 νομισθείη
3707 3084 3795 3128 τοῦ
3846 3078 3989 3145 Ιιατρῄς

685 3170 908 3219 terram
931 3179 1049 3218 non
1072 3165 1350 3232 fecerunt
1368 3169 1612 3233 pereant
1641 3165 1681 3218 ⁴.
1721 3164 1785 3219 Id
1812 3171 2033 3230 autem,
2065 3181 2138 3220 ne
2178 3172 2332 3238 pute-

1044 3165 1350 3232 efecerunt
1368 3169 1612 3233 pereant
1641 3165 1681 3218 ⁴.
1721 3164 1785 3219 Id
1812 3171 2033 3230 autem,
2065 3181 2138 3220 ne
2178 3172 2343 3238 pute-
2389 3228 2423 3238 Α
2455 3160 2691 3216 ἐλάττων.

683 3257 778 3308 tur
806 3251 977 3308 Patre
1021 3251 1222 3308 minor
1272 3267 1417 3308 esse.
2180 3228 2196 3238 ’
2385 3228 2426 3281 C

756 3344 915 3399 Vers.
938 3347 995 3398 3.
1073 3342 1280 3397 Omnia
1309 3374 1376 3381 -—
1416 3342 1650 3412 factum
1677 3348 1780 3398 est.
1826 3345 1970 3398 Cum
2010 3346 2216 3400 omnia
2246 3362 2349 3416 per

2347 3367 2349 3374 ν
2529 3343 2701 3393 Πάντα
2756 3373 2821 3380 -
2878 3348 3099 3412 γέγονεν.
3166 3343 3400 3415 Εὶρηκὼς
3433 3345 3513 3395 ὃτι
3543 3346 3722 3396 Πάντα
3771 3340 3836 3396 δι’
3886 3342 3994 3393 αὐτοϋ

687 3432 887 3504 ipsum
918 3431 1073 3487 facta
1103 3431 1349 3487 dixisset
1392 3449 1402 3487 :
1439 3447 1509 3486 ne
1541 3438 1841 3502 putaretur
1873 3432 1926 3486 id
1958 3432 2031 3487 de
2060 3433 2334 3488 sensibili-

2344 3465 2347 3472 .
2455 3428 2669 3499 ὶγένετο,
2710 3432 2792 3481 ἱνα
2821 3433 2889 3501 μὴ
2925 3428 3052 3503 δόξῃ
3082 3437 3197 3505 περὶ
3253 3437 3418 3503 μόνων
3445 3432 3608 3503 λέγειν
3643 3445 3744 3485 τὼν
3774 3433 3991 3488 αἰσθητῶν.

687 3521 796 3576 bus
827 3525 1054 3576 tantum
1088 3520 1329 3585 dixisse,
1365 3520 1664 3575 subdidit:
1697 3522 1774 3576 Et
1813 3524 1941 3577 sine
1966 3524 2090 3590 ipso
2118 3523 2334 3590 factum

2456 3517 2712 3589 ἐπήγαγεν
2743 3522 2822 3571 ὁτι
2866 3525 2963 3572 Και
2993 3526 3162 3594 χωρὶς
3216 3519 3377 3573 αὑτοῦ
3427 3521 3625 3592 ἐγένετο
3681 3519 3803 3576 οὐδε
3828 3523 3889 3585 ἓν,
3916 3522 4000 3587 ὃῖέ·

687 3617 764 3666 est
787 3609 937 3665 nihil
967 3610 1126 3680 quod
1154 3614 1381 3681 factum
1399 3615 1502 3672 est.
1531 3609 1642 3664 hoc
1665 3616 1770 3674 est,
1814 3611 1956 3665 nihil
1983 3627 2188 3666 eorum
2215 3628 2334 3682 qua‘:

2454 3627 2588 3677 γονε,
2621 3612 2888 3660 τουτέστιν
2956 3606 3106 3661 οὐδέν
3155 3619 3251 3661 τῶν
3307 3615 3611 3682 γενομένων,
3663 3611 3758 3663 κᾶν
3810 3611 4002 3665 αἰσθητόν

689 3699 843 3754 facta
883 3704 1040 3767 sunt,
1062 3700 1182 3753 sive
1227 3697 1503 3753 sensibile
1536 3698 1626 3762 sit,
1661 3699 1780 3755 sive
1821 3699 2204 3769 intelligibile.
2242 3702 2336 3755 Ex-

2457 3701 2556 3758 εἰη,
2590 3696 2684 3748 κᾶν
2710 3704 2910 3755 νοητόν.
2942 3698 3288 3772 ’Υπεξῄρηται
3338 3697 3396 3752 δε
3443 3704 3500 3752 τό
3531 3707 3745 3774 Πνεῦμα
3795 3705 3848 3752 τό
3875 3700 4001 3770 ἅγιον.

691 3787 949 3842 cluditur
986 3793 1186 3842 autem
1227 3786 1477 3857 Spiritus
1526 3793 1810 3843 sanctus:
1855 3805 2048 3860 neque
2072 3791 2232 3843 enim
2268 3789 2338 3844 fa-

2456 3792 2620 3837 Τοὺτο
2649 3788 2750 3857 γάρ
2802 3786 2860 3838 οὐ
2912 3791 3116 3858 γέγονεν
3147 3789 3227 3838 ἱνα
3282 3793 3371 3840 καὶ
3426 3785 4008 3861 συμπαρα).ηφθεέη,ἀλλ’

693 3882 822 3932 ctus
854 3880 964 3941 est,
1011 3882 1071 3930 ut
1121 3876 1269 3931 inter
1304 3875 1420 3931 alia
1459 3877 2024 3947 comprehendatur,
2068 3879 2170 3932 sed
2206 3878 2340 3933 infe-

2459 3874 2704 3946 ἀγένητόν
2756 3876 2873 3945 (12)
2939 3875 3098 3940 ἐστιν,
3142 3879 3308 3928 εἶτουν
3348 3879 3617 3947 οἴκτιστον,
3683 3883 3851 3950 ὥσπερ
3909 3873 4011 3926 καὶὸ

691 3970 822 4021 ctus
862 3970 964 4020 aut
1010 3965 1329 4028 increatus,
1385 3967 1538 4021 sicut
1578 3971 1636 4020 et
1683 3966 1857 4020 Filius
1882 3973 1938 4020 et
1979 3967 2165 4024 l’ater.
2212 3968 2338 4023 Sola

2460 3968 2579 4024 Υἱός
2605 3969 2690 4015 καὶ
2726 3966 2751 4015 ό
2783 3971 2978 4038 Πατήρ.
3018 3968 3155 4023 Μόνη
3196 3969 3296 4039 γὰρ
3330 3969 3358 4023 ὴ
3387 3968 3498 4018 θεία
3524 3971 3685 4039 Τριάς
3730 3969 3839 4036 (13)
3871 3967 4012 4035 ἀγένη-

697 4070 959 4127 namque
984 4054 1188 4110 divina
1203 4056 1454 4110 Trinitas
1488 4056 1704 4111 infecta
1719 4057 1842 4110 sive
1858 4055 2119 4113 increata
2135 4064 2238 4113 est.

1418 4075 1454 4109 .s
1488 4055 2119 4113 infectasiveincreata
2135 4064 2238 4113 est.
2460 4074 2562 4114 τος.
2603 4058 2764 4124 ἤγουν
2796 4056 3065 4114 οἴκτιστος.

766 4147 911 4200 Cum
925 4148 1121 4200 autem
1143 4145 1861 4200 demonstraveritFilium
1879 4153 2202 4202 creatorem
2227 4164 2352 4202 om-

2535 4140 2826 4206 Δποδεὲξας
2887 4141 2945 4195 δι
3008 4148 3092 4194 τόν
3147 4147 3264 4195 Υἱόν
3319 4141 3645 4217 δημιονργόν
3703 4149 3876 4206 πάσης
3937 4147 4019 4214 ὁρα-

695 4233 788 4292 nis
820 4233 1059 4289 visibilis
1089 4238 1262 4304 atque
1293 4233 1607 4288 invisibilis
1636 4241 1941 4298 creaturm,
1971 4251 2084 4290 non
2112 4236 2342 4291 exclusit

2463 4242 2611 4292 τιχῆς
2643 4233 2755 4303 (1-4)
2806 4238 2893 4283 καὶ
2925 4233 3147 4304 ἀοράτου
3184 4238 3424 4295 κτίσεως,
3477 4234 3570 4285 οὐκ
3603 4234 3810 4297 ἐξέϐαλε
3848 4240 3924 4286 τόν
3949 4239 4018 4284 Πει-

697 4324 925 4380 Patrem
958 4338 993 4378 a
1015 4322 1259 4377 creandi
1293 4321 1606 4393 dignitate,
1639 4322 1744 4378 sed
1783 4323 1985 4378 docuit
2017 4329 2244 4379 tantum
2274 4326 2344 4380 Fi.

2462 4325 2585 4395 τέρα
2607 4331 2696 4373 τοῦ
2721 4319 3106 4394 δημιουργιχου
3149 4321 3457 4394 ἀξιώματος,
3487 4321 3618 4374 ἀλλά
3643 4330 3800 4395 μόνον
3833 4319 4022 4381 έδὶδαξῡ

694 4411 841 4467 lium
873 4428 1002 4468 esse
1023 4415 1347 4467 creatorem
1379 4411 1528 4466 sicut
1552 4416 1609 4468 et
1651 4413 1884 4468 Patrem
1915 4432 1927 4480 ;
1973 4414 2030 4468 id
2070 4415 2229 4469 enim
2264 4413 2341 4470 tri

2464 4413 2542 4462 ὅτι
2566 4416 2654 4462 καὶ
2686 4413 2710 4462 ὁ
2745 4414 2862 4473 Υἱός
2891 4408 3208 4483 δημιουργός
3235 4409 3396 4475 ἔστιν,
3421 4412 3596 4484 ὥσπερ
3626 4415 3653 4464 ό
3685 4414 4021 4484 Πατὴρποιτόν

696 4501 814 4557 bus
843 4515 1164 4557 commune
1195 4504 1302 4566 est,
1337 4516 1470 4556 cum
1522 4501 1594 4555 sit
1651 4501 1983 4557 Divinitatis
2015 4502 2269 4571 insigne,
2299 4517 2343 4558 u:

2463 4504 2564 4572 γάρ
2597 4509 2747 4553 τοῦτο
2787 4510 2885 4552 τῶν
2917 4509 3089 4572 τριῶν,
3125 4499 3233 4553 ἐπεὶ
3255 4506 3408 4553 τοῦτο
3434 4505 3718 4573 γνώρισμά
3753 4501 3862 4554 ἐστι
3893 4503 4024 4553 θεοτε-

699 4590 1045 4663 ρτωᾶίοιυω
1068 4595 1177 4654 est,

2389 4575 2434 4630 D
2465 4609 2570 4656 τος,
2598 4593 2668 4651 ὡς
2688 4595 3011 4662 προείρηται.

771 4679 910 4735 Ideo
948 4695 1191 4752 quoque
1231 4679 1289 4733 in
1317 4679 1521 4735 divina
1560 4680 1855 4752 Scriptura
1887 4680 2128 4736 creandi
2152 4686 2353 4754 poten-

2533 4683 2620 4732 Διό
2673 4686 2761 4732 καὶ
2818 4683 2958 4752 ποιρά
3019 4687 3080 4750 τῇ
3130 4681 3241 4750 θέίᾳ
3290 4685 3463 4751 Γραφῇ
3523 4684 3650 4732 ποτε
3713 4685 3805 4752 μεν
3863 4684 3916 4731 τό
3962 4673 4025 4730 δη·

700 4769 782 4824 tia
811 4769 1172 4840 quandoque
1196 4769 1270 4824 de
1301 4769 1468 4825 Patre
1500 4768 1734 4838 dicitur,
1767 4771 2134 4842 quandoque
2173 4771 2245 4827 de
2267 4771 2347 4826 Fi-

2456 4773 2762 4842 μιουργίκόν
2793 4768 2875 4820 ἐπὶ
2937 4767 3053 4840 [τοῦ
3104 4772 3298 4837 Πατρός
3366 4769 3478 4838 (15)
3547 4768 3788 4840 λέγεται,
3842 4773 3949 4820 ποτε
3988 4761 4024 4815 δε

699 4857 802 4923 lio,
829 4856 1129 4914 interdum
1167 4873 1309 4913 vero
1339 4857 1413 4914 de
1449 4858 1670 4930 Spiritu
1700 4864 1926 4925 sancto,
1951 4865 2232 4932 tanquam
2263 4861 2346 4915 vi-

2453 4865 2537 4926 επὶ
2588 4867 2678 4910 τοῦ
2732 4861 2874 4922 Υὶοῡ,
2923 4861 3045 4909 ποτε
3095 4854 3154 4909 δὲ
3207 4856 3331 4928 iui]
3365 4865 3455 4909 τοῦ
3505 4858 3662 4929 ἀγίου
3733 4862 4023 4930 Πνεὺματος·

701 4945 914 5002 delicet
959 4945 1122 5002 Patre
1160 4945 1414 5011 volente,
1465 4946 1608 5002 Filio
1648 4952 1847 5005 autem
1887 4955 2192 5021 operante,
2235 4949 2348 5021 Spir

2465 4949 2550 5001 οἷα
2578 4956 2666 4999 τοῦ
2696 4951 2785 5019 μὲν
2850 4950 3054 5019 Πατρός
3115 4942 3466 5010 εὐδοκοῦντος,
3512 4954 3604 4998 τοῦ
3663 4943 3728 5000 δε
3775 4951 3894 5000 Tion
3939 4947 4027 5010 ἐνερ-

774 5124 797 5158 ⁴
823 5124 1038 5180 Jerem.
1080 5139 1140 5191 x,
1171 5125 1260 5178 11.

1817 5251 2041 5318 Variae
2097 5252 2423 5319 lectiones
2471 5261 2538 5319 et
2598 5262 2796 5319 notae.

779 5446 854 5519 (7)
897 5443 1308 5526 Locoborum
1338 5452 1597 5526 quatuor
1638 5447 2066 5526 vocabulorum
2099 5450 2359 5526 spatium
2546 5450 2657 5526 (10)
2685 5452 2782 5526 Τὸν
2806 5447 2972 5526 addit
3000 5454 3057 5504 Β.

706 5518 956 5594 vaenum
987 5518 1180 5594 estid
1201 5518 1457 5594 θοάς-Α.
1492 5521 1637 5574 Ante
1670 5521 1702 5594 ὁγ
1750 5524 1990 5593 ἡμέτερος
2024 5518 2244 5582 autem,
2286 5520 2353 5575 lc-

1382 5520 1457 5594 _A.
1492 5521 1637 5574 Ante
1670 5521 1702 5594 ὁγ
1750 5524 1990 5593 ἡμέτερος
2024 5518 2244 5582 autum,
2286 5520 2363 5575 lc-
2544 5518 2658 5594 (lt)
2691 5521 2938 5594 ξΕκὴρυξε
2971 5528 3029 5574 Α.

707 5592 864 5663 gitur
902 5588 1020 5663 οἷοςῖ
1043 5589 1107 5644 Et
1127 5590 1496 5662 οἵοςᾳυὶίίοω
1516 5593 1734 5663 recepi.
1785 5588 1794 5592 ⁷
1906 5588 1913 5593 ’

1439 5593 1734 5663 mrecepi.
1785 5588 1794 5592 ⁷
1906 5588 1913 5593 ’
2547 5588 2664 5663 (1'2)
2689 5588 2992 5663 Ἀγέννητον
3027 5597 3082 5643 Α.

782 5661 858 5732 (8)
909 5659 1179 5732 Θεολογία,
1235 5659 1372 5718 cum
1409 5663 1603 5735 spatio
1651 5659 1840 5720 vacuo
1869 5664 2126 5720 duarum
2151 5664 2363 5720 littera-

1444 5663 1603 5735 patio
1651 5659 1840 5720 vacuo
1869 5664 2126 5720 duarum
2151 5664 2363 5720 littera-
2547 5659 2662 5732 ('13)
2697 5659 3004 5735 'A'yz'wm;
3029 5669 3086 5716 Α.

707 5747 863 5788 rum.
894 5737 958 5787 A.
1446 5734 1458 5735 ί

2549 5735 2662 5803 (II)
2691 5734 3120 5803 Corrigendum
3149 5735 3308 5802 ὁρατῆ
3323 5753 3367 5794 ς.

739 5843 744 5846 -
784 5804 860 5877 (9)
891 5803 1006 5872 Ἦν,
1033 5820 1142 5877 pro
1169 5810 1220 5857 ἄν
1252 5806 1322 5860 Α.

2546 5803 2662 5878 (15)
2705 5807 2947 5864 Inclusa
2976 5805 3192 5863 omittit
3221 5807 3286 5860 A.
