4170 6438
274 364 407 420 1113

265 497 496 562 γοῦντος,
528 495 620 540 τοῦ
653 483 712 539 δὲ
759 485 908 557 ἁγίου
941 488 1238 557 Πνεύματος
1287 490 1672 558 συνεργοῦντος.
1726 484 1861 537 Φησὶ
1892 477 1935 530 Α

265 583 365 651 γὰρ
392 584 478 632 καὶ
509 577 555 629 ἐν
585 586 656 647 τῷ
688 573 892 647 ἐϐδομῳ
923 575 1182 646 κεφαλαίῳ
1213 575 1291 640 ὅτ,
1321 572 1378 625 Ὀ
1414 576 1594 645 Πατήρ
1635 590 1735 644 μου
1769 571 1861 629 ἕως

266 671 387 741 οἷρτι
417 666 708 740 ἐργάζεται3
739 664 885 736 κάγὼ
917 663 1225 739 ἐργάζομαι.

334 760 476 818 Τινὲς
509 753 566 809 δὲ
612 755 922 830 λῆροιμϐ),
976 758 1033 806 τὸ
1092 754 1164 805 Δι’
1216 752 1396 814 αὑτοῦ,
1453 753 1583 823 πρὸς
1639 747 1860 800 ilic-:6)-

269 867 349 899 σιν
414 853 505 898 τού
585 850 705 898 Υίοῦ
779 849 1101 909 νενοὴκασιν,
1183 841 1242 894 ού
1308 838 1679 914 δημιουργίας,
1756 835 1861 887 ἀλλ’

267 938 555 1010 ὑπουργίας
623 938 736 1004 (l7)
809 931 1117 1005 ἐμφαντικὸν
1179 938 1332 982 τούτο
1397 935 1647 1000 φήσαντες
1710 924 1856 978 εἶναι.

266 1023 376 1075 Ούκ
425 1019 646 1096 ᾔδεισαν
674 1019 733 1075 δε
780 1023 862 1074 ὅτι
915 1026 1003 1074 καὶ
1044 1020 1127 1072 ἐπὶ
1178 1027 1269 1071 τού
1325 1021 1524 1090 ΙΙατρός
1562 1013 1860 1088 ἀδιαφόρως

263 1120 415 1165 τοῦτο
471 1114 729 1165 τάττεται.
785 1116 921 1170 Φησὶ
965 1113 1063 1185 γὰρ
1119 1110 1145 1160 6
1190 1107 1504 1168 Ἀπὸστολος
1535 1124 1546 1136 ’
1601 1109 1798 1165 Πιστὸς
1835 1105 1860 1155 ὁ

265 1205 404 1266 Θεὸς,
438 1197 510 1254 δι’
558 1201 618 1254 οὗ
657 1199 907 1259 ἐκλήθητε
958 1199 1030 1262 εἰς
1061 1203 1328 1251 κοινωνίαν
1358 1205 1449 1249 τοῦ
1502 1197 1626 1248 Υἱού
1681 1193 1857 1247 αὐτοῦ.

260 1290 370 1345 Ἰνα
397 1288 456 1344 δε
479 1287 668 1363 μηδεὶς
697 1289 988 1362 ἀπιστήσῃ,
1020 1296 1131 1350 πῶς
1164 1295 1398 1341 τοσαῦτα
1422 1291 1510 1338 καὶ
1536 1291 1756 1337 τοιαῦτα
1787 1279 1860 1335 δι’

265 1380 423 1433 αὐτοῦ
451 1379 666 1452 ἐγένετο,
696 1383 853 1452 φησίν
875 1397 888 1409 ⁸

339 1471 418 1522 Ἐν
465 1470 606 1540 αύτῴ
651 1469 757 1529 ζωὴ
814 1465 895 1527 ἧν.
926 1468 1000 1521 Δι’
1056 1469 1117 1530 ἧς
1180 1466 1238 1519 ού
1297 1470 1448 1538 μόνον
1507 1463 1640 1516 αύτὰ
1693 1467 1861 1533 παρή-

261 1579 438 1631 γαγεν,
489 1559 616 1611 ἀλλά
670 1563 758 1610 καὶ
818 1564 1066 1632 συντηριῖ
1121 1556 1192 1618 εἰς
1242 1559 1301 1608 τὸ
1361 1551 1638 1627 διαμένειν.
1697 1550 1858 1624 Ὀπερ

261 1653 360 1719 γὰρ
394 1653 509 1718 περὶ
533 1656 626 1700 τού
685 1650 890 1722 Πατρός
942 1650 1165 1722 εἴρηται,
1222 1653 1374 1698 τούτο
1428 1649 1516 1696 καὶ
1575 1647 1690 1716 περὶ
1745 1644 1861 1692 τού-

260 1755 350 1787 του
397 1738 705 1812 ῥηθήσεται,
767 1739 841 1789 ὅτι
893 1737 974 1789 Ἐν
1024 1735 1165 1807 αύτῲ
1226 1739 1390 1806 ζῶμεν
1439 1738 1526 1784 καὶ
1581 1731 1863 1803 κινούμεθα

259 1830 347 1878 καὶ
382 1825 555 1898 ἐσμένο
604 1824 764 1879 Ὀταν
798 1822 857 1878 δε
910 1824 1143 1898 ἀκούσης
1174 1827 1252 1876 ὅτι
1308 1822 1356 1875 ἐν
1405 1822 1545 1892 αύτῷ
1607 1821 1714 1882 ζωὴ
1777 1817 1857 1886 ἧν,
1897 1839 1940 1892 Β

258 1918 329 1986 μὴ
383 1917 623 1967 σύνθετον
701 1915 857 1967 αὐτὸν
910 1909 1196 1985 ὑπολάϐῃς,
1253 1911 1381 1964 ἐι).λά
1432 1915 1606 1982 πηγὴν
1680 1911 1856 1971 ζωῆς·

259 2003 451 2054 αὐτίκα
495 2007 597 2078 γὰρ
647 2010 736 2055 καὶ
796 2003 908 2055 ὅλον
953 2003 1110 2054 αὑτὸν
1174 2006 1306 2064 ζωὴν
1356 2000 1620 2072 ὀνομάζει,
1664 1999 1856 2070 λέγων·

262 2097 362 2144 Καὶ
401 2095 431 2150 ἡ
483 2093 590 2152 ζωὴ
652 2089 711 2150 ἧν
765 2097 822 2144 τὸ
874 2101 974 2164 φῶς
1027 2101 1126 2143 τῶν
1181 2090 1478 2164 ἀνθρώπων.
1545 2094 1644 2142 Καὶ
1702 2087 1860 2139 ἀλλα-

259 2188 366 2252 χοῦ
389 2177 448 2232 δέ
491 2199 622 2252 φησι
653 2190 874 2256 φανερῶς
923 2180 1081 2242 αύτός
1130 2181 1154 2231 6
1210 2183 1436 2253 Χριστός
1462 2195 1472 2207 ·
1532 2178 1662 2249 Ἐγώ
1694 2177 1798 2249 εἰμι
1828 2179 1858 2236 ἡ

263 2270 394 2330 ζωή.

335 2360 402 2414 Οἱ
453 2361 888 2431 πνευματομάχοι
949 2359 1062 2429 (18)
1119 2354 1178 2410 δε
1225 2360 1355 2430 μετὰ
1411 2360 1489 2420 τὸ,
1539 2360 1638 2408 Καὶ
1692 2361 1861 2430 χωρὶς

264 2447 422 2498 αὐτοῦ
481 2446 674 2518 ἐγένετο
727 2445 850 2500 ούδὲ
915 2448 984 2512 ἓν,
1030 2448 1276 2508 στίζουσι
1324 2445 1553 2498 τελείανο
1625 2443 1731 2497 εἶτα
1803 2449 1860 2498 τὸ

263 2536 376 2598 ἑξῆς
433 2537 596 2599 οὕτως
666 2535 1152 2608 ἁναγινῶσκουσιν’
1207 2535 1272 2587 Ὀ
1323 2539 1526 2606 γέγονεν
1601 2532 1648 2585 ἓν
1717 2534 1859 2604 αύτῷ

263 2627 370 2686 ζωὴ
423 2623 482 2684 ἦν
527 2643 538 2655 ⁸
596 2627 678 2677 ἵνα
724 2630 936 2696 γενητὸν
991 2627 1107 2698 (19)
1163 2623 1378 2687 ὁείξωσι
1425 2627 1483 2674 τὸ
1541 2629 1746 2696 Πνεῦμα
1801 2628 1858 2676 τὸ

260 2714 442 2786 οἷγιονο
505 2721 620 2790 περὶ
678 2718 863 2768 τούτου
927 2735 1024 2788 γάρ
1091 2735 1220 2787 φασι
1289 2714 1451 2784 λέγειν
1507 2718 1565 2762 τὸ
1628 2721 1860 2765 τοιοῦτον

259 2805 434 2878 ῥητὸν.

336 2982 668 3053 Ἐλέγχονται
724 2978 782 3034 δὲ
859 2987 1080 3053 ταχέως,
1141 2991 1338 3056 πρῶτον
1397 2988 1486 3056 μὲν
1563 2986 1639 3037 ὅτι
1692 2989 1748 3037 τὸ
1793 2984 1861 3036 Ὀ
1900 2986 1940 3040 C

262 3075 484 3141 γέγονεν,
532 3070 796 3130 ἀπολύτως
870 3076 1116 3142 κείμενον,
1184 3079 1284 3123 πᾶν
1355 3072 1380 3123 6
1435 3077 1612 3144 γέγονε
1671 3070 1859 3130 δηλοί’

267 3161 442 3210 ἔπειτα
495 3155 553 3211 δὲ
611 3161 691 3210 ὅτι
746 3161 776 3217 ἡ
836 3159 942 3219 ζωὴ
1016 3159 1145 3216 αὕτη
1225 3165 1314 3212 καὶ
1381 3170 1485 3232 φῶς
1537 3163 1861 3235 εὑρίσκει-αι’

266 3246 446 3319 ἐπάγει
475 3250 573 3319 γὰρ
624 3250 705 3299 ὃτι
760 3253 859 3300 Καὶ
917 3249 946 3305 ἡ
1013 3249 1120 3308 ζωὴ
1176 3245 1235 3306 ἧν
1266 3253 1324 3300 τὸ
1358 3258 1461 3320 φῶς
1518 3259 1616 3301 τῶν
1673 3251 1868 3323 ἀνθρώ-

265 3353 405 3387 πων·
463 3333 576 3387 εἶτα
639 3338 771 3408 μετὰ
823 3340 1029 3408 μικρὸν,
1085 3342 1332 3410 περὶτοῦ
1384 3339 1623 3390 Ἰωάννου
1684 3337 1863 3409 λέγων,

266 3429 463 3496 φησίνο
511 3425 679 3484 Οὗτος
729 3421 878 3482 ἦλθεν
918 3425 988 3484 εἰς
1045 3430 1358 3499 μαρτυρίαν,
1417 3431 1500 3478 ἱνα
1551 3433 1864 3502 μαρτυρήσῃ

264 3517 381 3585 περὶ
413 3519 504 3564 τού
540 3517 724 3584 φωτός.
760 3512 918 3571 Δῆλον
951 3509 1009 3565 δὲ
1043 3516 1122 3566 ὅτι
1168 3515 1192 3566 6
1245 3515 1482 3578 Ἰωάννης
1531 3515 1588 3567 ού
1616 3522 1732 3589 περὶ
1776 3525 1868 3568 τοῦ

266 3601 419 3672 ἁγίου
455 3604 772 3674 Πνεύματος,
816 3601 943 3654 ἀλλὰ
981 3607 1097 3677 περὶ
1146 3611 1236 3655 τοῦ
1281 3605 1403 3656 Υἱού
1451 3609 1866 3680 μεμαρτύρηκεν,

265 3693 332 3752 ὡς
360 3698 624 3764 προῐοντες
651 3691 769 3762 εύρή
782 3710 955 3763 σομιν.

339 3786 439 3832 Καὶ
484 3811 543 3819 --
607 3777 906 3854 ἀνθρώπων.
960 3785 1056 3833 Καὶ
1113 3781 1271 3844 αὐτὸς
1304 3783 1329 3833 ὃ
1379 3784 1496 3846 Υἱὸς
1550 3781 1610 3842 ἦν
1659 3789 1714 3836 τὸ
1767 3793 1866 3856 φῶς

265 3876 366 3920 τῶν
421 3867 719 3940 ἀνθρώπων,
795 3873 864 3931 ὡς
923 3871 1159 3942 φωτίζων
1215 3874 1298 3923 τὸν
1361 3881 1477 3923 νοῦν
1527 3873 1714 3936 αύτῶν,
1777 3880 1866 3927 καὶ

264 3954 476 4029 ὁδηγῶν
508 3957 610 4009 ἀπὸ
663 3967 751 4018 τῆς
805 3960 996 4020 π)άνης
1045 3960 1114 4021 εἰς
1177 3966 1268 4018 την
1315 3959 1578 4019 ἀληθειαν.
1632 3961 1750 4014 Ὀτι
1807 3959 1866 4016 δὲ

263 4045 418 4097 αὑτὸν
450 4049 536 4097 τὸν
586 4049 702 4098 ria»
751 4048 988 4119 ὠνόμκσε
1046 4053 1134 4100 καὶ
1166 4059 1288 4121 φῶς,
1350 4050 1506 4111 αὐτὸς
1551 4053 1577 4104 6
1610 4055 1724 4112 Υἱὸς
1776 4051 1866 4103 ἁ).-

260 4135 432 4206 λαχού
476 4153 667 4208 φησιν’
727 4137 856 4207 Ἐγώ
887 4137 992 4208 εἰμι
1046 4142 1104 4188 τὸ
1150 4147 1254 4210 φῶς
1300 4147 1391 4191 τοῦ
1435 4145 1659 4212 κόσμου·
1704 4140 1865 4194 Ὠστε
1898 4109 1941 4163 D

262 4226 288 4276 6
343 4224 494 4284 αύτὸς
541 4223 745 4296 )έγεται
799 4230 888 4277 καὶ
948 4227 1054 4287 ζωὴ
1108 4233 1196 4278 καὶ
1251 4236 1356 4299 φῶς
1391 4247 1402 4258 ο
1465 4229 1572 4289 ζωὴ
1631 4233 1740 4300 μεν,
1797 4233 1863 4292 ὡς

269 4316 532 4384 ζωογονῶν
563 4320 652 4366 καὶ
685 4319 919 4387 συνέχων
949 4319 1015 4367 τὰ
1039 4317 1228 4380 πάντα,
1263 4325 1368 4388 φῶς
1395 4314 1471 4384 δε,
1499 4319 1567 4379 ὡς
1599 4321 1861 4390 κκταλάμ·

265 4421 372 4452 πων
411 4408 500 4454 καὶ
527 4400 822 4476 φαίδρύνων
848 4409 905 4456 τὸ
933 4406 1240 4477 ἡγεμονικὸν
1285 4414 1384 4458 τῶν
1439 4405 1720 4479 ἀνθρώπων
1767 4417 1864 4458 τῶν

269 4487 563 4562 δεχομένων
603 4493 776 4547 αὐτόν.

336 4583 479 4640 Τινὲς
510 4576 568 4632 δὲ
597 4587 685 4634 καὶ
709 4585 824 4652 (201
865 4586 1000 4646 ζωὴν
1049 4588 1139 4636 καὶ
1178 4592 1278 4657 φῶς
1328 4581 1466 4636 εἷπον
1518 4588 1576 4637 τὸ
1614 4589 1865 4660 κήρυγμα

840 4767 860 4798 ⁸
893 4769 910 4816 l
945 4761 1076 4818 Cor.
1100 4769 1138 4827 l,
1171 4765 1224 4818 9.

336 4763 358 4796 ⁸
382 4763 545 4817 Joan.
586 4779 637 4828 ν,
677 4765 758 4817 17.
840 4767 860 4798 ⁸
893 4769 910 4816 l
945 4763 1076 4818 Cor.
1100 4769 1138 4827 Ι,
1171 4765 1224 4818 9.
1305 4766 1326 4798 τ
1354 4769 1474 4821 Act.
1511 4782 1654 4832 xvu,
1685 4767 1774 4820 28.

1315 356 1688 414 COMMENT.
1731 353 1801 410 IN
1841 351 2188 409 JOANNEM.
2233 384 2298 392 —
2338 351 2491 408 CAP.
2534 350 2573 406 ῐ.

1872 4766 1892 4800 ⁸
1922 4768 2092 4823 Joan.
2130 4782 2243 4829 11v,
2287 4770 2336 4819 6.

3485 345 3626 401 HM

1972 478 2082 533 ritu
2117 483 2328 533 sancto
2359 493 2497 533 vero
2528 478 2905 547 cooperante.
2938 471 3084 528 Dicit
3109 469 3406 544 siquidem
3438 473 3630 542 capite

1971 567 2144 622 etiam
2179 567 2453 639 septimo,
2490 567 2667 621 Pater
2700 579 2856 620 meus
2878 563 2958 618 ad
2991 563 3101 618 hoc
3138 576 3322 633 usque
3352 562 3629 628 temporis

1969 664 2274 726 aperatur,
2305 664 2357 713 et
2402 673 2494 728 ego
2539 671 2745 725 operor
2775 655 2816 705 ⁵.

2041 749 2288 814 Quidam
2320 763 2459 802 vero
2489 745 2901 816 deliripartem
2930 738 3632 807 illam.Peripsu1im,Fi-

1967 837 2488 893 liiminorationem
2514 834 2944 898 intellexerunt,
2965 831 3225 886 dicentes
3248 829 3304 883 id
3331 845 3448 884 non
3475 843 3634 884 crea~

1971 929 2171 994 tionis,
2215 926 2317 982 sed
2377 922 2944 980 subministrationis
2984 936 3111 976 esse
3142 918 3628 989 signiﬁcativum.

1971 1021 2086 1074 Nec
2124 1016 2399 1072 viderunt
2420 1014 2581 1088 quod
2608 1013 2664 1069 id
2706 1014 2779 1068 de
2807 1015 2973 1068 Patre
3007 1025 3246 1084 quoque
3285 1012 3626 1080 usurpatur.

1971 1107 2060 1162 Ait
2085 1107 2244 1163 enim
2273 1102 2590 1178 Apostolus
2625 1121 2636 1158 :
2672 1102 2892 1159 Fidelis
2935 1101 3088 1157 Deus
3136 1113 3412 1170 perquem
3437 1097 3628 1154 vocati

1971 1196 2102 1253 estis
2132 1197 2195 1252 in
2226 1197 2553 1252 societatem
2583 1192 2726 1249 Filii
2745 1193 2918 1262 ejus“.
2952 1191 3030 1246 Ne
3051 1189 3186 1262 quis
3219 1193 3417 1244 autem
3451 1187 3635 1242 incre-

1970 1286 2147 1341 dulus
2197 1285 2286 1351 sit,
2340 1285 2654 1353 ambigens
2715 1280 3024 1354 quomodo
3055 1279 3181 1334 hmo
3215 1275 3503 1332 etsimilia
3535 1291 3634 1347 per

1967 1375 2172 1448 ipsum
2219 1373 2373 1430 facta
2403 1374 2537 1440 sint,
2557 1373 2699 1428 dicit
2725 1391 2739 1429 :

2041 1465 2205 1521 Vers.
2237 1465 2295 1521 4.
2338 1465 2401 1519 1η
2433 1465 2557 1533 ipso
2590 1463 2706 1520 vita
2764 1467 2912 1518 erat.
2957 1460 3086 1525 Qua
3125 1472 3244 1512 non
3286 1455 3479 1511 solum
3521 1454 3635 1510 hae-

1971 1553 2272 1626 produxit,
2320 1569 2523 1608 verum
2565 1551 2744 1607 etiam
2789 1554 3118 1611 conservat,
3165 1545 3312 1602 utin
3344 1561 3474 1600 esse
3505 1559 3634 1616 per-

1972 1647 2275 1699 maneant.
2313 1643 2461 1697 Nam
2503 1641 2668 1714 quod
2699 1640 2773 1696 de
2794 1640 2960 1695 Patre
2997 1637 3225 1692 dictum
3259 1639 3363 1698 est,
3398 1633 3468 1689 de
3499 1634 3632 1705 ipso

1971 1748 2206 1806 quoque
2233 1731 2346 1787 dici
2378 1737 2568 1804 potest
2609 1747 2622 1786 :
2685 1730 2751 1785 In
2800 1730 2921 1798 ipso
2954 1727 3221 1788 vivimus,
3251 1738 3550 1779 movemur
3577 1729 3631 1778 et

1971 1837 2164 1876 sumus
2215 1822 2258 1875 ⁷.
2303 1821 2442 1875 Cum
2492 1824 2689 1875 autem
2739 1817 2996 1874 audieris
3024 1814 3186 1886 quod
3219 1814 3277 1868 in
3332 1812 3466 1883 ipso
3512 1811 3634 1868 vita

1974 1914 2120 1977 erat,
2144 1926 2216 1966 ne
2242 1911 2642 1982 compositum
2676 1925 2812 1963 eum
2847 1905 3204 1979 suspicerisi,
3234 1901 3336 1958 sed
3365 1901 3492 1957 vitae
3506 1899 3633 1956 fon-

1973 2008 2090 2057 tem
2126 2017 2138 2067 ;
2176 2016 2318 2055 nam
2351 2001 2618 2071 protinus
2640 2000 2819 2054 etiam
2855 2003 3039 2053 totum
3083 1994 3280 2067 ipsum
3315 1992 3494 2046 vitam
3531 2007 3633 2045 uo-

1974 2091 2184 2153 minat,
2215 2089 2454 2144 dicens:
2507 2089 2586 2144 Et
2638 2095 2762 2144 vita
2819 2093 2944 2143 erat
2986 2087 3096 2142 lux
3151 2082 3452 2138 hominum.
3485 2079 3628 2135 Alibi

1973 2195 2211 2252 quoque
2238 2177 2382 2234 dicit
2413 2178 2534 2249 ipse
2563 2178 2846 2242 Christus,
2885 2179 3012 2248 Ego
3035 2191 3163 2231 sum
3184 2175 3302 2229 vita
3344 2171 3384 2234 ⁸,

2043 2359 2148 2424 Qui
2199 2362 2398 2414 autem
2457 2355 2696 2429 Spiritui
2765 2361 2972 2411 sancto
3035 2356 3331 2417 resistunt,
3386 2355 3630 2427 ejusque

1971 2453 2245 2504 naturam
2285 2447 2650 2511 diminuunt,
2704 2450 2834 2518 post
2891 2445 2952 2500 id
3016 2445 3180 2517 quod
3229 2445 3465 2510 dicitur,
3507 2444 3632 2500 Sine

1971 2539 2096 2607 ipso
2115 2538 2334 2606 factum
2350 2539 2430 2591 est
2445 2535 2617 2600 nihil,
2639 2535 3078 2590 distinctionem
3099 2537 3367 2590 statuunt
3385 2549 3398 2599 ;
3414 2533 3630 2590 deinde

1970 2626 2134 2698 quod
2163 2625 2430 2698 sequitur
2474 2623 2644 2678 simul
2695 2623 2892 2693 legunt
2935 2641 2948 2679 :
2985 2623 3150 2691 Quod
3186 2623 3415 2693 factum
3435 2630 3536 2686 est,
3566 2623 3630 2678 in

1968 2718 2092 2786 ipso
2137 2716 2258 2772 vita
2308 2721 2448 2780 erat,
2489 2721 2550 2770 ut
2573 2714 2856 2786 Spiritum
2905 2719 3184 2770 sanctum
3218 2713 3438 2769 factum
3503 2729 3630 2768 esse

1967 2805 2379 2862 demonstrent
2409 2820 2422 2871 ;
2449 2819 2590 2860 nam
2612 2803 2685 2859 de
2710 2819 2842 2875 ipso
2857 2803 3023 2876 loqui
3048 2803 3254 2859 dicunt
3280 2798 3630 2873 hujusmodi

1967 2895 2238 2951 verbum.

2044 2984 2239 3040 Facile
2295 2989 2497 3039 autem
2545 2981 2919 3040 refelluntur.
3007 2983 3270 3039 Primum
3328 2987 3472 3060 quia
3493 3005 3632 3060 pars

1976 3074 2096 3142 illa,
2159 3073 2320 3139 Quod
2351 3074 2584 3142 factum
2631 3078 2730 3136 est,
2760 3071 3119 3142 indisjuncte
3171 3075 3386 3144 posita,
3452 3093 3631 3133 omne

1977 3162 2141 3235 quod
2201 3161 2419 3218 factum
2451 3166 2538 3216 est
2577 3161 2816 3216 indicat.
2865 3160 3083 3216 Deinde
3125 3163 3266 3234 quia
3309 3165 3487 3220 etiam
3515 3167 3633 3223 vita

1977 3251 2194 3306 dicitur
2212 3267 2340 3306 esse
2362 3251 2464 3306 lux
2499 3269 2511 3316 ;
2547 3250 2747 3305 subdit
2788 3250 2948 3304 enim
2997 3252 3161 3322 quod
3216 3253 3338 3308 vita
3369 3262 3496 3310 erat
3531 3255 3634 3312 lux

1980 3340 2274 3396 hominum
2323 3352 2345 3410 ,'
2393 3343 2529 3410 post
2585 3338 2898 3410 paululum
2951 3344 3143 3395 autem
3197 3342 3270 3395 de
3294 3341 3521 3397 Joanne
3551 3343 3635 3399 lo-

1977 3444 2171 3502 quens
2199 3428 2304 3484 ait:
2331 3428 2442 3483 Hic
2462 3428 2618 3484 venit
2637 3428 2702 3482 in
2727 3428 3142 3498 testimonium,
3158 3436 3221 3485 ut
3236 3431 3634 3488 testimonium

1977 3517 2314 3586 perhiberet
2353 3518 2424 3575 de
2479 3519 2619 3573 luce.
2677 3515 3049 3574 Manifsetum
3114 3525 3201 3574 est
3242 3525 3442 3575 autem
3474 3520 3635 3592 quod

1975 3611 2232 3665 Joannes
2264 3624 2383 3664 non
2417 3607 2485 3663 de
2537 3607 2753 3679 Spiritu
2813 3611 3042 3676 sancto,
3086 3609 3189 3664 sed
3234 3609 3307 3665 de
3335 3609 3478 3666 Filio
3511 3610 3641 3667 tulit

1979 3697 2409 3762 testimonium,
2441 3695 2595 3752 sicut
2639 3697 2698 3752 in
2731 3698 3530 3769 sequentibusinveniemus.

2051 3787 2208 3842 Vers.
2255 3790 2308 3843 4.
2340 3787 2412 3841 Et
2453 3817 2520 3828 -
2557 3786 2877 3843 hominum.
2914 3786 3103 3843 Etiam
3126 3789 3251 3859 ipse
3287 3789 3462 3844 Filius
3502 3793 3628 3847 erat

1974 3876 2074 3933 lux
2103 3875 2439 3938 hominum,
2471 3881 2670 3946 utpote
2697 3882 2952 3932 mentem
2978 3877 3635 3949 ipsorumilluminans,

1974 3971 2030 4022 et
2058 3968 2135 4021 ab
2169 3966 2681 4022 errorededucens
2719 3967 2790 4021 ad
2849 3966 3174 4023 veritatem.
3203 3968 3373 4033 Quod
3437 3973 3633 4025 autem

1974 4056 2171 4126 ipsum
2206 4054 2418 4109 Filium
2450 4054 2642 4111 lucem
2677 4056 3028 4122 nominavit,
3050 4057 3172 4127 ipse
3201 4073 3441 4129 quoque
3457 4057 3636 4112 Filius

1975 4144 2114 4200 alibi
2146 4143 2288 4200 dicit
2321 4161 2333 4199 :
2378 4145 2506 4200 Euo
2544 4161 2673 4200 sum
2718 4146 2826 4200 tua:
2863 4145 3073 4212 mgndi
3101 4146 3142 4199 θ.
3178 4145 3400 4200 Dicitur
3438 4147 3638 4217 itaque

1975 4236 2031 4286 et
2068 4231 2166 4285 lux
2196 4237 2251 4286 et
2282 4231 2435 4286 vita:
2468 4232 2586 4287 vita
2617 4232 2862 4303 quidem
2900 4237 3190 4303 tanquam
3221 4232 3526 4287 viviticans
3567 4249 3636 4288 ac

1975 4320 2287 4376 continens
2321 4321 2600 4374 universa
2645 4335 2658 4386 ;
2687 4319 2788 4374 lux
2821 4335 2977 4384 vero,
3011 4319 3179 4391 quasi
3215 4319 3558 4374 illuminans
3581 4324 3639 4375 et

1975 4409 2314 4464 exbilarans
2352 4413 2611 4464 mentem
2630 4408 3082 4479 hominum,qui
3109 4407 3306 4480 ipsum
3330 4409 3634 4480 recipiunt.

2049 4585 2307 4650 Quidam
2364 4589 2562 4638 autem
2609 4583 2793 4637 vitam
2828 4599 2896 4637 ac
2939 4583 3651 4656 lucemdicuntEvange-,

2417 4767 2438 4798 ⁹
2463 4765 2608 4819 Joau
2701 4781 2813 4835 vui,
2846 4768 2926 4818 1'2.

1477 4943 1698 5010 Variae
1740 4943 2065 5012 lectiones
2100 4955 2164 5011 et
2196 4951 2394 5011 notae.

335 5135 445 5214 (t6)
491 5143 678 5211 Λῆροι,
721 5137 796 5214 de
840 5137 1187 5214 hominibus
1219 5141 1556 5211 nugacibus
1576 5141 1746 5214 ipsis.
1779 5142 1864 5199 Ita

264 5205 446 5284 Plato}
478 5224 536 5284 p.
569 5205 639 5284 '25
650 5214 692 5263 1.
731 5211 894 5284 Diog.
939 5212 1127 5276 Laert,
1161 5227 1219 5284 p.
1253 5205 1338 5268 99'.

334 5224 446 5262 aio.
569 5224 692 5264 251.
731 5224 894 5279 Diog.
939 5224 1127 5276 Laert,
1161 5227 1219 5284 p.
1253 5224 1338 5268 99.

334 5278 446 5362 (FQ
524 5280 734 5362 reyiter
762 5282 836 5362 de
863 5281 990 5362 bac.
1009 5297 1078 5362 re_
1100 5285 1302 5362 monui
1321 5284 1390 5362 in
1417 5299 1546 5340 mea
1575 5287 1638 5341 N.
1667 5287 1863 5362 j‘esta-

266 5353 445 5424 menti
466 5353 726 5408 editione
755 5353 831 5408 ad
864 5353 1122 5409 Corinth.
1158 5372 1210 5424 p.
1245 5359 1367 5420 213,
1411 5364 1552 5412 nota
1588 5362 1632 5410 1.
1667 5356 1863 5411 Distri-

261 5418 527 5496 buebant
554 5430 753 5496 autem
785 5424 862 5480 illi
918 5418 1362 5496 praepositiones
1402 5428 1502 5482 ita.
1557 5428 1666 5494 Ἐκ,
1703 5427 1860 5485 Ι)ᾶωί

264 5487 377 5567 διά,
409 5494 548 5567 Filio
579 5513 589 5553 :
616 5493 684 5567 iv,
712 5487 947 5567 Spiritu'i
977 5487 1183 5554 sancto
1214 5498 1572 5554 tribuebant.

334 5564 448 5647 (.18.)
477 5567 608 5647 suo.
626 5564 769 5638 iure
785 5569 872 5647 ita_
889 5566 1278 5647 distinxerunt
1307 5570 1860 5647 Pneu‘matomachi.

261 5635 490 5717 Dtenim
514 5635 824 5717 Origenes,
859 5639 1276 5717 bereticorum
1314 5641 1587 5717 omnium
1619 5657 1854 5717 parens,

257 5709 342 5762 ita
372 5723 494 5764 non
538 5709 735 5766 solum
767 5710 1135 5776 distinxerat,
1171 5711 1276 5768 sed
1328 5713 1408 5769 ita
1455 5709 1709 5769 adeo'in
1739 5713 1858 5769 suis

262 5787 562 5850 repererat
591 5780 910 5838 codicibus.
933 5780 1078 5838 Vide
1099 5781 1364 5840 hominis
1395 5785 1599 5842 vesani
1639 5800 1854 5857 nugas,

1977 5142 2027 5197 si
2097 5141 2303 5212 placet,
2378 5145 2523 5196 tom.
2595 5139 2682 5212 IV,
2769 5157 2806 5211 p
2861 5139 3168 5212 207D,A26
3237 5141 3296 5205 E,
3346 5143 3413 5196 36
3445 5140 3508 5205 B,
3565 5143 3634 5198 64

1975 5210 2220 5300 “8,-69‘A,
2272 5219 2338 5296 7]
2491 5218 2546 5268 et
2592 5210 3633 5300 79?.A,"E,ubicodicesistosﬁapgel:

1970 5285 2074 5417 lcet,
2107 5291 2262 5409 81;;er
2301 5284 2513 5340 iisdem
2545 5283 2784 5349 scilicet,
2829 5299 2984 5339 vers.
3019 5285 3052 5339 4
3083 5283 3291 5338 laudat
3321 5301 3334 5336 :
3366 5281 3451 5338 Ἐν
3472 5281 3632 5355 ἀὐτῷ

2008 5375 2098 5417 ωη.
2270 5391 2285 5410 .

2008 5360 2098 5418 ωὴ,
2122 5361 2285 5410 ΕΣΤῙ.

2041 5427 2158 5498 (19)
2185 5426 2460 5498 Quilibet,
2482 5431 2540 5481 ut
2570 5426 2840 5498 arbitror,
2865 5425 3116 5481 istorum
3145 5429 3411 5482 veterum
3433 5425 3631 5484 Pneu-

1972 5496 2494 5555 mato'machorum
2535 5497 2843 5552 stultitiam
2861 5499 3106 5556 miratur
3139 5513 3277 5555 :nos
3304 5502 3506 5553 autem
3539 5513 3616 5553 re-

1969 5569 2293 5625 centiorum
2312 5569 3130 5640 Hyopneumatomachorum
3148 5569 3420 5640 insanias
3437 5568 3512 5624 ad
3523 5569 3629 5624 mi-

1966 5657 2173 5697 ramur
2203 5645 2258 5712 et
2287 5639 2525 5704 chartis,
2561 5647 2622 5696 ut
2654 5645 2888 5712 vocant,
2913 5639 3625 5712 mcumenicis(allgemei-

1965 5714 2104 5782 nen)
2129 5711 2446 5781 vulgamus
2472 5718 2528 5767 et
2563 5711 2906 5770 laudamus.

2035 5787 2151 5857 (20)
2179 5789 2269 5836 Σαὶ
2299 5783 2469 5840 abest
2492 5783 2558 5838 A.
