4170 6434
566 296 706 357 1115

1942 298 2286 358 EUTHYMII
2324 298 2656 362 ZIGABENI

3808 308 3934 364 1116

561 424 741 483 licam
784 428 1293 501 prtedicationem,
1334 445 1519 504 quam
1571 429 1921 486 hominibus
1967 427 2230 495 adduxit,

2341 438 2433 482 τοῦ
2457 433 2787 506 Εὖαγγελίου,
2822 435 2847 488 ὃ
2877 435 3104 508 ἐπήγαγε
3142 443 3250 496 τοίς
3299 432 3604 509 ἀνθρωποις,
3660 435 3728 494 ὡς
3776 436 3931 485 αἴτιον

563 518 767 586 utpote
794 533 1042 574 causam
1078 519 1215 575 vita:
1248 518 1569 592 spiritualis
1590 535 1661 574 ac
1682 518 2034 589 cognitionis
2062 516 2229 572 lucis.

634 600 795 655 Vers.
854 607 900 656 5.
936 605 1010 657 Et
1036 604 1142 659 tua:
1190 605 1824 673 —comprehenderunt.
1863 606 2077 659 Lucem
2100 599 2233 674 qui-

562 687 702 745 dem
726 697 896 747 vocat
918 692 1427 765 praedicationem,
1450 700 1689 767 propter
1714 693 1934 749 dictam
1958 707 2230 777 causam,

563 782 622 833 et
675 785 918 851 pmpter
976 783 1282 838 veritatem
1339 802 1351 839 :
1411 784 1688 839 tenebras
1742 798 1880 839 vero
1943 796 2227 847 errorem,

563 872 803 940 propter
882 868 1216 927 falsitatem.
1277 873 1419 928 Dicit
1487 888 1630 943 ergo
1707 890 1720 928 :
1781 871 2117 928 Praedicatio
2170 870 2227 924 in

561 970 753 1012 errore
791 958 965 1025 lucet,
1016 967 1072 1016 et
1102 978 1263 1016 error
1292 979 1425 1018 eam
1459 979 1577 1018 non
1611 960 2084 1034 comprehendit.

631 1045 945 1118 Gregorius
976 1055 1176 1106 autem
1206 1051 1544 1123 Theologus
1581 1052 1806 1106 dictum
1843 1050 2086 1105 verbum
2118 1047 2227 1104 ali-

560 1136 646 1190 ter
671 1133 955 1210 intelligit,
986 1155 1264 1195 sermone
1291 1157 1470 1213 quem
1499 1140 1640 1197 facit
1666 1141 1723 1195 in
1742 1144 1948 1195 sancta
1973 1136 2223 1200 lumina.

560 1224 772 1280 Verum
806 1232 1000 1298 potest
1051 1233 1107 1285 et
1135 1228 1289 1286 hanc
1319 1234 1376 1285 et
1415 1228 1578 1285 illam
1634 1229 1889 1301 recipere
1943 1227 2226 1299 interpre-

564 1314 872 1373 tationem.

634 1404 781 1460 Cum
810 1421 948 1479 ergo
973 1408 1258 1465 hactenus
1288 1408 1654 1479 evangelista
1676 1408 1751 1463 de
1774 1408 1900 1464 Filii
1925 1406 2229 1462 divinitate

560 1497 905 1562 asseruerit,
936 1504 1371 1571 consequenter
1400 1499 1540 1556 hinc
1597 1497 1987 1569 Evangelium
2019 1510 2229 1566 aggre-

563 1582 737 1640 ditur.

646 1678 805 1733 Vers.
836 1676 890 1733 6.
944 1677 1083 1733 Fuit
1116 1709 1182 1718 ——
1217 1679 1484 1735 Joannes.
1514 1679 1700 1734 Lucas
1727 1683 1929 1733 autem
1956 1675 2183 1747 scripsit
2210 1692 2223 1729 :

564 1770 812 1827 Factum
844 1773 927 1823 est
970 1767 1207 1824 verbum
1250 1770 1359 1824 Dei
1383 1784 1561 1838 super
1580 1769 1872 1826 Joannem
1921 1765 2227 1823 Zachariie
2262 1789 2299 1840 η

562 1859 758 1928 ﬁlium
795 1857 855 1912 in
882 1856 1109 1914 deserto
1131 1858 1200 1910 ¹⁰.

634 1948 801 2003 Vers.
834 1951 892 2002 7.
936 1946 1048 2001 Hic
1080 1978 1145 1987 —
1176 1947 1322 2003 luce.
1355 1948 1475 2003 Lux
1500 1947 1845 2017 intelligitur
1868 1947 1981 2002 hoc
2004 1946 2063 2001 in
2096 1946 2227 2001 loco

564 2037 829 2094 Christus
878 2041 1121 2107 propter
1177 2052 1420 2092 causam
1468 2037 1633 2109 prius
1680 2038 1995 2092 redditam.
2032 2035 2228 2094 Perhi-

563 2126 691 2182 buit
743 2130 943 2181 autem
1002 2123 1264 2180 Joannes
1318 2125 1722 2181 testimonium
1790 2126 1865 2180 de
1916 2126 2228 2184 divinitate

563 2214 776 2287 ipsius,
810 2214 959 2268 sicut
991 2229 1049 2269 in
1099 2216 1486 2287 sequentibus
1543 2215 1789 2287 patebit.
1821 2217 1970 2272 Cum
2027 2223 2229 2274 autem

562 2303 827 2360 Christus
854 2301 1035 2375 hujus
1064 2304 1395 2358 testimonio
1427 2319 1546 2359 non
1580 2309 1795 2376 egeret,
1846 2304 2230 2377 subjungitur

565 2394 747 2451 etiam
773 2408 960 2448 causa
993 2392 1330 2448 testimonii.
1370 2393 1545 2448 Addit
1574 2394 1731 2449 enim
1758 2411 1772 2450 :

640 2483 804 2539 Vers.
864 2484 916 2537 Ἰ.
980 2483 1052 2539 Ut
1113 2514 1182 2523 —
1231 2482 1420 2538 illum.
1485 2485 2007 2549 Quemadmodum
2069 2486 2230 2542 enim

574 2587 753 2630 carne
810 2572 1075 2627 vestitus.
1132 2577 1244 2637 est,
1286 2587 1359 2626 ne
1400 2573 1562 2626 nuda
1616 2573 1919 2628 divinitate
1950 2575 2233 2647 apposita

575 2678 785 2718 omnes
827 2661 1098 2733 perderet
1128 2677 1141 2715 :
1192 2665 1272 2716 ita
1300 2677 1533 2733 quoque
1563 2662 1900 2718 testimonio
1948 2679 2094 2717 usus
2122 2669 2228 2727 est,

578 2757 643 2807 ut
678 2750 869 2805 διιόωὶ
916 2750 1152 2818 cognati
1211 2751 1453 2804 Joannis
1502 2766 1707 2805 vocem
1760 2752 2092 2817 audientes,
2128 2769 2233 2825 per

576 2856 712 2896 eam
742 2841 1050 2895 crederent
1110 2838 1335 2893 facilius
1380 2839 1435 2894 in
1491 2855 1628 2894 eum
1683 2840 1755 2896 de
1786 2857 1908 2912 quo
1965 2842 2230 2898 testiﬁca-

574 2928 773 2992 batnr,
814 2927 1023 2984 omnia
1054 2928 1344 2999 siquidem
1375 2928 1444 2984 ad
1488 2929 1801 2985 hominum
1834 2930 2081 2986 salutem
2113 2932 2232 2986 dis-

572 3016 793 3090 posuit.

641 3108 900 3163 Joannes
930 3105 1129 3178 itaque
1183 3104 1588 3162 testiinonium
1626 3106 1945 3179 perhibuit,
1990 3113 2049 3164 ut
2105 3126 2231 3165 om-
2266 3130 2307 3188 ο

569 3211 676 3252 nes
724 3193 1051 3261 crederent,
1096 3209 1216 3251 non
1266 3211 1477 3251 omnes
1536 3200 1735 3252 tamen
1791 3196 2223 3257 crediderunt:

568 3284 720 3341 ﬁdes
749 3283 906 3340 enim
942 3299 1061 3339 non
1092 3292 1178 3340 est
1207 3290 1431 3351 coacta,
1474 3284 1578 3341 sed
1620 3285 1973 3342 voluntaria.

642 3376 800 3433 Vers.
834 3375 885 3429 8.
918 3374 1049 3430 Non
1078 3406 1141 3415 —
1191 3376 1342 3431 luce.
1406 3375 1613 3430 Adhuc
1645 3376 1950 3431 missionis
1982 3393 2226 3433 causam

572 3462 855 3520 declarat.
894 3470 1094 3535 Neque
1133 3465 1290 3519 enim
1332 3466 1493 3520 venit
1535 3469 1598 3521 ut
1652 3465 1908 3521 luceret:
1956 3483 2073 3521 non
2107 3471 2231 3521 erat

573 3552 872 3625 siquidem
902 3551 1028 3624 ipse
1054 3552 1175 3618 lux,
1205 3553 1307 3608 sed
1343 3561 1403 3608 ut
1453 3556 1855 3610 testimonium
1897 3554 2229 3627 perhiberet

576 3642 650 3698 de
680 3640 830 3697 luce.
872 3640 1063 3696 Simul
1092 3658 1333 3715 quoque
1365 3658 1439 3698 ne
1488 3649 1715 3715 putaret
1746 3644 2045 3715 quispiam
2090 3659 2228 3699 eum

575 3730 679 3802 qui
710 3730 1119 3785 testimonium
1164 3730 1406 3791 ferebat.
1450 3732 1736 3802 majorem
1765 3749 1834 3787 ac
1858 3732 1971 3788 [ille
2000 3730 2232 3801 dignio-

576 3835 704 3875 rem
733 3835 805 3874 eo
835 3819 909 3873 de
948 3834 1071 3890 quo
1116 3817 1408 3875 ferebatur
1434 3820 1862 3889 testimonium,
1893 3827 1954 3876 ut
1980 3820 2233 3892 plerum-

573 3923 692 3981 que
723 3906 870 3962 solet
897 3906 1184 3963 accidere.
1214 3910 1426 3963 Verum
1457 3910 1598 3982 quia
1635 3926 1841 3966 recens
1893 3915 2019 3965 erat
2058 3910 2234 3965 Joan-

573 3997 665 4052 nis
685 3995 1112 4061 testimonium,
1144 4012 1218 4053 ne
1269 3997 1475 4054 similis
1531 3998 1805 4071 quaedam
1831 4000 2081 4055 oriretur
2110 4013 2235 4053 sus-

575 4083 733 4157 picio
763 4084 922 4140 etde
960 4100 1030 4140 eo
1078 4084 1152 4140 de
1191 4101 1305 4158 quo
1338 4085 1631 4142 ferebatur
1668 4086 2096 4151 testimonium,
2132 4085 2229 4141 ait:

644 4176 805 4230 Vers.
836 4174 890 4230 9.
924 4174 1076 4231 Erat
1124 4206 1192 4215 —
1240 4176 1551 4232 mundum.
1599 4178 1845 4249 Semper
1891 4182 2038 4245 erat,
2062 4175 2235 4247 juxta

572 4280 752 4338 supra
790 4264 1052 4336 positum
1105 4266 1555 4322 reconditioreni
1589 4267 1951 4323 intellectum
1997 4283 2010 4322 :
2044 4264 2235 4337 siqui-

574 4353 711 4410 dem
740 4358 1025 4427 tanquam
1060 4355 1215 4411 Deus
1264 4371 1500 4429 semper
1538 4362 1663 4413 erat
1698 4362 2026 4429 ;tanquam
2050 4354 2233 4411 homo

579 4458 719 4499 vero
748 4460 879 4499 esse
911 4443 1149 4516 incepit.

646 4533 861 4590 Verum
877 4534 922 4589 si
941 4550 1179 4590 omnem
1194 4534 1499 4592 hominem
1516 4536 1851 4593 venientem
1866 4537 1923 4593 iu
1940 4533 2123 4591 mund
2136 4548 2232 4588 um

572 4620 894 4696 illuminat,
913 4624 1225 4696 quomodo
1244 4629 1328 4681 tot
1353 4625 1537 4681 relicti
1565 4632 1705 4682 sunt
1736 4642 1856 4682 non
1884 4623 2238 4684 illuminati?

582 4715 729 4770 Sane
758 4716 923 4786 quod
950 4713 1025 4768 ad
1067 4712 1263 4783 ipsum
1296 4718 1520 4782 attinet,
1548 4730 1759 4771 omnes
1790 4715 2106 4772 illuminat:
2135 4718 2239 4790 qui

583 4810 780 4861 autem
814 4820 932 4860 non
964 4804 1281 4865 illiumnati
1339 4815 1602 4874 manent,
1630 4830 1667 4871 α
1708 4806 1949 4880 prOpria
1986 4807 2100 4864 hoc
2139 4825 2239 4883 pa-

581 4895 811 4952 tiuntur
841 4896 1170 4966 voluntate;
1204 4916 1345 4958 nam
1368 4901 1515 4958 lucis
1541 4902 1923 4968 beneﬁcium,
1956 4903 2119 4976 quod
2161 4901 2240 4959 ad

583 4983 770 5042 solem
795 4984 1021 5056 attinet,
1047 5004 1230 5062 super
1257 5005 1470 5047 omnes
1498 4990 1839 5064 simpliciter
1864 4990 2236 5049 diffunditur.

650 5254 700 5295 ,ο
731 5223 869 5281 Luc.
911 5238 992 5290 in,
1029 5225 1092 5281 2.

2339 528 2428 574 καὶ
2452 523 2591 587 ζωῆς
2623 534 2972 598 πνευματικῆς
3002 531 3090 578 καὶ
3122 528 3289 597 φωτὸς
3318 530 3575 595 γνώσεως.

2416 617 2510 664 Καὶ
2543 616 2600 664 τὸ
2644 624 2743 686 φῶς
2787 646 2852 654 -
2884 613 3148 668 κατέλαϐε.
3202 621 3307 674 Φῶς
3363 616 3453 684 μεν
3522 614 3745 664 ἐνταῦθα
3797 609 3932 662 καλεῖ

2339 704 2394 751 τὸ
2420 707 2669 775 κήρυγμα
2697 701 2788 755 διά
2842 724 2893 755 τε
2924 710 3016 762 την
3045 705 3296 778 ῥηθεῖσαν
3342 702 3534 763 αἰτίαν,
3576 706 3672 753 παὶ
3718 697 3812 753 διά
3845 705 3931 758 τὴν

2340 788 2580 847 ἀληθειαν
2606 811 2614 820 ⁸
2650 798 2860 845 σκοτίαν
2897 789 2955 845 δε
2986 800 3078 851 την
3104 792 3300 849 πλάνην
3335 789 3427 843 διὰ
3457 795 3514 842 τὸ
3540 787 3756 862 ψεῦδος.
3788 793 3931 859 Λέγει

2336 887 2458 949 γοῦν
2485 882 2563 932 ὅτι
2589 886 2657 933 Τὸ
2688 888 2939 955 κηρυγμα
2963 881 3009 934 έν
3046 890 3106 954 τῇ
3144 881 3304 954 πλάνη
3333 881 3544 953 λάμπει,
3572 884 3660 931 καὶ
3690 880 3721 936 ἡ
3772 877 3926 934 πλάνη

2337 968 2395 1019 οὗ
2424 974 2734 1041 περιεγένετο
2768 971 2926 1023 αὖτοὺ
2954 973 3090 1039 (2!).

2408 1056 2465 1109 ὐ
2519 1055 2577 1110 δε
2629 1059 2883 1131 θεολόγος
2940 1066 3224 1133 Γρηγοριος
3276 1059 3455 1132 ἑτέρως
3516 1062 3572 1109 τό
3619 1057 3782 1132 ῥητὸν
3838 1054 3928 1118 ἰξε-

2334 1145 2516 1199 λάϐετο
2574 1146 2621 1199 ἐν
2683 1158 2752 1218 τῷ
2807 1148 2875 1210 εἰς
2926 1151 2991 1200 τὰ
3060 1148 3186 1220 άγια
3242 1157 3385 1220 φῶτα
3430 1147 3583 1219 λόγῳ,
3651 1142 3927 1217 δυνάμενον

2334 1241 2425 1288 καὶ
2491 1240 2686 1294 ταύτην
2756 1236 2997 1295 xii/utimr
3056 1233 3400 1299 ἐπιδέξασθαι
3474 1238 3584 1307 ι22)
3655 1240 3757 1292 τὴν
3827 1233 3928 1296 έξή-

2334 1345 2402 1396 ’γη
2412 1344 2514 1377 σιν.

2410 1420 2583 1486 Μέχρι
2631 1412 2688 1467 δι
2728 1419 2910 1468 τουτου
2961 1412 3266 1487 διαλεχθεὶς
3317 1416 3343 1466 ὁ
3394 1412 3776 1486 εὖαγγελιστὴς
3823 1416 3923 1485 περὶ

2332 1512 2427 1564 τῆς
2471 1513 2562 1556 τοῦ
2592 1508 2715 1556 Υἰου
2758 1507 3013 1569 θεότητος,
3060 1504 3284 1557 imam»
3334 1502 3512 1556 λοιπὸν
3566 1504 3798 1575 ἄρχεται
3847 1508 3924 1553 τοῦ

2338 1593 2671 1664 Εὖαγγελίου.

2406 1683 2636 1752 Ἐγένετο
2708 1715 2760 1723 —-
2816 1683 3070 1743 Ἰωάννης.
3131 1682 3189 1735 Ὀ
3267 1678 3326 1735 δι
3388 1688 3592 1742 Λουκᾶς
3668 1679 3914 1755 ἔγραψεν·

2337 1771 2563 1842 Ἐγένετο
2605 1775 2751 1847 ῥῆμα
2782 1781 2914 1826 Θεοῦ
2965 1772 3050 1825 έπι
3099 1774 3341 1830 Ἰωάννην
3390 1775 3476 1824 τὸν
3526 1779 3618 1823 τοῦ
3663 1777 3909 1844 Ζαχαρίαν

2339 1864 2449 1913 υἱον
2471 1861 2518 1914 έν
2547 1871 2608 1935 τῇ
2645 1861 2839 1935 ἐρήμῳ.

2410 1951 2571 2011 Οὗτος
2638 1983 2701 1991 -
2765 1955 2950 2023 φωτός.
3025 1957 3136 2013 Φῶς
3199 1958 3286 2001 νῦν
3359 1952 3384 2001 ὁ
3466 1953 3699 2024 Χριστὸς
3750 1957 3912 2001 νοεῖται

2337 2043 2469 2092 κατὰ
2514 2046 2607 2098 την
2655 2037 3149 2115 προαποδεδομένην
3206 2039 3393 2093 αἰτίαν.
3462 2038 3821 2111 Ἰ-Σμαρτυρησε
3866 2034 3913 2089 δὲ

2338 2132 2362 2181 ὁ
2417 2129 2654 2191 Ἰωάννης
2710 2135 2826 2201 περὶ
2874 2139 2961 2189 τῆς
3012 2131 3253 2190 θεότητος
3315 2128 3498 2192 αὐτοῦ,
3555 2131 3622 2190 ως
3674 2132 3913 2202 προϊόντες

2338 2220 2642 2291 εὑρήσομεν.
2679 2220 2818 2272 Ἐπεὶ
2859 2215 2916 2271 δε
2955 2218 3048 2271 οὐκ
3090 2215 3255 2271 ἐδεῖτο
3286 2225 3377 2279 τῆς
3416 2220 3604 2269 τούτου
3648 2222 3913 2289 μαρτυρίας

2340 2312 2365 2360 ὁ
2418 2312 2669 2383 Χριστὸς,
2733 2310 2954 2361 τέθειται
3013 2312 3101 2360 καὶ
3155 2309 3183 2366 ἡ
3246 2307 3390 2359 αἰτία
3463 2315 3557 2369 τῆς
3623 2310 3906 2381 μαρτυρίας.

2340 2398 2602 2470 Ἐπηγαγε
2621 2400 2720 2472 γάρ
2749 2419 2759 2431 ·

2410 2487 2519 2541 Ἰνα
2571 2519 2637 2527 -
2692 2487 2873 2541 αὐτου.
2945 2485 3145 2558 Ὠσπερ
3203 2488 3302 2560 γὰρ
3354 2487 3524 2559 σάρκα
3586 2483 3895 2557 περιεϐάλετο,

2345 2580 2425 2629 ἱνα
2462 2583 2533 2648 μὴ
2579 2585 2746 2649 γυμνῇ
2796 2584 2857 2648 τῇ
2918 2578 3123 2633 θεότητι
3172 2573 3476 2647 προσϐαλὼν
3526 2576 3629 2644 (23)
3686 2571 3887 2643 ἀπολέσῃ

2342 2670 2570 2728 πάντας’
2628 2667 2762 2717 οὕτω
2797 2671 2884 2717 καὶ
2923 2666 3151 2737 μάρτυρι
3193 2662 3476 2737 ἔχρησατο,
3504 2664 3599 2726 ἱνα,
3643 2670 3728 2722 τῆς
3774 2679 3900 2729 συγ-

2341 2764 2515 2826 ⁹γενοῡς
2550 2754 2819 2815 ἀκούοντες
2840 2756 2888 2806 οἰ
2910 2760 3022 2805 τοτε
3041 2761 3231 2825 φωνῆς,
3255 2751 3581 2824 εὖκολωτερον
3600 2751 3912 2803 πιστεύσωσί

2343 2842 2417 2896 δι’
2476 2845 2638 2904 αὐτῆς
2695 2845 2760 2904 εἰς
2809 2850 2893 2895 τὸν
2924 2845 3362 2916 μαρτυρούμενον.
3427 2843 3600 2893 Πάντα
3645 2842 3736 2912 γὰρ
3797 2841 3915 2911 πρὸς

2345 2940 2606 3007 σωτηρίαν
2634 2942 2731 2985 τῶν
2763 2932 3043 3005 ἀνθρώπων
3074 2932 3401 3003 ᾠκονομεῖτο.

2413 3112 2653 3174 Ἰωάννης
2682 3116 2771 3185 μεν
2799 3107 2884 3163 οὖν
2922 3110 3295 3184 ἐμαρτύρησεν,
3321 3109 3403 3161 ἶνα
3431 3110 3616 3168 πάντες
3642 3109 3914 3159 πιστεύσω·

2343 3221 2451 3255 σιν*
2483 3203 2541 3255 οὐ
2592 3204 2776 3262 πάντες
2808 3197 2866 3253 δε
2922 3202 3277 3251 ἐπίστευσαν·
3331 3196 3424 3250 οὐκ
3482 3195 3538 3248 έκ
3594 3194 3713 3268 βίας
3748 3197 3844 3270 γὰρ
3891 3196 3914 3251 η

2338 3299 2540 3353 πίστις.
2573 3290 2677 3341 ἀλλ’
2710 3289 2763 3342 ix
2796 3293 3161 3363 προαιρέσεως,

2409 3382 2520 3433 Οὐκ
2548 3413 2612 3419 —
2640 3386 2819 3453 φωτος.
2866 3410 2936 3420 —
2984 3378 3097 3431 Ἐτι
3157 3377 3432 3449 σαφηνίζει
3485 3381 3579 3434 τήν
3612 3376 3788 3427 αἰτίαν
3844 3383 3925 3434 τῆς

2341 3470 2648 3531 ἀποστολῆς,
2694 3472 2773 3521 ὅτι
2827 3465 2974 3526 ἦλθεν
3028 3468 3131 3538 οὐχ
3188 3468 3271 3518 ἶνα
3300 3471 3497 3537 φωτίση
3535 3486 3547 3497 °
3604 3465 3697 3517 οὐκ
3733 3462 3793 3523 ἦν
3832 3467 3921 3538 γὰρ

2341 3560 2524 3621 ἐκεῖνος
2573 3565 2629 3611 τὸ
2662 3578 2796 3631 φνας·
2864 3556 2967 3608 αλλ’
3024 3559 3105 3608 ἱνα
3154 3559 3466 3628 μαρτυρήσῃ
3522 3560 3638 3629 περὶ
3695 3563 3784 3606 τοῦ
3825 3576 3924 3627 φω-

2341 3655 2458 3711 τὸς·
2488 3650 2597 3720 άμα
2632 3645 2690 3700 δὲ
2726 3652 2816 3699 καὶ
2863 3650 2945 3698 ἱνα
2995 3652 3063 3716 μη
3098 3652 3286 3717 νομίσῃ
3322 3664 3404 3704 τις
3453 3645 3532 3696 δτι
3583 3646 3607 3695 ὁ
3661 3651 3929 3717 μαρτυρῶν

2342 3743 2531 3812 μείζων
2579 3744 2668 3790 καὶ
2745 3736 3161 3807 ἁξιοπιστοτερος
3222 3731 3280 3791 ἦν
3348 3743 3438 3785 του
3487 3739 3929 3807 μαρτυρουμένου,

2342 3831 2411 3891 ως
2459 3827 2541 3880 ἰπὶ
2588 3825 2785 3879 πολλῶν
2837 3827 2981 3877 εῖωθε
3035 3822 3356 3895 συμϐαίνειν.
3408 3823 3549 3875 Ἐπεὶ
3603 3819 3662 3875 δι
3710 3827 3931 3898 προσ-ρα-

2343 3938 2426 3980 τος
2460 3914 2518 3976 ἦν
2550 3919 2577 3975 η
2614 3924 2705 3969 τοῦ
2751 3917 2990 3968 Ἰωάννου
3028 3917 3313 3988 μαρτυρία,
3365 3913 3447 3964 ἱνα
3484 3916 3555 3984 μὴ
3587 3916 3808 3971 τοιαύτη
3864 3930 3934 3972 τις

2344 4009 2562 4059 ὑπόνοια
2589 4010 2678 4058 καὶ
2715 4009 2832 4078 περὶ
2862 4011 2953 4056 τοῦ
2983 4005 3407 4076 μαρτυρουμένου
3440 4006 3771 4074 παρεμπέσοι
3809 4000 3930 4073 (24),

2345 4101 2503 4169 φησίν
2531 4111 2543 4125 ⁸

2414 4185 2510 4238 Ἤν
2575 4216 2639 4226 -
2701 4192 2918 4255 κοσμον.
2977 4181 3073 4234 Ἦν
3124 4178 3221 4247 ἀεὶ,
3293 4182 3427 4232 κατὰ
3491 4185 3584 4237 τὴν
3648 4178 3937 4233 έκτεθείσαν

2343 4278 2576 4350 ἀνωτέρω
2618 4272 2898 4344 θεολογίαν.
2948 4272 3034 4334 Ὠς
3065 4274 3154 4342 μεν
3197 4265 3285 4322 οὖν
3324 4273 3453 4331 Θεὸς
3503 4265 3562 4327 ἦν
3613 4266 3692 4321 ἀεί
3723 4287 3735 4299 ’
3781 4272 3844 4330 ὡς
3886 4264 3939 4321 δε

2345 4367 2613 4439 άνθρωπος
2639 4363 2851 4436 ἤρξατο,
2884 4369 2975 4414 τοῦ
3006 4357 3155 4413 εἶναι.

2423 4542 2479 4595 Εἰ
2514 4538 2572 4594 δε
2607 4545 2819 4613 φωτίζει
2862 4541 3031 4591 πάντα
3088 4539 3357 4611 ἄνθρωπον
3413 4534 3696 4610 έρχομςνον
3734 4536 3807 4597 εἰς
3863 4538 3942 4587 τὸν

2349 4637 2566 4699 κοσαον,
2626 4639 2728 4691 πῶς
2773 4636 3013 4681 τοσοῦτοι
3065 4632 3412 4699 μεμενήκασιν
3486 4623 3813 4696 ἀφώτιστος
3880 4628 3940 4676 Τὸ

2347 4725 2438 4794 μεν
2481 4722 2548 4782 εἰς
2596 4720 2745 4773 αὑτὸν
2803 4719 2948 4782 ἧκον,
3002 4718 3194 4776 πάντας
3249 4714 3501 4786 φωτίζειο
3557 4716 3606 4766 οἰ
3657 4710 3718 4767 δὲ
3773 4718 3944 4787 μένον-

2349 4831 2425 4872 τες
2469 4810 2756 4882 ἀφώτιστοι
2831 4808 2972 4882 παρά
3025 4811 3117 4864 τὴν
3190 4804 3383 4856 ἑαυτῶν
3428 4808 3737 4877 προαίρεσιν
3798 4811 3941 4855 τοῦτο

2348 4904 2674 4973 πάσχουσιν.
2706 4897 2763 4951 Ἠ
2796 4901 2885 4969 μεν
2911 4898 3013 4970 γὰρ
3045 4901 3140 4947 τοῦ
3171 4896 3337 4966 φωτὸς
3378 4894 3543 4965 χάρις
3588 4892 3742 4950 ἡλίου
3793 4889 3940 4950 δίκην

2350 4989 2434 5043 ἰπὶ
2487 4991 2685 5050 πάντας
2754 4986 2928 5047 ἁπλῶς
2987 4984 3304 5055 ἐκκέχυται·
3374 4983 3425 5033 οἱ
3484 4977 3543 5035 δι
3595 4986 3667 5054 μη
3723 4982 3942 5042 θέλοντες

1774 5430 1996 5499 Varias
2027 5429 2353 5499 lectiones
2374 5438 2441 5498 et
2468 5437 2668 5497 notas.

653 5625 769 5695 (2t)
808 5624 984 5695 Αὐτοῦ
1014 5620 1183 5695 abest
1222 5628 1286 5678 Α.

661 5690 748 5751 ’22
802 5690 1303 5757 ἘπιδείξασθαιΑ.

658 5697 773 5839 ἰῖὂλ
831 5767 1126 5839 lnterpres
1198 5782 1303 5839 ap;

682 5765 773 5838 23)
831 5767 1126 5839 lnterpres
1198 5767 1492 5839 apposita.
1544 5765 1894 5840 Προσϐάλλεεν
1974 5766 2098 5834 τινὶ,
2157 5770 2245 5824 est

2355 5637 2641 5705 apparere
2672 5618 2868 5683 alicui,
2902 5616 3390 5705 appropinquare
3420 5617 3495 5676 ad
3522 5618 3814 5691 aliquem.
3843 5619 3943 5675 Ma-

2352 5694 2454 5750 lim
2477 5708 2640 5763 ergo.
2669 5698 3035 5761 conspectus.

2423 5767 2536 5837 (24)
2578 5767 2879 5840 Ιιαραπέσοι
2912 5770 2972 5817 Α.
