  <div class='ocr_page' id='page_1' title='image "/cluster/home/n/w/nwhite01/storage/ocr_20150623/129/hvd.32044019208511/622.png"; bbox 0 0 4170 6438; ppageno 0'>
   <div class='ocr_carea' id='block_1_1' title="bbox 236 324 370 381">
    <p class='ocr_par' dir='ltr' id='par_1_1' title="bbox 236 324 370 381">
     <span class='ocr_line' id='line_1_1' title="bbox 236 324 370 381; baseline -0.007 0"><span class='ocrx_word' id='word_1_1' title='bbox 236 324 370 381; x_wconf 84' lang='grc'><strong>1117</strong></span> 
     </span>
    </p>
   </div>
   <div class='ocr_carea' id='block_1_2' title="bbox 235 442 1914 520">
    <p class='ocr_par' dir='ltr' id='par_1_2' title="bbox 235 442 1914 520">
     <span class='ocr_line' id='line_1_2' title="bbox 235 442 1914 520; baseline -0.007 -19"><span class='ocrx_word' id='word_1_2' title='bbox 235 447 530 501; x_wconf 83' lang='grc' dir='ltr'>ἀπολαῦσαι</span> <span class='ocrx_word' id='word_1_3' title='bbox 555 455 652 506; x_wconf 85' lang='grc' dir='ltr'>τῆς</span> <span class='ocrx_word' id='word_1_4' title='bbox 680 446 905 520; x_wconf 80' lang='grc' dir='ltr'>χάριτος</span> <span class='ocrx_word' id='word_1_5' title='bbox 935 443 1084 497; x_wconf 76' lang='grc' dir='ltr'>αὐτοὶ</span> <span class='ocrx_word' id='word_1_6' title='bbox 1122 451 1214 497; x_wconf 84' lang='grc' dir='ltr'>τοῦ</span> <span class='ocrx_word' id='word_1_7' title='bbox 1245 449 1316 517; x_wconf 79' lang='grc' dir='ltr'>μὴ</span> <span class='ocrx_word' id='word_1_8' title='bbox 1357 443 1468 515; x_wconf 81' lang='grc'>(25)</span> <span class='ocrx_word' id='word_1_9' title='bbox 1514 442 1838 515; x_wconf 84' lang='grc' dir='ltr'>φωτισθῆναι</span> <span class='ocrx_word' id='word_1_10' title='bbox 1869 443 1914 495; x_wconf 89' lang='grc' dir='ltr'><strong>Α</strong></span> 
     </span>
    </p>
   </div>
   <div class='ocr_carea' id='block_1_3' title="bbox 234 542 413 592">
    <p class='ocr_par' dir='ltr' id='par_1_3' title="bbox 234 542 413 592">
     <span class='ocr_line' id='line_1_3' title="bbox 234 542 413 592; baseline 0.006 -1"><span class='ocrx_word' id='word_1_11' title='bbox 234 542 413 592; x_wconf 79' lang='grc' dir='ltr'>αἴτιοι.</span> 
     </span>
    </p>
   </div>
   <div class='ocr_carea' id='block_1_4' title="bbox 303 622 1838 696">
    <p class='ocr_par' dir='ltr' id='par_1_4' title="bbox 303 622 1838 696">
     <span class='ocr_line' id='line_1_4' title="bbox 303 622 1838 696; baseline -0.007 -17"><span class='ocrx_word' id='word_1_12' title='bbox 303 627 576 685; x_wconf 81' lang='grc' dir='ltr'>Ἀληθινόν</span> <span class='ocrx_word' id='word_1_13' title='bbox 608 622 666 678; x_wconf 77' lang='grc' dir='ltr'>δὲ</span> <span class='ocrx_word' id='word_1_14' title='bbox 688 622 821 678; x_wconf 81' lang='grc' dir='ltr'>εἶπεν</span> <span class='ocrx_word' id='word_1_15' title='bbox 854 625 998 691; x_wconf 71' lang='grc' dir='ltr'>αὐτὸ,</span> <span class='ocrx_word' id='word_1_16' title='bbox 1021 627 1088 684; x_wconf 84' lang='grc' dir='ltr'>ὡς</span> <span class='ocrx_word' id='word_1_17' title='bbox 1120 623 1454 696; x_wconf 78' lang='grc' dir='ltr'>ἀσύγκριτον,</span> <span class='ocrx_word' id='word_1_18' title='bbox 1479 627 1569 674; x_wconf 85' lang='grc' dir='ltr'>καὶ</span> <span class='ocrx_word' id='word_1_19' title='bbox 1589 622 1714 694; x_wconf 75' lang='grc' dir='ltr'>ὑπὲρ</span> <span class='ocrx_word' id='word_1_20' title='bbox 1740 624 1838 670; x_wconf 78' lang='grc' dir='ltr'>πᾶν</span> 
     </span>
    </p>
   </div>
   <div class='ocr_carea' id='block_1_5' title="bbox 235 719 838 789">
    <p class='ocr_par' dir='ltr' id='par_1_5' title="bbox 235 719 838 789">
     <span class='ocr_line' id='line_1_5' title="bbox 235 719 838 789; baseline 0 -21"><span class='ocrx_word' id='word_1_21' title='bbox 235 724 354 789; x_wconf 82' lang='grc' dir='ltr'>φῶς,</span> <span class='ocrx_word' id='word_1_22' title='bbox 381 721 471 768; x_wconf 84' lang='grc' dir='ltr'>καὶ</span> <span class='ocrx_word' id='word_1_23' title='bbox 501 719 694 788; x_wconf 78' lang='grc' dir='ltr'>κυρίως</span> <span class='ocrx_word' id='word_1_24' title='bbox 715 721 838 787; x_wconf 89' lang='grc' dir='ltr'>φῶς.</span> 
     </span>
    </p>
   </div>
   <div class='ocr_carea' id='block_1_6' title="bbox 303 797 1834 879">
    <p class='ocr_par' dir='ltr' id='par_1_6' title="bbox 303 797 1834 879">
     <span class='ocr_line' id='line_1_6' title="bbox 303 797 1834 879; baseline -0.007 -20"><span class='ocrx_word' id='word_1_25' title='bbox 303 805 398 879; x_wconf 90' lang='grc' dir='ltr'>[Τό</span> <span class='ocrx_word' id='word_1_26' title='bbox 430 807 542 875; x_wconf 83' lang='grc'>(26)</span> <span class='ocrx_word' id='word_1_27' title='bbox 595 812 698 877; x_wconf 90' lang='grc' dir='ltr'>φῶς</span> <span class='ocrx_word' id='word_1_28' title='bbox 741 807 800 856; x_wconf 92' lang='grc' dir='ltr'>τό</span> <span class='ocrx_word' id='word_1_29' title='bbox 850 803 1112 863; x_wconf 84' lang='grc' dir='ltr'>ἀληθινόν.</span> <span class='ocrx_word' id='word_1_30' title='bbox 1163 807 1262 856; x_wconf 78' lang='grc' dir='ltr'>Καὶ</span> <span class='ocrx_word' id='word_1_31' title='bbox 1307 801 1455 854; x_wconf 80' lang='grc' dir='ltr'>εἰκὼν</span> <span class='ocrx_word' id='word_1_32' title='bbox 1509 801 1566 852; x_wconf 76' lang='grc' dir='ltr'>δὲ</span> <span class='ocrx_word' id='word_1_33' title='bbox 1619 797 1834 857; x_wconf 78' lang='grc' dir='ltr'>ἀληθινὴ</span> 
     </span>
    </p>
   </div>
   <div class='ocr_carea' id='block_1_7' title="bbox 233 888 1836 966">
    <p class='ocr_par' dir='ltr' id='par_1_7' title="bbox 233 888 1836 966">
     <span class='ocr_line' id='line_1_7' title="bbox 233 888 1836 966; baseline -0.004 -22"><span class='ocrx_word' id='word_1_34' title='bbox 233 892 454 966; x_wconf 78' lang='grc' dir='ltr'>λέγεται,</span> <span class='ocrx_word' id='word_1_35' title='bbox 495 898 584 946; x_wconf 81' lang='grc' dir='ltr'>καὶ</span> <span class='ocrx_word' id='word_1_36' title='bbox 645 891 860 952; x_wconf 82' lang='grc' dir='ltr'>ἀληθινή</span> <span class='ocrx_word' id='word_1_37' title='bbox 923 897 1101 966; x_wconf 86' lang='grc' dir='ltr'>σοφία,</span> <span class='ocrx_word' id='word_1_38' title='bbox 1154 896 1243 943; x_wconf 84' lang='grc' dir='ltr'>καὶ</span> <span class='ocrx_word' id='word_1_39' title='bbox 1293 891 1401 952; x_wconf 80' lang='grc' dir='ltr'>ζωὴ</span> <span class='ocrx_word' id='word_1_40' title='bbox 1461 888 1700 953; x_wconf 74' lang='grc' dir='ltr'>ἀληθινὴ,</span> <span class='ocrx_word' id='word_1_41' title='bbox 1748 891 1836 938; x_wconf 82' lang='grc' dir='ltr'>καὶ</span> 
     </span>
    </p>
   </div>
   <div class='ocr_carea' id='block_1_8' title="bbox 235 975 1836 1053">
    <p class='ocr_par' dir='ltr' id='par_1_8' title="bbox 235 975 1836 1053">
     <span class='ocr_line' id='line_1_8' title="bbox 235 975 1836 1053; baseline -0.006 -18"><span class='ocrx_word' id='word_1_42' title='bbox 235 985 299 1034; x_wconf 83' lang='grc' dir='ltr'>τὰ</span> <span class='ocrx_word' id='word_1_43' title='bbox 342 991 560 1035; x_wconf 77' lang='grc' dir='ltr'>τοιαῦτα</span> <span class='ocrx_word' id='word_1_44' title='bbox 594 1004 606 1016; x_wconf 88' lang='grc'><strong>·</strong></span> <span class='ocrx_word' id='word_1_45' title='bbox 643 982 736 1035; x_wconf 79' lang='grc' dir='ltr'>οὐκ</span> <span class='ocrx_word' id='word_1_46' title='bbox 780 981 864 1034; x_wconf 71' lang='grc' dir='ltr'>ἐπὶ</span> <span class='ocrx_word' id='word_1_47' title='bbox 917 977 1136 1053; x_wconf 75' lang='grc' dir='ltr'>διαϐολῇ</span> <span class='ocrx_word' id='word_1_48' title='bbox 1191 988 1292 1032; x_wconf 87' lang='grc' dir='ltr'>τῶν</span> <span class='ocrx_word' id='word_1_49' title='bbox 1335 978 1498 1031; x_wconf 81' lang='grc' dir='ltr'>ἄλλων</span> <span class='ocrx_word' id='word_1_50' title='bbox 1556 978 1716 1049; x_wconf 82' lang='grc' dir='ltr'>ἁγίων</span> <span class='ocrx_word' id='word_1_51' title='bbox 1767 975 1836 1028; x_wconf 84' lang='grc' dir='ltr'>εἰ·</span> 
     </span>
    </p>
   </div>
   <div class='ocr_carea' id='block_1_9' title="bbox 234 1067 1832 1142">
    <p class='ocr_par' dir='ltr' id='par_1_9' title="bbox 234 1067 1832 1142">
     <span class='ocr_line' id='line_1_9' title="bbox 234 1067 1832 1142; baseline -0.004 -18"><span class='ocrx_word' id='word_1_52' title='bbox 234 1077 414 1137; x_wconf 75' lang='grc' dir='ltr'>κόνων,</span> <span class='ocrx_word' id='word_1_53' title='bbox 471 1068 596 1125; x_wconf 72' lang='grc' dir='ltr'>οὐδὲ</span> <span class='ocrx_word' id='word_1_54' title='bbox 633 1079 729 1133; x_wconf 85' lang='grc' dir='ltr'>τῆς</span> <span class='ocrx_word' id='word_1_55' title='bbox 774 1070 876 1124; x_wconf 87' lang='grc' dir='ltr'>ἀπὸ</span> <span class='ocrx_word' id='word_1_56' title='bbox 917 1079 1014 1123; x_wconf 86' lang='grc' dir='ltr'>τῶν</span> <span class='ocrx_word' id='word_1_57' title='bbox 1071 1072 1217 1123; x_wconf 78' lang='grc' dir='ltr'>θείων</span> <span class='ocrx_word' id='word_1_58' title='bbox 1278 1075 1491 1142; x_wconf 87' lang='grc' dir='ltr'>Γραφῶν</span> <span class='ocrx_word' id='word_1_59' title='bbox 1547 1071 1746 1140; x_wconf 90' lang='grc' dir='ltr'>σορίας,</span> <span class='ocrx_word' id='word_1_60' title='bbox 1803 1067 1832 1122; x_wconf 80' lang='grc' dir='ltr'>ἧ</span> 
     </span>
    </p>
   </div>
   <div class='ocr_carea' id='block_1_10' title="bbox 234 1154 1836 1231">
    <p class='ocr_par' dir='ltr' id='par_1_10' title="bbox 234 1154 1836 1231">
     <span class='ocr_line' id='line_1_10' title="bbox 234 1154 1836 1231; baseline -0.004 -19"><span class='ocrx_word' id='word_1_61' title='bbox 234 1168 325 1222; x_wconf 82' lang='grc' dir='ltr'>τῆς</span> <span class='ocrx_word' id='word_1_62' title='bbox 374 1160 593 1214; x_wconf 72' lang='grc' dir='ltr'>ἐνταῦθα</span> <span class='ocrx_word' id='word_1_63' title='bbox 622 1161 781 1226; x_wconf 80' lang='grc' dir='ltr'>ζῶῆς,</span> <span class='ocrx_word' id='word_1_64' title='bbox 825 1161 907 1212; x_wconf 85' lang='grc' dir='ltr'>ἶνα</span> <span class='ocrx_word' id='word_1_65' title='bbox 955 1158 1091 1212; x_wconf 83' lang='grc' dir='ltr'>ἐάσω</span> <span class='ocrx_word' id='word_1_66' title='bbox 1121 1163 1208 1218; x_wconf 82' lang='grc' dir='ltr'>τὴν</span> <span class='ocrx_word' id='word_1_67' title='bbox 1248 1158 1534 1231; x_wconf 81' lang='grc' dir='ltr'>μέλλουσαν</span> <span class='ocrx_word' id='word_1_68' title='bbox 1567 1176 1580 1188; x_wconf 73' lang='grc' dir='ltr'><strong>ο</strong></span> <span class='ocrx_word' id='word_1_69' title='bbox 1623 1154 1751 1207; x_wconf 86' lang='grc' dir='ltr'>ἀλλά</span> <span class='ocrx_word' id='word_1_70' title='bbox 1777 1157 1836 1206; x_wconf 88' lang='grc' dir='ltr'>τό</span> 
     </span>
    </p>
   </div>
   <div class='ocr_carea' id='block_1_11' title="bbox 233 1245 1838 1324">
    <p class='ocr_par' dir='ltr' id='par_1_11' title="bbox 233 1245 1838 1324">
     <span class='ocr_line' id='line_1_11' title="bbox 233 1245 1838 1324; baseline -0.005 -21"><span class='ocrx_word' id='word_1_71' title='bbox 233 1259 463 1303; x_wconf 83' lang='grc' dir='ltr'>τοιοῦτον</span> <span class='ocrx_word' id='word_1_72' title='bbox 496 1258 688 1324; x_wconf 83' lang='grc' dir='ltr'>σχῆμα</span> <span class='ocrx_word' id='word_1_73' title='bbox 721 1257 812 1303; x_wconf 84' lang='grc' dir='ltr'>τοῦ</span> <span class='ocrx_word' id='word_1_74' title='bbox 838 1250 994 1322; x_wconf 87' lang='grc' dir='ltr'>λόγου</span> <span class='ocrx_word' id='word_1_75' title='bbox 1027 1253 1084 1302; x_wconf 88' lang='grc' dir='ltr'>τό</span> <span class='ocrx_word' id='word_1_76' title='bbox 1122 1248 1240 1302; x_wconf 82' lang='grc' dir='ltr'>καθ’</span> <span class='ocrx_word' id='word_1_77' title='bbox 1269 1251 1536 1320; x_wconf 80' lang='grc' dir='ltr'>ὑπεροχὴν</span> <span class='ocrx_word' id='word_1_78' title='bbox 1585 1245 1838 1318; x_wconf 79' lang='grc' dir='ltr'>ἀσύγκρι-</span> 
     </span>
    </p>
   </div>
   <div class='ocr_carea' id='block_1_12' title="bbox 234 1341 661 1412">
    <p class='ocr_par' dir='ltr' id='par_1_12' title="bbox 234 1341 661 1412">
     <span class='ocr_line' id='line_1_12' title="bbox 234 1341 661 1412; baseline 0.005 -21"><span class='ocrx_word' id='word_1_79' title='bbox 234 1359 321 1392; x_wconf 90' lang='grc' dir='ltr'>τον</span> <span class='ocrx_word' id='word_1_80' title='bbox 349 1341 661 1412; x_wconf 87' lang='grc' dir='ltr'>ύποφαίνει.]</span> 
     </span>
    </p>
   </div>
   <div class='ocr_carea' id='block_1_13' title="bbox 312 1422 1839 1501">
    <p class='ocr_par' dir='ltr' id='par_1_13' title="bbox 312 1422 1839 1501">
     <span class='ocr_line' id='line_1_13' title="bbox 312 1422 1839 1501; baseline -0.006 -19"><span class='ocrx_word' id='word_1_81' title='bbox 312 1427 424 1501; x_wconf 81' lang='grc' dir='ltr'>[Εἰς</span> <span class='ocrx_word' id='word_1_82' title='bbox 463 1431 576 1497; x_wconf 83' lang='grc'>(27)</span> <span class='ocrx_word' id='word_1_83' title='bbox 606 1428 699 1481; x_wconf 88' lang='grc' dir='ltr'>τὸν¹</span> <span class='ocrx_word' id='word_1_84' title='bbox 727 1433 940 1500; x_wconf 81' lang='grc' dir='ltr'>κόσμον.</span> <span class='ocrx_word' id='word_1_85' title='bbox 973 1427 1042 1481; x_wconf 83' lang='grc' dir='ltr'><strong>Ἦ</strong></span> <span class='ocrx_word' id='word_1_86' title='bbox 1087 1432 1176 1479; x_wconf 80' lang='grc' dir='ltr'>καὶ</span> <span class='ocrx_word' id='word_1_87' title='bbox 1223 1426 1406 1488; x_wconf 77' lang='grc' dir='ltr'>ἄλλως·</span> <span class='ocrx_word' id='word_1_88' title='bbox 1450 1424 1726 1499; x_wconf 79' lang='grc' dir='ltr'>ἐρχόμενον</span> <span class='ocrx_word' id='word_1_89' title='bbox 1768 1422 1839 1480; x_wconf 85' lang='grc' dir='ltr'>εἰς</span> 
     </span>
    </p>
   </div>
   <div class='ocr_carea' id='block_1_14' title="bbox 236 1516 1144 1591">
    <p class='ocr_par' dir='ltr' id='par_1_14' title="bbox 236 1516 1144 1591">
     <span class='ocr_line' id='line_1_14' title="bbox 236 1516 1144 1591; baseline 0.006 -22"><span class='ocrx_word' id='word_1_90' title='bbox 236 1522 322 1569; x_wconf 86' lang='grc' dir='ltr'>τόν</span> <span class='ocrx_word' id='word_1_91' title='bbox 353 1517 517 1578; x_wconf 88' lang='grc' dir='ltr'>ἀληθῆ</span> <span class='ocrx_word' id='word_1_92' title='bbox 543 1522 739 1591; x_wconf 80' lang='grc' dir='ltr'>κόσμον</span> <span class='ocrx_word' id='word_1_93' title='bbox 764 1527 864 1570; x_wconf 91' lang='grc' dir='ltr'>τῶν</span> <span class='ocrx_word' id='word_1_94' title='bbox 892 1516 1144 1591; x_wconf 75' lang='grc' dir='ltr'>ἀρετῶν.]</span> 
     </span>
    </p>
   </div>
   <div class='ocr_carea' id='block_1_15' title="bbox 307 1605 1834 1680">
    <p class='ocr_par' dir='ltr' id='par_1_15' title="bbox 307 1605 1834 1680">
     <span class='ocr_line' id='line_1_15' title="bbox 307 1605 1834 1680; baseline -0.005 -20"><span class='ocrx_word' id='word_1_95' title='bbox 307 1609 386 1660; x_wconf 88' lang='grc' dir='ltr'>Ἐν</span> <span class='ocrx_word' id='word_1_96' title='bbox 427 1616 498 1678; x_wconf 83' lang='grc' dir='ltr'>τῷ</span> <span class='ocrx_word' id='word_1_97' title='bbox 539 1605 722 1680; x_wconf 82' lang='grc' dir='ltr'>κόσμῷ</span> <span class='ocrx_word' id='word_1_98' title='bbox 763 1605 842 1666; x_wconf 78' lang='grc' dir='ltr'>ἦν.</span> <span class='ocrx_word' id='word_1_99' title='bbox 899 1607 1008 1660; x_wconf 80' lang='grc' dir='ltr'>Ούκ</span> <span class='ocrx_word' id='word_1_100' title='bbox 1064 1611 1130 1670; x_wconf 85' lang='grc' dir='ltr'>ὡς</span> <span class='ocrx_word' id='word_1_101' title='bbox 1185 1612 1325 1677; x_wconf 83' lang='grc' dir='ltr'>τόπῳ</span> <span class='ocrx_word' id='word_1_102' title='bbox 1376 1607 1834 1679; x_wconf 85' lang='grc' dir='ltr'>περιγραφόμενος,</span> 
     </span>
    </p>
   </div>
   <div class='ocr_carea' id='block_1_16' title="bbox 235 1687 1831 1770">
    <p class='ocr_par' dir='ltr' id='par_1_16' title="bbox 235 1687 1831 1770">
     <span class='ocr_line' id='line_1_16' title="bbox 235 1687 1831 1770; baseline -0.004 -24"><span class='ocrx_word' id='word_1_103' title='bbox 235 1695 340 1746; x_wconf 83' lang='grc' dir='ltr'>ἀλλ’</span> <span class='ocrx_word' id='word_1_104' title='bbox 369 1699 433 1757; x_wconf 84' lang='grc' dir='ltr'>ὡς</span> <span class='ocrx_word' id='word_1_105' title='bbox 466 1700 631 1748; x_wconf 79' lang='grc' dir='ltr'>πάντα</span> <span class='ocrx_word' id='word_1_106' title='bbox 669 1696 897 1770; x_wconf 81' lang='grc' dir='ltr'>πληρῶν.</span> <span class='ocrx_word' id='word_1_107' title='bbox 924 1697 1095 1749; x_wconf 84' lang='grc' dir='ltr'>Εἰπὼν</span> <span class='ocrx_word' id='word_1_108' title='bbox 1124 1693 1181 1748; x_wconf 75' lang='grc' dir='ltr'>δὲ</span> <span class='ocrx_word' id='word_1_109' title='bbox 1214 1698 1293 1748; x_wconf 88' lang='grc' dir='ltr'>ότι</span> <span class='ocrx_word' id='word_1_110' title='bbox 1329 1696 1411 1749; x_wconf 84' lang='grc' dir='ltr'>Ἐν</span> <span class='ocrx_word' id='word_1_111' title='bbox 1434 1703 1504 1764; x_wconf 79' lang='grc' dir='ltr'>τῷ</span> <span class='ocrx_word' id='word_1_112' title='bbox 1535 1699 1716 1764; x_wconf 88' lang='grc' dir='ltr'>κόσμῳ</span> <span class='ocrx_word' id='word_1_113' title='bbox 1754 1687 1831 1754; x_wconf 79' lang='grc' dir='ltr'>ἧν,</span> 
     </span>
    </p>
   </div>
   <div class='ocr_carea' id='block_1_17' title="bbox 1240 313 2509 376">
    <p class='ocr_par' dir='ltr' id='par_1_17' title="bbox 1240 313 2509 376">
     <span class='ocr_line' id='line_1_17' title="bbox 1240 313 2509 376; baseline -0.005 -1"><span class='ocrx_word' id='word_1_114' title='bbox 1240 317 1614 376; x_wconf 84' lang='lat' dir='ltr'>COMMENT.</span> <span class='ocrx_word' id='word_1_115' title='bbox 1659 317 1729 372; x_wconf 83' lang='lat' dir='ltr'><strong>IN</strong></span> <span class='ocrx_word' id='word_1_116' title='bbox 1766 313 2120 369; x_wconf 79' lang='lat' dir='ltr'>JOANNEM.</span> <span class='ocrx_word' id='word_1_117' title='bbox 2161 347 2229 355; x_wconf 88' lang='lat'>--</span> <span class='ocrx_word' id='word_1_118' title='bbox 2268 316 2421 374; x_wconf 85' lang='lat' dir='ltr'>CAP.</span> <span class='ocrx_word' id='word_1_119' title='bbox 2467 315 2509 371; x_wconf 87' lang='grc' dir='ltr'>Ι.</span> 
     </span>
    </p>
   </div>
   <div class='ocr_carea' id='block_1_18' title="bbox 3466 317 3606 374">
    <p class='ocr_par' dir='ltr' id='par_1_18' title="bbox 3466 317 3606 374">
     <span class='ocr_line' id='line_1_18' title="bbox 3466 317 3606 374; baseline -0.014 0"><span class='ocrx_word' id='word_1_120' title='bbox 3466 317 3606 374; x_wconf 87' lang='grc'><strong>1118</strong></span> 
     </span>
    </p>
   </div>
   <div class='ocr_carea' id='block_1_19' title="bbox 1954 437 3608 514">
    <p class='ocr_par' dir='ltr' id='par_1_19' title="bbox 1954 437 3608 514">
     <span class='ocr_line' id='line_1_19' title="bbox 1954 437 3608 514; baseline 0.002 -21"><span class='ocrx_word' id='word_1_121' title='bbox 1954 439 2121 504; x_wconf 87' lang='lat' dir='ltr'>Quod</span> <span class='ocrx_word' id='word_1_122' title='bbox 2155 437 2202 494; x_wconf 88' lang='lat' dir='ltr'>si</span> <span class='ocrx_word' id='word_1_123' title='bbox 2223 440 2327 513; x_wconf 87' lang='lat' dir='ltr'>qui</span> <span class='ocrx_word' id='word_1_124' title='bbox 2358 439 2487 497; x_wconf 89' lang='lat' dir='ltr'>luce</span> <span class='ocrx_word' id='word_1_125' title='bbox 2514 441 2627 497; x_wconf 85' lang='lat' dir='ltr'>frui</span> <span class='ocrx_word' id='word_1_126' title='bbox 2693 441 2918 509; x_wconf 87' lang='lat' dir='ltr'>nolunt,</span> <span class='ocrx_word' id='word_1_127' title='bbox 2951 440 3082 514; x_wconf 88' lang='lat' dir='ltr'>ipse</span> <span class='ocrx_word' id='word_1_128' title='bbox 3122 439 3232 496; x_wconf 90' lang='lat' dir='ltr'>sibi</span> <span class='ocrx_word' id='word_1_129' title='bbox 3265 456 3448 498; x_wconf 86' lang='lat' dir='ltr'>causa</span> <span class='ocrx_word' id='word_1_130' title='bbox 3467 445 3608 497; x_wconf 91' lang='lat' dir='ltr'>sunt</span> 
     </span>
    </p>
   </div>
   <div class='ocr_carea' id='block_1_20' title="bbox 1954 527 2715 599">
    <p class='ocr_par' dir='ltr' id='par_1_20' title="bbox 1954 527 2715 599">
     <span class='ocr_line' id='line_1_20' title="bbox 1954 527 2715 599; baseline 0.004 -18"><span class='ocrx_word' id='word_1_131' title='bbox 1954 527 2116 599; x_wconf 91' lang='lat' dir='ltr'>quod</span> <span class='ocrx_word' id='word_1_132' title='bbox 2138 544 2258 584; x_wconf 89' lang='lat' dir='ltr'>non</span> <span class='ocrx_word' id='word_1_133' title='bbox 2287 529 2715 586; x_wconf 89' lang='lat' dir='ltr'>illuminentur.</span> 
     </span>
    </p>
   </div>
   <div class='ocr_carea' id='block_1_21' title="bbox 2029 616 3608 691">
    <p class='ocr_par' dir='ltr' id='par_1_21' title="bbox 2029 616 3608 691">
     <span class='ocr_line' id='line_1_21' title="bbox 2029 616 3608 691; baseline 0.003 -20"><span class='ocrx_word' id='word_1_134' title='bbox 2029 616 2244 672; x_wconf 81' lang='lat' dir='ltr'>Veram</span> <span class='ocrx_word' id='word_1_135' title='bbox 2266 635 2501 691; x_wconf 89' lang='lat' dir='ltr'>quoque</span> <span class='ocrx_word' id='word_1_136' title='bbox 2567 619 2759 675; x_wconf 88' lang='lat' dir='ltr'>lucem</span> <span class='ocrx_word' id='word_1_137' title='bbox 2809 619 2975 683; x_wconf 81' lang='lat' dir='ltr'>dixit,</span> <span class='ocrx_word' id='word_1_138' title='bbox 3034 623 3324 690; x_wconf 85' lang='lat' dir='ltr'>tanquam</span> <span class='ocrx_word' id='word_1_139' title='bbox 3386 619 3608 675; x_wconf 88' lang='lat' dir='ltr'>incom-</span> 
     </span>
    </p>
   </div>
   <div class='ocr_carea' id='block_1_22' title="bbox 1958 707 3603 781">
    <p class='ocr_par' dir='ltr' id='par_1_22' title="bbox 1958 707 3603 781">
     <span class='ocr_line' id='line_1_22' title="bbox 1958 707 3603 781; baseline 0.002 -21"><span class='ocrx_word' id='word_1_140' title='bbox 1958 707 2288 777; x_wconf 84' lang='lat' dir='ltr'>parabilem</span> <span class='ocrx_word' id='word_1_141' title='bbox 2320 724 2389 763; x_wconf 88' lang='lat' dir='ltr'>ac</span> <span class='ocrx_word' id='word_1_142' title='bbox 2422 724 2600 781; x_wconf 89' lang='lat' dir='ltr'>super</span> <span class='ocrx_word' id='word_1_143' title='bbox 2615 725 2845 773; x_wconf 88' lang='lat' dir='ltr'>omnes,</span> <span class='ocrx_word' id='word_1_144' title='bbox 2871 714 2926 765; x_wconf 89' lang='lat' dir='ltr'>et</span> <span class='ocrx_word' id='word_1_145' title='bbox 2945 725 3077 781; x_wconf 67' lang='lat' dir='ltr'>qure</span> <span class='ocrx_word' id='word_1_146' title='bbox 3106 709 3337 780; x_wconf 79' lang='lat' dir='ltr'>proprie</span> <span class='ocrx_word' id='word_1_147' title='bbox 3365 708 3464 763; x_wconf 84' lang='lat' dir='ltr'>lux</span> <span class='ocrx_word' id='word_1_148' title='bbox 3497 713 3603 764; x_wconf 88' lang='lat' dir='ltr'>est.</span> 
     </span>
    </p>
   </div>
   <div class='ocr_carea' id='block_1_23' title="bbox 2026 797 3610 870">
    <p class='ocr_par' dir='ltr' id='par_1_23' title="bbox 2026 797 3610 870">
     <span class='ocr_line' id='line_1_23' title="bbox 2026 797 3610 870; baseline 0.002 -20"><span class='ocrx_word' id='word_1_149' title='bbox 2026 797 2067 866; x_wconf 70' lang='grc' dir='ltr'>σι’</span> <span class='ocrx_word' id='word_1_150' title='bbox 2094 797 2306 852; x_wconf 76' lang='lat' dir='ltr'>Dicitur</span> <span class='ocrx_word' id='word_1_151' title='bbox 2325 813 2569 870; x_wconf 87' lang='lat' dir='ltr'>quoque</span> <span class='ocrx_word' id='word_1_152' title='bbox 2587 814 2724 853; x_wconf 88' lang='lat' dir='ltr'>vera</span> <span class='ocrx_word' id='word_1_153' title='bbox 2749 799 2970 868; x_wconf 82' lang='lat' dir='ltr'>imago,</span> <span class='ocrx_word' id='word_1_154' title='bbox 2990 803 3197 854; x_wconf 88' lang='lat' dir='ltr'>etvera</span> <span class='ocrx_word' id='word_1_155' title='bbox 3236 798 3610 869; x_wconf 86' lang='lat' dir='ltr'>sapientia,et</span> 
     </span>
    </p>
   </div>
   <div class='ocr_carea' id='block_1_24' title="bbox 1956 885 3608 959">
    <p class='ocr_par' dir='ltr' id='par_1_24' title="bbox 1956 885 3608 959">
     <span class='ocr_line' id='line_1_24' title="bbox 1956 885 3608 959; baseline 0.004 -21"><span class='ocrx_word' id='word_1_156' title='bbox 1956 900 2093 940; x_wconf 84' lang='lat' dir='ltr'>vera</span> <span class='ocrx_word' id='word_1_157' title='bbox 2115 885 2229 941; x_wconf 87' lang='lat' dir='ltr'>vita</span> <span class='ocrx_word' id='word_1_158' title='bbox 2257 886 2494 959; x_wconf 89' lang='lat' dir='ltr'>aliaque</span> <span class='ocrx_word' id='word_1_159' title='bbox 2522 886 2771 955; x_wconf 87' lang='lat' dir='ltr'>similia;</span> <span class='ocrx_word' id='word_1_160' title='bbox 2816 903 2937 942; x_wconf 90' lang='lat' dir='ltr'>non</span> <span class='ocrx_word' id='word_1_161' title='bbox 2965 887 3038 942; x_wconf 91' lang='lat' dir='ltr'>ad</span> <span class='ocrx_word' id='word_1_162' title='bbox 3068 886 3431 942; x_wconf 73' lang='lat' dir='ltr'>calumniam</span> <span class='ocrx_word' id='word_1_163' title='bbox 3467 887 3608 944; x_wconf 87' lang='lat' dir='ltr'>alia-</span> 
     </span>
    </p>
   </div>
   <div class='ocr_carea' id='block_1_25' title="bbox 1956 976 3608 1048">
    <p class='ocr_par' dir='ltr' id='par_1_25' title="bbox 1956 976 3608 1048">
     <span class='ocr_line' id='line_1_25' title="bbox 1956 976 3608 1048; baseline 0.003 -20"><span class='ocrx_word' id='word_1_164' title='bbox 1956 990 2088 1029; x_wconf 90' lang='lat' dir='ltr'>rum</span> <span class='ocrx_word' id='word_1_165' title='bbox 2110 977 2807 1047; x_wconf 89' lang='lat' dir='ltr'>sanctarumimaginum</span> <span class='ocrx_word' id='word_1_166' title='bbox 2833 993 3060 1048; x_wconf 90' lang='lat' dir='ltr'>:neque</span> <span class='ocrx_word' id='word_1_167' title='bbox 3093 976 3401 1048; x_wconf 63' lang='lat' dir='ltr'>sapientia:</span> <span class='ocrx_word' id='word_1_168' title='bbox 3427 993 3608 1048; x_wconf 73' lang='lat' dir='ltr'>quaea</span> 
     </span>
    </p>
   </div>
   <div class='ocr_carea' id='block_1_26' title="bbox 1959 1063 3606 1138">
    <p class='ocr_par' dir='ltr' id='par_1_26' title="bbox 1959 1063 3606 1138">
     <span class='ocr_line' id='line_1_26' title="bbox 1959 1063 3606 1138; baseline 0.001 -18"><span class='ocrx_word' id='word_1_169' title='bbox 1959 1063 2277 1137; x_wconf 89' lang='lat' dir='ltr'>Scripturis</span> <span class='ocrx_word' id='word_1_170' title='bbox 2304 1065 2525 1122; x_wconf 88' lang='lat' dir='ltr'>divinis</span> <span class='ocrx_word' id='word_1_171' title='bbox 2553 1071 2658 1137; x_wconf 87' lang='lat' dir='ltr'>est,</span> <span class='ocrx_word' id='word_1_172' title='bbox 2694 1082 2888 1138; x_wconf 89' lang='lat' dir='ltr'>neque</span> <span class='ocrx_word' id='word_1_173' title='bbox 2919 1067 3052 1122; x_wconf 66' lang='lat' dir='ltr'>vitae</span> <span class='ocrx_word' id='word_1_174' title='bbox 3083 1067 3410 1138; x_wconf 72' lang='lat' dir='ltr'>praesentis,</span> <span class='ocrx_word' id='word_1_175' title='bbox 3444 1071 3606 1122; x_wconf 90' lang='lat' dir='ltr'>utne</span> 
     </span>
    </p>
   </div>
   <div class='ocr_carea' id='block_1_27' title="bbox 1954 1152 3607 1227">
    <p class='ocr_par' dir='ltr' id='par_1_27' title="bbox 1954 1152 3607 1227">
     <span class='ocr_line' id='line_1_27' title="bbox 1954 1152 3607 1227; baseline 0.002 -19"><span class='ocrx_word' id='word_1_176' title='bbox 1954 1152 2154 1209; x_wconf 88' lang='lat' dir='ltr'>dicam</span> <span class='ocrx_word' id='word_1_177' title='bbox 2185 1153 2398 1211; x_wconf 62' lang='lat' dir='ltr'>futurae</span> <span class='ocrx_word' id='word_1_178' title='bbox 2431 1172 2446 1210; x_wconf 91' lang='lat'><strong>:</strong></span> <span class='ocrx_word' id='word_1_179' title='bbox 2479 1155 2584 1211; x_wconf 90' lang='lat' dir='ltr'>sed</span> <span class='ocrx_word' id='word_1_180' title='bbox 2625 1154 2755 1211; x_wconf 88' lang='lat' dir='ltr'>talis</span> <span class='ocrx_word' id='word_1_181' title='bbox 2783 1155 2979 1226; x_wconf 86' lang='lat' dir='ltr'>ﬁgura</span> <span class='ocrx_word' id='word_1_182' title='bbox 3007 1156 3322 1220; x_wconf 86' lang='lat' dir='ltr'>sermonis,</span> <span class='ocrx_word' id='word_1_183' title='bbox 3364 1155 3423 1210; x_wconf 91' lang='lat' dir='ltr'>id</span> <span class='ocrx_word' id='word_1_184' title='bbox 3451 1157 3607 1227; x_wconf 91' lang='lat' dir='ltr'>quod</span> 
     </span>
    </p>
   </div>
   <div class='ocr_carea' id='block_1_28' title="bbox 1954 1241 3598 1318">
    <p class='ocr_par' dir='ltr' id='par_1_28' title="bbox 1954 1241 3598 1318">
     <span class='ocr_line' id='line_1_28' title="bbox 1954 1241 3598 1318; baseline 0.003 -21"><span class='ocrx_word' id='word_1_185' title='bbox 1954 1241 2424 1317; x_wconf 87' lang='lat' dir='ltr'>incomparabile</span> <span class='ocrx_word' id='word_1_186' title='bbox 2461 1250 2564 1316; x_wconf 90' lang='lat' dir='ltr'>est,</span> <span class='ocrx_word' id='word_1_187' title='bbox 2609 1260 2713 1318; x_wconf 88' lang='lat' dir='ltr'>per</span> <span class='ocrx_word' id='word_1_188' title='bbox 2744 1245 3201 1318; x_wconf 86' lang='lat' dir='ltr'>amplitudinem</span> <span class='ocrx_word' id='word_1_189' title='bbox 3234 1245 3598 1302; x_wconf 83' lang='lat' dir='ltr'>manifestat.</span> 
     </span>
    </p>
   </div>
   <div class='ocr_carea' id='block_1_29' title="bbox 2025 1421 3602 1492">
    <p class='ocr_par' dir='ltr' id='par_1_29' title="bbox 2025 1421 3602 1492">
     <span class='ocr_line' id='line_1_29' title="bbox 2025 1421 3602 1492; baseline 0 -16"><span class='ocrx_word' id='word_1_190' title='bbox 2025 1422 2068 1492; x_wconf 77' lang='grc' dir='ltr'>-ι-</span> <span class='ocrx_word' id='word_1_191' title='bbox 2094 1421 2229 1477; x_wconf 83' lang='lat' dir='ltr'>Sive</span> <span class='ocrx_word' id='word_1_192' title='bbox 2261 1421 2594 1478; x_wconf 85' lang='lat' dir='ltr'>venientem</span> <span class='ocrx_word' id='word_1_193' title='bbox 2619 1421 2678 1477; x_wconf 91' lang='lat' dir='ltr'>in</span> <span class='ocrx_word' id='word_1_194' title='bbox 2709 1437 2914 1478; x_wconf 87' lang='lat' dir='ltr'>verum</span> <span class='ocrx_word' id='word_1_195' title='bbox 2969 1422 3265 1478; x_wconf 90' lang='lat' dir='ltr'>mundum</span> <span class='ocrx_word' id='word_1_196' title='bbox 3295 1423 3602 1479; x_wconf 87' lang='lat' dir='ltr'>virtutum.</span> 
     </span>
    </p>
   </div>
   <div class='ocr_carea' id='block_1_30' title="bbox 2032 1599 3604 1673">
    <p class='ocr_par' dir='ltr' id='par_1_30' title="bbox 2032 1599 3604 1673">
     <span class='ocr_line' id='line_1_30' title="bbox 2032 1599 3604 1673; baseline 0.003 -19"><span class='ocrx_word' id='word_1_197' title='bbox 2032 1601 2191 1654; x_wconf 91' lang='lat' dir='ltr'>Vers.</span> <span class='ocrx_word' id='word_1_198' title='bbox 2225 1599 2308 1656; x_wconf 83' lang='grc'>10.</span> <span class='ocrx_word' id='word_1_199' title='bbox 2361 1600 2429 1654; x_wconf 82' lang='lat' dir='ltr'>In</span> <span class='ocrx_word' id='word_1_200' title='bbox 2495 1600 2710 1656; x_wconf 84' lang='lat' dir='ltr'>mundo</span> <span class='ocrx_word' id='word_1_201' title='bbox 2751 1604 2900 1656; x_wconf 86' lang='lat' dir='ltr'>erat.</span> <span class='ocrx_word' id='word_1_202' title='bbox 2957 1603 3082 1656; x_wconf 88' lang='lat' dir='ltr'>Non</span> <span class='ocrx_word' id='word_1_203' title='bbox 3121 1605 3409 1673; x_wconf 86' lang='lat' dir='ltr'>tanquam</span> <span class='ocrx_word' id='word_1_204' title='bbox 3473 1600 3604 1658; x_wconf 85' lang='lat' dir='ltr'>loco</span> 
     </span>
    </p>
   </div>
   <div class='ocr_carea' id='block_1_31' title="bbox 1955 1689 3602 1764">
    <p class='ocr_par' dir='ltr' id='par_1_31' title="bbox 1955 1689 3602 1764">
     <span class='ocr_line' id='line_1_31' title="bbox 1955 1689 3602 1764; baseline 0.002 -20"><span class='ocrx_word' id='word_1_205' title='bbox 1955 1689 2455 1762; x_wconf 78' lang='lat' dir='ltr'>circumscriptus,</span> <span class='ocrx_word' id='word_1_206' title='bbox 2499 1691 2601 1746; x_wconf 90' lang='lat' dir='ltr'>sed</span> <span class='ocrx_word' id='word_1_207' title='bbox 2633 1697 2918 1763; x_wconf 88' lang='lat' dir='ltr'>tanquam</span> <span class='ocrx_word' id='word_1_208' title='bbox 2959 1691 3163 1747; x_wconf 87' lang='lat' dir='ltr'>omnia</span> <span class='ocrx_word' id='word_1_209' title='bbox 3183 1692 3602 1764; x_wconf 88' lang='lat' dir='ltr'>rcplens.Cum</span> 
     </span>
    </p>
   </div>
   <div class='ocr_carea' id='block_1_32' title="bbox 235 1778 1835 1871">
    <p class='ocr_par' dir='ltr' id='par_1_32' title="bbox 235 1781 1835 1859">
     <span class='ocr_line' id='line_1_32' title="bbox 235 1781 1835 1859; baseline -0.002 -24"><span class='ocrx_word' id='word_1_210' title='bbox 235 1788 316 1836; x_wconf 86' lang='grc' dir='ltr'>ἱνα</span> <span class='ocrx_word' id='word_1_211' title='bbox 347 1791 415 1847; x_wconf 81' lang='grc' dir='ltr'>μὴ</span> <span class='ocrx_word' id='word_1_212' title='bbox 450 1784 702 1837; x_wconf 75' lang='grc' dir='ltr'>ὑπολάϐοι</span> <span class='ocrx_word' id='word_1_213' title='bbox 747 1805 824 1848; x_wconf 86' lang='grc' dir='ltr'>τις</span> <span class='ocrx_word' id='word_1_214' title='bbox 869 1787 949 1837; x_wconf 86' lang='grc' dir='ltr'>ὅτι</span> <span class='ocrx_word' id='word_1_215' title='bbox 981 1789 1274 1859; x_wconf 82' lang='grc' dir='ltr'>σύγχρονος</span> <span class='ocrx_word' id='word_1_216' title='bbox 1324 1781 1384 1842; x_wconf 79' lang='grc' dir='ltr'>ἧν</span> <span class='ocrx_word' id='word_1_217' title='bbox 1427 1791 1518 1835; x_wconf 87' lang='grc' dir='ltr'>τού</span> <span class='ocrx_word' id='word_1_218' title='bbox 1559 1781 1835 1854; x_wconf 72' lang='grc' dir='ltr'>κόσμου,ό</span> 
     </span>
    </p>
   </div>
   <div class='ocr_carea' id='block_1_33' title="bbox 1957 1778 3604 1871">
    <p class='ocr_par' dir='ltr' id='par_1_33' title="bbox 1957 1778 3604 1853">
     <span class='ocr_line' id='line_1_33' title="bbox 1957 1778 3604 1853; baseline 0.002 -20"><span class='ocrx_word' id='word_1_219' title='bbox 1957 1783 2150 1833; x_wconf 85' lang='lat' dir='ltr'>autem</span> <span class='ocrx_word' id='word_1_220' title='bbox 2179 1778 2452 1835; x_wconf 78' lang='lat' dir='ltr'>dixisset:</span> <span class='ocrx_word' id='word_1_221' title='bbox 2483 1781 2553 1834; x_wconf 84' lang='lat' dir='ltr'>In</span> <span class='ocrx_word' id='word_1_222' title='bbox 2584 1781 2792 1835; x_wconf 83' lang='lat' dir='ltr'>mundo</span> <span class='ocrx_word' id='word_1_223' title='bbox 2825 1784 2968 1846; x_wconf 78' lang='lat' dir='ltr'>erat,</span> <span class='ocrx_word' id='word_1_224' title='bbox 2999 1798 3067 1836; x_wconf 90' lang='lat' dir='ltr'>ne</span> <span class='ocrx_word' id='word_1_225' title='bbox 3100 1781 3234 1853; x_wconf 89' lang='lat' dir='ltr'>quis</span> <span class='ocrx_word' id='word_1_226' title='bbox 3275 1781 3604 1852; x_wconf 85' lang='lat' dir='ltr'>suspicare-</span> 
     </span>
    </p>
   </div>
   <div class='ocr_carea' id='block_1_34' title="bbox 232 1875 1450 1949">
    <p class='ocr_par' dir='ltr' id='par_1_34' title="bbox 232 1875 1450 1949">
     <span class='ocr_line' id='line_1_34' title="bbox 232 1875 1450 1949; baseline 0 -23"><span class='ocrx_word' id='word_1_227' title='bbox 232 1877 450 1928; x_wconf 83' lang='grc' dir='ltr'>πέπονθε</span> <span class='ocrx_word' id='word_1_228' title='bbox 483 1875 684 1938; x_wconf 78' lang='grc' dir='ltr'>Παῦλος</span> <span class='ocrx_word' id='word_1_229' title='bbox 704 1877 729 1928; x_wconf 90' lang='grc' dir='ltr'>ό</span> <span class='ocrx_word' id='word_1_230' title='bbox 757 1879 1108 1947; x_wconf 82' lang='grc' dir='ltr'>Σαμοσατεύς,</span> <span class='ocrx_word' id='word_1_231' title='bbox 1138 1876 1450 1949; x_wconf 81' lang='grc' dir='ltr'>προσέθηκε’</span> 
     </span>
    </p>
   </div>
   <div class='ocr_carea' id='block_1_35' title="bbox 310 2050 1837 2128">
    <p class='ocr_par' dir='ltr' id='par_1_35' title="bbox 310 2050 1837 2128">
     <span class='ocr_line' id='line_1_35' title="bbox 310 2050 1837 2128; baseline -0.003 -21"><span class='ocrx_word' id='word_1_232' title='bbox 310 2059 408 2107; x_wconf 76' lang='grc' dir='ltr'>Καὶ</span> <span class='ocrx_word' id='word_1_233' title='bbox 439 2086 503 2094; x_wconf 89' lang='grc'><strong>-</strong></span> <span class='ocrx_word' id='word_1_234' title='bbox 527 2055 742 2125; x_wconf 74' lang='grc' dir='ltr'>ἐγένετο.</span> <span class='ocrx_word' id='word_1_235' title='bbox 779 2050 1048 2128; x_wconf 74' lang='grc' dir='ltr'>Πρόδηλον</span> <span class='ocrx_word' id='word_1_236' title='bbox 1069 2055 1170 2127; x_wconf 85' lang='grc' dir='ltr'>γὰρ</span> <span class='ocrx_word' id='word_1_237' title='bbox 1200 2055 1278 2105; x_wconf 87' lang='grc' dir='ltr'>ὅτι</span> <span class='ocrx_word' id='word_1_238' title='bbox 1319 2054 1343 2104; x_wconf 89' lang='grc' dir='ltr'>ό</span> <span class='ocrx_word' id='word_1_239' title='bbox 1370 2056 1593 2113; x_wconf 80' lang='grc' dir='ltr'>ποιητὴς</span> <span class='ocrx_word' id='word_1_240' title='bbox 1624 2055 1720 2126; x_wconf 84' lang='grc' dir='ltr'>πρό</span> <span class='ocrx_word' id='word_1_241' title='bbox 1746 2059 1837 2104; x_wconf 83' lang='grc' dir='ltr'>τοῦ</span> 
     </span>
    </p>
   </div>
   <div class='ocr_carea' id='block_1_36' title="bbox 234 2139 959 2213">
    <p class='ocr_par' dir='ltr' id='par_1_36' title="bbox 234 2139 959 2213">
     <span class='ocr_line' id='line_1_36' title="bbox 234 2139 959 2213; baseline 0 -20"><span class='ocrx_word' id='word_1_242' title='bbox 234 2148 524 2213; x_wconf 81' lang='grc' dir='ltr'>ποιήματος</span> <span class='ocrx_word' id='word_1_243' title='bbox 553 2139 613 2200; x_wconf 76' lang='grc' dir='ltr'>ἧν</span> <span class='ocrx_word' id='word_1_244' title='bbox 628 2187 640 2198; x_wconf 89' lang='grc'><em>,</em></span> <span class='ocrx_word' id='word_1_245' title='bbox 956 2147 959 2149; x_wconf 77' lang='grc'><em>’</em></span> 
     </span>
    </p>
   </div>
   <div class='ocr_carea' id='block_1_37' title="bbox 311 2234 1014 2303">
    <p class='ocr_par' dir='ltr' id='par_1_37' title="bbox 311 2234 1014 2303">
     <span class='ocr_line' id='line_1_37' title="bbox 311 2234 1014 2303; baseline -0.001 -20"><span class='ocrx_word' id='word_1_246' title='bbox 311 2235 410 2283; x_wconf 81' lang='grc' dir='ltr'>Καὶ</span> <span class='ocrx_word' id='word_1_247' title='bbox 469 2262 531 2270; x_wconf 90' lang='lat'><strong><em>—</em></strong></span> <span class='ocrx_word' id='word_1_248' title='bbox 600 2234 747 2301; x_wconf 81' lang='grc' dir='ltr'>ἔγνω.</span> <span class='ocrx_word' id='word_1_249' title='bbox 808 2236 1014 2303; x_wconf 80' lang='grc' dir='ltr'>Κόσμον</span> 
     </span>
    </p>
   </div>
   <div class='ocr_carea' id='block_1_38' title="bbox 1091 2230 1840 2301">
    <p class='ocr_par' dir='ltr' id='par_1_38' title="bbox 1091 2230 1840 2301">
     <span class='ocr_line' id='line_1_38' title="bbox 1091 2230 1840 2301; baseline -0.003 -18"><span class='ocrx_word' id='word_1_250' title='bbox 1091 2231 1310 2283; x_wconf 82' lang='grc' dir='ltr'>ἐνταῦθα</span> <span class='ocrx_word' id='word_1_251' title='bbox 1378 2230 1511 2301; x_wconf 80' lang='grc' dir='ltr'>λέγει</span> <span class='ocrx_word' id='word_1_252' title='bbox 1580 2234 1700 2291; x_wconf 86' lang='grc' dir='ltr'>τούς</span> <span class='ocrx_word' id='word_1_253' title='bbox 1775 2231 1840 2281; x_wconf 87' lang='grc' dir='ltr'>τά</span> 
     </span>
    </p>
   </div>
   <div class='ocr_carea' id='block_1_39' title="bbox 237 2319 1836 2392">
    <p class='ocr_par' dir='ltr' id='par_1_39' title="bbox 237 2319 1836 2392">
     <span class='ocr_line' id='line_1_39' title="bbox 237 2319 1836 2392; baseline 0.001 -22"><span class='ocrx_word' id='word_1_254' title='bbox 237 2323 466 2391; x_wconf 82' lang='grc' dir='ltr'>κοσμικά</span> <span class='ocrx_word' id='word_1_255' title='bbox 525 2321 855 2392; x_wconf 78' lang='grc' dir='ltr'>φρονόύντας,</span> <span class='ocrx_word' id='word_1_256' title='bbox 925 2325 1040 2380; x_wconf 80' lang='grc' dir='ltr'>τοὺς</span> <span class='ocrx_word' id='word_1_257' title='bbox 1114 2329 1185 2391; x_wconf 84' lang='grc' dir='ltr'>τῷ</span> <span class='ocrx_word' id='word_1_258' title='bbox 1250 2324 1432 2392; x_wconf 82' lang='grc' dir='ltr'>κόσμῳ</span> <span class='ocrx_word' id='word_1_259' title='bbox 1497 2319 1836 2392; x_wconf 79' lang='grc' dir='ltr'>προσηλωμέ-</span> 
     </span>
    </p>
   </div>
   <div class='ocr_carea' id='block_1_40' title="bbox 235 2409 1832 2483">
    <p class='ocr_par' dir='ltr' id='par_1_40' title="bbox 235 2409 1832 2483">
     <span class='ocr_line' id='line_1_40' title="bbox 235 2409 1832 2483; baseline 0.002 -27"><span class='ocrx_word' id='word_1_260' title='bbox 235 2426 370 2470; x_wconf 85' lang='grc' dir='ltr'>νους,</span> <span class='ocrx_word' id='word_1_261' title='bbox 433 2412 550 2468; x_wconf 84' lang='grc' dir='ltr'>τοὺς</span> <span class='ocrx_word' id='word_1_262' title='bbox 604 2415 708 2468; x_wconf 85' lang='grc' dir='ltr'>τοῖς</span> <span class='ocrx_word' id='word_1_263' title='bbox 761 2409 1031 2470; x_wconf 74' lang='grc' dir='ltr'>αἰσθητοῖς</span> <span class='ocrx_word' id='word_1_264' title='bbox 1080 2412 1358 2483; x_wconf 74' lang='grc' dir='ltr'>πράγμασι</span> <span class='ocrx_word' id='word_1_265' title='bbox 1396 2414 1832 2482; x_wconf 79' lang='grc' dir='ltr'>προστετηκότας,</span> 
     </span>
    </p>
   </div>
   <div class='ocr_carea' id='block_1_41' title="bbox 234 2493 1833 2571">
    <p class='ocr_par' dir='ltr' id='par_1_41' title="bbox 234 2493 1833 2571">
     <span class='ocr_line' id='line_1_41' title="bbox 234 2493 1833 2571; baseline 0.001 -25"><span class='ocrx_word' id='word_1_266' title='bbox 234 2501 324 2547; x_wconf 81' lang='grc' dir='ltr'>καὶ</span> <span class='ocrx_word' id='word_1_267' title='bbox 380 2493 547 2568; x_wconf 76' lang='grc' dir='ltr'>μηδὲν</span> <span class='ocrx_word' id='word_1_268' title='bbox 595 2499 721 2571; x_wconf 70' lang='grc' dir='ltr'>ὑπὲρ</span> <span class='ocrx_word' id='word_1_269' title='bbox 766 2505 933 2549; x_wconf 81' lang='grc' dir='ltr'>ταῦτα</span> <span class='ocrx_word' id='word_1_270' title='bbox 989 2505 1176 2556; x_wconf 87' lang='grc' dir='ltr'>νοῆσαι</span> <span class='ocrx_word' id='word_1_271' title='bbox 1231 2495 1564 2569; x_wconf 75' lang='grc' dir='ltr'>δυναμένους.</span> <span class='ocrx_word' id='word_1_272' title='bbox 1624 2499 1688 2548; x_wconf 80' lang='grc' dir='ltr'><strong>Οἱ</strong></span> <span class='ocrx_word' id='word_1_273' title='bbox 1733 2501 1833 2570; x_wconf 79' lang='grc' dir='ltr'>γὰρ</span> 
     </span>
    </p>
   </div>
   <div class='ocr_carea' id='block_1_42' title="bbox 233 2586 1832 2662">
    <p class='ocr_par' dir='ltr' id='par_1_42' title="bbox 233 2586 1832 2662">
     <span class='ocr_line' id='line_1_42' title="bbox 233 2586 1832 2662; baseline 0.008 -26"><span class='ocrx_word' id='word_1_274' title='bbox 233 2591 302 2657; x_wconf 82' lang='grc' dir='ltr'>μὴ</span> <span class='ocrx_word' id='word_1_275' title='bbox 363 2595 587 2639; x_wconf 81' lang='grc' dir='ltr'>τοιοῦτοι</span> <span class='ocrx_word' id='word_1_276' title='bbox 647 2590 876 2658; x_wconf 76' lang='grc' dir='ltr'>ἔγνωσαν</span> <span class='ocrx_word' id='word_1_277' title='bbox 930 2588 1083 2640; x_wconf 71' lang='grc' dir='ltr'>αὐτόν</span> <span class='ocrx_word' id='word_1_278' title='bbox 1138 2593 1225 2640; x_wconf 81' lang='grc' dir='ltr'>καὶ</span> <span class='ocrx_word' id='word_1_279' title='bbox 1283 2591 1381 2662; x_wconf 89' lang='grc' dir='ltr'>πρό</span> <span class='ocrx_word' id='word_1_280' title='bbox 1439 2596 1530 2648; x_wconf 79' lang='grc' dir='ltr'>τῆς</span> <span class='ocrx_word' id='word_1_281' title='bbox 1583 2586 1832 2659; x_wconf 73' lang='grc' dir='ltr'>ἐνσάρκου</span> 
     </span>
    </p>
   </div>
   <div class='ocr_carea' id='block_1_43' title="bbox 232 2676 1833 2750">
    <p class='ocr_par' dir='ltr' id='par_1_43' title="bbox 232 2676 1833 2750">
     <span class='ocr_line' id='line_1_43' title="bbox 232 2676 1833 2750; baseline 0.001 -24"><span class='ocrx_word' id='word_1_282' title='bbox 232 2681 542 2748; x_wconf 83' lang='grc' dir='ltr'>παρουσίας.</span> <span class='ocrx_word' id='word_1_283' title='bbox 605 2680 692 2729; x_wconf 90' lang='grc' dir='ltr'>Διό</span> <span class='ocrx_word' id='word_1_284' title='bbox 752 2683 840 2730; x_wconf 84' lang='grc' dir='ltr'>καὶ</span> <span class='ocrx_word' id='word_1_285' title='bbox 897 2676 944 2729; x_wconf 83' lang='grc' dir='ltr'>ἐν</span> <span class='ocrx_word' id='word_1_286' title='bbox 1005 2687 1077 2748; x_wconf 85' lang='grc' dir='ltr'>τῷ</span> <span class='ocrx_word' id='word_1_287' title='bbox 1131 2678 1349 2748; x_wconf 76' lang='grc' dir='ltr'>εἰκοστῷ</span> <span class='ocrx_word' id='word_1_288' title='bbox 1402 2679 1630 2750; x_wconf 72' lang='grc' dir='ltr'>τετάρτῳ</span> <span class='ocrx_word' id='word_1_289' title='bbox 1683 2697 1833 2748; x_wconf 84' lang='grc' dir='ltr'>κεφα-</span> 
     </span>
    </p>
   </div>
   <div class='ocr_carea' id='block_1_44' title="bbox 229 2764 1833 2842">
    <p class='ocr_par' dir='ltr' id='par_1_44' title="bbox 229 2764 1833 2842">
     <span class='ocr_line' id='line_1_44' title="bbox 229 2764 1833 2842; baseline 0.001 -26"><span class='ocrx_word' id='word_1_290' title='bbox 229 2764 355 2837; x_wconf 83' lang='grc' dir='ltr'>λαίῳ</span> <span class='ocrx_word' id='word_1_291' title='bbox 417 2774 505 2818; x_wconf 85' lang='grc' dir='ltr'>τοῦ</span> <span class='ocrx_word' id='word_1_292' title='bbox 559 2771 691 2818; x_wconf 88' lang='grc' dir='ltr'>κατά</span> <span class='ocrx_word' id='word_1_293' title='bbox 758 2769 1022 2820; x_wconf 86' lang='grc' dir='ltr'>Ματθαῖον</span> <span class='ocrx_word' id='word_1_294' title='bbox 1078 2765 1187 2820; x_wconf 81' lang='grc' dir='ltr'>εἷπε</span> <span class='ocrx_word' id='word_1_295' title='bbox 1238 2771 1368 2842; x_wconf 88' lang='grc' dir='ltr'>πρός</span> <span class='ocrx_word' id='word_1_296' title='bbox 1423 2770 1543 2827; x_wconf 90' lang='grc' dir='ltr'>τούς</span> <span class='ocrx_word' id='word_1_297' title='bbox 1605 2765 1833 2818; x_wconf 85' lang='grc' dir='ltr'>ἀποστό-</span> 
     </span>
    </p>
   </div>
   <div class='ocr_carea' id='block_1_45' title="bbox 230 2853 1831 2931">
    <p class='ocr_par' dir='ltr' id='par_1_45' title="bbox 230 2853 1831 2931">
     <span class='ocr_line' id='line_1_45' title="bbox 230 2853 1831 2931; baseline 0.002 -26"><span class='ocrx_word' id='word_1_298' title='bbox 230 2853 398 2916; x_wconf 82' lang='grc' dir='ltr'>λουςό</span> <span class='ocrx_word' id='word_1_299' title='bbox 439 2860 666 2930; x_wconf 78' lang='grc' dir='ltr'>Χριστός</span> <span class='ocrx_word' id='word_1_300' title='bbox 744 2859 820 2908; x_wconf 82' lang='grc' dir='ltr'>ὅτι</span> <span class='ocrx_word' id='word_1_301' title='bbox 898 2857 1082 2909; x_wconf 82' lang='grc' dir='ltr'>Πολλοὶ</span> <span class='ocrx_word' id='word_1_302' title='bbox 1136 2865 1404 2931; x_wconf 77' lang='grc' dir='ltr'>προφῆται</span> <span class='ocrx_word' id='word_1_303' title='bbox 1472 2861 1559 2908; x_wconf 83' lang='grc' dir='ltr'>καὶ</span> <span class='ocrx_word' id='word_1_304' title='bbox 1631 2853 1831 2908; x_wconf 86' lang='grc' dir='ltr'>δίκαιοι</span> 
     </span>
    </p>
   </div>
   <div class='ocr_carea' id='block_1_46' title="bbox 231 2941 1832 3017">
    <p class='ocr_par' dir='ltr' id='par_1_46' title="bbox 231 2941 1832 3017">
     <span class='ocr_line' id='line_1_46' title="bbox 231 2941 1832 3017; baseline 0.001 -22"><span class='ocrx_word' id='word_1_305' title='bbox 231 2942 562 3015; x_wconf 81' lang='grc' dir='ltr'>ἐπεθύμησαν</span> <span class='ocrx_word' id='word_1_306' title='bbox 619 2942 748 2997; x_wconf 86' lang='grc' dir='ltr'>ἰδεῖν</span> <span class='ocrx_word' id='word_1_307' title='bbox 800 2945 834 2996; x_wconf 84' lang='grc' dir='ltr'><em>ἃ</em></span> <span class='ocrx_word' id='word_1_308' title='bbox 901 2945 1128 3017; x_wconf 75' lang='grc' dir='ltr'>βλέπετε,</span> <span class='ocrx_word' id='word_1_309' title='bbox 1197 2951 1286 2997; x_wconf 86' lang='grc' dir='ltr'>καὶ</span> <span class='ocrx_word' id='word_1_310' title='bbox 1357 2946 1449 2997; x_wconf 78' lang='grc' dir='ltr'>ούκ</span> <span class='ocrx_word' id='word_1_311' title='bbox 1507 2941 1646 2997; x_wconf 80' lang='grc' dir='ltr'>εἶδον</span> <span class='ocrx_word' id='word_1_312' title='bbox 1679 2967 1690 2979; x_wconf 81' lang='grc'><em>’</em></span> <span class='ocrx_word' id='word_1_313' title='bbox 1745 2950 1832 2997; x_wconf 83' lang='grc' dir='ltr'>καὶ</span> 
     </span>
    </p>
   </div>
   <div class='ocr_carea' id='block_1_47' title="bbox 232 3031 1828 3108">
    <p class='ocr_par' dir='ltr' id='par_1_47' title="bbox 232 3031 1828 3108">
     <span class='ocr_line' id='line_1_47' title="bbox 232 3031 1828 3108; baseline 0.001 -25"><span class='ocrx_word' id='word_1_314' title='bbox 232 3031 456 3084; x_wconf 81' lang='grc' dir='ltr'>ἀκούσαι</span> <span class='ocrx_word' id='word_1_315' title='bbox 502 3033 812 3098; x_wconf 77' lang='grc' dir='ltr'>δι’ἀκούετε,</span> <span class='ocrx_word' id='word_1_316' title='bbox 878 3041 962 3085; x_wconf 71' lang='grc' dir='ltr'>καὶ</span> <span class='ocrx_word' id='word_1_317' title='bbox 1025 3035 1119 3086; x_wconf 68' lang='grc' dir='ltr'>οὐκ</span> <span class='ocrx_word' id='word_1_318' title='bbox 1175 3039 1428 3093; x_wconf 80' lang='grc' dir='ltr'>ἤκουσαν.</span> <span class='ocrx_word' id='word_1_319' title='bbox 1488 3034 1546 3087; x_wconf 89' lang='grc' dir='ltr'>Εἰ</span> <span class='ocrx_word' id='word_1_320' title='bbox 1595 3037 1696 3108; x_wconf 79' lang='grc' dir='ltr'>γὰρ</span> <span class='ocrx_word' id='word_1_321' title='bbox 1757 3037 1828 3105; x_wconf 85' lang='grc' dir='ltr'>μὴ</span> 
     </span>
    </p>
   </div>
   <div class='ocr_carea' id='block_1_48' title="bbox 233 3121 1904 3225">
    <p class='ocr_par' dir='ltr' id='par_1_48' title="bbox 233 3121 1904 3225">
     <span class='ocr_line' id='line_1_48' title="bbox 233 3121 1904 3225; baseline 0.001 -54"><span class='ocrx_word' id='word_1_322' title='bbox 233 3123 461 3190; x_wconf 85' lang='grc' dir='ltr'>ἔγνωσαν</span> <span class='ocrx_word' id='word_1_323' title='bbox 517 3123 692 3186; x_wconf 75' lang='grc' dir='ltr'>αὐτόν,</span> <span class='ocrx_word' id='word_1_324' title='bbox 739 3123 834 3173; x_wconf 66' lang='grc' dir='ltr'>οὐκ</span> <span class='ocrx_word' id='word_1_325' title='bbox 883 3121 917 3173; x_wconf 83' lang='grc' dir='ltr'><strong>ἆ</strong></span> <span class='ocrx_word' id='word_1_326' title='bbox 973 3121 1304 3194; x_wconf 74' lang='grc' dir='ltr'>ἐπεθύμησαν</span> <span class='ocrx_word' id='word_1_327' title='bbox 1354 3123 1503 3189; x_wconf 79' lang='grc' dir='ltr'>ἰδεῖν,</span> <span class='ocrx_word' id='word_1_328' title='bbox 1565 3125 1633 3184; x_wconf 84' lang='grc' dir='ltr'>ὡς</span> <span class='ocrx_word' id='word_1_329' title='bbox 1691 3126 1826 3194; x_wconf 85' lang='grc' dir='ltr'>εἶρη-</span> <span class='ocrx_word' id='word_1_330' title='bbox 1864 3169 1904 3225; x_wconf 79' lang='lat' dir='ltr'>C</span> 
     </span>
    </p>
   </div>
   <div class='ocr_carea' id='block_1_49' title="bbox 233 3209 1832 3284">
    <p class='ocr_par' dir='ltr' id='par_1_49' title="bbox 233 3209 1832 3284">
     <span class='ocr_line' id='line_1_49' title="bbox 233 3209 1832 3284; baseline 0.003 -25"><span class='ocrx_word' id='word_1_331' title='bbox 233 3228 342 3271; x_wconf 85' lang='grc' dir='ltr'>ται,</span> <span class='ocrx_word' id='word_1_332' title='bbox 395 3215 483 3261; x_wconf 84' lang='grc' dir='ltr'>καὶ</span> <span class='ocrx_word' id='word_1_333' title='bbox 542 3209 787 3262; x_wconf 82' lang='grc' dir='ltr'>ἀκοῦσαι.</span> <span class='ocrx_word' id='word_1_334' title='bbox 842 3210 1003 3264; x_wconf 80' lang='grc' dir='ltr'>Ὅστε</span> <span class='ocrx_word' id='word_1_335' title='bbox 1066 3214 1293 3281; x_wconf 84' lang='grc' dir='ltr'>ἔγνωσαν</span> <span class='ocrx_word' id='word_1_336' title='bbox 1348 3215 1437 3284; x_wconf 67' lang='grc' dir='ltr'>μὲν</span> <span class='ocrx_word' id='word_1_337' title='bbox 1495 3212 1668 3278; x_wconf 78' lang='grc' dir='ltr'>αὐτόν,</span> <span class='ocrx_word' id='word_1_338' title='bbox 1745 3217 1832 3264; x_wconf 84' lang='grc' dir='ltr'>καὶ</span> 
     </span>
    </p>
   </div>
   <div class='ocr_carea' id='block_1_50' title="bbox 232 3297 1831 3375">
    <p class='ocr_par' dir='ltr' id='par_1_50' title="bbox 232 3297 1831 3375">
     <span class='ocr_line' id='line_1_50' title="bbox 232 3297 1831 3375; baseline 0.003 -27"><span class='ocrx_word' id='word_1_339' title='bbox 232 3301 288 3348; x_wconf 91' lang='grc' dir='ltr'>τό</span> <span class='ocrx_word' id='word_1_340' title='bbox 376 3305 464 3358; x_wconf 83' lang='grc' dir='ltr'>τῆς</span> <span class='ocrx_word' id='word_1_341' title='bbox 548 3297 982 3372; x_wconf 83' lang='grc' dir='ltr'>ἐνανθρωπησεως</span> <span class='ocrx_word' id='word_1_342' title='bbox 1052 3299 1212 3352; x_wconf 76' lang='grc' dir='ltr'>αὐτοῦ</span> <span class='ocrx_word' id='word_1_343' title='bbox 1303 3307 1616 3375; x_wconf 86' lang='grc' dir='ltr'>μυστήριον,</span> <span class='ocrx_word' id='word_1_344' title='bbox 1701 3301 1831 3359; x_wconf 77' lang='grc' dir='ltr'>πλὴν</span> 
     </span>
    </p>
   </div>
   <div class='ocr_carea' id='block_1_51' title="bbox 233 3386 1831 3460">
    <p class='ocr_par' dir='ltr' id='par_1_51' title="bbox 233 3386 1831 3460">
     <span class='ocr_line' id='line_1_51' title="bbox 233 3386 1831 3460; baseline 0.003 -22"><span class='ocrx_word' id='word_1_345' title='bbox 233 3388 498 3459; x_wconf 75' lang='grc' dir='ltr'>ὑπερφυῶς</span> <span class='ocrx_word' id='word_1_346' title='bbox 532 3405 543 3416; x_wconf 88' lang='grc'><strong>·</strong></span> <span class='ocrx_word' id='word_1_347' title='bbox 592 3387 923 3460; x_wconf 77' lang='grc' dir='ltr'>ἐπεθύμησαν</span> <span class='ocrx_word' id='word_1_348' title='bbox 965 3386 1023 3441; x_wconf 77' lang='grc' dir='ltr'>δὲ</span> <span class='ocrx_word' id='word_1_349' title='bbox 1062 3393 1152 3440; x_wconf 84' lang='grc' dir='ltr'>καὶ</span> <span class='ocrx_word' id='word_1_350' title='bbox 1191 3389 1451 3450; x_wconf 83' lang='grc' dir='ltr'>αἰσθητῶς</span> <span class='ocrx_word' id='word_1_351' title='bbox 1501 3386 1631 3442; x_wconf 80' lang='grc' dir='ltr'>ἰδεῖν</span> <span class='ocrx_word' id='word_1_352' title='bbox 1679 3390 1831 3442; x_wconf 73' lang='grc' dir='ltr'>αὐτόν</span> 
     </span>
    </p>
   </div>
   <div class='ocr_carea' id='block_1_52' title="bbox 235 3475 1832 3550">
    <p class='ocr_par' dir='ltr' id='par_1_52' title="bbox 235 3475 1832 3550">
     <span class='ocr_line' id='line_1_52' title="bbox 235 3475 1832 3550; baseline 0.004 -24"><span class='ocrx_word' id='word_1_353' title='bbox 235 3477 749 3550; x_wconf 83' lang='grc' dir='ltr'>θαυματουργοῡντα,</span> <span class='ocrx_word' id='word_1_354' title='bbox 774 3483 862 3529; x_wconf 85' lang='grc' dir='ltr'>καὶ</span> <span class='ocrx_word' id='word_1_355' title='bbox 895 3476 1118 3530; x_wconf 84' lang='grc' dir='ltr'>ἀκοῦσαι</span> <span class='ocrx_word' id='word_1_356' title='bbox 1157 3479 1315 3531; x_wconf 72' lang='grc' dir='ltr'>αὐτού</span> <span class='ocrx_word' id='word_1_357' title='bbox 1346 3475 1714 3543; x_wconf 73' lang='grc' dir='ltr'>διδάσκοντος,</span> <span class='ocrx_word' id='word_1_358' title='bbox 1742 3486 1832 3532; x_wconf 81' lang='grc' dir='ltr'>καὶ</span> 
     </span>
    </p>
   </div>
   <div class='ocr_carea' id='block_1_53' title="bbox 232 3563 958 3638">
    <p class='ocr_par' dir='ltr' id='par_1_53' title="bbox 232 3563 958 3638">
     <span class='ocr_line' id='line_1_53' title="bbox 232 3563 958 3638; baseline 0.004 -22"><span class='ocrx_word' id='word_1_359' title='bbox 232 3564 407 3626; x_wconf 79' lang='grc' dir='ltr'>ἁπλῶς</span> <span class='ocrx_word' id='word_1_360' title='bbox 428 3564 475 3616; x_wconf 77' lang='grc' dir='ltr'>ἐν</span> <span class='ocrx_word' id='word_1_361' title='bbox 507 3564 778 3638; x_wconf 81' lang='grc' dir='ltr'>ἀνθρώπου</span> <span class='ocrx_word' id='word_1_362' title='bbox 811 3563 958 3619; x_wconf 81' lang='grc' dir='ltr'>εῖδει.</span> 
     </span>
    </p>
   </div>
   <div class='ocr_carea' id='block_1_54' title="bbox 303 3652 1831 3729">
    <p class='ocr_par' dir='ltr' id='par_1_54' title="bbox 303 3652 1831 3729">
     <span class='ocr_line' id='line_1_54' title="bbox 303 3652 1831 3729; baseline 0.001 -23"><span class='ocrx_word' id='word_1_363' title='bbox 303 3661 508 3706; x_wconf 76' lang='grc' dir='ltr'>Νοεῐται</span> <span class='ocrx_word' id='word_1_364' title='bbox 556 3652 615 3706; x_wconf 71' lang='grc' dir='ltr'>δὲ</span> <span class='ocrx_word' id='word_1_365' title='bbox 653 3661 741 3707; x_wconf 86' lang='grc' dir='ltr'>καὶ</span> <span class='ocrx_word' id='word_1_366' title='bbox 791 3658 869 3707; x_wconf 87' lang='grc' dir='ltr'>ότι</span> <span class='ocrx_word' id='word_1_367' title='bbox 929 3653 1341 3728; x_wconf 66' lang='grc' dir='ltr'>δυσανασχετῶν</span> <span class='ocrx_word' id='word_1_368' title='bbox 1387 3659 1412 3709; x_wconf 97' lang='lat'>6</span> <span class='ocrx_word' id='word_1_369' title='bbox 1461 3657 1831 3729; x_wconf 77' lang='grc' dir='ltr'>εύαγγελιστὴς</span> 
     </span>
    </p>
   </div>
   <div class='ocr_carea' id='block_1_55' title="bbox 231 3741 1825 3818">
    <p class='ocr_par' dir='ltr' id='par_1_55' title="bbox 231 3741 1825 3818">
     <span class='ocr_line' id='line_1_55' title="bbox 231 3741 1825 3818; baseline 0.003 -24"><span class='ocrx_word' id='word_1_370' title='bbox 231 3741 314 3794; x_wconf 81' lang='grc' dir='ltr'>ἐπὶ</span> <span class='ocrx_word' id='word_1_371' title='bbox 385 3751 446 3815; x_wconf 75' lang='grc' dir='ltr'>τῇ</span> <span class='ocrx_word' id='word_1_372' title='bbox 502 3749 741 3818; x_wconf 78' lang='grc' dir='ltr'>πωρώσει</span> <span class='ocrx_word' id='word_1_373' title='bbox 806 3754 904 3796; x_wconf 80' lang='grc' dir='ltr'>τῶν</span> <span class='ocrx_word' id='word_1_374' title='bbox 985 3745 1350 3816; x_wconf 72' lang='grc' dir='ltr'>ἀγνοησάντων</span> <span class='ocrx_word' id='word_1_375' title='bbox 1431 3747 1603 3815; x_wconf 70' lang='grc' dir='ltr'>αὐτόν,</span> <span class='ocrx_word' id='word_1_376' title='bbox 1676 3751 1825 3818; x_wconf 83' lang='grc' dir='ltr'>φησὶ,</span> 
     </span>
    </p>
   </div>
   <div class='ocr_carea' id='block_1_56' title="bbox 235 3829 1829 3908">
    <p class='ocr_par' dir='ltr' id='par_1_56' title="bbox 235 3829 1829 3908">
     <span class='ocr_line' id='line_1_56' title="bbox 235 3829 1829 3908; baseline 0.001 -24"><span class='ocrx_word' id='word_1_377' title='bbox 235 3839 334 3884; x_wconf 81' lang='grc' dir='ltr'>Καὶ</span> <span class='ocrx_word' id='word_1_378' title='bbox 377 3834 402 3884; x_wconf 93' lang='lat'>6</span> <span class='ocrx_word' id='word_1_379' title='bbox 432 3838 628 3904; x_wconf 84' lang='grc' dir='ltr'>κόσμος</span> <span class='ocrx_word' id='word_1_380' title='bbox 677 3829 748 3885; x_wconf 85' lang='grc' dir='ltr'>δι’</span> <span class='ocrx_word' id='word_1_381' title='bbox 786 3834 944 3886; x_wconf 70' lang='grc' dir='ltr'>αὐτοῦ</span> <span class='ocrx_word' id='word_1_382' title='bbox 991 3833 1202 3900; x_wconf 80' lang='grc' dir='ltr'>ἐγένετο,</span> <span class='ocrx_word' id='word_1_383' title='bbox 1258 3841 1346 3888; x_wconf 82' lang='grc' dir='ltr'>καὶ</span> <span class='ocrx_word' id='word_1_384' title='bbox 1403 3838 1427 3888; x_wconf 91' lang='grc' dir='ltr'>ό</span> <span class='ocrx_word' id='word_1_385' title='bbox 1485 3840 1681 3908; x_wconf 86' lang='grc' dir='ltr'>κόσμος</span> <span class='ocrx_word' id='word_1_386' title='bbox 1739 3836 1829 3887; x_wconf 84' lang='grc' dir='ltr'>αύ-</span> 
     </span>
    </p>
   </div>
   <div class='ocr_carea' id='block_1_57' title="bbox 227 3921 1828 3998">
    <p class='ocr_par' dir='ltr' id='par_1_57' title="bbox 227 3921 1828 3998">
     <span class='ocr_line' id='line_1_57' title="bbox 227 3921 1828 3998; baseline 0.003 -26"><span class='ocrx_word' id='word_1_387' title='bbox 227 3924 314 3973; x_wconf 90' lang='grc' dir='ltr'>τόν</span> <span class='ocrx_word' id='word_1_388' title='bbox 345 3921 448 3994; x_wconf 85' lang='grc' dir='ltr'>ούχ</span> <span class='ocrx_word' id='word_1_389' title='bbox 489 3922 635 3993; x_wconf 81' lang='grc' dir='ltr'>ἔγνω,</span> <span class='ocrx_word' id='word_1_390' title='bbox 670 3926 908 3976; x_wconf 83' lang='grc' dir='ltr'>τουτέστι</span> <span class='ocrx_word' id='word_1_391' title='bbox 949 3929 1046 3976; x_wconf 89' lang='grc' dir='ltr'>Τόν</span> <span class='ocrx_word' id='word_1_392' title='bbox 1094 3929 1315 3984; x_wconf 82' lang='grc' dir='ltr'>ποιητὴν</span> <span class='ocrx_word' id='word_1_393' title='bbox 1363 3925 1457 3977; x_wconf 79' lang='grc' dir='ltr'>ούκ</span> <span class='ocrx_word' id='word_1_394' title='bbox 1507 3929 1736 3998; x_wconf 86' lang='grc' dir='ltr'>ἔγνωσαν</span> <span class='ocrx_word' id='word_1_395' title='bbox 1764 3929 1828 3978; x_wconf 79' lang='grc' dir='ltr'>τὰ</span> 
     </span>
    </p>
   </div>
   <div class='ocr_carea' id='block_1_58' title="bbox 225 4017 516 4083">
    <p class='ocr_par' dir='ltr' id='par_1_58' title="bbox 225 4017 516 4083">
     <span class='ocr_line' id='line_1_58' title="bbox 225 4017 516 4083; baseline 0.01 -21"><span class='ocrx_word' id='word_1_396' title='bbox 225 4017 516 4083; x_wconf 83' lang='grc' dir='ltr'>ποιήματα.</span> 
     </span>
    </p>
   </div>
   <div class='ocr_carea' id='block_1_59' title="bbox 301 4099 1827 4175">
    <p class='ocr_par' dir='ltr' id='par_1_59' title="bbox 301 4099 1827 4175">
     <span class='ocr_line' id='line_1_59' title="bbox 301 4099 1827 4175; baseline 0.004 -24"><span class='ocrx_word' id='word_1_397' title='bbox 301 4101 390 4162; x_wconf 81' lang='grc' dir='ltr'>Εἰς</span> <span class='ocrx_word' id='word_1_398' title='bbox 428 4132 496 4141; x_wconf 92' lang='grc'><strong>-</strong></span> <span class='ocrx_word' id='word_1_399' title='bbox 525 4099 831 4174; x_wconf 68' lang='grc' dir='ltr'>παρέλαϐον.</span> <span class='ocrx_word' id='word_1_400' title='bbox 867 4101 982 4155; x_wconf 87' lang='grc' dir='ltr'>Ἔτι</span> <span class='ocrx_word' id='word_1_401' title='bbox 1031 4105 1306 4175; x_wconf 74' lang='grc' dir='ltr'>σαφηνίζει</span> <span class='ocrx_word' id='word_1_402' title='bbox 1345 4107 1430 4156; x_wconf 89' lang='grc' dir='ltr'>τόν</span> <span class='ocrx_word' id='word_1_403' title='bbox 1474 4105 1646 4175; x_wconf 90' lang='grc' dir='ltr'>λόγον.</span> <span class='ocrx_word' id='word_1_404' title='bbox 1684 4101 1827 4158; x_wconf 86' lang='grc' dir='ltr'>Ἱδια</span> 
     </span>
    </p>
   </div>
   <div class='ocr_carea' id='block_1_60' title="bbox 225 4190 1827 4266">
    <p class='ocr_par' dir='ltr' id='par_1_60' title="bbox 225 4190 1827 4266">
     <span class='ocr_line' id='line_1_60' title="bbox 225 4190 1827 4266; baseline 0.004 -26"><span class='ocrx_word' id='word_1_405' title='bbox 225 4193 314 4261; x_wconf 73' lang='grc' dir='ltr'>μὲν</span> <span class='ocrx_word' id='word_1_406' title='bbox 343 4193 445 4263; x_wconf 85' lang='grc' dir='ltr'>γὰρ</span> <span class='ocrx_word' id='word_1_407' title='bbox 478 4190 658 4255; x_wconf 76' lang='grc' dir='ltr'>αὐτοῦ,</span> <span class='ocrx_word' id='word_1_408' title='bbox 692 4193 717 4242; x_wconf 94' lang='grc' dir='ltr'>ό</span> <span class='ocrx_word' id='word_1_409' title='bbox 748 4196 966 4263; x_wconf 86' lang='grc' dir='ltr'>κόσμος,</span> <span class='ocrx_word' id='word_1_410' title='bbox 1009 4193 1077 4252; x_wconf 85' lang='grc' dir='ltr'>ὡς</span> <span class='ocrx_word' id='word_1_411' title='bbox 1107 4198 1311 4265; x_wconf 85' lang='grc' dir='ltr'>ποίημα</span> <span class='ocrx_word' id='word_1_412' title='bbox 1342 4194 1451 4266; x_wconf 74' lang='grc'>(28)</span> <span class='ocrx_word' id='word_1_413' title='bbox 1490 4194 1668 4246; x_wconf 76' lang='grc' dir='ltr'>αὐτοῦ·</span> <span class='ocrx_word' id='word_1_414' title='bbox 1696 4191 1827 4246; x_wconf 79' lang='grc' dir='ltr'>ἴδιοι</span> 
     </span>
    </p>
   </div>
   <div class='ocr_carea' id='block_1_61' title="bbox 228 4275 1826 4353">
    <p class='ocr_par' dir='ltr' id='par_1_61' title="bbox 228 4275 1826 4353">
     <span class='ocr_line' id='line_1_61' title="bbox 228 4275 1826 4353; baseline 0.004 -23"><span class='ocrx_word' id='word_1_415' title='bbox 228 4275 286 4330; x_wconf 74' lang='grc' dir='ltr'>δὲ</span> <span class='ocrx_word' id='word_1_416' title='bbox 320 4281 369 4330; x_wconf 86' lang='grc' dir='ltr'>οἱ</span> <span class='ocrx_word' id='word_1_417' title='bbox 398 4280 679 4352; x_wconf 82' lang='grc' dir='ltr'>ἄνθρωποι,</span> <span class='ocrx_word' id='word_1_418' title='bbox 715 4283 779 4341; x_wconf 82' lang='grc' dir='ltr'>ὡς</span> <span class='ocrx_word' id='word_1_419' title='bbox 828 4286 916 4334; x_wconf 83' lang='grc' dir='ltr'>καὶ</span> <span class='ocrx_word' id='word_1_420' title='bbox 959 4281 1104 4334; x_wconf 80' lang='grc' dir='ltr'>αύτοὶ</span> <span class='ocrx_word' id='word_1_421' title='bbox 1136 4288 1426 4353; x_wconf 79' lang='grc' dir='ltr'>ποιήματα,</span> <span class='ocrx_word' id='word_1_422' title='bbox 1471 4289 1560 4336; x_wconf 84' lang='grc' dir='ltr'>καὶ</span> <span class='ocrx_word' id='word_1_423' title='bbox 1599 4288 1667 4345; x_wconf 82' lang='grc' dir='ltr'>ὡς</span> <span class='ocrx_word' id='word_1_424' title='bbox 1709 4288 1826 4336; x_wconf 86' lang='grc' dir='ltr'>κατ’</span> 
     </span>
    </p>
   </div>
   <div class='ocr_carea' id='block_1_62' title="bbox 228 4367 1826 4443">
    <p class='ocr_par' dir='ltr' id='par_1_62' title="bbox 228 4367 1826 4443">
     <span class='ocr_line' id='line_1_62' title="bbox 228 4367 1826 4443; baseline 0.006 -26"><span class='ocrx_word' id='word_1_425' title='bbox 228 4367 397 4418; x_wconf 83' lang='grc' dir='ltr'>εἰκόνα</span> <span class='ocrx_word' id='word_1_426' title='bbox 444 4370 599 4421; x_wconf 69' lang='grc' dir='ltr'>αὐτοῦ</span> <span class='ocrx_word' id='word_1_427' title='bbox 651 4375 930 4443; x_wconf 83' lang='grc' dir='ltr'>γενόμενοι.</span> <span class='ocrx_word' id='word_1_428' title='bbox 994 4371 1176 4424; x_wconf 80' lang='grc' dir='ltr'>Ἦλθεν</span> <span class='ocrx_word' id='word_1_429' title='bbox 1231 4368 1316 4424; x_wconf 81' lang='grc' dir='ltr'>οὖν</span> <span class='ocrx_word' id='word_1_430' title='bbox 1371 4373 1440 4435; x_wconf 82' lang='grc' dir='ltr'>εἰς</span> <span class='ocrx_word' id='word_1_431' title='bbox 1495 4373 1704 4438; x_wconf 74' lang='grc' dir='ltr'>αύτούς,</span> <span class='ocrx_word' id='word_1_432' title='bbox 1759 4377 1826 4434; x_wconf 83' lang='grc' dir='ltr'>ὡς</span> 
     </span>
    </p>
   </div>
   <div class='ocr_carea' id='block_1_63' title="bbox 230 4457 1428 4534">
    <p class='ocr_par' dir='ltr' id='par_1_63' title="bbox 230 4457 1428 4534">
     <span class='ocr_line' id='line_1_63' title="bbox 230 4457 1428 4534; baseline 0.008 -28"><span class='ocrx_word' id='word_1_433' title='bbox 230 4457 514 4528; x_wconf 82' lang='grc' dir='ltr'>ἄνθρωπος·</span> <span class='ocrx_word' id='word_1_434' title='bbox 549 4461 614 4520; x_wconf 83' lang='grc' dir='ltr'>ὡς</span> <span class='ocrx_word' id='word_1_435' title='bbox 653 4463 750 4534; x_wconf 79' lang='grc' dir='ltr'>γὰρ</span> <span class='ocrx_word' id='word_1_436' title='bbox 779 4463 928 4525; x_wconf 84' lang='grc' dir='ltr'>Θεὸς,</span> <span class='ocrx_word' id='word_1_437' title='bbox 963 4459 1010 4512; x_wconf 81' lang='grc' dir='ltr'>ἐν</span> <span class='ocrx_word' id='word_1_438' title='bbox 1035 4470 1105 4531; x_wconf 84' lang='grc' dir='ltr'>τῷ</span> <span class='ocrx_word' id='word_1_439' title='bbox 1132 4467 1316 4533; x_wconf 83' lang='grc' dir='ltr'>κόσμῳ</span> <span class='ocrx_word' id='word_1_440' title='bbox 1347 4458 1428 4521; x_wconf 81' lang='grc' dir='ltr'>ἦν.</span> 
     </span>
    </p>
   </div>
   <div class='ocr_carea' id='block_1_64' title="bbox 1949 1867 3602 1940">
    <p class='ocr_par' dir='ltr' id='par_1_64' title="bbox 1949 1867 3602 1940">
     <span class='ocr_line' id='line_1_64' title="bbox 1949 1867 3602 1940; baseline 0.002 -20"><span class='ocrx_word' id='word_1_441' title='bbox 1949 1872 2043 1921; x_wconf 92' lang='lat' dir='ltr'>tur</span> <span class='ocrx_word' id='word_1_442' title='bbox 2073 1867 2299 1922; x_wconf 89' lang='lat' dir='ltr'>mundo</span> <span class='ocrx_word' id='word_1_443' title='bbox 2325 1869 2772 1940; x_wconf 87' lang='lat' dir='ltr'>contemporale</span> <span class='ocrx_word' id='word_1_444' title='bbox 2812 1884 2957 1934; x_wconf 89' lang='lat' dir='ltr'>esse,</span> <span class='ocrx_word' id='word_1_445' title='bbox 2990 1871 3152 1940; x_wconf 92' lang='lat' dir='ltr'>quod</span> <span class='ocrx_word' id='word_1_446' title='bbox 3181 1870 3395 1926; x_wconf 90' lang='lat' dir='ltr'>accidit</span> <span class='ocrx_word' id='word_1_447' title='bbox 3418 1869 3602 1926; x_wconf 89' lang='lat' dir='ltr'>Paulo</span> 
     </span>
    </p>
   </div>
   <div class='ocr_carea' id='block_1_65' title="bbox 1947 1954 2692 2014">
    <p class='ocr_par' dir='ltr' id='par_1_65' title="bbox 1947 1954 2692 2014">
     <span class='ocr_line' id='line_1_65' title="bbox 1947 1954 2692 2014; baseline 0.003 -4"><span class='ocrx_word' id='word_1_448' title='bbox 1947 1954 2374 2014; x_wconf 87' lang='lat' dir='ltr'>Samosatensi.</span> <span class='ocrx_word' id='word_1_449' title='bbox 2419 1956 2653 2012; x_wconf 87' lang='lat' dir='ltr'>addidit</span> <span class='ocrx_word' id='word_1_450' title='bbox 2681 1974 2692 2012; x_wconf 93' lang='lat'><strong>:</strong></span> 
     </span>
    </p>
   </div>
   <div class='ocr_carea' id='block_1_66' title="bbox 2020 2047 3602 2115">
    <p class='ocr_par' dir='ltr' id='par_1_66' title="bbox 2020 2047 3602 2115">
     <span class='ocr_line' id='line_1_66' title="bbox 2020 2047 3602 2115; baseline 0.003 -15"><span class='ocrx_word' id='word_1_451' title='bbox 2020 2048 2177 2100; x_wconf 90' lang='lat' dir='ltr'>Vers.</span> <span class='ocrx_word' id='word_1_452' title='bbox 2211 2047 2295 2100; x_wconf 89' lang='grc'>10.</span> <span class='ocrx_word' id='word_1_453' title='bbox 2327 2048 2393 2101; x_wconf 78' lang='lat' dir='ltr'>Et</span> <span class='ocrx_word' id='word_1_454' title='bbox 2435 2077 2502 2087; x_wconf 94' lang='lat'><strong><em>—</em></strong></span> <span class='ocrx_word' id='word_1_455' title='bbox 2529 2048 2730 2115; x_wconf 73' lang='lat' dir='ltr'>factus</span> <span class='ocrx_word' id='word_1_456' title='bbox 2758 2055 2861 2103; x_wconf 80' lang='lat' dir='ltr'>est.</span> <span class='ocrx_word' id='word_1_457' title='bbox 2899 2047 3271 2104; x_wconf 74' lang='lat' dir='ltr'>Manifestum</span> <span class='ocrx_word' id='word_1_458' title='bbox 3295 2053 3384 2103; x_wconf 90' lang='lat' dir='ltr'>est</span> <span class='ocrx_word' id='word_1_459' title='bbox 3405 2053 3602 2105; x_wconf 90' lang='lat' dir='ltr'>autem</span> 
     </span>
    </p>
   </div>
   <div class='ocr_carea' id='block_1_67' title="bbox 1946 2134 3421 2208">
    <p class='ocr_par' dir='ltr' id='par_1_67' title="bbox 1946 2134 3421 2208">
     <span class='ocr_line' id='line_1_67' title="bbox 1946 2134 3421 2208; baseline 0.003 -19"><span class='ocrx_word' id='word_1_460' title='bbox 1946 2135 2110 2208; x_wconf 90' lang='lat' dir='ltr'>quod</span> <span class='ocrx_word' id='word_1_461' title='bbox 2137 2134 2342 2202; x_wconf 87' lang='lat' dir='ltr'>factor,</span> <span class='ocrx_word' id='word_1_462' title='bbox 2376 2140 2513 2192; x_wconf 89' lang='lat' dir='ltr'>ante</span> <span class='ocrx_word' id='word_1_463' title='bbox 2543 2135 2598 2191; x_wconf 91' lang='lat' dir='ltr'>id</span> <span class='ocrx_word' id='word_1_464' title='bbox 2633 2137 2796 2208; x_wconf 90' lang='lat' dir='ltr'>quod</span> <span class='ocrx_word' id='word_1_465' title='bbox 2827 2136 3050 2192; x_wconf 88' lang='lat' dir='ltr'>factum</span> <span class='ocrx_word' id='word_1_466' title='bbox 3084 2143 3192 2204; x_wconf 89' lang='lat' dir='ltr'>est,</span> <span class='ocrx_word' id='word_1_467' title='bbox 3230 2138 3421 2194; x_wconf 90' lang='lat' dir='ltr'>fuerit.</span> 
     </span>
    </p>
   </div>
   <div class='ocr_carea' id='block_1_68' title="bbox 2018 2225 3608 2297">
    <p class='ocr_par' dir='ltr' id='par_1_68' title="bbox 2018 2225 3608 2297">
     <span class='ocr_line' id='line_1_68' title="bbox 2018 2225 3608 2297; baseline 0.004 -19"><span class='ocrx_word' id='word_1_468' title='bbox 2018 2225 2181 2280; x_wconf 87' lang='lat' dir='ltr'>Vers.</span> <span class='ocrx_word' id='word_1_469' title='bbox 2226 2226 2312 2281; x_wconf 88' lang='grc'>10.</span> <span class='ocrx_word' id='word_1_470' title='bbox 2353 2228 2421 2281; x_wconf 84' lang='lat' dir='ltr'>Et</span> <span class='ocrx_word' id='word_1_471' title='bbox 2472 2259 2524 2266; x_wconf 91' lang='lat'><strong><em>—</em></strong></span> <span class='ocrx_word' id='word_1_472' title='bbox 2584 2229 2878 2297; x_wconf 81' lang='lat' dir='ltr'>cognovit.</span> <span class='ocrx_word' id='word_1_473' title='bbox 2927 2228 3208 2284; x_wconf 90' lang='lat' dir='ltr'>Mundum</span> <span class='ocrx_word' id='word_1_474' title='bbox 3264 2229 3424 2283; x_wconf 88' lang='lat' dir='ltr'>hunc</span> <span class='ocrx_word' id='word_1_475' title='bbox 3469 2229 3608 2286; x_wconf 85' lang='lat' dir='ltr'>dicit</span> 
     </span>
    </p>
   </div>
   <div class='ocr_carea' id='block_1_69' title="bbox 1947 2315 3602 2388">
    <p class='ocr_par' dir='ltr' id='par_1_69' title="bbox 1947 2315 3602 2388">
     <span class='ocr_line' id='line_1_69' title="bbox 1947 2315 3602 2388; baseline 0.002 -19"><span class='ocrx_word' id='word_1_476' title='bbox 1947 2330 2067 2380; x_wconf 91' lang='lat' dir='ltr'>eos,</span> <span class='ocrx_word' id='word_1_477' title='bbox 2090 2315 2193 2386; x_wconf 90' lang='lat' dir='ltr'>qui</span> <span class='ocrx_word' id='word_1_478' title='bbox 2225 2316 2537 2373; x_wconf 88' lang='lat' dir='ltr'>mundana</span> <span class='ocrx_word' id='word_1_479' title='bbox 2567 2317 3194 2388; x_wconf 90' lang='lat' dir='ltr'>sapiunt,quimundo</span> <span class='ocrx_word' id='word_1_480' title='bbox 3231 2317 3388 2372; x_wconf 82' lang='lat' dir='ltr'>affixi</span> <span class='ocrx_word' id='word_1_481' title='bbox 3443 2322 3602 2386; x_wconf 89' lang='lat' dir='ltr'>sunt,</span> 
     </span>
    </p>
   </div>
   <div class='ocr_carea' id='block_1_70' title="bbox 1943 2403 3604 2478">
    <p class='ocr_par' dir='ltr' id='par_1_70' title="bbox 1943 2403 3604 2478">
     <span class='ocr_line' id='line_1_70' title="bbox 1943 2403 3604 2478; baseline 0.002 -21"><span class='ocrx_word' id='word_1_482' title='bbox 1943 2403 2084 2475; x_wconf 88' lang='lat' dir='ltr'>quia</span> <span class='ocrx_word' id='word_1_483' title='bbox 2111 2404 2486 2460; x_wconf 89' lang='lat' dir='ltr'>sensibilibus</span> <span class='ocrx_word' id='word_1_484' title='bbox 2503 2405 2682 2461; x_wconf 89' lang='lat' dir='ltr'>rebus</span> <span class='ocrx_word' id='word_1_485' title='bbox 2711 2405 2922 2461; x_wconf 91' lang='lat' dir='ltr'>abduci</span> <span class='ocrx_word' id='word_1_486' title='bbox 2954 2412 3276 2477; x_wconf 89' lang='lat' dir='ltr'>nequeunt,</span> <span class='ocrx_word' id='word_1_487' title='bbox 3303 2423 3410 2462; x_wconf 90' lang='lat' dir='ltr'>nec</span> <span class='ocrx_word' id='word_1_488' title='bbox 3431 2405 3604 2478; x_wconf 88' lang='lat' dir='ltr'>quid-</span> 
     </span>
    </p>
   </div>
   <div class='ocr_carea' id='block_1_71' title="bbox 1943 2495 3600 2567">
    <p class='ocr_par' dir='ltr' id='par_1_71' title="bbox 1943 2495 3600 2567">
     <span class='ocr_line' id='line_1_71' title="bbox 1943 2495 3600 2567; baseline 0.002 -19"><span class='ocrx_word' id='word_1_489' title='bbox 1943 2509 2127 2565; x_wconf 87' lang='lat' dir='ltr'>quam</span> <span class='ocrx_word' id='word_1_490' title='bbox 2154 2509 2335 2566; x_wconf 89' lang='lat' dir='ltr'>supra</span> <span class='ocrx_word' id='word_1_491' title='bbox 2351 2495 2472 2550; x_wconf 75' lang='lat' dir='ltr'>heec</span> <span class='ocrx_word' id='word_1_492' title='bbox 2499 2495 2820 2564; x_wconf 80' lang='lat' dir='ltr'>intelligere</span> <span class='ocrx_word' id='word_1_493' title='bbox 2842 2501 3109 2567; x_wconf 91' lang='lat' dir='ltr'>possunt.</span> <span class='ocrx_word' id='word_1_494' title='bbox 3133 2496 3242 2561; x_wconf 88' lang='lat' dir='ltr'>Qui</span> <span class='ocrx_word' id='word_1_495' title='bbox 3264 2497 3422 2552; x_wconf 91' lang='lat' dir='ltr'>enim</span> <span class='ocrx_word' id='word_1_496' title='bbox 3453 2496 3600 2552; x_wconf 88' lang='lat' dir='ltr'>tales</span> 
     </span>
    </p>
   </div>
   <div class='ocr_carea' id='block_1_72' title="bbox 1943 2585 3598 2658">
    <p class='ocr_par' dir='ltr' id='par_1_72' title="bbox 1943 2585 3598 2658">
     <span class='ocr_line' id='line_1_72' title="bbox 1943 2585 3598 2658; baseline 0.002 -20"><span class='ocrx_word' id='word_1_497' title='bbox 1943 2599 2065 2639; x_wconf 92' lang='lat' dir='ltr'>non</span> <span class='ocrx_word' id='word_1_498' title='bbox 2088 2589 2247 2649; x_wconf 86' lang='lat' dir='ltr'>sunt,</span> <span class='ocrx_word' id='word_1_499' title='bbox 2268 2585 2463 2656; x_wconf 89' lang='lat' dir='ltr'>ipsum</span> <span class='ocrx_word' id='word_1_500' title='bbox 2508 2587 2863 2658; x_wconf 88' lang='lat' dir='ltr'>priusquam</span> <span class='ocrx_word' id='word_1_501' title='bbox 2897 2587 3075 2642; x_wconf 86' lang='lat' dir='ltr'>etiam</span> <span class='ocrx_word' id='word_1_502' title='bbox 3122 2587 3181 2641; x_wconf 91' lang='lat' dir='ltr'>in</span> <span class='ocrx_word' id='word_1_503' title='bbox 3213 2603 3391 2642; x_wconf 90' lang='lat' dir='ltr'>carne</span> <span class='ocrx_word' id='word_1_504' title='bbox 3423 2585 3598 2643; x_wconf 86' lang='lat' dir='ltr'>adve-</span> 
     </span>
    </p>
   </div>
   <div class='ocr_carea' id='block_1_73' title="bbox 1943 2673 3598 2748">
    <p class='ocr_par' dir='ltr' id='par_1_73' title="bbox 1943 2673 3598 2748">
     <span class='ocr_line' id='line_1_73' title="bbox 1943 2673 3598 2748; baseline 0.002 -20"><span class='ocrx_word' id='word_1_505' title='bbox 1943 2673 2140 2729; x_wconf 90' lang='lat' dir='ltr'>nisset.</span> <span class='ocrx_word' id='word_1_506' title='bbox 2176 2680 2602 2744; x_wconf 87' lang='lat' dir='ltr'>cognoverunt.</span> <span class='ocrx_word' id='word_1_507' title='bbox 2639 2678 2702 2731; x_wconf 88' lang='lat' dir='ltr'>Et</span> <span class='ocrx_word' id='word_1_508' title='bbox 2726 2675 2864 2731; x_wconf 92' lang='lat' dir='ltr'>hinc</span> <span class='ocrx_word' id='word_1_509' title='bbox 2888 2681 2976 2732; x_wconf 89' lang='lat' dir='ltr'>est</span> <span class='ocrx_word' id='word_1_510' title='bbox 3000 2676 3158 2748; x_wconf 88' lang='lat' dir='ltr'>quod</span> <span class='ocrx_word' id='word_1_511' title='bbox 3191 2676 3267 2732; x_wconf 88' lang='lat' dir='ltr'>ad</span> <span class='ocrx_word' id='word_1_512' title='bbox 3297 2676 3598 2748; x_wconf 86' lang='lat' dir='ltr'>apostolos</span> 
     </span>
    </p>
   </div>
   <div class='ocr_carea' id='block_1_74' title="bbox 1942 2763 3599 2837">
    <p class='ocr_par' dir='ltr' id='par_1_74' title="bbox 1942 2763 3599 2837">
     <span class='ocr_line' id='line_1_74' title="bbox 1942 2763 3599 2837; baseline 0.001 -19"><span class='ocrx_word' id='word_1_513' title='bbox 1942 2763 2228 2818; x_wconf 84' lang='lat' dir='ltr'>vicesimo</span> <span class='ocrx_word' id='word_1_514' title='bbox 2283 2769 2498 2836; x_wconf 88' lang='lat' dir='ltr'>quarto</span> <span class='ocrx_word' id='word_1_515' title='bbox 2547 2765 2717 2834; x_wconf 86' lang='lat' dir='ltr'>juxta</span> <span class='ocrx_word' id='word_1_516' title='bbox 2792 2765 3122 2820; x_wconf 69' lang='lat' dir='ltr'>Matthaeum</span> <span class='ocrx_word' id='word_1_517' title='bbox 3198 2766 3390 2837; x_wconf 90' lang='lat' dir='ltr'>capite</span> <span class='ocrx_word' id='word_1_518' title='bbox 3451 2765 3599 2821; x_wconf 83' lang='lat' dir='ltr'>dixit</span> 
     </span>
    </p>
   </div>
   <div class='ocr_carea' id='block_1_75' title="bbox 1944 2851 3594 2925">
    <p class='ocr_par' dir='ltr' id='par_1_75' title="bbox 1944 2851 3594 2925">
     <span class='ocr_line' id='line_1_75' title="bbox 1944 2851 3594 2925; baseline 0.002 -17"><span class='ocrx_word' id='word_1_519' title='bbox 1944 2851 2231 2908; x_wconf 86' lang='lat' dir='ltr'>Christus.</span> <span class='ocrx_word' id='word_1_520' title='bbox 2279 2853 2458 2909; x_wconf 83' lang='lat' dir='ltr'>Multi</span> <span class='ocrx_word' id='word_1_521' title='bbox 2513 2855 2810 2925; x_wconf 69' lang='lat' dir='ltr'>propheta?</span> <span class='ocrx_word' id='word_1_522' title='bbox 2835 2860 2890 2910; x_wconf 83' lang='lat' dir='ltr'>et</span> <span class='ocrx_word' id='word_1_523' title='bbox 2915 2855 3077 2924; x_wconf 71' lang='lat' dir='ltr'>iuxti</span> <span class='ocrx_word' id='word_1_524' title='bbox 3113 2856 3594 2911; x_wconf 77' lang='lat' dir='ltr'>desideraverunt</span> 
     </span>
    </p>
   </div>
   <div class='ocr_carea' id='block_1_76' title="bbox 1945 2941 3597 3015">
    <p class='ocr_par' dir='ltr' id='par_1_76' title="bbox 1945 2941 3597 3015">
     <span class='ocr_line' id='line_1_76' title="bbox 1945 2941 3597 3015; baseline 0.003 -18"><span class='ocrx_word' id='word_1_525' title='bbox 1945 2941 2140 2998; x_wconf 78' lang='lat' dir='ltr'>videre</span> <span class='ocrx_word' id='word_1_526' title='bbox 2170 2958 2288 3013; x_wconf 71' lang='lat' dir='ltr'>quae</span> <span class='ocrx_word' id='word_1_527' title='bbox 2313 2943 2522 2999; x_wconf 80' lang='lat' dir='ltr'>videtis</span> <span class='ocrx_word' id='word_1_528' title='bbox 2553 2951 2605 2998; x_wconf 81' lang='lat' dir='ltr'>et</span> <span class='ocrx_word' id='word_1_529' title='bbox 2630 2959 2746 3000; x_wconf 83' lang='lat' dir='ltr'>nou</span> <span class='ocrx_word' id='word_1_530' title='bbox 2778 2945 3052 3000; x_wconf 81' lang='lat' dir='ltr'>viderunt</span> <span class='ocrx_word' id='word_1_531' title='bbox 3081 2960 3093 3000; x_wconf 92' lang='lat'><strong>:</strong></span> <span class='ocrx_word' id='word_1_532' title='bbox 3127 2949 3182 3001; x_wconf 83' lang='lat' dir='ltr'>et</span> <span class='ocrx_word' id='word_1_533' title='bbox 3218 2945 3434 3001; x_wconf 73' lang='lat' dir='ltr'>audire</span> <span class='ocrx_word' id='word_1_534' title='bbox 3461 2960 3597 3015; x_wconf 67' lang='lat' dir='ltr'>qua:</span> 
     </span>
    </p>
   </div>
   <div class='ocr_carea' id='block_1_77' title="bbox 1943 3031 3598 3106">
    <p class='ocr_par' dir='ltr' id='par_1_77' title="bbox 1943 3031 3598 3106">
     <span class='ocr_line' id='line_1_77' title="bbox 1943 3031 3598 3106; baseline 0.001 -19"><span class='ocrx_word' id='word_1_535' title='bbox 1943 3031 2182 3098; x_wconf 79' lang='lat' dir='ltr'>auditis,</span> <span class='ocrx_word' id='word_1_536' title='bbox 2214 3040 2266 3088; x_wconf 84' lang='lat' dir='ltr'>et</span> <span class='ocrx_word' id='word_1_537' title='bbox 2292 3049 2410 3088; x_wconf 84' lang='lat' dir='ltr'>non</span> <span class='ocrx_word' id='word_1_538' title='bbox 2428 3033 2755 3091; x_wconf 74' lang='lat' dir='ltr'>audierunt</span> <span class='ocrx_word' id='word_1_539' title='bbox 2773 3035 2839 3088; x_wconf 84' lang='grc'>¹¹.</span> <span class='ocrx_word' id='word_1_540' title='bbox 2874 3034 3046 3100; x_wconf 86' lang='lat' dir='ltr'>Quod</span> <span class='ocrx_word' id='word_1_541' title='bbox 3069 3034 3117 3088; x_wconf 88' lang='lat' dir='ltr'>si</span> <span class='ocrx_word' id='word_1_542' title='bbox 3139 3034 3336 3106; x_wconf 92' lang='lat' dir='ltr'>ipsum</span> <span class='ocrx_word' id='word_1_543' title='bbox 3365 3049 3484 3088; x_wconf 90' lang='lat' dir='ltr'>non</span> <span class='ocrx_word' id='word_1_544' title='bbox 3507 3050 3598 3090; x_wconf 91' lang='lat' dir='ltr'>co-</span> 
     </span>
    </p>
   </div>
   <div class='ocr_carea' id='block_1_78' title="bbox 1944 3121 3598 3190">
    <p class='ocr_par' dir='ltr' id='par_1_78' title="bbox 1944 3121 3598 3190">
     <span class='ocr_line' id='line_1_78' title="bbox 1944 3121 3598 3190; baseline 0.002 -15"><span class='ocrx_word' id='word_1_545' title='bbox 1944 3121 2309 3190; x_wconf 89' lang='lat' dir='ltr'>gnovissent,</span> <span class='ocrx_word' id='word_1_546' title='bbox 2353 3138 2470 3177; x_wconf 91' lang='lat' dir='ltr'>non</span> <span class='ocrx_word' id='word_1_547' title='bbox 2511 3122 2952 3178; x_wconf 83' lang='lat' dir='ltr'>desiderassent</span> <span class='ocrx_word' id='word_1_548' title='bbox 3005 3124 3225 3188; x_wconf 88' lang='lat' dir='ltr'>videre,</span> <span class='ocrx_word' id='word_1_549' title='bbox 3281 3128 3340 3178; x_wconf 90' lang='lat' dir='ltr'>ut</span> <span class='ocrx_word' id='word_1_550' title='bbox 3371 3124 3598 3179; x_wconf 90' lang='lat' dir='ltr'>dictum</span> 
     </span>
    </p>
   </div>
   <div class='ocr_carea' id='block_1_79' title="bbox 1943 3209 3597 3285">
    <p class='ocr_par' dir='ltr' id='par_1_79' title="bbox 1943 3209 3597 3285">
     <span class='ocr_line' id='line_1_79' title="bbox 1943 3209 3597 3285; baseline 0.002 -21"><span class='ocrx_word' id='word_1_551' title='bbox 1943 3217 2048 3274; x_wconf 88' lang='lat' dir='ltr'>est,</span> <span class='ocrx_word' id='word_1_552' title='bbox 2082 3209 2174 3266; x_wconf 85' lang='lat' dir='ltr'>vel</span> <span class='ocrx_word' id='word_1_553' title='bbox 2192 3210 2416 3266; x_wconf 88' lang='lat' dir='ltr'>audire.</span> <span class='ocrx_word' id='word_1_554' title='bbox 2449 3211 2654 3283; x_wconf 87' lang='lat' dir='ltr'>Itaque</span> <span class='ocrx_word' id='word_1_555' title='bbox 2681 3219 3089 3284; x_wconf 88' lang='lat' dir='ltr'>cognoverunt</span> <span class='ocrx_word' id='word_1_556' title='bbox 3130 3213 3372 3285; x_wconf 90' lang='lat' dir='ltr'>quidem</span> <span class='ocrx_word' id='word_1_557' title='bbox 3432 3229 3597 3280; x_wconf 87' lang='lat' dir='ltr'>eum,</span> 
     </span>
    </p>
   </div>
   <div class='ocr_carea' id='block_1_80' title="bbox 1944 3298 3594 3374">
    <p class='ocr_par' dir='ltr' id='par_1_80' title="bbox 1944 3298 3594 3374">
     <span class='ocr_line' id='line_1_80' title="bbox 1944 3298 3594 3374; baseline 0.004 -22"><span class='ocrx_word' id='word_1_558' title='bbox 1944 3298 2192 3370; x_wconf 89' lang='lat' dir='ltr'>ejusque</span> <span class='ocrx_word' id='word_1_559' title='bbox 2216 3299 2277 3354; x_wconf 90' lang='lat' dir='ltr'>in</span> <span class='ocrx_word' id='word_1_560' title='bbox 2309 3315 2487 3355; x_wconf 87' lang='lat' dir='ltr'>carne</span> <span class='ocrx_word' id='word_1_561' title='bbox 2530 3301 2898 3373; x_wconf 86' lang='lat' dir='ltr'>mysterium,</span> <span class='ocrx_word' id='word_1_562' title='bbox 2937 3319 3144 3358; x_wconf 88' lang='lat' dir='ltr'>verum</span> <span class='ocrx_word' id='word_1_563' title='bbox 3204 3303 3265 3357; x_wconf 81' lang='lat' dir='ltr'>id</span> <span class='ocrx_word' id='word_1_564' title='bbox 3305 3318 3594 3374; x_wconf 89' lang='lat' dir='ltr'>superna-</span> 
     </span>
    </p>
   </div>
   <div class='ocr_carea' id='block_1_81' title="bbox 1943 3387 3600 3448">
    <p class='ocr_par' dir='ltr' id='par_1_81' title="bbox 1943 3387 3600 3448">
     <span class='ocr_line' id='line_1_81' title="bbox 1943 3387 3600 3448; baseline 0.003 -6"><span class='ocrx_word' id='word_1_565' title='bbox 1943 3387 2206 3444; x_wconf 89' lang='lat' dir='ltr'>turaliter</span> <span class='ocrx_word' id='word_1_566' title='bbox 2239 3389 2767 3446; x_wconf 85' lang='lat' dir='ltr'>:desideraverunt</span> <span class='ocrx_word' id='word_1_567' title='bbox 2807 3396 3009 3448; x_wconf 87' lang='lat' dir='ltr'>autem</span> <span class='ocrx_word' id='word_1_568' title='bbox 3053 3397 3109 3448; x_wconf 92' lang='lat' dir='ltr'>et</span> <span class='ocrx_word' id='word_1_569' title='bbox 3137 3392 3500 3448; x_wconf 89' lang='lat' dir='ltr'>sensibiliter</span> <span class='ocrx_word' id='word_1_570' title='bbox 3520 3393 3600 3447; x_wconf 82' lang='lat' dir='ltr'>vi-</span> 
     </span>
    </p>
   </div>
   <div class='ocr_carea' id='block_1_82' title="bbox 1942 3475 3597 3554">
    <p class='ocr_par' dir='ltr' id='par_1_82' title="bbox 1942 3475 3597 3554">
     <span class='ocr_line' id='line_1_82' title="bbox 1942 3475 3597 3554; baseline 0.004 -22"><span class='ocrx_word' id='word_1_571' title='bbox 1942 3475 2081 3532; x_wconf 90' lang='lat' dir='ltr'>dere</span> <span class='ocrx_word' id='word_1_572' title='bbox 2107 3479 2304 3548; x_wconf 92' lang='lat' dir='ltr'>ipsum</span> <span class='ocrx_word' id='word_1_573' title='bbox 2335 3480 2631 3536; x_wconf 74' lang='lat' dir='ltr'>mirabilia</span> <span class='ocrx_word' id='word_1_574' title='bbox 2661 3488 3025 3552; x_wconf 88' lang='lat' dir='ltr'>operantem,</span> <span class='ocrx_word' id='word_1_575' title='bbox 3073 3487 3130 3538; x_wconf 90' lang='lat' dir='ltr'>et</span> <span class='ocrx_word' id='word_1_576' title='bbox 3161 3482 3367 3538; x_wconf 88' lang='lat' dir='ltr'>audire</span> <span class='ocrx_word' id='word_1_577' title='bbox 3395 3484 3597 3554; x_wconf 88' lang='lat' dir='ltr'>ipsum</span> 
     </span>
    </p>
   </div>
   <div class='ocr_carea' id='block_1_83' title="bbox 1942 3566 3376 3644">
    <p class='ocr_par' dir='ltr' id='par_1_83' title="bbox 1942 3566 3376 3644">
     <span class='ocr_line' id='line_1_83' title="bbox 1942 3566 3376 3644; baseline 0.003 -23"><span class='ocrx_word' id='word_1_578' title='bbox 1942 3566 2278 3633; x_wconf 91' lang='lat' dir='ltr'>docentem,</span> <span class='ocrx_word' id='word_1_579' title='bbox 2312 3573 2368 3624; x_wconf 90' lang='lat' dir='ltr'>et</span> <span class='ocrx_word' id='word_1_580' title='bbox 2390 3569 2736 3641; x_wconf 89' lang='lat' dir='ltr'>simpliciter</span> <span class='ocrx_word' id='word_1_581' title='bbox 2759 3571 2819 3626; x_wconf 92' lang='lat' dir='ltr'>in</span> <span class='ocrx_word' id='word_1_582' title='bbox 2861 3571 3131 3628; x_wconf 88' lang='lat' dir='ltr'>humana</span> <span class='ocrx_word' id='word_1_583' title='bbox 3163 3574 3376 3644; x_wconf 90' lang='lat' dir='ltr'>specie.</span> 
     </span>
    </p>
   </div>
   <div class='ocr_carea' id='block_1_84' title="bbox 2012 3655 3597 3732">
    <p class='ocr_par' dir='ltr' id='par_1_84' title="bbox 2012 3655 3597 3732">
     <span class='ocr_line' id='line_1_84' title="bbox 2012 3655 3597 3732; baseline 0.004 -22"><span class='ocrx_word' id='word_1_584' title='bbox 2012 3655 2357 3728; x_wconf 89' lang='lat' dir='ltr'>Intelligitur</span> <span class='ocrx_word' id='word_1_585' title='bbox 2381 3675 2618 3730; x_wconf 86' lang='lat' dir='ltr'>quoque</span> <span class='ocrx_word' id='word_1_586' title='bbox 2661 3661 2825 3732; x_wconf 87' lang='lat' dir='ltr'>quod</span> <span class='ocrx_word' id='word_1_587' title='bbox 2858 3661 3202 3730; x_wconf 88' lang='lat' dir='ltr'>indignatus</span> <span class='ocrx_word' id='word_1_588' title='bbox 3233 3661 3597 3731; x_wconf 80' lang='lat' dir='ltr'>evangelista</span> 
     </span>
    </p>
   </div>
   <div class='ocr_carea' id='block_1_85' title="bbox 1941 3749 3590 3821">
    <p class='ocr_par' dir='ltr' id='par_1_85' title="bbox 1941 3749 3590 3821">
     <span class='ocr_line' id='line_1_85' title="bbox 1941 3749 3590 3821; baseline 0.004 -21"><span class='ocrx_word' id='word_1_589' title='bbox 1941 3760 2122 3816; x_wconf 85' lang='lat' dir='ltr'>super</span> <span class='ocrx_word' id='word_1_590' title='bbox 2161 3762 2370 3803; x_wconf 87' lang='lat' dir='ltr'>eorum</span> <span class='ocrx_word' id='word_1_591' title='bbox 2422 3749 2683 3804; x_wconf 66' lang='lat' dir='ltr'>caecitate</span> <span class='ocrx_word' id='word_1_592' title='bbox 2713 3749 2817 3821; x_wconf 91' lang='lat' dir='ltr'>qui</span> <span class='ocrx_word' id='word_1_593' title='bbox 2881 3749 3082 3821; x_wconf 91' lang='lat' dir='ltr'>ipsum</span> <span class='ocrx_word' id='word_1_594' title='bbox 3145 3751 3590 3820; x_wconf 85' lang='lat' dir='ltr'>ignoraverunt,</span> 
     </span>
    </p>
   </div>
   <div class='ocr_carea' id='block_1_86' title="bbox 1939 3833 3595 3908">
    <p class='ocr_par' dir='ltr' id='par_1_86' title="bbox 1939 3833 3595 3908">
     <span class='ocr_line' id='line_1_86' title="bbox 1939 3833 3595 3908; baseline 0.004 -19"><span class='ocrx_word' id='word_1_595' title='bbox 1939 3833 2080 3890; x_wconf 89' lang='lat' dir='ltr'>dicit</span> <span class='ocrx_word' id='word_1_596' title='bbox 2111 3850 2124 3890; x_wconf 93' lang='lat'>:</span> <span class='ocrx_word' id='word_1_597' title='bbox 2167 3837 2242 3891; x_wconf 80' lang='lat' dir='ltr'>Et</span> <span class='ocrx_word' id='word_1_598' title='bbox 2262 3838 2516 3893; x_wconf 79' lang='lat' dir='ltr'>mundus</span> <span class='ocrx_word' id='word_1_599' title='bbox 2537 3854 2644 3908; x_wconf 80' lang='lat' dir='ltr'>per</span> <span class='ocrx_word' id='word_1_600' title='bbox 2674 3839 2865 3908; x_wconf 74' lang='lat' dir='ltr'>ipsum</span> <span class='ocrx_word' id='word_1_601' title='bbox 2900 3841 3105 3908; x_wconf 80' lang='lat' dir='ltr'>factus</span> <span class='ocrx_word' id='word_1_602' title='bbox 3136 3845 3240 3906; x_wconf 85' lang='lat' dir='ltr'>est,</span> <span class='ocrx_word' id='word_1_603' title='bbox 3270 3842 3595 3897; x_wconf 77' lang='lat' dir='ltr'>etmundus</span> 
     </span>
    </p>
   </div>
   <div class='ocr_carea' id='block_1_87' title="bbox 1937 3927 3594 3997">
    <p class='ocr_par' dir='ltr' id='par_1_87' title="bbox 1937 3927 3594 3997">
     <span class='ocr_line' id='line_1_87' title="bbox 1937 3927 3594 3997; baseline 0.004 -17"><span class='ocrx_word' id='word_1_604' title='bbox 1937 3940 2059 3981; x_wconf 80' lang='lat' dir='ltr'>eum</span> <span class='ocrx_word' id='word_1_605' title='bbox 2089 3940 2206 3981; x_wconf 79' lang='lat' dir='ltr'>non</span> <span class='ocrx_word' id='word_1_606' title='bbox 2235 3928 2507 3997; x_wconf 77' lang='lat' dir='ltr'>cognovit,</span> <span class='ocrx_word' id='word_1_607' title='bbox 2539 3928 2652 3984; x_wconf 88' lang='lat' dir='ltr'>hoc</span> <span class='ocrx_word' id='word_1_608' title='bbox 2672 3934 2781 3996; x_wconf 90' lang='lat' dir='ltr'>est,</span> <span class='ocrx_word' id='word_1_609' title='bbox 2809 3927 2918 3996; x_wconf 86' lang='lat' dir='ltr'>Qui</span> <span class='ocrx_word' id='word_1_610' title='bbox 2946 3929 3078 3984; x_wconf 85' lang='lat' dir='ltr'>facti</span> <span class='ocrx_word' id='word_1_611' title='bbox 3101 3934 3261 3996; x_wconf 90' lang='lat' dir='ltr'>sunt,</span> <span class='ocrx_word' id='word_1_612' title='bbox 3285 3931 3594 3987; x_wconf 89' lang='lat' dir='ltr'>Factorem</span> 
     </span>
    </p>
   </div>
   <div class='ocr_carea' id='block_1_88' title="bbox 1937 4024 2516 4084">
    <p class='ocr_par' dir='ltr' id='par_1_88' title="bbox 1937 4024 2516 4084">
     <span class='ocr_line' id='line_1_88' title="bbox 1937 4024 2516 4084; baseline 0.005 -15"><span class='ocrx_word' id='word_1_613' title='bbox 1937 4027 2056 4070; x_wconf 90' lang='lat' dir='ltr'>non</span> <span class='ocrx_word' id='word_1_614' title='bbox 2092 4024 2516 4084; x_wconf 86' lang='lat' dir='ltr'>cognoverunt.</span> 
     </span>
    </p>
   </div>
   <div class='ocr_carea' id='block_1_89' title="bbox 2009 4104 3586 4179">
    <p class='ocr_par' dir='ltr' id='par_1_89' title="bbox 2009 4104 3586 4179">
     <span class='ocr_line' id='line_1_89' title="bbox 2009 4104 3586 4179; baseline 0.005 -24"><span class='ocrx_word' id='word_1_615' title='bbox 2009 4104 2171 4158; x_wconf 89' lang='lat' dir='ltr'>Vers.</span> <span class='ocrx_word' id='word_1_616' title='bbox 2193 4106 2277 4160; x_wconf 79' lang='grc'><strong>11.</strong></span> <span class='ocrx_word' id='word_1_617' title='bbox 2310 4105 2382 4160; x_wconf 89' lang='lat' dir='ltr'>In</span> <span class='ocrx_word' id='word_1_618' title='bbox 2404 4111 2855 4176; x_wconf 79' lang='lat' dir='ltr'>—-receperunt.</span> <span class='ocrx_word' id='word_1_619' title='bbox 2880 4107 3047 4163; x_wconf 88' lang='lat' dir='ltr'>Ahuc</span> <span class='ocrx_word' id='word_1_620' title='bbox 3061 4107 3311 4163; x_wconf 90' lang='lat' dir='ltr'>verbum</span> <span class='ocrx_word' id='word_1_621' title='bbox 3325 4108 3586 4179; x_wconf 88' lang='lat' dir='ltr'>amplius</span> 
     </span>
    </p>
   </div>
   <div class='ocr_carea' id='block_1_90' title="bbox 1935 4191 3595 4268">
    <p class='ocr_par' dir='ltr' id='par_1_90' title="bbox 1935 4191 3595 4268">
     <span class='ocr_line' id='line_1_90' title="bbox 1935 4191 3595 4268; baseline 0.004 -22"><span class='ocrx_word' id='word_1_622' title='bbox 1935 4191 2298 4250; x_wconf 84' lang='lat' dir='ltr'>manifestat.</span> <span class='ocrx_word' id='word_1_623' title='bbox 2327 4198 2476 4252; x_wconf 89' lang='lat' dir='ltr'>Nam</span> <span class='ocrx_word' id='word_1_624' title='bbox 2507 4212 2637 4260; x_wconf 89' lang='lat' dir='ltr'>sua,</span> <span class='ocrx_word' id='word_1_625' title='bbox 2680 4195 2944 4252; x_wconf 88' lang='lat' dir='ltr'>mundus</span> <span class='ocrx_word' id='word_1_626' title='bbox 2973 4201 3081 4261; x_wconf 91' lang='lat' dir='ltr'>est,</span> <span class='ocrx_word' id='word_1_627' title='bbox 3120 4212 3336 4268; x_wconf 89' lang='lat' dir='ltr'>nempe</span> <span class='ocrx_word' id='word_1_628' title='bbox 3365 4196 3595 4252; x_wconf 88' lang='lat' dir='ltr'>factura</span> 
     </span>
    </p>
   </div>
   <div class='ocr_carea' id='block_1_91' title="bbox 1937 4279 3591 4358">
    <p class='ocr_par' dir='ltr' id='par_1_91' title="bbox 1937 4279 3591 4358">
     <span class='ocr_line' id='line_1_91' title="bbox 1937 4279 3591 4358; baseline 0.004 -25"><span class='ocrx_word' id='word_1_629' title='bbox 1937 4279 2144 4352; x_wconf 89' lang='lat' dir='ltr'>ipsius.</span> <span class='ocrx_word' id='word_1_630' title='bbox 2200 4284 2298 4340; x_wconf 91' lang='lat' dir='ltr'>Sui</span> <span class='ocrx_word' id='word_1_631' title='bbox 2339 4301 2582 4358; x_wconf 88' lang='lat' dir='ltr'>quoque</span> <span class='ocrx_word' id='word_1_632' title='bbox 2642 4291 2780 4342; x_wconf 89' lang='lat' dir='ltr'>sunt</span> <span class='ocrx_word' id='word_1_633' title='bbox 2835 4286 3133 4353; x_wconf 91' lang='lat' dir='ltr'>homines,</span> <span class='ocrx_word' id='word_1_634' title='bbox 3188 4291 3384 4355; x_wconf 89' lang='lat' dir='ltr'>utpote</span> <span class='ocrx_word' id='word_1_635' title='bbox 3414 4284 3591 4340; x_wconf 88' lang='lat' dir='ltr'>etiam</span> 
     </span>
    </p>
   </div>
   <div class='ocr_carea' id='block_1_92' title="bbox 1937 4370 3592 4446">
    <p class='ocr_par' dir='ltr' id='par_1_92' title="bbox 1937 4370 3592 4446">
     <span class='ocr_line' id='line_1_92' title="bbox 1937 4370 3592 4446; baseline 0 -17"><span class='ocrx_word' id='word_1_636' title='bbox 1937 4385 2122 4441; x_wconf 90' lang='lat' dir='ltr'>opera</span> <span class='ocrx_word' id='word_1_637' title='bbox 2146 4370 2356 4444; x_wconf 88' lang='lat' dir='ltr'>ipsius,</span> <span class='ocrx_word' id='word_1_638' title='bbox 2389 4381 2445 4429; x_wconf 90' lang='lat' dir='ltr'>et</span> <span class='ocrx_word' id='word_1_639' title='bbox 2467 4380 2755 4446; x_wconf 89' lang='lat' dir='ltr'>tanquam</span> <span class='ocrx_word' id='word_1_640' title='bbox 2788 4375 2866 4430; x_wconf 92' lang='lat' dir='ltr'>ad</span> <span class='ocrx_word' id='word_1_641' title='bbox 2903 4375 3089 4445; x_wconf 90' lang='lat' dir='ltr'>ipsius</span> <span class='ocrx_word' id='word_1_642' title='bbox 3121 4374 3444 4442; x_wconf 87' lang='lat' dir='ltr'>imaginem</span> <span class='ocrx_word' id='word_1_643' title='bbox 3469 4373 3592 4429; x_wconf 87' lang='lat' dir='ltr'>for-</span> 
     </span>
    </p>
   </div>
   <div class='ocr_carea' id='block_1_93' title="bbox 1937 4462 3590 4535">
    <p class='ocr_par' dir='ltr' id='par_1_93' title="bbox 1937 4462 3590 4535">
     <span class='ocr_line' id='line_1_93' title="bbox 1937 4462 3590 4535; baseline -0.001 -15"><span class='ocrx_word' id='word_1_644' title='bbox 1937 4465 2102 4522; x_wconf 90' lang='lat' dir='ltr'>mati.</span> <span class='ocrx_word' id='word_1_645' title='bbox 2131 4463 2300 4520; x_wconf 89' lang='lat' dir='ltr'>Venit</span> <span class='ocrx_word' id='word_1_646' title='bbox 2347 4462 2525 4534; x_wconf 81' lang='lat' dir='ltr'>igitur</span> <span class='ocrx_word' id='word_1_647' title='bbox 2581 4463 2643 4518; x_wconf 90' lang='lat' dir='ltr'>in</span> <span class='ocrx_word' id='word_1_648' title='bbox 2691 4479 2817 4532; x_wconf 88' lang='lat' dir='ltr'>eos,</span> <span class='ocrx_word' id='word_1_649' title='bbox 2879 4463 3001 4519; x_wconf 83' lang='lat' dir='ltr'>sive</span> <span class='ocrx_word' id='word_1_650' title='bbox 3042 4464 3119 4519; x_wconf 92' lang='lat' dir='ltr'>ad</span> <span class='ocrx_word' id='word_1_651' title='bbox 3159 4479 3261 4518; x_wconf 89' lang='lat' dir='ltr'>eos</span> <span class='ocrx_word' id='word_1_652' title='bbox 3301 4469 3590 4535; x_wconf 86' lang='lat' dir='ltr'>tanquam</span> 
     </span>
    </p>
   </div>
   <div class='ocr_carea' id='block_1_94' title="bbox 1858 4527 3517 4626">
    <p class='ocr_par' dir='ltr' id='par_1_94' title="bbox 1858 4527 3517 4626">
     <span class='ocr_line' id='line_1_94' title="bbox 1858 4527 3517 4626; baseline -0.002 -15"><span class='ocrx_word' id='word_1_653' title='bbox 1858 4527 1902 4580; x_wconf 70' lang='grc' dir='ltr'>θ</span> <span class='ocrx_word' id='word_1_654' title='bbox 1933 4555 2118 4611; x_wconf 89' lang='lat' dir='ltr'>homo</span> <span class='ocrx_word' id='word_1_655' title='bbox 2145 4570 2156 4608; x_wconf 88' lang='lat'>:</span> <span class='ocrx_word' id='word_1_656' title='bbox 2186 4553 2484 4626; x_wconf 90' lang='lat' dir='ltr'>siquidem</span> <span class='ocrx_word' id='word_1_657' title='bbox 2511 4557 2797 4624; x_wconf 86' lang='lat' dir='ltr'>tanquam</span> <span class='ocrx_word' id='word_1_658' title='bbox 2829 4554 2998 4618; x_wconf 90' lang='lat' dir='ltr'>Deus,</span> <span class='ocrx_word' id='word_1_659' title='bbox 3019 4553 3078 4608; x_wconf 89' lang='lat' dir='ltr'>in</span> <span class='ocrx_word' id='word_1_660' title='bbox 3114 4553 3342 4608; x_wconf 90' lang='lat' dir='ltr'>mundo</span> <span class='ocrx_word' id='word_1_661' title='bbox 3371 4557 3517 4608; x_wconf 91' lang='lat' dir='ltr'>erat.</span> 
     </span>
    </p>
   </div>
   <div class='ocr_carea' id='block_1_95' title="bbox 295 4633 1821 4712">
    <p class='ocr_par' dir='ltr' id='par_1_95' title="bbox 295 4633 1821 4712">
     <span class='ocr_line' id='line_1_95' title="bbox 295 4633 1821 4712; baseline 0.003 -25"><span class='ocrx_word' id='word_1_662' title='bbox 295 4634 658 4709; x_wconf 84' lang='grc' dir='ltr'>Ἐρμηνεύεται</span> <span class='ocrx_word' id='word_1_663' title='bbox 722 4633 780 4690; x_wconf 68' lang='grc' dir='ltr'>δὲ</span> <span class='ocrx_word' id='word_1_664' title='bbox 844 4645 933 4690; x_wconf 83' lang='grc' dir='ltr'>καὶ</span> <span class='ocrx_word' id='word_1_665' title='bbox 1003 4639 1121 4690; x_wconf 84' lang='grc' dir='ltr'>καθ’</span> <span class='ocrx_word' id='word_1_666' title='bbox 1203 4641 1370 4711; x_wconf 82' lang='grc' dir='ltr'>ἕτερον</span> <span class='ocrx_word' id='word_1_667' title='bbox 1435 4645 1640 4712; x_wconf 68' lang='grc' dir='ltr'>τρόπον,</span> <span class='ocrx_word' id='word_1_668' title='bbox 1718 4644 1821 4704; x_wconf 82' lang='grc' dir='ltr'>ὅτι,</span> 
     </span>
    </p>
   </div>
   <div class='ocr_carea' id='block_1_96' title="bbox 226 4722 1821 4805">
    <p class='ocr_par' dir='ltr' id='par_1_96' title="bbox 226 4722 1821 4805">
     <span class='ocr_line' id='line_1_96' title="bbox 226 4722 1821 4805; baseline 0.004 -29"><span class='ocrx_word' id='word_1_669' title='bbox 226 4723 335 4776; x_wconf 82' lang='grc' dir='ltr'>ἐπεὶ</span> <span class='ocrx_word' id='word_1_670' title='bbox 384 4723 437 4788; x_wconf 81' lang='grc' dir='ltr'><em>ἐξ</em></span> <span class='ocrx_word' id='word_1_671' title='bbox 475 4722 739 4780; x_wconf 77' lang='grc' dir='ltr'>Ἰουδαίων</span> <span class='ocrx_word' id='word_1_672' title='bbox 793 4729 817 4778; x_wconf 92' lang='grc' dir='ltr'>ό</span> <span class='ocrx_word' id='word_1_673' title='bbox 856 4732 1088 4800; x_wconf 81' lang='grc' dir='ltr'>Χριστός</span> <span class='ocrx_word' id='word_1_674' title='bbox 1135 4727 1420 4787; x_wconf 79' lang='grc' dir='ltr'>ἐϐλάστησε</span> <span class='ocrx_word' id='word_1_675' title='bbox 1459 4733 1589 4783; x_wconf 85' lang='grc' dir='ltr'>κατά</span> <span class='ocrx_word' id='word_1_676' title='bbox 1630 4733 1821 4805; x_wconf 78' lang='grc' dir='ltr'>σάρκα,</span> 
     </span>
    </p>
   </div>
   <div class='ocr_carea' id='block_1_97' title="bbox 222 4810 1824 4890">
    <p class='ocr_par' dir='ltr' id='par_1_97' title="bbox 222 4810 1824 4890">
     <span class='ocr_line' id='line_1_97' title="bbox 222 4810 1824 4890; baseline 0.005 -26"><span class='ocrx_word' id='word_1_677' title='bbox 222 4810 340 4866; x_wconf 89' lang='grc' dir='ltr'>’ἰδια</span> <span class='ocrx_word' id='word_1_678' title='bbox 384 4818 474 4886; x_wconf 67' lang='grc' dir='ltr'>μὲν</span> <span class='ocrx_word' id='word_1_679' title='bbox 507 4815 668 4868; x_wconf 74' lang='grc' dir='ltr'>αὐτοῦ</span> <span class='ocrx_word' id='word_1_680' title='bbox 726 4819 782 4868; x_wconf 81' lang='grc' dir='ltr'>αἱ</span> <span class='ocrx_word' id='word_1_681' title='bbox 825 4813 1095 4890; x_wconf 79' lang='grc' dir='ltr'>διατριϐαὶ</span> <span class='ocrx_word' id='word_1_682' title='bbox 1150 4820 1375 4870; x_wconf 81' lang='grc' dir='ltr'>τούτων’</span> <span class='ocrx_word' id='word_1_683' title='bbox 1435 4816 1566 4872; x_wconf 79' lang='grc' dir='ltr'>ἴδιοι</span> <span class='ocrx_word' id='word_1_684' title='bbox 1624 4817 1682 4874; x_wconf 70' lang='grc' dir='ltr'>δὲ</span> <span class='ocrx_word' id='word_1_685' title='bbox 1729 4821 1824 4872; x_wconf 79' lang='grc' dir='ltr'>αύ-</span> 
     </span>
    </p>
   </div>
   <div class='ocr_carea' id='block_1_98' title="bbox 223 4906 1824 4980">
    <p class='ocr_par' dir='ltr' id='par_1_98' title="bbox 223 4906 1824 4980">
     <span class='ocr_line' id='line_1_98' title="bbox 223 4906 1824 4980; baseline 0.004 -26"><span class='ocrx_word' id='word_1_686' title='bbox 223 4908 324 4969; x_wconf 81' lang='grc' dir='ltr'>τοὶ,</span> <span class='ocrx_word' id='word_1_687' title='bbox 396 4907 465 4966; x_wconf 84' lang='grc' dir='ltr'>ὡς</span> <span class='ocrx_word' id='word_1_688' title='bbox 541 4913 804 4977; x_wconf 82' lang='grc' dir='ltr'>συγγενεῖς</span> <span class='ocrx_word' id='word_1_689' title='bbox 870 4906 1030 4959; x_wconf 81' lang='grc' dir='ltr'>αύτού</span> <span class='ocrx_word' id='word_1_690' title='bbox 1093 4911 1181 4958; x_wconf 86' lang='grc' dir='ltr'>καὶ</span> <span class='ocrx_word' id='word_1_691' title='bbox 1257 4907 1524 4980; x_wconf 85' lang='grc' dir='ltr'>ὁμόφυλοι.</span> <span class='ocrx_word' id='word_1_692' title='bbox 1591 4913 1677 4962; x_wconf 85' lang='grc' dir='ltr'>Διό</span> <span class='ocrx_word' id='word_1_693' title='bbox 1736 4914 1824 4961; x_wconf 85' lang='grc' dir='ltr'>καὶ</span> 
     </span>
    </p>
   </div>
   <div class='ocr_carea' id='block_1_99' title="bbox 221 4991 1826 5071">
    <p class='ocr_par' dir='ltr' id='par_1_99' title="bbox 221 4991 1826 5071">
     <span class='ocr_line' id='line_1_99' title="bbox 221 4991 1826 5071; baseline 0.004 -28"><span class='ocrx_word' id='word_1_694' title='bbox 221 4991 408 5063; x_wconf 45' lang='lat' dir='ltr'>Elea/sv,</span> <span class='ocrx_word' id='word_1_695' title='bbox 477 4993 589 5045; x_wconf 86' lang='grc' dir='ltr'>Ούκ</span> <span class='ocrx_word' id='word_1_696' title='bbox 647 4991 941 5052; x_wconf 80' lang='grc' dir='ltr'>ἀπεστάλην</span> <span class='ocrx_word' id='word_1_697' title='bbox 998 4995 1042 5047; x_wconf 86' lang='grc' dir='ltr'>εἰ</span> <span class='ocrx_word' id='word_1_698' title='bbox 1087 4999 1159 5067; x_wconf 83' lang='grc' dir='ltr'>μὴ</span> <span class='ocrx_word' id='word_1_699' title='bbox 1221 4995 1288 5056; x_wconf 83' lang='grc' dir='ltr'>εἰς</span> <span class='ocrx_word' id='word_1_700' title='bbox 1337 4999 1403 5048; x_wconf 81' lang='grc' dir='ltr'>τὰ</span> <span class='ocrx_word' id='word_1_701' title='bbox 1464 4996 1699 5071; x_wconf 79' lang='grc' dir='ltr'>πρόϐατα</span> <span class='ocrx_word' id='word_1_702' title='bbox 1761 5001 1826 5049; x_wconf 88' lang='grc' dir='ltr'>τά</span> 
     </span>
    </p>
   </div>
   <div class='ocr_carea' id='block_1_100' title="bbox 221 5079 1824 5159">
    <p class='ocr_par' dir='ltr' id='par_1_100' title="bbox 221 5079 1824 5159">
     <span class='ocr_line' id='line_1_100' title="bbox 221 5079 1824 5159; baseline 0.004 -27"><span class='ocrx_word' id='word_1_703' title='bbox 221 5079 524 5134; x_wconf 83' lang='grc' dir='ltr'>ἀπολωλότα</span> <span class='ocrx_word' id='word_1_704' title='bbox 588 5085 733 5136; x_wconf 82' lang='grc' dir='ltr'>οἴκου</span> <span class='ocrx_word' id='word_1_705' title='bbox 805 5083 1038 5159; x_wconf 77' lang='grc' dir='ltr'>Ἰσραήλ.</span> <span class='ocrx_word' id='word_1_706' title='bbox 1120 5083 1203 5145; x_wconf 84' lang='grc' dir='ltr'>Εἰς</span> <span class='ocrx_word' id='word_1_707' title='bbox 1271 5086 1337 5137; x_wconf 81' lang='grc' dir='ltr'>τὰ</span> <span class='ocrx_word' id='word_1_708' title='bbox 1402 5082 1522 5139; x_wconf 79' lang='grc' dir='ltr'>ἴδια</span> <span class='ocrx_word' id='word_1_709' title='bbox 1579 5090 1669 5159; x_wconf 71' lang='grc' dir='ltr'>μὲν</span> <span class='ocrx_word' id='word_1_710' title='bbox 1735 5083 1824 5139; x_wconf 82' lang='grc' dir='ltr'>οὖν</span> 
     </span>
    </p>
   </div>
   <div class='ocr_carea' id='block_1_101' title="bbox 292 5257 1426 5331">
    <p class='ocr_par' dir='ltr' id='par_1_101' title="bbox 292 5257 1426 5331">
     <span class='ocr_line' id='line_1_101' title="bbox 292 5257 1426 5331; baseline 0.003 -17"><span class='ocrx_word' id='word_1_711' title='bbox 292 5258 336 5295; x_wconf 79' lang='grc'>¹¹</span> <span class='ocrx_word' id='word_1_712' title='bbox 366 5257 567 5315; x_wconf 81' lang='lat' dir='ltr'>Matth.</span> <span class='ocrx_word' id='word_1_713' title='bbox 592 5275 709 5329; x_wconf 79' lang='lat' dir='ltr'>xui,</span> <span class='ocrx_word' id='word_1_714' title='bbox 735 5263 826 5318; x_wconf 89' lang='grc'>17.</span> <span class='ocrx_word' id='word_1_715' title='bbox 903 5261 950 5298; x_wconf 70' lang='grc'><strong>1³</strong></span> <span class='ocrx_word' id='word_1_716' title='bbox 981 5261 1180 5318; x_wconf 80' lang='lat' dir='ltr'>Matth.</span> <span class='ocrx_word' id='word_1_717' title='bbox 1214 5277 1311 5331; x_wconf 84' lang='lat' dir='ltr'>xv,</span> <span class='ocrx_word' id='word_1_718' title='bbox 1338 5261 1426 5318; x_wconf 65' lang='lat'>24.</span> 
     </span>
    </p>
   </div>
   <div class='ocr_carea' id='block_1_102' title="bbox 2007 4642 3592 4715">
    <p class='ocr_par' dir='ltr' id='par_1_102' title="bbox 2007 4642 3592 4715">
     <span class='ocr_line' id='line_1_102' title="bbox 2007 4642 3592 4715; baseline 0.002 -18"><span class='ocrx_word' id='word_1_719' title='bbox 2007 4643 2352 4700; x_wconf 86' lang='lat' dir='ltr'>Declaratur</span> <span class='ocrx_word' id='word_1_720' title='bbox 2406 4648 2606 4698; x_wconf 90' lang='lat' dir='ltr'>autem</span> <span class='ocrx_word' id='word_1_721' title='bbox 2673 4647 2730 4698; x_wconf 89' lang='lat' dir='ltr'>et</span> <span class='ocrx_word' id='word_1_722' title='bbox 2783 4642 2900 4698; x_wconf 88' lang='lat' dir='ltr'>alio</span> <span class='ocrx_word' id='word_1_723' title='bbox 2939 4642 3144 4708; x_wconf 92' lang='lat' dir='ltr'>modo,</span> <span class='ocrx_word' id='word_1_724' title='bbox 3177 4643 3337 4715; x_wconf 89' lang='lat' dir='ltr'>quod</span> <span class='ocrx_word' id='word_1_725' title='bbox 3369 4659 3438 4698; x_wconf 84' lang='lat' dir='ltr'>ex</span> <span class='ocrx_word' id='word_1_726' title='bbox 3468 4659 3592 4715; x_wconf 92' lang='lat' dir='ltr'>quo</span> 
     </span>
    </p>
   </div>
   <div class='ocr_carea' id='block_1_103' title="bbox 1936 4731 3586 4800">
    <p class='ocr_par' dir='ltr' id='par_1_103' title="bbox 1936 4731 3586 4800">
     <span class='ocr_line' id='line_1_103' title="bbox 1936 4731 3586 4800; baseline -0.001 -11"><span class='ocrx_word' id='word_1_727' title='bbox 1936 4733 2196 4790; x_wconf 88' lang='lat' dir='ltr'>Christus</span> <span class='ocrx_word' id='word_1_728' title='bbox 2246 4749 2281 4788; x_wconf 91' lang='lat' dir='ltr'>a</span> <span class='ocrx_word' id='word_1_729' title='bbox 2335 4731 2553 4786; x_wconf 62' lang='lat' dir='ltr'>Judzeis</span> <span class='ocrx_word' id='word_1_730' title='bbox 2608 4731 2940 4787; x_wconf 84' lang='lat' dir='ltr'>secundum</span> <span class='ocrx_word' id='word_1_731' title='bbox 2969 4747 3210 4787; x_wconf 84' lang='lat' dir='ltr'>carnem</span> <span class='ocrx_word' id='word_1_732' title='bbox 3262 4737 3438 4788; x_wconf 89' lang='lat' dir='ltr'>natus</span> <span class='ocrx_word' id='word_1_733' title='bbox 3477 4740 3586 4800; x_wconf 90' lang='lat' dir='ltr'>est,</span> 
     </span>
    </p>
   </div>
   <div class='ocr_carea' id='block_1_104' title="bbox 1937 4819 3588 4894">
    <p class='ocr_par' dir='ltr' id='par_1_104' title="bbox 1937 4819 3588 4894">
     <span class='ocr_line' id='line_1_104' title="bbox 1937 4819 3588 4894; baseline 0.001 -18"><span class='ocrx_word' id='word_1_734' title='bbox 1937 4839 2047 4878; x_wconf 90' lang='lat' dir='ltr'>sua</span> <span class='ocrx_word' id='word_1_735' title='bbox 2075 4827 2232 4887; x_wconf 91' lang='lat' dir='ltr'>sunt,</span> <span class='ocrx_word' id='word_1_736' title='bbox 2274 4822 2491 4877; x_wconf 90' lang='lat' dir='ltr'>horum</span> <span class='ocrx_word' id='word_1_737' title='bbox 2543 4819 3034 4876; x_wconf 86' lang='lat' dir='ltr'>conversationes</span> <span class='ocrx_word' id='word_1_738' title='bbox 3070 4837 3083 4876; x_wconf 91' lang='lat'>:</span> <span class='ocrx_word' id='word_1_739' title='bbox 3133 4821 3224 4877; x_wconf 86' lang='lat' dir='ltr'>sui</span> <span class='ocrx_word' id='word_1_740' title='bbox 3275 4838 3435 4890; x_wconf 88' lang='lat' dir='ltr'>vero,</span> <span class='ocrx_word' id='word_1_741' title='bbox 3478 4823 3588 4894; x_wconf 88' lang='lat' dir='ltr'>ipsi</span> 
     </span>
    </p>
   </div>
   <div class='ocr_carea' id='block_1_105' title="bbox 1934 4909 3587 4984">
    <p class='ocr_par' dir='ltr' id='par_1_105' title="bbox 1934 4909 3587 4984">
     <span class='ocr_line' id='line_1_105' title="bbox 1934 4909 3587 4984; baseline 0.001 -18"><span class='ocrx_word' id='word_1_742' title='bbox 1934 4916 2092 4976; x_wconf 88' lang='lat' dir='ltr'>sunt,</span> <span class='ocrx_word' id='word_1_743' title='bbox 2117 4918 2405 4983; x_wconf 88' lang='lat' dir='ltr'>tanquam</span> <span class='ocrx_word' id='word_1_744' title='bbox 2438 4910 2625 4982; x_wconf 89' lang='lat' dir='ltr'>ipsius</span> <span class='ocrx_word' id='word_1_745' title='bbox 2651 4909 2909 4979; x_wconf 89' lang='lat' dir='ltr'>cognati,</span> <span class='ocrx_word' id='word_1_746' title='bbox 2952 4910 3349 4984; x_wconf 89' lang='lat' dir='ltr'>ejusdemque</span> <span class='ocrx_word' id='word_1_747' title='bbox 3377 4913 3587 4982; x_wconf 88' lang='lat' dir='ltr'>gentis.</span> 
     </span>
    </p>
   </div>
   <div class='ocr_carea' id='block_1_106' title="bbox 1937 4999 3589 5073">
    <p class='ocr_par' dir='ltr' id='par_1_106' title="bbox 1937 4999 3589 5073">
     <span class='ocr_line' id='line_1_106' title="bbox 1937 4999 3589 5073; baseline 0 -17"><span class='ocrx_word' id='word_1_748' title='bbox 1937 5003 2084 5056; x_wconf 88' lang='lat' dir='ltr'>Nam</span> <span class='ocrx_word' id='word_1_749' title='bbox 2123 5001 2322 5073; x_wconf 90' lang='lat' dir='ltr'>etipse</span> <span class='ocrx_word' id='word_1_750' title='bbox 2339 4999 2489 5055; x_wconf 85' lang='lat' dir='ltr'>dixit</span> <span class='ocrx_word' id='word_1_751' title='bbox 2520 5015 2532 5054; x_wconf 94' lang='lat'>:</span> <span class='ocrx_word' id='word_1_752' title='bbox 2565 5000 2699 5057; x_wconf 84' lang='lat' dir='ltr'>Non</span> <span class='ocrx_word' id='word_1_753' title='bbox 2737 5015 2864 5054; x_wconf 77' lang='lat' dir='ltr'>sum</span> <span class='ocrx_word' id='word_1_754' title='bbox 2903 4999 3120 5056; x_wconf 82' lang='lat' dir='ltr'>missus</span> <span class='ocrx_word' id='word_1_755' title='bbox 3154 4999 3274 5057; x_wconf 74' lang='lat' dir='ltr'>nisi</span> <span class='ocrx_word' id='word_1_756' title='bbox 3333 5002 3414 5056; x_wconf 84' lang='lat' dir='ltr'>ad</span> <span class='ocrx_word' id='word_1_757' title='bbox 3465 5015 3589 5056; x_wconf 79' lang='lat' dir='ltr'>oves</span> 
     </span>
    </p>
   </div>
   <div class='ocr_carea' id='block_1_107' title="bbox 1933 5086 3590 5158">
    <p class='ocr_par' dir='ltr' id='par_1_107' title="bbox 1933 5086 3590 5158">
     <span class='ocr_line' id='line_1_107' title="bbox 1933 5086 3590 5158; baseline -0.001 -11"><span class='ocrx_word' id='word_1_758' title='bbox 1933 5089 2196 5158; x_wconf 71' lang='lat' dir='ltr'>perditas</span> <span class='ocrx_word' id='word_1_759' title='bbox 2213 5091 2415 5146; x_wconf 81' lang='lat' dir='ltr'>domus</span> <span class='ocrx_word' id='word_1_760' title='bbox 2432 5088 2612 5145; x_wconf 77' lang='lat' dir='ltr'>Israel</span> <span class='ocrx_word' id='word_1_761' title='bbox 2644 5089 2689 5124; x_wconf 80' lang='grc'>¹²</span> <span class='ocrx_word' id='word_1_762' title='bbox 2721 5089 2786 5142; x_wconf 82' lang='lat' dir='ltr'>In</span> <span class='ocrx_word' id='word_1_763' title='bbox 2805 5102 2915 5142; x_wconf 89' lang='lat' dir='ltr'>sua</span> <span class='ocrx_word' id='word_1_764' title='bbox 2945 5086 3124 5158; x_wconf 89' lang='lat' dir='ltr'>igitur</span> <span class='ocrx_word' id='word_1_765' title='bbox 3147 5089 3322 5155; x_wconf 86' lang='lat' dir='ltr'>venit,</span> <span class='ocrx_word' id='word_1_766' title='bbox 3356 5104 3478 5145; x_wconf 92' lang='lat' dir='ltr'>non</span> <span class='ocrx_word' id='word_1_767' title='bbox 3509 5089 3590 5145; x_wconf 95' lang='lat' dir='ltr'>ob</span> 
     </span>
    </p>
   </div>
   <div class='ocr_carea' id='block_1_108' title="bbox 1439 5464 2368 5537">
    <p class='ocr_par' dir='ltr' id='par_1_108' title="bbox 1439 5464 2368 5537">
     <span class='ocr_line' id='line_1_108' title="bbox 1439 5464 2368 5537; baseline 0.004 -5"><span class='ocrx_word' id='word_1_768' title='bbox 1439 5464 1663 5532; x_wconf 61' lang='lat' dir='ltr'>Varia;</span> <span class='ocrx_word' id='word_1_769' title='bbox 1693 5465 2020 5537; x_wconf 88' lang='lat' dir='ltr'>lectiones</span> <span class='ocrx_word' id='word_1_770' title='bbox 2059 5475 2126 5536; x_wconf 85' lang='lat' dir='ltr'>et</span> <span class='ocrx_word' id='word_1_771' title='bbox 2166 5478 2368 5537; x_wconf 68' lang='lat' dir='ltr'>notae.</span> 
     </span>
    </p>
   </div>
   <div class='ocr_carea' id='block_1_109' title="bbox 445 5686 876 5746">
    <p class='ocr_par' dir='ltr' id='par_1_109' title="bbox 445 5686 876 5746">
     <span class='ocr_line' id='line_1_109' title="bbox 445 5686 876 5746; baseline -0.002 -7"><span class='ocrx_word' id='word_1_772' title='bbox 445 5692 528 5746; x_wconf 81' lang='grc' dir='ltr'>Μή</span> <span class='ocrx_word' id='word_1_773' title='bbox 567 5686 789 5744; x_wconf 88' lang='lat' dir='ltr'>omittit</span> <span class='ocrx_word' id='word_1_774' title='bbox 811 5687 876 5742; x_wconf 84' lang='grc' dir='ltr'>Α.</span> 
     </span>
    </p>
   </div>
   <div class='ocr_carea' id='block_1_110' title="bbox 293 5687 1688 5831">
    <p class='ocr_par' dir='ltr' id='par_1_110' title="bbox 293 5687 1688 5831">
     <span class='ocr_line' id='line_1_110' title="bbox 293 5687 876 5750; baseline -0.005 -9"><span class='ocrx_word' id='word_1_775' title='bbox 293 5690 380 5750; x_wconf 74' lang='lat'>(25</span> <span class='ocrx_word' id='word_1_776' title='bbox 445 5692 528 5746; x_wconf 81' lang='grc' dir='ltr'>Μή</span> <span class='ocrx_word' id='word_1_777' title='bbox 567 5687 789 5744; x_wconf 88' lang='lat' dir='ltr'>omittit</span> <span class='ocrx_word' id='word_1_778' title='bbox 811 5687 876 5742; x_wconf 84' lang='grc' dir='ltr'>Α.</span> 
     </span>
     <span class='ocr_line' id='line_1_111' title="bbox 293 5687 1688 5831; baseline 0.004 -19"><span class='ocrx_word' id='word_1_779' title='bbox 293 5687 404 5829; x_wconf 53' lang='lat'>(26;</span> <span class='ocrx_word' id='word_1_780' title='bbox 447 5757 580 5816; x_wconf 63' lang='lat' dir='ltr'>Hac</span> <span class='ocrx_word' id='word_1_781' title='bbox 610 5765 858 5831; x_wconf 87' lang='lat' dir='ltr'>uterque</span> <span class='ocrx_word' id='word_1_782' title='bbox 886 5756 1069 5813; x_wconf 82' lang='lat' dir='ltr'>codex</span> <span class='ocrx_word' id='word_1_783' title='bbox 1099 5757 1159 5814; x_wconf 93' lang='lat' dir='ltr'>in</span> <span class='ocrx_word' id='word_1_784' title='bbox 1190 5758 1461 5829; x_wconf 84' lang='lat' dir='ltr'>margine</span> <span class='ocrx_word' id='word_1_785' title='bbox 1490 5757 1688 5817; x_wconf 86' lang='lat' dir='ltr'>habet.</span> 
     </span>
    </p>
   </div>
   <div class='ocr_carea' id='block_1_111' title="bbox 291 5761 380 5828">
    <p class='ocr_par' dir='ltr' id='par_1_111' title="bbox 291 5761 380 5828">
     <span class='ocr_line' id='line_1_112' title="bbox 291 5761 380 5828; baseline 0.011 -16"><span class='ocrx_word' id='word_1_786' title='bbox 291 5761 380 5828; x_wconf 86' lang='lat'>(26</span> 
     </span>
    </p>
   </div>
   <div class='ocr_carea' id='block_1_112' title="bbox 1991 5691 2903 5837">
    <p class='ocr_par' dir='ltr' id='par_1_112' title="bbox 1991 5691 2903 5837">
     <span class='ocr_line' id='line_1_113' title="bbox 1991 5691 2903 5837; baseline 0.008 -92"><span class='ocrx_word' id='word_1_787' title='bbox 1991 5691 2109 5837; x_wconf 47' lang='lat'>£27)</span> <span class='ocrx_word' id='word_1_788' title='bbox 2138 5693 2324 5747; x_wconf 88' lang='lat' dir='ltr'>Etiam</span> <span class='ocrx_word' id='word_1_789' title='bbox 2351 5692 2474 5749; x_wconf 72' lang='lat' dir='ltr'>haec</span> <span class='ocrx_word' id='word_1_790' title='bbox 2500 5696 2561 5749; x_wconf 90' lang='lat' dir='ltr'>in</span> <span class='ocrx_word' id='word_1_791' title='bbox 2613 5695 2903 5766; x_wconf 87' lang='lat' dir='ltr'>margine.</span> 
     </span>
     <span class='ocr_line' id='line_1_114' title="bbox 2017 5765 2497 5837; baseline 0.004 -19"><span class='ocrx_word' id='word_1_792' title='bbox 2017 5765 2108 5836; x_wconf 84' lang='lat'>28)</span> <span class='ocrx_word' id='word_1_793' title='bbox 2136 5769 2413 5837; x_wconf 82' lang='grc' dir='ltr'>Ποιήματα</span> <span class='ocrx_word' id='word_1_794' title='bbox 2442 5771 2497 5820; x_wconf 92' lang='grc' dir='ltr'>Β.</span> 
     </span>
    </p>
   </div>
   <div class='ocr_carea' id='block_1_113' title="bbox 2017 5765 2497 5838">
    <p class='ocr_par' dir='ltr' id='par_1_113' title="bbox 2017 5765 2497 5838">
     <span class='ocr_line' id='line_1_115' title="bbox 2017 5765 2497 5838; baseline 0.004 -20"><span class='ocrx_word' id='word_1_795' title='bbox 2017 5765 2108 5836; x_wconf 84' lang='lat'>28)</span> <span class='ocrx_word' id='word_1_796' title='bbox 2136 5769 2413 5838; x_wconf 82' lang='grc' dir='ltr'>Ποιήματα</span> <span class='ocrx_word' id='word_1_797' title='bbox 2442 5771 2497 5820; x_wconf 92' lang='grc' dir='ltr'>Β.</span> 
     </span>
    </p>
   </div>
  </div>
