4170 6446
616 329 760 387 1119

1947 329 2294 387 EUTHYMH
2334 329 2667 387 ZIGABENI

3858 342 3987 398 mo

617 456 925 532 propriam
977 457 1392 515 necessitatem
1431 474 1445 525 ;
1481 460 1632 514 Deus
1657 456 1812 514 enim
1846 457 2068 514 nullius
2098 462 2231 529 eget
2260 474 2272 514 :

2389 455 2537 517 ἦλθεν
2593 460 2698 532 οὐχ
2768 462 2925 514 ἕνεκεν
3004 455 3148 522 ἰδίας
3216 465 3423 534 χρείας·
3492 457 3728 524 ἀνενδεὴς
3797 469 3899 541 γὰρ
3964 470 3984 519 ὁ

619 547 723 603 sed
751 552 988 620 propter
1019 564 1265 604 suorum
1316 548 1589 603 salutem.
1622 547 1719 603 Sui
1756 555 1953 604 autem
1992 563 2122 604 eum
2161 563 2277 603 non

619 642 983 706 receperunt,
1000 653 1137 691 cum
1156 638 1411 692 venisset
1441 642 1501 692 ut
1518 637 1601 693 eis
1633 636 1922 691 beneficia
1944 642 2275 708 praestaret,

619 726 726 783 sed
754 742 913 783 more
950 726 1371 783 insanientium
1414 726 1779 783 Salvatorem
1837 732 2121 800 tanquam
2170 727 2276 781 ini-

622 816 834 874 micum
867 815 1235 887 abjecerunt.

692 905 858 960 Vers.
882 906 1271 978 12.0uolquot
1290 937 1353 946 -
1378 908 1524 975 ejus.
1543 936 1611 947 —
1629 906 1914 978 Quotquot
1936 911 2277 972 receperunt

622 1010 779 1065 eum,
805 994 1187 1065 suscipiendo
1217 995 1550 1051 doctrinam
1585 996 1794 1067 ipsius,
1834 996 1989 1050 dedit
2014 995 2095 1051 eis
2117 1002 2279 1064 pote-

618 1083 994 1154 statem/ilics
1022 1085 1308 1153 Dei/teri:
1344 1100 1462 1139 non
1489 1086 1688 1141 statim
1706 1083 1837 1140 fecit
1856 1100 1957 1139 eos
1980 1084 2075 1140 Dei
2104 1084 2276 1139 ﬁlios.

618 1189 693 1230 ne
724 1189 831 1246 per
858 1173 1163 1244 ignaviam
1197 1173 1451 1246 perdant
1481 1173 1754 1243 gratiam,
1810 1173 1917 1228 sed
1949 1173 2109 1229 dedit
2134 1173 2279 1245 ipsis

619 1266 971 1338 potestatem
1004 1263 1128 1319 ﬁeri
1159 1278 1278 1336 quo
1306 1263 1712 1333 diligentiores
1750 1263 2097 1319 reddantur.

692 1530 844 1598 Quid
895 1545 1040 1603 ergo
1064 1536 1088 1582 ?
1116 1545 1315 1586 nonne
1337 1545 1548 1586 omnes
1581 1535 1927 1602 potestatem
1969 1530 2193 1587 habent
2220 1537 2284 1588 ut

618 1619 724 1677 ﬁlii
753 1621 855 1676 Dei
892 1619 1040 1676 ﬁant
1067 1620 1096 1676 ?
1122 1623 1247 1676 Non
1278 1636 1507 1683 omnes,
1561 1620 1663 1675 sed
1696 1620 1753 1675 lii
1791 1626 2021 1676 tantum
2059 1620 2281 1693 quibus

618 1708 956 1766 datumest:
984 1709 1179 1763 solum
1212 1713 1408 1763 autem
1442 1708 1650 1764 datum
1685 1715 1771 1763 est
1801 1709 2181 1764 credentibus
2220 1709 2278 1764 in

2389 556 2517 610 Θεὸς
2550 567 2561 578 ’
2611 548 2717 601 ἀλλ’
2749 552 2907 603 ἕνεκεν
2936 550 3032 611 τῆς
3074 559 3173 602 τῶν
3220 547 3368 602 ἰδίων
3421 557 3709 624 σωτηρίας.
3764 557 3831 606 Οἱ
3862 553 3980 609 ἶδιοι

2389 635 2448 691 δι
2514 639 2668 690 αὐτόν
2735 639 2793 691 οὐ
2846 636 3216 710 παρεδέξαντο.
3276 638 3578 710 ἀφικόμενον
3647 640 3727 692 ἐπ’
3789 644 3979 717 εὖεργι-

2391 732 2480 799 σία
2501 732 2693 779 τούτων
2727 748 2739 760 ο
2784 728 2908 778 ἀλλὰ
2939 728 3292 802 φρενοϐλαϐὠς
3321 732 3408 780 τόν
3438 736 3655 804 Σωτῆρα
3699 731 3771 793 ὧς
3801 731 3978 807 ἐχθρὸν

2388 836 2684 870 απωσαντο.

2456 907 2611 959 Ὀσοι
2664 938 2729 946 -
2778 907 2960 961 αὐτοῦ.
3036 939 3101 947 -
3157 907 3314 960 Ὀσοι
3367 905 3427 961 δε
3481 906 3832 984 παρεδέξαντο
3901 915 3976 966 αῦ-

2387 1001 2493 1055 τον,
2554 993 2646 1048 δια
2684 1005 2776 1048 τοῦ
2825 993 3227 1069 παραδέξασθαι
3258 1003 3351 1055 τὴν
3404 994 3765 1052 διδασκαλίαν
3813 1002 3972 1065 αὑτοῦ,

2389 1081 2577 1138 ἔδωκεν
2679 1086 2858 1147 αὐτοῖς
2951 1084 3189 1149 ἕξουσίαν
3273 1091 3425 1139 τίκνα
3523 1092 3651 1141 Θεοῦ
3733 1094 3971 1161 γενέσθαι.

2390 1176 2501 1228 Οὔκ
2555 1176 2699 1236 εὐθὺς
2753 1172 2810 1228 δὴ
2851 1174 3091 1234 ἐποίησιν
3144 1176 3332 1237 αὐτοὺς
3381 1182 3533 1229 τέκνα
3590 1186 3748 1241 Θεοῦ,
3801 1182 3877 1232 ἱνα
3912 1188 3968 1253 μή

2387 1267 2788 1339 ῥαθυμησαντες
2862 1264 3157 1318 ἀπολέσωσι
3219 1271 3312 1325 τὴν
3392 1270 3577 1341 χάριν,
3635 1266 3750 1319 ἀλλ’
3811 1268 3968 1324 ἔδωκεν

2390 1355 2564 1415 αὐτοῖς
2652 1354 2890 1417 ἐξουσίαν
2969 1358 3229 1427 γενέσθαι,
3301 1358 3384 1408 ἰνα
3456 1354 3855 1423 σπουδάσαντες
3901 1368 3966 1432 γε·

2393 1464 2599 1497 νωνται,

2460 1539 2522 1586 Τί
2569 1532 2776 1599 eine}
2825 1536 3006 1594 πάντες
3060 1537 3277 1605 ἔχουσιν
3335 1533 3577 1598 ἕξουσίαν
3634 1542 3791 1590 τέκνα
3856 1545 3961 1591 Θεοῦ

2388 1625 2666 1694 γενέσθαη
2701 1623 2776 1674 Οὐ
2832 1626 3035 1688 πάντες,
3094 1623 3136 1676 εἰ
3179 1629 3250 1695 μὴ
3301 1624 3377 1686 οἷς
3426 1626 3556 1682 αὕτη
3606 1622 3862 1679 δέδοται·
3899 1624 3958 1679 δέ»

2393 1708 2546 1762 δοται
2586 1708 2645 1764 δί
2693 1731 2867 1782 μονοις
2907 1718 3015 1774 τοῖς
3053 1715 3393 1765 πιστεύουσιν
3434 1715 3504 1776 εἰς
3550 1714 3731 1768 αὐτόν.
3779 1721 3853 1769 Διό
3891 1722 3952 1766 καὶ

617 1799 838 1870 ipsum.
874 1796 1009 1853 ldeo
1060 1813 1297 1870 quoque
1352 1797 1744 1853 manifestans
1777 1798 2002 1869 quibus
2030 1798 2275 1866 dederit,

2395 1804 2690 1872 σαφηνίζων
2776 1806 2915 1853 τίσιν
2990 1799 3199 1867 ἔδωκεν,
3274 1801 3529 1874 ἐπήγαγεν
3590 1806 3673 1856 ὅτι
3733 1811 3845 1866 Τοῖς
3888 1824 3940 1854 τι-

619 1887 841 1953 subdit,
894 1887 1278 1943 Credentibus
1328 1887 1391 1943 ίη
1444 1902 1656 1944 nomen
1706 1888 1845 1957 ejus,
1902 1887 2016 1942 hoc
2069 1892 2177 1951 est,
2223 1889 2281 1944 in

614 1960 830 2049 ipsum,
863 1977 1065 2049 Itaque
1096 1976 1275 2047 ipsius
1305 1976 1547 2049 quidem
1599 1982 1688 2032 est
1735 1976 1878 2031 dare
1907 1982 2279 2048 potestatem,

636 2064 851 2121 llorum
876 2080 1040 2131 vero,
1076 2066 1157 2120 uti
1183 2082 1273 2121 ea.

684 2153 857 2211 Aliud
882 2161 968 2210 est
992 2158 1193 2210 autem
1224 2170 1333 2228 per
1368 2154 1742 2227 baptismum
1775 2154 2039 2227 aliquem
2069 2171 2103 2210 a
2160 2156 2281 2211 Deo

614 2244 908 2318 adoptari,
944 2249 1000 2301 et
1021 2244 1181 2300 aliud
1207 2261 1312 2317 per
1332 2244 1817 2317 evangelicorum
1840 2250 2279 2317 praeceptorum

614 2334 1057 2391 observantiam
1096 2333 1286 2390 ﬁlium
1346 2335 1441 2390 Dei
1502 2334 1625 2390 ﬁeri
1662 2350 1675 2398 ;
1711 2349 1840 2389 nam
1872 2332 2017 2389 illud
2069 2334 2283 2405 princi-

616 2425 783 2498 pium
806 2429 915 2489 est,
955 2424 1285 2480 hocautem
1315 2423 1449 2479 ﬁnis
1479 2429 1571 2479 :et
1596 2422 1740 2478 illud
1764 2438 1908 2479 sane
1934 2424 2030 2479 Dei
2054 2423 2280 2480 donum

618 2518 726 2580 est,
766 2513 882 2570 hoc
913 2528 1052 2568 vero
1082 2513 1257 2568 studii
1279 2512 1512 2568 facinus
1539 2511 1870 2583 egregium.

686 2605 847 2658 Vers.
887 2605 967 2658 l3.
1020 2602 1136 2668 Qui
1186 2631 1248 2643 —-
1306 2601 1439 2657 nati
1478 2608 1633 2656 sunt.
1700 2602 1983 2656 Attenuat
2033 2600 2278 2673 quidem

617 2692 950 2749 humanam
971 2690 1417 2759 generationem
1443 2695 1731 2761 tanquam
1759 2690 2119 2755 naturalem,
2145 2705 2279 2746 eam

615 2796 756 2837 vero
781 2796 917 2853 quas
947 2795 1018 2836 ex
1052 2780 1171 2834 Deo
1200 2784 1311 2844 est,
1351 2778 1577 2834 extollit
1608 2784 1898 2851 tanquam
1930 2784 2278 2851 supernatu-

612 2869 819 2936 ralem,
845 2874 908 2925 ut
936 2868 1175 2938 cognita
1204 2867 1536 2938 dejectione
1568 2866 1792 2938 primas,
1833 2875 1891 2924 et
1919 2868 2278 2925 exultatione

612 2957 913 3023 secundas,
946 2956 1241 3013 intellecta
1272 2972 1516 3030 quoque
1545 2955 1814 3013 beneﬁcii
1840 2959 2276 3027 magnitudine,

611 3048 792 3119 digne
809 3049 1032 3121 gratias
1047 3061 1322 3118 agamus,
1342 3053 1402 3102 et
1420 3045 1756 3103 laboremus
1770 3062 1844 3104 ne
1858 3048 2054 3120 ipsum
2068 3052 2277 3105 nostra

610 3137 853 3208 ignavia
882 3135 1236 3210 perdamus.

681 3228 818 3283 Cum
850 3229 1048 3282 autem
1079 3224 1990 3297 dixissetNonez'sanguinibus,
2021 3224 2272 3297 subjecit

610 3315 1010 3381 manifestius,
1034 3315 1232 3387 Neque
1252 3330 1328 3372 ea:
1354 3315 1658 3372 voluntate
1676 3315 1891 3372 carnis.
1916 3315 2134 3371 Deinde
2156 3314 2271 3372 hoc

609 3405 787 3463 etiam
808 3405 1069 3479 amplius
1085 3406 1497 3478 interpretatur
1510 3403 1759 3470 addens,
1775 3406 1981 3477 Neque
1992 3419 2066 3462 ea:
2080 3405 2273 3461 volun-

611 3499 724 3553 tate
747 3495 882 3551 οίνί.
911 3495 1169 3564 Sanguis
1191 3493 1350 3549 enim
1395 3498 1454 3548 et
1479 3509 1620 3549 caro
1646 3494 1731 3549 vir
1751 3499 1859 3549 est.
1896 3494 2270 3551 Voluntatem

611 3600 767 3651 vero,
805 3584 1075 3655 intelligit
1106 3599 1268 3640 nunc
1307 3582 1493 3639 coitus
1521 3582 2091 3656 concupiscentiam.

681 3764 793 3834 Η·
833 3764 1043 3819 Semen
1098 3761 1381 3817 nimirum
1435 3759 1707 3815 divinum
1766 3759 2003 3817 intravit
2052 3776 2123 3817 ac
2161 3762 2272 3822 sibi

612 3850 966 3906 confortavit
983 3865 1247 3911 carnem,
1272 3854 1465 3904 mente
1488 3847 1758 3904 rationali
1784 3848 2117 3920 praeditam,
2150 3867 2270 3907 non

612 3945 677 3996 ut
706 3940 1031 4003 seminans,
1063 3938 1166 3994 sed
1200 3944 1262 3994 ut
1317 3953 1546 4003 creans,
1593 3953 1702 3993 nec
1750 3937 1853 4002 ita,
1887 3944 1948 3994 ut
1981 3940 2268 4011 paulatim

610 4027 840 4101 aliquid
857 4027 1194 4093 adderetur,
1211 4032 1388 4100 atque
1420 4027 1498 4083 ita
1533 4026 1725 4083 forma
1743 4027 2142 4099 perﬁceretur,
2167 4029 2273 4086 sed

610 4117 810 4175 statim
840 4118 896 4173 in
942 4117 1240 4191 principio
1280 4122 1396 4172 tota
1452 4117 1647 4172 forma
1708 4117 1929 4173 exstitit
1986 4118 2270 4191 perfecta,

609 4207 791 4265 crevit
818 4213 1012 4263 tamen
1045 4206 1122 4263 ad
1160 4206 1408 4263 modum
1442 4206 1868 4280 embryonum.
1900 4210 2047 4264 Nam
2080 4214 2138 4265 et
2175 4224 2273 4265 ve-

609 4302 706 4354 tus
737 4297 931 4353 Adam
964 4296 1166 4353 statim
1198 4295 1390 4352 forma
1428 4296 1664 4353 efﬁctus
1695 4301 1783 4353 est
1811 4296 2089 4368 perfecta.

680 4387 843 4443 Vers.
874 4387 1061 4444 14.Ει
1090 4418 1152 4428 -
1190 4387 1424 4456 factum
1456 4393 1556 4442 est.
1590 4386 1625 4453 1-
1663 4389 1788 4442 Non
1824 4391 2053 4459 poterat
2100 4385 2273 4443 aliter

2393 1894 2665 1942 στεῦουσιν
2714 1890 2782 1950 εἰς
2830 1894 2888 1941 τό
2925 1895 3085 1962 ὄνομα
3130 1890 3309 1953 αὐτοῦ,
3369 1896 3640 1944 τουτέστιν
3700 1894 3770 1955 εἰς
3817 1894 3937 1945 αὐτον.

2388 1979 2547 2031 Ὠστι
2598 1980 2757 2031 αὐτοῦ
2816 1986 2904 2051 μίν
2955 1980 3069 2032 ἐστι
3121 1984 3176 2032 τό
3237 1977 3523 2054 δωρεῖσθαι
3577 1988 3672 2040 τὴν
3728 1984 3946 2055 ripisqu

2392 2068 2647 2131 ἐξουσίαν,
2682 2070 2849 2120 αὐτῶν
2882 2065 2941 2121 δι
2970 2074 3028 2121 τό
3059 2071 3377 2142 χρησασθαι
3409 2073 3601 2142 ταύτῃ.

2456 2154 2663 2229 Ἕτερον
2715 2155 2774 2210 δε
2829 2162 2887 2210 τὸ
2936 2155 3029 2210 διὰ
3079 2157 3444 2230 βαπτίσματος
3484 2161 3949 2219 υίοθετηθῆναίτινε

2389 2251 2519 2314 Θεῷ,
2573 2252 2662 2298 καὶ
2714 2248 2882 2320 ἱτιρον
2938 2251 2996 2299 τὸ
3053 2244 3145 2300 διὰ
3208 2248 3441 2320 φυλακῆς
3495 2257 3596 2301 τῶν
3654 2248 3947 2319 εῦαγγελικῶν

2392 2335 2602 2387 ἐντολῶν
2659 2340 2830 2388 τέκνον
2886 2340 3015 2389 Θεοῦ
3069 2338 3312 2408 γενέσθαι
3353 2353 3366 2366 ·
3400 2339 3460 2389 τὸ
3517 2341 3608 2410 μὲν
3661 2340 3751 2410 γὰρ
3804 2335 3946 2409 ἁρχὴ,

2390 2428 2448 2476 τὸ
2476 2421 2536 2477 δι
2562 2424 2715 2485 τέλος·
2747 2430 2835 2477 καὶ
2875 2430 2931 2477 τὸ
2965 2429 3054 2497 μεν
3085 2422 3253 2498 δῶρον
3283 2430 3431 2491 Θεοῦ,
3479 2431 3536 2479 τό
3585 2424 3641 2480 δι
3674 2428 3946 2498 κατόρθωμα

2393 2512 2655 2574 σπουδῆς,

2461 2603 2526 2655 Οἱ
2572 2634 2638 2643 -
2687 2602 3056 2675 ἐγεννήθησαν.
3110 2604 3372 2665 Εὐτελίζει
3546 2610 3631 2661 τήν
3673 2602 3720 2665 ἐξ
3760 2600 3929 2675 ἀνθρὼ-

2389 2710 2498 2743 πων
2561 2698 2801 2764 γέννησιν
2864 2696 2934 2755 ὡς
2996 2697 3223 2765 φυσικήν
3255 2710 3266 2722 ⁸
3315 2692 3574 2766 μεγαλύνει
3647 2688 3698 2744 δ⁸ε
3747 2695 3833 2747 τήν
3889 2688 3941 2740 ix

2390 2787 2523 2832 Θεοῦ
2572 2784 2636 2841 ὡς
2680 2783 2938 2853 ὑπερφυῆ,
2999 2783 3082 2834 ἵνα
3133 2788 3191 2837 τό
3242 2801 3294 2835 τε
3343 2786 3573 2835 ταπεινὸν
3618 2789 3705 2842 τῆς
3736 2786 3944 2854 πρώτης,

2387 2873 2477 2920 καὶ
2518 2873 2577 2921 τό
2622 2869 2821 2940 ὑψηλὸν
2863 2878 2958 2932 τῆς
3024 2868 3270 2945 δευτέρας
3312 2873 3714 2942 καταμαθόντες,
3760 2872 3844 2920 καὶ
3893 2870 3938 2918 τὸ

2388 2960 2597 3029 μέγεθος
2654 2968 2743 3019 τῆς
2796 2959 3094 3034 εὐεργεσίας
3162 2959 3474 3032 ίπιγνοντες,
3550 2959 3700 3023 ἀξίως
3762 2958 3938 3030 εὐχαρι-

2389 3056 2588 3119 στώμεν
2641 3054 2731 3101 καὶ
2801 3047 3177 3122 ἀγωνιζώμεθα
3227 3054 3300 3122 μὴ
3354 3047 3610 3102 aurelium
3668 3051 3848 3105 ταύτην
3901 3045 3937 3097 Et

2305 3151 2344 3206 ο
2382 3138 2661 3211 ῥᾳθυμίας.

2460 3227 2625 3279 Εἰπὼν
2692 3223 2751 3281 δε
2808 3230 2888 3280 ὅτι
2943 3228 3054 3280 Οὐχ
3120 3227 3174 3291 ἕξ
3244 3230 3498 3301 αἱμάτων,
3566 3228 3785 3301 ἐπήγαγε
3831 3244 3942 3298 γενι-

2383 3323 2601 3393 ρὼτερον
2658 3319 2737 3369 ὃτι
2794 3314 2936 3371 Οὐδὲ
3006 3317 3060 3370 ἐκ
3116 3318 3397 3379 θελήματος
3452 3337 3668 3393 σαρκός.
3730 3316 3843 3371 Εἶτα
3880 3320 3946 3366 καί

2384 3414 2537 3458 τοῦτο
2586 3405 2883 3481 τελεώτερον
2937 3410 3315 3481 ἔφηρμὴνευσε,
3390 3409 3643 3482 προσθεὶς
3710 3410 3786 3459 ὃτι
3839 3400 3948 3457 Οῦδί

2384 3494 2438 3547 ἐκ
2493 3495 2779 3568 θιλήματος
2827 3493 3032 3569 ἀνδρὸς.
3085 3498 3226 3569 Αἷμα
3279 3500 3378 3570 γὰρ
3427 3500 3517 3549 καὶ
3576 3497 3713 3573 σὰρξ
3762 3498 3786 3547 ὁ
3830 3493 3947 3567 ἆνῆεν

2383 3584 2592 3657 Θιλημα
2641 3582 2699 3638 όε
2749 3593 2833 3637 νῦν
2888 3589 2993 3638 νόει
3048 3590 3142 3645 τὴν
3192 3584 3490 3659 ἕπιθυμίαν,
3546 3590 3646 3643 τήν
3705 3586 3816 3659 (29)
3862 3602 3950 3635 συν-

2384 3692 2590 3730 ουσιαν.

2453 3762 2647 3836 [Οίονιὶ
2704 3764 2819 3834 (30)
2873 3765 3008 3824 θεῖος
3066 3768 3276 3836 σπόρος,
3340 3762 3579 3817 εἰσελθὼν
3641 3769 3731 3817 καὶ
3783 3764 3952 3833 σνμπύ·

2385 3852 2476 3915 ξας
2525 3853 2689 3904 έαυτῶ
2734 3856 2907 3923 σάρκα
2950 3853 3061 3923 (31)
3101 3852 3446 3925 ἐψυχωμένην
3496 3852 3656 3925 ψυχῇ
3707 3854 3872 3923 λογικῇ
3913 3866 3952 3897 τε

2382 3947 2471 3993 καὶ
2528 3948 2696 4013 νοερᾲ,
2743 3942 2801 3993 οῦ
2851 3952 3237 4015 σπιρματιχὼς,
3290 3940 3417 3993 ἀλλὰ
3467 3938 3870 4017 δημιουργικῶς,
3908 3935 3952 3988 οὗ

3403 4030 3816 4105 ἁπαρτιζομένου
3885 4031 3955 4077 τοῦ

2386 4126 2689 4193 σχήματος,
2743 4119 2848 4171 ἀλλ’
2922 4122 3041 4192 {Iph
3091 4120 3441 4181 τελειωθέντος
3497 4118 3586 4173 ἀπ’
3643 4119 3834 4193 ἀρχῆς,
3884 4111 3953 4168 ιῖτ’

2383 4211 2622 4273 αὔξοντος
2653 4215 2790 4282 νόμῳ
2821 4217 2920 4261 τῶν
2956 4207 3209 4284 ὶμϐρύων.
3266 4215 3367 4263 Καὶ
3408 4212 3510 4283 γὰρ
3559 4216 3653 4262 καὶ
3703 4211 3729 4261 ὀ
3774 4206 3957 4261 παλαιός

2384 4295 2559 4369 Ἀδὰμ
2588 4298 2775 4359 eam;
2801 4302 2858 4351 τὸ
2883 4307 3076 4371 σχῆμα
3095 4301 3373 4373 καταρχὰς
3402 4298 3693 4372 ἐπλάσθη]

2382 4040 2493 4092 ταῖς
2551 4035 2682 4082 κατὰ
2747 4034 2932 4105 μικρὸν
2998 4033 3325 4104 προσθήκαις

2457 4394 2556 4441 Καὶ
2592 4419 2655 4429 -—
2701 4387 2910 4460 ἆγένιτο.
2956 4387 3092 4461 [Οὐκ
3132 4389 3244 4460 (32)
3298 4388 3464 4449 ἄλλως
3512 4389 3618 4441 οἷόν
3672 4406 3726 4441 τε
3777 4383 3833 4444 ἦν
3883 4386 3958 4439 τὴν

611 4476 712 4534 Dei
751 4491 892 4548 erga
923 4493 1031 4533 nos
1085 4474 1316 4532 dilectio
1369 4476 1452 4533 ita
1491 4475 1873 4541 manifestari,
1926 4477 2079 4532 sicut
2117 4476 2271 4533 facta

2386 4486 2472 4530 τοῦ
2520 4483 2647 4531 Θεοῦ
2701 4475 3003 4537 δηλωθῆναι
3054 4484 3173 4551 περὶ
3243 4480 3381 4551 ἡμᾶς
3441 4475 3653 4550 ἀγάπην
3709 4478 3739 4536 ἧ
3793 4476 3845 4528 ἐκ
3886 4478 3958 4525 τοῦ

611 4566 810 4624 carnis
831 4567 1132 4623 mentione
1170 4582 1184 4621 :
1218 4570 1276 4622 et
1303 4565 1468 4638 quod
1519 4570 1766 4638 propter
1813 4580 1926 4621 nos
1972 4581 2161 4637 usque
2192 4565 2271 4622 ad

2386 4570 2797 4640 μνημονευθῆναι
2844 4571 2937 4626 τὴν
2989 4569 3179 4642 σάρκα,
3227 4572 3316 4619 καὶ
3362 4568 3443 4620 ὅτι
3491 4564 3564 4619 δι’
3614 4568 3751 4639 ἡμᾶς
3794 4558 3956 4615 κατέϐη

610 4655 670 4713 id
698 4657 860 4728 quod
886 4658 1057 4729 pejus
1095 4660 1183 4711 est
1214 4671 1341 4711 sese
1394 4654 1675 4725 deiecerit
1710 4671 1723 4710 :
1780 4670 1919 4711 caro
1972 4653 2269 4728 siquidem

612 4746 783 4813 longe
810 4745 982 4801 vilior
1020 4752 1107 4801 est
1153 4745 1378 4801 anima.

689 4834 797 4890 Ubi
848 4833 1094 4890 dixisset
1143 4835 1411 4890 homines
1465 4850 1533 4889 ex
1604 4837 1720 4891 Deo
1780 4840 1947 4891 natos
1998 4850 2150 4901 esse,
2194 4836 2276 4899 ait

614 4922 822 4980 Filium
852 4922 1031 4978 etiam
1061 4923 1158 4978 Dei
1183 4922 1407 4979 factum
1440 4939 1568 4979 esse
1619 4923 1951 4980 hominem.
1984 4927 2130 4981 Nam
2162 4924 2277 4981 hoc

609 5011 834 5068 indicat
851 5011 1017 5085 quod
1033 5011 1115 5068 ait
1159 5023 1176 5074 :
1216 5012 1457 5069 Verbum
1488 5027 1626 5069 caro
1646 5013 1878 5083 factum
1918 5019 2038 5070 est:
2072 5020 2136 5070 ut
2172 5014 2275 5086 qui

608 5096 755 5158 illud
777 5101 1210 5167 admirabatur,
1235 5101 1429 5173 magis
1453 5103 1624 5159 etiam
1648 5102 1766 5159 hoc
1792 5103 2044 5170 miretur,
2072 5108 2275 5175 utpote

2382 4662 2546 4731 μέχρι
2593 4659 2708 4725 (33)
2758 4664 2850 4709 τοῦ
2903 4660 3142 4730 χείρονος
3175 4673 3187 4686 ⁸
3223 4656 3359 4730 σὰρξ
3407 4659 3510 4729 γὰρ
3560 4655 3748 4728 ψυχῆς
3797 4649 3958 4705 εὐτελέ-

2386 4745 2611 4819 στερον.]

2456 4836 2683 4908 Εἰρηκὼς
2739 4836 2818 4887 ὅτι
2870 4836 2917 4886 οἱ
2972 4835 3237 4907 ἄνθρωποι
3301 4833 3356 4887 ἐκ
3411 4840 3540 4888 Θεοῦ
3616 4833 3951 4904 ἕγεννηθησιν.

2388 4932 2544 4997 φησιν
2592 4927 2671 4977 ὅτι
2718 4930 2806 4976 καὶ
2854 4927 2879 4976 ό
2928 4926 3049 4985 Υἱὸς
3096 4932 3188 4975 τοῦ
3248 4931 3382 4977 Θεοῦ
3444 4925 3718 4996 ἅνθρωπος
3770 4922 3950 4993 ἐγένετο·

2387 5022 2536 5067 τοῦτο
2590 5018 2690 5086 γὰρ
2735 5011 2889 5072 δηλοί
2943 5016 3020 5076 τό,
3083 5013 3192 5067 Καὶ
3249 5015 3275 5065 ὀ
3346 5018 3510 5085 Λόγος
3574 5012 3709 5086 σὰρξ
3774 5009 3950 5081 ἕγίνετιν

2386 5106 2488 5156 ἀπὸ
2517 5108 2704 5179 μέρους
2747 5106 2806 5155 τὸ
2852 5109 2953 5156 πᾶν
2987 5119 2998 5132 θ
3033 5105 3118 5154 ἶνα
3166 5103 3279 5174 (34)
3326 5102 3607 5175 θαυμάζων
3657 5101 3773 5173 (35)
3823 5097 3953 5149 ἐκεῖνο

1831 5280 2056 5350 Varias
2098 5282 2424 5349 lectiones
2464 5293 2528 5349 et
2574 5291 2774 5349 notae.

706 5497 797 5564 29)
827 5501 935 5554 Τῆς
978 5492 1259 5556 συνουσίας
1291 5494 1524 5550 videtur
1554 5494 1765 5563 legisse
1783 5496 2129 5552 Hentenius.

707 5569 797 5639 30)
832 5569 963 5622 Haec
996 5569 1247 5649 uterque
1283 5566 1342 5649 in
1400 5566 1690 5649 margine.
1758 5569 2273 5649 ﬂentenjnusupror-

615 5638 717 5717 sus
737 5638 857 5695 neu
888 5638 1184 5717 agnoscit.
1208 5639 1376 5717 Forte
1398 5638 1587 5717 etiam
1621 5639 1772 5710 haec,
1807 5644 1873 5696 ut
1902 5638 2192 5705 difﬁcilia,
2216 5639 2277 5695 in

621 5709 772 5765 inter
818 5709 1104 5765 retatione
1137 5710 1528 5780 praetermisit.

691 5726 1252 5855 (31))Ἐμψυχωμένην
1290 5787 1352 5836 Δ.

691 5781 804 5855 (31)
835 5781 1252 5855 ἐμψυχωμένην
1290 5787 1352 5836 Α.

2455 5497 2569 5568 (3'2)
2610 5495 2805 5553 Codex
2843 5500 3089 5568 uterque
3117 5495 3174 5551 in
3211 5496 3503 5566 margine.

2458 5569 2571 5639 (33)
2614 5573 2792 5640 Μέχρι
2816 5573 2906 5620 καὶ
2931 5576 3042 5622 τοῦ.
3077 5573 3135 5622 Β.

2459 5640 2573 5708 (34)
2612 5639 2674 5695 Ὀ
2705 5639 2875 5694 abest
2894 5645 2954 5692 Α.

2463 5642 2552 5708 [34
2612 5642 2674 5695 Ὀ
2705 5642 2954 5694 abestA.

2463 5642 2576 5784 (35)
2617 5711 2886 5785 Θαυμάζει
2915 5714 2981 5765 Α.
