4170 6430
234 397 364 464 1121

1315 374 1686 444 COMMENT.
1728 377 1797 435 IN
1833 368 2185 432 JOANNEM.
2226 407 2296 417 ——-
2335 366 2489 432 CAP.
2524 369 2563 429 Ι.

3468 370 3605 429 1122

237 527 483 601 θαυμάζῃ
534 528 689 575 τοῦτο
753 516 925 583 πλέον,
966 516 1038 576 ὡς
1083 510 1474 586 ύπερϐαλόντως
1532 507 1835 579 θαυμασιώ-

1977 494 2790 569 :xcellentiorimodo'magis
2840 494 3292 565 admirandum,
3354 498 3500 569 quia
3548 503 3607 555 et

236 594 404 694 τερον
440 614 549 667 ἐπεὶ
582 614 671 663 καὶ¹
722 614 877 659 τοῦτο
934 607 1094 656 αἴτιον
1126 601 1340 655 ἐκείνου.
1399 603 1498 653 Καὶ
1540 600 1641 670 γὰρ
1670 596 1695 646 6
1728 594 1843 651 Υἱὸς

238 685 327 760 τοῦ
359 711 491 759 Θεοῦ
519 702 790 773 ὠνθρωπος
829 694 1044 767 ἐγένετο,
1080 693 1164 744 ἵνα
1215 693 1264 743 οἰ
1316 691 1581 761 ἅνθρωποι
1619 685 1724 736 υἱοὶ
1753 688 1844 734 τοῦ

240 804 373 851 Θεοῦ
403 798 653 865 γένωνται
667 833 678 845 .

308 884 470 937 ’Ὅταν
498 878 556 934 δὲ
589 878 822 949 ἀκούσῃς
851 876 933 926 ὅτι
955 873 1014 925 Ὀ
1050 875 1219 942 Λόγος
1250 867 1383 941 σὰρξ
1414 866 1627 937 ἐγένετο,
1653 866 1723 935 μὴ
1758 880 1843 932 με·

241 973 464 1031 ταϐολήν
494 980 590 1031 τῆς
640 970 781 1027 θείας
833 964 1015 1022 οὐσίας
1067 960 1331 1031 ἐννοήσῃςο
1371 955 1710 1014 ἀναλλοίωτος
1742 953 1844 1023 γὰρ

242 1064 374 1120 αὕτη
406 1065 495 1113 καὶ
524 1057 725 1118 ἀπαθής
763 1074 775 1087 ·
821 1053 927 1105 ἀλλ’
981 1052 1062 1103 ὅτι
1093 1051 1118 1101 6
1144 1054 1309 1119 Λόγος
1363 1046 1429 1096 ὢν
1498 1044 1523 1095 ὃ
1561 1039 1642 1111 ἧν,
1673 1045 1847 1113 γέγονε

242 1158 331 1206 καὶ
358 1153 382 1204 ὃ
413 1150 505 1203 οὐκ
533 1146 614 1212 ἦν,
647 1150 786 1214 ἤτοι,
829 1147 987 1215 μένων
1021 1143 1171 1204 Θεὸς,
1219 1141 1396 1208 γέγονε
1446 1137 1535 1186 καὶ
1578 1133 1848 1204 ἄνθρωπος

243 1244 378 1294 κατὰ
409 1234 706 1313 πρόσληψιν
760 1234 969 1303 σαρκὸς,
1014 1228 1358 1299 ἐψυχωμένης
1418 1219 1659 1281 δηλονότι
1687 1219 1842 1290 ψυχῇ

242 1332 424 1402 λογικῇ
462 1331 552 1379 καὶ
581 1328 751 1396 νοερᾷ.

318 1420 466 1473 Κατὰ
511 1411 651 1491 τρεῖς
707 1408 766 1464 δὲ
803 1412 1026 1482 τρόπους
1075 1408 1132 1457 τό
1164 1404 1218 1456 ὃν
1270 1407 1471 1475 γίνεται

248 1513 356 1582 μὲν,
389 1509 508 1559 ὅταν
563 1506 592 1562 ἠ
652 1508 745 1556 τοῦ
776 1504 915 1558 ὄντος
958 1499 1115 1570 φύσις
1164 1493 1236 1554 εἰς
1302 1496 1395 1550 τὴν
1434 1496 1526 1542 τοῦ
1576 1490 1847 1560 γενομένου

247 1577 567 1672 μεταϐληθῃ,
636 1590 752 1643 καθ’
805 1589 860 1641 ὃν
911 1590 966 1639 τό
1022 1584 1159 1656 γάλα
1201 1587 1401 1654 γίνεται
1457 1582 1628 1653 τυρός,
1695 1581 1781 1628 καὶ
1824 1577 1849 1627 6

248 1668 411 1746 πηλὸς
467 1689 724 1757 ὄστρακον
765 1697 777 1710 ⁸
831 1675 945 1729 καθ’
996 1675 1163 1748 ἕτερον
1209 1668 1288 1738 δὲ,
1358 1672 1477 1722 ὅταν
1530 1677 1624 1728 τῆς
1691 1669 1851 1725 οὔσης

247 1776 427 1836 οὐσίας
454 1775 750 1844 σωζομένης
803 1763 1161 1839 ἀμεταϐλήτου
1216 1762 1567 1835 προσγένηταί
1618 1777 1670 1809 τι
1717 1757 1852 1807 κατὰ

1533 1416 1545 1429 ·
1608 1397 1723 1451 καθ’
1764 1398 1849 1450 ἕνα

1950 590 2065 645 hoc
2092 588 2250 645 illius
2301 605 2485 646 causa
2513 596 2618 645 est.
2655 589 2739 644 Ad
2791 593 2904 644 hoc
2949 587 3247 659 siquidem
3283 587 3386 643 Dei
3425 586 3606 643 Filius

1951 679 2135 735 homo
2174 679 2366 736 factus
2413 684 2523 748 est,
2559 683 2625 734 ut
2649 678 2922 734 homines
2955 676 3060 732 ﬁlii
3099 676 3203 733 Dei
3233 676 3462 733 ﬁerent.

2025 858 2175 914 Cum
2200 874 2339 915 vero
2369 857 2648 925 audieris,
2695 856 2945 914 Verbum
2975 871 3104 911 caro
3137 856 3370 925 factum
3404 861 3485 912 est
3512 870 3610 923 ,ne

1954 949 2514 1004 transmutationem
2555 947 2774 1004 divinae
2817 945 3087 1002 essentiaa
3125 944 3440 1017 intelligas.
3475 947 3611 1017 ipsa

1953 1036 2172 1093 etenim
2213 1036 2603 1093 immutabilis
2640 1041 2727 1093 est
2774 1052 2845 1092 ac
2884 1033 3255 1106 impatibilis.
3306 1034 3414 1091 Sed
3445 1034 3610 1106 quod

1953 1127 2213 1183 Verbum
2254 1142 2616 1199 permanens
2637 1124 2803 1199 quod
2860 1130 3001 1190 erat,
3037 1124 3264 1180 factum
3312 1129 3401 1180 est
3449 1123 3611 1195 quod

1954 1230 2075 1271 non
2101 1219 2229 1271 erat
2257 1232 2270 1271 :
2304 1218 2429 1272 sive
2468 1231 2723 1272 manens
2755 1217 2925 1280 Deus,
2954 1212 3151 1269 factus
3175 1216 3265 1267 est
3286 1212 3470 1268 homo
3503 1228 3610 1285 per

1953 1305 2151 1361 carnis
2203 1305 2696 1377 assumptionem,
2755 1304 3059 1360 animatus
3099 1300 3397 1357 videlicet.

2026 1393 2236 1449 Tribus
2248 1400 2448 1451 autem
2469 1395 2657 1450 modis
2682 1393 2737 1450 id
2762 1392 2927 1466 quod
2942 1392 3070 1463 jam
3084 1395 3191 1456 est,
3215 1390 3340 1446 ﬁeri
3363 1391 3609 1459 dicitur;

1957 1498 2079 1540 uno
2098 1483 2346 1556 quidem
2376 1484 2559 1540 modo
2584 1490 2795 1540 natura
2809 1482 2859 1554 ej
2872 1499 2938 1537 us
2963 1480 3127 1553 quod
3143 1486 3250 1545 est,
3270 1479 3330 1534 in
3362 1480 3422 1535 id
3448 1482 3613 1554 quod

1956 1572 2024 1628 ﬁt
2051 1578 2498 1640 transmutatur,
2530 1574 2699 1645 juxta
2728 1587 2909 1645 quem
2950 1569 3199 1626 modum
3234 1568 3327 1625 lac
3360 1570 3615 1626 efﬁcitur

1958 1679 2187 1730 caseus,
2211 1671 2267 1721 et
2293 1664 2484 1721 lutum
2511 1664 2763 1720 efﬁcitur
2785 1667 2951 1720 testa.
2980 1661 3176 1716 Altero
3204 1676 3346 1716 vero
3369 1663 3614 1734 quando

1958 1759 2237 1811 manente
2284 1754 2413 1825 ejus
2475 1754 2637 1828 quod
2687 1757 2811 1809 erat
2871 1751 3206 1807 substantia
3273 1750 3608 1820 immutata,

253 1862 597 1938 συμϐεϐηκὸς,
629 1858 745 1912 καθ’
802 1858 858 1910 ὃν
898 1857 923 1907 6
953 1854 1155 1927 χαλκὸς
1204 1856 1401 1922 γίνεται
1464 1845 1703 1922 ἀνδριὰς,
1761 1849 1850 1897 καὶ

1977 1843 2115 1899 ιΙίιιά
2135 1860 2235 1914 per
2263 1843 2540 1900 accidens
2582 1843 2832 1900 efﬁcitur
2874 1858 2887 1897 :
2915 1842 3083 1911 juxta
3128 1855 3310 1911 quem
3366 1842 3615 1899 modum

250 1957 275 2008 6
315 1937 578 2026 ἅνθρωπος
612 1946 818 2007 δίκαιος
847 1947 877 2004 ἦ
929 1940 1138 2008 ἄδικος,
1170 1946 1260 1993 καὶ
1313 1942 1379 1992 τὰ
1407 1945 1623 1991 τοιαῦτα
1670 1952 1684 1966 ·
1716 1937 1852 1987 κατὰ

249 2048 335 2098 τὸν
366 2048 538 2117 τρίτον
572 2037 650 2103 δὲ,
685 2039 827 2105 ὅταν,
870 2042 963 2095 τῆς
1001 2036 1166 2093 οὔσης
1219 2029 1331 2101 (36)
1386 2028 1565 2089 οὐσίας
1626 2026 1852 2095 σωζομέ-

250 2154 343 2194 νης
396 2114 776 2204 ἆμεταϐλὴτου,
817 2129 907 2176 καὶ
954 2120 1080 2179 ἄλλη
1128 2120 1285 2171 οὐσία
1347 2116 1680 2190 προσληφθῇ,
1734 2114 1849 2167 καθ’

253 2223 306 2275 ὃν
366 2222 392 2272 6
465 2219 762 2291 στρατηγὸς
835 2218 1034 2284 γίνεται
1106 2208 1440 2280 ὠπλισμένοςο
1522 2205 1655 2257 Ἀλλ’
1736 2207 1853 2256 οὔτε

255 2313 392 2363 κατὰ
437 2312 524 2362 τὸν
562 2314 763 2380 πρῶτον
820 2307 1007 2377 τρόπον
1059 2301 1084 2351 6
1132 2304 1299 2369 Λόγος
1348 2295 1481 2369 σὰρξ
1524 2294 1716 2366 ἐγένετο
1750 2314 1762 2325 ·
1792 2293 1851 2344 οὗ

254 2403 353 2474 γὰρ
379 2401 409 2457 ἠ
454 2400 610 2470 φύσις
665 2392 952 2467 μετεϐλήθη
1016 2409 1028 2422 ’
1064 2392 1176 2441 οὔτε
1233 2390 1365 2439 κατὰ
1410 2389 1494 2437 τόν
1557 2381 1793 2456 δεύτερον
1837 2399 1849 2411 ·

256 2471 442 2560 ούνγάρ
509 2488 539 2543 ἡ
597 2484 978 2557 προσγενομένη
1034 2476 1167 2551 σὰρξ
1211 2474 1559 2548 συμϐεϐηκὸς,
1616 2471 1724 2524 ἀλλ’
1764 2472 1851 2523 ού-

256 2582 349 2631 σία
377 2580 463 2628 καὶ
523 2574 655 2630 αὐτή
691 2587 703 2601 ·
746 2571 923 2623 λοιπὸν
972 2563 1059 2621 οὖν
1117 2568 1250 2618 κατά
1304 2569 1391 2618 τὸν
1450 2567 1625 2638 τρίτον
1664 2565 1853 2637 τρόπον

253 2671 363 2741 χρὴ
399 2671 530 2718 νοεῖν
580 2665 639 2715 τὸ
663 2662 840 2736 ῥητόν.
875 2663 1030 2717 Δίκην
1085 2660 1187 2729 γὰρ
1221 2661 1520 2730 στρατηγοῦ
1548 2657 1643 2710 τὴν
1683 2654 1854 2725 σάρκα

245 2757 597 2830 περιθέμενος,
633 2754 721 2804 τόν
750 2748 992 2821 πολέμιον
1039 2754 1133 2807 τῆς
1181 2746 1433 2818 ἡμετέρας
1463 2746 1662 2816 φύσεως
1700 2759 1852 2793 κατε-

249 2846 447 2917 πολέμη
456 2862 535 2897 σε.

321 2935 551 3004 Ἐγένετο
605 2926 665 2983 δὲ
713 2926 869 2996 εἶπεν,
938 2924 1159 2998 ἀναιρῶν
1205 2927 1300 2982 τὴν
1362 2920 1704 2995 βλασφημίαν
1754 2928 1854 2972 τῶν

248 3023 544 3095 ληρούντων
597 3020 678 3071 ὃτι
759 3015 891 3088 σὰρξ
957 3013 1273 3086 ἐφαντάσθη.
1337 3011 1676 3083 Χρησάμενος
1752 3011 1852 3084 γὰρ

251 3120 313 3183 τῇ
363 3111 515 3174 λέξει,
591 3115 653 3180 τῇ
726 3107 978 3177 Ἐγένετο,
1033 3100 1336 3155 ἐϐεϐαίωσεν
1398 3102 1479 3152 ὅτι
1533 3102 1669 3151 κατὰ
1726 3098 1853 3156 ἁλήο

1959 1951 2039 1988 ses
2060 1932 2312 1989 efﬁcitur
2344 1938 2560 2001 statua,
2587 1939 2640 1989 et
2658 1934 2843 1989 homo
2867 1930 3115 1988 efﬁcitur
3123 1929 3321 2000 justus
3343 1930 3431 1987 vel
3460 1931 3615 2004 inju-

1961 2022 2358 2095 stus,aliaque
2381 2023 2623 2080 similia.
2655 2023 2846 2078 Tertio
2871 2039 3005 2079 vero
3021 2026 3222 2092 modo,
3238 2023 3487 2097 quando
3504 2022 3617 2079 sal-

1961 2128 2038 2168 va
2051 2113 2445 2168 acimmutata
2468 2113 2643 2167 unius
2658 2111 2734 2185 (c)
2750 2113 3108 2183 substantia,
3123 2114 3235 2171 alia
3250 2130 3493 2187 quoque
3512 2112 3617 2168 ad-

1960 2201 2118 2257 ditur
2133 2202 2505 2258 substantia:
2538 2201 2718 2258 ethoc
2747 2202 2928 2257 modo
2944 2204 3112 2259 miles
3145 2203 3615 2260 efﬁciturarma—

1965 2298 2076 2348 tus.
2098 2291 2297 2346 Primo
2312 2306 2453 2361 ergo
2470 2291 2651 2346 modo
2671 2307 2787 2346 non
2801 2298 2893 2347 est
2927 2292 3179 2347 Verbum
3215 2292 3438 2348 factum
3455 2306 3613 2357 caro,

1962 2397 2084 2438 non
2099 2382 2259 2437 enim
2289 2387 2507 2437 natura
2545 2386 2775 2437 mutata
2801 2389 2926 2447 est;
2959 2396 3155 2455 neque
3175 2381 3468 2451 secundo,
3497 2396 3621 2436 non

1962 2471 2123 2527 enim
2144 2485 2249 2542 per
2277 2469 2557 2526 accidens
2595 2485 2736 2526 caro
2761 2469 2918 2527 facta
2961 2477 3067 2536 est,
3097 2470 3204 2526 sed
3225 2470 3356 2542 ipsa
3380 2484 3623 2541 quoque

1963 2559 2323 2616 substantia.
2359 2562 2555 2615 Restat
2578 2558 2760 2630 igitur
2792 2560 3040 2632 utquod
3074 2560 3301 2616 dictum
3331 2565 3425 2616 est
3455 2558 3624 2615 tertio

1964 2649 2147 2706 modo
2162 2648 2543 2718 intelligatur.
2573 2648 2723 2705 Nam
2736 2663 2903 2705 more
2922 2648 3129 2706 militis
3166 2649 3272 2721 (d),
3302 2663 3479 2707 carne
3494 2662 3626 2704 ves—

1965 2740 2107 2797 titus
2134 2737 2355 2795 bellum
2395 2738 2470 2811 (e)
2498 2742 2772 2795 nostrum
2805 2737 3046 2795 devicit.

2037 2916 2193 2974 Dixit
2211 2921 2412 2974 autem
2440 2917 2693 2974 Factum
2722 2922 2827 2982 est,
2847 2921 2910 2973 ut
2926 2915 3375 2989 blasphemiam
3394 2914 3623 2973 tolleret

1964 3006 2321 3078 nugantium
2360 3021 2429 3062 ac
2471 3006 2818 3075 dicentium,
2850 3007 3017 3078 quod
3046 3021 3186 3063 caro
3225 3005 3620 3076 imaginatum

1965 3101 2057 3151 est
2084 3095 2366 3151 Verbum.
2409 3096 2559 3151 Usus
2596 3095 2760 3151 enim
2809 3094 2926 3150 hoc
2986 3094 3189 3159 verbo,
3242 3095 3487 3151 Factum
3512 3099 3622 3164 est,

257 3203 417 3268 Θειαν,
450 3203 539 3250 καὶ
568 3197 626 3250 ού
667 3198 802 3248 κατὰ
832 3197 1118 3265 φαντασίαν
1148 3190 1558 3263 ἐνηνθρωπησεν,
1586 3188 1697 3242 Ἱνα
1745 3189 1853 3261 (.37)

1977 3183 2525 3254 conﬁrmavitquod
2547 3200 2683 3240 vere
2717 3190 2916 3240 etnon
2949 3184 3323 3256 phantastice
3344 3184 3626 3240 incarna-

256 3285 316 3342 δε
364 3292 436 3360 μὴ
490 3283 778 3359 μεταϐολήν
832 3301 950 3335 τινα
1005 3289 1097 3340 τῆς
1143 3281 1281 3341 θείας
1357 3278 1541 3339 οὐσίας
1588 3276 1854 3351 ἐννοήσῃς,

256 3380 409 3449 φησί.

332 3470 432 3518 Καὶ
481 3462 772 3521 ἐσκήνωσεν
826 3458 875 3511 ἐν
927 3461 1074 3532 ἡμῖν.
1142 3456 1463 3516 Ἐσκήνωσεν
1524 3455 1572 3508 ἐν
1619 3465 1679 3529 τῇ
1737 3458 1861 3529 ἠμε-

256 3559 381 3627 τέρα
440 3557 621 3624 σαρκὶ,
688 3549 735 3602 ἐν
786 3557 846 3622 τῇ
908 3553 1147 3619 συγγενεῖ
1209 3548 1379 3618 ἡμῶν,
1429 3545 1477 3597 ἐν
1523 3554 1585 3618 τῇ
1633 3546 1689 3608 ἐξ
1717 3547 1863 3619 ἡμῶν

258 3641 681 3716 προσληφθείσῃ.
725 3638 784 3691 Εἰ
828 3641 929 3712 γὰρ
971 3639 1137 3710 ἕτερον
1186 3639 1243 3686 τὸ
1286 3642 1532 3699 σκηνοῦν,
1575 3640 1660 3686 καὶ
1699 3636 1864 3709 ἕτερον

261 3735 289 3791 ἡ
340 3735 529 3797 σκηνὴ,
581 3730 751 3801 ἔτερος
790 3730 977 3798 ἔμεινεν
1028 3725 1052 3777 6
1114 3730 1282 3796 Λόγος
1324 3728 1469 3796 παρὰ
1523 3729 1615 3783 τὴν
1674 3726 1863 3795 σάρκα,

259 3825 393 3873 κατὰ
423 3824 517 3877 τὴν
548 3818 731 3870 οὐσίαν
778 3820 867 3867 καὶ
919 3817 1095 3886 φύσιν.
1153 3817 1298 3867 Κατὰ
1322 3816 1423 3886 γὰρ
1455 3818 1547 3871 τὴν
1591 3815 1868 3886 συνάφειαν

258 3915 348 3964 καὶ
377 3910 555 3962 ἕνωσιν
601 3908 650 3959 ἓν
702 3905 842 3958 ἐστιν
873 3906 898 3956 6
934 3903 1241 3976 προσλαϐὼν
1283 3909 1471 3974 Λόγος,
1523 3905 1666 3960 καὶή
1710 3921 1872 3976 προσ·

256 4000 512 4072 ληφθεῖσα
541 3996 693 4070 σὰρξ,
763 3994 1069 4067 σωζομένων
1125 3998 1216 4045 καὶ
1261 3992 1377 4064 (38)
1424 3995 1554 4065 μετὰ
1601 3997 1694 4051 τὴν
1751 3994 1874 4046 ἕνω-

261 4108 343 4142 σιν
373 4087 636 4161 ἀτρέπτων
682 4088 774 4136 καὶ
829 4081 1153 4154 ἀσυγχύτων
1211 4090 1309 4134 τῶν
1341 4078 1437 4135 δύο
1481 4085 1681 4154 φύσεων
1711 4081 1874 4157 ἀπορ-

257 4180 453 4253 ῥητως.

334 4264 724 4319 Καὶ-αὑτοῦ.
757 4266 865 4320 Τὴν
896 4258 1054 4324 δόξαν
1099 4269 1190 4314 τού
1246 4266 1442 4333 Λόγου,
1495 4266 1588 4320 τὴν
1647 4258 1869 4334 δύναμιν

263 4363 358 4416 τῆς
426 4357 690 4419 θεότητος,
753 4348 847 4404 διὰ
901 4360 994 4412 τῆς
1070 4354 1261 4423 σαρκὸς
1321 4349 1604 4422 λάμψασαν
1668 4354 1732 4412 ὡς
1781 4348 1875 4403 διὰ

263 4445 757 4517 παραπετάσματος.
814 4445 906 4502 Τίς
952 4437 1011 4493 δὲ
1076 4437 1136 4498 ἦν
1183 4440 1314 4497 αὕτη
1365 4454 1377 4503 ;
1426 4441 1503 4493 Τὰ
1553 4441 1742 4513 οἰπειρα
1778 4440 1874 4491 καὶ

261 4532 475 4585 ποικίλα
549 4533 810 4598 θαύματα,
865 4532 893 4587 ἡ

263 4639 666 4694 μεταμορρυσις
711 4627 794 4671 καὶ
830 4623 965 4672 κατὰ
1012 4622 1097 4669 τὸν
1129 4622 1309 4691 καιρὸν
1357 4626 1451 4678 τῆς
1507 4624 1869 4692 σταυρώσεως,

265 4712 291 4762 6
321 4714 462 4782 παρὰ
489 4715 644 4782 φύσιν
678 4713 963 4781 σκοτισμὸς
992 4715 1085 4758 τοῦ
1112 4707 1280 4772 ἡλίου,
1334 4711 1390 4759 τό
1423 4706 1631 4780 φοϐερόν
1659 4713 1874 4781 σχίσμα

266 4807 355 4850 τοῦ
395 4799 886 4869 καταπετάσματος,
940 4798 965 4847 6
996 4798 1208 4869 φρικτὸς
1269 4796 1446 4858 κλόνος
1514 4806 1605 4859 τῆς
1652 4806 1769 4869 γῆς,
1808 4801 1874 4851 τὰ

267 4892 550 4959 σχίσματα
601 4895 700 4939 τῶν
744 4893 962 4961 πετρῶν,
1019 4887 1075 4936 αἱ
1148 4893 1245 4937 τῶν
1316 4892 1575 4959 μνημείων
1627 4886 1868 4952 ἀνοίξεις,

264 4978 456 5030 αἰτῶν
509 4983 697 5048 νεκρῶν
754 4975 1003 5048 ἐγέρσεις,
1064 4979 1153 5028 καὶ
1203 4979 1262 5029 16
1309 4977 1580 5050 κεφάλαιον
1632 4980 1863 5046 πάντων,

1970 3280 2098 3330 tum
2123 3278 2229 3330 est.
2258 3274 2477 3329 Verum
2497 3288 2572 3330 ne
2601 3272 2819 3330 divinae
2845 3272 3193 3330 substantiae
3226 3272 3624 3330 mutationem

1970 3361 2289 3434 intelligas,
2337 3362 2489 3419 dicit

2043 3452 2205 3508 Vers.
2254 3453 2343 3509 14.
2409 3453 2488 3508 Et
2538 3452 2835 3510 habitavit
2876 3454 2941 3509 in
2971 3452 3160 3509 nobis.
3217 3450 3511 3508 Habitavit
3566 3451 3628 3506 in

1972 3546 2179 3598 nostra
2215 3556 2412 3613 carne,
2438 3541 2500 3597 in
2538 3558 2605 3597 ea
2624 3558 2761 3614 quae
2774 3541 2948 3598 nobis
2961 3543 3300 3615 propinqua
3325 3546 3432 3608 est,
3466 3541 3527 3596 in
3558 3556 3631 3596 ea

1975 3647 2110 3703 quae
2138 3632 2357 3688 anobis
2383 3638 2698 3704 assumpta
2722 3637 2829 3687 est.
2857 3632 3026 3697 Quod
3064 3632 3115 3687 si
3144 3631 3309 3688 aliud
3336 3635 3429 3687 est
3458 3631 3507 3686 is
3526 3629 3632 3702 qui

1975 3720 2223 3785 habitat,
2272 3726 2330 3777 et
2372 3721 2536 3777 aliud
2578 3720 2912 3778 habitatio:
2976 3721 3234 3778 Verbum
3294 3720 3629 3777 secundum

1979 3809 2378 3866 substantiam
2427 3816 2487 3867 et
2523 3816 2805 3866 naturam
2868 3810 3035 3868 aliud
3090 3812 3315 3869 mansit
3351 3826 3389 3867 a
3433 3824 3634 3868 carne.

1981 3903 2130 3957 Nam
2152 3900 2489 3956 secundum
2508 3900 2995 3971 conjunctionem
3021 3905 3078 3957 et
3117 3901 3425 3966 unionem,
3458 3915 3640 3956 unum

1983 3996 2071 4047 est
2095 3990 2355 4046 Verbum
2379 3991 2736 4062 suscipiens,
2761 4006 3024 4064 caroque
3051 3996 3356 4063 suscepta,
3390 3988 3640 4046 servatis

1983 4081 2162 4137 etiam
2192 4085 2327 4152 post
2368 4080 2673 4145 unionem,
2705 4080 3039 4137 immutatis
3069 4085 3251 4153 atque
3305 4077 3639 4136 inconfusis

1984 4169 2223 4226 duabus
2265 4167 2643 4225 ineffabiliter
2684 4169 2929 4226 naturis.

2055 4258 2217 4314 Vers.
2266 4260 2355 4315 14.
2386 4259 2460 4314 Et
2488 4290 2559 4299 —
2609 4260 2759 4328 ejus.
2811 4257 3072 4315 Gloriam
3129 4256 3329 4326 Verbi,
3374 4255 3645 4313 virtutem

1985 4348 2329 4414 divinitatis,
2375 4365 2511 4421 quae
2546 4364 2652 4420 per
2693 4363 2936 4403 carnem
2968 4354 3256 4420 tanquam
3286 4361 3393 4419 per
3444 4344 3646 4401 velum

1984 4437 2196 4495 illuxit.
2230 4437 2371 4505 Quae
2387 4442 2590 4494 autem
2618 4442 2743 4493 erat
2769 4436 2874 4495 illa
2902 4438 2929 4491 ‘I
2959 4442 3115 4493 certe
3138 4451 3454 4509 nunquam
3472 4439 3649 4492 antea

997 4528 1364 4603 ύπέρλαμπρος
1451 4534 1541 4580 καὶ
1608 4530 1857 4603 ὑπερφυὴς

1986 4528 2114 4585 visa
2132 4529 2411 4600 variaque
2443 4526 2744 4593 miracula,
2759 4526 3062 4599 perlucida
3076 4542 3145 4583 ac
3173 4524 3642 4598 supernaturalis

1985 4618 2451 4682 transformatio,
2492 4622 2549 4673 et
2597 4623 2861 4689 tempore
2901 4615 3205 4672 Passionis
3244 4614 3386 4672 solis
3432 4619 3648 4687 praeter

1984 4709 2255 4761 naturam
2277 4702 2641 4769 obscuratio,
2657 4701 3051 4758 formidabilis
3073 4701 3182 4758 veli
3203 4700 3413 4758 scissio
3454 4699 3647 4757 horri-

1982 4794 2121 4851 bilis
2149 4799 2315 4849 terrre
2329 4796 2859 4865 motus,petrarum
2879 4789 3219 4860 scissiones,
3236 4796 3651 4848 monumento-

1985 4901 2115 4941 rum
2129 4883 2876 4957 apertiones,mortuorum
2895 4882 3336 4942 suscitationes:
3361 4882 3648 4955 quodque

1979 4977 2261 5035 omnium
2276 4980 2458 5049 caput
2481 4973 3116 5046 est,mirabiliorquam
3140 4972 3260 5029 dici
3280 4976 3384 5030 aut
3398 4969 3647 5043 cogitari

1500 5182 1717 5253 Varim
1747 5183 2076 5252 lectiones
2111 5191 2177 5251 et
2219 5193 2420 5251 notae.

365 5434 454 5497 36)
485 5436 665 5497 036m;
695 5433 870 5491 abest
893 5440 959 5490 Δ.

365 5437 431 5490 36
485 5436 665 5497 Οἱσης
695 5434 842 5491 abes

364 5434 456 5579 37;
480 5509 542 5560 Ai
580 5506 750 5564 abest
779 5506 845 5561 Α.

338 5684 409 5828 8
439 5684 633 5767 Unius.
668 5684 781 5741 Pro
812 5686 977 5767 οᾷσης
1020 5683 1255 5768 videtur
1277 5683 1495 5757 legisse
1516 5690 1663 5769 μιᾷς.

399 5759 417 5827 )
451 5757 547 5812 Bis
567 5756 751 5813 habet
780 5757 963 5813 miles.
996 5756 1111 5828 Sed
1140 5772 1203 5814 in
1219 5755 1432 5815 Graeco
1462 5772 1585 5816 non
1601 5773 1663 5815 es

399 5759 417 5827 )
451 5757 547 5812 Bis
567 5756 751 5833 habet
780 5756 963 5833 miles.
996 5756 1203 5833 _Sed_in
1219 5755 1432 5815 Grte'co
1462 5755 1585 5816 non
1601 5759 1689 5815 est
1718 5775 1884 5833 στρα-

267 5827 483 5897 τιώτης,
510 5829 616 5885 sed
655 5831 964 5906 στρατηγὸς,
994 5827 1130 5887 belli
1157 5829 1298 5887 dum.

2064 5434 2176 5509 (38)
2234 5438 2337 5489 Καὶ
2380 5434 2574 5491 abest.
2612 5436 2680 5488 Α.

1994 5686 2420 5819 ἠοςγεὲειιωη.
2465 5684 2703 5745 Videtur
2738 5683 2954 5761 legisse
2992 5683 3231 5762 πόλεμον.
3281 5685 3393 5745 Mei
3419 5686 3643 5747 habent
