4170 6462
631 399 764 458 1123

1926 389 2278 456 EUTHYMII
2321 393 2647 460 ZIGABENI

3865 409 3991 470 1124

620 531 830 601 potest,
849 526 1077 582 Domini
1107 525 1473 588 resurrectio,
1494 530 1549 579 et
1568 532 1697 595 post
1724 525 1878 581 hanc
1904 541 2264 598 quaecunque

2388 529 2415 583 ἡ
2455 529 2575 600 ἃπὲρ
2624 529 2771 600 λόγον
2829 536 2917 582 xui
2975 539 3092 583 νοῦν
3134 530 3422 597 ἀνάστασις
3451 543 3542 587 τοῦ
3574 542 3866 602 Δεσποτου,
3899 548 3981 593 xui

625 616 882 686 gloriosa
923 614 1176 686 apostoli
1229 613 1511 686 deinceps
1542 622 1988 686 conspexerunt.

694 798 852 850 Vers.
892 798 972 849 lli.
1009 795 1354 850 Gloriam—
1381 796 1573 850 Patre.
1617 794 1900 858 Gloriam,
1936 810 2053 849 non
2082 794 2276 867 qualis

621 891 711 940 est
741 891 1076 940 sanctorum
1119 883 1423 939 beatorum
1459 883 1548 938 vel
1580 889 1951 950 angelorum,
2002 884 2106 940 sed
2155 884 2276 955 glo-

621 975 775 1029 riam
805 989 936 1028 vere
979 974 1295 1042 Uuigeniti.
1353 975 1497 1028 Nam
1542 973 1633 1028 hic
1660 973 1839 1028 dictio
1870 976 1939 1034 ὡς
1980 980 2273 1044 tanquam,

621 1062 781 1118 idem
814 1062 1104 1131 signiﬁcat
1133 1061 1298 1134 quod
1339 1078 1496 1118 vere-

692 1152 983 1221 Unigeniti
1022 1158 1222 1207 autem
1273 1167 1309 1206 a
1343 1151 1529 1216 Patre,
1573 1152 1692 1207 sive
1741 1156 1954 1207 natura
1996 1151 2117 1208 Filii
2155 1152 2271 1206 Dei.

623 1241 998 1308 Unigenitum
1029 1241 1185 1294 enim
1208 1256 1243 1294 a
1272 1246 1456 1295 matre
1473 1241 1793 1305 nominari,
1823 1241 2086 1297 declarat
2118 1242 2275 1296 hunc

621 1335 837 1385 natura
890 1330 1079 1384 tilium
1133 1329 1430 1398 Virginis:
1474 1329 1591 1384 dici
1635 1345 1774 1384 vero
1838 1329 2206 1398 tinigenitum
2240 1345 2275 1385 a

621 1420 809 1484 Patre,
851 1419 1012 1474 hunc
1053 1427 1260 1473 natura
1305 1421 1398 1472 Dei
1435 1419 1635 1474 Filium
1677 1419 1985 1490 praedicat.

691 1599 853 1654 Vcrs.
890 1600 974 1653 14.
1013 1600 1256 1654 Plenum
1288 1600 1480 1668 gratia
1517 1605 1570 1654 et
1593 1599 1854 1654 veritate.
1901 1598 2274 1653 Conﬁrmans

622 1688 881 1759 amplius
931 1688 1096 1760 quod
1151 1688 1405 1742 Verbum
1441 1703 1579 1742 caro
1620 1686 1862 1750 factum,
1889 1687 2030 1742 nihil
2063 1688 2140 1742 ob
2163 1688 2276 1743 hoc

620 1779 980 1833 diminutum
1017 1779 1107 1840 sit.
1139 1779 1218 1831 ait
1253 1794 1264 1830 :
1303 1778 1552 1832 Plenum
1585 1784 1710 1833 erat
1751 1778 1948 1845 gratia
1994 1776 2201 1832 divina
2225 1782 2276 1832 et

621 1870 878 1925 veritate:
911 1868 1100 1937 gratia
1125 1867 1369 1938 quidem
1411 1868 1468 1921 in
1510 1866 1886 1922 admirandis
1945 1868 2264 1939 operibus;

2388 1871 2610 1940 χάριτος
2694 1871 2782 1938 μεν
2851 1867 2899 1918 έν
2975 1876 3087 1927 ταῖς

621 1959 862 2013 veritate
894 1962 1093 2012 autem
1111 1958 1166 2010 in
1191 1955 1482 2011 doctrina.
1508 1958 1570 2010 Et
1597 1963 1882 2027 praeterea
1908 1957 2276 2028 gratia,quia

621 2053 835 2102 cuncta
873 2051 1146 2117 poterat;
1181 2047 1423 2101 veritate
1478 2062 1611 2101 vero
1678 2046 1818 2117 quia
1887 2045 2032 2100 nihil
2089 2046 2147 2100 in
2206 2061 2276 2101 eo

620 2137 1064 2209 phantasticum
1096 2142 1239 2190 erat.

696 2225 852 2280 Vers.
890 2226 974 2278 15.
1017 2225 1272 2280 Joannes
1325 2256 1391 2264 —
1431 2225 1675 2280 clamat.
1710 2224 1822 2279 Etsi
1865 2240 1998 2293 ego,
2061 2224 2274 2296 inquit,

616 2313 981 2387 quibusdam
1017 2330 1133 2369 nou
1165 2314 1306 2368 satis
1335 2313 1451 2367 fide
1491 2313 1709 2382 dignus
1743 2313 1966 2380 videor,
2015 2314 2275 2368 Joannes

616 2411 754 2460 ante
779 2420 872 2459 me
891 2404 1288 2458 testimOnium
1309 2404 1380 2456 de
1404 2404 1593 2472 ipsius
1633 2402 1940 2457 divinitate
1965 2403 2272 2474 perhibet:

619 2496 895 2557 Joannes,
938 2494 1206 2564 inquam,
1249 2492 1341 2546 ille
1383 2493 1553 2561 cujus
1604 2507 1821 2546 nomen
1879 2507 2164 2558 magnum
2207 2507 2276 2545 ac

620 2583 847 2637 celebre
887 2589 1010 2637 erat
1043 2580 1203 2651 apud
1245 2596 1452 2634 omnes
1478 2580 1732 2633 .ludzpos.
1754 2583 1863 2633 Nec
1896 2580 2088 2633 solum
2124 2580 2276 2633 testi-

619 2672 848 2734 ﬁcatur,
884 2687 1086 2724 verum
1129 2677 1306 2723 etiam
1367 2669 1586 2723 clamat
1644 2672 1764 2722 sive
1824 2686 1960 2723 cum
2012 2669 2275 2722 libertate

617 2760 988 2822 vociferatur,
1016 2776 1084 2812 ac
1115 2765 1274 2812 metu
1305 2760 1466 2812 omni
1503 2758 1762 2827 seposita
1793 2757 2090 2829 praedicat.
2122 2758 2272 2812 Audi

619 2865 756 2904 vero
792 2849 936 2920 quid
971 2849 1308 2902 testiﬁcetur
1347 2854 1402 2901 et
1460 2847 1695 2901 clamet.

689 2940 845 2992 Vers.
893 2943 972 2991 15.
1009 2939 1222 2992 Diceris
1249 2967 1315 2976 —
1339 2937 1478 3004 fuit.
1509 2937 1651 2990 Dixit
1676 2935 1833 2989 enim
1870 2935 2004 3000 hoc,
2034 2935 2270 3006 aliaque

619 3028 822 3082 similia
850 3026 1070 3080 Iudaeis
1095 3025 1168 3080 de
1197 3026 1420 3080 Christo
1441 3033 1766 3096 antequam
1802 3026 1927 3096 ipse
1955 3031 2270 3096 appareret

617 3123 714 3172 aut
736 3116 1519 3186 manifestareturtanquam
1547 3115 1858 3186 propheta,
1875 3120 1938 3169 ut
1955 3114 2118 3169 fama
2141 3114 2270 3184 ejus

613 3210 1156 3278 praeocuparentur,
1211 3211 1268 3260 et
1309 3222 1445 3259 cum
1487 3205 1876 3276 postmodum
1930 3209 2269 3276 appareret,
2303 3241 2341 3293 Ο

611 3295 841 3351 facilius
873 3294 1276 3350 testimonium
1309 3294 1382 3348 de
1414 3294 1508 3349 illo
1541 3295 1920 3364 reciperetur.
1968 3295 2269 3365 Siquidem

611 3385 914 3441 Matthaaus
929 3384 1277 3439 scribiteum
1291 3383 1654 3449 dixissezoui
1670 3390 1792 3451 post
1807 3399 1892 3438 me
1908 3384 2087 3448 venit,
2101 3384 2273 3452 forti-

605 3478 883 3537 ormeest,
900 3476 1069 3543 cujus
1083 3490 1190 3528 non
1203 3489 1324 3528 sum
1337 3473 1553 3542 dignus
1566 3472 1942 3527 catceamcnta
1955 3475 2270 3542 portare".

675 3653 825 3718 Quid
855 3658 943 3706 est
972 3653 1339 3718 autem,Post
1362 3657 1757 3707 meventurus
1787 3658 1866 3706 est
1897 3651 2002 3721 qui
2021 3657 2150 3705 ante
2180 3668 2265 3706 me

591 3745 714 3812 fuit
747 3742 776 3796 ‘t
799 3745 913 3796 Hoc
940 3748 1044 3805 est,
1080 3742 1214 3795 Post
1239 3741 1551 3812 paululum
1584 3739 1660 3794 ad
1687 3756 1790 3794 vos
1836 3747 2117 3794 venturus
2145 3745 2257 3806 est,

596 3832 698 3903 qui
720 3831 851 3885 licet
884 3834 945 3884 ut
976 3831 1158 3884 homo
1189 3830 1457 3884 nondum
1492 3828 1791 3900 apparuit,
1843 3828 2030 3897 gloria
2061 3834 2258 3884 tamen

599 3936 668 3975 ac
708 3920 1017 3990 majestate
1051 3936 1143 3974 me
1183 3918 1461 3990 praecedit
1509 3935 1522 3985 ;
1560 3935 1702 3974 nam
1737 3918 1998 3974 maxime
2039 3919 2258 3988 glorifi-

595 4009 829 4069 candus
860 4009 1276 4064 etexaltandus
1300 4014 1404 4063 est.
1426 4008 1596 4073 Quod
1618 4011 1814 4064 autem
1861 4005 2125 4062 futurum
2146 4014 2252 4073 est,

593 4113 755 4154 more
788 4097 1084 4168 probetne,
1113 4097 1292 4170 quasi
1313 4098 1443 4168 jam
1463 4097 1684 4153 factum
1709 4098 1801 4161 sit,
1832 4097 1994 4152 dixit.
2031 4096 2253 4153 Deinde

596 4187 763 4260 ponit
786 4187 966 4243 etiam
997 4202 1248 4243 causam
1281 4185 1633 4257 hujusmodi
1665 4185 2070 4242 sublimitatis.

666 4277 826 4334 Vers.
868 4283 948 4334 15.
992 4278 1138 4344 Quia
1164 4279 1332 4348 prior
1361 4293 1451 4333 me
1479 4283 1627 4333 erat.
1660 4278 1810 4343 Quia
1826 4293 1922 4332 me
1958 4283 2248 4350 tanquam

2387 620 2485 668 ὅσα
2551 623 2677 688 μετὰ
2735 623 2927 676 ταύτην
2982 622 3235 692 θεοπρεπῆ
3293 625 3510 686 καθεξῆς
3585 629 3632 678 οἱ
3697 625 3972 682 ἀπόστολοι

2388 710 2682 762 εθεάσαντο.

2459 797 2616 858 Δόξαν
2643 829 2698 839 -
2731 805 2946 872 Πατρός.
2983 800 3161 862 Δόξαν,
3193 801 3295 872 οὐχ
3324 805 3406 853 οἱα
3447 805 3474 860 ἠ
3504 814 3600 856 τῶν
3633 801 3978 868 δοξασθέντων

2388 886 2547 955 ἁγίων
2602 888 2628 944 ἦ
2689 886 2936 958 ἀγγέλων,
2972 889 3097 940 ἀλλὰ
3154 886 3312 952 δόξαν
3365 897 3522 954 ὅντως
3543 901 3882 966 Μονογενοῡς.
3922 904 3976 952 Τό

2385 977 2485 1047 γὰρ
2518 977 2585 1036 ὡς
2618 975 2839 1028 ἐνταῦθα
2861 981 2917 1029 τό
2949 982 3105 1040 ὄντως
3137 975 3310 1036 δηλοῖ.

2458 1161 2774 1224 Μονογενοῡς
2802 1151 2860 1207 δι
2917 1157 3016 1207 ἀπὸ
3073 1161 3295 1230 Πατρός,
3348 1161 3509 1229 ἤγουν
3549 1165 3706 1231 φύσει
3740 1166 3860 1215 Υἱοὺ
3899 1175 3972 1217 τοῦ

2387 1251 2539 1294 Θεοῦ.
2569 1247 2636 1295 Τό
2663 1248 2752 1315 μὲν
2790 1247 2891 1315 γάρ
2942 1245 3294 1316 ὀνομάζεσθαι
3339 1257 3585 1319 μονογενῆ
3641 1249 3748 1302 ἀπὸ
3798 1259 3970 1327 μητρός

2388 1336 2538 1402 φύσει
2569 1336 2678 1383 υἱόν
2702 1341 2790 1393 τῆς
2833 1336 3093 1406 Παρθένου
3113 1344 3292 1387 τοῦτον
3311 1337 3577 1408 έρμηνεύει
3605 1358 3618 1369 ο
3650 1343 3711 1390 τὸ
3745 1337 3804 1393 δε
3823 1341 3968 1412 λέγων·

2389 1424 2474 1472 θαι
2503 1428 2757 1492 Μονογενῆ
2793 1420 2892 1473 ἀπὸ
2922 1429 3121 1494 Πατρός
3153 1428 3302 1495 φύσεί
3351 1428 3460 1476 ria»
3511 1435 3600 1478 τοῦ
3650 1432 3783 1481 Θεοῦ
3813 1440 3966 1482 τοῦτον

2389 1510 2752 1581 ἁνακηρὺττει.

2460 1600 2663 1671 Πληρης
2720 1604 2942 1672 χάριτος
2994 1605 3083 1653 xui
3129 1600 3389 1664 ἀληθείας.
3447 1603 3561 1657 ’Ἐτι
3629 1604 3853 1678 βεϐαιῶν
3901 1611 3960 1660 ὃτι

2387 1692 2410 1740 ό
2467 1697 2648 1759 Λόγος,
2686 1690 2819 1760 σὰρξ
2861 1695 3144 1760 γενόμενος,
3180 1688 3331 1743 οὐδὲν
3390 1692 3667 1752 ἠλαττώθη
3701 1701 3837 1768 παρὰ
3863 1707 3954 1749 τοῦ·

2387 1799 2462 1839 το,
2494 1780 2624 1848 λέγει
2665 1781 2744 1830 ὁτι
2771 1780 2981 1850 Πλὴρης
3033 1777 3092 1836 ἦν
3125 1783 3384 1853 χάριστος
3417 1783 3552 1842 θείας
3595 1790 3688 1836 xui
3722 1784 3942 1845 ἀληθείας·

3751 1874 3937 1934 (duim;

3222 1964 3320 2011 Kui
3374 1963 3600 2034 χάριτος
3659 1967 3768 2034 μὲν,
3817 1964 3856 2016 ἐν
3894 1973 3944 2033 τῷ

2387 2051 2555 2097 πάντα
2625 2046 2907 2109 δύνασθαι,
2979 2045 3224 2108 ἀληθείας
3272 2044 3351 2112 δι,
3411 2050 3461 2100 έν
3504 2059 3577 2121 τῷ
3625 2050 3789 2123 μηδὲν
3841 2057 3948 2124 ἔχειν

3187 1872 3608 1943 θαυματουργίαι
3618 1894 3660 1938 ς,

2390 1954 2448 2009 δι
2495 1959 2543 2008 ἐν
2599 1965 2713 2017 ταῖς
2754 1953 3143 2017 διδασιαλίαις.

2389 2142 2693 2208 φαντασίας.

2461 2227 2696 2286 Ἰωάννης
2731 2257 2788 2264 -
2818 2229 3085 2297 κέκραγεν.
3143 2226 3203 2280 Ei
3251 2232 3340 2278 xui
3386 2232 3458 2299 μὴ
3492 2228 3608 2299 εγὼ,
3652 2237 3788 2302 φησι,
3834 2228 3950 2283 δοκῶ

2388 2335 2523 2366 τισιν
2556 2318 2679 2375 ῖσως
2712 2313 3036 2378 ἀξιόπιστος,
3075 2315 3198 2366 ἀλλά
3233 2319 3330 2389 πρὸ
3375 2316 3500 2388 ἔμοι)
3530 2321 3554 2370 δ
3594 2319 3815 2382 Ἰωάννης
3837 2341 3949 2393 3⁸⁵1⁸⁸

2386 2413 2529 2476 τυρεῑ
2557 2409 2670 2477 περὶ
2704 2414 2796 2461 τῆς
2839 2406 3078 2463 θεότητος
3124 2407 3234 2474 (39)
3292 2405 3469 2460 αὑτοῦ.
3514 2409 3741 2470 Ἰωάννης
3761 2413 3946 2472 ἓκεῐνος,

2388 2495 2445 2544 οὗ
2468 2499 2521 2544 τό
2555 2498 2712 2563 ὄνομα
2743 2498 2874 2563 μέγα
2899 2498 2987 2542 καὶ
3021 2493 3328 2565 περιϐόητον
3374 2498 3514 2567 παρὰ
3542 2504 3661 2547 πᾶσι
3708 2505 3802 2555 τοῖς
3830 2498 3939 2547 ’1ουο

2389 2579 2576 2642 δαίοις.
2618 2587 2716 2634 Καὶ
2759 2582 2863 2651 οὐχ
2904 2582 3071 2641 ἁπλῶς
3094 2590 3366 2656 μαρτυρεῖ,
3428 2584 3540 2634 ἀλλὰ
3588 2590 3665 2634 xui
3686 2589 3924 2654 κέκραγεν,

2389 2677 2546 2741 ἤγουν
2582 2670 2683 2742 βοᾷ
2703 2674 2832 2741 μετὰ
2855 2671 3167 2744 παρρησίας,
3212 2675 3452 2743 κηρύττει
3495 2676 3615 2744 μετὰ
3659 2672 3940 2746 ἐλευθερίας,

2386 2768 2554 2832 χωρὶς
2587 2764 2757 2820 πάσης
2798 2760 3106 2820 ὑποστολῆς.
3151 2767 3214 2813 Τί
3247 2759 3306 2813 δι
3332 2770 3570 2836 μαρτυρεῖ
3608 2768 3690 2814 xui
3715 2767 3944 2834 κέκραγεν

2385 2849 2631 2906 ἄκουσον.

2458 2943 2631 3008 Λέγων
2659 2941 2774 3007 (40)
2809 2968 2872 2980 -
2917 2943 3138 3009 γέγονεν.
3178 2938 3298 2992 Εἷπε
3327 2943 3425 3014 γὰρ
3461 2947 3610 2993 τοῦτό
3649 2961 3699 2993 τε
3732 2946 3813 2992 xui
3845 2940 3946 2992 ἄλλα

2383 3037 2600 3078 τοιαύτά
2632 3035 2744 3096 περὶ
2776 3037 2865 3079 τοὺ
2897 3036 3123 3100 Χριστοῦ
3154 3038 3254 3088 τοῖς
3302 3027 3604 3096 Ἰουδαίοις,
3645 3035 3740 3102 πρό
3767 3040 3848 3082 τοῦ
3877 3052 3937 3101 τει-

2381 3125 2528 3173 visui
2556 3117 2707 3167 αὐτόν
2731 3120 2797 3177 ὡς
2831 3122 3065 3189 προφήτῃ
3080 3139 3118 3181 ς,
3154 3124 3242 3169 xui
3277 3120 3357 3169 ἶνα
3403 3128 3463 3190 τῇ
3493 3126 3608 3193 περὶ
3635 3121 3790 3171 αὑτοῦ
3827 3126 3939 3190 φῆμις

2382 3207 2908 3278 προκατασχεθὼοιν,
2939 3212 3027 3257 xui
3065 3206 3241 3258 λοιπόν
3289 3213 3548 3278 φανέντος,
3606 3204 3942 3282 εὐπαράδεκτος

2383 3299 2411 3352 ἠ
2445 3302 2555 3364 περὶ
2591 3296 2749 3347 αὑτοῦ
2776 3300 3038 3368 μαρτυρία
3075 3301 3305 3366 γένηται.
3360 3303 3459 3349 Καὶ
3485 3302 3586 3371 γὰρ
3615 3305 3703 3350 xui
3727 3299 3946 3353 Ματθαίος

2383 3384 2601 3455 ἔγραψεν
2628 3387 2706 3436 δτι
2733 3385 2896 3454 ῧ-εγεν
2921 3403 2932 3415 ⁸
2960 3383 3020 3436 Ὀ
3050 3384 3218 3436 ὀπίσω
3256 3405 3355 3457 μου
3390 3386 3675 3458 ἐρχόμενος
3705 3387 3943 3459 ἰσχυρότε-

2379 3480 2468 3547 ρός
2497 3477 2596 3546 μού
2624 3473 2782 3534 ἐστιν,
2815 3473 2874 3524 οὗ
2905 3473 2996 3525 οὐκ
3029 3473 3130 3545 εἰμὶ
3163 3477 3330 3535 ἱκανὸς
3371 3479 3435 3527 τὰ
3463 3473 3785 3548 ὑποδήματα
3832 3473 3945 3546 βασ-

2380 3567 2560 3615 τάσαμ

2448 3658 2509 3704 Τί
2537 3649 2569 3704 δ
2576 3657 2595 3704 ί
2622 3652 2776 3716 ἐστιν,
2810 3651 2868 3704 Ὀ
2899 3653 3070 3704 ὀπίσω
3097 3671 3197 3724 μου
3242 3652 3518 3727 ἐρχόμενος
3560 3656 3844 3728 ἔμπροσθέν
3869 3670 3943 3724 μου

2373 3746 2574 3810 γέγονεν
2608 3742 2700 3806 ςὈ
2727 3744 2855 3812 μετά
2886 3746 3068 3816 μικρόν
3102 3741 3377 3815 ἐρχόμενος
3433 3747 3562 3817 πρὸς
3617 3746 3775 3815 ὑμᾶς,
3806 3745 3945 3794 ὁὸσον

2371 3849 2512 3881 omni
2541 3830 2942 3902 έμφανιζόμενος
2980 3833 3097 3902 ὑμῖν
3138 3835 3201 3891 ὡς
3233 3833 3522 3904 ἄνθρωπος,
3557 3832 3780 3905 ὑπερέϐη
3816 3851 3870 3903 με
3895 3838 3941 3900 τῇ

2369 3915 2497 3990 δόξῃ
2541 3926 2628 3972 xui
2671 3920 3053 3991 μεγαλειότητι.
3099 3922 3240 3972 Πάνυ
3292 3924 3393 3994 γὰρ
3435 3921 3604 3993 μέλλει
3644 3919 3944 3984 δοξασθῆναι

2365 4013 2453 4060 xui
2482 4009 2883 4080 μεγαλυνθῆναι.
2941 4009 3027 4072 Ὠς
3070 4016 3401 4082 γεγενημένον
3435 4006 3493 4063 δε
3549 4008 3664 4063 εἶπε
3698 4015 3756 4062 τὸ
3794 4008 3946 4081 μέλλον

2362 4102 2501 4170 νόμῳ
2535 4104 2870 4173 προφητείας.
2906 4096 3026 4152 Εἶτα
3052 4101 3237 4157 τίθησι
3261 4104 3349 4152 xui
3372 4105 3464 4158 τὴν
3487 4099 3664 4152 αἰτίαν
3687 4108 3780 4162 τῆς
3801 4100 3947 4151 τοιαύ-

2362 4207 2451 4248 της
2479 4188 2764 4259 ὑπεροχῆς.

2429 4276 2549 4330 Ὀτι
2584 4284 2786 4352 πρῶτος
2816 4297 2916 4350 μου
2950 4274 3024 4336 ἦν.
3084 4276 3204 4330 Ὀτι
3266 4279 3631 4352 ὑπερκείμενός
3659 4298 3762 4351 μου
3809 4274 3864 4335 ἦν
3891 4278 3942 4333 ὡς

2359 4371 2518 4429 Θεός.

2431 4461 2530 4509 Καὶ
2561 4485 2622 4498 ---
2657 4455 2921 4528 ἐλάϐομεν.
2954 4456 3122 4510 Εἰπὼν
3154 4457 3229 4508 ὅτι
3254 4457 3457 4532 πλήρης
3476 4459 3703 4532 χάριτος
3723 4462 3811 4510 xui
3835 4455 3947 4512 ἀλη-

2356 4547 2494 4606 θείας
2530 4542 2608 4609 ἧν,
2634 4550 2722 4597 xui
2750 4542 2924 4607 δείξας
2948 4545 3100 4597 αὐτόν
3120 4550 3294 4617 πηγὴν
3315 4550 3507 4608 παντὸς
3532 4545 3736 4618 ἀγαθοῦ
3762 4545 3944 4599 uinum!

596 4368 750 4422 Deus
781 4367 1180 4438 praecedebat.

664 4458 821 4512 Vers.
853 4459 941 4514 16.
983 4458 1060 4512 Et
1093 4489 1156 4498 —
1184 4457 1533 4526 accepimus.
1578 4455 1725 4512 Cum
1762 4456 1962 4528 ipsum
2003 4456 2245 4512 dixisset

591 4547 834 4618 plenum
868 4549 1058 4617 gratia
1084 4552 1140 4602 et
1169 4548 1427 4612 veritate,
1481 4564 1550 4602 ac
1591 4548 1817 4601 fontem
1856 4547 2052 4600 omnis
2100 4545 2243 4600 boni

589 4652 914 4706 perennem
938 4642 992 4691 et
1013 4637 1427 4694 inexhaustum
1449 4651 1576 4691 esse
1598 4635 2102 4698 demonstrasset,
2130 4635 2238 4690 ait:

590 4727 704 4780 Nos
728 4726 907 4780 etiam
922 4742 1129 4780 omnes
1146 4725 1423 4796 discipuli
1452 4725 1525 4780 de
1549 4725 1645 4779 tali
1667 4723 1855 4796 ipsius
1879 4723 2242 4796 plenitudine

590 4828 695 4885 per
737 4814 1253 4884 participationem
1298 4813 1665 4886 accepimus.

662 4905 818 4958 Vers.
862 4903 944 4958 16.
980 4904 1052 4958 Et
1086 4906 1344 4974 gratiam
1381 4919 1493 4973 pro
1528 4905 1739 4973 gratia.
1773 4905 2005 4959 Novum
2049 4904 2243 4959 Testa-

590 4998 858 5048 mentum
888 5009 990 5064 pro
1023 4994 1232 5050 Veteri.
1265 4993 1433 5058 Quod
1475 4998 1673 5048 autem
1702 4993 1775 5047 de
1809 4991 1901 5048 his
1933 4992 2238 5064 loquatur,

588 5098 660 5137 ex
685 5084 1073 5156 sequentibus
1113 5082 1498 5139 manifestum
1547 5088 1689 5152 est;
1752 5083 1987 5137 interim
2037 5086 2235 5138 autem

591 5170 736 5227 scito
766 5171 931 5245 quod
961 5178 1016 5228 et
1036 5172 1147 5228 hoc
1164 5170 1384 5227 etillud
1413 5171 1680 5227 Gratiam
1713 5170 2064 5239 nominavit,
2089 5171 2233 5243 quia

2283 4591 2321 4642 D

2353 4640 2441 4687 xui
2473 4634 2735 4698 ἀκένωτον,
2762 4654 2827 4706 φη
2839 4640 2918 4686 σιν
2941 4636 3020 4686 ὅτι
3054 4640 3153 4687 Καὶ
3180 4637 3329 4706 ἡμεῖς
3360 4638 3540 4696 πάντες
3579 4638 3629 4688 οἱ
3654 4631 3943 4709 μαθηταὶᾶ

2352 4732 2442 4776 τοῦ
2474 4726 2705 4776 τοιούτου
2762 4723 3104 4797 πληρώματος
3169 4723 3328 4776 αὑτοῦ
3380 4723 3624 4797 έλάϐομεν
3683 4728 3814 4778 κατὰ
3872 4742 3941 4795 με·

2351 4820 2546 4886 τοχὴν,

2425 4907 2524 4955 Καὶ
2565 4904 2726 4976 χάριν
2784 4899 2897 4954 ἀντὶ
2966 4902 3202 4976 χάριτος.
3262 4907 3367 4960 Τὴν
3432 4908 3625 4962 Καινὴν
3686 4904 3932 4961 Λιαθήτιην

2352 4991 2466 5044 ἀντὶ
2522 5001 2611 5051 τῆς
2670 4990 2919 5052 Ιιαλαιᾶς.
2959 4998 3074 5043 Ὅτι
3133 4987 3191 5044 δε
3230 4997 3347 5064 περὶ
3399 4995 3592 5044 τούτων
3647 4993 3802 5064 λέγει,
3853 4987 3934 5047 di-

2350 5081 2434 5134 λον
2487 5079 2587 5133 ἀπὸ
2640 5089 2736 5133 τῶν
2799 5078 2978 5152 ἐφεξῆς
3011 5100 3022 5112 ·
3064 5086 3185 5142 τέως
3266 5077 3324 5132 δι
3405 5083 3571 5155 Χάριν
3621 5089 3713 5135 xui
3762 5084 3929 5136 ταύτην

2342 5173 2580 5229 κάκείνην
2631 5170 2887 5242 ὠνόμασε,
2951 5166 3093 5222 διότι
3137 5172 3272 5223 κατὰ
3320 5173 3482 5245 χάριν
3513 5170 3799 5249 ἀμφότεραι
3832 5168 3929 5240 (41)

663 5355 710 5391 ³⁸
747 5353 948 5410 Matth.
992 5351 1088 5417 Ill,
1168 5351 1256 5405 11.

1798 5529 2021 5602 Variae
2057 5529 2254 5599 lectio
2273 5553 2395 5598 nes
2437 5539 2505 5598 et
2536 5539 2743 5599 notas.

2340 5726 2633 5786 omiserit.

678 5730 766 5788 39)
807 5726 976 5785 Αὐτοῦ
1026 5724 1197 5786 abest
1241 5733 1304 5782 Δ.

678 5730 746 5788 39
807 5729 976 5785 Αὐτοῦ
1026 5729 1197 5786 abest
1241 5733 1304 5782 Δ.
2340 5729 2633 5786 omiserit.

653 5729 767 5876 240;
826 5804 1004 5876 ᾼέγων
1040 5801 1102 5858 in
1132 5798 1792 5876 interpretationeJnon
1844 5798 2233 5876 habetrﬂen-
2411 5800 2527 5873 (41)
2554 5800 2876 5875 ’Δμφότερα,
2916 5803 2978 5854 Α.

677 5798 767 5874 40)
826 5804 1004 5874 Δίνων
1040 5801 1102 5858 in
1132 5798 1615 5874 interpretatione
1647 5812 1792 5874 non
1844 5798 2031 5874 habet
2077 5800 2233 5856 ﬂen-

587 5870 794 5931 tenius.
821 5870 1025 5948 Neque
1075 5870 1382 5930 tamen'iu
1426 5870 1777 5927 Prmt‘atione
1830 5871 2082 5938 monuit,
2126 5885 2232 5926 cur
