4170 6438
250 382 381 447 1425

1322 381 1697 451 COMMENT.
1740 384 1809 446 IN
1849 378 2209 457 JOANNEM.
2250 432 2317 441 —
2350 395 2512 460 CAP.
2559 402 2598 464 ι.

3480 418 3617 476 11Ξὸ

250 515 512 576 ἐδόθησαν
541 523 651 578 τοῖς
677 516 918 583 λαϐοῦσι,
954 518 1306 590 χαριζομένου
1347 526 1438 571 τοῦ
1471 525 1604 571 Θεοῦ
1647 520 1835 577 τούτοις

1964 524 2283 595 utrumque
2301 528 2486 595 gratis
2513 530 2941 602 accipientibus
2967 533 3174 592 datum
3196 543 3304 603 est,
3327 533 3443 597 Deo
3469 543 3619 615 ipsis

252 605 323 659 δι’
377 607 509 659 ἔλεον
549 606 754 673 οἰκεῖον,
810 605 902 657 οὐκ
952 604 1290 679 ἀμειϐομένου
1346 610 1559 670 τούτους
1606 603 1698 659 διὰ
1734 608 1845 676 (42)

247 695 611 768 προ).αϐούσας
634 694 815 771 ἀρετὰς
847 695 1036 747 αὐτῶν.

318 784 517 860 Ὠσπερ
591 781 649 837 δε
711 781 944 842 διαθήκη
999 790 1085 836 καὶ
1143 782 1374 844 διαθήκη
1445 786 1699 857 λέγονται,
1758 791 1847 837 καὶ

249 879 401 947 νόμος
430 880 519 926 καὶ
565 880 735 945 νόμος,
790 879 880 926 καὶ
932 873 1095 925 πολλά
1150 882 1370 926 τοιαῦτα
1421 874 1649 948 ὀνόματα
1700 877 1849 927 κοινά

251 966 466 1035 ἔχουσιν
493 983 505 995 ο
566 964 820 1016 οὕτωκαὶ
871 964 1035 1037 χάρις
1079 964 1193 1035 (43)
1224 969 1316 1016 καὶ
1361 965 1525 1037 χάρις
1568 964 1843 1036 ὀνομάζον-

250 1072 356 1106 ται.

317 1140 628 1213 Ὀμωνύμως
709 1139 767 1194 δὲ
826 1144 1015 1207 πάντα,
1086 1146 1175 1193 καὶ
1242 1141 1301 1193 ού
1367 1144 1698 1213 συνωνύμως.
1771 1143 1848 1193 Τὰ

250 1228 441 1291 ἐκείνης
481 1234 569 1302 μεν
598 1234 699 1305 γὰρ
730 1235 1087 1303 στοιχείωσις,
1122 1232 1187 1282 τὰ
1225 1232 1419 1292 ταύτης
1452 1227 1511 1282 δὲ
1549 1230 1805 1290 τελείωσις
1829 1249 1841 1262 ο

247 1318 461 1371 κάκεῖνα
506 1324 596 1392 μεν
640 1326 794 1373 παισὶ
844 1325 1194 1393 προσήκοντα,
1251 1328 1417 1373 ταῦτα
1448 1316 1506 1373 δὲ
1565 1316 1842 1393 ἀνδράσιν.

318 1611 384 1657 ’Ἢ
440 1608 606 1657 ἐκεῖνα
653 1607 742 1677 μὲν
792 1602 1039 1679 ἀνδράσι,
1082 1614 1249 1658 ταῦτα
1296 1604 1354 1659 δὲ
1406 1606 1664 1678 ἀγγελοις.
1719 1605 1847 1661 Εἶτα

248 1691 469 1747 δεικνύει
497 1698 555 1746 τὸ
597 1691 845 1767 διάφορον
890 1695 1057 1747 αὐτῶν
1106 1694 1207 1748 ἀπὸ
1254 1705 1354 1748 τῶν
1388 1692 1844 1770 διακονησαμένων

247 1783 437 1843 αὐτοῖς.

1965 611 2200 682 propria
2231 629 2340 669 sua
2372 616 2778 675 misericordia
2807 623 3195 693 grattficante,
3226 644 3342 683 non
3372 629 3453 683 ob
3481 611 3623 701 prte-

1961 700 2238 756 cedentes
2290 702 2528 760 illorum
2570 708 2812 763 virtutes
2844 712 3224 782 rependente.

2030 790 2550 853 Quemadmodum
2571 802 2771 852 autem
2793 798 3075 857 dicuntur
3102 801 3193 858 lex
3222 810 3278 860 et
3300 804 3415 878 lex,
3440 814 3621 865 testa-

1960 884 2232 935 mentum
2265 897 2334 937 ac
2384 888 2824 954 testamentum,
2869 888 3165 964 multaque
3225 894 3341 951 alia
3372 898 3621 956 nomina

1957 966 2181 1024 habent
2230 977 2578 1031 communia
2621 992 2633 1032 :
2684 976 2766 1033 ita
2804 994 3042 1051 quoque
3092 983 3284 1051 gratia
3319 990 3375 1041 et
3427 988 3620 1056 gratia

1959 1060 2366 1117 nominantur.

2027 1147 2159 1204 Haec
2193 1156 2390 1208 autem
2424 1154 2729 1227 mquivoca
2760 1164 2914 1225 sunt,
2950 1175 3071 1216 non
3098 1178 3442 1236 synonyma
3470 1181 3481 1220 :
3518 1166 3616 1222 illa

1960 1233 2258 1307 siquidem
2289 1256 2424 1312 quae
2478 1245 2690 1300 veteris
2717 1252 2875 1312 sunt,
2926 1233 3138 1305 rudem
3166 1233 3615 1323 expressionem

1957 1321 2249 1383 duntaxat
2299 1330 2641 1399 significant
2678 1340 2733 1390 et
2786 1336 3197 1403 imitationem,
3238 1321 3375 1409 quae
3413 1349 3614 1401 autem

1958 1415 2120 1482 novi,
2150 1416 2567 1487 perfectionem
2603 1442 2615 1482 :
2647 1430 2703 1477 et
2728 1423 2829 1480 illa
2869 1443 3012 1482 sane
3063 1430 3348 1486 omnibus
3370 1432 3445 1505 (Γ)
3475 1450 3613 1491 con-

1962 1502 2224 1571 veniunt,
2254 1505 2384 1563 haec
2438 1516 2638 1566 autem
2672 1512 2813 1568 solis
2844 1515 3005 1570 viris.

2030 1591 2134 1648 Vel
2171 1596 2370 1666 potius
2400 1597 2499 1654 illa
2538 1600 2700 1669 viris,
2741 1603 2853 1660 ista
2878 1622 3016 1662 vero
3046 1608 3298 1679 angelis.
3332 1608 3615 1668 Differen-

1958 1681 2100 1737 tiam
2132 1696 2561 1758 consequenter
2586 1690 2852 1763 ipsorum
2885 1696 2962 1751 ab
2989 1697 3081 1753 his
3120 1699 3221 1771 qui
3250 1716 3322 1755 ea
3356 1700 3615 1759 admini-

1958 1778 2288 1828 straverunt
2314 1778 2590 1834 ostendit.

313 1870 430 1924 ’Ὁτι
478 1904 546 1912 —
595 1872 809 1945 ἐγένετο.
852 1873 912 1927 Ὀ
968 1878 1122 1947 νόμος
1172 1877 1282 1947 μὲν,
1345 1878 1509 1927 εῖτουν
1565 1877 1595 1933 ἠ
1648 1875 1835 1928 παλαιὰ

2029 1861 2190 1917 Vers.
2226 1868 2306 1918 t7.
2334 1866 2693 1938 Quia—fuit.
2725 1873 2835 1927 Lex
2857 1873 3127 1945 quidem,
3150 1876 3276 1933 sive
3304 1882 3471 1934 vetus
3513 1882 3616 1937 Te-

245 1963 477 2019 Διαθήκη
547 1958 640 2015 διὰ
690 1967 941 2024 Μοῦσέως
992 1962 1453 2037 μεσολαϐήσαντος
1513 1961 1669 2023 ἐδόθη
1738 1973 1846 2027 τοῖς

243 2049 535 2124 Ἑϐραίοις·
589 2053 618 2109 ἡ
675 2054 834 2124 χάρις
904 2050 985 2122 δὲ,
1035 2056 1197 2124 ἤγουν
1265 2055 1291 2111 ὁ
1349 2058 1456 2118 νέα,
1517 2049 1612 2105 διὰ
1666 2054 1842 2109 Ἰησοῦ

246 2146 481 2212 Χριστοῦ
549 2139 763 2211 ἐγένετο,
845 2138 1057 2204 οὐδενός
1112 2142 1279 2214 ἐτέρου
1363 2142 1839 2215 μεσολαϐήσαντος.

248 2234 347 2281 Καὶ
394 2236 622 2290 Μωύσῆς
697 2234 787 2301 μὲν
837 2227 1018 2291 δοῦλος
1069 2228 1152 2295 ἦν,
1209 2237 1298 2284 καὶ
1369 2235 1489 2307 ὅπερ
1565 2232 1739 2285 ἔλαϐεν
1787 2233 1841 2286 ἐκ

245 2322 392 2382 Θεοῦ,
442 2324 593 2369 τοῦτο
641 2314 838 2370 ἔδωκε’
888 2324 1117 2394 Χριστὸς
1173 2316 1230 2371 δὲ
1276 2326 1539 2383 Δεσπότης
1603 2318 1684 2387 ἧν,
1752 2329 1841 2375 καὶ

245 2406 403 2467 αύτός
437 2407 646 2464 ἐποίησε
684 2412 776 2465 τὴν
804 2412 918 2459 νέαν
970 2411 1039 2469 ὡς
1089 2412 1236 2471 Θεὸς.
1284 2416 1445 2462 Ὅσον
1490 2407 1576 2462 οὖν
1630 2414 1687 2464 τὸ
1715 2408 1839 2464 διά-

244 2515 395 2569 φορον
466 2500 723 2557 Μυῦσέως
793 2502 881 2549 καί
940 2505 1194 2570 Χριστοῦ,
1274 2507 1519 2551 τοσοῦτον
1578 2501 1681 2575 ἄρα
1750 2506 1839 2554 καὶ

247 2586 455 2637 τούτων.
510 2583 648 2637 "Avo;
700 2588 790 2656 μὲν
854 2582 939 2637 οὖν
1000 2590 1164 2660 Χάριν
1217 2593 1307 2639 καὶ
1354 2592 1516 2661 χάριν
1587 2587 1694 2642 εἶπε
1747 2588 1842 2643 διὰ

240 2678 335 2731 τὴν
384 2673 489 2725 ἐκεῖ
554 2675 805 2748 ῥηθεῖσαν
869 2675 1070 2727 αἰτίαν·
1133 2674 1355 2729 ἐνταῦθα
1414 2675 1473 2730 δὲ
1538 2684 1698 2751 μόνην
1747 2685 1838 2738 τὴν

240 2766 353 2814 νέαν
426 2765 688 2822 Διαθηκην
749 2762 956 2817 ἐκάλεσε
1033 2767 1217 2841 Χάριν,
1283 2769 1353 2829 ὡς
1406 2767 1594 2840 μᾶλλον
1652 2771 1834 2844 χάριν.

242 2858 385 2910 Μόνη
440 2857 540 2926 γὰρ
605 2852 738 2911 αὕτη
787 2856 1072 2927 χαρίζεται
1133 2856 1314 2927 ἄφεσιν
1377 2855 1663 2931 ἁμαρτιῶν,
1714 2857 1838 2910 ἀνα-

240 2946 501 3012 σγέννησιν,
557 2944 839 3007 υἱοθεσίαν,
894 2942 1167 3015 βασιλείαν
1216 2944 1462 3016 οὐρανῶν,
1505 2952 1594 2998 καὶ
1644 2945 1834 3017 ἀγαθὰ,

239 3030 273 3082 ἃ
303 3030 564 3103 ὀφθαλμὸς
612 3031 707 3082 ούκ
756 3028 882 3095 εἶδε,
942 3037 1031 3084 καὶ
1084 3027 1174 3094 οὖς
1212 3032 1305 3084 ούκ
1355 3037 1567 3101 ἤκουσε,
1609 3040 1698 3087 καὶ
1755 3037 1837 3089 ἐπὶ

238 3116 463 3193 καρδίαν
494 3118 766 3193 ἀνθρώπου
796 3120 889 3172 ούκ
910 3118 1085 3178 ἀνέϐη.

1954 1956 2314 2008 stamentum
2348 1970 2454 2025 per
2501 1957 2718 2014 Mosem
2762 1963 3143 2021 mediatorem
3178 1967 3441 2024 Hebraeis
3466 1969 3612 2027 data

1952 2047 2061 2106 est,
2077 2042 2269 2111 gratia
2283 2059 2423 2101 vero
2441 2048 2564 2102 sive
2584 2063 2806 2105 novum
2820 2053 3263 2112 Testamentum
3286 2073 3391 2129 per
3404 2059 3608 2116 Jesum

1950 2130 2247 2187 Christum
2275 2134 2441 2190 nullo
2472 2135 2658 2192 altero
2687 2140 3003 2199 mediante.
3042 2147 3105 2200 Et
3137 2146 3331 2202 Moses
3356 2150 3604 2220 quidem

1951 2236 2154 2276 servus
2175 2227 2318 2287 erat,
2343 2225 2625 2298 quodque
2648 2243 2683 2282 a
2708 2230 2823 2285 Deo
2837 2233 3082 2304 accepit,
3110 2234 3223 2290 hoc
3239 2236 3431 2292 dedit:
3448 2239 3605 2294 Chri-

1951 2314 2077 2365 stus
2121 2317 2319 2367 autem
2372 2315 2657 2371 Dominus
2705 2326 2848 2381 erat,
2891 2327 2946 2375 et
2980 2323 3103 2393 ipse
3135 2330 3421 2395 tanquam
3450 2326 3608 2382 Deus

1950 2414 2173 2456 novum
2191 2403 2455 2459 condidit
2484 2407 2946 2465 Testamentum.
2999 2413 3300 2477 Quantum
3318 2422 3406 2469 est
3432 2415 3609 2485 igitur

1949 2490 2123 2544 Mosis
2153 2506 2189 2545 a
2214 2492 2442 2548 Christo
2474 2494 2819 2566 discrimen,
2846 2504 3077 2555 tantum
3109 2517 3253 2557 sane
3278 2508 3334 2558 et
3371 2504 3602 2561 horum.

1949 2579 2230 2651 Superius
2246 2588 2423 2647 certe,
2459 2584 2720 2642 Gratiam
2751 2591 2803 2642 et
2826 2589 3085 2657 gratiam
3103 2590 3251 2646 dixit
3268 2593 3346 2647 ob
3361 2610 3605 2651 causam

1946 2668 2169 2725 ibidem
2199 2670 2421 2727 dictam
2454 2689 2467 2738 ;
2495 2674 2588 2729 hic
2615 2681 2815 2732 autem
2841 2693 3064 2733 novum
3088 2679 3377 2738 duntaxat
3402 2683 3607 2741 Testa-

1949 2767 2214 2818 mentum
2240 2764 2497 2820 Gratiam
2515 2766 2866 2836 nominavit,
2895 2775 3095 2842 utpote
3119 2772 3310 2827 verius
3330 2776 3604 2844 gratiam.

1947 2852 2094 2906 Nam
2139 2853 2337 2908 solum
2394 2854 2597 2927 ipsum
2628 2863 3009 2928 peccatorum
3067 2861 3369 2918 condonat
3398 2866 3608 2921 remis-

1948 2941 2200 3009 sionem,
2217 2946 2747 3017 regenerationem,
2772 2948 3189 3021 adoptionem;
3220 2966 3471 3022 regnum
3493 2971 3609 3011 coe-

1945 3029 2141 3086 lorum
2186 3032 2390 3089 tribuit
2414 3050 2484 3090 ac
2512 3036 2676 3092 bona
2705 3053 2843 3109 quae
2883 3039 3091 3095 oculus
3134 3056 3255 3095 non
3294 3041 3464 3108 vidit,
3497 3060 3605 3101 nec

1945 3121 2106 3175 auris
2138 3122 2381 3188 audivit,
2413 3139 2521 3179 nec
2548 3125 2607 3181 in
2620 3142 2723 3182 cor
2742 3127 3005 3183 hominis
3027 3130 3492 3189 ascenderunt‘.

310 3208 479 3262 Εἰπὼν
537 3204 595 3260 δὲ
644 3209 724 3259 ὅτι
780 3207 836 3260 Ἠ
890 3210 1070 3281 χάρις,
1133 3212 1475 3282 προσέθηκεν,
1540 3213 1617 3264 ὅτι
1673 3215 1831 3272 Καὶή

2017 3208 2124 3265 Ubi
2156 3226 2295 3266 vero
2324 3211 2573 3267 dixisset
2599 3214 2834 3280 Gratia,
2863 3216 3113 3285 addidit,
3138 3220 3217 3274 Et
3243 3221 3484 3293 veritas,
3517 3223 3603 3278 in-

240 3296 489 3355 ἀλὴθεια’
547 3298 604 3347 τὸ
681 3292 906 3366 ἀψευδὲς
981 3295 1110 3368 αύτῇ
1175 3307 1609 3373 προσμαρτυρῶν,
1684 3304 1713 3358 ἣ
1777 3304 1835 3353 τό

238 3385 444 3439 τέλειον.
504 3384 704 3441 Ἐκείνη
744 3386 849 3455 ,μὲν
907 3387 1003 3457 γὰρ
1062 3387 1091 3443 ἠ
1147 3387 1311 3461 χάρις
1377 3385 1591 3450 ἀτελής·
1647 3388 1708 3441 Ὀ
1755 3394 1836 3442 νό-

239 3493 330 3546 μος
402 3476 503 3547 γὰρ
577 3468 727 3524 οὐδὲν
803 3471 1080 3539 ἐτελείωσε,
1155 3480 1312 3546 φησιν
1386 3478 1411 3528 6
1483 3477 1831 3540 Ἀπόστολοςο

241 3564 371 3620 αύτη
416 3558 473 3614 δὲ
504 3561 687 3625 τελεία,
748 3564 812 3622 ὡς
865 3561 1193 3625 τελειοποιὸς.
1243 3562 1403 3617 Ὅσον
1460 3561 1547 3617 οὖν
1598 3571 1834 3640 μείζονος

239 3653 458 3724 χάριτος
572 3650 886 3722 ἠξιώθημεν,
996 3661 1241 3705 τοσοῦτον
1338 3658 1551 3727 μείζονα
1649 3656 1832 3731 ἀρετὴν

240 3738 518 3812 ὀφείλομεν,
567 3740 649 3791 ἵνα
672 3744 768 3811 μὴ,
798 3739 1018 3803 ἀναξίως
1042 3749 1135 3804 τῆς
1187 3742 1506 3805 τηλικαύτης
1537 3745 1834 3821 εὐεργεσίας

237 3828 680 3902 πολιτευσάμενοι,
723 3828 870 3892 ἀξίαν
900 3838 996 3892 τῆς
1023 3830 1344 3894 τηλικαύτης
1369 3834 1633 3908 ῥᾳθυμίας
1677 3832 1832 3895 δίκην

236 3917 479 3991 ύφέξομεν
490 3960 502 3972 .
878 3924 884 3929 ’

307 4011 435 4062 Θεὸν
499 4038 567 4046 —-
634 4006 948 4079 ἐξηγήσατο.
1021 4009 1108 4062 Ἐκ
1176 4015 1331 4073 ποίας
1400 4010 1707 4076 ἀκολουθίας
1766 4014 1832 4076 εἰς

230 4106 382 4152 τοῦτο
444 4094 592 4155 ἦλθεν
674 4098 699 4148 6
763 4097 1152 4169 εύαγγελιστὴς,
1219 4103 1475 4173 πρὸσχες.
1543 4103 1719 4166 Δείξας
1773 4108 1830 4156 τὸ

234 4185 481 4260 διάφορον
535 4193 626 4238 τοῦ
676 4191 836 4259 νόμου
870 4207 921 4239 τε
960 4193 1049 4239 καὶ
1098 4198 1189 4251 τῆς
1234 4193 1476 4264 χάριτος,
1527 4190 1705 4264 ἐπάγει
1741 4199 1831 4246 καὶ

233 4277 402 4328 αἰτίαν
468 4275 670 4346 εὔλογον
728 4283 823 4336 τῆς
893 4273 1168 4351 διαφορᾶς,
1227 4283 1306 4330 ὅτι
1350 4283 1437 4331 τὸν
1513 4284 1603 4353 μὲν
1677 4286 1829 4354 νόμον

233 4373 459 4425 Μωυσῆς
512 4363 769 4437 ἐκόμισεν,
813 4366 1077 4441 ἅνθρωπος
1134 4372 1204 4438 μὴ
1262 4367 1498 4440 ἑωρακὼς
1539 4373 1624 4422 τόν
1666 4376 1826 4424 Θεὸν·

1944 3296 2247 3354 fallibilem
2279 3299 2473 3372 ipsam
2506 3317 2633 3358 esse
2680 3310 2968 3362 attestans
3003 3323 3073 3362 ac
3111 3309 3427 3381 perfectam
3462 3312 3603 3369 :illa

1943 3386 2242 3459 siquidem
2274 3390 2465 3460 gratia
2494 3396 2617 3448 erat
2668 3393 3032 3465 imperfecta,
3076 3398 3193 3454 Lex
3219 3399 3391 3454 enim.
3425 3409 3489 3456 ut
3519 3402 3604 3457 ait

1942 3476 2282 3548 Apostolus,
2297 3480 2453 3535 nihil
2465 3481 2546 3536 ad
2550 3483 2876 3553 perfectum
2890 3486 3148 3543 adduxit
3163 3488 3209 3523 1⁵
3227 3504 3242 3553 ;
3257 3488 3386 3545 haec
3398 3495 3601 3547 autem

1945 3567 2221 3638 perfecta,
2239 3574 2434 3642 utpote
2449 3572 2694 3641 perfecte
2708 3589 2983 3644 operans.
2994 3576 3373 3649 Quantoergo
3386 3580 3603 3650 majori

1942 3657 2133 3726 gratia
2149 3657 2307 3727 digni
2331 3658 2513 3715 habiti
2531 3677 2760 3729 sumus,
2785 3668 2948 3719 tanto
2961 3665 3036 3720 ad
3054 3666 3347 3739 majorem
3373 3668 3603 3741 obliga-

1945 3762 2079 3801 mur
2107 3748 2379 3804 virtutem
2407 3765 2480 3805 ne
2495 3755 2654 3806 tanto
2666 3751 2957 3809 beneﬁcio
2979 3754 3223 3826 indigne
3237 3773 3598 3814 conversan-

1944 3841 2049 3903 tes,
2064 3836 2317 3909 dignum
2350 3844 2512 3896 tanta
2533 3841 2774 3912 ignavia
2787 3842 3149 3916 supplicium
3166 3847 3597 3905 sustineamus.

2013 4014 2177 4071 Vers.
2212 4017 2301 4074 18.
2332 4018 2511 4076 Deum
2544 4050 2610 4060 —
2640 4023 2965 4079 enarravit.
3009 4024 3139 4089 Qua
3168 4027 3599 4099 consequentia

1939 4106 2164 4161 venerit
2217 4106 2295 4162 ad
2337 4108 2452 4164 hoc
2504 4111 2885 4181 evangelista,
2960 4112 3222 4169 adverte.
3272 4117 3599 4188 Postquam

1940 4192 2336 4251 differentiam
2400 4198 2828 4255 demonstravit
2870 4201 3018 4270 legis
3050 4208 3108 4257 et
3146 4204 3371 4273 gratias,
3409 4205 3593 4260 ratio-

1939 4282 2201 4339 nabilem
2236 4285 2412 4341 etiam
2453 4286 2794 4343 differentia
2824 4304 3077 4345 causam
3103 4292 3271 4346 addit
3303 4307 3315 4346 :
3342 4292 3502 4364 quod
3524 4292 3599 4347 le-

1940 4385 2076 4441 gem
2115 4372 2361 4444 quidem
2399 4374 2589 4431 attulit
2628 4377 2838 4444 Moses,
2890 4377 3072 4434 homo
3103 4380 3204 4451 qui
3254 4380 3444 4437 Deum
3474 4397 3598 4437 non

237 4458 336 4506 Καὶ
408 4456 510 4524 γὰρ
587 4457 714 4505 Θεὸν
782 4451 952 4515 ούδεις
1023 4456 1214 4528 ἑώρακε
1283 4462 1515 4510 τώποτε’
1575 4464 1665 4511 καὶ
1738 4456 1829 4512 διὰ

1956 4460 2084 4515 vidit
2124 4462 2345 4519 :Deum
2412 4464 2567 4521 enim
2606 4481 2765 4521 nemo
2814 4466 2963 4522 vidit
3002 4483 3278 4540 unquam,
3342 4469 3600 4543 ideoque

232 4546 384 4593 τοῦτό
433 4540 570 4593 ἐστιν
628 4541 845 4595 ἐλάττων
918 4544 942 4595 6
995 4549 1163 4613 νόμος,
1239 4549 1307 4607 ὡς
1360 4551 1501 4619 παρά
1554 4546 1826 4622 ἀνθρώπου

230 4631 532 4701 κομισθείς·
559 4635 650 4689 τὴν
700 4629 758 4685 δὲ
788 4634 971 4706 χάριν,
1026 4637 1143 4691 ἤτοι
1183 4638 1240 4686 τὸ
1285 4636 1615 4707 Εύαγονέλιον,
1672 4639 1697 4689 6
1725 4658 1825 4711 μο-

228 4724 434 4790 νογενὴς
484 4722 622 4786 Υἱὸς,
678 4723 703 4773 6
774 4719 1167 4794 ἐνδιαιτώμενος
1208 4732 1277 4794 τῷ
1350 4725 1522 4798 κόλπῳ
1576 4735 1667 4779 τοῦ
1723 4735 1827 4781 Ila-

226 4811 363 4881 τρὸς,
388 4814 477 4861 καὶ
498 4808 576 4862 ἀεὶ
600 4812 730 4883 ὀρῶν
756 4814 842 4863 τόν
871 4815 1020 4876 Θεὸν,
1045 4815 1109 4873 ὡς
1132 4816 1278 4880 Θεὸς,
1303 4814 1489 4877 ἐκεῖνος
1510 4815 1824 4889 ἐξηγήσατο,

229 4897 519 4965 συνέταξεν,
553 4894 767 4962 ἐδίδαξε
791 4919 803 4931 ·
837 4904 926 4952 καὶ
958 4896 1052 4953 διὰ
1079 4908 1233 4954 τοῦτο
1258 4903 1447 4975 μείζων
1479 4906 1509 4963 ἡ
1541 4908 1724 4981 χάρις,
1758 4910 1827 4970 ὡς

224 4989 370 5061 παρὰ
427 4996 559 5041 Θεου
621 4996 885 5061 γεγονυῖα,
953 4997 1044 5042 τοῦ
1089 4992 1310 5065 ὁρῶντος
1368 4997 1455 5046 τὸν
1514 4998 1662 5061 Θεὸν,
1739 5002 1826 5050 καὶ

222 5082 574 5150 γινώσκοντος
600 5079 667 5131 τὰ
691 5085 782 5130 τοῦ
814 5085 968 5136 Θεοῦ.

297 5166 454 5221 Ἀλλὰ
524 5174 633 5231 πῶς
683 5163 817 5222 εἶπεν
873 5169 955 5223 ὅτι
1028 5173 1157 5225 Θεὸν
1223 5167 1394 5235 οὐδεὶς
1454 5172 1649 5251 ἑώρακε
1719 5181 1824 5229 πώ-

298 5345 347 5383 “
374 5345 549 5403 lCor.
582 5361 644 5414 ιι,
684 5347 739 5402 9.
818 5348 865 5384 1⁵
906 5347 1089 5416 Hebr,
1116 5366 1225 5421 v11,
1264 5351 1351 5408 19.

1935 4549 2032 4607 lex
2071 4550 2309 4607 inferior
2336 4558 2443 4619 est,
2474 4558 2669 4627 utpote
2695 4555 2773 4611 ab
2802 4555 3045 4613 homine
3084 4557 3305 4615 delata.
3337 4560 3600 4616 Gratiam

1938 4656 2076 4696 vero
2098 4642 2218 4697 sive
2244 4644 2635 4713 Evangelium
2664 4645 3004 4717 unigenitus
3032 4647 3224 4703 Filius
3263 4648 3367 4722 qui
3399 4665 3597 4706 versa-

1939 4735 2031 4787 tur
2051 4730 2113 4786 in
2145 4732 2281 4787 sinu
2314 4732 2522 4799 Patris,
2558 4750 2915 4808 semperque
2949 4735 3136 4792 Deum
3163 4738 3344 4806 videt,
3376 4754 3596 4812 nempe

1936 4820 2093 4875 Deus
2105 4820 2250 4893 ipse,
2266 4822 2421 4877 illud
2429 4824 2759 4890 enarravit,
2784 4825 3083 4882 ordinavit
3101 4842 3171 4883 ac
3188 4827 3417 4895 docuit;
3434 4828 3599 4886 ideo-

1936 4925 2053 4981 que
2076 4912 2269 4983 potior
2300 4917 2387 4967 est
2406 4913 2596 4982 gratia
2627 4913 2851 4987 quippe
2872 4931 2903 4970 a
2923 4915 3041 4972 Deo
3066 4916 3244 4983 facta,
3268 4918 3373 4991 qui
3409 4920 3596 4976 Deum

1936 5001 2216 5071 intuetur,
2247 5006 2304 5057 et
2331 5016 2400 5058 ea
2439 5018 2570 5075 quas
2616 5002 2888 5081 Dei'sunt
2907 5005 3238 5075 cognoscit.

2009 5176 2124 5234 Sed
2152 5177 2458 5250 quomodo
2487 5178 2636 5234 dixit
2665 5194 2678 5234 :
2711 5180 2880 5237 Deum
2906 5196 3076 5239 nemo
3102 5181 3251 5240 vidit
3275 5197 3541 5257 unquam
3566 5185 3598 5245 ἵ

1446 5476 1671 5550 Varias
1692 5479 2020 5550 lectiones
2046 5487 2112 5549 et
2147 5491 2353 5551 notae.

298 5666 410 5745 (42)
448 5673 551 5733 Τὰς
578 5671 902 5747 interponit
921 5678 986 5728 Δ.

1999 5678 2113 5752 (43)
2143 5677 2296 5733 Οὕτω
2314 5684 2405 5734 καὶ
2431 5681 2590 5755 χάριν
2611 5678 2964 5758 ὀνομάζονται
2982 5691 3052 5745 Α.

292 5850 366 5926 (Γ)
397 5850 695 5910 Omnibus.
727 5850 1270 5928 Permutavit'ergo
1299 5861 1432 5911 πᾶσι
1463 5872 1604 5916 cum
1641 5862 1818 5916 παισί.

1957 5860 2002 5917 is
2031 5874 2157 5919 non
2186 5866 2276 5919 est
2306 5861 2368 5920 in
2400 5860 2627 5923 Graeco.
