4170 6472
605 414 629 465 ί
646 409 738 464 127
1920 386 2272 455 EUTHYMII
2311 392 2646 454 ZIGABENI
3832 404 3949 466 ms

605 535 756 589 Nam
780 536 838 588 et
860 526 1042 587 tsaias
1083 521 1272 584 Deum
1308 520 1453 583 vidit
1498 525 1805 584 sedentem
1833 541 2015 600 super
2047 523 2257 581 solium

2376 542 2533 591 ποτε;
2589 530 2684 580 Καὶ
2728 529 2830 602 γὰρ
2858 525 3075 590 Ἡσαΐας
3273 522 3382 583 εἶδε
3428 533 3515 584 τόν
3572 532 3759 607 Κύριον
3806 539 3945 597 καθή-

604 622 902 679 excelsum
929 628 988 675 et
1018 618 1313 675 elevatum
1348 618 1394 653 ¹⁶
1438 633 1451 683 ;
1487 616 1749 673 Ezechiel
1780 622 1980 673 autem
2008 614 2155 670 vidit
2182 615 2257 687 ip«

2375 634 2523 686 μενον
2548 614 2630 668 επὶ
2678 617 2859 689 θρόνου
2916 617 3123 689 ὑψηλοῦ
3176 624 3267 672 καὶ
3320 622 3644 694 ἐπηρμένον
3708 622 3947 685 Ἰεζικιὴλο

605 729 739 767 sum
767 709 1070 766 sedentem
1091 723 1269 779 super
1289 704 1612 763 Cherubim
1634 707 1679 743 ¹⁷
1709 724 1723 775 ;
1750 704 1952 762 Daniel
1983 710 2257 775 praeterea

2376 700 2435 757 δε
2478 701 2611 758 εἶδεν
2667 706 2824 758 αὐτὸν
2878 710 3167 779 καθήμενον
3246 708 3328 762 ἐπὶ
3392 719 3492 762 τῶν
3548 710 3944 785 Χερουϐἰμ’καὶ

602 801 806 873 ipsum
830 800 976 855 vidit
1005 797 1315 853 sedentem
1354 797 1674 869 Antiquom
1717 795 1948 852 dierum
1984 795 2052 859 ¹³,
2082 800 2140 849 et
2167 792 2257 848 alii

2373 794 2558 852 Δανιὴλ
2614 791 2674 848 δε
2717 790 2850 849 εἶδεν
2907 796 3059 850 αὐτόν
3115 800 3399 870 καθήμενον
3455 798 3680 853 Παλαιὸν
3735 804 3942 875 ἡμερῶν

603 906 844 964 quoque
875 889 1073 961 ipsum
1133 885 1417 941 viderunt.
1449 885 1563 941 Sed
1596 886 1648 941 id
1682 901 1803 941 non
1836 884 2011 940 veluti
2058 898 2257 939 secun-

2372 888 2462 935 καὶ
2516 882 2660 936 ἄλλοι
2727 881 2787 938 δε
2854 896 3032 940 τοῦτον
3086 886 3370 961 ἐωράκασὶ.
3425 893 3563 948 Πλὴν
3610 890 3720 962 οὐχ
3787 895 3850 954 ὡς
3896 891 3944 952 ἦν

602 979 746 1035 dum
778 985 1056 1034 naturam
1092 981 1236 1041 erat,
1281 975 1386 1030 sed
1419 976 1570 1030 sicut
1604 975 1772 1045 iuxta
1812 972 2257 1029 similitudinem

2372 975 2508 1024 κατὰ
2564 976 2737 1045 φύσιν,
2802 974 2909 1026 ἀλλ’
2967 977 3035 1039 ὡς
3091 975 3318 1049 ὶφαίνετο
3376 978 3494 1032 καθ’
3568 980 3835 1051 ὁμοίωσιν.
3899 984 3945 1036 Εἰ

601 1067 949 1141 apparebat.
982 1068 1131 1122 Nam
1161 1065 1207 1120 si
1235 1064 1621 1137 ipsumjuxta
1652 1080 1825 1120 suam
1860 1068 2143 1119 naturam
2182 1061 2257 1117 vi-

2371 1063 2473 1134 γὰρ
2506 1061 2665 1119 αὐτὴν
2718 1067 2888 1136 εώρων
2914 1068 3007 1123 τὴν
3039 1065 3199 1118 αὐτοῦ
3230 1069 3403 1139 φύσιν,
3464 1066 3557 1119 οὐκ
3610 1067 3672 1119 ἆν
3716 1065 3942 1145 διαφόρως

599 1158 850 1222 dissent,
886 1170 1264 1228 nequaquam
1320 1155 1492 1210 variis
1539 1153 1734 1210 modis
1768 1153 2047 1208 vidissent
2076 1175 2089 1206 :
2126 1151 2257 1207 sim-

2373 1149 2535 1209 αὐτὴν
2591 1154 2795 1226 ἑώρωνο
2862 1151 2996 1213 ἁπλῆ
3050 1156 3153 1230 γὰρ
3219 1160 3299 1216 τίς
3353 1154 3467 1209 ἐστι
3516 1162 3607 1209 καὶ
3663 1155 3941 1232 ἀσχηματισ

602 1247 741 1318 plex
771 1246 937 1303 enim‘
990 1250 1047 1301 et
1090 1245 1215 1299 sine
1245 1242 1437 1313 ﬁgura
1474 1247 1580 1308 est,
1634 1247 1690 1299 et
1720 1257 1913 1315 neque
1939 1240 2126 1306 sedet,
2159 1256 2257 1296 ne-

2373 1258 2514 1308 στος,
2547 1247 2636 1294 καὶ
2675 1245 2788 1294 οὗτε
2817 1244 3065 1312 κάθηται,
3107 1248 3225 1298 οὔτε
3254 1245 3493 1314 ἱστήκεν,
3526 1249 3644 1300 οὔτε
3686 1258 3936 1321 περιπατεῖ.

600 1354 721 1410 que
744 1341 859 1392 stat
879 1351 1072 1408 neque
1100 1332 1370 1389 ambulat
1398 1350 1410 1387 :
1445 1348 1586 1389 nam
1608 1332 1737 1387 haec
1758 1347 2077 1405 corporum
2103 1334 2257 1385 sunt.

2370 1336 2548 1382 Ταῦτα
2575 1333 2676 1403 γὰρ
2702 1336 2791 1383 καὶ
2835 1334 2902 1383 τὰ
2932 1340 3152 1386 τοιαῦτα
3179 1342 3278 1385 τῶν
3311 1337 3567 1408 σωμάτων
3598 1335 3727 1391 εἰσί.
3774 1341 3851 1391 Διὸ
3873 1345 3940 1390 καὶ

603 1425 770 1482 Unde
790 1432 844 1481 et
870 1425 1010 1481 dicit
1036 1424 1194 1495 :Ego
1218 1422 1465 1480 visiones
1493 1421 1904 1492 multiplicari.
1925 1423 1977 1478 et
1996 1419 2059 1476 in
2079 1434 2257 1475 manu

2370 1419 2571 1490 ἔλεγενο
2648 1419 2779 1491 Ἐγὼ
2853 1422 3061 1494 ὁράσεις
3150 1421 3432 1488 ἄπλήθυνα,
3516 1429 3606 1477 καὶ
3694 1424 3740 1477 ἐν
3814 1434 3937 1498 χερσὶ

597 1515 1019 1586 prophetarum
1068 1513 1423 1570 assimilatas
1448 1527 1572 1568 sum
1605 1512 1674 1581 η,
1709 1510 1967 1566 visiones
1998 1508 2257 1565 diversas

2371 1518 2647 1581 προφητῶν
2678 1511 2982 1581 ὼμοιώθην·
3032 1513 3123 1574 τὰς
3163 1508 3450 1588 διαφόρους
3492 1515 3708 1589 ὁράσεις
3747 1521 3829 1569 καὶ
3866 1520 3937 1573 τὴν

602 1619 675 1661 ac
700 1603 1148 1661 similitudinem
1212 1601 1583 1673 signiﬁcans.

2373 1601 2620 1672 ὁμοίωσιν
2652 1595 2843 1657 δηλῶν.

673 1694 1018 1750 Nominatur
1046 1698 1244 1749 autem
1290 1691 1632 1762 unigenitus
1665 1690 1862 1755 Filius,
1890 1688 2056 1762 quod
2095 1686 2258 1744 solus

602 1781 757 1838 Patri
789 1787 963 1837 natus
990 1780 1083 1851 sit,
1128 1780 1373 1854 soloque
1422 1780 1587 1836 Patre
1617 1779 1870 1849 genitus.
1908 1779 2080 1833 Pater
2107 1791 2256 1849 quo-

599 1887 718 1944 que
741 1870 929 1926 solum
970 1876 1059 1926 est
1090 1870 1275 1934 Pater,
1318 1884 1435 1925 non
1469 1869 1648 1924 etiam
1701 1867 1857 1923 ﬁlius
1889 1865 2165 1936 alicujus,
2196 1868 2261 1919 ut

599 1959 697 2017 alii
725 1965 863 2016 sunt
890 1966 1084 2031 patres
1118 1958 1329 2018 :Filius
1354 1961 1533 2014 etiam
1567 1960 1759 2014 solum
1796 1962 1968 2011 natus
1999 1960 2106 2021 est,
2140 1969 2258 2010 non

600 2055 763 2121 pater
802 2048 978 2104 etiam
1011 2048 1286 2120 alicujus,
1322 2055 1383 2104 ut
1415 2048 1614 2120 plures
1645 2050 1845 2102 essent
1869 2045 1990 2101 ﬁlii.
2022 2044 2105 2099 Ad
2132 2043 2262 2099 haec

598 2141 742 2212 quia
761 2139 935 2194 unico
961 2155 1030 2194 ac
1059 2140 1300 2211 proprio
1335 2137 1515 2192 modo
1543 2144 1712 2192 natus
1733 2142 1840 2203 est,
1867 2135 1969 2209 qui
1984 2150 2091 2190 nec
2122 2131 2259 2199 dici,

600 2244 710 2284 nec
742 2229 987 2298 cogitari
1045 2233 1255 2300 potest,
1299 2242 1419 2283 non
1468 2242 1787 2299 corporum
1822 2241 2006 2280 more.
2044 2224 2263 2280 Dicitur

599 2324 801 2375 autem
828 2316 1024 2382 Filius,
1054 2315 1218 2390 quod
1240 2315 1511 2388 ejusdem
1542 2318 1764 2371 sitcum
1798 2314 2261 2373 Patresubstan-

599 2408 695 2465 tite
730 2425 741 2464 :
779 2423 888 2463 nec
949 2406 1143 2463 solum
1177 2407 1309 2472 hoc,
1356 2404 1463 2460 sed
1519 2405 1664 2477 quia
1708 2404 1889 2460 etiam
1929 2403 2007 2460 ab
2037 2418 2109 2459 eo
2148 2408 2257 2460 est.

599 2498 807 2554 Sinum
836 2513 975 2553 vero
1030 2496 1178 2552 dixit
1219 2496 1423 2561 Patris,
1492 2510 1612 2550 non
1657 2493 1821 2567 quod
1866 2496 2019 2549 Deus
2059 2492 2258 2548 sinum

594 2587 836 2652 habeat,
854 2602 992 2643 nam
1018 2587 1184 2640 sinus
1202 2600 1523 2655 corporum
1548 2588 1671 2649 est;
1698 2583 1803 2639 sed
1829 2599 1933 2655 per
1954 2582 2067 2638 hoc
2093 2580 2260 2654 quod

596 2676 757 2741 dicit,
798 2676 909 2741 Qui
937 2682 1015 2732 est
1045 2676 1105 2731 in
1137 2677 1269 2730 sinu
1313 2675 1531 2737 Patris,
1588 2673 1900 2746 proprium
1929 2677 1986 2728 et
2004 2671 2259 2728 consub-

596 2766 844 2822 tantiale
874 2765 997 2820 Filii
1037 2763 1403 2837 signiﬁcavit.

2444 1692 2732 1761 Μονογενὴς
2764 1692 2854 1762 μεν
2912 1686 2999 1742 οὖν
3056 1691 3082 1742 6
3130 1693 3248 1754 Υἱός
3298 1690 3633 1766 ὀνομάζεται,
3696 1696 3772 1747 ὅτι
3813 1702 3932 1767 μόνος

2370 1785 2607 1847 γεννᾶται
2663 1788 2734 1849 τῷ
2786 1784 2972 1852 Πατρὶ,
3021 1784 3111 1832 καὶ
3142 1782 3223 1833 ὅτι
3269 1779 3323 1833 ἔκ
3370 1788 3528 1853 μόνου
3580 1790 3817 1855 γεννᾶται
3854 1791 3929 1837 [Is-

2370 1886 2507 1941 τρος.
2560 1867 2618 1919 ὐ
2672 1871 2771 1943 γὰρ
2840 1873 3011 1943 πατὴρ
3072 1869 3233 1922 αὑτοῦ
3273 1876 3425 1942 μόνον
3485 1870 3599 1925 ἐστι
3656 1879 3843 1950 Πατὴρ,
3884 1874 3924 1925 οὐ

2369 1961 2473 2029 μὴν
2530 1962 2618 2010 καὶ
2674 1959 2786 2020 υἱός
2841 1977 2996 2021 τινος,
3044 1962 3113 2021 ὡς
3156 1960 3205 2011 οἱ
3248 1958 3392 2012 ἄλλοι
3441 1966 3693 2037 πατέρες·
3748 1969 3827 2015 καὶ
3862 1965 3915 2014 ὅτι

2371 2051 2523 2117 μόνον
2579 2053 2815 2117 γεννᾶται
2861 2050 2995 2115 Υἱός,
3055 2048 3113 2100 οὗ
3166 2054 3270 2121 μὴν
3318 2054 3407 2102 καὶ
3459 2055 3630 2127 πατήρ
3686 2072 3828 2115 τινος,
3875 2053 3925 2112 ὣς

2372 2137 2420 2186 οἱ
2449 2134 2593 2187 ἄλλοι
2637 2137 2777 2188 υἱοί’
2842 2141 2932 2189 καὶ
2989 2139 3069 2189 ὅτι
3118 2143 3445 2211 μονοτρόπως
3487 2147 3745 2210 γεννᾶται,
3799 2145 3925 2211 ἤγουν

2375 2220 2703 2297 ἰδιοτρόπως,
2757 2230 2846 2277 καὶ
2894 2226 3022 2301 ὑπερ
3083 2227 3277 2279 ἔννοιαν
3346 2233 3436 2280 καὶ
3494 2227 3667 2300 λόγον,
3714 2235 3793 2282 καὶ
3840 2229 3924 2300 οὐχ

2931 2318 3048 2378 Υἱὸς
3108 2312 3167 2369 δε
3213 2316 3435 2388 λέγεται,
3486 2320 3565 2371 ὃτι
3629 2324 3797 2372 ταυτόν
3832 2318 3926 2370 ἐστι

2372 2412 2443 2473 τῷ
2504 2408 2670 2475 Πατρὶ
2737 2406 2847 2457 κατ’
2895 2405 3101 2465 ουσίαν,
3136 2410 3222 2457 καὶ
3283 2406 3378 2459 οὐκ
3421 2404 3580 2461 ἐκεῖνο
3628 2412 3782 2480 μόνον,

2372 2495 2451 2545 ὅτι
2488 2490 2741 2548 κάκεῖθεν.
2797 2494 2993 2547 Κόλπον
3053 2495 3112 2548 6's
3141 2503 3233 2547 τοῦ
3282 2500 3486 2570 Πατρός
3537 2494 3678 2565 εἶπεν,
3725 2497 3817 2568 οὐχ
3860 2500 3921 2557 ὡς

2369 2591 2459 2634 τοῦ
2483 2590 2614 2635 Θεου
2645 2581 2832 2635 κόλπον
2855 2586 3065 2655 ἔχοντος
3088 2603 3100 2616 ·

2372 2316 2440 2376 ὡς
2492 2318 2557 2365 τὰ
2614 2321 2851 2387 σώματα.

3143 2593 3243 2637 τῶν
3272 2588 3522 2659 σωμάτων
3547 2590 3638 2659 γὰρ
3662 2588 3685 2637 ό
3710 2584 3880 2643 κόλπος
3899 2601 3910 2612 ⁸

2371 2669 2498 2722 ἁ).λά
2529 2667 2563 2724 δ
2569 2674 2620 2723 ιίι
2641 2679 2732 2724 τοῦ
2755 2672 2930 2739 εἰπεῖν,
2957 2671 3016 2726 Ὀ
3043 2673 3109 2725 ὧν
3136 2672 3207 2736 εἰς
3248 2678 3336 2727 τόν
3375 2675 3546 2727 κόλπον
3589 2681 3669 2726 τοῦ
3703 2675 3911 2744 ιιατρὸς,

2370 2780 2426 2813 το
2464 2765 2680 2831 γνήσιον
2732 2768 2819 2814 τοῦ
2874 2764 2999 2814 Υἰοῡ
3048 2767 3139 2816 καὶ
3185 2764 3456 2837 όμοούσιον
3506 2768 3596 2816 καὶ
3640 2762 3921 2836 ἀχώριστον

2368 2868 2638 2922 εσημανεν.

670 2941 866 2997 Potest
877 2956 1119 3014 quoque
1131 2946 1185 2997 et
1197 2939 1317 2997 alio
1332 2938 1514 2996 modo
1526 2938 1662 3003 dici.
1677 2938 1844 3011 quod
1859 2938 2071 3012 prioris
2086 2937 2252 3007 dicti,

2441 2946 2591 2993 Ἐστι
2640 2936 2699 2994 δε
2748 2945 2838 2993 καὶ
2886 2940 3065 3014 ἑτέρως
3123 2942 3303 3009 εἰπεῖν,
3367 2944 3450 2996 ὅτι
3495 2951 3586 2996 τοῦ
3635 2942 3789 3016 ῥητοῦ
3834 2941 3927 3011 (ii)

600 3029 891 3095 videlicet,
909 3031 1086 3087 Deum
1106 3046 1268 3087 nemo
1292 3029 1436 3086 vidit
1465 3045 1747 3102 unquam,
1772 3028 2148 3086 conﬁrmatio
2165 3034 2256 3086 est

2367 3048 2457 3081 του
2501 3029 2731 3101 λεγοντος
2783 3031 2865 3082 ὃτι
2917 3034 3047 3084 Θεὸν
3099 3026 3269 3093 οὐδεὶς
3320 3032 3515 3109 ἑώρακε
3569 3039 3787 3097 πώποτε,
3837 3029 3924 3083 ἐπιδ

596 3119 659 3175 id
689 3118 855 3193 quod
886 3118 1171 3193 sequitur,
1211 3119 1558 3190 Unigem'lus
1580 3118 1768 3174 Filius
1796 3118 1901 3191 qui
1924 3122 2007 3175 est
2036 3120 2098 3174 in
2122 3121 2254 3175 sinu

2366 3118 2645 3181 ϐεϐαίωσίς
2692 3117 2804 3172 ἐστι
2895 3123 2953 3172 τό
3001 3121 3169 3196 ἕτερον
3247 3122 3406 3198 ῥητόν
3492 3126 3551 3175 τό
3621 3125 3813 3195 φάο-κον
3869 3122 3923 3171 ὁτι

596 3208 795 3265 Patris
850 3209 975 3278 ipse
1018 3209 1349 3275 enarravit,
1396 3209 1510 3265 hoc
1548 3213 1656 3275 est,
1700 3208 1834 3281 Ipse
1864 3207 2064 3264 docuit
2088 3207 2254 3281 quod

2364 3206 2421 3259 Ὀ
2476 3214 2756 3279 μονογενής
2840 3210 2976 3275 Υἱός,
3056 3211 3082 3262 ό
3148 3211 3215 3262 ὡν
3292 3211 3360 3272 εἰς
3440 3214 3526 3264 τόν
3609 3211 3793 3263 κόλπον
3859 3214 3927 3261 τοῦ

596 3300 783 3356 Deum
808 3313 973 3356 nemo
1006 3297 1155 3354 vidit
1188 3313 1449 3370 unquam
1483 3296 1633 3353 Nam
1664 3297 1739 3353 de
1768 3296 1882 3354 hoc
1909 3297 2083 3354 variis
2110 3296 2255 3353 locis
2368 3301 2591 3369 Πατρός,

596 3387 859 3444 Christus
880 3386 1112 3444 locutus
1150 3393 1256 3454 est,
1291 3388 1440 3443 sicut
1466 3387 1525 3442 in
1556 3386 1945 3460 sequentibus
1976 3385 2253 3443 manifes-

597 3482 722 3534 tum
736 3479 863 3533 erit.
886 3475 1057 3532 Nulla
1080 3478 1273 3548 itaque
1305 3483 1575 3533 creatura
1590 3477 1774 3532 Deum
1795 3475 2104 3544 videt,non
2127 3492 2253 3531 ma-

593 3566 819 3623 tedalis
878 3573 1128 3633 tantum,
1182 3566 1287 3622 sed
1334 3572 1391 3622 et
1421 3564 1832 3622 immaterialis
1893 3582 1906 3621 :
1955 3564 2254 3638 siquidem

594 3656 741 3729 ipsis
763 3672 1007 3729 quoque
1055 3654 1545 3712 immaterialibus
1586 3654 1902 3711 virtutibus
1940 3653 2251 3710 invisibilis

596 3752 682 3801 est
708 3746 860 3801 Deus
886 3745 946 3800 in
996 3762 1106 3802 sua
1138 3752 1374 3812 natura,
1407 3744 1539 3801 licet
1572 3750 1746 3818 prout
1777 3744 1889 3801 sibi
1914 3743 2255 3801 conceditur

597 3833 788 3889 Deum
825 3834 1079 3889 videant.

3056 3211 3082 3262 6
3148 3211 3215 3262 ὡν
3292 3211 3360 3272 εἰς

2693 3295 2880 3361 ἐκεῖνος
2978 3297 3293 3370 ἐξηγήσατο,
3402 3304 3670 3353 τουτέστιν
3778 3298 3932 3358 ἐκεῖνος

2364 3383 2602 3449 εᾶίδαξεν
2680 3387 2757 3439 ὅτι
2827 3390 2955 3440 Θεὸν
3024 3383 3199 3451 οὐδεὶς
3273 3389 3466 3464 εῶρακε
3542 3396 3767 3442 πώποτε.
3837 3391 3934 3462 Περὶ

2364 3478 2549 3528 τούτου
2592 3478 2689 3549 γὰρ
2737 3471 2996 3550 διαφόρως
3064 3479 3091 3529 ό
3142 3482 3371 3553 Χριστός
3419 3475 3575 3545 εἶπεν,
3624 3483 3698 3541 ὡς
3754 3475 3937 3554 προϐαί-

2363 3583 2531 3626 νοντες
2586 3566 2890 3637 εὑρήσομεν.
2943 3562 3130 3628 Οὐδεὶς
3179 3563 3237 3620 δε
3285 3571 3510 3632 κτιστός,
3557 3568 3620 3620 οὐ
3670 3573 3820 3642 μόνον
3854 3565 3937 3618 ὑλι-

2364 3658 2472 3717 16;,
2520 3652 2627 3705 ἀλλ’
2670 3650 2794 3707 οὐδε
2836 3654 3027 3719 ἄυλος·
3086 3661 3174 3709 καὶ
3227 3656 3409 3718 αὑταῖς
3460 3660 3562 3730 γὰρ
3622 3666 3740 3720 ταῖς
3788 3656 3940 3715 ἀῦλαις

2364 3738 2649 3816 δυνάμεσιν
2704 3741 2919 3818 ἀόρατός
2980 3743 3092 3798 ἐστι
3157 3748 3294 3799 κατὰ
3349 3748 3525 3819 φύσιν,
3586 3748 3834 3823 ὁρώσαις,
3892 3746 3941 3803 ὧς

2364 3830 2565 3906 ἔφικτὸν
2596 3832 2797 3894 αὐταῖς.

669 3923 831 3978 Vers.
867 3924 953 3979 19.
1015 3922 1092 3978 Et
1123 3953 1190 3964 —
1217 3923 1487 3982 Joannis.
1535 3926 1670 3989 Hoc,
1713 3921 1983 3997 inquam,
2027 3921 2101 3979 de
2131 3938 2254 3996 quo

2439 3927 2537 3976 Καὶ
2594 3953 2662 3962 -
2718 3925 2981 3979 Ἰωάννου.
3052 3924 3218 3989 Αὕτη,
3269 3930 3387 4001 περὶ
3455 3925 3519 3989 ἧς
3586 3926 3751 3979 εἰπεῖν
3802 3924 3945 4000 μέλλει

598 4028 757 4068 nunc
789 4011 849 4068 in
893 4026 1213 4084 progressu
1241 4012 1506 4068 dicturus
1539 4017 1648 4071 est.

2363 4019 2575 4087 προῖὼν.

669 4103 833 4158 Vers.
884 4102 951 4158 19
1014 4099 1259 4167 Quando
1289 4132 1357 4142 —
1376 4117 1433 4159 es
1458 4101 1486 4158 τ
1517 4101 1944 4159 Testimonium
1983 4102 2254 4159 videlicet

2432 4100 2555 4155 Ὀτι
2600 4133 2665 4143 --
2715 4100 2789 4173 εἶ;
2842 4101 2901 4157 Ἦ
2966 4107 3210 4177 γινομένη
3276 4099 3541 4173 δηλονότι,
3599 4107 3690 4159 ὅτε
3735 4104 3950 4158 ἄπεισι-ει-

596 4191 805 4249 datum
826 4190 1073 4265 quando
1087 4190 1603 4258 miseruntJudaai,
1625 4196 1924 4248 etcaatera.
1946 4190 2252 4264 Siquidem

596 4281 905 4356 pontiﬁces
931 4286 988 4337 et
1043 4280 1381 4337 sacerdotes
1412 4279 1640 4354 populi,
1675 4297 1812 4337 cum
1865 4281 2021 4338 circa
2044 4280 2256 4338 Christi

2363 4282 2412 4335 oi
2472 4281 2813 4355 πρεσϐύτεροι
2878 4290 2970 4336 τοῦ
3025 4282 3174 4353 λαοῦ,
3245 4286 3621 4358 πυνθανόμενοι
3859 4286 3952 4356 (45)

597 4376 835 4444 partum
854 4369 1216 4428 admiranda
1238 4369 1542 4427 audissent
1570 4387 1583 4437 ;
1609 4375 1852 4444 sumpto
1876 4374 2160 4443 praeterea
2178 4371 2252 4426 de

2363 4375 2427 4425 τὰ
2474 4375 2609 4424 κατὰ
2636 4376 2782 4425 τόκον
2825 4379 2916 4425 τοῦ
2976 4380 3209 4446 Χριστοῦ
3264 4370 3563 4450 παράδοξα,
3626 4374 3874 4437 λαϐόντες
3909 4370 3956 4426 δε

596 4464 890 4535 sapientia
911 4477 980 4518 ac
1019 4459 1336 4534 prudentia
1368 4459 1521 4516 illius
1551 4461 1980 4532 experimento,
2007 4460 2251 4533 quando

2363 4465 2451 4514 καὶ
2503 4468 2679 4537 πεῖραν
2727 4469 2822 4524 τῆς
2854 4465 3107 4525 συνέσεως
3136 4462 3318 4528 αὐτοῦ,
3378 4465 3461 4516 ὅτε
3513 4460 3859 4527 δωδεκαέτης
3901 4463 3955 4514 ὧν

595 4551 912 4608 duodecim
937 4566 1235 4607 annorum
1264 4549 1769 4606 factusimmistus
1790 4550 2250 4615 estdoctoribus,

2365 4550 2602 4621 συνέμιξε
2632 4556 2734 4612 τοῖς
2777 4546 3145 4619 διδασκάλοις,
3194 4550 3392 4603 ἀκούων
3421 4556 3513 4605 καὶ
3552 4550 3833 4629 ἐπερωτῶν
3874 4551 3957 4605 16-

596 4640 986 4697 audiensillos
1002 4647 1057 4696 et
1079 4638 1475 4709 interrogans,
1512 4637 1687 4693 veluti
1719 4638 1953 4710 scripsit
1980 4638 2166 4695 Lucas
2181 4640 2248 4704 ³ο,

2363 4644 2498 4703 τοὺς,
2532 4643 2594 4699 ὡς
2621 4641 2645 4690 6
2682 4646 2881 4700 Λουκᾶς
2923 4642 3219 4715 ἱστόρησεν,
3254 4639 3619 4713 ἕθορυϐοὐντο,
3655 4649 3753 4696 καὶ
3796 4645 3956 4715 φθόνον

596 4729 1119 4801 obstupescebaut,
1139 4728 1484 4800 invidiaque
1508 4727 1719 4797 agitari
1747 4734 2072 4799 coeperunt.
2104 4729 2246 4784 Cum

2363 4725 2563 4782 ὠδίνειν
2625 4734 2885 4802 ἤρχοντοο
2960 4731 3265 4802 θεασάμενοι
3341 4727 3401 4782 δε
3481 4735 3571 4783 καὶ
3625 4736 3721 4784 τόν
3794 4732 3955 4787 Ἰωαν-

597 4823 794 4875 autem
846 4822 903 4873 et
942 4819 1232 4873 Joannem
1265 4820 1474 4889 postea
1527 4816 1711 4873 multa
1755 4833 1823 4871 ac
1855 4816 2149 4873 mirabilia
2176 4817 2251 4873 de

2363 4839 2449 4876 νην
2516 4819 2729 4893 ὕστερον
2798 4818 2962 4871 πολλὰ
3024 4825 3115 4871 καὶ
3183 4821 3385 4892 μεγάλα
3460 4825 3580 4893 περὶ
3657 4822 3826 4875 αὐτοῦ
3886 4820 3953 4872 λέ-

596 4905 729 4979 ipso
746 4904 821 4962 ad
846 4921 1020 4960 suum
1040 4904 1340 4976 baptisma
1360 4904 1781 4961 accedentibus
1807 4904 2025 4961 dixisse
2048 4905 2249 4962 audis-

2363 4928 2517 4980 γοντα
2582 4912 2710 4981 πρὸς
2787 4913 2907 4971 τοὺς
2976 4907 3291 4984 ἐρχομένους
3364 4907 3448 4962 ἐπὶ
3528 4913 3589 4962 τό
3662 4909 3952 4985 βάπτισμα,

599 5001 749 5062 sent,
792 4994 1204 5051 intellexerunt
1230 4996 1388 5051 enim
1412 4995 1575 5068 quod
1600 4995 1741 5051 talia
1767 4995 1841 5052 de
1882 4995 1981 5052 illo
2011 4996 2246 5063 diceret,

2363 5006 2589 5056 συνῆκαν
2662 5000 2763 5073 γὰρ
2826 5000 2907 5051 ὅτι
2973 5005 3089 5072 περὶ
3144 5000 3341 5052 ἐκείνου
3385 5001 3452 5051 τὰ
3523 5008 3761 5054 τοιαῦτα
3818 5001 3952 5072 λέγει,

599 5085 792 5156 magis
818 5084 1030 5141 turbati
1052 5088 1189 5141 sunt
1211 5102 1226 5141 :
1252 5084 1573 5157 missisque
1601 5085 1680 5141 ab
1699 5085 2124 5157 Hierosolymis
2154 5103 2248 5144 sa-

2363 5088 2546 5161 μᾶλλον
2615 5086 3010 5161 ὶταράχθησαν,
3077 5093 3167 5141 καὶ
3228 5086 3637 5167 όιποστείλαντες
3697 5089 3756 5157 ἐξ
3828 5090 3955 5165 Ἱερο-

599 5172 935 5231 cerdotibus
990 5191 1060 5231 ac
1103 5174 1293 5231 levitis
1340 5174 1461 5231 sive
1517 5174 1799 5231 ministris
1848 5174 2250 5248 interrogave-

2363 5176 2595 5251 σολύμων
2671 5179 2820 5252 ἱερεῖς
2876 5182 2968 5232 κει)⁵
3020 5177 3240 5245 λευῖτας,
3292 5181 3407 5239 ἦτοι
3465 5173 3784 5251 διακόνους,
3856 5180 3957 5235 En-

2361 4192 2451 4245 λαν
2481 4192 2531 4245 οἱ
2560 4189 2833 4263 Ἰουδαῖοι,
2893 4199 2982 4245 καὶ
3025 4196 3092 4245 τὰ
3121 4193 3259 4257 ἑξῆς.
3308 4196 3374 4248 Oi
3414 4197 3516 4269 γὰρ
3567 4193 3842 4271 ἀρχιερεῖς
3879 4198 3953 4247 καὶ

672 5378 720 5417 ³⁸
755 5378 869 5435 Isa.
905 5395 976 5444 vr,
1019 5379 1070 5434 1.
1150 5379 1196 5415 ιτ
1224 5378 1424 5436 Ezech.
1453 5396 1511 5448 ι,
1547 5380 1627 5436 18.
1710 5381 1757 5418 ¹⁶
1788 5384 1932 5439 Dan.
1979 5398 2073 5453 vn,
2103 5385 2155 5439 9.
2235 5385 2254 5421 ¹

2363 5391 2473 5441 lsee
2503 5400 2563 5451 x,
2591 5386 2678 5443 to.
2759 5387 2806 5422 ιθ
2836 5384 2978 5442 Luc.
3021 5400 3080 5453 ιι,
3113 5385 3203 5441 46.

1814 5568 2039 5669 Varias
2078 5597 2404 5669 lectiones
2443 5608 2509 5667 et
2537 5609 2745 5669 notae.

674 5840 788 5922 (44)
811 5843 1030 5914 Τούτου,
1069 5857 1179 5919 pro
1206 5846 1296 5899 τοῦ
1327 5842 1395 5902 Α.

2379 5839 2494 5922 (45)
2536 5847 2637 5899 lat
2668 5838 2994 5920 interponit
3017 5841 3087 5906 Α.
