4170 6490
210 460 327 513 1129

1200 453 1578 512 COMMENT.
1633 452 1698 505 IN
1735 450 2080 506 JOANNEM.
2121 484 2188 493 —
2227 454 2386 512 CAP.
2439 457 2485 510 Ι.

3441 0 3476 14 '3.

2921 41 2924 43 λ
3105 15 3290 44 ,ὀ,“ἰ’
3365 19 3452 36 "-"

1671 81 1678 84 .
1723 77 1730 84 .
1823 77 1834 86 .
1915 79 1918 82 .

3397 455 3531 509 H30

207 589 357 658 ρώτων
399 580 570 646 αὑτὸν,
628 583 695 632 Σὺ
750 583 826 640 τίς
881 577 1092 652 εἶςούχ
1141 584 1211 641 ὡς
1262 578 1581 648 ἀγνοοῦντες·
1629 582 1768 630 πᾶσι

1907 581 2018 633 unt
2042 593 2202 642 eum,
2235 579 2318 634 Tu
2341 577 2468 649 quis
2488 593 2545 634 es
2577 579 2603 632 ?
2625 592 2746 632 non
2778 581 3069 648 tanquam
3092 575 3149 631 id
3172 575 3536 645 ignorantes,

208 675 290 746 γὰρ
337 668 454 729 ἦσαν
500 675 739 745 γνώριμα
798 669 861 720 τοί
911 687 964 720 τε
998 671 1134 721 κατὰ
1180 673 1272 726 τὴν
1301 673 1543 740 γέννησιν
1583 665 1764 730 αὑτοῦ,

209 762 285 813 καὶ
324 763 380 813 τά
434 761 568 811 κατά
623 763 717 816 τὴν
777 761 1061 831 περιτομὴν
1132 763 1220 809 καὶ
1287 758 1492 820 κλῆσιν,
1553 758 1622 816 ὡς
1679 759 1770 806 καὶ

207 851 346 921 λέγειν
391 851 638 910 ἅπαντας,
696 852 760 900 Τί
816 848 921 922 οἰρα
971 850 1030 898 τό
1095 843 1308 898 παιδίον
1358 855 1509 898 τοῦτο
1576 847 1767 911 farsit;

208 938 342 992 Ἀλλὰ
397 939 665 998 κακοήθως
716 935 925 1008 ἄγνοιαν
982 936 1367 1008 ὑποκρίνονται,
1421 940 1512 987 καὶ
1576 934 1634 986 οὐ
1691 934 1768 984 λέ-

207 1047 385 1100 γουσιν,
441 1029 520 1078 ὃτι
575 1031 666 1086 Τίς
711 1023 772 1096 εἶ,
825 1023 932 1076 ἀλλ’
981 1025 1063 1076 ὅτι
1119 1027 1183 1075 Σὺ
1237 1027 1316 1084 τίς
1373 1021 1455 1090 εἶ;
1509 1021 1773 1095 ἐμφαίνον-

210 1138 297 1183 τες,
337 1119 416 1180 ὡς,
468 1120 526 1169 Ei
569 1115 756 1188 μείζων
812 1133 906 1166 σου
963 1113 1103 1166 ἐστὶν
1170 1115 1194 1165 6
1247 1116 1388 1188 παρά
1443 1120 1538 1164 σοῦ
1585 1131 1774 1186 κηρυτ-

209 1212 405 1279 τόμενος,
434 1205 613 1258 λοιπόν
645 1207 708 1256 σὺ
741 1208 817 1265 τίς
847 1199 907 1275 εἶ,
951 1206 1076 1277 πρὸς
1115 1202 1168 1254 ὃν
1198 1205 1380 1262 πάντες
1429 1201 1777 1274 ἀνεπτερώθη-

209 1316 305 1370 μεν,
343 1299 422 1346 καὶ
455 1299 572 1368 περὶ
623 1290 682 1346 οὗ
732 1291 959 1365 μεγάλην
1009 1290 1269 1363 ὑπόληψιν
1319 1293 1544 1363 ἔσχομεν
1565 1295 1674 1358 καὶ,
1725 1289 1777 1340 ὃν

210 1383 525 1458 διαφερόντως
557 1381 911 1454 ὶσεϐάσθημεν
945 1397 958 1448 ;

275 1475 523 1546 ’ῼήθησαν
568 1474 670 1544 γὰρ
726 1470 958 1532 ἀνοήτως
1008 1472 1107 1537 ὅτι,
1164 1478 1256 1522 τοῦ
1306 1469 1488 1522 λοιποῦ
1540 1487 1781 1543 περιφρο-

209 1565 404 1622 νηϐῆναι
437 1558 593 1624 δόξας
643 1561 778 1633 (li-6),
821 1558 1140 1634 ἀνθρώπινόν
1182 1578 1235 1610 τι
1285 1563 1522 1611 πείσεται
1560 1562 1650 1609 καὶ
1689 1556 1786 1608 αὐ-

209 1656 300 1717 τὸς,
344 1654 407 1712 ὡς
452 1651 741 1722 ἄνθρωπος,
793 1653 883 1701 καὶ
942 1650 1042 1700 ὑπό
1088 1643 1388 1720 φιλοδοξίας
1432 1646 1608 1699 ἑαυτὸν
1660 1654 1786 1720 Χρι-

211 1745 318 1794 στόν
370 1741 476 1810 (47)
534 1738 595 1790 ἂν
655 1741 809 1806 εἴποι,
857 1743 943 1790 καὶ
990 1738 1168 1791 λοιπόν
1222 1738 1252 1795 ἡ
1298 1741 1416 1811 περὶ
1462 1744 1554 1789 τοῦ
1609 1736 1786 1794 Ἰησοῦ

209 1829 536 1887 σϐεσθήσεται
593 1832 762 1900 φήμη,
819 1827 935 1880 καθ’
981 1828 1043 1889 ἧς
1090 1829 1260 1879 πάντα
1317 1825 1783 1899 ἐπραγματιύοντο.

1883 681 2024 722 nam
2056 669 2285 722 cunctis
2310 671 2452 722 nota
2477 671 2645 722 erant
2668 682 2800 739 quae
2827 666 2984 721 circa
3025 664 3383 721 nativitatem
3413 667 3542 736 ejus

1881 756 2273 828 contigerant,
2294 771 2549 829 quaeque
2579 756 2638 810 in
2661 754 2788 826 ejus
2811 752 3258 809 circumcisione
3273 769 3342 808 ac
3356 755 3544 808 nomi-

1881 846 1974 902 nis
2005 847 2408 918 impositione,
2443 846 2526 901 ita
2555 849 2619 900 ut
2649 858 2861 900 omnes
2909 843 3172 899 dicerent
3203 858 3217 898 :
3267 843 3546 911 Quisnam

1881 951 2027 1006 puer
2057 936 2154 992 hic
2179 936 2287 992 erit
2316 937 2361 970 ²¹
2386 936 2415 990 Ῡ
2435 934 2542 990 sed
2562 950 2684 1006 prae
2701 932 3337 1003 malitiaignorantiam
3367 933 3547 987 simu-

1883 1025 2032 1082 lant.
2072 1026 2190 1081 Nec
2227 1026 2454 1090 dicunt,
2505 1023 2646 1091 Quis
2677 1039 2762 1089 es,
2795 1023 2900 1078 sed
2957 1025 3039 1077 Tu
3071 1021 3200 1094 quis
3231 1037 3286 1077 es
3341 1019 3368 1075 ?
3401 1037 3467 1074 ac
3495 1020 3542 1075 si

1884 1115 2147 1187 qicerent
2174 1132 2188 1182 ;
2219 1115 2485 1186 Simajor
2511 1120 2565 1171 te
2591 1118 2870 1186 estquem
2890 1117 2951 1168 tu
2978 1111 3288 1185 praedicas,
3321 1115 3382 1166 tu
3404 1124 3546 1179 ergo

1885 1205 2021 1275 quis
2059 1205 2166 1260 es?
2195 1221 2333 1275 erga
2361 1219 2544 1276 quem
2597 1217 2966 1275 magnopere
2997 1201 3192 1256 affecti
3231 1215 3461 1264 sumus,
3494 1205 3550 1254 et

1887 1291 1960 1346 de
1991 1308 2112 1364 quo
2144 1293 2523 1364 magniﬁcam
2543 1291 2841 1348 habemus
2868 1289 3554 1362 opinionem,quemque

1891 1381 2272 1439 vehementer
2319 1381 2589 1438 colimus.

1963 1470 2354 1543 Putabant(g)
2369 1473 2528 1527 enim
2543 1471 2899 1543 insipienter,
2922 1468 3087 1542 quod
3107 1468 3313 1524 licetin
3328 1467 3554 1524 caeteris

1892 1558 2227 1629 vigilantius
2257 1563 2554 1617 excubare
2576 1560 2896 1628 videretur,
2932 1564 3195 1615 attamen
3215 1558 3552 1614 humanum

1895 1648 2189 1721 quiddam
2213 1656 2501 1723 tanquam
2520 1650 2703 1706 homo
2732 1650 2992 1715 sentiret,
3027 1664 3097 1704 ac
3123 1646 3327 1718 gloria:
3351 1662 3553 1702 amore

1896 1737 2143 1804 illectus,
2166 1739 2456 1795 Christum
2485 1756 2548 1795 se
2577 1755 2706 1795 esse
2744 1738 3150 1812 responderet,
3183 1741 3239 1792 et
3275 1736 3556 1807 deinceps

1899 1827 2090 1900 ipsius
2119 1828 2257 1884 Jesu
2285 1829 2444 1884 fama
2465 1829 2959 1899 exstingueretur,
3005 1828 3085 1883 ob
3115 1842 3302 1900 quam
3343 1839 3554 1881 omnes

208 1922 294 1973 Διά
327 1926 469 1971 τοῦτο
498 1920 597 1992 γὰρ
636 1923 727 1970 καὶ
771 1916 1075 1970 ἀπέστειλαν
1123 1916 1226 1987 οὐχ
1275 1915 1444 1975 ἁπλῶς
1474 1918 1635 1982 τινας,
1681 1913 1786 1965 ἀλλ’

1907 1915 2246 1972 oriebantur
2293 1916 2640 1973 anxietates.
2676 1921 2823 1974 Nam
2875 1923 2932 1973 et
2957 1916 3073 1972 hac
3111 1916 3186 1971 de
3233 1930 3419 1971 causa
3437 1928 3558 1968 non

209 2009 340 2084 ἱερεῖς
384 2013 467 2059 καὶ
530 2011 768 2072 Λευίτας,
799 2012 888 2059 καὶ
931 2009 1140 2066 τούτους
1189 2004 1239 2068 ἐξ
1287 2004 1673 2080 Ἰεροσολύμων,
1726 2006 1791 2064 ως

208 2097 598 2172 ὃιαφορωτέρους
647 2106 746 2149 τῶν
795 2095 846 2159 ἐξ
885 2095 1091 2156 ἀπάσης
1122 2095 1298 2170 ἑτέρας
1336 2095 1525 2156 πόλεως
1575 2100 1662 2146 καὶ
1695 2113 1788 2146 πα-

204 2191 527 2262 νονργοτέρου
537 2207 576 2248 ς.

276 2373 368 2422 Καὶ
393 2400 459 2408 -—
486 2367 514 2425 η
523 2369 613 2440 ρνή
623 2384 771 2418 σατο.
789 2362 1046 2436 Ὠμολόγη
1056 2381 1130 2433 σε,
1151 2365 1244 2421 τὴν
1264 2360 1508 2420 ἀλήθειαν
1528 2358 1788 2427 δηλονότι,

205 2461 269 2520 ὡς
297 2457 476 2517 ἀληθὴς
501 2460 592 2508 καὶ
621 2453 852 2529 στερρός.

274 2552 366 2600 καὶ
439 2576 509 2587 _
587 2548 838 2619 Χριστὸς,
916 2546 985 2595 T6
1054 2542 1180 2593 αὐτὸ
1261 2541 1412 2594 πάλιν
1477 2541 1630 2613 λέγει,
1699 2545 1790 2599 τὴν

201 2635 378 2710 ἀρετὴν
428 2635 588 2686 αὐτοῦ
641 2631 886 2706 βεϐαιῶν,
938 2633 1018 2683 ὅτι
1063 2631 1122 2683 οὐ
1187 2635 1340 2704 μόνον
1389 2631 1481 2683 οὐκ
1538 2633 1692 2683 ἔπαθέ
1741 2651 1792 2683 τι

199 2721 484 2798 φιλόδοξον,
542 2719 660 2776 οὐδ’
717 2718 1018 2780 ἐπεπήδησε
1068 2728 1130 2793 τῇ
1181 2717 1308 2794 δόξῃ
1360 2729 1422 2794 τῇ
1476 2728 1789 2794 Δεσποτικῇ,

196 2814 322 2866 ἀλλὰ
379 2817 469 2865 καὶ
541 2808 825 2885 δεδομένην
896 2814 1039 2886 παρά
1093 2819 1194 2862 τῶν
1260 2809 1456 2862 πολλῶν
1509 2810 1568 2862 οὗ
1629 2829 1792 2883 προσ-

199 2909 375 2963 ήκατο.
428 2908 528 2956 Καὶ
576 2903 674 2975 ὅρα
716 2903 946 2958 σύνεσιν.
998 2900 1109 2953 Οὔκ
1167 2897 1274 2953 εἷπε
1329 2903 1404 2960 τίς
1452 2898 1614 2969 ἐστιν,
1667 2901 1789 2974 ὅπερ

193 2996 400 3068 ὕστερον
462 2991 722 3059 ἐποίησεν,
787 2989 918 3043 ἀλλά
993 2993 1124 3065 πρὸς
1181 2993 1274 3047 τὴν
1338 2987 1573 3041 διάνοιαν
1623 2989 1790 3042 αὐτῶν

194 3081 414 3149 ἀπιδων,
469 3082 559 3134 καί
609 3085 661 3134 τί
713 3079 994 3152 βούλονται
1045 3083 1224 3151 γνοὺς,
1275 3079 1458 3140 εὐθέως
1513 3078 1567 3131 ἐκ
1616 3099 1791 3155 προοι-

191 3179 321 3248 μίων
351 3171 557 3242 ἀνεῖλεν,
593 3172 714 3242 ὅπερ
756 3169 913 3222 εἰπεῖν
943 3169 1096 3221 αὐτόν
1140 3167 1380 3228 ἤλπιζον.
1422 3165 1544 3221 Εῖπε
1573 3172 1673 3243 γὰρ
1714 3171 1792 3221 ὅτι

195 3263 306 3314 Οὐκ
332 3262 437 3334 εἰμὶ
469 3260 564 3332 ἕγὼ
591 3261 617 3311 6
645 3263 902 3332 Χριστός.

269 3356 370 3404 Καὶ
429 3381 491 3390 —
563 3348 691 3421 εἰμί.
757 3348 1136 3418 Ἀποτυχόντες
1194 3343 1301 3404 ἤδη
1371 3353 1463 3408 τῆς
1519 3355 1789 3419 μηχανῆς,

195 3439 442 3514 ἐφ’ἓτερον
501 3441 800 3511 τρέπονται,
874 3437 1168 3488 συσκιάσαι
1219 3438 1307 3487 τόν
1368 3440 1560 3488 σκοπόν
1625 3437 1793 3488 αὐτῶν

194 3527 523 3602 βουλόμενοι,
585 3529 676 3577 καὶ
729 3525 964 3596 λέγουσι·
1036 3529 1099 3577 Τί
1151 3521 1286 3590 οὗν;
1350 3524 1527 3586 Ἠλίας
1586 3523 1632 3578 εἴ
1687 3530 1789 3596 mi;

194 3619 277 3670 ἵνα
335 3613 560 3677 δόξωσιν
638 3612 808 3674 ἀπλῶς
863 3619 954 3666 καὶ
1029 3612 1344 3687 ἀπεριέργως
1419 3614 1630 3686 ἐρωτᾷν.
1694 3621 1792 3670 Καὶ

191 3709 291 3780 γὰρ
345 3700 680 3779 προσεδόκων
739 3702 878 3766 ἣξειν
930 3707 1020 3755 καὶ
1088 3706 1175 3755 τόν
1237 3703 1435 3756 Ἠλίαν.
1500 3709 1792 3780 Γέγραπται

190 3798 294 3864 γὰρ
375 3793 424 3845 ἐν
505 3802 576 3864 τῷ
655 3798 894 3866 προφήτῃ
965 3792 1236 3864 Μαλαχίᾳο
1307 3793 1599 3846 Ἀποστελῶ
1673 3796 1792 3866 ὑμῖν

193 3883 370 3936 Ἠλίαν
439 3886 525 3934 τόν
598 3881 874 3951 Θεσϐίτην,
935 3882 991 3944 ὃς
1059 3885 1488 3940 ἀποκαταστήσει
1567 3880 1791 3956 καρδίαν

188 3976 388 4046 πατρὸς
429 3975 554 4046 πρὸς
581 3974 710 4025 υἱόν.
749 3970 907 4023 Πάλιν
947 3967 1034 4023 οὖν
1072 3969 1351 4045 ἐρωτῶσιν,
1394 3973 1476 4024 ἱνα
1506 3971 1793 4025 ἀνύποπτοι

184 4067 454 4136 γένωνται.

256 4152 317 4204 Ὀ
379 4155 650 4224 προφήτης
704 4150 748 4202 εἰ
802 4152 866 4202 σύ
899 4167 912 4217 ;
951 4154 1040 4202 καὶ
1088 4149 1364 4224 ἀπεκρίθη,
1426 4155 1523 4205 Οὔ.
1585 4153 1659 4204 Οὐ
1715 4151 1792 4204 λέ-

179 4259 396 4311 γουσιν,
465 4241 547 4292 ότι
627 4245 906 4314 Προφήτης
966 4235 1013 4292 εἶ
1073 4242 1186 4306 mi;
1245 4237 1466 4313 ᾔδεισαν
1535 4243 1636 4316 γάρ
1712 4243 1792 4293 ὃτι

180 4335 460 4401 προφήτης
533 4327 691 4381 ἐστιν·
767 4327 876 4380 ἀλλ’
941 4330 1022 4382 ὅτι
1096 4328 1154 4380 Ὀ
1211 4335 1482 4404 προφήτης
1561 4327 1605 4382 εἰ
1674 4333 1788 4398 σύ;

184 4413 404 4477 δηλαδὴ
450 4416 637 4480 ἐκεῖνος
679 4422 796 4492 περὶ
831 4417 890 4469 οὖ
921 4417 1113 4493 ἔγραψε
1146 4425 1393 4478 Μωὺσῆς.
1424 4418 1661 4492 ’Ἔγραψε
1691 4423 1789 4494 γὰρ

182 4505 374 4568 αὐτοῖς
411 4508 492 4559 ὅτι
541 4512 816 4582 Προφήτην
861 4507 982 4578 ὑμῖν
1041 4505 1321 4567 ἀναστήσει
1374 4511 1561 4583 Κύριος
1601 4510 1625 4560 ό
1667 4511 1792 4568 Θεὸς

183 4592 246 4645 ἐκ
272 4601 378 4646 τῶν
409 4592 639 4667 ἀδελφῶν
670 4597 832 4670 ὑμῶν,
859 4599 923 4657 ὡς
954 4595 1058 4670 ἐμὲ.
1093 4597 1262 4649 Αὐτοῦ
1293 4596 1598 4652 ἀκούσεσθε.
1629 4599 1790 4660 Οὗτος

182 4678 247 4736 δὲ
279 4679 344 4742 ἦν
372 4685 397 4735 ό
421 4689 667 4758 Χριστός.

256 4769 422 4826 Εἶπον
508 4805 576 4813 —
655 4779 948 4850 προφήτης.
1036 4776 1372 4839 Ἀνεξικιὶκως
1439 4777 1617 4839 αὐτοῖς
1710 4776 1793 4831 ἐπὶ

172 4867 354 4915 πᾶσιν
435 4861 753 4939 ἀποκριθεὶς,
829 4871 917 4915 νῦν
985 4863 1122 4936 λέγει
1191 4871 1281 4918 καὶ
1341 4871 1421 4928 τίς
1487 4866 1644 4920 ἐστιν·
1711 4869 1792 4920 ὅτι

255 5014 304 5051 ιι
348 5017 500 5073 Joan
531 5032 566 5084 ι,
601 5018 668 5071 66
775 5017 820 5051 ²²
861 5014 1105 5073 Malach.
1141 5032 1201 5074 1v
1231 5017 1283 5084 4,
1311 5023 1363 5075 5.

1900 2005 2178 2076 vulgares
2201 2006 2450 2078 quosvis
2489 2009 2797 2077 miserunt,
2823 2006 2928 2062 sed
2975 2003 3315 2062 sacerdotes
3353 2008 3409 2060 et
3461 2005 3557 2058 Le-

1900 2097 2074 2166 vitas,
2107 2095 2288 2170 idque
2317 2112 2392 2152 ex
2422 2096 2848 2170 Hierosolymis
2871 2101 3066 2170 utpote
3116 2095 3558 2170 praestantiores

1901 2190 2080 2258 atque
2135 2185 2444 2242 astutiores
2496 2187 2723 2242 cunctis
2773 2187 2876 2259 qui
2913 2203 2985 2244 ex
3030 2186 3166 2245 aliis
3210 2190 3376 2244 erant
3423 2184 3557 2241 civi-

1904 2274 2142 2332 tatibus.

1972 2364 2141 2420 Vers.
2173 2367 2264 2420 20.
2292 2365 2370 2420 Et
2391 2363 2734 2434 —ncgavit.
2763 2363 3084 2422 Confessus
3122 2365 3561 2432 est,veritatem

1900 2453 2117 2510 scilicet
2149 2471 2162 2520 ;
2197 2470 2338 2510 nam
2379 2469 2558 2510 verax
2589 2458 2713 2510 erat
2749 2470 2817 2510 ac
2845 2453 3093 2510 solidus.

1972 2542 2132 2599 Vers.
2166 2547 2252 2600 20.
2287 2544 2364 2599 Et
2394 2574 2462 2584 —
2491 2544 2784 2600 Christus.
2845 2543 3132 2600 Virtutem
3190 2544 3316 2615 ejus
3354 2541 3564 2598 conﬁr-

1901 2648 2096 2698 mans,
2145 2649 2387 2689 rursum
2417 2633 2576 2689 idem
2616 2633 2844 2705 repetit.
2896 2635 3096 2706 Neque
3148 2634 3307 2690 enim
3367 2631 3564 2688 solum

1899 2721 2244 2779 ambitionis
2274 2723 2524 2780 omnino
2559 2722 2706 2778 nihil
2731 2739 2950 2796 passus
2981 2728 3088 2788 est,
3143 2728 3248 2780 aut
3301 2722 3562 2778 Domini-

1901 2827 2034 2868 cam
2065 2827 2182 2869 non
2209 2812 2456 2885 arripuit
2480 2812 2749 2883 gloriam,
2779 2811 2887 2867 sed
2917 2827 3026 2868 nec
3040 2828 3172 2868 eam
3187 2828 3321 2885 quae
3343 2828 3380 2868 a
3408 2811 3560 2868 mul-

1902 2902 1970 2958 tis
1999 2901 2259 2959 dabatur
2282 2903 2560 2974 respexit.
2585 2904 2652 2958 Et
2676 2903 2810 2958 vide
2833 2901 3228 2974 prudentiam.
3254 2905 3379 2958 Non
3412 2902 3564 2958 dixit

1900 2991 2036 3065 quis
2064 2997 2219 3048 esset
2245 2993 2405 3064 quod
2431 2993 2820 3065 postmodum
2852 2992 3010 3058 fecit,
3042 2990 3168 3060 sed,
3201 2991 3280 3046 ad
3303 2998 3564 3047 mentem

1903 3097 2110 3136 eorum
2133 3083 2425 3138 accedens
2454 3098 2468 3148 ;
2501 3087 2557 3137 et
2577 3081 2724 3154 quid
2744 3081 3294 3152 velintagnoscens,
3318 3085 3470 3135 recte
3503 3081 3564 3135 id

1904 3185 1941 3225 a
1992 3169 2286 3242 principio
2343 3169 2600 3236 abstulit,
2651 3170 2816 3242 quod
2855 3169 3056 3243 ipsum
3110 3168 3437 3242 sperabant
3473 3184 3564 3224 re-

1903 3273 2282 3331 sponsurum.
2327 3260 2476 3315 Dixit
2504 3259 2684 3328 enim,
2726 3261 2861 3316 Non
2891 3276 3021 3316 sum
3051 3275 3144 3330 ego
3165 3259 3463 3318 Christus.

1974 3349 2135 3402 Vers.
2192 3349 2279 3402 2i.
2322 3351 2397 3402 Et
2441 3379 2509 3388 —
2547 3365 2686 3403 sum.
2729 3350 2861 3404 Jam
2901 3356 3120 3404 conatu
3160 3347 3442 3412 frustrati,
3484 3347 3563 3402 ad

1903 3437 2065 3512 aliud
2091 3442 2524 3504 convertuntur,
2545 3438 2957 3510 intentumque
2980 3455 3158 3494 suum
3196 3437 3564 3494 obumbrare

1901 3526 2163 3582 volentes
2193 3527 2430 3582 dicunt:
2455 3526 2602 3594 Quid
2621 3542 2774 3598 ergo,
2803 3528 2960 3583 Etias
2972 3543 3030 3584 es
3052 3527 3153 3583 tu?
3168 3532 3229 3582 ut
3248 3525 3564 3582 videantur

1902 3615 2252 3689 simpliciter
2280 3633 2350 3673 ac
2380 3618 2505 3673 sine
2545 3617 2772 3673 malitia
2797 3616 3160 3688 interrogare
3198 3631 3212 3671 :
3259 3616 3565 3688 Siquidem

1901 3705 2328 3778 exspectabant
2377 3706 2554 3762 etiam
2616 3711 2929 3762 venturum
2974 3707 3184 3762 Etiam.
3261 3705 3562 3777 Scriptum

1901 3802 1987 3851 est
2011 3797 2170 3851 enim
2191 3795 2352 3868 apud
2377 3795 2728 3852 Malachiam
2753 3797 3131 3870 prophetam:
3149 3796 3385 3851 Mittam
3406 3795 3566 3851 vobis

1903 3885 2102 3942 Etiam
2125 3885 2452 3953 Thesbiten,
2472 3885 2576 3958 qui
2591 3891 2885 3942 convertet
2901 3901 3005 3942 cor
3012 3887 3210 3956 patris
3221 3885 3290 3940 ad
3297 3884 3489 3954 ﬁlium
3510 3885 3557 3920 ²²

1902 3976 2157 4030 Rursum
2191 3990 2333 4046 ergo
2362 3980 2576 4046 rogant
2614 3991 2689 4031 ne
2735 3976 2991 4048 suspecti
3024 3975 3386 4034 habeantur.

1975 4155 2134 4209 Vers.
2157 4157 2240 4208 2t.
2274 4153 2352 4208 Es
2375 4159 2436 4208 tu
2457 4154 2561 4209 ille
2576 4153 2872 4224 propheta
2900 4154 2929 4210 ?
2954 4153 3026 4208 Et
3048 4153 3378 4224 respondit,
3400 4153 3562 4210 Non.

1902 4245 2028 4298 Non
2051 4243 2256 4298 dicunt
2287 4259 2300 4297 :
2326 4243 2399 4297 Es
2415 4248 2474 4298 tu
2489 4243 2782 4314 propheta
2808 4259 2979 4298 :nam
3003 4243 3267 4299 sciebant
3283 4258 3419 4298 eum
3435 4258 3566 4298 esse

1901 4331 2251 4402 prOphetam
2279 4349 2292 4397 ;
2336 4331 2460 4396 sed,
2495 4333 2563 4385 Es
2584 4336 2644 4386 tu
2665 4331 2760 4386 ille
2787 4330 3078 4402 propheta
3109 4331 3316 4403 dequo
3334 4331 3565 4403 scripsit

1902 4419 2374 4491 Moses?Scripsit
2396 4419 2553 4475 enim
2568 4421 2652 4475 eis
2664 4420 3255 4489 dicens:Prophetam
3267 4420 3565 4477 suscitabit

1904 4510 2059 4566 vobis
2092 4509 2392 4575 Dominus,
2427 4511 2621 4579 ipsum
2648 4516 2711 4564 ut
2741 4523 2831 4566 me
2859 4509 3112 4566 audietis
3139 4510 3207 4562 ³³.
3237 4509 3336 4566 Ille
3363 4516 3564 4566 autem

1905 4604 2031 4656 erat
2076 4599 2364 4658 Christus.

1979 4779 2138 4832 Vers.
2159 4775 2246 4832 22.
2273 4776 2562 4832 Dixerunt
2592 4807 2647 4817 —
2673 4778 2840 4832 Vers.
2866 4781 2952 4832 23.
2976 4777 3293 4847 propheta.
3313 4778 3458 4833 Cum
3486 4779 3564 4834 ad

1901 4867 2110 4923 omnia
2136 4865 2424 4938 patienter
2440 4865 2869 4937 respondisset,
2890 4881 3051 4922 nunc
3067 4866 3246 4922 etiam
3261 4866 3402 4923 dicit
3429 4867 3564 4940 quis

1473 5021 1518 5053 ³³
1549 5021 1713 5076 Deut.
1738 5035 1894 5085 xvm,
1946 5019 2037 5074 15.

1400 5169 1626 5239 Variae
1653 5171 1977 5240 lectiones
2009 5181 2072 5238 et
2114 5179 2314 5239 notae.

255 5338 388 5411 (46),
413 5337 574 5403 Δόξαν
617 5345 678 5395 Δ.
735 5337 918 5398 Paulo
966 5343 1103 5397 ante
1158 5339 1320 5396 haud
1365 5339 1546 5397 dubie
1591 5342 1797 5398 vitiose

164 5410 421 5467 invenit
477 5413 986 5487 Περιφρουρηθῆναι.
1038 5412 1380 5470 Hentenius.
1455 5413 1567 5470 Sed
1624 5413 1796 5470 lectio

255 5588 356 5658 (g)
384 5588 705 5654 Putabant,
728 5592 837 5645 etc.
856 5587 1086 5646 Redde:
1110 5589 1306 5646 Stulte
1320 5590 1472 5647 enim
1490 5591 1794 5648 credebant

147 5659 305 5732 jam
329 5675 460 5734 cum,
477 5660 1090 5734 conte‘mnissevideret
1113 5662 1300 5729 ipsum
1315 5679 1537 5734 quoque
1553 5670 1613 5717 ut
1627 5663 1795 5720 homi-

165 5746 348 5796 nem,
374 5732 608 5805 aliquid
621 5732 869 5805 humani
891 5746 1230 5800 passurum,
1257 5732 1350 5798 ac',
1369 5734 1419 5788 si
1441 5732 1794 5805 semetipsum

159 5818 283 5875 per
296 5802 695 5875 arrogantiam
707 5802 983 5859 Christum
998 5805 1579 5872 renuntiasset,simut
1590 5802 1798 5863 exstin-

527 5901 766 5958 PATltOL.
809 5902 892 5959 Gn
907 5947 920 5960 .
971 5901 1217 5982 CXXJX.

1911 5357 2186 5398 meorum
2216 5339 2405 5412 codd.
2425 5339 2616 5412 proba
2646 5343 2752 5396 est.

1981 5415 2095 5485 (47)
2126 5416 2358 5487 Χριστόν
2388 5411 2565 5484 ἀνείπη
2610 5411 2675 5467 Β.

1907 5599 2064 5648 ctum
2095 5591 2175 5647 iri
2202 5592 2274 5648 de
2298 5592 2430 5648 Jesu
2457 5591 2682 5663 famam
2707 5597 2910 5648 contra
2939 5607 3113 5663 quau
3141 5594 3340 5651 omnia
3372 5595 3566 5652 molie-

1909 5664 2148 5738 bantur.
2186 5665 2385 5718 Malim
2439 5679 2576 5738 ergo
2634 5662 2843 5738 legere,
2907 5662 2992 5714 τὸν
3067 5670 3290 5738 Χριστὸν
3349 5666 3564 5719 ἀνειπὼν

1905 5735 2099 5810 λοξπόν.
2162 5735 2531 5790 Constructio
2567 5734 2724 5789 enim
2776 5743 2879 5801 est,
2925 5738 3004 5788 ὅτι
3044 5734 3281 5788 πεὶσεται
3321 5743 3408 5789 καί
3439 5740 3566 5810 (ὅτι)

1910 5805 2282 5865 σϐεσθὴσεται.

3177 5912 3245 5963 3ϋ
