4170 6458
164 445 284 502 1133

163 574 301 632 αυτὸς
358 568 430 628 εἰς
490 569 762 639 μετάνοιαν
824 565 1009 625 ἐπίσης
1077 572 1182 626 τοῖς
1228 564 1399 625 ἄλλοις

162 667 240 712 νῦν
265 658 377 727 (50)
404 657 534 730 πρός
561 659 647 706 τὸν
683 653 942 719 Ἰωάννην,
979 649 1161 713 διδοὺς
1181 653 1320 722 αὐτῷ
1352 651 1582 726 ἀφορμὴν
1609 648 1753 724 διορ-

167 747 426 800 θώσασθαι
465 749 557 802 τὴν
615 745 860 800 τοιαύτην
919 740 1148 814 ὑποψίαν
1181 738 1273 794 διὰ
1302 745 1596 814 μαρτυρίας
1624 739 1755 792 ἐντι-

164 836 416 908 λεστέρας.

233 929 326 977 Καὶ
366 954 434 963 -
482 929 638 978 Θεοῦ.
701 921 888 994 Ἀμνὸν
941 920 1096 973 αὐτόν
1138 924 1580 993 προσηγόρευσεν,
1635 917 1754 969 ἁνα-

166 1018 462 1086 μιμνήσκων
512 1011 696 1071 αὐτοὺς
746 1019 840 1072 τῆς
878 1028 932 1062 τι
987 1018 1078 1062 τοῦ
1133 1015 1292 1082 νόμου
1332 1015 1499 1075 σκιᾶς,
1547 1012 1636 1059 καὶ
1660 1016 1756 1068 τῆς

1278 1095 1416 1151 Ἰδοὺ
1455 1099 1481 1149 6
1543 1097 1702 1169 Ἀμνό
1713 1117 1752 1159 ς,

1495 1191 1584 1238 καὶ
1656 1187 1756 1238 ὑπὸ

164 1101 372 1154 Ἠσαίου
429 1105 762 1175 προφητείας,
825 1104 911 1150 καὶ
982 1099 1140 1170 λέγων
1201 1118 1214 1130 ·

167 1193 190 1243 6
245 1190 289 1242 ἐν
355 1198 427 1261 τῷ
495 1196 634 1262 νόμῳ
707 1189 822 1260 (51)
907 1192 1408 1262 σκιαγραφοῦμενος,

163 1281 370 1334 Ἠσαίου
453 1279 564 1352 (52)
639 1278 1106 1351 καταγγελλόμενος
1179 1294 1192 1309 ⁶
1276 1275 1386 1330 εἶτα
1437 1277 1758 1350 προστίθησι

164 1373 332 1423 καὶτὸ
376 1365 665 1421 ἰδιαίτατον
713 1374 802 1420 καὶ
865 1367 1122 1442 ἐξαίρετον
1179 1367 1358 1432 αὐτοῦ,
1409 1366 1491 1418 ὅτι
1547 1367 1572 1416 6
1616 1366 1761 1438 παρὰ

165 1465 284 1514 Θεοῦ
340 1461 587 1531 πεμφθεὶς
629 1458 701 1520 εἰς
749 1462 955 1530 σφαγὴν
1009 1459 1134 1533 ὑπὲρ
1196 1461 1462 1530 σωτηρίας
1513 1463 1612 1507 τῶν
1671 1453 1758 1505 ἂνξ

168 1551 396 1622 θρώπων.

230 1636 294 1691 Ἦ
336 1639 360 1690 6
397 1639 548 1703 θεῖος,
583 1634 676 1689 διὰ
705 1641 798 1696 τὴν
830 1635 879 1689 ἐν
907 1637 1048 1707 αὐτῷ
1091 1638 1328 1695 ϐιότητα.

227 1814 284 1867 ⁸0
315 1847 376 1856 --
407 1818 611 1888 κόσμου
658 1814 797 1886 (53).
841 1813 900 1867 ’0
952 1817 1043 1886 μὲν
1079 1816 1182 1886 γὰρ
1244 1812 1404 1885 ἀμνὸς
1466 1819 1559 1864 τοῦ
1601 1815 1759 1882 νόμου

1361 431 1730 497 COMMENT.
1774 429 1844 488 IN
1881 431 2233 494 JOANNEM.
2276 469 2340 479 —
2381 437 2538 493 CAP.
2580 436 2624 493 Ι.

1467 578 1480 592 ο
1537 565 1751 637 ἔρχεται
1780 562 1824 616 Α
1857 559 2147 630 ptismum
2173 560 2234 616 in
2253 560 2665 630 pmnitentiam
2681 543 2848 616 more
2873 558 3148 615 aliorum.
3181 557 3348 614 Venit
3371 573 3515 627 ergo

1858 665 2017 704 nunc
2048 649 2124 705 ad
2152 651 2463 714 Joannem,
2518 654 2574 706 ut
2602 649 2981 705 occasionem
3030 648 3112 704 illi
3141 648 3310 704 daret
3339 648 3520 703 corri-

1857 739 2035 808 gendi
2048 738 2379 811 perfectiori
2392 738 2833 810 testimoni‘ohuj
2845 737 3518 810 usmodisuspicionem.

3380 425 3517 492 H34

1932 919 2098 974 Vers.
2126 920 2214 975 29.
2244 919 2318 974 Et
2346 949 2414 959 —
2435 919 2556 975 Dei.
2585 920 2824 989 Agnum
2849 918 3050 991 ipsum
3078 916 3416 990 appellavit,
3443 915 3520 972 ad

1862 1013 2217 1064 memoriam
2230 1009 2314 1064 eis
2330 1008 2638 1064 adducens
2653 1009 2898 1064 umbras
2920 1009 3134 1064 Veteris
3146 1006 3520 1072 Testamenti,

1864 1098 2111 1153 acIsaitB
2135 1099 2529 1170 prophetiam.
2548 1099 2860 1170 Tanquam
2877 1098 3124 1153 diceret:
3157 1099 3298 1153 Ecce
3315 1102 3521 1166 Agnus"

1866 1187 1923 1242 in
1957 1187 2082 1258 lege
2115 1187 2424 1256 ﬁguratus,
2457 1192 2514 1243 et
2536 1187 2614 1243 ab
2654 1188 2810 1243 Isaia
2848 1187 3258 1242 annuntiatus.
3300 1185 3522 1241 Deinde

1867 1275 2210 1332 additeliam
2238 1277 2290 1331 id
2317 1277 2482 1349 quod
2511 1278 2879 1349 praecipuum
2905 1284 2993 1331 est
3012 1276 3161 1347 ejus,
3191 1281 3336 1347 puta
3358 1273 3526 1347 quod

1870 1381 1906 1420 a
1938 1369 2054 1421 Deo
2096 1366 2316 1422 missus
2343 1367 2416 1421 sit
2469 1366 2548 1422 ad
2576 1365 3018 1422 immolandum
3049 1380 3158 1436 pro
3198 1364 3390 1420 salute
3421 1363 3527 1420 ho-

1873 1469 2125 1510 minum.

1945 1631 2046 1688 Vel
2075 1632 2196 1702 Dei,
2226 1634 2341 1690 hoc
2393 1639 2483 1690 est
2532 1632 2793 1700 divinus,
2843 1636 3086 1706 propter
3137 1647 3311 1688 suam
3341 1632 3526 1690 divini

1873 1726 2076 1778 tatem.

1944 1813 2105 1867 Vers.
2135 1811 2230 1870 29.
2272 1813 2384 1881 Qui
2414 1845 2476 1854 -—
2507 1813 2730 1870 mundi.
2765 1816 2967 1884 Agnus
3013 1813 3310 1885 siquidem
3341 1813 3439 1884 qui
3465 1813 3528 1869 in

165 1908 398 1978 θυόμενος
429 1905 687 1977 ἁμαρτίαν
719 1904 828 1966 ἑνός
864 1907 1040 1975 γένους
1084 1903 1271 1978 ἀφῄρει
1308 1911 1400 1955 τοῦ
1453 1901 1762 1975 Ἰσραηλιτι-

1885 1915 2000 1971 .ege
2032 1903 2502 1968 sacriﬁcabatur,
2533 1903 2713 1958 unius
2736 1901 3037 1958 Israelitici
3069 1902 3274 1974 populi
3301 1901 3527 1958 aufere-

162 2004 274 2062 κοῦ,
316 1997 382 2055 ὡς
407 1997 570 2056 τύπος
589 1999 680 2045 καὶ
709 2013 1074 2066 προχαραγμα
1103 1999 1191 2044 καὶ
1222 1995 1348 2044 σκιά
1372 1999 1462 2052 τῆς
1480 1991 1718 2050 ἀληθείας
1745 2006 1758 2020 ⁶

167 2086 190 2135 6
223 2081 280 2136 δὲ
311 2083 495 2156 Ἀμνός
519 2090 611 2134 τοῦ
659 2091 792 2134 Θεοῦ
827 2085 1176 2153 σφαγιασθεὶς
1220 2087 1314 2138 τὴν
1360 2081 1619 2154 ἁμαρτίαν
1670 2087 1762 2131 τοῦ

163 2178 362 2244 κόσμου
393 2175 585 2232 παντὸς
633 2169 857 2242 ἀφαιρεῖ,
899 2176 987 2222 καὶ
1017 2172 1248 2244 καθαίρει
1281 2174 1402 2230 τοὺς
1441 2169 1490 2221 ἐν
1532 2177 1604 2240 τῷ
1641 2173 1763 2221 κόσ-

164 2265 351 2334 μῳ,ὡς
389 2259 624 2318 ἀλήθεια.
685 2260 902 2320 Ἐκεῖνος
950 2261 1039 2330 μὲν
1090 2262 1190 2332 γὰρ
1245 2260 1451 2330 ἄλογος,
1499 2259 1649 2320 οὗτος
1705 2254 1764 2311 6“:

162 2350 366 2421 λογικός
425 2371 438 2382 ⁸

160 2438 448 2512 Ἀμαρτίας
479 2434 538 2490 δὲ
563 2443 667 2490 νόει
687 2442 758 2510 μὴ
792 2443 944 2510 μόνον
974 2440 1070 2498 τὰς
1119 2437 1362 2510 ψυχικὰς
1413 2434 1658 2502 κηλῖδας,
1694 2438 1761 2488 ὧν

513 2354 604 2400 καὶ
670 2349 728 2400 οὗ
818 2358 971 2401 τοῦτο
1024 2353 1201 2421 μόνον,
1256 2348 1384 2401 ἀλλὰ
1450 2353 1540 2400 καὶ
1607 2351 1759 2409 θεῖος.

163 2527 415 2600 ἐλευθεροῖ
438 2531 555 2588 τοῦς
583 2530 676 2588 τὰς
702 2526 903 2588 ἐντολὰς
928 2527 1087 2579 αὐτοῦ
1109 2527 1487 2599 φυλάσσοντας,
1518 2526 1646 2579 ἀλλὰ
1673 2531 1762 2579 καὶ

160 2619 257 2679 τὰς
288 2619 595 2689 σωματικὰς
620 2614 934 2690 ἀρρωστίας,
967 2617 1035 2667 ὧν
1062 2615 1375 2669 ἀπαλλάττει
1395 2620 1511 2676 τοῦς
1539 2618 1760 2688 κάμνον-

157 2725 266 2766 τας.

232 2796 402 2850 Εἰπὼν
470 2792 529 2848 δὲ
595 2796 676 2846 ὅτι
728 2793 787 2846 Ὀ
853 2798 1011 2870 αἴρων
1078 2800 1165 2854 τὴν
1230 2795 1490 2869 ἁμαρτίαν
1541 2803 1631 2848 τοῦ
1669 2799 1763 2848 κό-

161 2906 319 2958 σμου,
353 2885 502 2937 ἔλυσε
554 2889 648 2942 τὴν
703 2890 1079 2958 προειρημένην
1119 2885 1363 2958 ὑποψίαν.
1421 2886 1478 2937 Ὀ
1533 2888 1636 2959 γὰρ
1668 2889 1761 2946 τὰς

157 2985 260 3029 τῶν
350 2974 512 3026 ἄλλων
580 2972 860 3045 ἀνθρώπων
948 2980 1216 3050 ωμαρτίας
1303 2975 1532 3051 ἀφαιρῶν
1608 2971 1762 3034 εὔδη-

1351 3066 1460 3136 (54)
1520 3068 1653 3136 ἔχων
1705 3061 1764 3116 δὲ

157 3151 488 3229 ἀμαρτίας,]
529 3149 600 3203 δι’
635 3151 807 3225 ἑτέραν
860 3155 1067 3213 πάντως
1125 3153 1292 3204 αἰτίαν
1351 3150 1500 3210 ἦλθεν
1562 3152 1644 3204 ἐπὶ
1703 3156 1761 3203 τὸ

154 3065 243 3118 λον
320 3066 399 3116 ὅτι
487 3063 580 3114 οὐκ
664 3066 777 3133 ἔχει
833 3063 1092 3136 ἁμαρτίας
1173 3063 1266 3136 [μὴ

1872 1991 1975 2045 bat
2014 1997 2320 2062 peccatum
2370 1997 2658 2064 tanquam
2698 1991 2914 2062 ﬁgura,
2957 1992 3195 2061 signum
3231 1997 3287 2046 et
3316 1993 3530 2048 umbra

1872 2079 2152 2136 veritatis.
2181 2087 2386 2151 Agnus
2419 2086 2620 2137 autem
2651 2083 2747 2136 Dei
2769 2080 3133 2146 immolatus,
3159 2081 3334 2137 totius
3358 2097 3531 2137 mun-

1871 2169 1930 2223 di
1961 2170 2152 2226 aufert
2172 2177 2506 2243 peccatum,
2530 2177 2587 2227 et
2625 2177 2908 2244 tanquam
2939 2171 3179 2235 veritas,
3210 2187 3311 2226 eos
3336 2171 3528 2244 quiin

1872 2261 2101 2315 mundo
2120 2259 2564 2332 suntpuriﬁcat.
2583 2260 2682 2316 Ille
2695 2259 2993 2333 siquidem
3007 2260 3362 2316 irrationalis
3381 2265 3524 2326 erat,

1871 2347 1963 2402 hic
2003 2363 2137 2404 vero
2173 2350 2479 2405 rationalis
2510 2368 2523 2405 :
2567 2365 2679 2405 nec
2705 2349 2903 2405 solum
2926 2349 3056 2417 hoc,
3100 2365 3310 2405 verum
3343 2350 3528 2406 etiam

1870 2436 2137 2496 divinus.
2178 2438 2427 2495 Peccata
2468 2445 2667 2495 autem
2706 2454 2829 2495 non
2871 2443 3103 2495 tantum
3146 2439 3363 2495 animae
3388 2437 3532 2495 dicit

1872 2529 2161 2593 maculas,
2178 2545 2212 2584 a
2238 2529 2459 2601 quibus
2476 2528 2645 2584 liberi
2662 2533 2816 2594 sunt,
2850 2528 2954 2600 qui
2970 2528 3021 2601 ej
3034 2543 3102 2584 us
3125 2533 3366 2584 servant
3383 2544 3532 2600 prie-

1873 2623 2041 2688 cepta
2075 2638 2088 2671 :
2124 2633 2328 2673 verum
2360 2619 2540 2674 etiam
2561 2631 2879 2690 corporeas
2909 2617 3309 2685 infirmitates,
3334 2634 3371 2674 a
3399 2617 3528 2690 qui-

1877 2705 1990 2760 bus
2027 2711 2384 2776 aagrotantes
2441 2707 2674 2763 liberat.

1944 2795 2154 2851 Dicens
2173 2800 2404 2853 autem:
2442 2796 2550 2864 Qui
2570 2796 2728 2852 tollit
2748 2803 3053 2866 peccatum
3080 2797 3308 2863 mundi,
3353 2795 3533 2853 solvit

1874 2884 2220 2955 praedictam
2252 2886 2676 2957 suspicionem.
2723 2885 2864 2941 Nam
2903 2885 3005 2958 qui
3056 2885 3310 2942 aliorum
3342 2885 3533 2942 aufert

1875 2985 2118 3042 peccata
2139 2975 2525 3032 manifestum
2551 2981 2635 3031 est
2665 2975 2830 3047 quod
2863 2977 2988 3048 ipse
3015 2991 3138 3031 non
3158 2975 3377 3032 habeat
3399 2991 3535 3048 pec-

1873 3071 2003 3119 cata
2038 3081 2051 3130 ;
2083 3065 2187 3137 qui
2227 3071 2426 3121 autem
2473 3065 2731 3137 peccatis
2770 3081 2892 3121 non
2941 3071 3029 3121 est
3059 3065 3384 3132 obnoxius,
3413 3065 3533 3123 alia

1874 3154 2119 3208 omnino
2153 3170 2334 3210 causa
2353 3155 2511 3209 venit
2542 3153 2620 3208 ad
2645 3154 3033 3224 baptismum,
3053 3169 3238 3225 quam
3270 3153 3399 3225 ipse
3427 3156 3535 3212 Ba-

160 3241 469 3314 βάπτισμα,
537 3240 600 3298 ἣν
667 3239 826 3301 αὐτὸς
891 3242 916 3291 6
976 3239 1278 3312 βαπτιστὴς
1335 3239 1440 3313 ἐρεῖ
1496 3243 1626 3313 μετὰ
1681 3260 1765 3313 μι-

1885 3243 2052 3313 ptista
2100 3243 2283 3314 paulo
2323 3249 2458 3314 post
2485 3241 2714 3298 referet.

155 3334 282 3402 κρὸν

233 3418 394 3470 Πάλιν
424 3413 483 3469 6":
513 3417 632 3488 (56)
659 3416 797 3488 λέγει
839 3419 918 3482 τὸ,
948 3420 1276 3490 Ἐμπροσθέν
1315 3438 1416 3492 μου
1443 3423 1638 3491 γέγονε,
1684 3421 1770 3470 καὶ

157 3512 246 3572 τό,
283 3511 495 3582 Πρῶτός
536 3525 636 3578 μου
667 3502 750 3574 ἦν,
783 3504 1149 3569 ἀνυποστόλως
1172 3507 1351 3561 ἑαυτὸν
1407 3511 1496 3582 μὲν
1528 3507 1772 3571 ἐξευτελί-

162 3597 266 3656 ζων
298 3599 366 3656 ὡς
401 3592 606 3661 δοῦλον,
665 3594 852 3648 ἐκεῖνον
902 3593 963 3649 δὲ
1021 3595 1347 3670 ἀσυγκρίτως
1386 3598 1676 3674 ῦπερτιθεὶς
1706 3599 1772 3657 ὡς

164 3690 456 3743 Δεσπότην.

237 3773 396 3846 Κάγὼ
461 3773 556 3825 οῦκ
606 3770 753 3847 ᾔδειν
803 3773 976 3830 αὐτόν.
1034 3773 1146 3828 Ἵνα
1218 3781 1292 3850 μή
1345 3783 1632 3851 νομίσωσιν
1690 3785 1770 3836 ὅτι

161 3863 385 3917 ἔκπαλαι
436 3865 702 3937 γνωρίζων
753 3863 907 3916 αὐτὸν
966 3873 1186 3918 τοιαῦτα
1238 3873 1354 3943 περὶ
1416 3869 1575 3921 αὐτοῦ
1639 3891 1770 3945 μαρ-

158 3961 325 4029 τυρεῐ,
385 3954 737 4027 χαριζόμενος
814 3957 878 4015 ὡς
952 3963 1206 4027 συγγενεῖ,
1288 3963 1447 4029 φησὶν
1517 3961 1597 4012 ὅτι
1660 3961 1770 4013 Οὐκ

159 4042 444 4115 ἐγίνωσκον
494 4042 645 4094 αὐτὸν
697 4046 799 4117 πρὸ
855 4050 946 4095 τοῦ
1000 4043 1158 4098 ἑλθεὶν
1208 4044 1291 4098 ἐπὶ
1328 4051 1416 4099 τὸν
1475 4046 1767 4125 Ἰορδάνην,

157 4132 249 4185 ἅτε
322 4135 409 4184 τόν
473 4131 681 4185 ἅπαντα
753 4136 943 4207 χρόνον
999 4133 1049 4186 ἐν
1110 4142 1223 4197 ταῖς
1296 4137 1511 4211 ἐρήμοις
1565 4136 1771 4216 διατρί-

158 4220 284 4276 ϐων.

235 4315 340 4363 Καὶ
369 4315 467 4383 μήν
493 4309 715 4384 ἔμϐρυον
745 4311 834 4380 ὧν,
885 4311 1112 4388 ἓμϐρυον
1143 4318 1267 4367 ὄντα
1295 4323 1475 4368 τοῦτον
1519 4316 1770 4390 ἐγνώρισα

157 4403 254 4452 καὶ
297 4397 602 4472 ἐσκίρτησεν
646 4398 694 4452 ἔν
721 4398 1048 4472 ἀγαλλιάσει,
1080 4405 1151 4466 ὡς
1179 4405 1204 4456 ὁ
1254 4411 1463 4466 Λουκᾶς
1487 4406 1708 4479 ἔγραψεν
1750 4425 1765 4440 ο

161 4487 277 4540 ἀλλ’
335 4489 394 4541 οὑ
450 4491 586 4542 κατὰ
637 4492 814 4563 φύσιν,
865 4492 1139 4568 ὑπερφυῶς
1190 4490 1250 4548 δὲ
1311 4495 1467 4548 αὐτὸν
1521 4495 1770 4570 ἐγνώρισε

239 4642 290 4678 ’⁵
333 4643 472 4698 Luc.
516 4658 554 4708 ι,
584 4642 676 4698 41.

1953 3423 2211 3477 Rursum
2260 3420 2401 3476 alibi
2456 3419 2616 3485 dicit,
2646 3419 2803 3477 Ante
2829 3435 2922 3477 me
2943 3421 3063 3490 fuit
3092 3441 3103 3486 ;
3137 3425 3211 3491 et,
3244 3419 3421 3476 Prior
3443 3436 3537 3478 me

1880 3515 2028 3573 erat,
2045 3526 2105 3563 se
2129 3510 2321 3582 ipsum
2349 3509 2637 3582 intrepide
2656 3515 2949 3582 tanquam
2969 3524 3204 3564 servum
3226 3508 3531 3581 dejiciens,

1880 3598 2050 3654 illum
2079 3603 2277 3654 autem
2305 3599 2479 3672 quasi
2519 3598 2838 3654 Dominum
2867 3597 3413 3671 incomparabiliter
3439 3615 3533 3655 ex-

1880 3687 2092 3743 tollens
2105 3732 2118 3746 .
2780 3679 2784 3684 ’

1955 3777 2122 3832 Vers.
2180 3778 2268 3832 3i.
2299 3778 2377 3832 Et
2403 3793 2503 3848 ego
2553 3776 2878 3833 nesciebam
2904 3791 3055 3833 eum.
3103 3778 3186 3832 Ne
3260 3781 3540 3850 putarent

1881 3867 2043 3941 quod
2063 3865 2229 3922 illum
2255 3867 2383 3937 jam
2405 3867 2550 3922 olim
2581 3882 2947 3936 cognoscens
2997 3866 3138 3922 talia
3158 3866 3233 3922 de
3261 3883 3330 3923 eo
3361 3867 3537 3923 ferret

1882 3958 2234 4026 testimonia,
2262 3957 2510 4028 gratiam
2541 3957 2618 4011 illi
2646 3962 2938 4028 praestans
2958 3962 3248 4029 tanquam
3277 3961 3536 4026 cognato

1883 4048 1967 4104 ait
2001 4069 2013 4101 :
2039 4049 2160 4117 Ego
2185 4047 2543 4117 ignorabam
2565 4061 2703 4101 eum
2729 4047 3082 4119 priusquam
3114 4047 3190 4102 ad
3217 4047 3538 4103 Jordanem

1880 4139 2124 4205 veniret,
2151 4140 2354 4209 utpote
2386 4152 2622 4209 semper
2643 4136 2703 4190 in
2734 4136 2966 4193 deserto
2992 4140 3286 4193 versatus.

1876 4315 2127 4388 ;;Atqui
2167 4331 2303 4370 cum
2357 4315 2552 4370 adhuc
2578 4315 2637 4369 in
2670 4314 2875 4370 matris
2913 4317 3065 4370 esset
3107 4316 3292 4376 utero,
3321 4326 3543 4383 cogno-

1879 4405 1956 4460 vit
1981 4420 2136 4468 eum,
2165 4409 2220 4459 et
2255 4419 2376 4476 prae
2404 4404 2626 4474 gaudio
2677 4403 2981 4470 exultavit,
3023 4401 3538 4475 quemadmodum

1880 4494 2114 4567 scripsit
2151 4496 2337 4550 Lucas
2383 4494 2453 4549 ³⁸.
2516 4495 2729 4549 Verum
2767 4493 2830 4550 id
2867 4507 2993 4550 non
3052 4491 3163 4549 fuit
3192 4490 3540 4549 naturaliter

1386 4744 1609 4814 Variae
1657 4744 1983 4814 lectiones
2024 4754 2090 4813 et
2129 4753 2332 4812 notae.

239 4882 356 4953 (50)
386 4886 494 4936 Νῦν
525 4883 693 4939 abest
719 4888 784 4939 Α.

265 4955 358 5028 tit)
386 4953 588 5028 Godex
616 4961 860 5028 uterque
888 4956 948 5011 in
977 4957 1268 5028 margine:
1293 4957 1375 5010 Ἐν
1397 4967 1514 5022 ταῖς
1541 4961 1769 5021 θυσίαις.

263 5025 358 5097 52)
392 5027 508 5100 Hic‘
543 5025 1050 5100 rursus—uterque
1107 5025 1165 5083 in
1220 5033 1490 5100 margine
1539 5032 1766 5088 habet:

151 5093 347 5173 Οὗτος
367 5100 456 5173 τᾲς
485 5096 746 5173 ἁμαρτίας
772 5100 924 5173 αἴρει.
951 5093 1213 5173 Respicit
1240 5093 1508 5168 188.1111,
1539 5109 1593 5159 '7.

236 5167 358 5240 (53)
379 5167 605 5225 Vers'us'
626 5185 769 5239 ergo
797 5167 1128 5227 tricesimus
1144 5173 1313 5229 abest
1334 5167 1514 5229 etiam
1545 5190 1580 5231 a
1612 5174 1778 5230 codi-

148 5254 234 5318 pe
259 5241 550 5318 Hentenii,
579 5241 659 5296 uti
691 5241 770 5297 ab
797 5248 1041 5313 utroque
1073 5245 1444 5318 _Mosque_nsi,
1474 5245 1588 5318 nisi
1611 5246 1776 5318 quod

147 5312 229 5390 in
251 5312 606 5390 unoborum
619 5328 654 5368 a
673 5329 859 5370 manu
871 5312 1522 5390 recentioriadditusest
1536 5317 1605 5390 in,
1621 5312 1777 5390 inar-

148 5383 332 5458 gipe.
369 5383 481 5458 δρᾷ
507 5383 716 5441 ultima
744 5401 883 5456 pars
910 5385 1090 5458 hujus
1116 5387 1345 5453 scholii,
1377 5404 1414 5445 a
1445 5389 1773 5453 vocabulis,

141 5450 325 5532 ιῖτάλιν
357 5450 416 5532 δε
453 5454 591 5532 λέγει
635 5459 694 5532 τὸ
732 5450 784 5509 κ.
816 5476 884 5532 Ar.
946 5450 1010 5532 λζ
1050 5459 1189 5514 satis
1237 5450 1514 5532 declarat,
1559 5450 1774 5532 Euthy-

147 5526 363 5582 mium
395 5526 524 5602 llaec
554 5527 790 5602 legisse.
814 5528 1023 5602 Nescio
1053 5530 1390 5602 ergo,quod
1422 5547 1564 5586 casu
1591 5531 1650 5587 in
1682 5526 1777 5586 tri-

141 5602 279 5653 bus
312 5597 814 5672 coAdicibus’desit.
851 5597 1162 5672 Quomodo
1186 5597 1282 5657 hic
1313 5619 1520 5657 versus
1546 5603 1778 5672 legatur

139 5668 336 5743 apud
366 5669 904 5743 Origenem,notavi
936 5669 1061 5743 jam
1086 5672 1308 5743 inimea
1337 5668 1776 5739 N.Test,editio-

139 5741 554 5815 ne.f.lunﬁc‘tiin
588 5758 824 5815 versum
857 5741 1009 5815 30fet
1036 5743 1125 5809 31,
1154 5742 1356 5801 laudat
1405 5743 1562 5815 Orig.
1612 5751 1650 5802 t.
1681 5745 1771 5811 IV,

142 5831 222 5886 p.
270 5813 361 5865 24.
397 5811 800 5883 Chrysostomi
831 5814 1138 5886 varietates
1189 5816 1369 5871 etiam
1400 5815 1436 5870 l.
1485 5811 1533 5872 ιῖ
1553 5819 1773 5874 notavi.

141 5885 278 5942 Per
310 5897 573 5940 errorem
604 5889 804 5942 autem
835 5885 1338 5959 Chrysost.t.VllI,
1360 5887 1778 5961 p.75,B.verba

1802 4889 1846 4943 D
1885 4891 2050 4962 ρπίσω
2076 4908 2176 4962 μου
2207 4889 2420 4962 ἔρχεται
2463 4883 2612 4962 ἀνὴρ,
2668 4873 2945 4962 Mattth
2984 4883 3371 4962 tri_buit,_gum
3409 4884 3539 4962 n_ul_-

1884 4959 1985 5015 libi
2014 4956 2178 5032 apud
2209 4956 2875 5032 Ma’tthteum'leguntur.
2912 4957 3161 5032 Cyrillus
3194 4956 3538 5013 Alexandri-

1884 5047 1998 5086 nus
2031 5029 2100 5087 e'o
2149 5030 2383 5094 inloco,
2442 5029 2545 5085 ubi
2602 5029 2763 5084 hunc
2812 5045 3051 5084 versum
3100 5029 3532 5100 interpretatur,

1884 5103 2031 5181 nihil
2066 5107 2259 5181 mutat
2292 5107 2498 5173 praeter
2517 5101 2650 5164 hoc,
2678 5100 2993 5181 quod_‘576i,
3026 5106 3160 5181 post
3185 5100 3266 5181 οῦ,
3299 5100 3536 5181 omittit.

1883 5174 2048 5229 Idem
2079 5175 2237 5230 hunc
2269 5171 2508 5228 versum
2539 5171 2763 5242 repetit,
2789 5172 2910 5238 t.V,
2942 5179 3093 5242 part.
3127 5172 3179 5237 2,
3206 5171 3290 5243 “in
3329 5171 3540 5243 episto-

1882 5245 2057 5324 lisAp.
2095 5246 2212 5317 l86,
2271 5251 2326 5324 et
2363 5245 2436 5300 de
2475 5249 2638 5324 recta
2685 5243 2821 5324 fide,
2881 5243 3095 5324 p.‘ll3_
3125 5242 3329 5324 I‘),'u.bi
3359 5242 3539 5324 etiam

1883 5313 2026 5372 data
2055 5313 2239 5388 opera
2275 5313 2930 5388 Evangelium_Joannis
2955 5319 3185 5369 tractat.
3210 5313 3312 5368 Hic
3340 5317 3540 5370 servat

1883 5388 2031 5460 illud
2061 5385 2184 5460 εάφ.
2203 5388 2480 5443 Consistit
2510 5402 2650 5455 ergo
2668 5385 2764 5460 hic
2790 5401 3016 5452 versus,
3041 5402 3176 5440 cum
3192 5391 3539 5460 caeterorum

1884 5459 2061 5516 codd.
2092 5457 2434 5515 ’Grazcorum
2465 5457 2834 5523 auctoritate,
2878 5461 3007 5513 tum
3037 5473 3178 5513 vero
3204 5458 3382 5512 etiam
3415 5472 3541 5513 ver-

1885 5530 2126 5586 sionum
2186 5536 2243 5585 et
2277 5530 2512 5585 Patrum
2549 5543 2859 5585 consensu.

1982 5603 2068 5657 54)
2102 5601 2341 5656 Inclusa
2381 5601 2604 5656 absunt
2632 5606 2696 5654 A.

1980 5670 2068 5746 55)
2112 5676 2258 5726 Μετὰ
2305 5677 2484 5746 μικρόν
2517 5691 2570 5746 τε
2599 5671 2751 5746 ,πάλιν
2813 5670 2945 5746 λέγει

1981 5741 2068 5814 56)
2096 5741 2417 5800 Hentenius
2451 5744 2508 5799 h.
2540 5741 2922 5808 l.inculcavi‘t,
2953 5743 3117 5799 alibi.
3162 5742 3274 5814 Sed
3304 5741 3536 5814 ἀλλαχοῦ

1883 5813 2091 5874 neuter
2132 5831 2400 5873 meorum
2430 5815 2632 5872 habet.
2665 5815 2831 5872 Forte
2871 5821 3065 5872 autem
3094 5813 3354 5870 volebat.

1955 5602 1974 5816 ἓ

2050 5603 2068 5816 ἔ
