4170 6464
1352 433 1722 500 COMMENT.

1878 435 2224 496 JOANNEM.
2268 471 2332 482 —
2373 439 2530 496 CAP.
2572 439 2616 495 Ι.
3371 427 3508 494 1134

1459 581 1472 595 ο
1529 568 1743 640 ἔρχεται
1772 565 1817 619 Α
1849 561 2138 633 ptismum
2165 563 2226 618 in
2245 562 2656 633 paenitentiam
2673 545 2840 618 more
2865 561 3140 617 aliorum.
3173 559 3339 616 Venit
3362 575 3506 629 ergo

1849 668 2008 707 nunc
2040 652 2117 708 ad
2143 654 2455 717 Joannem,
2510 657 2565 708 ut
2594 651 2974 707 occasionem
3021 650 3103 706 illi
3133 650 3302 706 daret
3330 650 3512 705 corri-

1849 741 2026 811 gendi
2041 741 2371 814 perfectiori
2384 741 2711 798 testimonio
2723 740 2824 812 huj
2837 741 3070 796 usmodi
3082 739 3509 812 suspicionem.

183 447 291 506 H33

182 577 305 635 αυτὸς
351 571 422 631 εἰς
483 571 754 642 μετάνοιαν
816 568 1000 628 ἐπίσης
1069 575 1173 629 τοῖς
1219 567 1391 628 ἄλλοις

180 671 250 715 νῦν
273 662 369 731 (50)
396 661 526 733 πρός
553 662 640 709 τὸν
675 657 934 723 Ἰωάννην,
970 653 1152 716 διδοὺς
1173 656 1311 726 αὐτῷ
1343 654 1574 729 ἀφορμὴν
1601 651 1744 728 διορ-

184 750 418 803 θώσασθαι
457 751 549 805 τὴν
607 749 852 802 τοιαύτην
911 743 1140 817 ὑποψίαν
1173 741 1265 797 διὰ
1294 748 1588 817 μαρτυρίας
1616 741 1746 794 ἐντε-

181 839 408 912 λεστέρας.

242 932 324 980 Καὶ
358 957 426 966 -
474 933 630 982 Θεοῦ.
693 924 880 997 Ἀμνὸν
933 923 1088 977 αὐτὸν
1130 927 1572 997 προσηγόρευσεν,
1627 920 1746 972 ἁνα-

181 1022 454 1090 μιμνήσκων
505 1014 688 1075 αὐτοὺς
738 1023 832 1075 τῆς
870 1032 924 1066 τε
979 1021 1070 1066 τοῦ
1125 1018 1284 1086 νόμου
1324 1019 1491 1078 σκιᾶς,
1539 1015 1628 1062 καὶ
1652 1019 1748 1071 τῆς

1269 1098 1408 1155 Ἰδοὺ
1447 1103 1473 1152 ό
1535 1100 1744 1172 Ἀμνὸς,

1648 1190 1748 1241 ὑπὸ

1924 922 2090 977 Vers.
2117 922 2206 978 29.
2235 921 2310 976 Et
2338 951 2406 962 —-
2426 921 2548 977 Dei.
2577 922 2816 991 Agnum
2842 921 3042 993 ipsum
3070 918 3408 992 appellavit,
3434 917 3512 974 ad

1854 1016 2208 1067 memoriam
2222 1012 2306 1067 eis
2321 1011 2630 1067 adducens
2645 1011 2890 1067 umbras
2912 1011 3126 1066 Veteris
3138 1008 3512 1074 Testamenti,

1855 1101 2103 1156 aclsaiae
2127 1101 2521 1173 prophetiam.
2540 1101 2852 1172 Tanquam
2869 1100 3116 1155 diceret:
3149 1101 3289 1154 Ecce
3307 1103 3513 1168 Agnus

1858 1190 1916 1244 in
1949 1190 2074 1260 lege
2107 1189 2415 1259 ﬁguratus,
2449 1195 2506 1245 et
2528 1190 2606 1246 ab
2647 1190 2802 1245 Isaia
2840 1189 3250 1245 annuntiatus.
3292 1187 3515 1243 Deinde

179 1105 365 1158 Ἠσαίου
422 1109 755 1179 προφητείας,
817 1107 904 1154 καὶ
974 1102 1132 1174 λέγων
1193 1121 1205 1134 ·

181 1194 292 1247 ὀίν
348 1202 420 1265 τῷ
488 1199 626 1266 νόμῳ
700 1193 814 1265 (51)
900 1195 1400 1266 σκιαγραφούμενος,
1486 1194 1576 1241 καὶ

176 1284 363 1338 Ἠσαίου
446 1283 557 1355 (52)
632 1282 1098 1355 καταγγελλόμενος
1171 1298 1184 1312 ⁸
1268 1278 1378 1334 εἶτα
1430 1280 1750 1353 προστίθησι

177 1379 254 1426 καὶ
280 1377 328 1426 τὸ
369 1369 658 1425 ἱδιαίτατον
706 1377 794 1423 καὶ
859 1371 1114 1446 ἐξαίρετον
1172 1370 1350 1436 αὐτοῦ,
1401 1370 1483 1421 ὅτι
1539 1371 1564 1420 ό
1608 1369 1753 1441 παρὰ

177 1468 286 1517 Θεοῦ
335 1464 580 1534 πεμφθεὶς
621 1462 694 1524 εἰς
742 1466 948 1533 σφαγὴν
1001 1462 1126 1536 ὑπὲρ
1189 1464 1454 1533 σωτηρίας
1505 1466 1604 1510 τῶν
1662 1455 1750 1508 ἀν-

179 1555 366 1626 θρώπων
376 1593 389 1607 .

235 1640 294 1695 Ἦ
331 1643 353 1694 ό
390 1643 540 1707 θεῖος,
576 1637 668 1693 διὰ
697 1645 791 1698 τὴν
823 1638 872 1692 ἐν
900 1640 1041 1710 αὐτῷ
1083 1641 1320 1698 θεότητα.

231 1818 284 1871 Ὀ
312 1851 368 1860 --
399 1822 604 1891 κόσμου
651 1818 790 1890 (53).
834 1816 893 1870 Ὀ
945 1820 1036 1890 μὲν
1072 1819 1175 1889 γὰρ
1236 1815 1396 1888 ἀμνὸς
1458 1821 1551 1867 τοῦ
1593 1818 1751 1885 νόμου

1859 1278 2202 1334 additeliam
2229 1280 2282 1334 id
2309 1279 2474 1352 quod
2503 1280 2871 1352 praecipuum
2897 1286 2985 1333 est
3004 1278 3154 1349 ejus,
3183 1283 3327 1349 puta
3350 1275 3518 1349 quod

1862 1381 1898 1423 a
1930 1371 2046 1424 Deo
2088 1369 2308 1424 missus
2336 1369 2408 1423 sit
2461 1369 2540 1424 ad
2568 1367 3010 1425 immolandum
3041 1383 3150 1438 pro
3191 1367 3383 1422 salute
3413 1365 3519 1422 ho-

1864 1473 2117 1512 minum.

1937 1634 2038 1691 Vel
2065 1635 2189 1705 Dei,
2218 1636 2334 1692 hoc
2385 1641 2475 1692 est
2524 1634 2786 1702 divinus,
2835 1638 3078 1708 propter
3129 1649 3302 1690 suam
3333 1633 3518 1692 divini

1865 1728 2068 1780 tatem.

1937 1815 2096 1869 Vers.
2127 1814 2222 1873 29.
2265 1815 2376 1884 Qui
2406 1847 2468 1856 —
2499 1815 2722 1872 mundi.
2758 1819 2959 1886 Agnus
3005 1815 3302 1887 siquidem
3333 1815 3432 1886 qui
3457 1815 3520 1871 in

172 1912 391 1981 θυόμενος
421 1908 680 1981 ἁμαρτίαν
712 1907 822 1969 ἐνὸς
857 1911 1032 1978 γένους
1077 1906 1264 1982 ἀφῄρει
1301 1914 1392 1958 τοῦ
1445 1903 1754 1978 Ἰσραηλιτι-

1878 1917 1992 1973 .ege
2024 1905 2494 1971 sacrificabatur,
2526 1905 2706 1960 unius
2729 1903 3029 1960 Israelitici
3061 1904 3267 1976 populi
3293 1902 3519 1960 aufere-

169 2007 274 2066 κοῦ,
312 2001 374 2059 ὡς
399 2001 563 2059 τύπος
581 2003 672 2048 καὶ
702 2016 1067 2070 προχαραγμα
1095 2002 1184 2048 καὶ
1215 1998 1340 2047 σκιὰ
1365 2003 1454 2054 τῆς
1473 1994 1710 2054 ἀληθείας
1737 2009 1750 2023 ⁸

172 2085 279 2139 ὁδε
308 2087 488 2159 Ἀμνός
512 2094 604 2138 τοῦ
652 2094 786 2138 Θεοῦ
820 2087 1168 2157 σφαγιασθεὶς
1213 2090 1306 2141 τὴν
1352 2084 1611 2157 ἁμαρτίαν
1663 2090 1754 2134 τοῦ

168 2182 355 2248 κόσμου
386 2179 578 2236 παντὸς
626 2173 850 2246 ἀφαιρεῖ,
892 2179 980 2226 καὶ
1010 2175 1242 2247 καθαίρει
1274 2177 1395 2234 τοὺς
1434 2172 1482 2224 ἐν
1525 2180 1596 2243 τῷ
1635 2177 1755 2224 κόσ-

168 2268 345 2338 μῳ,ὠς
382 2263 617 2322 ἀλήθεια.
678 2263 895 2323 Ἐκεῖνος
943 2264 1032 2334 μὲν
1083 2266 1183 2335 γὰρ
1238 2263 1444 2334 ἄλογος,
1492 2263 1641 2324 οὗτος
1697 2258 1756 2314 δὲ

166 2353 359 2424 λογικός
419 2374 431 2386 ·

163 2441 441 2516 Ἀμαρτίας
472 2437 532 2494 δὲ
557 2446 660 2493 νόει
680 2446 751 2514 μὴ
785 2446 938 2513 μόνον
967 2444 1063 2501 τὰς
1111 2440 1356 2513 ψυχικὰς
1406 2437 1651 2506 κηλῖδας,
1687 2441 1754 2492 ὧν

507 2358 597 2404 καὶ
663 2352 721 2404 οὐ
811 2360 965 2404 τοῦτο
1017 2357 1194 2424 μόνον,
1249 2351 1376 2404 ἁλλὰ
1443 2356 1534 2403 καὶ
1600 2354 1752 2413 θεῖος.

165 2531 408 2603 ἐλευθεροί
431 2534 548 2591 τοὺς
577 2533 669 2592 τὰς
695 2529 896 2591 ἐντολὰς
921 2531 1080 2583 αὐτοῦ
1103 2531 1480 2602 φυλάσσοντας,
1511 2529 1639 2582 ἀλλὰ
1666 2535 1756 2582 καὶ

161 2623 254 2682 τὰς
285 2622 588 2692 σωματικὰς
613 2618 928 2694 ἁῤῥωστίας,
960 2620 1028 2670 ὧν
1056 2618 1368 2672 ἀπαλλάττει
1388 2623 1505 2679 τοὺς
1532 2621 1753 2691 κάμνον-

157 2729 262 2770 τας.

228 2799 396 2853 Εἰπὼν
463 2796 522 2851 δὲ
588 2800 669 2850 ὅτι
721 2796 780 2850 Ὀ
847 2801 1004 2873 αἴρων
1071 2803 1158 2858 τὴν
1224 2798 1484 2872 ἁμαρτίαν
1534 2805 1624 2850 τοῦ
1662 2802 1756 2850 κό-

159 2909 314 2962 σμου,
347 2889 496 2941 ἔλυσε
547 2893 641 2946 τὴν
697 2894 1072 2962 προειρημένην
1113 2888 1356 2961 ὑποψίαν.
1414 2889 1472 2940 Ὁ
1527 2891 1629 2962 γὰρ
1662 2891 1754 2949 τὰς

153 2988 255 3033 τῶν
343 2978 506 3030 ἄλλων
573 2975 853 3049 ἀνθρώπων
941 2984 1210 3053 ωμαρτίας
1297 2978 1526 3054 ἀφαιρῶν
1601 2974 1756 3036 εὔδη-

149 3069 238 3122 λον
313 3070 393 3120 ὅτι
480 3067 574 3118 οὐκ
658 3069 771 3136 ἔχει
827 3066 1085 3139 ἁμαρτίας
1167 3067 1260 3139 [μὴ
1344 3069 1454 3139 (54)
1513 3071 1647 3139 ἔχων
1698 3063 1757 3118 δὲ

151 3154 482 3232 ἁμαρτίας,]
523 3152 594 3206 δι’
629 3154 801 3229 ἑτέραν
854 3158 1060 3216 πάντως
1118 3156 1286 3207 αἰτίαν
1345 3153 1494 3214 ἦλθεν
1556 3155 1638 3207 ἐπὶ
1697 3158 1755 3206 τὸ

152 3245 463 3318 βάπτισμα,
531 3244 594 3302 ἣν
661 3243 820 3304 αὐτὸς
885 3245 910 3294 ό
970 3243 1272 3316 βαπτιστὴς
1329 3243 1434 3316 ἐρεῖ
1490 3246 1620 3316 μετὰ
1674 3263 1759 3316 μι-

147 3338 275 3406 κρόν

225 3422 388 3474 Πάλιν
417 3417 477 3473 δε
506 3420 626 3491 (56)
653 3419 792 3492 λέγει
834 3423 913 3486 τὸ,
943 3423 1270 3494 Ἐμπροσθέν
1309 3441 1410 3495 μου
1437 3426 1631 3494 γέγονε,
1677 3423 1764 3472 καὶ

147 3515 238 3575 τό,
275 3515 488 3586 Πρῶτός
530 3528 630 3582 μου
661 3506 744 3577 ἦν,
777 3508 1143 3572 ἀνυποστόλως
1166 3511 1345 3564 ἑαυτὸν
1401 3515 1490 3584 μὲν
1521 3509 1765 3573 ἐξευτελί-

151 3601 258 3660 ζων
289 3603 360 3660 ὡς
395 3596 600 3665 δοῦλον,
659 3597 846 3652 ἐκεῖνον
896 3596 957 3653 δε
1015 3598 1341 3674 ἁσυγκρίτως
1379 3601 1669 3677 ὐπερτιθεὶς
1699 3601 1765 3660 ὡς

153 3693 449 3747 Δεσπότην.

227 3777 390 3850 Κάγὼ
455 3777 549 3829 οὐκ
601 3774 747 3851 ᾔδειν
797 3777 970 3834 αὐτόν.
1029 3777 1140 3831 Ἱνα
1213 3784 1286 3853 μὴ
1339 3785 1626 3853 νομίσωσιν
1683 3787 1764 3838 ὅτι

146 3867 380 3921 ἔκπαλαι
431 3869 696 3940 γνωρίζων
747 3867 901 3920 αὐτόν
960 3877 1180 3920 τοιαῦτα
1231 3876 1348 3945 περὶ
1409 3871 1568 3924 αὐτοῦ
1633 3893 1764 3947 μαρ-

143 3965 317 4032 τυρεῖ,
380 3958 731 4031 χαριζόμενος
808 3960 872 4018 ὡς
945 3966 1200 4030 συγγενεῖ,
1281 3966 1441 4032 φησὶν
1511 3963 1591 4014 ὃτι
1653 3963 1764 4015 Οὔκ

142 4046 438 4119 ἐγίνωσκον
489 4046 639 4098 αὐτόν
690 4050 792 4120 πρὸ
849 4053 940 4098 τοῦ
995 4047 1152 4101 ἐλθεῖν
1202 4047 1284 4101 ἐπὶ
1322 4053 1410 4102 τόν
1469 4049 1760 4128 Ἰορδάνην,

137 4136 236 4189 ἅτε
313 4139 404 4188 τόν
468 4135 675 4189 ἅπαντα
745 4139 937 4210 χρόνον
992 4136 1043 4190 ἐν
1104 4145 1216 4200 ταῖς
1290 4139 1505 4213 ἐρήμοις
1559 4138 1765 4218 διατρί-

138 4223 272 4281 ϐων.

220 4319 332 4368 Καὶ
364 4320 462 4388 μήν
487 4313 709 4388 ἔμϐρυον
739 4315 828 4384 ὧν,
879 4315 1106 4391 ἑμϐρυον
1137 4322 1260 4370 ὄντα
1289 4326 1470 4372 τοῦτον
1513 4319 1764 4393 ἐγνώρισε

133 4407 239 4456 καὶ
284 4402 596 4476 ἐσκίρτησεν
639 4401 688 4455 ἓν
715 4401 1042 4475 ἀγαλλιάσει,
1074 4409 1144 4469 ὡς
1172 4408 1198 4459 ό
1248 4413 1456 4470 Λουκᾶς
1481 4409 1702 4482 ἔγραψεν
1745 4428 1759 4443 ο

137 4491 263 4544 ἀλλ’
327 4493 388 4545 οὑ
444 4495 580 4546 κατὰ
631 4496 809 4567 φύσιν,
859 4497 1132 4572 ὑπερφυῶς
1183 4493 1244 4551 δὲ
1304 4497 1461 4552 αὐτὸν
1515 4497 1764 4573 ἐγνώρισε

222 4645 276 4682 ’⁵
323 4647 465 4701 Luc.
510 4661 548 4712 ι,
579 4645 671 4701 41.

1865 1994 1967 2048 bat
2006 2000 2313 2064 peccatum
2362 2000 2651 2067 tanquam
2690 1994 2906 2064 ﬁgura,
2949 1994 3188 2064 signum
3223 1999 3279 2049 et
3308 1995 3522 2050 umbra

1864 2082 2144 2138 veritatis.
2173 2090 2379 2153 Agnus
2412 2089 2613 2139 autem
2643 2085 2739 2139 Dei
2762 2082 3126 2149 immolatus,
3151 2083 3326 2139 totius
3350 2099 3524 2139 mun-

1864 2172 1922 2226 di
1954 2173 2144 2230 aufert
2164 2180 2499 2246 peccatum,
2523 2180 2580 2230 et
2618 2179 2901 2246 tanquam
2931 2173 3171 2237 veritas,
3203 2189 3304 2228 eos
3329 2173 3520 2246 quiin

1865 2263 2094 2318 mundo
2113 2262 2556 2334 suntpuriﬁcat.
2575 2262 2674 2318 Ille
2687 2262 2985 2334 siquidem
2999 2262 3355 2318 irrationalis
3374 2267 3518 2329 erat,

1863 2350 1956 2405 hic
1997 2367 2129 2407 vero
2165 2353 2472 2408 rationalis
2503 2371 2516 2408 :
2560 2367 2671 2407 nec
2697 2351 2896 2407 solum
2919 2351 3048 2419 hoc,
3092 2367 3303 2407 verum
3336 2352 3520 2408 etiam

1863 2439 2129 2499 divinus.
2170 2442 2420 2498 Peccata
2461 2445 2659 2497 autem
2699 2457 2822 2497 non
2863 2445 3096 2496 tantum
3139 2440 3356 2496 animae
3381 2439 3524 2497 dicit

1865 2531 2205 2596 maculas,a
2230 2531 2452 2604 quibus
2469 2530 2809 2596 liberisunt,
2843 2531 2946 2602 qui
2963 2530 3094 2602 ejus
3117 2535 3358 2586 servant
3376 2546 3524 2602 prae-

1867 2626 2034 2690 cepta
2068 2641 2080 2674 :
2117 2637 2321 2676 verum
2353 2621 2532 2677 etiam
2553 2635 2872 2692 corporeas
2901 2619 3302 2687 inﬁrmitates,
3327 2635 3364 2676 a
3392 2619 3522 2692 qui-

1870 2708 1983 2764 bus
2020 2714 2376 2778 tegrotantes
2434 2709 2666 2765 liberat.

1937 2799 2147 2854 Dicens
2165 2802 2396 2855 autem:
2434 2799 2542 2866 Qui
2563 2797 2721 2854 tollit
2741 2805 3045 2868 peccatum
3073 2799 3302 2865 mundi,
3347 2797 3526 2855 solvit

1866 2887 2212 2958 praedictam
2245 2888 2669 2960 suspicionem.
2716 2888 2856 2943 Nam
2896 2887 2998 2961 qui
3049 2887 3303 2944 aliorum
3335 2887 3526 2944 aufert

1868 2987 2111 3046 peccata
2132 2977 2518 3034 manifestum
2543 2983 2628 3034 est
2658 2977 2823 3050 quod
2855 2979 2981 3050 ipse
3008 2993 3130 3033 non
3151 2977 3370 3034 habeat
3393 2993 3528 3050 pec-

1866 3073 1996 3122 cata
2031 3083 2044 3132 ;
2076 3067 2178 3139 qui
2219 3073 2418 3123 autem
2465 3067 2723 3139 peccatis
2763 3083 2886 3123 non
2934 3073 3023 3123 est
3052 3067 3377 3133 obnoxius,
3406 3067 3526 3124 alia

1867 3156 2112 3210 omnino
2146 3172 2327 3212 causa
2345 3158 2504 3211 venit
2535 3156 2614 3210 ad
2638 3157 3027 3227 baptismum,
3046 3171 3232 3227 quam
3264 3155 3392 3228 ipse
3421 3158 3527 3214 Ba.-

1799 3282 1836 3336 C
1872 3245 2044 3316 ptista
2094 3245 2276 3316 paulo
2315 3251 2450 3317 post
2479 3245 2706 3300 referet.

1946 3425 2204 3479 Rursum
2253 3422 2394 3479 alibi
2449 3422 2609 3487 dicit,
2639 3422 2796 3479 Ante
2823 3437 2916 3479 me
2937 3423 3057 3492 fuit
3086 3443 3097 3488 ;
3130 3427 3204 3494 et,
3238 3422 3414 3478 Prior
3437 3438 3530 3481 me

1873 3517 2021 3576 erat,
2039 3527 2099 3566 se
2122 3512 2314 3584 ipsum
2343 3511 2631 3584 intrepide
2649 3517 2942 3584 tanquam
2962 3527 3197 3567 servum
3219 3510 3524 3582 dejiciens,

1873 3600 2044 3656 illum
2072 3606 2269 3656 autem
2298 3601 2472 3674 quasi
2513 3601 2832 3656 Dominum
2861 3599 3407 3673 incomparabiliter
3432 3617 3526 3658 ex-

1874 3689 2112 3748 tollens.
2774 3683 2778 3686 ’

1948 3779 2115 3834 Vers.
2174 3780 2262 3834 31.
2293 3779 2370 3834 Et
2397 3795 2497 3850 ego
2547 3778 2872 3835 nesciebam
2898 3793 3049 3836 eum.
3096 3780 3179 3835 Ne
3253 3784 3533 3852 putarent

1874 3869 2037 3943 quod
2057 3868 2222 3924 illum
2249 3870 2376 3940 jam
2399 3870 2544 3924 olim
2576 3884 2940 3938 cognoscens
2991 3869 3132 3925 talia
3152 3868 3227 3924 de
3255 3885 3324 3924 eo
3355 3869 3531 3925 ferret

1875 3960 2228 4029 testimonia,
2255 3959 2504 4030 gratiam
2535 3960 2612 4013 illi
2639 3964 2932 4030 praestans
2952 3964 3241 4031 tanquam
3271 3963 3529 4028 cognato

1876 4051 1961 4106 ait
1996 4072 2007 4104 :
2033 4053 2154 4120 Ego
2179 4049 2538 4120 ignorabam
2559 4063 2698 4103 eum
2723 4049 3076 4121 priusquam
3108 4048 3185 4104 ad
3210 4049 3532 4104 Jordanem

1874 4142 2119 4208 veniret,
2144 4143 2349 4212 utpote
2380 4154 2616 4212 semper
2637 4139 2697 4193 in
2729 4138 2960 4195 deserto
2986 4142 3280 4195 versatus.

1870 4317 2122 4391 LAtqui
2161 4333 2297 4373 cum
2351 4317 2546 4372 adhuc
2572 4317 2632 4371 in
2665 4317 2870 4373 matris
2907 4319 3059 4372 esset
3101 4318 3287 4378 utero,
3315 4328 3537 4384 cogno-

1874 4408 1952 4464 vit
1975 4423 2130 4472 eum,
2159 4412 2213 4462 et
2250 4422 2371 4478 prie
2399 4407 2621 4476 gaudio
2671 4405 2976 4472 exultavit,
3017 4403 3533 4477 quemadmodum

1875 4497 2108 4570 scripsit
2145 4499 2331 4553 Lucas
2378 4497 2447 4552 ’⁸.
2510 4498 2723 4552 Verum
2761 4495 2824 4552 id
2861 4509 2987 4552 non
3046 4493 3158 4551 fuit
3186 4491 3536 4550 naturaliter

1380 4748 1603 4817 Variae
1651 4747 1977 4817 lectiones
2019 4757 2084 4815 et
2122 4756 2326 4815 notae.

217 4885 349 4956 (50)
379 4891 488 4940 Νῦν
518 4886 688 4942 abest
713 4891 779 4942 A.

213 4958 351 5100 (51)
380 4956 582 5013 Codex
610 4965 854 5031 uterque
883 4959 943 5014 in
972 4959 1263 5030 margine:
1287 4961 1370 5013 Ἐν
1392 4971 1508 5025 ταῖς
1535 4965 1763 5024 θυσίοὶις.

213 5029 324 5100 (52
385 5030 484 5085 Hic
538 5045 748 5084 rursus
797 5037 1045 5100 uterque
1101 5034 1159 5087 in
1215 5036 1484 5100 margine
1533 5035 1762 5091 habet:

214 5029 350 5103 (52)
385 5030 502 5103 Hic
538 5029 1045 5103 rursus—uterque
1101 5029 1159 5087 in
1215 5036 1484 5103 margine
1533 5035 1717 5091 habet
1749 5050 1762 5089 :

119 5097 337 5176 Οὗτος
360 5103 450 5176 τᾲς
480 5100 740 5176 ἁμαρτίας
767 5103 919 5176 αἱργει,
946 5097 1208 5176 Respicit
1234 5097 1502 5172 Isafmu,
1534 5111 1588 5162 ’7.

209 5171 350 5243 (53)
372 5171 599 5228 Versus
621 5188 763 5242 ergo
792 5171 1122 5230 tricesimus
1138 5175 1308 5232 abest
1329 5177 1509 5232 etiam
1540 5194 1574 5234 a
1606 5177 1772 5233 codi-

113 5259 205 5321 βε
235 5244 544 5321 ﬂentenii,
574 5245 653 5299 uti
685 5244 764 5301 ab
791 5251 1036 5317 utroque
1068 5248 1439 5321 _Mosque_nsi,
1469 5248 1584 5321 nisi
1605 5249 1771 5321 quod

112 5317 199 5372 in
225 5329 365 5369 uno
378 5315 596 5371 horum
613 5332 649 5372 a
668 5333 853 5374 manu
865 5315 1172 5374 recentiori
1189 5315 1516 5376 additusest
1531 5320 1588 5375 in
1616 5315 1772 5376 inar-

111 5386 320 5462 gipe.
364 5387 476 5462 §ed
501 5386 711 5445 ultima
738 5405 878 5460 pars
905 5389 1084 5462 hujus
1111 5390 1340 5456 scholii,
1372 5407 1407 5448 a
1439 5391 1768 5456 vocabulis,

103 5454 312 5535 τῖ-αξλιν
349 5454 410 5535 δε
447 5458 586 5535 λέγει
631 5463 689 5535 τὸ
727 5454 778 5513 δί.
811 5479 878 5535 ίτ.
940 5454 1004 5535 )ί.’
1045 5462 1184 5518 satis
1231 5454 1508 5535 declarat,
1553 5454 1769 5535 Euthyf

111 5531 356 5588 mium
390 5530 519 5606 hcce
549 5531 785 5606 legisse.
808 5531 1018 5606 Nescio
1048 5533 1384 5606 ergo_,quod
1416 5550 1558 5589 casu
1585 5534 1645 5590 in
1677 5530 1772 5589 tri-

103 5608 256 5660 bus
296 5601 809 5675 eoAdicibus’desit.
845 5601 1158 5675 Quomodo
1182 5601 1277 5660 hic
1308 5622 1514 5660 versus
1541 5606 1773 5675 legatur

101 5672 324 5748 apud
359 5673 907 5748 Origenem,notavi
930 5673 1056 5748 jam
1081 5676 1303 5748 ingmea
1333 5672 1771 5743 N.Test,editio—

101 5744 238 5803 n'e.
279 5744 549 5818 Junctim
581 5762 818 5818 versum
852 5744 1004 5803 30'et
1030 5747 1120 5813 31,
1149 5746 1352 5804 laudat
1399 5747 1557 5818 Orig.
1607 5754 1645 5805 t.
1675 5749 1766 5815 IV,

101 5838 181 5892 ρ,
244 5817 354 5869 24.
392 5816 796 5887 Chrysostomi
826 5818 1133 5892 varietates
1185 5820 1363 5876 etiam
1395 5818 1441 5892 1.7
1480 5816 1526 5875 If
1547 5822 1768 5877 notavi.

97 5890 255 5948 Per
293 5901 568 5944 errorem
599 5895 799 5946 autem
831 5890 1332 5964 Chrysost.t.VlII,
1355 5891 1772 5965 p.75,B.verba

1797 4893 1840 4945 D
1880 4894 2045 4964 όπίσω
2071 4910 2171 4964 μου
2201 4891 2415 4964 ἔρχεται
2458 4886 2607 4964 ἀνὴρ,
2662 4875 2941 4964 Μᾶαὶιωρ
2978 4885 3366 4964 tr_i_buit,_gua3
3403 4887 3534 4964 nul-

1879 4962 1979 5017 llbl
2009 4958 2171 5035 apud
2202 4958 2869 5035 lita'tthmum'leguntur.
2906 4958 3167 5035 Cyrillus
3188 4958 3532 5015 Alexandri-

1878 5050 1993 5089 nus
2025 5030 2094 5089 e'o
2143 5033 2377 5096 inloco,
2437 5031 2539 5087 ubi
2596 5031 2758 5087 hunc
2807 5046 3045 5086 versum
3095 5030 3527 5102 interpretatur,

1879 5105 2025 5160 nihil
2060 5109 2253 5160 mutat
2286 5109 2492 5176 praeter
2512 5104 2645 5166 hoc,
2673 5102 2987 5176 quodg‘gyrb,
3019 5108 3155 5176 post
3180 5101 3261 5176 οὗ,
3293 5102 3531 5176 omittit.

1877 5177 2042 5232 Idem
2073 5177 2232 5231 hunc
2263 5173 2503 5231 versum
2534 5173 2758 5244 repetit,
2783 5173 2905 5240 t.V,
2936 5180 3088 5244 part.
3121 5174 3174 5238 2,
3201 5173 3285 5245 “in
3311 5173 3534 5245 episto-

1877 5248 2051 5326 lisp.
2087 5249 2207 5320 186,
2266 5253 2321 5326 et
2358 5247 2431 5302 de
2470 5243 2632 5326 recta
2679 5245 2816 5326 fide,
2875 5243 3090 5326 ρί113Δ
3119 5243 3323 5326 Datim
3353 5243 3534 5326 etiam

1877 5314 2020 5375 data
2049 5314 2234 5391 opera
2270 5314 2925 5391 Evangelium_Joannis
2950 5321 3179 5371 tractat.
3205 5314 3306 5370 Hic
3334 5319 3534 5372 servat

1879 5391 2025 5446 illud
2055 5387 2178 5462 ἐγω.
2197 5391 2475 5445 Consistit
2505 5404 2645 5456 ergo
2662 5387 2759 5462 hic
2785 5403 3010 5453 versus,
3035 5403 3171 5442 cum
3187 5393 3534 5462 caeterorum

1879 5462 2056 5518 codd.
2086 5458 2428 5517 Graecorum
2460 5458 2828 5524 auctoritate,
2873 5462 3002 5514 tum
3033 5474 3173 5514 vero
3199 5460 3377 5514 etiam
3410 5474 3536 5514 ver-

1879 5533 2121 5588 sionum
2181 5539 2237 5587 et
2272 5532 2507 5587 Patrum
2543 5545 2854 5587 consensu.

1977 5606 2063 5660 54)
2097 5603 2335 5658 Inclusa
2376 5603 2598 5658 absunt
2626 5607 2691 5656 A.

1975 5672 2063 5748 55)
2106 5677 2253 5728 Μετὰ
2299 5679 2478 5748 μικρόν
2511 5693 2564 5748 τε
2593 5673 2746 5748 πάλιν
2807 5672 2941 5748 λέγει

1975 5742 2063 5816 56)
2091 5742 2412 5802 Hentenius
2445 5747 2502 5801 h.
2535 5742 2917 5809 l.inculcavi't,
2948 5744 3113 5801 alibi.
3157 5743 3269 5816 Sed
3299 5742 3531 5816 ἀλλαχοῦ

1878 5815 2085 5876 neuter
2126 5834 2395 5876 nieorum
2425 5818 2626 5874 habet.
2659 5817 2826 5874 Forte
2866 5823 3061 5874 autem
3089 5815 3348 5873 volebat.

1949 5605 1969 5818 ἓ

2045 5606 2063 5818 ξ
