4170 6494
662 453 804 509 1135
2011 444 2358 502 EUTHYMII
2395 444 2724 502 ZIGABENI
3879 452 3981 506 1136

658 576 765 634 sed
776 574 1308 650 supernaturaliter
1320 576 1457 630 tunc
1467 588 1606 631 eum
1621 573 1921 645 cognovit,
1936 577 1993 628 et
2003 587 2127 646 quo
2140 570 2305 628 modc

2353 573 2400 627 A
2433 590 2568 635 τοτε,
2608 577 2699 624 καὶ
2755 573 2826 634 ὡς
2889 567 3065 632 οὐδεὶς
3133 579 3234 623 τῶν
3308 573 3513 624 πάντων
3580 570 3859 645 ἀνθρώπων.
3906 583 3978 629 Νῦν

657 666 860 723 nullus
879 664 1126 721 omnino
1143 663 1459 721 hominum
1482 663 1781 734 cognovit.
1814 666 1979 720 Nunc
2000 667 2203 718 autem
2225 659 2297 717 tri

2437 657 2518 725 δὲ,
2558 670 2714 736 τριῶν
2764 662 2934 714 οὐσῶν
2963 667 3223 734 γνώσεων,
3264 668 3354 722 τῆς
3388 657 3463 714 δι’
3492 660 3673 732 ὄψεως,
3723 664 3980 727 καὶτῆςδί

655 755 796 829 plici
820 753 1161 826 cognitione
1185 752 1472 824 cognovit
1498 769 1511 809 :
1541 757 1687 826 puta
1716 769 1822 826 per
1853 752 2065 818 visum,
2088 765 2195 823 per
2219 766 2302 806 aut

2434 748 2614 817 ἀκοῆς,
2666 755 2756 803 καὶ
2809 760 2902 813 τῆς
2974 758 3326 824 προγητικῆς,
3395 750 3511 803 κατ’
3572 747 3813 823 οὐδεμίαν
3854 754 3978 806 αᾶτων

655 843 870 910 ditum,
890 859 1116 917 perque
1134 841 1550 916 propheticum
1568 843 1858 907 notitiam,
1880 857 2138 914 quarum
2159 838 2302 894 nulla

2432 837 2679 910 ἕγίνωσκε
2706 843 2792 893 τὸν
2844 844 3092 915 Χριστὸν,
3127 845 3228 916 πρὸ
3275 848 3368 892 τοῦ
3426 840 3585 893 ἐλθεῖν
3634 839 3717 894 ἐπὶ
3760 846 3837 894 τὸν
3887 845 3976 918 Ἰορ-

654 932 958 990 Christum
972 930 1400 1004 cognoscebat,
1418 932 1772 1005 priusquam
1793 930 1867 986 ad
1886 930 2213 987 Jordanem
2228 943 2300 984 ve

2432 924 2614 988 δάνην·
2675 936 2789 982 τοτε
2853 926 2913 983 δε
2964 929 3144 982 λοιπὸν
3200 933 3291 983 καὶ
3336 931 3473 982 κατὰ
3559 932 3654 991 τὰς
3724 938 3845 1006 τρεῖς
3887 936 3973 1005 ἔγνω

653 1023 829 1092 niret,
846 1021 1064 1078 deinde
1076 1025 1275 1079 autem
1292 1020 1504 1093 triplici
1526 1020 1641 1076 hoc
1664 1021 1847 1077 modo
1865 1021 2297 1091 cognoviteum

2429 1018 2604 1071 αὐτόν.
2659 1024 2759 1072 Καὶ
2807 1022 2909 1092 γὰρ
2971 1017 3306 1092 ἀπεκαλύφθη
3383 1038 3437 1071 τε
3516 1018 3661 1090 αὐτῷ
3711 1033 3973 1094 προφητικῶς

652 1111 963 1185 Siquidem
996 1108 1346 1184 prophetica
1372 1110 1425 1165 ei
1454 1108 1716 1167 revelata
1744 1114 1884 1166 sunt
1910 1125 2048 1182 quin
2079 1107 2155 1164 de
2187 1107 2299 1179 ipse

2428 1109 2494 1160 τὰ
2546 1112 2663 1182 περὶ
2716 1108 2876 1161 αὑτοῦ
2929 1123 2943 1138 ⁸
3001 1105 3089 1161 διὸ
3163 1113 3253 1161 καὶ
3336 1108 3522 1180 ("Ar/ev,
3582 1108 3645 1161 Ὀ
3697 1108 3849 1161 ὀπίσω
3908 1131 3969 1176 μου

651 1204 823 1259 erant
849 1218 862 1255 :
887 1200 1021 1256 ideo
1042 1205 1102 1256 et
1123 1199 1278 1256 dixit
1301 1215 1315 1253 :
1348 1199 1465 1267 Qui
1483 1204 1615 1269 post
1640 1213 1732 1256 me
1753 1202 2033 1255 venturus
2057 1203 2163 1264 est,
2186 1203 2298 1253 autc

2428 1195 2728 1269 ἐρχόμενος,
2791 1199 3082 1271 ἔμπροσθέν
3140 1217 3241 1270 μου
3321 1202 3517 1270 γέγονε.
3592 1203 3697 1251 Καὶ
3744 1196 3861 1252 εἶδεν
3916 1202 3970 1251 τὶ·

651 1306 745 1348 me
763 1290 906 1360 fuit.
938 1289 1096 1345 Vidit
1123 1303 1367 1360 quoque
1401 1303 1539 1344 eum
1581 1303 1597 1354 ;
1629 1287 1797 1344 illum
1828 1302 2090 1360 namque
2120 1285 2293 1359 probi

2426 1291 2510 1338 τόν
2562 1304 2574 1316 ·
2619 1282 2706 1339 διὸ
2751 1292 2842 1340 καὶ
2895 1288 3011 1359 (57)
3070 1283 3345 1340 διεκώλυεν
3409 1287 3561 1339 αὑτὸν
3608 1286 3766 1359 λέγων
3825 1304 3835 1315 ·
3883 1290 3965 1359 Ἐγὼ

651 1378 831 1436 bebat
857 1377 1067 1435 dicens
1096 1399 1107 1431 :
1143 1378 1265 1449 Ego
1295 1392 1333 1434 a
1362 1383 1418 1433 te
1437 1377 1614 1434 debeo
1637 1377 1944 1449 baptizari,
1988 1381 2043 1434 et
2064 1383 2130 1433 ut
2154 1375 2298 1432 veni:

2423 1380 2614 1450 χρείαν
2668 1378 2777 1448 ἔχω
2854 1378 2955 1429 ὑπὸ
3040 1385 3135 1430 σου
3226 1375 3607 1450 βαπτισθῆναι·
3680 1383 3765 1429 καὶ
3835 1382 3963 1436 item

650 1470 730 1525 ad
749 1484 839 1526 me
859 1471 905 1505 ’⁵
923 1466 949 1521 ?
965 1468 1204 1524 Audivit
1220 1473 1505 1539 praeterea
1526 1482 1738 1523 vocem
1759 1468 1832 1523 de
1860 1466 1960 1524 illo
1977 1466 2275 1523 dicentem

2425 1470 2543 1537 περὶ
2600 1464 2782 1530 αὐτοῦ,
2843 1465 3019 1528 Οὗτός
3066 1463 3208 1518 ἑστιν
3260 1469 3287 1518 6
3345 1468 3464 1528 Υἱὸς
3506 1485 3608 1539 μου
3663 1468 3689 1518 6
3744 1465 3964 1538 ἀγαπητὸς,

650 1558 771 1615 Hic
795 1564 881 1616 est
910 1558 1104 1615 Filius
1135 1572 1285 1614 meus
1313 1554 1561 1613 dilectus
1591 1557 1654 1613 in
1680 1572 1795 1628 quo
1826 1557 1976 1613 mihi
2004 1553 2297 1627 comptaci

2427 1555 2477 1605 ἂν
2762 1550 3050 1624 εὐδόκησα,
3111 1558 3180 1617 ὡς
3217 1557 3266 1607 οὶ
3309 1554 3455 1607 ἄλλοι
3524 1555 3871 1627 εὐαγγελισταὶ
3898 1554 3967 1609 ἑδε-

651 1655 774 1705 tum
804 1653 909 1715 est,
938 1647 1088 1704 sicut
1113 1644 1215 1703 alii
1243 1646 1620 1717 evangelista:
1652 1645 1988 1703 docuerunt
2027 1647 2096 1700 ’⁷.
2428 1638 2615 1706 ausae.

721 1739 886 1795 Vers.
942 1741 1033 1795 3t.
1091 1737 1212 1794 Sed
1257 1767 1326 1777 —
1372 1735 1688 1806 baptizans.
1746 1739 1891 1793 Ecce
1947 1735 2095 1792 dixit
2131 1735 2314 1792 etiam

2499 1731 2641 1787 Ἀλλ’
2673 1764 2736 1775 -
2770 1731 3065 1807 βαπτίζων.
3110 1729 3252 1788 Ἰδοὺ
3311 1732 3419 1787 εἶπε
3462 1739 3551 1787 καὶ
3616 1740 3711 1793 τὴν
3742 1736 3877 1788 αἰτίαν
3917 1732 3961 1786 δι’

651 1844 922 1896 causam,
954 1826 1036 1885 ob
1078 1842 1268 1901 quam
1313 1825 1474 1883 venit
1523 1832 1582 1883 et
1636 1826 1760 1899 ipse
1792 1833 1854 1882 ut
1883 1824 2228 1899 baptizaret,
2258 1834 2298 1881 el

2309 1841 2315 1880 ι
2427 1825 2489 1880 ἣν
2521 1822 2677 1885 αὐτὸς
2707 1841 2761 1875 τε
2797 1819 2918 1881 ἦλθε
2959 1821 3259 1895 βαπτίζειν,
3301 1828 3391 1876 καὶ
3422 1824 3448 1875 6
3471 1827 3708 1898 Χριστὸς
3741 1830 3956 1899 reipqu

651 1918 922 1975 Christus
954 1921 1016 1975 ut
1072 1916 1493 1989 baptizaretur.
1552 1917 1680 1972 Una
1731 1914 2031 1988 siquidem
2073 1913 2298 1971 eadem

2299 1944 2314 1954 .
2352 1938 2396 1993 Β
2429 1908 2815 1985 βαπτισθῆναι.
2850 1918 2961 1966 Μία
3011 1916 3111 1987 γὰρ
3142 1918 3231 1965 καὶ
3284 1915 3314 1971 η
3364 1912 3494 1971 αὖτή
3723 1919 3804 1967 καὶ
3836 1917 3946 1965 πέτου

649 2023 765 2080 que
794 2006 902 2063 fuit
925 2010 982 2063 et
1008 2005 1187 2077 hujus
1215 2020 1399 2061 causa
1422 2010 1480 2061 et
1504 2003 1679 2072 illius,
1706 2003 1996 2070 videlicet,
2028 2008 2092 2060 ut
2124 2002 2296 2059 mania

2297 2032 2314 2043 -
2428 1999 2690 2065 κάκείνου,
2724 2003 2806 2053 ὃτι
2830 2003 2911 2061 ἵνα
2942 2004 3208 2078 φανερωθῇ
3232 2009 3341 2064 τοῖς
3364 2001 3738 2076 Ἰσραηλίταις.
3768 2003 3944 2073 Ἐτέειγίιη

648 2096 964 2153 testaretur
1013 2094 1280 2151 Christus
1336 2092 1631 2150 Israelitis.
1672 2095 1823 2149 Nam
1869 2109 1905 2149 a
1933 2091 2052 2149 Deo
2089 2093 2295 2148 missu:

2309 2127 2312 2142 .
2430 2094 2530 2165 γὰρ
2563 2091 2588 2142 6
2616 2090 2856 2153 ἰωαννης
2888 2092 2987 2144 ὑπὸ
3024 2096 3152 2146 Θεοῦ
3180 2095 3307 2166 πρὸς
3340 2095 3427 2144 τὸν
3455 2088 3728 2167 Ἰορδάνην
3753 2095 3956 2167 κηρύσσω

650 2184 848 2242 fuerat
877 2185 1135 2240 Joannes
1166 2182 1240 2239 ad
1288 2183 1636 2248 Iordanem,
1688 2186 1753 2238 ut
1776 2181 2079 2255 baptisma
2134 2181 2297 2253 poeni

2315 2212 2321 2221 ι
2433 2177 2719 2253 βάπτισμα
2748 2185 3038 2253 μετανοίας.
3082 2185 3165 2233 ῖνα
3231 2177 3323 2234 διὰ
3361 2184 3420 2234 τὸ
3478 2180 3759 2254 βάπτισμα
3798 2176 3962 2251 συνδρά-

653 2274 853 2330 1θιιϋω
892 2273 1264 2347 praedicaret,
1320 2288 1444 2346 quo
1498 2276 1742 2345 propter
1797 2270 2100 2344 baptisma
2154 2270 2300 2327 mult

2317 2290 2322 2326 ι
2431 2288 2574 2340 μωσι
2634 2269 2831 2335 πολλοὶ,
2886 2275 2976 2322 καὶ
3035 2269 3249 2331 interﬁt;
3304 2272 3331 2323 6
3368 2275 3602 2346 Χριστὸς
3647 2274 3708 2333 ὡς
3729 2269 3964 2343 βαπτισθε-

654 2368 1094 2429 concurrerent,
1155 2367 1214 2419 et
1240 2366 1447 2419 astans
1482 2362 1749 2419 Christus
1780 2361 1840 2416 in
1882 2360 2083 2416 medio
2115 2360 2301 2417 multo

2319 2390 2324 2400 ι
2433 2364 2667 2429 σὸμενος,
2727 2363 2885 2431 μέσον
2917 2358 3113 2412 πολλῶν
3163 2362 3497 2435 μαρτυρηθῇ,
3521 2362 3738 2414 κατώθεν
3858 2361 3966 2429 παρὰ

651 2468 809 2518 rum,
844 2457 1049 2526 utpote
1074 2450 1494 2524 baptizandus,
1542 2449 1952 2507 testimonium
2007 2449 2298 2523 acciperet

2432 2447 2688 2513 Ἰωάννου,
2747 2450 2939 2502 ἄνωθεν
3003 2445 3063 2502 δι
3135 2452 3280 2523 παρὰ
3362 2458 3454 2503 τοῦ
3533 2453 3717 2523 Πατρός
3782 2454 3964 2499 καὶτοῦ

652 2543 882 2600 inferne
908 2541 1159 2616 quidem
1190 2556 1226 2598 a
1252 2540 1506 2607 Joanne,
1541 2555 1799 2612 superne
1828 2555 1971 2596 vero
2003 2555 2040 2596 a
2070 2542 2234 2596 Patre
2263 2554 2295 2595 e

2316 2544 2325 2596 ι
2432 2536 2585 2607 αγίου
2676 2540 2996 2610 Πνεύματος,
3089 2543 3179 2591 καὶ
3286 2537 3511 2592 imae"
3608 2539 3963 2607 ἐπισπασεζαενος

655 2632 877 2704 Spiritu
907 2635 1110 2688 sancto
1140 2646 1154 2697 ;
1183 2634 1363 2702 atque
1390 2629 1532 2685 hinc
1556 2628 1725 2702 ipsos
1755 2627 2077 2693 attrahens,
2106 2634 2302 2701 mystea

2300 2658 2325 2670 -
2432 2626 2638 2692 αὐτοὺς,
2726 2627 2948 2702 ἄρξηται
3016 2636 3382 2702 μυσταγωγεῖν
3443 2634 3525 2681 καί
3584 2630 3947 2698 θαυματουργιῖν.

654 2720 744 2777 ria
769 2720 1006 2790 docere,
1053 2735 1123 2775 ac
1157 2717 1455 2775 mirabilia
1482 2718 1718 2789 operari
1759 2717 2046 2789 inciperet
2078 2733 2093 2783 ;
2125 2733 2301 2789 nequ:

2316 2737 2321 2771 ι
2433 2712 2572 2769 Οὗδὶ
2637 2718 2738 2792 γὰρ
2807 2716 2867 2768 ἂν
2924 2718 3059 2769 οὕτω
3101 2714 3425 2794 συνέδραμον
3469 2719 3674 2783 ἐπαντες,
3744 2711 3847 2767 οὐδ’
3910 2712 3963 2764 δυ

654 2808 817 2865 enim
847 2809 928 2864 ita
949 2806 1394 2865 concurrissent
1421 2821 1651 2875 omnes,
1701 2821 1898 2879 neque
1930 2805 2015 2862 ita
2053 2805 2298 2863 testimo

2431 2808 2667 2864 ἤκουσαν
2698 2815 2789 2867 τῆς
2814 2809 3057 2869 τοιαύτης
3088 2808 3221 2861 οὕτω
3267 2813 3564 2884 μαρτυρίας,
3593 2806 3635 2859 εἱ
3657 2810 3722 2878 μὴ
3747 2810 3888 2857 τοῦτο
3905 2806 3971 2872 γέ-

654 2898 826 2956 nium
849 2897 1238 2963 audivissent,
1292 2896 1406 2952 nisi
1461 2896 1576 2952 hoc
1607 2895 1830 2953 factum
1879 2894 2107 2952 fuisset.
2432 2914 2571 2967 γονε.

730 2987 891 3044 Vers.
946 2987 1034 3042 32.
1070 2987 1145 3042 Et
1186 3015 1257 3028 —
1289 2987 1448 3041 Vers.
1480 2985 1568 3041 33.
1597 2992 1825 3042 sancto.
1860 2986 2123 3042 Rursum
2170 2985 2253 3043 ait
2304 3001 2318 3043 :

2508 2989 2607 3038 Καὶ
2663 3016 2732 3028 —
2787 2985 2938 3059 ἁγίῳ.
3002 2987 3160 3041 Πάλιν
3221 2991 3299 3057 τὸ,
3352 2988 3465 3042 Οὐκ
3517 2985 3661 3062 ᾔδειν
3708 2986 3866 3051 αὐτὸν,
3913 2984 3965 3033 ἶνα

665 3075 1009 3135 Nesciebam
1034 3091 1188 3144 eum,
1220 3078 1286 3131 ut
1301 3074 1610 3148 proprium
1629 3073 2037 3132 testimonium
2053 3074 2131 3131 ab
2155 3075 2312 3132 omni

2305 3074 2323 3132 ί
2434 3070 2726 3128 ἀνύποπτον
2806 3079 2973 3134 πάντη
3051 3081 3146 3136 τὴν
3225 3077 3421 3131 οἰκείαν
3500 3081 3784 3152 μαρτυρίαν

654 3166 996 3241 suspicione
1038 3169 1391 3223 removeret.

968 3181 996 3223 ο
1038 3169 1391 3223 removeret.
2374 3237 2401 3241 _
2436 3180 2615 3220 σηται.

658 3237 878 3314 Verum
908 3256 1156 3330 quando
1186 3254 1333 3313 dixit
1352 3255 1404 3312 ei
1458 3257 1611 3312 Deus
1640 3278 1653 3310 :
1686 3255 1882 3325 Super
1911 3271 2076 3328 quem
2108 3254 2305 3313 videri:

2363 3237 2405 3292 Ο
2505 3250 2661 3304 Ἀλλὰ
2689 3258 2811 3307 ποτε
2836 3252 2970 3307 εἶπεν
3024 3255 3164 3327 αὐτῷ
3194 3258 3220 3309 6
3260 3258 3409 3327 Θεὸς,
3476 3257 3584 3329 Ἐφ’
3640 3256 3695 3309 ὃν
3734 3254 3790 3308 ἂν
3815 3249 3968 3326 ῖδηςτδ

654 3347 954 3417 Spiritum
977 3346 1445 3411 descendentem,
1463 3349 1521 3402 et
1539 3349 1753 3402 caetera
1769 3344 1797 3400 ?
1820 3346 2075 3411 Quando
2096 3362 2223 3418 quae
2253 3346 2301 3400 de

2432 3346 2641 3413 Πνεῦμα
2666 3342 2999 3409 καταϐαῖνον,
3030 3350 3119 3397 καὶ
3149 3349 3214 3398 τὰ
3243 3345 3358 3408 ἑξῆς
3416 3362 3429 3413 ;
3458 3345 3584 3399 Ὅτε
3631 3346 3742 3419 (60)
3774 3341 3971 3405 δηὶοπτιι

657 3434 887 3493 Christo
917 3439 1087 3491 erant
1118 3434 1229 3505 ipsi
1262 3433 1563 3499 revelavit,
1606 3433 1704 3489 illo
1732 3433 2005 3489 nondum
2042 3433 2304 3490 manifest

2430 3435 2590 3504 μήπω
2622 3437 2885 3504 φανέντος,
2927 3437 2992 3487 τὰ
3020 3440 3140 3510 περὶ
3169 3435 3329 3488 αὐτοῦ
3377 3434 3712 3508 ἀπεκάλυψεν
3736 3435 3976 3505 αὐτῷ.Τὸτε

656 3530 827 3582 tato:
870 3530 1009 3580 tunc
1042 3522 1341 3597 siquidem
1372 3529 1427 3580 et
1472 3523 1602 3580 haec
1630 3529 1684 3580 et
1726 3522 1843 3579 alia
1890 3522 2056 3579 dixit.
2114 3525 2303 3580 Postea

2429 3524 2522 3593 μεν
2550 3523 2650 3593 γὰρ
2682 3525 2745 3575 τά
2771 3542 2825 3576 τε
2856 3523 2986 3577 ἄλλα
3042 3529 3131 3578 καὶ
3159 3532 3313 3578 τοῦτο
3361 3521 3497 3578 εἶπεν
3544 3542 3559 3556 ⁸
3598 3527 3807 3600 ὕστερον
3855 3520 3903 3576 δε
3922 3524 3978 3570 καὶ

656 3630 800 3672 vero
826 3615 1024 3687 ipsum
1073 3628 1316 3686 quoque
1364 3612 1794 3669 demonstravit
1837 3613 1915 3668 ad
1945 3612 2303 3685 baptismum

2431 3605 2695 3673 ὑπέδειξεν
2774 3612 2931 3665 αὑτὸν
2999 3618 3408 3689 παραγενόμενον
3492 3617 3583 3668 ἐπὶ
3682 3618 3741 3668 τὸ
3813 3612 3982 3688 βαπτισ-

658 3702 1060 3759 accedentem.

959 3718 1060 3758 ιω.
2434 3699 2606 3756 θῆναι.

732 3792 997 3846 Ριιιιεειιε
1025 3791 1225 3863 itaque
1280 3790 1649 3860 evangelista
1691 3804 1781 3855 ea,
1826 3794 1889 3846 ut
1935 3790 2165 3847 dictum
2210 3796 2317 3857 est,

2498 3784 2549 3849 ’0
2569 3794 2659 3864 μεν
2710 3788 2797 3845 οὖν
2821 3796 2997 3867 παρὼν
3042 3792 3433 3866 εὐαγγελιστης,
3490 3796 3565 3856 ὡς
3628 3793 3986 3869 εῖρηται,πιιρέ-

658 3881 1057 3955 praetermisit.
1091 3897 1228 3953 quae
1269 3880 1426 3937 circa
1464 3879 1697 3936 Domini
1731 3880 2037 3952 baptisma
2067 3881 2145 3938 ab
2184 3882 2305 3938 aliis

2431 3879 2599 3957 δραμε
2629 3885 2694 3935 τὰ
2720 3885 2850 3934 κατά
2897 3887 2952 3934 το
2997 3881 3280 3955 βάπτισμα
3307 3890 3399 3935 τοῦ
3425 3890 3694 3958 Σωτῆρος,
3723 3887 3790 3946 ὡς
3818 3890 3907 3941 τοίς
3927 3878 3990 3931 αἱ·

659 3968 1038 4040 evangelistis
1068 3970 1408 4041 conscripta
1443 3974 1601 4025 sunt.
1660 3970 1968 4027 Mattheus
2024 3986 2164 4028 vero
2196 3972 2306 4028 haec

2428 3971 2537 4035 λοις
2567 3973 3014 4047 προίστορηοέντα
3048 3989 3059 4002 '
3102 3974 3128 4024 6
3176 3970 3236 4025 δὲ
3268 3974 3531 4033 Ματθαῶς
3592 3974 3897 4048 πλατύτερον
3926 3977 3990 4021 τῶν

659 4061 885 4117 caeteris
902 4061 1077 4117 latius
1096 4060 1390 4116 enarravit
1419 4075 1432 4115 :
1466 4058 1595 4131 lege
1616 4074 1760 4130 ergo
1787 4059 1886 4117 illa
1904 4061 1979 4118 ad
2016 4061 2306 4134 perfectio

2429 4062 2592 4114 ἄλλων
2622 4060 2932 4132 ἀπήγγειλεν
2986 4061 3121 4114 αὖτοί
3153 4080 3166 4093 ·
3198 4066 3290 4114 καὶ
3341 4060 3606 4134 ἀνάγνωθι
3651 4064 3863 4116 κάκεῖνα
3904 4063 3995 4131 πρὸς

655 4166 782 4207 rem
820 4148 1167 4207 habendam
1218 4149 1641 4220 cognitionem.

1474 4164 1641 4206 luem.
2429 4150 2779 4225 ἐντελεστέραν
2812 4146 3121 4221 διάγνωσιν.

729 4238 890 4296 Vers.
922 4240 1009 4297 34.
1042 4241 1107 4295 Et
1134 4254 1239 4311 ego
1285 4238 1426 4296 vidi.
1462 4238 1744 4311 Spiritum
1777 4239 2054 4297 videlicet
2078 4242 2318 4299 descen-

2500 4238 2654 4311 Κάγὼ
2685 4238 2907 4313 ἑώρακα.
2935 4244 3005 4292 Τό
3036 4247 3261 4313 Πνεῦμα,
3323 4236 3535 4300 δηλαδὴ
3599 4241 3915 4295 καταϐαῖνον
3940 4241 3998 4289 καὶ

657 4329 914 4397 dentem,
945 4333 997 4385 et
1022 4332 1364 4386 manentem
1413 4343 1594 4401 super
1621 4344 1782 4385 eum.

1249 4332 1364 4385 tem
1413 4343 1594 4401 super
1621 4344 1782 4385 eum.
2427 4334 2578 4403 μένον
2610 4328 2688 4381 ἐπ’
2722 4328 2896 4383 αὐτόν.

730 4421 889 4475 Vers.
924 4418 1010 4476 34.
1048 4420 1123 4474 Et
1149 4449 1217 4459 —
1264 4417 1388 4475 Dei.
1444 4420 1509 4474 Et
1546 4416 1646 4473 ubi
1690 4418 1799 4474 hoc
1829 4418 2123 4489 perhibuit
2154 4421 2316 4476 testi-

2501 4423 2599 4472 Καὶ
2624 4449 2687 4460 -
2726 4426 2879 4471 Θεοῦ.
2914 4418 3017 4473 Καὶ
3048 4427 3147 4471 ποῦ
3202 4427 3356 4472 τοῦτο
3404 4425 3816 4498 μεμαρτύρηκεν
3844 4440 3857 4488 ;
3887 4415 4000 4473 οὖδα-

656 4508 927 4567 monium
957 4510 985 4565 ‘t
1021 4523 1215 4580 neque
1241 4507 1403 4564 enim
1436 4523 1694 4581 usquam
1723 4507 2014 4579 scriptum
2046 4514 2152 4564 est.
2182 4510 2303 4565 Om-

2426 4514 2519 4559 κου
2545 4510 2644 4581 γὰρ
2678 4505 3091 4578 ἀναγέγραπται.
3123 4512 3502 4583 Μεμαρτύρηκε
3657 4518 3818 4564 τοῦτο
3845 4512 4000 4562 πάντως

654 4597 799 4655 nino
829 4613 973 4654 sane
1001 4596 1115 4653 hoc
1147 4595 1489 4653 testiﬁcatus
1526 4601 1615 4653 est
1648 4615 1662 4650 :
1694 4596 1961 4653 relictum
1988 4603 2078 4654 est
2116 4603 2301 4655 auter:

2355 4598 2393 4652 υ
2426 4596 2829 4669 παραλέλειπται
2857 4592 2915 4649 δι
2937 4603 3043 4659 τοῖς
3073 4596 3489 4669 εὖαγγελισταῖς,
3542 4600 3733 4676 ὥσπερ
3797 4605 3884 4652 καῖ
3918 4596 4002 4650 ἀλλέ

656 4686 735 4743 ab
774 4685 1175 4756 evangelistis,
1201 4684 1724 4759 quemadmodum
1755 4690 1813 4742 et
1837 4684 1957 4742 alia
1994 4684 2205 4743 multa.
2425 4684 2607 4737 πολλά.

729 4775 899 4829 Vers-
941 4776 1029 4829 35.
1063 4776 1298 4832 Postero
1328 4774 1511 4832 die—
1542 4775 1702 4830 Vers.
1737 4777 1824 4830 36.
1858 4776 1984 4833 Dei.
2026 4778 2153 4832 Non
2191 4776 2315 4833 vul-

2496 4782 2567 4846 Τῇ
2602 4776 2844 4846 ἐπαύριον
2912 4805 2959 4813 -
2992 4781 3145 4829 Θεοῦ.
3182 4773 3293 4827 Οὐκ
3330 4774 3528 4838 ἅπλῶς,
3592 4775 3733 4832 οάδξ
3782 4781 3847 4840 ὡς
3893 4780 4004 4843 ἔτυχε

658 4862 786 4934 gari
830 4861 1012 4917 modo
1052 4879 1243 4935 neque
1279 4877 1429 4922 casu
1472 4863 1602 4920 haec
1631 4862 1705 4918 de
1746 4862 1876 4936 ipso
1901 4863 2181 4937 loquitur,
2210 4864 2305 4921 sed

2425 4866 2490 4916 τα
2545 4862 2680 4915 αὖτά
2730 4866 2840 4937 περὶ
2903 4862 3063 4915 αὐτοῦ
3109 4866 3406 4936 φθέγγεται,
3473 4862 3582 4917 ἀλλ’
3652 4866 3863 4941 ἐπείπερ
3903 4867 4002 4917 οὔπω

655 4950 799 5026 quia
846 4949 1113 5007 nondum
1168 4952 1511 5008 Judaeorum
1542 4952 2062 5009 insensibilitatem
2110 4955 2302 5026 attige

2424 4954 2666 5005 καθίκετο
2712 4960 2805 5015 τῆς
2835 4951 3184 5014 ἀναισθησίας
3212 4962 3311 5006 τῶν
3364 4950 3648 5007 Ἰουδαίων
3683 4977 3698 4991 ·
3737 4954 3907 5016 οὐδεὶς
3937 4953 4002 5023 Ὶέιὲ

656 5042 749 5095 rat
783 5055 796 5105 ;
820 5053 999 5094 nemo
1017 5038 1175 5094 enim
1194 5040 1524 5113 quidquam
1542 5039 1617 5097 de
1647 5040 1779 5112 ipso
1805 5040 2270 5113 interrogaverat
2299 5064 2303 5096 :

2425 5041 2581 5095 αὐτὸν
2602 5037 2755 5095 οὐδεν
2788 5041 3031 5115 ἠρώτησε
3078 5046 3199 5119 περὶ
3255 5042 3417 5097 αὐτοῦ
3468 5060 3482 5074 ·
3537 5042 3903 5119 ἀναγκάζεται
3927 5038 4000 5113 (61]

726 5300 776 5335 ²⁶
805 5296 1009 5354 Matth.
1060 5312 1177 5366 vm,
1209 5300 1297 5355 14.
1378 5300 1423 5335 ³⁷
1457 5299 1656 5357 Matth.
1688 5315 1770 5370 ιιι,
1797 5302 1865 5359 17
1897 5317 1912 5367 ;
1942 5302 2089 5358 Marc
2121 5317 2179 5367 ιι,
2229 5303 2283 5359 11
2320 5317 2335 5370 ;
2370 5305 2373 5358 l

1102 5312 1177 5366 ιιι,
1209 5300 1297 5355 14.
1378 5300 1423 5335 ³⁷
1457 5299 1656 5357 Matth.
1688 5315 1770 5370 ιιι,
1797 5302 1865 5359 17
1897 5317 1912 5367 ;
1942 5302 2089 5358 Marc
2121 5317 2179 5367 ιι,
2229 5303 2283 5359 11
2320 5317 2335 5370 ;
2370 5304 2504 5361 Luc.
2537 5319 2617 5369 ιιι,
2650 5305 2741 5359 22.

1901 5506 2130 5576 Variae
2205 5507 2532 5580 lectiones
2582 5518 2650 5579 ct
2694 5521 2896 5582 notae.

724 5734 837 5805 (57)
868 5730 1116 5805 Ἐκῲλυεν
1141 5733 1206 5790 Α.
2497 5736 2613 5803 (60)
2636 5735 2757 5805 Ὀτι
2784 5743 2843 5793 Β.

737 5803 815 5863 ’58
870 5803 1165 5865 Ηύδόκησα
1208 5808 1276 5861 Α.

721 5803 836 5950 ἒ59ζ
870 5884 972 5932 Καὶ
1011 5888 1165 5931 τοῦτο
1201 5876 1432 5940 κάκεῖνος
1461 5876 1527 5933 Α.

2497 5807 2610 5879 (61)
2652 5804 2757 5860 οὖν
2781 5807 3282 5880 interponendum
3334 5806 3591 5868 videtur.
3640 5809 3821 5870 Forte
3864 5806 3994 5867 etiam

2426 5877 2752 5950 ἀφυπνίξειν.

748 5876 836 5951 59)
870 5884 972 5932 Καὶ
1011 5888 1165 5931 τοῦτο
1201 5876 1432 5940 κάκεῖνος
1461 5876 1527 5933 Α.
2426 5876 2752 5952 ἀφυπνίξειν.

817 5736 837 5951 ξ
