4170 6444
205 360 337 421 1137
1233 356 1604 417 COMMENT.
1644 358 1718 415 IN
1755 355 1852 414 ,Ιολ

1917 355 2108 413 lNEM.
2149 387 2220 400 -
2256 357 2409 414 CAP.
2451 356 2494 413 Ι.
3420 352 3564 411 1138

207 490 267 541 τά
308 486 440 540 αύτά
467 486 630 558 λέγειν
655 485 830 553 πάλιν,
862 490 952 539 καὶ
984 482 1251 561 δευτέραις
1290 492 1479 559 φωναῖς
1523 483 1801 558 ἀφυπνίζει
1837 494 1854 540 l

1921 498 2153 539 rursum
2197 481 2329 539 haec
2358 481 2432 539 de
2460 482 2593 554 ipso
2631 479 2830 537 dicere
2876 476 3128 551 cogitur,
3178 480 3568 550 mentemque

207 581 294 636 τὴν
324 572 558 629 διάνοιαν
589 575 756 628 αύτῶν
786 576 959 653 ὥσπερ
990 578 1335 649 κοιμωμένην.

1924 587 2122 629 eorum
2151 571 2380 629 iteratis
2423 571 2671 628 vocibus
2702 567 3156 643 expergefacere
3207 566 3385 640 quasi
3434 565 3571 623 dor-

1911 661 2219 720 mientem.

275 758 374 807 Καὶ
430 753 484 806 ὃν
536 758 725 828 τρόπον
786 754 813 806 6
867 755 958 827 μὶν
1012 757 1226 826 νυμφίος
1278 750 1431 807 ούδὶν
1487 756 1611 814 τέως
1665 750 1800 823 λέγει

1981 754 2048 807 Et
2066 744 2588 824 quemadmodum
2607 763 2869 822 sponsus
2889 746 3035 804 nihil
3060 745 3300 802 interim
3321 759 3561 818 sponsa

207 846 325 918 πρὸς
361 847 456 902 τήν
497 845 720 917 νύμφην,
761 839 876 896 οὐδ’
929 841 1014 915 ἀφ’
1063 842 1247 896 ἑαυτοῦ
1288 841 1536 916 λαμϐάνει
1582 843 1796 899 ταύτην

1920 840 2193 914 loquitur,
2226 855 2335 896 nec
2374 856 2510 896 eam
2557 854 2664 911 per
2693 837 2963 911 seipsum
2999 835 3233 908 accipit,
3286 833 3391 890 sed
3443 833 3567 891 dux

208 928 318 985 ὁδε
358 935 702 1006 νυμφαγωγὸς
747 934 919 986 πάντα
957 929 1253 1005 διαλέγεται
1296 937 1384 985 καὶ
1429 927 1800 1005 παραδίδωσιν

1924 945 2152 1003 sponsas
2182 929 2387 986 omnia
2416 928 2668 994 disserit,
2690 942 2947 1001 eamque
2969 923 3276 991 illitradit;
3308 923 3407 979 ubi
3430 938 3571 980 vero

206 1021 361 1080 αὐτήν
386 1038 399 1051 ’
432 1023 512 1074 ὅτε
542 1018 602 1074 δὲ
648 1020 780 1096 λάϐῃ
824 1024 1019 1080 ταύτην
1049 1021 1257 1087 ἐκεῖνος,
1290 1021 1424 1074 οὕτω
1470 1017 1796 1089 διατίθησιν,

1927 1035 2065 1076 ianc
2085 1019 2212 1092 ipse
2242 1018 2556 1093 acceperit,
2581 1018 2663 1074 ita
2698 1033 2833 1074 eam
2868 1016 3163 1081 immutat,
3200 1018 3264 1069 ut
3289 1012 3390 1070 illa
3415 1011 3574 1085 prio-

206 1113 271 1172 ὡς
318 1108 657 1163 ἐπιλαθέσθαι
703 1112 908 1163 πάντων
936 1127 951 1141 ο
986 1111 1118 1163 οὕτω
1160 1114 1250 1163 καὶ
1304 1116 1393 1161 νῦν
1449 1111 1474 1161 6
1529 1112 1620 1181 μὲν
1672 1116 1800 1182 Χρι-

1921 1125 2044 1165 rum
2073 1108 2350 1165 omnium
2406 1107 2787 1165 obliviscatur
2820 1124 2838 1161 :
2871 1105 2952 1162 ita
2998 1108 3056 1161 et
3095 1117 3255 1160 nunc
3303 1102 3568 1160 Christus

208 1202 325 1261 στός
363 1200 439 1253 ἔτι
480 1206 609 1272 σιγᾷ
633 1217 646 1230 ·
682 1201 709 1252 6
741 1196 799 1253 δὲ
829 1199 1071 1261 Ἰωάννης
1100 1202 1165 1252 τά
1206 1204 1322 1272 περὶ
1365 1199 1526 1252 αὐτοῦ
1574 1195 1798 1272 διαπρα-

1925 1198 2109 1255 ιάιιυο
2145 1202 2321 1264 tacet,
2362 1199 2621 1253 Joannes
2645 1210 2787 1252 vero
2816 1198 3033 1251 cuncta
3062 1196 3346 1265 operatur
3372 1208 3388 1260 ;
3433 1191 3572 1248 ideo

202 1292 526 1361 γματεύεται.
578 1292 665 1342 Διό
722 1294 812 1342 καὶ
869 1289 1013 1361 φίλος
1064 1289 1225 1341 αύτοῦ
1285 1288 1549 1353 κέκληται,
1605 1290 1673 1350 ὡς
1725 1295 1797 1359 τῷ

1928 1286 1983 1343 :ti
1991 1303 2090 1344 am
2103 1286 2337 1343 amicus
2351 1285 2565 1359 Sponsi
2582 1289 2827 1342 vocatus
2838 1287 3239 1355 est,tanquam
3252 1280 3347 1354 qui
3359 1280 3575 1353 nuptiis

203 1380 351 1451 γάμῳ
389 1383 567 1453 παρὼν
614 1383 705 1430 καὶ
748 1380 919 1431 πάντα
960 1380 1083 1453 ὑπὲρ
1115 1385 1206 1430 τοῦ
1240 1382 1461 1450 νυμφίου
1520 1373 1793 1430 διακονῶν·

1922 1382 2142 1449 praeest.
2158 1376 2478 1449 omniaque
2495 1374 2873 1432 administrat
2899 1388 3034 1446 qua
3053 1371 3131 1429 ad
3147 1372 3349 1443 ipsum
3383 1372 3569 1443 Spon-

202 1466 364 1519 λαϐὡν
396 1463 457 1520 δὲ
494 1471 586 1525 τὴν
615 1469 993 1541 νυμφευθεῖσαν
1034 1466 1345 1525 Ἐκκλησίαν
1386 1464 1592 1534 ἐκεῖνος,
1634 1465 1796 1528 οὕτως

1924 1482 2045 1522 sum
2069 1466 2382 1538 pertinent.
2416 1465 2520 1522 Ubi
2551 1480 2693 1521 vero
2732 1463 2963 1536 accepit
2986 1461 3417 1534 desponsatam
3452 1458 3571 1515 sibi

203 1555 361 1615 αὐτὴν
392 1552 651 1624 διέθηκεν,
686 1559 750 1619 ὡς
780 1556 1116 1611 ἐπιλαθέσθαι
1141 1557 1343 1610 πάντων
1376 1555 1581 1609 αὐτίκα.

1920 1554 2250 1625 Ecclesiam,
2284 1554 2365 1610 ita
2395 1569 2530 1611 eam
2560 1553 2671 1610 sibi
2702 1550 3026 1627 copulavit,
3062 1554 3124 1606 ut
3149 1548 3253 1608 illa
3283 1549 3567 1605 continuo

1910 1643 2184 1699 omnium
2245 1642 2712 1699 oblivisceretur.

271 1739 370 1787 Καὶ
416 1736 648 1811 καθάπερ
703 1733 787 1788 ἕπὶ
838 1744 937 1788 τῶν
974 1738 1177 1809 γάμων,
1224 1734 1330 1807 ούχ
1373 1736 1403 1793 ἡ
1449 1736 1619 1807 νύμφη
1669 1736 1800 1809 πρὸς

1981 1734 2048 1787 Ει
2066 1731 2218 1788 sicut
2242 1746 2469 1803 sponsa
2488 1745 2873 1804 nequaquam
2890 1726 2971 1785 ad
3005 1742 3293 1801 sponsum
3318 1724 3571 1796 accedit,

199 1827 284 1875 τὸν
327 1828 542 1897 νυμφίον
586 1825 814 1893 ἄπεισιν,
869 1824 977 1877 ἀλλ’
1022 1826 1172 1888 οὗτος
1223 1827 1355 1897 πρὸς
1412 1823 1573 1883 αὐτὴν
1629 1823 1724 1875 κάν
1773 1826 1799 1876 6
1839 1840 1846 1893 ]

1923 1819 2016 1876 sed
2046 1820 2141 1876 hic
2170 1820 2248 1877 ad
2291 1819 2475 1891 illam,
2516 1820 2696 1877 etiam
2738 1818 2788 1874 si
2808 1818 2981 1874 fuerit
3017 1817 3144 1889 ipse
3187 1815 3342 1888 regis
3392 1814 3570 1882 ﬁlius,

200 1916 287 1985 μὲν
332 1916 409 1972 εἵη
458 1912 715 1986 βασιλέως
772 1916 899 1980 υἱὸς,
960 1915 990 1973 ἡ
1057 1911 1116 1968 δε
1175 1916 1505 1966 παντάπασιν
1560 1912 1792 1974 εὐτελής

1923 1910 2013 1966 illa
2040 1925 2182 1966 vero
2201 1910 2469 1966 omnium
2509 1907 2913 1980 abjectissima
2945 1923 2958 1963 :
2990 1908 3073 1963 ita
3112 1910 3171 1963 et
3197 1904 3297 1962 hic
3333 1903 3570 1961 accidit.

200 2002 332 2054 οὕτω
366 2007 457 2054 καὶ
491 2001 711 2055 ἐνταῦθα
744 2007 970 2074 γέγονεν.
1006 2003 1171 2064 Αὐτὸς
1215 2005 1240 2055 6
1270 2010 1520 2062 τοσοῦτος
1548 2004 1672 2073 πρὸς
1708 2004 1801 2058 τὴν

1924 1999 2022 2055 [ste
2051 2015 2189 2055 cum
2229 2003 2430 2055 tantus
2462 2002 2637 2065 esset,
2676 1997 2751 2053 ad
2780 2012 2915 2053 eam
2954 2011 3089 2069 quas
3119 1993 3571 2067 despectissima

200 2090 642 2163 εὐκαταφρόνητον
707 2096 1050 2164 παραγέγονε,
1119 2096 1209 2143 καὶ
1282 2091 1642 2167 ἁρμοσάμενος
1710 2088 1803 2141 ούκ

1926 2094 2056 2154 παι,
2090 2087 2359 2156 accessit,
2400 2092 2454 2144 et
2498 2087 2849 2159 conjunctus
2878 2102 2995 2143 non
3039 2082 3309 2158 permisit
3359 2087 3426 2139 ut
3475 2082 3573 2139 hic

200 2183 367 2232 ε’ίασεν
407 2180 568 2238 αὐτὴν
616 2182 840 2233 ἐνταῦθα
869 2185 1034 2253 μένειν
1072 2181 1270 2245 λοιπὸν,
1324 2179 1454 2232 ἀλλά
1490 2176 1803 2253 παραλαϐὼν

1920 2177 2192 2250 deinceps
2221 2180 2577 2243 remaneret,
2618 2177 2724 2232 sed
2764 2179 3106 2248 susceptam
3148 2174 3208 2230 in
3245 2176 3567 2248 paternam

200 2269 272 2331 εἰς
296 2272 381 2321 τὸν
416 2272 663 2342 πατρικὸν
705 2268 962 2342 ἀνήγαγεν
989 2267 1149 2338 οἷκον,
1182 2274 1269 2323 τὸν
1300 2270 1536 2345 οὐρανὸν.

1454 2273 1536 2324 μὸν.
1910 2266 2159 2323 deduxit
2188 2266 2462 2332 domum,
2485 2266 2602 2322 hoc
2631 2269 2740 2331 est,
2771 2265 2832 2322 in
2862 2264 3101 2321 coelum.

272 2362 368 2411 Καὶ
405 2391 468 2398 -
515 2358 709 2416 Ἰησοῦ.
746 2358 950 2411 Πολλῶν
996 2358 1422 2432 ἀκροασαμένων,
1473 2358 1617 2411 οὗτοι
1655 2360 1803 2429 μόνοι

1983 2355 2149 2411 Vers.
2175 2359 2264 2413 37.
2291 2357 2369 2411 Et
2387 2387 2455 2397 —
2473 2356 2689 2413 Iesum.
2733 2355 2890 2411 Inter
2916 2352 3137 2410 multos
3167 2352 3469 2410 auditores
3506 2352 3567 2408 hi

198 2452 449 2512 ἤκουσαν,
483 2455 591 2510 τοῖς
617 2448 717 2500 ὠσὶ
749 2444 991 2506 δηλονότι
1013 2456 1108 2509 τῆς
1138 2448 1291 2519 ψυχῆ
1304 2470 1345 2515 ς,
1372 2457 1472 2500 τῶν
1501 2446 1664 2500 ἄλλων
1691 2453 1801 2509 τοῖς

1921 2444 2019 2501 soli
2078 2444 2316 2502 audisse
2373 2444 2673 2510 dicuntur,
2725 2444 2973 2501 auribus
3009 2441 3287 2499 videlicet
3332 2442 3568 2508 animm,

196 2538 296 2590 ὠσὶ
325 2545 415 2590 τοῦ
450 2542 693 2609 σώματος
727 2535 1077 2591 ἀκουσάντων.
1122 2538 1211 2590 Ἐκ
1236 2541 1324 2610 μὲν
1354 2540 1455 2611 γὰρ
1502 2545 1600 2589 τῶν
1631 2537 1800 2608 μαθη-

1925 2549 2046 2590 >ιιω
2094 2534 2193 2590 alii
2249 2534 2449 2607 utique
2488 2534 2796 2591 audissent
2846 2531 3095 2589 auribus
3142 2531 3450 2605 corporis;
3497 2546 3572 2587 ex

194 2634 293 2679 τῶν
326 2627 439 2697 (62)
467 2626 705 2679 Ἰωάννου
746 2622 844 2679 δύο
874 2631 988 2679 τότε
1027 2635 1292 2701 παρῆσαν·
1335 2625 1482 2679 ἄλλοι
1530 2621 1589 2677 δὲ
1621 2623 1798 2677 πολλοὶ

1923 2623 2218 2696 iiscipulis
2257 2638 2525 2696 namque
2571 2622 2817 2680 Joannis
2867 2620 2978 2679 soli
3016 2621 3100 2694 (h)
3156 2621 3219 2678 hi
3266 2621 3389 2678 duo
3426 2624 3570 2678 tunc

191 2720 655 2789 παρειστήκεισαν.
710 2714 1100 2774 Ἠκολούθησαν
1154 2711 1214 2769 δε
1269 2715 1428 2787 αύτῷ,
1490 2712 1796 2788 βουλόμενοι

1931 2713 2110 2769 Lnimo
2139 2717 2459 2786 praesentes
2479 2717 2824 2780 erant,cum
2853 2716 3054 2768 tamen
3076 2710 3178 2768 alii
3202 2709 3377 2767 multi
3408 2715 3578 2768 asta-

190 2812 372 2880 πεῖραν
395 2804 565 2857 λαϐεῖν
597 2804 775 2859 αύτοῦ.

1926 2807 2058 2860 ιθΠι.
2099 2801 2295 2859 Secuti
2311 2806 2450 2859 sunt
2468 2805 2669 2859 autem
2683 2816 2842 2869 eum,
2862 2799 3172 2873 cupientes
3191 2800 3322 2872 ejus
3348 2798 3573 2859 habere

1902 2891 2187 2948 notitiam.

264 2984 511 3050 Στραφεὶς
578 3009 635 3019 -
690 2979 935 3044 ζητεῖτες
992 2979 1104 3032 Ούκ
1147 2981 1362 3052 ἀγνοῶν,
1419 2982 1445 3033 6
1500 2988 1608 3042 τοῖς
1652 2980 1795 3052 λογι-

1972 2982 2141 3038 Vers.
2182 2984 2268 3038 38.
2305 2982 2633 3040 Conversus
2666 3012 2735 3025 —-
2763 2981 3022 3054 quam'tis
3051 2981 3081 3036 φ
3109 2981 3237 3038 Non
3275 2982 3570 3053 tanquam

196 3075 345 3139 σμοῖς
401 3075 500 3119 τῶν
542 3065 822 3141 ἀνθρώπων
879 3066 1191 3140 ἐμϐατεύων,
1242 3067 1349 3121 ἀλλ’
1409 3070 1493 3121 ἱνα
1552 3066 1645 3121 διά
1701 3077 1795 3131 τῆς

1928 3085 2212 3139 gnorans,
2242 3072 2346 3144 qui
2369 3071 2687 3127 homnium
2718 3075 2986 3144 penetrat
3022 3070 3437 3142 cogitationes,
3466 3069 3575 3127 sed

196 3155 495 3227 ἐρωτήσεως
537 3155 874 3213 οἰκειώσηται
921 3159 1152 3220 τούτους,
1212 3161 1302 3209 καὶ
1357 3159 1616 3229 παρασχη
1669 3156 1797 3232 θαρ-
1820 3198 1843 3253 (

1925 3164 1968 3213 ιι
1990 3159 2411 3230 interrogando
2433 3159 2756 3216 familiares
2776 3160 2888 3216 sibi
2901 3159 3174 3215 redderet
3189 3175 3257 3214 ac
3283 3158 3570 3221 ﬁduciam

191 3245 318 3317 ῥεῖν.
363 3244 639 3316 Εἰκὸςγάρ
686 3243 877 3304 αὐτούς
919 3243 1159 3318 ἐρυθριᾷν
1208 3247 1302 3310 ἔτι,
1348 3250 1438 3297 καὶ
1466 3244 1691 3317 ἀγωνιᾴν
1727 3247 1796 3307 ὡς
1826 3243 1838 3252 ’

1917 3247 2091 3303 daret.
2154 3248 2471 3303 Verisimile
2515 3253 2603 3303 est
2651 3248 2834 3316 enim,
2884 3247 3046 3319 quod
3114 3247 3564 3315 erubescebant,

194 3331 443 3403 ἀγνῶτας.

1905 3339 1962 3392 et
1998 3335 2172 3408 quasi
2209 3335 2396 3405 ignoti
2440 3336 2863 3393 formidabant.

265 3422 330 3473 Οἱ
382 3417 441 3473 δὲ
495 3452 561 3460 —
616 3424 815 3493 μένεις
847 3425 1021 3479 Μήπω
1082 3418 1248 3493 μηδὶν
1296 3422 1422 3497 παρ’
1478 3422 1640 3475 αὐτοῦ
1698 3442 1797 3495 μα-

1976 3425 2143 3480 Vers.
2168 3428 2256 3481 39.
2297 3426 2377 3480 At
2402 3425 2493 3480 illi
2511 3457 2579 3465 —
2602 3424 2834 3481 habitas
2860 3424 2890 3480 τ
2910 3426 3057 3481 Cum
3081 3423 3353 3481 nondum
3385 3426 3465 3481 ab
3494 3440 3566 3483 eo

193 3512 385 3575 θὸντες,
426 3505 751 3561 διδάσκαλον
792 3508 947 3562 αύτόν
993 3508 1337 3582 ὀνομάζουσι,
1387 3514 1479 3569 τὴν
1528 3510 1698 3563 αἰτίαν
1741 3531 1797 3565 τε

1919 3514 2241 3587 quidquam
2270 3513 2596 3580 audissent,
2620 3513 2978 3585 magistrum
3007 3514 3125 3570 sive
3138 3521 3566 3585 praeceptorem

192 3596 268 3651 δι’
312 3602 373 3658 ἣν
414 3595 587 3663 ἦλθον,
638 3595 911 3661 δηλοῦντες
949 3597 1193 3669 ἐντεῦθεν,
1238 3600 1317 3652 ὅτι
1358 3598 1699 3673 ἀκουσόμενοί
1743 3621 1796 3654 τι

1922 3619 2042 3659 eum
2070 3602 2416 3676 appellant:
2440 3608 2622 3676 atque
2652 3603 2789 3660 hinc
2818 3619 3065 3660 causam
3096 3618 3204 3659 cur
3248 3618 3569 3676 sequeren-

189 3696 290 3739 τῶν
319 3694 626 3761 χρησίμων,
671 3693 761 3741 καὶ
800 3688 874 3751 εἰς
900 3690 1142 3761 μαθητὰς
1193 3688 1527 3751 εἰσωθοῦντες
1557 3690 1790 3754 ἑαυτούς.

1919 3709 1998 3748 :ur
2028 3692 2436 3759 manifestant,
2468 3692 2739 3749 videlicet
2776 3696 2844 3748 ut
2871 3708 2999 3766 quae
3024 3691 3220 3749 forent
3243 3692 3410 3750 utilia
3461 3709 3566 3750 an-

190 3782 423 3850 Λέγουσι
455 3775 533 3849 δε,
568 3785 676 3831 Ποῦ
711 3782 876 3850 μένεις
903 3795 918 3845 ;
952 3777 1256 3852 βουλόμενοι
1293 3781 1430 3831 κατὰ
1457 3784 1620 3853 μόνας
1648 3779 1793 3834 έντυ-

1923 3782 2117 3849 lirent,
2152 3786 2323 3854 utque
2345 3798 2473 3839 sese
2504 3782 2563 3838 in
2611 3780 2941 3855 discipulos
2978 3781 3331 3852 ingererent,
3354 3782 3570 3839 Dicunt

187 3874 307 3939 χείν
337 3867 478 3939 αύτῷ
507 3871 597 3920 καὶ
625 3867 741 3941 μεθ’
765 3869 1028 3940 ἡσυχίας.

1919 3877 2105 3929 intem
2133 3889 2146 3928 :
2187 3872 2297 3929 Ubi
2335 3870 2569 3929 habitas
2595 3871 2624 3928 ?
2646 3871 2911 3929 volentes
2940 3870 3163 3929 diutius
3193 3875 3250 3929 et
3276 3871 3340 3929 in
3369 3872 3566 3945 quiete

1901 3977 2040 4017 cum
2080 3976 2152 4017 eo
2183 3959 2547 4017 conversari.
3356 4002 3361 4006 .

259 4049 504 4119 Λέγει-ο
536 4041 696 4099 ἴδετε.
748 4045 825 4098 Ού
876 4045 1008 4118 λέγει
1039 4049 1103 4099 τὰ
1152 4048 1410 4120 σύσσημα
1463 4057 1553 4109 τῆς
1599 4048 1789 4118 οἰκίας,

1972 4052 2136 4107 Vers.
2178 4051 2268 4105 40.
2313 4050 2458 4107 Dicit
2489 4081 2554 4092 -
2585 4050 2794 4108 videte.
2850 4054 2979 4108 Non
3030 4050 3135 4108 dat
3183 4049 3562 4108 habitationis

185 4134 342 4186 θελωδ
368 4134 561 4198 αύτούς
592 4133 912 4205 ἀκολουθεῖν,
937 4137 1021 4188 ἵνα
1046 4140 1134 4189 καὶ
1160 4135 1310 4189 πλέον
1335 4136 1693 4212 θαρρήσωσιν.

1918 4140 2100 4211 signa,
2138 4139 2345 4196 volens
2385 4144 2449 4196 ut
2503 4139 2584 4195 illi
2615 4145 3026 4213 sequerentur,
3088 4155 3211 4212 quo
3271 4140 3565 4210 majorem

1901 4229 2188 4284 baberent
2243 4228 2557 4285 fiduciam.

256 4311 448 4365 Ἦλθον
516 4343 580 4353 -
664 4310 885 4372 δεκάτη.
958 4313 1391 4386 Ἐπισημαίνεται
1460 4318 1554 4373 την
1633 4317 1788 4390 ὤραν,

1972 4318 2134 4373 Vers.
2165 4320 2252 4372 40.
2295 4317 2589 4373 Venerunt
2614 4347 2682 4359 --
2706 4317 2954 4374 decima.
2990 4318 3207 4373 Horam
3237 4314 3556 4385 signiﬁcat,

182 4404 531 4474 οἰνιττόμενος
596 4405 790 4455 τούτων
854 4422 906 4456 τε
966 4407 1024 4455 τὸ
1080 4403 1376 4476 φιλομαθὲς,
1435 4402 1675 4456 κάκείνου
1735 4408 1791 4458 τὸ

1911 4412 1957 4462 et
1986 4407 2045 4462 in
2075 4406 2167 4461 his
2189 4407 2445 4462 innuens
2485 4406 2876 4479 discipulatus
2934 4406 3322 4472 desiderium,
3382 4410 3440 4461 et
3494 4405 3558 4461 in

183 4490 567 4564 φιλάνθρωπον,
591 4493 672 4544 ὅτι
699 4489 815 4545 οὐδ’
840 4494 940 4545 ὑπὸ
967 4502 1057 4553 τῆς
1086 4495 1225 4567 ὧρας
1254 4492 1650 4566 ἀπετράπησαν,
1680 4491 1789 4553 ἤδη
1825 4557 1830 4568 1

1909 4496 2001 4551 illo
2049 4495 2508 4561 humanitatem,
2569 4495 2735 4568 quod
2781 4511 2979 4568 neque
3023 4502 3267 4567 propter
3314 4500 3556 4567 tempus

179 4584 315 4653 πρὸς
344 4576 555 4653 δυσμὰς
585 4583 729 4643 ὄντος
757 4590 850 4634 τοῦ
879 4581 1053 4649 ἡλίου,
1087 4579 1201 4635 οὐδ’
1229 4582 1650 4657 έπροφασίσαντο
1675 4584 1790 4656 (63)
1824 4604 1826 4609 ⁴

1910 4586 2097 4643 aversi
2138 4590 2297 4649 sunt,
2330 4600 2468 4641 cum
2502 4586 2631 4656 jam
2665 4583 2755 4641 sol
2780 4584 2852 4640 ad
2882 4599 3163 4641 occasum
3197 4583 3557 4640 declinaret:

177 4674 271 4723 τὸν
292 4674 494 4745 καιρὸν,
528 4673 628 4723 εἴτε
657 4690 708 4723 τι
735 4672 921 4747 ἕτερον.

1900 4691 2091 4748 neque
2115 4679 2366 4747 tempus,
2401 4679 2504 4730 aut
2541 4674 2705 4731 aliud
2734 4674 3047 4746 quippiam
3093 4674 3323 4731 causati
3362 4678 3521 4730 sunt.

256 4759 319 4811 Εἰ
386 4755 446 4812 δε
489 4757 722 4832 ἀλλαχοῦ
766 4760 921 4831 λέγει,
967 4764 1038 4832 μὴ
1093 4761 1226 4831 ἔχει,
1282 4768 1382 4813 ποῦ
1420 4766 1514 4820 τὴν
1566 4762 1790 4835 κεφαλὴν

1972 4763 2142 4829 Quod
2169 4762 2218 4817 si
2241 4762 2379 4818 alibi
2403 4762 2542 4819 dicit
2560 4779 2622 4818 se
2649 4778 2762 4819 non
2787 4761 3011 4819 habere
3036 4762 3139 4819 ubi
3168 4765 3345 4834 caput
3376 4778 3556 4818 suum

174 4848 353 4922 κλίνῃ,
386 4849 444 4901 ού
484 4854 604 4923 περὶ
643 4849 808 4910 οἰκίας
844 4848 1019 4911 ἅπλῶς
1055 4854 1208 4902 τοῦτό
1254 4869 1432 4923 φησιν,
1491 4848 1619 4903 ἀλλά
1669 4856 1789 4925 περὶ

1910 4851 2213 4909 reclinaret
2243 4853 2313 4917 ³⁸,
2339 4868 2459 4907 non
2520 4852 2636 4908 hoc
2673 4850 3016 4925 simpliciter
3051 4851 3127 4907 de
3179 4852 3365 4908 domo
3393 4850 3557 4919 dicit,

177 4934 347 4999 ἰδίας.
440 4934 605 4991 Ἰδαίαν
690 4940 788 5014 γάρ
881 4938 973 4991 οὐκ
1059 4945 1220 5012 εἶχεν,
1309 4938 1416 4992 ἀλλ’
1500 4939 1789 5015 ἀλλοτρίαις

1914 4942 2006 4998 sed
2044 4942 2119 4998 de
2148 4942 2393 5015 propria
2429 4941 2612 4997 domo
2641 4959 2654 4997 :
2697 4956 2892 5016 neque
2921 4941 3083 4998 enim
3122 4941 3433 5015 propriam
3453 4941 3561 4999 ha-

175 5027 463 5100 ἐκέχρητο.

1899 5031 2100 5097 bebat,
2143 5029 2248 5087 sed
2278 5030 2489 5087 alienis
2517 5029 2816 5087 utebatur.

246 5114 370 5169 Ὀτι
458 5119 549 5191 μὲν
627 5112 716 5170 οὖν
787 5117 911 5192 παρ’
977 5118 1117 5189 αύτῷ
1167 5120 1366 5191 ἔμειναν
1444 5124 1540 5178 τὴν
1591 5121 1787 5195 ἡμέραν

1970 5121 2117 5177 Dicit
2144 5120 2347 5193 itaque
2414 5119 2780 5191 evangelista
2819 5120 3115 5178 mansisse
3164 5121 3331 5194 ipsos
3388 5120 3556 5194 apud

255 5312 304 5348 ³⁸
334 5313 536 5371 Matth.
571 5314 712 5382 VIll,
756 5319 844 5372 20.

1408 5413 1629 5483 Variae
1660 5415 1987 5483 lectiones
2012 5426 2076 5482 et
2116 5424 2318 5483 notae.

251 5598 371 5671 (62)
402 5606 505 5653 Τοῦ
533 5599 700 5658 addit
727 5600 794 5656 A.
1974 5600 2086 5671 (63)
2117 5596 2258 5653 066's
2286 5605 2709 5675 προφασίσαντος
2736 5603 2804 5659 Α.

248 5778 337 5853 (h)
376 5777 511 5836 Soli.
547 5782 836 5857 lnterpres
864 5778 1093 5840 videtur
1118 5778 1436 5849 invenisse,
1464 5776 1563 5837 δύο
1592 5784 1708 5838 τότε
1740 5784 1888 5857 μόνοι

1118 5778 1436 5849 invenisse,
1464 5776 1563 5837 δύο
1592 5784 1708 5838 τότε
1740 5784 1910 5857 μόνοι,
1948 5780 2115 5858 quod
2143 5795 2258 5841 nec
2289 5781 2431 5839 mihi
2462 5781 2747 5859 displicet.
