  <div class='ocr_page' id='page_1' title='image "/cluster/home/n/w/nwhite01/storage/ocr_20150623/129/hvd.32044019208511/635.png"; bbox 0 0 4170 6434; ppageno 0'>
   <div class='ocr_carea' id='block_1_1' title="bbox 673 319 817 384">
    <p class='ocr_par' dir='ltr' id='par_1_1' title="bbox 673 319 817 384">
     <span class='ocr_line' id='line_1_1' title="bbox 673 319 817 384; baseline 0.014 -3"><span class='ocrx_word' id='word_1_1' title='bbox 673 319 817 384; x_wconf 75' lang='grc'><strong>1139</strong></span> 
     </span>
    </p>
   </div>
   <div class='ocr_carea' id='block_1_2' title="bbox 2023 318 2726 388">
    <p class='ocr_par' dir='ltr' id='par_1_2' title="bbox 2023 318 2726 388">
     <span class='ocr_line' id='line_1_2' title="bbox 2023 318 2726 388; baseline 0.003 -12"><span class='ocrx_word' id='word_1_2' title='bbox 2023 318 2366 378; x_wconf 78' lang='lat' dir='ltr'><strong>EUTHYMII</strong></span> <span class='ocrx_word' id='word_1_3' title='bbox 2402 318 2726 388; x_wconf 74' lang='lat' dir='ltr'><strong>ZIGABENI</strong></span> 
     </span>
    </p>
   </div>
   <div class='ocr_carea' id='block_1_3' title="bbox 3907 329 4022 386">
    <p class='ocr_par' dir='ltr' id='par_1_3' title="bbox 3907 329 4022 386">
     <span class='ocr_line' id='line_1_3' title="bbox 3907 329 4022 386; baseline 0.035 -4"><span class='ocrx_word' id='word_1_4' title='bbox 3907 329 4022 386; x_wconf 74' lang='grc'><strong>1140</strong></span> 
     </span>
    </p>
   </div>
   <div class='ocr_carea' id='block_1_4' title="bbox 675 441 2341 522">
    <p class='ocr_par' dir='ltr' id='par_1_4' title="bbox 675 441 2326 520">
     <span class='ocr_line' id='line_1_4' title="bbox 675 441 2326 520; baseline 0.001 -19"><span class='ocrx_word' id='word_1_5' title='bbox 675 461 811 502; x_wconf 86' lang='lat' dir='ltr'><strong>eum</strong></span> <span class='ocrx_word' id='word_1_6' title='bbox 842 441 1108 502; x_wconf 90' lang='lat' dir='ltr'><strong>dieillo:</strong></span> <span class='ocrx_word' id='word_1_7' title='bbox 1140 443 1303 516; x_wconf 90' lang='lat' dir='ltr'><strong>quod</strong></span> <span class='ocrx_word' id='word_1_8' title='bbox 1341 443 1834 506; x_wconf 84' lang='lat' dir='ltr'><strong>auteminstructi</strong></span> <span class='ocrx_word' id='word_1_9' title='bbox 1875 445 1994 516; x_wconf 82' lang='lat' dir='ltr'><strong>sint</strong></span> <span class='ocrx_word' id='word_1_10' title='bbox 2032 451 2326 520; x_wconf 82' lang='lat' dir='ltr'><strong>tanquam</strong></span> 
     </span>
    </p>
   </div>
   <div class='ocr_carea' id='block_1_5' title="bbox 2432 441 4018 522">
    <p class='ocr_par' dir='ltr' id='par_1_5' title="bbox 2437 445 4018 522">
     <span class='ocr_line' id='line_1_5' title="bbox 2437 445 4018 522; baseline 0.005 -24"><span class='ocrx_word' id='word_1_11' title='bbox 2437 446 2630 508; x_wconf 78' lang='grc' dir='ltr'>ἐκείνην</span> <span class='ocrx_word' id='word_1_12' title='bbox 2687 448 2822 502; x_wconf 87' lang='grc' dir='ltr'>εἶπεν</span> <span class='ocrx_word' id='word_1_13' title='bbox 2866 450 2891 502; x_wconf 90' lang='grc' dir='ltr'><strong>ό</strong></span> <span class='ocrx_word' id='word_1_14' title='bbox 2949 448 3340 521; x_wconf 72' lang='grc' dir='ltr'>εὖαγγελιστής·</span> <span class='ocrx_word' id='word_1_15' title='bbox 3398 451 3479 501; x_wconf 85' lang='grc' dir='ltr'><strong>ὁτι</strong></span> <span class='ocrx_word' id='word_1_16' title='bbox 3529 445 3588 504; x_wconf 81' lang='grc' dir='ltr'>δε</span> <span class='ocrx_word' id='word_1_17' title='bbox 3643 445 4018 522; x_wconf 67' lang='grc' dir='ltr'><strong>ἐδιδάχθησαν,</strong></span> 
     </span>
    </p>
   </div>
   <div class='ocr_carea' id='block_1_6' title="bbox 672 532 2327 605">
    <p class='ocr_par' dir='ltr' id='par_1_6' title="bbox 672 532 2327 605">
     <span class='ocr_line' id='line_1_6' title="bbox 672 532 2327 605; baseline 0.001 -14"><span class='ocrx_word' id='word_1_18' title='bbox 672 533 1059 594; x_wconf 84' lang='lat' dir='ltr'><strong>manifestum</strong></span> <span class='ocrx_word' id='word_1_19' title='bbox 1091 532 1327 605; x_wconf 81' lang='lat' dir='ltr'><strong>reliquit</strong></span> <span class='ocrx_word' id='word_1_20' title='bbox 1361 532 1836 602; x_wconf 88' lang='lat' dir='ltr'><strong>intelligendum.</strong></span> <span class='ocrx_word' id='word_1_21' title='bbox 1869 538 2122 594; x_wconf 87' lang='lat' dir='ltr'><strong>Tantum</strong></span> <span class='ocrx_word' id='word_1_22' title='bbox 2166 535 2327 592; x_wconf 89' lang='lat' dir='ltr'><strong>enim</strong></span> 
     </span>
    </p>
   </div>
   <div class='ocr_carea' id='block_1_7' title="bbox 673 620 2330 693">
    <p class='ocr_par' dir='ltr' id='par_1_7' title="bbox 673 620 2330 693">
     <span class='ocr_line' id='line_1_7' title="bbox 673 620 2330 693; baseline 0.002 -15"><span class='ocrx_word' id='word_1_23' title='bbox 673 638 799 678; x_wconf 89' lang='lat' dir='ltr'><strong>una</strong></span> <span class='ocrx_word' id='word_1_24' title='bbox 827 627 1000 678; x_wconf 89' lang='lat' dir='ltr'><strong>nocte</strong></span> <span class='ocrx_word' id='word_1_25' title='bbox 1033 620 1423 693; x_wconf 84' lang='lat' dir='ltr'><strong>profecerunt,</strong></span> <span class='ocrx_word' id='word_1_26' title='bbox 1467 628 1528 678; x_wconf 92' lang='lat' dir='ltr'><strong>ut</strong></span> <span class='ocrx_word' id='word_1_27' title='bbox 1559 622 1637 678; x_wconf 91' lang='lat' dir='ltr'><strong>ad</strong></span> <span class='ocrx_word' id='word_1_28' title='bbox 1669 623 1921 678; x_wconf 87' lang='lat' dir='ltr'><strong>aliorum</strong></span> <span class='ocrx_word' id='word_1_29' title='bbox 1952 623 2330 682; x_wconf 76' lang='lat' dir='ltr'><strong>venationem</strong></span> 
     </span>
    </p>
   </div>
   <div class='ocr_carea' id='block_1_8' title="bbox 673 710 1504 785">
    <p class='ocr_par' dir='ltr' id='par_1_8' title="bbox 673 710 1504 785">
     <span class='ocr_line' id='line_1_8' title="bbox 673 710 1504 785; baseline -0.004 -17"><span class='ocrx_word' id='word_1_30' title='bbox 673 710 944 785; x_wconf 74' lang='lat' dir='ltr'><strong>sequenti</strong></span> <span class='ocrx_word' id='word_1_31' title='bbox 971 710 1065 767; x_wconf 91' lang='lat' dir='ltr'><strong>die</strong></span> <span class='ocrx_word' id='word_1_32' title='bbox 1096 710 1504 782; x_wconf 79' lang='lat' dir='ltr'><strong>procederent.</strong></span> 
     </span>
    </p>
   </div>
   <div class='ocr_carea' id='block_1_9' title="bbox 746 800 2330 874">
    <p class='ocr_par' dir='ltr' id='par_1_9' title="bbox 746 800 2330 874">
     <span class='ocr_line' id='line_1_9' title="bbox 746 800 2330 874; baseline 0 -16"><span class='ocrx_word' id='word_1_33' title='bbox 746 803 988 873; x_wconf 82' lang='lat' dir='ltr'><strong>Oportet</strong></span> <span class='ocrx_word' id='word_1_34' title='bbox 1047 800 1228 870; x_wconf 82' lang='lat' dir='ltr'><strong>igitur</strong></span> <span class='ocrx_word' id='word_1_35' title='bbox 1270 805 1327 857; x_wconf 92' lang='lat' dir='ltr'><strong>et</strong></span> <span class='ocrx_word' id='word_1_36' title='bbox 1388 816 1498 856; x_wconf 90' lang='lat' dir='ltr'><strong>nos</strong></span> <span class='ocrx_word' id='word_1_37' title='bbox 1546 801 1621 857; x_wconf 94' lang='lat' dir='ltr'><strong>ob</strong></span> <span class='ocrx_word' id='word_1_38' title='bbox 1669 801 1898 860; x_wconf 89' lang='lat' dir='ltr'><strong>nullum</strong></span> <span class='ocrx_word' id='word_1_39' title='bbox 1950 802 2330 874; x_wconf 81' lang='lat' dir='ltr'><strong>tergiversari</strong></span> 
     </span>
    </p>
   </div>
   <div class='ocr_carea' id='block_1_10' title="bbox 673 889 2331 964">
    <p class='ocr_par' dir='ltr' id='par_1_10' title="bbox 673 889 2331 964">
     <span class='ocr_line' id='line_1_10' title="bbox 673 889 2331 964; baseline 0 -16"><span class='ocrx_word' id='word_1_40' title='bbox 673 895 910 962; x_wconf 80' lang='lat' dir='ltr'><strong>tempus</strong></span> <span class='ocrx_word' id='word_1_41' title='bbox 963 889 1042 944; x_wconf 84' lang='lat' dir='ltr'><strong>ab</strong></span> <span class='ocrx_word' id='word_1_42' title='bbox 1093 889 1409 944; x_wconf 84' lang='lat' dir='ltr'><strong>audiendis</strong></span> <span class='ocrx_word' id='word_1_43' title='bbox 1459 890 1552 946; x_wconf 88' lang='lat' dir='ltr'><strong>his</strong></span> <span class='ocrx_word' id='word_1_44' title='bbox 1597 907 1734 964; x_wconf 66' lang='lat' dir='ltr'><strong>qua:</strong></span> <span class='ocrx_word' id='word_1_45' title='bbox 1782 891 1976 948; x_wconf 88' lang='lat' dir='ltr'><strong>divina</strong></span> <span class='ocrx_word' id='word_1_46' title='bbox 2016 898 2173 958; x_wconf 88' lang='lat' dir='ltr'><strong>sunt,</strong></span> <span class='ocrx_word' id='word_1_47' title='bbox 2227 892 2331 948; x_wconf 90' lang='lat' dir='ltr'><strong>sed</strong></span> 
     </span>
    </p>
   </div>
   <div class='ocr_carea' id='block_1_11' title="bbox 670 979 2332 1054">
    <p class='ocr_par' dir='ltr' id='par_1_11' title="bbox 670 979 2332 1054">
     <span class='ocr_line' id='line_1_11' title="bbox 670 979 2332 1054; baseline 0 -16"><span class='ocrx_word' id='word_1_48' title='bbox 670 980 876 1038; x_wconf 86' lang='lat' dir='ltr'><strong>omnia</strong></span> <span class='ocrx_word' id='word_1_49' title='bbox 905 979 1000 1034; x_wconf 87' lang='lat' dir='ltr'><strong>his</strong></span> <span class='ocrx_word' id='word_1_50' title='bbox 1039 979 1370 1050; x_wconf 82' lang='lat' dir='ltr'><strong>posteriora</strong></span> <span class='ocrx_word' id='word_1_51' title='bbox 1395 979 1633 1036; x_wconf 88' lang='lat' dir='ltr'><strong>ducere.</strong></span> <span class='ocrx_word' id='word_1_52' title='bbox 1665 981 1794 1036; x_wconf 80' lang='lat' dir='ltr'><strong>Alia</strong></span> <span class='ocrx_word' id='word_1_53' title='bbox 1824 981 2112 1054; x_wconf 86' lang='lat' dir='ltr'><strong>siquidem</strong></span> <span class='ocrx_word' id='word_1_54' title='bbox 2159 998 2332 1038; x_wconf 88' lang='lat' dir='ltr'><strong>mun-</strong></span> 
     </span>
    </p>
   </div>
   <div class='ocr_carea' id='block_1_12' title="bbox 673 1068 2331 1140">
    <p class='ocr_par' dir='ltr' id='par_1_12' title="bbox 673 1068 2331 1140">
     <span class='ocr_line' id='line_1_12' title="bbox 673 1068 2331 1140; baseline 0 -14"><span class='ocrx_word' id='word_1_55' title='bbox 673 1069 837 1126; x_wconf 85' lang='lat' dir='ltr'><strong>dana</strong></span> <span class='ocrx_word' id='word_1_56' title='bbox 853 1068 1135 1124; x_wconf 89' lang='lat' dir='ltr'><strong>universa</strong></span> <span class='ocrx_word' id='word_1_57' title='bbox 1157 1073 1394 1140; x_wconf 85' lang='lat' dir='ltr'><strong>tempus</strong></span> <span class='ocrx_word' id='word_1_58' title='bbox 1433 1069 1656 1126; x_wconf 86' lang='lat' dir='ltr'><strong>habent</strong></span> <span class='ocrx_word' id='word_1_59' title='bbox 1691 1091 1703 1124; x_wconf 87' lang='lat'><strong>:</strong></span> <span class='ocrx_word' id='word_1_60' title='bbox 1737 1070 1815 1127; x_wconf 81' lang='lat' dir='ltr'><strong>ad</strong></span> <span class='ocrx_word' id='word_1_61' title='bbox 1848 1071 1977 1126; x_wconf 68' lang='lat' dir='ltr'><strong>haec</strong></span> <span class='ocrx_word' id='word_1_62' title='bbox 1997 1086 2132 1126; x_wconf 90' lang='lat' dir='ltr'><strong>vero</strong></span> <span class='ocrx_word' id='word_1_63' title='bbox 2150 1087 2331 1126; x_wconf 89' lang='lat' dir='ltr'><strong>omne</strong></span> 
     </span>
    </p>
   </div>
   <div class='ocr_carea' id='block_1_13' title="bbox 672 1158 1511 1231">
    <p class='ocr_par' dir='ltr' id='par_1_13' title="bbox 672 1158 1511 1231">
     <span class='ocr_line' id='line_1_13' title="bbox 672 1158 1511 1231; baseline -0.007 -13"><span class='ocrx_word' id='word_1_64' title='bbox 672 1164 912 1231; x_wconf 81' lang='lat' dir='ltr'><strong>tempus</strong></span> <span class='ocrx_word' id='word_1_65' title='bbox 953 1162 1078 1214; x_wconf 88' lang='lat' dir='ltr'><strong>esto</strong></span> <span class='ocrx_word' id='word_1_66' title='bbox 1128 1158 1511 1216; x_wconf 87' lang='lat' dir='ltr'><strong>conveniens.</strong></span> 
     </span>
    </p>
   </div>
   <div class='ocr_carea' id='block_1_14' title="bbox 745 1248 2327 1316">
    <p class='ocr_par' dir='ltr' id='par_1_14' title="bbox 745 1248 2327 1316">
     <span class='ocr_line' id='line_1_14' title="bbox 745 1248 2327 1316; baseline 0.003 -12"><span class='ocrx_word' id='word_1_67' title='bbox 745 1248 906 1304; x_wconf 89' lang='lat' dir='ltr'><strong>Vers.</strong></span> <span class='ocrx_word' id='word_1_68' title='bbox 931 1252 1020 1304; x_wconf 76' lang='grc'><strong>41.</strong></span> <span class='ocrx_word' id='word_1_69' title='bbox 1039 1248 1186 1302; x_wconf 87' lang='lat' dir='ltr'><strong>Erat</strong></span> <span class='ocrx_word' id='word_1_70' title='bbox 1210 1278 1276 1288; x_wconf 94' lang='lat'><strong><em>—</em></strong></span> <span class='ocrx_word' id='word_1_71' title='bbox 1294 1263 1444 1303; x_wconf 81' lang='lat' dir='ltr'><strong>eum.</strong></span> <span class='ocrx_word' id='word_1_72' title='bbox 1463 1248 1715 1306; x_wconf 79' lang='lat' dir='ltr'><strong>Alterius</strong></span> <span class='ocrx_word' id='word_1_73' title='bbox 1748 1249 1906 1308; x_wconf 87' lang='lat' dir='ltr'><strong>siluit</strong></span> <span class='ocrx_word' id='word_1_74' title='bbox 1927 1249 2288 1308; x_wconf 86' lang='lat' dir='ltr'><strong>vocabulum</strong></span> <span class='ocrx_word' id='word_1_75' title='bbox 2311 1291 2327 1316; x_wconf 89' lang='lat'><strong>,</strong></span> 
     </span>
    </p>
   </div>
   <div class='ocr_carea' id='block_1_15' title="bbox 672 1337 2331 1412">
    <p class='ocr_par' dir='ltr' id='par_1_15' title="bbox 672 1337 2331 1412">
     <span class='ocr_line' id='line_1_15' title="bbox 672 1337 2331 1412; baseline 0.002 -20"><span class='ocrx_word' id='word_1_76' title='bbox 672 1339 740 1410; x_wconf 77' lang='grc' dir='ltr'><strong>(ί)</strong></span> <span class='ocrx_word' id='word_1_77' title='bbox 773 1338 893 1392; x_wconf 86' lang='lat' dir='ltr'><strong>sive</strong></span> <span class='ocrx_word' id='word_1_78' title='bbox 930 1337 1074 1410; x_wconf 84' lang='lat' dir='ltr'><strong>quia</strong></span> <span class='ocrx_word' id='word_1_79' title='bbox 1113 1337 1362 1407; x_wconf 80' lang='lat' dir='ltr'><strong>insignis</strong></span> <span class='ocrx_word' id='word_1_80' title='bbox 1394 1354 1514 1396; x_wconf 94' lang='lat' dir='ltr'><strong>non</strong></span> <span class='ocrx_word' id='word_1_81' title='bbox 1546 1345 1671 1396; x_wconf 89' lang='lat' dir='ltr'><strong>erat</strong></span> <span class='ocrx_word' id='word_1_82' title='bbox 1713 1340 1801 1394; x_wconf 90' lang='lat' dir='ltr'><strong>vel</strong></span> <span class='ocrx_word' id='word_1_83' title='bbox 1844 1340 2114 1412; x_wconf 89' lang='lat' dir='ltr'><strong>cognitus</strong></span> <span class='ocrx_word' id='word_1_84' title='bbox 2157 1357 2171 1408; x_wconf 88' lang='lat'><strong>;</strong></span> <span class='ocrx_word' id='word_1_85' title='bbox 2213 1341 2331 1396; x_wconf 86' lang='lat' dir='ltr'><strong>sive</strong></span> 
     </span>
    </p>
   </div>
   <div class='ocr_carea' id='block_1_16' title="bbox 672 1425 2112 1501">
    <p class='ocr_par' dir='ltr' id='par_1_16' title="bbox 672 1425 2112 1501">
     <span class='ocr_line' id='line_1_16' title="bbox 672 1425 2112 1501; baseline -0.001 -17"><span class='ocrx_word' id='word_1_86' title='bbox 672 1428 793 1499; x_wconf 89' lang='lat' dir='ltr'><strong>ipse</strong></span> <span class='ocrx_word' id='word_1_87' title='bbox 818 1427 921 1500; x_wconf 90' lang='lat' dir='ltr'><strong>qui</strong></span> <span class='ocrx_word' id='word_1_88' title='bbox 942 1426 1069 1482; x_wconf 67' lang='lat' dir='ltr'><strong>haec</strong></span> <span class='ocrx_word' id='word_1_89' title='bbox 1102 1425 1303 1484; x_wconf 86' lang='lat' dir='ltr'><strong>scribit</strong></span> <span class='ocrx_word' id='word_1_90' title='bbox 1331 1433 1476 1493; x_wconf 87' lang='lat' dir='ltr'><strong>erat,</strong></span> <span class='ocrx_word' id='word_1_91' title='bbox 1507 1434 1569 1485; x_wconf 92' lang='lat' dir='ltr'><strong>ut</strong></span> <span class='ocrx_word' id='word_1_92' title='bbox 1595 1427 1845 1501; x_wconf 85' lang='lat' dir='ltr'><strong>quidam</strong></span> <span class='ocrx_word' id='word_1_93' title='bbox 1889 1428 2112 1484; x_wconf 91' lang='lat' dir='ltr'><strong>dicunt.</strong></span> 
     </span>
    </p>
   </div>
   <div class='ocr_carea' id='block_1_17' title="bbox 744 1605 2331 1670">
    <p class='ocr_par' dir='ltr' id='par_1_17' title="bbox 744 1605 2331 1670">
     <span class='ocr_line' id='line_1_17' title="bbox 744 1605 2331 1670; baseline 0.003 -12"><span class='ocrx_word' id='word_1_94' title='bbox 744 1606 903 1660; x_wconf 87' lang='lat' dir='ltr'><strong>Vers.</strong></span> <span class='ocrx_word' id='word_1_95' title='bbox 938 1608 1025 1659; x_wconf 80' lang='grc'><strong>42.</strong></span> <span class='ocrx_word' id='word_1_96' title='bbox 1072 1605 1303 1670; x_wconf 86' lang='lat' dir='ltr'><strong>Reperit</strong></span> <span class='ocrx_word' id='word_1_97' title='bbox 1337 1637 1403 1644; x_wconf 96' lang='lat'><strong>—</strong></span> <span class='ocrx_word' id='word_1_98' title='bbox 1428 1605 1704 1663; x_wconf 77' lang='lat' dir='ltr'><strong>Christus.</strong></span> <span class='ocrx_word' id='word_1_99' title='bbox 1751 1608 1956 1664; x_wconf 89' lang='lat' dir='ltr'><strong>Sermo</strong></span> <span class='ocrx_word' id='word_1_100' title='bbox 1997 1611 2084 1662; x_wconf 88' lang='lat' dir='ltr'><strong>est</strong></span> <span class='ocrx_word' id='word_1_101' title='bbox 2123 1606 2331 1663; x_wconf 84' lang='lat' dir='ltr'><strong>admo-</strong></span> 
     </span>
    </p>
   </div>
   <div class='ocr_carea' id='block_1_18' title="bbox 673 1694 2326 1769">
    <p class='ocr_par' dir='ltr' id='par_1_18' title="bbox 673 1694 2326 1769">
     <span class='ocr_line' id='line_1_18' title="bbox 673 1694 2326 1769; baseline 0 -19"><span class='ocrx_word' id='word_1_102' title='bbox 673 1695 821 1750; x_wconf 90' lang='lat' dir='ltr'><strong>dum</strong></span> <span class='ocrx_word' id='word_1_103' title='bbox 852 1694 1107 1751; x_wconf 70' lang='lat' dir='ltr'><strong>laetantis</strong></span> <span class='ocrx_word' id='word_1_104' title='bbox 1160 1712 1173 1750; x_wconf 91' lang='lat'><strong>:</strong></span> <span class='ocrx_word' id='word_1_105' title='bbox 1223 1695 1556 1752; x_wconf 85' lang='lat' dir='ltr'><strong>Invenimus</strong></span> <span class='ocrx_word' id='word_1_106' title='bbox 1595 1713 1777 1769; x_wconf 92' lang='lat' dir='ltr'><strong>quem</strong></span> <span class='ocrx_word' id='word_1_107' title='bbox 1845 1696 2270 1769; x_wconf 63' lang='lat' dir='ltr'><strong>quaerebamus</strong></span> <span class='ocrx_word' id='word_1_108' title='bbox 2314 1738 2326 1762; x_wconf 94' lang='lat'><strong>,</strong></span> 
     </span>
    </p>
   </div>
   <div class='ocr_carea' id='block_1_19' title="bbox 2437 534 4020 614">
    <p class='ocr_par' dir='ltr' id='par_1_19' title="bbox 2437 534 4020 614">
     <span class='ocr_line' id='line_1_19' title="bbox 2437 534 4020 614; baseline 0.006 -30"><span class='ocrx_word' id='word_1_109' title='bbox 2437 538 2506 598; x_wconf 82' lang='grc' dir='ltr'>ὡς</span> <span class='ocrx_word' id='word_1_110' title='bbox 2551 534 2813 612; x_wconf 77' lang='grc' dir='ltr'>πρόδηλον</span> <span class='ocrx_word' id='word_1_111' title='bbox 2867 540 3034 612; x_wconf 69' lang='grc' dir='ltr'>ἀφῆκε</span> <span class='ocrx_word' id='word_1_112' title='bbox 3083 540 3335 592; x_wconf 93' lang='grc' dir='ltr'>νοεῖσθαι.</span> <span class='ocrx_word' id='word_1_113' title='bbox 3393 544 3649 592; x_wconf 76' lang='grc' dir='ltr'><strong>Τοσοῦτον</strong></span> <span class='ocrx_word' id='word_1_114' title='bbox 3699 542 3803 614; x_wconf 76' lang='grc' dir='ltr'><strong>γὰρ</strong></span> <span class='ocrx_word' id='word_1_115' title='bbox 3849 540 3896 594; x_wconf 73' lang='grc' dir='ltr'>ἐν</span> <span class='ocrx_word' id='word_1_116' title='bbox 3942 551 4020 614; x_wconf 79' lang='grc' dir='ltr'><strong>μιᾲ</strong></span> 
     </span>
    </p>
   </div>
   <div class='ocr_carea' id='block_1_20' title="bbox 2435 626 4015 703">
    <p class='ocr_par' dir='ltr' id='par_1_20' title="bbox 2435 626 4015 703">
     <span class='ocr_line' id='line_1_20' title="bbox 2435 626 4015 703; baseline 0.013 -27"><span class='ocrx_word' id='word_1_117' title='bbox 2435 632 2582 678; x_wconf 80' lang='grc' dir='ltr'>νυκτὶ</span> <span class='ocrx_word' id='word_1_118' title='bbox 2621 627 2980 698; x_wconf 67' lang='grc' dir='ltr'><strong>ὠφελήθησαν,</strong></span> <span class='ocrx_word' id='word_1_119' title='bbox 3024 631 3093 690; x_wconf 86' lang='grc' dir='ltr'>ὡς</span> <span class='ocrx_word' id='word_1_120' title='bbox 3135 627 3249 701; x_wconf 76' lang='grc' dir='ltr'>μεθ’</span> <span class='ocrx_word' id='word_1_121' title='bbox 3298 629 3494 699; x_wconf 75' lang='grc' dir='ltr'>ἡμέραν</span> <span class='ocrx_word' id='word_1_122' title='bbox 3535 626 3609 700; x_wconf 59' lang='grc' dir='ltr'><strong>ἐφ’</strong></span> <span class='ocrx_word' id='word_1_123' title='bbox 3662 628 3846 702; x_wconf 76' lang='grc' dir='ltr'>ἐτέρων</span> <span class='ocrx_word' id='word_1_124' title='bbox 3882 633 4015 703; x_wconf 61' lang='grc' dir='ltr'>θέρου</span> 
     </span>
    </p>
   </div>
   <div class='ocr_carea' id='block_1_21' title="bbox 2437 713 2837 778">
    <p class='ocr_par' dir='ltr' id='par_1_21' title="bbox 2437 713 2837 778">
     <span class='ocr_line' id='line_1_21' title="bbox 2437 713 2837 778; baseline 0.013 -12"><span class='ocrx_word' id='word_1_125' title='bbox 2437 713 2594 768; x_wconf 73' lang='grc' dir='ltr'>ἐλθεῖν</span> <span class='ocrx_word' id='word_1_126' title='bbox 2627 718 2786 768; x_wconf 72' lang='grc' dir='ltr'>αὑτοῦ</span> <span class='ocrx_word' id='word_1_127' title='bbox 2798 737 2837 778; x_wconf 89' lang='grc' dir='ltr'>ς.</span> 
     </span>
    </p>
   </div>
   <div class='ocr_carea' id='block_1_22' title="bbox 2511 803 4011 879">
    <p class='ocr_par' dir='ltr' id='par_1_22' title="bbox 2511 803 4011 879">
     <span class='ocr_line' id='line_1_22' title="bbox 2511 803 4011 879; baseline 0.001 -20"><span class='ocrx_word' id='word_1_128' title='bbox 2511 810 2621 876; x_wconf 79' lang='grc' dir='ltr'><strong>Χρὴ</strong></span> <span class='ocrx_word' id='word_1_129' title='bbox 2675 809 2844 860; x_wconf 83' lang='grc' dir='ltr'>τοίνυν</span> <span class='ocrx_word' id='word_1_130' title='bbox 2892 811 2982 860; x_wconf 79' lang='grc' dir='ltr'>καὶ</span> <span class='ocrx_word' id='word_1_131' title='bbox 3012 808 3146 879; x_wconf 75' lang='grc' dir='ltr'>ἡμᾶς</span> <span class='ocrx_word' id='word_1_132' title='bbox 3199 803 3404 877; x_wconf 69' lang='grc' dir='ltr'>μηδένα</span> <span class='ocrx_word' id='word_1_133' title='bbox 3452 807 3877 878; x_wconf 71' lang='grc' dir='ltr'><strong>προφασίζεσθαι</strong></span> <span class='ocrx_word' id='word_1_134' title='bbox 3915 830 4011 864; x_wconf 81' lang='grc' dir='ltr'>και-</span> 
     </span>
    </p>
   </div>
   <div class='ocr_carea' id='block_1_23' title="bbox 2435 891 4010 969">
    <p class='ocr_par' dir='ltr' id='par_1_23' title="bbox 2435 891 4010 969">
     <span class='ocr_line' id='line_1_23' title="bbox 2435 891 4010 969; baseline 0.004 -23"><span class='ocrx_word' id='word_1_135' title='bbox 2435 897 2525 968; x_wconf 84' lang='grc' dir='ltr'><strong>ρόν</strong></span> <span class='ocrx_word' id='word_1_136' title='bbox 2575 894 2640 955; x_wconf 84' lang='grc' dir='ltr'>εὶς</span> <span class='ocrx_word' id='word_1_137' title='bbox 2671 893 2922 967; x_wconf 78' lang='grc' dir='ltr'><strong>ἀκρόασιν</strong></span> <span class='ocrx_word' id='word_1_138' title='bbox 2966 897 3124 961; x_wconf 86' lang='grc' dir='ltr'>θείαν,</span> <span class='ocrx_word' id='word_1_139' title='bbox 3174 895 3301 948; x_wconf 76' lang='grc' dir='ltr'><strong>ἀλλὰ</strong></span> <span class='ocrx_word' id='word_1_140' title='bbox 3352 898 3520 948; x_wconf 81' lang='grc' dir='ltr'>πάντα</span> <span class='ocrx_word' id='word_1_141' title='bbox 3574 891 3802 969; x_wconf 73' lang='grc' dir='ltr'>δεύτερα</span> <span class='ocrx_word' id='word_1_142' title='bbox 3854 902 4010 961; x_wconf 70' lang='grc' dir='ltr'>ταύτης</span> 
     </span>
    </p>
   </div>
   <div class='ocr_carea' id='block_1_24' title="bbox 2435 982 4007 1059">
    <p class='ocr_par' dir='ltr' id='par_1_24' title="bbox 2435 982 4007 1059">
     <span class='ocr_line' id='line_1_24' title="bbox 2435 982 4007 1059; baseline 0.004 -25"><span class='ocrx_word' id='word_1_143' title='bbox 2435 982 2761 1054; x_wconf 73' lang='grc' dir='ltr'>λογίζεσθαι.</span> <span class='ocrx_word' id='word_1_144' title='bbox 2801 984 2974 1037; x_wconf 80' lang='grc' dir='ltr'>Τᾶλλα</span> <span class='ocrx_word' id='word_1_145' title='bbox 3012 989 3100 1057; x_wconf 73' lang='grc' dir='ltr'><strong>μεν</strong></span> <span class='ocrx_word' id='word_1_146' title='bbox 3147 988 3249 1057; x_wconf 75' lang='grc' dir='ltr'><strong>γὰρ</strong></span> <span class='ocrx_word' id='word_1_147' title='bbox 3296 985 3398 1038; x_wconf 84' lang='grc' dir='ltr'>ὅσα</span> <span class='ocrx_word' id='word_1_148' title='bbox 3444 984 3675 1057; x_wconf 81' lang='grc' dir='ltr'>βιωτικὰ</span> <span class='ocrx_word' id='word_1_149' title='bbox 3705 990 3883 1059; x_wconf 77' lang='grc' dir='ltr'>καιρόν</span> <span class='ocrx_word' id='word_1_150' title='bbox 3922 987 4007 1059; x_wconf 75' lang='grc' dir='ltr'>ἐχί-</span> 
     </span>
    </p>
   </div>
   <div class='ocr_carea' id='block_1_25' title="bbox 2437 1070 4006 1149">
    <p class='ocr_par' dir='ltr' id='par_1_25' title="bbox 2437 1070 4006 1149">
     <span class='ocr_line' id='line_1_25' title="bbox 2437 1070 4006 1149; baseline 0.003 -24"><span class='ocrx_word' id='word_1_151' title='bbox 2437 1090 2530 1125; x_wconf 82' lang='grc' dir='ltr'><strong>τω”</strong></span> <span class='ocrx_word' id='word_1_152' title='bbox 2580 1076 2709 1146; x_wconf 89' lang='grc' dir='ltr'>πρὸς</span> <span class='ocrx_word' id='word_1_153' title='bbox 2767 1077 2962 1134; x_wconf 76' lang='grc' dir='ltr'>ταύτην</span> <span class='ocrx_word' id='word_1_154' title='bbox 3022 1070 3080 1128; x_wconf 74' lang='grc' dir='ltr'>δε</span> <span class='ocrx_word' id='word_1_155' title='bbox 3132 1080 3233 1138; x_wconf 82' lang='grc' dir='ltr'>πᾶς</span> <span class='ocrx_word' id='word_1_156' title='bbox 3282 1075 3406 1146; x_wconf 74' lang='grc' dir='ltr'>ἡμῖν</span> <span class='ocrx_word' id='word_1_157' title='bbox 3458 1078 3592 1128; x_wconf 74' lang='grc' dir='ltr'>ἔστω</span> <span class='ocrx_word' id='word_1_158' title='bbox 3638 1079 3826 1149; x_wconf 81' lang='grc' dir='ltr'>καιρὸς</span> <span class='ocrx_word' id='word_1_159' title='bbox 3870 1075 4006 1135; x_wconf 68' lang='grc' dir='ltr'><strong>ἔπιε-ἠ-</strong></span> 
     </span>
    </p>
   </div>
   <div class='ocr_carea' id='block_1_26' title="bbox 2440 1159 2598 1224">
    <p class='ocr_par' dir='ltr' id='par_1_26' title="bbox 2440 1159 2598 1224">
     <span class='ocr_line' id='line_1_26' title="bbox 2440 1159 2598 1224; baseline 0 -9"><span class='ocrx_word' id='word_1_160' title='bbox 2440 1159 2598 1224; x_wconf 84' lang='grc' dir='ltr'>δειος.</span> 
     </span>
    </p>
   </div>
   <div class='ocr_carea' id='block_1_27' title="bbox 2508 1251 3999 1326">
    <p class='ocr_par' dir='ltr' id='par_1_27' title="bbox 2508 1251 3999 1326">
     <span class='ocr_line' id='line_1_27' title="bbox 2508 1251 3999 1326; baseline 0.001 -22"><span class='ocrx_word' id='word_1_161' title='bbox 2508 1251 2603 1304; x_wconf 79' lang='grc' dir='ltr'>Ἤν</span> <span class='ocrx_word' id='word_1_162' title='bbox 2656 1283 2719 1292; x_wconf 91' lang='grc'><strong>-</strong></span> <span class='ocrx_word' id='word_1_163' title='bbox 2776 1251 2938 1322; x_wconf 74' lang='grc' dir='ltr'>αὐτῷ.</span> <span class='ocrx_word' id='word_1_164' title='bbox 2974 1259 3076 1305; x_wconf 88' lang='grc' dir='ltr'><strong>Τοῦ</strong></span> <span class='ocrx_word' id='word_1_165' title='bbox 3121 1251 3293 1326; x_wconf 72' lang='grc' dir='ltr'>ἕτερον</span> <span class='ocrx_word' id='word_1_166' title='bbox 3348 1258 3736 1326; x_wconf 75' lang='grc' dir='ltr'>παρεσιὼπησε</span> <span class='ocrx_word' id='word_1_167' title='bbox 3781 1258 3869 1313; x_wconf 71' lang='grc' dir='ltr'>τὴν</span> <span class='ocrx_word' id='word_1_168' title='bbox 3914 1256 3999 1314; x_wconf 68' lang='grc' dir='ltr'>κλῆ-</span> 
     </span>
    </p>
   </div>
   <div class='ocr_carea' id='block_1_28' title="bbox 2441 1338 3996 1418">
    <p class='ocr_par' dir='ltr' id='par_1_28' title="bbox 2441 1338 3996 1418">
     <span class='ocr_line' id='line_1_28' title="bbox 2441 1338 3996 1418; baseline 0.001 -24"><span class='ocrx_word' id='word_1_169' title='bbox 2441 1361 2543 1407; x_wconf 82' lang='grc' dir='ltr'>σιν,</span> <span class='ocrx_word' id='word_1_170' title='bbox 2590 1346 2618 1400; x_wconf 74' lang='grc' dir='ltr'>ἦ</span> <span class='ocrx_word' id='word_1_171' title='bbox 2691 1338 2830 1395; x_wconf 82' lang='grc' dir='ltr'>διότι</span> <span class='ocrx_word' id='word_1_172' title='bbox 2874 1341 2967 1394; x_wconf 75' lang='grc' dir='ltr'><strong>οῦκ</strong></span> <span class='ocrx_word' id='word_1_173' title='bbox 3025 1339 3082 1400; x_wconf 74' lang='grc' dir='ltr'>ἦν</span> <span class='ocrx_word' id='word_1_174' title='bbox 3139 1351 3237 1393; x_wconf 80' lang='grc' dir='ltr'>τῶν</span> <span class='ocrx_word' id='word_1_175' title='bbox 3296 1341 3565 1414; x_wconf 72' lang='grc' dir='ltr'><strong>ἐπισήμων</strong></span> <span class='ocrx_word' id='word_1_176' title='bbox 3617 1349 3715 1396; x_wconf 80' lang='grc' dir='ltr'>καὶ</span> <span class='ocrx_word' id='word_1_177' title='bbox 3778 1351 3996 1418; x_wconf 67' lang='grc' dir='ltr'>γνωρίμω</span> 
     </span>
    </p>
   </div>
   <div class='ocr_carea' id='block_1_29' title="bbox 2439 1428 3997 1504">
    <p class='ocr_par' dir='ltr' id='par_1_29' title="bbox 2439 1428 3997 1504">
     <span class='ocr_line' id='line_1_29' title="bbox 2439 1428 3997 1504; baseline 0.004 -25"><span class='ocrx_word' id='word_1_178' title='bbox 2439 1429 2644 1495; x_wconf 75' lang='grc' dir='ltr'>ἐκεῖνος,</span> <span class='ocrx_word' id='word_1_179' title='bbox 2690 1432 2717 1489; x_wconf 68' lang='grc' dir='ltr'><em>ἦ</em></span> <span class='ocrx_word' id='word_1_180' title='bbox 2771 1433 2850 1484; x_wconf 85' lang='grc' dir='ltr'>ὁτι</span> <span class='ocrx_word' id='word_1_181' title='bbox 2899 1430 3060 1493; x_wconf 73' lang='grc' dir='ltr'>αὐτὸς</span> <span class='ocrx_word' id='word_1_182' title='bbox 3106 1428 3187 1498; x_wconf 75' lang='grc' dir='ltr'><strong>ἦν,</strong></span> <span class='ocrx_word' id='word_1_183' title='bbox 3221 1433 3246 1483; x_wconf 86' lang='grc' dir='ltr'><strong><em>ὁ</em></strong></span> <span class='ocrx_word' id='word_1_184' title='bbox 3294 1439 3462 1485; x_wconf 83' lang='grc' dir='ltr'>ταῦτα</span> <span class='ocrx_word' id='word_1_185' title='bbox 3515 1434 3757 1504; x_wconf 70' lang='grc' dir='ltr'>γράφων,</span> <span class='ocrx_word' id='word_1_186' title='bbox 3806 1434 3864 1493; x_wconf 82' lang='grc' dir='ltr'>ὦς</span> <span class='ocrx_word' id='word_1_187' title='bbox 3905 1440 3997 1495; x_wconf 68' lang='lat' dir='ltr'><strong>mi;</strong></span> 
     </span>
    </p>
   </div>
   <div class='ocr_carea' id='block_1_30' title="bbox 2439 1539 2623 1592">
    <p class='ocr_par' dir='ltr' id='par_1_30' title="bbox 2439 1539 2623 1592">
     <span class='ocr_line' id='line_1_30' title="bbox 2439 1539 2623 1592; baseline -0.005 -21"><span class='ocrx_word' id='word_1_188' title='bbox 2439 1539 2596 1592; x_wconf 71' lang='grc' dir='ltr'>φασιν</span> <span class='ocrx_word' id='word_1_189' title='bbox 2610 1564 2623 1576; x_wconf 82' lang='grc'><em>,</em></span> 
     </span>
    </p>
   </div>
   <div class='ocr_carea' id='block_1_31' title="bbox 2511 1608 3990 1685">
    <p class='ocr_par' dir='ltr' id='par_1_31' title="bbox 2511 1608 3990 1685">
     <span class='ocr_line' id='line_1_31' title="bbox 2511 1608 3990 1685; baseline 0.002 -24"><span class='ocrx_word' id='word_1_190' title='bbox 2511 1612 2754 1683; x_wconf 67' lang='grc' dir='ltr'>Εὖρίσκει</span> <span class='ocrx_word' id='word_1_191' title='bbox 2792 1641 2859 1650; x_wconf 91' lang='grc'><strong>-</strong></span> <span class='ocrx_word' id='word_1_192' title='bbox 2908 1615 3153 1683; x_wconf 78' lang='grc' dir='ltr'>Χριστός.</span> <span class='ocrx_word' id='word_1_193' title='bbox 3211 1608 3420 1683; x_wconf 64' lang='grc' dir='ltr'>Σρόδρα</span> <span class='ocrx_word' id='word_1_194' title='bbox 3466 1617 3757 1685; x_wconf 78' lang='grc' dir='ltr'>χαίροντος</span> <span class='ocrx_word' id='word_1_195' title='bbox 3799 1614 3822 1664; x_wconf 86' lang='grc' dir='ltr'><strong>ό</strong></span> <span class='ocrx_word' id='word_1_196' title='bbox 3862 1612 3990 1682; x_wconf 77' lang='grc' dir='ltr'>λόγος.</span> 
     </span>
    </p>
   </div>
   <div class='ocr_carea' id='block_1_32' title="bbox 2440 1697 3988 1773">
    <p class='ocr_par' dir='ltr' id='par_1_32' title="bbox 2440 1697 3988 1773">
     <span class='ocr_line' id='line_1_32' title="bbox 2440 1697 3988 1773; baseline -0.001 -21"><span class='ocrx_word' id='word_1_197' title='bbox 2440 1701 2742 1771; x_wconf 74' lang='grc' dir='ltr'>Εὑρήκαμεν</span> <span class='ocrx_word' id='word_1_198' title='bbox 2775 1699 2827 1750; x_wconf 85' lang='grc' dir='ltr'>ὃν</span> <span class='ocrx_word' id='word_1_199' title='bbox 2859 1698 3156 1771; x_wconf 75' lang='grc' dir='ltr'>ἐζητοῦμεν,</span> <span class='ocrx_word' id='word_1_200' title='bbox 3192 1701 3244 1752; x_wconf 86' lang='grc' dir='ltr'>ὃν</span> <span class='ocrx_word' id='word_1_201' title='bbox 3276 1697 3684 1773; x_wconf 73' lang='grc' dir='ltr'>προσεδοκῶμεν</span> <span class='ocrx_word' id='word_1_202' title='bbox 3718 1702 3863 1764; x_wconf 69' lang='grc' dir='ltr'>ἥξειν,</span> <span class='ocrx_word' id='word_1_203' title='bbox 3891 1703 3931 1752; x_wconf 74' lang='grc' dir='ltr'><strong>όν</strong></span> <span class='ocrx_word' id='word_1_204' title='bbox 3954 1705 3988 1751; x_wconf 76' lang='lat' dir='ltr'><strong>2i</strong></span> 
     </span>
    </p>
   </div>
   <div class='ocr_carea' id='block_1_33' title="bbox 671 1787 2341 1872">
    <p class='ocr_par' dir='ltr' id='par_1_33' title="bbox 671 1787 2330 1858">
     <span class='ocr_line' id='line_1_33' title="bbox 671 1787 2330 1858; baseline 0.002 -19"><span class='ocrx_word' id='word_1_205' title='bbox 671 1801 855 1858; x_wconf 90' lang='lat' dir='ltr'><strong>quem</strong></span> <span class='ocrx_word' id='word_1_206' title='bbox 909 1790 1223 1840; x_wconf 90' lang='lat' dir='ltr'><strong>venturum</strong></span> <span class='ocrx_word' id='word_1_207' title='bbox 1291 1788 1707 1856; x_wconf 77' lang='lat' dir='ltr'><strong>sperabamus,</strong></span> <span class='ocrx_word' id='word_1_208' title='bbox 1772 1802 1955 1858; x_wconf 87' lang='lat' dir='ltr'><strong>quem</strong></span> <span class='ocrx_word' id='word_1_209' title='bbox 2023 1787 2330 1857; x_wconf 66' lang='lat' dir='ltr'><strong>Scriptum)</strong></span> 
     </span>
    </p>
   </div>
   <div class='ocr_carea' id='block_1_34' title="bbox 2432 1787 3983 1872">
    <p class='ocr_par' dir='ltr' id='par_1_34' title="bbox 2442 1789 3983 1865">
     <span class='ocr_line' id='line_1_34' title="bbox 2442 1789 3983 1865; baseline 0 -25"><span class='ocrx_word' id='word_1_210' title='bbox 2442 1794 2636 1861; x_wconf 76' lang='grc' dir='ltr'>Γραφαὶ</span> <span class='ocrx_word' id='word_1_211' title='bbox 2670 1789 3035 1859; x_wconf 63' lang='grc' dir='ltr'>κατήγγελλον.</span> <span class='ocrx_word' id='word_1_212' title='bbox 3069 1789 3179 1862; x_wconf 72' lang='grc' dir='ltr'><strong>Ἀφ’</strong></span> <span class='ocrx_word' id='word_1_213' title='bbox 3214 1791 3281 1840; x_wconf 83' lang='grc' dir='ltr'>ὧν</span> <span class='ocrx_word' id='word_1_214' title='bbox 3304 1793 3406 1865; x_wconf 81' lang='grc' dir='ltr'>γὰρ</span> <span class='ocrx_word' id='word_1_215' title='bbox 3435 1789 3852 1862; x_wconf 70' lang='grc' dir='ltr'>ὶμυστσιγωγήθη</span> <span class='ocrx_word' id='word_1_216' title='bbox 3879 1800 3983 1846; x_wconf 62' lang='lat' dir='ltr'><strong>mvi-</strong></span> 
     </span>
    </p>
   </div>
   <div class='ocr_carea' id='block_1_35' title="bbox 675 1874 2332 1945">
    <p class='ocr_par' dir='ltr' id='par_1_35' title="bbox 675 1874 2332 1945">
     <span class='ocr_line' id='line_1_35' title="bbox 675 1874 2332 1945; baseline 0.001 -15"><span class='ocrx_word' id='word_1_217' title='bbox 675 1874 1178 1936; x_wconf 87' lang='lat' dir='ltr'><strong>annuntiaverunt</strong></span> <span class='ocrx_word' id='word_1_218' title='bbox 1203 1891 1217 1942; x_wconf 89' lang='lat'><strong>;</strong></span> <span class='ocrx_word' id='word_1_219' title='bbox 1242 1891 1381 1930; x_wconf 89' lang='lat' dir='ltr'><strong>nam</strong></span> <span class='ocrx_word' id='word_1_220' title='bbox 1411 1875 1489 1931; x_wconf 92' lang='lat' dir='ltr'><strong>ab</strong></span> <span class='ocrx_word' id='word_1_221' title='bbox 1512 1876 1600 1930; x_wconf 90' lang='lat' dir='ltr'><strong>his</strong></span> <span class='ocrx_word' id='word_1_222' title='bbox 1627 1875 1784 1931; x_wconf 92' lang='lat' dir='ltr'><strong>hunc</strong></span> <span class='ocrx_word' id='word_1_223' title='bbox 1805 1891 1937 1931; x_wconf 89' lang='lat' dir='ltr'><strong>esse</strong></span> <span class='ocrx_word' id='word_1_224' title='bbox 1962 1877 2260 1945; x_wconf 90' lang='lat' dir='ltr'><strong>cognovit,</strong></span> <span class='ocrx_word' id='word_1_225' title='bbox 2296 1892 2332 1932; x_wconf 87' lang='lat' dir='ltr'><strong>a</strong></span> 
     </span>
    </p>
   </div>
   <div class='ocr_carea' id='block_1_36' title="bbox 674 1962 1760 2032">
    <p class='ocr_par' dir='ltr' id='par_1_36' title="bbox 674 1962 1760 2032">
     <span class='ocr_line' id='line_1_36' title="bbox 674 1962 1760 2032; baseline 0.003 -14"><span class='ocrx_word' id='word_1_226' title='bbox 674 1962 895 2032; x_wconf 86' lang='lat' dir='ltr'><strong>quibus</strong></span> <span class='ocrx_word' id='word_1_227' title='bbox 924 1963 1001 2019; x_wconf 89' lang='lat' dir='ltr'><strong>ad</strong></span> <span class='ocrx_word' id='word_1_228' title='bbox 1033 1979 1206 2020; x_wconf 87' lang='lat' dir='ltr'><strong>sacra</strong></span> <span class='ocrx_word' id='word_1_229' title='bbox 1236 1964 1608 2020; x_wconf 84' lang='lat' dir='ltr'><strong>introductus</strong></span> <span class='ocrx_word' id='word_1_230' title='bbox 1649 1969 1760 2022; x_wconf 89' lang='lat' dir='ltr'><strong>est.</strong></span> 
     </span>
    </p>
   </div>
   <div class='ocr_carea' id='block_1_37' title="bbox 746 2051 2332 2127">
    <p class='ocr_par' dir='ltr' id='par_1_37' title="bbox 746 2051 2332 2127">
     <span class='ocr_line' id='line_1_37' title="bbox 746 2051 2332 2127; baseline 0.002 -21"><span class='ocrx_word' id='word_1_231' title='bbox 746 2051 1071 2110; x_wconf 81' lang='lat' dir='ltr'><strong>Considera</strong></span> <span class='ocrx_word' id='word_1_232' title='bbox 1100 2070 1257 2118; x_wconf 90' lang='lat' dir='ltr'><strong>vero,</strong></span> <span class='ocrx_word' id='word_1_233' title='bbox 1311 2056 1472 2126; x_wconf 91' lang='lat' dir='ltr'><strong>quod</strong></span> <span class='ocrx_word' id='word_1_234' title='bbox 1511 2055 1567 2109; x_wconf 88' lang='lat' dir='ltr'><strong>hi</strong></span> <span class='ocrx_word' id='word_1_235' title='bbox 1597 2055 1775 2111; x_wconf 88' lang='lat' dir='ltr'><strong>etiam</strong></span> <span class='ocrx_word' id='word_1_236' title='bbox 1822 2071 1958 2111; x_wconf 91' lang='lat' dir='ltr'><strong>cum</strong></span> <span class='ocrx_word' id='word_1_237' title='bbox 2005 2055 2332 2127; x_wconf 86' lang='lat' dir='ltr'><strong>piscatores</strong></span> 
     </span>
    </p>
   </div>
   <div class='ocr_carea' id='block_1_38' title="bbox 679 2143 2331 2214">
    <p class='ocr_par' dir='ltr' id='par_1_38' title="bbox 679 2143 2331 2214">
     <span class='ocr_line' id='line_1_38' title="bbox 679 2143 2331 2214; baseline 0.001 -16"><span class='ocrx_word' id='word_1_238' title='bbox 679 2147 877 2198; x_wconf 85' lang='lat' dir='ltr'><strong>essent</strong></span> <span class='ocrx_word' id='word_1_239' title='bbox 902 2143 1212 2214; x_wconf 87' lang='lat' dir='ltr'><strong>Scripturis</strong></span> <span class='ocrx_word' id='word_1_240' title='bbox 1235 2144 1504 2200; x_wconf 86' lang='lat' dir='ltr'><strong>animum</strong></span> <span class='ocrx_word' id='word_1_241' title='bbox 1530 2144 1920 2200; x_wconf 82' lang='lat' dir='ltr'><strong>advertebant</strong></span> <span class='ocrx_word' id='word_1_242' title='bbox 1954 2161 1968 2199; x_wconf 93' lang='lat'><strong>:</strong></span> <span class='ocrx_word' id='word_1_243' title='bbox 2003 2161 2111 2200; x_wconf 91' lang='lat' dir='ltr'><strong>nos</strong></span> <span class='ocrx_word' id='word_1_244' title='bbox 2130 2152 2331 2200; x_wconf 90' lang='lat' dir='ltr'><strong>autem</strong></span> 
     </span>
    </p>
   </div>
   <div class='ocr_carea' id='block_1_39' title="bbox 675 2231 2329 2306">
    <p class='ocr_par' dir='ltr' id='par_1_39' title="bbox 675 2231 2329 2306">
     <span class='ocr_line' id='line_1_39' title="bbox 675 2231 2329 2306; baseline 0.002 -20"><span class='ocrx_word' id='word_1_245' title='bbox 675 2231 774 2303; x_wconf 90' lang='lat' dir='ltr'><strong>qui</strong></span> <span class='ocrx_word' id='word_1_246' title='bbox 805 2231 879 2286; x_wconf 89' lang='lat' dir='ltr'><strong>de</strong></span> <span class='ocrx_word' id='word_1_247' title='bbox 917 2233 999 2287; x_wconf 90' lang='lat' dir='ltr'><strong>eis</strong></span> <span class='ocrx_word' id='word_1_248' title='bbox 1039 2232 1446 2305; x_wconf 87' lang='lat' dir='ltr'><strong>colloquimur,</strong></span> <span class='ocrx_word' id='word_1_249' title='bbox 1491 2233 1551 2290; x_wconf 92' lang='lat' dir='ltr'><strong>in</strong></span> <span class='ocrx_word' id='word_1_250' title='bbox 1609 2234 1816 2306; x_wconf 91' lang='lat' dir='ltr'><strong>eisque</strong></span> <span class='ocrx_word' id='word_1_251' title='bbox 1868 2250 2182 2290; x_wconf 85' lang='lat' dir='ltr'><strong>versamur</strong></span> <span class='ocrx_word' id='word_1_252' title='bbox 2232 2235 2329 2304; x_wconf 87' lang='lat' dir='ltr'><strong>(j),</strong></span> 
     </span>
    </p>
   </div>
   <div class='ocr_carea' id='block_1_40' title="bbox 674 2323 2187 2394">
    <p class='ocr_par' dir='ltr' id='par_1_40' title="bbox 674 2323 2187 2394">
     <span class='ocr_line' id='line_1_40' title="bbox 674 2323 2187 2394; baseline 0.001 -17"><span class='ocrx_word' id='word_1_253' title='bbox 674 2335 1064 2394; x_wconf 84' lang='lat' dir='ltr'><strong>nequaquam</strong></span> <span class='ocrx_word' id='word_1_254' title='bbox 1093 2329 1290 2379; x_wconf 85' lang='lat' dir='ltr'><strong>tamen</strong></span> <span class='ocrx_word' id='word_1_255' title='bbox 1323 2323 1476 2380; x_wconf 88' lang='lat' dir='ltr'><strong>adeo</strong></span> <span class='ocrx_word' id='word_1_256' title='bbox 1502 2323 1774 2380; x_wconf 86' lang='lat' dir='ltr'><strong>animum</strong></span> <span class='ocrx_word' id='word_1_257' title='bbox 1797 2323 2187 2380; x_wconf 87' lang='lat' dir='ltr'><strong>attendimus.</strong></span> 
     </span>
    </p>
   </div>
   <div class='ocr_carea' id='block_1_41' title="bbox 2441 1878 3005 1939">
    <p class='ocr_par' dir='ltr' id='par_1_41' title="bbox 2441 1878 3005 1939">
     <span class='ocr_line' id='line_1_41' title="bbox 2441 1878 3005 1939; baseline -0.004 -9"><span class='ocrx_word' id='word_1_258' title='bbox 2441 1897 2522 1930; x_wconf 84' lang='grc' dir='ltr'><strong>κεν</strong></span> <span class='ocrx_word' id='word_1_259' title='bbox 2554 1881 2631 1930; x_wconf 85' lang='grc' dir='ltr'>ὅτι</span> <span class='ocrx_word' id='word_1_260' title='bbox 2664 1878 2815 1939; x_wconf 68' lang='grc' dir='ltr'>αὐτός</span> <span class='ocrx_word' id='word_1_261' title='bbox 2839 1879 3005 1935; x_wconf 80' lang='grc' dir='ltr'>ἐστιν,</span> 
     </span>
    </p>
   </div>
   <div class='ocr_carea' id='block_1_42' title="bbox 2510 2053 3981 2131">
    <p class='ocr_par' dir='ltr' id='par_1_42' title="bbox 2510 2053 3981 2131">
     <span class='ocr_line' id='line_1_42' title="bbox 2510 2053 3981 2131; baseline 0.001 -25"><span class='ocrx_word' id='word_1_262' title='bbox 2510 2056 2645 2128; x_wconf 83' lang='grc' dir='ltr'>Ὀρα</span> <span class='ocrx_word' id='word_1_263' title='bbox 2675 2053 2733 2108; x_wconf 82' lang='grc' dir='ltr'>δε</span> <span class='ocrx_word' id='word_1_264' title='bbox 2761 2058 2861 2120; x_wconf 81' lang='grc' dir='ltr'>ὅτι,</span> <span class='ocrx_word' id='word_1_265' title='bbox 2897 2061 2984 2108; x_wconf 84' lang='grc' dir='ltr'>καὶ</span> <span class='ocrx_word' id='word_1_266' title='bbox 3016 2056 3173 2118; x_wconf 77' lang='grc' dir='ltr'>ἁλιεῖς</span> <span class='ocrx_word' id='word_1_267' title='bbox 3218 2061 3371 2122; x_wconf 81' lang='grc' dir='ltr'>ὄντες,</span> <span class='ocrx_word' id='word_1_268' title='bbox 3420 2065 3713 2131; x_wconf 79' lang='grc' dir='ltr'>προσεῖχον</span> <span class='ocrx_word' id='word_1_269' title='bbox 3755 2067 3858 2121; x_wconf 83' lang='grc' dir='ltr'>ταῖς</span> <span class='ocrx_word' id='word_1_270' title='bbox 3893 2064 3981 2130; x_wconf 73' lang='grc' dir='ltr'>Γρα-</span> 
     </span>
    </p>
   </div>
   <div class='ocr_carea' id='block_1_43' title="bbox 2443 2143 3987 2218">
    <p class='ocr_par' dir='ltr' id='par_1_43' title="bbox 2443 2143 3987 2218">
     <span class='ocr_line' id='line_1_43' title="bbox 2443 2143 3987 2218; baseline 0 -22"><span class='ocrx_word' id='word_1_271' title='bbox 2443 2153 2557 2216; x_wconf 81' lang='grc' dir='ltr'>φαὶς</span> <span class='ocrx_word' id='word_1_272' title='bbox 2590 2163 2602 2175; x_wconf 87' lang='grc'>·</span> <span class='ocrx_word' id='word_1_273' title='bbox 2664 2148 2812 2216; x_wconf 74' lang='grc' dir='ltr'>ἡμεῖς</span> <span class='ocrx_word' id='word_1_274' title='bbox 2867 2143 2945 2208; x_wconf 79' lang='grc' dir='ltr'><strong>δε,</strong></span> <span class='ocrx_word' id='word_1_275' title='bbox 2987 2153 3072 2199; x_wconf 77' lang='grc' dir='ltr'>καὶ</span> <span class='ocrx_word' id='word_1_276' title='bbox 3128 2147 3420 2218; x_wconf 80' lang='grc' dir='ltr'>ὁμιλοῦντες</span> <span class='ocrx_word' id='word_1_277' title='bbox 3471 2147 3670 2210; x_wconf 66' lang='grc' dir='ltr'>αὐταῖς,</span> <span class='ocrx_word' id='word_1_278' title='bbox 3735 2145 3838 2201; x_wconf 67' lang='grc' dir='ltr'><strong>οὐδ’</strong></span> <span class='ocrx_word' id='word_1_279' title='bbox 3886 2148 3987 2200; x_wconf 64' lang='grc' dir='ltr'>οὕτω</span> 
     </span>
    </p>
   </div>
   <div class='ocr_carea' id='block_1_44' title="bbox 2441 2235 2943 2306">
    <p class='ocr_par' dir='ltr' id='par_1_44' title="bbox 2441 2235 2943 2306">
     <span class='ocr_line' id='line_1_44' title="bbox 2441 2235 2943 2306; baseline 0 -20"><span class='ocrx_word' id='word_1_280' title='bbox 2441 2237 2774 2306; x_wconf 83' lang='grc' dir='ltr'>προσέχομεν</span> <span class='ocrx_word' id='word_1_281' title='bbox 2808 2235 2943 2305; x_wconf 73' lang='grc'><strong>(64).</strong></span> 
     </span>
    </p>
   </div>
   <div class='ocr_carea' id='block_1_45' title="bbox 746 2411 2812 2483">
    <p class='ocr_par' dir='ltr' id='par_1_45' title="bbox 746 2411 2812 2483">
     <span class='ocr_line' id='line_1_45' title="bbox 746 2411 2812 2483; baseline 0.001 -18"><span class='ocrx_word' id='word_1_282' title='bbox 746 2413 789 2482; x_wconf 60' lang='grc' dir='ltr'><strong>’ί-</strong></span> <span class='ocrx_word' id='word_1_283' title='bbox 815 2411 1203 2468; x_wconf 85' lang='lat' dir='ltr'><strong>Medtatorem</strong></span> <span class='ocrx_word' id='word_1_284' title='bbox 1232 2412 1521 2480; x_wconf 83' lang='lat' dir='ltr'><strong>videlicet,</strong></span> <span class='ocrx_word' id='word_1_285' title='bbox 1556 2429 1744 2483; x_wconf 89' lang='lat' dir='ltr'><strong>genus</strong></span> <span class='ocrx_word' id='word_1_286' title='bbox 1775 2429 1811 2469; x_wconf 88' lang='lat' dir='ltr'><strong>a</strong></span> <span class='ocrx_word' id='word_1_287' title='bbox 1839 2414 1956 2469; x_wconf 89' lang='lat' dir='ltr'><strong>Deo</strong></span> <span class='ocrx_word' id='word_1_288' title='bbox 1991 2429 2061 2469; x_wconf 90' lang='lat' dir='ltr'><strong>ac</strong></span> <span class='ocrx_word' id='word_1_289' title='bbox 2093 2412 2444 2469; x_wconf 83' lang='lat' dir='ltr'><strong>hominibus</strong></span> <span class='ocrx_word' id='word_1_290' title='bbox 2475 2412 2812 2468; x_wconf 86' lang='lat' dir='ltr'><strong>ducentem.</strong></span> 
     </span>
    </p>
   </div>
   <div class='ocr_carea' id='block_1_46' title="bbox 749 2501 2335 2574">
    <p class='ocr_par' dir='ltr' id='par_1_46' title="bbox 749 2501 2335 2574">
     <span class='ocr_line' id='line_1_46' title="bbox 749 2501 2335 2574; baseline 0.004 -22"><span class='ocrx_word' id='word_1_291' title='bbox 749 2501 911 2556; x_wconf 82' lang='lat' dir='ltr'><strong>Vers.</strong></span> <span class='ocrx_word' id='word_1_292' title='bbox 953 2505 1039 2558; x_wconf 75' lang='grc'><strong>43.</strong></span> <span class='ocrx_word' id='word_1_293' title='bbox 1073 2501 1148 2556; x_wconf 89' lang='lat' dir='ltr'><strong>Et</strong></span> <span class='ocrx_word' id='word_1_294' title='bbox 1173 2503 1478 2557; x_wconf 83' lang='lat' dir='ltr'><strong>—Jesum.</strong></span> <span class='ocrx_word' id='word_1_295' title='bbox 1519 2504 1842 2574; x_wconf 89' lang='lat' dir='ltr'><strong>Postquam</strong></span> <span class='ocrx_word' id='word_1_296' title='bbox 1869 2503 2141 2558; x_wconf 86' lang='lat' dir='ltr'><strong>videlicet</strong></span> <span class='ocrx_word' id='word_1_297' title='bbox 2170 2503 2335 2558; x_wconf 85' lang='lat' dir='ltr'><strong>dixe-</strong></span> 
     </span>
    </p>
   </div>
   <div class='ocr_carea' id='block_1_47' title="bbox 678 2590 2336 2662">
    <p class='ocr_par' dir='ltr' id='par_1_47' title="bbox 678 2590 2336 2662">
     <span class='ocr_line' id='line_1_47' title="bbox 678 2590 2336 2662; baseline 0 -16"><span class='ocrx_word' id='word_1_298' title='bbox 678 2593 771 2646; x_wconf 84' lang='lat' dir='ltr'><strong>rat</strong></span> <span class='ocrx_word' id='word_1_299' title='bbox 798 2605 933 2662; x_wconf 71' lang='lat' dir='ltr'><strong>qum</strong></span> <span class='ocrx_word' id='word_1_300' title='bbox 974 2590 1051 2644; x_wconf 91' lang='lat' dir='ltr'><strong>ab</strong></span> <span class='ocrx_word' id='word_1_301' title='bbox 1078 2605 1148 2646; x_wconf 92' lang='lat' dir='ltr'><strong>eo</strong></span> <span class='ocrx_word' id='word_1_302' title='bbox 1196 2590 1486 2647; x_wconf 88' lang='lat' dir='ltr'><strong>audierat.</strong></span> <span class='ocrx_word' id='word_1_303' title='bbox 1534 2591 1839 2662; x_wconf 87' lang='lat' dir='ltr'><strong>Siquidem</strong></span> <span class='ocrx_word' id='word_1_304' title='bbox 1880 2592 1992 2646; x_wconf 90' lang='lat' dir='ltr'><strong>hoc</strong></span> <span class='ocrx_word' id='word_1_305' title='bbox 2033 2607 2336 2662; x_wconf 61' lang='lat' dir='ltr'><strong>germanae</strong></span> 
     </span>
    </p>
   </div>
   <div class='ocr_carea' id='block_1_48' title="bbox 681 2677 2337 2750">
    <p class='ocr_par' dir='ltr' id='par_1_48' title="bbox 681 2677 2337 2750">
     <span class='ocr_line' id='line_1_48' title="bbox 681 2677 2337 2750; baseline 0 -16"><span class='ocrx_word' id='word_1_306' title='bbox 681 2677 1066 2734; x_wconf 78' lang='lat' dir='ltr'><strong>fraternitatis</strong></span> <span class='ocrx_word' id='word_1_307' title='bbox 1115 2683 1221 2743; x_wconf 89' lang='lat' dir='ltr'><strong>est,</strong></span> <span class='ocrx_word' id='word_1_308' title='bbox 1265 2679 1379 2733; x_wconf 91' lang='lat' dir='ltr'><strong>hoc</strong></span> <span class='ocrx_word' id='word_1_309' title='bbox 1429 2679 1673 2734; x_wconf 70' lang='lat' dir='ltr'><strong>sincerm</strong></span> <span class='ocrx_word' id='word_1_310' title='bbox 1728 2679 2023 2750; x_wconf 68' lang='lat' dir='ltr'><strong>amicitiae,</strong></span> <span class='ocrx_word' id='word_1_311' title='bbox 2076 2686 2138 2736; x_wconf 91' lang='lat' dir='ltr'><strong>ut</strong></span> <span class='ocrx_word' id='word_1_312' title='bbox 2199 2680 2337 2735; x_wconf 92' lang='lat' dir='ltr'><strong>boni</strong></span> 
     </span>
    </p>
   </div>
   <div class='ocr_carea' id='block_1_49' title="bbox 682 2766 2337 2839">
    <p class='ocr_par' dir='ltr' id='par_1_49' title="bbox 682 2766 2337 2839">
     <span class='ocr_line' id='line_1_49' title="bbox 682 2766 2337 2839; baseline 0.002 -18"><span class='ocrx_word' id='word_1_313' title='bbox 682 2766 1034 2839; x_wconf 90' lang='lat' dir='ltr'><strong>participem</strong></span> <span class='ocrx_word' id='word_1_314' title='bbox 1095 2773 1364 2821; x_wconf 88' lang='lat' dir='ltr'><strong>assumat</strong></span> <span class='ocrx_word' id='word_1_315' title='bbox 1394 2772 1448 2822; x_wconf 90' lang='lat' dir='ltr'><strong>et</strong></span> <span class='ocrx_word' id='word_1_316' title='bbox 1477 2767 1741 2824; x_wconf 81' lang='lat' dir='ltr'><strong>fratrem.</strong></span> <span class='ocrx_word' id='word_1_317' title='bbox 1794 2769 2081 2824; x_wconf 85' lang='lat' dir='ltr'><strong>Fortassis</strong></span> <span class='ocrx_word' id='word_1_318' title='bbox 2136 2775 2337 2824; x_wconf 87' lang='lat' dir='ltr'><strong>autem</strong></span> 
     </span>
    </p>
   </div>
   <div class='ocr_carea' id='block_1_50' title="bbox 684 2854 2338 2926">
    <p class='ocr_par' dir='ltr' id='par_1_50' title="bbox 684 2854 2338 2926">
     <span class='ocr_line' id='line_1_50' title="bbox 684 2854 2338 2926; baseline 0.003 -17"><span class='ocrx_word' id='word_1_319' title='bbox 684 2868 806 2909; x_wconf 91' lang='lat' dir='ltr'><strong>non</strong></span> <span class='ocrx_word' id='word_1_320' title='bbox 821 2854 1161 2926; x_wconf 69' lang='lat' dir='ltr'><strong>retulitquae</strong></span> <span class='ocrx_word' id='word_1_321' title='bbox 1175 2855 1252 2908; x_wconf 91' lang='lat' dir='ltr'><strong>ab</strong></span> <span class='ocrx_word' id='word_1_322' title='bbox 1269 2870 1338 2909; x_wconf 91' lang='lat' dir='ltr'><strong>eo</strong></span> <span class='ocrx_word' id='word_1_323' title='bbox 1354 2857 1635 2926; x_wconf 86' lang='lat' dir='ltr'><strong>mysteria</strong></span> <span class='ocrx_word' id='word_1_324' title='bbox 1650 2857 1942 2920; x_wconf 88' lang='lat' dir='ltr'><strong>audierat,</strong></span> <span class='ocrx_word' id='word_1_325' title='bbox 1973 2858 2077 2912; x_wconf 92' lang='lat' dir='ltr'><strong>sed</strong></span> <span class='ocrx_word' id='word_1_326' title='bbox 2109 2863 2338 2914; x_wconf 86' lang='lat' dir='ltr'><strong>tantum</strong></span> 
     </span>
    </p>
   </div>
   <div class='ocr_carea' id='block_1_51' title="bbox 685 2940 2338 3012">
    <p class='ocr_par' dir='ltr' id='par_1_51' title="bbox 685 2940 2338 3012">
     <span class='ocr_line' id='line_1_51' title="bbox 685 2940 2338 3012; baseline 0.002 -14"><span class='ocrx_word' id='word_1_327' title='bbox 685 2940 790 2998; x_wconf 88' lang='lat' dir='ltr'><strong>ubi</strong></span> <span class='ocrx_word' id='word_1_328' title='bbox 816 2940 1105 2998; x_wconf 84' lang='lat' dir='ltr'><strong>dixisset:</strong></span> <span class='ocrx_word' id='word_1_329' title='bbox 1146 2942 1482 3002; x_wconf 78' lang='lat' dir='ltr'><strong>Invenimus</strong></span> <span class='ocrx_word' id='word_1_330' title='bbox 1533 2945 1830 3012; x_wconf 74' lang='lat' dir='ltr'><strong>Messium,</strong></span> <span class='ocrx_word' id='word_1_331' title='bbox 1862 2946 2029 3003; x_wconf 82' lang='lat' dir='ltr'><strong>duxit</strong></span> <span class='ocrx_word' id='word_1_332' title='bbox 2080 2963 2218 3004; x_wconf 90' lang='lat' dir='ltr'><strong>eum</strong></span> <span class='ocrx_word' id='word_1_333' title='bbox 2265 2948 2338 3003; x_wconf 89' lang='lat' dir='ltr'><strong>ad</strong></span> 
     </span>
    </p>
   </div>
   <div class='ocr_carea' id='block_1_52' title="bbox 686 3031 911 3096">
    <p class='ocr_par' dir='ltr' id='par_1_52' title="bbox 686 3031 911 3096">
     <span class='ocr_line' id='line_1_52' title="bbox 686 3031 911 3096; baseline 0.009 -10"><span class='ocrx_word' id='word_1_334' title='bbox 686 3031 911 3096; x_wconf 84' lang='lat' dir='ltr'><strong>.lesum,</strong></span> 
     </span>
    </p>
   </div>
   <div class='ocr_carea' id='block_1_53' title="bbox 690 3118 2341 3197">
    <p class='ocr_par' dir='ltr' id='par_1_53' title="bbox 690 3118 2341 3197">
     <span class='ocr_line' id='line_1_53' title="bbox 690 3118 2341 3197; baseline 0.005 -22"><span class='ocrx_word' id='word_1_335' title='bbox 690 3118 1039 3194; x_wconf 85' lang='lat' dir='ltr'><strong>Christoque</strong></span> <span class='ocrx_word' id='word_1_336' title='bbox 1072 3120 1345 3189; x_wconf 87' lang='lat' dir='ltr'><strong>traderet,</strong></span> <span class='ocrx_word' id='word_1_337' title='bbox 1378 3123 1567 3180; x_wconf 89' lang='lat' dir='ltr'><strong>sciens</strong></span> <span class='ocrx_word' id='word_1_338' title='bbox 1605 3124 1770 3197; x_wconf 91' lang='lat' dir='ltr'><strong>quod</strong></span> <span class='ocrx_word' id='word_1_339' title='bbox 1810 3124 1902 3182; x_wconf 89' lang='lat' dir='ltr'><strong>ille</strong></span> <span class='ocrx_word' id='word_1_340' title='bbox 1933 3127 2171 3182; x_wconf 88' lang='lat' dir='ltr'><strong>doceret</strong></span> <span class='ocrx_word' id='word_1_341' title='bbox 2203 3142 2341 3184; x_wconf 90' lang='lat' dir='ltr'><strong>eum</strong></span> 
     </span>
    </p>
   </div>
   <div class='ocr_carea' id='block_1_54' title="bbox 688 3208 992 3268">
    <p class='ocr_par' dir='ltr' id='par_1_54' title="bbox 688 3208 992 3268">
     <span class='ocr_line' id='line_1_54' title="bbox 688 3208 992 3268; baseline 0.01 -3"><span class='ocrx_word' id='word_1_342' title='bbox 688 3208 992 3268; x_wconf 85' lang='lat' dir='ltr'><strong>universa.</strong></span> 
     </span>
    </p>
   </div>
   <div class='ocr_carea' id='block_1_55' title="bbox 762 3300 2348 3371">
    <p class='ocr_par' dir='ltr' id='par_1_55' title="bbox 762 3300 2348 3371">
     <span class='ocr_line' id='line_1_55' title="bbox 762 3300 2348 3371; baseline 0.006 -18"><span class='ocrx_word' id='word_1_343' title='bbox 762 3301 922 3354; x_wconf 83' lang='lat' dir='ltr'><strong>Vers.</strong></span> <span class='ocrx_word' id='word_1_344' title='bbox 972 3300 1060 3356; x_wconf 79' lang='grc'><strong>43.</strong></span> <span class='ocrx_word' id='word_1_345' title='bbox 1112 3301 1369 3357; x_wconf 82' lang='lat' dir='ltr'><strong>Intuitus</strong></span> <span class='ocrx_word' id='word_1_346' title='bbox 1425 3335 1493 3343; x_wconf 97' lang='lat'>—</span> <span class='ocrx_word' id='word_1_347' title='bbox 1543 3304 1771 3360; x_wconf 76' lang='lat' dir='ltr'><strong>Petrus.</strong></span> <span class='ocrx_word' id='word_1_348' title='bbox 1827 3306 1970 3371; x_wconf 73' lang='lat' dir='ltr'><strong>Qum</strong></span> <span class='ocrx_word' id='word_1_349' title='bbox 2021 3306 2348 3363; x_wconf 88' lang='lat' dir='ltr'><strong>divinitatis</strong></span> 
     </span>
    </p>
   </div>
   <div class='ocr_carea' id='block_1_56' title="bbox 692 3389 2350 3468">
    <p class='ocr_par' dir='ltr' id='par_1_56' title="bbox 692 3389 2350 3468">
     <span class='ocr_line' id='line_1_56' title="bbox 692 3389 2350 3468; baseline 0.002 -24"><span class='ocrx_word' id='word_1_350' title='bbox 692 3392 830 3446; x_wconf 90' lang='lat' dir='ltr'><strong>sunt</strong></span> <span class='ocrx_word' id='word_1_351' title='bbox 879 3389 1162 3464; x_wconf 89' lang='lat' dir='ltr'><strong>deinceps</strong></span> <span class='ocrx_word' id='word_1_352' title='bbox 1215 3408 1248 3448; x_wconf 90' lang='lat' dir='ltr'><strong>a</strong></span> <span class='ocrx_word' id='word_1_353' title='bbox 1297 3392 1577 3449; x_wconf 85' lang='lat' dir='ltr'><strong>vaticinio</strong></span> <span class='ocrx_word' id='word_1_354' title='bbox 1603 3395 1832 3465; x_wconf 89' lang='lat' dir='ltr'><strong>aperire</strong></span> <span class='ocrx_word' id='word_1_355' title='bbox 1873 3394 2089 3466; x_wconf 87' lang='lat' dir='ltr'><strong>incipit.</strong></span> <span class='ocrx_word' id='word_1_356' title='bbox 2161 3395 2350 3468; x_wconf 86' lang='lat' dir='ltr'><strong>Siqui-</strong></span> 
     </span>
    </p>
   </div>
   <div class='ocr_carea' id='block_1_57' title="bbox 692 3479 2349 3555">
    <p class='ocr_par' dir='ltr' id='par_1_57' title="bbox 692 3479 2349 3555">
     <span class='ocr_line' id='line_1_57' title="bbox 692 3479 2349 3555; baseline 0.004 -22"><span class='ocrx_word' id='word_1_357' title='bbox 692 3479 830 3534; x_wconf 89' lang='lat' dir='ltr'><strong>dem</strong></span> <span class='ocrx_word' id='word_1_358' title='bbox 858 3494 979 3535; x_wconf 90' lang='lat' dir='ltr'><strong>non</strong></span> <span class='ocrx_word' id='word_1_359' title='bbox 1009 3484 1210 3538; x_wconf 86' lang='lat' dir='ltr'><strong>minus</strong></span> <span class='ocrx_word' id='word_1_360' title='bbox 1247 3481 1511 3540; x_wconf 88' lang='lat' dir='ltr'><strong>alliciunt</strong></span> <span class='ocrx_word' id='word_1_361' title='bbox 1556 3483 1831 3538; x_wconf 87' lang='lat' dir='ltr'><strong>homines</strong></span> <span class='ocrx_word' id='word_1_362' title='bbox 1872 3484 2197 3555; x_wconf 68' lang='lat' dir='ltr'><strong>proiihetiie</strong></span> <span class='ocrx_word' id='word_1_363' title='bbox 2247 3490 2349 3540; x_wconf 88' lang='lat' dir='ltr'><strong>aut</strong></span> 
     </span>
    </p>
   </div>
   <div class='ocr_carea' id='block_1_58' title="bbox 693 3565 2351 3642">
    <p class='ocr_par' dir='ltr' id='par_1_58' title="bbox 693 3565 2351 3642">
     <span class='ocr_line' id='line_1_58' title="bbox 693 3565 2351 3642; baseline 0.004 -21"><span class='ocrx_word' id='word_1_364' title='bbox 693 3565 1030 3624; x_wconf 86' lang='lat' dir='ltr'><strong>futurorum</strong></span> <span class='ocrx_word' id='word_1_365' title='bbox 1083 3569 1479 3636; x_wconf 87' lang='lat' dir='ltr'><strong>annuntiatio,</strong></span> <span class='ocrx_word' id='word_1_366' title='bbox 1551 3586 1739 3642; x_wconf 89' lang='lat' dir='ltr'><strong>quam</strong></span> <span class='ocrx_word' id='word_1_367' title='bbox 1793 3572 1985 3641; x_wconf 89' lang='lat' dir='ltr'><strong>signa.</strong></span> <span class='ocrx_word' id='word_1_368' title='bbox 2064 3574 2351 3628; x_wconf 58' lang='lat' dir='ltr'><strong>Praeterea</strong></span> 
     </span>
    </p>
   </div>
   <div class='ocr_carea' id='block_1_59' title="bbox 695 3657 2351 3733">
    <p class='ocr_par' dir='ltr' id='par_1_59' title="bbox 695 3657 2351 3733">
     <span class='ocr_line' id='line_1_59' title="bbox 695 3657 2351 3733; baseline 0.001 -19"><span class='ocrx_word' id='word_1_369' title='bbox 695 3658 895 3714; x_wconf 89' lang='lat' dir='ltr'><strong>minus</strong></span> <span class='ocrx_word' id='word_1_370' title='bbox 913 3657 1089 3714; x_wconf 88' lang='lat' dir='ltr'><strong>etiam</strong></span> <span class='ocrx_word' id='word_1_371' title='bbox 1119 3665 1321 3730; x_wconf 90' lang='lat' dir='ltr'><strong>patent</strong></span> <span class='ocrx_word' id='word_1_372' title='bbox 1345 3660 1618 3725; x_wconf 76' lang='lat' dir='ltr'><strong>invidiae;</strong></span> <span class='ocrx_word' id='word_1_373' title='bbox 1647 3677 1786 3716; x_wconf 86' lang='lat' dir='ltr'><strong>nam</strong></span> <span class='ocrx_word' id='word_1_374' title='bbox 1822 3663 1995 3733; x_wconf 89' lang='lat' dir='ltr'><strong>signa</strong></span> <span class='ocrx_word' id='word_1_375' title='bbox 2025 3662 2351 3718; x_wconf 89' lang='lat' dir='ltr'><strong>calumnia-</strong></span> 
     </span>
    </p>
   </div>
   <div class='ocr_carea' id='block_1_60' title="bbox 694 3745 2350 3822">
    <p class='ocr_par' dir='ltr' id='par_1_60' title="bbox 694 3745 2350 3822">
     <span class='ocr_line' id='line_1_60' title="bbox 694 3745 2350 3822; baseline 0.005 -22"><span class='ocrx_word' id='word_1_376' title='bbox 694 3746 907 3802; x_wconf 86' lang='lat' dir='ltr'><strong>bautur</strong></span> <span class='ocrx_word' id='word_1_377' title='bbox 949 3745 1310 3817; x_wconf 90' lang='lat' dir='ltr'><strong>insipientes.</strong></span> <span class='ocrx_word' id='word_1_378' title='bbox 1352 3749 1421 3804; x_wconf 87' lang='lat' dir='ltr'><strong>In</strong></span> <span class='ocrx_word' id='word_1_379' title='bbox 1477 3749 1801 3814; x_wconf 82' lang='lat' dir='ltr'><strong>Beelzebul,</strong></span> <span class='ocrx_word' id='word_1_380' title='bbox 1844 3751 2142 3821; x_wconf 89' lang='lat' dir='ltr'><strong>inquiunt,</strong></span> <span class='ocrx_word' id='word_1_381' title='bbox 2194 3752 2350 3822; x_wconf 81' lang='lat' dir='ltr'><strong>ejicit</strong></span> 
     </span>
    </p>
   </div>
   <div class='ocr_carea' id='block_1_61' title="bbox 697 3833 2344 3907">
    <p class='ocr_par' dir='ltr' id='par_1_61' title="bbox 697 3833 2344 3907">
     <span class='ocr_line' id='line_1_61' title="bbox 697 3833 2344 3907; baseline 0.005 -20"><span class='ocrx_word' id='word_1_382' title='bbox 697 3833 999 3890; x_wconf 78' lang='lat' dir='ltr'><strong>dwmom‘a.</strong></span> <span class='ocrx_word' id='word_1_383' title='bbox 1043 3837 1120 3892; x_wconf 87' lang='lat' dir='ltr'><strong>De</strong></span> <span class='ocrx_word' id='word_1_384' title='bbox 1160 3835 1481 3907; x_wconf 82' lang='lat' dir='ltr'><strong>prOphetiis</strong></span> <span class='ocrx_word' id='word_1_385' title='bbox 1534 3853 1674 3892; x_wconf 89' lang='lat' dir='ltr'><strong>vero</strong></span> <span class='ocrx_word' id='word_1_386' title='bbox 1704 3837 1849 3894; x_wconf 86' lang='lat' dir='ltr'><strong>nihil</strong></span> <span class='ocrx_word' id='word_1_387' title='bbox 1876 3839 1987 3894; x_wconf 88' lang='lat' dir='ltr'><strong>tale</strong></span> <span class='ocrx_word' id='word_1_388' title='bbox 2018 3839 2239 3895; x_wconf 81' lang='lat' dir='ltr'><strong>dixisse</strong></span> <span class='ocrx_word' id='word_1_389' title='bbox 2268 3840 2344 3896; x_wconf 89' lang='lat' dir='ltr'><strong>le-</strong></span> 
     </span>
    </p>
   </div>
   <div class='ocr_carea' id='block_1_62' title="bbox 700 3926 942 3990">
    <p class='ocr_par' dir='ltr' id='par_1_62' title="bbox 700 3926 942 3990">
     <span class='ocr_line' id='line_1_62' title="bbox 700 3926 942 3990; baseline 0 -15"><span class='ocrx_word' id='word_1_390' title='bbox 700 3926 942 3990; x_wconf 87' lang='lat' dir='ltr'><strong>guntur.</strong></span> 
     </span>
    </p>
   </div>
   <div class='ocr_carea' id='block_1_63' title="bbox 771 4011 2351 4088">
    <p class='ocr_par' dir='ltr' id='par_1_63' title="bbox 771 4011 2351 4088">
     <span class='ocr_line' id='line_1_63' title="bbox 771 4011 2351 4088; baseline 0.004 -22"><span class='ocrx_word' id='word_1_391' title='bbox 771 4013 838 4066; x_wconf 91' lang='lat' dir='ltr'><strong>Et</strong></span> <span class='ocrx_word' id='word_1_392' title='bbox 891 4011 1051 4068; x_wconf 90' lang='lat' dir='ltr'><strong>circa</strong></span> <span class='ocrx_word' id='word_1_393' title='bbox 1109 4013 1411 4070; x_wconf 90' lang='lat' dir='ltr'><strong>Simonem</strong></span> <span class='ocrx_word' id='word_1_394' title='bbox 1468 4015 1709 4088; x_wconf 90' lang='lat' dir='ltr'><strong>quidem</strong></span> <span class='ocrx_word' id='word_1_395' title='bbox 1757 4021 1810 4072; x_wconf 89' lang='lat' dir='ltr'><strong>et</strong></span> <span class='ocrx_word' id='word_1_396' title='bbox 1862 4017 2190 4074; x_wconf 86' lang='lat' dir='ltr'><strong>Nathanael</strong></span> <span class='ocrx_word' id='word_1_397' title='bbox 2240 4018 2351 4076; x_wconf 88' lang='lat' dir='ltr'><strong>hoc</strong></span> 
     </span>
    </p>
   </div>
   <div class='ocr_carea' id='block_1_64' title="bbox 697 4103 2352 4180">
    <p class='ocr_par' dir='ltr' id='par_1_64' title="bbox 697 4103 2352 4180">
     <span class='ocr_line' id='line_1_64' title="bbox 697 4103 2352 4180; baseline 0.006 -26"><span class='ocrx_word' id='word_1_398' title='bbox 697 4115 843 4155; x_wconf 88' lang='lat' dir='ltr'><strong>usus</strong></span> <span class='ocrx_word' id='word_1_399' title='bbox 873 4107 958 4157; x_wconf 89' lang='lat' dir='ltr'><strong>est</strong></span> <span class='ocrx_word' id='word_1_400' title='bbox 989 4103 1190 4159; x_wconf 91' lang='lat' dir='ltr'><strong>modo.</strong></span> <span class='ocrx_word' id='word_1_401' title='bbox 1226 4106 1302 4158; x_wconf 88' lang='lat' dir='ltr'><strong>De</strong></span> <span class='ocrx_word' id='word_1_402' title='bbox 1329 4105 1550 4162; x_wconf 90' lang='lat' dir='ltr'><strong>andrea</strong></span> <span class='ocrx_word' id='word_1_403' title='bbox 1580 4111 1780 4162; x_wconf 88' lang='lat' dir='ltr'><strong>autem</strong></span> <span class='ocrx_word' id='word_1_404' title='bbox 1811 4113 1868 4164; x_wconf 88' lang='lat' dir='ltr'><strong>et</strong></span> <span class='ocrx_word' id='word_1_405' title='bbox 1907 4107 2178 4180; x_wconf 90' lang='lat' dir='ltr'><strong>philippo</strong></span> <span class='ocrx_word' id='word_1_406' title='bbox 2207 4108 2352 4164; x_wconf 88' lang='lat' dir='ltr'><strong>nihil</strong></span> 
     </span>
    </p>
   </div>
   <div class='ocr_carea' id='block_1_65' title="bbox 697 4191 2352 4265">
    <p class='ocr_par' dir='ltr' id='par_1_65' title="bbox 697 4191 2352 4265">
     <span class='ocr_line' id='line_1_65' title="bbox 697 4191 2352 4265; baseline 0.005 -21"><span class='ocrx_word' id='word_1_407' title='bbox 697 4191 1048 4246; x_wconf 88' lang='lat' dir='ltr'><strong>vaticinatus</strong></span> <span class='ocrx_word' id='word_1_408' title='bbox 1073 4198 1179 4247; x_wconf 87' lang='lat' dir='ltr'><strong>est.</strong></span> <span class='ocrx_word' id='word_1_409' title='bbox 1209 4194 1791 4265; x_wconf 79' lang='lat' dir='ltr'><strong>SiquidemAndreas</strong></span> <span class='ocrx_word' id='word_1_410' title='bbox 1828 4198 2074 4252; x_wconf 85' lang='lat' dir='ltr'><strong>Joannis</strong></span> <span class='ocrx_word' id='word_1_411' title='bbox 2101 4200 2352 4253; x_wconf 86' lang='lat' dir='ltr'><strong>testimo-</strong></span> 
     </span>
    </p>
   </div>
   <div class='ocr_carea' id='block_1_66' title="bbox 697 4280 2350 4356">
    <p class='ocr_par' dir='ltr' id='par_1_66' title="bbox 697 4280 2350 4356">
     <span class='ocr_line' id='line_1_66' title="bbox 697 4280 2350 4356; baseline 0.003 -21"><span class='ocrx_word' id='word_1_412' title='bbox 697 4280 797 4336; x_wconf 90' lang='lat' dir='ltr'><strong>nio</strong></span> <span class='ocrx_word' id='word_1_413' title='bbox 854 4287 1136 4338; x_wconf 89' lang='lat' dir='ltr'><strong>attractus</strong></span> <span class='ocrx_word' id='word_1_414' title='bbox 1191 4287 1280 4338; x_wconf 91' lang='lat' dir='ltr'><strong>est</strong></span> <span class='ocrx_word' id='word_1_415' title='bbox 1328 4301 1345 4354; x_wconf 80' lang='lat'>;</span> <span class='ocrx_word' id='word_1_416' title='bbox 1416 4284 1722 4356; x_wconf 87' lang='lat' dir='ltr'><strong>Philippus</strong></span> <span class='ocrx_word' id='word_1_417' title='bbox 1775 4302 1910 4342; x_wconf 89' lang='lat' dir='ltr'><strong>vero</strong></span> <span class='ocrx_word' id='word_1_418' title='bbox 1969 4287 2176 4342; x_wconf 90' lang='lat' dir='ltr'><strong>videns</strong></span> <span class='ocrx_word' id='word_1_419' title='bbox 2218 4287 2350 4342; x_wconf 87' lang='lat' dir='ltr'><strong>illos</strong></span> 
     </span>
    </p>
   </div>
   <div class='ocr_carea' id='block_1_67' title="bbox 694 4369 2352 4447">
    <p class='ocr_par' dir='ltr' id='par_1_67' title="bbox 694 4369 2352 4447">
     <span class='ocr_line' id='line_1_67' title="bbox 694 4369 2352 4447; baseline 0.004 -23"><span class='ocrx_word' id='word_1_420' title='bbox 694 4369 798 4443; x_wconf 89' lang='lat' dir='ltr'><strong>qui</strong></span> <span class='ocrx_word' id='word_1_421' title='bbox 827 4372 1024 4442; x_wconf 89' lang='lat' dir='ltr'><strong>ipsum</strong></span> <span class='ocrx_word' id='word_1_422' title='bbox 1050 4373 1470 4444; x_wconf 87' lang='lat' dir='ltr'><strong>sequebantur,</strong></span> <span class='ocrx_word' id='word_1_423' title='bbox 1503 4374 1581 4430; x_wconf 89' lang='lat' dir='ltr'><strong>ad</strong></span> <span class='ocrx_word' id='word_1_424' title='bbox 1611 4373 1792 4430; x_wconf 87' lang='lat' dir='ltr'><strong>ﬁdem</strong></span> <span class='ocrx_word' id='word_1_425' title='bbox 1821 4376 2018 4447; x_wconf 86' lang='lat' dir='ltr'><strong>etipse</strong></span> <span class='ocrx_word' id='word_1_426' title='bbox 2060 4376 2352 4433; x_wconf 87' lang='lat' dir='ltr'><strong>adductus</strong></span> 
     </span>
    </p>
   </div>
   <div class='ocr_carea' id='block_1_68' title="bbox 697 4460 2349 4536">
    <p class='ocr_par' dir='ltr' id='par_1_68' title="bbox 697 4460 2349 4536">
     <span class='ocr_line' id='line_1_68' title="bbox 697 4460 2349 4536; baseline 0.003 -20"><span class='ocrx_word' id='word_1_427' title='bbox 697 4464 801 4516; x_wconf 89' lang='lat' dir='ltr'><strong>est.</strong></span> <span class='ocrx_word' id='word_1_428' title='bbox 836 4462 910 4515; x_wconf 93' lang='lat' dir='ltr'><strong>De</strong></span> <span class='ocrx_word' id='word_1_429' title='bbox 933 4460 1103 4517; x_wconf 85' lang='lat' dir='ltr'><strong>Petro</strong></span> <span class='ocrx_word' id='word_1_430' title='bbox 1134 4461 1370 4532; x_wconf 89' lang='lat' dir='ltr'><strong>quidem</strong></span> <span class='ocrx_word' id='word_1_431' title='bbox 1395 4463 1775 4536; x_wconf 90' lang='lat' dir='ltr'><strong>prophetavit</strong></span> <span class='ocrx_word' id='word_1_432' title='bbox 1806 4466 1980 4535; x_wconf 88' lang='lat' dir='ltr'><strong>cujus</strong></span> <span class='ocrx_word' id='word_1_433' title='bbox 1999 4465 2349 4534; x_wconf 82' lang='lat' dir='ltr'><strong>essetﬁlius,</strong></span> 
     </span>
    </p>
   </div>
   <div class='ocr_carea' id='block_1_69' title="bbox 697 4551 1746 4621">
    <p class='ocr_par' dir='ltr' id='par_1_69' title="bbox 697 4551 1746 4621">
     <span class='ocr_line' id='line_1_69' title="bbox 697 4551 1746 4621; baseline 0.006 -17"><span class='ocrx_word' id='word_1_434' title='bbox 697 4554 754 4605; x_wconf 89' lang='lat' dir='ltr'><strong>et</strong></span> <span class='ocrx_word' id='word_1_435' title='bbox 784 4565 905 4621; x_wconf 91' lang='lat' dir='ltr'><strong>quo</strong></span> <span class='ocrx_word' id='word_1_436' title='bbox 929 4551 1238 4605; x_wconf 89' lang='lat' dir='ltr'><strong>vocandus</strong></span> <span class='ocrx_word' id='word_1_437' title='bbox 1297 4558 1450 4607; x_wconf 87' lang='lat' dir='ltr'><strong>esset</strong></span> <span class='ocrx_word' id='word_1_438' title='bbox 1479 4555 1746 4611; x_wconf 90' lang='lat' dir='ltr'><strong>nomine.</strong></span> 
     </span>
    </p>
   </div>
   <div class='ocr_carea' id='block_1_70' title="bbox 771 4639 2350 4714">
    <p class='ocr_par' dir='ltr' id='par_1_70' title="bbox 771 4639 2350 4714">
     <span class='ocr_line' id='line_1_70' title="bbox 771 4639 2350 4714; baseline 0.004 -21"><span class='ocrx_word' id='word_1_439' title='bbox 771 4639 978 4703; x_wconf 72' lang='lat' dir='ltr'><strong>Quaere</strong></span> <span class='ocrx_word' id='word_1_440' title='bbox 1023 4645 1310 4710; x_wconf 67' lang='lat' dir='ltr'><strong>praeterea</strong></span> <span class='ocrx_word' id='word_1_441' title='bbox 1338 4641 1415 4696; x_wconf 92' lang='lat' dir='ltr'><strong>ad</strong></span> <span class='ocrx_word' id='word_1_442' title='bbox 1456 4641 1863 4712; x_wconf 88' lang='lat' dir='ltr'><strong>perfectiorem</strong></span> <span class='ocrx_word' id='word_1_443' title='bbox 1905 4643 2350 4714; x_wconf 86' lang='lat' dir='ltr'><strong>intelligentiam</strong></span> 
     </span>
    </p>
   </div>
   <div class='ocr_carea' id='block_1_71' title="bbox 698 4727 2349 4803">
    <p class='ocr_par' dir='ltr' id='par_1_71' title="bbox 698 4727 2349 4803">
     <span class='ocr_line' id='line_1_71' title="bbox 698 4727 2349 4803; baseline 0.005 -22"><span class='ocrx_word' id='word_1_444' title='bbox 698 4728 866 4782; x_wconf 90' lang='lat' dir='ltr'><strong>tertio</strong></span> <span class='ocrx_word' id='word_1_445' title='bbox 893 4727 1059 4796; x_wconf 83' lang='lat' dir='ltr'><strong>juxta</strong></span> <span class='ocrx_word' id='word_1_446' title='bbox 1087 4729 1417 4786; x_wconf 61' lang='lat' dir='ltr'><strong>Matthaaum</strong></span> <span class='ocrx_word' id='word_1_447' title='bbox 1447 4731 1641 4803; x_wconf 90' lang='lat' dir='ltr'><strong>capite</strong></span> <span class='ocrx_word' id='word_1_448' title='bbox 1671 4732 1810 4788; x_wconf 91' lang='lat' dir='ltr'><strong>dicti</strong></span> <span class='ocrx_word' id='word_1_449' title='bbox 1840 4733 1995 4788; x_wconf 91' lang='lat' dir='ltr'><strong>illius</strong></span> <span class='ocrx_word' id='word_1_450' title='bbox 2026 4735 2349 4789; x_wconf 88' lang='lat' dir='ltr'><strong>enarratio-</strong></span> 
     </span>
    </p>
   </div>
   <div class='ocr_carea' id='block_1_72' title="bbox 699 4815 2352 4886">
    <p class='ocr_par' dir='ltr' id='par_1_72' title="bbox 699 4815 2352 4886">
     <span class='ocr_line' id='line_1_72' title="bbox 699 4815 2352 4886; baseline 0.006 -17"><span class='ocrx_word' id='word_1_451' title='bbox 699 4829 838 4870; x_wconf 90' lang='lat' dir='ltr'><strong>nem</strong></span> <span class='ocrx_word' id='word_1_452' title='bbox 860 4815 1205 4874; x_wconf 81' lang='lat' dir='ltr'><strong>:Ambulans</strong></span> <span class='ocrx_word' id='word_1_453' title='bbox 1217 4818 1384 4875; x_wconf 78' lang='lat' dir='ltr'><strong>Jesus</strong></span> <span class='ocrx_word' id='word_1_454' title='bbox 1402 4822 1563 4878; x_wconf 69' lang='lat' dir='ltr'><strong>circa</strong></span> <span class='ocrx_word' id='word_1_455' title='bbox 1581 4837 1744 4878; x_wconf 85' lang='lat' dir='ltr'><strong>mare</strong></span> <span class='ocrx_word' id='word_1_456' title='bbox 1762 4821 2034 4886; x_wconf 73' lang='lat' dir='ltr'><strong>Galilww,</strong></span> <span class='ocrx_word' id='word_1_457' title='bbox 2047 4822 2192 4878; x_wconf 81' lang='lat' dir='ltr'><strong>vidit</strong></span> <span class='ocrx_word' id='word_1_458' title='bbox 2205 4823 2352 4879; x_wconf 80' lang='lat' dir='ltr'><strong>duos</strong></span> 
     </span>
    </p>
   </div>
   <div class='ocr_carea' id='block_1_73' title="bbox 996 3031 2414 3108">
    <p class='ocr_par' dir='ltr' id='par_1_73' title="bbox 996 3031 2414 3108">
     <span class='ocr_line' id='line_1_73' title="bbox 996 3031 2414 3108; baseline 0.008 -25"><span class='ocrx_word' id='word_1_459' title='bbox 996 3031 1055 3086; x_wconf 91' lang='lat' dir='ltr'><strong>id</strong></span> <span class='ocrx_word' id='word_1_460' title='bbox 1135 3031 1332 3088; x_wconf 89' lang='lat' dir='ltr'><strong>solum</strong></span> <span class='ocrx_word' id='word_1_461' title='bbox 1407 3033 1654 3090; x_wconf 88' lang='lat' dir='ltr'><strong>studens</strong></span> <span class='ocrx_word' id='word_1_462' title='bbox 1710 3041 1770 3092; x_wconf 92' lang='lat' dir='ltr'><strong>ut</strong></span> <span class='ocrx_word' id='word_1_463' title='bbox 1835 3036 2033 3108; x_wconf 89' lang='lat' dir='ltr'><strong>ipsum</strong></span> <span class='ocrx_word' id='word_1_464' title='bbox 2079 3038 2414 3094; x_wconf 74' lang='lat' dir='ltr'><strong>ducer.—t.C</strong></span> 
     </span>
    </p>
   </div>
   <div class='ocr_carea' id='block_1_74' title="bbox 2521 2501 3990 2573">
    <p class='ocr_par' dir='ltr' id='par_1_74' title="bbox 2521 2501 3990 2573">
     <span class='ocr_line' id='line_1_74' title="bbox 2521 2501 3990 2573; baseline -0.002 -19"><span class='ocrx_word' id='word_1_465' title='bbox 2521 2508 2619 2554; x_wconf 80' lang='grc' dir='ltr'><strong>Καὶ</strong></span> <span class='ocrx_word' id='word_1_466' title='bbox 2671 2534 2733 2543; x_wconf 95' lang='grc'><strong><em>-</em></strong></span> <span class='ocrx_word' id='word_1_467' title='bbox 2780 2503 3008 2560; x_wconf 77' lang='grc' dir='ltr'>Ἰησοῦν,</span> <span class='ocrx_word' id='word_1_468' title='bbox 3065 2503 3230 2556; x_wconf 79' lang='grc' dir='ltr'>Εἰπὼν</span> <span class='ocrx_word' id='word_1_469' title='bbox 3278 2506 3310 2555; x_wconf 83' lang='grc' dir='ltr'>οἱ</span> <span class='ocrx_word' id='word_1_470' title='bbox 3359 2507 3571 2566; x_wconf 76' lang='grc' dir='ltr'>ἤκουσε,</span> <span class='ocrx_word' id='word_1_471' title='bbox 3622 2501 3827 2560; x_wconf 69' lang='grc' dir='ltr'>δηλονότι</span> <span class='ocrx_word' id='word_1_472' title='bbox 3877 2503 3990 2573; x_wconf 58' lang='grc' dir='ltr'>παρ’</span> 
     </span>
    </p>
   </div>
   <div class='ocr_carea' id='block_1_75' title="bbox 2448 2590 3980 2665">
    <p class='ocr_par' dir='ltr' id='par_1_75' title="bbox 2448 2590 3980 2665">
     <span class='ocr_line' id='line_1_75' title="bbox 2448 2590 3980 2665; baseline -0.001 -23"><span class='ocrx_word' id='word_1_473' title='bbox 2448 2591 2624 2644; x_wconf 62' lang='grc' dir='ltr'>αὐτοῦ.</span> <span class='ocrx_word' id='word_1_474' title='bbox 2687 2599 2850 2644; x_wconf 87' lang='grc' dir='ltr'>Τοῦτο</span> <span class='ocrx_word' id='word_1_475' title='bbox 2906 2599 3254 2662; x_wconf 78' lang='grc' dir='ltr'>γνησιότητος</span> <span class='ocrx_word' id='word_1_476' title='bbox 3317 2590 3601 2665; x_wconf 39' lang='lat' dir='ltr'><strong>Mosam,</strong></span> <span class='ocrx_word' id='word_1_477' title='bbox 3650 2601 3774 2644; x_wconf 80' lang='grc' dir='ltr'>τοῦτο</span> <span class='ocrx_word' id='word_1_478' title='bbox 3828 2590 3980 2660; x_wconf 73' lang='grc' dir='ltr'>φιλίας</span> 
     </span>
    </p>
   </div>
   <div class='ocr_carea' id='block_1_76' title="bbox 2449 2678 3989 2755">
    <p class='ocr_par' dir='ltr' id='par_1_76' title="bbox 2449 2678 3989 2755">
     <span class='ocr_line' id='line_1_76' title="bbox 2449 2678 3989 2755; baseline -0.003 -22"><span class='ocrx_word' id='word_1_479' title='bbox 2449 2681 2774 2755; x_wconf 69' lang='grc' dir='ltr'>εἰλικρινοῦς,</span> <span class='ocrx_word' id='word_1_480' title='bbox 2869 2686 3109 2733; x_wconf 85' lang='grc' dir='ltr'>κοινωνόν</span> <span class='ocrx_word' id='word_1_481' title='bbox 3183 2690 3274 2734; x_wconf 85' lang='grc' dir='ltr'><strong>τοῦ</strong></span> <span class='ocrx_word' id='word_1_482' title='bbox 3356 2682 3541 2752; x_wconf 73' lang='grc' dir='ltr'>ἀγαθον</span> <span class='ocrx_word' id='word_1_483' title='bbox 3617 2678 3989 2752; x_wconf 63' lang='grc' dir='ltr'>προσλαμϐάνειν</span> 
     </span>
    </p>
   </div>
   <div class='ocr_carea' id='block_1_77' title="bbox 2449 2767 3994 2841">
    <p class='ocr_par' dir='ltr' id='par_1_77' title="bbox 2449 2767 3994 2841">
     <span class='ocr_line' id='line_1_77' title="bbox 2449 2767 3994 2841; baseline -0.001 -20"><span class='ocrx_word' id='word_1_484' title='bbox 2449 2776 2537 2822; x_wconf 83' lang='grc' dir='ltr'>καὶ</span> <span class='ocrx_word' id='word_1_485' title='bbox 2580 2775 2663 2821; x_wconf 82' lang='grc' dir='ltr'><strong>τόν</strong></span> <span class='ocrx_word' id='word_1_486' title='bbox 2693 2767 2928 2841; x_wconf 72' lang='grc' dir='ltr'>ἀδελφόν.</span> <span class='ocrx_word' id='word_1_487' title='bbox 2972 2770 3124 2831; x_wconf 84' lang='grc' dir='ltr'>Ἰσως</span> <span class='ocrx_word' id='word_1_488' title='bbox 3164 2769 3222 2823; x_wconf 67' lang='grc' dir='ltr'><strong>δὲ</strong></span> <span class='ocrx_word' id='word_1_489' title='bbox 3279 2778 3368 2823; x_wconf 80' lang='grc' dir='ltr'>καὶ</span> <span class='ocrx_word' id='word_1_490' title='bbox 3417 2769 3531 2823; x_wconf 69' lang='grc' dir='ltr'><strong>οὐῖἰ</strong></span> <span class='ocrx_word' id='word_1_491' title='bbox 3568 2768 3690 2824; x_wconf 75' lang='grc' dir='ltr'>εἶπεν</span> <span class='ocrx_word' id='word_1_492' title='bbox 3731 2770 3764 2821; x_wconf 79' lang='grc' dir='ltr'><strong>ἃ.</strong></span> <span class='ocrx_word' id='word_1_493' title='bbox 3804 2769 3994 2829; x_wconf 60' lang='lat' dir='ltr'><strong>iuuatu-</strong></span> 
     </span>
    </p>
   </div>
   <div class='ocr_carea' id='block_1_78' title="bbox 2449 2858 3988 2934">
    <p class='ocr_par' dir='ltr' id='par_1_78' title="bbox 2449 2858 3988 2934">
     <span class='ocr_line' id='line_1_78' title="bbox 2449 2858 3988 2934; baseline -0.001 -24"><span class='ocrx_word' id='word_1_494' title='bbox 2449 2861 2689 2930; x_wconf 65' lang='grc' dir='ltr'>γωγόθη,</span> <span class='ocrx_word' id='word_1_495' title='bbox 2732 2858 2859 2910; x_wconf 78' lang='grc' dir='ltr'>ἀλλά</span> <span class='ocrx_word' id='word_1_496' title='bbox 2905 2864 3057 2930; x_wconf 82' lang='grc' dir='ltr'>μόνον</span> <span class='ocrx_word' id='word_1_497' title='bbox 3111 2860 3285 2926; x_wconf 80' lang='grc' dir='ltr'>εἰπὼν,</span> <span class='ocrx_word' id='word_1_498' title='bbox 3349 2862 3641 2934; x_wconf 47' lang='lat' dir='ltr'><strong>Baptizatur:</strong></span> <span class='ocrx_word' id='word_1_499' title='bbox 3689 2863 3766 2910; x_wconf 77' lang='grc' dir='ltr'>τὸν</span> <span class='ocrx_word' id='word_1_500' title='bbox 3810 2865 3988 2927; x_wconf 66' lang='lat' dir='ltr'><strong>Mula-ii,</strong></span> 
     </span>
    </p>
   </div>
   <div class='ocr_carea' id='block_1_79' title="bbox 2451 2944 3981 3023">
    <p class='ocr_par' dir='ltr' id='par_1_79' title="bbox 2451 2944 3981 3023">
     <span class='ocr_line' id='line_1_79' title="bbox 2451 2944 3981 3023; baseline -0.002 -24"><span class='ocrx_word' id='word_1_501' title='bbox 2451 2950 2642 3019; x_wconf 76' lang='grc' dir='ltr'>ἡγαγεν</span> <span class='ocrx_word' id='word_1_502' title='bbox 2665 2949 2819 3000; x_wconf 67' lang='grc' dir='ltr'>αὐτόν</span> <span class='ocrx_word' id='word_1_503' title='bbox 2850 2952 2979 3023; x_wconf 87' lang='grc' dir='ltr'>πρὸς</span> <span class='ocrx_word' id='word_1_504' title='bbox 3005 2953 3090 3001; x_wconf 89' lang='grc' dir='ltr'><strong>τόν</strong></span> <span class='ocrx_word' id='word_1_505' title='bbox 3115 2949 3338 3017; x_wconf 83' lang='grc' dir='ltr'>Ἰησοῦν,</span> <span class='ocrx_word' id='word_1_506' title='bbox 3361 2956 3513 3002; x_wconf 82' lang='grc' dir='ltr'>τοῦτό</span> <span class='ocrx_word' id='word_1_507' title='bbox 3535 2956 3680 3022; x_wconf 84' lang='grc' dir='ltr'>μόνον</span> <span class='ocrx_word' id='word_1_508' title='bbox 3708 2944 3981 3011; x_wconf 67' lang='grc' dir='ltr'>σπουδάζων,</span> 
     </span>
    </p>
   </div>
   <div class='ocr_carea' id='block_1_80' title="bbox 2455 3033 3976 3110">
    <p class='ocr_par' dir='ltr' id='par_1_80' title="bbox 2455 3033 3976 3110">
     <span class='ocr_line' id='line_1_80' title="bbox 2455 3033 3976 3110; baseline 0 -23"><span class='ocrx_word' id='word_1_509' title='bbox 2455 3035 2664 3106; x_wconf 74' lang='grc' dir='ltr'>ἀγαγεῖν</span> <span class='ocrx_word' id='word_1_510' title='bbox 2691 3036 2844 3088; x_wconf 69' lang='grc' dir='ltr'>αὐτόν</span> <span class='ocrx_word' id='word_1_511' title='bbox 2876 3043 2964 3089; x_wconf 82' lang='grc' dir='ltr'>καὶ</span> <span class='ocrx_word' id='word_1_512' title='bbox 2990 3033 3319 3109; x_wconf 84' lang='grc' dir='ltr'>παραδοῦναί</span> <span class='ocrx_word' id='word_1_513' title='bbox 3351 3058 3400 3090; x_wconf 92' lang='grc' dir='ltr'><strong>τι</strong></span> <span class='ocrx_word' id='word_1_514' title='bbox 3421 3048 3491 3110; x_wconf 84' lang='grc' dir='ltr'>τῷ</span> <span class='ocrx_word' id='word_1_515' title='bbox 3524 3046 3756 3108; x_wconf 76' lang='grc' dir='ltr'>Χριστῷ,</span> <span class='ocrx_word' id='word_1_516' title='bbox 3776 3045 3976 3109; x_wconf 66' lang='grc' dir='ltr'>γινώσκων</span> 
     </span>
    </p>
   </div>
   <div class='ocr_carea' id='block_1_81' title="bbox 2455 3124 3403 3190">
    <p class='ocr_par' dir='ltr' id='par_1_81' title="bbox 2455 3124 3403 3190">
     <span class='ocr_line' id='line_1_81' title="bbox 2455 3124 3403 3190; baseline 0.002 -11"><span class='ocrx_word' id='word_1_517' title='bbox 2455 3127 2533 3180; x_wconf 73' lang='grc' dir='ltr'>ὅτι</span> <span class='ocrx_word' id='word_1_518' title='bbox 2561 3130 2616 3179; x_wconf 86' lang='grc' dir='ltr'><strong>τό</strong></span> <span class='ocrx_word' id='word_1_519' title='bbox 2648 3132 2746 3178; x_wconf 79' lang='grc' dir='ltr'>πᾶν</span> <span class='ocrx_word' id='word_1_520' title='bbox 2778 3125 2960 3188; x_wconf 73' lang='grc' dir='ltr'>ἐκεῖνος</span> <span class='ocrx_word' id='word_1_521' title='bbox 2995 3128 3151 3179; x_wconf 74' lang='grc' dir='ltr'>αὐτόν</span> <span class='ocrx_word' id='word_1_522' title='bbox 3175 3124 3403 3190; x_wconf 76' lang='grc' dir='ltr'><strong>διδάξει.</strong></span> 
     </span>
    </p>
   </div>
   <div class='ocr_carea' id='block_1_82' title="bbox 2527 3303 3995 3378">
    <p class='ocr_par' dir='ltr' id='par_1_82' title="bbox 2527 3303 3995 3378">
     <span class='ocr_line' id='line_1_82' title="bbox 2527 3303 3995 3378; baseline -0.017 -1"><span class='ocrx_word' id='word_1_523' title='bbox 2527 3303 2815 3376; x_wconf 53' lang='grc' dir='ltr'><strong>Ἐμϐλέψαῖ</strong></span> <span class='ocrx_word' id='word_1_524' title='bbox 2888 3336 2954 3345; x_wconf 84' lang='grc'><strong>““··</strong></span> <span class='ocrx_word' id='word_1_525' title='bbox 3040 3309 3249 3377; x_wconf 79' lang='grc' dir='ltr'>Πέτρος.</span> <span class='ocrx_word' id='word_1_526' title='bbox 3345 3305 3605 3378; x_wconf 77' lang='grc' dir='ltr'>’Δρχεται</span> <span class='ocrx_word' id='word_1_527' title='bbox 3678 3306 3844 3358; x_wconf 83' lang='grc' dir='ltr'>λοιπὸν</span> <span class='ocrx_word' id='word_1_528' title='bbox 3906 3321 3995 3373; x_wconf 69' lang='grc' dir='ltr'>παρ-</span> 
     </span>
    </p>
   </div>
   <div class='ocr_carea' id='block_1_83' title="bbox 2457 3389 3999 3470">
    <p class='ocr_par' dir='ltr' id='par_1_83' title="bbox 2457 3389 3999 3470">
     <span class='ocr_line' id='line_1_83' title="bbox 2457 3389 3999 3470; baseline 0 -22"><span class='ocrx_word' id='word_1_529' title='bbox 2457 3399 2679 3465; x_wconf 83' lang='grc' dir='ltr'>ανοίγειν</span> <span class='ocrx_word' id='word_1_530' title='bbox 2729 3398 2792 3445; x_wconf 73' lang='grc' dir='ltr'>τὰ</span> <span class='ocrx_word' id='word_1_531' title='bbox 2841 3402 2930 3454; x_wconf 71' lang='grc' dir='ltr'>τῆς</span> <span class='ocrx_word' id='word_1_532' title='bbox 2994 3397 3234 3456; x_wconf 77' lang='grc' dir='ltr'>θεότητος</span> <span class='ocrx_word' id='word_1_533' title='bbox 3263 3394 3364 3447; x_wconf 79' lang='grc' dir='ltr'><strong>ἀπὸ</strong></span> <span class='ocrx_word' id='word_1_534' title='bbox 3408 3395 3756 3470; x_wconf 72' lang='grc' dir='ltr'>προρρήσεως.</span> <span class='ocrx_word' id='word_1_535' title='bbox 3813 3389 3999 3448; x_wconf 61' lang='lat' dir='ltr'><strong>051i?-</strong></span> 
     </span>
    </p>
   </div>
   <div class='ocr_carea' id='block_1_84' title="bbox 2459 3487 4002 3560">
    <p class='ocr_par' dir='ltr' id='par_1_84' title="bbox 2459 3487 4002 3560">
     <span class='ocr_line' id='line_1_84' title="bbox 2459 3487 4002 3560; baseline -0.005 -22"><span class='ocrx_word' id='word_1_536' title='bbox 2459 3504 2543 3538; x_wconf 89' lang='grc' dir='ltr'><strong>τον</strong></span> <span class='ocrx_word' id='word_1_537' title='bbox 2607 3487 2708 3555; x_wconf 80' lang='grc' dir='ltr'><strong>γὰρ</strong></span> <span class='ocrx_word' id='word_1_538' title='bbox 2765 3493 2863 3537; x_wconf 86' lang='grc' dir='ltr'><strong>τών</strong></span> <span class='ocrx_word' id='word_1_539' title='bbox 2924 3490 3150 3556; x_wconf 79' lang='grc' dir='ltr'>σημείων</span> <span class='ocrx_word' id='word_1_540' title='bbox 3212 3487 3266 3537; x_wconf 81' lang='grc' dir='ltr'>αἱ</span> <span class='ocrx_word' id='word_1_541' title='bbox 3341 3493 3656 3559; x_wconf 65' lang='grc' dir='ltr'>προφητεῖαι</span> <span class='ocrx_word' id='word_1_542' title='bbox 3717 3487 4002 3560; x_wconf 66' lang='grc' dir='ltr'>προσάγονται</span> 
     </span>
    </p>
   </div>
   <div class='ocr_carea' id='block_1_85' title="bbox 2459 3570 4002 3646">
    <p class='ocr_par' dir='ltr' id='par_1_85' title="bbox 2459 3570 4002 3646">
     <span class='ocr_line' id='line_1_85' title="bbox 2459 3570 4002 3646; baseline -0.003 -21"><span class='ocrx_word' id='word_1_543' title='bbox 2459 3577 2574 3634; x_wconf 73' lang='grc' dir='ltr'>τοὺς</span> <span class='ocrx_word' id='word_1_544' title='bbox 2652 3573 2975 3646; x_wconf 66' lang='grc' dir='ltr'>ἀνθρώπους,</span> <span class='ocrx_word' id='word_1_545' title='bbox 3050 3577 3124 3626; x_wconf 84' lang='grc' dir='ltr'>ἔτι</span> <span class='ocrx_word' id='word_1_546' title='bbox 3198 3570 3256 3627; x_wconf 75' lang='grc' dir='ltr'>δε</span> <span class='ocrx_word' id='word_1_547' title='bbox 3331 3580 3417 3627; x_wconf 78' lang='grc' dir='ltr'>καὶ</span> <span class='ocrx_word' id='word_1_548' title='bbox 3491 3578 3548 3626; x_wconf 86' lang='grc' dir='ltr'>τὸ</span> <span class='ocrx_word' id='word_1_549' title='bbox 3620 3573 4002 3645; x_wconf 66' lang='grc' dir='ltr'>ὰνεπαχθέστερον</span> 
     </span>
    </p>
   </div>
   <div class='ocr_carea' id='block_1_86' title="bbox 2460 3661 4003 3736">
    <p class='ocr_par' dir='ltr' id='par_1_86' title="bbox 2460 3661 4003 3736">
     <span class='ocr_line' id='line_1_86' title="bbox 2460 3661 4003 3736; baseline -0.005 -21"><span class='ocrx_word' id='word_1_550' title='bbox 2460 3667 2650 3734; x_wconf 70' lang='grc' dir='ltr'>ἔχουσι</span> <span class='ocrx_word' id='word_1_551' title='bbox 2682 3665 2758 3717; x_wconf 80' lang='grc' dir='ltr'><strong>Τὰ</strong></span> <span class='ocrx_word' id='word_1_552' title='bbox 2787 3667 2876 3733; x_wconf 70' lang='grc' dir='ltr'><strong>μιν</strong></span> <span class='ocrx_word' id='word_1_553' title='bbox 2916 3666 3017 3736; x_wconf 74' lang='grc' dir='ltr'><strong>γὰρ</strong></span> <span class='ocrx_word' id='word_1_554' title='bbox 3053 3671 3246 3734; x_wconf 84' lang='grc' dir='ltr'>σημεῖα</span> <span class='ocrx_word' id='word_1_555' title='bbox 3291 3671 3379 3716; x_wconf 83' lang='grc' dir='ltr'>καὶ</span> <span class='ocrx_word' id='word_1_556' title='bbox 3419 3661 3690 3717; x_wconf 74' lang='grc' dir='ltr'>διέϐαλλον</span> <span class='ocrx_word' id='word_1_557' title='bbox 3739 3667 3786 3716; x_wconf 79' lang='grc' dir='ltr'><strong>οι</strong></span> <span class='ocrx_word' id='word_1_558' title='bbox 3830 3662 4003 3716; x_wconf 63' lang='grc' dir='ltr'>ἀνόητοι.</span> 
     </span>
    </p>
   </div>
   <div class='ocr_carea' id='block_1_87' title="bbox 2458 3746 3992 3825">
    <p class='ocr_par' dir='ltr' id='par_1_87' title="bbox 2458 3746 3992 3825">
     <span class='ocr_line' id='line_1_87' title="bbox 2458 3746 3992 3825; baseline -0.003 -18"><span class='ocrx_word' id='word_1_559' title='bbox 2458 3755 2541 3807; x_wconf 85' lang='grc' dir='ltr'>Ἐν</span> <span class='ocrx_word' id='word_1_560' title='bbox 2637 3752 2937 3814; x_wconf 73' lang='grc' dir='ltr'>Βεελζεϐοῦλ</span> <span class='ocrx_word' id='word_1_561' title='bbox 3033 3756 3158 3825; x_wconf 74' lang='grc' dir='ltr'>γὰρ,</span> <span class='ocrx_word' id='word_1_562' title='bbox 3248 3759 3426 3825; x_wconf 73' lang='grc' dir='ltr'>φησιν,</span> <span class='ocrx_word' id='word_1_563' title='bbox 3514 3752 3751 3806; x_wconf 72' lang='grc' dir='ltr'>ἐκϐάλλει</span> <span class='ocrx_word' id='word_1_564' title='bbox 3809 3755 3866 3804; x_wconf 82' lang='grc' dir='ltr'>τὰ</span> <span class='ocrx_word' id='word_1_565' title='bbox 3927 3746 3992 3802; x_wconf 70' lang='grc' dir='ltr'><strong>ϐαι</strong></span> 
     </span>
    </p>
   </div>
   <div class='ocr_carea' id='block_1_88' title="bbox 2460 3831 4083 3916">
    <p class='ocr_par' dir='ltr' id='par_1_88' title="bbox 2460 3831 4083 3916">
     <span class='ocr_line' id='line_1_88' title="bbox 2460 3831 4083 3916; baseline -0.002 -21"><span class='ocrx_word' id='word_1_566' title='bbox 2460 3848 2644 3914; x_wconf 59' lang='grc' dir='ltr'>μόνων</span> <span class='ocrx_word' id='word_1_567' title='bbox 2695 3848 2806 3914; x_wconf 74' lang='grc' dir='ltr'>περὶ</span> <span class='ocrx_word' id='word_1_568' title='bbox 2869 3839 2927 3894; x_wconf 78' lang='grc' dir='ltr'>δε</span> <span class='ocrx_word' id='word_1_569' title='bbox 2985 3853 3083 3893; x_wconf 76' lang='grc' dir='ltr'>τῶν</span> <span class='ocrx_word' id='word_1_570' title='bbox 3137 3853 3460 3916; x_wconf 71' lang='grc' dir='ltr'>προφητειὼν</span> <span class='ocrx_word' id='word_1_571' title='bbox 3528 3840 3686 3898; x_wconf 74' lang='grc' dir='ltr'>οὐδὲν</span> <span class='ocrx_word' id='word_1_572' title='bbox 3740 3844 3893 3914; x_wconf 77' lang='grc' dir='ltr'>ἔλεγον</span> <span class='ocrx_word' id='word_1_573' title='bbox 3938 3857 4007 3891; x_wconf 68' lang='grc' dir='ltr'><strong>τοι⁸</strong></span> 
     </span>
    </p>
   </div>
   <div class='ocr_carea' id='block_1_89' title="bbox 3033 3756 3158 3826">
    <p class='ocr_par' dir='ltr' id='par_1_89' title="bbox 3033 3756 3158 3826">
     <span class='ocr_line' id='line_1_89' title="bbox 3033 3756 3158 3826; baseline 0.024 -3"><span class='ocrx_word' id='word_1_574' title='bbox 3033 3756 3158 3826; x_wconf 75' lang='grc' dir='ltr'>νάρν</span> 
     </span>
    </p>
   </div>
   <div class='ocr_carea' id='block_1_90' title="bbox 2461 3951 2629 3986">
    <p class='ocr_par' dir='ltr' id='par_1_90' title="bbox 2461 3951 2629 3986">
     <span class='ocr_line' id='line_1_90' title="bbox 2461 3951 2629 3986; baseline 0.018 -3"><span class='ocrx_word' id='word_1_575' title='bbox 2461 3951 2629 3986; x_wconf 80' lang='grc' dir='ltr'>ουτον.</span> 
     </span>
    </p>
   </div>
   <div class='ocr_carea' id='block_1_91' title="bbox 2535 4019 4011 4092">
    <p class='ocr_par' dir='ltr' id='par_1_91' title="bbox 2535 4019 4011 4092">
     <span class='ocr_line' id='line_1_91' title="bbox 2535 4019 4011 4092; baseline -0.003 -19"><span class='ocrx_word' id='word_1_576' title='bbox 2535 4025 2634 4074; x_wconf 75' lang='grc' dir='ltr'><strong>Καὶ</strong></span> <span class='ocrx_word' id='word_1_577' title='bbox 2662 4019 2743 4072; x_wconf 80' lang='grc' dir='ltr'><strong>ἐπὶ</strong></span> <span class='ocrx_word' id='word_1_578' title='bbox 2781 4022 2870 4092; x_wconf 69' lang='grc' dir='ltr'><strong>μεν</strong></span> <span class='ocrx_word' id='word_1_579' title='bbox 2916 4028 3006 4072; x_wconf 87' lang='grc' dir='ltr'><strong>τοῦ</strong></span> <span class='ocrx_word' id='word_1_580' title='bbox 3050 4025 3270 4092; x_wconf 86' lang='grc' dir='ltr'>Σίμωνος</span> <span class='ocrx_word' id='word_1_581' title='bbox 3304 4026 3392 4074; x_wconf 85' lang='grc' dir='ltr'>καὶ</span> <span class='ocrx_word' id='word_1_582' title='bbox 3440 4030 3531 4076; x_wconf 90' lang='grc' dir='ltr'><strong>τοῦ</strong></span> <span class='ocrx_word' id='word_1_583' title='bbox 3569 4022 3850 4079; x_wconf 76' lang='grc' dir='ltr'>Ναθαναὴλ</span> <span class='ocrx_word' id='word_1_584' title='bbox 3891 4021 4011 4082; x_wconf 56' lang='grc' dir='ltr'>τούτῳ</span> 
     </span>
    </p>
   </div>
   <div class='ocr_carea' id='block_1_92' title="bbox 2461 4107 4011 4184">
    <p class='ocr_par' dir='ltr' id='par_1_92' title="bbox 2461 4107 4011 4184">
     <span class='ocr_line' id='line_1_92' title="bbox 2461 4107 4011 4184; baseline -0.002 -23"><span class='ocrx_word' id='word_1_585' title='bbox 2461 4115 2721 4182; x_wconf 72' lang='grc' dir='ltr'>κέχρηται</span> <span class='ocrx_word' id='word_1_586' title='bbox 2778 4119 2848 4178; x_wconf 75' lang='grc' dir='ltr'>τῷ</span> <span class='ocrx_word' id='word_1_587' title='bbox 2896 4115 3093 4181; x_wconf 80' lang='grc' dir='ltr'>τρόπῳ·</span> <span class='ocrx_word' id='word_1_588' title='bbox 3143 4110 3228 4163; x_wconf 74' lang='grc' dir='ltr'><strong>ἐπὶ</strong></span> <span class='ocrx_word' id='word_1_589' title='bbox 3277 4107 3335 4163; x_wconf 76' lang='grc' dir='ltr'><strong>δέ</strong></span> <span class='ocrx_word' id='word_1_590' title='bbox 3390 4119 3480 4163; x_wconf 91' lang='grc' dir='ltr'><strong>τοῦ</strong></span> <span class='ocrx_word' id='word_1_591' title='bbox 3530 4109 3782 4184; x_wconf 76' lang='grc' dir='ltr'>Ἀνδρέου</span> <span class='ocrx_word' id='word_1_592' title='bbox 3837 4115 3914 4161; x_wconf 77' lang='grc' dir='ltr'>καὶ</span> <span class='ocrx_word' id='word_1_593' title='bbox 3951 4112 4011 4157; x_wconf 65' lang='grc' dir='ltr'>τοὺ</span> 
     </span>
    </p>
   </div>
   <div class='ocr_carea' id='block_1_93' title="bbox 2463 4195 4014 4273">
    <p class='ocr_par' dir='ltr' id='par_1_93' title="bbox 2463 4195 4014 4273">
     <span class='ocr_line' id='line_1_93' title="bbox 2463 4195 4014 4273; baseline 0.006 -25"><span class='ocrx_word' id='word_1_594' title='bbox 2463 4199 2718 4251; x_wconf 78' lang='grc' dir='ltr'>Φιλίππου</span> <span class='ocrx_word' id='word_1_595' title='bbox 2765 4195 2914 4250; x_wconf 62' lang='grc' dir='ltr'>οὐδὲν</span> <span class='ocrx_word' id='word_1_596' title='bbox 2956 4203 3288 4271; x_wconf 71' lang='grc' dir='ltr'>προφητεύει.</span> <span class='ocrx_word' id='word_1_597' title='bbox 3334 4205 3474 4252; x_wconf 80' lang='grc' dir='ltr'>Διότι</span> <span class='ocrx_word' id='word_1_598' title='bbox 3515 4199 3769 4273; x_wconf 76' lang='grc' dir='ltr'>Ἀνδρέας</span> <span class='ocrx_word' id='word_1_599' title='bbox 3804 4206 3886 4273; x_wconf 73' lang='grc' dir='ltr'>μὲν</span> <span class='ocrx_word' id='word_1_600' title='bbox 3930 4214 4014 4267; x_wconf 63' lang='grc' dir='ltr'>προ·</span> 
     </span>
    </p>
   </div>
   <div class='ocr_carea' id='block_1_94' title="bbox 2463 4281 4010 4362">
    <p class='ocr_par' dir='ltr' id='par_1_94' title="bbox 2463 4281 4010 4362">
     <span class='ocr_line' id='line_1_94' title="bbox 2463 4281 4010 4362; baseline -0.003 -20"><span class='ocrx_word' id='word_1_601' title='bbox 2463 4289 2770 4346; x_wconf 80' lang='grc' dir='ltr'>κατείληπτο</span> <span class='ocrx_word' id='word_1_602' title='bbox 2803 4285 2896 4340; x_wconf 78' lang='grc' dir='ltr'><strong>διὰ</strong></span> <span class='ocrx_word' id='word_1_603' title='bbox 2920 4297 3010 4349; x_wconf 78' lang='grc' dir='ltr'>τῆς</span> <span class='ocrx_word' id='word_1_604' title='bbox 3036 4293 3331 4362; x_wconf 84' lang='grc' dir='ltr'>μαρτυρίας</span> <span class='ocrx_word' id='word_1_605' title='bbox 3377 4289 3616 4346; x_wconf 73' lang='grc' dir='ltr'>Ἰωάννου</span> <span class='ocrx_word' id='word_1_606' title='bbox 3651 4309 3662 4319; x_wconf 90' lang='grc'><strong>·</strong></span> <span class='ocrx_word' id='word_1_607' title='bbox 3699 4291 3928 4347; x_wconf 46' lang='lat' dir='ltr'><strong>«hiante;</strong></span> <span class='ocrx_word' id='word_1_608' title='bbox 3962 4281 4010 4338; x_wconf 70' lang='grc' dir='ltr'><strong>δὲ.</strong></span> 
     </span>
    </p>
   </div>
   <div class='ocr_carea' id='block_1_95' title="bbox 2390 4377 4013 4464">
    <p class='ocr_par' dir='ltr' id='par_1_95' title="bbox 2390 4377 4013 4464">
     <span class='ocr_line' id='line_1_95' title="bbox 2390 4377 4013 4464; baseline 0.002 -36"><span class='ocrx_word' id='word_1_609' title='bbox 2390 4412 2431 4464; x_wconf 81' lang='lat' dir='ltr'>D</span> <span class='ocrx_word' id='word_1_610' title='bbox 2464 4379 2592 4448; x_wconf 73' lang='grc' dir='ltr'>όρών</span> <span class='ocrx_word' id='word_1_611' title='bbox 2622 4382 2736 4437; x_wconf 80' lang='grc' dir='ltr'>τοὺς</span> <span class='ocrx_word' id='word_1_612' title='bbox 2777 4377 3186 4438; x_wconf 78' lang='grc' dir='ltr'>ἀκολουθοῦντας</span> <span class='ocrx_word' id='word_1_613' title='bbox 3226 4379 3387 4449; x_wconf 69' lang='grc' dir='ltr'>αὐτῳ,</span> <span class='ocrx_word' id='word_1_614' title='bbox 3422 4383 3551 4453; x_wconf 81' lang='grc' dir='ltr'>προς</span> <span class='ocrx_word' id='word_1_615' title='bbox 3583 4385 3763 4432; x_wconf 81' lang='grc' dir='ltr'>πίστιν</span> <span class='ocrx_word' id='word_1_616' title='bbox 3792 4385 3871 4431; x_wconf 76' lang='grc' dir='ltr'>καὶ</span> <span class='ocrx_word' id='word_1_617' title='bbox 3902 4377 4013 4431; x_wconf 58' lang='grc' dir='ltr'>αὐτάς</span> 
     </span>
    </p>
   </div>
   <div class='ocr_carea' id='block_1_96' title="bbox 2462 4465 4016 4542">
    <p class='ocr_par' dir='ltr' id='par_1_96' title="bbox 2462 4465 4016 4542">
     <span class='ocr_line' id='line_1_96' title="bbox 2462 4465 4016 4542; baseline -0.001 -24"><span class='ocrx_word' id='word_1_618' title='bbox 2462 4465 2882 4539; x_wconf 73' lang='grc' dir='ltr'>ἐχειραγωγεῖτο.</span> <span class='ocrx_word' id='word_1_619' title='bbox 2931 4473 3289 4542; x_wconf 79' lang='grc' dir='ltr'>Προεφήτευσε</span> <span class='ocrx_word' id='word_1_620' title='bbox 3325 4466 3384 4521; x_wconf 69' lang='grc' dir='ltr'>δε</span> <span class='ocrx_word' id='word_1_621' title='bbox 3414 4473 3532 4539; x_wconf 84' lang='grc' dir='ltr'>περὶ</span> <span class='ocrx_word' id='word_1_622' title='bbox 3559 4477 3655 4520; x_wconf 82' lang='grc' dir='ltr'><strong>τοῦ</strong></span> <span class='ocrx_word' id='word_1_623' title='bbox 3691 4475 3896 4542; x_wconf 73' lang='grc' dir='ltr'>Πέτρου,</span> <span class='ocrx_word' id='word_1_624' title='bbox 3924 4468 4016 4517; x_wconf 70' lang='grc' dir='ltr'>τίνος</span> 
     </span>
    </p>
   </div>
   <div class='ocr_carea' id='block_1_97' title="bbox 2460 4555 3397 4619">
    <p class='ocr_par' dir='ltr' id='par_1_97' title="bbox 2460 4555 3397 4619">
     <span class='ocr_line' id='line_1_97' title="bbox 2460 4555 3397 4619; baseline 0.005 -13"><span class='ocrx_word' id='word_1_625' title='bbox 2460 4560 2515 4607; x_wconf 80' lang='grc' dir='ltr'><strong>τί</strong></span> <span class='ocrx_word' id='word_1_626' title='bbox 2540 4555 2677 4607; x_wconf 81' lang='grc' dir='ltr'>ἐστιν</span> <span class='ocrx_word' id='word_1_627' title='bbox 2708 4559 2842 4619; x_wconf 77' lang='grc' dir='ltr'>υἱός,</span> <span class='ocrx_word' id='word_1_628' title='bbox 2869 4562 2958 4609; x_wconf 79' lang='grc' dir='ltr'>καὶ</span> <span class='ocrx_word' id='word_1_629' title='bbox 2985 4562 3037 4609; x_wconf 86' lang='grc' dir='ltr'><strong>τί</strong></span> <span class='ocrx_word' id='word_1_630' title='bbox 3059 4557 3397 4616; x_wconf 76' lang='grc' dir='ltr'>κληθήσεται.</span> 
     </span>
    </p>
   </div>
   <div class='ocr_carea' id='block_1_98' title="bbox 2532 4643 4017 4718">
    <p class='ocr_par' dir='ltr' id='par_1_98' title="bbox 2532 4643 4017 4718">
     <span class='ocr_line' id='line_1_98' title="bbox 2532 4643 4017 4718; baseline -0.001 -22"><span class='ocrx_word' id='word_1_631' title='bbox 2532 4651 2769 4702; x_wconf 74' lang='grc' dir='ltr'>Ζήτησον</span> <span class='ocrx_word' id='word_1_632' title='bbox 2815 4643 2873 4698; x_wconf 69' lang='grc' dir='ltr'><strong>δὲ</strong></span> <span class='ocrx_word' id='word_1_633' title='bbox 2926 4651 3014 4697; x_wconf 88' lang='grc' dir='ltr'>καὶ</span> <span class='ocrx_word' id='word_1_634' title='bbox 3064 4649 3194 4718; x_wconf 86' lang='grc' dir='ltr'>πρὸς</span> <span class='ocrx_word' id='word_1_635' title='bbox 3249 4655 3320 4716; x_wconf 76' lang='grc' dir='ltr'>τῷ</span> <span class='ocrx_word' id='word_1_636' title='bbox 3368 4647 3498 4700; x_wconf 71' lang='grc' dir='ltr'>τέλει</span> <span class='ocrx_word' id='word_1_637' title='bbox 3537 4656 3630 4699; x_wconf 87' lang='grc' dir='ltr'><strong>τοῦ</strong></span> <span class='ocrx_word' id='word_1_638' title='bbox 3688 4653 3861 4712; x_wconf 80' lang='grc' dir='ltr'>τρίτου</span> <span class='ocrx_word' id='word_1_639' title='bbox 3910 4658 4017 4709; x_wconf 51' lang='lat' dir='ltr'><strong>ssea-</strong></span> 
     </span>
    </p>
   </div>
   <div class='ocr_carea' id='block_1_99' title="bbox 2459 4732 4015 4807">
    <p class='ocr_par' dir='ltr' id='par_1_99' title="bbox 2459 4732 4015 4807">
     <span class='ocr_line' id='line_1_99' title="bbox 2459 4732 4015 4807; baseline -0.002 -22"><span class='ocrx_word' id='word_1_640' title='bbox 2459 4732 2608 4786; x_wconf 75' lang='grc' dir='ltr'>λαίου</span> <span class='ocrx_word' id='word_1_641' title='bbox 2666 4743 2757 4786; x_wconf 87' lang='grc' dir='ltr'><strong>τοῦ</strong></span> <span class='ocrx_word' id='word_1_642' title='bbox 2823 4737 2958 4786; x_wconf 85' lang='grc' dir='ltr'>κατὰ</span> <span class='ocrx_word' id='word_1_643' title='bbox 3014 4737 3277 4791; x_wconf 80' lang='grc' dir='ltr'>Ματθαῖον</span> <span class='ocrx_word' id='word_1_644' title='bbox 3325 4740 3417 4794; x_wconf 79' lang='grc' dir='ltr'>τὴν</span> <span class='ocrx_word' id='word_1_645' title='bbox 3463 4734 3719 4807; x_wconf 68' lang='grc' dir='ltr'>ἐξήγησιν</span> <span class='ocrx_word' id='word_1_646' title='bbox 3778 4743 3866 4788; x_wconf 90' lang='grc' dir='ltr'><strong>τοῦ</strong></span> <span class='ocrx_word' id='word_1_647' title='bbox 3912 4738 4015 4800; x_wconf 67' lang='grc' dir='ltr'>Περι·</span> 
     </span>
    </p>
   </div>
   <div class='ocr_carea' id='block_1_100' title="bbox 2463 4821 4013 4897">
    <p class='ocr_par' dir='ltr' id='par_1_100' title="bbox 2463 4821 4013 4897">
     <span class='ocr_line' id='line_1_100' title="bbox 2463 4821 4013 4897; baseline -0.001 -20"><span class='ocrx_word' id='word_1_648' title='bbox 2463 4833 2636 4877; x_wconf 77' lang='grc' dir='ltr'>πατῶν</span> <span class='ocrx_word' id='word_1_649' title='bbox 2714 4821 2772 4876; x_wconf 67' lang='grc' dir='ltr'><strong>δὲ</strong></span> <span class='ocrx_word' id='word_1_650' title='bbox 2863 4821 3006 4897; x_wconf 82' lang='grc' dir='ltr'>παρὰ</span> <span class='ocrx_word' id='word_1_651' title='bbox 3075 4829 3168 4882; x_wconf 73' lang='grc' dir='ltr'>τὴν</span> <span class='ocrx_word' id='word_1_652' title='bbox 3250 4823 3516 4876; x_wconf 79' lang='grc' dir='ltr'>θάλασσαν</span> <span class='ocrx_word' id='word_1_653' title='bbox 3595 4834 3694 4888; x_wconf 87' lang='grc' dir='ltr'>τῆς</span> <span class='ocrx_word' id='word_1_654' title='bbox 3774 4822 4013 4876; x_wconf 65' lang='grc' dir='ltr'>Γαλιλαίας»</span> 
     </span>
    </p>
   </div>
   <div class='ocr_carea' id='block_1_101' title="bbox 1926 5049 2825 5120">
    <p class='ocr_par' dir='ltr' id='par_1_101' title="bbox 1926 5049 2825 5120">
     <span class='ocr_line' id='line_1_101' title="bbox 1926 5049 2825 5120; baseline 0.002 -2"><span class='ocrx_word' id='word_1_655' title='bbox 1926 5049 2145 5118; x_wconf 71' lang='lat' dir='ltr'><strong>Variae</strong></span> <span class='ocrx_word' id='word_1_656' title='bbox 2175 5051 2502 5120; x_wconf 87' lang='lat' dir='ltr'><strong>lectiones</strong></span> <span class='ocrx_word' id='word_1_657' title='bbox 2531 5063 2596 5120; x_wconf 88' lang='lat' dir='ltr'><strong>et</strong></span> <span class='ocrx_word' id='word_1_658' title='bbox 2626 5061 2825 5120; x_wconf 67' lang='lat' dir='ltr'><strong>notae.</strong></span> 
     </span>
    </p>
   </div>
   <div class='ocr_carea' id='block_1_102' title="bbox 771 5268 2356 5345">
    <p class='ocr_par' dir='ltr' id='par_1_102' title="bbox 771 5268 2356 5345">
     <span class='ocr_line' id='line_1_102' title="bbox 771 5268 2356 5345; baseline 0.004 -21"><span class='ocrx_word' id='word_1_659' title='bbox 771 5269 879 5345; x_wconf 78' lang='grc'><strong>(64)</strong></span> <span class='ocrx_word' id='word_1_660' title='bbox 908 5268 1181 5345; x_wconf 86' lang='lat' dir='ltr'><strong>_S_cholio_</strong></span> <span class='ocrx_word' id='word_1_661' title='bbox 1225 5286 1478 5345; x_wconf 83' lang='lat' dir='ltr'><strong>prorsus</strong></span> <span class='ocrx_word' id='word_1_662' title='bbox 1528 5272 1750 5344; x_wconf 89' lang='lat' dir='ltr'><strong>inepto,</strong></span> <span class='ocrx_word' id='word_1_663' title='bbox 1806 5273 1970 5345; x_wconf 91' lang='lat' dir='ltr'><strong>quod</strong></span> <span class='ocrx_word' id='word_1_664' title='bbox 2035 5275 2356 5331; x_wconf 81' lang='lat' dir='ltr'><strong>Hentenius</strong></span> 
     </span>
    </p>
   </div>
   <div class='ocr_carea' id='block_1_103' title="bbox 695 5339 2354 5418">
    <p class='ocr_par' dir='ltr' id='par_1_103' title="bbox 695 5339 2354 5418">
     <span class='ocr_line' id='line_1_103' title="bbox 695 5339 2354 5418; baseline 0.004 -22"><span class='ocrx_word' id='word_1_665' title='bbox 695 5339 876 5397; x_wconf 87' lang='lat' dir='ltr'><strong>habet</strong></span> <span class='ocrx_word' id='word_1_666' title='bbox 905 5341 999 5396; x_wconf 91' lang='lat' dir='ltr'><strong>hic</strong></span> <span class='ocrx_word' id='word_1_667' title='bbox 1029 5339 1332 5406; x_wconf 81' lang='lat' dir='ltr'><strong>continuo,</strong></span> <span class='ocrx_word' id='word_1_668' title='bbox 1367 5343 1483 5398; x_wconf 88' lang='lat' dir='ltr'><strong>mei</strong></span> <span class='ocrx_word' id='word_1_669' title='bbox 1527 5339 1751 5402; x_wconf 84' lang='lat' dir='ltr'><strong>carent.</strong></span> <span class='ocrx_word' id='word_1_670' title='bbox 1795 5339 1890 5401; x_wconf 44' lang='lat' dir='ltr'><strong>E—st</strong></span> <span class='ocrx_word' id='word_1_671' title='bbox 1952 5347 2354 5418; x_wconf 89' lang='lat' dir='ltr'><strong>interpretatio</strong></span> 
     </span>
    </p>
   </div>
   <div class='ocr_carea' id='block_1_104' title="bbox 765 5534 1567 5679">
    <p class='ocr_par' dir='ltr' id='par_1_104' title="bbox 765 5534 1567 5679">
     <span class='ocr_line' id='line_1_104' title="bbox 765 5534 1567 5679; baseline 0.001 -87"><span class='ocrx_word' id='word_1_672' title='bbox 765 5534 834 5679; x_wconf 62' lang='lat'>8&#39;)</span> <span class='ocrx_word' id='word_1_673' title='bbox 881 5536 1272 5594; x_wconf 86' lang='lat' dir='ltr'><strong>Vocabulum.</strong></span> <span class='ocrx_word' id='word_1_674' title='bbox 1319 5542 1567 5596; x_wconf 85' lang='lat' dir='ltr'><strong>Nomen.</strong></span> 
     </span>
     <span class='ocr_line' id='line_1_105' title="bbox 808 5607 1567 5679; baseline -0.013 -3"><span class='ocrx_word' id='word_1_675' title='bbox 808 5610 838 5677; x_wconf 80' lang='grc'><strong>’)</strong></span> <span class='ocrx_word' id='word_1_676' title='bbox 872 5607 984 5674; x_wconf 81' lang='lat' dir='ltr'><strong>Qui</strong></span> <span class='ocrx_word' id='word_1_677' title='bbox 1003 5609 1069 5663; x_wconf 84' lang='lat' dir='ltr'><strong>de</strong></span> <span class='ocrx_word' id='word_1_678' title='bbox 1099 5611 1175 5666; x_wconf 77' lang='lat' dir='ltr'><strong>eis</strong></span> <span class='ocrx_word' id='word_1_679' title='bbox 1213 5612 1567 5679; x_wconf 80' lang='lat' dir='ltr'><strong>colloquimu</strong></span> 
     </span>
    </p>
   </div>
   <div class='ocr_carea' id='block_1_105' title="bbox 808 5607 2351 5686">
    <p class='ocr_par' dir='ltr' id='par_1_105' title="bbox 808 5607 2351 5686">
     <span class='ocr_line' id='line_1_106' title="bbox 808 5607 2351 5686; baseline 0.005 -24"><span class='ocrx_word' id='word_1_680' title='bbox 808 5610 838 5686; x_wconf 77' lang='grc' dir='ltr'>ῖ)</span> <span class='ocrx_word' id='word_1_681' title='bbox 872 5607 984 5674; x_wconf 83' lang='lat' dir='ltr'><strong>Qui</strong></span> <span class='ocrx_word' id='word_1_682' title='bbox 1003 5609 1175 5686; x_wconf 60' lang='lat' dir='ltr'><strong>decis</strong></span> <span class='ocrx_word' id='word_1_683' title='bbox 1213 5612 1607 5686; x_wconf 71' lang='lat' dir='ltr'><strong>colloquimur</strong></span> <span class='ocrx_word' id='word_1_684' title='bbox 1634 5643 1697 5652; x_wconf 96' lang='lat'><strong>—</strong></span> <span class='ocrx_word' id='word_1_685' title='bbox 1745 5629 2071 5670; x_wconf 80' lang='lat' dir='ltr'><strong>versamur.</strong></span> <span class='ocrx_word' id='word_1_686' title='bbox 2120 5615 2351 5686; x_wconf 89' lang='lat' dir='ltr'><strong>Duplici</strong></span> 
     </span>
    </p>
   </div>
   <div class='ocr_carea' id='block_1_106' title="bbox 695 5681 2351 5758">
    <p class='ocr_par' dir='ltr' id='par_1_106' title="bbox 695 5681 2351 5758">
     <span class='ocr_line' id='line_1_107' title="bbox 695 5681 2351 5758; baseline 0.004 -24"><span class='ocrx_word' id='word_1_687' title='bbox 695 5682 876 5734; x_wconf 89' lang='lat' dir='ltr'><strong>modo</strong></span> <span class='ocrx_word' id='word_1_688' title='bbox 933 5681 1206 5758; x_wconf 73' lang='lat' dir='ltr'><strong>reddidit,</strong></span> <span class='ocrx_word' id='word_1_689' title='bbox 1261 5689 1347 5734; x_wconf 82' lang='grc' dir='ltr'>καὶ</span> <span class='ocrx_word' id='word_1_690' title='bbox 1381 5681 1694 5755; x_wconf 75' lang='grc' dir='ltr'>όμιλοῦντες</span> <span class='ocrx_word' id='word_1_691' title='bbox 1728 5686 1934 5746; x_wconf 68' lang='grc' dir='ltr'>αὐταῖς.</span> <span class='ocrx_word' id='word_1_692' title='bbox 1963 5686 2188 5758; x_wconf 85' lang='grc' dir='ltr'>Ὀμιλεῖν</span> <span class='ocrx_word' id='word_1_693' title='bbox 2215 5681 2351 5750; x_wconf 67' lang='grc' dir='ltr'>’ταῖς</span> 
     </span>
    </p>
   </div>
   <div class='ocr_carea' id='block_1_107' title="bbox 694 5753 2347 5828">
    <p class='ocr_par' dir='ltr' id='par_1_107' title="bbox 694 5753 2347 5828">
     <span class='ocr_line' id='line_1_108' title="bbox 694 5753 2347 5828; baseline 0.008 -25"><span class='ocrx_word' id='word_1_694' title='bbox 694 5757 925 5824; x_wconf 80' lang='grc' dir='ltr'>Γραφαῖς</span> <span class='ocrx_word' id='word_1_695' title='bbox 954 5759 1039 5808; x_wconf 90' lang='lat' dir='ltr'><strong>est</strong></span> <span class='ocrx_word' id='word_1_696' title='bbox 1067 5753 1318 5811; x_wconf 79' lang='lat' dir='ltr'><strong>Litteras</strong></span> <span class='ocrx_word' id='word_1_697' title='bbox 1342 5753 1543 5814; x_wconf 68' lang='lat' dir='ltr'><strong>sacras</strong></span> <span class='ocrx_word' id='word_1_698' title='bbox 1570 5763 1850 5821; x_wconf 88' lang='lat' dir='ltr'><strong>tractare,</strong></span> <span class='ocrx_word' id='word_1_699' title='bbox 1888 5753 2033 5814; x_wconf 72' lang='lat' dir='ltr'><strong>aliis</strong></span> <span class='ocrx_word' id='word_1_700' title='bbox 2047 5775 2347 5828; x_wconf 68' lang='lat' dir='ltr'><strong>exponere,</strong></span> 
     </span>
    </p>
   </div>
   <div class='ocr_carea' id='block_1_108' title="bbox 2464 5275 4012 5403">
    <p class='ocr_par' dir='ltr' id='par_1_108' title="bbox 2464 5275 4012 5403">
     <span class='ocr_line' id='line_1_109' title="bbox 2464 5275 4012 5403; baseline -0.001 -72"><span class='ocrx_word' id='word_1_701' title='bbox 2464 5275 2866 5403; x_wconf 57' lang='lat' dir='ltr'><strong>stymologica</strong></span> <span class='ocrx_word' id='word_1_702' title='bbox 2915 5275 3180 5333; x_wconf 86' lang='lat' dir='ltr'><strong>hominis</strong></span> <span class='ocrx_word' id='word_1_703' title='bbox 3226 5277 3436 5345; x_wconf 84' lang='lat' dir='ltr'><strong>Graeci,</strong></span> <span class='ocrx_word' id='word_1_704' title='bbox 3484 5281 3588 5352; x_wconf 89' lang='lat' dir='ltr'><strong>qui</strong></span> <span class='ocrx_word' id='word_1_705' title='bbox 3637 5284 3826 5353; x_wconf 82' lang='grc' dir='ltr'>μεσίας</span> <span class='ocrx_word' id='word_1_706' title='bbox 3873 5277 4012 5348; x_wconf 56' lang='lat' dir='ltr'><strong>nisi”;</strong></span> 
     </span>
     <span class='ocr_line' id='line_1_110' title="bbox 2509 5357 2772 5403; baseline 0 0"><span class='ocrx_word' id='word_1_707' title='bbox 2509 5357 2772 5403; x_wconf 74' lang='lat' dir='ltr'><strong>envavrt.</strong></span> 
     </span>
    </p>
   </div>
   <div class='ocr_carea' id='block_1_109' title="bbox 2509 5357 2772 5404">
    <p class='ocr_par' dir='ltr' id='par_1_109' title="bbox 2509 5357 2772 5404">
     <span class='ocr_line' id='line_1_111' title="bbox 2509 5357 2772 5404; baseline 0.004 -1"><span class='ocrx_word' id='word_1_708' title='bbox 2509 5357 2772 5404; x_wconf 87' lang='lat' dir='ltr'><strong>erivavit.</strong></span> 
     </span>
    </p>
   </div>
   <div class='ocr_carea' id='block_1_110' title="bbox 2464 5543 3962 5614">
    <p class='ocr_par' dir='ltr' id='par_1_110' title="bbox 2464 5543 3962 5614">
     <span class='ocr_line' id='line_1_112' title="bbox 2464 5543 3962 5614; baseline 0.003 -16"><span class='ocrx_word' id='word_1_709' title='bbox 2464 5545 2543 5598; x_wconf 91' lang='lat' dir='ltr'><strong>De</strong></span> <span class='ocrx_word' id='word_1_710' title='bbox 2565 5543 2971 5600; x_wconf 88' lang='lat' dir='ltr'><strong>sacerdotibus</strong></span> <span class='ocrx_word' id='word_1_711' title='bbox 3002 5543 3162 5600; x_wconf 90' lang='lat' dir='ltr'><strong>enim</strong></span> <span class='ocrx_word' id='word_1_712' title='bbox 3195 5544 3481 5612; x_wconf 89' lang='lat' dir='ltr'><strong>loquitur.</strong></span> <span class='ocrx_word' id='word_1_713' title='bbox 3867 5611 3877 5614; x_wconf 28' lang='grc' dir='ltr'><strong>Α</strong></span> <span class='ocrx_word' id='word_1_714' title='bbox 3938 5606 3962 5614; x_wconf 51' lang='lat'><strong>_,</strong></span> 
     </span>
    </p>
   </div>
   <div class='ocr_carea' id='block_1_111' title="bbox 2530 5611 4002 5689">
    <p class='ocr_par' dir='ltr' id='par_1_111' title="bbox 2530 5611 4002 5689">
     <span class='ocr_line' id='line_1_113' title="bbox 2530 5611 4002 5689; baseline -0.005 -18"><span class='ocrx_word' id='word_1_715' title='bbox 2530 5615 2614 5687; x_wconf 71' lang='lat' dir='ltr'><strong>(lc)</strong></span> <span class='ocrx_word' id='word_1_716' title='bbox 2639 5617 2954 5689; x_wconf 22' lang='lat' dir='ltr'><strong>Alnquiunt.</strong></span> <span class='ocrx_word' id='word_1_717' title='bbox 2984 5618 3062 5670; x_wconf 86' lang='lat' dir='ltr'><strong>Ac</strong></span> <span class='ocrx_word' id='word_1_718' title='bbox 3093 5617 3142 5670; x_wconf 89' lang='lat' dir='ltr'><strong>si</strong></span> <span class='ocrx_word' id='word_1_719' title='bbox 3182 5611 3388 5689; x_wconf 77' lang='lat' dir='ltr'><strong>legerit</strong></span> <span class='ocrx_word' id='word_1_720' title='bbox 3432 5621 3580 5689; x_wconf 75' lang='grc' dir='ltr'>φασί.</span> <span class='ocrx_word' id='word_1_721' title='bbox 3615 5616 3730 5672; x_wconf 87' lang='lat' dir='ltr'><strong>Sed</strong></span> <span class='ocrx_word' id='word_1_722' title='bbox 3767 5611 4002 5670; x_wconf 74' lang='lat' dir='ltr'><strong>multolies</strong></span> 
     </span>
    </p>
   </div>
   <div class='ocr_carea' id='block_1_112' title="bbox 2459 5687 3474 5758">
    <p class='ocr_par' dir='ltr' id='par_1_112' title="bbox 2459 5687 3474 5758">
     <span class='ocr_line' id='line_1_114' title="bbox 2459 5687 3474 5758; baseline -0.001 -15"><span class='ocrx_word' id='word_1_723' title='bbox 2459 5687 2778 5758; x_wconf 87' lang='lat' dir='ltr'><strong>singularis</strong></span> <span class='ocrx_word' id='word_1_724' title='bbox 2809 5689 2990 5744; x_wconf 87' lang='lat' dir='ltr'><strong>etiam</strong></span> <span class='ocrx_word' id='word_1_725' title='bbox 3021 5689 3101 5743; x_wconf 89' lang='lat' dir='ltr'><strong>ita</strong></span> <span class='ocrx_word' id='word_1_726' title='bbox 3137 5687 3474 5743; x_wconf 87' lang='lat' dir='ltr'><strong>adhibetur.</strong></span> 
     </span>
    </p>
   </div>
  </div>
