4170 6438
222 377 358 436 illi

1258 370 1634 430 COMMENT.
1684 369 1756 425 IN
1791 368 2145 426 JOANNEM.
2187 400 2257 413 —-
2294 369 2454 426 CAP.
2499 368 2550 427 Ῑ.

3466 368 3605 427 HI!

223 500 328 557 εἶδε
390 499 486 554 δύο
539 497 815 572 ἀδελφούς,
877 505 1082 573 Σίμωνα
1136 501 1222 552 τὸν
1282 499 1556 572 λεγόμενον
1608 500 1821 568 Πέτρον,

1956 497 2178 560 Pratres,
2209 496 2510 553 Simonem
2539 495 2648 568 qui
2673 500 2910 552 vocatur
2938 495 3165 563 Petrus,
3214 500 3270 552 et
3302 494 3602 554 Andream

222 598 312 646 καὶ
394 586 643 662 Ἀνδρέαν
760 591 848 642 τὸν
936 585 1157 661 ἀδελφὸν
1256 588 1438 653 αὐτοῦ,
1541 585 1828 659 βάλλοντας

227 679 618 754 ἀμφίϐληστρον
671 677 743 740 εἰς
803 683 897 736 τὴν
964 677 1256 732 θάλασσαν.
1325 683 1441 730 Ἔτι
1499 672 1558 729 δι
1627 680 1717 726 καὶ
1780 672 1828 726 ἐν

225 779 297 842 τῷ
329 765 502 842 ὀγδόῳ
543 767 802 840 κεφαλαίῳ
839 774 929 820 τοῦ
972 769 1108 820 κατὰ
1151 769 1364 839 Μάρκον
1414 770 1508 824 τὴν
1557 765 1828 838 ἑρμηνείαν

227 867 341 921 τοῦ,
419 863 519 912 Καὶ
608 857 825 915 ἐπέθηκε
893 865 966 928 τῷ
1051 861 1242 929 Σίμωνι
1342 859 1503 928 ὄνομα
1597 856 1825 925 [Ιίτρονο

231 949 358 1002 ἀλλὰ
386 953 474 1000 καὶ
500 951 629 1023 πρὸς
659 955 730 1018 τῷ
750 947 877 1000 τέλει
909 954 1003 999 τοῦ
1030 943 1252 1000 δεκάτου
1274 946 1554 1019 κεφαλαίου
1582 952 1674 997 τοῦ
1694 945 1833 996 κατὰ

231 1045 438 1094 Λουκᾶν
472 1042 566 1095 τὴν
610 1033 937 1109 διασάφησιν
974 1043 1087 1105 τοῦ,
1134 1038 1200 1088 Οἱ
1240 1032 1299 1088 δὲ
1341 1035 1503 1098 ἁλιεῖς
1551 1032 1833 1094 ἀποϐάντες

231 1127 318 1181 ἀπ’
363 1127 550 1192 αὐτῶν,
625 1124 917 1179 ἁπέπλυναν
982 1129 1048 1178 τὰ
1103 1122 1299 1178 δίκτυα
1354 1124 1654 1178 Συντελοῦσι
1728 1125 1830 1198 γὰρ

230 1217 436 1270 ἅπαντα
466 1215 538 1277 εἰς
566 1218 625 1268 τὸ
656 1219 1010 1291 προκείμενον.

299 1314 491 1360 Τοῦτον
544 1309 632 1378 μὲν
689 1301 775 1358 οὖν
844 1309 1031 1376 Πέτρον
1107 1303 1396 1374 ὠνόμασεν,
1455 1302 1700 1356 Ἰάκωϐον
1773 1297 1833 1354 δι

230 1401 320 1450 καὶ
369 1396 607 1453 Ἰωάννην
678 1398 820 1455 υἱούς
893 1392 1133 1469 βροντῆς,
1193 1389 1462 1459 δεικνύων,
1523 1394 1604 1445 ὅτι
1677 1391 1834 1453 αὐτὸς

232 1484 372 1538 ἐστιν
417 1487 442 1537 6
471 1490 561 1537 καὶ
601 1483 649 1536 ἐν
706 1493 767 1556 τῇ
828 1484 1033 1554 Παλαιᾴ
1082 1485 1149 1535 τὰ
1200 1482 1429 1555 ὀνόματα
1481 1481 1834 1556 μεταρρυθμί-

1740 1574 1834 1628 τὴν

232 1659 290 1714 δε
324 1665 488 1737 Σάραν
537 1663 754 1738 Σάρραν,
807 1668 896 1715 καὶ
950 1666 1035 1714 τὸν
1081 1660 1270 1714 Ἰακώϐ
1301 1661 1529 1735 Ἰσραήλ.
1563 1666 1687 1713 Τισὶ
1744 1663 1835 1732 μὲν

233 1593 349 1640 σας,
406 1579 496 1626 καὶ
549 1577 634 1626 τὸν
685 1576 776 1646 μεν
841 1572 1048 1645 ’Λϐραμ
1116 1571 1355 1646 Ἀϐραὰμ
1415 1571 1660 1638 καλέσας,

228 1749 316 1805 οὖν
347 1753 402 1804 ἐκ
431 1762 638 1825 γενετῆς
678 1755 894 1810 ἐπέθηκε
918 1754 982 1804 τὰ
1025 1751 1276 1824 ὀνόματα,
1325 1755 1436 1803 τισὶ
1490 1747 1550 1803 δὲ
1593 1751 1831 1808 ὕστερον.

227 1841 324 1894 Ὧν
368 1846 458 1914 μεν
514 1842 628 1913 (65)
697 1843 798 1916 γὰρ
850 1843 880 1899 ἡ
931 1839 1085 1915 ἁρετή
1143 1837 1460 1913 διαλάμπειν
1533 1839 1730 1912 ἔμελλεν
1780 1837 1836 1890 ἐκ

231 1937 440 2004 πρώτης
491 1932 605 2003 (66)
661 1934 872 2003 τριχὸς,
924 1932 1142 1990 τούτους
1193 1929 1246 1991 ἐξ
1300 1928 1476 2004 ἀρχῆς
1525 1929 1830 2002 ὠνόμασενο

231 2021 299 2070 ὧν
329 2017 387 2072 δὲ
415 2019 650 2093 ὕστερον,
680 2022 890 2080 τούτους
919 2019 1154 2093 ὕστερον.

303 2205 376 2270 Τῇ
412 2196 654 2272 ἐπαύριον
700 2228 766 2239 —
795 2201 1110 2272 Πέτρου.Τῇ
1159 2195 1402 2270 ἐπαύριον
1451 2199 1539 2268 μεν
1583 2196 1831 2255 ἠθελησεν

234 2285 468 2351 ἐξελθεῖν,
497 2287 554 2338 ού
581 2295 642 2360 τῇ
677 2285 919 2358 ἐπαύριον
960 2283 1021 2338 δὲ
1055 2287 1284 2360 εὑρίσκει
1309 2289 1395 2337 τὸν
1421 2286 1690 2350 ultimos,
1726 2284 1834 2337 ἀλλ’

234 2377 472 2447 ὕστερον,
501 2379 631 2449 μετὰ
675 2381 734 2429 1'6
781 2375 1186 2428 ἐπισπάσασθαι
1233 2380 1422 2448 Πέτρον
1452 2381 1541 2427 καὶ
1590 2372 1836 2450 Ἀνδρέαν

231 2471 320 2518 καὶ
344 2465 586 2519 Ἰάκωϐον
634 2471 724 2518 καὶ
759 2467 1020 2531 Ἰωάννην,
1054 2468 1124 2527 ὡς
1153 2463 1254 2517 ἀπὸ
1289 2474 1389 2517 τῶν
1436 2465 1599 2516 ἄλλων
1630 2465 1835 2536 εύαγγεο

231 2555 419 2608 λιστῶν
459 2555 623 2618 ἔξεστι
660 2551 1050 2626 διαγινώσκειν.

306 2643 462 2698 Ἀλλὰ
505 2650 641 2707 τίνος
697 2646 856 2697 ἕνεκεν
907 2644 1002 2696 ούκ
1054 2645 1421 2716 ἐμνημόνευσε,
1481 2652 1592 2705 πῶς
1649 2643 1837 2706 αύτούς

233 2733 455 2800 εἵλκυσε,
513 2742 808 2809 περιπατῶν
865 2735 1010 2806 παρὰ
1068 2737 1158 2791 τὴν
1215 2732 1483 2785 θάλασσαν
1542 2740 1633 2792 τῆς
1683 2731 1836 2784 Γαλι-

233 2822 421 2890 λαίας;
473 2827 614 2876 Διὸτι
671 2825 942 2885 Ματθαῐος
987 2827 1078 2875 καὶ
1131 2825 1342 2896 Μάρκος
1395 2830 1549 2875 τοῦτο
1596 2819 1836 2897 παραδε-

235 2909 493 2965 δώκασιν.
550 2914 688 2966 Ἐπεὶ
714 2910 772 2966 δε
801 2917 866 2964 τὰ
895 2915 1030 2965 κατὰ
1055 2916 1142 2964 τὸν
1195 2912 1445 2965 Φίλιππον
1503 2910 1683 2964 ἐκεῖνοι
1739 2931 1834 2964 πα·

234 2999 517 3076 ρέδραμον,
575 3011 742 3054 ταῦτα
795 3010 904 3064 νῦν,
957 3003 1108 3062 οὗτος
1167 2999 1498 3073 ἀπαγγέλλει.
1561 3005 1715 3072 Λέγει
1777 2997 1836 3053 δε

231 3092 372 3162 αύτῷ
399 3093 424 3142 6
473 3092 702 3155 Ἰησοῦς,
756 3089 1052 3143 Ἀκολούθει
1104 3109 1212 3162 μοι,
1249 3096 1518 3160 γινώσκων
1564 3091 1644 3141 ὅτι
1688 3091 1840 3141 ποθεῖ

231 3183 321 3253 μεν
381 3179 737 3238 ἀκολουθῆσαι
802 3184 892 3230 καὶ
960 3179 1140 3243 αὐτὸς,
1205 3177 1440 3239 ἀκηκοὼς
1490 3182 1608 3250 περὶ
1675 3177 1834 3230 αὐτοῦ

231 3272 376 3342 παρὰ
426 3278 523 3320 τῶν
589 3267 1034 3320 ἀκολουθούντων·
1089 3265 1379 3319 εὐλαϐεῖται
1427 3263 1505 3321 δὲ.
1575 3269 1700 3319 Λύει
1748 3262 1835 3318 οὖν

232 3358 393 3410 αὐτοῦ
419 3362 512 3416 τὴν
549 3354 706 3410 αἱδώ.
764 3360 919 3427 Λέγει
975 3353 1032 3408 δε
1063 3357 1088 3406 6
1135 3355 1513 3426 εύαγγελιστὴς
1553 3360 1643 3406 καὶ
1682 3361 1836 3417 ποίας

231 3447 422 3506 πόλεως
473 3442 553 3509 ἧν,
623 3447 703 3496 ὃτι
763 3443 864 3496 ἀπὸ
937 3440 1232 3510 Βηθσαῐδὰ,
1306 3452 1397 3504 τῆς
1463 3443 1690 3504 εὐτελοῦς
1745 3449 1834 3496 καὶ

235 3534 455 3608 φαύλης,
497 3537 580 3587 ἱνα
609 3535 778 3607 μάθῃς
808 3535 888 3586 ὅτι
913 3537 978 3586 τὰ
1005 3531 1192 3593 ἀσθενῆ
1225 3541 1314 3586 τοῦ
1341 3538 1544 3606 κόσμου
1575 3531 1832 3596 ἐξελέξατο

235 3626 261 3677 6
294 3629 444 3686 Θεὸς.

305 3715 549 3787 Εὑρίσκει
565 3713 816 3775 Φίλιππος
828 3715 915 3766 τὸν
927 3711 1228 3772 Ναθαναήλ.
1246 3715 1391 3766 Μετὰ
1407 3715 1464 3765 τὸ
1479 3710 1734 3772 ἐικολουθῆ
1745 3732 1835 3766 σαι

234 3811 307 3873 τῷ
328 3811 542 3876 Χριστῴ
575 3799 836 3860 δηλονότι.

309 3899 408 3946 Καὶ
466 3923 534 3933 --
585 3894 891 3966 εὑρήκαμεν.
941 3898 1130 3966 Πεῑραν
1182 3891 1343 3944 αὐτοῦ
1406 3890 1596 3958 λαϐών,
1667 3892 1836 3965 κήρυξ

232 3983 392 4035 αὐτοῦ
437 3987 635 4054 γίνεται
691 3987 1011 4052 παραυτίκα,
1059 3986 1148 4033 καὶ
1199 3988 1470 4053 γινώσκων
1519 3985 1604 4034 τὸν
1657 3983 1832 4034 Ναθα-

227 4073 359 4132 ναὴλ
380 4071 753 4146 ἀκριϐέστατον
783 4074 831 4124 ἓν
871 4091 924 4124 τε
966 4079 1078 4132 ταῖς
1122 4079 1361 4143 νομικαῖς
1390 4077 1479 4124 καὶ
1532 4080 1647 4133 ταῖς
1704 4091 1833 4146 προ-

231 4168 478 4236 φητικαῖς
531 4166 760 4235 Γραᾳαῑς
788 4177 799 4191 ·
845 4165 935 4212 καὶ
989 4163 1090 4235 γὰρ
1143 4157 1204 4218 ἦν
1251 4163 1318 4213 τὰ
1377 4168 1596 4212 τοιαῦτα
1637 4161 1834 4235 ἄριστα

231 4249 626 4323 διεσκεμμένος,
677 4251 742 4310 ὡς
815 4254 906 4302 καὶ
955 4251 980 4300 6
1046 4252 1274 4325 Χριστὸς
1340 4247 1690 4322 ἐμαρτύρησε,
1741 4254 1833 4302 καὶ

230 4346 289 4392 τὸ
321 4343 463 4414 ἔργον
511 4336 698 4402 ἔδειξεν
725 4356 737 4369 ⁸
780 4337 863 4392 ἐπὶ
892 4342 978 4391 τὸν
1009 4343 1238 4392 Μωύσέα
1265 4343 1355 4390 καὶ
1405 4343 1525 4400 τοὺς
1569 4343 1835 4412 προφήτας

232 4429 388 4481 αύτὸν
435 4433 789 4500 παραπέμπει,
834 4429 1242 4488 κατασκευάζων
1293 4429 1480 4480 ἐκεῖθεν
1531 4426 1835 4490 ἀξιόπιστον

234 4522 327 4576 τὴν
357 4523 472 4591 περὶ
503 4524 592 4568 τοῦ
619 4525 853 4591 Χριστοῦ
883 4521 1176 4593 μαρτυρίαν
1212 4517 1420 4572 ἑαυτοῦ.

307 4609 512 4666 Ἰησοῦν
538 4611 623 4659 τὸν
650 4610 760 4660 υἱὸν
789 4607 1006 4681 Ἰωσήφ.
1046 4606 1162 4661 "Eri
1187 4611 1288 4682 γὰρ
1317 4609 1503 4660 τούτου
1545 4610 1658 4670 υἱὸς
1707 4606 1832 4662 εἶναι

234 4697 515 4771 ἐνομιζετο.

303 4793 402 4840 Τὸν
457 4787 556 4842 ἀπὸ
610 4789 872 4861 Ναζαρέτ.
929 4789 1021 4838 Ἐκ
1073 4787 1316 4862 Ναζαρὲτ
1373 4785 1567 4860 ἐλέγετο
1631 4785 1724 4841 διὰ
1775 4791 1833 4842 τὸ

228 4888 487 4954 τραφῆναι
508 4877 556 4930 ἐν
585 4879 712 4950 αὐτῇ
725 4917 737 4930 .

306 4973 405 5021 Καὶ
454 5000 522 5008 -
580 4966 745 5034 εἶναι;
800 4966 1028 5019 Ἀκούων
1086 4972 1178 5017 τοῦ
1227 4970 1496 5039 προφήτου
1555 4967 1829 5040 λέγοντοςο

234 5063 336 5111 Καὶ
393 5061 478 5123 σύ,
536 5058 781 5129 Βηθλεὲμ,
814 5063 880 5128 γῆ
943 5051 1136 5118 Ἰούδα,
1185 5051 1432 5128 οὐδαμῶς
1483 5054 1740 5128 ἐλαχίστη
1792 5053 1838 5110 εἶ

231 5145 279 5198 ἐν
323 5154 437 5208 ταῖς
485 5149 737 5220 ἡγεμόσιν
793 5141 990 5198 Ἰούδα.
1053 5145 1142 5196 Ἐκ
1203 5152 1298 5196 σοῦ
1353 5147 1454 5218 γὰρ
1511 5144 1826 5209 ἐξελεύσεται

305 5326 354 5362 ²⁹
385 5325 582 5383 Matth.
626 5343 704 5393 ιν,
731 5325 820 5380 18.
897 5325 945 5360 ³ο
987 5325 1164 5381 Marc.
1197 5338 1277 5390 ιιι,
1318 5328 1404 5380 t6.

1484 5326 1528 5360 ³¹
1567 5326 1684 5381 Luc
1702 5340 1781 5390 vx,
1825 5329 1880 5380 2.

1934 585 2192 654 fratrem
2265 587 2410 656 ejus,
2478 586 2772 642 mittentes
2851 590 2973 641 rete
3034 584 3100 640 in
3173 601 3332 642 mare
3401 588 3473 640 ³ο.
3513 587 3604 643 Ad

1938 674 2067 730 hac
2123 680 2333 731 octavo
2399 675 2571 746 juxta
2652 676 2914 730 Marcum
2963 675 3158 747 capite
3218 674 3386 730 verbi
3445 674 3602 732 illius

1939 763 2484 835 interpretationem
2513 779 2526 819 :
2551 763 2627 819 Et
2679 762 2957 833 imposuit
3001 763 3228 820 Simoni
3257 779 3465 820 nomen
3496 766 3604 821 Pe-

1941 860 2066 908 trus
2120 856 2188 908 ³ο.
2224 853 2336 909 Sed
2394 858 2451 908 et
2495 853 2609 908 loci
2659 853 2818 908 illius
2849 851 3332 924 explanationem
3372 854 3602 911 decimo

1943 944 2134 1012 capite
2160 943 2458 1013 Evangelii
2487 943 2820 999 secundum
2857 945 3075 1000 Lucam
3111 965 3124 1000 :
3150 944 3468 1001 Piscatores
3498 961 3602 1000 au-

1943 1033 2054 1085 tem
2109 1029 2534 1085 descenderant
2588 1043 2664 1085 ea:
2723 1029 2862 1094 illis,
2916 1036 2970 1087 et
3000 1029 3320 1086 abluebant
3359 1029 3506 1086 retia
3527 1031 3598 1087 ³¹.

1944 1121 2160 1178 Omnia
2187 1120 2346 1176 enim
2371 1119 2686 1176 conferunt
2718 1119 2796 1177 ad
2824 1135 2896 1178 ea
2919 1136 3056 1194 quas
3085 1120 3181 1176 hic
3203 1124 3530 1193 ponuntur.

2015 1299 2182 1354 Hunc
2213 1299 2411 1371 itaque
2442 1298 2770 1355 nominavit
2800 1301 3034 1356 Petrum
3085 1315 3099 1355 :
3129 1299 3280 1356 sicut
3313 1299 3602 1358 Jacobum

1943 1393 1999 1444 et
2023 1390 2318 1444 Joannem
2354 1388 2526 1444 Filios
2551 1389 2808 1456 tonitrui,
2851 1388 3168 1445 ostendens
3218 1404 3282 1444 se
3304 1404 3443 1444 eum
3470 1404 3604 1445 esse

1943 1478 2045 1550 qui
2068 1476 2128 1532 in
2148 1477 2334 1533 Veteri
2358 1493 2600 1550 quoque
2614 1477 2997 1534 Testamento
3019 1478 3269 1533 nomina
3283 1477 3611 1550 adaptave-

1944 1571 2053 1632 rat,
2087 1566 2304 1622 Abram
2328 1582 2553 1622 vocans
2567 1567 2891 1631 Abraham,
2927 1568 3135 1624 Saram
3168 1582 3309 1622 vero
3342 1569 3604 1634 Sarram,

1944 1661 2000 1712 et
2025 1655 2210 1712 Jacob
2251 1656 2444 1712 Israel.
2477 1659 2626 1713 Nam
2664 1656 3035 1729 quibusdam
3055 1656 3134 1712 ab
3164 1661 3298 1712 ortu
3327 1655 3598 1723 nomina,

1946 1745 2686 1818 imponebat,quibusdam
2700 1751 2902 1802 autem
2917 1745 3606 1818 postmodum.Quorum

1946 1834 2106 1890 enim
2135 1834 2320 1890 virtus
2351 1851 2388 1890 a
2417 1835 2624 1907 primo,
2678 1835 2843 1908 quod
2873 1835 3058 1900 aiunt,
3092 1833 3310 1907 capillo
3337 1833 3606 1905 fulgebit,

1946 1925 2038 1980 his
2068 1924 2146 1979 ab
2163 1924 2328 1980 initio
2341 1939 2562 1980 nomen
2580 1924 2862 1996 imponit:
2879 1939 3140 1998 quorum
3156 1927 3356 1982 autem
3373 1929 3606 1997 postea,

1947 2014 2040 2069 his
2059 2015 2240 2070 etiam
2266 2017 2503 2087 postea.

2021 2195 2186 2249 Vers.
2211 2195 2301 2250 44.
2334 2197 2573 2251 Postero
2602 2193 2698 2251 die
2717 2224 2786 2236 —
2814 2194 2980 2251 Vers.
3011 2193 3101 2252 45.
3152 2193 3333 2251 Petri.
3367 2194 3610 2251 Postero

1948 2299 2092 2338 sane
2121 2283 2218 2340 die
2254 2283 2441 2340 voluit
2487 2283 2666 2348 exire,
2706 2287 2769 2339 at
2813 2299 2934 2339 non
2968 2288 3202 2354 postero
3250 2284 3346 2339 die
3392 2283 3610 2355 reperit

1950 2373 2295 2444 Philippum,
2337 2373 2440 2428 sed
2473 2373 2858 2445 postmodum
2907 2379 3230 2446 postquam
3281 2375 3519 2429 Petrum
3549 2375 3610 2428 et

1947 2463 2251 2525 Andream,
2299 2461 2594 2518 Jacobum
2621 2479 2692 2518 ac
2711 2464 2995 2518 Joannem
3026 2467 3370 2524 attraxerat,
3395 2477 3612 2534 quem-

1947 2551 2281 2606 admodum
2304 2551 2382 2608 ab
2416 2551 2548 2608 aliis
2573 2551 2952 2620 evangelistis
2967 2551 3103 2608 licet
3128 2551 3425 2622 colligere.

1983 2640 2097 2696 Sed
2118 2656 2301 2713 quam
2315 2640 2394 2696 ob
2411 2656 2536 2697 rem
2552 2656 2672 2696 non
2687 2641 2960 2697 meminit
2975 2640 3285 2713 quomodo
3302 2655 3405 2696 eos
3435 2643 3614 2696 attra-

1943 2730 2093 2785 xerit
2123 2729 2443 2785 ambulans
2455 2729 2611 2786 oirca
2629 2746 2793 2786 mare
2809 2729 3065 2786 Galilasm
3081 2732 3107 2786 7
3121 2730 3271 2796 Quia
3303 2729 3611 2786 Matthmus

1945 2821 2250 2874 etMarcus
2283 2819 2392 2874 hoc
2429 2818 2819 2876 tradiderunt.
2860 2819 2975 2876 Sed
3001 2820 3145 2891 quia
3165 2817 3245 2873 illi
3281 2818 3614 2890 prmtermi-
3669 2813 3671 2816 ⁴

1945 2914 2162 2970 serant,
2194 2925 2331 2980 qum
2363 2909 2519 2964 circa
2551 2908 2895 2980 Philippum
2913 2908 3424 2971 acciderant,haac
3445 2923 3606 2964 nunc

1944 3004 2051 3062 iste
2081 2999 2434 3054 manifestat.
2459 2999 2550 3054 Ait
2574 3004 2774 3054 autem
2816 2998 2895 3054 illi
2952 2999 3164 3054 Jesus:
3215 2998 3471 3070 Sequere
3498 3013 3610 3055 me.

1945 3087 2148 3142 Sciens
2174 3088 2420 3159 quidem
2442 3088 2683 3144 ethunc
2725 3088 2853 3158 jam
2898 3088 3102 3144 animo
3140 3093 3433 3154 secutum,
3471 3104 3612 3144 cum

1944 3176 2019 3230 de
2044 3192 2114 3231 eo
2129 3177 2384 3231 audisset
2414 3177 2491 3231 ab
2525 3176 2614 3231 his
2643 3177 2747 3248 qui
2769 3178 3193 3248 sequebantur,
3219 3177 3323 3232 sed
3340 3192 3611 3234 reveren-

1947 3265 2028 3318 tia
2067 3264 2337 3331 detineri,
2371 3264 2548 3320 solvit
2576 3280 2711 3320 eum
2735 3274 2921 3319 metu.
2955 3265 3101 3320 Dicit
3130 3269 3332 3320 autem
3356 3280 3616 3334 evange-

1893 3352 1912 3390 λ
1944 3352 2076 3407 lista
2113 3368 2234 3425 qua
2275 3354 2348 3408 sit
2407 3353 2714 3424 Philippus
2763 3353 2996 3408 civitate
3050 3353 3364 3419 oriundus,
3395 3359 3544 3425 puta
3575 3371 3615 3411 a

1947 3442 2261 3498 Bethsaida
2278 3442 2374 3497 vili
2398 3457 2468 3498 ac
2497 3441 2743 3510 ignobili
2778 3457 2792 3498 :
2827 3446 2891 3498 ut
2919 3441 3074 3498 scias
3124 3441 3292 3514 quod
3323 3441 3613 3512 ignobilia

1945 3531 2153 3588 mundi
2183 3531 2420 3604 elegerit
2459 3531 2632 3587 Deus.

2015 3713 2184 3769 Vers.
2204 3713 2292 3768 46.
2332 3709 3263 3783 ReperitPhitippusNat/sanast.
3289 3709 3618 3784 Postquam

1944 3801 2218 3857 videlicet
2240 3801 2539 3858 Christum
2567 3806 2810 3858 secutus
2859 3806 3008 3858 erat.

2019 3895 2178 3948 Vers.
2209 3895 2297 3948 46.
2326 3892 2834 3948 Iit—invenimus.
2851 3891 3103 3964 Sumpto
3119 3891 3194 3947 de
3225 3891 3358 3963 ipso
3381 3890 3582 3963 experi
3599 3919 3617 3933 -

1947 3983 2374 4048 mento,statim
2396 3983 2751 4054 praedicator
2766 3981 3372 4053 efﬁcitur;sciensque
3396 3981 3616 4038 Natba-

1947 4073 2081 4128 nael
2107 4072 2166 4127 in
2199 4072 2348 4141 legis
2374 4089 2444 4128 ac
2463 4073 2884 4144 prophetarum
2900 4073 3214 4144 Scripturis
3227 4071 3613 4142 diligentissi-

1948 4161 2440 4232 mum,siquidem
2457 4161 2656 4217 eratin
2667 4160 2753 4216 eis
2772 4161 3030 4217 maxime
3044 4159 3613 4230 versatus,quemad

1948 4247 2189 4303 modum
2218 4251 2276 4302 et
2312 4245 2436 4318 ipse
2459 4246 2720 4301 Christus
2777 4249 3109 4308 attestatur,
3142 4249 3200 4299 et
3236 4259 3330 4298 res
3355 4243 3490 4314 ipsa
3517 4243 3618 4298 de.-

1950 4335 2304 4392 monstravit
2333 4352 2346 4390 ε
2373 4333 2452 4390 ad
2473 4335 2697 4390 Mosam
2719 4348 2790 4390 ac
2810 4333 3128 4405 prophetas
3167 4347 3306 4387 eum
3344 4331 3613 4396 remittit,

1946 4424 2314 4481 conﬁrmans
2333 4423 2470 4479 inde
2506 4439 2682 4478 suum
2705 4422 2781 4478 de
2799 4421 3032 4480 Christo
3046 4420 3455 4476 testimonium
3473 4434 3615 4477 esse

1946 4516 2065 4572 ﬁde
2097 4515 2380 4586 dignum.

2015 4605 2180 4662 Vers.
2202 4605 2507 4661 46.1esum
2535 4603 2725 4674 ﬁlium
2749 4601 2988 4672 Ioseph.
3028 4599 3241 4656 Adhuc
3263 4598 3426 4655 enim
3452 4596 3618 4654 ﬁlius

1866 4692 1910 4746 D
1946 4696 2075 4768 ejus
2100 4711 2229 4751 esse
2261 4695 2607 4767 putabatur.

2015 4789 2177 4842 Vers.
2203 4786 2298 4846 46,
2336 4788 2384 4840 Α
2417 4783 2741 4840 Nazareth.
2774 4783 2820 4838 Α
2851 4780 3140 4838 Nazareth
3168 4778 3306 4835 ideo
3369 4777 3621 4835 diceba-

1945 4882 2057 4942 tur,
2091 4875 2256 4948 quod
2272 4875 2363 4943 ibi
2394 4873 2650 4930 nutritus
2667 4878 2846 4929 esset.

2015 4967 2175 5022 Vers.
2208 4967 2295 5022 47.
2353 4965 2428 5020 Et
2467 4995 2536 5004 —
2597 4977 2714 5020 esse
2736 4961 2764 5017 ?
2794 4965 2943 5019 Cum
2973 4960 3332 5034 prophetam
3379 4957 3620 5017 audiret

1945 5054 2274 5111 dicentem:
2306 5055 2382 5110 Et
2415 5060 2499 5118 tu,
2523 5053 2833 5118 Bethleem,
2855 5056 3013 5108 terra
3040 5050 3220 5114 Iuda,
3245 5062 3613 5121 nequaquam

1945 5146 2195 5202 min-ima
2224 5159 2282 5200 es
2306 5144 2465 5201 inter
2473 5143 2851 5213 principatus
2879 5140 3041 5196 Juda
3081 5155 3100 5195 .'
3130 5155 3206 5195 ex
3234 5145 3284 5195 te
3323 5137 3467 5194 enim
3495 5136 3615 5194 exi-

1437 5502 1660 5571 Varim
1690 5502 2020 5572 lectiones
2052 5511 2118 5571 et
2157 5511 2364 5570 notae.

302 5711 421 5854 {65)
449 5713 552 5786 Γάρ
577 5710 768 5768 abest.
801 5712 868 5770 Α.

331 5785 420 5854 66)
459 5785 762 5854 Chrysost.
806 5786 865 5838 to

331 5785 420 5854 66)
459 5783 762 5855 Chrysost.
806 5786 968 5859 tom.
1003 5783 1136 5846 VIII,
1166 5796 1229 5854 p.
1277 5786 1374 5842 H3
1422 5784 1482 5840 Β.
1524 5783 1611 5846 Ἐκ
1643 5788 1850 5856 πρώτης

1957 5709 2185 5773 ἡλικίας.

2032 5783 2144 5854 (67)
2177 5783 2278 5834 Καί
2300 5779 2626 5853 interponit
2660 5781 2729 5836 Α.
