4170 6472
623 365 764 424 1143

623 494 706 550 bit
798 492 944 558 dum,
991 491 1096 565 qui
1149 497 1314 563 regat
1354 493 1636 564 populum
1676 507 1863 549 meum
1916 491 2110 546 Israel
2139 494 2210 558 ",
2251 506 2281 545 e

620 581 912 638 Bethleem
945 581 1241 638 Christum
1271 580 1660 654 exspectabat
1690 597 1704 637 :
1766 596 1928 636 nunc
1959 584 2159 635 autem
2183 595 2284 634 au-

621 671 788 727 diens
809 686 948 727 eum
977 673 1345 727 Nazarenum
1382 686 1534 736 esse,
1593 671 1868 726 turbatus
1907 674 2000 725 est
2019 668 2284 725 etadmi-

621 761 890 825 rebatur,
918 777 1041 816 non
1063 761 1373 816 inveniens
1401 760 1652 832 Philippi
1680 759 1925 816 verbum
1967 758 2284 814 convenire

619 849 962 923 prophetiae,
992 850 1247 922 ideoque
1268 851 1546 922 opinatus
1572 851 1730 906 hunc
1749 850 1910 906 circa
1935 847 2132 904 locum
2153 863 2283 904 esse

619 939 881 1011 lapsum,
915 939 1236 1010 benignam
1259 940 1428 1011 tingit
1447 940 1864 1010 objectionem,
1889 937 2146 994 innuens
2162 953 2282 994 non

621 1031 703 1086 ita
733 1031 934 1102 ipsum
962 1030 1270 1086 inventum
1294 1047 1442 1096 esse,
1461 1031 1567 1086 sed
1597 1047 1736 1087 eum
1759 1046 1887 1086 esse
1915 1045 1950 1085 a
1970 1028 2282 1093 Nazareth,

620 1120 764 1192 plan
794 1119 1252 1192 quodammodo
1280 1122 1346 1191 (ι)
1375 1136 1480 1192 per
1513 1120 1763 1176 modum
1804 1118 2284 1189 interrogationis

621 1209 870 1282 repellit,
904 1226 1076 1266 suam
1110 1211 1433 1266 ostendens
1473 1211 1630 1266 circa
1671 1210 2006 1281 Scripturas
2029 1208 2280 1279 diligen-

623 1300 789 1366 tiam,
820 1306 875 1355 et
893 1299 1717 1370 infallibilitatemﬁgurarum
1743 1301 1872 1370 (m).

694 1392 790 1445 Est
818 1395 1020 1445 autem
1047 1389 1238 1446 simile
1280 1407 1348 1446 ac
1381 1392 1430 1446 si
1461 1391 1718 1446 diceret:
1757 1391 1961 1446 Utrum
1992 1389 2116 1444 ﬁeri
2159 1394 2284 1460 pot-

621 1483 726 1542 est,
761 1484 826 1533 ut
855 1495 891 1534 a
921 1479 1206 1535 Nazareth
1237 1479 1388 1535 adeo
1419 1480 1637 1548 exigua
1665 1483 1720 1535 et
1749 1478 1978 1548 abiecta
2012 1479 2084 1533 sit
2113 1478 2284 1550 quip-

623 1568 777 1640 piam
815 1568 989 1623 boni?
1009 1571 1156 1624 Nam
1173 1569 1473 1625 Galilasaa
1509 1567 1730 1625 Iudaeis
1765 1567 1917 1624 male
1946 1567 2234 1623 audiebat
2268 1591 2278 1622 :

622 1670 802 1728 porro
830 1656 1385 1713 NazarethGalilaaaa
1411 1653 1621 1714 civitas
1645 1663 1790 1714 erat.
1829 1657 2282 1712 Dicebatautem

624 1745 737 1800 hoc
768 1745 1154 1811 certissimus,
1190 1746 1355 1818 quod
1376 1761 1497 1801 non
1524 1761 1559 1801 a
1582 1746 1881 1811 Nazareth,
1919 1745 2018 1801 sed
2053 1762 2086 1800 a
2122 1744 2282 1801 Beth-

625 1835 780 1891 leem
811 1839 1250 1907 exspectaretur
1279 1836 1569 1892 Christus.

698 2015 856 2069 Vers.
887 2016 974 2070 47.
1008 2015 1171 2071 Dixit
1220 2046 1288 2056 —
1318 2015 1466 2071 vide.
1496 2014 1735 2071 Modum
1765 2029 1889 2086 quo
1915 2014 2024 2070 hoc
2056 2013 2283 2070 dixerat

623 2105 932 2173 ignorans,
965 2109 1304 2177 putansque
1345 2103 1510 2160 illum
1544 2103 1888 2174 simpliciter
1915 2103 2133 2158 civitati
2177 2106 2283 2159 Na-

624 2193 823 2248 zareth
834 2193 1168 2257 detrahere,
1187 2193 1349 2249 ducit
1367 2194 1563 2266 ipsum
1583 2193 1660 2248 ad
1675 2192 1974 2248 Christum
1991 2197 2280 2265 tanquam

624 2283 828 2338 statim
858 2283 1240 2348 crediturum,
1261 2283 1308 2338 si
1329 2283 1509 2339 modo
1522 2283 1853 2339 doctrinam
1877 2298 1946 2338 ac
1969 2297 2282 2338 conversa-

624 2373 846 2428 tionem
867 2373 994 2442 ejus
1017 2378 1325 2442 gustasset.

695 2465 860 2519 Vers.
922 2464 1010 2519 48.
1083 2462 1237 2519 Vidit
1275 2493 1343 2505 —
1381 2463 1682 2519 Israelita.
1731 2460 2028 2517 Laudavit
2082 2462 2280 2532 ipsum

623 2551 794 2625 quasi
842 2551 1264 2620 intelligentem
1295 2568 1426 2623 quae
1459 2552 1703 2620 legerat:
1746 2551 1806 2606 id
1835 2551 1994 2606 enim
2027 2556 2118 2604 est
2149 2565 2284 2605 vere

623 2640 902 2696 Israelita.
927 2641 1066 2694 Nam
1095 2639 1398 2712 pontiﬁces
1427 2645 1481 2694 ct
1508 2637 2114 2710 Scribtequiqueillos
2147 2653 2285 2692 con-

622 2728 952 2799 tingebant,
981 2744 1102 2783 non
1134 2728 1507 2784 attenJentes
1539 2743 1610 2783 ea
1637 2744 1770 2799 quas
1801 2726 2099 2796 legebant,
2133 2725 2285 2782 falso

623 2816 867 2872 nomine
889 2816 1168 2872 Israelitas
1207 2816 1581 2871 dicebantur.

700 2907 852 2960 Vers.
884 2908 970 2960 48.
1010 2906 1076 2960 In
1103 2934 1172 2946 -
1218 2912 1323 2961 est.
1384 2904 1596 2960 Dolum
1623 2909 1814 2968 vocat,
1859 2904 2118 2960 veritatis
2148 2920 2286 2960 con-

624 2993 939 3050 iectionem
970 2993 1063 3050 vel
1091 2994 1575 3050 obscurationem
1602 3009 1639 3049 a
1681 2993 1928 3050 malitia.

695 3085 857 3140 Vera.
885 3087 974 3140 49.
998 3083 1155 3140 Dicit
1197 3115 1268 3124 —
1310 3085 1500 3139 nostri
1527 3083 1555 3138 ?
1587 3086 1714 3140 Non
1750 3088 1839 3138 est
1885 3080 2167 3138 laudibus
2206 3081 2285 3136 in-

621 3173 819 3238 ﬂatus,
862 3173 966 3230 sed
986 3178 1160 3245 rogat
1183 3173 1341 3230 unde
1365 3188 1506 3229 eum
1535 3172 1721 3229 talem
1751 3187 1879 3229 esse
1908 3175 2288 3243 cognosceret

621 3263 863 3337 qualem
903 3263 1160 3322 dicebat.

694 3353 858 3410 Vers.
888 3354 978 3409 49.
1008 3354 1334 3423 Respondit
1372 3385 1438 3395 —
1471 3353 1732 3410 videbam
1771 3359 1841 3409 te.
1893 3350 1992 3406 Ille
2037 3349 2284 3424 quidem

618 3447 910 3516 tanquam
937 3443 1245 3500 hominem
1261 3443 1461 3500 adhuc
1477 3442 1750 3512 rogabat,
1780 3441 1906 3513 ipse
1938 3455 2074 3496 vero
2112 3438 2286 3511 quasi

618 3534 772 3590 Deus
810 3533 892 3589 illi
943 3533 1309 3604 respondet:
1354 3548 1498 3588 nam
1549 3548 1611 3586 se
1667 3530 1887 3586 vidisse
1929 3529 2070 3586 dicit
2119 3528 2285 3601 quod

617 3622 816 3678 nullus
846 3622 1010 3678 vidit.
1034 3622 1384 3695 Priusquam
1405 3627 1595 3676 autem
1622 3620 1977 3676 occurrisset
2006 3618 2281 3691 eiPhilip-

619 3728 755 3784 pus,
795 3711 987 3767 fuerat
1007 3711 1122 3766 sub
1160 3711 1299 3781 ﬁcu,
1330 3709 1495 3766 nullo
1522 3714 1814 3782 prassente
1840 3715 1945 3765 aut
1973 3709 2172 3780 ipsum
2205 3708 2285 3762 vi-

620 3800 816 3855 dente.
862 3799 1027 3855 Dedit
1070 3800 1274 3872 itaque
1318 3801 1554 3868 signum
1593 3798 1756 3870 quod
1803 3804 2189 3868 cognosceret
2214 3813 2284 3853 ac

620 3888 844 3944 videret
867 3905 1000 3961 qua:
1022 3887 1366 3944 hominibus
1407 3887 1539 3944 visa
1555 3903 1677 3944 non
1699 3887 1922 3944 forent:
1961 3887 2286 3958 ideoqueet

620 3982 860 4050 tempus
880 3977 1026 4033 dixit
1050 3983 1105 4034 et
1119 3976 1313 4034 locum
1330 3993 1400 4032 ac
1417 3977 1718 4033 arborem.
1739 3976 2117 4034 Simuletiam
2136 3975 2285 4032 indi-

623 4069 776 4124 cavit
813 4083 877 4123 se
902 4067 1150 4123 omnino
1195 4066 1438 4122 audisse
1492 4082 1628 4138 quas
1659 4066 1903 4122 dixisset
1954 4084 1967 4122 :
2005 4066 2216 4122 Utrum
2246 4082 2284 4123 a

621 4156 928 4213 Nazareth
936 4162 1123 4228 posset
1147 4157 1445 4228 quippiam
1468 4171 1588 4212 esse
1609 4155 1772 4210 boni:
1791 4161 1844 4211 et
1865 4171 1938 4210 ex
1957 4154 2073 4210 hoc
2093 4155 2285 4224 magis

622 4245 902 4303 intellexit
955 4245 1159 4318 ipsum
1219 4261 1347 4302 esse
1384 4246 1704 4301 Christum.
1747 4245 2065 4318 Cogitabat
2123 4246 2284 4301 enim

619 4336 787 4407 quod
813 4336 981 4392 aliter
1015 4351 1134 4392 non
1175 4351 1316 4392 eum
1369 4334 1700 4401 laudasset,
1753 4336 1859 4391 sed
1888 4335 2088 4408 potius
2116 4350 2286 4407 repu-

620 4424 802 4483 lisset.

693 4605 981 4662 Caeterum
1011 4609 1069 4661 et
1119 4620 1156 4660 a
1196 4603 1530 4677 prophetia,
1565 4607 1623 4660 et
1657 4619 1694 4660 a
1720 4603 1899 4659 laude
1926 4603 2124 4676 ipsum
2154 4619 2286 4659 esse

622 4694 891 4750 credidit.
915 4694 1222 4767 Prophetia
1251 4709 1391 4750 vero
1407 4709 1524 4749 non
1563 4693 1638 4750 de
1661 4692 1873 4750 futuris
1907 4697 2134 4749 tantum
2174 4697 2283 4760 est,

696 4872 744 4907 ⁸³
775 4871 957 4930 Mich.
998 4887 1074 4937 vr,
1100 4876 1154 4928 2.
1189 4872 1386 4930 Matth.
1413 4876 1547 4938 11,6.

1948 361 2300 420 EUTHYMII
2334 361 2670 422 ZIGABENI

3859 369 3990 424 1144

2319 491 2699 561 Αήγούμενος,
2775 493 2920 553 ὅστις
2991 499 3231 561 ποιμανεῖ
3305 494 3390 544 τόν
3450 492 3693 561 Ἰσραήλ·
3773 494 3827 546 ἐκ
3899 502 3988 554 Βη-

2397 578 2544 650 θλεὲμ
2598 577 2898 654 προσεδόκα
2950 585 3040 633 τόν
3100 585 3347 654 Χριστόν.
3410 584 3603 635 Μαθὼν
3657 579 3717 634 δι
3774 591 3860 635 νῦν
3913 588 3987 638 ότι

2395 666 2495 720 ἀπό
2539 670 2781 741 Ναζαρέτ
2825 671 2985 734 ἐστιν,
3035 668 3324 744 ἐθορυϐήθη
3364 675 3454 722 καὶ
3501 667 3847 745 διηπόρησεν,
3888 674 3984 746 οὐχ

2394 759 2645 831 εὑρίσκων
2702 758 3054 831 συμϐαίνοντα
3099 767 3159 831 τῇ
3217 764 3508 833 προφητείᾳ
3569 763 3654 812 τόν
3702 761 3854 832 λόγον
3899 772 3984 816 τοῦ

2393 848 2667 902 Φιλίππου.
2739 853 2826 902 Διό
2897 853 2988 900 καὶ
3067 848 3408 920 λογισάμενος
3485 848 3739 922 ἐσφάλθαι
3817 859 3981 904 τοῦτον

2775 493 2920 553 ὅστις
2991 499 3231 564 ποιμανεῖ
3305 494 3390 544 τόν
3450 492 3693 565 Ἰσραήλ·

2391 943 2510 1012 περὶ
2542 941 2628 990 τόν
2676 941 2853 1006 τόπον,
2898 936 3096 998 ἐπιεικῆ
3147 945 3366 990 ποιεῖται
3397 944 3738 1013 παραίτησιν,
3801 939 3856 991 οὑ
3900 949 3978 993 τοῦ

2392 1029 2662 1102 εὑρεθῆναι
2720 1027 2891 1093 αὐτόν,
2950 1025 3078 1079 ἀλλὰ
3130 1035 3221 1080 τοῦ
3271 1025 3372 1080 ἀπό
3427 1029 3669 1102 Nat-Capi?
3715 1025 3867 1095 εἶναι,
3903 1036 3975 1082 καὶ

2393 1116 2591 1188 ὁμαλῶς
2650 1137 2772 1182 πώς,
2824 1116 2872 1168 ἐν
2925 1116 3227 1189 ίρωτὴσιώς
3272 1118 3437 1183 τάξει,
3499 1114 3775 1170 διωθεῖται
3822 1127 3965 1188 τοῦτο,

2395 1203 2640 1258 δεικνύων
2667 1211 2724 1258 τὸ
2755 1211 2871 1280 περὶ
2898 1209 2991 1268 τὰς
3021 1209 3228 1282 Γραφὰς
3257 1205 3463 1280 ἁκριϐες
3485 1206 3666 1276 αὐτοῦ,
3694 1214 3791 1260 καὶ
3820 1213 3872 1261 τὸ
3894 1219 3969 1260 τῶν

2393 1302 2594 1371 τρόπων
2624 1295 3028 1358 ἀνεξαπάτητον.

2469 1385 2558 1458 [Ὀ
2593 1386 2711 1456 (68)
2742 1382 2800 1438 δε
2855 1385 3007 1457 λέγει,
3054 1390 3287 1438 τοιοῦτόν
3335 1384 3494 1441 ἐστιν.
3540 1385 3676 1461 Ἀρα
3714 1385 3779 1439 ἐκ
3824 1389 3967 1449 Ναζα-

2393 1480 2478 1549 ρὲτ
2519 1473 2791 1546 ἐνδέχεταί
2826 1494 2878 1527 τι
2934 1473 3126 1545 ἀγαθὸν
3171 1471 3319 1544 εἶναι,
3354 1476 3467 1544 (69)
3518 1481 3607 1528 καὶ
3658 1482 3783 1529 τότε
3831 1485 3961 1529 τοιοῦ-

2393 1586 2498 1627 τον,
2530 1565 2550 1637 ]
2582 1573 2671 1624 τῆς
2701 1566 2835 1616 οὕτω
2881 1564 3076 1637 φαύλης
3106 1569 3193 1617 καὶ
3227 1563 3646 1639 ἀπερριμμένηςς
3698 1566 3966 1619 Διεϐάλλετο

2392 1658 2492 1728 γὰρ
2544 1657 2684 1728 παρὰ
2723 1662 2816 1714 τῆς
2871 1655 2982 1724 (70)
3043 1650 3304 1714 Ἰουδαίας
3353 1655 3382 1712 ἡ
3442 1653 3734 1707 Γαλιλαίαο
3792 1665 3874 1718 τῆς
3922 1653 3969 1708 δι

2397 1742 2667 1803 Γαλιλαίας
2715 1742 2821 1796 ἑστι
2881 1743 3025 1815 μόλις
3078 1745 3106 1801 η
3139 1744 3402 1816 Ναζαρέτ.
3471 1743 3648 1816 Ἔλεγε
3702 1741 3767 1798 δε
3822 1754 3966 1811 τοῦτο,

2320 1830 2363 1885 Β
2395 1831 2910 1906 πεπληροφορημένος
2949 1835 3030 1884 ότι
3065 1835 3090 1885 ό
3127 1831 3559 1906 προσδοκώμενος
3582 1834 3678 1886 οὐκ
3723 1838 3857 1887 ἔστιν
3885 1834 3970 1887 ἀπό

2395 1923 2655 1997 Ναζαρετ,
2690 1921 2797 1974 ἀλλ’
2837 1921 2892 1974 ἐκ
2925 1922 3175 1994 Βηθλεέμ.

3878 2012 3968 2067 εἶπε

2392 2109 2564 2165 τοῦτο,
2629 2107 2717 2152 καὶ
2785 2101 2952 2161 ἁπλῶς
3016 2101 3171 2153 αὐτόν
3234 2097 3528 2154 διαϐάλλειν
3599 2108 3693 2160 τὴν
3753 2105 3965 2177 Ναζαρὲτ

2469 2017 2617 2083 Λέγει
2672 2044 2736 2052 --
2798 2008 2899 2064 ῖδε.
2957 2012 3179 2083 Ἀγνοών
3232 2014 3318 2063 τόν
3389 2017 3597 2084 τρόπον,
3659 2010 3738 2066 δι’
3780 2015 3829 2066 ὃν

2393 2191 2606 2256 οἰηθεὶς,
2645 2191 2775 2243 ἕλκει
2811 2199 2986 2242 τοῦτον
3027 2189 3108 2243 ἐπὶ
3138 2194 3224 2241 τόν
3259 2194 3485 2265 Χριστόν
3524 2195 3659 2258 (71),
3707 2195 3772 2254 ὡς
3799 2193 3964 2244 αὐτίκα

2393 2282 2822 2351 πεισθησόμε-νον,
2855 2281 2897 2332 εἰ
2927 2286 3080 2352 μόνον
3119 2283 3365 2352 γεύσεται
3401 2289 3492 2342 τῆς
3524 2277 3858 2344 διδασκαλίας
3887 2287 3961 2335 καὶ

2393 2369 2599 2441 ὁμιλίας
2628 2370 2805 2421 αὑτοῦ.

2469 2455 2615 2511 Ιίῖδεν
2677 2491 2738 2500 -
2797 2458 3143 2532 Ἰσραηλίτης.
3209 2459 3485 2532 Ἐπῄνεσεν
3533 2461 3693 2524 αὐτόν,
3744 2463 3811 2522 ὡς
3856 2459 3954 2512 Em-

2393 2553 2736 2617 γινώσκοντα,
2787 2548 2820 2600 ἃ
2866 2547 3244 2619 ἁναγινώσκεί·
3298 2557 3448 2601 τοῦτο
3493 2553 3585 2621 γὰρ
3633 2555 3711 2600 τοῦ
3757 2547 3940 2608 ἀληθῶς

2395 2637 2745 2710 Ἰσραηλίτου.
2776 2641 2841 2690 Οἱ
2882 2643 2983 2710 γὰρ
3015 2637 3283 2712 ἀρχιερεῖς
3309 2643 3401 2690 καὶ
3430 2642 3472 2690 οἱ
3514 2643 3810 2708 Ποαμματεῖς
3859 2642 3946 2687 καὶ

2395 2730 2443 2777 οἱ
2492 2729 2608 2778 κατ’
2660 2726 2898 2789 ἐκείνους,
2981 2728 3038 2780 οὗ
3087 2733 3438 2801 προσέχοντες
3480 2728 3552 2786 οἷς
3613 2726 3956 2796 ἀνεγίνωσκον,

2395 2813 2732 2889 ψευδώνυμοι
2764 2814 2896 2875 ἦσαν
2940 2816 3281 2892 Ἰσραηλῖται.

2467 2905 2550 2956 Ἐν
2604 2937 2670 2945 -
2737 2909 2868 2960 ἔστι.
2925 2905 3076 2958 Δολον
3145 2905 3280 2977 λέγει
3347 2910 3440 2964 τὴν
3515 2903 3814 2975 ἐπεκάλυψεν
3884 2910 3972 2963 τῆς

2399 2993 2492 3051 an
2504 2997 2661 3063 θείας,
2696 3000 2789 3053 τήν
2821 2999 3092 3068 πονηρίαν.

2468 3089 2622 3154 Λίγει
2682 3115 2747 3124 -
2801 3090 3108 3155 γινώσκεις
3169 3084 3278 3136 Οὔκ
3331 3083 3609 3155 ἐχαυνώθη
3680 3090 3789 3144 τοῖς
3841 3081 3975 3133 ἐπαί-

2319 3189 2359 3244 C
2396 3191 2521 3235 νοις,
2547 3171 2653 3223 ἀλλ’
2676 3172 2900 3234 ἐζήτησε
2921 3174 3100 3244 μαθεῖν
3140 3174 3289 3226 πόθεν
3314 3173 3466 3225 αὐτόν
3490 3179 3740 3243 γινώσκει
3765 3180 3976 3224 τοιοῦτον

2398 3263 2503 3315 οἷον
2529 3261 2684 3334 λέγει.

2471 3353 2749 3424 Ἀπεκρίθη
2820 3383 2868 3392 —
2952 3347 3089 3404 εἶδόν
3160 3370 3235 3406 σε.
3299 3351 3358 3404 Ὀ
3438 3355 3529 3424 μεν
3591 3354 3664 3414 ὡς
3734 3353 3979 3424 ἄνθρωπον

2396 3440 2552 3492 αὐτόν
2595 3439 2838 3503 ἐξήταζεν
2869 3443 2942 3494 ἶτι
2965 3457 2976 3469 ·
3037 3440 3191 3501 αὐτός
3223 3437 3281 3494 δι
3311 3443 3376 3502 ὡς
3421 3444 3553 3502 Θεὸς
3611 3441 3758 3512 αὐτῷ
3791 3440 3981 3514 ἀποκρί-

2394 3549 2553 3582 νεται.
2598 3535 2752 3602 Λέγει
2787 3533 2888 3605 γὰρ
2933 3527 3061 3583 ἰδεῖν
3114 3530 3140 3582 ὁ
3189 3527 3359 3590 οὐδεὶς
3390 3529 3602 3603 ἑώρακε.
3643 3535 3754 3604 Πρὸ
3808 3538 3897 3583 τοῦ
3924 3528 3982 3581 ἕνα

2393 3628 2575 3691 τυχεῖν
2613 3622 2712 3694 γὰρ
2767 3619 2907 3690 αὖτῴ
2956 3623 3042 3671 τὸν
3087 3619 3357 3684 Φίλιππον,
3401 3615 3461 3676 ἧν
3511 3620 3614 3671 ὑπὸ
3667 3624 3765 3678 τὴν
3821 3627 3983 3686 συκῆν,

2393 3706 2600 3769 οὐδενός
2646 3713 2893 3783 παρόν-ος
2943 3712 2974 3767 ἦ
3029 3709 3250 3781 ὁρῶντος
3301 3707 3469 3763 οὐτόν.
3525 3704 3766 3761 Δὲδωκεν
3793 3709 3878 3761 οὖν
3928 3727 3985 3758 τι·

2394 3804 2610 3872 κμήριον
2658 3797 3024 3872 ἀναντίρρητον
3053 3804 3144 3850 τοῦ
3200 3802 3473 3869 γινώσκειν
3520 3797 3706 3866 αὐτὸν,
3749 3804 3840 3851 καὶ
3886 3798 3986 3870 όρᾲν

2395 3891 2460 3940 τὰ
2497 3895 2606 3949 τοῖς
2661 3886 2945 3962 ἀνθρώποις
2975 3885 3187 3940 ἀθέατα.
3249 3889 3336 3938 Διό
3379 3890 3469 3938 καὶ
3521 3890 3612 3938 τὸν
3669 3891 3856 3962 καιρὸν
3901 3888 3988 3939 εἰπε

2395 3982 2484 4030 καὶ
2520 3981 2602 4030 τόν
2631 3983 2786 4029 τόπον
2824 3980 2995 4028 καὶτὸ
3037 3972 3272 4050 δένδρον,
3306 3980 3396 4028 καὶ
3439 3975 3550 4048 οἶμα
3585 3973 3790 4039 ἔδειξεν
3817 3979 3894 4029 ὃτι
3918 3979 3990 4027 καὶ

2397 4072 2590 4127 ἤκουσε
2637 4067 2883 4127 πάντωςὸ
2923 4064 3078 4129 εἶπεν,
3109 4069 3188 4117 ὅτι
3237 4067 3324 4118 Ἐκ
3375 4065 3619 4137 Ναζαρὲτ
3681 4063 3906 4119 δύναταί
3951 4084 3990 4116 τι

2397 4157 2592 4229 ἀγαθόν
2645 4153 2808 4208 εἶναι·
2871 4159 2958 4207 καὶ
3034 4156 3090 4206 ἐκ
3145 4158 3332 4207 τούτου
3404 4154 3595 4226 μᾶλλον
3657 4164 3883 4216 συνῆκεν
3929 4156 3990 4206 ότι

2397 4245 2553 4307 αὐτός
2581 4244 2722 4298 ἔστιν
2768 4247 2793 4296 ό
2827 4249 3074 4319 Χριστός.
3106 4243 3413 4315 Ἐλογίσατο
3445 4246 3545 4318 γὰρ
3579 4245 3688 4310 ὅτι,
3726 4245 3772 4298 εἰ
3819 4251 3889 4317 μὴ
3926 4241 3989 4304 ἦν,

2396 4335 2490 4388 οὐκ
2521 4333 2580 4387 ἆν
2603 4334 2842 4407 ἐπῄνεσεν
2869 4334 3045 4400 αὐτόν,
3077 4332 3182 4385 ἀλλ’
3210 4332 3461 4386 ἀπώσατο
3492 4334 3572 4388 ἄν.
3597 4338 3806 4387 Λοιπὸν
3837 4331 3926 4387 οὖκ
3953 4335 3992 4384 ἐκ

2396 4444 2449 4477 τε
2475 4432 2567 4486 τῆς
2603 4428 2918 4498 προφητείας
2962 4426 3016 4475 ἔκ
3047 4442 3100 4476 τε
3155 4430 3246 4475 τοῦ
3277 4421 3487 4475 ἐπαίνου
3539 4441 3896 4477 πεπίστευκεν
3933 4425 3992 4474 ὃτι

2320 4554 2364 4608 D
2397 4515 2548 4573 αὐτός
2580 4512 2711 4566 ἔστι.

2467 4602 2788 4678 [Προφητεία
2829 4602 2941 4672 (72)
2980 4597 3038 4654 δι
3086 4599 3276 4672 ἑστιν,]
3308 4601 3405 4653 οὐκ
3460 4598 3542 4653 ἐπὶ
3582 4609 3694 4652 τῶν
3733 4601 3992 4674 μελλόντων

2397 4698 2569 4766 μόνον,
2606 4690 2735 4744 ἀλλὰ
2789 4695 2879 4742 καὶ
2921 4689 3002 4742 ἐπὶ
3063 4698 3159 4742 τῶν
3217 4689 3596 4762 παρελθόντων,
3667 4694 3743 4754 ὡς
3774 4694 3804 4749 ἠ
3856 4696 3990 4743 Mon

1853 4997 2078 5066 Varias
2111 4997 2440 5066 lectiones
2475 5006 2540 5064 et
2580 5006 2783 5064 notae.

725 5197 814 5267 68)
839 5193 1440 5251 Excideruntinclusa
1473 5200 1537 5250 A.

725 5264 814 5331 69⁷)
877 5271 978 5319 Καὶ
1011 5271 1126 5318 τότε
1172 5275 1404 5319 τοιοῦτον
1443 5268 1500 5322 in
1540 5265 2028 5338 interpretatione
2094 5264 2289 5334 negle-

627 5337 719 5393 xit
767 5338 1102 5393 Hentenius.
1147 5341 1314 5394 Forte
1362 5343 1563 5393 autem
1594 5337 2014 5407 corrigendum
2067 5342 2171 5392 aut
2199 5342 2288 5388 καὶ

627 5412 686 5461 τό
742 5418 971 5462 τοιοῦτον
1021 5414 1125 5464 aut
1189 5415 1279 5461 καὶ
1338 5419 1504 5462 ταῦτα
1568 5417 1820 5475 τοιοῦτον,
1882 5409 2108 5464 scilicet
2164 5407 2288 5478 ἀγα·

633 5482 739 5549 θόν,
797 5479 902 5533 οἷον
933 5483 958 5533 ὁ
1011 5484 1229 5543 Μεσίας.
1271 5483 1465 5554 Τρόποε
1503 5485 1705 5537 autem
1746 5497 1862 5536 non
1895 5485 2033 5536 sunt
2070 5481 2284 5551 ﬁgurae,

699 5658 771 5731 (t)
796 5658 1112 5731 Benignam
1138 5689 1206 5731 _—-
1235 5657 1680 5731 quodammodo.
1716 5659 2060 5731 Humaniter
2099 5673 2289 5731 remo-

627 5728 760 5808 vel,
786 5745 909 5808 non
934 5730 1094 5799 quod
1137 5728 1542 5808 inventussit,
1576 5730 1678 5790 sed
1715 5730 1878 5808 quod
1925 5746 1960 5790 δ.
2005 5729 2287 5792 Nazareth

631 5801 721 5874 sit,
745 5806 802 5860 et
831 5800 1009 5882 plane
1035 5799 1510 5879 quodaminodo.

2400 5193 2504 5250 sed
2531 5209 2733 5258 mores,
2762 5192 3082 5262 ingenium.

2493 5265 2582 5336 70)
2617 5257 2763 5336 Imo,
2803 5257 2911 5326 τοῖς
2939 5257 3717 5336 Ἰουδαίοις,-υὶΑΗθηιθῐιίιιε
3747 5262 3902 5332 legit.

2492 5331 2583 5402 7t)
2612 5335 2699 5398 Ὠς
2723 5336 2892 5408 abest
2920 5334 2965 5388 Α
3007 5351 3021 5401 ;
3079 5348 3218 5408 mox
3260 5331 3475 5408 legitur
3500 5331 3983 5408 πεισθησόμενοςΒ.

2493 5409 2584 5478 72)
2615 5408 2746 5463 Tria
2776 5406 2904 5461 llth
2932 5404 3232 5462 vocabula
3251 5403 3470 5460 absunt
3500 5409 3564 5459 Α.

2463 5657 2573 5724 (m)
2607 5656 2983 5725 Figurarum.
3015 5656 3182 5710 Forte
3201 5652 3343 5725 legit
3371 5654 3566 5717 τύπων,
3604 5651 3749 5725 loco
3785 5656 3977 5725 τρόπῳ.

2397 5723 2602 5785 Sermo
2623 5723 2712 5782 est
2743 5727 2817 5782 de
2847 5726 3140 5781 constanti
3168 5741 3238 5781 ac
3284 5724 3462 5780 ﬁrmo
3490 5723 3885 5786 Nathanaelis
3914 5723 3978 5778 in-

2396 5801 2592 5870 genio,
2619 5799 2786 5875 quod
2807 5797 2930 5857 falli
2956 5813 3079 5857 non
3106 5796 3315 5874 potuit.
