4170 6426
224 329 358 386 1145

1295 320 1665 378 COMMENT.
1709 319 1774 376 IN
1813 317 2163 376 JOANNEM.
2209 351 2274 360 —
2314 319 2471 376 CAP.
2513 321 2557 376 Ι.

3453 318 3592 374 1146

224 457 347 514 σέως
375 456 494 525 περὶ
534 458 630 512 τῆς
669 453 1053 522 κοσμογενείας·
1106 451 1195 499 καὶ
1244 445 1327 500 ἐπὶ
1379 455 1477 500 τῶν
1508 445 1808 511 ἐνεστώτων,

1935 457 2138 499 verum
2167 444 2345 501 etiam
2368 444 2442 500 de
2470 442 2780 518 prasteritis
2809 459 2824 510 ;
2860 442 3016 499 sicut
3042 442 3235 498 Moses
3267 441 3343 498 de
3376 443 3592 501 mundi

226 545 285 602 ὡς
315 544 435 594 ὁταν
483 542 508 592 6
548 542 781 615 Χριστός
808 538 930 612 λέγῃ
970 539 1086 610 (73)
1116 539 1184 590 τὰ
1211 539 1262 590 ἓν
1299 544 1414 600 ταῖς
1441 533 1686 611 καρδίαις
1723 543 1822 588 τῶν

230 629 510 704 ἀνθρώπων
523 674 536 686 .

296 718 577 793 Ἀπεκρίθη
636 749 706 758 --—
758 717 994 791 Ἰσραήλ.
1037 723 1232 788 Ἔγνως
1283 715 1470 788 ψυχὴν
1523 716 1623 769 ῦπό
1679 734 1822 790 περι-

223 812 444 881 χαρείας
526 816 846 882 σκιρτῶσαν,
927 811 1017 859 καὶ
1098 809 1583 880 περιπτυσσομένην
1663 805 1818 858 αύτόν

221 895 326 958 τοῖς
368 898 573 972 ῥήμασι
622 899 842 958 τούτοις·
876 899 943 949 Σύ
994 891 1057 966 εἶ,
1117 900 1296 968 φησιν,
1366 894 1522 958 αὐτὸς
1565 893 1749 956 ἐκεῖνος
1792 895 1818 946 6

217 983 669 1060 προσδοκώμενος.

288 1161 426 1214 Αλλὰ
474 1166 608 1224 τίνος
670 1163 828 1216 ἕνεκεν
891 1164 916 1215 ὁ
980 1167 1174 1237 Πέτρος
1229 1166 1340 1236 μὲν,
1404 1165 1537 1236 μετά
1587 1170 1818 1216 τοσαῦτα

217 1252 461 1323 θαύματα
545 1257 634 1306 καὶ
721 1254 983 1312 τοσαύτην
1060 1249 1414 1306 διδασκαλίαν
1493 1251 1818 1325 ὁμολογήσας

215 1339 372 1393 αὐτὸν
398 1343 516 1394 Υἱόν
572 1349 664 1394 τοῦ
723 1349 878 1408 Θεοῦ,
940 1340 1266 1415 έμακαρίσθη
1303 1358 1315 1372 ⁸
1363 1343 1389 1394 6
1414 1341 1698 1400 Ναθαναὴλ
1735 1338 1812 1408 δὲ,

213 1434 305 1482 καὶ
335 1433 435 1503 πρὸ
465 1439 564 1482 τῶν
619 1433 898 1504 θαυμάτων
928 1436 1018 1484 καὶ
1063 1434 1164 1506 πρὸ
1216 1440 1307 1492 τῆς
1355 1427 1704 1492 διδασκαλίας
1759 1435 1815 1484 τό

214 1518 342 1571 αύτό
392 1524 636 1590 ποιήσας,
685 1520 778 1572 ούκ
819 1522 1142 1595 ἐμακαρίσθη
1177 1538 1191 1588 ;
1221 1528 1364 1574 Διοτι
1394 1521 1437 1574 εἰ
1465 1525 1551 1574 καὶ
1580 1524 1638 1573 τό
1688 1521 1814 1573 αύτὸ

213 1608 544 1680 ἐφθέγξαντο,
607 1608 713 1662 ἀλλ’
766 1610 824 1662 ού
873 1613 1002 1682 μετά
1058 1619 1153 1673 τῆς
1206 1610 1365 1672 αὐτῆς
1443 1607 1694 1672 διανοίας.
1755 1611 1814 1664 Ὀ

215 1701 400 1771 Πέτρος
429 1701 519 1770 μεν
556 1700 657 1774 γὰρ
708 1701 860 1772 φύσει
916 1702 1034 1754 Υἱόν
1074 1707 1165 1752 τοῦ
1214 1708 1348 1754 Θεοῦ
1387 1707 1567 1753 τοῦτον
1615 1700 1816 1773 ὡμολό-

209 1804 390 1857 γησεν·
425 1788 451 1839 ὁ
508 1787 790 1847 Ναθαναὴλ
844 1785 904 1842 δὲ
939 1792 1055 1842 Υἱὸν
1097 1797 1187 1842 τοῦ
1241 1797 1375 1842 Θεοῦ
1434 1791 1616 1842 θέσει·

207 1879 298 1948 μὲν
336 1880 464 1930 Θεὸν
526 1883 740 1952 κυρίως,
775 1880 800 1931 6
833 1875 891 1932 δὲ
917 1883 1044 1932 Θεὸν
1097 1882 1232 1932 κατά
1281 1882 1464 1954 χάριν.
1514 1883 1614 1932 Καὶ
1663 1887 1813 1934 τοῦτο

211 1961 391 2033 δῆλον,
435 1965 534 2019 ἀπὸ
575 1975 668 2020 τοῦ
725 1966 1004 2040 ἐπαγαγεῖν
1055 1988 1068 2001 ο
1125 1972 1191 2020 Σύ
1243 1965 1290 2021 εἴ
1344 1970 1368 2020 6
1423 1967 1670 2041 βασιλεὺς
1722 1978 1812 2022 τοῦ

211 2054 445 2125 Ἰσραήλ.
477 2055 536 2108 Ὀ
562 2056 675 2128 (7's)
727 2059 829 2129 γὰρ
876 2059 1027 2126 φύσει
1059 2059 1180 2119 Υἱὸς
1217 2065 1307 2110 τοῦ
1375 2065 1508 2110 Θεοῦ
1551 2058 1610 2110 οῦ
1657 2064 1810 2131 μόνον

209 2150 310 2194 τῶν
343 2142 700 2215 Ἰσραηλιτῶν,
762 2143 888 2196 ἀλλὰ
937 2146 1138 2198 πάντων
1186 2143 1438 2218 βασιλεύς
1490 2144 1648 2200 ἐστιν.
1701 2147 1812 2200 Οὐκ

209 2229 435 2284 ἐντεῦθεν
478 2229 537 2286 δὲ
583 2236 737 2306 μόνον
785 2241 938 2286 τοῦτο
983 2231 1164 2298 δῆλον,
1225 2233 1352 2287 ἀλλά
1417 2241 1506 2288 καὶ
1557 2235 1644 2308 ἀφ’
1688 2238 1754 2288 ὧν
1785 2238 1810 2288 6

207 2324 444 2394 Χριστὸς
500 2320 776 2396 ἀπεκρίθη,
821 2325 1061 2396 προάγων
1113 2331 1294 2376 τοῦτον
1357 2323 1440 2377 ἐπὶ
1503 2325 1810 2400 τελειοτέραν

203 2409 481 2481 ὁμολογίαν
519 2416 610 2464 καὶ
653 2407 928 2465 διδάσκων
959 2417 1029 2485 μὴ
1084 2414 1150 2474 ὡς
1198 2411 1450 2486 ἀνθρώπῳ
1486 2413 1623 2486 ψιλῷ
1649 2435 1810 2490 προσο

204 2502 350 2569 ἐχειν
373 2502 535 2570 αὐτῷ.

277 2588 560 2664 Ἀπεκρίθη
597 2621 662 2630 -
692 2589 828 2661 ὄψει.
879 2590 990 2643 Ἱνα
1018 2596 1106 2643 καὶ
1149 2591 1326 2663 μεῖζον
1354 2595 1660 2665 πιστεύσῃς.
1693 2593 1808 2646 Ἐτι

197 2675 300 2749 γάρ
323 2680 491 2750 μικρά
520 2678 765 2749 ἀκούσας,
806 2681 972 2754 μικρὰ
993 2678 1287 2733 ἐπίστευσε.

211 2799 224 2812 ο
277 2771 381 2820 Καὶ
406 2766 541 2839 λέγει
598 2799 666 2810 -
725 2767 1017 2844 ἀνθρώπου.
1087 2767 1511 2842 [Ἀναϐαίνοντας
1550 2771 1662 2843 (75)
1701 2770 1806 2826 εἶπε

195 2864 427 2930 πρῶτον,
458 2853 630 2915 δηλῶν
658 2861 773 2919 τούς
802 2860 938 2934 ἄχρι
968 2861 1150 2911 τούτου
1191 2861 1303 2928 (7b)
1325 2864 1689 2934 συμπαρόντας
1717 2866 1804 2916 καὶ

197 2942 568 3006 διακονοῦντας
598 2947 788 3019 αύτῷ

268 3033 356 3093 Ὠς
384 3037 482 3106 γὰρ
540 3033 622 3086 ἐπὶ
682 3040 900 3105 γνήσιον
951 3038 1068 3087 Υἱὸν
1114 3043 1207 3087 τοῦ
1237 3043 1392 3104 Θεοῦ,
1425 3035 1686 3090 ἀνέϐαινον
1715 3045 1806 3093 καὶ

193 3121 502 3175 κατέϐαινον
554 3126 603 3176 οἱ
674 3123 885 3194 οἰγγελοι
949 3131 1038 3176 τοῦ
1107 3131 1241 3177 Θεοῦ
1315 3123 1394 3178 ἐπ’
1451 3126 1624 3192 αύτόν,
1689 3124 1806 3180 διας
1842 3157 1882 3214 C

191 3219 464 3273 κονοῦντες
509 3227 523 3241 ⁸
553 3215 820 3284 τοῦτομὲν
871 3215 1015 3285 παρά
1075 3216 1162 3264 τόν
1213 3217 1390 3286 καιρὸν
1441 3221 1533 3267 τοῦ
1579 3217 1799 3281 πάθους,

190 3309 351 3354 τοῦτο
385 3297 448 3353 δε
477 3303 620 3376 παρά
657 3305 744 3354 τόν
778 3298 874 3364 τῆς
900 3301 1249 3366 ἀναστάσεως,
1281 3309 1434 3356 τοῦτο
1462 3299 1522 3356 δε
1549 3307 1692 3379 παρά
1717 3307 1803 3357 τὸν

187 3399 288 3452 τῆς
319 3388 650 3460 ἀναλήψεως
741 3386 800 3443 δε
829 3389 1037 3462 ἄγγελοι
1067 3387 1378 3444 διακονοῦσι
1417 3389 1800 3467 δουλοπρεπῶς,

186 3481 346 3540 οὗτος
373 3479 474 3530 οὐκ
509 3482 648 3531 ἔστιν
714 3479 979 3554 ἅνθρωπος
1017 3479 1212 3545 ἁπλῶς,
1246 3479 1374 3533 ἀλλὰ
1411 3487 1500 3534 καὶ
1539 3482 1652 3555 (77)
1687 3487 1804 3546 Θεὸς

187 3573 284 3620 καὶ
317 3572 587 3630 Δεσπότης
613 3568 801 3622 αὐτῶν.
831 3568 1016 3640 Ἀμὴν,
1053 3567 1191 3638 ἀμὴν
1231 3569 1362 3642 λέγω
1401 3572 1521 3644 ύμῖν
1546 3579 1655 3634 τοῖς
1683 3593 1805 3626 πισ-

189 3663 324 3720 τοῖς,
363 3654 560 3730 ἀπάρτι
590 3657 799 3729 ὄψεσθε,
840 3660 970 3730 μετά
995 3663 1052 3711 τὸ
1082 3668 1366 3712 πιστεῦσαι
1395 3666 1644 3732 γνησίως.
1671 3669 1806 3715 Ταῦ-

188 3765 257 3798 τα
282 3741 347 3798 δέ
373 3744 481 3798 εἱσι
509 3750 571 3799 τὰ
595 3747 759 3820 μείζω
811 3752 929 3822 περὶ
981 3748 1048 3799 ὧν
1096 3745 1230 3802 εἶπεν
1265 3750 1345 3802 ὁτι
1407 3751 1583 3812 Μείςω
1613 3754 1802 3804 τούτων

186 3835 332 3908 ὄψει.

257 3924 431 3998 ’Ὀψιν
453 3921 488 3978 δ
492 3929 514 3978 's
538 3930 726 3985 νόησον
757 3932 845 3980 καὶ
862 3931 955 3985 τὴν
985 3936 1199 3998 γνῶσιν.
1228 3927 1494 4001 Ἔγνωσαν
1509 3933 1610 4006 γὰρ
1637 3939 1803 3985 ταῦτα

178 4019 372 4076 πάντες
441 4017 493 4066 οἱ
545 4016 802 4087 μαθηταὶ,
860 4018 908 4067 οἱ
939 4020 1028 4088 μὲν
1079 4013 1299 4087 ἰδόντες,
1327 4021 1376 4071 οἱ
1407 4015 1467 4073 δε
1493 4017 1802 4083 ἀκούσαντες

176 4108 329 4181 παρά
359 4113 464 4157 τῶν
496 4101 731 4158 ἰδόντων.

249 4193 422 4267 ’Ὅπερ
458 4189 518 4246 δε
571 4196 620 4246 ἓν
658 4193 848 4257 ἄλλοις,
897 4201 1049 4246 τοῦτο
1102 4199 1191 4247 καὶ
1217 4202 1306 4247 νῦν
1355 4205 1511 4250 ποιεῖ.
1572 4201 1668 4250 Δύο
1697 4201 1798 4272 γὰρ

177 4287 341 4339 εἰπὼν
429 4282 774 4358 προρρησεις,
859 4290 953 4342 την
1031 4287 1121 4356 μὲν
1205 4284 1638 4358 ὁμολογουμένην,
1719 4290 1800 4340 ὁτι

180 4379 291 4449 Πρὸ
333 4381 431 4426 τοῦ
482 4376 541 4424 σε
595 4372 846 4426 Φίλιππον
917 4382 1177 4444 φωνῆσαι,
1227 4378 1350 4426 ὄντα
1403 4375 1502 4427 ὑπὸ
1549 4380 1644 4434 τὴν
1709 4396 1800 4428 σν-

174 4472 297 4530 κῆν,
329 4459 474 4516 εἶδόν
511 4480 571 4514 σε
623 4483 636 4496 ο

169 4554 397 4628 οὐρανὸν
426 4550 695 4622 ἀνεῳγότα
745 4556 834 4603 καὶ
882 4553 947 4603 τὰ
1006 4551 1124 4614 ἑξῆς
1158 4569 1174 4585 ⁸
1208 4551 1308 4604 ἀπὸ
1371 4562 1464 4614 τῆς
1510 4553 1798 4626 ὁμολογου-

168 4650 336 4719 μένης
395 4639 614 4715 βεϐαιοῖ
640 4645 732 4699 τὴν
773 4640 886 4711 (78)
942 4639 1242 4712 ἀμφίϐολον.
1290 4645 1376 4695 Διὸ
1429 4649 1518 4695 καὶ
1549 4649 1799 4716 σεσίγηκε

167 4740 264 4812 μεν
322 4735 349 4787 ὁ
378 4728 693 4795 Ναθαναὴλ,
723 4732 916 4787 ἔστησε
947 4725 1006 4781 δὲ
1036 4735 1124 4782 καὶ
1162 4732 1188 4782 6
1222 4735 1446 4805 Χριστός
1479 4735 1644 4806 μέχρι
1675 4737 1796 4786 τού-

165 4847 262 4881 του
295 4827 387 4878 τόν
429 4821 610 4894 λόγον,
648 4820 791 4891 ἀφεὶς
826 4818 982 4872 αὐτὸν
1037 4819 1150 4872 κατ’
1189 4816 1330 4873 ἰδίαν
1379 4819 1798 4895 ἀναλογίσασθαι

1931 533 2366 599 constitutione,
2385 539 2442 589 et
2469 535 2543 589 de
2567 531 2985 604 praesentibus,
3021 535 3080 587 ut
3111 547 3248 587 cum
3269 531 3416 588 dixit
3431 531 3590 589 Chri-

1933 629 2059 679 stus
2087 639 2219 696 qua:
2250 624 2366 680 sint
2404 624 2464 680 in
2503 622 2682 679 corde
2710 621 3052 678 hominum.

2004 715 2160 768 Vers.
2193 713 2282 769 50.
2316 711 2932 783 Respondit—Israel.
2968 710 3144 766 Vides
3173 710 3443 767 animam
3469 726 3587 784 prae

1929 801 2118 858 nimia
2144 801 2342 858 laetitia
2371 801 2789 866 exsultantem,
2804 800 3016 872 hisque
3032 799 3229 855 verbis
3248 800 3442 872 ipsum
3459 817 3586 856 am-

1927 891 2282 964 plectentem
2326 909 2338 948 :
2377 892 2484 958 Tu,
2527 891 2739 964 inquit,
2777 890 2872 947 ille
2923 890 3052 962 ipse
3092 906 3156 945 es
3223 889 3326 962 qui
3379 906 3587 964 exspe-

1927 980 2224 1040 ctabatur.

1999 1070 2106 1126 Sed
2129 1086 2315 1144 quare
2346 1071 2552 1126 Petrus
2583 1070 2686 1143 qui
2719 1074 2853 1141 post
2895 1075 3058 1126 tanta
3109 1068 3402 1125 miracula
3455 1073 3584 1126 tan-

1928 1164 2165 1232 tamque
2210 1159 2543 1216 doctrinam
2574 1159 2888 1215 confessus
2918 1165 3004 1214 est
3042 1157 3242 1230 ipsum
3291 1173 3425 1215 esse
3479 1160 3580 1216 Dei

1926 1248 2155 1315 Filium,
2181 1249 2394 1305 beatus
2425 1250 2617 1305 dictus
2665 1254 2755 1305 est
2787 1266 2800 1304 :
2847 1247 3176 1304 Nathanael
3212 1263 3352 1303 vero
3395 1249 3498 1321 qui
3528 1255 3586 1306 et

1925 1345 2061 1395 ante
2103 1338 2408 1404 miracula,
2438 1343 2492 1394 et
2521 1343 2658 1394 ante
2687 1339 3022 1394 doctrinam
3051 1337 3166 1392 hoc
3204 1336 3402 1410 ipsum
3425 1337 3580 1406 fecit,

1926 1443 2044 1484 non
2061 1434 2147 1484 est
2179 1428 2372 1484 dictus
2395 1428 2644 1484 beatus?
2657 1427 2804 1494 Quia
2830 1427 2964 1482 licet
2988 1426 3318 1498 hocipsum
3349 1426 3583 1484 locutus

1925 1518 2609 1583 est,nontameneadem
2625 1521 2842 1572 mente.
2867 1519 3014 1572 Nam
3068 1519 3267 1572 Petrus
3303 1531 3441 1571 cum
3481 1533 3584 1572 na-

1925 1611 2058 1662 tura
2087 1606 2189 1662 Dei
2216 1606 2420 1662 Filium
2436 1622 2563 1662 esse
2577 1605 2890 1663 confessus
2914 1610 3032 1662 est:
3060 1605 3385 1661 Nathanael
3417 1621 3576 1672 vero,

1924 1695 2025 1750 Dei
2059 1696 2265 1752 Filium
2294 1696 2638 1768 adoptione;
2673 1695 2835 1751 etille
2851 1693 3094 1768 quidem
3111 1693 3343 1766 proprie
3369 1695 3578 1762 Deum,

1667 1797 1757 1842 καὶ
1787 1791 1812 1842 ὁ
1843 1807 1886 1861 Β
1924 1785 2016 1841 hic
2046 1791 2245 1842 autem
2273 1801 2379 1858 per
2395 1785 2669 1855 gratiam,
2703 1784 2865 1856 quod
2889 1783 3267 1839 manifestum
3299 1789 3478 1839 estex
3509 1799 3580 1839 eo

1921 1876 2085 1948 quod
2116 1873 2422 1930 subditur:
2463 1876 2548 1930 Tu
2575 1890 2632 1931 es
2661 1889 2772 1930 rex
2794 1874 2994 1929 Israel.
3030 1872 3140 1939 Qui
3167 1872 3327 1927 enim
3365 1876 3581 1930 natura

1921 1965 2021 2021 Dei
2052 1963 2234 2019 Filius
2261 1968 2371 2030 est,
2404 1979 2526 2020 non
2561 1961 2961 2018 Israelitarnm
2997 1960 3210 2026 solum,
3240 1960 3346 2016 sed
3375 1966 3432 2016 et
3452 1977 3578 2017 om-

1919 2055 2089 2110 nium
2120 2069 2223 2109 rex
2253 2058 2356 2108 est.
2398 2056 2597 2126 Neque
2635 2052 2774 2108 hinc
2823 2051 3016 2108 solum
3052 2050 3431 2106 manifestum
3463 2055 3570 2117 est,

1920 2159 2125 2199 verum
2155 2142 2333 2198 etiam
2379 2141 2458 2198 ab
2510 2141 2600 2197 his
2632 2157 2767 2213 quae
2817 2140 3124 2214 respondit
3173 2139 3458 2207 Christus,
3495 2140 3572 2196 ad

1922 2233 2327 2306 perfectiorem
2390 2232 2821 2288 confessionem
2865 2232 3022 2287 hunc
3054 2230 3346 2286 inducens
3371 2246 3441 2286 ac
3471 2229 3577 2286 do-

1919 2338 2082 2392 cens,
2114 2338 2186 2378 ne
2216 2322 2329 2378 sibi
2358 2323 2531 2394 quasi
2563 2338 2714 2395 puro
2757 2321 2981 2378 homini
3014 2319 3395 2377 auscultaret.

1991 2499 2152 2556 Vers.
2203 2501 2292 2556 51.
2351 2500 2671 2569 Respondit
2731 2531 2795 2540 —
2851 2499 3091 2557 videbis.
3131 2501 3200 2555 Ut
3259 2497 3580 2570 perfectius

1917 2589 2146 2645 credas.
2181 2592 2328 2646 Nam
2369 2605 2507 2646 cum
2563 2605 2745 2662 parva
2791 2589 2991 2646 adhuc
3038 2588 3322 2654 audisset,
3357 2603 3572 2660 parum

1916 2677 2224 2735 credebat.

1985 2768 2260 2823 Vers.5'2.
2292 2769 2368 2823 Et
2393 2768 2546 2826 dixit
2592 2800 2658 2810 —
2708 2767 2975 2824 hominis.
3029 2771 3072 2839 ἦ·
3117 2767 3382 2824 Primum
3435 2767 3578 2824 dixit

1912 2857 2314 2924 Ascendentes,
2356 2858 2700 2930 significans
2738 2858 2903 2931 quod
2931 2873 3118 2932 usque
3156 2863 3296 2914 tunc
3333 2873 3472 2914 cum
3503 2871 3574 2913 eo

1912 2952 2239 3020 praesentes
2262 2947 2498 3005 fuerant
2528 2948 2699 3021 eique
2727 2948 3213 3004 ministraverant.

1986 3037 2287 3109 Siquidem
2317 3042 2604 3110 tanquam
2639 3054 2818 3110 super
2854 3038 3182 3108 legitimum
3226 3035 3327 3092 Dei
3357 3035 3570 3094 Filium

1913 3125 2323 3181 ascendebant
2351 3131 2409 3182 et
2435 3126 2884 3183 descendebant
2919 3126 3116 3196 angeli
3171 3127 3268 3181 Dei
3297 3125 3374 3181 ad
3406 3142 3567 3194 eum,

1915 3213 2321 3269 ministrantes
2341 3214 2420 3269 illi
2451 3231 2464 3270 :
2490 3215 2605 3271 hoc
2635 3215 2881 3286 quidem
2907 3215 3064 3271 circa
3077 3220 3314 3286 tempus
3344 3216 3574 3286 passio-

1913 3302 2024 3369 nis,
2051 3302 2191 3358 illud
2245 3308 2446 3360 autem
2477 3308 2743 3376 tempore
2794 3303 3238 3359 resurrectionis
3268 3308 3325 3359 et
3353 3303 3446 3376 (η)
3475 3320 3573 3360 as-

1915 3393 2294 3464 sumptionis.
2324 3391 2427 3448 Cui
2461 3398 2662 3449 autem
2695 3393 2755 3449 in
2782 3394 3028 3449 modum
3061 3408 3365 3449 servorum
3400 3392 3573 3449 mini-

1915 3486 2102 3538 strant
2131 3481 2349 3552 angeli,
2384 3482 2480 3538 hic
2504 3497 2625 3539 non
2658 3482 3007 3554 simpliciter
3043 3482 3227 3538 homo
3254 3486 3364 3549 est,
3384 3482 3490 3538 sed
3515 3487 3570 3540 et

1919 3573 2070 3628 Deus
2085 3588 2156 3628 ac
2173 3572 2470 3628 Dominus.
2487 3576 2697 3640 Amen,
2714 3589 2904 3638 amen,
2930 3571 3057 3628 dico
3075 3571 3247 3628 vobis
3268 3571 3568 3640 ﬁdelibus,

1915 3663 2164 3734 posthac
2195 3663 2490 3728 videbitis,
2521 3664 2989 3736 postingenuam
3020 3678 3344 3736 veramque
3363 3662 3569 3719 ﬁdem.

1915 3753 2050 3808 Haec
2079 3757 2280 3809 autem
2303 3761 2437 3810 sunt
2456 3754 2688 3825 majora
2717 3753 2815 3811 illa
2835 3753 2909 3811 de
2936 3753 3151 3826 quibus
3180 3753 3428 3819 dixerat,
3444 3753 3572 3810 Ma-

1902 3844 2048 3912 jora
2074 3843 2160 3898 his
2183 3842 2416 3900 videbis.

1972 3933 2277 3990 Visionem
2309 3949 2450 3990 vero
2480 3934 2740 4005 intellige
2767 3934 2944 3992 etiam
2976 3933 3398 4005 cognitionem.
3436 3935 3570 3990 Haec

1911 4021 2070 4078 enim
2101 4039 2310 4079 omnes
2348 4023 2624 4096 discipuli
2645 4029 3058 4095 cognoverunt
3091 4023 3189 4078 :bi
3212 4022 3458 4094 quidem
3484 4023 3572 4078 vi-

1910 4110 2137 4175 dentes,
2166 4112 2244 4168 illi
2279 4117 2476 4168 antem
2505 4113 2584 4169 ab
2629 4113 2721 4168 his
2767 4113 2872 4186 qui
2904 4112 3175 4168 viderant
3228 4111 3564 4168 audientes.

1979 4199 2151 4268 Quod
2180 4216 2322 4270 ergo
2351 4201 2412 4257 in
2446 4201 2600 4270 aliis,
2633 4202 2744 4257 hoc
2770 4201 2953 4256 etiam
2980 4216 3141 4256 nunc
3169 4201 3318 4256 facit.
3373 4201 3569 4272 Siqui-

1909 4287 2048 4344 dem
2075 4289 2194 4344 duo
2226 4290 2506 4345 vaticinia
2537 4289 2780 4362 protulit
2811 4306 2824 4346 :
2857 4306 3044 4345 unum
3077 4294 3304 4344 certum
3339 4289 3568 4359 dicens,

1907 4378 2260 4449 Priusquam
2285 4379 2665 4449 teP/u'lippus
2692 4387 2947 4446 vocaret,
2981 4393 3112 4434 cum
3127 4393 3272 4434 esses
3301 4377 3404 4434 sub
3430 4380 3565 4448 ﬁcu,

687 4467 782 4520 τὴν
825 4461 884 4515 δε
933 4461 1213 4534 ἀμφίϐολον
1247 4480 1260 4494 ’
1295 4465 1375 4516 ὅτι
1423 4463 1680 4535 ’Ὄψονται
1710 4469 1798 4518 τὸν

1930 4467 2176 4523 ﬁdebam
2196 4475 2251 4524 te
2269 4487 2282 4535 ;
2300 4467 2458 4524 aliud
2478 4485 2616 4524 vero
2630 4468 2985 4540 ambiguum,
3033 4471 3175 4540 puta
3190 4468 3349 4538 quod
3386 4468 3568 4525 visuri

1907 4555 2302 4612 essentcmlos
2334 4563 2570 4629 apertos
2599 4563 2655 4614 et
2680 4563 2914 4623 csatera,
2933 4562 2990 4613 et
3015 4561 3227 4614 acerto
3259 4556 3569 4615 conﬁrmat

1907 4645 2280 4715 ambiguum.
2314 4647 2451 4703 Ideo
2487 4647 2654 4703 etiam
2689 4647 3016 4704 Nathanael
3053 4644 3252 4712 tacuit,
3304 4646 3568 4703 Christus

1907 4751 2044 4791 vero
2063 4735 2140 4808 (ο)
2171 4736 2433 4792 substitit
2454 4753 2524 4793 ac
2542 4736 2720 4802 siluit,
2749 4742 3098 4809 exspectans
3128 4735 3377 4791 verbum
3420 4735 3564 4808 ejus,

1907 4823 2110 4881 sinens
2142 4830 2206 4881 ut
2225 4825 2384 4882 dicta
2405 4827 2569 4900 apud
2583 4843 2645 4884 se
2666 4825 3011 4884 revolveret.
3036 4825 3144 4882 Ubi
3165 4825 3326 4882 enim
3358 4841 3561 4883 semen

1420 5027 1646 5098 Variae
1667 5030 1995 5100 lectiones
2029 5044 2097 5100 et
2135 5042 2338 5103 notae.

258 5229 354 5296 73)
388 5228 555 5296 Λέγει
585 5224 650 5274 Α.

258 5233 326 5288 73
388 5233 555 5296 Λέγει
585 5233 650 5274 Α.

233 5233 354 5378 in;
387 5297 476 5378 Et,
505 5307 618 5378 pro
645 5291 711 5378 ὁ,
733 5297 794 5344 Α.

234 5362 363 5449 (75')
396 5362 643 5427 Inclusa
662 5363 724 5418 in
761 5363 1030 5435 margine
1061 5362 1289 5422 habent
1310 5367 1378 5436 A,
1403 5365 1470 5420 Β.

235 5553 319 5626 (η)
365 5549 495 5626 ﬁco
519 5573 589 5584 -·
796 5571 864 5581 -
913 5547 992 5626 el.
1044 5548 1208 5596 Τοῦτο
1351 5551 1600 5626 τητοῦτο
1633 5542 1693 5599 δὲ
1722 5578 1790 5588 _

157 5611 318 5682 ro~3r6
351 5620 520 5690 δὶβχ
551 5611 1176 5690 quibus_po_s_tre_m_um
1195 5611 1316 5671 non
1346 5614 1576 5690 videtur
1603 5633 1790 5686 agno-

157 5712 326 5758 scere
369 5683 724 5750 ﬂentenius.
771 5683 955 5747 Reddi
988 5684 1306 5758 debebant,
1356 5688 1501 5744 Tum
1533 5683 1789 5757 ισηῷονε

154 5766 488 5856 passionis,
524 5766 654 5822 tum
684 5757 1162 5826 resurrectionis,
1194 5763 1320 5823 tum
1353 5761 1789 5835 assumpticnis.

1998 5227 2090 5300 76)
2120 5225 2432 5300 ’Δχρι-τότε
2463 5234 2525 5282 Α.

1998 5299 2092 5368 77)
2125 5297 2418 5354 Kdi'abest
2443 5302 2512 5356 Α.

1997 5369 2088 5442 78)
2119 5373 2211 5438 Τὸ,
2241 5385 2349 5442 pro
2377 5376 2496 5434 τήν,
2522 5377 2586 5426 Α.

1971 5548 2046 5620 (ο)
2079 5548 2351 5620 Christus
2379 5565 2532 5619 vero,
2560 5554 2670 5619 etc.
2727 5550 2989 5607 Christus
3048 5568 3186 5608 vero
3221 5552 3400 5608 etiam
3437 5568 3555 5608 ser-

1898 5634 2142 5704 monem
2180 5619 2276 5676 hic
2314 5621 2673 5704 terminavit,
2708 5622 3048 5704 relinquens
3093 5623 3174 5685 illi
3220 5640 3426 5687 secum
3463 5639 3552 5681 re-

1896 5697 2107 5764 putare
2132 5707 2267 5777 quas
2298 5691 2452 5759 dicta
2481 5700 2700 5762 essent.
