4170 6448
611 349 752 408 1147

1933 345 2294 407 ΕΙΠἮΥΠΙῙ
2330 346 2661 406 ZIGABBNI

3876 349 4041 409 1148

609 478 672 535 in
724 484 944 534 terram
974 477 1201 535 bonam
1258 478 1637 546 seminasset,
1694 474 1936 549 reliquit
1996 479 2110 535 :ut
2162 490 2269 547 per

2389 478 2443 531 rs‘:
2467 476 2734 548 λεχθέντα.
2769 474 3084 531 Καταθαλὼν
3107 477 3210 547 γὰρ
3238 473 3308 536 εἰς
3325 482 3427 546 γῆν
3453 473 3618 535 καλὴν
3640 479 3728 530 τὸν
3765 481 4031 552 σπόρον,

610 571 802 624 otium
830 567 1215 640 postmodum
1261 571 1628 623 nasceretur.

1000 656 1150 713 CAP.
1179 657 1226 714 Ι.
1263 656 1347 713 De
1360 656 1587 726 nuptiis
1603 655 1668 711 in
1691 657 1875 711 Cena.

683 748 828 819 Cap.
859 746 924 802 tl.
949 746 1113 803 Vers.
1137 751 1184 802 t.
1212 747 1291 802 Et
1313 744 1603 803 Galiurar.
1632 743 1825 801 Tertio
1846 748 1982 817 post
2002 742 2217 800 Christi
2234 758 2271 801 a

610 837 841 893 deserto
857 836 1236 893 descensum.

682 924 844 981 Vers.
873 925 926 979 l.
958 926 1035 981 Et
1067 955 1135 968 —-
1163 925 1265 981 ibi.
1300 926 1830 997 Vocatatanquam
1860 921 2170 980 familiaris
2191 920 2271 979 ab

609 1013 705 1070 his
734 1013 841 1086 qui
870 1014 1109 1086 nuptias
1131 1012 1535 1069 celebrabant.

681 1104 840 1158 Vers.
863 1102 922 1160 2.
964 1103 1212 1160 Vocatus
1244 1132 1308 1144 -
1342 1103 1602 1173 nuptias.
1636 1103 1703 1158 Et
1751 1100 1857 1173 ipsi
1894 1100 2069 1174 quasi
2102 1099 2274 1156 lami-

609 1199 811 1257 liares.
833 1200 1301 1257 Accessitautem
1323 1200 1594 1256 Salvator
1612 1214 1732 1254 non
1754 1197 1964 1254 habito
1997 1202 2274 1270 respectu

612 1289 690 1346 ad
720 1305 893 1346 suam
923 1288 1295 1359 dignitatem,
1329 1290 1433 1344 sed
1461 1289 1538 1344 ad
1569 1287 1885 1344 hominum
1934 1287 2274 1343 utilitatem.

615 1377 920 1452 Siquidem
948 1377 1054 1451 qui
1085 1379 1328 1451 nuptias
1356 1378 1726 1441 condiderat,
1758 1378 1920 1433 venit
1960 1381 2024 1431 ut
2051 1392 2153 1432 eas
2174 1375 2279 1431 bo-

611 1473 871 1535 noraret,
915 1483 1147 1540 suaque
1200 1468 1517 1540 prazsenlia
1570 1466 1969 1523 sanctiﬁcaret
2000 1484 2014 1535 ;
2051 1470 2275 1521 etcum

607 1558 757 1616 servi
792 1556 1049 1614 formam
1079 1556 1526 1629 assumpsisset,
1550 1573 1670 1612 non
1703 1556 2062 1625 dedignatur
2076 1570 2277 1611 servo-

608 1663 744 1706 rum
774 1648 1054 1703 interesse
1080 1647 1321 1718 nuptiis,
1356 1645 1487 1702 licet
1532 1645 1633 1717 qui
1692 1660 1829 1701 eum
1890 1648 2271 1709 vocaverant,

610 1753 732 1794 non
762 1736 1054 1792 haberent
1073 1742 1499 1805 congruentem
1523 1735 1597 1789 de
1624 1750 1695 1789 eo
1726 1734 2090 1806 opinionem.
2130 1733 2278 1789 Sim-

2375 564 2643 620 κᾶτελιπεν
2672 565 2754 621 ὀπὶ
2781 565 2980 638 σχολῆς
3019 564 3328 639 βλαστῆσαι
3354 562 3552 618 λοιπόν.

2664 661 2811 711 ΚΕΦ.
2845 656 2923 711 A'.
2956 660 3083 729 Περὶ
3119 662 3209 709 τοῦ
3240 656 3288 706 ἓν
3330 659 3474 706 Κανᾶ
3500 656 3700 727 γάμον.

2452 750 2553 800 Καὶ
2576 776 2641 787 -
2672 744 2965 807 Γαλιλαίας.
2992 753 3066 819 Τῇ
3086 749 3237 822 τρίτῃ
3268 744 3401 817 μετὰ
3429 747 3525 802 τὴν
3545 742 3650 798 ἀπὸ
3672 754 3774 809 τῆς
3801 745 4029 819 ipim

2379 831 2606 889 κάθοδον
2631 843 2725 888 τοῦ
2755 842 3014 910 Χριστοῦ.

2454 928 2555 979 Καὶ
2588 956 2641 967 -
2676 924 2799 979 hui.
2832 924 3095 984 κληθεῖσα
3122 926 3268 1000 παρὰ
3294 933 3395 979 τῶν
3415 924 3695 979 τελούντων
3718 928 3819 979 τὸν
3842 927 4024 998 γάμον

2381 1014 2452 1076 ὡς
2479 1018 2760 1089 γνώριμος.

2452 1103 2676 1162 Ἐκλήθη
2717 1134 2784 1145 -
2813 1105 3003 1177 γάμον.
3072 1109 3173 1158 Καὶ
3233 1103 3384 1157 αὐτοὶ
3439 1106 3504 1165 ὡς
3558 1109 3859 1179 γνώριμοι.
3920 1111 4015 1159 Καὶ

2383 1190 2608 1251 ἀπῆλθεν
2634 1195 2660 1245 ὀ
2690 1197 2887 1268 Σωτὴρ,
2930 1193 2990 1247 οὗ
3029 1197 3155 1267 πρὸς
3198 1198 3293 1254 τὴν
3337 1194 3524 1247 ἑαυτοῦ
3556 1192 3767 1265 βλέπων
3836 1193 4004 1257 ἀξίαν,

2382 1281 2660 1356 ἀλλὰπρὸς
2683 1288 2773 1342 τὴν
2810 1292 2913 1337 τῶν
2933 1282 3216 1357 ἀνθρώπων
3254 1282 3522 1356 ὠφέλειαν,
3565 1288 3668 1336 Καὶ
3700 1284 3728 1335 ὁ
3776 1286 3884 1336 τὸν

2384 1391 2477 1445 μον
2507 1375 2859 1444 νομοθετήσας
2886 1373 3011 1432 ῆλθε
3034 1378 3267 1446 τιμήσων
3298 1377 3387 1427 τὸν
3410 1376 3599 1445 γάμον,
3630 1378 3727 1426 καὶ
3759 1372 3998 1445 ἀνιάσειν

2383 1463 2540 1513 αὐτὸν
2575 1470 2637 1521 τῆ
2668 1467 2932 1537 παρουσία
2972 1478 2984 1492 ⁸
3017 1466 3107 1515 καὶ
3137 1463 3163 1514 ὀ
3202 1466 3404 1535 μορφὴν
3439 1458 3632 1515 δούλου
3691 1462 3883 1515 λαϐὼν
3920 1463 4009 1515 οὐκ

2385 1548 2682 1613 ἀπηξίωσα
2714 1551 2784 1612 εἰς
2811 1553 2980 1624 γάμον
3010 1550 3128 1623 (79)
3162 1548 3361 1604 δούλων
3390 1554 3815 1625 παραγενέσθαι,
3850 1553 3899 1606 εἰ
3926 1558 4007 1605 καὶ

2385 1644 2479 1698 τὴν
2505 1646 2877 1714 προσήκουσαν
2922 1646 3034 1714 περὶ
3074 1640 3236 1693 αὑτοῦ
3280 1636 3441 1703 δοξαν
3472 1640 3567 1693 οὐκ
3595 1638 3745 1712 εἶχον
3776 1644 3834 1694 οἱ
3859 1642 4011 1695 καλέ-

2389 1749 2587 1792 σαντες.
2614 1730 2699 1791 Ὡς
2742 1733 2844 1804 γὰρ
2875 1729 3052 1793 ἁπλῶς
3078 1736 3360 1804 γνώριμον,
3390 1735 3481 1784 καὶ
3514 1741 3614 1784 τῶν
3658 1730 3873 1785 πολλῶν
3898 1736 4006 1799 ἕνα,

610 1826 839 1899 pliciter
858 1825 1018 1881 cnim
1037 1830 1327 1898 tanquam
1355 1829 1588 1895 notum,
1614 1839 1924 1896 unumque
1943 1839 1974 1879 e
1998 1822 2272 1897 pluribus

2389 1828 2566 1872 τοῦτον
2594 1819 2861 1873 ἐκάλεσαν.

610 1915 779 1973 illum
806 1922 1192 1973 vocaverant.

682 2005 845 2061 Vers.
873 2007 925 2061 3.
966 2005 1044 2060 Et
1077 2035 1142 2046 —
1186 2002 1415 2061 habent.
1459 2005 1609 2059 Cum
1655 2006 1924 2058 carerent
1963 2001 2123 2072 vino,
2159 2002 2274 2057 hoc

609 2098 720 2162 est,
753 2110 891 2150 cum
918 2110 1066 2168 opus
1091 2100 1245 2149 esset
1276 2093 1436 2159 vino,
1464 2093 1589 2149 sive
1615 2108 1753 2148 cum
1771 2093 1899 2164 jam
1934 2092 2140 2147 vinum
2171 2091 2274 2147 de-

612 2184 862 2242 fecisset.
916 2185 1086 2256 (Nam
1134 2184 1316 2240 habet
1361 2184 1564 2239 Graeca
1622 2182 1817 2240 littera
1887 2185 2277 2255 ὑστερήσαντος

612 2272 798 2346 οἶνον.)
832 2276 1030 2347 Neque
1066 2273 1225 2328 enim
1276 2273 1354 2328 ad
1412 2272 1469 2328 id
1514 2287 1709 2345 usque
1751 2271 2032 2343 temporis
2086 2270 2275 2326 ullum

610 2365 827 2422 fecerat
865 2364 1248 2419 miraculum.
1282 2365 1430 2418 Cum
1470 2377 1612 2432 ergo
1665 2362 2045 2427 cognovisset
2087 2366 2275 2415 mater

610 2469 748 2527 qum
778 2453 933 2508 circa
962 2453 1159 2524 ipsum
1206 2458 1395 2517 erant,
1429 2452 1712 2523 quodque
1739 2451 2002 2506 Joannes
2034 2454 2275 2520 propter

610 2558 750 2600 eum
782 2547 1043 2605 venerat,
1089 2557 1160 2596 ac
1199 2540 1273 2595 de
1322 2540 1477 2596 illius
1525 2539 1837 2595 divinitate
1869 2540 2273 2594 testimonium

615 2632 847 2695 tulerat,
867 2634 924 2686 et
951 2630 1116 2703 quod
1147 2628 1379 2685 cmlitus
1424 2629 1499 2682 de
1529 2643 1601 2683 eo
1645 2626 2058 2683 testimonium
2108 2642 2277 2682 acce-

614 2724 803 2794 perat,
837 2718 1012 2773 simul
1052 2718 1230 2773 etiam
1278 2717 1503 2780 videns,
1556 2716 1719 2788 quod
1751 2715 2078 2786 discipulos
2106 2731 2276 2770 acce-

616 2813 805 2881 perat,
834 2805 1117 2862 intellexit
1163 2805 1328 2878 quod
1373 2804 1619 2860 revelari
1650 2820 1717 2860 ex
1759 2820 1829 2859 eo
1892 2813 2155 2876 tempore
2188 2803 2274 2859 in-

615 2898 857 2970 ciperet.
889 2897 1140 2967 Sumpto
1184 2895 1356 2963 igitur
1403 2893 1626 2950 ﬁducia
1672 2895 1986 2966 deprecata
2017 2899 2104 2949 est
2134 2910 2272 2950 eum

616 3002 725 3060 pro
749 2985 1074 3041 deﬁcientis
1104 2984 1223 3039 vini
1246 2983 1534 3039 miraculo
1567 2987 1660 3038 :et
1679 2983 1771 3039 his
1801 2983 2273 3056 quivocaverant

616 3075 865 3146 gratiam
900 3073 1102 3129 volens
1140 3072 1485 3145 rependere,
1513 3077 1572 3128 et
1591 3088 1765 3129 suam
1792 3072 2040 3137 gloriam
2066 3072 2270 3127 volens

615 3162 1196 3238 perFiliipotentiam
1227 3162 1655 3218 demonstrare.
1694 3162 1950 3234 Ideoque
1976 3178 2109 3217 eam
2143 3177 2276 3217 cor-
2312 3194 2354 3250 Ο

613 3253 772 3328 ripit,
792 3268 913 3309 non
940 3251 1114 3325 quasi
1134 3252 1526 3323 vilipendens,
1548 3252 1649 3306 sed
1668 3252 1969 3321 corrigens
1985 3258 2274 3325 tanquam

614 3343 1026 3416 intempestive
1040 3348 1397 3414 precantem.
1419 3343 1563 3397 Nam
1589 3341 1755 3413 quod
1788 3356 1924 3396 eam
1942 3340 2274 3413 plurimum

615 3434 953 3499 bonoraret,
976 3438 1032 3487 et
1052 3447 1123 3487 ex
1146 3430 1276 3487 aliis
1326 3430 1529 3486 multis
1563 3429 1942 3485 manifestum
1984 3436 2094 3493 est,
2119 3436 2174 3484 et
2201 3444 2273 3485 ex

611 3537 683 3578 eo
708 3520 871 3595 quod
892 3520 1075 3593 ipsius
1105 3519 1423 3591 complevit
1457 3519 1949 3574 exhortationem.
1985 3519 2275 3590 Corripuit

2458 2005 2561 2053 Καὶ
2611 2029 2677 2041 -
2733 2001 2971 2071 ἔχουσιν.
3050 1998 3476 2072 ’ὶ“στερήσαντος,
3536 2003 3658 2060 ἦτοι
3718 1998 4005 2061 ﬁdeico-

2385 2108 2493 2153 τος,
2554 2088 2898 2160 ἐλλείψαντος.
2968 2090 3130 2141 Οὔπω
3176 2092 3267 2161 μὶν
3314 2084 3403 2142 οὖν
3454 2090 3550 2152 ἕως
3604 2093 3726 2144 τότε
3816 2093 3993 2165 θαῦμα

2385 2196 2682 2236 πεποιηκεν.
2710 2179 2852 2232 Ἐπεὶ
2900 2173 2961 2231 δε
3005 2179 3301 2250 μεμάθηκεν
3330 2180 3362 2236 ἠ
3418 2180 3607 2252 Μήτηρ
3665 2182 3733 2232 τὰ
3761 2183 3881 2233 κατ’
3910 2181 4000 2233 αὖ·

2385 2271 2493 2333 τὸν,
2521 2268 2602 2320 ὅτι
2644 2285 2697 2320 τε
2724 2264 2797 2319 δι’
2829 2267 2980 2319 αὐτὸν
3012 2265 3163 2325 ἦλθεν
3212 2269 3237 2320 ὁ
3293 2267 3538 2330 Ἰωάννης
3573 2274 3663 2322 καὶ
3692 2271 3774 2322 ὅτι
3797 2290 3997 2347 μεμαρ-

2384 2359 2578 2428 τύρηκε
2623 2361 2741 2428 περὶ
2791 2365 2887 2418 τῆς
2951 2357 3196 2419 θεότητος
3237 2355 3398 2408 αὐτοῦ
3449 2363 3541 2410 καὶ
3592 2360 3674 2411 ὅτι
3702 2364 3791 2411 καὶ
3832 2360 3995 2435 οὐρα-

2384 2448 2527 2498 νόθεν
2583 2444 2933 2519 ἱμαρτυρήθη,
2980 2446 3092 2517 ἅμα
3143 2441 3203 2498 δε
3259 2450 3353 2498 καὶ
3418 2442 3555 2499 εἶδεν
3611 2449 3689 2500 ὅτι
3737 2451 3987 2520 μαθητὰς

2386 2534 2753 2607 προσελάϐετο,
2805 2542 3024 2593 συνῆκεν
3071 2537 3152 2587 ὅτι
3207 2534 3405 2609 ἤρξατο
3477 2535 3642 2588 λοιπὸν
3707 2535 3966 2587 ἀποκαλύ-

2386 2627 2626 2679 πτεσθαι.
2679 2628 2766 2677 Διὸ
2811 2629 2923 2687 καὶ,
2967 2623 3305 2699 θαρῥήσασα,
3365 2625 3680 2700 παρεκαλεσεν
3708 2626 3866 2677 αὐτὸν
3894 2624 3971 2686 εἰς

2388 2716 2811 2788 θαυματουργία-δ
2851 2717 2989 2766 οἴνου
3045 2713 3379 2779 ᾶλλειποντος,
3420 2713 3682 2786 βουλομένη
3720 2718 3820 2765 καὶ
3864 2720 3984 2776 τοῖς

2384 2803 2640 2856 καλέσασι
2668 2805 2968 2856 καταθεῖναι
3024 2804 3207 2876 χάριν,
3255 2809 3347 2857 καὶ
3386 2804 3568 2861 ἑαυτὴν
3614 2804 3990 2877 λαμπροτῖραν

2385 2891 2647 2965 ἀποφῆναι
2673 2889 2767 2945 διὰ
2796 2901 2885 2953 τῆς
2910 2900 3001 2945 τοῦ
3033 2895 3156 2945 Υίόύ
3193 2889 3483 2966 δυνάμεως.
3518 2896 3604 2946 Διὸ
3639 2898 3730 2945 καὶ
3772 2891 3997 2965 ἄπιτιμᾷ

2384 2982 2514 3054 αὖτῇ
2567 2982 2660 3034 οὐκ
2720 2980 3007 3054 ἀτιμάζων,
3061 2980 3188 3033 ἀλλὰ
3245 2978 3610 3057 διορθούμενος
3648 2985 3719 3044 ὡς
3767 2980 4000 3056 ἀκαίρως

2384 3070 2844 3142 παρακαλέσασαν,
2872 3077 2990 3123 Ὀτι
3018 3072 3120 3145 γὰρ
3163 3067 3373 3145 σφόδρα
3397 3074 3595 3129 ταύτην
3631 3070 3811 3145 ὶτῖμα,
3839 3068 3999 3130 δῆλον

2386 3159 2486 3213 ἀπὸ
2514 3180 2566 3214 τε
2603 3161 2799 3213 πολλῶν
2830 3160 2994 3213 ἄλλων
3019 3166 3109 3214 καὶ
3131 3159 3233 3214 ἀπὸ
3262 3168 3355 3214 τοῦ
3384 3160 3447 3213 π)
3459 3170 3667 3236 ηρῶσαι
3693 3166 3793 3220 τὴν
3823 3166 4000 3214 τοιαὺο

2384 3269 2478 3308 την
2534 3250 2694 3313 αὐτῆς
2746 3250 3076 3324 παράκλησιν
3131 3269 3145 3283 ο
3216 3249 3496 3324 ἕπετίμησε
3543 3253 3633 3323 μὶν
3682 3253 3790 3325 γὰρ
3842 3251 3999 3324 αὐτῇ,

2384 3336 2647 3392 παιδεύων
2672 3344 2859 3412 μηκέτι
2893 3347 3111 3392 τοιαῦτα
3138 3340 3333 3405 ζητεῖν,
3369 3338 3482 3391 ἀλλ’
3504 3338 3590 3411 ἕᾴν
3636 3342 3705 3392 τὰ
3752 3341 4002 3414 θαύματα

2384 3432 2520 3482 κατὰ
2558 3429 2709 3501 λόγον
2746 3430 2984 3502 γίνεσθαι
3017 3446 3030 3461 ο
3083 3428 3345 3489 ἂπήκουσε
3395 3426 3455 3482 δί
3487 3431 3674 3494 αὐτῆς,
3734 3438 3910 3503 τιμῶν
3946 3435 4004 3491 ὡς

2389 3524 2610 3593 μητερα.

612 3610 815 3683 itaque
839 3625 974 3665 eam
1006 3608 1252 3676 docens,
1285 3609 1554 3663 nondum
1578 3606 1719 3663 talia
1739 3622 1868 3662 esse
1896 3607 2248 3680 querenda,
2276 3624 2617 3681 quanquam
2659 3608 2951 3667 miracula
2982 3609 3158 3666 verbo
3190 3613 3387 3681 posset
3434 3608 3689 3682 operari.
3726 3607 4008 3667 Obedivit

613 3703 840 3767 autem,
873 3713 1007 3753 eam
1037 3702 1326 3769 tanquam
1360 3702 1608 3751 matrem
1642 3695 1969 3751 bonorans.

683 3787 845 3842 Vers.
877 3790 930 3841 4.
958 3786 1112 3840 Dicit
1136 3816 1205 3825 —
1239 3785 1455 3840 mulier
1484 3784 1512 3839 ?
1533 3784 1685 3852 Quid
1712 3783 1789 3839 ad
1838 3800 1949 3839 nos
1991 3784 2276 3840 attinetid

613 3890 725 3948 pro
756 3889 878 3947 quo
903 3874 1241 3944 depreceris
1268 3874 1296 3928 ?
1327 3873 1473 3944 quid
1515 3873 1594 3928 ita
1633 3888 1743 3928 nos
1814 3879 1983 3942 urget
2013 3873 2042 3929 7
2087 3873 2281 3931 Potest

615 3968 901 4036 presteres
929 3967 987 4017 et
1014 3961 1134 4017 alio
1162 3960 1344 4017 modo
1376 3960 1620 4030 intelligi
1702 3962 1851 4027 Quid
1899 3961 2046 4016 mihi
2081 3967 2277 4017 tecum

615 4065 940 4109 commune
960 4054 1053 4106 est
1074 4048 1226 4120 7930
1248 4050 1543 4123 siquidem
1567 4055 1769 4121 utpote
1804 4050 1956 4105 Deus
1975 4051 2112 4106 novi
2144 4066 2276 4123 quas

616 4146 889 4214 tempora
914 4139 1164 4196 edendis
1211 4139 1514 4196 miraculis
1545 4141 1661 4195 sint
1685 4154 1954 4209 congrua
1989 4155 2001 4196 :
2043 4146 2103 4195 tu
2134 4155 2277 4195 vero

614 4231 717 4288 illa
746 4232 989 4303 ignoras
1012 4230 1187 4305 quasi
1218 4230 1423 4285 homo.
1479 4233 1602 4287 Non
1643 4229 1792 4286 dixit
1818 4235 2042 4298 autem,
2078 4234 2273 4296 later,

615 4321 742 4387 sed,
771 4320 990 4389 Mulier,
1024 4326 1313 4393 tanquam
1348 4323 1523 4375 Deus.

2460 3791 2613 3859 Λέγει
2641 3819 2709 3829 -
2729 3790 2885 3860 γύναι
2914 3793 3013 3853 ;Τί
3037 3790 3163 3861 ἡμῖν
3216 3795 3519 3859 αναγκαῖον,
3578 3791 3698 3861 περὶ
3731 3786 3797 3839 οὗ
3828 3807 4003 3860 πειρα-

2386 3874 2557 3937 καλεῖς
2591 3892 2605 3943 ;
2652 3881 2703 3928 τί
2729 3880 2786 3928 τὸ
2817 3884 3121 3948 κατεπεῖγον
3173 3879 3339 3939 οὕτως
3393 3878 3527 3948 ἡμᾶς
3563 3892 3577 3942 ;
3611 3874 3770 3929 Ἐστι
3808 3872 3876 3928 δε
3914 3882 4005 3929 καὶ

2387 3963 2569 4037 ἑτέρως
2614 3975 2803 4025 νοῆσαι
2843 3985 2857 4000 ο
2891 3971 2954 4018 Τί
3010 3969 3178 4019 κοινόν
3220 3965 3334 4039 ipsi
3358 3971 3448 4018 καὶ
3488 3969 3609 4032 cet;
3637 3964 3740 4035 ἐγὼ
3770 3969 3870 4037 μὲν
3899 3970 4001 4038 γὰρ

2387 4050 2510 4105 οῖδα
2533 4058 2653 4115 τοὺς
2681 4061 3039 4128 προσήκοντας
3066 4058 3280 4129 καιροὺς
3302 4063 3401 4106 τῶν
3429 4056 3729 4126 θαυμάτων,
3758 4056 3832 4116 ὡς
3865 4060 3999 4117 Θεὸς

2390 4147 2454 4194 σὺ
2483 4140 2540 4196 δὲ
2567 4152 2767 4215 αγνοεῖς
2792 4144 3073 4209 «Sesami»;
3098 4147 3387 4221 ἄνθρωπος.
3420 4145 3530 4197 Οὐκ
3560 4139 3667 4196 εἶπε
3698 4139 4004 4217 δε,Μῆτερ,

2391 4230 2535 4299 ἀλλὰ,
2570 4237 2746 4299 Γύναι,
2779 4236 2843 4296 ὡς
2875 4239 3025 4295 Θεὸς.

685 4411 848 4468 νοτε.
877 4411 931 4465 4.
961 4410 1324 4466 Nondum—
1345 4425 1494 4465 mea.
1538 4410 1813 4467 Nondum
1842 4409 2009 4466 adest
2041 4414 2275 4481 tempus

2458 4408 2621 4462 Οὔπω
2668 4436 2735 4448 -—
2788 4425 2908 4479 μου.
2978 4408 3138 4458 Οὔπω
3189 4407 3497 4480 πάρεστινὸ
3552 4407 3662 4480 ὥρα
3688 4411 3874 4479 pomi:
3910 4416 4001 4462 τοῦ

617 4516 820 4557 meum
836 4499 915 4555 ad
940 4498 1243 4555 edendum
1261 4498 1427 4571 quod
1456 4498 1681 4570 qumris
1718 4498 2070 4554 miraculum
2099 4504 2276 4554 :tuno

616 4595 815 4646 autem
849 4588 1061 4653 aderit,
1091 4602 1231 4644 eum
1261 4588 1321 4644 hi
1364 4587 1586 4660 quibus
1634 4601 1790 4658 opus
1843 4594 1936 4643 est
1964 4588 2272 4659 miraculo,

614 4677 1009 4748 cognoverint
1037 4677 1201 4749 quod
1235 4676 1374 4732 talia
1396 4676 1625 4749 possim
1655 4677 1909 4749 operari,
1953 4684 2005 4733 et
2036 4677 2151 4750 ipsi
2180 4692 2277 4733 me

614 4767 837 4823 fuerint
873 4766 1196 4837 deprecati.
1258 4769 1421 4822 Nunc
1460 4771 1661 4822 autem
1714 4770 1907 4822 matre
1935 4767 2021 4837 (ρ)
2060 4766 2278 4822 adhor-

615 4860 773 4911 tante
790 4869 912 4911 non
930 4854 1121 4911 solum
1157 4855 1638 4927 intempestivum
1666 4862 1839 4920 esset,
1865 4871 2073 4912 verum
2096 4856 2277 4912 etiam

618 4947 978 5015 suspectum,
1006 4948 1061 4999 et
1086 4943 1547 5017 querulosorum
1580 4943 1857 5000 facillime
1907 4949 2134 5018 pateret
2184 4960 2281 5001 ca-

623 5031 892 5090 lumnias.

2387 4499 2879 4570 θαυματουργῆσαι,
2933 4496 2958 4548 ὂ
3006 4499 3193 4559 ζητεῖς.
3243 4502 3371 4548 Τοτε
3421 4499 3520 4571 γὰρ
3574 4496 3856 4569 πάρεστιν,
3913 4502 3997 4552 ὅτε

2385 4589 2435 4639 οἱ
2482 4583 2715 4658 δεόμενοι
2758 4593 2851 4638 τοῦ
2908 4587 3172 4657 θαύματος
3228 4584 3529 4656 ἆπιγνῶσιν,
3609 4586 3690 4638 ὅτι
3759 4582 3997 4661 δύναμαι

2386 4682 2605 4729 τοιαῦτα
2631 4682 2795 4728 ποιεῖν
2821 4675 2955 4743 (80),
2986 4678 3077 4726 καὶ
3121 4673 3272 4726 αὐτοὶ
3299 4692 3364 4746 με
3400 4674 3842 4747 παρακαλέσωσι
3864 4679 3995 4749 (81).

2386 4771 2494 4817 Νῦν
2525 4760 2585 4817 δε
2629 4765 2660 4822 ἠ
2691 4772 2787 4824 τῆς
2814 4767 3010 4837 μητρὸς
3059 4761 3407 4837 παράκλησις,
3442 4762 3502 4815 οὐ
3549 4768 3708 4835 μόνον
3753 4766 3992 4843 ἄκαιρος,

2388 4853 2515 4905 ἄλλὰ
2577 4857 2668 4905 καὶ
2728 4852 2954 4912 ὕποπτος
3014 4856 3104 4904 καὶ
3132 4858 3238 4912 τοῖς
3262 4850 3640 4926 μεμψιμοίροις
3670 4852 3995 4929 surrupiam-

2389 4962 2495 5004 τος.

1856 5220 2079 5299 Variae
2110 5221 2439 5291 lectiones
2469 5230 2535 5289 et
2565 5229 2767 5287 notae.

691 5430 810 5576 £79;
842 5426 1038 5485 δούλου
1071 5436 1133 5487 Α.

718 5505 786 5559 80
834 5510 1061 5562 ποιῆσαι
1094 5509 1132 5557 Α

718 5505 810 5562 80)
834 5510 1061 5562 ποιῆσαι
1094 5509 1155 5559 Α.

2466 5428 2583 5501 (81)
2622 5428 2824 5485 Malim
2853 5426 3281 5503 παρακαλέσωσι.

702 5710 789 5785 (p)
818 5710 1390 5787 Matre,_etc._Matris
1419 5709 1751 5787 admonitio
1791 5728 1922 5787 non_
1951 5711 2150 5787 solum
2202 5709 2640 5785 intempestiva,
2700 5708 2805 5768 sed
2843 5712 2901 5769 et
2947 5711 3221 5782 suspecta
3278 5713 3456 5780 atque
3510 5706 3762 5768 illorum
3799 5713 3907 5787 qui
3940 5711 3992 5769 li-

636 5782 841 5842 benter
858 5783 1326 5858 reprehendunt,
1364 5782 1839 5843 cavillationibus
1869 5783 2149 5841 obnoxia.
