4170 6448
238 349 366 408 1149

299 477 367 528 Τὸ
412 470 490 546 δε,
543 477 702 527 Οὔπω
751 478 865 534 ἥκει
895 477 924 534 ἡ
995 477 1105 550 ὦρα
1149 496 1250 550 μου
1283 477 1413 549 (82),
1455 482 1545 532 καὶ
1591 482 1670 542 τὸ,
1716 477 1827 531 Οὑκ
1860 481 1907 536 Α

235 561 487 624 ἠδύναντο
553 564 707 616 αὐτὸν
771 566 984 630 πιάσαι,
1059 566 1138 620 ὃτι
1203 570 1346 620 οὔπω
1426 570 1542 627 ἣκει
1612 569 1642 626 ἡ
1717 569 1827 641 ὥρα

235 652 406 716 αὑτοῦ,
459 657 548 706 καὶ
629 656 710 721 τὸ,
797 650 992 716 Οὐδεὶς
1061 654 1297 709 ἐπέϐαλεν
1366 655 1443 710 ἐπ’
1515 657 1668 710 αὑτὸν
1734 659 1829 719 τὰς

235 749 433 816 χεῖρας,
487 744 567 795 ὅτι
631 746 774 796 οὔπω
839 743 1073 802 ίληλύθεί
1120 747 1149 804 ἡ
1204 747 1314 818 ὦρα
1365 745 1546 813 αὑτοῦ,
1605 751 1694 798 καὶ
1744 749 1827 812 τὸ,

237 832 418 907 Πάτερ,
470 831 708 891 ἐλήλυθεν
751 834 781 891 ἠ
830 834 959 906 ὥρα,
1005 839 1094 887 καὶ
1141 837 1205 886 τὰ
1233 842 1472 901 τοιαῦτα,
1520 835 1578 888 ού
1633 833 1828 894 δηλοῦ-

238 940 314 974 σιν
365 923 445 972 ὁτι
491 929 683 994 καιρῶν
744 920 996 994 ἀνάγκαις
1051 928 1140 976 καὶ
1202 925 1344 998 ὡρῶν
1401 929 1828 1000 παρατηρῆσεσιν

236 1011 466 1064 ὑπέκειτο
494 1024 508 1040 °
542 1019 648 1072 πῶς
689 1014 815 1085 γὰρ,
870 1014 894 1063 ὁ
947 1015 1141 1066 τούτων
1190 1019 1448 1085 ποιητός
1492 1013 1620 1067 ἀλλὰ
1664 1022 1831 1068 ταῦτα

235 1105 346 1173 περὶ
404 1108 504 1152 τῶν
551 1105 920 1174 προσηκόντων
971 1111 1164 1178 καιρῶν
1217 1107 1438 1176 εἴρηται,
1501 1103 1823 1176 ἕμφοέίνοντα,

235 1189 310 1240 ὅτι
364 1191 530 1242 πάντα
587 1187 692 1242 ἔδει
743 1193 879 1242 κατά
951 1190 1100 1262 λόγον
1171 1197 1260 1244 καὶ
1344 1192 1489 1256 τάξιν
1568 1195 1825 1264 γίνεσθαι.

234 1277 398 1332 Εἰπὼν
455 1275 562 1343 οὖν,
596 1279 676 1332 ὅτι
725 1283 884 1334 Οὔπω
925 1283 1038 1340 ἣκει
1068 1282 1098 1339 ἠ
1147 1282 1255 1355 ὥρα
1293 1283 1406 1353 (83)
1461 1302 1584 1354 μου,
1617 1281 1829 1340 ἐποίησε

234 1371 289 1420 τὸ
350 1369 544 1440 θαῦμα,
603 1377 766 1442 τιμῶν
807 1389 880 1435 τε,
933 1372 1000 1430 ὡς
1054 1373 1276 1444 εἴρηται,
1317 1377 1410 1430 τὴν
1468 1377 1688 1446 μητέρα,
1740 1377 1829 1424 καὶ

237 1454 476 1515 δεικνύων
533 1461 615 1512 ὃτι
689 1458 748 1512 οὐ
817 1455 1049 1514 δουλεύει
1119 1468 1340 1536 καιροῖς,
1423 1460 1547 1515 ἀλλὰ
1604 1465 1831 1535 κυριεύει

234 1549 424 1601 τούτων
439 1591 451 1604 .

302 1641 456 1708 Λέγει
501 1668 572 1679 -
615 1642 895 1697 ποιήσατε.
946 1646 1164 1692 Συνείσα
1212 1644 1298 1692 τόν
1345 1648 1437 1692 τοῦ
1495 1640 1652 1712 λόγου
1706 1660 1832 1693 σκο-

232 1729 344 1792 πὸν,
398 1731 486 1778 καὶ
541 1728 653 1798 (84)
716 1729 795 1780 ὅτι
879 1727 972 1780 οὑκ
1048 1726 1338 1802 ἀδυναμίας
1405 1733 1434 1788 ἡ
1514 1736 1833 1805 παραίτησις

233 1814 391 1884 ἐστιν,
424 1815 531 1868 ἀλλ’
566 1819 647 1869 ἱνα
673 1821 743 1889 μὴ
792 1814 921 1891 δοκῇ
971 1826 1079 1880 τοῖς
1125 1821 1388 1892 θαύμασιν
1429 1818 1708 1891 ἐπιπηδᾲν,
1742 1825 1832 1873 καὶ
1866 1849 1908 1904 Β

235 1906 518 1979 θεατρίζειν
551 1906 752 1973 ἑαυτὸν,
799 1913 889 1960 καὶ
934 1910 1013 1960 ὅτι
1061 1908 1120 1960 ού
1159 1909 1453 1981 παρόψεται
1499 1915 1592 1968 τὴν
1636 1913 1834 1972 ταύτης

231 1994 580 2068 παράκλησιν,
644 1999 764 2058 τούς
825 1993 1110 2059 διακόνους
1135 2005 1226 2058 τῆς
1277 1999 1533 2073 τραπέζης
1578 1999 1835 2073 εὐτρεπεῖς

233 2082 370 2153 αὑτῷ
412 2091 666 2157 παριστᾷ,
711 2089 900 2160 τρόπον
927 2087 1094 2158 ἕτερον
1124 2092 1214 2140 καὶ
1257 2087 1444 2148 αύτούς
1481 2107 1832 2162 συμπαρακομ-

231 2171 460 2232 λοῦντας.

301 2260 471 2314 Ἦσαν
517 2293 579 2304 -
632 2268 788 2338 τρεῖς.
819 2260 1028 2338 ’Υδρίαι
1069 2266 1159 2336 μεν
1190 2267 1254 2317 τὰ
1287 2267 1444 2324 σκεύη
1476 2274 1567 2318 τοῦ
1615 2263 1829 2331 ὕδατος,
1897 2305 1904 2312 -

234 2356 486 2425 μετρηταὶ
513 2347 573 2404 δὲ
601 2354 668 2405 τὰ
691 2355 873 2425 μέτρα.
900 2351 1126 2407 ’Έκειντο
1159 2351 1217 2407 δὲ
1238 2358 1370 2428 πρὸς
1398 2359 1484 2407 τὸν
1504 2357 1832 2430 καθαρισμὸν

233 2448 330 2492 τῶν
363 2436 654 2508 Ἰουδαίων,
675 2443 1034 2516 ὑπηρετούσαι
1055 2446 1260 2506 τούτοις
1281 2444 1348 2504 εἰς
1366 2448 1450 2496 τὸν
1480 2447 1829 2518 καθαρισμὸν,

234 2529 333 2593 ἵνα,
367 2533 412 2582 εἶ
456 2550 580 2583 ποτε
609 2530 895 2604 ἀκάθαρτοι
935 2531 1183 2603 ἐγένοντο,
1233 2539 1304 2606 μὴ
1346 2533 1520 2609 πόρρω
1557 2533 1832 2607 βαδίζοιεν

231 2617 300 2680 εἰς
339 2621 507 2690 πηγὰς
535 2623 624 2671 καὶ
655 2626 861 2693 κρήνας.

300 2706 322 2780 [
384 2709 507 2778 (Τοῦ
567 2713 722 2780 αγίου
779 2711 895 2782 (85)
948 2710 1250 2782 Μαξίμου.)
1315 2713 1409 2776 Ἓξ
1485 2710 1675 2788 ὑδρίας
1730 2718 1833 2768 νόει

231 2815 340 2868 μοι,
378 2800 498 2860 τούς
545 2797 597 2860 ἓξ
633 2803 859 2874 τρόπους
903 2807 994 2860 τῆς
1034 2800 1402 2873 ἐλεημοσύνης,
1456 2807 1542 2856 τὸν
1590 2811 1681 2856 τοῦ
1720 2808 1832 2880 τρέ-

231 2905 337 2958 φειν
389 2891 508 2949 τοὺς
557 2897 848 2956 πεινῶντας,
902 2893 988 2942 τόν
1045 2897 1136 2942 τοῦ
1193 2892 1424 2952 ποτίζειν
1471 2897 1593 2955 τοὺς
1633 2891 1832 2964 διψῶν-

229 2995 345 3042 τας,
412 2980 499 3028 τόν
542 2985 632 3028 τοῦ
692 2981 932 3050 συνάγειν
985 2983 1104 3042 τούς
1157 2980 1343 3049 ξένους,
1402 2986 1487 3034 τόν
1552 2991 1643 3034 τοῦ
1694 3003 1836 3054 περι-

232 3064 429 3121 ϐάλλειν
495 3069 615 3128 τοὺς
671 3067 916 3138 γυμνούς,
967 3071 1053 3120 τὸν
1110 3075 1203 3120 τοῦ
1253 3068 1658 3124 ἐπισκέπτεσθαι
1714 3076 1834 3133 τούς

233 3152 596 3222 ἀσθενοῦντας,
648 3157 734 3206 τόν
784 3162 875 3206 τοῦ
943 3158 1197 3230 ἔρχεσθαι
1253 3161 1382 3230 πρὸς
1441 3159 1564 3220 τοὺς
1626 3160 1673 3211 ἐν
1742 3182 1834 3231 φυ-

229 3242 384 3316 λακῇ.
443 3245 644 3303 Ταύτας
721 3240 808 3296 οὑν
856 3247 946 3304 τὰς
1023 3241 1231 3316 ὑδρίας,

1869 3208 1912 3266 G

1313 3249 1458 3306 κενὰς
1524 3251 1680 3309 οὔσας
1737 3258 1835 3300 τῶν

232 3332 431 3384 οἰκείων
467 3330 748 3404 ἐνεργειῶν,
783 3329 877 3384 διὰ
906 3336 962 3384 τὸ
993 3333 1228 3404 ψυγῆναι
1256 3339 1350 3392 τὴν
1395 3333 1602 3405 ἀγάπην
1636 3334 1718 3408 ἀφ’
1751 3338 1833 3405 ἧς,

233 3423 303 3480 ὡς
359 3419 460 3472 ἀπὸ
517 3429 714 3490 πηγῆς,
768 3420 1101 3493 ἕπληροῦντο,
1154 3429 1565 3496 παραγενόμενος
1623 3427 1647 3476 ό
1705 3428 1836 3488 θεῖος

233 3508 380 3579 λόγος
447 3509 558 3579 (86)
628 3517 727 3560 τῶν
791 3509 1129 3582 εὑαῃελικῶν
1189 3510 1420 3576 ἐντολῶν,
1480 3522 1681 3587 πρῶτον
1747 3519 1836 3586 μὲν

235 3596 530 3672 ἐπλήρωσεν
564 3594 774 3666 ὕδατος,
820 3599 951 3671 λέγω
995 3597 1063 3658 δὴ
1087 3609 1179 3662 τῆς
1205 3601 1316 3674 (87)
1362 3611 1664 3674 σωματικῆς
1700 3605 1833 3678 ἐνερ-

233 3690 484 3758 γουμένης
552 3688 800 3751 εὐποιίας,
874 3686 985 3743 εἶτα
1055 3690 1294 3762 μετέϐαλε
1357 3695 1552 3750 ταύτην
1609 3693 1678 3752 εἰς
1744 3697 1835 3750 τὴν

233 3784 595 3848 πνευματικῶς
667 3776 1077 3851 ἕπιτελουμένην,
1137 3783 1202 3841 ὡς
1275 3781 1343 3842 εἰς
1413 3778 1566 3849 οἶνον,
1628 3783 1836 3854 θερμαίο

233 3885 424 3916 νουσαν
467 3869 556 3938 μὲν
617 3871 710 3925 τὴν
753 3867 961 3940 ψυχὴν,
1012 3869 1386 3942 εύφραὶνουσαν
1439 3867 1499 3923 δὲ
1554 3875 1640 3923 τὸν
1695 3878 1832 3937 νοῦν,

234 3953 523 4017 ἐξιστῶσαν
556 3952 614 4008 δὲ
658 3961 774 4018 τούς
804 3958 939 4009 οὑτω
970 3960 1405 4032 θεραπευομένους
1446 3969 1540 4022 τῆς
1583 3965 1835 4035 προτέρας

234 4040 538 4107 διαθέσεως.
587 4044 812 4104 Ἐκάστη
869 4043 928 4099 δὲ
982 4044 1144 4120 ὑδρία
1190 4054 1466 4121 χωρητικό
1511 4047 1623 4101 ἐστι
1663 4047 1760 4103 δύο
1803 4054 1831 4108 ἤ

236 4141 390 4206 τριῶν
421 4143 709 4206 μετρητῶν,
759 4132 856 4188 δύο
901 4139 1012 4208 μὲν,
1046 4133 1140 4190 διά
1169 4157 1225 4190 το
1259 4135 1475 4190 διπλοῦν
1511 4142 1579 4198 ὡς
1611 4143 1834 4213 εἴρηται,

232 4230 328 4284 τῆς
382 4224 499 4276 καθ’
546 4225 764 4278 ἕκαστον
823 4229 1012 4298 τρόπον
1073 4226 1327 4293 εὐποιίας,
1383 4227 1442 4280 οὑ
1514 4231 1664 4298 μόνον
1717 4228 1836 4299 (88)

236 4321 566 4384 σωματικῆς,
633 4311 762 4366 ἀλλά
839 4319 930 4367 καὶ
999 4325 1349 4388 πνευματικῆς
1422 4315 1830 4388 λαμϐανομένης

1296 351 1653 412 COMMENT.
1697 351 1768 408 IN
1805 350 2151 408 JOANNEM.
2195 382 2260 393 —-
2300 351 2456 409 CAP.
2500 353 2564 407 II.

3465 349 3610 409 1150

2013 478 2145 533 Haec
2183 481 2380 534 autem
2417 493 2430 533 :
2478 479 2749 536 Nondum
2783 477 2936 538 venit
2968 477 3118 534 hora
3146 490 3277 533 mea
3316 477 3486 532 :Non
3515 494 3607 546 po.

1941 572 2181 622 tuerunt
2213 582 2336 623 eum
2370 568 2830 638 apprehendere,
2877 568 3020 638 quia
3046 565 3312 622 nondum
3359 573 3601 622 venerat

1941 656 2092 712 hora
2115 671 2242 726 ejus
2269 674 2282 710 :
2305 657 2526 716 Nullus
2555 656 2760 726 injecit
2783 656 2846 711 in
2877 671 3006 713 eum
3036 669 3268 724 manus,
3299 657 3442 726 quia
3465 671 3606 711 non-

1939 745 2079 801 dum
2091 753 2334 804 venerat
2345 747 2496 802 hora
2513 747 2663 816 ejus:
2683 747 2890 810 Pater,
2909 746 3067 802 venit
3086 746 3256 811 hora,
3280 745 3513 817 aliaque
3528 745 3606 800 si-

1943 834 2123 900 milia,
2157 850 2280 890 non
2319 835 2641 892 ostendunt
2689 835 2854 908 quod
2881 833 3232 892 necessariis
3262 839 3602 906 temporum

1941 924 2344 996 horarumque
2375 923 2896 981 observationibus
2929 922 3244 994 subjaceat
3274 942 3287 983 :
3323 939 3458 979 nam
3485 939 3605 996 quo

1941 1013 2000 1068 id
2028 1018 2202 1085 pacto
2242 1013 2422 1077 ﬁeret,
2464 1030 2601 1070 cum
2637 1014 2856 1072 horum
2895 1011 3139 1069 effector
3179 1014 3256 1069 sit
3287 1012 3315 1067 ‘2
3345 1012 3451 1068 sed
3483 1013 3605 1069 haec

1940 1103 2015 1160 de
2054 1103 2532 1174 contingentibus
2583 1103 3135 1176 opportunitatibus
3192 1102 3352 1159 dicta
3403 1107 3544 1158 sunt
3585 1117 3599 1157 :

1941 1193 2416 1251 demonstrantia
2444 1193 2609 1266 quod
2635 1193 2843 1249 omnia
2885 1192 3114 1248 ratione
3137 1208 3206 1248 ac
3236 1192 3445 1247 ordine
3472 1191 3596 1250 fieri

1941 1286 2223 1352 oporteat.
2255 1281 2402 1338 Cum
2444 1298 2587 1352 ergo
2627 1282 2873 1340 dixisset
2913 1298 2927 1336 :
2960 1281 3243 1338 Nondum
3264 1283 3422 1338 venit
3451 1282 3601 1338 hora

1941 1386 2092 1435 mea,
2125 1371 2477 1428 miraculum
2509 1377 2706 1429 tamen
2731 1377 3016 1443 operatus
3049 1377 3166 1426 est:
3199 1375 3523 1428 etmatrem
3545 1374 3604 1426 ut

1943 1459 2163 1515 dictum
2181 1466 2268 1516 est
2289 1461 2614 1521 honorans.
2633 1466 2688 1516 et
2705 1461 3026 1518 ostendens
3041 1459 3208 1532 quod
3227 1459 3602 1531 temporibus

1943 1564 2064 1605 non
2092 1548 2311 1605 serviat
2333 1555 2434 1606 aut
2467 1549 2796 1621 subjaceat,
2843 1549 2947 1606 sed
2979 1550 3064 1607 eis
3094 1548 3457 1605 dominetur.

2018 1641 2178 1694 Vers.
2212 1643 2262 1694 5.
2317 1639 2472 1694 Dicit
2498 1669 2567 1680 —-
2602 1640 2804 1709 facile.
2855 1642 3002 1696 Cum
3042 1638 3210 1694 verbi
3251 1653 3492 1708 scopum
3533 1653 3604 1693 ac

1946 1727 2239 1783 rationem
2291 1727 2640 1797 intelligeret
2680 1744 2691 1782 :
2743 1728 3025 1800 quodque
3073 1742 3197 1784 non
3237 1725 3602 1798 impotentiae

1945 1817 2249 1872 excusatio
2275 1822 2417 1880 erat,
2450 1816 2553 1872 sed
2582 1833 2654 1872 ne
2687 1816 2981 1872 videretur
3007 1831 3134 1874 sese
3175 1814 3485 1870 miraculis
3512 1814 3604 1870 in-

1947 1920 2168 1975 gerere,
2210 1911 2266 1960 et
2305 1906 2642 1977 spectaculo
2681 1921 2992 1977 exponere,
3037 1905 3231 1962 Matris
3275 1904 3358 1977 (q)
3401 1909 3604 1960 autem

1945 1994 2422 2051 exhortationem
2469 2010 2591 2050 non
2631 1995 2956 2065 despiceret
2988 2010 3000 2049 :
3049 2009 3269 2052 mensae
3302 1994 3605 2050 ministros

1945 2085 2228 2140 admonet
2253 2091 2314 2140 ut
2329 2084 2440 2139 sibi
2455 2085 2716 2140 adsintet
2741 2083 3111 2156 ipsiquoque
3129 2083 3240 2140 alio
3262 2082 3445 2140 modo
3465 2098 3605 2139 cum

1945 2190 2016 2231 ea
2041 2174 2446 2245 deprecentur.

2017 2265 2176 2319 Vers.
2237 2267 2288 2318 6.
2359 2265 2543 2319 Erant
2578 2295 2641 2304 —
2691 2269 2906 2323 ternas.
2961 2263 3194 2334 Hydriae
3261 2279 3408 2318 vasa
3467 2263 3606 2318 sunt

1946 2369 2117 2426 aquae
2145 2371 2158 2409 :
2185 2357 2442 2408 metreta:
2467 2369 2605 2409 vero
2623 2355 2952 2408 mensurae.
2973 2353 3155 2408 Erant
3177 2358 3376 2408 autem
3397 2352 3603 2422 positas

1947 2442 2282 2502 secundum
2297 2443 2772 2514 puriﬁcationem
2789 2442 3155 2506 Judaaorum,
3174 2441 3228 2496 id
3247 2447 3353 2507 est,
3376 2446 3602 2512 paratas

1945 2532 2024 2588 ad
2056 2547 2262 2588 eorum
2296 2531 2792 2603 puriﬁcationem,
2841 2537 2901 2585 ut
2932 2531 2979 2585 si
3008 2531 3112 2602 qui
3134 2530 3280 2586 forte
3306 2531 3604 2588 immundi

1944 2621 2350 2684 redderentur,
2385 2637 2503 2675 non
2566 2621 2744 2690 longe
2771 2619 3036 2675 eundum
3068 2624 3221 2676 esset
3278 2620 3357 2676 ad
3387 2620 3602 2676 fontes.

2015 2709 2321 2780 tut-Sancti
2346 2709 2608 2765 Maximi.
2637 2707 2751 2764 Sex
2782 2709 3027 2780 hydrias
3054 2708 3311 2778 intelligo
3337 2708 3478 2764 mihi
3502 2725 3604 2765 sex

1946 2801 2160 2854 modos
2174 2799 2302 2855 illos
2314 2798 2776 2870 eleemosynae,a
2790 2798 2905 2854 lere
2924 2798 3270 2864 esurientes,
3286 2798 3601 2871 potumda-

1945 2904 2007 2946 re
2045 2888 2395 2954 sitientibus,
2416 2888 2666 2943 domum
2695 2888 2913 2944 ducere
2935 2887 3223 2959 hospites,
3253 2888 3467 2943 vestire
3493 2903 3606 2946 nu-

1945 2977 2080 3045 dos,
2095 2979 2282 3034 visere
2296 2983 2572 3046 mgrotos,
2590 2977 2791 3032 venire
2805 2977 2880 3034 ad
2897 2992 2999 3032 eos
3012 2976 3113 3048 qui
3132 2982 3271 3034 sunt
3287 2978 3345 3033 in
3359 2977 3607 3032 carceri-

1946 3066 2079 3126 bus.
2095 3067 2210 3122 Has
2226 3066 2469 3138 hydrias
2482 3082 2871 3134 ergo,vacuas
2890 3065 3008 3120 suis
3026 3065 3506 3137 operibus,quod
3517 3081 3606 3120 re-

1948 3155 2205 3217 frixerat,
2226 3170 2398 3212 amor
2414 3171 2449 3212 a
2465 3171 2608 3225 quo,
2631 3161 2918 3226 tanquam
2937 3171 2972 3210 a
2988 3153 3148 3209 fonte
3171 3155 3250 3208 im
3263 3154 3600 3225 plebantur,

1947 3259 2140 3300 sermo
2163 3242 2399 3298 divinus
2428 3248 2858 3314 praeceptorum
2892 3243 3377 3311 evangelicorum
3409 3244 3468 3300 in
3500 3243 3604 3300 ad-

1947 3335 2126 3389 ventu
2155 3347 2267 3388 suo
2292 3331 2484 3401 primo
2508 3331 2748 3400 replevit
2777 3347 2957 3402 aqua,
2985 3331 3045 3385 id
3075 3336 3178 3395 est,
3210 3331 3604 3392 beneﬁcentia

1947 3420 2328 3490 corporaliter
2382 3425 2682 3491 aperante,
2749 3419 2852 3476 sed
2896 3418 3150 3474 mutavit
3191 3434 3324 3474 eam
3366 3421 3426 3474 in
3467 3435 3602 3480 eam

1945 3524 2081 3582 quae
2115 3510 2178 3563 tit
2237 3507 2630 3580 spiritualiter,
2684 3513 2968 3580 tanquam
3005 3509 3064 3562 in
3105 3508 3335 3575 vinum,
3392 3508 3604 3565 calefa-

1947 3599 2197 3656 cientem
2229 3597 2470 3670 quidem
2499 3597 2790 3666 animum,
2823 3597 3080 3652 suaviter
3111 3603 3313 3654 autem
3340 3597 3604 3655 aﬁicien-

1949 3693 2065 3744 tem
2093 3687 2470 3756 intellectum,
2500 3687 2772 3759 atqueita
2803 3691 3039 3742 curatos
3056 3703 3128 3742 ex
3153 3687 3331 3758 priori
3357 3685 3606 3744 transfe-

1947 3785 2168 3836 rentem
2202 3777 2408 3835 habitu
2438 3781 2492 3832 et
2516 3776 2877 3832 conditione.
2913 3776 3201 3842 Quaslibet
3226 3792 3367 3832 vero
3389 3776 3606 3850 hydria

1947 3867 2384 3938 capitduasaut
2415 3872 2530 3922 tres
2563 3871 2861 3932 metretas,
2891 3865 3044 3922 duas
3069 3865 3338 3938 quidem,
3370 3872 3610 3939 propter

1947 3956 2262 4028 duplicem,
2299 3961 2359 4010 ut
2423 3955 2648 4010 dictum
2707 3962 2814 4020 est,
2877 3954 3254 4025 singulorum
3287 3955 3609 4012 modorum

1947 4046 2425 4111 beneﬁcentiam,
2453 4062 2589 4117 quae
2604 4061 2721 4101 non
2749 4044 3137 4116 corporaliter
3163 4049 3418 4115 tantum,
3442 4044 3543 4099 sed
3559 4032 3618 4098 et

1950 4136 2277 4194 secundum
2294 4141 2514 4191 sanctae
2532 4134 2825 4192 Trinitatis
2845 4133 3202 4202 theologiam
3219 4133 3612 4189 beneﬁcentia

1951 4225 2330 4297 spiritualiter
2381 4225 2715 4295 accipitur;
2756 4230 2872 4278 tres
2930 4238 3088 4286 vero,
3135 4222 3277 4292 quia
3308 4221 3609 4276 interdum

1952 4313 2284 4372 exhibetur.
2330 4312 2619 4369 Hauriunt
2665 4316 2862 4368 autem
2896 4311 3117 4366 dictam
3185 4326 3400 4380 aquam
3432 4309 3608 4366 bona:

232 4409 384 4472 τριῶν
444 4399 523 4470 δὲ,
566 4399 661 4456 διὰ
701 4407 758 4456 τὸ
806 4406 941 4457 κατὰ
988 4409 1082 4463 τὴν
1122 4414 1212 4466 τῆς
1256 4405 1407 4477 ἁγίας
1449 4402 1674 4478 Τριάδος
1731 4409 1836 4462 θεο-

1953 4405 2355 4474 cogitationes,
2388 4418 2522 4474 quae
2553 4400 2767 4460 rationi
2795 4400 3078 4456 serviunt.
3108 4398 3278 4464 Quod
3310 4399 3517 4457 vinum
3547 4405 3610 4457 ut

310 4610 356 4642 ³³
388 4608 552 4663 Joan-
577 4625 671 4675 vn,
701 4609 789 4666 20.
869 4611 915 4646 ³⁸
945 4612 1120 4668 Joan.
1157 4625 1259 4680 vn,
1297 4615 1384 4676 30,

1463 4613 1510 4648 ³⁵
1538 4613 1710 4668 Joan.
1753 4629 1895 4681 xvu,
1931 4617 1984 4668 l.

1447 4817 1663 4885 Variae
1701 4817 2031 4888 lectiones
2077 4825 2141 4884 et
2179 4825 2380 4882 nota.

307 5039 422 5165 (82)
451 5039 550 5095 Hic
577 5044 691 5095 tres
721 5038 832 5094 loci
862 5037 1094 5120 repetiti
1120 5042 1257 5095 sunt
1282 5055 1348 5094 ex
1367 5039 1670 5112 Chrysost.
1689 5043 1836 5096 tom.

231 5111 307 5166 VI
341 5115 379 5176 Ι,
412 5127 469 5180 p.
496 5112 619 5167 125.
644 5113 717 5168 Α.
746 5113 895 5180 Ergo
923 5116 1176 5166 varietas
1197 5127 1319 5166 non
1355 5111 1642 5180 urgenda.

364 5151 379 5176 ,
496 5126 619 5167 125.
644 5126 717 5168 Α.
746 5126 895 5180 [ergo
923 5126 1176 5166 varietas
1197 5127 1319 5166 non
1355 5126 1642 5181 urgenda.

341 5127 379 5176 ι,
412 5127 469 5182 p.
496 5127 619 5167 125.
644 5127 717 5168 Α.
746 5127 867 5180 urge

333 5184 422 5247 83)
463 5189 577 5235 Μου
605 5182 774 5238 abest
805 5190 867 5236 A.

333 5254 422 5324 84)
461 5258 561 5307 Καί
587 5253 802 5308 omittit
829 5255 895 5308 A.

307 5327 418 5396 (85)
451 5325 687 5380 Inclusa
717 5325 902 5380 codex
935 5329 1180 5396 uterque
1217 5324 1403 5380 habet
1440 5325 1496 5378 in
1543 5324 1832 5388 margine.

230 5395 430 5468 Codex
464 5399 509 5451 A
531 5396 942 5452 omittitetiam
971 5395 1249 5463 indicem,
1273 5404 1365 5448 τοῦ
1395 5397 1550 5467 ἄγίου
1569 5396 1833 5468 Μαξίμου.

234 5467 562 5524 Hentenius
582 5468 674 5522 his
698 5474 876 5538 caret.

307 5541 420 5611 (86)
449 5538 650 5595 Dubia:
668 5537 808 5595 sunt
829 5539 887 5594 in
908 5537 1002 5593 his
1017 5538 1435 5608 aenigmatibus
1459 5539 1832 5611 conjecturas.

1948 5037 2141 5099 Possit
2179 5040 2377 5092 tamen
2425 5033 2988 5107 aliquisconjicere,
3020 5031 3313 5092 tollendas
3352 5047 3478 5107 esse
3495 5047 3578 5107 _vo

1947 5126 2065 5178 ces,
2119 5116 2218 5160 τῶν
2254 5102 2598 5179 εύαγγελικῶν
2647 5102 2874 5179 ἐντολῶν,
2925 5112 2990 5179 ut
3035 5108 3136 5179 ita,
3177 5103 3434 5179 sicut
3484 5102 3604 5158 ﬁne

1948 5174 2175 5245 scholii,
2211 5179 2279 5234 de
2320 5174 2548 5234 Christo
2587 5177 3083 5249 accipiatur._Sed
3112 5179 3174 5231 in
3205 5174 3606 5249 scholio_pro-

1945 5253 2109 5308 ximo
2148 5251 2208 5308 in
2239 5252 2358 5314 ﬁne
2402 5267 2605 5305 rursus
2650 5245 2737 5305 est
2782 5247 3074 5312 similiter,
3115 5254 3207 5300 τοῦ
3251 5250 3399 5298 Θείου
3447 5245 3603 5316 λόγου

1946 5331 2037 5376 τοῦ
2061 5321 2395 5395 εὐαγγελικοὺ
2425 5324 2782 5395 κηρύγματος.

2043 5396 2130 5466 87)
2173 5394 2367 5466 Malim
2402 5394 2751 5466 σωματικῶς.

2043 5397 2130 5466 87)
2173 5397 2367 5449 Malim
2423 5401 2751 5466 σωματικῶς.

2018 5397 2130 5539 (88)
2166 5465 2354 5520 Etiam
2400 5464 2497 5520 hic
2535 5461 2971 5536 praeferendum
3001 5461 3239 5520 videtur
3266 5479 3601 5534 σωματικῶς.

1946 5544 2003 5594 et
2044 5544 2425 5610 πνευματικῶς.

303 5715 386 5788 (q)
414 5704 646 5780 Matris,
697 5719 806 5771 etc.
846 5715 1136 5788 Quodque
1186 5715 1654 5772 admonitionem
1691 5733 1863 5773 suam
1919 5732 2040 5772 non
2073 5719 2226 5773 esset
2253 5715 2652 5787 neglecturus,
2683 5729 2909 5770 mensas
2955 5711 3282 5769 ministros.
3325 5710 3482 5766 Loco
3505 5713 3602 5769 τήν

232 5787 452 5854 ταύτης,
485 5788 808 5858 legendum
841 5787 1069 5845 videtur
1094 5793 1196 5859 aut
1225 5792 1318 5848 τὴν
1351 5791 1508 5848 αὐτῆς
1540 5794 1642 5846 aut
1668 5793 1762 5847 τὴν
1788 5791 2054 5846 τοιαύτην.
