4170 6514
625 341 648 395 1
665 341 759 397 151
1944 338 2280 398 EUTHYMII

620 466 884 535 gustavit
909 466 1362 534 architriclinus,
1393 469 1452 525 id
1477 475 1565 526 est
1586 470 1957 536 ,discernens
1973 467 2273 541 cogitatio,
2312 468 2354 522 Α
2388 467 2565 537 λόγίαν

619 554 790 612 dicit:
819 557 1135 626 Oportebat
1168 557 1380 615 bonum
1408 558 1514 616 hoc
1534 562 1729 616 vinum
1741 561 1929 631 primo
1955 559 2088 615 bibi.
2125 557 2274 614 Cor-

618 645 811 715 porali
839 647 996 702 enim
1028 662 1186 702 curas
1218 647 1603 705 anteferenda
1633 649 1977 720 spiritualis.
1999 648 2277 721 Sponsus

619 749 763 790 vero
793 735 884 790 hic
905 734 1233 791 intellectus
1264 736 1588 800 humanus,
1621 739 1723 810 qui
1758 743 1819 794 ut
1844 753 2138 809 sponsam
2166 736 2279 792 sibi

616 823 1121 896 jungitvirtutem,
1154 841 1418 897 quacum
1446 828 1623 892 vivat,
1648 843 1908 900 quorum
1931 826 2280 897 conjugium

623 930 759 969 cum
800 913 861 968 in
901 913 1127 969 honore
1159 914 1374 970 habeat
1410 916 1562 971 Deus
1595 923 1649 971 et
1679 919 1887 985 Logos,
1921 917 2080 971 venit
2109 919 2166 970 et
2194 930 2282 970 ar-

627 1004 776 1059 ctius
827 1003 1066 1074 copulat
1095 1019 1302 1059 eorum
1348 1005 1851 1073 coniunctionem.

2317 337 2640 395 ZIGABENI
3868 343 4002 398 1152

2659 468 2798 519 ἔστιν
2892 485 2975 518 οτι
3058 485 3151 524 την
3242 465 3539 537 εὐεργεσίαν
3625 466 3996 524 ἐπιτελεῖσθαι.

2390 556 2664 609 Ὶντλοῦσι
2710 553 2768 609 6":
2818 560 2874 608 τό
2926 552 3156 612 δηλωθίν
3211 551 3355 629 ὖδὼρ
3404 557 3451 607 οἱ
3489 555 3680 626 ἁγαθοὶ
3726 557 3993 630 λογισμοὶ,

2390 654 2462 715 τῷ
2508 644 2645 716 λόγῳ
2697 641 3072 704 διακονοῦντες.
3131 647 3330 696 Τούτου
3385 640 3445 696 δὲ
3491 653 3583 697 τοῦ
3615 649 3755 698 οἴνου
3811 652 3993 717 γευσάο

2391 754 2539 806 μενος
2569 737 2594 786 6
2620 734 3031 809 ἀρχιτρίκλινος,
3078 733 3237 805 ἦγουν
3284 735 3308 785 6
3360 731 3688 806 διακριτικὸς
3723 735 3992 810 λογισμός,

2393 829 2551 896 φησιν
2618 826 2696 876 ὅτι
2746 822 2894 877 Ἐὸιι
2951 827 3037 875 τὸν
3108 823 3261 875 καλὸν
3343 831 3523 876 τοῦτον
3590 821 3727 877 οἶνον
3805 836 3991 900 πρῶτον

2393 915 2636 972 ποθῆναι.
2695 920 2801 974 Τῆς
2867 916 2969 986 γὰρ
3031 921 3335 985 σωαμτικῆς
3408 913 3697 985 ἐπιμελείας
3758 935 3991 988 προτιμο-

2394 1006 2516 1075 ripa
2547 1004 2576 1060 ἡ
2613 1003 2724 1072 (89)
2769 1003 2948 1075 ψυχή.
3001 1007 3234 1075 Νυμφίος
3280 999 3338 1054 δὲ
3384 1001 3624 1068 ἐνταῦθα,
3679 1006 3707 1055 ό
3743 1003 3987 1078 ἀνθρώπι-

628 1113 710 1155 νος
740 1100 877 1156 νοῦς,
911 1096 978 1154 ὡς
997 1096 1200 1165 νύμφην
1230 1094 1583 1165 ἁρμοζόμενος
1599 1094 1764 1163 ἑαυτῷ
1791 1097 1883 1151 τὴν
1912 1092 2096 1167 ἀρετὴν
2115 1095 2238 1165 πρὸς
2267 1091 2582 1164 συμϐίωσιν,
2607 1093 2674 1142 ὧν
2700 1096 2793 1150 τήν
2827 1093 3086 1164 συζυγίαν
3111 1100 3275 1165 τιμῶν
3294 1093 3318 1142 ό
3343 1095 3471 1153 Θεὸς
3496 1099 3585 1144 καὶ
3620 1097 3813 1164 Λόγος,
3842 1115 3985 1168 παρα-

627 1187 826 1254 γίνεται
858 1178 1190 1253 διασφίγγων
1223 1183 1335 1250 (90)
1362 1186 1531 1234 αὐτῶν
1562 1189 1655 1241 τὴν
1673 1181 1914 1254 ἕνωσιν.]

697 1273 783 1342 -Η-
811 1272 966 1327 Licet
987 1288 1124 1328 vero
1155 1271 1322 1327 aliter
1350 1273 1527 1328 etiam
1559 1279 1808 1328 tractare
1837 1271 2180 1338 allegoriam
2210 1270 2283 1326 de

626 1378 728 1417 sex
768 1361 1015 1433 hydriis.
1050 1362 1178 1416 Sint
1207 1363 1365 1417 enim
1399 1362 1650 1418 fortasse
1699 1363 1819 1417 istae
1860 1362 2108 1432 hydriie,
2149 1360 2283 1414 efi‘e-

623 1451 768 1507 ctrix
793 1449 1127 1506 ofﬁciorum
1167 1449 1419 1507 facultas
1466 1457 1687 1507 natum
1752 1451 2054 1517 humanae,
2097 1465 2282 1520 quam

622 1557 878 1596 vacuam
906 1546 962 1596 et
986 1540 1688 1612 inefﬁcacemjacentem,
1725 1541 1988 1609 implevit
2016 1540 2280 1594 divinum

623 1629 903 1694 Verbum,
921 1632 1112 1698 primo
1125 1631 1370 1703 quidem
1393 1632 1730 1701 cognitione
1747 1647 1904 1685 curae
1927 1628 2280 1700 corporalis,

624 1719 834 1774 deinde
887 1720 1212 1791 spiritualis
1270 1726 1417 1784 ;aut
1467 1722 1658 1792 primo
1725 1720 2065 1789 cognitione
2120 1719 2277 1782 facti,

624 1808 841 1863 deinde
865 1809 1103 1864 theoria:
1140 1826 1153 1874 ;
1185 1814 1289 1864 aut
1340 1811 1517 1865 etiam
1569 1812 1761 1882 primo
1816 1809 2153 1880 cognitione
2211 1823 2282 1862 ea

627 1915 759 1969 quae
786 1902 878 1952 est
928 1900 1260 1955 secundum
1313 1906 1611 1963 naturam,
1655 1899 1870 1953 deinde
1893 1916 1959 1952 ea
2015 1914 2150 1969 qua:
2197 1901 2284 1952 est

629 2003 814 2058 supra
887 1992 1187 2043 naturam.
1274 1990 1532 2044 Duarum
1612 1995 1994 2042 metretarum
2081 1993 2281 2041 autem

630 2078 814 2132 altera
855 2076 1121 2148 quidem,
1184 2078 1428 2134 scientia
1482 2077 1874 2142 sensibilium,
1912 2077 2092 2133 altera
2140 2091 2283 2130 vero

631 2165 1108 2234 intelligibilium,
1160 2173 1212 2222 et
1266 2170 1432 2222 tertia
1485 2166 1838 2222 illuminatio
1909 2167 1982 2220 de
2040 2166 2285 2221 imcom-

629 2255 1003 2327 prehensibili
1059 2261 1267 2311 natura
1326 2256 1544 2311 divina.
1603 2260 1928 2311 Numer-um
1981 2257 2283 2310 senarium

629 2350 823 2400 autem
847 2346 1188 2416 accepimus
1219 2346 1292 2400 de
1324 2346 1596 2400 effectrici
1630 2345 1962 2400 officiorum
2009 2344 2284 2400 facultate

625 2439 874 2499 naturas,
903 2434 1013 2500 vel,
1047 2435 1186 2506 quia
1215 2451 1316 2490 sex
1345 2435 1548 2489 diebus
1592 2437 1740 2490 Deus
1773 2435 1905 2489 fecit
1939 2433 2234 2489 mundum
2268 2449 2281 2488 :

625 2523 890 2578 mundus
911 2541 1049 2578 vero
1077 2524 1256 2579 etiam
1280 2525 1462 2580 homo
1491 2542 1503 2578 :
1531 2524 1801 2596 vel,quia
1831 2525 2096 2596 quinque
2126 2539 2285 2577 men-

623 2615 698 2669 tis
731 2613 1112 2669 facultatibus
1145 2621 1401 2668 mentem
1423 2615 1612 2684 ipsam
1649 2629 1892 2685 quoque
1926 2613 2282 2667 adnumera-

625 2719 770 2766 mus,
833 2707 892 2757 ut
944 2703 1210 2774 quinque
1271 2704 1540 2756 sensibus
1584 2704 1849 2773 corporis
1882 2704 2073 2773 ipsum
2107 2702 2285 2756 etiam

625 2807 865 2862 corpus.
899 2791 1415 2856 Quemadmodum
1468 2807 1610 2845 vero
1653 2807 1804 2863 pura
1835 2796 1889 2845 ct
1923 2806 2063 2845 vera
2105 2791 2284 2858 Virgo

628 2879 803 2934 Maria
835 2881 1007 2933 Mater
1033 2879 1243 2933 exstitit
1272 2880 1364 2933 Dei
1399 2879 1535 2950 Logi
1566 2899 1576 2936 :
1609 2879 1686 2932 ita
1701 2879 1879 2933 etiam
1904 2894 2053 2949 pura
2074 2884 2130 2933 et
2151 2895 2288 2935 vera

627 2967 778 3022 fides
792 2968 1249 3023 materfitdivini
1263 2968 1446 3038 verbi,
1465 2967 2284 3039 prmdicationisevangelicm.

705 3059 862 3112 Vere.
909 3059 966 3115 7.
1025 3058 1175 3113 Dicit
1215 3088 1284 3099 -—
1329 3074 1637 3113 summum.
1694 3058 1909 3113 Mensae
1958 3057 2282 3124 ministros,

633 3145 772 3202 facit
797 3148 975 3203 etiam
1009 3147 1304 3202 ministros
1336 3146 1628 3216 miraculi,
1663 3153 1724 3202 ut
1750 3148 1858 3218 ipsi
1891 3153 2064 3202 testes
2094 3148 2173 3202 rei
2200 3164 2285 3203 es-

635 3241 781 3293 sent.
804 3239 928 3293 Non
947 3236 1331 3308 jussitautem
1356 3243 1418 3292 ut
1448 3253 1596 3293 vasa
1614 3237 1843 3292 vinaria
1872 3236 2280 3308 implerentur,

632 3327 736 3384 sed
754 3326 995 3399 aqualia
1021 3327 1139 3382 sive
1157 3327 1406 3398 hydriae,
1421 3343 1494 3382 ne
1515 3327 1618 3400 qui
1637 3326 2100 3398 suspicarentur,
2118 3327 2284 3399 quod

629 3417 845 3474 relictis
876 3416 1123 3473 faecibus
1164 3417 1359 3473 mistio
1390 3432 1564 3490 aqua:
1604 3416 1762 3472 facta
1792 3423 1960 3471 esset.

697 3600 892 3664 Quare
917 3601 1113 3652 autem
1151 3612 1271 3652 non
1304 3596 1554 3669 ipsemet
1597 3594 1724 3649 solo
1757 3593 1936 3649 verbo
1966 3594 2143 3651 etiam
2173 3595 2287 3667 hy-

625 3685 787 3741 drias
819 3684 1102 3756 implevit.
1135 3685 1240 3740 sed
1281 3684 1561 3740 ministris
1615 3684 1728 3738 hoc
1767 3684 2079 3753 imperavit
2125 3683 2154 3738 7
2207 3688 2285 3740 Ne

626 3776 987 3847 phantasma
1012 3790 1143 3829 esse
1163 3775 1458 3830 videretur
1492 3795 1503 3827 :
1539 3773 1644 3828 sed
1676 3772 1724 3827 si
1755 3774 1894 3845 quis
1930 3774 2283 3829 miraculum

627 3863 1111 3928 calumniaretur,
1142 3869 1204 3919 ut
1231 3864 1335 3935 qui
1353 3878 1578 3935 aquam
1612 3863 1952 3927 hauserant,
1984 3863 2285 3919 silentium

629 3953 744 4009 illis
763 3952 1160 4023 imponerent.

700 4044 861 4098 Vers.
887 4046 937 4097 8.
968 4041 1046 4098 Et
1074 4041 1154 4097 ait
1183 4073 1249 4082 —
1283 4042 1446 4097 Vers.
1480 4047 1564 4100 10.
1586 4043 1771 4099 modo.
1798 4042 2285 4100 Architriclinum

629 4133 770 4188 dicit
800 4134 993 4188 convii
1035 4132 1392 4204 praefectum,
1445 4135 1544 4205 qui
1595 4134 1931 4188 convivium
1981 4138 2282 4205 procurat.

627 4222 900 4279 Triclinia
929 4223 1087 4278 enim
1121 4222 1490 4278 vocabantur
1515 4222 1666 4278 aulis
1689 4223 2123 4278 conviviorum.
2159 4222 2284 4276 Non

628 4328 770 4382 ergo
828 4312 1174 4385 simplicnter
1225 4329 1446 4384 aquam
1479 4313 1767 4368 convertit
1798 4312 1856 4366 in
1922 4312 2145 4376 vinum,
2180 4311 2285 4366 sed

625 4401 686 4458 in
713 4403 941 4458 bonum
974 4402 1200 4466 vinum,
1231 4401 1381 4456 sicut
1419 4402 1852 4457 architriclinus
1892 4401 2012 4472 ipse
2035 4407 2282 4457 testatus

625 4498 731 4548 est.
764 4495 911 4548 Nam
926 4492 1024 4562 huj
1039 4491 1272 4546 usmodi
1288 4491 1650 4547 admiranda
1681 4492 1889 4546 Christi
1908 4507 2093 4562 Opera
2109 4491 2283 4559 longe

625 4588 792 4636 erant
824 4580 1200 4637 naturalibus
1231 4581 1664 4652 praestantiora.
1710 4581 1878 4645 Quod
1919 4579 2096 4650 igitur
2125 4597 2286 4651 aqua

623 4687 794 4726 versa
825 4672 897 4726 sit
937 4670 997 4725 in
1052 4671 1282 4735 vinum,
1319 4670 1567 4724 ministri
1598 4676 1770 4725 testes
1795 4670 2072 4724 fuerunt:
2119 4667 2284 4740 quod

628 4765 826 4814 autem
858 4759 917 4812 in
957 4759 1186 4813 bonum
1226 4759 1403 4812 etiam
1456 4759 1678 4825 vinum,
1748 4757 2186 4813 urchitriclinus
2216 4774 2284 4812 ac

629 4864 881 4919 sponsus
916 4863 927 4902 :
955 4853 1017 4902 ut
1044 4847 1329 4914 deinceps
1349 4848 1698 4904 miraculum
1719 4847 1898 4903 latere
1920 4863 2035 4902 non
2060 4853 2282 4918 posset,

627 4935 793 5008 quod
833 4933 1181 4991 testimoniis
1210 4935 1362 4992 adeo
1402 4935 1731 4993 manifestis
1772 4935 2139 5008 probaretur.

700 5025 1023 5081 Verisimile
1047 5031 1132 5081 est
1160 5030 1361 5082 autem
1392 5032 1449 5083 et
1477 5042 1767 5098 sponsum
1797 5025 2024 5081 dixisse
2057 5041 2070 5082 :
2107 5026 2286 5092 Quid-

2469 1270 2642 1342 [Ἐστι
2702 1272 2813 1341 (91)
2874 1267 2933 1323 δὲ
2985 1275 3075 1322 καὶ
3138 1270 3319 1342 ἑτέρως
3376 1269 3633 1324 ἐπιϐαλεῖν
3826 1276 3975 1346 θεωρίᾳ

2393 1370 2490 1411 τῶν
2523 1361 2574 1422 ἐξ
2615 1357 2835 1433 ῦδριῶν.
2893 1357 3001 1412 Εἶεν
3044 1364 3142 1434 γὰρ
3195 1359 3255 1411 ἂν
3311 1360 3466 1412 αὗται
3519 1363 3547 1418 ἡ
3594 1369 3850 1421 ποιητικὴ
3905 1374 3975 1415 τῶν

2392 1451 2721 1506 καθηκόντων
2809 1445 3028 1520 δύναμις
3083 1457 3175 1510 τῆς
3255 1448 3579 1520 ἀνθρωπίνης
3645 1454 3868 1521 φύσεως,
3933 1458 3979 1510 ἦν

2392 1543 2540 1596 κενην
2595 1544 2684 1590 καὶ
2745 1536 3076 1610 ανινέργητον
3133 1543 3368 1608 κειμένην
3425 1537 3727 1610 ὶπλήρωσεν
3793 1542 3817 1592 6
3873 1543 3980 1602 θεῖος

2392 1627 2559 1698 λόγος,
2607 1637 2807 1699 πρῶτον
2878 1631 2968 1699 μὲν
3040 1636 3129 1688 τῆς
3173 1631 3306 1679 κατά
3358 1633 3663 1700 σωματικὴν
3722 1628 3978 1701 ἐπιμέλεισν

2391 1723 2648 1788 γνώσεως,
2686 1714 2791 1768 εἶτα
2836 1725 2924 1776 τῆς
2972 1720 3107 1767 κατὰ
3155 1716 3410 1787 ψυχικήν·
3469 1721 3498 1775 ᾖ
3534 1727 3742 1790 πρῶτον
3901 1728 3979 1781 τῆς

2315 1844 2354 1896 Β
2395 1806 2528 1855 κατά
2553 1805 2760 1878 πρᾶξιν,
2789 1803 2898 1857 εἶτα
2922 1815 3015 1867 τῆς
3049 1808 3182 1857 κατὰ
3221 1807 3434 1878 Θεωρίαν
3464 1825 3476 1836 ·
3501 1811 3530 1864 ἦ
3565 1812 3656 1858 καὶ
3689 1818 3877 1881 πρῶτον
3903 1814 3976 1880 μὲν

2396 1900 2484 1952 τῆς
2513 1897 2646 1944 κατὰ
2701 1898 2875 1965 φῦσιν,
2909 1892 3017 1946 εἶτα
3060 1902 3154 1956 τῆς
3183 1896 3307 1966 ὑπερ
3338 1898 3492 1966 φύσιν
3517 1914 3529 1923 ·
3559 1905 3658 1947 τῶν
3689 1893 3749 1948 δὲ
3779 1894 3867 1949 δύο
3905 1916 3975 1968 με·

2395 1992 2615 2055 τρητῶν,
2654 1979 2719 2043 εἷς
2753 1987 2865 2055 μιν,
2916 1986 2944 2041 ἠ
2997 1994 3094 2035 τῶν
3145 1984 3404 2041 αἰσθητῶν
3451 1994 3669 2055 γνῶσις,
3711 1987 3865 2058 ἔτερος
3907 1985 3968 2056 δὲ,

2396 2075 2423 2130 ἡ
2474 2082 2572 2123 τῶν
2611 2081 2824 2134 νοητῶν,
2879 2079 2967 2126 καὶ
3016 2079 3186 2145 τρίτος
3238 2075 3267 2131 ἡ
3325 2079 3440 2146 περὶ
3487 2084 3578 2134 τῆς
3633 2073 3969 2133 ἀκαταλήπτον

2399 2165 2638 2224 Orfitum;
2694 2162 2966 2233 ἔλλαμψις.
3017 2163 3103 2222 lii;
3160 2159 3218 2214 δὲ
3260 2167 3343 2214 τόν
3397 2163 3448 2224 ἐξ
3495 2162 3713 2236 ἀριθμόν
3756 2165 3966 2238 ἐλάϐομεν

2395 2257 2485 2308 την
2530 2257 2809 2310 ποιητικὴν
2841 2262 2938 2303 τῶν
2983 2255 3315 2309 καθηκόντων
3357 2248 3580 2324 δύναμιν
3632 2263 3719 2314 τῆς
3772 2258 3964 2326 φύσεως,

2397 2346 2424 2398 ἧ
2478 2344 2557 2392 ὁτι
2611 2344 2660 2392 ἓν
2719 2342 2772 2403 ἐξ
2827 2345 3042 2415 ἡμέραις
3096 2340 3336 2399 εποίησεν
3385 2343 3410 2393 6
3458 2346 3585 2402 ϐιός
3641 2347 3720 2394 τόν
3770 2349 3960 2413 κόσμον·

2396 2449 2592 2501 κοσμος
2625 2427 2682 2482 δὲ
2730 2435 2819 2481 καὶ
2872 2433 2897 2481 6
2937 2433 3206 2503 ἄνθρωπος
3236 2447 3249 2459 ·
3283 2432 3312 2489 ἡ
3356 2433 3435 2482 ὅτι
3484 2439 3598 2491 ταῖς
3655 2436 3782 2483 πέντε
3815 2431 3961 2500 ψυχι-

2397 2527 2508 2578 καῖς
2554 2515 2810 2590 δυνάμεσι
2854 2522 3266 2592 συναριθμοῦμιν
3308 2525 3397 2571 καὶ
3445 2520 3603 2578 αῦτην
3641 2527 3720 2577 τὴν
3769 2520 3941 2586 ψυχήν,

2398 2612 2460 2667 ὡς
2509 2616 2617 2667 ταῖς
2663 2613 2807 2660 πέντι
2857 2617 2947 2660 τοῦ
2995 2615 3235 2680 σώματος
3287 2609 3567 2666 αἱσθησξσι
3620 2615 3693 2659 καὶ
3728 2607 3838 2657 αὑτό
3889 2607 3939 2654 τό

2401 2707 2571 2768 σῶμα.
2602 2696 2801 2771 Ὠσπερ
2846 2694 2903 2749 δι
2939 2699 2965 2755 ἡ
2998 2700 3205 2771 καθαρά
3243 2703 3331 2749 καὶ
3375 2697 3552 2758 ἀληθὲς
3585 2699 3818 2767 Παρθένος
3847 2701 3952 2745 Μα-

2398 2791 2486 2859 ρία
2516 2792 2691 2860 μήτηρ
2725 2785 2919 2857 ἐγένετο
2951 2795 3042 2838 τοῦ
3087 2795 3219 2839 Θεοῦ
3266 2791 3463 2858 Λόγου,
3510 2787 3655 2846 οὕτως
3695 2787 3725 2842 ἡ
3771 2785 3964 2856 καθαρὰ

2398 2882 2486 2928 καὶ
2514 2876 2707 2936 ἀληθὴς
2737 2882 2932 2941 πίστις,
2964 2881 3141 2949 μήτηρ
3180 2881 3380 2948 γίνεται
3410 2884 3501 2928 τοῦ
3535 2879 3669 2928 Θείου
3694 2874 3859 2945 λόγου,
3886 2880 3964 2924 τοῦ

2399 2966 2732 3037 ιῦαγγιλικοῦ
2757 2964 3144 3038 κηρυγμα-ομ]

2469 3060 2622 3127 Λίγιι
2685 3088 2752 3096 --
2837 3058 2960 3107 οἰνω.
3029 3059 3158 3115 Τοῦς
3226 3051 3504 3117 διακόνους
3569 3063 3657 3116 τῆς
3713 3054 3963 3128 τραπέζης,

2396 3155 2619 3198 ποιεῖται
2651 3144 2927 3207 διακόνους
2965 3155 3056 3198 τοῦ
3098 3147 3381 3217 θαυματος,
3433 3147 3514 3197 ἱνα
3558 3146 3705 3198 αὐτοὶ
3740 3147 3966 3218 μάρτυρες

2395 3238 2492 3288 ὦσι
2545 3244 2634 3288 τοῦ
2697 3238 3020 3309 πράγματος.
3081 3236 3156 3287 Οῦ
3215 3235 3501 3306 προσέταξε
3552 3232 3610 3288 δὴ
3666 3239 3872 3307 γεμίσαι
3921 3236 3969 3284 τά

2395 3325 2581 3396 ἀγγεῖα
2609 3335 2698 3377 τοῦ
2739 3330 2898 3388 οἴνου,
2950 3324 3078 3377 ἀλλὰ
3119 3326 3184 3376 τὰ
3215 3321 3407 3396 δοχιία
3457 3332 3548 3376 τοῦ
3601 3321 3790 3384 ὕδατος
3819 3327 3893 3374 ἱνα
3912 3328 3966 3394 μή

2394 3434 2524 3476 τινες
2555 3416 2973 3483 ὑποπτιῦσωσιν,
3008 3417 3088 3466 ὃτι
3117 3417 3305 3487 τρυγὸς
3347 3413 3769 3486 ίναποκειμένης,
3813 3419 3969 3487 κρᾶσις

2393 3513 2482 3557 τοῦ
2506 3501 2703 3565 ὕδατος
2731 3509 2929 3574 γέγονε.

2469 3598 2568 3646 Καὶ
2589 3589 2735 3645 citati.
2761 3593 2851 3645 οὐκ
2885 3593 3036 3653 αὐτὸς
3061 3593 3197 3664 λόγω
3214 3598 3353 3665 μόνῳ
3365 3596 3458 3654 τὰς
3474 3589 3667 3667 ὑδρίας
3690 3593 3968 3666 ἐπλήρωσεν,

2396 3683 2523 3735 ἀλλὰ
2548 3690 2656 3745 τοῖς
2683 3679 2946 3745 διακόνοις
2988 3683 3220 3745 ἑπέταξιν
3248 3700 3260 3746 ;
3292 3682 3402 3736 Ἰνα
3422 3687 3493 3754 μὴ
3529 3679 3660 3755 δοξη
3709 3682 3968 3754 φαντάζιιν,

2396 3772 2502 3825 ἀλλ’
2537 3775 2619 3824 ἱνα
2648 3775 2698 3824 οἰ
2729 3771 2876 3830 ἀντλη
2890 3791 3068 3834 σαντες
3099 3776 3155 3824 τὸ
3183 3767 3348 3847 ὕδωρ,
3380 3771 3775 3844 ίπιστομίσοιεν
3803 3774 3907 3829 τοὺς
3926 3771 3969 3818 τὸ

2398 3865 2572 3936 Θαῦμα
2604 3869 3071 3934 συκοφαντοῦντας.

2469 4047 2569 4094 Kal.
2617 4041 2752 4112 λέγει
2814 4070 2880 4082 ——
2929 4042 3068 4113 ἄρτι.
3127 4039 3540 4114 Ἀρχιτρίκλινον
3617 4039 3858 4114 ὀνομάζει
3904 4043 3970 4088 τὸν

2398 4137 2827 4206 συμποσίαρχον,
2873 4134 2958 4182 τόν
3009 4129 3317 4202 ἐπιμελητὴν
3366 4137 3456 4182 τοῦ
3512 4136 3829 4202 συμποσίου.
3875 4131 3972 4200 Τρί-

2394 4222 2557 4274 κλινοι
2602 4225 2703 4292 γὰρ
2758 4219 3027 4272 ἐκαλοῦντο
3068 4220 3117 4270 οἱ
3164 4221 3299 4272 οἶκοι
3350 4228 3448 4270 τῶν
3508 4227 3838 4281 συμποσίων.
3885 4220 3970 4270 Οὐκ

2397 4311 2568 4372 ἁπλῶς
2607 4307 2665 4362 δὲ
2723 4307 2855 4362 οἶνον
2887 4308 3099 4366 ἐποίησε
3143 4312 3203 4360 τὸ
3252 4305 3417 4381 ὕδωρ,
3477 4307 3606 4360 ἀλλὰ
3650 4311 3802 4362 καλὸν
3845 4308 3968 4368 οἶνον,

2397 4406 2464 4462 ὡς
2526 4402 2551 4452 ό
2608 4398 2995 4473 ἀρχιτρίκλινος
3057 4397 3407 4472 ἐμαρτύρησε.
3479 4405 3714 4451 Τοιαῦτα
3758 4403 3853 4472 γὰρ
3904 4406 3969 4449 τοῦ

2401 4497 2630 4562 Χριστοῦ
2671 4492 2733 4539 τὰ
2783 4489 3024 4558 θαῦματα
3059 4486 3229 4556 πολλῷ
3267 4496 3364 4537 τῶν
3415 4495 3647 4557 φυσικῶν
3696 4490 3968 4560 ὼραιότερα.

2320 4565 2363 4618 D
2395 4585 2497 4631 Τοῦ
2527 4581 2616 4649 μὲν
2664 4577 2751 4629 οὖν
2783 4581 2838 4629 τό
2888 4574 3030 4651 ὕδωρ
3067 4573 3199 4628 οἶνον
3246 4578 3506 4646 γενέσθαι,
3558 4580 3676 4636 τοῦς
3730 4574 3968 4633 διακόνους

2396 4665 2507 4738 εἶχε
2547 4670 2835 4741 μάρτυρας·
2881 4675 2972 4718 τοῦ
3005 4663 3062 4717 δὲ
3103 4670 3192 4716 καὶ
3222 4664 3374 4716 καλόν
3424 4662 3578 4732 οἶνον,
3623 4670 3712 4717 τόν
3760 4666 3966 4739 ἁρχιτρί.

2394 4757 2561 4809 κλινον
2626 4762 2715 4808 καὶ
2773 4760 2858 4807 τόν
2907 4759 3145 4826 νυμφίον.
3204 4758 3299 4806 Καὶ
3353 4752 3529 4804 λοιπὸν
3579 4755 3676 4806 οῦκ
3730 4755 3889 4827 ἔμελλε
3926 4755 3964 4803 τὸ

2396 4848 2572 4918 ὓαῦμοι
2649 4846 2841 4912 λαϐεῖν,
2906 4845 3065 4904 οὕτως
3133 4842 3416 4914 ἀναγκαίας
3468 4845 3592 4914 ἔχον
3647 4847 3744 4907 τὰς
3799 4861 3963 4917 μαρτυ-

2392 4940 2529 5011 ρίας.

2465 5025 2612 5085 Εἰκὸς
2671 5021 2730 5076 δὲ
2783 5028 2872 5076 καὶ
2919 5026 3005 5076 τὸν
3046 5026 3266 5095 νυμφίον
3319 5021 3476 5074 σίπιίν
3523 5041 3574 5073 τι
3630 5027 3764 5095 πρὸς
3812 5026 3959 5073 ταῦτα·

1827 5258 2050 5326 Variee
2081 5258 2402 5326 lectiones
2431 5268 2493 5324 et
2529 5266 2731 5324 notae.

839 5502 1286 5573 Forte,\,'wxcxf2.

726 5503 795 5557 89
839 5502 1286 5573 ΡὈΓῑθ,ψυχική.

698 5502 817 5647 (90)
835 5575 991 5630 Idem
1016 5577 1181 5647 quod
1212 5577 1534 5644 συσφίγγων.

2465 5499 2581 5569 (91)
2615 5497 2804 5554 Etiam
2833 5497 2956 5554 haec
3004 5497 3063 5554 in
3107 5496 3415 5570 utriusque
3462 5495 3697 5552 Codicis
3731 5489 3953 5561 margine

2396 5571 2799 5642 reperiuntur.

700 5778 781 5853 (ν)
805 5779 1093 5848 Quidnam
1124 5785 1202 5833 est
1244 5777 1350 5834 hoc
1376 5777 1402 5831 ?
1440 5775 1680 5852 Aliquid
1711 5775 1787 5834 ad
1813 5777 1957 5834 hinc.
1995 5777 2317 5835 lientcnius
2358 5792 2480 5835 non
2511 5778 2740 5836 videtur
2766 5776 3053 5835 invenisse
3093 5780 3227 5854 τρός.
