4170 6430
236 388 361 444 1153

1255 383 1625 441 COMMENT.
1669 381 1737 436 ΙΝ
1776 378 2128 435 JOANNEM.
2176 411 2245 420 —
2281 381 2437 438 CAP.
2480 382 2549 437 Il.

3449 386 3592 442 1154

234 513 354 573 πλὴν
399 519 601 585 παρῆκε
643 519 796 565 τοῦτο
829 514 888 564 16
931 514 1084 586 μέρος
1132 513 1158 563 6
1199 510 1570 583 εὖαγγελιστής
1617 512 1683 570 ὡς
1730 508 1824 562 οὐκ

1953 519 2081 561 1am
2120 510 2211 562 est
2272 507 2386 563 hoc
2438 508 2515 579 (r)
2558 508 2587 565 ?
2643 514 3058 566 verumtamen
3109 510 3171 565 id
3208 510 3593 582 praetermisit

237 601 507 673 ἀναγκαῖον
518 643 530 657 .

300 696 497 743 Γένοιτο
528 686 588 744 δε
615 688 768 763 κάμε,
802 693 888 743 τὸν
918 689 1150 764 ψυχρόν,
1186 695 1277 743 καὶ
1305 698 1524 763 χαῦνον,
1558 695 1647 743 καὶ
1675 686 1824 764 διαρ-

234 782 421 855 ῥέοντα,
481 785 572 832 καὶ
626 782 763 832 κατὰ
808 787 962 832 τοῦτο
1015 777 1182 853 μηδεν
1235 776 1427 840 ὕδατος
1490 776 1823 852 διαφέροντα,

235 868 615 943 μεταϐληθῆναι
662 873 790 943 πρὸς
852 871 1044 943 θέρμην
1103 873 1457 942 πνευματικὴν
1503 874 1595 921 καὶ
1633 867 1825 939 στύψιν

237 958 458 1032 ἐνάρετον
479 963 569 1012 καὶ
593 958 750 1021 πῆξιν
789 959 949 1024 ἠθῶν,
1005 960 1140 1012 ὥστε
1177 963 1268 1011 καὶ
1316 958 1514 1032 ἑτέρους
1540 958 1825 1031 εὐφραίνειν

236 1045 511 1101 δύνασθαι.

297 1140 498 1196 Ταύτην
563 1168 636 1178 --
710 1136 1006 1200 Γαλιλαίας.
1076 1137 1153 1191 Οὐ
1208 1142 1361 1210 μόνον
1434 1136 1690 1212 ἀνέγραψε
1766 1140 1825 1189 τὸ

235 1230 421 1301 θαῦμα,
463 1226 588 1279 ἀλλά
639 1231 729 1279 καὶ
780 1223 1024 1290 έδίδαξεν
1075 1229 1154 1280 ὅτι
1209 1235 1362 1280 τοῦτο
1419 1224 1481 1285 ἧν
1531 1226 1676 1300 ἁρχὴ
1728 1235 1826 1278 τῶν

235 1322 475 1391 σημείων.
531 1316 671 1370 Ἐπεὶ
724 1319 826 1390 γὰρ
877 1317 970 1369 οὐκ
1035 1319 1310 1389 ἄχρηστον
1377 1314 1438 1375 ἧν
1497 1312 1690 1370 εἰδεναι
1740 1318 1828 1368 καὶ

231 1414 396 1469 τοῦτο,
444 1405 642 1472 λοιπον,
702 1408 771 1468 ὡς
815 1408 1223 1480 παρασιωπηθέν
1288 1414 1400 1467 τοῖς
1428 1405 1616 1473 ἄλλοις,
1681 1408 1828 1458 ἱστό-

228 1515 378 1570 ρησεν
440 1496 587 1560 αὐτὸ,
650 1505 979 1569 χρησιμευον
1047 1496 1115 1558 εἰς
1169 1500 1224 1549 τό
1272 1501 1345 1569 μὴ
1394 1499 1658 1549 πιστεύειν
1719 1503 1826 1558 τοίς

228 1584 508 1658 λεγομένοις
586 1585 698 1657 (9'2)
764 1582 1034 1648 παιδικοῖς
1094 1588 1329 1659 θαῦμασι
1398 1593 1492 1638 τοῦ
1565 1593 1822 1662 Χριστοῦ.

228 1682 385 1728 Τοῦτο
449 1677 551 1749 γὰρ
612 1674 756 1751 ἁρχὴ
812 1684 913 1728 τῶν
969 1679 1235 1749 σημείων’
1284 1674 1451 1728 ἐκεῖνα
1490 1672 1550 1728 δε
1606 1675 1828 1748 πλάσμα

227 1763 363 1816 ἐστὶν
412 1762 605 1840 ἀνδρὸς
640 1764 1017 1838 λυμαινομένου
1065 1773 1127 1838 τῇ
1181 1764 1415 1838 ἀληθείᾳ.
1450 1766 1509 1819 Εἰ
1553 1766 1655 1841 γὰρ
1704 1772 1825 1826 παῖς

1935 595 2301 663 evangelista
2335 601 2537 669 utpote
2582 614 2700 654 non
2734 599 3159 655 necessarium.

2010 684 2098 742 Uti
2121 700 2264 741 nam
2290 690 2492 742 autem
2523 691 2582 742 et
2614 703 2727 758 ego
2751 688 2855 760 qui
2894 686 3138 759 frigidus
3165 704 3319 754 sum,
3342 687 3516 744 laxus
3532 691 3592 743 et

1934 773 2180 843 effusus,
2209 774 2352 830 nihil
2382 775 2441 831 in
2478 776 2590 832 hoc
2624 776 2708 832 ab
2737 793 2896 849 aqua
2926 775 3224 843 differens,
3244 778 3302 833 in
3326 776 3589 833 calorem

1935 868 2302 921 converterer
2356 865 2750 938 spiritualem,
2802 866 3035 922 virtutis
3080 867 3587 931 constrictionem,

1935 969 2006 1009 ac
2050 968 2284 1011 morum
2338 954 2706 1023 ﬁrmitatem,
2755 958 2819 1011 ut
2865 958 2924 1011 et
2943 954 3087 1012 alios
3118 954 3421 1012 laetiﬁcare
3452 971 3592 1027 pos-

1935 1056 2082 1099 SBHL

2007 1134 2168 1188 Vers.
2199 1134 2288 1189 11.
2315 1135 2443 1191 Hoc
2492 1162 2563 1175 —
2623 1133 2916 1191 Galilcew.
2975 1135 3104 1190 Non
3134 1133 3327 1191 solum
3369 1133 3589 1205 scripto

1935 1223 2198 1295 prodidit
2228 1223 2605 1293 miraculum,
2638 1223 2744 1279 sed
2773 1222 2957 1279 etiam
2990 1223 3196 1280 docuit
3226 1222 3587 1297 principium

1934 1313 2049 1367 hoc
2080 1313 2263 1369 fuisse
2294 1315 2625 1384 signorum.
2682 1314 2835 1369 Nam
2877 1313 3022 1385 quia
3059 1313 3121 1369 id
3161 1312 3311 1368 scitu
3338 1312 3589 1383 dignum

1935 1407 2084 1473 erat,
2116 1403 2279 1459 etab
2325 1403 2455 1459 aliis
2508 1403 2896 1476 praeteritum,
2943 1401 3355 1475 scripsitillnd,
3385 1405 3592 1475 utpote

1935 1491 2014 1546 ad
2042 1491 2159 1548 hoc
2182 1492 2341 1562 utile,
2361 1508 2437 1548 ne
2462 1491 2613 1548 ﬁdes
2643 1492 3003 1549 adhibeatur
3029 1491 3123 1547 his
3148 1507 3285 1562 quas
3311 1489 3594 1546 dicuntur

1935 1580 2100 1653 pueri
2127 1580 2341 1638 Christi
2370 1582 2693 1650 miracula;
2725 1583 2842 1639 hoc
2871 1581 3030 1639 enim
3081 1580 3194 1637 fuit
3212 1580 3446 1636 initium
3478 1579 3595 1649 sig-

1934 1686 2149 1728 norum
2199 1672 2345 1729 :illa
2395 1689 2534 1730 vero
2583 1677 2725 1729 sunt
2776 1688 2932 1745 opus
2985 1672 3095 1728 viri
3147 1669 3596 1744 quiaveritate

1934 1759 2256 1818 aberravit.
2289 1761 2439 1819 Nam
2461 1762 2510 1818 si
2548 1778 2697 1834 puer
2728 1760 3027 1818 mirabilia
3058 1763 3343 1833 operatus
3365 1758 3593 1824 fuisset,

228 1851 292 1903 ὧν
347 1851 780 1927 έθανματούργει,
838 1860 1001 1907 πᾶσιν
1040 1853 1101 1906 ἆν
1154 1853 1348 1927 ἐγένετο
1406 1859 1665 1929 γνώριμος
1725 1854 1822 1906 αὗ-

1955 1849 1989 1904 d
2042 1852 2245 1907 statim
2298 1852 2584 1909 omnibus
2636 1853 3013 1917 innotuisset,
3068 1864 3265 1923 neque
3323 1847 3595 1905 lsraelitis

225 1946 377 1993 τίκα⁸
433 1939 832 2016 παραδοξότερα
883 1945 985 2016 γὰρ
1046 1945 1114 1997 τὰ
1164 1946 1309 2016 παρά
1367 1949 1639 2019 μειρακίου
1695 1946 1823 1997 θαυ-

226 2034 682 2105 ματουργούμεναο
716 2036 806 2085 καὶ
858 2034 952 2085 οὐκ
1004 2032 1066 2083 ἂν
1119 2029 1413 2091 ἐδεήθησαν
1463 2036 1513 2086 οἱ
1567 2034 1824 2108 Ἰσραηλῖ-

228 2138 312 2172 ται
371 2127 461 2172 τοῦ
514 2122 753 2174 Ἰωάννου
811 2127 1192 2197 φανερώσαντος
1248 2124 1356 2193 (93)
1405 2123 1577 2177 αὐτόν.
1640 2127 1825 2198 Εἶρηκε

226 2211 325 2282 γὰρ
380 2208 533 2270 αὐτὸς
581 2212 607 2262 ό
679 2211 916 2271 Ἰωάννης
962 2212 1040 2264 ὅτι
1086 2210 1197 2264 Ἵνα
1264 2214 1527 2286 φανερωθῇ
1594 2223 1667 2285 τῷ
1724 2219 1825 2267 Ἰσ-

225 2297 376 2369 ραὴλ,
434 2294 529 2351 διὰ
582 2305 736 2352 τοῦτο
792 2297 947 2359 ἦλθον
1002 2300 1101 2373 έγὼ
1173 2300 1221 2354 έν
1278 2310 1351 2373 τῷ
1425 2300 1586 2356 ὕδατι
1635 2302 1826 2378 βαπτί-

228 2386 347 2447 ζων.
408 2387 632 2451 Εἰκότως
685 2385 773 2442 οὖν
827 2388 1051 2463 ἀνέμεινε
1107 2396 1198 2450 τὴν
1247 2388 1473 2465 ἀνδράσι
1524 2397 1825 2468 πρέπουσαν

227 2475 452 2540 ἠλικίαν,
505 2478 588 2529 ἵνα
624 2482 696 2550 μὴ
743 2483 1004 2551 νομίσωσι
1056 2485 1342 2552 φαντασίαν
1391 2478 1516 2535 εἶναι
1570 2486 1636 2536 τὰ
1681 2489 1829 2555 γινό-

226 2583 371 2637 μενα.
427 2566 486 2619 Εἰ
534 2569 657 2640 γὰρ,
719 2566 767 2618 έν
821 2568 988 2641 τελείᾳ
1048 2569 1225 2642 ἡλικίᾳ
1283 2571 1823 2647 θαυματουργοῠντος,

226 2653 403 2706 πολλοὶ
449 2663 604 2707 τοῦτο
659 2657 980 2724 ὑπωπτευον,
1042 2657 1212 2730 πολλῷ
1286 2658 1476 2732 μᾶλλον
1532 2660 1582 2713 έν
1640 2660 1825 2716 ἀτελεῖ.

232 2747 331 2795 Καὶ
368 2745 553 2796 θᾶττον
584 2741 644 2797 δε
669 2749 756 2797 καὶ
786 2745 900 2817 (θὶ)
944 2751 1047 2821 πρὸ
1089 2755 1182 2800 τοῦ
1233 2754 1587 2823 προσήκοντος
1640 2758 1828 2823 καιροῦ

229 2834 479 2904 ὥρμησαν
523 2832 584 2886 ἂν
623 2832 707 2887 ἐπὶ
736 2838 820 2888 τόν
875 2840 1123 2912 σταυρόν,
1166 2844 1228 2910 τῇ
1281 2837 1550 2913 βασκανίᾳ
1601 2844 1827 2912 τηκόμε-

226 2940 325 2989 νοι,
378 2928 469 2976 καὶ
532 2922 712 2977 λοιπόν
778 2924 975 2997 ἔμελλεν
1041 2926 1099 2978 οὐ
1163 2931 1316 3000 μόνον
1378 2926 1736 2989 ἆπιστηθῆναι
1795 2931 1826 2988 ἠ

229 3011 497 3085 οἰκονομία
547 3020 644 3076 τῆς
700 3013 1149 3089 ένανθρωπήσεως,
1184 3014 1313 3069 ἀλλὰ
1366 3023 1457 3070 καὶ
1506 3016 1833 3091 έμποδισθῆ-

230 3119 316 3151 ναι
345 3104 405 3152 τὸ
436 3100 768 3173 Εὐαγγελιον.

1932 1940 2144 2001 fuisset
2172 1959 2320 2015 opus
2347 1945 2598 2013 Joanne,
2629 1946 2696 1998 ut
2737 1958 2877 1998 eum
2930 1939 3353 1997 manifestaret.
3410 1937 3600 2010 Siqui-

1932 2038 2071 2095 dem
2094 2038 2352 2093 Joannes
2375 2033 2502 2106 ipse
2523 2032 2666 2089 dixit
2700 2051 2712 2090 :
2743 2032 2817 2089 Ut
2835 2030 3328 2101 manifestaretur
3355 2027 3595 2096 Israeli,

1932 2133 2173 2200 propter
2212 2125 2315 2181 hoc
2348 2123 2479 2181 veni
2522 2138 2620 2195 ego
2663 2121 2728 2178 in
2763 2136 2917 2194 aqua
2966 2119 3276 2190 baptizans
3304 2119 3372 2173 ³⁸.
3397 2117 3598 2175 Merito

1934 2231 2076 2289 ergo
2096 2212 2462 2289 exspectavit
2487 2211 2800 2269 decenteni
2827 2211 3008 2276 viros,
3035 2213 3271 2266 aetatem
3302 2222 3377 2264 ne
3405 2207 3598 2281 phan-

1934 2309 2190 2363 tasmata
2214 2318 2347 2361 esse
2376 2306 2656 2375 putarent
2680 2317 2753 2357 ea
2786 2315 2925 2373 quas
2955 2298 3183 2355 tierent.
3208 2299 3357 2353 Nam
3387 2296 3437 2351 si
3467 2294 3598 2368 plu-

1936 2395 2073 2453 rimi
2111 2395 2173 2450 id
2200 2392 2666 2465 suspicabantur
2690 2405 2829 2445 cum
2856 2389 2916 2445 in
2943 2386 3214 2458 legitima
3242 2401 3313 2441 ac
3335 2382 3601 2457 perfecta

1936 2489 2109 2542 aetate
2138 2482 2434 2540 mirabilia
2458 2484 2829 2555 operaretur,
2861 2478 3053 2535 multo
3080 2476 3273 2548 magis
3298 2475 3360 2530 in
3383 2475 3601 2546 imper-

1937 2576 2181 2640 fecta,et
2209 2574 2567 2646 priusquam
2595 2575 2835 2641 tempus
2856 2567 3216 2624 conveniens
3234 2563 3599 2629 advenisset,

1939 2680 2078 2721 cum
2108 2661 2339 2718 invidia
2369 2660 2759 2723 tabescerent,
2791 2659 2853 2713 in
2866 2656 3235 2714 Salvatorem
3253 2651 3605 2709 insurrexis—

1938 2758 2070 2809 sent
2096 2756 2154 2808 et
2194 2752 2277 2808 ita
2315 2765 2436 2807 non
2468 2748 2665 2806 solum
2695 2745 2985 2803 increduli
3019 2744 3270 2800 fuissent
3295 2741 3602 2814 dispensa-

1940 2841 2088 2900 tioni
2149 2837 2610 2905 Incarnationis,
2662 2836 2769 2894 sed
2823 2836 2998 2893 etiam
3051 2831 3437 2904 Evangelium
3494 2830 3603 2886 im-

1940 2932 2326 3005 pedivissent.

300 3192 542 3247 Ζήτησον
574 3186 633 3243 δὲ
667 3194 758 3243 καὶ
813 3189 862 3242 έν
916 3200 987 3263 τῷ
1039 3196 1199 3267 τρίτῷ
1232 3192 1493 3267 κεφαλαίῳ
1548 3204 1639 3248 τοῦ
1698 3198 1831 3248 κατὰ

2017 3197 2225 3261 Quaere
2296 3193 2477 3250 etiam
2535 3190 2705 3248 tertio
2772 3190 2944 3261 juxta
2996 3190 3339 3245 Matthaaum
3383 3189 3598 3261 capite,

233 3279 519 3349 Ματθαῐον,
581 3274 729 3331 διατί
784 3282 915 3351 μετὰ
976 3286 1287 3351 τριακοστόν
1339 3285 1452 3345 ἔτος
1502 3285 1528 3335 6
1601 3288 1834 3357 Χριστὸς

235 3362 384 3424 ἦλθεν
424 3366 508 3419 ἐπὶ
536 3371 592 3419 16
648 3366 952 3441 βάπτισμα,
985 3369 1107 3421 ἓνθὰ
1156 3377 1323 3423 κεῖται
1349 3374 1427 3442 τὸ,
1490 3371 1570 3425 Ἐν
1618 3370 1676 3425 δὲ
1717 3381 1835 3435 ταῖς

236 3458 454 3528 ἡμέραις
486 3454 699 3518 ἐκείναις
758 3462 1102 3530 παραγίνεται
1159 3459 1398 3523 Ἰωάννης
1436 3462 1462 3514 6
1514 3467 1832 3526 Βαπτιστής,

236 3548 522 3619 κηρύσσων
552 3545 602 3598 έν
647 3554 708 3621 τῇ
765 3549 933 3622 ἑρήμῳ
989 3556 1085 3610 τῆς
1119 3546 1404 3620 Ἰουδαίας,
1461 3556 1548 3605 καὶ
1597 3553 1835 3628 εὑρήσεις

239 3634 411 3697 αἰτίας
434 3634 808 3708 εὐλογωτάτας.
1296 3648 1297 3651 “

316 3729 417 3778 Καὶ
447 3756 512 3766 —-
538 3726 719 3783 αὐτοῦ.
745 3731 852 3785 Τὴν
890 3724 1114 3801 δύναμιν
1144 3728 1323 3797 αὐτοῦ,
1355 3734 1413 3783 τό
1442 3732 1709 3805 μεγαλεῖον
1744 3740 1840 3794 τῆς

244 3815 483 3876 θεότητος
517 3815 698 3869 αὑτοῦ.

317 3911 432 3967 Πῶς
466 3910 556 3958 καὶ
595 3910 696 3958 τίνι
752 3907 864 3978 (95)
924 3911 1130 3981 τρόπω;
1166 3907 1332 3982 ὀλίγοι
1381 3912 1482 3987 γὰρ
1536 3915 1838 3986 προσέσχον

241 4001 316 4064 τῷ
366 3997 685 4067 γεγενημένῳ
730 3999 877 4067 μόνοι
910 3999 1012 4071 γὰρ
1067 3998 1115 4048 οἱ
1161 3998 1436 4073 ὑπηρέται,
1491 4002 1633 4053 καὶὸ
1680 4020 1837 4076 αρχι-

234 4082 514 4155 τρίκλινος,
543 4088 634 4136 καὶ
675 4084 702 4136 6
730 4085 967 4157 νυμφίος,
995 4090 1083 4139 καὶ
1141 4088 1190 4139 0i
1219 4089 1454 4159 μαθηταὶ
1483 4089 1645 4142 αὐτοῦ
1702 4091 1837 4162 (96).

238 4175 311 4224 T6
366 4190 428 4244 γε
481 4172 549 4233 εἰς
596 4172 751 4225 αὐτὸν
808 4174 954 4241 ἧκον,
1024 4173 1336 4251 ἐφανέρωσεν
1392 4177 1555 4237 αὐτὴν
1609 4176 1703 4231 διὰ
1749 4188 1841 4231 τοῦ

238 4264 481 4314 τοιούτου
518 4263 800 4335 θαύματος.
845 4263 904 4316 Εἰ
930 4266 1033 4338 γὰρ
1058 4270 1148 4317 καὶ
1185 4270 1255 4338 μὴ
1280 4270 1397 4319 τότε
1441 4266 1620 4320 πολλοὶ
1670 4287 1843 4342 προσ-

242 4354 428 4421 έσχον,
480 4349 590 4403 ἀλλ’
625 4352 840 4428 ὕστερον
876 4350 1094 4412 διεδόθη
1148 4357 1207 4406 16
1257 4356 1452 4428 θαῦμα,
1484 4361 1575 4409 καὶ
1625 4356 1845 4419 πολλοὺς

245 4437 500 4495 εἵλκυσεν.
522 4439 643 4493 Ὀτι
672 4437 731 4495 δε
761 4440 809 4494 έν
840 4441 1005 4517 ἐκείνη
1038 4450 1100 4516 τῇ
1134 4445 1304 4519 ἡμέρᾳ
1341 4441 1511 4506 οὐδεὶς
1549 4454 1648 4498 τῶν
1682 4446 1844 4500 ἄλλων

244 4532 540 4596 επίστευσε,
575 4526 733 4589 δῆλον
763 4529 864 4584 ἀπὸ
895 4540 995 4584 τῶν
1017 4531 1103 4595 ἐξῆ
1116 4553 1156 4595 ς.
1187 4534 1457 4607 Ἐπήγαγε
1479 4535 1603 4611 γάρ.

320 4711 423 4761 Καὶ
452 4738 523 4749 -
550 4709 730 4767 αὐτοῦ.
758 4712 825 4763 Οἱ
844 4714 935 4764 καὶ
959 4712 1058 4786 πρὸ
1079 4713 1266 4765 τούτου
1298 4713 1646 4786 θαυμάζοντες
1669 4714 1843 4770 αὐτόν.

240 4795 409 4872 Ὀρᾷς
427 4799 509 4851 ὅτι
534 4804 649 4853 τότε
673 4804 784 4875 χρὴ
808 4802 1042 4873 γίνεσθαι
1074 4803 1141 4854 τὰ
1170 4808 1382 4875 σημεῖα,
1410 4804 1532 4857 ὅταν
1561 4806 1610 4858 οἱ
1635 4805 1849 4880 ὁρωντες

246 4886 586 4963 εὐγνωμονεῖν
607 4893 697 4943 καὶ
720 4894 1003 4963 προσέχειν
1030 4890 1275 4964 μέλλοιεν.

319 5130 367 5166 ³⁸
392 5131 563 5188 Joan.
598 5147 639 5197 ι,
670 5131 760 5189 3t.
839 5133 886 5171 ³⁷
916 5133 1118 5192 Matth.
1172 5150 1254 5204 nr,
1288 5134 1339 5195 l.

1943 3300 2133 3357 quam
2162 3282 2243 3338 ob
2270 3297 2517 3338 causam
2549 3286 2684 3353 post
2713 3280 3081 3336 tricesimum
3121 3295 3350 3335 annum
3376 3278 3605 3334 venerit

1945 3374 2212 3429 Christus
2249 3371 2327 3427 ad
2356 3370 2679 3443 baptisma,
2710 3369 2813 3425 ubi
2840 3368 3054 3425 dicitur
3083 3386 3096 3423 :
3131 3368 3204 3424 In
3256 3367 3453 3424 diebus
3482 3366 3603 3422 illis

1946 3462 2111 3521 venit
2121 3460 2359 3517 Joannes
2371 3459 2641 3529 Baptista
2653 3458 2996 3529 praedicans
3006 3458 3071 3513 in
3082 3458 3309 3514 deserto
3320 3457 3601 3523 ludam",

1946 3557 2005 3609 et
2040 3566 2258 3607 causas
2311 3548 2577 3606 invenies
2607 3547 2951 3621 aptissimas
2999 3563 3070 3604 ac
3098 3546 3311 3604 rationi
3344 3544 3606 3602 maxime

1948 3656 2273 3699 CODBOBﬁS.

2018 3731 2183 3787 Vers.
2245 3731 2332 3785 1t.
2378 3730 2455 3786 Et
2515 3743 2803 3785 —suam.
2836 3727 3164 3784 Potentiam
3222 3730 3281 3783 et
3331 3726 3608 3783 virtutem

1948 3837 2147 3887 suam,
2167 3818 2648 3893 magnitudinem
2679 3817 3010 3874 divinitatis
3039 3833 3182 3873 suae.

2019 3912 2227 3968 Verum
2280 3909 2592 3983 quomodo
2647 3916 2749 3966 aut
2802 3924 2925 3982 quo
2968 3914 3144 3981 pacto
3182 3907 3297 3964 hoc
3318 3906 3612 3972 fuit,cum

1950 4002 2134 4075 pauci
2165 4000 2245 4058 ad
2274 4000 2356 4066 id,
2384 3999 2788 4073 quodfactum
2839 4004 2983 4063 erat,
3034 3998 3448 4061 advertissent,
3500 3996 3614 4052 soli

1950 4091 2220 4147 videlicet
2249 4090 2504 4145 ministri
2530 4096 2587 4145 et
2611 4088 3048 4145 architriclinus
3073 4103 3145 4143 ac
3193 4102 3454 4159 sponsus
3475 4102 3614 4141 cum

1951 4179 2266 4252 discipulis
2288 4179 2417 4250 ejus
2445 4184 2469 4229 7
2490 4178 2663 4244 Quod
2684 4178 2744 4233 in
2778 4194 2841 4233 se
2872 4182 3016 4242 erat,
3046 4175 3449 4232 manifestavit
3478 4189 3613 4229 eam

1952 4285 2058 4342 per
2088 4268 2437 4338 hujnsmodi
2464 4266 2850 4333 miraculum;
2884 4280 3237 4339 quanquam
3264 4264 3421 4319 enim
3437 4262 3616 4334 pauci

1954 4364 2094 4414 tunc
2124 4357 2531 4423 advertebant,
2548 4361 2756 4428 postea
2785 4362 2987 4411 tamen
3000 4354 3375 4424 divulgatum
3402 4356 3493 4408 est
3511 4352 3617 4408 mi-

1955 4448 2251 4515 raculum,
2286 4446 2627 4519 multosque
2656 4445 2910 4502 attraxit.
2946 4443 3118 4511 Quod
3156 4448 3356 4499 autem
3397 4441 3491 4498 die
3519 4440 3616 4497 illo

1955 4536 2156 4593 nullus
2179 4535 2433 4592 aliorum
2461 4534 2796 4600 crediderit,
2819 4549 2892 4590 ex
2918 4531 3308 4607 sequentibus
3329 4530 3620 4587 manifes-

1958 4632 2084 4684 tum
2114 4631 2203 4683 est
2235 4641 2250 4693 ;
2282 4640 2426 4682 nam
2452 4623 2762 4697 subjunxit
2792 4640 2807 4680 :

2028 4714 2189 4770 Vers.
2251 4714 2339 4769 lt.
2385 4713 2464 4768 Et
2542 4744 2608 4753 —
2641 4714 2787 4783 ejus.
2842 4712 2951 4777 Qui
2993 4710 3172 4767 etiam
3218 4709 3620 4781 anteaipsnm

1961 4802 2439 4861 admirabantur.
2473 4799 2829 4874 Videsquod
2851 4804 3274 4873 tuncoporteat
3290 4796 3419 4855 ﬁeri
3445 4797 3622 4868 signa

1960 4909 2101 4951 cum
2145 4892 2412 4949 futurum
2465 4898 2557 4948 est
2595 4897 2660 4947 ut
2704 4895 3067 4964 spectatores
3095 4886 3373 4947 benevoli
3400 4886 3520 4944 sint
3564 4896 3623 4944 et

1961 4983 2239 5042 animum
2273 4981 2605 5040 advertant.

1477 5262 1705 5334 Varias
1733 5263 2065 5335 lectiones
2090 5273 2157 5333 et
2186 5274 2388 5334 notae.

325 5455 440 5533 (92)
478 5453 658 5511 Aliter
713 5454 789 5533 de
827 5454 944 5533 bis,
968 5456 1197 5533 videtur
1252 5459 1512 5533 sensisse
1549 5460 1847 5533 Origenes,

246 5530 460 5605 contra
474 5541 679 5605 quem,
698 5531 769 5605 με
797 5527 1075 5605 arbitror,
1094 5527 1681 5605 disputatchrysost'.
1704 5527 1851 5592 tom.

247 5600 392 5663 thl,
422 5598 650 5673 p.’t2t_.
696 5600 779 5673 DA;
835 5598 942 5655 sed
982 5598 1265 5673 Qrigen'is.
1301 5602 1380 5660 ad
1437 5598 1602 5663 hunc
1650 5605 1851 5662 locum

248 5670 723 5726 commentarius
756 5670 1082 5729 intercedit.

329 5740 442 5812 (93)
468 5741 675 5825 Nescio
717 5744 1263 5825 anponinterpres
1303 5745 1510 5820 legerit
1540 5753 1854 5825 φανερώσον-

251 5830 363 5879 τος,
403 5812 570 5884 quod
596 5827 708 5870 nec
736 5812 884 5870 mihi
909 5812 1282 5889 displicebat.

2059 5462 2149 5534 94)
2181 5465 2283 5516 Καί
2334 5460 2502 5518 abest
2539 5466 2600 5516 A.

2012 5534 2157 5623 ’(9.5)
2261 5536 2389 5587 Τίνα
2493 5537 2684 5607 τρόπον
2794 5535 2861 5587 Α.

1963 5620 2126 5664 αυτην
2160 5620 2175 5670 ;

2035 5676 2152 5804 (96%
2180 5676 2294 5733 Aut
2322 5692 2394 5732 ex
2415 5674 2825 5749 superioribus
2877 5672 3262 5747 repetendum
3298 5674 3618 5743 προσέσχον,

2035 5747 2259 5804 ιῑοὶιιά
2312 5747 2562 5804 verbum
2613 5744 3042 5804 supplendum.
3087 5744 3265 5801 veluti
3318 5741 3618 5804 ἐγίνωσκον,

1964 5741 2067 5805 aut
2095 5741 2259 5805 aliud
2312 5741 2562 5805 verbu'm
2613 5741 3042 5821 supplendum,
3087 5744 3265 5801 veluti
3318 5741 3627 5815 ἐγίνωσκον,

2955 5528 3236 5601 lntellige,
3310 5527 3623 5603 έφανερωσεν
