4170 6430
660 362 800 416 1159

1977 357 2326 415 EU'I‘HYMII
2366 355 2698 416 ZIGABENI

3885 369 4012 424 1160

655 489 962 542 merantur
991 483 1067 540 ad
1094 483 1262 540 initio
1278 483 1694 541 mdiﬁcationis
1720 501 1908 557 usque
1925 486 2000 542 ad
2028 501 2302 541 consum-

2422 486 2718 560 σαράκοντα
2742 487 2832 539 καί
2849 487 2902 551 ἓξ
2922 484 3242 559 ᾠκοδομήθη
3274 487 3300 539 ό
3329 490 3472 551 ναός,
3500 487 4010 564 ἀριθμουμένωςάπὸ

654 574 1005 631 mationem.

727 665 888 720 Vers.
919 666 1008 717 22.
1057 663 1308 731 Quando
1333 695 1401 704 —
1430 666 1574 734 ejus.
1617 667 1763 722 Cum
1781 670 1983 720 autem
2012 664 2126 720 hoc
2157 664 2312 720 dice-

654 759 759 819 ret,
791 753 1169 819 haesitabant,
1212 753 1504 826 quidnam
1545 755 1782 819 diceret,
1824 770 1930 809 nec
1971 754 2309 810 credebant.

656 844 836 900 Multa
866 859 1103 916 quoque
1146 842 1283 899 talia
1312 842 1592 916 loquitur,
1644 845 1906 915 primum
1936 843 2182 917 quidem
2216 859 2310 899 au-

655 932 956 989 dientibus
981 933 1226 1002 incerta,
1258 933 1643 1004 postmodum
1682 949 1817 989 vero
1862 933 2197 997 manifesta,
2249 936 2313 988 ut

655 1023 1007 1080 ostendatur
1031 1022 1377 1094 pravidisse
1406 1038 1540 1094 quin
1566 1022 1824 1078 dicebat.

728 1110 796 1165 Et
832 1124 1018 1181 quare
1071 1108 1332 1178 aenigma
1382 1124 1500 1163 non
1559 1107 1828 1164 dissolvit
1892 1108 2096 1164 dicens
2146 1106 2312 1180 quod

656 1197 947 1270 templum
980 1197 1330 1267 intelligeret
1374 1213 1590 1269 corpus
1611 1214 1787 1253 suum
1818 1197 2014 1264 ?Quia
2071 1203 2211 1252 tunc
2259 1197 2311 1252 ei

656 1288 804 1343 ﬁdes
825 1287 1108 1343 habenda
1135 1302 1254 1342 non
1288 1293 1432 1343 erat.
1458 1286 1769 1360 Siquidem
1803 1287 1928 1343 duo
1955 1293 2094 1343 tunc
2114 1288 2312 1343 obsta-

655 1377 840 1432 bant:
907 1391 1093 1432 unum
1143 1376 1384 1447 quidem
1435 1376 1883 1432 resurrectionis
1930 1393 2104 1449 opus,
2172 1377 2312 1433 alte-

654 1482 786 1524 rum
821 1482 958 1522 vero
990 1465 1153 1538 quod
1189 1469 1340 1522 Deus
1371 1472 1544 1533 esset,
1565 1466 1663 1537 qui
1692 1465 1805 1522 tale
1837 1466 2313 1539 templuminha-

654 1555 886 1612 bitaret.

729 1646 893 1700 Vers.
945 1649 1033 1701 23.
1073 1644 1214 1700 Cum
1241 1677 1305 1686 —
1334 1645 1605 1716 faciebat.
1652 1645 2039 1701 Crediderunt
2084 1645 2143 1701 in
2174 1661 2310 1702 eum

653 1749 777 1790 non
815 1743 1013 1790 tamen
1045 1734 1293 1790 ﬁrmiter
1324 1749 1336 1788 :
1387 1749 1528 1789 nam
1579 1733 1658 1790 illi
1704 1734 1937 1791 ﬁrmius
1967 1735 2310 1802 credebant,

652 1824 756 1897 qui
788 1841 902 1880 non
935 1830 1175 1896 propter
1201 1825 1371 1894 signa
1403 1830 1654 1890 tantum,
1707 1840 1913 1880 verum
1970 1825 2147 1880 etiam
2185 1840 2311 1897 pro-

653 1920 780 1985 pter
791 1914 1124 1969 doctrinam
1142 1913 1192 1984 ej
1203 1930 1269 1968 us
1280 1913 1599 1970 credebant
1616 1935 1630 1970 :
1646 1930 1786 1970 nam
1802 1914 1973 1987 signa
1985 1914 2310 1970 crassiores

653 2002 1049 2068 attrahebant,
1097 2002 1369 2058 doctrina
1427 2019 1570 2059 vero
1628 2019 1698 2059 ac
1745 2004 2074 2076 prophetia:
2114 2011 2311 2060 mente

651 2091 1007 2148 subtiliores.
1050 2092 1184 2148 [deo
1235 2108 1479 2164 quoque
1533 2093 1961 2149 constantiores
2014 2100 2153 2150 sunt
2225 2092 2308 2155 hi,

649 2180 871 2253 quibus
912 2180 1086 2236 etiam
1129 2186 1368 2251 aptatur
1406 2181 1465 2236 id
1511 2181 1676 2253 quod
1713 2181 1970 2237 dicitur:
2007 2181 2167 2238 Beati
2206 2182 2312 2255 qui

653 2285 765 2325 non
797 2270 1070 2326 viderunt
1098 2273 1152 2325 et
1178 2270 1556 2326 crediderunt
1596 2272 1666 2323 ⁴².

721 2359 880 2415 Vers.
939 2363 1026 2414 24.
1076 2359 1207 2429 Ipse
1253 2391 1321 2400 —
1363 2359 1459 2415 eis.
1515 2362 1714 2432 Neque
1758 2359 2058 2428 credebat,
2117 2375 2306 2432 neque

649 2453 939 2521 tanquam
988 2450 1266 2519 legitimis
1310 2449 1617 2522 discipulis
1647 2449 2025 2506 conﬁdebat:
2073 2449 2305 2522 quare?

723 2539 882 2594 Vers.
915 2543 1002 2594 24.
1039 2541 1114 2594 Eo
1145 2539 1300 2611 quod
1331 2571 1393 2579 —
1425 2540 1647 2594 omnia.
1695 2541 1946 2595 Omnem
1997 2539 2303 2594 hominem

651 2628 770 2684 sive
795 2635 1074 2684 constans
1097 2634 1268 2694 esset,
1303 2628 1428 2683 sive
1460 2630 1833 2686 inconstans.

724 2717 820 2772 Vel
848 2717 1053 2772 omnia
1078 2734 1207 2788 quae
1241 2718 1297 2771 in
1329 2717 1611 2772 omnibus
1642 2723 1802 2773 sunt.

722 2805 886 2860 Vers.
927 2806 1016 2858 25.
1039 2806 1117 2860 Et
1142 2837 1208 2845 —
1237 2804 1570 2860 homine.De
1600 2805 2005 2878 qualicunque
2035 2805 2299 2862 homine.

722 2895 884 2949 Vers.
917 2897 1005 2949 25.
1040 2896 1166 2963 Ipse
1193 2925 1257 2935 —
1281 2896 1530 2951 homine.
1564 2897 1625 2950 tn
1645 2910 2009 2968 quocunque
2031 2895 2297 2960 homine,

647 2988 851 3056 utpote
880 2982 1152 3040 cordium
1182 2984 1453 3052 cognitor
1481 2984 1656 3040 Deus.

1068 3074 1225 3130 CAP.
1275 3076 1364 3129 ΙΙΙ.
1408 3074 1491 3130 De
1534 3073 1866 3130 Nicodemo.

713 3166 855 3236 Cap.
882 3163 973 3218 III.
997 3164 1058 3220 V.
1081 3164 1293 3220 LErat
1316 3195 1380 3204 —
1397 3163 1557 3220 Vers.
1577 3168 1826 3220 2.nocte.
1849 3163 2120 3220 Tiinebat
2136 3165 2294 3222 enim
2334 3195 2375 3252 ρ

638 3252 838 3325 palam
853 3253 1134 3310 accedere
1149 3254 1423 3326 propterJ
1433 3253 1744 3310 udrrorum
1759 3253 2160 3327 suspicionem
2172 3256 2294 3328 ,qui

636 3342 907 3399 aversuri
937 3347 1106 3399 erant
1143 3341 1497 3399 accedentes
1528 3343 1604 3398 ad
1635 3359 1793 3399 eum.

709 3433 876 3491 Vers.
915 3438 966 3488 2.
999 3435 1077 3488 Et
1140 3465 1206 3475 —
1263 3433 1552 3505 magister.
1613 3433 1865 3488 Putabat
1911 3433 2070 3489 enim
2133 3432 2294 3505 quod

637 3523 930 3594 propheta
959 3528 1113 3578 esset
1140 3523 1359 3578 missus
1385 3539 1422 3579 a
1453 3523 1572 3579 Deo
1602 3523 1678 3578 ad
1713 3522 2077 3579 docendum.

711 3612 934 3667 Vers.2.
970 3613 1152 3668 Nemo
1192 3643 1259 3652 —
1289 3627 1373 3667 eo.
1395 3612 1542 3666 Cum
1578 3611 1927 3683 prOphetam
1953 3629 2092 3669 eum
2124 3617 2295 3684 puta-

639 3706 744 3766 ret,
777 3702 985 3756 merito
1006 3701 1700 3756 arbitrabaturhreceum
1745 3717 1864 3757 non
1916 3703 2159 3774 propria
2210 3702 2292 3758 fa-

639 3807 770 3846 cere
784 3795 1095 3863 potestate,
1113 3790 1214 3845 sed
1248 3806 1376 3846 esse
1409 3806 1445 3846 a
1471 3791 1588 3845 Deo
1623 3793 1896 3862 precibus
1927 3791 2170 3847 obtenta
2196 3791 2288 3863 (ε).

711 3880 870 3934 Vers.
902 3883 957 3936 3.
993 3879 1307 3949 Respondit
1333 3910 1400 3918 —
1431 3879 1557 3935 Dei.
1615 3880 2007 3936 Existimabat
2048 3879 2291 3936 Nicode-

639 3984 776 4024 mus
807 3984 870 4023 se
901 3983 1080 4023 nosse
1114 3971 1296 4023 Deum
1318 3969 1418 4040 (1),
1443 3984 1513 4024 ac
1542 3968 1617 4023 de
1642 3984 1714 4023 eo
1735 3974 1890 4024 recte
1920 3968 2155 4024 sentire.
2186 3971 2292 4025 Os-

637 4056 889 4113 tendens
919 4062 1114 4113 autem
1170 4057 1448 4122 Christus,
1502 4057 1665 4129 quod
1717 4057 1895 4126 longe
1959 4073 1996 4112 a
2049 4057 2293 4115 veritate

635 4145 956 4208 aberraret,
986 4147 1098 4202 ait:
1152 4148 1271 4203 Nisi
1317 4146 1455 4219 quis
1512 4153 1889 4215 regeneratus
1953 4146 2132 4202 fuerit
2188 4163 2291 4220 per

633 4237 1144 4305 regenerationem
1161 4235 1349 4291 divini
1382 4233 1780 4306 baptismatis,
1800 4250 1921 4290 non
1944 4237 2291 4308 potestscire

633 4326 748 4381 sive
778 4342 1136 4396 cognoscere
1167 4326 1295 4397 ejus
1323 4325 1673 4394 dignitatem
1705 4339 1776 4381 ac
1793 4325 2288 4395 magnitudinem.

633 4418 798 4471 Nunc
815 4417 976 4471 enim
999 4416 1267 4489 seipsum
1303 4413 1446 4469 dicit
1473 4415 1680 4479 Deum,
1701 4414 1760 4469 id
1784 4419 1984 4471 tamen
2014 4414 2289 4485 obscure,

633 4521 754 4577 quo
785 4505 1169 4561 insolentiam
1199 4504 1437 4560 devitet.
1499 4504 1711 4559 Divina
1744 4503 2041 4577 siquidem
2079 4505 2288 4577 gratia,

631 4609 767 4666 qum
781 4611 888 4666 per
903 4610 1139 4650 sacrum
1159 4593 1336 4649 datur
1353 4593 1737 4666 baptisma,et
1749 4600 2007 4649 mentem
2026 4594 2291 4658 roborat,

634 4688 687 4738 et
714 4691 869 4740 recte
895 4683 1091 4740 videre
1123 4684 1342 4749 tribuit,
1371 4683 1664 4756 dissipata
1693 4684 2111 4755 imbecillitate,
2156 4700 2292 4757 qum

634 4769 1083 4830 obtenebrabat.

705 4986 751 5020 "
782 4984 949 5043 Joan.
980 5001 1080 5058 xx,
1113 4987 1202 5044 29.

2420 583 2508 636 τῆς
2535 574 2780 651 ἑνάρξεως
2807 581 2970 650 μέχρι
3001 586 3094 639 τῆς
3126 575 3449 637 τελειώσεως.

2488 664 2610 718 Ὀτε
2641 697 2702 707 -
2736 666 2916 718 αὐτοῦ.
2949 665 3070 718 Ὀτε
3099 663 3158 718 δι
3184 673 3337 718 τοῦτο
3363 665 3552 738 ἔλεγεν,
3571 668 3803 742 ἠπόρουν
3826 676 3874 722 τί
3903 691 4010 725 ποτε

2418 754 2573 826 λέγει,
2596 760 2682 807 καὶ
2712 756 2804 808 οὐκ
2849 754 3132 811 ἐπίστευον.
3170 754 3338 807 Πολλά
3369 751 3428 808 δι
3462 764 3678 808 τοιαῦτα
3729 759 4006 831 φθέγγεται,

2419 850 2718 918 παραυτίκα
2743 849 2832 918 μεν
2849 841 3025 902 οἰδηλα
3045 852 3148 905 τοῖς
3167 843 3438 910 ἀκούουσι,
3456 865 3588 917 μετα
3611 855 3766 898 τοῦτο
3787 843 3846 900 δὲ
3867 844 4003 915 δῆλα,

2422 935 2504 985 ἱνα
2534 929 2727 1006 δειχθῇ
2772 930 3028 1007 προειδὼς
3058 933 3092 986 ἃ
3116 933 3279 1007 ὓεγε.

2495 1118 2594 1165 Καὶ
2625 1108 2659 1165 δ
2665 1116 2772 1164 ιατί
2813 1111 2908 1164 οῦκ
2952 1111 3098 1164 ﬂues
3152 1115 3209 1164 τό
3242 1115 3478 1184 αἴνιγμα,
3511 1114 3589 1165 ὅτι
3646 1117 3771 1166 ναὸν
3805 1113 3929 1185 Myrr
3953 1120 3997 1167 τὸ

2422 1211 2575 1274 σῶμα
2631 1201 2824 1268 αῦτοῦ;
2884 1207 3020 1254 Διότι
3074 1201 3168 1253 ούκ
3239 1201 3409 1274 ἔμελλε
3487 1204 3860 1261 πιστευθῆναι.
3921 1209 3994 1257 Δύο

2418 1295 2520 1365 γὰρ
2586 1298 2721 1349 ἦσαν
2777 1294 2841 1343 τά
2889 1293 3156 1364 προσιστά
3214 1309 3300 1343 ενα
3367 1296 3512 1356 τέως,
3567 1291 3616 1344 ἓν
3663 1296 3761 1364 μεν
3829 1296 3883 1345 τὸ
3926 1303 3986 1352 τῆς

2421 1380 2689 1454 έγέρσεως,
2742 1384 2908 1453 ἕτερον
2960 1378 3018 1433 δε
3074 1383 3132 1432 τὸ
3160 1383 3289 1434 Θεὸν
3335 1377 3463 1433 εἶναι
3500 1384 3588 1433 τὸν
3630 1380 3920 1435 ἐνοικοῦντα
3939 1391 3990 1451 τῷ

2421 1475 2639 1542 τοιούτῳ
2677 1479 2802 1540 ναῷ.

2490 1645 2577 1710 Ὠς
2631 1678 2700 1689 -
2734 1646 2956 1701 ἕποίει...
3012 1651 3357 1700 Ἐπίστευσαν
3417 1647 3488 1709 εἰς
3554 1647 3738 1718 αὐτόν,
3800 1648 3896 1700 ἀλλ’
3948 1649 3994 1702 οὐ

2427 1736 2667 1800 Βεϐαίως.
2721 1742 2933 1791 Ἐκεῖνοι
2985 1741 3084 1811 γὰρ
3149 1735 3512 1810 ἀκριϐέστερον
3567 1737 3684 1808 (10)
3737 1736 3991 1804 ἐπίστευον,

2351 1841 2395 1895 Β
2424 1831 2536 1879 ὅσοι
2565 1832 2636 1900 μὴ
2673 1823 2766 1879 διὰ
2803 1829 2865 1879 τὰ
2890 1833 3081 1898 σημεῖα
3109 1831 3282 1898 μόνον,
3312 1825 3439 1878 ἀλλά
3493 1832 3581 1879 καὶ
3622 1823 3720 1879 διὰ
3748 1832 3836 1884 την
3865 1823 3988 1879 διδα-

2424 1916 2641 1969 σκαλιαν
2684 1912 2845 1968 αύτού
2893 1914 3179 1969 έπίστευον.
3227 1920 3361 1977 Τούς
3403 1919 3492 1987 μεν
3539 1917 3639 1988 γὰρ
3689 1920 3990 1988 παχυτέρους

2421 2009 2484 2057 τὰ
2517 2013 2710 2077 σημεῖα
2740 2003 3010 2077 ἔφεῦικετο·
3045 2004 3165 2065 τούς
3197 2001 3256 2056 δε
3285 2003 3615 2078 λεπτοτέρους
3648 2006 3761 2072 (11)
3802 2005 3865 2066 εἰς
3891 2012 3988 2055 νοῦν

2419 2096 2448 2153 ἠ
2483 2091 2812 2147 διδασκαλία
2838 2098 2928 2146 καὶ
2960 2096 3014 2146 αἱ
3045 2101 3377 2167 προφητεῖαι,
3410 2098 3497 2146 Διό
3530 2100 3619 2146 καὶ
3649 2094 3790 2146 ούτοι
3820 2092 3985 2166 μᾶλλον

2418 2183 2618 2237 ἐκείνων
2668 2182 3021 2257 βεϐάιότεροι·
3079 2185 3152 2244 οἷς
3182 2183 3398 2259 ἁρμόζει
3436 2189 3526 2236 καί
3561 2188 3639 2253 τό,
3675 2185 3920 2255 Μακάριοι
3943 2183 3981 2232 οἱ

2415 2279 2487 2346 μὴ
2515 2270 2729 2339 ἰδόντες,
2760 2278 2850 2326 καὶ
2879 2275 3272 2333 πιστεύσαντες.

2489 2363 2650 2423 Αύτός
2692 2392 2759 2405 —
2817 2361 3017 2423 αὐτοῖς.
3046 2362 3120 2414 Ού
3159 2367 3542 2429 κατεπίστευεν,
3571 2361 3663 2414 ούκ
3692 2360 3877 2436 ἐθάρρει
3919 2362 3976 2420 ὡς

2413 2458 2652 2523 γνησίοις
2681 2454 2957 2524 μαθηταῖςο
2993 2449 3174 2518 διατί;

2485 2545 2580 2595 Διά
2607 2545 2664 2594 τὸ
2696 2573 2763 2581 -
2790 2544 2978 2605 πάντα,
3025 2544 3198 2594 Πάντα
3229 2541 3630 2613 (12)οἶνθρωπον,
3657 2543 3744 2592 είτε
3767 2535 3958 2609 βέϐαιός

2413 2632 2575 2701 ἐστιν,
2606 2634 2700 2684 εἶτε
2732 2629 2991 2692 ἀϐέϐαιος.

2482 2719 2548 2772 Ἦ
2572 2723 2740 2772 πάντα
2769 2721 2834 2771 τὰ
2859 2722 3086 2776 πάντων,

2484 2814 2583 2862 Καὶ
2612 2840 2677 2850 —
2710 2809 3002 2881 ἀνθρώπου.
3038 2813 3163 2883 Περὶ
3183 2815 3274 2860 τοῦ
3306 2805 3609 2866 οίουδήποτε
3632 2804 3908 2879 ἀνθρώπου.

2483 2898 2646 2959 Αύτὸς
2691 2928 2761 2938 -
2811 2896 3083 2972 ἀνθρώπῳ.
3140 2898 3222 2949 Ἐν
3274 2905 3346 2967 τῷ
3400 2902 3554 2949 παντὶ
3609 2895 3867 2968 ἀνθρώπῳ,
3921 2895 3976 2951 ὡς

2405 2986 2835 3063 καρδιογνώστης
2869 2993 2970 3041 θεό
2981 3008 3020 3050 ς.

2822 3083 2967 3132 ΚΕΦ.
2995 3077 3065 3131 Γ’.
3104 3083 3227 3151 Περὶ
3257 3073 3595 3148 Νικόδημου,

2474 3165 2570 3221 Ἦν
2620 3197 2685 3207 --
2734 3171 2938 3228 νυκτός.
2997 3166 3239 3238 Εγοϐιῐτο
3290 3171 3392 3240 γὰρ
3448 3165 3605 3218 ἐλθεῖν
3655 3172 3870 3237 φανερῶς
3904 3157 3976 3213 διὰ

2405 3262 2498 3315 τὴν
2528 3255 2758 3327 ὑποψίαν
2783 3265 2882 3309 τῶν
2911 3253 3186 3308 Ἰουδαίων
3218 3254 3680 3330 ἀποστρεγομένων
3728 3258 3843 3314 τούς
3877 3269 3977 3325 προ-

2407 3351 2615 3407 σιόντας
2647 3345 2809 3415 αὐτῷ.

2477 3440 2578 3489 Καὶ
2607 3465 2675 3476 -
2706 3431 3052 3496 διδάσκαλος.
3086 3434 3238 3506 ’ῼετο
3279 3436 3380 3508 γὰρ
3431 3435 3511 3485 ὅτι
3541 3438 3814 3506 προφήτης
3843 3430 3975 3490 ἐστὶν,

2402 3523 2506 3578 ἀπὸ
2537 3529 2665 3577 Θεοῦ
2704 3525 2956 3596 πεμφθεὶς
2985 3524 3058 3585 εἰς
3086 3528 3142 3575 τό
3175 3519 3453 3575 διδάσκειν
3483 3522 3698 3584 αύτούς.

2474 3610 2670 3675 Ούδείς
2709 3644 2771 3653 --
2806 3613 2984 3666 αὑτοῦ.
3019 3612 3160 3666 Ἐπεὶ
3196 3617 3466 3687 προφήτην
3499 3611 3657 3664 αὐτὸν
3710 3615 3850 3683 ᾤετο,
3885 3605 3980 3659 ἀκο-

2400 3703 2598 3766 λούθως
2624 3701 2976 3774 ὑπελάμϐανεν
3013 3704 3093 3754 ὅτι
3118 3702 3212 3754 οῦκ
3242 3700 3293 3764 ἐξ
3323 3702 3514 3763 οἰκείας
3547 3697 3816 3773 δυνάμεως
3844 3706 3982 3751 ταῦτα

2401 3800 2558 3858 ποιεῖ,
2583 3791 2690 3844 ἀλλ’
2715 3795 2768 3844 ἐκ
2798 3801 2893 3853 τῆς
2922 3800 3010 3844 τοῦ
3046 3799 3200 3856 Θεοῦ,
3229 3787 3468 3863 δεόμενος
3500 3790 3629 3850 αὐτῆ
3645 3812 3686 3852 ς.

2473 3881 2755 3954 Ἀπεκρίθη
2813 3913 2880 3921 -
2929 3889 3082 3935 Θεοῦ.
3139 3881 3406 3953 Ἐνόμισεν
3463 3881 3489 3932 ὁ
3538 3876 3848 3952 Νικόδημος
3878 3897 3982 3948 γνω-

2400 3991 2485 4023 ναι
2543 3971 2718 4037 αύτόν,
2777 3975 2866 4023 καὶ
2924 3969 3052 4043 ὀρθά
3103 3977 3299 4044 φρονεῖν
3346 3973 3464 4042 περὶ
3512 3977 3698 4023 αυτοῦ.
3761 3969 3980 4021 Δεικνύων

2403 4058 2462 4114 δε
2513 4062 2539 4112 ό
2594 4063 2825 4135 Χριστὸς
2895 4061 2974 4111 ὅτι
3026 4058 3202 4133 πόρρω
3269 4057 3524 4111 πλανᾶται
3585 4067 3680 4120 τῆς
3748 4057 3980 4118 ἀληθείας,

4095 3943 4097 3991 4

2402 4149 2559 4221 φησὶν
2603 4151 2703 4215 ὅτι,
2757 4150 2874 4202 Ἐἀν
2927 4153 2998 4221 μή
3057 4168 3135 4208 τις
3174 4148 3490 4221 ἀναγεννηθῇ
3547 4145 3644 4201 διὰ
3687 4156 3780 4208 τῆς
3826 4145 3985 4213 παλιγ-

2399 4244 2632 4310 γενεσίας
2677 4246 2767 4291 τοῦ
2819 4239 2956 4291 θείου
3017 4235 3405 4310 βαπτίσματος,
3457 4237 3516 4288 ού
3575 4233 3802 4289 δυναται
3855 4231 3980 4298 ἰδεῖν,

2401 4332 2519 4386 ἤτοι
2596 4336 2786 4400 γνῶναι
2847 4331 2942 4385 τήν
2996 4326 3144 4390 ἀξίαν
3202 4331 3292 4378 καὶ
3360 4325 3748 4398 μεγαλειότητα
3813 4327 3974 4378 αὐτοῦ.

2401 4421 2524 4471 Θεὸν
2562 4420 2664 4490 ⁹γὰρ
2696 4417 2876 4470 ἑαυτὸν
2922 4416 3056 4488 λέγει
3102 4423 3210 4468 νῦν’
3247 4419 3565 4489 ἁσυμφανώς
3622 4412 3707 4482 δε,
3739 4418 3823 4468 ἵνα
3867 4417 3978 4487 φύγῃ

2399 4511 2488 4560 τόν
2539 4511 2758 4580 κόμπον.
2809 4511 2935 4559 Τότε
2983 4507 3085 4579 γὰρ
3118 4507 3148 4563 ἠ
3193 4501 3287 4558 διὰ
3318 4513 3408 4557 τοῦ
3446 4508 3582 4578 ἱεροῦ
3634 4503 3981 4578 βαπτίσματος

2402 4592 2656 4668 διδομένη
2718 4597 2828 4649 θεία
2873 4597 3039 4669 χάρις
3094 4595 3305 4668 ῥωννύει
3345 4598 3430 4646 τόν
3468 4604 3585 4646 νούν
3626 4599 3722 4646 καὶ
3771 4596 3888 4668 όρᾲν
3918 4590 3981 4663 ὀρ-

2403 4687 2498 4746 θῶς
2544 4689 2789 4759 παρέχει,
2840 4692 2934 4746 τῆς
2985 4682 3366 4744 ἐπισκοτούσης
3429 4681 3699 4744 ἀσθενείας
3776 4689 3980 4735 ἀποσκε-

2403 4771 2666 4832 δασθείση
2676 4795 2718 4836 ς.

1885 5192 2104 5263 Variae
2140 5193 2470 5264 lectiones
2510 5203 2578 5264 et
2614 5203 2818 5264 notae.

697 5419 812 5490 (10)
853 5421 1198 5476 Ἐπίστευσαν
1224 5419 1291 5474 Α.

855 5491 1178 5566 ίρξυτέρους,
1207 5487 1627 5566 ἀκριϐεστέρονς.

694 5560 813 5635 (i2)
855 5560 1082 5619 Etenim
1135 5579 1245 5636 pro
1277 5560 1513 5624 πάντας,
1568 5560 1708 5631 legit
1760 5561 1818 5616 in
1873 5566 2030 5618 textu
2086 5564 2274 5615 πάντα.

697 5742 769 5816 (s)
805 5742 923 5800 Sed
945 5757 1054 5798 esse
1076 5773 1141 5783 —
1163 5740 1418 5797 obtenta.
1441 5739 1801 5816 Sed_divina,
1836 5755 2014 5811 egens
2045 5755 2134 5796 ea.
2167 5744 2279 5793 Δεό-

623 5811 772 5888 μενοξ
800 5816 897 5872 hic
922 5829 1039 5870 non
1065 5818 1154 5871 est
1167 5825 1435 5884 precans,
1471 5811 1578 5868 sed
1607 5826 1791 5882 egens.

2393 5419 2560 5476 Unde
2580 5420 2823 5477 autem?
2847 5419 2931 5476 Ex
2961 5417 3274 5476 codicibus
3297 5420 3367 5475 N.
3404 5415 3769 5474 Testamenti
3791 5414 3820 5471 τ
3847 5416 3967 5474 Non,

2393 5492 2500 5548 sed
2526 5508 2598 5550 ex
2629 5493 2933 5566 Chrysost.
2974 5496 3117 5547 tom.
3148 5492 3284 5559 Vill,
3318 5506 3378 5564 p.
3411 5493 3507 5545 137
3541 5491 3602 5544 C.

2463 5743 2532 5814 (t)
2563 5742 2750 5801 Nosse
2773 5743 2978 5799 Deum.
3009 5742 3192 5798 Nosse
3222 5755 3383 5794 eum.
