4170 6448
153 388 273 452 1161

219 526 369 592 Λέγει
430 551 491 561 —-—
542 521 853 592 γεννηθῆναι
941 535 955 585 ;

153 610 318 663 Ῥαϐϐὶ
371 611 524 663 αὐτόν
575 609 766 674 καλεῖς,
824 614 913 661 καὶ
965 607 1067 660 ἀπὸ
1131 615 1264 660 Θεοῦ
1311 606 1610 665 ἐληλυθέναι
1668 605 1752 658 λέ-

153 720 269 772 γεις,
311 706 398 752 καὶ
437 699 496 752 ού
543 702 803 761 πιστεύεις
853 699 929 760 οἷς
969 696 1140 768 Mysi;
1177 696 1341 749 Βαϐαὶ
1383 705 1480 756 τῆς
1526 691 1751 748 Ἰουδαῖ-

156 797 244 851 κῆς
297 789 643 860 παχύτητοςι
679 787 933 841 ’Ἤκουσεν
988 785 1351 857 ἁναγέννησιν,
1411 784 1538 836 ἀλλά
1592 803 1750 836 πνευ-

946 879 1142 934 ταύτην
1210 883 1421 941 νοῆσαι,
1497 879 1586 926 καὶ
1650 879 1752 924 νοεῖ

1274 969 1365 1015 καὶ
1455 964 1484 1024 ζ
1489 983 1518 1022 η
1528 971 1600 1016 τεί
1667 965 1752 1014 τόν

156 884 407 952 ματικὴν’
458 878 551 931 ούκ
619 875 860 936 ἠδυνήθη

160 972 444 1042 σαρκικήν’
519 973 610 1019 καὶ
691 967 898 1027 εἰκότως
979 963 1180 1040 ἀπορεῖ,

156 1061 338 1132 τρόπον
355 1101 363 1110 .

223 1145 503 1218 Ἀπεκρίθη
566 1174 627 1185 -
693 1150 847 1197 Θεοῦ.
913 1142 1191 1214 Σαφηνίζει
1265 1144 1354 1214 μὲν
1401 1144 1486 1192 τόν
1543 1145 1753 1212 τρόπον,

155 1235 326 1306 λέγων,
382 1237 461 1286 ὅτι
513 1233 565 1296 ἐξ
618 1229 813 1294 ὕδατος
869 1236 959 1284 καὶ
1011 1233 1327 1303 Πνεῦματος,
1389 1226 1601 1287 δηλαδὴ
1661 1237 1754 1280 τοῦ

158 1324 340 1396 ἁγίου·
377 1324 519 1376 ούπω
570 1319 629 1375 ei";
679 1322 864 1386 τέλεον,
910 1322 992 1373 ἵνα
1040 1325 1514 1394 προσεκτικώτερος
1565 1320 1591 1369 ό
1637 1317 1760 1391 ἐρω·

157 1422 251 1466 τῶν
331 1418 570 1484 γένηται.
665 1411 923 1473 Πολλάκις
1003 1413 1105 1482 γὰρ
1173 1413 1230 1462 τό
1310 1407 1501 1480 ἀσαφὲς
1577 1407 1754 1482 ἐγείρει

157 1508 246 1561 τὴν
331 1505 586 1564 διάνοιαν,
668 1506 757 1553 καὶ
828 1503 1216 1574 περιεργότερον
1301 1503 1390 1550 καὶ
1469 1494 1757 1550 σπουδαῖον

160 1591 504 1667 ἀπεργάσεται
557 1594 644 1644 τόν
700 1589 982 1663 ἀκροατήν.
1051 1587 1110 1640 Ὀ
1160 1591 1250 1660 μὲν
1309 1584 1396 1639 οὖν
1457 1584 1760 1659 Νικόδημος

156 1678 408 1733 ἀδύνατον
457 1680 595 1752 ἔλεγε
646 1685 740 1738 τὴν
796 1678 1166 1751 ἁναγέννησιν·
1214 1679 1238 1729 ό
1291 1673 1350 1729 δὲ
1399 1680 1624 1748 Χριστός
1669 1682 1758 1729 καὶ

160 1766 362 1844 σφόδρα
410 1767 660 1838 δυνατὴν,
694 1774 784 1821 καὶ
833 1767 890 1820 οὐ
922 1776 1072 1820 τοῦτο
1117 1771 1287 1838 μόνον,
1323 1764 1450 1817 ἀλλά
1479 1771 1567 1817 καὶ
1599 1764 1759 1837 ἀναγ-

1149 385 1520 448 COMMENT.
1563 387 1630 444 ΙΝ
1661 383 2000 445 JOANNEM.
2044 419 2105 429 —
2150 385 2306 445 CAP.
2351 389 2439 443 Ill.

1042 523 1104 570 Τί
1185 525 1358 586 τοῦτο,
1433 513 1747 588 Nudi-ape;
1784 517 1829 571 A
1933 514 2094 570 Vers.
2127 517 2177 569 4.
2225 513 2376 570 Dicit
2421 545 2489 556 —
2531 514 2748 571 nasci?
2789 514 2936 579 Quid
2974 514 3108 580 hoc,
3148 514 3516 571 Nicodeme?

3369 389 3509 444 “62

1861 601 2052 657 Rabbi
2094 601 2293 674 ipsum
2340 619 2541 668 vocas,
2587 609 2643 658 et
2685 619 2720 659 a
2765 606 2882 658 Deo
2921 602 3156 658 venisse
3191 603 3360 670 dicis,
3405 619 3516 659 nec

1861 697 2059 747 tamen
2097 690 2292 747 credis
2332 708 2464 763 quae
2511 690 2695 748 dicit?
2736 693 2779 748 Ο
2817 691 3132 748 Iudaicam
3173 693 3518 748 crassitudi-

1861 780 2032 836 neml
2077 780 2322 838 Audivit
2362 782 2892 851 regenerationem,
2940 782 3044 838 sed
3094 782 3462 853 spiritualem
3499 799 3512 849 ;

1861 886 1984 926 non
2045 871 2236 942 potuit
2289 869 2448 926 hanc
2504 871 2834 943 concipere,
2892 872 2991 927 sed
3066 871 3364 928 carnalem
3433 873 3519 927 in-

1861 958 2089 1031 telligit,
2163 965 2218 1015 et
2278 960 2488 1016 merito
2557 960 2808 1026 dubitat,
2877 960 3250 1034 modumque
3322 961 3517 1016 scisci-

1865 1054 2039 1106 tatur.

1934 1139 2096 1194 Vers.
2225 1140 2547 1209 Respondit
2599 1171 2666 1180 —
2699 1141 2824 1196 Dei.
2884 1143 3122 1197 Modum
3175 1141 3519 1199 manifestat

1865 1227 2094 1298 dicens,
2131 1227 2298 1300 quod
2329 1245 2398 1283 ex
2425 1244 2585 1300 aqua
2611 1233 2666 1284 et
2697 1229 2936 1300 Spiritu,
2978 1229 3246 1286 videlicet
3271 1235 3516 1298 sancto;

1867 1331 1990 1371 non
2031 1321 2228 1372 tamen
2255 1317 2410 1372 clare
2449 1317 2562 1372 hoc
2600 1317 2758 1382 dicit,
2789 1334 2911 1390 quo
2950 1318 3234 1375 attentius
3277 1318 3522 1377 interro-

1868 1412 2052 1476 garet.
2085 1406 2313 1478 Saepius
2339 1406 2499 1462 enim
2531 1406 2758 1462 occulte
2793 1407 2872 1478 (ιι)
2904 1413 3162 1464 mentem
3188 1409 3422 1475 excitat,
3457 1416 3523 1468 ut

1868 1495 2302 1566 diligentiorem
2345 1511 2415 1550 ac
2470 1494 2858 1552 curiosiorem
2909 1496 3120 1554 reddat
3162 1498 3516 1555 auditorem.

1869 1583 2228 1640 Nicodemus
2251 1583 2546 1656 siquidem
2567 1583 3001 1656 impossibilem
3019 1585 3256 1642 dicebat
3276 1603 3524 1658 regene-

1867 1672 2161 1729 rationem
2202 1688 2216 1728 :
2251 1673 2513 1729 Christus
2547 1688 2688 1730 vero
2713 1673 2956 1730 omnino
2997 1676 3344 1748 possibilem
3375 1695 3387 1730 :
3415 1693 3524 1734 nec

1869 1761 1927 1818 id
1956 1761 2153 1818 solum
2187 1761 2292 1817 sed
2328 1767 2384 1817 et
2411 1762 2854 1832 necessariam;
2895 1763 3048 1820 adeo
3078 1769 3142 1821 ut
3177 1765 3303 1822 sine
3339 1782 3411 1822 ea
3439 1783 3524 1823 re-

156 1864 322 1922 καίειν,
362 1862 430 1921 ὡς
465 1855 607 1932 μηδὲ
648 1855 910 1912 δύνασθαί
949 1877 1067 1909 τινα
1107 1860 1276 1932 χωρὶς
1317 1855 1475 1913 αὐτῆς
1519 1852 1757 1906 εἰσελθεῖν

1877 1867 2060 1921 gnum
2085 1851 2182 1906 Dei
2206 1851 2406 1907 nullus
2438 1850 2628 1924 possit
2651 1851 2888 1918 intrare,
2921 1853 3034 1910 hoc
3063 1858 3150 1910 cst
3173 1855 3302 1926 ejus
3335 1856 3526 1926 digni-

156 1949 221 2010 εἰς
247 1954 338 2007 τὴν
372 1947 646 2021 βασιλείαν
676 1956 768 2000 τοῦ
802 1954 958 2001 Θεοῦ.
995 1948 1102 2015 «[Τό
1135 1945 1246 2016 (13)
1289 1941 1347 1996 δὲ
1391 1942 1646 1996 Εἰσελθείν
1691 1941 1760 2004 εἰς

153 2042 244 2096 τὴν
281 2036 554 2109 βασιλείαν
597 2045 690 2090 τοῦ
723 2036 904 2106 Θεοῦ,]
944 2036 973 2095 ἡ
1026 2038 1083 2086 τό
1127 2041 1320 2106 γνῶναι
1355 2037 1442 2090 τὴν
1483 2030 1630 2094 ἀξίαν
1674 2036 1763 2084 καὶ

156 2126 531 2198 μεγαλειότητα
560 2125 720 2179 αὐτοῦ
748 2122 906 2183 δηλοῖ
930 2131 1017 2176 νῦν
1045 2127 1076 2182 ἥ
1109 2126 1168 2175 τό
1201 2129 1384 2194 τυχεῖν
1413 2129 1504 2182 τῆς
1534 2119 1764 2173 ἀπολαύ-

159 2235 288 2278 σεως
312 2223 374 2275 τῆ
386 2235 407 2276 ς
436 2217 593 2276 θείας.

226 2304 282 2358 ’0
312 2304 459 2377 λόγος
482 2303 540 2358 δὲ
573 2308 689 2378 περὶ
719 2312 820 2356 τῶν
846 2305 972 2376 μετά
1001 2306 1060 2354 τό
1092 2300 1456 2375 βαπτισθῆναι
1481 2305 1567 2353 τόν
1599 2309 1764 2374 Χρισ-

154 2399 264 2453 τόν.
306 2401 515 2448 Ἐκτοτε
546 2396 648 2469 γὰρ
679 2395 708 2452 ἡ
745 2392 1080 2464 ἀναγέννησις
1102 2391 1313 2466 ἡρξοιτο.
1344 2393 1539 2444 Λοιπὸν
1561 2388 1648 2443 οὖν
1677 2395 1764 2442 καὶ

155 2487 204 2536 οἱ
271 2483 554 2537 ἀπόστολοι
626 2482 1053 2554 ἁνεγεννηθησαν,
1116 2479 1188 2534 δι’
1237 2477 1428 2541 ὓδατος
1475 2484 1567 2553 μὲν
1621 2482 1764 2555 παρὰ

154 2573 412 2643 Ἰωάννου,
443 2569 536 2626 διὰ
569 2574 862 2644 Ιινεύμοιτος
893 2567 972 2636 δὲ,
1005 2573 1086 2623 ὅτε
1112 2569 1448 2643 ἑπεφοίτησεν
1495 2568 1674 2632 αὐτοῖς
1711 2568 1761 2621 ἐν

154 2660 236 2716 sic?
240 2683 284 2716 ει
316 2667 538 2735 πυρίνων
567 2661 840 2733 γλωσσῶν.

226 2755 494 2827 Γράφουσι
542 2747 602 2804 δέ
657 2770 788 2812 τινες
838 2751 970 2822 (14),
1045 2748 1332 2820 ἐγγίζοντες
1395 2757 1500 2810 τοῖς
1547 2754 1762 2822 χρόνοις

150 2852 251 2894 τῶν
302 2840 624 2909 ἀποστόλων,
696 2841 773 2892 ὅτι
845 2841 870 2891 ὁ
932 2841 1022 2910 μὲν
1079 2842 1309 2912 Χριστός
1369 2837 1618 2891 ἑϐάπτισε
1673 2841 1759 2890 τόν

153 2935 343 3005 Πέτρον
387 2935 477 2983 καὶ
517 2935 611 2989 τὴν
655 2933 932 2994 Θεοτόκον,
973 2929 998 2980 ό
1040 2923 1098 2980 δὲ
1157 2933 1348 3001 Πέτρος
1399 2931 1597 2989 πάντας
1643 2931 1760 2988 τοὺς

153 3019 255 3072 ἀπο
264 3019 499 3082 στόλους.

224 3109 296 3162 Τὸ
333 3140 394 3148 -
440 3108 600 3160 ἐστιν.
639 3108 714 3160 Οῦ
757 3111 980 3180 σαρκικὴ
1016 3105 1157 3157 ἐστιν
1196 3107 1226 3163 ἡ
1276 3109 1534 3176 γέννησις,
1578 3110 1757 3177 φησιν,

155 3196 285 3248 ἀλλά
330 3201 675 3268 πνευματική.
716 3200 785 3248 Τὸ
836 3199 924 3268 μεν
986 3197 1089 3268 γὰρ
1147 3198 1507 3266 γεγεννημένον
1562 3192 1615 3244 ἐκ
1671 3200 1759 3253 τῆς
1795 3219 1834 3274 C

149 3288 346 3359 σαρκός
404 3288 652 3358 σαρκικόν
700 3283 815 3336 ἐστι
871 3287 1095 3354 γέννημα
1123 3299 1134 3312 ⁸
1183 3287 1242 3334 τό
1293 3279 1352 3334 δε
1397 3285 1758 3354 γεγεννημένον

145 3374 202 3427 ἐκ
250 3382 342 3426 τοῦ
403 3375 701 3445 Πνεύματος
755 3376 1101 3445 πνευματικόν
1158 3370 1269 3424 ἐστι
1333 3374 1580 3442 γέννημα.
1638 3376 1758 3422 Λοι-

143 3467 243 3517 πὸν
283 3461 370 3516 οὖν
419 3465 448 3520 ἡ
497 3465 588 3534 μὲν
636 3465 862 3534 σαρκικὴ
903 3464 1164 3532 γέννησις,
1219 3459 1445 3517 αἰσθητή
1502 3461 1664 3528 ἐστιν,
1723 3461 1752 3517 ἡ

146 3550 206 3606 δὲ
239 3555 560 3625 πνευματικὴ
593 3555 776 3608 νοητή.
816 3553 917 3602 Καὶ
947 3549 1006 3602 ού
1048 3556 1158 3625 χρὴ
1204 3547 1469 3608 αἰσθητῶς
1503 3547 1756 3611 ἐξετάζειν

143 3646 204 3695 τὸ
248 3645 449 3706 νοητόν,
503 3637 625 3693 οὐδὲ
681 3638 1009 3712 ἀνθρωπίνως
1040 3643 1098 3690 τό
1150 3639 1282 3691 θεῖον
1327 3644 1566 3713 πρᾶγμα.
1615 3638 1755 3690 Ἐπεὶ

141 3734 247 3805 γὰρ
301 3733 330 3788 ἡ
390 3736 568 3805 πρώτη
627 3733 864 3801 γέννησις
917 3729 1210 3800 ἡχρείὼθη,
1271 3725 1492 3800 δευτέρα
1539 3723 1754 3778 δέδοται

144 3821 505 3892 ἀναγέννησις,
561 3819 852 3893 ύψη)οτέρα
890 3838 944 3871 τε
1005 3823 1095 3870 καὶ
1140 3822 1442 3892 τιμιωτέρα.
1503 3823 1636 3870 Θεοῦ
1676 3819 1753 3890 ipf

139 3931 234 3984 γον
270 3913 300 3969 ἡ
342 3928 543 3986 πρωτηο
579 3916 714 3962 Θεοῦ
773 3910 920 3982 ἔργον
949 3913 1040 3960 καὶ
1065 3909 1095 3966 ἡ
1132 3904 1368 3982 δευτέρα·
1403 3910 1526 3968 Θεὸς
1562 3909 1664 3978 γὰρ
1694 3895 1752 3958 τό

143 4005 382 4072 Πνεῦμα.

210 4089 374 4142 Ὀτοιν
402 4085 490 4141 οὖν
526 4086 718 4161 ἀκούῃς
765 4089 845 4140 ὅτι
874 4090 932 4139 τό
965 4093 1173 4158 Πνεῦμα
1198 4085 1465 4158 ἁναγεννᾴ,
1497 4089 1568 4158 μὴ
1603 4085 1752 4155 ζήτει

135 4183 228 4232 τὸν
261 4182 468 4253 τρόπον.
499 4177 558 4230 Εἰ
587 4181 688 4253 γὰρ
720 4175 1082 4236 ἁκατάληπτος
1112 4177 1142 4234 ἡ
1197 4175 1246 4228 ἓν
1293 4183 1354 4247 τῇ
1402 4179 1575 4247 μήτρᾳ
1625 4171 1751 4226 διά-

135 4266 350 4328 πλὰσις,
397 4265 856 4340 ἀκαταληπτοτὲρα
889 4267 1088 4328 πάντως
1117 4267 1147 4323 ἠ
1177 4263 1225 4316 ἕν
1255 4271 1323 4334 τῷ
1363 4259 1542 4317 ὕδατι.
1575 4269 1676 4316 Καὶ
1707 4263 1750 4315 εἰ

139 4360 261 4429 περὶ
293 4353 488 4418 ἐκείνης
530 4356 626 4409 ούκ
665 4355 1072 4429 ἀμφιϐάλλομεν,
1117 4362 1179 4427 τῇ
1231 4349 1614 4425 παντοδυνοίμῳ
1657 4360 1750 4405 τοῦ

141 4452 280 4497 Θεοῦ
314 4450 472 4518 σοφίᾳ
488 4448 836 4512 πιστεύοντες,
869 4443 1039 4515 πολλῷ
1062 4443 1252 4517 μᾶλλον
1279 4449 1430 4495 τοῦτο
1447 4446 1556 4517 χρὴ
1585 4449 1749 4495 ποιεῖν

139 4537 265 4608 περὶ
291 4536 504 4595 ταύτης.

213 4622 413 4696 Ὠσπερ
461 4619 518 4676 δὲ
563 4621 611 4674 ἓν
656 4621 798 4698 ἀρχῇ
851 4625 1087 4676 ὑπέκειτο
1135 4625 1398 4693 στοίχεῐον
1452 4621 1482 4678 ἡ
1541 4627 1632 4692 γῆ,
1687 4623 1746 4672 τό

136 4716 243 4762 πᾶν
292 4707 352 4763 δὲ
393 4719 486 4764 τοῦ
535 4709 935 4773 διαπλάττοντος
993 4709 1052 4770 ἧν
1084 4731 1096 4743 ο
1147 4712 1281 4762 οὕτω
1333 4715 1423 4761 καὶ
1469 4717 1556 4760 νῦν
1615 4711 1744 4762 ὑπό-

136 4819 310 4852 κειται
349 4808 614 4874 στοιχεῖον
644 4804 702 4854 τὸ
751 4799 916 4875 ὕδωρ
959 4804 1017 4854 τό
1067 4807 1168 4853 πᾶν
1215 4797 1274 4853 δε
1311 4807 1401 4852 τοῦ
1447 4802 1744 4873 Ιινεύματός

137 4887 312 4948 ἔστιν,

213 5073 333 5126 Ἐὰν
372 5069 642 5146 ἐρωτήσῃς
689 5091 772 5146 με,
813 5075 960 5124 Διατί
996 5077 1084 5123 νῦν
1131 5073 1190 5124 τὸ
1237 5067 1406 5144 ὕδωρ,
1460 5069 1743 5145 ἁντεπερω-

135 5166 202 5220 τή
214 5180 292 5214 σω
324 5179 401 5232 σε,
434 5166 581 5217 Διατί
609 5166 724 5216 τότε
753 5162 783 5221 ἡ
811 5169 878 5235 γῆ
903 5178 916 5230 ;
952 5167 1054 5216 Καὶ
1081 5163 1182 5236 γὰρ
1210 5157 1442 5221 ἠδύνατο
1482 5165 1571 5214 καὶ
1602 5157 1742 5232 δίχα

1785 4573 1828 4626 D

1875 1945 2056 1998 tatem
2087 1956 2156 1996 ac
2186 1940 2660 2012 magnitudinem
2698 1957 3079 2012 cognoscere,
3115 1949 3221 2001 aut
3259 1943 3527 2003 divinam

1874 2031 2163 2102 attingere
2205 2029 2564 2088 fruitionem.

1945 2299 2289 2372 lntelligitur
2311 2308 2512 2357 autem
2537 2301 2789 2357 verbum
2823 2302 2898 2358 de
2927 2302 3040 2372 his,
3072 2302 3177 2377 qui
3202 2307 3340 2377 post
3369 2304 3529 2361 Chri~

1873 2395 2029 2446 stum
2070 2390 2439 2463 baptizatum
2476 2389 2736 2447 fuerunt.
2776 2390 3089 2464 Reliquum
3116 2398 3207 2449 est
3233 2393 3431 2464 igitur,
3464 2398 3530 2450 ut

1872 2479 2197 2553 etapostoli
2225 2481 2556 2551 regenerati
2589 2479 2708 2536 sint
2731 2497 2838 2554 per
2857 2497 3083 2554 aquam
3109 2497 3252 2539 sane
3275 2500 3310 2538 a
3340 2484 3529 2540 Joan-

1871 2585 1962 2634 ne,
1988 2584 2088 2640 per
2115 2567 2402 2640 Spiritum
2432 2583 2593 2636 vero,
2627 2570 2769 2641 quia
2795 2569 2874 2625 ad
2890 2585 2992 2626 eos
3004 2571 3066 2626 in
3095 2571 3291 2642 specie
3317 2571 3530 2642 ignita-

1871 2673 2004 2713 rum
2035 2657 2278 2713 advenit
2305 2657 2676 2727 linguarum.

1942 2745 2222 2802 Scribunt
2248 2751 2442 2802 autem
2455 2746 2705 2818 quidam
2729 2746 3139 2818 apostolorum
3161 2749 3529 2821 temporibus

1872 2835 2152 2908 proximi,
2183 2835 2348 2908 quod
2383 2834 2646 2891 Christus
2687 2835 2917 2892 Petrum
2957 2852 3028 2893 ac
3068 2837 3372 2908 Virginem
3411 2839 3532 2896 Ma-

1874 2931 2020 2982 trem
2062 2926 2463 2997 baptizaverit,
2517 2925 2731 2983 Petrus
2795 2942 2938 2982 vero
2993 2926 3256 3000 reliquos
3319 2944 3532 2986 omnes

1874 3014 2205 3087 apostolos.

1947 3105 2113 3160 Vers.
2144 3105 2198 3158 6.
2226 3103 2393 3170 Quod
2425 3134 2493 3144 —
2521 3108 2625 3160 est.
2664 3106 2790 3159 Non
2822 3105 3096 3170 carnalis,
3131 3107 3323 3180 inquit
3351 3123 3532 3178 gene-

1874 3193 2024 3248 ratio
2044 3199 2150 3257 est,
2185 3192 2287 3247 sed
2308 3192 2626 3263 spiritualis
2650 3209 2664 3258 ;
2685 3208 2827 3247 nam
2841 3195 2999 3264 quod
3022 3210 3095 3249 ex
3116 3211 3294 3251 carne
3318 3204 3528 3253 natum

1869 3285 1973 3345 est,
2001 3279 2254 3334 carnalis
2283 3285 2376 3335 est
2403 3280 2718 3351 progenies
2746 3299 2758 3338 :
2785 3281 2949 3352 quod
2974 3287 3174 3338 autem
3199 3289 3407 3339 natum
3439 3293 3528 3340 est

1867 3385 1940 3424 ex
1970 3369 2209 3440 Spiritu,
2233 3367 2552 3441 spiritualis
2575 3368 2877 3437 generatio
2899 3374 3004 3424 est.
3040 3371 3301 3426 Carnalis
3325 3373 3527 3445 itaque

1868 3457 2142 3514 nativitas
2167 3463 2256 3513 est
2285 3456 2585 3513 sensibilis
2624 3458 2946 3529 spiritualis
2976 3475 3136 3524 vero,
3167 3461 3526 3520 iutellectua~

1865 3545 1956 3602 lis.
1986 3549 2101 3602 Nec
2126 3551 2377 3619 oportet,
2410 3547 2575 3619 quod
2604 3545 2999 3604 intellectuale
3029 3554 3137 3616 est,
3171 3549 3525 3608 sensibiliter
3600 3599 3606 3609 .

1865 3636 2181 3707 indagare:
2200 3651 2393 3708 neque
2413 3636 2670 3692 humano
2683 3635 2859 3692 modo
2871 3640 3229 3710 opus,quod
3242 3638 3515 3697 divinum

1864 3725 2296 3798 est;siquidem
2322 3741 2395 3782 ex
2411 3741 2533 3799 quo
2565 3727 2726 3798 prior
2757 3728 3059 3797 generatio
3087 3727 3244 3786 facta
3273 3734 3364 3786 est
3393 3729 3521 3788 inu-

1863 3815 1978 3872 tilis
2007 3815 2148 3872 data
2184 3821 2271 3872 est
2309 3815 2572 3872 secunda
2599 3817 2973 3889 regeneratio
3002 3817 3286 3876 excelsior
3323 3825 3379 3878 et
3414 3821 3522 3878 ho-

1863 3904 2208 3961 norabilior.
2245 3905 2342 3961 Dei
2368 3921 2521 3978 opus
2552 3911 2640 3962 est
2677 3906 2877 3978 prior;
2908 3907 3007 3964 Dei
3034 3923 3188 3981 opus
3213 3914 3300 3966 est
3333 3909 3512 3968 etiam

1861 3993 2190 4066 posterior;
2223 3995 2375 4050 Deus
2401 3995 2562 4050 enim
2593 3994 2844 4066 Spiritus
2875 4000 2984 4052 est.

1934 4082 2082 4139 Cum
2114 4083 2292 4155 igitur
2329 4083 2589 4139 audieris
2618 4083 2785 4156 quod
2815 4086 3060 4156 Spiritus
3085 4093 3414 4160 regenerat,
3447 4106 3521 4146 ne

1864 4172 2110 4228 modum
2137 4187 2399 4244 quaeras.
2442 4175 2590 4229 Nam
2617 4173 2664 4227 si
2688 4172 3308 4246 incomprehensibilis
3348 4183 3437 4233 est
3460 4179 3522 4234 in

1861 4267 2020 4318 utero
2045 4261 2342 4328 formatio,
2370 4262 2546 4332 longe
2575 4261 3238 4333 incomprehensibilior
3261 4271 3350 4321 est
3378 4283 3513 4339 qua:

1859 4351 1922 4407 in
1953 4367 2114 4424 aqua
2143 4351 2243 4410 ﬁt:
2279 4351 2442 4424 quod
2471 4351 2519 4406 si
2549 4350 2623 4406 de
2644 4350 2742 4406 illa
2772 4367 2894 4407 non
2924 4352 3520 4425 ambigimus,omni-

1860 4439 2514 4512 potentiDeisapientiaa
2527 4439 2844 4502 credentes.
2875 4439 2949 4497 de
2977 4441 3085 4497 hac
3107 4443 3295 4500 multo
3324 4445 3518 4516 magis

1861 4529 2099 4586 credere
2127 4533 2379 4602 oportet.

1933 4621 2092 4675 Sicut
2121 4625 2319 4676 autem
2354 4619 2409 4673 in
2446 4619 2638 4690 prima
2681 4618 2941 4675 hominis
2985 4619 3343 4680 formatione
3385 4624 3521 4680 sub.

1861 4709 2097 4766 servivit
2133 4717 2296 4766 terras
2336 4708 2717 4775 elementum,
2762 4725 2899 4765 cum
2949 4710 3227 4770 universa
3273 4714 3335 4769 in
3394 4730 3519 4771 ma-

1859 4815 1939 4856 nu
1974 4805 2172 4856 essent
2205 4799 2514 4864 Creatoris,
2559 4797 2642 4854 ita
2670 4803 2723 4854 et
2763 4814 2924 4855 nunc
2955 4800 3308 4860 subservivit
3338 4820 3514 4876 aquas

1854 4885 2238 4954 elementum,
2269 4904 2404 4944 cum
2437 4889 2716 4944 universa
2745 4888 2859 4943 sint
2893 4887 2954 4945 in
3002 4889 3308 4950 voluntate
3342 4893 3519 4966 Spiri-

1861 4984 1976 5034 tus.

1922 5068 2094 5135 Quod
2134 5069 2184 5124 si
2211 5084 2306 5124 me
2339 5068 2680 5139 interroges,
2713 5067 2909 5136 Quare
2941 5085 3100 5126 nunc
3134 5087 3294 5146 aqua
3329 5092 3342 5131 :
3373 5089 3402 5128 e
3433 5073 3516 5128 di-

1848 5173 2025 5215 verso
2067 5163 2121 5214 te
2169 5157 2572 5229 interrogabo,
2617 5159 2809 5224 Quare
2848 5162 2993 5215 tunc
3038 5163 3242 5218 terra?
3284 5162 3518 5222 Poterat

1293 5338 1518 5409 Variae
1556 5336 1885 5406 lectiones
1920 5347 1987 5405 et
2023 5347 2226 5405 notae.

216 5485 338 5626 £13)
380 5485 616 5543 Inclusa
633 5484 850 5543 omittit
876 5484 937 5542 Β.

247 5558 346 5626 14)
381 5557 588 5626 Papias
617 5556 885 5622 fortasse,
917 5572 937 5613 ε

247 5558 346 5628 14)
381 5557 588 5630 Papias
617 5556 885 5622 fortasse,
917 5558 1019 5613 aut
1050 5554 1356 5628 Origenes,
1391 5568 1460 5611 ex
1489 5553 1830 5612 narratione
1862 5556 2206 5610 sanctarum
2234 5551 2589 5609 vetularum.

208 5735 298 5808 (ιι)
351 5735 616 5794 Occulte.
650 5737 818 5794 Forte
848 5734 1076 5795 occulta
1106 5751 1212 5794 seu
1250 5735 1520 5812 obscura.
1555 5737 1621 5792 Et
1652 5749 1810 5798 mox,
1837 5732 2126 5789 excitant.

435 5835 654 5891 PATROL
688 5837 788 5892 Gn.
831 5835 1074 5894 CXXIX.

3163 5837 3230 5894 37
