4170 6446
130 379 154 434 'l
168 375 265 436 165

1212 373 1558 431 COMMENT
1598 361 1665 428 1N
1704 371 2051 438 JOANNEM.
2093 403 2161 414 —
2197 373 2355 428 CAP.
2400 371 2490 426 ιιι.

3347 369 3488 424 1166

132 506 157 555 ὁ
191 505 295 573 (2|)
327 502 512 574 ἄνεμος
539 503 667 554 ὅπου
702 503 829 554 θέλει
861 510 991 568 πνεῖ,
1034 504 1300 554 τουτέστιν
1333 502 1459 552 ὅπου
1485 500 1669 570 κινηθῇ
1707 515 1719 529 ·

1867 513 1954 562 us,
2009 497 2109 552 ubi
2152 495 2292 560 vult,
2341 496 2538 567 Spirat,
2582 494 2697 550 hoc
2735 498 2826 550 est
2876 493 2978 549 ubi
3021 495 3221 548 motus
3270 491 3483 559 fuerit;

135 593 338 653 θέλησις
389 594 489 664 γάρ
540 589 747 662 ἀνέμου,
798 594 826 650 ἠ
884 595 1134 651 κίνησις·
1167 595 1253 642 καὶ
1304 595 1397 647 την
1443 592 1531 661 μὲν
1559 592 1726 660 φωνην

135 682 287 733 αὐτοῦ
320 680 545 749 ἀκούεις,
573 685 692 740 ἤτοι
744 684 830 733 τὸν
880 678 1014 752 ἦχον
1061 679 1171 754 [καὶ
1228 679 1340 750 (22)
1367 682 1598 750 πάταγον
1639 677 1728 728 αύ-

134 777 220 821 τοῦ
271 768 292 842 ]
351 770 409 822 ού
459 769 872 842 καταλαμϐάνεις
923 766 980 823 δὲ
1024 772 1176 822 πόθεν
1228 771 1442 843 ἔρχεται
1491 772 1580 820 καὶ
1627 773 1727 819 ποῦ

135 859 316 930 ὑπάγει
345 879 357 891 ο
390 859 554 921 οὕτως
611 863 758 912 ἔσται
797 865 886 911 καὶ
931 866 1032 920 πᾶς
1089 860 1114 910 ὁ
1165 861 1528 930 γεγεννημένος
1558 855 1611 908 ἐκ
1638 863 1727 907 τοῦ

141 951 448 1019 Πνεύματ-ος,
482 948 842 1009 ἀκατάληπτος
869 945 1111 1007 δηλονότι
1161 949 1297 1000 κατά
1337 952 1431 1005 τὴν
1483 949 1728 1003 τοιαύτην

134 1041 388 1109 γέννησιν.

207 1127 265 1178 Εἰ
292 1129 394 1202 γὰρ
429 1135 518 1180 τοῦ
580 1127 835 1185 αἰσθητοῦ
879 1130 1169 1200 πνεύματος
1205 1125 1264 1178 οὐ
1295 1122 1524 1178 δύνασαι
1565 1144 1729 1176 κατα-

137 1215 303 1268 λαϐεῖν
344 1222 436 1274 τὴν
459 1221 620 1290 ὁρμὴν
651 1223 740 1270 καὶ
769 1221 860 1277 τὴν
898 1213 1040 1285 ὁδὸν,
1075 1217 1134 1269 οὗ
1165 1221 1252 1273 τὴν
1284 1216 1534 1272 αῖσθησιν
1567 1211 1728 1286 δέχῃ.

138 1309 184 1358 ἓν
214 1325 266 1358 τε
295 1315 365 1376 τῷ
399 1305 600 1359 ἀκούειν
638 1310 722 1359 τὸν
777 1303 912 1376 ἦχον
967 1307 1148 1370 αὐτοῦ,
1198 1310 1286 1357 καὶ
1330 1305 1729 1372 καταπνεῖσθαι,

137 1401 222 1447 καὶ
306 1395 601 1467 ψύχεσθαι,
692 1396 860 1467 πολλῷ
943 1395 1133 1468 μᾶλλον
1195 1401 1283 1446 τοῦ
1354 1402 1539 1452 νοητοῦ
1593 1394 1728 1464 ('23).

143 1490 240 1537 Kui
283 1484 326 1536 εἰ
377 1489 471 1543 την
525 1484 773 1558 ἐνέργειαν
826 1484 1017 1538 ἐκείνου
1074 1492 1164 1537 τοῦ
1225 1491 1527 1556 σωματικοῦ
1580 1485 1730 1534 πνεύ-

138 1594 294 1646 ματος
341 1579 411 1647 μη
442 1573 871 1646 καταλαμϐάνων,
927 1576 1060 1647 ὅμως
1083 1574 1175 1626 οὐκ
1213 1571 1470 1638 ἀπιστεῖς,
1501 1580 1608 1632 πῶς
1640 1576 1731 1630 την

138 1667 322 1716 τούτου
380 1672 472 1716 τοῦ
532 1663 813 1737 ἀσωμάτου
893 1685 963 1736 μη
1018 1661 1452 1735 καταλαμϐάνων,
1517 1657 1736 1714 διαπισ-

135 1761 232 1814 τεῖς
267 1771 279 1822 ;

210 1842 495 1915 Ἀπεκρίθη
554 1875 622 1882 -
673 1845 911 1915 γενέσθαι
961 1861 978 1914 ς

137 1940 233 1993 τῆς
262 1929 562 1996 ’Ῐουδαῑκῆς
607 1936 716 2001 (24)
771 1932 1017 1992 εὐτελείας
1047 1935 1203 2003 μένει,
1265 1927 1430 2003 μηδὲν
1483 1931 1608 2002 ὑπὲρ
1640 1934 1733 1988 τὴν

138 2023 388 2080 αἴσθησιν
442 2021 682 2080 ἐννοῆσαι
721 2018 1022 2094 δυνάμενος,
1078 2025 1252 2072 καίτοι
1310 2014 1738 2092 παραδείγματος

141 2111 274 2163 οὕτω
316 2119 508 2182 σαφοῦς
545 2110 813 2182 λεχθέντος
853 2111 1014 2180 αὐτῷ.
1078 2112 1228 2182 Λέγει
1274 2105 1361 2160 οὖν
1391 2126 1402 2137 ·
1441 2114 1552 2166 Πῶς
1584 2103 1740 2157 δύνα-

140 2220 227 2251 ται
301 2209 467 2251 ταῦτα
539 2201 802 2270 γενέσθαι,
883 2202 950 2251 τὰ
1028 2208 1116 2258 τῆς
1189 2199 1462 2270 εἰρημένης
1533 2195 1738 2266 ἀναγενο

141 2294 376 2356 νήοεως;
407 2289 510 2343 Καὶ
558 2288 738 2341 λοιπὸν
784 2290 809 2340 ὁ
841 2291 1068 2362 Χριστὸς
1119 2287 1533 2359 πληκτικώτερον
1601 2284 1742 2356 αὐτῷ

144 2375 178 2430 δ
185 2378 461 2450 ιαλέγεται.

215 2467 496 2542 Ἀπεκρίθη
561 2497 616 2506 -—-
677 2467 736 2518 οῦ
788 2472 1114 2538 γινώσκεις;
1177 2461 1432 2536 Ούδαμοῦ
1491 2466 1742 2537 πονηρίαν

143 2557 299 2608 αὐτοῦ
325 2562 725 2627 καταγινώσκει,
781 2555 887 2608 ἀλλ’
930 2556 1163 2612 εὐήθειαν
1205 2559 1288 2606 καὶ
1353 2553 1578 2626 ἀμαθίαν
1605 2553 1739 2624 (‘25).

138 2643 284 2700 Ἐδει
337 2648 438 2720 γὰρ
495 2645 648 2697 αὐτὸν
699 2648 821 2697 ὄντα
870 2642 1195 2697 διδάσκαλον
1249 2652 1415 2698 ταῦτα
1467 2649 1742 2715 γινώσκειν

1253 2742 1314 2792 τῆ
1327 2754 1348 2796 ς
1390 2741 1709 2805 πνευματικῆ
1722 2751 1744 2793 ς

141 2821 517 2894 ἀναγιννήσεως
572 2827 625 2876 αἱ
675 2833 773 2876 τῶν
815 2821 1084 2877 Ἰουδαίων
1141 2828 1452 2896 περιέχουσι
1513 2820 1688 2895 βίϐλοι
1724 2837 1738 2852 ⁸

143 2733 243 2786 ἀπὸ
297 2743 395 2786 τῶν
445 2741 676 2808 Γραφεον.
752 2733 991 2806 Σύμϐολα
1058 2738 1158 2808 γὰρ

141 2909 247 2964 οἷον
308 2917 374 2966 τὰ
433 2918 567 2966 κατὰ
631 2919 724 2972 τὴν
793 2915 1072 2989 Ἐρυθρὰν,
1135 2911 1182 2964 ἐν
1249 2914 1327 2975 οἷς
1385 2915 1544 2971 τύπος
1610 2908 1670 2968 ἦν
1710 2912 1739 2969 η

142 3001 386 3054 θάλασσα
436 3007 525 3074 μὲν
568 3012 659 3054 τοῦ
699 3000 910 3066 ὕδατος,
966 3005 995 3060 ἡ
1051 3003 1227 3074 νεφέλη
1291 2998 1349 3054 δὲ
1379 3008 1470 3052 τοῦ
1503 3002 1743 3073 Πνεύμα-

139 3109 222 3150 τος
257 3110 270 3122 ·
309 3098 398 3143 καὶ
423 3096 488 3142 τα
516 3096 646 3143 κατά
695 3096 781 3143 τὸν
823 3091 1006 3164 λεπρόν
1065 3094 1280 3162 Νεεμάν,
1328 3092 1411 3140 ὅτε
1452 3089 1668 3146 ἐλούσθη
1694 3087 1742 3139 ἐν

144 3178 348 3248 (25)τῴ
383 3176 644 3254 Ἰορδάνῃ,
697 3187 788 3232 καὶ
841 3178 1148 3254 ἐπέστριψεν
1189 3182 1217 3237 ἡ
1285 3179 1413 3251 σὰρξ
1447 3178 1606 3229 αὐτοῦ
1663 3175 1743 3228 ἐπ’

143 3266 320 3334 αὐτὸν,
355 3270 422 3330 ὡς
472 3265 761 3342 παιδαρίου
809 3275 1022 3343 μικροῦ,
1075 3272 1166 3320 καὶ
1214 3266 1345 3319 ἄλλα
1375 3266 1538 3324 πολλά
1565 3272 1742 3317 τοιαῦ-

144 3375 229 3410 τα.

213 3449 318 3498 Ναὶ
349 3449 453 3518 μὴν
507 3450 597 3497 καὶ
651 3449 988 3521 προφητείας.
1045 3442 1170 3499 Εἷπε
1207 3447 1306 3518 γὰρ
1360 3445 1385 3496 ὁ
1429 3439 1613 3497 Δαυῖδ’
1646 3446 1746 3498 Καὶ

145 3533 494 3605 ἀναγγελοῦσι
532 3539 626 3593 την
658 3532 1004 3593 δικαιοσύνην
1042 3535 1201 3588 αὐτοῦ
1231 3535 1338 3605 λαῷ
1388 3541 1460 3604 τῷ
1486 3535 1748 3605 τεχθησο-

142 3627 297 3694 μένῳ,
341 3624 394 3676 ὃν
439 3623 678 3682 ἐποίησεν
732 3627 756 3677 ὁ
813 3627 1002 3687 Κύοιος
1058 3643 1070 3655 ·
1125 3629 1214 3676 καί
1277 3641 1289 3654 ’
1348 3626 1630 3698 Μακάριοι,
1681 3623 1748 3673 ὧν

144 3710 412 3784 ἀφέθησαν
480 3716 534 3766 αἱ
597 3717 802 3788 ἀνομίαι
888 3719 978 3766 καὶ⁹
1068 3715 1135 3764 ὧν
1202 3713 1630 3785 ἕπεκαλύγθησαν
1695 3713 1748 3763 αἱ

144 3801 400 3875 ἁμαρτίαι
472 3822 484 3836 ο
545 3809 633 3855 καί
687 3823 700 3835 ο
754 3805 1285 3861 Ἀνακαινισθὴσεται
1371 3804 1440 3864 ὡς
1506 3801 1656 3854 ἀετοῦ
1713 3801 1742 3858 ἡ

140 3895 317 3952 νεότης
377 3911 492 3946 σου,
553 3895 652 3954 re;
698 3901 795 3944 τῶν
843 3891 1006 3944 ἄλλων
1049 3894 1149 3965 γὰρ
1205 3899 1293 3944 νῦν
1348 3891 1520 3944 ἐατέον
1567 3886 1659 3943 διὰ
1687 3892 1746 3941 τὸ

141 3981 360 4044 πλῆθος.

213 4072 380 4144 Ἀμην
413 4103 480 4112 -
519 4071 794 4142 λαλοῦμεν.
861 4071 926 4126 Ἠ
963 4076 1080 4146 περὶ
1134 4073 1322 4126 ἑαυτοῦ
1378 4077 1469 4125 καὶ
1505 4080 1597 4124 τοῦ
1641 4079 1742 4124 Πα-

138 4165 261 4237 τρός
290 4166 445 4215 τοῦτό
485 4181 664 4234 φησιν,
696 4163 726 4222 ἦ
759 4167 876 4234 περὶ
907 4162 1092 4215 ἑαυτοῦ
1134 4167 1293 4236 μόνου
1325 4164 1406 4215 ὅτι
1437 4183 1450 4195 ·
1483 4162 1527 4214 εἰ
1555 4166 1644 4214 καὶ
1678 4163 1743 4214 σύ

137 4249 400 4317 ἀπιστεῖς,
436 4250 541 4303 ἀλλ’
581 4253 733 4325 ἡμεῖς
761 4251 788 4304 ὃ
827 4253 1043 4325 οἴδαμεν
1096 4250 1324 4326 ἀκριϐῶς
1363 4259 1515 4304 τοῦτο
1557 4250 1744 4302 λαλοῦ-

135 4359 255 4413 μιν.

217 4432 320 4480 Καὶ
372 4460 440 4469 -
497 4438 875 4504 μαρτυροῦμεν.
919 4433 989 4482 Τό
1045 4429 1172 4482 αὐτὸ
1235 4429 1370 4501 λέγει
1419 4428 1745 4502 βεϐαιώσεως

135 4519 326 4582 ἕνεκεν,
386 4519 466 4570 ὅτι
547 4523 647 4572 Καὶ
700 4518 725 4570 ὃ
775 4516 992 4592 οἴδαμεν
1039 4527 1418 4594 μαρτυροῦμεν.
1499 4518 1575 4571 Ού
1640 4521 1742 4590 γὰρ

134 4605 406 4665 αἰσθητὴν
455 4607 636 4681 ὅρασιν
679 4613 882 4669 νοήσεις
913 4630 926 4642 ο
988 4609 1130 4662 οὔπω
1171 4611 1273 4682 γὰρ
1333 4605 1394 4668 ἦν
1460 4611 1742 4680 γεγενημέ-

130 4716 244 4749 νον.

216 4791 410 4840 Καὶ-
465 4785 764 4859 λαμϐάνετε.
824 4793 987 4839 Τοῦτο
1041 4785 1194 4852 εἶπεν,
1242 4787 1300 4839 ού
1350 4784 1742 4860 δυσχεραίνων,

131 4874 251 4928 ἀλλ’
311 4877 512 4950 ἡμέρως
568 4880 626 4928 τὸ
689 4879 954 4948 γινόμενον
1009 4875 1360 4949 ἀπαγγέλλων,
1430 4881 1520 4928 καὶ
1570 4878 1744 4949 πράως

127 4967 197 5018 τὸ
232 4963 630 5038 συμϐησόμενον
687 4974 1086 5039 προαναφωνῶν,
1152 4971 1240 5018 καὶ
1289 4967 1393 5020 οἷον
1444 4963 1744 5038 διαμαρτυ-

209 5145 260 5180 ⁴⁵
283 5159 341 5201 iv
370 5147 511 5216 Reg.
539 5161 618 5213 v1,
652 5150 740 5205 14.
858 5145 908 5181 ⁴⁶
933 5145 1082 5203 Psal.
1111 5162 1270 5211 xxxn,
1297 5149 1386 5201 34.

1035 1841 1151 1895 Ἐτι
1208 1843 1233 1892 ὁ
1292 1837 1593 1912 Νικόδημος
1648 1839 1732 1892 ἐπὶ
1766 1855 1806 1909 Β

1501 5146 1547 5180 ιτ
1565 5143 1700 5200 Psal
1730 5159 1872 5212 xxx,
1905 5149 1951 5197 ι.

1842 586 2116 642 voluntas
2143 586 2298 641 enim
2322 585 2500 649 venti,
2531 583 2713 638 motio
2734 588 2838 648 est,
2874 587 2930 638 et
2962 597 3168 638 vocem
3209 580 3339 652 ejus
3386 597 3488 637 au-

1839 676 1950 741 dis,
1979 677 2101 731 sive
2121 691 2335 731 sonum
2355 679 2453 728 aut
2471 672 2790 736 stridorem,
2814 687 2934 728 non
2957 670 3267 740 cognoscis
3288 674 3488 726 autem

1839 766 1997 822 unde
2026 765 2184 820 venit
2215 771 2312 819 aut
2341 780 2462 837 quo
2495 763 2617 818 abit
2650 781 2663 816 :
2705 763 2787 818 sic
2830 767 2918 817 est
2959 761 3154 818 omnis
3179 759 3282 834 qui
3312 763 3489 815 natus

1837 863 1924 910 est
1970 871 2041 910 ex
2103 854 2364 925 Spiritu:
2430 849 3049 924 incomprehensibilis
3091 855 3174 906 est
3217 848 3490 906 videlicet

1837 944 2038 1016 quoad
2071 942 2410 1015 hujusmodi
2439 941 2912 1012 generationem.

1911 1122 2081 1188 Quod
2111 1123 2156 1177 si
2183 1120 2476 1178 sensibilis
2501 1120 2740 1194 spiritus
2770 1121 3062 1193 impetum
3089 1136 3158 1176 ac
3191 1119 3354 1176 viam
3369 1135 3492 1176 non

1839 1218 2009 1284 potes
2040 1211 2568 1283 comprehendere,
2611 1210 2780 1281 cujus
2813 1226 3056 1268 sensum
3088 1210 3323 1282 recipis,
3367 1214 3495 1265 tum

1842 1302 1984 1374 quia
2006 1317 2222 1356 sonum
2245 1301 2373 1371 ejus
2391 1299 2581 1365 audis,
2609 1304 2736 1356 tum
2767 1299 2929 1372 quod
2957 1305 3012 1355 te
3044 1299 3170 1355 cale
3189 1299 3366 1354 faciat
3395 1302 3496 1355 aut

1843 1390 2172 1460 frigefaciat
2198 1412 2208 1443 :
2229 1390 2412 1445 multo
2427 1389 2619 1461 magis
2639 1389 3037 1460 intelligibilis.
3056 1389 3110 1444 Si
3131 1404 3271 1458 ergo
3299 1388 3418 1444 vim
3435 1387 3496 1443 il-

1841 1481 1956 1536 lius
1982 1479 2250 1552 corporei
2282 1479 2522 1551 spiritus
2555 1478 2689 1534 licet
2708 1495 2827 1534 non
2845 1478 3345 1551 comprehendas,
3378 1493 3497 1534 cre-

1843 1569 2148 1625 distamen
2177 1585 2188 1623 :
2226 1567 2534 1641 quomodo
2558 1568 2719 1624 hunc
2743 1569 3158 1641 incorporeum
3188 1572 3500 1640 propterea

1843 1674 1966 1714 non
1998 1657 2208 1724 credis,
2241 1657 2399 1730 quod
2432 1673 2549 1713 non
2581 1657 3107 1732 comprehendas?

1917 1838 2088 1893 Vers.
2147 1840 2197 1891 9.
2231 1835 2555 1906 Respondit
2585 1868 2651 1876 —
2688 1835 2864 1904 ﬁeri?
2903 1836 3112 1893 Adhuc
3144 1835 3501 1893 Nicodamus

1848 1927 1906 1983 in
1924 1925 2171 1982 Judaica
2203 1930 2405 1981 manet
2438 1925 2902 1997 imperfectione,
2925 1926 3070 1982 nihil
3093 1926 3298 1984 valens
3320 1941 3504 2000 supra

1850 2033 2096 2072 sensum
2155 2015 2501 2085 intelligere,
2551 2015 2729 2071 etiam
2783 2015 3098 2072 manifesto
3161 2014 3503 2086 hujusmodi

1849 2105 2126 2176 exemplo
2161 2105 2487 2176 proposito.
2522 2105 2666 2160 Dicit
2704 2120 2845 2174 ergo
2887 2121 2900 2160 :
2937 2105 3218 2171 Quomodo
3254 2109 3503 2175 possunt

1848 2197 1974 2252 haec
2002 2196 2154 2264 ﬁeri,
2189 2211 2325 2266 quae
2356 2195 2430 2250 de
2467 2195 2745 2267 praedicta
2777 2195 3225 2265 regeneratione
3255 2194 3503 2250 dixisti?

1851 2285 2018 2342 Unde
2045 2291 2100 2341 et
2151 2283 2415 2341 Christus
2453 2285 2582 2356 jam
2617 2285 2990 2356 objurgantis
3035 2301 3201 2342 more
3248 2301 3386 2340 cum
3432 2299 3504 2340 eo

1851 2375 2108 2430 disserit.

1923 2466 2086 2519 Vers.
2122 2465 2205 2519 10.
2242 2463 2560 2533 Respondit
2586 2496 2645 2504 —
2665 2462 2899 2534 ignoras
2921 2467 2945 2518 τ
2965 2465 3357 2537 Nequaquam
3381 2478 3506 2519 ma-

1853 2553 1988 2608 litiae
2015 2555 2370 2608 condemnat
2400 2568 2537 2608 eum
2571 2552 2854 2620 Christus,
2890 2552 2994 2608 sed
3019 2553 3272 2624 ignaviae
3303 2569 3374 2609 ac
3411 2569 3505 2608 ru-

1852 2643 2072 2699 ditatis.
2111 2643 2428 2714 Oportebat
2458 2641 2619 2698 enim
2670 2658 2808 2698 eum
2843 2643 2946 2714 qui
2984 2649 3312 2716 praeceptor
3359 2644 3503 2707 erat,

1853 2733 1978 2788 haec
2002 2749 2036 2788 a
2077 2731 2390 2804 Scripturis
2417 2747 2796 2802 cognoscere.
2824 2732 3003 2803 Signa
3032 2731 3331 2804 siquidem
3344 2745 3508 2800 rege-

1855 2823 2173 2878 nerationis
2219 2821 2538 2893 spiritualis
2591 2822 2892 2877 continent
2953 2821 3087 2877 libri
3140 2821 3505 2891 Iudaeorum,

1853 2919 2144 2984 pulaquaa
2158 2912 2225 2966 de
2239 2911 2439 2966 Rubro
2455 2926 2618 2965 mare
2645 2910 3007 2975 scribuntur,
3023 2911 3082 2966 in
3103 2910 3321 2982 quibus
3334 2925 3508 2983 aqum

1856 3008 2034 3073 typus
2065 3005 2190 3055 erat
2253 3016 2439 3064 mare,
2506 2999 2693 3054 nubes
2743 3017 2884 3055 vero
2939 2999 3226 3072 Spiritus;
3272 3005 3328 3056 et
3374 3016 3510 3072 quae

1856 3091 1928 3144 de
1955 3090 2188 3160 leproso
2220 3090 2511 3152 Naaman,
2546 3089 2790 3158 quando
2830 3090 2887 3142 in
2919 3089 3176 3144 Jordane
3212 3089 3366 3144 lotus
3401 3092 3506 3154 est,

1772 3210 1812 3274 α
1856 3184 1913 3234 et
1942 3193 2181 3233 reversa
2211 3182 2298 3231 est
2329 3191 2466 3232 caro
2499 3192 2607 3232 sua
2636 3176 2708 3231 ad
2737 3177 2957 3248 ipsum,
2991 3176 3142 3232 sicut
3171 3192 3312 3232 caro
3342 3176 3510 3249 pueri

1859 3264 2092 3338 parvuli
2125 3265 2192 3328 ⁸⁵,
2225 3264 2462 3337 aliaque
2487 3263 2747 3336 plurima
2776 3264 3017 3322 similia.

1931 3440 2241 3496 Habebant
2259 3437 2503 3510 insuper
2518 3442 2572 3494 et
2586 3438 2945 3512 prophetias.
2964 3439 3284 3496 Dixitenim
3299 3440 3507 3500 David:

1859 3532 1934 3585 Et
1951 3528 2396 3586 annuntiabunt
2400 3527 2699 3598 justitiam
2714 3528 2834 3598 ejus
2849 3531 3195 3602 populo,qui
3209 3538 3510 3600 nascetur,

1859 3636 2028 3693 quem
2057 3620 2198 3687 fecit
2239 3619 2520 3674 Dominus
2551 3619 2631 3683 ‘5;
2664 3624 2738 3684 et,
2762 3619 2928 3675 Beati
2965 3636 3214 3691 quorum
3253 3624 3511 3679 remissae

1857 3716 1992 3766 sunt
2023 3708 2390 3780 iniquitates,
2419 3715 2470 3764 et
2497 3723 2748 3778 quorum
2783 3715 2932 3764 tecta
2962 3716 3096 3764 sunt
3135 3717 3379 3780 peccata
3403 3713 3449 3747 ‘7
3488 3731 3510 3778 ;

1857 3804 1915 3855 et
1938 3819 1950 3855 :
1985 3798 2386 3855 Renovabitur
2413 3796 2565 3852 sicut
2595 3800 2815 3868 aquilae
2829 3799 3113 3866 juventus
3141 3805 3241 3855 tua
3267 3801 3335 3856 ⁵⁸.
3359 3801 3511 3857 Alio-

1856 3905 1990 3944 rum
2023 3887 2320 3960 siquidem
2353 3885 2676 3959 prophetiw
2705 3901 2828 3958 pra?
2867 3886 3252 3945 multitudine
3283 3889 3346 3945 in
3384 3905 3509 3962 pra;

1856 3978 2046 4036 sentia
2071 3977 2507 4048 relinquantur.

1926 4070 2091 4124 Vers.
2117 4072 2198 4121 11.
2231 4068 2417 4122 Amen
2447 4095 2514 4106 -—
2533 4065 2846 4136 loquimur.
2868 4066 2971 4122 Vel
2993 4066 3068 4122 de
3089 4068 3296 4139 seipso
3319 4072 3375 4125 et
3399 4069 3508 4125 Pa-

1855 4163 1939 4216 tre
1964 4158 2077 4213 hoc
2109 4155 2271 4221 dicit,
2295 4154 2387 4210 vel
2414 4154 2481 4210 de
2509 4155 2710 4227 seipso
2733 4154 2882 4210 solo.
2910 4157 3269 4228 Quanquam
3294 4162 3353 4213 tu
3385 4173 3508 4214 non

1856 4247 2204 4310 credas,nos
2220 4250 2441 4309 tamen,
2469 4243 2629 4316 quod
2651 4242 2838 4316 probe
2863 4245 3162 4310 novimus,
3189 4246 3303 4302 hoc
3321 4245 3512 4320 loqui-

1856 4352 2010 4392 mur.

1925 4426 2087 4480 Vers.
2127 4429 2211 4482 ll.
2251 4423 2324 4476 Et
2366 4452 2437 4464 —
2475 4424 2780 4477 testamur.
2824 4419 2986 4477 Idem
3035 4422 3512 4480 conﬁrmationis

1857 4530 2038 4571 causa
2058 4514 2264 4586 repetit
2291 4527 2303 4566 :
2339 4510 2507 4578 Quod
2523 4509 2738 4566 scimus
2774 4515 3065 4567 testamur
3092 4529 3105 4568 :
3128 4527 3324 4585 neque
3349 4512 3512 4569 enim

1857 4602 2196 4660 sensibilem
2225 4604 2530 4671 aspectum
2561 4596 2878 4668 intelligas,
2913 4615 3049 4655 cum
3093 4600 3369 4657 nondum
3393 4601 3513 4658 fac-

1859 4699 1984 4749 tum
2016 4695 2192 4748 esset.

1929 4784 2087 4838 Vers.
2139 4785 2218 4836 ll.
2246 4780 2323 4834 Et
2351 4809 2419 4818 ——-
2448 4775 2739 4846 accipitis.
2767 4779 2880 4833 Hoc
2907 4793 3028 4835 non
3052 4779 3294 4852 indigne
3320 4781 3511 4840 ferens

1857 4873 2022 4937 dixit,
2038 4869 2141 4925 sed
2162 4865 2564 4938 leniter,quod
2588 4863 2786 4929 ﬁebat,
2814 4880 3122 4936 enarrans,
3144 4874 3200 4926 et
3221 4871 3510 4940 modeste,

1856 4961 2019 5035 quod
2047 4959 2312 5014 futurum
2350 4962 2496 5024 erat,
2523 4953 2876 5026 praedicens,
2903 4961 2960 5014 et
2980 4959 3152 5031 quasi
3179 4965 3512 5032 protestan-

2063 5141 2103 5182 ιε
2135 5140 2261 5195 Psal
2293 5156 2388 5205 cu,
2424 5145 2473 5194 5.

1353 5322 1575 5394 Varias
1614 5323 1942 5392 lectiones
1983 5330 2047 5389 et
2097 5329 2298 5387 uotae.

215 5529 332 5600 (2i)
370 5527 429 5582 Ὀ
458 5529 676 5586 omittit
694 5529 766 5588 B.

216 5530 332 5672 (σιξ
370 5530 429 5582 'o
458 5530 676 5586 omittit
694 5530 766 5588 B.

216 5601 310 5672 (22
361 5604 507 5658 Loco
540 5603 715 5674 trium
732 5602 985 5674 istorum
1015 5600 1450 5660 vocabulorum
1480 5602 1741 5674 spatium

129 5688 403 5729 vacuum
442 5677 535 5728 est
570 5672 631 5728 in
656 5673 790 5729 cod.
822 5678 895 5730 A.

224 5744 346 5815 (‘25)
404 5743 685 5819 lntellige,
734 5743 805 5819 ὀὗ
871 5742 1076 5819 δυνήσῃ
1125 5744 1450 5819 καταλαϐεῖν.
1501 5747 1749 5819 Poterat

139 5817 336 5874 etiam
369 5831 477 5888 pro
515 5815 706 5889 μᾶλλον
732 5816 924 5873 dicere
944 5815 1106 5891 μεῖον.
1133 5820 1244 5874 Sed
1271 5818 1417 5873 intra
1443 5817 1522 5873 ad
1539 5817 1631 5882 Vl,
1658 5819 1746 5873 41.

1851 5528 2062 5586 eodem
2093 5525 2274 5582 modo
2299 5524 2580 5597 loquitur.

1923 5601 2035 5674 (24)
2067 5599 2327 5674 Ἀτελείας
2367 5593 2602 5674 videtur
2646 5595 2858 5674 legisse
2912 5593 3222 5674 interpres.
3268 5595 3384 5674 S‘ed
3428 5595 3513 5651 ni-

1854 5666 2164 5796 hil‘m'qtoA
2191 5669 2450 5728 Εύτελείας
2491 5668 2670 5723 habet
2714 5668 2890 5723 etiam
2935 5666 3237 5737 Chrysost.
3299 5671 3338 5723 t.
3385 5682 3510 5732 vnn,

1857 5761 1918 5796 ι).
1975 5749 2035 5796 15
2076 5785 2089 5796 .
2174 5782 2186 5794 .

1857 5761 1918 5816 p.
1975 5748 2093 5816 isi,
2120 5748 2186 5796 A.

1931 5816 2042 5887 (25)
2083 5813 2384 5888 Ἀμάθειαν,
2421 5818 2484 5866 Α.
