4170 6448
728 398 867 458 1167

2076 394 2426 458 EUTHYMII
2462 394 2800 462 ZIGABENI

3955 400 4071 461 1168

724 540 796 582 ac
824 525 1044 582 docens
1081 540 1211 591 nos,
1239 540 1314 583 ne
1344 542 1479 584 cum
1511 542 1655 600 erga
1693 527 1928 601 aliquos
1969 527 2377 601 disputamus,

2491 535 2706 604 ρόμενος
2732 533 2820 582 καὶ
2846 526 3108 583 παιδεύων
3139 530 3297 601 ἡμᾶς,
3337 529 3459 583 ὅταν
3510 534 3636 604 πρός
3663 549 3806 594 τινας
3855 528 3890 585 δ
3896 533 4064 604 ιαλεγό-

722 615 970 685 indigne
995 614 1276 684 feramus,
1306 615 1654 683 clamemus,
1680 622 1783 675 aut
1830 633 2277 691 exasperemur,
2331 617 2381 673 si

724 719 846 760 non
866 703 1335 777 persuadeamus
1353 721 1368 771 ;
1384 721 1527 763 nam
1552 705 1653 763 ira:
1674 707 1923 763 materia
1941 723 2009 763 ac
2026 706 2381 781 principium

726 793 956 851 clamor
979 798 1098 864 est;
1127 792 1416 867 patienter
1450 809 1591 851 vero
1622 794 2000 869 respondere,
2052 801 2141 852 est
2180 796 2384 853 conari

727 889 792 938 ut
817 881 1091 937 credibile
1120 880 1327 947 facias,
1359 882 1522 955 quod
1561 883 1801 939 dixeris.

799 972 959 1028 Vers.
986 975 1065 1026 t2.
1088 970 1153 1027 Si
1175 1002 1242 1012 —
1261 972 1505 1029 credetis
1521 972 1550 1027 ?
1571 974 1928 1045 Frequenter
1945 989 2084 1030 cum
2100 973 2285 1031 verba
2298 972 2387 1029 fa-

726 1064 930 1117 cturus
943 1065 1050 1132 est,
1065 1076 1202 1133 qua:
1219 1077 1342 1117 suae
1354 1062 2015 1135 congruantmajestati,
2029 1062 2123 1119 his
2136 1069 2382 1136 propter

726 1148 1063 1205 auditorum
1088 1150 1540 1207 crassitudinem
1566 1167 1635 1207 ac
1659 1151 2127 1208 imbecillitatem
2146 1151 2381 1218 relictis,

725 1237 1048 1294 humiliora
1060 1237 1493 1311 dispensatorio
1507 1240 1684 1296 modo
1697 1240 2228 1298 condescendendo
2243 1257 2387 1313 prmo

728 1326 838 1384 fert
870 1344 883 1382 :
912 1327 1073 1399 quod
1104 1343 1249 1383 sane
1278 1328 1457 1385 etiam
1491 1345 1650 1385 nunc
1682 1330 1835 1385 fecit.
1870 1330 2020 1386 Nam
2058 1346 2127 1386 ex
2158 1345 2282 1403 quo
2311 1329 2385 1386 de

727 1416 1016 1491 spirituali
1030 1418 1409 1488 generatione
1424 1418 1657 1474 locutus
1670 1423 1763 1474 est
1780 1420 1853 1476 de
1873 1436 1983 1478 sua
2000 1419 2189 1494 ipsius
2205 1420 2384 1476 etiam

728 1507 1111 1577 generatione
1135 1523 1272 1579 qua:
1296 1506 1403 1563 fuit
1422 1513 1558 1565 ante
1585 1508 1824 1579 saecula,
1850 1525 2106 1582 quasque
2139 1525 2384 1565 omnem

727 1602 1056 1653 etmentem
1079 1601 1136 1652 et
1153 1612 1492 1653 sermonem
1515 1597 1766 1662 excedit,
1790 1597 1985 1655 dicere
2012 1597 2270 1657 volebat.
2300 1597 2387 1654 Vi-

727 1686 878 1744 dens
892 1691 1094 1744 autem
1112 1686 1504 1743 Nicodamum
1517 1702 1706 1759 neque
1725 1687 2091 1760 spiritualem
2112 1703 2288 1762 posse
2302 1687 2387 1744 in-

727 1775 1008 1846 telligere,
1041 1774 1186 1831 nihil
1207 1776 1277 1832 de
1304 1774 1402 1831 illa
1423 1775 1587 1841 dicit,
1613 1776 1721 1832 sed
1749 1793 1997 1834 causam
2018 1776 2150 1833 talis
2167 1776 2383 1833 silentii

2492 637 2655 691 μενοι,
2705 623 2775 691 μὴ
2828 621 3097 692 πείθωμεν,
3145 623 3217 692 μὴ
3275 615 3668 694 δυσχεραίνειν,
3716 617 3854 692 μήδξ
3887 625 4064 695 κράζειν

2492 713 2582 760 καὶ
2606 707 2890 782 ἀγριαίνειν
2925 728 2938 741 ο
2962 709 3055 767 ύλη
3086 711 3186 784 γὰρ
3221 708 3382 783 ὀργῆς
3411 710 3441 766 ἠ
3475 714 3677 784 κραυγὴ
3716 728 3730 740 ο
3768 708 3873 761 ἀλλ’
3929 710 4059 775 ἀνεξι-

2491 799 2666 858 κάκως
2695 795 3084 872 ἀποκρίνεσθαι,
3120 803 3209 851 καὶ
3238 800 3522 873 πειρᾶσθαι
3570 806 3733 852 ποιεῖν
3790 798 4059 862 ἀξιόπιστον

2494 889 2551 939 τό
2581 885 2872 960 λεγόμενον.

2566 975 2626 1027 1-ῖί
2651 979 3040 1030 -πιστεύσετε
3069 992 3083 1043 ;
3129 976 3381 1039 Πολλάκις
3419 976 3613 1049 μελλων
3644 977 3905 1029 ἅπτεσθαι
3926 978 4052 1050 λόγων

2493 1063 2648 1137 ἁξίῳν
2669 1076 2762 1127 τῆς
2789 1065 3161 1137 μεγαλωσύνης
3191 1066 3369 1131 αὐτοῦ,
3405 1071 3734 1141 παρατρέχει
3762 1070 3961 1127 τούτους
3984 1064 4050 1119 διὰ

2492 1159 2586 1212 τὴν
2616 1163 2715 1206 τῶν
2760 1152 3095 1229 ἀκροωμένων
3148 1158 3433 1227 παχύτητα
3492 1160 3582 1207 καὶ
3659 1154 3941 1219 ἀσθένειαν,
3986 1163 4045 1207 καὶ

2494 1249 2722 1317 προτιμᾷ
2763 1248 2877 1304 τοὺς
2926 1249 3335 1318 ταπεινοτέρους,
3388 1243 3862 1317 συγκαταϐατικώς
3910 1265 4037 1297 τειιι

2493 1332 2855 1406 οἰκονομικῶς,
2901 1333 2926 1384 ὁ
2980 1329 3048 1391 δὴ
3108 1332 3375 1386 κάνταῦθα
3423 1338 3727 1391 πεποίηκεν.
3775 1333 3909 1386 ’1-1πεὶ
3957 1336 4028 1403 (⁵161

2491 1425 2594 1495 γὰρ
2710 1427 2825 1495 περὶ
2920 1429 3014 1484 τῆς
3114 1430 3467 1496 πνευματικῆς
3541 1427 3836 1495 γεννήσεως
3926 1419 4033 1487 εἶπεν,

2494 1511 2724 1565 ἐϐούλετο
2753 1515 2843 1584 μεν
2872 1511 3047 1583 εἰπεῖν,
3103 1517 3194 1564 καὶ
3242 1517 3358 1587 περὶ
3409 1519 3505 1574 τῆς
3544 1512 3737 1565 ἑαυτοῦ
3793 1518 4036 1585 γεννήσεως,

2492 1609 2588 1663 τῆς
2665 1606 2974 1677 προαιωνίου
3045 1607 3135 1654 καὶ
3216 1605 3383 1654 πάντα
3456 1609 3575 1654 νοῦν
3618 1607 3717 1655 καὶ
3768 1601 3905 1674 λόγον
3929 1604 4039 1675 ὑπερο

2493 1689 2772 1752 ϐαινούσης
2802 1687 2973 1743 ’ἰδὼν
3015 1688 3072 1744 δε
3128 1694 3213 1743 τόν
3266 1688 3570 1764 Νικόδημον
3623 1688 3769 1764 μηδε
3818 1696 3901 1750 τὴν
3926 1710 4039 1743 πνεν-

2493 1785 2718 1853 ματικήν
2744 1776 3145 1853 παραδέξασθαι
3173 1777 3475 1853 δυνάμενον,
3503 1776 3654 1834 ούδέν
3805 1782 3926 1853 λέγει
3953 1784 4036 1852 περὶ

2710 1427 2825 1495 περὶ

728 1863 922 1929 docet,
954 1865 1118 1938 quod
1151 1865 1221 1921 sit
1247 1863 1521 1921 videlicet
1558 1873 1800 1939 propter
1832 1866 2172 1922 auditorum
2201 1867 2378 1923 incre-

2494 1867 2703 1934 ἕκείνης,
2733 1864 2984 1921 διδάσκει
3028 1865 3087 1922 δι
3124 1873 3218 1928 τὴν
3248 1869 3420 1921 αἰτίαν
3470 1877 3567 1932 τῆς
3607 1871 3845 1931 τοιαύτης
3901 1878 4034 1939 σιγῆς,

727 1954 1057 2011 dulitatem.
1073 1954 1293 2010 Horum
1307 1970 1450 2026 ergo
1464 1954 1855 2011 incredulitati
1877 1961 1978 2012 aut
1993 1954 2379 2012 imbecillitati

728 2043 1236 2117 tribuendumest,
1254 2043 1419 2118 quod
1439 2043 1999 2118 saepiusjmediocria
2016 2052 2117 2102 aut
2130 2045 2381 2103 humilia

727 2130 1035 2205 loquatur.

794 2289 1044 2370 'l'errena
1066 2316 1267 2370 autem
1297 2312 1632 2385 intelligunt
1654 2311 1750 2370 hic
1801 2311 2047 2387 quidam
2087 2311 2163 2369 de
2206 2315 2382 2370 vento

725 2402 952 2460 dictum
982 2418 1138 2468 esse,
1170 2418 1240 2459 ac
1269 2402 1315 2458 si
1347 2402 1604 2459 diceret:
1643 2402 1697 2459 Si
1737 2406 2038 2459 terrenum
2092 2403 2380 2476 proposui

724 2490 1090 2566 exemplum,
1114 2495 1171 2548 et
1191 2507 1311 2548 non
1334 2490 1921 2565 creditis,quomodo
1947 2491 1995 2547 si
2019 2491 2253 2548 caeleste
2278 2491 2380 2548 ali-

724 2581 872 2655 quid
902 2587 1004 2637 aut
1026 2581 1346 2637 sublimius
1373 2581 1594 2647 dixero,
1627 2581 1876 2637 credetis
1898 2580 1928 2636 τ

798 2670 906 2726 Alii
948 2686 1104 2735 vero,
1134 2676 1393 2735 terrena,
1428 2670 1499 2725 de
1529 2670 1973 2741 regeneratione
2015 2671 2240 2726 dictum
2282 2688 2378 2727 as-

724 2761 949 2824 truunt,
970 2759 1441 2829 interpretantes,
1473 2758 1636 2832 quod
1657 2762 1951 2814 terrenam
1969 2758 2123 2814 hanc
2144 2758 2377 2825 dixerit,

723 2848 830 2905 etsi
857 2847 1113 2903 cmlestis
1145 2847 1219 2903 sit
1250 2863 1318 2902 ac
1350 2847 1570 2912 divina,
1612 2851 1901 2920 tanquam
1949 2864 2130 2920 super
2161 2854 2377 2905 terram

723 2935 990 3009 impleta,
1014 2936 1499 3009 etcomparando
1526 2935 1603 2992 ad
1630 2935 2176 2993 suamineﬂ'abilem
2206 2954 2380 3009 gene-

722 3027 1033 3083 rationem.
1058 3028 1204 3082 Nam
1231 3024 1309 3082 ad
1338 3024 1496 3081 illius
1535 3024 1947 3083 celsitudinem
1988 3025 2116 3082 hmo
2147 3033 2380 3084 terrena

725 3120 817 3173 est
845 3120 900 3173 et
928 3115 1193 3174 humilis.

796 3206 973 3263 Vers.
1008 3207 1099 3262 13.
1126 3205 1201 3261 El
1220 3236 1286 3247 —
1310 3206 1417 3279 qui
1427 3204 1750 3262 descendit.
1773 3204 1917 3272 Quia
1938 3206 2211 3280 superius
2233 3206 2381 3263 dixit

723 3295 1081 3354 Nicodemus
1116 3295 1383 3352 :Scimus
1416 3296 1582 3369 quod
1610 3311 1646 3351 a
1669 3297 1785 3351 Deo
1809 3297 2037 3351 veneris
2063 3296 2120 3351 in
2164 3297 2379 3367 magis-

724 3389 883 3442 trum
918 3385 1069 3453 ;hoc
1097 3386 1295 3457 ipsum
1336 3400 1494 3440 nunc
1524 3385 1782 3456 corrigit,
1815 3401 1886 3440 ac
1933 3385 1981 3441 si
2023 3384 2183 3441 dicat
2218 3402 2232 3441 :
2266 3389 2380 3442 Nec

722 3489 820 3531 me
855 3474 1031 3531 talem
1062 3474 1359 3530 existimes
1392 3480 1841 3547 praeceptorem,
1877 3475 2038 3547 (μαι-ἱ
2071 3492 2247 3531 unum
2276 3476 2378 3532 ali-

720 3580 901 3637 quem
930 3581 1000 3620 ex
1024 3563 1345 3637 prOphetis.
1369 3563 1565 3619 Nullus
1590 3564 1888 3636 siquidem
1906 3564 2142 3620 illorum
2174 3581 2379 3621 ascen-

721 3654 807 3709 dit
840 3654 900 3709 in
931 3653 1171 3719 caelum,
1206 3653 1329 3708 sive
1370 3652 1672 3721 ingressus
1698 3658 1785 3708 est
1824 3652 2063 3718 caslum,
2116 3654 2223 3709 nisi
2267 3670 2378 3725 ego

721 3742 826 3815 qui
848 3758 879 3797 e
904 3741 1055 3798 caelo
1080 3741 1382 3806 descendi,
1402 3740 1653 3813 ideoque
1681 3741 2027 3798 sublimiora
2049 3742 2250 3799 defero
2276 3746 2380 3801 do-

722 3836 948 3901 gmata.

792 3918 915 3975 Alio
946 3923 1231 3992 praeterea
1255 3919 1434 3976 modo
1447 3918 1619 3979 dixit:
1657 3920 1770 3988 Qui
1780 3920 2072 3978 descendit
2094 3922 2166 3978 de
2183 3924 2330 3981 calo
2356 3938 2376 3980 :

721 4008 943 4083 quiain
972 4009 1155 4064 Veteri
1190 4011 1566 4066 Testamento
1626 4009 2049 4077 diversimode,
2102 4013 2377 4085 variaque

718 4099 1156 4172 dispensatione
1176 4097 1390 4154 dicitur
1404 4098 1556 4153 Deus
1569 4098 1886 4155 ascendere
1904 4115 1973 4156 ac
1991 4100 2371 4166 descendere,

717 4188 877 4245 velut
894 4195 982 4244 est
998 4187 1168 4243 illud:
1192 4188 1547 4243 Descendens
1571 4188 1795 4253 videbo,
1810 4188 1862 4243 si
1872 4191 2046 4258 juxta
2061 4191 2375 4248 clamorem

718 4279 961 4334 illorum
977 4278 1200 4349 aperati
1211 4284 1347 4333 sunt
1363 4277 1777 4343 “,etAscendit
1792 4279 1948 4334 Deus
1964 4280 2046 4335 ad
2055 4278 2370 4347 Abraham,

718 4373 783 4423 ut
815 4368 1057 4425 cessavit
1090 4365 1249 4438 loqui
1268 4367 1345 4422 ιιιι
1373 4381 1498 4423 eum
1537 4367 1608 4439 ⁸ο,
1642 4368 1944 4440 multaque
1974 4367 2209 4424 similia.

786 4547 947 4604 Vers.
984 4550 1068 4603 l3.
1100 4546 1288 4602 Filius
1314 4545 1588 4603 hominis.
1611 4546 1718 4612 Qui
1738 4547 2070 4602 secundum
2086 4545 2372 4603 humani-

717 4639 893 4694 tatem
933 4637 1106 4692 Filius
1136 4642 1219 4692 est
1251 4635 1535 4692 hominis.

786 4725 943 4781 Scire
975 4731 1171 4781 autem
1203 4728 1455 4797 oportet,
1487 4724 1652 4799 quod
1692 4742 1727 4781 a
1756 4724 2065 4782 divinitate
2098 4725 2365 4799 seipsum

710 4814 1049 4887 frequenter
1095 4815 1385 4881 nominat,
1433 4821 1490 4872 et
1526 4815 1706 4872 etiam
1760 4816 1976 4888 sapius
2025 4815 2103 4873 ab
2154 4816 2367 4873 huma-

710 4905 918 4961 nitate.

782 4994 941 5048 Vcrs.
986 4994 1066 5048 13.
1104 4994 1214 5063 Qui
1242 5026 1303 5034 —
1345 4997 1507 5052 cwlo.
1550 4994 1655 5060 Qui
1687 4994 1857 5066 juxta
1895 4994 2260 5051 divinitatem
2300 4994 2360 5051 in

788 5200 833 5234 ‘9
866 5196 1009 5254 Gen.
1040 5215 1194 5271 xvm,
1219 5201 1305 5255 21.
1422 5202 1469 5234 ⁵ο
1496 5202 1641 5255 Gen.
1666 5217 1802 5267 xvn,
1837 5205 1927 5257 22.

1952 5406 2179 5476 Variae
2196 5406 2522 5477 lectiones
2543 5420 2606 5478 et
2622 5419 2824 5478 notae.

873 5642 889 5709 )
929 5624 1141 5709 Ἐπειδὴ
1176 5636 1241 5692 Α.

926 5716 999 5767 Τῆ
1012 5728 1032 5769 ς
1064 5708 1248 5760 ἑαυτου
1282 5708 1344 5759 Α.

926 5716 1032 5769 Τῆς
1064 5728 1166 5760 εαυ·

870 5716 889 5853 1
929 5783 1071 5839 Τινές
1100 5782 1166 5833 Α.

773 5637 829 5707 (2

771 5712 827 5852 f2

799 5787 827 5835 ἓ

799 5787 827 5835 ἓ

766 5850 881 5927 (29)
924 5853 1249 5907 Ιῐιστεύσητε
1274 5850 1340 5903 Α.

2402 4617 2446 4672 D
2481 4635 2498 4706 [
2524 4637 2639 4695 Υἱὸς
2665 4636 2716 4704 (3
2733 4636 2777 4707 ι)
2809 4643 2900 4689 τοῦ
2923 4617 3037 4709 (32')
3069 4642 3216 4693 Θεοῦ.

2494 1960 2573 2011 ὅτι
2604 1955 2699 2010 διὰ
2746 1963 2837 2017 τὴν
2894 1956 3140 2011 ἀπιστίαν
3193 1967 3290 2011 τῶν
3344 1956 3704 2034 ἀκροωμένων.
3742 1966 3904 2023 Ὥστε,
3946 1961 4033 2011 ὅταν

2492 2052 2678 2121 μέτρια
2735 2049 3023 2120 φθέγγηται
3077 2052 3167 2101 καὶ
3218 2051 3438 2101 ταπεινὰ
3487 2053 3577 2101 καὶ
3631 2048 3813 2112 ἀνάξια
3840 2048 4031 2105 πολλάκις

2490 2144 2583 2197 τῆς
2605 2138 2721 2209 ('27)
2753 2137 2913 2189 αὐτοῦ
2943 2139 3201 2204 θεότητος,
3238 2146 3301 2211 τῇ
3338 2137 3561 2211 ἀπιστίᾳ
3588 2142 3683 2191 καὶ
3712 2138 3921 2209 ἀσθενείᾳ
3938 2137 4028 2187 τού·

2488 2245 2585 2278 των
2604 2224 2872 2296 λογιστέον
2895 2226 3048 2281 αύτά.

2561 2315 2798 2386 Ἐπίγεια
2828 2311 2888 2367 δι
2912 2323 2998 2367 νύν
3039 2316 3152 2387 (28)
3205 2335 3334 2379 τινες
3388 2320 3505 2390 περὶ
3542 2324 3636 2369 τοῦ
3688 2316 3854 2389 ἀνέμου
3902 2317 4023 2386 φασιν

2489 2403 2733 2477 εἰρῆσθαι
2764 2421 2777 2434 ⁸
2822 2404 2921 2469 ὅτι,
2959 2404 3016 2456 lii
3047 2403 3267 2477 ἐπίγειον
3316 2401 3657 2479 παράδειγμα
3693 2404 3834 2468 εἶπον,
3871 2407 3944 2454 καί
3976 2400 4021 2451 ού

2487 2496 2773 2557 πιστεύετε,
2808 2502 2937 2558 πὼς,
2971 2492 3053 2545 ἐὰν
3101 2496 3223 2547 sim.
3277 2494 3513 2570 ούράνιόν
3540 2514 3592 2547 τι
3619 2500 3703 2547 καὶ
3737 2493 4013 2564 ὑψηλότερον,

2486 2585 2788 2636 πιστεύσετε
2820 2583 2933 2653 (29)
2957 2598 2971 2650 ;

2554 2676 2699 2733 Τινὲς
2730 2668 2807 2737 δε,
2840 2673 3077 2744 Ἐπίγεια
3130 2678 3368 2747 περὶτῆς
3420 2672 3757 2743 ἁναγεννήσεως
3810 2668 4007 2742 ῥηθῆναι

2485 2761 2747 2833 λέγουσιν,
2776 2764 3130 2836 ἑρμηνεύοντες
3161 2765 3241 2814 ὅτι
3288 2761 3503 2835 ἐπίγειον
3540 2770 3680 2814 τοῦτο
3708 2755 3822 2821 εἰπε,
3864 2760 4013 2807 καίτοι

2486 2851 2724 2924 οὐράνιον
2752 2856 2841 2903 καὶ
2877 2852 3006 2904 θεῖον
3045 2851 3119 2917 ὃν,
3153 2853 3222 2913 ὡς
3280 2850 3363 2905 ἐπὶ
3390 2860 3489 2924 γῆς
3533 2850 3799 2921 τελούμενον
3835 2866 3848 2878 °
3878 2845 3905 2904 ἧ
3949 2847 4014 2893 καὶ

2486 2944 2611 3015 πρός
2636 2943 2913 3013 σύγκρισιν
2959 2948 3054 3004 τῆς
3092 2937 3528 3013 φρικωδεστάτης
3581 2940 3731 2992 αύτού
3771 2940 4013 3009 γεννήσεως.

2488 3033 2625 3106 Πρός
2652 3032 2753 3104 γὰρ
2806 3033 2863 3082 τό
2893 3028 3024 3101 ύψος
3081 3032 3301 3097 ἐκείνης,
3362 3029 3588 3103 ἰπίγειός
3641 3028 3769 3082 ἰστιν
3819 3026 3932 3081 αὕτη
3956 3026 4009 3072 καὶ

2485 3118 2766 3193 χθαμαλή·

2560 3214 2662 3262 Καὶ
2722 3239 2791 3249 -
2839 3207 3089 3271 καταϐάς.
3144 3209 3285 3262 Ἐπεὶ
3342 3207 3612 3286 προλαϐών
3678 3205 3859 3261 εἶπενό
3903 3209 4006 3255 Nm-
4076 3168 4077 3243 1

2490 3294 2673 3370 δημος,
2705 3299 2783 3350 ότι
2806 3294 3038 3371 Οἴδαμεν
3069 3300 3150 3350 ότι
3201 3297 3303 3351 ἀπὸ
3355 3282 3487 3352 θεοῦ
3549 3297 3791 3357 mtuam;
3818 3289 4007 3347 διδάσκει
4074 3282 4075 3345 1

2486 3387 2594 3456 λος,
2627 3394 2778 3439 τοῦτο
2825 3386 2947 3440 αύτό
2996 3383 3302 3462 διορθοῦται
3359 3395 3469 3454 νύν,
3522 3389 3714 3441 ὡσανεὶ
3756 3386 3911 3457 λέγων,
3952 3382 4001 3431 Ἂὲ

2486 3482 2710 3550 νομίσῃς
2737 3495 2801 3550 με
2852 3484 3083 3530 τοιοῦτον
3133 3472 3462 3529 διδάσκαλον
3513 3480 3584 3539 ὡς
3643 3478 3727 3531 ἕνα
3761 3482 3850 3528 τῶν
3871 3485 4004 3544 προφξ·

2487 3574 2603 3619 τῶν.
2642 3570 2741 3619 Καὶ
2764 3569 2865 3640 γὰρ
2898 3562 3074 3629 ούδεὶς
3133 3565 3335 3619 ἐκείνων
3392 3564 3707 3625 ἀναϐέϐηκεν
3754 3565 3816 3625 εἰς
3852 3565 3920 3614 τὸν
3956 3553 4005 3606 0’}

2484 3654 2862 3729 ρανόν,[ἦγουν
2894 3659 3009 3726 (30)
3046 3653 3203 3714 ἰπίϐη
3251 3663 3341 3708 τοῦ
3370 3656 3616 3732 ούρανοῦ,
3661 3656 3680 3728 [
3717 3654 3758 3708 εἰ
3804 3656 3865 3726 μή

2486 3741 2540 3794 ἐκ
2593 3752 2685 3796 τού
2734 3744 2954 3817 ούρανού
3009 3744 3256 3805 καταϐὰς.
3316 3750 3402 3797 Διό
3471 3750 3560 3797 καὶ
3618 3743 3790 3817 ὑψηλὰ
3834 3739 4005 3809 δόγματι

2485 3836 2710 3896 κομίζω.

2560 3926 2659 3974 Καὶ
2691 3921 2868 3995 ἑτέρως
2929 3919 2988 3976 δι
3032 3921 3189 3988 εἶπεν,
3235 3925 3317 3977 ὃτι
3344 3924 3402 3976 Ὀ
3458 3923 3512 3976 ἐκ
3566 3931 3664 3976 τού
3730 3922 3918 3997 ούρανοῦ
3951 3933 4003 3964 κί-

2484 4009 2646 4073 ταϐάς
2708 4026 2719 4038 ⁸
2783 4007 2924 4064 διότι
2975 4016 3117 4088 παρὰ
3163 4020 3225 4086 τῇ
3303 4012 3506 4085 Παλαιᾴ
3544 4019 3721 4088 Γραφῇ
3786 4012 3898 4062 κατὰ
3934 4001 4004 4055 δι²”

2485 4103 2668 4173 φόρους
2733 4100 3025 4173 οἰκονομίας
3078 4103 3103 4153 ό
3164 4105 3295 4165 Θεὸς
3342 4101 3637 4161 καταϐῆναι
3694 4106 3779 4154 καὶ
3825 4095 4002 4151 circa?”

4067 3620 4069 3651 1

2480 4186 2702 4259 λέγεται,
2733 4192 2796 4249 ὡς
2822 4196 2880 4241 τό
2913 4210 2926 4222 ⁸
2965 4188 3206 4252 καταϐὰς
3237 4190 3453 4263 ἅψομαι,
3489 4191 3532 4244 εἰ
3560 4193 3698 4244 κατὰ
3724 4194 3812 4247 τήν
3838 4184 4001 4261 κραιγὲν

2481 4276 2646 4329 αύτων
2684 4278 3045 4331 συντελούνται
3095 4297 3108 4309 ⁸
3164 4284 3252 4333 καὶ
3298 4286 3358 4332 τό
3416 4296 3433 4313 ·
3495 4280 3681 4339 ’Δνέϐη
3732 4281 3757 4331 ὁ
3802 4280 3907 4336 Θεὸς
3942 4270 3998 4320 ἀπε

2478 4364 2739 4438 Ἀϐραὰμ,
2768 4370 2922 4426 ἡνίκα
2944 4366 3207 4422 επαύσατο
3226 4368 3390 4421 λαλῶν
3410 4369 3571 4441 αύτῷ,
3604 4366 3867 4438 καὶπολλὰ
3885 4378 3996 4415 rem

2481 4473 2564 4507 τα.

2548 4544 2605 4597 Ὀ
2638 4547 2750 4606 Υἱὸς
2776 4554 2868 4599 τοῦ
2916 4545 3208 4623 ἀνθρώπου.
3262 4548 3322 4601 ’0
3369 4550 3503 4601 κατὰ
3546 4552 3644 4608 τὴν
3705 4546 3994 4621 anteponam?!

2550 4730 2660 4797 Χρὴ
2723 4722 2781 4777 δὲ
2821 4734 3093 4796 γιννιτιειν
3143 4729 3222 4779 ὅτι
3252 4727 3500 4790 πολλάκις
3548 4731 3644 4800 μὲν
3695 4726 3792 4781 ἀπὸ
3818 4731 3896 4783 τῆς
3925 4720 3987 4769 θίν’

2475 4832 2625 4875 τητος
2659 4832 2671 4844 ·
2696 4813 2942 4878 πολλάκις
2971 4812 3030 4868 δε
3061 4814 3161 4868 ἀπὸ
3189 4824 3281 4879 τῆς
3326 4819 3727 4890 ἂνθρωπότητος
3758 4814 3779 4889 ]
3827 4808 3988 4882 ὀνομάξίέ
4044 4816 4045 4873 1

2478 4903 2678 4956 ἔαυτόν.

2543 4994 2600 5045 Ὀ
2626 5025 2685 5034 --
2717 4993 2936 5067 όύρανῷ.
2969 4994 3027 5048 ’0
3074 4998 3209 5050 κατὰ
3259 5000 3355 5055 τὴν
3412 4998 3637 5055 θεότητα
3687 4997 3752 5047 ὡν
3781 4993 3823 5047 ἓν
3866 4996 3979 5058 τῷον

4054 4308 4055 4363 1

4050 4414 4053 4465 1

4050 4498 4051 4567 1

4044 4614 4049 4669 1

4042 4688 4047 4771 1

4044 4798 4045 4873 1

4040 5020 4041 5077 1

4038 5124 4039 5179 1

4034 5230 4037 5281 1

2552 5633 2665 5701 (30)
2698 5631 2929 5689 Inclusa
2955 5630 3179 5691 absunt
3209 5634 3279 5692 A.

2554 5705 2667 5847 (3|;
2709 5704 2944 5761 Inclusa
2960 5704 3196 5785 ~absunt
3225 5710 3291 5762 A.
3778 5771 3790 5782 ο

2555 5776 2639 5847 (3?
2693 5776 2925 5847 Corrige
2951 5777 3245 5847 ανθρώπου,
3278 5778 3341 5834 ut
3364 5776 3541 5835 habet
3564 5779 3790 5833 Benteni

2555 5776 2661 5847 (3?)
2693 5776 2925 5847 Corrige
2951 5776 3245 5853 ἀνθρώπου,
3278 5778 3341 5834 ut
3364 5776 3541 5835 habet
3564 5776 3864 5833 Bentenius.

4054 4308 4055 4363 1

4050 4414 4053 4465 1

4050 4498 4051 4567 1

4044 4614 4049 4669 1

4042 4688 4047 4771 1

4044 4798 4045 4873 1

4040 5020 4041 5077 1

4038 5124 4039 5179 1

4034 5230 4037 5281 1

4024 5832 4025 5891 1

4020 6018 4021 6064 1
