4170 6444
180 351 321 412 1169

1212 346 1584 407 COMMENT.
1625 347 1696 404 IN
1729 344 2078 405 JOANNEM.
2118 375 2190 392 --
2227 342 2385 406 CAP.
2426 347 2518 406 lli.

3414 339 3558 404 H70

182 487 349 554 ρανῷ,
416 480 583 532 είτουν
645 478 672 530 ὁ
732 475 991 553 οὐράνιος.
1059 473 1198 551 Ὅρα
1253 471 1313 529 δι
1381 482 1511 542 πῶς,
1581 474 1625 528 εἰ
1700 478 1793 527 καὶ

1905 472 2052 531 coelo
2080 477 2185 541 est,
2212 474 2340 530 sive
2370 472 2647 531 caelestis.
2672 472 2818 530 Vide
2841 470 3408 546 autem,quomodo,
3434 473 3545 530 etsi

183 569 380 642 ὑψηλοὶ
440 564 688 621 δοκοῦσιν
733 568 783 619 οἱ
827 564 996 638 λόγοι,
1052 564 1181 617 ἀλλά
1232 569 1321 618 καὶ
1374 568 1538 628 οὕτως
1589 563 1792 627 ἀνάξιοι

184 660 289 713 εἰσι
313 667 407 720 τῆς
460 656 827 731 μεγαλωσύνης
869 654 1046 710 αὐτοῦ.
1104 659 1206 708 Καὶ
1256 653 1305 706 ἐν
1353 662 1425 725 τῷ
1457 654 1657 727 οὐρανῷ
1689 656 1790 726 γὰρ

184 750 276 814 ὢν,
324 746 417 801 οὐκ
474 745 853 819 ἀπελιμποίνετο
895 752 992 807 τῆς
1032 753 1152 816 γῆς·
1205 748 1295 796 καὶ
1340 743 1395 796 ἐκ
1432 750 1525 797 τοῦ
1569 744 1791 816 ούρανοῦ

184 835 440 901 καταϐὰς,
488 835 583 888 ούκ
620 833 879 907 ἀφίστατο
916 840 1009 886 τοῦ
1048 833 1289 908 ούρανοῦ,
1333 832 1462 885 ἀλλά
1515 839 1792 905 πανταχοῦ

186 924 270 986 ἦν.
319 927 736 1001 Ἀπερίγραπτος
791 926 890 999 ’γὰρ
940 925 970 983 ἡ
1045 925 1237 984 θεότης.
1290 922 1467 995 Ὀμως
1516 926 1792 995 φθέγγεται

184 1023 428 1080 τοιαῦτα,
504 1010 801 1087 φειδόμενος
863 1021 956 1073 τῆς
1015 1010 1281 1074 ἀσθενείας
1348 1020 1440 1065 τοῦ
1511 1011 1788 1087 ἀκροατοῦ,

183 1110 277 1158 καὶ
342 1106 480 1157 κατὰ
552 1106 739 1177 μικρὸν
805 1101 1011 1174 ἀνάγειν
1078 1101 1388 1175 βουλόμενος
1456 1105 1549 1160 τὴν
1633 1100 1793 1154 αὐτοῦ

186 1191 221 1248 δ
227 1196 337 1248 ιάνο
344 1214 443 1248 ιαν.

259 1288 360 1336 Καὶ
406 1314 474 1325 --
526 1285 751 1335 αἰώνιον.
806 1285 975 1334 Εἰπὼν
1028 1277 1122 1340 τήν
1178 1284 1433 1353 μεγίστην
1474 1279 1543 1341 εἰς
1595 1278 1791 1355 ἀνθρώ-

182 1392 317 1434 πους
386 1372 704 1445 εὐεργεσίαν,
766 1374 861 1430 τὴν
933 1366 1028 1423 διὰ
1092 1377 1184 1423 τοῦ
1243 1367 1639 1443 βαπτίσματος,
1715 1368 1790 1422 λέ-

181 1482 264 1535 γει
317 1462 429 1534 (33)
482 1466 570 1514 καὶ
639 1460 812 1536 ἑτέραν
881 1460 974 1513 ούκ
1047 1458 1310 1526 ἐλάττονα,
1373 1463 1468 1518 τὴν
1530 1456 1625 1512 διὰ
1698 1465 1790 1511 τοῦ

187 1558 437 1625 σταυροῦ.
485 1553 594 1613 Τάς
668 1546 767 1604 δύο
827 1551 929 1624 γὰρ
1002 1553 1092 1602 καὶ
1155 1548 1359 1610 Παῦλος
1420 1549 1551 1621 ὁμοῦ
1600 1549 1793 1601 τέθεικε

182 1643 393 1716 γράφων
472 1641 783 1712 Κορινθίοίς·
850 1643 936 1697 Μὴ
1017 1637 1218 1700 Παῦλος
1283 1636 1588 1709 ἐσταυρώθη
1663 1639 1790 1710 ὑπέρ

183 1731 348 1801 ὑμῶν,
400 1729 430 1789 ἦ
494 1728 560 1789 εἱς
626 1730 685 1781 τὸ
753 1732 916 1800 ὄνομα
989 1726 1197 1780 Παύλου
1252 1725 1604 1785 ἐϐαπτίσθητε
1630 1745 1648 1798 ;
1716 1729 1794 1780 Τὰ

185 1815 283 1871 δύο
320 1819 422 1891 γὰρ
475 1824 645 1869 ταῦτα
689 1821 778 1875 τὴν
825 1818 1019 1889 ἄφατον
1073 1816 1233 1868 αὐτοῦ
1277 1812 1606 1868 δεικνύουσιν
1667 1814 1791 1888 ἀγοί-
1821 1831 1860 1885 Β

182 1928 309 1974 πην,
367 1908 443 1960 ὅτι
492 1911 582 1960 καὶ
629 1904 967 1977 ἀναγέννησιν
1013 1904 1324 1977 ἐχαρίσατο,
1384 1907 1467 1957 ἵνα
1525 1906 1787 1978 καθαρίσῃ

183 2000 326 2070 ἡμᾶς
367 1996 469 2050 ἀπὸ
522 2005 623 2049 τῶν
660 1996 926 2069 ἁμαρτιῶν
975 1998 1143 2068 ἡμῶν,
1186 2001 1277 2048 καὶ
1326 1994 1652 2071 ἐσταυρώθη,
1710 1996 1793 2048 ἳνα

187 2091 427 2158 ζήσωμεν
474 2086 714 2147 αἰωνίως.
757 2090 1095 2159 Προεσημανε
1134 2088 1225 2158 μεν
1270 2081 1360 2138 οὖν
1419 2090 1509 2144 τὴν
1558 2105 1793 2159 σταυρω-

188 2195 271 2227 σιν
303 2175 485 2239 αὑτοῦ,
515 2171 722 2237 δεικνὺς
747 2176 827 2227 ὅτι
856 2180 1204 2246 προγινώσκει
1232 2178 1447 2243 ταύτην,
1480 2179 1570 2227 καὶ
1613 2174 1790 2228 λοίπὸν

186 2264 440 2326 ἑκουσίως
469 2262 552 2315 ἐπὶ
604 2265 799 2321 ταύτην
844 2266 1060 2338 ἔρχεται
1101 2258 1194 2316 διὰ
1243 2267 1337 2322 τὴν
1392 2268 1656 2338 σωτηρίαν
1692 2272 1790 2316 τῶν

186 2352 490 2426 ἀνθρώπων.
522 2353 629 2405 Ούκ
682 2351 736 2415 ἐξ
780 2351 981 2414 εύθείας
1026 2348 1085 2404 δε
1129 2357 1246 2426 περὶ
1278 2352 1443 2415 αὐτῆς
1479 2351 1635 2421 εἶπεν,
1665 2352 1792 2406 ἀλλά

185 2446 274 2495 τὸν
322 2444 465 2515 παρά
505 2444 768 2503 Μωῦσέως
811 2440 1083 2512 ύψωθέντα
1112 2445 1223 2514 ὄφιν
1254 2440 1402 2495 ἔλαϐε
1429 2439 1787 2515 παραδειγμα,

187 2526 463 2583 διδάσκων
489 2532 571 2584 ὅτι
593 2539 811 2604 συγγενῆ
840 2533 907 2584 τὰ
930 2529 1130 2584 παλαιά
1149 2539 1259 2594 τοίς
1282 2537 1493 2603 καινοῖς,
1526 2536 1617 2585 καὶ
1638 2534 1791 2586 τύποι

184 2623 381 2673 τούτων
406 2617 593 2677 ἐκεῖνα.

256 2708 413 2762 ’Ἐστι
444 2704 503 2762 δε
532 2711 561 2768 ἡ
595 2710 731 2762 κατὰ
757 2711 844 2762 τὸν
869 2712 983 2782 ὅφιν
1024 2710 1234 2783 ἱστορία
1256 2712 1471 2769 τοιαύτη
1495 2727 1595 2771 τιςο
1627 2710 1707 2764 Ἐν
1722 2718 1786 2784 τῇ

185 2798 359 2871 ἐρήμῳ
414 2798 578 2852 παλαι
649 2794 920 2860 δάκνοντες
985 2800 1035 2851 οἱ
1085 2800 1225 2872 ὄφεις
1283 2803 1404 2862 τοὺς
1459 2799 1791 2873 Ἰσραηλίτας

186 2886 428 2963 ἀνῄρουν.
476 2887 770 2941 Ἐκέλευσεν
823 2885 911 2941 οὖν
968 2889 995 2940 ὁ
1053 2892 1183 2952 Θεὸς
1236 2896 1310 2960 τῷ
1360 2896 1573 2942 Μωῦσεῑ
1630 2909 1789 2942 κατα-

188 2979 445 3030 σκεύασαι
470 2976 703 3048 χαλκοῦν
725 2980 856 3049 ὄφιν,
890 2980 980 3029 καὶ
1013 2976 1226 3048 ὑψῶσαι
1252 2984 1433 3030 τοῦτον
1477 2977 1565 3030 ἐπὶ
1611 2977 1783 3044 ξύλου,

186 3070 278 3117 καὶ
314 3068 434 3126 τούς
488 3061 842 3137 δεδηγμένους
896 3063 1142 3126 ἀτενίζειν
1183 3066 1250 3127 εἰς
1281 3066 1455 3131 αὐτὸν,
1488 3071 1577 3119 καὶ
1624 3066 1791 3128 οὕτως

189 3154 238 3205 οἰ
265 3149 550 3224 δηχθέντες
596 3154 745 3213 ἔζων.
782 3157 884 3205 Καὶ
935 3149 995 3211 ἦν
1047 3156 1207 3214 τύπος
1237 3155 1263 3206 ὀ
1293 3154 1527 3226 χαλκοῦς
1556 3173 1668 3226 οφις
1696 3162 1788 3208 τοῦ
1820 3189 1860 3244 C

191 3240 408 3317 στερροῦ
464 3246 553 3294 καὶ
608 3238 885 3293 ἀνενδότου
952 3245 1077 3315 πρὸς
1122 3246 1308 3294 κακίαν
1386 3249 1629 3315 σώματος
1694 3251 1788 3296 τοῦ

190 3330 445 3405 Χριστοῦ·
484 3331 510 3382 ὁ
546 3335 711 3404 χωρὶς
757 3329 857 3395 ἰοῦ,
892 3338 984 3382 τοῦ
1028 3335 1192 3404 χωρὶς
1238 3331 1317 3384 ἰοῦ
1366 3340 1457 3392 τῆς
1509 3331 1785 3407 ἁμαρτίας*

188 3422 214 3473 ὁ
248 3420 472 3492 ὑψωθεὶς
515 3418 600 3471 ἐπὶ
658 3418 833 3486 ξύλου,
880 3426 975 3472 τοῦ
1020 3418 1313 3491 ύψωθέντος
1359 3419 1444 3473 ἐπὶ
1497 3419 1649 3483 ξύλου
1697 3428 1789 3474 τοῦ

191 3516 440 3583 σταυροῦ·
485 3509 511 3560 ὁ
555 3511 804 3580 παρέχων
840 3508 980 3570 ζωὴν
1008 3516 1117 3570 τοῖς
1158 3505 1502 3583 δεδηγμένοις
1541 3511 1641 3563 ὑπὸ
1688 3518 1789 3563 τῶν

189 3604 346 3672 ὄφεων
377 3602 467 3651 καὶ
497 3596 823 3659 ἀτενίζουσιν
854 3598 940 3670 εἰς,
968 3598 1123 3651 αὐτὸν
1163 3606 1258 3652 τοῦ
1285 3604 1610 3674 παρέχοντος
1650 3600 1790 3662 ζωὴν

189 3688 395 3742 αἰώνιον
450 3693 561 3750 τοῖς
609 3683 951 3760 δεδηγμένοις
994 3689 1095 3741 ὑπὸ
1136 3696 1235 3742 τῶν
1263 3697 1459 3749 νοητῶν
1489 3693 1647 3763 ὄφεων
1697 3693 1789 3743 καὶ

190 3776 519 3839 ἀτενίζουσιν
559 3776 627 3838 εἰς
654 3776 813 3830 αὐτὸν
838 3775 887 3830 ἐν
916 3781 1113 3833 πίστει.

258 3868 356 3920 Διά
406 3873 559 3919 τοῦτο
608 3870 786 3919 τοίνυν
829 3867 1225 3940 ὁμοιωματικῶς
1288 3866 1424 3922 εἶπεν
1470 3870 1551 3922 ὃτι
1605 3870 1790 3933 Καθὼς
1834 3906 1857 3927 κ

188 3956 630 4027 Μωῦσῆςῦψωσε
677 3959 766 4009 τὸν
814 3959 949 4029 ὅφιν,
1011 3961 1100 4009 καὶ
1153 3958 1219 4009 τὰ
1274 3956 1411 4021 ἑξῆς.
1458 3955 1589 4012 Εἶτα
1620 3978 1789 4034 προσ-

187 4047 339 4104 έθηκε
377 4050 468 4098 καὶ
492 4049 586 4104 την
634 4045 805 4098 αἰτίαν
844 4054 940 4108 τῆς
986 4048 1234 4108 τοιαύτης
1276 4046 1547 4118 ύψώσεως·
1586 4046 1787 4122 Ὠσπερ

184 4136 287 4209 γὰρ
335 4131 525 4196 ἐκεῖνος
584 4134 765 4206 ύψωσε
817 4137 905 4188 τὸν
959 4138 1072 4208 ὅφιν
1122 4137 1205 4189 ἵνα
1247 4138 1297 4189 οἱ
1354 4135 1671 4200 ἀτενίζοντες
1723 4137 1791 4198 εἰς

189 4223 341 4276 αὐτὸν
380 4226 552 4295 ἔχωσι
580 4225 696 4297 (34)
743 4225 904 4286 ζωὴν
937 4225 1074 4279 οὕτω
1111 4230 1201 4279 καὶ
1253 4226 1402 4286 οὗτος
1461 4225 1649 4297 ὑψώθη
1708 4225 1794 4279 ἶνα

189 4312 237 4364 οἰ
276 4310 593 4373 ἀτενίζοντες
622 4312 691 4373 εἰς
715 4312 891 4379 αὐτὸν,
939 4317 1098 4385 ἤγουν
1134 4315 1183 4367 οἰ
1222 4316 1570 4384 πιστεύοντες,
1622 4317 1793 4386 ἔχωσι

189 4402 328 4461 ζωὴν
381 4401 605 4454 αἰώνιον.
657 4401 794 4455 Ἀλλ’
861 4406 976 4475 ὄφις
1021 4405 1112 4476 μεν
1187 4401 1293 4455 ἐκεῖ
1360 4399 1456 4455 διὰ
1509 4406 1625 4464 τούς
1698 4400 1793 4456 δά-

188 4508 400 4551 κνοντας
482 4494 640 4563 ὄφεις,
706 4492 980 4567 ἄνθρωπος
1076 4488 1137 4545 δέ
1214 4490 1437 4545 ένταῦθα
1506 4487 1602 4545 διά
1666 4494 1791 4553 τούς

190 4575 533 4651 δακνομένους
567 4580 885 4652 ἀνθρώπους.
923 4584 1023 4633 Καὶ
1074 4580 1180 4633 ἐκεῖ
1229 4583 1339 4653 μὲν,
1373 4579 1481 4633 ἐπεὶ
1527 4576 1600 4633 δι’
1637 4579 1791 4653 ὄφεως

187 4670 217 4728 η
276 4666 471 4741 βλάϐη,
506 4664 579 4720 δι’
633 4672 792 4741 ὄφεως
821 4674 910 4721 καὶ
959 4671 989 4727 ἠ
1039 4660 1301 4742 θεραπεία·
1337 4668 1558 4723 ἐνταῦθα
1585 4666 1645 4724 δε
1683 4669 1792 4724 ἐπεὶ

188 4754 262 4810 δι’
290 4756 563 4831 ἀνθρώπου
607 4758 634 4809 ὁ
675 4759 893 4820 θάνατος
942 4756 1175 4816 εἰσῆλθεν
1228 4758 1301 4821 εἰς
1341 4762 1425 4811 τὸν
1463 4764 1682 4833 κόσμον,
1715 4757 1789 4812 δι’

188 4845 461 4920 ἀνθρώπου
482 4851 572 4899 καὶ
590 4847 619 4905 ἠ
647 4846 754 4907 ζωὴ
789 4850 1111 4921 παρεγένετοο
1144 4855 1324 4922 νεκροῦ
1348 4844 1427 4917 δε,
1452 4849 1535 4902 ἵνα
1561 4850 1788 4924 νεκρωθῇ

188 4937 247 4987 τὸ
266 4943 496 5009 νεκροῦν.

258 5024 427 5078 Εἰπὼν
496 5020 577 5089 δε,
644 5025 726 5079 ὃτι
775 5023 887 5080 Ἰνα
961 5032 1059 5088 πᾶς
1108 5027 1134 5079 ὁ
1194 5030 1449 5081 πιστεύων
1509 5028 1577 5090 εἰς
1634 5027 1792 5083 αύτὸν

187 5118 258 5187 μὴ
353 5112 634 5185 ἀπόληται,
712 5112 820 5167 ἀλλ’
912 5117 1012 5191 ἔχη
1129 5116 1237 5188 (35)
1336 5118 1477 5178 ζωὴν
1564 5117 1787 5172 αἰώνιον·

262 5292 306 5326 δι
348 5292 372 5346 Ι
403 5293 590 5360 Cor.i,
630 5298 713 5351 l3.
827 5296 875 5331 ⁸³
897 5297 1069 5352 Num.
1094 5310 1213 5352 xxi.
1245 5299 1297 5365 8,
1331 5300 1383 5353 9.

1902 562 2180 621 sublimia
2211 563 2520 620 videantur
2533 563 2732 633 verba,
2754 577 2880 618 non
2899 565 3094 618 tamen
3106 560 3406 632 majestati
3430 576 3555 618 sum

1899 652 2233 709 conformia
2244 658 2398 709 sunt.
2415 654 2564 709 Nam
2585 656 2792 709 etcum
2809 651 2872 708 in
2891 651 3042 707 coelo
3062 654 3169 715 est,
3189 653 3409 705 terram
3423 664 3547 706 non

1898 741 2211 816 relinquit;
2235 746 2292 798 et
2311 741 2385 798 de
2411 740 2563 799 ccelo
2583 740 2976 810 descendens,
2999 755 3123 796 non
3141 739 3310 796 abest
3328 739 3552 801 acmlo,

1900 832 2006 887 sed
2051 830 2269 904 ubique
2313 833 2417 903 est,
2465 847 2606 887 cum
2654 829 2936 887 divinitas
2981 828 3392 885 circumscribi
3432 843 3557 885 non

1899 921 2108 994 possit.
2135 919 2298 977 Talia
2323 919 2822 991 tamenloquitur,
2853 933 3103 992 parcens
3121 915 3406 974 auditoris
3442 917 3555 974 im-

1898 1009 2285 1081 becillitati,et
2296 1007 2587 1082 paulatim
2604 1008 2791 1082 ipsius
2804 1014 3067 1065 mentem
3082 1006 3312 1065 elevare
3327 1006 3552 1065 volens.

1971 1280 2126 1335 Vers.
2160 1281 2249 1336 14.
2278 1279 2354 1334 Et
2386 1309 2457 1320 —
2496 1277 2658 1333 Vers.
2699 1277 2788 1332 15.
2826 1281 3130 1333 aeternam.
3174 1276 3322 1333 Cum
3366 1275 3550 1333 maxi-

1901 1383 2070 1423 mum
2099 1366 2396 1423 retulisset
2422 1364 2805 1436 beneficium,
2838 1365 3005 1438 quod
3040 1363 3411 1432 hominibus,
3447 1381 3556 1438 per

1898 1455 2267 1528 baptismum
2298 1455 2619 1520 confertur,
2650 1458 2932 1511 narratet
2976 1453 3139 1510 aliud
3177 1469 3298 1510 non
3331 1454 3555 1526 minus,

1899 1545 2066 1618 quod
2096 1561 2201 1617 per
2225 1561 2464 1601 crucem
2488 1544 2679 1600 datur.
2712 1544 2862 1614 Quae
2902 1542 3026 1600 duo
3056 1542 3277 1600 Paulus
3304 1559 3550 1616 quoque

1902 1633 2080 1690 simul
2098 1634 2294 1707 posuit
2320 1633 2590 1690 scribens
2611 1633 2690 1689 ad
2707 1632 3055 1690 Corinthios.
3082 1632 3246 1689 Num
3265 1648 3372 1702 pro
3393 1632 3551 1689 vobis

1901 1724 2223 1792 cruciﬁxus
2249 1729 2327 1781 est
2356 1723 2723 1788 Paulus,aut
2741 1722 2805 1779 in
2818 1722 3043 1779 nomine
3067 1722 3250 1779 Pauli
3274 1721 3559 1792 baptizari

1902 1814 2032 1870 estis
2062 1812 2140 1867 5*?
2165 1813 2315 1870 Nam
2340 1812 2471 1869 haec
2499 1812 2623 1868 duo
2652 1810 3020 1868 ineffabilem
3062 1810 3193 1882 ejus
3228 1811 3556 1868 ostendunt

1904 1901 2303 1969 dilectionem,
2330 1902 2496 1975 quod
2518 1906 2576 1958 et
2602 1900 3114 1973 regenerationem
3151 1899 3473 1957 contribuit
3491 1904 3558 1957 ut

1901 1991 2218 2049 mundaret
2243 2007 2352 2047 nos
2381 2007 2418 2048 a
2438 1991 2696 2064 peccatis
2717 1989 2959 2057 nostris,
2978 1989 3370 2046 etcruciﬁxus
3383 1993 3474 2046 est
3492 1993 3558 2046 ut

1898 2079 1955 2136 in
1995 2085 2287 2137 aeternum
2325 2080 2622 2137 vivamus.
2658 2079 2855 2136 Innuit
2873 2077 3077 2152 itaque
3107 2077 3553 2135 cruciﬁxionem

1899 2184 2093 2240 suam,
2123 2167 2446 2225 ostendens
2495 2167 2656 2240 quod
2700 2182 2835 2224 eam
2873 2166 3363 2241 praecognoverit,
3397 2170 3454 2224 et
3483 2182 3558 2223 ex

1898 2258 2286 2330 consequenti
2320 2256 2654 2314 voluntarie
2684 2256 2763 2312 ad
2801 2271 2937 2313 eam
2976 2261 3217 2329 propter
3247 2256 3557 2313 hominum

1899 2346 2155 2404 salutem
2180 2346 2445 2403 accedat.
2478 2349 2604 2404 Non
2633 2350 2833 2403 tamen
2850 2344 2925 2402 de
2963 2361 3035 2402 ea
3071 2345 3289 2402 directe
3321 2344 3558 2401 locutus

1898 2440 1987 2492 est
1999 2436 2122 2504 sed,
2137 2435 2377 2492 exaltati
2398 2451 2434 2491 a
2450 2435 2608 2492 Mose
2620 2434 2911 2508 serpentis
2925 2434 3181 2507 sumpsit
3193 2434 3554 2507 exemplum,

1898 2525 2123 2583 docens
2150 2524 2317 2598 quod
2344 2528 2547 2582 vetera
2572 2523 2750 2581 novis
2772 2526 3029 2595 cognata
3057 2523 3194 2594 sint,
3225 2538 3558 2597 eorumque

1896 2616 2128 2686 ﬁgurae.

1968 2707 2067 2761 Est
2084 2707 2287 2761 autem
2310 2701 2386 2759 de
2416 2705 2690 2775 serpente
2737 2700 2991 2759 historia
3018 2701 3154 2758 talis
3200 2720 3214 2762 :
3248 2702 3316 2758 In
3354 2716 3557 2759 eremo

1897 2794 1973 2853 oli
1983 2811 2039 2851 m
2055 2796 2358 2867 serpentes
2370 2808 2580 2849 morsu
2589 2790 2891 2849 necabant
2908 2790 3251 2849 lsraelitasJ
3260 2790 3404 2848 ussit
3414 2805 3557 2863 ergo

1900 2887 2054 2942 Deus
2080 2883 2311 2952 Mosi,ut
2359 2882 2586 2939 factum
2633 2887 2971 2954 serpentem
3001 2896 3237 2944 aaneum
3279 2880 3560 2938 exaltaret

1897 2974 1960 3030 in
1978 2974 2164 3044 ligno;
2190 2972 2265 3030 ad
2289 2987 2471 3045 quem
2492 2971 2890 3039 intenderent,
2923 2970 3031 3044 qui
3055 2970 3226 3028 morsi
3278 2975 3450 3028 erant
3484 2985 3558 3028 ac

1898 3066 2255 3120 sanarentur
2283 3063 2354 3128 ⁵³,
2390 3063 2622 3133 Eraque
2648 3075 2891 3133 serpens
2919 3075 3119 3116 aeneus
3148 3058 3337 3116 durus
3366 3058 3559 3130 ﬁgura

1898 3150 2165 3224 corporis
2181 3148 2413 3218 Christi,
2439 3148 2575 3205 duri
2620 3164 2692 3205 ac
2739 3148 2925 3206 severi
2972 3152 3180 3205 contra
3213 3153 3553 3220 peccatum:

1903 3240 1999 3298 ille
2027 3238 2261 3310 absque
2274 3252 2522 3301 veneno,
2544 3240 2602 3293 et
2627 3237 2721 3293 hic
2744 3237 2874 3293 sine
2902 3251 3137 3296 veneno
3164 3236 3396 3309 peccati
3428 3236 3557 3294 :ille

1901 3329 1962 3384 in
1983 3326 2146 3398 ligno
2171 3326 2457 3391 elevatus,
2492 3331 2550 3382 et
2577 3325 2674 3382 hic
2698 3325 2760 3381 in
2790 3325 2955 3396 ligno
2991 3324 3189 3381 crucis
3218 3324 3513 3382 exaltatus
3541 3341 3558 3393 ;

1900 3417 1998 3475 ille
2026 3415 2242 3473 morsis
2274 3431 2311 3473 a
2335 3421 2606 3487 serpente
2636 3419 2694 3470 et
2716 3414 2779 3472 in
2811 3430 2875 3471 se
2897 3413 3346 3471 intendentibus
3369 3413 3557 3471 vitam

1901 3506 2196 3580 praebens,
2211 3504 2307 3561 hic
2321 3503 2536 3560 morsis
2548 3519 2584 3560 a
2596 3503 2971 3576 serpentibus
2984 3502 3286 3576 spritualib
3293 3518 3362 3559 us
3375 3502 3558 3560 vitam

1900 3595 2170 3654 tribuens
2194 3592 2645 3667 sempiternam,
2666 3592 2719 3649 si
2749 3592 2865 3650 ﬁde
2901 3592 2965 3649 in
2995 3591 3196 3666 ipsum
3227 3592 3556 3650 intendant.

1971 3865 2218 3937 Propter
2235 3864 2352 3922 hoc
2377 3878 2520 3934 ergo
2551 3878 2656 3936 per
2676 3861 3130 3920 similitudinem
3160 3861 3308 3920 dixit
3338 3878 3355 3919 :
3385 3862 3560 3921 Sicut

1899 3955 2076 4013 Moses
2090 3970 2199 4012 ora
2207 3954 2375 4011 (tavit
2391 3956 2736 4024 serpentem,
2751 3958 2807 4009 et
2818 3956 3054 4011 caetera.
3071 3951 3290 4009 Deinde
3303 3967 3557 4009 causam

1899 4043 2070 4100 addit
2118 4042 2249 4100 talis
2304 4041 2698 4099 exaltationis.
2746 4040 2907 4098 Sicut
2952 4041 3110 4097 enim
3166 4039 3416 4098 elevavit
3467 4040 3560 4098 ille

1902 4138 2238 4206 serpentem
2268 4132 2406 4188 utin
2433 4147 2573 4187 eum
2613 4130 2985 4187 intendentes
3022 4129 3207 4186 vitam
3244 4129 3557 4197 haberent,

1900 4221 1982 4277 ita
2012 4227 2067 4276 et
2085 4220 2183 4277 hic
2213 4220 2506 4277 exaltatus
2544 4223 2632 4275 est
2670 4224 2734 4274 ut
2762 4218 2824 4274 in
2853 4234 2993 4276 eum
3022 4217 3394 4274 intendentes
3433 4216 3559 4274 sive

1901 4309 2229 4375 credentes,
2247 4308 2432 4365 vitam
2444 4307 2709 4365 habeant
2721 4307 3166 4378 sempiternam.
3189 4305 3303 4363 Sed
3316 4305 3397 4361 ibi
3414 4321 3559 4363 sane

1903 4414 2151 4471 serpens
2200 4403 2431 4471 propter
2475 4400 2778 4469 serpentes
2818 4395 3177 4460 mordentes,
3218 4394 3315 4451 hic
3354 4398 3559 4451 autem

1900 4491 2086 4547 homo
2115 4493 2356 4561 propter
2382 4486 2660 4543 homines
2707 4500 2964 4540 morsos.
2999 4483 3085 4540 lbi
3130 4483 3274 4557 quia
3315 4488 3561 4556 propter

1899 4584 2204 4653 serpentes
2227 4581 2579 4651 provenerat
2598 4579 3049 4645 nocumentum,
3081 4590 3189 4647 per
3218 4580 3560 4647 serpentem

1899 4675 2027 4727 erat
2065 4674 2121 4725 et
2175 4683 2319 4724 cura
2366 4684 2379 4722 :
2430 4666 2524 4721 hic
2566 4680 2727 4729 vero,
2772 4662 3056 4736 quoniam
3101 4678 3209 4737 per
3250 4662 3556 4720 hominem

1898 4758 2137 4817 intravit
2167 4774 2327 4814 mors
2356 4757 2417 4812 in
2443 4754 2764 4821 mundum,
2796 4753 2971 4809 datur
2989 4756 3047 4809 et
3072 4752 3198 4809 vita
3231 4767 3337 4825 per
3370 4752 3561 4810 homi-

1900 4866 2030 4907 nem
2063 4867 2078 4905 :
2103 4862 2358 4921 eumque
2386 4851 2716 4911 mortuum,
2746 4847 2811 4899 ut
2833 4842 2884 4899 is
2912 4842 3017 4915 qui
3039 4845 3295 4900 mortem
3314 4841 3561 4901 induxe-

1901 4944 2013 5004 rat,
2040 4942 2391 4993 moreretur.

1971 5028 2179 5084 Dicens
2203 5029 2404 5083 autem
2428 5043 2441 5083 :
2466 5023 2538 5082 Ut
2558 5022 2749 5080 omnis
2773 5021 2877 5094 qui
2894 5021 3081 5077 credit
3096 5021 3162 5077 in
3174 5035 3307 5078 eum
3331 5036 3451 5078 non
3463 5036 3561 5093 pe-

1899 5122 2049 5183 reat,
2080 5115 2183 5174 sed
2207 5113 2407 5171 habeat
2432 5113 2606 5170 vitam
2646 5115 2948 5181 aeternam,
2990 5109 3239 5167 omnino
3279 5124 3341 5165 se
3367 5108 3561 5167 Deum

1414 5501 1641 5571 Variae
1665 5502 1998 5571 lectiones
2026 5510 2092 5569 et
2120 5509 2325 5567 notae.

259 5694 373 5766 (33)
404 5693 479 5747 0-5
500 5700 599 5774 fati.
637 5696 880 5774 έλὸιττονα
926 5696 1100 5774 ἑτέραν
1132 5697 1259 5774 (hiq
1286 5703 1373 5774 est
1405 5698 1664 5772 spatium
1692 5715 1796 5756 va-

190 5781 370 5823 cuum
411 5767 681 5844 quinque
709 5766 1063 5846 litterarum)
1095 5766 1188 5836 τὴν
1229 5766 1321 5825 διά
1344 5776 1404 5827 Α.

2137 5695 2367 5768 Ἔχουσι
2405 5697 2475 5751 Α.

2140 5767 2294 5845 ’Ἐχει
2323 5774 2389 5829 Α.

1982 5697 2098 5845 ξὲξζ
