4170 6430
710 340 842 409 mi

2020 336 2366 400 EUTHYMII
2405 338 2734 397 ZlGABENl

3917 343 4027 400 ΝΤΞ

708 491 839 533 esse
869 473 1147 537 ostendit,
1179 473 1350 545 cujus
1378 488 1535 529 mors
1557 474 1798 545 praestat
1821 470 1949 528 aliis
1978 471 2164 526 vitam
2189 474 2355 524 aster-

2391 469 2434 522 Α
2469 466 2697 539 ἀνίφηνεν
2759 468 2841 520 ὅτι
2895 464 2955 520 οὗ
3017 468 3042 519 6
3103 467 3323 526 θάνατος
3370 464 3557 539 ἕτεροις
3626 471 3848 539 παρέχει
3920 472 4024 533 ζωὴν

703 580 870 622 nam.
888 563 1131 620 Moritur
1143 562 1439 637 siquidem
1455 566 1746 635 tanquam
1763 561 1966 629 homo,
1995 563 2235 633 prestat
2252 572 2362 614 au-

706 658 826 711 tem
854 653 1039 709 vitam
1062 656 1644 724 aeternamtanquam
1668 653 1820 707 Deus
1848 669 1861 708 :
1891 655 1949 706 et
1972 650 2078 722 qui
2104 648 2357 705 aliorum

706 741 975 816 prohibet
988 740 1538 814 perditionem,ipse
1554 755 1930 813 nequaquam
1946 738 2128 812 perire
2144 740 2356 810 potest.

706 832 864 890 Crux
893 846 1033 902 ergo
1060 832 1197 887 vitae
1228 835 1462 886 aeternae
1490 829 1623 886 {ous
1653 834 1758 885 est.
1786 828 1970 894 Unde,
1997 827 2160 901 quod
2197 825 2356 896 cogi-

705 921 847 979 tatio
862 935 983 977 non
1000 919 1169 977 facile
1180 919 1408 992 recipit,
1428 918 1575 974 ﬂdes
1590 917 1813 990 recipit,
1833 932 1967 990 quae
1980 914 2356 987 cogitationis

704 1009 1091 1068 imbecillitati
1120 1024 1340 1066 nervos
1370 1007 1550 1065 addit.
1596 1007 1758 1064 Patet
1784 1021 1927 1077 ergo
1958 1006 2096 1061 tidei
2118 1003 2356 1061 utilitas.

775 1191 943 1246 Vers.
982 1194 1065 1245 ιϐ.
1098 1189 1199 1246 Sic
1245 1218 1313 1230 —
1362 1195 1665 1245 acernam.
1717 1218 1772 1229 -
1826 1187 1980 1241 Deus
2029 1185 2112 1242 sic
2160 1182 2362 1239 dilexit

704 1279 1027 1344 mundum,
1059 1279 1183 1334 sive
1206 1277 1354 1334 adeo
1381 1275 1647 1332 homines
1665 1280 1847 1339 amat,
1871 1280 1932 1331 ut
1972 1288 2080 1348 pro
2110 1272 2363 1330 homini-

704 1368 821 1425 bus
854 1368 1062 1424 Filium
1090 1383 1268 1423 suum
1299 1365 1653 1422 dilectumin
1687 1362 2275 1431 mortemtradiderit,
2300 1366 2362 1417 ut

705 1458 903 1516 omnis
920 1459 1023 1532 qui
1044 1455 1230 1514 credit
1246 1457 1302 1512 in
1330 1472 1489 1522 eum,
1510 1454 1670 1511 vivat
1686 1453 2023 1528 perenniter
2048 1453 2169 1510 vita
2187 1451 2364 1508 beata

706 1562 843 1621 quas
863 1546 1085 1603 sanctis
1106 1546 1395 1615 congruit.
1415 1542 1681 1601 Ostendit
1696 1558 1862 1613 ergo,
1890 1541 2053 1615 quod
2071 1541 2146 1597 de
2162 1544 2362 1597 mente

707 1650 819 1693 sua
848 1636 1001 1692 sicut
1028 1638 1084 1692 et
1108 1634 1291 1691 Patris
1318 1633 1489 1690 fuerit
1517 1632 1820 1689 cruciﬁxio
1855 1653 1867 1686 :
1903 1646 2028 1687 una
2065 1630 2362 1704 siquidem

707 1724 1046 1799 eademque
1084 1724 1357 1781 voluntas
1383 1728 1470 1780 est
1500 1722 1698 1783 Patris
1729 1724 1787 1778 et
1833 1721 1961 1776 Filii
1992 1736 2062 1777 ac
2113 1720 2363 1793 Spiritus

2470 556 2695 622 αἰώνιον,
2749 562 2879 619 Θεὸς
2942 556 3057 609 εστι
3104 558 3330 618 πάντως
3389 558 3555 609 θανὼν
3600 560 3693 628 μέν
3749 559 3818 619 ὡς
3866 559 4023 631 b996-

2468 664 2580 707 πος,
2616 650 2864 719 παρέχων
2896 644 2956 699 δι
2996 648 3135 707 ζωὴν
3175 648 3381 698 αἰώνιον
3430 648 3500 706 ὡς
3553 650 3703 708 Θεὸς·
3758 652 3845 699 καὶ
3888 650 3912 699 6
3947 668 4022 700 κυ-

2467 733 2600 786 λύων
2632 741 2720 794 τήν
2743 736 2924 812 ἐτέρων
2956 734 3210 789 ἆπώλειαν
3232 735 3325 788 οὐκ
3356 736 3418 787 ἄν
3448 752 3576 788 ποτε
3604 733 3764 796 αὐτὸς
3801 736 4022 791 ἁπολιίτιι

2465 822 2525 876 Ὀ
2592 829 2813 899 σταυρὸς
2884 822 2972 878 οὖν
3034 830 3180 897 πηγὴ
3243 828 3380 889 ζωῆς
3444 825 3681 893 αἰωνίου,
3741 827 3767 877 ὅ
3820 827 4021 899 λογισμὸς

2468 919 2558 984 μεν
2585 911 2789 990 ῥᾳδίως
2825 917 2884 968 ού
2916 912 3296 990 παραδέχεται,
3343 919 3524 976 πίστις
3569 910 3632 968 δε
3682 912 4014 988 παραδέχεται.

2466 1013 2724 1078 νευρούσα
2772 1012 2865 1057 τοῦ
2916 1004 3174 1078 λογισμοῦ
3228 1008 3323 1064 τὴν
3353 1001 3641 1059 ἀσθένειαν.
3694 1011 3855 1080 Χρεία
3889 1013 4013 1060 τοίνυν

2466 1100 2714 1157 πίστεως.

2541 1189 2721 1247 Οὕτως
2777 1215 2845 1224 -
2903 1187 3130 1239 αἰώνιον.
3201 1184 3384 1245 Οὕτως
3412 1183 3691 1255 ἠγάπησεν
3742 1185 3769 1236 6
3805 1188 3915 1245 Θεός
3950 1190 4005 1237 τὸ)

2468 1278 2683 1346 κόσμον,
2735 1277 2895 1345 ἤγουν
2950 1277 3200 1325 τοσοῦτόν
3233 1271 3344 1325 ὶστι
3394 1272 3781 1345 φιλάνθρωπος,
3812 1276 3996 1327 ώστιτὸν

2470 1367 2588 1417 Υίὸν
2618 1362 2777 1415 αὐτοῦ
2809 1365 2895 1414 τὸν
2934 1361 3205 1434 ἀγαπητὸν
3264 1357 3505 1425 ἐξέδωκεν
3545 1363 3677 1436 ύπὶρ
3723 1371 3820 1414 τῶν
3867 1362 4003 1437 ἀνθρὼ-

2469 1472 2578 1506 πων
2636 1453 2706 1515 εἰς
2760 1454 2995 1519 θάνατον,
3055 1453 3138 1504 ἶνα
3176 1458 3279 1514 πᾶς
3330 1452 3356 1503 6
3389 1455 3652 1504 πιστεύων
3703 1452 3773 1514 εἰς
3818 1452 3944 1504 αὐτόν
3967 1458 4006 1522 ζῇ

2472 1542 2690 1605 αἰωνίοις
2764 1546 2859 1600 την
2906 1547 3171 1615 μακαρίαν
3238 1541 3399 1604 ζωήν,
3468 1546 3562 1600 την
3610 1545 3899 1616 πρέπουσαν
3940 1550 4012 1602 τοῖς

2473 1632 2662 1704 ἁγίοις.
2696 1628 2898 1695 Ἐδιιξε
2942 1637 3115 1684 τοίνυν
3147 1633 3228 1683 ὅτι
3266 1636 3354 1684 καὶ
3386 1640 3456 1702 τῷ
3499 1636 3673 1706 Πατρὶ
3702 1634 3829 1683 κατὰ
3854 1637 4011 1702 γνῶμεν

2472 1722 2502 1779 ἠ
2542 1724 2854 1793 σταύρωσις.
2886 1720 2973 1774 Ἐν
3014 1724 3115 1793 ’γὰρ
3142 1724 3232 1774 καὶ
3278 1723 3337 1773 τό
3381 1720 3508 1773 αὐτὸ
3543 1720 3745 1793 οέλημα
3775 1726 3920 1795 Πατρί
3952 1726 4012 1771 ui

708 1815 917 1872 sancti.
939 1816 1193 1871 Rursum
1219 1812 1385 1887 quod
1416 1813 1686 1869 additur:
1728 1810 2020 1876 Utomm's,
2056 1810 2355 1883 quicredit

2394 1822 2433 1881 θ
2472 1811 2575 1880 Ti.in
2622 1815 2710 1863 καὶ
2761 1810 2895 1882 ἁγίῳ
2950 1813 3229 1882 Πνεύματι.
3288 1809 3447 1863 Πάλιν
3504 1807 3564 1863 δε
3611 1814 3689 1873 τὸ,
3743 1815 3842 1862 Ἵνα
3886 1812 4010 1870 nam

706 1905 771 1961 ίη
793 1920 924 1962 eum
944 1920 1063 1960 non
1082 1910 1306 1975 pereat,
1327 1902 1430 1960 sed
1448 1900 1660 1959 habeat
1688 1902 1867 1957 vitam
1891 1907 2196 1963 aeternam,
2221 1913 2365 1955 con-

707 1993 965 2050 firmatio
994 1992 1159 2050 verbi
1198 1998 1305 2049 est.

780 2082 894 2138 Sed
912 2098 1095 2155 quam
1111 2081 1192 2138 ob
1204 2096 1453 2137 causam
1470 2079 1675 2136 dilexit
1702 2082 1854 2135 Deus
1870 2077 2163 2135 mundum
2182 2077 2213 2133 ἵ
2241 2076 2366 2150 pla-

708 2187 786 2229 ne
815 2173 891 2229 ob
917 2170 1077 2228 aliud
1099 2170 1265 2235 nihil,
1284 2186 1468 2245 quam
1491 2174 1731 2243 propter
1747 2169 2107 2225 immensam
2131 2167 2365 2224 bonita-

707 2265 829 2319 tem
858 2275 1053 2317 suam.

780 2348 1221 2406 Erubescamus
1250 2347 1427 2419 igitur
1456 2348 1752 2405 intuentes
1782 2346 1908 2419 ejus
1935 2346 2316 2403 dilectionem
2345 2363 2360 2402 :

707 2456 852 2498 nam
875 2439 1000 2513 ipse
1016 2455 1206 2511 neque
1226 2437 1371 2495 Filio
1387 2454 1498 2495 suo
1521 2438 1827 2510 unigenito
1846 2438 2105 2511 pepercit
2122 2442 2366 2511 propter

708 2544 842 2596 nos,
875 2535 934 2586 at
962 2544 1074 2585 nos
1112 2528 1287 2585 etiam
1318 2526 1584 2600 pecuniis
1616 2528 1933 2599 parcimus,
1962 2543 2035 2582 ne
2081 2542 2186 2582 eas
2227 2542 2363 2599 pro-

712 2626 843 2694 pter
866 2620 1055 2691 ipsum
1077 2618 1474 2690 expendamus
1507 2636 1519 2676 :
1564 2617 1727 2690 quod
1751 2623 1905 2672 certe
1930 2633 2162 2672 omnem
2197 2631 2360 2671 exce-

711 2710 798 2765 dit
822 2706 1327 2779 ingratitudinem,
1354 2712 1414 2761 ut
1435 2721 1588 2778 opus
1611 2705 1740 2775 ejus
1762 2706 2070 2760 immensas
2100 2711 2173 2761 snt
2194 2704 2364 2785 boni-

712 2796 865 2860 tatis,
898 2800 1169 2851 nostrum
1203 2810 1341 2850 vero
1380 2793 1686 2849 immensze
1716 2794 2181 2863 ingratitudinis.
2215 2796 2365 2867 Erga

712 2884 925 2941 Filium
977 2894 1214 2956 quoque
1266 2882 1439 2939 simili
1500 2884 1725 2938 utimur
1789 2884 2057 2956 perfidia.
2130 2884 2364 2941 Homini

709 2986 960 3047 namque
981 2972 1085 3046 qui
1108 2987 1168 3027 se
1188 2986 1295 3045 pro
1319 2971 1491 3028 nobis
1508 2973 1779 3045 exposuit
1798 2972 2080 3046 periculo.
2098 2980 2364 3046 prompte

710 3078 955 3120 omnem
994 3060 1286 3118 tradimus
1313 3060 1713 3117 substantiam
1748 3081 1761 3122 :
1796 3062 2027 3118 Christo
2074 3079 2212 3119 vero
2258 3064 2361 3136 qui

2472 1903 2727 1953 πιστεύων
2750 1900 2822 1960 εἰς
2850 1899 3004 1951 αὐτὸν
3021 1904 3093 1971 μὴ
3120 1898 3397 1969 ἀπόληται,
3422 1897 3533 1951 ἀλλ’
3558 1901 3663 1973 ἔχη
3688 1901 3819 1960 ζωὴν
3837 1899 4009 1963 αἰώνιον,

2472 1988 2545 2050 εἰς
2581 1987 2867 2061 βεϐαίωσιν
2895 1997 2987 2042 τοῦ
3023 1989 3200 2061 λόγου.

2542 2077 2699 2131 Ἀλλὰ
2726 2084 2861 2141 τίνος
2889 2079 3047 2131 ἕνεκεν
3072 2081 3100 2131 6
3123 2081 3251 2142 Θεὸς
3282 2079 3528 2149 ἠγάπησε
3546 2081 3635 2130 τόν
3660 2086 3841 2151 κόσμον
3866 2096 3877 2143 ;
3908 2082 4011 2130 Παν-

2471 2187 2573 2231 τως
2612 2165 2685 2221 δι’
2715 2165 2867 2222 οὐδὲν
2899 2170 3065 2241 ἕτερον
3104 2169 3134 2228 ἦ
3180 2164 3252 2220 δι’
3290 2167 3574 2244 ὑπερϐολήν
3608 2166 3919 2241 ἂγαθότητος,

2546 2347 2921 2419 Αἰσχυνθώμεν
2963 2342 3052 2400 οὖν
3103 2346 3264 2399 αὑτοῦ
3318 2350 3412 2405 τήν
3463 2344 3687 2418 ἀγάπην.
3740 2347 3884 2409 Αύτός

2470 2441 2571 2510 γὰρ
2604 2433 2727 2490 οὐδε
2772 2445 2856 2489 τοῦ
2888 2439 3011 2490 Υἰού
3051 2446 3144 2489 τού
3184 2444 3482 2509 μονογενοῦς
3530 2434 3753 2509 ipsinam
3786 2432 4002 2505 δι’ἠαάς

2472 2529 2616 2591 ἡμεῖς
2681 2524 2740 2580 δι
2805 2532 2895 2579 καί
2961 2528 3256 2600 χρημάτων
3318 2523 3599 2599 φειδόμεοα
3662 2523 3725 2577 δι’
3767 2524 3909 2585 αὐτόν,
3970 2524 3996 2572 ὁ

2474 2623 2648 2669 πᾶσαν
2739 2615 3084 2690 ὑπερϐέϐηκεν
3152 2621 3310 2676 ὄντως
3385 2614 3706 2687 ἀχαριστίαν·
3760 2616 3814 2672 ὡς
3885 2609 3998 2662 εἶναι

2473 2710 2531 2757 τὸ
2589 2708 2781 2758 ἐκείνου
2846 2708 2935 2778 μεν
3017 2704 3304 2779 ὑπερϐολήν
3391 2703 3708 2777 ἀνισότητος,
3775 2704 3828 2753 τὸ
3900 2701 4007 2770 ἠμέ-

2473 2814 2619 2868 τιρον
2673 2791 2753 2859 δε,
2829 2794 3114 2869 ὑπερϐολὴν
3186 2794 3531 2868 ἀχαριστίας,
3586 2792 3732 2844 Ἀλλὰ
3773 2795 3855 2842 καὶ
3903 2792 4009 2862 πρὸς

2474 2887 2561 2935 τόν
2624 2887 2742 2936 γιον
2816 2888 2908 2942 την
2978 2888 3097 2942 ἰσην
3175 2886 3549 2956 ἀγνωμοσύνην
3611 2888 3860 2957 τηροῦμεν.
3919 2877 4007 2930 Ἀν-

2475 2974 2660 3047 θρώπῳ
2717 2977 2806 3046 μεν
2883 2976 2984 3048 γὰρ
3067 2975 3192 3049 ύπερ
3266 2976 3411 3044 ἡμῶν
3464 2968 3822 3032 κινδυνεύοντι,
3873 2973 4007 3019 πᾶσιν

2472 3064 2746 3136 προθύμως
2798 3060 3123 3134 ίπιδώσομεν
3171 3062 3231 3114 ἂν
3276 3067 3363 3121 τήν
3414 3062 3623 3114 οὐσίαν·
3653 3056 3812 3132 τώδε
3842 3064 4005 3130 Χριστῴ

708 3168 820 3228 pro
864 3150 1040 3209 nobis
1077 3155 1348 3208 mortuus
1379 3156 1484 3221 est,
1514 3167 1708 3225 neque
1746 3151 1903 3207 hanc
1930 3151 2355 3209 benevolentiae

2356 3173 2434 3230 ac
2473 3148 2546 3205 δι’
2603 3154 2740 3224 ἡμᾶς
2810 3150 3144 3221 ἀποθανόντι,
3214 3149 3338 3205 ούδε
3420 3160 3571 3204 τοῦτο
3634 3155 3691 3203 τὸ
3741 3152 3903 3222 μέτρον
3944 3152 4003 3202 τῆς

708 3257 1051 3299 mensuram
1075 3238 1424 3297 exhibemus
1458 3259 1472 3298 :
1503 3240 1607 3296 sed
1648 3240 1856 3298 fratres
1905 3241 2033 3313 ejus
2082 3242 2362 3298 minimos

707 3329 1073 3404 despicimus
1095 3329 1444 3394 esurientes,
1467 3330 1696 3404 aliaque
1718 3331 1976 3403 plurima
2008 3333 2361 3387 sustinentes

707 3421 901 3489 magis
923 3422 1118 3476 autem
1148 3419 1364 3492 ipsum,
1390 3420 1491 3492 qui
1513 3420 1674 3476 mala
1694 3420 1927 3476 illorum
1958 3436 2064 3493 per
2086 3437 2361 3494 compas-

707 3509 939 3566 sionem
970 3524 1080 3582 pro
1107 3509 1231 3563 suis
1272 3508 1450 3565 ducit.

776 3687 939 3742 Vers.
973 3689 1063 3744 t7.
1108 3686 1238 3742 Non
1270 3714 1335 3725 —
1382 3701 1535 3742 eum.
1577 3685 1768 3742 Aliam
1811 3702 2052 3759 quoque
2106 3687 2208 3744 Dei
2260 3705 2362 3745 os-

707 3774 893 3831 tendit
922 3773 1356 3829 humanitatem
1378 3789 1448 3829 ac
1474 3774 1836 3830 ineffabilem
1864 3792 2042 3846 quam
2078 3793 2220 3849 erga
2246 3794 2357 3834 nos

708 3863 853 3931 gerit
879 3876 1108 3916 curam.
1135 3864 1333 3933 Neque
1357 3863 1515 3917 enim
1540 3863 1732 3917 solum
1760 3863 1923 3918 dedit
1953 3865 2154 3920 Filium
2181 3883 2357 3923 suum

705 3950 1099 4019 unigenitum,
1135 3950 1237 4005 sed
1278 3956 1334 4006 et
1366 3951 1660 4022 judicium
1699 3952 1917 4023 rejecit,
1961 3968 2031 4009 ac
2066 3954 2119 4009 in
2153 3971 2361 4012 secun-

705 4037 853 4096 dum
886 4039 1015 4110 ejus
1045 4039 1275 4095 distulit
1310 4039 1654 4097 adventum.

777 4128 905 4185 Duo
936 4128 1231 4203 siquidem
1260 4129 1468 4186 Christi
1495 4135 1632 4186 sunt
1659 4131 1967 4197 adventus,
1997 4133 2099 4205 qui
2120 4133 2249 4205 jam
2278 4133 2359 4191 fa-

704 4222 833 4275 ctus
858 4222 949 4274 est
978 4222 1034 4275 et
1061 4218 1163 4291 qui
1196 4218 1429 4275 futurus
1451 4224 1559 4275 est.
1590 4223 1714 4277 Non
1743 4224 1880 4277 sunt
1909 4227 2107 4278 autem
2142 4223 2201 4279 hi
2235 4224 2357 4281 duo

705 4306 784 4364 ad
813 4306 1053 4363 eosdem
1080 4307 1227 4362 fines
1253 4324 1267 4374 ;
1290 4314 1376 4364 est
1401 4309 1560 4364 enim
1597 4310 1827 4381 primus
1861 4326 1981 4367 non
2011 4316 2073 4367 ut
2095 4312 2358 4386 lnquirat

702 4396 809 4452 sed
830 4401 894 4453 ut
910 4398 1170 4453 remittat
1194 4413 1330 4473 quas
1352 4397 1429 4453 ab
1448 4398 1795 4455 hominibus
1818 4406 2153 4473 perpetrata
2175 4408 2310 4459 sunt
2338 4420 2351 4459 :

2950 3241 3288 3315 φυλάττομεν,
3371 3240 3498 3293 αλλὰ
3576 3248 3867 3316 παρορῶμεν
3923 3237 4004 3293 τοὺς

3634 3338 3890 3388 πεινῶντας
3946 3330 4005 3374 καὶ

2472 3241 2868 3314 εὐγνωμοσύνης

2471 3327 2724 3402 ἀδελφούς
2798 3331 2977 3397 αὐτού,
3026 3336 3145 3394 τοὺς
3219 3331 3552 3403 ἐλαχίστους,

2471 3417 2505 3472 δ
2513 3420 2737 3490 ιψώντας
2765 3463 2778 3486 ,
2901 3426 2991 3472 καὶ
3093 3420 3257 3473 τᾶλλα
3355 3424 3525 3473 πάντα
3619 3419 4004 3471 κακοπαθοῦντας.

2469 3509 2659 3582 μᾶλλον
2715 3506 2774 3562 δι
2826 3510 2980 3562 αὐτὸν
3036 3507 3242 3579 ἐκεῖνον,
3297 3514 3384 3563 τὸν
3422 3512 3487 3562 τὰ
3536 3507 3741 3563 ἐκείνων
3781 3506 4007 3578 συμπαθῶς

2468 3599 2831 3671 οἰκειούμενον.

2541 3689 2618 3743 Ou’
2650 3719 2717 3729 —
2743 3688 2920 3742 αὐτοῦ.
2968 3693 3207 3742 Δείκνυσι
3244 3693 3334 3741 καὶ
3384 3688 3542 3747 ἀλλην
3595 3688 3692 3741 τοῦ
3738 3692 3857 3741 Θεοῦ
3881 3682 4013 3756 φιλαν-

2471 3779 2700 3851 θρωπίαν
2758 3783 2846 3830 καὶ
2905 3775 3219 3850 κηδεμονίαν
3267 3779 3480 3850 ἄφατον.
3515 3779 3592 3830 Ού
3647 3784 3802 3851 μόνον
3828 3775 3913 3845 τὰρ
3953 3774 4012 3820 τὸν

2468 3869 2586 3919 ria»
2626 3867 2787 3919 αὑτοῦ
2839 3871 2925 3920 τὸν
2982 3875 3223 3940 μονογενῇ
3267 3864 3475 3932 ἕδωκεν,
3510 3866 3639 3919 ἀλλὰ
3684 3872 3774 3918 καὶ
3811 3870 3894 3922 τὴν
3934 3866 4015 3932 ιρι-

2470 3973 2553 4008 σιν
2584 3956 2873 4023 ἀνεϐάλετο,
2904 3961 2992 4009 καὶ
3041 3954 3110 4019 εἷς
3141 3963 3234 4016 τὴν
3267 3953 3513 4033 δευτέραν
3559 3961 3852 4029 παρουσίαν
3894 3952 4015 4006 triti?

2468 4044 2511 4098 ἂι
2525 4050 2829 4118 αμιιύσατο.

2537 4139 2635 4189 Δύο
2680 4139 2781 4210 γὰρ
2816 4138 2869 4188 αἰ
2915 4145 3003 4189 τοῦ
3048 4143 3282 4210 Χριστοῦ
3337 4141 3649 4208 παρουσίαι,
3680 4138 3710 4194 ἠ
3770 4130 3869 4193 ἤδη
3905 4146 4017 4203 γετί-

2464 4231 2653 4298 νημὲνη
2713 4238 2802 4279 καί
2860 4228 2889 4285 ἡ
2941 4225 3219 4298 μέλλουσα.
3253 4226 3364 4277 Ούκ
3395 4226 3478 4278 ἐπὶ
3520 4233 3626 4286 τοὶς
3677 4226 3847 4285 αὐτοῖς
3891 4219 3941 4275 6’s
3983 4219 4017 4269 αὶ

2466 4312 2584 4370 δύο.
2648 4316 2780 4367 Ἀλλ’
2822 4318 2851 4374 ἡ
2898 4321 3078 4388 πρώτη
3250 4315 3353 4386 οὐχ
3410 4317 3492 4367 ἱνα
3526 4314 3745 4388 ἕξετείση
3779 4318 3841 4366 τὰ
3870 4327 4015 4381 1:51:92-

2463 4409 2626 4476 γμὲνα
2697 4412 2808 4466 τοῖς
2870 4403 3183 4478 ἀνθρώποις,
3267 4402 3374 4456 ἀλλ’
3467 4406 3549 4456 ἶνα
3625 4403 3755 4477 ἀφῇ.
3846 4399 4016 4469 δευτέρα

703 4487 1003 4585 secundus
1046 4503 1185 4544 vero
1228 4502 1347 4542 non
1395 4493 1455 4542 ut
1498 4489 1772 4555 remittat,
1815 4489 1921 4545 sed.
1953 4494 2016 4546 ut
2072 4490 2349 4564 inquirat.

2385 4530 2429 4585 ι)
2467 4490 2526 4547 δι
2555 4494 2659 4567 οὐχ
2688 4496 2769 4547 ἳνα
2800 4493 2925 4567 ἁφῇ,
2960 4494 3067 4545 ἀλλ’
3091 4496 3173 4546 ἵνα
3202 4492 3440 4566 ὶξετοίση.
3466 4500 3573 4547 Νῦν
3605 4502 3704 4555 τῆς
3730 4501 3928 4568 πρώτης
3958 4483 4016 4540 οὖν

705 4574 806 4631 Hic
838 4591 979 4645 ergo
1009 4576 1083 4631 de
1116 4575 1300 4647 primo
1334 4575 1615 4648 loquitur.

771 4665 943 4736 Atqui
965 4665 1144 4720 etiam
1165 4666 1392 4735 primus
1410 4665 2082 4733 condemnationiserat,
2113 4669 2159 4723 si
2188 4671 2351 4742 quod

701 4767 911 4807 verum
952 4758 1038 4808 est
1077 4752 1241 4809 fateri
1297 4753 1607 4819 volumus;
1654 4771 1795 4812 nam
1852 4762 1988 4812 ante
2047 4758 2206 4815 hunc
2260 4759 2349 4816 lex

701 4840 993 4896 naturalis
1009 4842 1327 4907 erut,etlex
1355 4844 1569 4916 scripta
1594 4862 1662 4900 ac
1695 4846 2023 4917 prophetis,
2065 4847 2351 4905 doctrinm

701 4934 760 4985 et
788 4929 1096 5002 signorum
1125 4931 1534 4996 exhibitiones.
1568 4933 1803 5008 aliaque
1834 4935 2023 4991 multa
2051 4950 2186 5008 quae
2220 4940 2351 4994 vitas

698 5018 972 5075 instituta
988 5019 1348 5092 corrigerent
1372 5042 1384 5077 :
1400 5026 1456 5077 et
1469 5036 1845 5095 consequens
1860 5031 1984 5080 erat
2000 5030 2055 5079 ut
2079 5027 2350 5083 omnium

700 5109 1204 5179 transgressiones
1243 5110 1612 5182 punirentur.
1666 5112 1775 5168 Sed
1818 5128 1958 5169 cum
2016 5115 2349 5172 admodum

698 5196 1004 5252 humanus
1069 5203 1242 5265 esset,
1296 5214 1417 5255 non
1484 5201 1681 5255 statim
1736 5200 1811 5256 de
1869 5202 2040 5257 malis
2096 5203 2352 5275 inquire-

698 5286 824 5352 bat,
858 5286 963 5342 sed
1004 5286 1383 5356 ignoscebat;
1435 5305 1579 5345 nam
1628 5290 1675 5345 si
1720 5289 2086 5363 inquisisset,
2138 5308 2351 5348 omnes

700 5375 870 5431 simul
913 5375 1140 5448 abrepti
1181 5384 1395 5444 essent,
1451 5394 1661 5435 omnes
1719 5380 2014 5453 siquidem
2070 5396 2354 5454 peccave-

698 5468 835 5521 rant
867 5466 936 5519 ⁵³.
969 5466 1135 5522 Nunc
1160 5481 1302 5536 ergo
1334 5467 1489 5525 venit
1527 5473 1589 5525 ut
1635 5469 1709 5526 de
1749 5470 2063 5543 praeteritis
2115 5470 2352 5529 veniam

769 5669 818 5706 ⁵³
846 5671 1024 5731 Rom.
1055 5690 1113 5741 ll,
1144 5678 1233 5732 23.

2464 4587 2580 4659 πέρι
2612 4589 2760 4656 φησί.

2536 4677 2716 4725 Καίτοι
2748 4677 2835 4724 καὶ
2881 4674 2912 4730 η
2946 4678 3122 4745 πρώτη
3176 4677 3392 4747 κρίσεώς
3427 4668 3488 4730 ἦν
3541 4671 3601 4723 ἂν
3646 4676 3786 4724 κατὰ
3840 4675 3916 4723 τὸν
3957 4672 4017 4717 τοῦ

2464 4758 2673 4814 δικαίου
2700 4761 2871 4834 λόγον,
2907 4758 3047 4814 διότι
3100 4765 3197 4835 πρὸ
3238 4766 3431 4823 ταύτης
3483 4766 3572 4813 καὶ
3602 4782 3758 4833 νομος
3802 4759 3861 4820 ἧν
3902 4774 4014 4831 φύσι·

2461 4855 2552 4914 κός
2590 4857 2678 4904 καὶ
2707 4857 2857 4923 νόμος
2885 4854 3119 4923 γραπτὸς
3148 4855 3236 4902 καὶ
3284 4857 3541 4923 προφῆται
3587 4856 3678 4902 καί
3715 4847 4015 4903 διδασκαλίαι

2461 4946 2548 4993 καὶ
2582 4946 2808 5011 σημείων
2839 4936 3115 5003 ἐπιδείξεις
3160 4943 3248 4992 καὶ
3296 4939 3461 4992 πολλὰ
3502 4943 3567 4992 τὰ
3609 4936 3917 5013 διορθοῦντα
3951 4936 4015 4989 τὶν

2459 5030 2741 5096 πολιτείαν,
2796 5034 2884 5081 καί
2951 5028 3227 5081 ἀκόλουθον
3280 5025 3338 5087 ὃν
3388 5028 3600 5091 εὐθύνας
3648 5030 3857 5081 πάντων
3903 5025 4015 5076 ἆται·

2460 5121 2702 5178 τηθῇναι·
2759 5117 2867 5171 ἀλλ’
2914 5121 2983 5179 ὡς
3020 5119 3151 5190 ἄγαν
3213 5117 3590 5191 φιλάνθρωπος,
3647 5117 3746 5170 οὔκ
3799 5116 3936 5174 εὐθὺς
3980 5109 4010 5161 ἓν

2459 5216 2522 5281 τῇ
2576 5213 2755 5281 πρώτη
2823 5207 3105 5265 ἐποιήσατο
3162 5206 3414 5275 ἐξέτασιν,
3484 5206 3611 5259 ἀλλὰ
3674 5211 4006 5278 συγχώρησιν.

2462 5298 2523 5350 Εἰ
2568 5302 2671 5370 γὰρ
2716 5296 2955 5363 ἐξήτασε,
3014 5298 3195 5357 πάντες
3248 5294 3308 5347 ἂν
3380 5293 3567 5369 ἁθρόον
3615 5294 4009 5371 ἀνηρπάσθπσειν-

2462 5389 2656 5448 Πάντες
2681 5388 2783 5461 γὰρ
2817 5388 3066 5461 ἦμαρτον,
3111 5389 3263 5458 φησί.
3311 5391 3420 5438 Νῦν
3605 5384 3696 5436 οὖν
3748 5381 3856 5449 ἧκε,
3921 5397 4010 5446 ση-

2461 5483 2652 5549 χωρῶν
2682 5482 2773 5547 μεν
2824 5476 2890 5527 τὰ
2938 5478 3186 5550 πρότερα,
3224 5473 3635 5547 ἀσφαλιζόμενος
3693 5470 3754 5527 δι
3807 5473 3922 5546 πρὸς
3965 5464 4009 5515 τὰ
