4170 6438
166 359 308 416 1173

167 485 449 559 μελλοντα·
479 485 700 557 ὕστερον
747 480 806 536 δε
851 485 962 545 ἣξει
1008 492 1200 556 κρῖναι,
1252 487 1340 534 καὶ
1378 484 1502 542 τοῦς
1547 483 1618 552 μή
1670 496 1775 530 πει·
1804 473 1855 528 Δ

170 577 386 638 σθίντας
420 574 656 628 εύθῦναι.
690 573 749 627 Εἰ
778 577 850 646 μὴ
891 569 1062 636 ἦλθον,
1093 575 1211 646 γὰρ,
1243 576 1394 644 φησὶ,
1422 574 1512 622 καὶ
1547 567 1779 625 ἐλάλησα

169 670 368 728 αῦτοίς,
405 662 667 735 ἁμαρτίαν
717 661 810 714 οῦκ
868 659 1051 733 εἶχονο
1104 668 1191 712 νῦν
1255 657 1314 712 δε
1371 662 1632 731 πρόφασιν
1684 655 1777 707 οῦκ

170 755 363 825 ἔχουσι
384 756 503 828 περὶ
533 759 632 813 τῆς
662 749 917 826 ἁμαρτίας
947 749 1136 803 αὐτῶν.

241 841 300 893 Ὀ
336 871 398 880 -
430 845 680 914 κρίνεται.
729 838 788 892 Ὀ
817 841 1075 891 πιστεύων
1104 841 1353 909 γνησίως,
1410 840 1572 906 ἤγουν
1620 835 1647 886 6
1690 837 1780 885 καὶ

175 928 443 1003 φυλάττῶν
472 933 562 990 τὰς
592 928 798 990 ἐντολὰς
828 927 1006 980 αύτοῦ.
1038 933 1162 1002 Περὶ
1190 929 1292 1001 γὰρ
1321 935 1418 978 τῶν
1436 929 1507 996 μὴ
1532 925 1777 976 τοιούτων

177 1023 338 1092 φησὶν
369 1021 394 1071 6
436 1018 654 1084 Παῦλος,
687 1019 766 1070 ὃτι
798 1021 924 1071 Θεὸν
955 1016 1298 1090 ὁμολογοῦσιν
1329 1011 1540 1085 εἰδέναι,
1574 1019 1678 1074 τοῖς
1721 1008 1780 1065 δε

177 1111 348 1182 ἔργοις
380 1107 675 1184 ἀρνοῦνται.

243 1286 304 1339 Ὀ
335 1319 403 1329 —
443 1294 595 1342 Θεοῦ,
657 1285 855 1358 Ὠσπερ
885 1288 986 1358 γὰρ
1037 1285 1221 1337 ἐκεῖνον
1253 1285 1283 1340 ἡ
1330 1287 1507 1344 πίστις
1565 1279 1779 1344 ἐξείλετο

172 1385 264 1437 τῆς
325 1380 543 1449 κρίσεως
598 1379 700 1451 πρό
755 1384 840 1435 τῆς
892 1379 1133 1448 κρίσεως,
1193 1371 1326 1424 οὕτω
1377 1377 1467 1424 καὶ
1517 1379 1698 1424 τοῦτον
1746 1371 1776 1429 ἠ

176 1465 401 1518 ἀπιστία
462 1470 730 1540 κατέκρινε
798 1467 899 1538 πρὸ
968 1471 1060 1524 τῆς
1131 1467 1508 1538 κατακρίσεως.
1587 1464 1686 1513 Καὶ
1755 1461 1780 1512 6

177 1558 352 1628 φονεύς
381 1557 503 1628 γὰρ,
553 1559 644 1607 καὶ
673 1559 773 1615 πᾶς
798 1552 1199 1626 πλημμελήσας,
1226 1559 1288 1624 τῇ
1347 1554 1496 1624 φύσει
1547 1551 1636 1622 μὶν
1688 1556 1781 1600 τοῦ

176 1645 553 1718 ἁμαρτήματος
591 1643 781 1695 αύτικα
817 1638 1272 1695 καταδεδίκασται
1297 1658 1309 1670 ⁸
1342 1648 1404 1714 τῇ
1436 1638 1693 1713 ἀποφάσει
1723 1634 1782 1690 δε

171 1741 270 1786 τοῦ
302 1735 580 1809 ἄρχοντος,
617 1733 853 1805 ὕστερον.

249 1827 349 1876 Καὶ
413 1822 530 1874 καθ’
602 1822 770 1894 ἕτερον
855 1817 914 1874 δε
996 1824 1206 1895 τρόπον.
1283 1818 1520 1891 Ἐπείπερ
1587 1815 1782 1888 ἔμελλεν

173 1913 204 1970 ἡ
269 1915 466 1985 κρίσις,
521 1916 613 1963 καὶ
675 1910 734 1963 ού
765 1917 936 1983 παρῆν
982 1909 1132 1980 ἐγγύς
1167 1913 1330 1980 ἤγαγε
1377 1911 1462 1960 τόν
1494 1906 1647 1979 φόϐον
1691 1913 1786 1967 τῆς

181 1998 502 2062 καταδίκης.

250 2088 336 2149 Εἰς
366 2091 424 2140 1'6
457 2092 616 2159 ὄνομα
648 2083 728 2153 δὲ,
757 2086 868 2139 ἀντὶ
892 2094 1004 2153 τοῦ,
1031 2087 1116 2147 Εἰς
1138 2085 1309 2138 αὐτόν.
1330 2082 1553 2157 ’ἰδίωμα
1576 2086 1677 2157 γὰρ
1699 2088 1789 2136 καὶ

177 2185 329 2230 τοῦτο
359 2185 456 2238 τῆς
499 2173 776 2250 Ἐϐραίδος
825 2184 1050 2250 γραφῆς,
1091 2174 1174 2227 ἐπὶ
1214 2183 1306 2227 τοῦ
1355 2182 1489 2227 Θεοῦ
1541 2177 1598 2226 τό
1631 2175 1791 2245 ὄνομα

178 2266 340 2320 αὐτοῦ
369 2265 666 2338 λαμϐάνειν,
701 2264 808 2317 ἀντ’
838 2265 1019 2329 αὐτοῦ,
1056 2261 1126 2317 δι’
1163 2263 1449 2317 εὐλάϐειαν.

1817 1829 1863 1888 Β

253 2355 395 2412 Αύτη
438 2385 503 2394 -
543 2362 667 2426 φῶς.
704 2354 844 2412 Αὕτη
903 2353 1047 2406 ἐστὶν
1093 2356 1122 2412 ἡ
1182 2355 1514 2426 κατάκρισις,
1573 2362 1672 2405 τῶν
1716 2356 1787 2424 μὴ

179 2450 550 2515 πιστευόντων,
608 2440 701 2495 διὰ
743 2453 896 2496 τοῦτο
940 2449 1366 2517 κατακρίνονται,
1428 2445 1508 2495 ὅτι
1561 2442 1794 2502 ἐλθόντος

179 2542 272 2586 τοῦ
303 2537 471 2605 φωτός
501 2542 598 2594 τῆς
632 2539 892 2605 γνώσεως,
929 2538 1018 2585 καὶ
1048 2543 1138 2593 τῆς
1185 2530 1430 2594 ἀληθείας
1478 2532 1549 2594 εὶς
1581 2532 1791 2593 αύτούς·

176 2622 312 2694 λέγει
377 2619 436 2675 δε
493 2630 646 2675 τοῦτο
703 2628 822 2697 περὶ
889 2623 1075 2675 ἑαυτοῦ
1106 2640 1118 2652 ·
1161 2623 1448 2694 ἠγάπησαν
1500 2620 1690 2694 μᾶλλον
1732 2621 1791 2671 1'6

183 2717 373 2774 σκότος
411 2721 504 2774 τῆς
551 2711 766 2782 ἀγνοίας
809 2716 900 2763 καὶ
947 2719 1038 2764 τοῦ
1087 2709 1319 2782 ψεύδους
1370 2711 1481 2782 (36)
1541 2712 1684 2782 παρὰ
1734 2711 1792 2760 1'6

185 2809 311 2872 φῶς.
351 2800 410 2852 Ὀ
457 2803 547 2872 μεν
604 2803 727 2872 γὰρ,
785 2799 1000 2861 ἀπόντος
1036 2807 1126 2852 τοῦ
1176 2803 1358 2871 φωτός,
1407 2803 1567 2871 μένων
1619 2797 1665 2849 ἐν
1719 2805 1790 2868 τῷ

186 2895 381 2957 σκότει,
459 2889 608 2960 λόγον
665 2893 794 2951 ἴσως
849 2890 948 2952 ἔξει
1020 2892 1157 2953 τινὰ,
1230 2895 1320 2942 καὶ
1379 2889 1491 2960 (37)
1547 2890 1646 2961 γὰρ
1703 2891 1792 2939 καὶ

183 2987 365 3032 τοῦτον
419 2976 527 3031 ἔδει
572 2983 643 3050 μὴ
709 2979 866 3040 οὕτως
916 2982 1079 3050 ἔχειν,
1131 2977 1258 3030 ἀλλά
1315 2979 1488 3039 ζητεῖν
1544 2980 1602 3029 τό
1665 2985 1788 3048 φῶςο

187 3069 212 3119 6
246 3065 322 3134 δε,
361 3075 452 3120 τοῦ
484 3071 646 3139 φωτός
696 3067 925 3129 ἐλθόντος
980 3068 1051 3129 εἰς
1082 3067 1258 3135 αὐτόν,
1301 3070 1375 3119 ἔτι
1431 3063 1791 3139 προσεδρεύων

186 3163 259 3225 τῷ
316 3160 507 3218 σκότει,
568 3157 746 3215 πάσης
801 3153 1082 3226 ἀπολογίας
1130 3154 1423 3229 ἐστέρηται.
1467 3161 1653 3224 Ψυχῆς
1689 3155 1790 3226 γὰρ
1827 3182 1872 3239 C

189 3239 624 3315 διεστραμμένης,
681 3246 828 3314 μύειν
878 3247 1005 3315 πρὸς
1060 3246 1118 3294 τό
1178 3240 1278 3314 φῶς
1343 3248 1430 3294 καὶ
1488 3241 1792 3302 ἐθελουσίως

190 3333 553 3400 σκοτίζεσθαι,
617 3336 707 3383 καὶ
757 3335 828 3403 μὴ
883 3335 1036 3403 μόνον
1094 3336 1163 3403 μὴ
1240 3331 1396 3383 αὐτόν
1450 3331 1609 3382 ἐλθεῖν
1667 3333 1792 3403 πρὸς

184 3425 242 3474 τὸ
277 3430 399 3494 φῶς,
443 3419 570 3472 ἀλλὰ
598 3425 686 3471 καὶ
717 3423 1032 3486 τούναντίον,
1086 3428 1176 3471 τοῦ
1225 3424 1394 3492 φωτός
1437 3419 1625 3492 μᾶλλον
1667 3422 1792 3491 πρὸς

187 3511 343 3563 αὐτόν
384 3509 635 3573 ἐλθόντος,
677 3511 877 3581 φεύγειν
902 3514 992 3561 καὶ
1020 3508 1439 3581 ἀποστρέφεσθαι
1470 3513 1563 3566 τὴν
1607 3504 1792 3560 ἑαυτοῦ

189 3604 473 3674 σωτηρίαν.
511 3596 635 3652 Εἶτα
658 3600 843 3657 τίθησι
870 3603 961 3650 καὶ
985 3603 1078 3658 τὴν
1118 3598 1288 3652 αἰτίαν
1319 3595 1394 3652 δι’
1424 3601 1485 3658 ἧν
1510 3599 1792 3670 ἠγάπησαν

187 3693 247 3741 τό
290 3693 492 3751 σκότος.

258 3778 354 3830 Ἦν
433 3809 498 3819 σ-
579 3781 725 3854 ἔργα.
809 3779 902 3829 Διά
951 3785 1106 3830 τοῦτο
1159 3774 1246 3830 οὖν
1299 3778 1484 3849 ἔφυγον
1543 3779 1600 3829 τό
1669 3785 1791 3848 φῶς,

188 3871 272 3921 ἵνα
313 3871 383 3940 μὴ
448 3874 714 3940 φανερώση
775 3868 926 3921 αύτά.
980 3873 1165 3920 Καίτοι
1221 3867 1315 3920 ούκ
1381 3863 1528 3924 ἦλθεν
1583 3868 1664 3918 ἶνα
1711 3865 1792 3929 ἐξ·

185 3960 368 4030 ετάσῃ,
394 3955 501 4009 ἀλλ’
534 3959 615 4009 ἵνα
645 3961 1004 4029 συγχωρήσῇ.
1036 3960 1121 4008 Διό
1147 3961 1236 4008 καὶ
1269 3955 1456 4026 μᾶλλον
1481 3952 1586 4008 ἔδει
1625 3975 1794 4031 προσ-

187 4045 433 4122 δραμεῖν,

261 4143 368 4197 Πᾶς
397 4144 611 4208 -φῶς,
644 4134 776 4196 Ἐως
818 4134 878 4187 ἂν
925 4135 1094 4202 φαῦλα
1137 4138 1389 4208 πράσσοι,
1443 4138 1536 4196 ἕως
1586 4137 1792 4195 τούτοις

188 4226 551 4298 ἂγκαταμένοι.

263 4319 359 4366 Καὶ
392 4345 461 4354 —-
489 4313 668 4366 αὐτοῦ.
701 4312 1037 4385 Φοϐούμενος,
1072 4309 1336 4370 δηλονότι.

259 4403 319 4455 Ὀ
375 4434 440 4443 —
512 4412 632 4474 φῶς.
687 4402 747 4455 Ὀ
804 4405 1044 4477 πράττων
1101 4405 1160 4454 τὸ
1225 4402 1384 4468 εὐθες,
1447 4403 1472 4454 6
1528 4401 1796 4454 πολιτευό-

191 4511 341 4565 μενος
415 4491 594 4565 ὀρθῶς,
676 4494 889 4566 ἔρχεται
977 4495 1103 4566 πρὸς
1185 4494 1243 4543 τὸ
1298 4499 1426 4564 φῶς,
1491 4489 1673 4562 ἀγαπᾴ
1736 4495 1874 4592 16D

193 4603 269 4655 φω
280 4603 317 4644 ς.

261 4668 372 4724 Ἵνα
399 4701 463 4709 -
485 4671 630 4743 ἔργα.
661 4669 784 4723 ’Υπό
812 4671 923 4741 (38)
950 4677 1040 4722 τοῦ
1076 4673 1260 4742 φωτός
1291 4669 1385 4722 οῦκ
1417 4667 1796 4742 ἐπαισχύνεται

190 4763 292 4835 γὰρ
321 4760 472 4813 αύτά.

260 4856 380 4902 Ὂτι
412 4881 478 4889 —
501 4850 831 4925 εἰργασμένα.
863 4847 980 4900 Ὀτι
1009 4849 1143 4901 κατά
1165 4853 1291 4902 Θεόν
1313 4849 1462 4914 εἰσιν,
1493 4850 1570 4900 ὅτι
1599 4847 1794 4924 ἀρεστά

192 4948 262 5011 τῷ
295 4947 430 5010 Θεῷ.

267 5119 314 5153 ⁵³
338 5121 355 5141 '
377 5119 542 5174 Joan.
570 5133 664 5173 xv.
691 5121 780 5172 22.
823 5118 871 5154 ⁸⁸
893 5116 1003 5173 Tit.
1047 5133 1062 5170 ι
1095 5120 1180 5174 16.

1185 351 1558 414 COMMENT.
1605 351 1675 406 IN
1713 341 2066 404 JOANNEM.
2109 379 2176 390 —
2215 350 2376 407 CAP.
2417 350 2512 407 Ill.

3425 345 3569 407 1174

1890 474 2129 540 tribuat,
2158 481 2214 531 et
2233 475 2307 532 de
2338 475 2549 532 futuris
2581 492 2824 533 securos
2874 475 3099 532 reddat.
3143 476 3548 532 Postmodum

1890 569 2078 619 autem
2108 564 2302 620 veniet
2343 569 2402 620 ut
2428 565 2804 627 condemnet,
2833 569 2890 620 et
2919 565 2993 620 de
3019 565 3112 619 his
3143 565 3247 636 qui
3278 578 3400 619 non
3433 579 3557 619 cre-

1888 652 2172 709 diderunt
2200 653 2484 709 ultionem
2512 658 2728 709 sumat.
2759 653 2826 710 Si
2848 669 2966 709 non
2993 653 3294 718 venissem,
3328 652 3543 724 inquit,

1888 749 1942 800 et
1973 743 2296 799 locutuseis
2318 743 2583 812 fuissem,
2599 747 2905 811 peccatum
2930 759 3050 798 non
3065 743 3534 798 haberentmunc

1889 837 2083 888 autem
2112 832 2544 889 excusationem
2574 847 2694 887 non
2723 832 2942 888 habent
2975 832 3048 888 de
3067 839 3311 901 peccato
3336 846 3442 886 suo
3468 832 3538 885 ⁸³.

1961 921 2126 977 Vers.
2179 921 2266 976 18.
2330 921 2441 989 Qui
2499 952 2564 961 ο-
2616 923 3061 977 condemnatur.
3123 921 3233 986 Qui
3289 919 3540 991 legitime

1889 1009 2096 1076 credit,
2151 1009 2234 1066 vel
2275 1011 2376 1082 qui
2424 1015 2620 1066 servat
2654 1011 2833 1066 etiam
2873 1010 2998 1082 ejus
3039 1014 3341 1080 pracepta.
3394 1011 3544 1064 Nam

1889 1099 1964 1154 de
1991 1099 2080 1154 his
2110 1099 2213 1171 qui
2238 1099 2384 1156 tales
2421 1114 2542 1154 non
2583 1103 2744 1170 sunt,
2797 1099 2880 1155 ait
2933 1098 3252 1172 Apostolus
3294 1117 3306 1156 :
3349 1098 3546 1166 Conﬁ-

1891 1192 2090 1244 tentur
2129 1203 2190 1244 se
2242 1189 2389 1244 scire
2434 1190 2635 1252 Deum,
2691 1187 2874 1257 factis
2939 1193 3133 1245 autem
3200 1194 3422 1256 negant
3481 1186 3553 1239 “.

1962 1279 2119 1332 Vers.
2176 1278 2262 1332 18.
2322 1278 2434 1344 Qui
2485 1308 2554 1318 —
2609 1277 2732 1334 Dei.
2785 1279 2933 1333 Nam
2991 1277 3143 1332 sicut
3191 1275 3360 1331 illum
3404 1275 3554 1330 ﬁdes

1891 1366 2110 1422 exemit
2134 1366 2642 1435 condemnationi,
2674 1367 2757 1422 ita
2784 1367 2943 1421 hunc
2985 1365 3376 1422 incredulitas
3418 1369 3558 1422 ante

1886 1456 2182 1526 judicium
2212 1455 2634 1511 condemnavit
2662 1469 2675 1511 :
2703 1455 3010 1512 homicida
3023 1457 3184 1511 enim
3211 1457 3268 1509 et
3302 1454 3561 1526 quicun-

1890 1560 2007 1617 que
2045 1544 2354 1617 delinquit,
2388 1559 2456 1599 οι
2487 1549 2702 1601 natura
2731 1544 2959 1617 peccati
3021 1543 3220 1600 statim
3261 1542 3558 1598 condem-

1894 1637 2074 1691 natus
2127 1639 2237 1699 est,
2291 1633 2394 1688 sed
2433 1634 2826 1706 postmodum
2880 1633 3176 1690 sententia
3242 1631 3556 1705 principis.

1969 1814 2098 1869 Alio
2119 1828 2360 1886 quoque
2385 1811 2565 1869 modo
2593 1829 2606 1868 :
2636 1812 2782 1878 Quia
2807 1811 3102 1884 judicium
3128 1823 3252 1867 non
3266 1813 3558 1884 eratpra-

1899 1918 2037 1959 sens
2057 1903 2162 1957 sed
2192 1900 2478 1971 futurum,
2497 1899 3022 1958 condemnationis
3052 1900 3330 1960 timorem
3361 1915 3551 1974 prope

1897 1993 2170 2050 adduxn.

1967 2084 2037 2138 In
2064 2098 2272 2138 nomen
2295 2085 2516 2148 autem,
2545 2081 2660 2137 hoc
2690 2085 2793 2148 est,
2821 2081 2881 2138 in
2911 2081 3150 2153 ipsum:
3181 2096 3327 2137 nam
3353 2084 3411 2138 et
3439 2080 3555 2138 hoc

1894 2171 2122 2228 idioma
2141 2177 2227 2227 est
2251 2173 2559 2243 scripturas
2589 2171 3021 2240 Hebraicze,ubi
3050 2171 3126 2226 de
3156 2174 3274 2227 Deo
3296 2171 3559 2244 loquun-

1897 2267 2007 2328 tur,
2043 2277 2254 2334 capere
2281 2275 2502 2318 nomen
2530 2261 2658 2332 ejus
2685 2276 2794 2333 pro
2824 2261 2977 2333 ipso,
3011 2260 3314 2331 religionis
3345 2261 3561 2331 gratia.

1968 2354 2133 2406 Vers.
2181 2352 2268 2411 19.
2326 2353 2474 2408 Haec
2531 2382 2600 2390 —
2642 2350 2850 2407 lucem.
2899 2353 3032 2407 Haec
3084 2354 3176 2406 est
3224 2350 3559 2406 inﬁdelium

1899 2438 2322 2495 condemnatio
2377 2457 2391 2495 :
2452 2443 2698 2511 propter
2726 2437 2842 2495 hoc
2885 2438 3386 2504 condemnentur,
3414 2437 3558 2511 quia

1899 2528 2168 2584 veniente
2199 2528 2277 2584 ad
2315 2543 2418 2584 eos
2466 2527 2593 2584 luce
2643 2529 2902 2584 scientia:
2958 2543 3026 2584 ac
3073 2527 3338 2584 veritatis
3392 2527 3558 2600 (dicit

1899 2623 2101 2674 autem
2135 2617 2246 2673 hoc
2293 2619 2368 2673 de
2398 2617 2623 2688 seipso)
2672 2617 3002 2672 dilexerunt
3047 2617 3240 2688 magis
3285 2615 3557 2673 tenebras

1899 2707 2255 2776 ignorantia
2311 2723 2380 2762 ac
2433 2706 2726 2763 mendacii
2775 2721 2958 2778 quam
3005 2707 3221 2762 lucem.
3265 2709 3415 2762 Nam
3457 2705 3561 2778 qui

1903 2796 2148 2852 absente
2195 2795 2326 2852 luce
2385 2801 2588 2852 manet
2644 2793 2706 2850 in
2765 2795 3040 2865 tenebris,
3107 2795 3557 2851 excusationem

1902 2885 2171 2943 fortassis
2218 2885 2479 2958 aliquam
2529 2885 2770 2942 habebit
2823 2901 2836 2941 :
2893 2901 3250 2958 quanquam
3289 2890 3346 2941 et
3393 2885 3556 2940 hunc

1902 2975 2169 3046 oportuit
2193 2991 2313 3031 non
2347 2975 2428 3032 ita
2469 2991 2531 3030 se
2565 2975 2806 3038 habere,
2861 2975 2966 3030 sed
3004 2973 3200 3030 lucem
3240 2987 3507 3046 quaerere
3541 2988 3555 3028 ι

1903 3064 2004 3134 qui
2035 3079 2176 3119 vero
2209 3064 2475 3119 veniente
2524 3064 2602 3118 ad
2651 3079 2715 3118 se
2757 3063 2888 3118 luce
2947 3063 3136 3119 adhuc
3194 3063 3254 3118 in
3304 3061 3558 3118 tenebris

1904 3152 2138 3217 residet,
2172 3153 2332 3207 omni
2366 3151 3066 3223 privaturexcusatione:
3100 3165 3379 3207 aversum
3399 3151 3560 3207 enim

1903 3240 2174 3296 animum
2196 3239 2272 3295 ad
2303 3240 2498 3295 lucem
2543 3239 2786 3305 claudit,
2828 3243 2882 3296 et
2928 3239 3259 3296 voluntarie
3305 3239 3561 3295 tenebris

1902 3327 2226 3384 oﬂunditur
2267 3343 2419 3384 :nec
2459 3327 2647 3383 solum
2693 3329 2770 3384 ad
2818 3328 3013 3384 lucem
3061 3343 3183 3383 non
3224 3329 3403 3393 venit,
3455 3327 3562 3384 sed

1902 3433 1934 3472 e
1959 3417 2193 3471 diverso
2207 3432 2340 3472 cum
2359 3416 2663 3485 maglslux
2677 3415 2753 3472 ad
2771 3431 2833 3472 se
2870 3415 3090 3481 veniat,
3114 3416 3281 3486 fugit,
3311 3421 3418 3472 eta
3447 3429 3560 3471 sua

1902 3506 2183 3564 avertitur
2211 3505 2398 3562 salute
2434 3506 2579 3578 (aa).
2623 3505 2845 3561 Deinde
2892 3505 3072 3561 etiam
3108 3519 3358 3562 causam
3388 3503 3561 3577 ponit

1902 3600 2145 3670 prapter
2169 3607 2353 3666 quam
2382 3593 2716 3651 dilexerunt
2743 3594 3045 3651 tenebras.

1973 3777 2141 3835 Vers.
2174 3778 2260 3832 t9.
2300 3777 2499 3833 Erant
2541 3807 2607 3817 —
2647 3789 2847 3845 opera.
2899 3773 3034 3830 Ideo
3072 3787 3213 3843 ergo
3244 3773 3442 3830 lucem
3474 3771 3564 3829 fu-

1902 3872 2136 3939 gerunt,
2178 3883 2253 3922 ne
2323 3883 2394 3924 ea
2437 3865 2868 3922 manifestaret.
2910 3864 3085 3937 Atqui
3126 3877 3250 3920 non
3280 3864 3441 3920 venit
3497 3868 3561 3919 ut

1903 3958 2182 4029 inquirat,
2227 3956 2333 4012 sed
2370 3956 2566 4028 potius
2582 3956 2954 4026 utignoscat;
2997 3959 3054 4010 et
3082 3954 3219 4010 ideo
3245 3968 3555 4010 accurrere

1906 4047 2100 4116 magis
2126 4047 2466 4118 oportebat.

1976 4135 2142 4190 Vers.
2166 4139 2252 4190 20.
2287 4136 2488 4191 Omnis
2518 4166 2582 4175 —
2624 4135 2832 4190 lucem.
2866 4132 3141 4198 Quandiu
3169 4131 3331 4188 mala
3352 4145 3562 4204 opera-

1905 4231 1998 4280 tus
2025 4223 2214 4290 fuerit,
2237 4223 2511 4296 quandiu
2541 4224 2596 4278 in
2625 4222 2720 4277 his
2754 4220 3174 4293 permanserit.

1973 4314 2138 4367 Vers.
2172 4313 2264 4368 20.
2315 4314 2393 4368 Et
2424 4343 2491 4352 —
2521 4313 2668 4382 eius.
2710 4311 2948 4366 Timens
2986 4309 3272 4366 videlicet.

1976 4404 2134 4457 Vers.
2177 4405 2264 4459 21.
2309 4401 2422 4468 Qui
2472 4431 2540 4441 —
2594 4400 2805 4456 lucem.
2866 4398 2977 4464 Qui
3035 4401 3334 4469 operatur,
3395 4398 3562 4469 quod

1904 4495 2132 4547 rectum
2153 4495 2262 4556 est,
2295 4491 2399 4563 qui
2427 4493 2583 4546 recte
2611 4493 3017 4554 conversatur,
3052 4487 3215 4543 venit
3236 4487 3314 4542 ad
3339 4485 3561 4557 lucem,

1907 4586 2070 4638 amat
2099 4581 2316 4636 lucem.

1979 4673 2138 4726 Vers.
2171 4670 2258 4724 21.
2301 4671 2373 4726 Ut
2431 4701 2498 4708 —
2552 4684 2739 4736 Opera.
2795 4668 2842 4722 A
2888 4665 3014 4722 luce
3071 4682 3085 4733 ;
3142 4677 3342 4739 neque
3399 4665 3563 4724 enim

1908 4759 2205 4815 erubescit
2226 4765 2324 4814 aut
2351 4763 2583 4813 veretur
2607 4771 2700 4812 ea.

1977 4850 2138 4904 Vers.
2173 4853 2260 4903 2t.
2295 4848 2463 4916 Quod
2486 4877 2556 4887 —
2580 4847 2774 4916 facta.
2809 4845 2981 4913 Quod
3010 4845 3343 4902 secundum
3379 4843 3568 4902 Deum

1911 4938 2047 5007 sint,
2079 4939 2242 5011 quod
2276 4941 2392 4994 Deo
2413 4936 2730 5010 placentia.

1373 5215 1602 5286 Variae
1650 5214 1980 5286 lectiones
2018 5225 2320 5284 etnotae.

269 5414 386 5557 $36)
416 5417 565 5490 Παρὰ
593 5418 671 5470 τό.

295 5488 360 5542 37
424 5485 630 5542 Malim
661 5487 671 5537 ἑ

295 5484 384 5557 37)
424 5484 630 5542 Malim
661 5484 721 5537 ἂν
741 5485 864 5558 γάρ.

272 5664 396 5738 (aa)
429 5665 1052 5738 Aversumi—salut‘e.
1094 5663 1289 5738 Animi
1320 5664 1488 5738 enim
1519 5666 1801 5738 perversi,

201 5733 390 5792 oculis
407 5737 684 5793 claudere
711 5737 830 5792 luci
850 5735 1246 5793 etvoluntarie
1267 5733 1538 5792 tenebris
1553 5735 1804 5806 oﬂ‘undi,

203 5823 274 5866 ac
302 5823 425 5865 non
457 5808 653 5865 solum
697 5808 896 5884 ipsum
925 5824 1048 5867 non
1084 5809 1287 5866 venire
1327 5807 1400 5866 ad
1439 5808 1654 5874 lucem,
1703 5807 1806 5866 sed

1980 5413 2095 5489 (38)
2131 5413 2222 5471 Sic
2251 5411 2500 5482 correxi,
2534 5427 2647 5488 pro
2676 5411 2832 5489 ὑπέρ.

1915 5666 2119 5740 contra
2147 5664 2346 5732 etiam,
2364 5662 2495 5740 luce
2521 5663 2713 5740 magis
2745 5664 2823 5722 ad
2852 5679 2992 5722 eum
3022 5663 3568 5740 appropinquante,

1914 5737 2118 5808 iugere
2139 5742 2194 5793 et
2225 5737 2485 5793 aversari
2517 5735 2769 5793 salutem
2790 5751 2986 5794 suam.
