4170 6436
651 328 804 388 Ί11Ἡῖ

1991 327 2336 385 EUTHYMll
2379 326 2712 384 ZlGABENl

3909 335 4015 391 “76

738 455 907 523 Quod
940 460 1140 512 autem
1171 455 1392 514 dictum
1423 462 1530 526 est,
1577 460 1650 518 Ut
1697 459 2168 529 manifestenlur,
2202 472 2322 513 non

2505 462 2574 511 Τὸ
2645 454 2705 511 δε
2761 457 2870 511 Ἰνα
2931 457 3220 530 φανερωθῇ,
3291 459 3516 530 εἴρηται,
3577 455 3681 527 οὐχ
3738 459 3807 520 ὡς
3852 460 4012 512 ἑκείνου

664 551 753 602 est
799 544 1249 616 intelligendum
1304 548 1476 619 quasi
1530 548 1644 605 hoc
1701 547 1762 604 in
1808 548 1962 604 facto
2017 563 2124 603 suo
2165 562 2323 619 quae-

665 640 766 700 rat,
815 634 919 690 sed
971 640 1258 707 tanquam
1316 637 1398 692 rei
1452 638 1884 710 consequentia
1939 637 2051 693 hoc
2107 636 2325 692 facien-

670 727 722 779 te
758 740 772 789 ;
806 722 955 779 solet
989 739 1247 797 namque
1295 725 1392 781 lux
1443 726 1824 783 manifestare
1881 741 1993 798 que
2049 725 2325 798 proxima

670 818 826 869 sunt.

738 903 1008 958 νει-339.
1055 903 1318 960 Posthac
1359 935 1428 945 —
1474 904 1864 976 baptizabant.
1911 904 2030 976 lpsi
2063 903 2324 975 baptiza-

669 992 838 1058 bant,
872 1008 990 1049 non
1019 991 1132 1048 ille.
1169 993 1317 1049 Dicit
1373 995 1532 1050 enim
1583 995 1644 1050 in
1701 993 2093 1066 sequentibus
2141 1008 2324 1049 evan-

667 1081 898 1152 gelista,
963 1081 1130 1153 quod
1193 1082 1321 1154 ipse
1378 1085 1548 1139 Jesus
1603 1099 1724 1139 non
1783 1082 2149 1155 baptizabat,
2219 1081 2324 1137 sed

668 1171 942 1243 discipuli
985 1172 1137 1243 ejus.
1192 1172 1499 1244 Siquidem
1548 1173 1666 1242 (bb)
1698 1175 1766 1237 ⁵⁵,
1812 1178 1872 1228 ut
1924 1189 2026 1228 eos
2071 1172 2174 1244 qui
2201 1188 2323 1227 cre-

666 1262 845 1318 dituri
875 1266 1044 1316 erant
1073 1276 1183 1317 nec
1221 1262 1670 1327 concurrebant,
1706 1263 1817 1318 hoc
1850 1262 2032 1317 modo
2073 1276 2320 1330 congreo

669 1357 879 1421 gareut
933 1350 1115 1421 (quod
1181 1351 1239 1406 in
1299 1352 1541 1407 Simone
1605 1350 1741 1407 fecit
1798 1349 2066 1406 Andreas
2141 1355 2199 1406 et
2263 1349 2322 1404 iu

668 1437 995 1496 Nathanael
1028 1439 1356 1512 Philippus)
1389 1440 1688 1510 baptizare
1710 1441 1866 1511 jussi
1895 1445 2056 1503 sunt,
2089 1445 2151 1493 ut
2176 1438 2324 1494 mul-

666 1534 755 1585 tos
781 1527 959 1585 simul
988 1528 1328 1585 coadunare
1351 1535 1590 1600 possent
1624 1546 1637 1594 ;
1671 1545 1827 1601 quos
1854 1529 2032 1584 etiam
2072 1544 2144 1584 ea
2186 1544 2323 1600 quae

667 1618 742 1675 de
778 1618 1006 1674 Christo
1035 1623 1202 1674 erant
1244 1618 1584 1689 edocentes,
1638 1618 1950 1688 Salvatori,
1998 1618 2099 1689 qui
2140 1632 2325 1689 prope

669 1707 893 1769 aderat.
922 1706 1270 1763 offerebant.

2434 556 2588 600 τοῦτο
2635 549 2935 612 ζητοῦντος,
2980 546 3088 597 ἀλλ’
3141 549 3211 607 ὡς
3261 555 3353 608 τῆς
3411 545 3721 609 ἀκολουθίας
3772 555 3858 600 τοῦ
3910 553 4012 623 πρά-

2433 656 2634 708 γματος
2665 645 2817 689 τοῦτο
2842 639 3121 696 ποιούσης.
3163 637 3321 688 Εῖωοε
3352 638 3454 708 γὰρ
3484 639 3542 688 τὸ
3573 644 3677 708 φῶς
3707 646 3939 711 φανεροῦν
3965 644 4011 691 τὰ

2435 725 2736 798 ἐγγίζοντα.

2506 817 2652 869 Μετὰ
2732 822 2899 867 ταῦτα
2968 846 3036 854 -
3117 813 3418 877 ἐϐάπτιζον.
3497 813 3662 868 Αὐτοὶ
3745 813 4005 883 ἐϐάπτιζον,

2434 904 2528 958 οὐκ
2596 903 2804 965 ἕκείνος.
2864 908 3001 962 Φησὶ
3051 907 3152 974 γὰρ
3224 909 3418 975 προῖὼν
3471 905 3497 956 0
3550 903 3915 975 εὖαγγελιστὴς
3952 911 4008 958 ὁτι

2438 995 2642 1057 Ἰησοῦς
2674 993 2829 1056 αὐτὸς
2858 993 2953 1046 οὐκ
2991 991 3285 1058 ἐϐάπτιζεν,
3335 991 3442 1044 ἀλλ’
3491 995 3541 1045 οἱ
3586 995 3828 1065 μαθηταὶ
3865 995 4004 1049 αὐτον.

2432 1083 2543 1135 ἰνα
2569 1087 2667 1156 γὰρ
2711 1089 2779 1154 μὴ
2810 1086 3224 1155 περιτρέχοντες,
3266 1082 3400 1134 οὕτω
3451 1083 3725 1153 συνάσγωσε
3777 1088 3885 1144 τοὺς
3909 1087 4004 1156 assa-

2433 1173 2608 1233 λοντας
2658 1176 2937 1236 πιστεύειν,
2995 1174 3116 1245 ὅπερ
3169 1170 3253 1224 επὶ
3301 1180 3391 1224 τοῦ
3437 1177 3657 1243 Σίμωνος
3723 1173 3754 1225 ὁ
3813 1171 4001 1244 Ἀνδρέας

2435 1262 2668 1324 εποίησε,
2713 1266 2801 1313 καὶ
2832 1260 2916 1313 ἰπὶ
2955 1268 3047 1313 τοῦ
3079 1261 3353 1319 Ναθαναὴλ
3394 1262 3419 1313 0
3450 1260 3721 1322 Φίλιππος’
3762 1266 3817 1314 τὸ
3861 1261 3991 1334 [Sari-

2438 1353 2541 1413 ζειν
2582 1351 2942 1417 ἐνεστήσαντο,
2971 1345 3253 1422 δυνάμενον
3284 1349 3498 1410 πολλοὺς
3526 1350 3637 1423 οἶμα
3682 1354 3925 1422 συνάγειν,
3948 1350 3996 1413 οἷς

2436 1442 2566 1511 ὁμοῦ
2597 1443 2661 1492 τὰ
2693 1444 2808 1512 περὶ
2836 1447 2926 1492 τοῦ
2952 1447 3183 1512 Χριστοῦ
3211 1435 3578 1505 διδάσκοντες,
3613 1446 3918 1513 προσέρερον
3941 1443 4002 1493 ur}-

2434 1534 2557 1591 τοὺς
2591 1529 2746 1601 ἐγγὺς
2767 1534 2872 1582 ὄντι
2906 1539 2976 1600 τῷ
3004 1537 3227 1601 Σωτῆρι.

741 1796 1029 1862 Quaedam
1067 1801 1268 1853 autem
1302 1796 1666 1868 exemplaria
1716 1796 1957 1853 habent.
2007 1796 2080 1851 Et
2140 1795 2326 1863 bapti-

2505 1799 2633 1849 Τινὰ
2654 1797 2766 1866 (39)
2793 1792 2852 1849 δε
2882 1806 2980 1848 τῶν
3020 1794 3370 1867 ἀντιγράφων.
3407 1799 3502 1849 Καὶ
3546 1794 3796 1858 ἐϐάπτιζε
3820 1800 4006 1868 γράφον.

667 1887 863 1953 zabat,
911 1885 1077 1958 quod
1111 1886 1292 1942 etiam
1330 1886 1532 1957 ipsum
1572 1885 1936 1954 intelligitur,
1990 1883 2156 1958 quod
2204 1899 2322 1939 nou

670 1994 771 2048 per
826 1976 1114 2047 seipsum,
1180 1976 1282 2031 sed
1338 1991 1442 2047 per
1499 1974 1822 2047 discipulos
1881 1991 2020 2030 suos
2073 1974 2185 2030 hoc
2240 1973 2325 2028 fa-

670 2074 844 2123 ceret.

743 2157 904 2212 Vers.
935 2158 1022 2210 23.
1083 2155 1232 2210 Erat
1293 2191 1354 2200 —
1405 2155 1544 2210 Vers
1594 2157 1683 2210 24.
1725 2154 2001 2210 Joannes.
2044 2154 2233 2209 Aiuon
2273 2156 2330 2208 et

672 2245 873 2311 Salim,
908 2243 1036 2300 loca
1054 2243 1336 2315 quaedam
1376 2249 1540 2301 erant
1583 2243 1665 2301 ita
1696 2245 2026 2300 nominata.

742 2337 1025 2390 Praeterea
1053 2334 1311 2390 Joannes
1349 2333 1693 2404 baptizabat
1718 2333 1910 2389 donec
1941 2333 1999 2388 in
2027 2348 2325 2388 carcerem

670 2424 1080 2495 conjiceretur,
1125 2427 1189 2477 ut
1232 2424 1510 2478 continue
1562 2429 1762 2494 posset
1797 2423 2006 2477 docere
2052 2422 2125 2477 de
2165 2421 2329 2477 Chri-

670 2519 780 2579 sto,
826 2518 882 2570 et
946 2512 1276 2584 baptizatos
1325 2514 1401 2567 ad
1460 2527 1599 2567 eum
1658 2512 2092 2576 transmittere;
2143 2518 2200 2565 et
2254 2527 2326 2566 ne

669 2603 793 2659 zelo
823 2608 925 2659 aut
950 2603 1037 2658 ira
1067 2617 1340 2658 cessasse
1403 2601 1723 2669 videretur,
1755 2602 1859 2656 sed
1905 2602 2094 2671 potius
2135 2600 2211 2655 de
2257 2615 2328 2655 eo

670 2691 1027 2757 crederetur,
1086 2690 1245 2762 quod
1307 2690 1513 2745 Christi
1567 2689 1875 2760 discipulis
1911 2693 2328 2760 cooperaretur

671 2780 1123 2852 baptizatosque
1172 2779 1251 2834 ad
1303 2795 1441 2834 eum
1509 2778 1847 2834 adduceret.
1905 2778 1969 2833 Et
2019 2780 2211 2844 tertio,
2253 2794 2326 2834 ne

671 2867 1000 2939 discipulos
1027 2883 1169 2923 suos
1195 2868 1268 2923 ad
1288 2867 1575 2939 majorem
1589 2867 2028 2923 aemulationem
2044 2867 2328 2923 accende-

669 2963 777 3014 ret.
809 2959 957 3012 Nam
990 2956 1036 3011 si
1086 2955 1298 3012 millies
1351 2956 1642 3020 clamans,
1699 2972 2057 3030 semperque
2099 2956 2326 3028 primas

671 3044 1272 3114 Christoconcedens,
1303 3049 1360 3101 et
1402 3049 1634 3101 tantum
1688 3061 1816 3101 sese
1865 3045 2170 3116 dejiciens,
2209 3060 2324 3100 non

670 3135 967 3210 persuasit
1031 3135 1116 3192 eis
1180 3135 1344 3208 quod
1404 3135 1560 3192 illius
1633 3151 1964 3208 prmcursor
2020 3142 2190 3205 esset,
2274 3137 2322 3191 si

670 3225 954 3298 deinceps
989 3225 1291 3298 baptizare
1326 3231 1637 3292 cessasset,
1678 3225 1886 3298 procul
1927 3225 2114 3283 dubio
2161 3226 2327 3282 omni

669 3315 996 3388 postposito
1023 3316 1243 3388 pudore
1271 3315 1384 3370 sub
1416 3320 1700 3387 praetextu
1737 3315 2072 3372 honorandi
2105 3315 2327 3386 magis-

669 3405 790 3469 εει-ἱ,
827 3420 1088 3478 eumque
1119 3404 1530 3477 praeponendi,
1556 3409 1762 3461 contra
1786 3404 2085 3461 Christum
2109 3410 2167 3462 et
2185 3421 2327 3477 apo-

672 3493 855 3550 stolos
880 3493 1067 3550 multa
1092 3492 1567 3549 deblaterassent
1583 3496 1712 3562 (cc).
1742 3493 1911 3559 Quod
1931 3495 2113 3549 etiam
2137 3494 2328 3550 sciens

671 3583 930 3640 Christus
1001 3588 1139 3638 tunc
1196 3581 1491 3654 praecipue
1549 3583 1725 3653 cmpit
1774 3582 2124 3654 praedicare,
2187 3598 2327 3639 cum

668 3674 928 3728 Joannes
965 3687 996 3727 e
1018 3670 1217 3727 medio
1248 3670 1521 3726 sublatus
1559 3678 1668 3728 est.

742 3761 908 3817 Unde
990 3765 1046 3816 et
1101 3759 1565 3833 Chrysostomus
1644 3779 1658 3816 :
1729 3761 2077 3832 Propterea,
2113 3760 2326 3832 inquit,

671 3851 886 3922 opinor
915 3865 1360 3922 praeproperam
1379 3849 1455 3904 illi
1479 3865 1827 3906 concessam
1873 3865 2002 3904 esse
2052 3855 2326 3915 mortem,

671 3946 735 3997 ut
763 3938 956 3996 omnis
993 3939 1238 3995 allectus
1280 3938 1674 3995 multitudinis
1705 3939 1762 3994 in
1815 3938 2100 3994 Christum
2143 3944 2330 3994 trans-

673 4030 1020 4085 funderetur
1082 4046 1095 4084 :
1164 4045 1274 4085 nec
1340 4028 1622 4100 deinceps
1682 4027 2084 4085 dividerentur
2151 4029 2328 4085 variis

672 4119 748 4176 de
778 4125 1024 4190 utroque
1051 4117 1374 4174 sententiis.

744 4209 908 4275 Quod
955 4207 1001 4263 si
1053 4207 1192 4279 quis
1244 4206 1501 4278 requirat
1555 4207 1700 4280 quid
1759 4207 2017 4279 amplius
2068 4207 2330 4264 habebat

671 4297 1008 4370 baptismus
1024 4296 1454 4367 discipulorum
1474 4312 1654 4369 supra
1666 4295 2034 4368 baptismum
2052 4294 2332 4353 Joannis?

671 4387 1111 4458 respondemus
1132 4385 1296 4458 quod
1335 4385 1478 4441 nihil
1514 4403 1527 4452 ;
1574 4390 1822 4458 uterque
1857 4386 2016 4440 enim
2063 4385 2331 4440 similiter

671 4475 877 4546 gratia:
933 4475 1184 4548 Spiritus
1250 4490 1455 4546 expers
1520 4480 1666 4544 erat,
1745 4479 1802 4531 et
1877 4473 2141 4545 utrisque
2210 4489 2330 4528 una

673 4571 800 4622 erat
839 4580 1047 4629 causa,
1113 4569 1176 4621 ut
1225 4564 1498 4620 videlicet
1559 4563 1893 4637 baptizatos
1948 4563 2177 4620 Christo
2230 4561 2333 4618 ad-

675 4655 976 4711 ducerent.

746 4806 796 4842 "
821 4806 991 4863 Joan.
1024 4820 1102 4877 ιν,
1126 4810 1175 4861 2.

2439 1905 2540 1952 σιν,
2574 1887 2599 1938 0
2628 1891 2715 1937 καὶ
2742 1885 2867 1937 αὖτὸ
2899 1893 3109 1950 νοεῖται,
3139 1887 3219 1937 ὁτι
3244 1885 3302 1937 οὐ
3332 1882 3404 1938 δι’
3439 1885 3646 1949 ἑαυτοῦ,
3672 1885 3799 1938 ἀλλὰ
3827 1884 3908 1938 διὰ
3930 1895 4003 1937 τῶν

2437 1978 2683 2047 μαθητῶν
2706 1975 2886 2028 αὐτοῦ.

2507 2161 2603 2206 Ἦν
2630 2185 2696 2193 -
2723 2154 2931 2211 Ἰωάννη
2944 2175 2987 2216 ς.
3024 2159 3123 2207 Καὶ
3145 2155 3170 2205 0
3200 2153 3359 2205 Αἰνὼν
3385 2159 3474 2206 καὶ
3495 2155 3521 2206 0
3545 2154 3720 2226 Σαλήμ
3744 2159 3880 2208 τόποι
3898 2160 4003 2215 τινες

2438 2241 2572 2302 ἦσαν
2602 2245 2732 2296 οὕτω
2763 2242 3086 2314 καλούμενοι.

2509 2333 2622 2386 Ἐτι
2677 2329 2734 2384 δι
2775 2333 2800 2384 0
2842 2331 3085 2393 Ἰωάννης
3133 2331 3403 2393 ἐϐάπτιζεν
3451 2335 3587 2405 ἄχρι
3640 2342 3725 2385 τοῦ
3775 2331 4001 2404 βληθῆναι

2438 2423 2508 2484 ⁸ίῖ
2561 2427 2654 2480 τήν
2696 2421 2940 2492 φυλακὴν,
2991 2424 3073 2473 ἵνα
3118 2419 3371 2482 διηνεκῶς
3428 2425 3549 2493 ἔχοι
3598 2419 3850 2474 διδάσκειν
3898 2427 3997 2491 περὶ

2437 2520 2527 2564 τοῦ
2611 2519 2863 2580 Χριστοῦ,
2944 2516 3033 2563 καὶ
3102 2514 3216 2571 τοὺς
3284 2509 3686 2582 βαπτιζομένους
3744 2515 3984 2581 παραπέμ-

2437 2621 2546 2653 πειν
2587 2604 2696 2670 (40)
2731 2601 2794 2660 εἰς
2835 2600 2988 2651 αὐτόν
3017 2619 3029 2631 ”
3071 2604 3159 2651 καὶ
3191 2602 3273 2652 ἱνα
3321 2605 3390 2671 μή
3447 2596 3567 2671 δοξη
3615 2600 3735 2668 ζήλῳ
3782 2601 3808 2655 ἦ
3864 2596 3981 2669 ὀργῇ

2437 2691 2765 2753 παύσασθαι,
2850 2687 2955 2739 ἀλλ’
3030 2691 3112 2740 ἶνα
3199 2687 3396 2758 μᾶλλον
3469 2690 3791 2744 ὑποπτεύηται
3876 2704 3998 2756 cup-

2438 2782 2679 2852 πράττειν
2725 2786 2830 2839 τοῖς
2876 2779 3136 2849 μαθηταῖς
3186 2786 3278 2830 του
3319 2784 3569 2848 Χριστοῦ,
3609 2780 3696 2828 καὶ
3740 2777 4002 2847 προσάγειν

2436 2873 2550 2926 τοὺς
2593 2865 3008 2938 βαπτιζομένους
3044 2884 3056 2895 ·
3103 2872 3193 2918 καὶ
3226 2871 3416 2938 τρίτον,
3460 2868 3544 2918 ἱνα
3584 2870 3650 2937 μή
3698 2869 3815 2926 τοὺς
3842 2863 4002 2916 ἑαυτοὺ

2437 2957 2671 3026 μαθητὰς
2750 2955 2820 3016 εἰς
2894 2955 3102 3007 πλείονα
3179 2955 3498 3016 ζηλοτυπίαν
3575 2954 3758 3026 ἐξάψῃ.
3824 2953 3881 3005 Εἰ
3927 2957 4003 3024 γὰρ

2436 3048 2681 3117 μυριάκις
2738 3043 2898 3113 βοὼν,
2960 3050 3049 3096 καὶ
3095 3043 3171 3097 ἀεὶ
3221 3053 3319 3097 τῶν
3372 3049 3634 3116 πρωτείων
3687 3052 3758 3113 τῷ
3825 3048 4000 3116 Χριστᾲ

2395 3143 2789 3207 τπαραχωρὼν,
2823 3138 2912 3185 καὶ
2951 3141 3230 3186 τοσοοῦτον
3274 3133 3450 3186 ίαυτέν
3496 3131 3736 3196 ἕλαττὼν,
3779 3133 3870 3184 οὐκ
3911 3133 4006 3184 ἒπει-

2438 3241 2521 3276 σεν
2570 3223 2755 3282 αὐτοὺς
2823 3227 2996 3293 εκείνῳ
3051 3219 3409 3296 προσδραμεῖν
3444 3242 3456 3254 ο
3505 3223 3546 3275 εὶ
3615 3221 3794 3274 λοιπὸν
3846 3220 4004 3273 ἀπέστη

2436 3317 2525 3364 καὶ
2563 3321 2656 3364 του
2703 3310 3002 3383 βαπτίζειν,
3045 3313 3480 3383 ηναισχύντησαν
3524 3312 3608 3379 ἂν,
3654 3317 3745 3364 καὶ
3799 3313 4010 3384 προφάσει

2437 3409 2528 3454 του
2569 3403 2852 3473 ὖπερτιμᾲν
2879 3405 2965 3453 τὸν
2997 3397 3344 3465 διδάσκαλον,
3381 3399 3672 3458 ἑλύττησαν
3708 3400 3769 3452 ἂν
3795 3403 3918 3451 κατά
3941 3407 4007 3448 rain

2437 3489 2737 3543 ἀποστόλων
2795 3496 2885 3543 καὶ
2932 3498 3023 3542 τοῦ
3073 3497 3328 3564 Χριστοῦ.
3378 3497 3543 3542 Τοῦτο
3602 3495 3699 3542 καὶ
3749 3491 3776 3542 0
3827 3491 4013 3562 Χριστὸς

2438 3577 2607 3645 εἰδὼς,
2635 3585 2746 3632 τότε
2774 3579 2966 3652 μᾶλλον
2995 3579 3187 3651 ἤρξατο
3214 3583 3521 3654 κηρύσσειν,
3561 3580 3644 3630 ὅτε
3679 3580 3705 3631 0
3736 3579 3955 3636 Ἰωάννης
3979 3577 4014 3626 ἐι

2438 3679 2600 3741 μέσου
2621 3673 2820 3740 γέγονε.

2511 3763 2647 3815 Φησὶ
2681 3755 2739 3810 δε
2783 3761 2808 3810 0
2859 3762 3235 3830 Χρυσόστομος
3275 3759 3354 3809 ὅτι
3391 3756 3555 3830 Οἶμαι
3601 3760 3734 3829 (41)
3776 3755 3868 3811 διὰ
3905 3764 4020 3808 τοῦτο

2441 3849 2859 3921 συγχωρηθῆναι
2888 3852 3154 3918 ταχίστην
3187 3847 3328 3916 αὐτῷ
3357 3848 3600 3918 γενέσθαι
3660 3853 3759 3906 τὴν
3804 3847 4023 3904 τελευτήν,

2441 3939 2522 3988 ἱνα
2569 3942 2715 3988 πᾶσα
2760 3943 2850 3988 τοὶ
2910 3935 3145 3997 πλήθους
3199 3938 3227 3993 ἠ
3273 3931 3508 3995 διάθεσις
3555 3933 3645 3988 ἐπὶ
3689 3941 3780 3988 τὸν
3829 3939 4024 4007 Χριστον

2438 4025 2676 4098 μετέλθῃ,
2722 4030 2811 4076 καὶ⁵
2853 4030 3041 4097 μηκέτι
3088 4029 3384 4097 σχίζωνται
3433 4031 3547 4086 ταῖς
3587 4030 3718 4100 περὶ
3767 4023 4025 4097 ἀμφοτέρων

2437 4121 2687 4187 γνώμαις.

2515 4204 2570 4256 Εἰ
2602 4200 2660 4256 δέ
2689 4223 2766 4265 τις
2812 4203 3039 4267 ίξετάζοι
3083 4209 3133 4255 τί
3183 4202 3330 4256 πλέον
3376 4199 3489 4274 εἶχε
3541 4204 3598 4254 τὸ
3651 4213 3759 4255 τῶν
3821 4205 4027 4275 μαθητῶν

2441 4292 2723 4366 βάπτισμα
2752 4296 2895 4364 παρὰ
2916 4297 2972 4345 τὸ
3004 4301 3093 4345 τοῦ
3123 4293 3382 4357 Ἰωάννου,
3418 4295 3580 4364 φαμεν
3609 4295 3697 4345 ὅτι
3729 4290 3904 4346 οὐδέν·
3945 4293 4028 4342 ἐχά-

2440 4403 2563 4457 τερα
2590 4386 2690 4456 γὰρ
2714 4385 2905 4454 ὁμοίως
2930 4391 3025 4444 τῆς
3046 4391 3136 4435 τοῦ
3168 4384 3462 4454 ῐἸνεύματος
3483 4384 3721 4455 χάριτος
3754 4385 3945 4455 ἄμοιρα
3967 4376 4024 4438 ἦν.

2439 4477 2528 4523 καὶ
2553 4470 2854 4545 ἀμφοτέροις
2879 4472 3023 4524 αἰτία
3055 4478 3170 4544 μία,
3193 4475 3251 4523 τὸ
3279 4472 3564 4544 προσῄειν
3590 4479 3665 4542 τῷ
3702 4479 3919 4547 Χριστῷ
3939 4474 4028 4526 τοὺς

2443 4559 2876 4633 βαπτιζομένους.

1907 4902 2132 4970 Variae
2165 4900 2498 4969 lectiones
2532 4909 2599 4968 et
2633 4909 2832 4968 notas.

749 5099 862 5171 (39)
901 5098 1128 5154 Scilicet
1177 5099 1560 5171 Euthymius,
1598 5115 1708 5170 pro
1743 5098 1969 5168 vulgari
2031 5097 2326 5171 ἕϐάπτιζεν,

675 5170 773 5227 hic
827 5172 884 5226 in
940 5176 1214 5226 contextu
1281 5170 1460 5226 habet
1512 5170 1808 5234 ἐϐάπτιζον.
1882 5173 2030 5239 Ergo
2085 5170 2328 5224 alteram

679 5244 858 5298 etiam
889 5242 1202 5297 lectionem
1260 5250 1566 5297 memorat.
1617 5243 1951 5297 Lectionem
1990 5247 2186 5296 autem
2218 5239 2330 5292 ἐϐά-

679 5314 863 5374 πτιζον
927 5314 1186 5384 sumpsit
1233 5330 1303 5367 ex
1352 5313 1588 5384 Chi'yst.
1652 5319 1792 5368 tom.
1855 5330 1964 5378 VIII,
1996 5330 2053 5383 p.
2107 5315 2225 5377 164,
2264 5313 2328 5366 D.

679 5402 856 5458 quam
877 5384 1444 5458 _quilibet_in_telligit
1474 5401 1602 5440 esse
1634 5386 1896 5457 spuriam
1931 5402 2002 5458 ac
2031 5400 2140 5455 pro
2189 5392 2333 5458 tem-

680 5455 825 5530 pore
864 5455 1086 5511 ﬁctam.
1145 5455 1463 5526 Vulgatum
1516 5455 1708 5512 servat
1747 5462 1803 5512 et
1851 5455 2105 5529 explicat
2144 5456 2329 5512 Theo-

754 5633 871 5705 (bb)
909 5632 1224 5705 Siquidem,
1284 5639 1394 5690 etc.
1453 5633 1531 5688 Ne
1575 5633 1733 5689 enim
1774 5632 2329 5705 circumcurrentes,

681 5705 762 5760 ita
787 5704 1220 5776 cOngregarent
1261 5721 1386 5770 eos,
1425 5705 1529 5776 qui
1582 5705 1857 5760 credituri
1906 5710 2125 5776 essent,
2167 5704 2332 5776 quod

682 5775 1032 5858 Philippus,
1063 5775 1460 5855 baptismum
1495 5775 1889 5849 instituerunt,
1956 5775 2057 5853 qui
2111 5775 2330 5834 multos

2439 5096 2608 5168 phyl.
2641 5111 2700 5168 p.
2727 5095 2852 5163 600,
2873 5095 2932 5150 C.
2957 5097 3018 5150 In
3040 5099 3201 5168 textu
3221 5094 3349 5150 haec
3365 5109 3616 5168 prorsus
3649 5093 3884 5168 desunt
3902 5088 4023 5168 apud

2440 5165 2742 5240 Cyrillum,
2794 5168 2896 5223 sed
2937 5169 2995 5222 in
3041 5166 3525 5240 interpretatione
3557 5170 3662 5240 ita
3697 5165 3921 5224 refert:
3957 5166 4025 5218 Ba-

2436 5234 2610 5303 πτίζει
2641 5246 2912 5311 τοιγαροῦν
2939 5240 2963 5289 0
3007 5234 3233 5310 Χριστος
3263 5234 3355 5289 διὰ
3394 5245 3494 5288 τῶν
3547 5235 3752 5291 ἑαυτου
3799 5241 4022 5311 μαθητῶν.

2439 5313 2598 5365 Τοω.
2641 5311 2730 5373 IV,
2769 5327 2823 5380 p.
2866 5311 2983 5372 156,
3019 5311 3078 5364 Ε.

2512 5384 2624 5452 (ΙιΟ)
2655 5387 2898 5453 Πέμπειν.
2932 5388 2992 5433 Α.

2509 5450 2624 5525 (ιι)
2662 5450 2832 5510 Τόω.
2882 5451 3032 5516 vui,
3058 5465 3114 5523 p.
3151 5452 3248 5505 res
3276 5450 3339 5505 Β.

2439 5646 2801 5702 congregare
2832 5634 3055 5702 posset,
3084 5643 3256 5700 quos.

2513 5695 2620 5775 (cc)
2662 5695 2869 5759 ‘Multa
2909 5695 3390 5775 deblat—erassent.
3425 5699 3800 5759 Debacchati
3846 5695 4018 5759 esseni:

2440 5792 2575 5834 cum
2604 5774 2806 5836 furore
2828 5774 3111 5846 egissent.
