4170 6438
255 348 390 403 117⁸7

531 476 676 524 ΚΕΦ.
710 469 784 526 Δ’.
815 473 1044 530 Ζήτήσις
1077 471 1192 541 περὶ
1215 467 1572 540 καθαρισμοῦ.
1883 462 1932 517 Α

324 564 554 633 Ἐγένετο
622 590 688 599 -
760 561 1117 632 καθαρισμοῦ.
1186 557 1412 628 Ἐγένετο
1489 551 1719 617 διάλεξις
1795 554 1851 607 έκ

255 658 354 702 τῶν
397 651 642 722 μαθητῶν
694 647 930 701 Ἰωάννου
966 651 1094 721 πρὸς
1151 642 1409 700 Ἰουδαῖον
1451 664 1584 708 τινα,
1626 649 1850 697 Βαπτισ-

257 741 406 792 θέντα
434 740 578 809 παρὰ
601 746 699 790 τῶν
730 739 976 810 μαθητῶν
1007 744 1097 789 τοῦ
1131 742 1385 810 Χριστοῦ.
1423 733 1483 786 Ἠ
1525 729 1584 786 δε
1625 733 1853 794 ζήτησις

257 825 318 886 ἦν
362 833 480 903 περὶ
527 828 884 900 καθαρισμοῦ,
917 829 1036 884 ἤτοι
1067 823 1454 898 βαπτίσματος,
1487 824 1552 884 ὡς
1599 829 1690 875 τοῦ
1730 824 1850 896 παρ’

253 917 432 980 αὐτοῖς
459 915 607 969 πλέον
632 935 682 968 τι
712 923 802 968 τοῦ
835 923 934 967 τῶν
963 916 1209 988 μαθητῶν
1235 913 1347 985 (42)
1375 915 1604 985 ἔχοντος.
1628 910 1853 970 Ζηλοτυο

251 1015 466 1070 πούντες
492 1009 594 1080 γὰρ
633 1008 933 1079 ἑπεχείρουν
960 1006 1173 1058 πείθειν.

326 1279 520 1327 Καὶ-
569 1272 839 1346 βαπτίζει.
870 1274 954 1332 Μὴ
1003 1268 1310 1334 δυνηθέντες
1348 1277 1530 1323 πεῖσαι
1579 1272 1667 1322 τὸν
1727 1269 1852 1321 ’1ου-

251 1359 422 1427 δαῖον,
465 1360 620 1421 ἦλθον
665 1367 792 1436 πρὸς
825 1366 912 1415 τὸν
962 1357 1288 1414 διδάσκαλον
1334 1359 1546 1424 ἑαυτῶν,
1579 1363 1670 1411 καὶ
1712 1355 1849 1410 εἶπον

249 1455 330 1504 ὅτι
366 1454 437 1525 ⁷ῼ.
466 1455 530 1505 σύ
563 1454 968 1526 μεμαρτύρηκας
996 1459 1228 1504 τοσαῦτα
1251 1454 1342 1502 καὶ
1367 1456 1608 1518 τοιαῦτα,
1637 1447 1691 1500 ὃν
1755 1443 1852 1500 διὰ

251 1550 347 1605 σῆς
401 1548 690 1616 μαρτυρίας
744 1539 1021 1611 έδόξασας,
1055 1541 1205 1602 οὗτος
1256 1538 1589 1614 ἀντιπράττει
1629 1556 1732 1602 σοι,
1760 1541 1849 1590 καὶ

249 1632 544 1706 ύφαρπάζει
573 1635 666 1690 τὴν
707 1627 866 1694 δόξαν
907 1649 1022 1686 σου.
1056 1628 1170 1682 Ἔτι
1211 1624 1270 1681 δὲ
1317 1627 1654 1704 παρακνίςειν
1693 1626 1847 1678 αὐτὸν

247 1719 518 1789 ἐθέλοντες,
557 1721 923 1796 προστιθέασιο

319 1814 420 1863 Καὶ
451 1841 519 1850 -
549 1809 724 1864 αύτὸν.
758 1811 817 1863 Σὶ
846 1808 1341 1882 καταλιμπάνοντες.

317 1901 599 1974 Ἀπεκρίθη
681 1931 752 1940 --
825 1898 1066 1972 ούρανοῦ.
1143 1898 1218 1949 Ού
1290 1893 1510 1949 δύναται
1579 1898 1849 1970 ἄνθρωπος

248 1987 330 2061 ἀφ’
387 1989 572 2042 ἑαυτοῦ
633 1988 910 2061 λαμϐάνειν
963 1983 1113 2040 οὐδὲν
1165 1993 1395 2038 τοιούτον
1449 1983 1554 2038 οἷον
1611 1986 1847 2060 οὐράνιον

244 2082 331 2129 καὶ
382 2079 540 2133 θεῖον.
605 2082 766 2135 Γήῑνα
801 2080 903 2151 γὰρ
958 2080 1048 2128 καὶ
1096 2074 1394 2151 ἀνθρώπινα
1423 2073 1600 2127 πολλοὶ
1659 2073 1846 2127 πολλά-

245 2187 327 2228 κις
401 2170 492 2218 καὶ
560 2164 643 2238 ἀφ’
713 2165 905 2218 ἑαυτῶν
944 2163 1292 2238 λαμϐάνουσι.
1324 2171 1484 2216 Τοῦτο
1557 2159 1614 2216 δε
1670 2163 1842 2229 εἰπὼν,

246 2261 637 2331 μυστικώτερον
690 2257 781 2328 μεν
840 2256 1089 2327 ὑπέφηνεν
1146 2255 1227 2306 ὅτι
1301 2253 1396 2305 οὐκ
1450 2255 1589 2305 ἔστιν
1651 2254 1845 2326 οἰνθρω-

244 2365 338 2408 πος
388 2344 579 2412 ἁπλῶς,
616 2343 745 2396 ἀλλὰ
798 2348 887 2396 καὶ
940 2348 1086 2405 950;“
1145 2347 1485 2416 φανερώτερον
1535 2339 1594 2394 δι
1651 2337 1845 2400 ἐδήλω-

248 2453 331 2487 σεν
388 2437 466 2486 ὅτι
512 2433 568 2485 ἐκ
632 2441 766 2486 Θεοῦ
821 2431 965 2486 ἔλαϐε
1021 2435 1078 2484 τὸ
1130 2429 1450 2495 δοξάζεσθαι
1502 2435 1590 2483 καὶ
1655 2433 1844 2492 πάντας

243 2523 562 2596 ἐφέλκεσθαι.

315 2699 456 2766 Εἶτα,
489 2699 596 2753 ἐπεὶ
635 2705 728 2759 την
779 2700 937 2753 αύτού
988 2703 1286 2772 μαρτμρίαν
1331 2697 1674 2771 προεϐάλοντο
1714 2701 1844 2772 πρὸς

243 2788 608 2862 ύποϐιϐασμὸν
662 2799 752 2842 τού
817 2797 1072 2865 Χριστοῦ,
1135 2793 1428 2862 περιτρέπει
1481 2790 1676 2846 ταύτην
1726 2787 1842 2840 κατ’

242 2879 431 2942 αὐτῶν,
459 2885 547 2931 καὶ
579 2877 667 2931 ἀπ’
705 2879 863 2940 αὐτῆς
913 2877 1102 2952 μᾶλλον
1154 2874 1419 2930 δείκνυσιν
1470 2875 1654 2930 ἐκεῖνον
1695 2878 1846 2952 ὑπερ-

239 2972 487 3040 κείμενον.
529 2973 679 3038 Λέγει
704 2970 826 3042 γὰρ·

313 3057 472 3107 Αὐτοὶ
540 3089 606 3096 -
683 3055 896 3110 ἐκείνου.
981 3055 1384 3127 Ἀπεσταλμένος
1469 3056 1574 3127 εἰμί
1656 3057 1844 3128 ἔμπρο-

243 3146 359 3196 σθεν
421 3143 634 3210 ἐκείνου,
691 3149 807 3202 ἦτοι
871 3141 1113 3205 διάκονος
1159 3148 1249 3194 καὶ
1278 3144 1537 3216 ὑπηρέτης
1568 3143 1749 3197 αὐτοῦ.
1782 3149 1842 3195 Ei
1877 3168 1918 3224 ο

246 3233 332 3284 οὖν
362 3237 456 3290 τήν
501 3231 626 3305 ἐμὴν
678 3233 790 3303 (43)
835 3231 1186 3306 προϐάλλεσθε
1231 3236 1543 3305 μαρτυρίαν,
1571 3234 1702 3289 αὕτη
1733 3236 1842 3304 μεί·

247 3321 370 3382 ζονα
400 3319 585 3373 ἐκεῖνον
613 3319 873 3394 ἑμαρτύρη
884 3339 987 3373 σεν.

314 3410 372 3461 Ὀ
418 3441 484 3450 --
553 3410 714 3462 ἐστίν.
777 3409 961 3475 Αὐτὸς,
1027 3410 1137 3481 (44»)
1197 3411 1221 3461 ὁ
1271 3412 1408 3481 ἔχων
1467 3414 1560 3468 την
1616 3413 1839 3482 νύμφην,

244 3500 402 3562 αύτὸς
436 3500 551 3552 ἐστι
599 3503 835 3571 νυμφίος,
898 3503 1060 3570 ἤγουν
1107 3502 1308 3572 κύριος.
1360 3501 1553 3571 Νύμφη
1617 3502 1705 3567 μεν
1755 3494 1842 3551 οὖν

243 3593 268 3642 ὁ
320 3590 438 3650 λαὸς
487 3599 584 3642 τῶν
654 3599 875 3656 πιστῶν,
929 3591 958 3647 ἠ
1021 3588 1305 3648 Ἐκκλησία
1385 3597 1646 3662 μυστικῶς
1719 3609 1844 3642 συν-

244 3684 503 3751 απτομένη
538 3677 632 3732 διὰ
662 3685 900 3740 πίστεως·
933 3685 1147 3752 νυμφίος
1179 3676 1238 3732 δὲ
1265 3681 1290 3731 ὁ
1323 3682 1572 3755 Χριστός,
1605 3677 1843 3754 ἀρρήτως

245 3771 518 3820 συνάπτων
600 3769 765 3838 ἑαυτῷ
830 3774 911 3820 καὶ
983 3768 1183 3821 οἰκειῶν
1237 3771 1431 3826 ταύτην
1500 3767 1838 3840 ἕπιλεγείσανο

244 3857 383 3910 Ἐπεὶ
429 3861 520 3910 καὶ
572 3857 807 3930 ἀλλαχοῦ
859 3859 1064 3930 γάμους
1109 3858 1222 3930 (45)
1263 3862 1322 3910 τὸ
1356 3863 1568 3932 πρᾶγμα
1596 3859 1622 3910 ὁ
1663 3857 1838 3934 Σωτὴρ

242 3946 527 4019 ὠνόμασεν.

308 4038 365 4090 Ὀ
419 4035 477 4091 δὲ
552 4038 694 4110 φίλος
755 4069 820 4078 --
887 4043 1131 4111 νυμφίου.
1190 4039 1453 4115 Ἀνωτέρω
1509 4042 1598 4108 μὲν
1657 4037 1840 4092 διάκο-

234 4146 317 4180 νον
380 4132 470 4180 καὶ
515 4129 798 4200 ὑπηρέτην,
847 4126 1068 4180 ἐνταυθα
1126 4124 1186 4181 δὲ
1243 4129 1383 4200 φίλον
1430 4128 1609 4182 ἑαυτὸν
1647 4127 1838 4182 ἐκείνου

236 4215 384 4268 καλεῖ
430 4216 525 4268 ουκ
565 4215 788 4288 ἐπαίρων
836 4217 1035 4280 ἑαυτὸν,
1066 4213 1189 4269 οὐδὲ
1241 4218 1545 4289 κομπάζων,
1578 4215 1703 4269 ἀλλὰ
1747 4222 1838 4276 τὴν

238 4304 322 4356 ἐπὶ
374 4313 445 4375 τῷ
497 4306 609 4376 (46)
661 4307 934 4377 πράγματι
963 4308 1139 4380 χαρὰν
1194 4302 1571 4378 ἐνδεικνύμενος
1619 4303 1712 4358 διὰ
1749 4315 1840 4368 τῆς

237 4402 329 4444 τού
388 4393 530 4464 φᾶου
583 4399 962 4468 προσηγορίας.
1044 4395 1165 4466 Οὐχ
1231 4398 1365 4446 οὕτω
1433 4397 1534 4469 γὰρ
1593 4397 1641 4446 οἱ
1707 4396 1841 4452 ύπη-

239 4485 382 4554 ρέται
437 4487 722 4555 χαίρουσιν
770 4486 816 4536 ἐν
867 4492 976 4545 τοῖς
1024 4485 1217 4556 γάμοις
1269 4492 1366 4535 τῶν
1417 4489 1629 4558 κυρίων,
1664 4486 1732 4545 ὡς
1788 4487 1837 4537 οἱ
1869 4520 1918 4576 D

240 4570 398 4643 φίλοι.

307 4659 374 4712 ”Ο
432 4655 492 4712 δε
546 4659 682 4732 λέγει
739 4666 972 4714 τοιοῦτον
1006 4660 1166 4730 ἐστιν,
1199 4663 1278 4714 ὅτι
1315 4661 1534 4722 Ἐκεῖνος
1593 4665 1682 4734 μέν
1727 4661 1836 4714 ἐστι

236 4754 450 4822 νυμφίος
497 4754 587 4802 καὶ
639 4753 848 4822 Κύριος·
909 4749 1006 4822 ἐγὼ
1061 4747 1121 4802 δέ
1173 4750 1316 4823 φίλος
1345 4755 1435 4804 καὶ
1464 4754 1832 4824 νυμφαγωγὸς,

237 4839 289 4901 ὃς
369 4839 604 4902 ἑστηκὼς
658 4835 765 4898 ἤδη
848 4841 917 4902 ὡς
990 4838 1188 4901 ἀνύσας
1260 4844 1353 4899 την
1437 4846 1833 4913 νυμφαγωγίαν,

235 4933 326 4981 καὶ
373 4931 442 4991 ὡς
497 4927 783 5004 πληρώσας
845 4931 900 4982 τὸ
936 4928 1286 5001 ἐντεταλμένον
1343 4950 1456 5004 μοι,
1513 4935 1604 4983 καὶ
1654 4929 1833 4983 λοιπὸν

235 5017 434 5070 ἁκούων
461 5016 621 5070 αύτοῦ
649 5015 1016 5092 διαλεγομένου
1062 5021 1189 5092 πρὸς
1216 5023 1310 5079 τὴν
1347 5022 1550 5094 νύμφην
1598 5024 1688 5072 καὶ
1743 5019 1833 5094 ῥυ-

1221 337 1588 397 COMMENT.
1633 338 1698 395 IN
1736 336 2088 395 JOANNEM.
2129 371 2195 380 —
2235 337 2394 396 CAP.
2437 339 2527 395 III.

3477 336 3618 394 H78

2317 466 2466 521 CAP.
2545 467 2634 522 IV.
2671 467 2756 522 De
2787 465 3232 536 puriﬁcatione.

2036 554 2198 610 Vers.
2232 559 2316 611 25.
2359 555 2548 612 Facta
2581 561 2665 612 est
2719 586 2784 596 —
2821 555 3263 624 puriﬁcatione.
3311 557 3488 611 Facta
3521 559 3613 612 est

1962 643 2284 715 disputatio
2327 659 2398 699 ex
2441 643 2747 716 discipulis
2795 643 3043 700 Joannis
3085 645 3372 700 adversus
3416 660 3617 715 quem-

1960 732 2101 790 dam
2123 733 2398 788 .Iudreum
2426 748 2462 788 a
2483 733 2692 788 Christi
2715 733 3024 805 discipulis
3041 733 3429 806 baptizatum.
3450 735 3618 800 Quaa-

1963 822 2076 878 stio
2103 826 2303 877 autem
2335 825 2462 878 erat
2485 822 2559 878 de
2591 822 3022 894 puriﬁcatione,
3067 823 3189 878 sive
3230 823 3613 894 baptismate,

1961 916 2245 984 tanquam
2276 912 2573 984 baptisma
2589 929 2794 968 eorum
2819 912 3080 984 amplius
3109 913 3407 986 quiddam
3428 913 3619 970 habe-

1963 1008 2046 1056 ret
2071 1017 2251 1074 super
2307 1001 2614 1073 baptisma
2644 1001 3099 1075 discipulorum
3149 1001 3386 1069 Christi,
3429 1019 3620 1058 Inmu-

1959 1091 2182 1146 latione
2241 1090 2540 1163 siquidem
2617 1091 2851 1147 accensi
2931 1091 2995 1147 id
3069 1091 3431 1164 persuadere
3489 1092 3620 1164 (dd)

1961 1179 2355 1236 conabantur.

2031 1269 2194 1324 Vers.
2252 1273 2342 1325 26.
2398 1269 2480 1326 Et
2539 1301 2601 1313 --
2667 1271 2950 1340 baptizat.
3006 1271 3453 1328 CumJudasum
3496 1271 3621 1327 vin-

1961 1374 2092 1415 cere
2135 1375 2253 1414 non
2285 1365 2548 1431 possent,
2590 1366 2881 1416 venerunt
2919 1360 2996 1416 ad
3036 1360 3395 1430 magistrum
3445 1377 3621 1418 suum

1959 1464 2030 1504 ac
2081 1449 2357 1504 dixerunt
2412 1465 2426 1504 :
2475 1449 2592 1517 Ille,
2652 1449 2727 1505 de
2779 1465 2903 1521 quo
2958 1454 3122 1506 tanta
3163 1466 3234 1506 ac
3276 1450 3417 1507 talia
3460 1450 3618 1507 testi-

1957 1538 2171 1594 ﬁcatus
2208 1554 2292 1605 es,
2338 1554 2522 1611 quem
2570 1543 2675 1594 tuo
2724 1539 3068 1596 testimonio
3113 1540 3475 1611 gloriﬁcasti,
3522 1540 3619 1595 hic

1959 1633 2128 1684 tuum
2181 1644 2404 1683 munus
2459 1633 2668 1684 contra
2720 1632 2774 1684 te
2817 1635 3067 1696 exercet,
3124 1635 3412 1702 tuamque
3465 1629 3621 1700 rapit

1959 1717 2226 1788 gloriam.
2280 1720 2344 1773 Et
2387 1716 2630 1791 insuper
2682 1734 3036 1791 exasperare
3075 1719 3242 1776 illum
3297 1721 3616 1791 cupientes,

1882 1814 1929 1871 B
1959 1807 2319 1864 addiderunt
2352 1824 2368 1863 :

2029 1897 2191 1954 Vers.
2219 1901 2307 1952 26.
2340 1897 2414 1953 Ει
2449 1929 2511 1938 -
2544 1913 2696 1954 eum.
2735 1900 2810 1954 Te
2853 1898 3073 1954 relicto.

2030 1989 2172 2043 Vers
2197 1991 2284 2042 '27.
2327 1987 2640 2056 Respondit
2689 2019 2754 2028 —
2809 1989 2969 2044 caelo.
3026 1991 3154 2045 Non
3200 1993 3396 2062 potest
3429 1989 3616 2045 homo

1958 2092 1996 2133 a
2035 2075 2236 2148 seipso
2280 2079 2399 2132 tale
2439 2075 2756 2148 quippiam
2805 2077 3096 2150 accipere,
3136 2082 3336 2149 utpote
3380 2077 3619 2134 caeleste

1953 2181 2027 2222 ac
2064 2165 2334 2222 divinum
2369 2182 2383 2220 :
2413 2181 2553 2222 nam
2595 2170 2894 2222 terrenum
2916 2182 2987 2223 ac
3016 2166 3350 2224 humanum
3393 2165 3616 2238 saepius

1955 2254 2138 2310 etiam
2194 2270 2231 2310 a
2297 2254 2510 2326 seipsis
2561 2255 2880 2328 accipiunt.
2951 2259 3069 2312 Hoc
3119 2261 3322 2312 autem
3387 2256 3616 2321 dicens,

1956 2343 2181 2400 occulte
2237 2343 2476 2416 quidem
2531 2345 2806 2412 ostendit,
2861 2345 3157 2401 Christum
3217 2361 3338 2402 non
3395 2343 3620 2417 simpli-

1956 2433 2098 2488 citer
2134 2433 2442 2489 hominem
2487 2448 2636 2500 esse,
2696 2433 2799 2490 sed
2863 2435 3040 2490 etiam
3096 2438 3280 2490 Deum
3352 2450 3366 2490 :
3430 2434 3617 2490 mani-

1955 2522 2098 2578 feste
2164 2539 2301 2578 vero
2355 2521 2804 2589 demonstravit,
2857 2523 3022 2596 quod
3063 2539 3099 2580 a
3133 2527 3251 2579 Deo
3307 2527 3618 2596 acceperat

1955 2617 2019 2668 ut
2056 2611 2486 2682 gloriﬁcaretur
2549 2628 2882 2685 omnesque
2935 2612 3276 2669 attraheret.

2026 2699 2248 2756 Deinde
2278 2701 2416 2773 quia
2443 2701 2693 2757 Joannis
2723 2702 3132 2759 testimonium
3163 2701 3243 2758 ad
3265 2701 3479 2758 Christi
3508 2702 3616 2758 im-

1954 2790 2833 2863 minutionemassumpserant,
2860 2797 3164 2863 retorquet
3191 2791 3385 2863 ipsum
3409 2796 3614 2848 contra

1953 2896 2076 2945 eos,
2111 2885 2166 2937 et
2193 2879 2272 2936 ab
2297 2896 2365 2937 eo
2399 2881 2593 2951 magis
2609 2880 3047 2938 ostenditillum
3064 2880 3177 2937 sibi
3198 2880 3610 2954 praepositum.

1951 2969 2045 3025 Ait
2071 2968 2231 3025 enim
2258 2988 2272 3029 :

2027 3060 2280 3116 Vers.28.
2314 3059 2438 3128 Ipsi
2469 3090 2536 3099 —
2567 3061 2765 3116 illum.
2794 3060 3012 3115 Missus
3055 3076 3190 3116 sum
3233 3063 3369 3116 ante
3420 3059 3610 3128 illum,

1953 3147 2075 3202 sive
2108 3146 2376 3203 minister
2405 3163 2474 3203 ac
2507 3165 2718 3204 servus
2738 3150 2888 3220 ejus.
2921 3149 2979 3205 Si
3007 3164 3151 3219 ergo
3174 3165 3378 3205 meum
3396 3149 3611 3221 produ-

1951 3235 2082 3291 citis
2115 3235 2537 3302 testimonium,
2562 3236 2706 3292 illud
2743 3237 3034 3308 majorem
3063 3237 3224 3293 hunc
3249 3252 3384 3293 esse
3413 3237 3611 3293 testiﬁ-

1951 3328 2154 3380 catum
2178 3331 2284 3380 est.

2024 3416 2184 3469 Vers.
2217 3417 2304 3470 29.
2338 3415 2453 3482 Qui
2481 3445 2547 3456 —
2577 3420 2677 3472 est.
2728 3417 2876 3486 Ipse,
2916 3414 3022 3488 qui
3071 3429 3363 3486 sponsam
3407 3414 3609 3480 habet,

1951 3520 2211 3576 sponsus
2240 3509 2328 3560 est
2356 3504 2450 3560 vel
2474 3503 2777 3560 dominus.
2804 3505 3036 3576 Sponsa
3049 3503 3334 3575 siquidem
3352 3504 3612 3575 populus

1953 3599 2040 3649 est
2062 3592 2337 3660 ﬁdelium,
2366 3595 2491 3651 sive
2526 3594 2784 3650 Ecclesia
2811 3593 3048 3665 mystice
3075 3592 3373 3665 perﬁdem
3389 3593 3610 3649 coadu-

1950 3690 2111 3747 nata;
2136 3699 2395 3754 sponsus
2425 3701 2567 3741 vero
2593 3683 3055 3748 Christus,hanc
3082 3681 3460 3739 iueﬁ'abiliter
3493 3682 3609 3740 sibi

1949 3772 2324 3838 coadunans,
2355 3773 2822 3846 etapproprians
2847 3788 2919 3828 ac
2952 3771 3201 3842 eligens.
3234 3771 3396 3829 Unde
3410 3777 3466 3828 et
3491 3770 3612 3828 Sal-

1949 3866 2119 3918 vator
2149 3878 2273 3919 rem
2303 3862 2462 3919 hanc
2491 3863 2734 3935 nuptias
2766 3861 2908 3919 alibi
2946 3861 3294 3935 appellavit.

2021 4039 2180 4095 Vers.
2207 4043 2296 4097 29.
2329 4040 2571 4096 Amicus
2601 4045 2799 4096 autem
2826 4071 2877 4081 -
2913 4040 3132 4108 sponsi.
3179 4039 3458 4112 Superius
3483 4041 3614 4113 qui-

1949 4128 2086 4184 dem
2116 4129 2381 4200 seipsum
2408 4145 2646 4186 servum
2666 4145 2735 4185 ac
2759 4128 3228 4194 ministrum,hic
3243 4132 3442 4184 autem
3459 4130 3607 4185 ami-

1949 4232 2084 4271 cum
2099 4216 2251 4271 illius
2282 4223 2484 4273 vocat:
2502 4234 2619 4273 non
2636 4218 2898 4288 seipsum
2924 4216 3210 4272 extollens
3232 4216 3610 4288 autjactans,

1949 4305 2054 4360 sed
2085 4304 2140 4360 in
2160 4305 2274 4361 hoc
2302 4305 2539 4374 negotio
2565 4305 2857 4378 gaudium
2882 4305 3306 4360 demonstrans
3334 4321 3437 4376 per
3460 4305 3609 4360 ami-

1948 4393 2002 4449 ci
2032 4394 2516 4466 appellationem.
2554 4398 2746 4466 Neque
2777 4394 2935 4449 enim
2967 4395 3045 4449 ita
3085 4393 3351 4463 gaudent
3377 4395 3522 4450 servi
3547 4394 3608 4452 in

1949 4484 2169 4556 nuptiis
2196 4483 2576 4541 dominorum
2608 4484 2760 4540 sicut
2789 4483 2990 4541 amici.

2019 4663 2190 4728 Quod
2220 4678 2361 4734 ergo
2386 4661 2550 4728 dicit,
2587 4661 2963 4720 tantumdem
3003 4667 3111 4734 est,
3161 4678 3230 4719 ac
3279 4662 3329 4718 si
3365 4661 3606 4721 diceret.

1945 4752 2042 4808 llle
2071 4751 2317 4825 quidem
2343 4768 2604 4825 sponsus
2625 4756 2713 4808 est
2741 4768 2811 4808 ac
2839 4753 3272 4822 Dominus;ego
3295 4767 3436 4808 vero
3463 4753 3612 4810 ami-

1946 4857 2048 4897 cus
2073 4857 2144 4898 ac
2174 4857 2412 4914 sponsa
2442 4841 2670 4908 ductor,
2701 4841 2803 4915 qui
2837 4846 3002 4897 stans
3027 4841 3149 4912 jam
3181 4846 3238 4899 et
3267 4843 3491 4914 nuptiis
3520 4842 3607 4898 in-

1944 4929 2197 4987 tendens
2242 4930 2639 5003 perﬁciendis,
2698 4930 2983 5004 quodque
3025 4931 3172 4988 mihi
3224 4931 3466 5003 jussum
3519 4937 3612 4990 est

1943 5017 2284 5092 adimplens
2315 5023 2372 5076 et
2415 5019 2624 5076 exinde
2668 5019 2918 5076 audiens
2957 5021 3156 5092 ipsum
3197 5036 3335 5077 cum
3376 5036 3602 5094 sponsa

1461 5197 1681 5268 Variae
1718 5197 2048 5267 lectiones
2095 5205 2164 5267 et
2203 5208 2405 5267 notae.

305 5394 416 5470 (42)
450 5403 702 5470 ,Χριστοῦ
749 5394 1189 5470 perspicuitatis
1229 5411 1415 5470 causa
1459 5395 1832 5470 addendum,

229 5465 405 5556 quod
430 5465 1101 5540 Chrysosto'mus’etiam
1149 5466 1348 5533 habet,
1389 5472 1547 5524 tome
1597 5468 1737 5533 VIII,
1774 5483 1830 5540 p.

235 5537 336 5592 165
365 5538 424 5592 F.
546 5537 559 5540 ⁷

305 5607 418 5680 (43)
456 5608 790 5684 Προϐάλεσθε
823 5617 883 5664 Α.

302 5783 429 5859 (dd)
455 5783 524 5841 Id
543 5785 924 5861 persuadere,
965 5786 1038 5848 Id
1066 5800 1188 5847 non
1224 5791 1313 5848 est
1343 5785 1404 5850 in
1435 5785 1657 5846 Gaaeco.

2021 5397 2134 5468 (44)
2160 5395 2222 5450 Ὀ
2253 5395 2469 5468 omittit
2498 5396 2557 5468 BV.

2020 5466 2135 5534 (45⁷)
2168 5467 2350 5522 Veluti
2389 5467 2590 5522 Matth.
2623 5480 2763 5530 xxu,
2805 5470 2858 5530 2,
2901 5466 3034 5524 coll.
3078 5472 3132 5537 9,
3171 5473 3254 5526 l5.

2018 5539 2130 5610 (i6)
2171 5539 2287 5592 Ἐπὶ
2324 5546 2422 5592 τῶν
2451 5538 2766 5616 πραγμάτων
2797 5538 2862 5596 Α,
