4170 6424
608 323 752 392 mg
1921 331 2261 391 EUTHYMII
2313 325 2666 390 ZAGABENI
3842 339 3974 397 uso

604 461 1060 533 colloquentem,
1094 457 1378 533 illamque
1408 464 1875 531 componentem
1891 475 1960 514 ac
1975 460 2240 514 instruen

2320 453 2342 511 ἱ
2378 461 2647 531 θμίζοντος
2677 461 2838 519 αὐτὴν
2859 467 2947 515 καὶ
2967 459 3325 531 παιδεύοντος,
3356 469 3533 538 χαίρω
3564 459 3659 516 διὰ
3686 468 3775 522 τὴν
3805 471 3967 536 φωνὴν

606 553 747 618 tem,
781 550 1020 620 gaudeo
1049 554 1290 622 propter
1328 549 1484 604 hanc
1511 549 1637 619 ejus
1680 563 1910 612 vocem,
1939 563 2075 621 quin
2115 546 2253 604 adec

2376 549 2554 613 αὐτοῦ,
2587 555 2680 608 τὴν
2723 555 2859 603 οὕτω
2899 551 3161 624 γλυκεῖαν,
3200 557 3298 612 τὴν
3339 554 3503 616 οὕτως
3541 551 3844 626 ἆπέραστον,
3876 556 3957 611 τὴν

607 639 797 697 dulcis
827 645 931 704 est,
969 639 1123 695 adeo
1153 637 1382 704 efﬁcax,
1430 639 1582 695 adeo
1632 638 1931 694 salutaris.

1179 637 1382 704 efﬁcax,
1430 639 1582 695 adeo
1632 638 1931 694 salutaris.
2374 639 2509 692 οὕτω
2547 645 2826 716 σωτήριον.

679 821 841 874 Vers.
861 822 948 874 29.
992 819 1120 873 Hoc
1145 849 1202 858 —
1221 817 1529 888 impletum
1556 825 1659 874 est.
1688 818 1833 873 Cum
1865 817 1945 873 illi
1974 829 2265 888 sponsam

2448 817 2588 873 Αὕτη
2654 846 2724 857 -
2790 816 3145 890 πεπλήρωται.
3243 815 3574 891 Παραδόντος
3647 815 3823 888 ἆκείνῳ
3877 823 3963 876 τὴν

608 907 976 974 tradiderim,
1001 923 1070 963 ac
1087 909 1480 963 commissum
1499 907 1642 963 mihi
1667 907 2084 971 ministerium,
2111 905 2255 960 utdi-

2374 909 2598 977 νύμφην,
2656 911 2745 958 καὶ
2805 905 3217 980 πεπληρωκότος,
3275 911 3340 968 ὡς
3392 911 3614 982 εἴρηται,
3671 911 3760 966 τὴν
3811 907 3967 979 ἄγχει-

609 1000 892 1060 ctumest,
911 996 1301 1068 impleverim.
1326 997 1408 1051 llli
1441 1011 1583 1067 ergo
1609 997 1904 1069 putabant
1933 1000 2256 1068 praecepto-

2375 992 2648 1069 ρισθεῖσαν
2696 1015 2786 1068 μοι
2837 992 3128 1054 διακονίαν.
3194 998 3409 1050 Ἐκεῖνοι
3485 1000 3577 1070 μεν
3652 994 3738 1050 οὖν
3821 1002 3962 1067 ᾤοντο

604 1101 734 1143 rem
786 1103 964 1142 suum
1019 1086 1525 1158 exasperandum,
1575 1093 1633 1142 et
1669 1087 1746 1142 ad
1819 1086 2251 1141 mmulationen:

2376 1086 2711 1159 παρακνίζειν
2761 1089 2848 1138 τὸν
2916 1083 3239 1140 διδάσκαλον
3288 1086 3500 1152 ἑαυτῶν,
3560 1091 3650 1139 καὶ
3699 1086 3769 1149 εἰς
3831 1086 3965 1147 ζηλο-

609 1175 966 1231 irritandum
1000 1178 1168 1248 :ipse
1201 1191 1357 1240 vero,
1392 1192 1529 1231 cum
1561 1176 1842 1246 pradicta
1889 1174 2131 1238 diceret,
2175 1189 2256 1229 os-

2375 1179 2561 1226 τυπίαν
2608 1173 2872 1247 ἇρεθίζειν·
2908 1174 3059 1236 αὐτὸς
3114 1171 3192 1241 δε,
3233 1178 3299 1227 τὰ
3349 1176 3573 1250 ῥηθέντα
3616 1175 3798 1244 εἰπὼν,
3853 1172 3963 1228 ἔδει·

605 1265 811 1336 tendit,
845 1268 1010 1337 quod
1045 1281 1163 1320 non
1199 1265 1389 1320 solum
1418 1279 1537 1320 non
1568 1265 1951 1320 aemularetur
1981 1280 2118 1318 eum
2161 1279 2252 1334 qu:

2378 1264 2454 1326 ξεν
2504 1265 2584 1315 ὅτι
2631 1263 2688 1315 ού
2738 1268 2891 1334 μόνον
2949 1264 3008 1316 ού
3059 1264 3345 1324 ζηλοτυποῖ
3407 1261 3958 1337 παρευδοκιμούμενος,

606 1354 794 1425 gloria
822 1361 1147 1425 superaret,
1187 1355 1290 1409 sed
1326 1356 1611 1427 gauderet
1674 1359 1872 1426 potius
1923 1359 1983 1409 ut
2013 1353 2117 1426 qui
2148 1353 2253 1407 hoc

2378 1351 2483 1403 ἀλλ’
2531 1355 2610 1404 ὅτι
2650 1358 2737 1404 καὶ
2786 1353 2971 1414 μᾶλλον
3022 1358 3224 1426 χαίρει,
3276 1359 3364 1406 καὶ
3395 1356 3474 1406 ὅτι
3513 1359 3604 1406 καὶ
3635 1353 3796 1415 αὐτὸς
3828 1363 3959 1406 τοῦτο

605 1451 1004 1518 procurasset.
1041 1445 1259 1501 Deinde
1283 1447 1458 1502 etiam
1501 1445 1574 1500 de
1603 1445 1800 1502 futuro
1818 1445 2157 1517 prophetat.

2379 1438 2722 1504 ἐσπούδαζεν.
2796 1440 2922 1497 Εἶτα
2977 1447 3289 1516 προφητεύει
3347 1449 3437 1496 καὶ
3509 1448 3629 1517 περὶ
3695 1451 3794 1497 τοῦ
3864 1445 3961 1516 μέλ·

2377 1532 2569 1595 λοντος.

679 1625 840 1680 Vers.
868 1627 955 1680 30.
987 1624 1168 1679 Ilium
1191 1654 1248 1663 —
1276 1622 1485 1678 minui.
1514 1623 1681 1679 Minui
1708 1640 1720 1678 :
1750 1623 2264 1696 quemadmodum

2446 1625 2670 1676 Ἐκεῖνον
2717 1653 2785 1663 -
2845 1622 3204 1676 ἕλαττοῡσϐαι.
3257 1621 3634 1676 Ἐλαττοῦσθαι
3689 1625 3780 1691 ὥς,
3835 1623 3961 1682 ἡλίου

609 1711 822 1768 lucifer
855 1718 984 1768 orto
1025 1712 1170 1767 sole.

2379 1709 2749 1780 ἀνατείλαντος,
2779 1713 3058 1785 ἑωσφόρον.

677 1801 853 1857 Vides
881 1818 1003 1874 quo
1020 1806 1193 1873 pacto
1211 1801 1500 1873 paulatim
1516 1801 1904 1869 acingenioSe
1936 1801 2269 1857 illorumin-
2303 1813 2324 1870 ι

2314 1815 2345 1870 Β
2451 1800 2600 1864 Εἶδες
2653 1811 2761 1864 πῶς
2819 1803 2988 1875 ἡρέμα
3030 1808 3120 1854 καὶ
3165 1802 3475 1874 εὐμηχάνως
3532 1807 3626 1859 τήν
3686 1801 3961 1876 βασκανίαν

607 1891 834 1946 vidiam
851 1891 1145 1954 cohibeat,
1161 1906 1229 1945 ac
1246 1891 1944 1962 impossibiliatentantes
1969 1891 2254 1947 ostendat?

2379 1893 2547 1944 αὐτῶν
2625 1891 2956 1963 ἐσωφρόνισε,
3056 1898 3145 1944 καὶ
3225 1888 3506 1954 ἀδυνάτοις
3584 1890 3961 1967 ὶπιχειροῦντας

604 1980 745 2036 Ideo
774 1982 931 2035 enim
965 1981 1159 2035 adhuc
1191 1997 1262 2035 eo
1292 1981 1526 2035 vivente
1558 1985 1613 2034 et
1645 1979 1980 2051 baptizante
2010 1981 2251 2051 disposi

2381 1981 2542 2046 ἔδειξε
2575 2000 2588 2048 ;
2623 1986 2715 2035 Διὰ
2777 1990 2928 2034 τοῦτο
2966 1986 3065 2058 γὰρ
3129 1987 3213 2034 καὶ
3257 1983 3588 2053 ᾡκονομὴθη,
3649 1987 3726 2035 in
3783 1984 3955 2043 ζῶντος

605 2072 735 2125 tum
762 2075 869 2132 est,
901 2074 963 2124 ut
988 2070 1066 2125 ita
1091 2069 1270 2136 ﬁeret,
1295 2085 1412 2142 quo
1444 2070 1642 2140 ipsum
1675 2069 2034 2125 excellentiae
2056 2071 2252 2125 Christ:

2383 2074 2542 2124 αὑτοῦ
2589 2078 2677 2124 καὶ
2726 2071 3096 2143 βαπτίζοντος,
3145 2081 3311 2124 ταῦτα
3357 2074 3621 2142 γενέσθαι,
3682 2074 3765 2124 ἶνα
3817 2072 3955 2123 αὐτόν

604 2163 818 2215 testem
859 2159 1146 2215 haberent
1175 2159 1292 2214 ﬁde
1323 2159 1573 2231 dignum
1607 2160 1741 2214 etin
1773 2160 1936 2214 nullo
1974 2160 2251 2215 contradi

2382 2163 2684 2224 ἀξιόπιστον
2737 2165 2978 2236 μάρτυρα
3019 2171 3115 2223 τῆς
3167 2164 3435 2234 ὑπεροχῆς
3486 2164 3676 2232 ἔχωσι,
3731 2167 3814 2213 καὶ
3857 2180 3956 2232 μη-

606 2264 738 2305 cere
770 2253 1011 2320 possent
1045 2264 1058 2304 :
1091 2249 1243 2304 unde
1272 2265 1380 2305 nec
1403 2265 1438 2304 a
1465 2248 1801 2320 seipsoliaec
1828 2249 1991 2318 dixit,
2021 2250 2123 2306 sed
2153 2250 2253 2305 illis

2385 2249 2542 2324 δεμία
2611 2254 2810 2312 τούτοις
2880 2250 3145 2321 ἀντιλογία
3207 2250 3582 2323 περιλειφθείη,
3662 2247 3796 2302 Οὑδέ
3861 2252 3950 2321 γὰρ

609 2337 1078 2410 impellentibus.

2384 2340 2466 2412 ἀφ’
2553 2341 2735 2393 ἑαυτοῦ
2809 2349 2974 2394 ταῦτα
3035 2337 3189 2404 εἶπεν,
3261 2338 3366 2390 ἀλλ’
3439 2338 3640 2392 ἐκείνων
3706 2357 3952 2414 παρορμη-

2385 2450 2580 2483 σαντων
2589 2474 2600 2484 .

679 2518 841 2573 Vers.
886 2522 974 2574 3t.
1028 2518 1136 2585 Qui
1180 2549 1248 2558 —
1296 2526 1400 2574 est.
1463 2518 1568 2583 Qui
1624 2518 1878 2573 cmlestis
1931 2524 2036 2583 est,
2079 2520 2271 2589 major

2451 2521 2510 2572 Ὀ
2543 2551 2605 2564 -
2635 2519 2791 2572 ἔστιν.
2828 2519 2886 2571 Ὀ
2919 2519 3214 2593 ἐπουράνιος
3238 2519 3430 2591 μείζων
3477 2520 3671 2570 πάντων
3707 2518 3822 2582 ἐστὶ,
3851 2511 3935 2567 σ’ιά

609 2607 893 2663 omnibus
927 2612 1035 2674 est,
1088 2612 1144 2662 et
1203 2607 1337 2662 ideo
1391 2623 1503 2673 ego
1556 2623 1800 2679 quoque
1857 2610 2053 2663 minor
2108 2625 2256 2663 sum.

1556 2623 1800 2679 quoque
1857 2610 2053 2663 minor
2108 2625 2266 2663 sum.
2381 2620 2533 2663 τούτο
2559 2613 2704 2681 κάγω
2734 2609 2953 2661 ﬁdem»
2981 2610 3160 2665 αὐτοῦ.

682 2695 776 2751 Vel
809 2696 978 2751 aliter
1010 2697 1418 2762 :Quicmlestis
1444 2704 1550 2762 est,
1583 2697 1743 2750 nullo
1783 2702 1934 2767 eget,
1985 2698 2134 2752 etita
2168 2714 2270 2752 nec

2451 2701 2517 2753 'ii
2575 2705 2663 2751 καὶ
2713 2700 2913 2771 ἑτέρως·
2946 2700 3003 2750 Ὀ
3044 2699 3348 2770 ἐπουράνιος
3405 2694 3687 2769 ἀπροσδεὴς
3741 2696 3936 2746 πάντων

609 2800 746 2841 meo
777 2791 909 2855 eget
941 2785 1286 2840 testimonio
1319 2787 1442 2857 ipse
1478 2785 1589 2840 sibi
1623 2785 1944 2841 sufﬁciens.

2383 2790 2514 2855 ἐστὶ,
2556 2787 2648 2841 διὰ
2701 2798 2850 2841 τοῦτο
2898 2785 3021 2841 ούδε
3066 2796 3154 2849 τῆς
3186 2787 3309 2860 ἱρῆς
3330 2783 3634 2863 προσδεῖται
3659 2787 3945 2858 μαρτυρίας,

2383 2897 2538 2939 auro;
2562 2897 2724 2949 εαυτῳ
2757 2897 2944 2951 αρκων.

680 2962 822 3017 Vers
854 2967 942 3018 3t.
983 2963 1095 3030 Qui
1125 2994 1192 3001 —
1220 2972 1321 3018 est.
1359 2964 1525 3021 Sicut
1556 2963 1699 3019 illud
1733 2963 1806 3017 de
1849 2963 1966 3028 illo,
2000 2964 2080 3020 ita
2115 2973 2171 3021 et
2198 2966 2271 3020 is-

2448 2967 2506 3018 Ὀ
2585 2999 2650 3006 -
2718 2971 2876 3020 ἐστίν.
2941 2967 3140 3039 Ὠσπερ
3191 2966 3349 3019 ὶκεῖνο
3407 2969 3520 3040 περὶ
3577 2963 3783 3033 ἐκείνου,
3833 2963 3955 3015 οὕτω

608 3051 715 3106 tud
744 3051 850 3122 (ee)
884 3052 1088 3107 deisto
1115 3052 1288 3118 dicit;
1318 3068 1456 3107 nam
1478 3052 1578 3124 qui
1609 3068 1639 3107 e
1675 3060 1827 3108 terra
1846 3052 2255 3124 profectusest1

2380 3061 2467 3109 καὶ
2517 3066 2669 3109 τοῦτο
2705 3063 2821 3130 περὶ
2862 3058 2974 3127 (47)
3036 3056 3220 3109 ἑαυτοῦ
3285 3054 3439 3128 λήνει,
3490 3057 3571 3107 ὅτι
3614 3056 3639 3105 ὁ
3671 3054 3735 3103 ὡν
3787 3051 3839 3104 ἐκ
3874 3058 3957 3111 τῆς

608 3146 878 3197 terrenus
905 3148 1012 3209 est,
1047 3141 1166 3195 sive
1199 3141 1438 3196 inferior
1470 3141 1891 3214 illo:siquidem
1926 3142 2141 3198 Crelum
2177 3161 2255 3199 su-

2310 3179 2343 3234 c
2379 3157 2479 3219 γῆς
2524 3147 2577 3198 ἐκ
2621 3156 2714 3208 τῆς
2765 3155 2866 3218 γῆς
2915 3146 3077 3216 ἔστιν,
3128 3150 3290 3217 ἤγουν
3337 3147 3583 3197 ὑποκάτω
3634 3142 3842 3195 ἂκείνου.
3873 3145 3957 3193 Kai

607 3245 861 3304 pernum
893 3237 979 3286 est
1009 3235 1064 3287 et
1093 3231 1416 3295 excelsum,
1453 3239 1605 3287 terra
1633 3247 1772 3288 vero
1805 3233 2034 3289 inferna
2075 3239 2128 3288 et
2165 3234 2254 3289 hui

2312 3226 2339 3234 ⁷
2380 3240 2480 3310 γὰρ
2537 3241 2623 3287 καὶ
2673 3238 2699 3288 ὁ
2754 3237 2969 3311 οὐρανὸς
3007 3239 3096 3308 μεν
3152 3235 3319 3288 ἐπάνω
3360 3239 3450 3286 καὶ
3496 3234 3715 3305 ὑψηλὸς,
3751 3233 3777 3291 ἠ
3817 3239 3881 3303 ’γῆ
3912 3226 3959 3281 δι

607 3319 786 3376 milis.

2382 3328 2624 3377 ὑποκάτω
2655 3331 2742 3376 καὶ
2771 3331 2998 3384 ταπεινή.

679 3409 945 3465 Vers.3t.
977 3410 1048 3464 Et
1067 3410 1313 3465 dem-ra
1341 3411 1626 3480 loquitur.
1659 3411 2271 3483 Atquidivinaloque-

2458 3421 2555 3467 Καὶ
2608 3414 2660 3466 ἔκ
2709 3423 2801 3476 τῆς
2831 3423 2928 3484 γῆς
2972 3415 3128 3468 λαλεῖ.
3184 3418 3284 3466 Καὶ
3331 3418 3434 3485 μὴν
3479 3414 3590 3465 θεῖα
3633 3412 3820 3465 ἆλοὶλει·
3873 3408 3959 3461 ἀλλ’

605 3497 800 3554 batur.
845 3500 959 3554 Sed
995 3500 1504 3571 quemadmodum
1538 3500 1800 3554 Christus
1839 3501 1897 3555 in
1931 3502 2252 3573 preceden-

2384 3507 2556 3575 ὥσπερ
2617 3506 2641 3554 ὁ
2697 3508 2927 3576 Χριστὸς
3005 3501 3275 3577 προλαϐὼν
3326 3506 3544 3576 εἴρηκεν*
3610 3501 3670 3554 Εἰ
3745 3503 3811 3552 τὰ
3868 3498 3963 3551 ἐπί-

604 3588 767 3643 tibus
799 3588 979 3643 dixit:
1011 3589 1079 3643 Si
1103 3593 1337 3644 terrena
1377 3589 1506 3644 dixi
1538 3590 1698 3644 vobis
1726 3596 1777 3644 ει
1810 3605 1927 3644 non
1960 3589 2244 3646 creditis"

2383 3611 2500 3663 γεια
2584 3590 2722 3644 εἶπον
2784 3595 2924 3664 ὑμῖν,
2995 3597 3083 3645 καὶ
3144 3592 3202 3644 ού
3268 3595 3558 3644 πιστεύετεο
3610 3589 3838 3661 ἐπίγειον
3896 3589 3963 3638 λί-

604 3679 907 3733 terrenum
923 3691 1141 3731 vocans
1155 3677 1418 3732 divinam
1435 3679 2090 3746 regenerationemznon
2107 3695 2251 3751 quor

2382 3701 2486 3752 γων
2556 3687 2649 3740 τὴν
2717 3683 2854 3734 θείαν
2926 3681 3279 3754 ἀναγεννησιν·
3357 3681 3451 3733 οὐκ
3507 3675 3687 3736 ἐπειδή
3770 3678 3968 3749 ἇπίγειος

609 3771 842 3822 terrena
867 3770 1043 3831 esset,
1079 3766 1178 3820 sed
1213 3767 1267 3820 in
1285 3768 1731 3839 comparatione
1762 3774 1992 3822 aeternae
2025 3785 2256 3833 genera-

2386 3767 2468 3834 ἦν,
2524 3771 2651 3822 ἀλλὰ
2691 3775 2819 3845 πρὸς
2875 3774 3152 3846 σύγκρισιν
3212 3778 3302 3830 τῆς
3354 3774 3665 3842 προαιωνίου
3709 3773 3800 3820 καὶ
3858 3769 3964 3836 ὑπὲρ

607 3855 782 3912 tionis
804 3872 944 3918 sum,
965 3871 1098 3928 quae
1112 3871 1350 3911 omnem
1377 3873 1620 3911 sensum
1662 3873 2026 3928 ninnemque
2047 3859 2248 3913 nxcedi

2383 3867 2498 3910 νούν
2551 3866 2639 3911 καὶ
2692 3859 2840 3931 λόγον
2891 3866 3178 3932 γεννήσεως
3247 3859 3428 3912 αύτοῡ’
3481 3859 3616 3910 οὕτω
3673 3863 3770 3910 καὶ
3825 3863 3904 3907 νῦν
3950 3854 3969 3904 ὁ

607 3943 972 3999 intellectum
999 3962 1012 3997 :
1039 3944 1109 3998 ita
1134 3951 1188 3999 et
1206 3961 1364 4000 nunc
1378 3947 1640 3999 Joannes
1660 3947 1731 3998 de
1759 3953 1911 4000 terra
1931 3947 2162 4018 seloqui
2188 3949 2247 4001 di

2391 3949 2633 4010 Ἰωάννης
2682 3949 2734 4000 ἐκ
2790 3959 2882 4011 τῆς
2912 3958 3007 4021 γῆς
3058 3949 3224 4001 λαλεῖν
3282 3948 3461 4000 ἑαυτὸν
3503 3947 3637 4017 λέγει
3685 3950 3822 4020 πρὸς
3863 3964 3971 4012 συγ-

607 4032 706 4101 cit,
723 4034 779 4087 in
799 4034 1246 4105 comparatione
1271 4034 1808 4104 supernaturalium
1827 4035 2039 4090 Christi
2057 4052 2251 4091 seruio

2384 4057 2558 4112 κρισιν
2588 4048 2685 4090 τῶν
2709 4041 2976 4113 ὑπερφυῶν
3021 4039 3185 4110 λόγων
3225 4046 3317 4090 τοῦ
3349 4045 3600 4112 Χριστοῦ,
3625 4032 3878 4089 δεικνύων
3906 4037 3972 4085 ὅτι

606 4137 754 4178 num
789 4137 802 4178 :
836 4123 1154 4178 ostendens
1186 4139 1295 4176 sua
1321 4139 1448 4177 esse
1491 4137 1677 4195 parva
1718 4140 1786 4178 ac
1819 4125 1978 4186 vilia,
2021 4126 2070 4180 si
2103 4127 2171 4180 ad
2202 4141 2253 4180 et

2385 4132 2446 4179 τὰ
2481 4129 2664 4180 ἑαυτοῦ
2682 4132 2845 4200 μικρὰ
2871 4134 2957 4181 καὶ
2985 4128 3156 4186 εὐτελῆ
3181 4135 3290 4188 τοῖς
3315 4126 3506 4180 ἐκείνου
3530 4125 3967 4201 παραϐαλλόμενα.

605 4227 742 4284 quae
770 4211 926 4266 illius
956 4215 1143 4276 erant,
1192 4211 1589 4266 conferantur.
1648 4215 1793 4267 Nam
1836 4215 1985 4268 sicut
2017 4229 2121 4285 per
2151 4230 2252 4269 cce-

2387 4220 2628 4290 Καθάπερ
2681 4222 2780 4292 γάρ
2837 4214 2930 4270 διὰ
2969 4224 3057 4270 τοῦ
3111 4218 3329 4290 ούρανοῦ
3380 4221 3437 4269 τὸ
3487 4214 3690 4287 ὑψηλὸν
3733 4215 3968 4288 ἐμφαίνει,

604 4300 733 4357 lum
759 4300 1056 4370 signiﬁcat
1088 4301 1411 4368 excelsum,
1449 4301 1526 4356 ita
1551 4315 1656 4373 per
1684 4307 1897 4358 terram
1923 4302 2251 4375 depressum

1725 4317 1897 4358 trram
1923 4302 2269 4375 depressum
2384 4308 2518 4358 οὕτω
2549 4312 2636 4359 καὶ
2666 4304 2758 4359 διὰ
2783 4316 2873 4368 τῆς
2903 4316 3004 4379 γῆς
3034 4311 3090 4359 τό
3112 4312 3372 4361 ταπεινόν.

606 4406 677 4446 ac
716 4390 952 4446 humile.

677 4479 840 4545 Vers,
883 4481 971 4535 31.
1000 4478 1108 4546 ραι
1138 4510 1206 4519 -
1244 4485 1337 4533 εει.
1382 4479 1543 4535 Idem
1574 4495 1814 4535 rursum
1846 4481 2003 4546 dicit,
2048 4497 2267 4537 sermo-
2302 4537 2324 4557 ν

2327 4541 2346 4557 Χ
2452 4485 2510 4536 Ὀ
2559 4515 2625 4524 —
2691 4484 2823 4537 ἔστί.
2882 4488 2950 4538 Τὸ
3008 4484 3133 4536 αὐτὸ
3190 4484 3326 4556 λέγει
3374 4483 3550 4547 πάλιν,
3599 4482 3833 4557 βεϐαιῶν
3900 4484 3974 4533 τὸν

607 4584 747 4623 nem
787 4569 1179 4625 conﬁrmans.

906 4569 1179 4625 ﬁrmans.
2302 4537 2347 4594 Β
2379 4574 2551 4644 λόγον.

674 4660 837 4716 Vers.
868 4659 1052 4712 32.3!
1086 4689 1153 4698 —
1208 4661 1533 4713 attestatur.
1579 4658 2008 4728 Metaphoricus
2070 4675 2265 4716 sermo

2452 4669 2549 4716 Καὶ
2612 4692 2666 4704 -
2730 4670 2998 4737 μαρτυρεῖ.
3054 4666 3407 4736 Μεταφορικὸς
3452 4664 3478 4713 ὁ
3522 4661 3680 4734 λόγος
3746 4661 3852 4714 ἔιπό
3894 4668 3974 4713 τῶν

605 4751 695 4800 est
726 4746 803 4799 ab
830 4747 943 4806 his,
972 4748 1073 4818 qui
1106 4762 1173 4800 ea
1213 4762 1349 4818 quae
1379 4746 1783 4812 testiﬁcantur,
1816 4749 1942 4802 visu
1975 4753 2030 4803 et
2061 4749 2252 4804 auditu

2377 4753 2491 4823 ἅψει
2546 4757 2634 4804 καὶ
2715 4751 2840 4824 ἀκοῇ
2917 4751 3338 4824 παραλαϐόντων,
3390 4751 3424 4803 ἃ
3467 4760 3855 4825 μαρτυροῦσιν.
3904 4747 3967 4800 0'5

602 4841 971 4904 acceperunt.
1010 4835 1207 4907 Neque
1231 4836 1387 4890 enim
1413 4836 1518 4906 ipsi
1557 4852 1708 4906 opus
1740 4844 1863 4892 erat
1906 4839 2249 4905 cognitione.

2375 4846 2472 4913 γὰρ
2525 4841 2675 4902 αὐτὸς
2734 4838 2897 4894 ἕδεῖτο
2949 4848 3209 4913 γνώσεως,
3258 4849 3353 4902 τῆς
3397 4840 3449 4904 ἐξ
3476 4842 3713 4914 ὁράσεως
3755 4842 3785 4900 ἢ
3827 4840 3971 4896 ἀκοῆς

601 4937 738 4994 quae
770 4939 802 4976 a
834 4924 963 4978 visu
1003 4923 1088 4979 vel
1121 4925 1329 4980 auditu
1361 4925 1720 4995 procederet,
1758 4941 1894 4981 cum
1918 4934 2129 4984 natura
2154 4928 2248 4983 scit

2376 4931 2718 5003 ἐγγινομένης,
2783 4934 2934 5003 φύσει
3001 4933 3171 4983 πάντα
3227 4927 3400 4995 εἰδώς,
3459 4932 3525 4990 ὡς
3585 4928 3844 4992 ἀνενδεὴς
3898 4931 3969 4978 καὶ

602 5017 690 5067 ret
720 5013 943 5079 omnia,
970 5018 1171 5084 utpote
1203 5013 1496 5084 perfectus
1539 5015 1713 5078 Deus,
1764 5015 1868 5087 qui
1909 5017 2075 5071 nullo
2115 5016 2249 5072 indi-

2375 5021 2561 5083 τέλειος
2635 5024 2782 5082 Θεὸς·
2861 5019 2969 5072 ἀλλ’
3063 5015 3343 5092 ἐπειδήπερ
3425 5020 3548 5091 ἡμῖν
3637 5020 3670 5078 ἡ
3767 5016 3967 5092 ἀκριϐής

605 5106 701 5171 get
731 5101 834 5155 sed
862 5101 1003 5174 quia
1033 5101 1294 5174 perfecta
1324 5102 1383 5158 in
1407 5103 1582 5158 nobis
1610 5106 1870 5173 cognitio
1901 5104 1978 5161 ab
2009 5106 2102 5162 his
2133 5123 2252 5178 pro-

2372 5119 2561 5182 γνῶσις
2620 5109 2676 5162 ἐκ
2733 5113 2924 5161 τούτων
2970 5109 3244 5181 ἕγγίνεται,
3302 5114 3392 5161 καὶ
3454 5107 3766 5172 ἀξιόπιστον
3822 5112 3969 5182 κρίνο-

603 5189 860 5255 ducitur,
884 5196 1062 5264 atque
1085 5191 1535 5264 illumjudicam
1547 5209 1612 5247 us
1631 5192 1747 5248 ﬁde
1759 5193 2032 5263 dignum,
2048 5197 2150 5268 qui
2170 5213 2250 5264 ea,

2372 5218 2462 5272 μιν
2502 5204 2588 5251 τὸν
2640 5200 2670 5258 ἢ
2713 5199 2828 5270 ὄψει
2864 5199 2891 5258 ἦ
2941 5197 3068 5271 ἀκοῇ
3117 5196 3507 5272 παραλαϐόντα,
3557 5202 3678 5271 περὶ
3710 5198 3781 5249 ὧν
3821 5196 3968 5265 ἀπαγ-

601 5277 679 5333 de
715 5278 936 5348 quibus
975 5279 1340 5350 testiﬁcatur,
1365 5281 1495 5336 visu
1525 5282 1756 5355 accepit
1786 5283 1876 5338 vel
1905 5284 2114 5342 auditu
2143 5303 2157 5342 :
2188 5286 2248 5342 at

2370 5289 2557 5361 γέλλει,
2615 5288 2715 5341 ἀπὸ
2770 5297 2868 5340 τῶν
2923 5290 3044 5362 παρ’
3122 5289 3248 5360 ἡμῖν
3319 5294 3408 5342 καὶ
3467 5289 3533 5340 τὰ
3601 5292 3725 5360 περὶ
3795 5287 3966 5341 ἐκείνου

678 5481 918 5540 uJoan.
959 5500 1016 5551 κ,
1059 5487 1114 5550 8,
1149 5486 1233 5541 t2.

1828 5617 2050 5687 Varia;
2087 5618 2420 5688 lectiones
2458 5629 2525 5689 et
2562 5629 2766 5689 notae.

679 5762 793 5835 (47)
835 5767 962 5840 Περὶ
993 5761 1153 5816 αὑτοῦ
1192 5765 1264 5822 Α.
