4170 6442
252 386 384 443 1181

252 519 548 566 πιστοῦται.
605 511 774 564 Εἰπὼν
827 507 935 579 οὖν,
960 512 986 563 6
1039 511 1228 584 ἑώρακε
1254 516 1342 563 καὶ
1381 509 1652 578 ὃῆκουσε,
1695 517 1848 562 τοῦτο
1882 510 1928 563 Α

251 607 546 675 μαρτυρεῖ·
576 609 826 662 ταπεινῶς
882 605 971 673 μὲν
1025 596 1132 654 εἷπε
1191 597 1285 653 διά
1313 604 1404 658 τὴν
1451 598 1715 652 ἀσθένειαν
1749 607 1847 650 τῶν

252 690 586 764 ἀκροωμένων
629 707 640 720 °
674 687 824 742 οῦδὲν
870 687 929 743 δε
957 691 1124 766 ἕτερον
1171 698 1305 742 εἶπεν
1346 691 1374 748 ἣ
1409 691 1490 742 ὅτι
1520 688 1683 748 ἀληθῆ
1718 707 1848 762 μαρ-

251 786 415 854 τυρεῖ.
453 784 550 832 Καὶ
579 782 677 855 γάρ
713 784 803 831 καὶ
833 778 948 851 (48)
981 781 1150 852 ἡμεῖς,
1209 781 1329 830 ὅταν
1369 777 1481 850 (49)
1511 777 1728 850 θέλωμεν
1762 775 1848 849 βε-

253 867 478 921 ϐαιῶσαι
507 873 622 943 περί
647 888 780 929 τινος
811 870 890 921 ὅτι
914 867 1078 927 ἀληθῆ
1111 868 1265 940 λέγει,
1300 871 1460 941 φαμεν
1492 869 1568 920 ὅτι
1603 866 1628 919 ὃ
1655 866 1848 940 ἑώρακε

250 962 340 1010 καὶ
369 958 483 1031 (50)
512 958 723 1026 ἢκουσε,
747 965 898 1011 τοῦτο
917 965 1190 1034 μαρτυρεῖ.

324 1137 518 1188 Λοιπὸν
566 1131 674 1201 οὖν,
758 1137 878 1188 ὅταν
934 1133 1127 1210 ἀκούῃς
1179 1141 1267 1189 καὶ
1333 1133 1492 1188 αὐτοῦ
1556 1133 1789 1206 λέγοντος
1830 1151 1845 1165 ⁸

253 1227 437 1287 Καθὼς
467 1223 656 1295 ἀκούω,
690 1230 848 1299 κρίνω
875 1243 888 1256 ⁶
915 1229 998 1278 καὶ
1040 1225 1191 1278 πάλιν
1220 1243 1232 1256 °
1264 1224 1322 1278 Ἦ
1372 1223 1464 1298 ἕμὴ
1509 1219 1719 1296 διδαχὴ
1754 1224 1848 1276 οῦκ

250 1315 390 1366 ἔστιν
421 1312 538 1386 ἐμὴ,
591 1313 721 1366 ἀλλά
768 1322 860 1366 τοῦ
903 1314 1199 1386 πέμψαντός
1250 1333 1314 1387 με
1357 1331 1370 1344 ⁸
1428 1319 1518 1366 καὶ
1564 1311 1714 1373 αὖθις
1747 1318 1843 1366 ’Ἃ

250 1407 456 1462 ἤκουσα
479 1404 605 1475 παρ’
629 1403 808 1470 αύτοῦ,
865 1411 1032 1456 ταῦτα
1067 1404 1198 1476 λέγω
1230 1403 1299 1466 εἰς
1339 1407 1425 1456 τὸν
1482 1409 1697 1477 κόσμον,
1758 1407 1848 1455 καὶ

251 1495 350 1546 ὅσα
416 1501 634 1545 τοιαῦτα
668 1511 681 1524 ⁸
730 1498 956 1565 γίνωσκε
1008 1495 1088 1546 ὅτι
1139 1494 1473 1566 οἰκονομικῶς
1518 1496 1582 1546 τὰ
1631 1495 1848 1546 τοιαῦτά

251 1601 430 1654 φησιν,
467 1583 548 1633 ἶνα
576 1586 728 1654 μόνον
751 1578 878 1655 δόξῃ
917 1580 1081 1641 ἀληθῆ
1117 1581 1302 1654 λέγειν,
1345 1578 1438 1635 διὰ
1464 1585 1521 1634 τό
1567 1585 1724 1654 μήπω
1754 1586 1847 1640 τὴν

248 1675 622 1744 προσήκουσαν
673 1675 791 1746 περὶ
845 1671 1002 1724 αὐτοῦ
1058 1667 1216 1734 δόξαν
1270 1673 1410 1745 ἔχειν
1469 1676 1587 1733 τούς
1661 1669 1846 1744 ἀκροα-

246 1761 359 1822 τάς.

321 1853 421 1902 Και
462 1880 531 1889 —
577 1847 848 1922 λαμϐάνει.
899 1846 1092 1913 Οὐδεὶς
1141 1858 1240 1902 τῶν
1288 1847 1663 1904 ἀπιστούντων.
1688 1857 1848 1902 Τοῦτο
1886 1871 1928 1926 Β

250 1933 307 1990 δι
339 1942 455 2012 περὶ
476 1945 575 1989 τῶν
603 1936 933 1997 ἀναισθήτων
961 1936 1231 1991 Ἰουδαίων
1280 1942 1476 2014 εἴρηκεν
1508 1941 1533 1990 6
1566 1939 1802 2002 Ἰωάννης
1832 1955 1845 1968 ⁶

249 2026 521 2102 ἐξαιρέτως
543 2023 602 2080 δὲ
626 2032 743 2102 περὶ
782 2037 880 2080 τῶν
914 2028 1098 2080 ἑαυτοῦ
1128 2031 1396 2100 μαθητῶν,
1436 2038 1536 2082 τῶν
1581 2030 1679 2081 ύπό
1708 2029 1847 2101 φιλο-

249 2111 430 2178 δοξίας
469 2121 558 2168 καὶ
599 2114 899 2188 βασκανίας
947 2118 1283 2193 παρακνίζειν
1334 2118 1488 2170 αὐτόν
1523 2116 1848 2194 ἐπιχειρούν-

247 2224 366 2257 των.

315 2299 373 2345 '0
403 2291 571 2345 λαϐὼν
602 2325 670 2333 -
701 2292 832 2348 ἐστί.
869 2295 1234 2368 Ἐσφροίγίσεν,
1289 2300 1454 2367 ἤγουν
1518 2295 1844 2367 ἐϐεϐαίωσεν,

247 2379 435 2445 ἔδειξεν
457 2383 536 2434 ὅτι
557 2384 583 2434 6
615 2388 789 2458 Πατὴρ
829 2383 1017 2446 ἀληθής
1047 2388 1208 2440 ἐστιν.
1281 2383 1410 2438 Εἶτα
1463 2387 1846 2446 κατασκευάζει

246 2474 303 2524 τὸ
340 2473 515 2547 ῥηθέν.

314 2559 407 2612 ‘Ov
427 2563 526 2636 γάρ
557 2593 623 2603 -—
662 2561 828 2619 λαλεῖ.
891 2563 1034 2616 Ἐπεὶ
1075 2566 1200 2638 γάρ,
1243 2563 1622 2638 ἀπεσταλμένος
1663 2571 1750 2635 ὧν,
1779 2571 1845 2621 τά

241 2650 456 2724 ῥήματα
476 2658 568 2702 τοῦ
600 2659 733 2703 Θεοῦ
759 2651 919 2717 λαλεῖ,
960 2652 1138 2704 λοιπόν
1170 2655 1194 2705 6
1234 2658 1323 2726 μὲν
1348 2654 1515 2706 λαϐὼν
1561 2655 1718 2707 αὐτοῦ
1749 2661 1844 2715 τὴν

243 2744 538 2814 μαρτυρίαν
566 2744 657 2791 καὶ
687 2744 948 2793 πιστεύων
990 2741 1131 2813 αύτῷ
1180 2741 1504 2808 ἐϐεϐαίωσεν,
1547 2740 1736 2806 ἔδειξεν
1767 2748 1844 2798 ὅτι

243 2829 267 2879 ό
297 2830 428 2890 Θεὸς
477 2826 672 2889 ἀληθής
699 2828 854 2901 ἐστιν,
891 2832 915 2882 ό
943 2827 1250 2893 ἀποστείλας
1293 2833 1466 2895 αὐτόν,
1493 2829 1692 2895 οὗτινός
1743 2835 1843 2887 εἰσι

242 2917 310 2968 τά
336 2916 553 2990 ῥήματα
582 2915 616 2968 ἃ
643 2917 787 2970 λαλεί
814 2936 826 2949 ·
863 2921 888 2970 ό
926 2917 984 2972 δε
1033 2925 1104 2992 μὴ
1149 2919 1318 2972 λαϐὼν
1349 2921 1526 2987 αὐτὴν,
1556 2927 1644 2975 καὶ
1677 2922 1842 2975 ἀπισ-

241 3012 338 3056 τῶν
367 3005 528 3076 αύτῷ,
556 3006 850 3060 τούναντίον
876 3017 1032 3074 ποιεῖ,
1065 3013 1154 3062 καὶ
1180 3006 1330 3062 οὐδὲν
1365 3011 1530 3084 ἕτερον
1572 3011 1599 3069 ἦ
1636 3009 1845 3085 προδή-

239 3094 338 3155 λως
374 3097 650 3166 θεομαχεῖ.

325 3269 461 3346 Ὀρα
502 3280 610 3334 πῶς
663 3273 852 3336 αύτούς
907 3273 1131 3327 ἐντεῦθεν
1185 3273 1406 3347 ἐφόϐησε
1430 3280 1519 3328 καὶ
1541 3277 1845 3343 κατέπληξε,
1879 3226 1919 3281 C

254 3363 514 3434 μαθόντας
580 3363 661 3414 ὅτι
709 3363 733 3414 ό
786 3365 1095 3438 παρακούων
1174 3365 1333 3415 αύτοῦ
1412 3368 1694 3437 παρακούει
1758 3374 1848 3418 rex?

255 3458 388 3503 Θεοῦ
419 3455 510 3502 τόῦ
561 3450 860 3522 πέμψαντος
919 3451 1092 3504 αὐτόν.
1144 3451 1322 3515 Δείξας
1369 3458 1535 3505 τοίνυν
1603 3459 1694 3513 τὴν
1773 3453 1853 3508 δι-

255 3536 547 3592 δασκαλίαν
607 3540 762 3592 ἀύτοῦ
835 3539 1138 3604 ἀξιόπιστον
1188 3540 1287 3594 ἀπό
1344 3550 1434 3595 τοῦ
1488 3547 1708 3616 Πατρός,
1743 3541 1847 3597 δεί-

253 3649 434 3681 κνυσιν
466 3629 626 3688 αὐτὴν
689 3628 992 3694 ἀξιόπιστον
1040 3635 1129 3683 καὶ
1181 3629 1282 3684 ἀπὸ
1313 3639 1402 3684 τοῦ
1434 3631 1588 3704 ἀγίου
1622 3637 1853 3708 Πνεῦμα-

252 3738 356 3780 τος.

322 3807 398 3860 Ού
437 3839 502 3848 -
537 3815 762 3881 Πνεῦμα.
821 3809 896 3861 Ού
952 3813 1339 3885 μεμετρημένην
1395 3806 1616 3864 δίδωσιν
1662 3813 1848 3884 αύτῷό

253 3901 433 3970 Πατὴρ
465 3901 557 3955 την
588 3904 678 3949 τοῦ
703 3901 996 3971 Πνεύματος
1019 3898 1286 3971 ἐνέργειαν,
1321 3901 1494 3975 ὥσπερ
1522 3909 1627 3963 τοῖς
1672 3903 1846 3966 ἄλλοις

249 3983 556 4057 ἀγίοις,ἀλλ’
579 3983 862 4061 ἀμέτρητον
894 3989 1006 4060 ἔχει
1029 3991 1222 4046 ταύτην
1252 3994 1341 4041 καὶ
1373 3990 1512 4056 ὃλην,
1537 3993 1600 4052 ὡς
1622 3993 1844 4065 ὁμοφυῆ,

248 4081 457 4147 Πνεῦμα
475 4078 576 4149 γάρ
605 4083 692 4127 νῦν
719 4075 853 4148 λέγει
880 4081 972 4134 τὴν
1006 4084 1098 4130 τοῦ
1134 4081 1423 4152 πνεύματος
1472 4078 1744 4155 ἐνέργειαν.
1771 4086 1840 4134 T6

252 4171 459 4237 Πνεῦμα
487 4167 576 4237 μὲν
614 4168 716 4239 γὰρ
771 4164 1052 4238 ἀμέτρητον
1081 4205 1093 4218 .
1129 4168 1157 4225 ἡ
1193 4166 1417 4241 ἐνέργεια
1475 4165 1533 4220 δὲ
1569 4170 1727 4221 αὐτοῦ
1757 4189 1844 4242 με-

247 4262 447 4328 τρεῖται
477 4260 565 4307 καὶ
601 4251 900 4328 διανέμεται
955 4255 1070 4309 κατ’
1121 4255 1268 4320 ἀξιαν
1334 4267 1434 4309 τῶν
1483 4257 1844 4330 λαμϐανόντων

247 4361 430 4400 αυτην,

318 4512 524 4578 Ἐδειξε
577 4513 636 4569 δὲ
709 4522 803 4577 τὴν
887 4515 1242 4572 διδασκαλίαν
1305 4518 1464 4573 αὐτοῦ
1540 4519 1841 4583 ἀξιόπιστον

251 4603 351 4657 ἀπὸ
409 4613 499 4657 τοῦ
537 4609 734 4680 Πατρός
772 4613 862 4660 καὶ
900 4617 990 4660 τοῦ
1048 4608 1200 4680 ἁγίου
1263 4613 1575 4682 Πνεύματος,
1627 4611 1732 4682 ούχ
1779 4613 1842 4671 ὼς

249 4689 491 4766 δεομένου
542 4703 636 4757 τῆς
687 4695 872 4750 ἐκεῖθεν
936 4697 1307 4761 ἀξιοπιστίας·
1341 4699 1487 4771 ἀρκεῖ
1532 4701 1634 4772 γάρ
1687 4701 1843 4763 αὐτὸς
1874 4692 1916 4746 Ῑ)

248 4784 430 4855 ἑαυτῷ,
458 4794 550 4846 τῆς
579 4786 738 4846 αὐτῆς
783 4787 959 4847 αὐτοῖς
1012 4788 1078 4838 ὼν
1122 4791 1321 4860 φύσεως
1373 4795 1462 4842 καὶ
1504 4789 1650 4852 ἀξίας
1684 4809 1696 4821 ο
1733 4789 1842 4841 ἀλλ’

246 4871 425 4934 ἐπειδὴ
477 4879 563 4928 τόν
602 4879 691 4948 μὲν
751 4881 953 4951 Πατέρα
1006 4876 1303 4948 ἐγίνωσκον,
1357 4883 1447 4931 καὶ
1492 4881 1568 4930 ότι
1632 4882 1838 4951 Πνεῦμα

245 4962 386 5017 ἐστιν
434 4966 742 5036 ἠπίσταντο,
791 4969 878 5019 τὸν
933 4969 1050 5019 Υἱόν
1109 4963 1167 5020 δὲ
1225 4969 1465 5039 ἠγνόουν,
1500 4967 1588 5020 ἀπ’
1639 4968 1840 5020 ἐκείνων

317 5144 360 5178 ³⁷
393 5145 566 5200 Joan.
608 5161 664 5211 v,
708 5148 776 5200 30
863 5145 910 5180 ⁵⁸
939 5145 1111 5201 Joan.
1155 5163 1252 5214 vu,
1288 5148 1373 5202 16.

1296 382 1660 441 COMMENT.
1703 385 1774 439 IN
1811 371 2155 438 JOANNEM.
2195 416 2262 424 —
2292 382 2446 439 CAP.
2491 382 2590 437 IlI.

3488 372 3632 432 “82

1959 509 2048 564 bis
2075 523 2210 580 quas
2240 509 2394 580 apud
2426 524 2535 563 nos
2566 513 2726 572 sunt,
2751 507 3103 578 comprobat
3122 504 3300 560 etiam
3321 516 3458 576 quae
3484 504 3627 556 sunt

1957 598 2132 653 illius.
2167 598 2374 653 Diceus
2413 613 2573 668 ergo,
2635 597 2805 662 Quod
2859 595 3023 661 vidit,
3053 593 3341 667 quodque
3369 590 3621 654 audivit,

1957 687 2072 743 hoc
2097 690 2405 744 attestatur
2424 703 2436 742 :
2454 685 2663 742 humili
2689 686 2870 741 modo
2888 689 3126 757 propter
3148 681 3490 738 auditorum
3514 678 3625 734 im-

1959 775 2330 832 becillitatem
2363 776 2590 834 locutus
2620 777 2731 844 est,
2763 789 2969 829 verum
3031 771 3176 828 nihil
3227 769 3392 827 aliud
3431 767 3624 824 innuit

1955 882 2143 938 quam
2165 866 2212 921 si
2230 866 2471 921 dixisset
2503 883 2516 921 :
2547 866 2696 921 Vera
2715 864 3082 920 testiﬁcatur.
3099 860 3400 934 Siquidem
3420 857 3621 914 volen-

1958 962 2042 1011 tes
2066 957 2138 1012 de
2170 956 2370 1028 aliquo
2392 955 2704 1019 affirmare,
2731 954 2895 1027 quod
2916 969 3053 1009 vera
3071 951 3248 1021 dicat,
3266 949 3621 1015 asserimus,

1957 1062 2096 1102 eum
2128 1045 2188 1100 id
2219 1045 2532 1114 testiﬁcari,
2562 1044 2728 1117 quod
2760 1043 2905 1099 vidit
2929 1048 2986 1098 et
3023 1041 3267 1098 audivit.

2027 1134 2278 1198 Quando
2311 1135 2484 1202 igitur
2514 1134 2712 1205 ipsum
2757 1132 3019 1188 audieris
3066 1130 3364 1186 dicentem
3397 1145 3412 1184 :
3453 1128 3620 1184 Sicut

1957 1226 2136 1282 audio
2150 1224 2361 1294 Judico
2380 1224 2510 1291 ";et
2527 1221 2930 1278 rursuszea
2943 1220 3220 1276 doctrina
3238 1234 3356 1274 non
3371 1224 3455 1274 est
3470 1231 3620 1282 mea,

1957 1315 2058 1372 sed
2085 1315 2212 1384 ejus
2233 1315 2338 1385 qui
2365 1311 2522 1368 misit
2553 1327 2644 1368 me
2664 1312 2710 1347 ³⁸
2746 1328 2760 1377 ;
2789 1316 2844 1366 et
2874 1313 3086 1366 iterum
3114 1309 3286 1374 :Qua‘t
3315 1307 3523 1363 audivi
3547 1307 3623 1362 ab

1957 1421 2020 1461 eo
2052 1404 2178 1459 hac
2203 1405 2412 1473 loquor
2439 1401 2501 1458 in
2529 1402 2819 1457 mundum
2861 1402 2934 1466 η,
2976 1403 3033 1454 et
3074 1411 3453 1471 quaecunque
3485 1399 3627 1450 sunt

1960 1493 2198 1561 similia,
2233 1492 2380 1546 scito
2422 1491 2560 1546 talia
2590 1488 3023 1561 dispensatorie
3053 1487 3296 1550 dixisse,
3333 1484 3528 1540 solum
3561 1489 3626 1538 ut

1961 1581 2232 1639 videatur
2262 1595 2397 1636 vera
2413 1579 2715 1645 dicere,eo
2746 1577 2912 1650 quod
2943 1591 3273 1647 congruam
3297 1573 3373 1630 de
3399 1589 3470 1629 eo
3496 1572 3624 1645 opi-

1961 1672 2195 1727 nionem
2229 1670 2502 1726 nondum
2533 1668 2825 1725 haberent
2855 1667 3172 1724 auditores.

2029 1851 2193 1906 Vers.
2215 1855 2300 1906 32.
2326 1851 2399 1904 Et
2427 1881 2496 1891 —
2516 1849 2754 1918 accipit.
2786 1846 2988 1903 Nullus
3009 1844 3366 1901 inﬁdelium.
3399 1843 3515 1898 Hoc
3549 1857 3626 1898 au

1961 1946 2076 1996 tem
2098 1939 2171 1996 de
2201 1940 2514 1995 insensatis
2540 1938 2763 1993 Judaeis
2804 1936 2954 1992 dixit
2981 1937 3263 1999 Joannes,
3303 1932 3625 2005 praesertim

1961 2035 2160 2085 autem
2183 2029 2256 2084 de
2279 2027 2580 2101 discipulis
2599 2029 2744 2092 suis,
2770 2027 2869 2098 qui
2907 2041 3045 2081 eum
3074 2025 3130 2079 in
3160 2022 3539 2079 ambitionem
3568 2025 3625 2076 et

1961 2113 2251 2174 invidiam
2277 2117 2581 2190 impellere
2613 2116 3011 2173 conabantur.

2030 2298 2195 2353 Vers.
2225 2298 2312 2353 33.
2367 2297 2478 2365 Qui
2525 2298 2751 2366 accepit
2793 2321 2870 2336 -—
2911 2296 3008 2350 sit.
3059 2291 3428 2361 Obsignavit,
3497 2288 3624 2345 sive

1959 2387 2356 2452 conﬁrmavit,
2400 2385 2854 2450 demonstravit,
2906 2383 3072 2456 quod
3112 2385 3280 2437 Pater
3311 2393 3476 2435 verax
3518 2377 3619 2433 sit.

1959 2476 2179 2532 Deinde
2211 2475 2368 2547 quod
2390 2475 2614 2530 dictum
2643 2479 2748 2541 est,
2787 2472 3018 2546 probat.

2026 2565 2190 2621 Vers.
2221 2569 2308 2621 3i.
2343 2565 2400 2620 Is
2425 2566 2573 2620 enim
2604 2579 2772 2635 quem
2796 2594 2864 2603 —
2891 2562 3176 2634 loquitur.
3203 2556 3622 2631 Siquidem(ee)

1955 2670 2023 2710 ex
2056 2671 2173 2727 quo
2212 2655 2261 2710 is
2307 2656 2406 2727 qui
2441 2653 2657 2708 missus
2685 2659 2792 2716 est,
2819 2651 3000 2706 verba
3036 2651 3135 2705 Dei
3166 2648 3445 2721 loquitur,
3478 2661 3616 2700 con-

1954 2760 2211 2816 sequens
2243 2751 2330 2799 est
2387 2749 2446 2799 ut
2498 2743 2599 2815 qui
2660 2742 3061 2798 testimonium
3118 2741 3246 2810 ejus
3296 2734 3618 2808 sumpserit

1953 2834 2124 2906 eique
2166 2833 2492 2897 crediderit,
2539 2831 2850 2888 conﬁrmet
2899 2847 2968 2886 ac
3017 2829 3408 2893 demonstret,
3450 2823 3618 2897 quod

1954 2925 2108 2978 Deus
2136 2939 2314 2978 verax
2347 2922 2440 2992 sit,
2467 2922 2570 2995 qui
2603 2922 2801 2993 ipsum
2854 2920 3012 2975 misit
3055 2923 3112 2974 et
3167 2918 3338 2989 cujus
3371 2920 3511 2971 sunt
3549 2929 3620 2970 ea

1953 3029 2088 3085 quae
2109 3012 2373 3084 loquitur
2405 3011 2602 3067 verba.
2627 3011 2735 3076 Qui
2764 3014 2965 3065 autem
3013 3024 3135 3063 non
3177 3006 3425 3078 suscipit
3453 3019 3615 3080 eum,

1954 3111 2061 3156 nec
2088 3101 2271 3156 credit
2291 3102 2363 3165 ei,
2389 3100 2754 3156 contrarium
2774 3098 2912 3156 facit
2935 3114 2946 3152 :
2970 3113 3079 3152 nec
3096 3096 3258 3152 aliud
3285 3097 3405 3166 agit
3429 3109 3617 3166 quam

1960 3189 2269 3244 manifeste
2309 3195 2515 3244 contra
2550 3191 2732 3243 Deum
2764 3193 3010 3259 pugnat.

2032 3277 2173 3332 Vide
2212 3277 2521 3348 quomodo
2573 3275 2711 3330 hinc
2738 3292 2843 3330 eos
2889 3277 3116 3339 terreat,
3171 3287 3310 3328 cum
3360 3272 3612 3338 discant,

1960 3367 2121 3440 quod
2154 3367 2254 3438 qui
2281 3365 2357 3420 illi
2392 3363 2742 3420 inobediens
2771 3369 2878 3429 est,
2902 3364 3020 3418 Deo
3043 3361 3394 3416 inobediens
3409 3367 3496 3415 est
3513 3361 3616 3431 qui

1962 3455 2121 3511 misit
2177 3456 2395 3527 ipsum.
2442 3455 2762 3525 Postquam
2803 3468 2945 3523 ergo
3003 3449 3438 3506 demonstravit
3489 3450 3616 3521 ejus

1959 3545 2294 3601 doctrinam
2326 3559 2456 3599 esse
2478 3543 2594 3598 tide
2615 3543 2884 3611 dignam,
2899 3541 3078 3613 idque
3100 3556 3136 3597 a
3157 3540 3343 3603 Patre,
3370 3537 3618 3594 demon-

1960 3638 2281 3691 stratnunc
2311 3633 2470 3690 idem
2511 3636 2566 3688 et
2592 3648 2627 3688 a
2654 3632 2864 3704 Spiritu
2893 3634 3122 3688 sancto.

2028 3813 2191 3867 Vers.
2227 3813 2312 3867 34.
2345 3811 2482 3865 Νοη
2509 3840 2574 3850 —
2596 3809 2902 3878 Spiritum.
2932 3811 3057 3865 Non
3071 3813 3483 3864 mensuratam
3513 3806 3620 3863 dat

1958 3901 2072 3974 ipsi
2103 3903 2262 3957 Pater
2299 3899 2550 3972 Spiritus
2574 3899 2876 3964 virtutem,
2897 3897 3047 3954 sicut
3068 3898 3197 3954 aliis
3216 3897 3436 3953 sanctis
3465 3912 3478 3952 :
3513 3895 3618 3952 sed

1955 3990 2111 4046 hanc
2137 3991 2262 4045 sine
2292 4005 2569 4044 mensura
2607 3988 2782 4044 habet
2813 4004 2883 4043 ac
2917 3993 3121 4052 totam,
3149 3993 3432 4059 tanquam
3465 3984 3618 4056 ejus-

1956 4081 2095 4136 dem
2123 4085 2348 4135 naturm
2382 4080 2493 4148 (θ’).
2525 4078 2804 4149 Spiritum
2819 4078 2980 4132 enim
2999 4091 3158 4132 nunc
3189 4075 3617 4146 dicit,Spiritus

1955 4168 2283 4224 efﬁcaciam
2316 4184 2384 4222 ac
2419 4166 2714 4222 virtutem.
2777 4166 3084 4238 Siquidem
3132 4163 3463 4219 mensurari
3492 4178 3615 4217 non

1954 4262 2148 4329 potest
2175 4256 2422 4328 Spiritus
2451 4271 2463 4309 :
2498 4255 2682 4310 virtus
2709 4260 2909 4310 autem
2933 4256 3121 4326 ipsius
3154 4258 3614 4307 mensuraturac

1953 4345 2252 4411 dividitur,
2283 4346 2454 4416 juxta
2476 4360 2705 4411 eorum,
2721 4346 2823 4416 qui
2844 4344 3007 4399 illam
3024 4342 3398 4414 participant,
3423 4340 3615 4410 digni-

1952 4438 2154 4491 tatem.

2021 4521 2463 4578 Demonstravit
2516 4537 2658 4593 ergo
2712 4521 3051 4577 doctrinam
3109 4519 3265 4576 illius
3311 4535 3440 4575 esse
3491 4519 3610 4574 ﬁde

1951 4613 2192 4683 dignam
2228 4628 2263 4668 a
2291 4614 2458 4668 Patre
2489 4617 2544 4666 et
2570 4611 2783 4684 Spiritu
2815 4615 3020 4667 sancto
3053 4626 3066 4677 ;
3095 4626 3214 4666 non
3245 4609 3419 4682 quasi
3452 4608 3612 4664 illinc

1952 4706 2122 4771 egeat
2152 4701 2383 4757 testium
2407 4699 2853 4773 approbatione,
2896 4700 2998 4772 qui
3021 4699 3130 4755 soli
3162 4698 3275 4754 sibi
3304 4699 3612 4753 sufficiens

1952 4797 2060 4856 est,
2094 4791 2364 4863 ejusdem
2394 4807 2531 4846 cum
2551 4791 2633 4845 eis
2655 4789 2958 4859 dignitatis
2979 4796 3034 4846 et
3062 4795 3310 4855 naturas,
3338 4788 3443 4843 sed
3467 4789 3610 4860 quia

1953 4883 2177 4936 Patrem
2204 4879 2666 4950 cognoscebant,
2701 4883 2757 4934 et
2785 4879 2947 4950 quod
2967 4879 3210 4951 Spiritus
3232 4882 3386 4933 esset
3415 4877 3614 4932 crede-

1952 4969 2117 5034 bant,
2140 4969 2352 5025 Filium
2365 4977 2564 5025 autem
2584 4968 2953 5039 ignorabant,
2969 4968 3312 5040 opinionem
3338 4982 3523 5039 quam
3537 4965 3610 5020 de

1453 5149 1499 5183 ‘9
1539 5148 1711 5204 Joan.
1752 5163 1873 5217 Vlll,
1903 5151 1995 5204 26.

1464 5299 1682 5368 Variae
1726 5300 2046 5370 lectiones
2081 5311 2147 5367 et
2195 5310 2396 5370 notae.

338 5494 424 5568 ig)
459 5493 582 5568 Κοιί,
615 5495 757 5562 post
783 5493 904 5568 γάρ,
948 5492 1125 5550 abest
1152 5500 1210 5548 B.

340 5563 430 5634 49)
464 5563 685 5636 Θελομεν
713 5571 774 5619 Α.

314 5744 417 5820 (οε)
445 5744 537 5820 Ι-ια
565 5751 617 5801 et
636 5744 822 5820 istud,
847 5747 964 5801 etc.
1003 5747 1088 5820 ita
1115 5749 1172 5803 et
1190 5745 1306 5820 hoc
1335 5746 1836 5820 desaSiquidem,

239 5817 349 5881 etc,
379 5815 528 5880 Quia
552 5817 736 5886 enim,
777 5831 915 5874 cum
943 5815 1169 5874 missus
1199 5819 1294 5890 sit,
1310 5819 1494 5878 verba
1532 5815 1659 5877 Dei.

2019 5495 2134 5570 (50)
2167 5501 2270 5550 Καὶ
2300 5497 2326 5550 ὅ
2350 5499 2564 5556 ἤκουσε.
2600 5499 2664 5553 Α.

2023 5747 2111 5820 (π)
2131 5747 2418 5817 Ejusdem
2447 5754 2706 5806 naturae.
2739 5749 2920 5814 Forte,
2947 5745 3130 5805 simul
3156 5751 3388 5804 natam.
