4170 6430
616 330 762 390 1183

1981 332 2333 394 ΕυτΗγΜΙι
2372 332 2707 395 ZlGABENI

3854 338 3977 399 1184

620 458 737 515 hoc
765 474 893 515 esse
921 456 1259 531 oportebat,
1285 458 1364 517 ab
1394 458 1506 516 illis
1527 461 1862 525 conﬁrmat.
1885 460 2027 519 talia
2047 461 2281 535 dispen-

2396 465 2489 520 τὴν
2524 465 2642 536 περὶ
2671 461 2792 536 (51)
2816 464 3001 515 τούτου
3028 457 3188 526 δόξαν
3217 466 3551 527 συνίστησιν,
3578 462 3902 531 οἰκονομικῶς
3924 469 3976 518 τὰ

621 548 839 605 satorie
875 547 1155 621 loquens,
1191 554 1249 606 et
1278 548 1571 622 paulatim
1601 565 1706 607 eos
1746 550 1963 608 ducere
2030 555 2284 608 tentans.

692 726 936 799 Oportet
963 743 1129 798 ergo,
1156 743 1295 800 qum
1324 729 1384 784 in
1417 728 1732 802 Scripturis
1763 730 1960 803 posita
1985 735 2143 796 sunt,
2170 745 2287 786 non

625 815 977 889 simpliciter
1008 832 1371 890 percurrere,
1404 818 1504 875 sed
1527 824 1583 875 et
1612 819 1866 875 dicentis
1895 820 2285 876 intentionem

621 906 919 979 inquirere
970 911 1027 963 et
1084 906 1428 964 auditorum
1460 908 1946 965 imbecillitatem.
1977 908 2287 982 Siquidem

618 1010 815 1068 neque
864 1001 1254 1069 prmeeptores
1292 997 1498 1054 omnia
1549 997 1774 1067 dicunt,
1806 1003 1869 1054 ut
1921 998 2128 1054 volunt
2181 998 2286 1054 sed

620 1084 904 1159 pleraque
933 1086 1086 1143 sicut
1116 1085 1297 1157 exigit
1324 1085 1651 1144 intellectus
1670 1087 2083 1144 institutorum
2108 1106 2123 1147 :
2150 1088 2286 1145 Non

614 1179 806 1246 potui,
824 1175 1037 1250 inquit,
1062 1178 1224 1248 loqui
1242 1177 1403 1234 vobis
1420 1184 1705 1250 tanquam
1732 1179 2167 1249 spirituaiibus,
2181 1178 2288 1236 sed

621 1271 908 1338 tanquam
922 1266 1290 1330 ramalibus,
1304 1268 1396 1324 lac
1417 1267 1577 1324 vobis
1623 1273 1828 1339 potum
1846 1268 2003 1334 dedi,
2023 1284 2139 1325 non
2151 1268 2289 1325 soli-

617 1355 761 1412 dum
789 1355 983 1413 cibum
1015 1358 1085 1409 “.
1112 1356 1241 1412 Non
1292 1358 1484 1429 potuit
1514 1362 1736 1423 autem,
1770 1364 2012 1431 propter
2048 1358 2283 1415 illorum

617 1440 1056 1519 impotentiam.

690 1537 854 1592 Vers.
869 1539 957 1594 35.
979 1536 1369 1606 Paterdiligit
1393 1537 1636 1594 Filium.
1658 1537 1806 1604 Quia
1829 1538 1986 1610 prius
2005 1537 2240 1595 dixerat
2265 1556 2279 1595 :

621 1627 797 1692 Quem
831 1626 979 1683 Deus
1005 1625 1184 1689 misit,
1206 1641 1278 1681 ne
1317 1641 1390 1682 ex
1418 1625 1534 1682 hoc
1564 1632 1844 1699 putarent
1881 1626 2124 1684 alterius
2151 1643 2281 1683 eum

617 1730 751 1771 esse
806 1722 1036 1771 naturas
1092 1715 1513 1771 subservientis
1544 1732 1612 1772 ac
1654 1716 1960 1788 subjecta,
2015 1721 2187 1772 curat
2218 1716 2276 1772 id

2395 558 2615 605 τοιαῦτα
2648 552 2989 624 φθεγγόμενος
3016 556 3108 604 καὶ
3144 554 3281 604 κατὰ
3331 551 3517 624 μικρὸν
3575 552 3761 613 αὐτοὺς
3791 552 3975 625 ἀνάγειν

2395 646 2735 713 πειρώμενος.
3402 638 3410 649 ’

2471 734 2579 804 Χρὴ
2613 735 2783 784 τοίνυν
2807 735 2880 803 μὴ
2914 731 3026 803 (52)
3060 728 3234 794 ἁπλῶς
3275 733 3341 783 τὰ
3390 730 3439 782 ἐν
3466 737 3583 792 ταῖς
3638 736 3860 804 Γραφαῑς
3885 739 3976 785 κεί-

2394 839 2521 892 μενα
2551 823 2922 893 παρατρέχειν,
2952 817 3084 872 ἁλλὰ
3138 825 3229 873 καὶ
3280 823 3368 872 τὸν
3420 824 3613 873 σκοπὸν
3646 828 3737 873 τοῦ
3766 820 3973 893 λέγοντος

2395 908 2669 972 ἐξετάζειν,
2701 913 2793 961 καὶ
2824 912 2918 967 τὴν
2945 908 3211 962 ἀσθένειαν
3250 918 3350 961 τῶν
3383 907 3693 963 ἀκουόντων.
3729 909 3805 961 Οὐ
3830 913 3974 963 πάντα

2393 1001 2492 1071 γὰρ
2527 1000 2576 1051 οἱ
2629 994 2972 1064 διδάσκαλοι,
3022 1000 3091 1061 ὡς
3133 996 3432 1070 βούλονται,
3466 1003 3729 1071 λέγουσιν,
3773 997 3893 1051 ἀλλὰ
3922 1004 3973 1053 τὰ

2394 1086 2572 1151 πολλὰ,
2608 1089 2678 1150 ὡς
2709 1089 2736 1146 ἡ
2770 1087 2869 1150 ἕξις
2902 1086 3114 1140 ἀπαιτεῖ
3144 1095 3243 1140 τῶν
3279 1083 3315 1141 δ
3320 1084 3699 1160 ιδασκομενων.
3735 1093 3866 1148 Φησὶ
3890 1092 3968 1163 γὰρ

2394 1181 2485 1230 καὶ
2509 1175 2711 1236 Παῦλος
2733 1195 2747 1208 ⁸
2783 1176 2893 1229 Οὐκ
2934 1171 3205 1235 ἠδυνήθην
3234 1178 3356 1249 ὑμῖν
3390 1176 3619 1236 λαλῆσαι
3658 1179 3733 1239 ὡς
3774 1197 3970 1251 πνενμα-

2394 1272 2576 1330 τικοῖς,
2631 1265 2738 1317 ἀλλ’
2788 1268 2858 1327 ὡς
2911 1272 3199 1340 σαρκικοῖς.
3270 1265 3413 1318 Γάλα
3462 1268 3598 1338 ὑμᾶς
3648 1265 3883 1333 ἐπότισα,
3924 1268 3967 1319 οὐ

2397 1352 2605 1427 βρῶμα.
2640 1355 2751 1407 Οὐκ
2798 1352 3038 1414 ἠδυνήθη
3100 1350 3159 1408 δι
3220 1357 3364 1430 παρὰ
3426 1361 3516 1414 τὴν
3552 1360 3759 1408 εκείνην
3807 1353 3960 1408 seu».

2393 1449 2539 1517 μίαν.

2462 1532 2521 1586 Ὀ
2604 1537 2781 1607 Πατὴρ
2872 1532 3050 1605 ἁγαπᾱ
3126 1537 3213 1586 τὸν
3274 1536 3413 1589 Υἰὸν.
3492 1534 3634 1587 Ἐπεὶ
3734 1534 3966 1608 προλαϐὼν

2394 1619 2527 1676 εἶπεν
2590 1624 2672 1675 ὅτι
2735 1622 2826 1676 Ὃν
2885 1621 3178 1676 ἀπέστειλεν
3239 1625 3266 1676 6
3333 1626 3472 1694 Θεὸς,
3537 1626 3621 1676 ἱνα
3686 1629 3762 1696 μὴ
3831 1622 3966 1676 ἕντεν-

2396 1714 2476 1765 θιν
2529 1716 2818 1783 νομίσωσιν
2893 1712 3063 1785 ἑτέρας
3133 1711 3289 1765 αὐτὸν
3351 1710 3481 1765 εἶναι

3558 1715 3780 1785 φύσεως,
3854 1715 3965 1765 υπο-

617 1804 782 1876 quod
809 1803 1037 1860 dictum
1054 1809 1162 1870 est,
1186 1811 1240 1861 et
1261 1803 1424 1861 hunc
1438 1805 1724 1877 prmdicat
1745 1805 1953 1861 Filium
1968 1806 2099 1877 ejus
2126 1821 2276 1871 esse,

2394 1798 2663 1874 δεεστέρας
2702 1802 2819 1873 (33)
2863 1807 2953 1854 καὶ
3012 1798 3337 1865 διακονικῆς,
3391 1803 3658 1877 θεραπεύει
3715 1806 3772 1855 τὸ
3814 1803 3963 1877 ῥηθὲν,

619 1892 717 1965 qui
748 1893 907 1950 misit
934 1909 1069 1950 eum
1107 1893 1313 1967 :quod
1347 1893 1394 1949 si
1445 1894 1641 1960 Filius,
1698 1901 1853 1951 certe
1901 1902 1959 1951 et
2004 1894 2280 1967 ejusdem

620 1980 1018 2039 substantias:
1065 1986 1121 2038 et
1173 1982 1222 2038 si
1276 1982 1548 2048 dilectus,
1590 1984 1794 2057 utique
1841 1984 2038 2041 omnis
2083 1985 2187 2058 qui
2226 1984 2280 2041 ei

617 2070 857 2137 resistit,
898 2071 1051 2127 Patri
1079 2073 1200 2145 ejus
1224 2073 1460 2130 resistit.

690 2252 849 2307 Vers.
904 2252 993 2308 35.
1050 2252 1126 2307 Et
1188 2282 1253 2292 -
1303 2253 1454 2322 ejus.
1508 2251 1816 2325 Tanquam
1874 2253 2026 2309 Deus
2073 2251 2282 2309 omnia

618 2338 879 2397 habebat
909 2340 1152 2397 :Omnia
1183 2340 1481 2414 siquidem
1502 2357 1612 2408 per
1634 2342 1823 2414 ipsum
1839 2342 2008 2413 facta
2034 2348 2167 2398 sunt
2188 2344 2230 2378 ⁶¹
2263 2357 2278 2398 :

619 2427 748 2484 hinc
776 2434 975 2486 tamen
997 2429 1175 2486 etiam
1196 2430 1359 2486 dedit
1387 2430 1438 2487 ei
1459 2436 1743 2504 tanquam
1772 2430 2023 2487 homini.
2059 2433 2283 2487 Conve-

622 2517 806 2575 nienti
845 2525 1046 2575 autem
1080 2518 1257 2574 modo
1295 2519 1524 2576 dictum
1575 2524 1681 2585 est,
1734 2520 1965 2589 Diligit,
1999 2526 2055 2575 et
2082 2520 2278 2585 Dedit,

623 2609 774 2663 sicut
806 2608 957 2664 inter
979 2607 1256 2665 homines
1284 2608 1519 2664 dicitur.
1549 2608 1748 2664 Solent
1788 2624 2055 2682 namque
2087 2613 2282 2681 patres

623 2695 870 2766 diligere
907 2695 1084 2765 ﬁlios,
1118 2696 1327 2768 eisque
1359 2697 1589 2753 tradere
1622 2713 1758 2770 quae
1789 2714 1900 2754 sua
1940 2703 2101 2754 sunt.

696 2785 860 2841 Vers.
888 2788 974 2841 36.
1005 2785 1118 2854 Qui
1163 2817 1231 2826 —
1269 2790 1556 2842 wlemam.
1603 2786 1909 2843 Cretlendo
1960 2786 2019 2842 in
2070 2787 2279 2844 doctri-

626 2890 768 2931 nam
798 2874 940 2939 Filii,
974 2875 1149 2947 eique
1173 2874 1534 2931 obediendo.

698 2964 852 3020 Vers.
876 2968 964 3021 36.
999 2963 1115 3032 Qui
1141 2996 1210 3005 —
1238 2964 1441 3022 vitam.
1479 2965 1739 3022 Diximus
1766 2967 2068 3040 superius,
2121 2966 2283 3039 quod

624 3052 745 3110 vita
773 3059 997 3111 asterna
1041 3054 1117 3111 sit
1141 3059 1199 3112 et
1227 3052 1460 3111 dicatur
1509 3056 1630 3112 vita
1657 3055 1854 3123 beata,
1886 3071 2022 3130 quas
2062 3057 2283 3114 sanctis

625 3143 926 3200 convenit.

698 3234 861 3291 Vers.
892 3234 987 3293 36.
1026 3234 1144 3293 Sed
1172 3266 1239 3277 —
1271 3250 1424 3293 eum.
1456 3239 1583 3294 Non
1614 3235 1763 3293 dixit
1792 3238 1879 3293 ira
1912 3236 2057 3308 Filii,
2094 3252 2283 3311 quan-

626 3339 814 3396 quam
834 3323 1013 3381 Filius
1025 3324 1098 3380 sit
1103 3324 1483 3397 judicaturus
1509 3325 1643 3382 :sed
1667 3325 1852 3381 Patris
1872 3326 2023 3383 iram
2037 3326 2284 3383 commi-

626 3421 823 3487 natur,
854 3415 1048 3486 magis
1072 3430 1176 3473 eos
1201 3416 1409 3472 timere
1432 3415 1659 3473 volens.
1680 3416 1846 3483 Quod
1865 3423 2065 3473 autem
2096 3416 2285 3473 addit.

625 3503 827 3562 Manet
855 3520 1039 3575 super
1087 3520 1242 3573 eum,
1280 3505 1661 3563 tantumdem
1693 3511 1800 3573 est,
1835 3522 1906 3564 ac
1935 3507 1985 3562 si
2015 3506 2238 3563 diceret
2269 3522 2283 3561 :

624 3593 1016 3665 Nequaquam
1047 3596 1249 3667 ipsum
1275 3593 1537 3665 effugiet,
1565 3611 1801 3667 semper
1824 3610 1961 3651 eum
1987 3594 2213 3668 puniet.

693 3683 944 3739 CAPJV.
987 3683 1149 3739 Vers.
1184 3685 1236 3739 1.
1285 3684 1358 3741 Ut
1382 3714 1448 3725 —
1488 3686 1646 3740 Vers.
1674 3688 1726 3741 3.
1762 3685 2090 3741 Galilaeam.
2132 3682 2287 3740 Reli-

622 3772 753 3845 quit
783 3771 1082 3841 Judaiam,
1112 3778 1433 3844 amputans
1470 3773 1739 3847 ipsorum
1793 3772 2105 3830 invidiam.

696 3861 860 3918 Vers.
890 3864 944 3918 4.
987 3862 1303 3930 Oportebat
1331 3893 1400 3904 —
1427 3864 1786 3921 Samariam.
1829 3862 2288 3919 Ostenditevan-

627 3949 857 4019 gelista,
880 3949 1082 4008 fecisse
1109 3968 1247 4008 eum
1294 3968 1420 4008 rem
1450 3952 1805 4025 quamdam,
1856 3967 1975 4008 non
2009 3951 2183 4023 quasi
2213 3967 2285 4007 ex

624 4039 948 4112 proposito,
978 4040 1083 4097 sed
1107 4046 1397 4113 tanquam
1414 4042 1731 4097 occasione
1760 4041 1868 4096 vise
1892 4059 1906 4097 :
1933 4042 1990 4096 in
2017 4040 2110 4097 his
2128 4040 2262 4095 vide

622 4127 779 4194 licet,
817 4145 955 4201 qum
1019 4146 1157 4186 cum
1216 4129 1574 4186 Samaritide
1637 4135 1768 4187 acta
1826 4136 1979 4197 sunt,
2043 4136 2287 4202 propter

622 4217 965 4274 Judmorum
992 4219 1282 4276 adversus
1317 4219 1723 4276 Samaritanos
1752 4224 2183 4292 contemptum.

697 4310 831 4365 Erat
850 4314 1048 4365 autem
1069 4308 1334 4365 Samaria
1353 4308 1517 4378 regio
1534 4308 1813 4381 quaedam
1838 4310 2034 4365 varias
2058 4308 2286 4365 habens

622 4396 886 4453 civitates
939 4403 993 4453 et
1051 4411 1262 4470 pagos.
1331 4398 1395 4453 In
1437 4399 1549 4454 hac
1587 4404 1786 4455 autem
1819 4398 1963 4454 olim
2004 4398 2285 4454 Israelita:

621 4485 977 4542 habitabant
1004 4503 1018 4542 :
1051 4485 1267 4543 deinde
1290 4492 1424 4558 post
1446 4486 1684 4543 diversa
1708 4486 1864 4544 bella
1893 4504 1991 4544 res
2014 4487 2278 4560 Assyrio-

620 4591 757 4631 rum
787 4592 922 4633 eam
943 4577 1297 4642 devastavit,
1329 4582 1386 4634 et
1411 4581 1620 4649 captos
1638 4577 1806 4633 duxit
1832 4577 1890 4634 in
1912 4577 2285 4649 Babylonem

623 4679 694 4721 ac
714 4680 746 4721 e
770 4664 1132 4738 Babyloniis,
1161 4664 1346 4722 Medis
1372 4671 1429 4723 et
1449 4665 1688 4723 Chaldis
1714 4667 1904 4723 mistm
1921 4682 1987 4722 os
2008 4666 2286 4723 homines

696 4840 744 4876 σο
785 4839 962 4895 lCor.
987 4855 1066 4906 ιιι,
1113 4846 1162 4908 t,
1195 4845 1255 4898 2.
1328 4844 1373 4880 σί
1405 4843 1579 4899 Joan.
1616 4843 1671 4913 1,
1712 4843 1767 4900 3.

2390 1898 2480 1945 καὶ
2519 1891 2863 1964 ἀνακιρυττει
2925 1900 3103 1944 τοῦτον
3164 1894 3283 1944 Υίὸν
3340 1900 3430 1944 τοῦ
3471 1890 3878 1967 ἀποστείλαντος.
3917 1891 3966 1946 Εἰ

2389 1983 2487 2054 γὰρ
2548 1984 2685 2045 Υἱὸς,
2756 1982 2861 2053 ἆρα
2926 1985 3017 2033 καὶ
3073 1982 3347 2053 ὁμοονσιος
3406 2001 3419 2014 ο
3471 1986 3562 2033 καὶ
3613 1980 3657 2033 εἰ
3709 1980 3961 2053 ἀγαπητὸς,

2391 2073 2495 2143 οἰρα
2549 2076 2652 2131 πᾶς
2708 2073 3048 2145 προσκρούων
3089 2069 3248 2133 αὑτῶ,
3302 2076 3374 2139 τῷ
3426 2074 3595 2144 Πατρὶ
3636 2069 3789 2122 αὐτοῦ
3818 2088 3960 2145 προσ-

2389 2163 2587 2234 κρούει.

2465 2254 2565 2304 Καὶ
2600 2280 2664 2290 -
2693 2249 2874 2302 αὐτοῦ.
2910 2251 3087 2302 Πάντα
3115 2246 3255 2320 ιῖχεν
3287 2250 3357 2311 ὡς
3387 2252 3515 2311 Θεὸς
3545 2266 3558 2280 ·
3592 2251 3765 2301 Πάντα
3789 2252 3875 2321 γὰρ
3897 2245 3960 2299 δι’

2391 2339 2551 2391 αὐτοῦ
2577 2338 2769 2410 ἐγένετο
2796 2356 2807 2367 ·
2837 2334 3037 2392 δέδωκε
3062 2334 3121 2391 δι
3152 2337 3289 2409 αντῴ
3317 2345 3483 2390 ταντα
3503 2343 3593 2390 καὶ
3616 2341 3681 2399 ὡς
3708 2337 3949 2411 ἀνθρώπῳ.

2390 2433 2460 2481 Τὸ
2487 2425 2546 2481 δε
2577 2430 2786 2500 Ἀγαπᾲ
2814 2431 2980 2480 καὶτὸ
3013 2423 3240 2479 ,δέδωκεν
3280 2425 3728 2501 ἀνθρωποπρῑπιός
3753 2430 3943 2501 εζοηταυ

2393 2518 2608 2570 εἰώθασι
2635 2519 2737 2590 γὰρ
2760 2518 2808 2569 οἱ
2839 2520 3050 2589 πατέρες
3090 2512 3298 2587 ἀγαπᾷν
3324 2519 3444 2577 τοὺς
3472 2517 3630 2582 υἱοὺς,
3676 2521 3755 2567 καὶ
3801 2532 3940 2587 παρα-

2392 2615 2583 2679 χωρεῖν
2606 2606 2785 2668 αὐτοῖς
2816 2614 2913 2658 τῶν
2943 2601 3114 2659 ἰδίων.

2461 2786 2519 2839 Ὀ
2545 2817 2607 2825 -
2640 2786 2865 2841 αἰώνιον.
2896 2784 2952 2838 Ὀ
2978 2786 3237 2837 πιστεύων
3268 2782 3341 2847 εἰς
3384 2787 3480 2843 τὴν
3510 2777 3837 2836 διδααώίαν
3870 2785 3953 2831 τοῦ

2394 2879 2536 2941 Υίοῡ,
2563 2877 2589 2928 6
2616 2878 2916 2948 πιιθομενος
2945 2874 3110 2945 αὐτῷ.

2460 2966 2519 3018 Ὀ
2552 2997 2608 3006 -
2631 2966 2790 3028 ζωήν.
2827 2968 3214 3039 Προειρήκαμεν
3239 2965 3318 3016 ὅτι
3357 2963 3468 3025 ζωὴ
3508 2961 3714 3025 αἰώνιός
3749 2959 3853 3013 ἐστι
3885 2962 3962 3011 καὶ

2390 3055 2592 3127 λέγεται
2625 3058 2650 3114 ii
2684 3058 2789 3118 ζωὴ
2824 3057 2852 3113 ἡ
2887 3058 3140 3129 μακαρία,
3170 3055 3201 3112 ἡ
3233 3052 3521 3128 ἁγιοπρεπή
3534 3073 3577 3115 ς.

2465 3233 2598 3286 Ἀλλ’
2625 3264 2693 3275 -
2725 3233 2898 3288 αὐτόν.
2948 3232 3057 3286 Οὔκ
3105 3228 3241 3286 εἶπεν
3268 3233 3297 3291 ἡ
3351 3230 3479 3306 ὀργὴ
3509 3238 3600 3285 τοῦ
3646 3233 3790 3297 rimi,
3818 3233 3962 3281 καίτοι

2395 3332 2485 3378 τοῦ
2516 3326 2638 3377 Υἱου
2659 3331 2833 3398 κρίναι
2861 3322 3148 3395 μέλλοντος,
3185 3319 3313 3373 ἀλλὰ
3341 3326 3436 3380 τὴν
3471 3319 3633 3397 ὀργήν
3680 3328 3772 3373 τοῦ
3793 3320 3964 3393 Πατρός

2397 3414 2576 3476 αὐτοῖς
2603 3412 2939 3487 ὶπεκρέμασε,
2967 3411 3159 3484 μᾶλλον
3188 3409 3420 3484 φοϐῆσαι
3468 3407 3802 3484 βουλόμενος.
3838 3402 3965 3461 Τόδε

2398 3509 2549 3556 Μινιί
2574 3501 2654 3555 ἐπ’
2684 3502 2862 3571 αὑτὸν,
2896 3499 3011 3554 ἀντὶ
3040 3508 3152 3566 τοῦ,
3186 3495 3453 3553 Οὐδέποτε
3502 3497 3858 3560 ἀποστήσεται
3898 3494 3968 3548 αὖ·

2396 3600 2510 3659 τοὺ,
2552 3587 2802 3653 διηνεκῶς
2829 3589 3042 3645 κολάσει
3062 3588 3238 3644 αὐτόν.

2466 3680 2555 3744 Ὠς
2583 3711 2639 3722 -
2677 3679 2973 3734 Γαλιλαίαν.
3006 3678 3203 3752 Ἀφῆκε
3229 3682 3323 3737 τὸν
3363 3673 3653 3752 Ἰουδαίαν,
3678 3682 3970 3754 περικόπτων

2396 3776 2490 3830 ⁴τὴν
2523 3774 2816 3824 Βασκανίαν
2848 3768 3037 3823 αὐτῶν.

2468 3856 2616 3913 Ἔδει
2647 3891 2713 3900 -
2745 3866 3056 3933 Σαμαρειας.
3081 3862 3349 3911 Δείκνυσιν
3379 3857 3535 3912 αὑτὸν
3560 3859 3588 3911 6
3625 3857 3973 3932 εὐαγγελιστὲς

2397 3951 2456 4004 οὐ
2481 3951 2868 4024 προηγούμενον
2918 3950 3087 4022 ἔργον,
3144 3946 3250 4000 ἀλλ’
3282 3943 3411 4001 ὀδοῦ
3444 3949 3724 4024 πάρεργον,
3764 3950 3828 4000 τα
3861 3945 3974 3998 κατὰ

2395 4045 2489 4099 τὴν
2521 4034 2877 4114 Σαμαρείτιδα
2929 4041 3233 4111 ποιούμενον
3282 4033 3377 4091 διὰ
3429 4042 3524 4098 τὴν
3584 4047 3687 4092 τῶν
3729 4032 3972 4092 Ἰουδαίων

2394 4132 2521 4203 πρὸς
2545 4133 2665 4190 τοὺς
2694 4132 3020 4204 Σαμαρείτας
3037 4126 3289 4199 ὑποψίαν.

2464 4306 2523 4360 Ἠ
2586 4308 2847 4381 Σαμάρεια
2900 4303 2960 4360 δι
3012 4312 3171 4382 χώρα
3249 4326 3326 4368 τις
3396 4302 3458 4366 ἦν
3537 4308 3658 4380 (54)
3716 4304 3978 4379 διαφόρους

2397 4399 2601 4468 ἔλουσα
2629 4396 2804 4459 πόλεις
2832 4400 2922 4449 καὶ
2968 4402 3164 4469 κώμας.
3222 4400 3304 4450 Ἐν
3355 4399 3515 4469 ταύτῃ
3572 4393 3635 4449 δι
3692 4395 3853 4449 πάλαι
3904 4396 3975 4465 μιν

2399 4486 2724 4560 Ἰσραηλῖται
2776 4491 3041 4557 κατῴκουν
3074 4502 3087 4517 ’
3136 4486 3348 4559 ὖστιρον
3403 4482 3482 4551 δι,
3539 4488 3675 4558 μετὰ
3723 4482 3978 4557 διαγορονς

2398 4580 2650 4647 πολέμους
2706 4572 2983 4647 ἕρημὼσας
3044 4574 3206 4634 αὐτὴν
3263 4576 3290 4628 6
3345 4572 3592 4646 βασιλεὺς
3683 4574 3974 4646 Ἀσσυρίων,

2398 4669 2516 4726 τοὺς
2570 4663 2967 4737 ὑπολειφθέντας
3039 4667 3130 4738 μεν
3189 4663 3256 4726 εἰς
3342 4661 3622 4717 Βαϐυλῶνα
3679 4667 3974 4735 κατήγαγεν,

1834 5021 2055 5091 Variae
2109 5021 2439 5090 lectiones
2484 5031 2550 5089 et
2588 5028 2792 5088 notae.

691 5215 808 5358 £51;
843 5220 967 5290 Περὶ
993 5220 1185 5270 τούτων
1218 5225 1279 5273 Α.

720 5291 787 5343 52
856 5288 1141 5345 Praeclare
1206 5290 1265 5346 in

720 5288 808 5358 52)
856 5288 1141 5363 Erwclare
1206 5290 1277 5363 in
1311 5290 1467 5346 hanc
1510 5307 1634 5347 rem
1702 5291 2180 5363 'I'beophylactus
2220 5292 2281 5348 in

626 5358 1036 5432 Evangeliumg
1069 5362 1316 5432 Joannis
1372 5380 1433 5432 p.
1502 5367 1605 5432 795
1662 5368 1736 5419 A.
1772 5358 1959 5416 Ταῦτα
1999 5366 2170 5416 πάντα
2219 5367 2284 5416 τὰ

622 5434 842 5483 ταπεινὰ
888 5436 974 5483 καὶ
1016 5430 1199 5495 ἀνάξια
1244 5429 1500 5485 domu-ira
1552 5431 1644 5496 τῆς
1683 5443 1775 5487 τοῦ
1801 5437 1924 5488 Tim.)
1972 5432 2151 5501 δόξης,
2190 5432 2285 5488 διὰ

621 5506 738 5563 τοὺς
796 5501 1054 5582 ἀκροατὰς
1108 5508 1333 5582 εἴρηται,
1390 5505 1635 5582 οὖχᾳῖναΔ
1679 5507 1825 5578 ἡμιίς
1894 5510 2025 5582 πρὸς
2073 5510 2139 5559 τὰ
2167 5503 2285 5582 -δό-

624 5593 767 5651 ματα
828 5575 1030 5651 τούτοις
1107 5575 1384 5651 χρώμεθα.
1451 5575 1944 5651 ἘλίχθΑησανλγὸρ
2002 5585 2110 5639 τοῖς
2157 5576 2282 5631 ἁπο-

626 5645 829 5721 στολοις
907 5649 1037 5721 πρὸς
1108 5645 1458 5721 ’παρῂγορίωι
1527 5645 2055 5721 A’dde__Chry'sost.
2135 5654 2279 5706 tom.

624 5716 771 5789 _Vl[l.
807 5733 866 5789 p.
929 5716 1033 5773 468
1097 5716 1461 5774 Α.”υὶ1ὺοω
1501 5719 1773 5775 nonnulli
1841 5716 2024 5777 nostri
2081 5721 2280 5778 seculi

622 5787 898 5846 homines
918 5790 1041 5845 haec
1073 5804 1269 5846 secum
1300 5796 1664 5866 reputarent,
1697 5807 1807 5849 nec
1840 5792 2045 5849 totices
2084 5794 2282 5867 explo-

2392 5237 2491 5277 sas
2518 5219 2829 5293 opiniones
2858 5232 3044 5275 vanas
3093 5232 3181 5293 ac_
3221 5217 3592 5280 temerarias.
3653 5231 3727 5293 ac
3774 5216 3820 5293 si
3846 5226 3969 5271 novi

2391 5287 2741 5362 proterrent,
2750 5294 3081 5363 repeterent
3108 5289 3201 5363 ad
3216 5303 3504 5363 nauseam
3520 5287 3965 5363 prudentiorum.

2394 5357 2721 5420 Imitandus
2743 5357 2900 5418 esset
2940 5360 3305 5433 Eustathius,
3338 5359 3440 5433 qui
3470 5357 3552 5415 ita
3576 5359 3802 5433 alicubi
3830 5357 3896 5413 de
3921 5366 3965 5407 se

2391 5436 2534 5509 dicit
2563 5452 2580 5490 :
2609 5434 2786 5509 Ἡμεῖς
2809 5435 2911 5509 γὰρ
2943 5432 3002 5486 οὐ
3054 5439 3208 5506 μυῖαι
3246 5429 3573 5509 τοᾼίςῖλκεσιν
3604 5429 3930 5509 ἄρριζοξνουσαι
3952 5442 3963 5453 ·

2392 5507 2643 5579 μέλισσαι
2672 5500 2732 5559 δε
2771 5500 3004 5558 τοῡ’τῶν
3042 5500 3255 5578 μουσῶν
3300 5502 3546 5576 λειμῶνος
3603 5500 3663 5555 τό
3723 5500 3963 5555 κάλλιστον

2394 5578 2804 5639 ἁπανθίζουσαι.

2470 5651 2587 5721 (53)
2620 5653 2682 5703 Δί
2705 5646 3029 5719 interponit
3053 5652 3117 5702 Α.
3151 5649 3319 5705 Forte
3347 5665 3401 5700 τι
3432 5645 3636 5721 voluit.

2465 5717 2579 5794 (54)
2612 5717 2895 5799 Διαφόρους
2921 5721 3129 5793 ἔχουσα
3152 5725 3328 5798 κώμας
3353 5722 3443 5775 καὶ
3478 5717 3652 5784 mihi;
3682 5723 3745 5773 Δ.
