  <div class='ocr_page' id='page_1' title='image "/cluster/home/n/w/nwhite01/storage/ocr_20150623/129/hvd.32044019208511/658.png"; bbox 0 0 4170 6490; ppageno 0'>
   <div class='ocr_carea' id='block_1_1' title="bbox 307 390 441 453">
    <p class='ocr_par' dir='ltr' id='par_1_1' title="bbox 307 390 441 453">
     <span class='ocr_line' id='line_1_1' title="bbox 307 390 441 453; baseline 0.007 -1"><span class='ocrx_word' id='word_1_1' title='bbox 307 390 441 453; x_wconf 73' lang='grc'><strong>1185</strong></span> 
     </span>
    </p>
   </div>
   <div class='ocr_carea' id='block_1_2' title="bbox 1380 382 2683 450">
    <p class='ocr_par' dir='ltr' id='par_1_2' title="bbox 1380 382 2683 450">
     <span class='ocr_line' id='line_1_2' title="bbox 1380 382 2683 450; baseline -0.003 0"><span class='ocrx_word' id='word_1_2' title='bbox 1380 382 1746 450; x_wconf 78' lang='lat' dir='ltr'><strong>COMMENT.</strong></span> <span class='ocrx_word' id='word_1_3' title='bbox 1788 382 1863 446; x_wconf 85' lang='lat' dir='ltr'><strong>IN</strong></span> <span class='ocrx_word' id='word_1_4' title='bbox 1900 382 2250 447; x_wconf 75' lang='lat' dir='ltr'><strong>JOANNEM.</strong></span> <span class='ocrx_word' id='word_1_5' title='bbox 2292 423 2357 433; x_wconf 94' lang='lat'><strong>—</strong></span> <span class='ocrx_word' id='word_1_6' title='bbox 2397 391 2557 450; x_wconf 86' lang='lat' dir='ltr'><strong>CAP.</strong></span> <span class='ocrx_word' id='word_1_7' title='bbox 2594 387 2683 447; x_wconf 81' lang='grc' dir='ltr'>ιν.</span> 
     </span>
    </p>
   </div>
   <div class='ocr_carea' id='block_1_3' title="bbox 3539 389 3681 452">
    <p class='ocr_par' dir='ltr' id='par_1_3' title="bbox 3539 389 3681 452">
     <span class='ocr_line' id='line_1_3' title="bbox 3539 389 3681 452; baseline 0 -1"><span class='ocrx_word' id='word_1_8' title='bbox 3539 389 3681 452; x_wconf 69' lang='grc'><strong>1186</strong></span> 
     </span>
    </p>
   </div>
   <div class='ocr_carea' id='block_1_4' title="bbox 300 513 1907 591">
    <p class='ocr_par' dir='ltr' id='par_1_4' title="bbox 300 513 1907 591">
     <span class='ocr_line' id='line_1_4' title="bbox 300 513 1907 591; baseline -0.004 -15"><span class='ocrx_word' id='word_1_9' title='bbox 300 524 358 576; x_wconf 80' lang='grc' dir='ltr'>ἐκ</span> <span class='ocrx_word' id='word_1_10' title='bbox 397 520 728 574; x_wconf 72' lang='grc' dir='ltr'>Βαϐυλῶνίων</span> <span class='ocrx_word' id='word_1_11' title='bbox 757 515 815 572; x_wconf 74' lang='grc' dir='ltr'>δὲ</span> <span class='ocrx_word' id='word_1_12' title='bbox 857 524 947 572; x_wconf 82' lang='grc' dir='ltr'>καὶ</span> <span class='ocrx_word' id='word_1_13' title='bbox 975 516 1174 579; x_wconf 82' lang='grc' dir='ltr'>Μήδων</span> <span class='ocrx_word' id='word_1_14' title='bbox 1219 524 1308 572; x_wconf 82' lang='grc' dir='ltr'>καὶ</span> <span class='ocrx_word' id='word_1_15' title='bbox 1347 517 1630 574; x_wconf 78' lang='grc' dir='ltr'>Χαλδαίων</span> <span class='ocrx_word' id='word_1_16' title='bbox 1673 513 1907 591; x_wconf 89' lang='grc' dir='ltr'>μιγάδας</span> 
     </span>
    </p>
   </div>
   <div class='ocr_carea' id='block_1_5' title="bbox 2024 513 3676 591">
    <p class='ocr_par' dir='ltr' id='par_1_5' title="bbox 2024 516 3676 589">
     <span class='ocr_line' id='line_1_5' title="bbox 2024 516 3676 589; baseline 0.004 -19"><span class='ocrx_word' id='word_1_17' title='bbox 2024 530 2390 589; x_wconf 77' lang='lat' dir='ltr'><strong>congregans</strong></span> <span class='ocrx_word' id='word_1_18' title='bbox 2446 516 2507 573; x_wconf 90' lang='lat' dir='ltr'><strong>in</strong></span> <span class='ocrx_word' id='word_1_19' title='bbox 2581 533 2653 573; x_wconf 87' lang='lat' dir='ltr'><strong>ea</strong></span> <span class='ocrx_word' id='word_1_20' title='bbox 2692 516 2961 575; x_wconf 80' lang='lat' dir='ltr'><strong>habitare</strong></span> <span class='ocrx_word' id='word_1_21' title='bbox 3008 518 3161 574; x_wconf 86' lang='lat' dir='ltr'><strong>fecit.</strong></span> <span class='ocrx_word' id='word_1_22' title='bbox 3198 517 3412 575; x_wconf 88' lang='lat' dir='ltr'><strong>Volens</strong></span> <span class='ocrx_word' id='word_1_23' title='bbox 3471 524 3676 577; x_wconf 89' lang='lat' dir='ltr'><strong>autem</strong></span> 
     </span>
    </p>
   </div>
   <div class='ocr_carea' id='block_1_6' title="bbox 302 606 1909 685">
    <p class='ocr_par' dir='ltr' id='par_1_6' title="bbox 302 606 1909 685">
     <span class='ocr_line' id='line_1_6' title="bbox 302 606 1909 685; baseline -0.004 -21"><span class='ocrx_word' id='word_1_24' title='bbox 302 614 604 685; x_wconf 78' lang='grc' dir='ltr'><strong>ἀνθρώπους</strong></span> <span class='ocrx_word' id='word_1_25' title='bbox 673 613 982 680; x_wconf 77' lang='grc' dir='ltr'>συναγαγὼν</span> <span class='ocrx_word' id='word_1_26' title='bbox 1052 609 1155 662; x_wconf 72' lang='grc' dir='ltr'>ἐκεῖ</span> <span class='ocrx_word' id='word_1_27' title='bbox 1216 608 1328 682; x_wconf 72' lang='grc'>(55)</span> <span class='ocrx_word' id='word_1_28' title='bbox 1386 614 1674 681; x_wconf 82' lang='grc' dir='ltr'>κατῴκισε.</span> <span class='ocrx_word' id='word_1_29' title='bbox 1737 606 1909 669; x_wconf 79' lang='grc' dir='ltr'>Δείξαι</span> 
     </span>
    </p>
   </div>
   <div class='ocr_carea' id='block_1_7' title="bbox 305 693 1908 773">
    <p class='ocr_par' dir='ltr' id='par_1_7' title="bbox 305 693 1908 773">
     <span class='ocr_line' id='line_1_7' title="bbox 305 693 1908 773; baseline -0.004 -20"><span class='ocrx_word' id='word_1_30' title='bbox 305 697 364 753; x_wconf 71' lang='grc' dir='ltr'><strong>δε</strong></span> <span class='ocrx_word' id='word_1_31' title='bbox 405 698 716 773; x_wconf 80' lang='grc' dir='ltr'>βουλόμενος</span> <span class='ocrx_word' id='word_1_32' title='bbox 763 699 788 749; x_wconf 88' lang='grc' dir='ltr'><strong><em>ὁ</em></strong></span> <span class='ocrx_word' id='word_1_33' title='bbox 843 702 974 760; x_wconf 84' lang='grc' dir='ltr'>Θεὸς</span> <span class='ocrx_word' id='word_1_34' title='bbox 1016 700 1096 751; x_wconf 86' lang='grc' dir='ltr'>ὅτι</span> <span class='ocrx_word' id='word_1_35' title='bbox 1156 695 1229 752; x_wconf 84' lang='grc' dir='ltr'><strong>δι’</strong></span> <span class='ocrx_word' id='word_1_36' title='bbox 1287 698 1546 771; x_wconf 85' lang='grc' dir='ltr'>ἀμαρτιαν</span> <span class='ocrx_word' id='word_1_37' title='bbox 1592 693 1908 761; x_wconf 78' lang='grc' dir='ltr'>ἐξεδόθησαν</span> 
     </span>
    </p>
   </div>
   <div class='ocr_carea' id='block_1_8' title="bbox 304 777 1911 862">
    <p class='ocr_par' dir='ltr' id='par_1_8' title="bbox 304 777 1911 862">
     <span class='ocr_line' id='line_1_8' title="bbox 304 777 1911 862; baseline -0.004 -21"><span class='ocrx_word' id='word_1_38' title='bbox 304 796 415 850; x_wconf 91' lang='grc' dir='ltr'>τοῖς</span> <span class='ocrx_word' id='word_1_39' title='bbox 489 789 801 862; x_wconf 78' lang='grc' dir='ltr'><strong>Ἀσσυρίοις</strong></span> <span class='ocrx_word' id='word_1_40' title='bbox 856 791 905 840; x_wconf 90' lang='grc' dir='ltr'><strong>οί</strong></span> <span class='ocrx_word' id='word_1_41' title='bbox 1162 786 1508 862; x_wconf 88' lang='grc' dir='ltr'>Ἰσραηλῖται,</span> <span class='ocrx_word' id='word_1_42' title='bbox 1585 791 1676 838; x_wconf 86' lang='grc' dir='ltr'>καὶ</span> <span class='ocrx_word' id='word_1_43' title='bbox 1724 784 1781 837; x_wconf 79' lang='grc' dir='ltr'><strong>ού</strong></span> <span class='ocrx_word' id='word_1_44' title='bbox 1833 777 1911 836; x_wconf 86' lang='grc' dir='ltr'>δι’</span> 
     </span>
    </p>
   </div>
   <div class='ocr_carea' id='block_1_9' title="bbox 307 874 1381 949">
    <p class='ocr_par' dir='ltr' id='par_1_9' title="bbox 307 874 1381 949">
     <span class='ocr_line' id='line_1_9' title="bbox 307 874 1381 949; baseline 0.002 -22"><span class='ocrx_word' id='word_1_45' title='bbox 307 874 592 943; x_wconf 76' lang='grc' dir='ltr'>ἀσθένειαν,</span> <span class='ocrx_word' id='word_1_46' title='bbox 679 874 878 937; x_wconf 81' lang='grc' dir='ltr'>λέοντας</span> <span class='ocrx_word' id='word_1_47' title='bbox 967 875 1197 949; x_wconf 80' lang='grc' dir='ltr'>ἐπαφῆκε</span> <span class='ocrx_word' id='word_1_48' title='bbox 1274 884 1381 938; x_wconf 73' lang='grc' dir='ltr'>τοῖς</span> 
     </span>
    </p>
   </div>
   <div class='ocr_carea' id='block_1_10' title="bbox 308 963 1904 1040">
    <p class='ocr_par' dir='ltr' id='par_1_10' title="bbox 308 963 1904 1040">
     <span class='ocr_line' id='line_1_10' title="bbox 308 963 1904 1040; baseline -0.001 -24"><span class='ocrx_word' id='word_1_49' title='bbox 308 963 613 1040; x_wconf 89' lang='grc' dir='ltr'>βαρϐάροις,</span> <span class='ocrx_word' id='word_1_50' title='bbox 711 967 831 1037; x_wconf 87' lang='grc' dir='ltr'>ὅπερ</span> <span class='ocrx_word' id='word_1_51' title='bbox 907 967 1085 1038; x_wconf 85' lang='grc' dir='ltr'>μαθὼν</span> <span class='ocrx_word' id='word_1_52' title='bbox 1152 967 1177 1017; x_wconf 91' lang='grc' dir='ltr'><strong>ό</strong></span> <span class='ocrx_word' id='word_1_53' title='bbox 1240 964 1488 1039; x_wconf 81' lang='grc' dir='ltr'>βασιλεὺς</span> <span class='ocrx_word' id='word_1_54' title='bbox 1565 968 1656 1016; x_wconf 81' lang='grc' dir='ltr'>καὶ</span> <span class='ocrx_word' id='word_1_55' title='bbox 1722 967 1904 1033; x_wconf 79' lang='grc' dir='ltr'>συνεὶς,</span> 
     </span>
    </p>
   </div>
   <div class='ocr_carea' id='block_1_11' title="bbox 1363 1049 1909 1131">
    <p class='ocr_par' dir='ltr' id='par_1_11' title="bbox 1363 1049 1909 1131">
     <span class='ocr_line' id='line_1_11' title="bbox 1363 1049 1909 1131; baseline -0.007 -24"><span class='ocrx_word' id='word_1_56' title='bbox 1363 1050 1751 1131; x_wconf 70' lang='grc' dir='ltr'>παραδώσοντα</span> <span class='ocrx_word' id='word_1_57' title='bbox 1817 1049 1909 1103; x_wconf 63' lang='grc' dir='ltr'><strong>κάς</strong></span> 
     </span>
    </p>
   </div>
   <div class='ocr_carea' id='block_1_12' title="bbox 1162 786 1508 862">
    <p class='ocr_par' dir='ltr' id='par_1_12' title="bbox 1162 786 1508 862">
     <span class='ocr_line' id='line_1_12' title="bbox 1162 786 1508 862; baseline -0.006 -21"><span class='ocrx_word' id='word_1_58' title='bbox 1162 786 1508 862; x_wconf 85' lang='grc' dir='ltr'>Ἰσραηλῖται,</span> 
     </span>
    </p>
   </div>
   <div class='ocr_carea' id='block_1_13' title="bbox 1465 875 1910 948">
    <p class='ocr_par' dir='ltr' id='par_1_13' title="bbox 1465 875 1910 948">
     <span class='ocr_line' id='line_1_13' title="bbox 1465 875 1910 948; baseline -0.007 -20"><span class='ocrx_word' id='word_1_59' title='bbox 1465 875 1910 948; x_wconf 78' lang='grc' dir='ltr'>ὶγκατοικισθεῖσι</span> 
     </span>
    </p>
   </div>
   <div class='ocr_carea' id='block_1_14' title="bbox 306 1054 1278 1129">
    <p class='ocr_par' dir='ltr' id='par_1_14' title="bbox 306 1054 1278 1129">
     <span class='ocr_line' id='line_1_14' title="bbox 306 1054 1278 1129; baseline 0 -23"><span class='ocrx_word' id='word_1_60' title='bbox 306 1059 495 1126; x_wconf 78' lang='grc' dir='ltr'>πέμπει</span> <span class='ocrx_word' id='word_1_61' title='bbox 555 1056 689 1129; x_wconf 83' lang='grc' dir='ltr'>ἱερέα</span> <span class='ocrx_word' id='word_1_62' title='bbox 752 1062 854 1107; x_wconf 84' lang='grc' dir='ltr'>τῶν</span> <span class='ocrx_word' id='word_1_63' title='bbox 918 1054 1278 1129; x_wconf 83' lang='grc' dir='ltr'>Ἰσραηλιτῶν,</span> 
     </span>
    </p>
   </div>
   <div class='ocr_carea' id='block_1_15' title="bbox 305 1140 1909 1218">
    <p class='ocr_par' dir='ltr' id='par_1_15' title="bbox 305 1140 1909 1218">
     <span class='ocr_line' id='line_1_15' title="bbox 305 1140 1909 1218; baseline -0.002 -22"><span class='ocrx_word' id='word_1_64' title='bbox 305 1148 490 1207; x_wconf 80' lang='grc' dir='ltr'><strong>κείνοις</strong></span> <span class='ocrx_word' id='word_1_65' title='bbox 530 1147 616 1196; x_wconf 82' lang='grc' dir='ltr'>τὸν</span> <span class='ocrx_word' id='word_1_66' title='bbox 661 1151 752 1197; x_wconf 83' lang='grc' dir='ltr'><strong>τού</strong></span> <span class='ocrx_word' id='word_1_67' title='bbox 805 1152 937 1199; x_wconf 81' lang='grc' dir='ltr'>Θεοῦ</span> <span class='ocrx_word' id='word_1_68' title='bbox 980 1150 1153 1218; x_wconf 88' lang='grc' dir='ltr'>νόμον,</span> <span class='ocrx_word' id='word_1_69' title='bbox 1220 1146 1302 1197; x_wconf 82' lang='grc' dir='ltr'>ἵνα</span> <span class='ocrx_word' id='word_1_70' title='bbox 1347 1153 1437 1206; x_wconf 82' lang='grc' dir='ltr'>τῆς</span> <span class='ocrx_word' id='word_1_71' title='bbox 1490 1143 1590 1196; x_wconf 82' lang='grc' dir='ltr'>ἀπὸ</span> <span class='ocrx_word' id='word_1_72' title='bbox 1632 1151 1729 1195; x_wconf 83' lang='grc' dir='ltr'>τῶν</span> <span class='ocrx_word' id='word_1_73' title='bbox 1776 1140 1909 1194; x_wconf 88' lang='grc' dir='ltr'>λεόν-</span> 
     </span>
    </p>
   </div>
   <div class='ocr_carea' id='block_1_16' title="bbox 305 1230 1910 1307">
    <p class='ocr_par' dir='ltr' id='par_1_16' title="bbox 305 1230 1910 1307">
     <span class='ocr_line' id='line_1_16' title="bbox 305 1230 1910 1307; baseline -0.002 -21"><span class='ocrx_word' id='word_1_74' title='bbox 305 1253 404 1286; x_wconf 91' lang='grc' dir='ltr'><strong>των</strong></span> <span class='ocrx_word' id='word_1_75' title='bbox 450 1233 615 1306; x_wconf 87' lang='grc' dir='ltr'>λύμης</span> <span class='ocrx_word' id='word_1_76' title='bbox 661 1232 1047 1305; x_wconf 77' lang='grc' dir='ltr'>ἀπαλλαγῶσιν.</span> <span class='ocrx_word' id='word_1_77' title='bbox 1100 1233 1185 1297; x_wconf 79' lang='grc' dir='ltr'><strong>Ἐξ</strong></span> <span class='ocrx_word' id='word_1_78' title='bbox 1241 1236 1485 1307; x_wconf 74' lang='grc' dir='ltr'>ἡμισείας</span> <span class='ocrx_word' id='word_1_79' title='bbox 1533 1230 1592 1285; x_wconf 79' lang='grc' dir='ltr'>δὲ</span> <span class='ocrx_word' id='word_1_80' title='bbox 1640 1236 1758 1285; x_wconf 88' lang='grc' dir='ltr'>τότε</span> <span class='ocrx_word' id='word_1_81' title='bbox 1814 1238 1910 1291; x_wconf 83' lang='grc' dir='ltr'>τῆς</span> 
     </span>
    </p>
   </div>
   <div class='ocr_carea' id='block_1_17' title="bbox 307 1313 1910 1393">
    <p class='ocr_par' dir='ltr' id='par_1_17' title="bbox 307 1313 1910 1393">
     <span class='ocr_line' id='line_1_17' title="bbox 307 1313 1910 1393; baseline 0.002 -23"><span class='ocrx_word' id='word_1_82' title='bbox 307 1316 547 1380; x_wconf 83' lang='grc' dir='ltr'>ἀσεϐείας</span> <span class='ocrx_word' id='word_1_83' title='bbox 629 1316 965 1388; x_wconf 83' lang='grc' dir='ltr'>ἀποστάντες,</span> <span class='ocrx_word' id='word_1_84' title='bbox 1042 1320 1257 1393; x_wconf 77' lang='grc' dir='ltr'>ὕστερον</span> <span class='ocrx_word' id='word_1_85' title='bbox 1324 1318 1561 1379; x_wconf 81' lang='grc' dir='ltr'>όλοτελῶς</span> <span class='ocrx_word' id='word_1_86' title='bbox 1637 1313 1910 1375; x_wconf 77' lang='grc' dir='ltr'>ἀπεπήδη-</span> 
     </span>
    </p>
   </div>
   <div class='ocr_carea' id='block_1_18' title="bbox 307 1404 1912 1482">
    <p class='ocr_par' dir='ltr' id='par_1_18' title="bbox 307 1404 1912 1482">
     <span class='ocr_line' id='line_1_18' title="bbox 307 1404 1912 1482; baseline -0.002 -22"><span class='ocrx_word' id='word_1_87' title='bbox 307 1427 402 1460; x_wconf 90' lang='grc' dir='ltr'><strong>σαν</strong></span> <span class='ocrx_word' id='word_1_88' title='bbox 464 1417 563 1459; x_wconf 84' lang='grc' dir='ltr'>τῶν</span> <span class='ocrx_word' id='word_1_89' title='bbox 622 1404 858 1460; x_wconf 83' lang='grc' dir='ltr'>εἰδώλον’</span> <span class='ocrx_word' id='word_1_90' title='bbox 915 1408 1048 1468; x_wconf 83' lang='grc' dir='ltr'>πλὴν</span> <span class='ocrx_word' id='word_1_91' title='bbox 1110 1408 1168 1460; x_wconf 83' lang='grc' dir='ltr'><strong>ού</strong></span> <span class='ocrx_word' id='word_1_92' title='bbox 1218 1410 1410 1482; x_wconf 73' lang='grc' dir='ltr'>μικρὰν</span> <span class='ocrx_word' id='word_1_93' title='bbox 1468 1406 1613 1480; x_wconf 81' lang='grc' dir='ltr'>εἶχον</span> <span class='ocrx_word' id='word_1_94' title='bbox 1663 1410 1735 1459; x_wconf 80' lang='grc' dir='ltr'>ἔτι</span> <span class='ocrx_word' id='word_1_95' title='bbox 1785 1408 1912 1481; x_wconf 86' lang='grc' dir='ltr'>πρὸς</span> 
     </span>
    </p>
   </div>
   <div class='ocr_carea' id='block_1_19' title="bbox 306 1493 1913 1572">
    <p class='ocr_par' dir='ltr' id='par_1_19' title="bbox 306 1493 1913 1572">
     <span class='ocr_line' id='line_1_19' title="bbox 306 1493 1913 1572; baseline 0 -25"><span class='ocrx_word' id='word_1_96' title='bbox 306 1498 427 1559; x_wconf 80' lang='grc' dir='ltr'>τούς</span> <span class='ocrx_word' id='word_1_97' title='bbox 465 1493 759 1559; x_wconf 72' lang='grc' dir='ltr'>Ἰουδαίους</span> <span class='ocrx_word' id='word_1_98' title='bbox 796 1494 1070 1572; x_wconf 78' lang='grc' dir='ltr'>διαφοράν.</span> <span class='ocrx_word' id='word_1_99' title='bbox 1112 1503 1280 1558; x_wconf 87' lang='grc' dir='ltr'>Μόνας</span> <span class='ocrx_word' id='word_1_100' title='bbox 1316 1500 1418 1571; x_wconf 87' lang='grc' dir='ltr'><strong>γάρ</strong></span> <span class='ocrx_word' id='word_1_101' title='bbox 1472 1500 1568 1560; x_wconf 79' lang='grc' dir='ltr'><strong>τὰς</strong></span> <span class='ocrx_word' id='word_1_102' title='bbox 1624 1497 1913 1557; x_wconf 80' lang='grc' dir='ltr'>Μωσαῑκάς</span> 
     </span>
    </p>
   </div>
   <div class='ocr_carea' id='block_1_20' title="bbox 307 1583 1911 1659">
    <p class='ocr_par' dir='ltr' id='par_1_20' title="bbox 307 1583 1911 1659">
     <span class='ocr_line' id='line_1_20' title="bbox 307 1583 1911 1659; baseline -0.001 -22"><span class='ocrx_word' id='word_1_103' title='bbox 307 1583 516 1657; x_wconf 84' lang='grc' dir='ltr'>βίϐλους</span> <span class='ocrx_word' id='word_1_104' title='bbox 584 1583 884 1659; x_wconf 80' lang='grc' dir='ltr'>δεχόμενοι,</span> <span class='ocrx_word' id='word_1_105' title='bbox 945 1596 1041 1640; x_wconf 85' lang='grc' dir='ltr'>τῶν</span> <span class='ocrx_word' id='word_1_106' title='bbox 1084 1586 1248 1640; x_wconf 75' lang='grc' dir='ltr'>ἄλλων</span> <span class='ocrx_word' id='word_1_107' title='bbox 1298 1586 1356 1639; x_wconf 84' lang='grc' dir='ltr'><strong>ού</strong></span> <span class='ocrx_word' id='word_1_108' title='bbox 1395 1586 1588 1646; x_wconf 78' lang='grc' dir='ltr'>πολλὴν</span> <span class='ocrx_word' id='word_1_109' title='bbox 1645 1585 1911 1639; x_wconf 74' lang='grc' dir='ltr'>ἕποιούντο</span> 
     </span>
    </p>
   </div>
   <div class='ocr_carea' id='block_1_21' title="bbox 304 1673 472 1746">
    <p class='ocr_par' dir='ltr' id='par_1_21' title="bbox 304 1673 472 1746">
     <span class='ocr_line' id='line_1_21' title="bbox 304 1673 472 1746; baseline 0.018 -20"><span class='ocrx_word' id='word_1_110' title='bbox 304 1673 452 1746; x_wconf 84' lang='grc' dir='ltr'>λόγον</span> <span class='ocrx_word' id='word_1_111' title='bbox 461 1718 472 1729; x_wconf 92' lang='grc'><strong>.</strong></span> 
     </span>
    </p>
   </div>
   <div class='ocr_carea' id='block_1_22' title="bbox 376 1760 1911 1841">
    <p class='ocr_par' dir='ltr' id='par_1_22' title="bbox 376 1760 1911 1841">
     <span class='ocr_line' id='line_1_22' title="bbox 376 1760 1911 1841; baseline -0.001 -23"><span class='ocrx_word' id='word_1_112' title='bbox 376 1765 418 1834; x_wconf 69' lang='grc' dir='ltr'><strong>’ί-</strong></span> <span class='ocrx_word' id='word_1_113' title='bbox 447 1766 489 1835; x_wconf 72' lang='grc' dir='ltr'><strong>-Ι-</strong></span> <span class='ocrx_word' id='word_1_114' title='bbox 548 1760 720 1828; x_wconf 71' lang='grc' dir='ltr'>Ἀξιον</span> <span class='ocrx_word' id='word_1_115' title='bbox 768 1766 880 1837; x_wconf 77' lang='grc'><strong>(57)</strong></span> <span class='ocrx_word' id='word_1_116' title='bbox 940 1766 1098 1819; x_wconf 83' lang='grc' dir='ltr'>εἰπεῖν</span> <span class='ocrx_word' id='word_1_117' title='bbox 1158 1768 1309 1819; x_wconf 71' lang='grc' dir='ltr'>’τόθεν</span> <span class='ocrx_word' id='word_1_118' title='bbox 1359 1768 1410 1818; x_wconf 78' lang='grc' dir='ltr'><strong>οῖ</strong></span> <span class='ocrx_word' id='word_1_119' title='bbox 1451 1773 1766 1841; x_wconf 74' lang='grc' dir='ltr'>Σαμαρεῖται</span> <span class='ocrx_word' id='word_1_120' title='bbox 1818 1769 1911 1823; x_wconf 76' lang='grc' dir='ltr'>τὴν</span> 
     </span>
    </p>
   </div>
   <div class='ocr_carea' id='block_1_23' title="bbox 2014 606 3679 680">
    <p class='ocr_par' dir='ltr' id='par_1_23' title="bbox 2014 606 3679 680">
     <span class='ocr_line' id='line_1_23' title="bbox 2014 606 3679 680; baseline 0.002 -20"><span class='ocrx_word' id='word_1_121' title='bbox 2014 607 2166 661; x_wconf 89' lang='lat' dir='ltr'><strong>Deus</strong></span> <span class='ocrx_word' id='word_1_122' title='bbox 2183 606 2516 673; x_wconf 77' lang='lat' dir='ltr'><strong>ostendere,</strong></span> <span class='ocrx_word' id='word_1_123' title='bbox 2537 606 2700 679; x_wconf 92' lang='lat' dir='ltr'><strong>quod</strong></span> <span class='ocrx_word' id='word_1_124' title='bbox 2725 622 2843 662; x_wconf 92' lang='lat' dir='ltr'><strong>non</strong></span> <span class='ocrx_word' id='word_1_125' title='bbox 2868 607 3553 680; x_wconf 87' lang='lat' dir='ltr'><strong>propterimpotentiam,</strong></span> <span class='ocrx_word' id='word_1_126' title='bbox 3570 609 3679 665; x_wconf 89' lang='lat' dir='ltr'><strong>sed</strong></span> 
     </span>
    </p>
   </div>
   <div class='ocr_carea' id='block_1_24' title="bbox 2014 695 3678 768">
    <p class='ocr_par' dir='ltr' id='par_1_24' title="bbox 2014 695 3678 768">
     <span class='ocr_line' id='line_1_24' title="bbox 2014 695 3678 768; baseline 0.002 -19"><span class='ocrx_word' id='word_1_127' title='bbox 2014 695 2271 767; x_wconf 83' lang='lat' dir='ltr'><strong>peccatis</strong></span> <span class='ocrx_word' id='word_1_128' title='bbox 2283 696 2656 766; x_wconf 77' lang='lat' dir='ltr'><strong>exigentibus</strong></span> <span class='ocrx_word' id='word_1_129' title='bbox 2672 695 2867 751; x_wconf 76' lang='lat' dir='ltr'><strong>traditi</strong></span> <span class='ocrx_word' id='word_1_130' title='bbox 2882 703 3076 752; x_wconf 85' lang='lat' dir='ltr'><strong>essent</strong></span> <span class='ocrx_word' id='word_1_131' title='bbox 3097 695 3455 768; x_wconf 79' lang='lat' dir='ltr'><strong>Babyloniis,</strong></span> <span class='ocrx_word' id='word_1_132' title='bbox 3476 697 3678 754; x_wconf 88' lang='lat' dir='ltr'><strong>leones</strong></span> 
     </span>
    </p>
   </div>
   <div class='ocr_carea' id='block_1_25' title="bbox 2014 783 3679 858">
    <p class='ocr_par' dir='ltr' id='par_1_25' title="bbox 2014 783 3679 858">
     <span class='ocr_line' id='line_1_25' title="bbox 2014 783 3679 858; baseline 0.002 -18"><span class='ocrx_word' id='word_1_133' title='bbox 2014 783 2292 841; x_wconf 90' lang='lat' dir='ltr'><strong>barbaris</strong></span> <span class='ocrx_word' id='word_1_134' title='bbox 2330 800 2465 841; x_wconf 91' lang='lat' dir='ltr'><strong>eam</strong></span> <span class='ocrx_word' id='word_1_135' title='bbox 2504 783 2978 841; x_wconf 81' lang='lat' dir='ltr'><strong>inhabitantibus</strong></span> <span class='ocrx_word' id='word_1_136' title='bbox 3017 785 3264 842; x_wconf 83' lang='lat' dir='ltr'><strong>immisit</strong></span> <span class='ocrx_word' id='word_1_137' title='bbox 3297 802 3310 841; x_wconf 95' lang='lat'><strong>:</strong></span> <span class='ocrx_word' id='word_1_138' title='bbox 3372 786 3528 858; x_wconf 90' lang='lat' dir='ltr'><strong>quod</strong></span> <span class='ocrx_word' id='word_1_139' title='bbox 3575 803 3679 843; x_wconf 80' lang='lat' dir='ltr'><strong>rex</strong></span> 
     </span>
    </p>
   </div>
   <div class='ocr_carea' id='block_1_26' title="bbox 2014 872 3678 944">
    <p class='ocr_par' dir='ltr' id='par_1_26' title="bbox 2014 872 3678 944">
     <span class='ocr_line' id='line_1_26' title="bbox 2014 872 3678 944; baseline 0.001 -14"><span class='ocrx_word' id='word_1_140' title='bbox 2014 873 2267 930; x_wconf 88' lang='lat' dir='ltr'><strong>audiens</strong></span> <span class='ocrx_word' id='word_1_141' title='bbox 2323 877 2381 929; x_wconf 88' lang='lat' dir='ltr'><strong>et</strong></span> <span class='ocrx_word' id='word_1_142' title='bbox 2417 872 2769 944; x_wconf 86' lang='lat' dir='ltr'><strong>intelligens,</strong></span> <span class='ocrx_word' id='word_1_143' title='bbox 2804 872 2978 928; x_wconf 87' lang='lat' dir='ltr'><strong>mittit</strong></span> <span class='ocrx_word' id='word_1_144' title='bbox 3028 872 3107 929; x_wconf 90' lang='lat' dir='ltr'><strong>ad</strong></span> <span class='ocrx_word' id='word_1_145' title='bbox 3157 890 3257 930; x_wconf 88' lang='lat' dir='ltr'><strong>eos</strong></span> <span class='ocrx_word' id='word_1_146' title='bbox 3313 874 3678 932; x_wconf 85' lang='lat' dir='ltr'><strong>sacerdotem</strong></span> 
     </span>
    </p>
   </div>
   <div class='ocr_carea' id='block_1_27' title="bbox 2015 961 3682 1036">
    <p class='ocr_par' dir='ltr' id='par_1_27' title="bbox 2015 961 3682 1036">
     <span class='ocr_line' id='line_1_27' title="bbox 2015 961 3682 1036; baseline 0.003 -19"><span class='ocrx_word' id='word_1_147' title='bbox 2015 961 2440 1027; x_wconf 84' lang='lat' dir='ltr'><strong>Israelitarum,</strong></span> <span class='ocrx_word' id='word_1_148' title='bbox 2467 963 2569 1036; x_wconf 92' lang='lat' dir='ltr'><strong>qui</strong></span> <span class='ocrx_word' id='word_1_149' title='bbox 2603 961 2857 1018; x_wconf 88' lang='lat' dir='ltr'><strong>traderet</strong></span> <span class='ocrx_word' id='word_1_150' title='bbox 2885 962 3061 1018; x_wconf 90' lang='lat' dir='ltr'><strong>etiam</strong></span> <span class='ocrx_word' id='word_1_151' title='bbox 3093 962 3209 1017; x_wconf 85' lang='lat' dir='ltr'><strong>illis</strong></span> <span class='ocrx_word' id='word_1_152' title='bbox 3246 964 3344 1020; x_wconf 84' lang='lat' dir='ltr'><strong>Dei</strong></span> <span class='ocrx_word' id='word_1_153' title='bbox 3377 963 3592 1035; x_wconf 89' lang='lat' dir='ltr'><strong>legem,</strong></span> <span class='ocrx_word' id='word_1_154' title='bbox 3618 969 3682 1022; x_wconf 92' lang='lat' dir='ltr'><strong>ut</strong></span> 
     </span>
    </p>
   </div>
   <div class='ocr_carea' id='block_1_28' title="bbox 2014 1050 3678 1127">
    <p class='ocr_par' dir='ltr' id='par_1_28' title="bbox 2014 1050 3678 1127">
     <span class='ocr_line' id='line_1_28' title="bbox 2014 1050 3678 1127; baseline 0.002 -20"><span class='ocrx_word' id='word_1_155' title='bbox 2014 1066 2050 1107; x_wconf 91' lang='lat' dir='ltr'><strong>a</strong></span> <span class='ocrx_word' id='word_1_156' title='bbox 2075 1057 2237 1124; x_wconf 87' lang='lat' dir='ltr'><strong>peste</strong></span> <span class='ocrx_word' id='word_1_157' title='bbox 2266 1050 2510 1107; x_wconf 89' lang='lat' dir='ltr'><strong>leonum</strong></span> <span class='ocrx_word' id='word_1_158' title='bbox 2557 1050 2969 1108; x_wconf 87' lang='lat' dir='ltr'><strong>liberarentur.</strong></span> <span class='ocrx_word' id='word_1_159' title='bbox 3006 1050 3086 1107; x_wconf 83' lang='lat' dir='ltr'><strong>Ex</strong></span> <span class='ocrx_word' id='word_1_160' title='bbox 3113 1068 3185 1108; x_wconf 89' lang='lat' dir='ltr'><strong>eo</strong></span> <span class='ocrx_word' id='word_1_161' title='bbox 3241 1067 3384 1124; x_wconf 85' lang='lat' dir='ltr'><strong>ergo</strong></span> <span class='ocrx_word' id='word_1_162' title='bbox 3414 1059 3678 1127; x_wconf 88' lang='lat' dir='ltr'><strong>tempore</strong></span> 
     </span>
    </p>
   </div>
   <div class='ocr_carea' id='block_1_29' title="bbox 2012 1140 3678 1215">
    <p class='ocr_par' dir='ltr' id='par_1_29' title="bbox 2012 1140 3678 1215">
     <span class='ocr_line' id='line_1_29' title="bbox 2012 1140 3678 1215; baseline 0.002 -18"><span class='ocrx_word' id='word_1_163' title='bbox 2012 1141 2232 1215; x_wconf 87' lang='lat' dir='ltr'><strong>partim</strong></span> <span class='ocrx_word' id='word_1_164' title='bbox 2255 1140 2332 1197; x_wconf 92' lang='lat' dir='ltr'><strong>ab</strong></span> <span class='ocrx_word' id='word_1_165' title='bbox 2358 1140 2662 1214; x_wconf 90' lang='lat' dir='ltr'><strong>impietate</strong></span> <span class='ocrx_word' id='word_1_166' title='bbox 2687 1146 3056 1197; x_wconf 87' lang='lat' dir='ltr'><strong>recesserunt</strong></span> <span class='ocrx_word' id='word_1_167' title='bbox 3083 1159 3096 1197; x_wconf 91' lang='lat'><strong>:</strong></span> <span class='ocrx_word' id='word_1_168' title='bbox 3124 1142 3511 1214; x_wconf 89' lang='lat' dir='ltr'><strong>postmodum</strong></span> <span class='ocrx_word' id='word_1_169' title='bbox 3536 1159 3678 1201; x_wconf 90' lang='lat' dir='ltr'><strong>vero</strong></span> 
     </span>
    </p>
   </div>
   <div class='ocr_carea' id='block_1_30' title="bbox 2013 1227 3680 1306">
    <p class='ocr_par' dir='ltr' id='par_1_30' title="bbox 2013 1227 3680 1306">
     <span class='ocr_line' id='line_1_30' title="bbox 2013 1227 3680 1306; baseline 0.002 -21"><span class='ocrx_word' id='word_1_170' title='bbox 2013 1231 2271 1302; x_wconf 84' lang='lat' dir='ltr'><strong>perfecte</strong></span> <span class='ocrx_word' id='word_1_171' title='bbox 2304 1227 2466 1285; x_wconf 90' lang='lat' dir='ltr'><strong>idola</strong></span> <span class='ocrx_word' id='word_1_172' title='bbox 2485 1229 2867 1302; x_wconf 86' lang='lat' dir='ltr'><strong>reliquerunt.</strong></span> <span class='ocrx_word' id='word_1_173' title='bbox 2887 1228 3314 1287; x_wconf 85' lang='lat' dir='ltr'><strong>Verumtamen</strong></span> <span class='ocrx_word' id='word_1_174' title='bbox 3341 1231 3680 1306; x_wconf 86' lang='lat' dir='ltr'><strong>aliquantu-</strong></span> 
     </span>
    </p>
   </div>
   <div class='ocr_carea' id='block_1_31' title="bbox 2013 1318 3680 1391">
    <p class='ocr_par' dir='ltr' id='par_1_31' title="bbox 2013 1318 3680 1391">
     <span class='ocr_line' id='line_1_31' title="bbox 2013 1318 3680 1391; baseline 0.002 -17"><span class='ocrx_word' id='word_1_175' title='bbox 2013 1318 2138 1375; x_wconf 91' lang='lat' dir='ltr'><strong>lum</strong></span> <span class='ocrx_word' id='word_1_176' title='bbox 2171 1318 2368 1375; x_wconf 89' lang='lat' dir='ltr'><strong>adhuc</strong></span> <span class='ocrx_word' id='word_1_177' title='bbox 2389 1324 2513 1375; x_wconf 88' lang='lat' dir='ltr'><strong>erat</strong></span> <span class='ocrx_word' id='word_1_178' title='bbox 2533 1318 2677 1391; x_wconf 88' lang='lat' dir='ltr'><strong>ipsis</strong></span> <span class='ocrx_word' id='word_1_179' title='bbox 2690 1318 3010 1375; x_wconf 87' lang='lat' dir='ltr'><strong>discrimen</strong></span> <span class='ocrx_word' id='word_1_180' title='bbox 3030 1335 3065 1376; x_wconf 90' lang='lat' dir='ltr'><strong>a</strong></span> <span class='ocrx_word' id='word_1_181' title='bbox 3082 1320 3320 1375; x_wconf 68' lang='lat' dir='ltr'><strong>Iudaeis.</strong></span> <span class='ocrx_word' id='word_1_182' title='bbox 3355 1322 3508 1377; x_wconf 90' lang='lat' dir='ltr'><strong>Nam</strong></span> <span class='ocrx_word' id='word_1_183' title='bbox 3539 1321 3680 1377; x_wconf 87' lang='lat' dir='ltr'><strong>solis</strong></span> 
     </span>
    </p>
   </div>
   <div class='ocr_carea' id='block_1_32' title="bbox 2016 1407 3678 1481">
    <p class='ocr_par' dir='ltr' id='par_1_32' title="bbox 2016 1407 3678 1481">
     <span class='ocr_line' id='line_1_32' title="bbox 2016 1407 3678 1481; baseline 0.003 -19"><span class='ocrx_word' id='word_1_184' title='bbox 2016 1408 2195 1464; x_wconf 90' lang='lat' dir='ltr'><strong>Mosis</strong></span> <span class='ocrx_word' id='word_1_185' title='bbox 2250 1407 2417 1464; x_wconf 85' lang='lat' dir='ltr'><strong>libris</strong></span> <span class='ocrx_word' id='word_1_186' title='bbox 2479 1408 2793 1480; x_wconf 87' lang='lat' dir='ltr'><strong>susceptis,</strong></span> <span class='ocrx_word' id='word_1_187' title='bbox 2856 1413 3200 1465; x_wconf 67' lang='lat' dir='ltr'><strong>cmterorum</strong></span> <span class='ocrx_word' id='word_1_188' title='bbox 3236 1425 3357 1465; x_wconf 90' lang='lat' dir='ltr'><strong>non</strong></span> <span class='ocrx_word' id='word_1_189' title='bbox 3392 1426 3678 1481; x_wconf 86' lang='lat' dir='ltr'><strong>magnam</strong></span> 
     </span>
    </p>
   </div>
   <div class='ocr_carea' id='block_1_33' title="bbox 2015 1495 2678 1554">
    <p class='ocr_par' dir='ltr' id='par_1_33' title="bbox 2015 1495 2678 1554">
     <span class='ocr_line' id='line_1_33' title="bbox 2015 1495 2678 1554; baseline -0.002 -2"><span class='ocrx_word' id='word_1_190' title='bbox 2015 1495 2323 1554; x_wconf 85' lang='lat' dir='ltr'><strong>habebant</strong></span> <span class='ocrx_word' id='word_1_191' title='bbox 2359 1496 2678 1553; x_wconf 88' lang='lat' dir='ltr'><strong>rationem.</strong></span> 
     </span>
    </p>
   </div>
   <div class='ocr_carea' id='block_1_34' title="bbox 2087 1675 3678 1751">
    <p class='ocr_par' dir='ltr' id='par_1_34' title="bbox 2087 1675 3678 1751">
     <span class='ocr_line' id='line_1_34' title="bbox 2087 1675 3678 1751; baseline 0.004 -22"><span class='ocrx_word' id='word_1_192' title='bbox 2087 1678 2130 1747; x_wconf 69' lang='grc' dir='ltr'><strong>ει-</strong></span> <span class='ocrx_word' id='word_1_193' title='bbox 2152 1675 2482 1732; x_wconf 89' lang='lat' dir='ltr'><strong>Dicendum</strong></span> <span class='ocrx_word' id='word_1_194' title='bbox 2505 1680 2615 1741; x_wconf 85' lang='lat' dir='ltr'><strong>est,</strong></span> <span class='ocrx_word' id='word_1_195' title='bbox 2651 1676 2809 1732; x_wconf 87' lang='lat' dir='ltr'><strong>unde</strong></span> <span class='ocrx_word' id='word_1_196' title='bbox 2836 1677 3197 1734; x_wconf 88' lang='lat' dir='ltr'><strong>Samaritani</strong></span> <span class='ocrx_word' id='word_1_197' title='bbox 3228 1677 3348 1734; x_wconf 90' lang='lat' dir='ltr'><strong>sint</strong></span> <span class='ocrx_word' id='word_1_198' title='bbox 3372 1678 3678 1751; x_wconf 88' lang='lat' dir='ltr'><strong>appellati.</strong></span> 
     </span>
    </p>
   </div>
   <div class='ocr_carea' id='block_1_35' title="bbox 2016 1765 3684 1840">
    <p class='ocr_par' dir='ltr' id='par_1_35' title="bbox 2016 1765 3684 1840">
     <span class='ocr_line' id='line_1_35' title="bbox 2016 1765 3684 1840; baseline 0.002 -21"><span class='ocrx_word' id='word_1_199' title='bbox 2016 1765 2287 1821; x_wconf 88' lang='lat' dir='ltr'><strong>Samaria</strong></span> <span class='ocrx_word' id='word_1_200' title='bbox 2319 1780 2495 1821; x_wconf 89' lang='lat' dir='ltr'><strong>mons</strong></span> <span class='ocrx_word' id='word_1_201' title='bbox 2534 1765 2844 1829; x_wconf 89' lang='lat' dir='ltr'><strong>erat,sicut</strong></span> <span class='ocrx_word' id='word_1_202' title='bbox 2872 1765 3049 1822; x_wconf 89' lang='lat' dir='ltr'><strong>etiam</strong></span> <span class='ocrx_word' id='word_1_203' title='bbox 3086 1767 3233 1823; x_wconf 81' lang='lat' dir='ltr'><strong>dixit</strong></span> <span class='ocrx_word' id='word_1_204' title='bbox 3259 1766 3462 1826; x_wconf 89' lang='lat' dir='ltr'><strong>Isaias.</strong></span> <span class='ocrx_word' id='word_1_205' title='bbox 3502 1767 3684 1840; x_wconf 84' lang='lat' dir='ltr'><strong>Caput</strong></span> 
     </span>
    </p>
   </div>
   <div class='ocr_carea' id='block_1_36' title="bbox 305 1851 1907 1931">
    <p class='ocr_par' dir='ltr' id='par_1_36' title="bbox 305 1851 1907 1931">
     <span class='ocr_line' id='line_1_36' title="bbox 305 1851 1907 1931; baseline 0.001 -26"><span class='ocrx_word' id='word_1_206' title='bbox 305 1859 666 1929; x_wconf 78' lang='grc' dir='ltr'>προσηγορίαν</span> <span class='ocrx_word' id='word_1_207' title='bbox 718 1858 915 1914; x_wconf 89' lang='grc' dir='ltr'>ταύτην</span> <span class='ocrx_word' id='word_1_208' title='bbox 972 1854 1170 1910; x_wconf 78' lang='grc' dir='ltr'>ἔλαϐον.</span> <span class='ocrx_word' id='word_1_209' title='bbox 1248 1858 1413 1931; x_wconf 87' lang='grc' dir='ltr'>Σομὸρ</span> <span class='ocrx_word' id='word_1_210' title='bbox 1474 1859 1586 1930; x_wconf 44' lang='lat' dir='ltr'><strong>duo;</strong></span> <span class='ocrx_word' id='word_1_211' title='bbox 1641 1851 1724 1920; x_wconf 79' lang='grc' dir='ltr'><strong>ἧν,</strong></span> <span class='ocrx_word' id='word_1_212' title='bbox 1773 1855 1907 1907; x_wconf 85' lang='grc' dir='ltr'><strong>καθά</strong></span> 
     </span>
    </p>
   </div>
   <div class='ocr_carea' id='block_1_37' title="bbox 2024 1851 3682 1931">
    <p class='ocr_par' dir='ltr' id='par_1_37' title="bbox 2024 1852 3682 1924">
     <span class='ocr_line' id='line_1_37' title="bbox 2024 1852 3682 1924; baseline 0.002 -15"><span class='ocrx_word' id='word_1_213' title='bbox 2024 1852 2311 1922; x_wconf 80' lang='lat' dir='ltr'><strong>Ephraim</strong></span> <span class='ocrx_word' id='word_1_214' title='bbox 2349 1852 2622 1910; x_wconf 79' lang='lat' dir='ltr'><strong>Samaria</strong></span> <span class='ocrx_word' id='word_1_215' title='bbox 2647 1855 2842 1920; x_wconf 74' lang='lat' dir='ltr'><strong>&quot;.Qui</strong></span> <span class='ocrx_word' id='word_1_216' title='bbox 2873 1860 3074 1911; x_wconf 90' lang='lat' dir='ltr'><strong>autem</strong></span> <span class='ocrx_word' id='word_1_217' title='bbox 3095 1855 3530 1924; x_wconf 88' lang='lat' dir='ltr'><strong>inhabitabant,</strong></span> <span class='ocrx_word' id='word_1_218' title='bbox 3561 1872 3682 1913; x_wconf 90' lang='lat' dir='ltr'><strong>non</strong></span> 
     </span>
    </p>
   </div>
   <div class='ocr_carea' id='block_1_38' title="bbox 305 1942 1904 2019">
    <p class='ocr_par' dir='ltr' id='par_1_38' title="bbox 305 1942 1904 2019">
     <span class='ocr_line' id='line_1_38' title="bbox 305 1942 1904 2019; baseline 0.003 -25"><span class='ocrx_word' id='word_1_219' title='bbox 305 1947 395 1995; x_wconf 77' lang='grc' dir='ltr'>καὶ</span> <span class='ocrx_word' id='word_1_220' title='bbox 463 1942 685 2007; x_wconf 75' lang='grc' dir='ltr'>Ἠσαίας</span> <span class='ocrx_word' id='word_1_221' title='bbox 749 1950 929 2017; x_wconf 82' lang='grc' dir='ltr'>φησὶν,</span> <span class='ocrx_word' id='word_1_222' title='bbox 991 1944 1049 1997; x_wconf 79' lang='grc' dir='ltr'>Ἠ</span> <span class='ocrx_word' id='word_1_223' title='bbox 1120 1945 1313 2017; x_wconf 85' lang='grc' dir='ltr'>κεφαλή</span> <span class='ocrx_word' id='word_1_224' title='bbox 1370 1948 1607 2018; x_wconf 89' lang='grc' dir='ltr'>Σομόρων</span> <span class='ocrx_word' id='word_1_225' title='bbox 1665 1944 1904 2019; x_wconf 83' lang='grc' dir='ltr'>Ἐφραίμ..</span> 
     </span>
    </p>
   </div>
   <div class='ocr_carea' id='block_1_39' title="bbox 304 2031 1911 2109">
    <p class='ocr_par' dir='ltr' id='par_1_39' title="bbox 304 2031 1911 2109">
     <span class='ocr_line' id='line_1_39' title="bbox 304 2031 1911 2109; baseline 0 -23"><span class='ocrx_word' id='word_1_226' title='bbox 304 2031 442 2086; x_wconf 73' lang='grc' dir='ltr'>Ἀλλ’</span> <span class='ocrx_word' id='word_1_227' title='bbox 511 2035 560 2085; x_wconf 84' lang='grc' dir='ltr'>οὶ</span> <span class='ocrx_word' id='word_1_228' title='bbox 606 2041 980 2098; x_wconf 77' lang='grc' dir='ltr'>κατοικοῦντες,</span> <span class='ocrx_word' id='word_1_229' title='bbox 1028 2034 1087 2086; x_wconf 81' lang='grc' dir='ltr'><strong>ού</strong></span> <span class='ocrx_word' id='word_1_230' title='bbox 1141 2041 1477 2109; x_wconf 77' lang='grc' dir='ltr'>Σαμαρεῖται,</span> <span class='ocrx_word' id='word_1_231' title='bbox 1537 2032 1645 2086; x_wconf 86' lang='grc' dir='ltr'>ἀλλ’</span> <span class='ocrx_word' id='word_1_232' title='bbox 1702 2035 1911 2107; x_wconf 87' lang='grc' dir='ltr'>Ἰσραη-</span> 
     </span>
    </p>
   </div>
   <div class='ocr_carea' id='block_1_40' title="bbox 303 2119 1910 2200">
    <p class='ocr_par' dir='ltr' id='par_1_40' title="bbox 303 2119 1910 2200">
     <span class='ocr_line' id='line_1_40' title="bbox 303 2119 1910 2200; baseline 0.002 -27"><span class='ocrx_word' id='word_1_233' title='bbox 303 2119 444 2174; x_wconf 86' lang='grc' dir='ltr'>λῖται</span> <span class='ocrx_word' id='word_1_234' title='bbox 493 2121 742 2194; x_wconf 74' lang='grc' dir='ltr'>ἐλέγοντο.</span> <span class='ocrx_word' id='word_1_235' title='bbox 799 2128 1001 2196; x_wconf 81' lang='grc' dir='ltr'>Χρόνου</span> <span class='ocrx_word' id='word_1_236' title='bbox 1068 2119 1128 2176; x_wconf 69' lang='grc' dir='ltr'>δὲ</span> <span class='ocrx_word' id='word_1_237' title='bbox 1192 2127 1460 2195; x_wconf 83' lang='grc' dir='ltr'>προίόντος</span> <span class='ocrx_word' id='word_1_238' title='bbox 1516 2126 1910 2200; x_wconf 78' lang='grc' dir='ltr'>προσέκρουσαν</span> 
     </span>
    </p>
   </div>
   <div class='ocr_carea' id='block_1_41' title="bbox 305 2210 1909 2286">
    <p class='ocr_par' dir='ltr' id='par_1_41' title="bbox 305 2210 1909 2286">
     <span class='ocr_line' id='line_1_41' title="bbox 305 2210 1909 2286; baseline 0.002 -24"><span class='ocrx_word' id='word_1_239' title='bbox 305 2218 377 2282; x_wconf 80' lang='grc' dir='ltr'>τῷ</span> <span class='ocrx_word' id='word_1_240' title='bbox 435 2215 566 2281; x_wconf 84' lang='grc' dir='ltr'>Οεῷ,</span> <span class='ocrx_word' id='word_1_241' title='bbox 628 2216 718 2263; x_wconf 81' lang='grc' dir='ltr'><strong>καὶ</strong></span> <span class='ocrx_word' id='word_1_242' title='bbox 778 2210 1143 2284; x_wconf 81' lang='grc' dir='ltr'>βασιλεύοντος</span> <span class='ocrx_word' id='word_1_243' title='bbox 1203 2215 1365 2266; x_wconf 73' lang='grc' dir='ltr'>Φακεὲ</span> <span class='ocrx_word' id='word_1_244' title='bbox 1431 2210 1646 2266; x_wconf 83' lang='grc' dir='ltr'>ἀνελθὼν</span> <span class='ocrx_word' id='word_1_245' title='bbox 1705 2213 1909 2286; x_wconf 75' lang='grc' dir='ltr'>Θεγλαθ</span> 
     </span>
    </p>
   </div>
   <div class='ocr_carea' id='block_1_42' title="bbox 306 2297 1910 2374">
    <p class='ocr_par' dir='ltr' id='par_1_42' title="bbox 306 2297 1910 2374">
     <span class='ocr_line' id='line_1_42' title="bbox 306 2297 1910 2374; baseline 0.001 -21"><span class='ocrx_word' id='word_1_246' title='bbox 306 2298 551 2373; x_wconf 62' lang='grc' dir='ltr'><strong>⁴ἰδαλασάρ</strong></span> <span class='ocrx_word' id='word_1_247' title='bbox 616 2299 791 2363; x_wconf 88' lang='grc' dir='ltr'>πόλεις</span> <span class='ocrx_word' id='word_1_248' title='bbox 864 2320 920 2353; x_wconf 92' lang='grc' dir='ltr'><strong>τε</strong></span> <span class='ocrx_word' id='word_1_249' title='bbox 985 2297 1083 2354; x_wconf 79' lang='grc' dir='ltr'>εἷλε</span> <span class='ocrx_word' id='word_1_250' title='bbox 1156 2300 1349 2364; x_wconf 83' lang='grc' dir='ltr'>πολλὰς</span> <span class='ocrx_word' id='word_1_251' title='bbox 1414 2305 1505 2355; x_wconf 79' lang='grc' dir='ltr'>καὶ</span> <span class='ocrx_word' id='word_1_252' title='bbox 1569 2301 1773 2355; x_wconf 78' lang='grc' dir='ltr'>ἐπέθετο</span> <span class='ocrx_word' id='word_1_253' title='bbox 1837 2310 1910 2374; x_wconf 82' lang='grc' dir='ltr'>τῷ</span> 
     </span>
    </p>
   </div>
   <div class='ocr_carea' id='block_1_43' title="bbox 304 2386 1912 2465">
    <p class='ocr_par' dir='ltr' id='par_1_43' title="bbox 304 2386 1912 2465">
     <span class='ocr_line' id='line_1_43' title="bbox 304 2386 1912 2465; baseline 0.003 -26"><span class='ocrx_word' id='word_1_254' title='bbox 304 2386 458 2459; x_wconf 84' lang='grc' dir='ltr'>Ἦλᾷ,</span> <span class='ocrx_word' id='word_1_255' title='bbox 498 2393 584 2441; x_wconf 76' lang='grc' dir='ltr'>καὶ</span> <span class='ocrx_word' id='word_1_256' title='bbox 636 2386 822 2442; x_wconf 85' lang='grc' dir='ltr'>ἀνελὼν</span> <span class='ocrx_word' id='word_1_257' title='bbox 877 2390 1053 2457; x_wconf 84' lang='grc' dir='ltr'>αύτόν,</span> <span class='ocrx_word' id='word_1_258' title='bbox 1107 2392 1270 2450; x_wconf 69' lang='grc' dir='ltr'>Ὠσηὲ</span> <span class='ocrx_word' id='word_1_259' title='bbox 1316 2396 1408 2450; x_wconf 81' lang='grc' dir='ltr'>τὴν</span> <span class='ocrx_word' id='word_1_260' title='bbox 1458 2390 1725 2465; x_wconf 85' lang='grc' dir='ltr'>βασιλείαν</span> <span class='ocrx_word' id='word_1_261' title='bbox 1784 2388 1912 2445; x_wconf 77' lang='grc' dir='ltr'>ἔδω-</span> 
     </span>
    </p>
   </div>
   <div class='ocr_carea' id='block_1_44' title="bbox 306 2478 1912 2556">
    <p class='ocr_par' dir='ltr' id='par_1_44' title="bbox 306 2478 1912 2556">
     <span class='ocr_line' id='line_1_44' title="bbox 306 2478 1912 2556; baseline 0.004 -29"><span class='ocrx_word' id='word_1_262' title='bbox 306 2495 407 2533; x_wconf 86' lang='grc' dir='ltr'>κεν.</span> <span class='ocrx_word' id='word_1_263' title='bbox 469 2478 585 2531; x_wconf 79' lang='grc' dir='ltr'><strong>Ἐπὶ</strong></span> <span class='ocrx_word' id='word_1_264' title='bbox 628 2486 808 2531; x_wconf 85' lang='grc' dir='ltr'>τοῦτον</span> <span class='ocrx_word' id='word_1_265' title='bbox 865 2478 1020 2532; x_wconf 75' lang='grc' dir='ltr'>ἐλθὼν</span> <span class='ocrx_word' id='word_1_266' title='bbox 1078 2481 1104 2532; x_wconf 88' lang='grc' dir='ltr'><strong>ό</strong></span> <span class='ocrx_word' id='word_1_267' title='bbox 1162 2480 1524 2556; x_wconf 82' lang='grc' dir='ltr'>Σαλμανασαρ,</span> <span class='ocrx_word' id='word_1_268' title='bbox 1598 2481 1699 2534; x_wconf 81' lang='grc' dir='ltr'>εἷλε</span> <span class='ocrx_word' id='word_1_269' title='bbox 1746 2481 1912 2542; x_wconf 89' lang='grc' dir='ltr'>πόλεις</span> 
     </span>
    </p>
   </div>
   <div class='ocr_carea' id='block_1_45' title="bbox 306 2565 1911 2645">
    <p class='ocr_par' dir='ltr' id='par_1_45' title="bbox 306 2565 1911 2645">
     <span class='ocr_line' id='line_1_45' title="bbox 306 2565 1911 2645; baseline 0.002 -27"><span class='ocrx_word' id='word_1_270' title='bbox 306 2565 475 2641; x_wconf 75' lang='grc' dir='ltr'>ἑτέρας</span> <span class='ocrx_word' id='word_1_271' title='bbox 522 2571 613 2620; x_wconf 84' lang='grc' dir='ltr'>καὶ</span> <span class='ocrx_word' id='word_1_272' title='bbox 669 2569 959 2643; x_wconf 76' lang='grc' dir='ltr'>ὑποφόρους</span> <span class='ocrx_word' id='word_1_273' title='bbox 1009 2568 1248 2629; x_wconf 72' lang='grc' dir='ltr'>ἐποίησεν</span> <span class='ocrx_word' id='word_1_274' title='bbox 1283 2586 1296 2600; x_wconf 82' lang='grc'><em>’</em></span> <span class='ocrx_word' id='word_1_275' title='bbox 1326 2570 1483 2631; x_wconf 85' lang='grc' dir='ltr'>αύτὸς</span> <span class='ocrx_word' id='word_1_276' title='bbox 1539 2566 1598 2623; x_wconf 70' lang='grc' dir='ltr'><strong>δε</strong></span> <span class='ocrx_word' id='word_1_277' title='bbox 1643 2573 1773 2645; x_wconf 90' lang='grc' dir='ltr'>πρός</span> <span class='ocrx_word' id='word_1_278' title='bbox 1817 2575 1911 2630; x_wconf 79' lang='grc' dir='ltr'>τὴν</span> 
     </span>
    </p>
   </div>
   <div class='ocr_carea' id='block_1_46' title="bbox 304 2656 1911 2732">
    <p class='ocr_par' dir='ltr' id='par_1_46' title="bbox 304 2656 1911 2732">
     <span class='ocr_line' id='line_1_46' title="bbox 304 2656 1911 2732; baseline 0.003 -24"><span class='ocrx_word' id='word_1_279' title='bbox 304 2663 403 2708; x_wconf 83' lang='grc' dir='ltr'>τῶν</span> <span class='ocrx_word' id='word_1_280' title='bbox 457 2656 720 2709; x_wconf 81' lang='grc' dir='ltr'>Αἰθιόπων</span> <span class='ocrx_word' id='word_1_281' title='bbox 807 2662 1062 2731; x_wconf 75' lang='grc' dir='ltr'>κατέφυγε</span> <span class='ocrx_word' id='word_1_282' title='bbox 1126 2664 1459 2732; x_wconf 84' lang='grc' dir='ltr'>συμμαχίαν.</span> <span class='ocrx_word' id='word_1_283' title='bbox 1538 2666 1704 2731; x_wconf 80' lang='grc' dir='ltr'>Ἔγνω</span> <span class='ocrx_word' id='word_1_284' title='bbox 1760 2667 1911 2713; x_wconf 82' lang='grc' dir='ltr'>τοῦτο</span> 
     </span>
    </p>
   </div>
   <div class='ocr_carea' id='block_1_47' title="bbox 305 2744 1907 2822">
    <p class='ocr_par' dir='ltr' id='par_1_47' title="bbox 305 2744 1907 2822">
     <span class='ocr_line' id='line_1_47' title="bbox 305 2744 1907 2822; baseline 0.002 -25"><span class='ocrx_word' id='word_1_285' title='bbox 305 2745 331 2796; x_wconf 88' lang='grc' dir='ltr'><strong>ό</strong></span> <span class='ocrx_word' id='word_1_286' title='bbox 374 2744 680 2819; x_wconf 83' lang='grc' dir='ltr'>Ἀσσύριος,</span> <span class='ocrx_word' id='word_1_287' title='bbox 724 2751 815 2798; x_wconf 82' lang='grc' dir='ltr'>καὶ</span> <span class='ocrx_word' id='word_1_288' title='bbox 859 2744 1292 2822; x_wconf 76' lang='grc' dir='ltr'>ἐπιστρατεύσας,</span> <span class='ocrx_word' id='word_1_289' title='bbox 1348 2752 1437 2800; x_wconf 81' lang='grc' dir='ltr'><strong>καὶ</strong></span> <span class='ocrx_word' id='word_1_290' title='bbox 1493 2746 1678 2800; x_wconf 85' lang='grc' dir='ltr'>ἀνελὼν</span> <span class='ocrx_word' id='word_1_291' title='bbox 1735 2748 1907 2817; x_wconf 69' lang='grc' dir='ltr'>αὐτόν,</span> 
     </span>
    </p>
   </div>
   <div class='ocr_carea' id='block_1_48' title="bbox 304 2834 1912 2911">
    <p class='ocr_par' dir='ltr' id='par_1_48' title="bbox 304 2834 1912 2911">
     <span class='ocr_line' id='line_1_48' title="bbox 304 2834 1912 2911; baseline 0.003 -25"><span class='ocrx_word' id='word_1_292' title='bbox 304 2834 476 2886; x_wconf 78' lang='grc' dir='ltr'>ούκέτι</span> <span class='ocrx_word' id='word_1_293' title='bbox 531 2838 588 2887; x_wconf 86' lang='grc' dir='ltr'><strong>τό</strong></span> <span class='ocrx_word' id='word_1_294' title='bbox 632 2837 769 2897; x_wconf 84' lang='grc' dir='ltr'>ἔθνος</span> <span class='ocrx_word' id='word_1_295' title='bbox 827 2834 931 2889; x_wconf 83' lang='grc' dir='ltr'>ἐκεῖ</span> <span class='ocrx_word' id='word_1_296' title='bbox 995 2840 1160 2909; x_wconf 77' lang='grc' dir='ltr'>μένειν</span> <span class='ocrx_word' id='word_1_297' title='bbox 1216 2836 1433 2911; x_wconf 86' lang='grc' dir='ltr'>ἀφίησιν</span> <span class='ocrx_word' id='word_1_298' title='bbox 1468 2854 1480 2868; x_wconf 82' lang='grc'><em>’</em></span> <span class='ocrx_word' id='word_1_299' title='bbox 1522 2836 1648 2890; x_wconf 75' lang='grc' dir='ltr'><strong>ἀλλά</strong></span> <span class='ocrx_word' id='word_1_300' title='bbox 1696 2841 1912 2902; x_wconf 81' lang='grc' dir='ltr'>τούτους</span> 
     </span>
    </p>
   </div>
   <div class='ocr_carea' id='block_1_49' title="bbox 302 2923 1908 3002">
    <p class='ocr_par' dir='ltr' id='par_1_49' title="bbox 302 2923 1908 3002">
     <span class='ocr_line' id='line_1_49' title="bbox 302 2923 1908 3002; baseline 0.004 -26"><span class='ocrx_word' id='word_1_301' title='bbox 302 2927 392 2996; x_wconf 71' lang='grc' dir='ltr'><strong>μεν</strong></span> <span class='ocrx_word' id='word_1_302' title='bbox 436 2924 503 2984; x_wconf 87' lang='grc' dir='ltr'><strong>εἰς</strong></span> <span class='ocrx_word' id='word_1_303' title='bbox 538 2923 811 2977; x_wconf 81' lang='grc' dir='ltr'>Βαϐυλῶνα</span> <span class='ocrx_word' id='word_1_304' title='bbox 850 2929 1065 2998; x_wconf 81' lang='grc' dir='ltr'>ἤγαγεν,</span> <span class='ocrx_word' id='word_1_305' title='bbox 1117 2927 1306 2980; x_wconf 81' lang='grc' dir='ltr'>ἐκεῖθεν</span> <span class='ocrx_word' id='word_1_306' title='bbox 1348 2923 1408 2980; x_wconf 67' lang='grc' dir='ltr'>δὲ</span> <span class='ocrx_word' id='word_1_307' title='bbox 1451 2929 1567 2985; x_wconf 82' lang='grc' dir='ltr'>ἔθνη</span> <span class='ocrx_word' id='word_1_308' title='bbox 1608 2926 1663 2978; x_wconf 79' lang='grc' dir='ltr'>ἐκ</span> <span class='ocrx_word' id='word_1_309' title='bbox 1717 2925 1908 3002; x_wconf 87' lang='grc' dir='ltr'>διαφό-</span> 
     </span>
    </p>
   </div>
   <div class='ocr_carea' id='block_1_50' title="bbox 301 3012 1906 3091">
    <p class='ocr_par' dir='ltr' id='par_1_50' title="bbox 301 3012 1906 3091">
     <span class='ocr_line' id='line_1_50' title="bbox 301 3012 1906 3091; baseline 0.004 -27"><span class='ocrx_word' id='word_1_310' title='bbox 301 3032 403 3087; x_wconf 87' lang='grc' dir='ltr'><strong>ρων</strong></span> <span class='ocrx_word' id='word_1_311' title='bbox 468 3017 638 3066; x_wconf 89' lang='grc' dir='ltr'>τόπων</span> <span class='ocrx_word' id='word_1_312' title='bbox 714 3012 945 3085; x_wconf 86' lang='grc' dir='ltr'>ἀγαγὼν,</span> <span class='ocrx_word' id='word_1_313' title='bbox 1027 3035 1317 3087; x_wconf 83' lang='grc' dir='ltr'>κατῳκισεν</span> <span class='ocrx_word' id='word_1_314' title='bbox 1380 3014 1429 3068; x_wconf 79' lang='grc' dir='ltr'>ἓν</span> <span class='ocrx_word' id='word_1_315' title='bbox 1495 3024 1556 3089; x_wconf 80' lang='grc' dir='ltr'>τῇ</span> <span class='ocrx_word' id='word_1_316' title='bbox 1625 3023 1906 3091; x_wconf 75' lang='grc' dir='ltr'>Σαμαρείᾳ,</span> 
     </span>
    </p>
   </div>
   <div class='ocr_carea' id='block_1_51' title="bbox 303 3100 1911 3177">
    <p class='ocr_par' dir='ltr' id='par_1_51' title="bbox 303 3100 1911 3177">
     <span class='ocr_line' id='line_1_51' title="bbox 303 3100 1911 3177; baseline 0.004 -25"><span class='ocrx_word' id='word_1_317' title='bbox 303 3102 437 3153; x_wconf 83' lang='grc' dir='ltr'>ὥστε</span> <span class='ocrx_word' id='word_1_318' title='bbox 483 3101 661 3154; x_wconf 83' lang='grc' dir='ltr'>λοιπόν</span> <span class='ocrx_word' id='word_1_319' title='bbox 706 3100 910 3174; x_wconf 83' lang='grc' dir='ltr'>ἀσφαλῆ</span> <span class='ocrx_word' id='word_1_320' title='bbox 963 3103 1102 3175; x_wconf 78' lang='grc' dir='ltr'>αύτῷ</span> <span class='ocrx_word' id='word_1_321' title='bbox 1153 3108 1247 3162; x_wconf 79' lang='grc' dir='ltr'>τὴν</span> <span class='ocrx_word' id='word_1_322' title='bbox 1305 3102 1480 3177; x_wconf 79' lang='grc' dir='ltr'>ἀρχὴν</span> <span class='ocrx_word' id='word_1_323' title='bbox 1531 3102 1681 3171; x_wconf 82' lang='grc' dir='ltr'>εἶναι,</span> <span class='ocrx_word' id='word_1_324' title='bbox 1732 3115 1829 3157; x_wconf 85' lang='grc' dir='ltr'>τῶν</span> <span class='ocrx_word' id='word_1_325' title='bbox 1861 3107 1911 3158; x_wconf 90' lang='grc' dir='ltr'>οἰ</span> 
     </span>
    </p>
   </div>
   <div class='ocr_carea' id='block_1_52' title="bbox 2020 1942 3682 2018">
    <p class='ocr_par' dir='ltr' id='par_1_52' title="bbox 2020 1942 3682 2018">
     <span class='ocr_line' id='line_1_52' title="bbox 2020 1942 3682 2018; baseline 0.001 -19"><span class='ocrx_word' id='word_1_326' title='bbox 2020 1942 2396 2010; x_wconf 89' lang='lat' dir='ltr'><strong>Samaritani,</strong></span> <span class='ocrx_word' id='word_1_327' title='bbox 2444 1943 2548 1999; x_wconf 91' lang='lat' dir='ltr'><strong>sed</strong></span> <span class='ocrx_word' id='word_1_328' title='bbox 2601 1942 2876 2000; x_wconf 63' lang='lat' dir='ltr'><strong>Israelita</strong></span> <span class='ocrx_word' id='word_1_329' title='bbox 2936 1944 3306 2001; x_wconf 87' lang='lat' dir='ltr'><strong>dicebantur.</strong></span> <span class='ocrx_word' id='word_1_330' title='bbox 3374 1947 3682 2018; x_wconf 84' lang='lat' dir='ltr'><strong>Temporis</strong></span> 
     </span>
    </p>
   </div>
   <div class='ocr_carea' id='block_1_53' title="bbox 2017 2032 3687 2104">
    <p class='ocr_par' dir='ltr' id='par_1_53' title="bbox 2017 2032 3687 2104">
     <span class='ocr_line' id='line_1_53' title="bbox 2017 2032 3687 2104; baseline 0.002 -16"><span class='ocrx_word' id='word_1_331' title='bbox 2017 2037 2220 2088; x_wconf 91' lang='lat' dir='ltr'><strong>autem</strong></span> <span class='ocrx_word' id='word_1_332' title='bbox 2253 2046 2598 2104; x_wconf 86' lang='lat' dir='ltr'><strong>progressu,</strong></span> <span class='ocrx_word' id='word_1_333' title='bbox 2623 2048 2762 2088; x_wconf 92' lang='lat' dir='ltr'><strong>cum</strong></span> <span class='ocrx_word' id='word_1_334' title='bbox 2788 2032 3116 2090; x_wconf 85' lang='lat' dir='ltr'><strong>irritassent</strong></span> <span class='ocrx_word' id='word_1_335' title='bbox 3141 2034 3486 2104; x_wconf 92' lang='lat' dir='ltr'><strong>Dominum,</strong></span> <span class='ocrx_word' id='word_1_336' title='bbox 3509 2040 3568 2092; x_wconf 92' lang='lat' dir='ltr'><strong>et</strong></span> <span class='ocrx_word' id='word_1_337' title='bbox 3593 2051 3687 2093; x_wconf 86' lang='lat' dir='ltr'><strong>re-</strong></span> 
     </span>
    </p>
   </div>
   <div class='ocr_carea' id='block_1_54' title="bbox 2018 2121 3684 2197">
    <p class='ocr_par' dir='ltr' id='par_1_54' title="bbox 2018 2121 3684 2197">
     <span class='ocr_line' id='line_1_54' title="bbox 2018 2121 3684 2197; baseline 0.004 -20"><span class='ocrx_word' id='word_1_338' title='bbox 2018 2125 2229 2191; x_wconf 89' lang='lat' dir='ltr'><strong>gnaret</strong></span> <span class='ocrx_word' id='word_1_339' title='bbox 2256 2121 2495 2192; x_wconf 81' lang='lat' dir='ltr'><strong>Phacee,</strong></span> <span class='ocrx_word' id='word_1_340' title='bbox 2519 2122 2854 2179; x_wconf 89' lang='lat' dir='ltr'><strong>ascendens</strong></span> <span class='ocrx_word' id='word_1_341' title='bbox 2873 2122 3440 2197; x_wconf 87' lang='lat' dir='ltr'><strong>Theglat—Phalasar</strong></span> <span class='ocrx_word' id='word_1_342' title='bbox 3461 2125 3684 2183; x_wconf 87' lang='lat' dir='ltr'><strong>multas</strong></span> 
     </span>
    </p>
   </div>
   <div class='ocr_carea' id='block_1_55' title="bbox 2019 2209 3680 2287">
    <p class='ocr_par' dir='ltr' id='par_1_55' title="bbox 2019 2209 3680 2287">
     <span class='ocr_line' id='line_1_55' title="bbox 2019 2209 3680 2287; baseline 0.003 -20"><span class='ocrx_word' id='word_1_343' title='bbox 2019 2209 2148 2267; x_wconf 91' lang='lat' dir='ltr'><strong>tulit</strong></span> <span class='ocrx_word' id='word_1_344' title='bbox 2168 2210 2458 2276; x_wconf 88' lang='lat' dir='ltr'><strong>civitates,</strong></span> <span class='ocrx_word' id='word_1_345' title='bbox 2499 2211 2645 2268; x_wconf 90' lang='lat' dir='ltr'><strong>etin</strong></span> <span class='ocrx_word' id='word_1_346' title='bbox 2680 2211 2840 2268; x_wconf 87' lang='lat' dir='ltr'><strong>Elam</strong></span> <span class='ocrx_word' id='word_1_347' title='bbox 2879 2211 3045 2269; x_wconf 88' lang='lat' dir='ltr'><strong>irruit</strong></span> <span class='ocrx_word' id='word_1_348' title='bbox 3074 2212 3322 2287; x_wconf 91' lang='lat' dir='ltr'><strong>ipsoque</strong></span> <span class='ocrx_word' id='word_1_349' title='bbox 3352 2213 3680 2282; x_wconf 84' lang='lat' dir='ltr'><strong>interfecto,</strong></span> 
     </span>
    </p>
   </div>
   <div class='ocr_carea' id='block_1_56' title="bbox 2021 2300 3681 2373">
    <p class='ocr_par' dir='ltr' id='par_1_56' title="bbox 2021 2300 3681 2373">
     <span class='ocr_line' id='line_1_56' title="bbox 2021 2300 3681 2373; baseline 0.001 -15"><span class='ocrx_word' id='word_1_350' title='bbox 2021 2303 2166 2358; x_wconf 91' lang='lat' dir='ltr'><strong>Osee</strong></span> <span class='ocrx_word' id='word_1_351' title='bbox 2191 2316 2445 2373; x_wconf 89' lang='lat' dir='ltr'><strong>regnum</strong></span> <span class='ocrx_word' id='word_1_352' title='bbox 2476 2300 2733 2358; x_wconf 88' lang='lat' dir='ltr'><strong>tradidit.</strong></span> <span class='ocrx_word' id='word_1_353' title='bbox 2768 2302 3156 2360; x_wconf 87' lang='lat' dir='ltr'><strong>Postmodum</strong></span> <span class='ocrx_word' id='word_1_354' title='bbox 3181 2318 3319 2360; x_wconf 91' lang='lat' dir='ltr'><strong>vero</strong></span> <span class='ocrx_word' id='word_1_355' title='bbox 3348 2306 3681 2362; x_wconf 89' lang='lat' dir='ltr'><strong>ascendens</strong></span> 
     </span>
    </p>
   </div>
   <div class='ocr_carea' id='block_1_57' title="bbox 2022 2388 3677 2464">
    <p class='ocr_par' dir='ltr' id='par_1_57' title="bbox 2022 2388 3677 2464">
     <span class='ocr_line' id='line_1_57' title="bbox 2022 2388 3677 2464; baseline 0 -17"><span class='ocrx_word' id='word_1_356' title='bbox 2022 2388 2403 2447; x_wconf 88' lang='lat' dir='ltr'><strong>Salmanasar</strong></span> <span class='ocrx_word' id='word_1_357' title='bbox 2430 2389 2684 2463; x_wconf 89' lang='lat' dir='ltr'><strong>reliquas</strong></span> <span class='ocrx_word' id='word_1_358' title='bbox 2714 2389 2848 2446; x_wconf 87' lang='lat' dir='ltr'><strong>tulit</strong></span> <span class='ocrx_word' id='word_1_359' title='bbox 2885 2390 3173 2461; x_wconf 88' lang='lat' dir='ltr'><strong>civitates,</strong></span> <span class='ocrx_word' id='word_1_360' title='bbox 3213 2391 3467 2464; x_wconf 83' lang='lat' dir='ltr'><strong>fecitque</strong></span> <span class='ocrx_word' id='word_1_361' title='bbox 3500 2390 3677 2447; x_wconf 87' lang='lat' dir='ltr'><strong>tribu-</strong></span> 
     </span>
    </p>
   </div>
   <div class='ocr_carea' id='block_1_58' title="bbox 2021 2478 3679 2552">
    <p class='ocr_par' dir='ltr' id='par_1_58' title="bbox 2021 2478 3679 2552">
     <span class='ocr_line' id='line_1_58' title="bbox 2021 2478 3679 2552; baseline 0.002 -18"><span class='ocrx_word' id='word_1_362' title='bbox 2021 2480 2229 2547; x_wconf 88' lang='lat' dir='ltr'><strong>tarias;</strong></span> <span class='ocrx_word' id='word_1_363' title='bbox 2256 2478 2351 2535; x_wconf 90' lang='lat' dir='ltr'><strong>hic</strong></span> <span class='ocrx_word' id='word_1_364' title='bbox 2372 2483 2575 2536; x_wconf 89' lang='lat' dir='ltr'><strong>autem</strong></span> <span class='ocrx_word' id='word_1_365' title='bbox 2592 2479 2669 2535; x_wconf 92' lang='lat' dir='ltr'><strong>ad</strong></span> <span class='ocrx_word' id='word_1_366' title='bbox 2697 2478 3049 2552; x_wconf 59' lang='lat' dir='ltr'><strong>{Ethiopum</strong></span> <span class='ocrx_word' id='word_1_367' title='bbox 3067 2479 3332 2551; x_wconf 80' lang='lat' dir='ltr'><strong>confugit</strong></span> <span class='ocrx_word' id='word_1_368' title='bbox 3357 2480 3679 2537; x_wconf 84' lang='lat' dir='ltr'><strong>auxilium:</strong></span> 
     </span>
    </p>
   </div>
   <div class='ocr_carea' id='block_1_59' title="bbox 2020 2567 3685 2642">
    <p class='ocr_par' dir='ltr' id='par_1_59' title="bbox 2020 2567 3685 2642">
     <span class='ocr_line' id='line_1_59' title="bbox 2020 2567 3685 2642; baseline 0.002 -19"><span class='ocrx_word' id='word_1_369' title='bbox 2020 2567 2185 2640; x_wconf 91' lang='lat' dir='ltr'><strong>quod</strong></span> <span class='ocrx_word' id='word_1_370' title='bbox 2196 2568 2448 2624; x_wconf 88' lang='lat' dir='ltr'><strong>audiens</strong></span> <span class='ocrx_word' id='word_1_371' title='bbox 2465 2568 2747 2641; x_wconf 83' lang='lat' dir='ltr'><strong>Assyrius</strong></span> <span class='ocrx_word' id='word_1_372' title='bbox 2778 2573 2985 2640; x_wconf 86' lang='lat' dir='ltr'><strong>parato</strong></span> <span class='ocrx_word' id='word_1_373' title='bbox 3001 2570 3260 2626; x_wconf 83' lang='lat' dir='ltr'><strong>exercitu</strong></span> <span class='ocrx_word' id='word_1_374' title='bbox 3289 2570 3486 2642; x_wconf 89' lang='lat' dir='ltr'><strong>ipsum</strong></span> <span class='ocrx_word' id='word_1_375' title='bbox 3508 2569 3685 2626; x_wconf 91' lang='lat' dir='ltr'><strong>inter-</strong></span> 
     </span>
    </p>
   </div>
   <div class='ocr_carea' id='block_1_60' title="bbox 2019 2656 3680 2730">
    <p class='ocr_par' dir='ltr' id='par_1_60' title="bbox 2019 2656 3680 2730">
     <span class='ocr_line' id='line_1_60' title="bbox 2019 2656 3680 2730; baseline 0.002 -18"><span class='ocrx_word' id='word_1_376' title='bbox 2019 2657 2183 2725; x_wconf 87' lang='lat' dir='ltr'><strong>emit,</strong></span> <span class='ocrx_word' id='word_1_377' title='bbox 2224 2672 2420 2730; x_wconf 90' lang='lat' dir='ltr'><strong>neque</strong></span> <span class='ocrx_word' id='word_1_378' title='bbox 2473 2663 2708 2728; x_wconf 89' lang='lat' dir='ltr'><strong>gentem</strong></span> <span class='ocrx_word' id='word_1_379' title='bbox 2738 2656 2957 2713; x_wconf 72' lang='lat' dir='ltr'><strong>diutius</strong></span> <span class='ocrx_word' id='word_1_380' title='bbox 2986 2657 3070 2713; x_wconf 91' lang='lat' dir='ltr'><strong>ibi</strong></span> <span class='ocrx_word' id='word_1_381' title='bbox 3110 2674 3350 2714; x_wconf 88' lang='lat' dir='ltr'><strong>manere</strong></span> <span class='ocrx_word' id='word_1_382' title='bbox 3388 2659 3680 2730; x_wconf 86' lang='lat' dir='ltr'><strong>permisit,</strong></span> 
     </span>
    </p>
   </div>
   <div class='ocr_carea' id='block_1_61' title="bbox 2020 2743 3682 2817">
    <p class='ocr_par' dir='ltr' id='par_1_61' title="bbox 2020 2743 3682 2817">
     <span class='ocr_line' id='line_1_61' title="bbox 2020 2743 3682 2817; baseline 0.002 -18"><span class='ocrx_word' id='word_1_383' title='bbox 2020 2744 2123 2800; x_wconf 91' lang='lat' dir='ltr'><strong>sed</strong></span> <span class='ocrx_word' id='word_1_384' title='bbox 2147 2743 2510 2800; x_wconf 80' lang='lat' dir='ltr'><strong>hosduxitin</strong></span> <span class='ocrx_word' id='word_1_385' title='bbox 2524 2744 2936 2817; x_wconf 81' lang='lat' dir='ltr'><strong>Babyloniam,</strong></span> <span class='ocrx_word' id='word_1_386' title='bbox 2969 2752 3025 2801; x_wconf 89' lang='lat' dir='ltr'><strong>et</strong></span> <span class='ocrx_word' id='word_1_387' title='bbox 3049 2746 3188 2802; x_wconf 90' lang='lat' dir='ltr'><strong>inde</strong></span> <span class='ocrx_word' id='word_1_388' title='bbox 3211 2746 3388 2802; x_wconf 86' lang='lat' dir='ltr'><strong>variis</strong></span> <span class='ocrx_word' id='word_1_389' title='bbox 3404 2746 3682 2816; x_wconf 87' lang='lat' dir='ltr'><strong>gentibus</strong></span> 
     </span>
    </p>
   </div>
   <div class='ocr_carea' id='block_1_62' title="bbox 2019 2832 3686 2908">
    <p class='ocr_par' dir='ltr' id='par_1_62' title="bbox 2019 2832 3686 2908">
     <span class='ocr_line' id='line_1_62' title="bbox 2019 2832 3686 2908; baseline 0.002 -20"><span class='ocrx_word' id='word_1_390' title='bbox 2019 2832 2248 2889; x_wconf 90' lang='lat' dir='ltr'><strong>eductis</strong></span> <span class='ocrx_word' id='word_1_391' title='bbox 2274 2834 2334 2889; x_wconf 92' lang='lat' dir='ltr'><strong>in</strong></span> <span class='ocrx_word' id='word_1_392' title='bbox 2357 2834 2626 2891; x_wconf 87' lang='lat' dir='ltr'><strong>Samaria</strong></span> <span class='ocrx_word' id='word_1_393' title='bbox 2647 2833 2917 2890; x_wconf 90' lang='lat' dir='ltr'><strong>habitare</strong></span> <span class='ocrx_word' id='word_1_394' title='bbox 2939 2833 3093 2900; x_wconf 86' lang='lat' dir='ltr'><strong>fecit,</strong></span> <span class='ocrx_word' id='word_1_395' title='bbox 3120 2835 3448 2908; x_wconf 89' lang='lat' dir='ltr'><strong>utpropriis</strong></span> <span class='ocrx_word' id='word_1_396' title='bbox 3474 2835 3686 2892; x_wconf 89' lang='lat' dir='ltr'><strong>subdi-</strong></span> 
     </span>
    </p>
   </div>
   <div class='ocr_carea' id='block_1_63' title="bbox 2018 2922 3685 2997">
    <p class='ocr_par' dir='ltr' id='par_1_63' title="bbox 2018 2922 3685 2997">
     <span class='ocr_line' id='line_1_63' title="bbox 2018 2922 3685 2997; baseline 0.004 -21"><span class='ocrx_word' id='word_1_397' title='bbox 2018 2923 2091 2977; x_wconf 89' lang='lat' dir='ltr'><strong>tis</strong></span> <span class='ocrx_word' id='word_1_398' title='bbox 2118 2922 2321 2979; x_wconf 90' lang='lat' dir='ltr'><strong>locum</strong></span> <span class='ocrx_word' id='word_1_399' title='bbox 2351 2922 2819 2996; x_wconf 87' lang='lat' dir='ltr'><strong>possidentibus,</strong></span> <span class='ocrx_word' id='word_1_400' title='bbox 2862 2923 3107 2980; x_wconf 85' lang='lat' dir='ltr'><strong>ﬁrmum</strong></span> <span class='ocrx_word' id='word_1_401' title='bbox 3159 2923 3271 2980; x_wconf 89' lang='lat' dir='ltr'><strong>sibi</strong></span> <span class='ocrx_word' id='word_1_402' title='bbox 3323 2923 3685 2997; x_wconf 85' lang='lat' dir='ltr'><strong>relinqueret</strong></span> 
     </span>
    </p>
   </div>
   <div class='ocr_carea' id='block_1_64' title="bbox 2018 3011 3683 3085">
    <p class='ocr_par' dir='ltr' id='par_1_64' title="bbox 2018 3011 3683 3085">
     <span class='ocr_line' id='line_1_64' title="bbox 2018 3011 3683 3085; baseline 0.001 -17"><span class='ocrx_word' id='word_1_403' title='bbox 2018 3012 2447 3085; x_wconf 90' lang='lat' dir='ltr'><strong>principatum.</strong></span> <span class='ocrx_word' id='word_1_404' title='bbox 2468 3011 2680 3069; x_wconf 85' lang='lat' dir='ltr'><strong>Volens</strong></span> <span class='ocrx_word' id='word_1_405' title='bbox 2718 3018 2919 3069; x_wconf 89' lang='lat' dir='ltr'><strong>autem</strong></span> <span class='ocrx_word' id='word_1_406' title='bbox 2964 3014 3119 3069; x_wconf 88' lang='lat' dir='ltr'><strong>Deus</strong></span> <span class='ocrx_word' id='word_1_407' title='bbox 3174 3029 3340 3070; x_wconf 88' lang='lat' dir='ltr'><strong>suam</strong></span> <span class='ocrx_word' id='word_1_408' title='bbox 3371 3013 3683 3070; x_wconf 89' lang='lat' dir='ltr'><strong>ostendere</strong></span> 
     </span>
    </p>
   </div>
   <div class='ocr_carea' id='block_1_65' title="bbox 2018 3100 3686 3175">
    <p class='ocr_par' dir='ltr' id='par_1_65' title="bbox 2018 3100 3686 3175">
     <span class='ocr_line' id='line_1_65' title="bbox 2018 3100 3686 3175; baseline 0.002 -19"><span class='ocrx_word' id='word_1_409' title='bbox 2018 3101 2368 3173; x_wconf 88' lang='lat' dir='ltr'><strong>potentiam,</strong></span> <span class='ocrx_word' id='word_1_410' title='bbox 2392 3100 2668 3175; x_wconf 88' lang='lat' dir='ltr'><strong>quodque</strong></span> <span class='ocrx_word' id='word_1_411' title='bbox 2685 3116 2804 3158; x_wconf 93' lang='lat' dir='ltr'><strong>non</strong></span> <span class='ocrx_word' id='word_1_412' title='bbox 2819 3103 3482 3175; x_wconf 90' lang='lat' dir='ltr'><strong>propterimpotentiam</strong></span> <span class='ocrx_word' id='word_1_413' title='bbox 3508 3102 3686 3159; x_wconf 89' lang='lat' dir='ltr'><strong>tradi-</strong></span> 
     </span>
    </p>
   </div>
   <div class='ocr_carea' id='block_1_66' title="bbox 302 3188 1907 3285">
    <p class='ocr_par' dir='ltr' id='par_1_66' title="bbox 302 3188 1907 3264">
     <span class='ocr_line' id='line_1_66' title="bbox 302 3188 1907 3264; baseline 0.004 -25"><span class='ocrx_word' id='word_1_414' title='bbox 302 3194 449 3241; x_wconf 82' lang='grc' dir='ltr'>κείων</span> <span class='ocrx_word' id='word_1_415' title='bbox 490 3188 716 3261; x_wconf 79' lang='grc' dir='ltr'>ἐχόντων</span> <span class='ocrx_word' id='word_1_416' title='bbox 751 3194 838 3242; x_wconf 87' lang='grc' dir='ltr'><strong>τόν</strong></span> <span class='ocrx_word' id='word_1_417' title='bbox 884 3196 1064 3249; x_wconf 85' lang='grc' dir='ltr'>τόπον,</span> <span class='ocrx_word' id='word_1_418' title='bbox 1115 3191 1419 3264; x_wconf 83' lang='grc' dir='ltr'>Βουλόμενος</span> <span class='ocrx_word' id='word_1_419' title='bbox 1464 3189 1525 3246; x_wconf 73' lang='grc' dir='ltr'><strong>δε</strong></span> <span class='ocrx_word' id='word_1_420' title='bbox 1569 3194 1593 3245; x_wconf 91' lang='grc' dir='ltr'><strong>ό</strong></span> <span class='ocrx_word' id='word_1_421' title='bbox 1636 3196 1756 3254; x_wconf 81' lang='grc' dir='ltr'>Θεὸς</span> <span class='ocrx_word' id='word_1_422' title='bbox 1801 3191 1907 3247; x_wconf 86' lang='grc' dir='ltr'>δεῖ-</span> 
     </span>
    </p>
   </div>
   <div class='ocr_carea' id='block_1_67' title="bbox 2024 3188 3683 3285">
    <p class='ocr_par' dir='ltr' id='par_1_67' title="bbox 2024 3189 3683 3263">
     <span class='ocr_line' id='line_1_67' title="bbox 2024 3189 3683 3263; baseline 0.001 -19"><span class='ocrx_word' id='word_1_423' title='bbox 2024 3189 2167 3245; x_wconf 89' lang='lat' dir='ltr'><strong>derit</strong></span> <span class='ocrx_word' id='word_1_424' title='bbox 2194 3189 2449 3253; x_wconf 66' lang='lat' dir='ltr'><strong>Iudaeos,</strong></span> <span class='ocrx_word' id='word_1_425' title='bbox 2487 3190 2590 3245; x_wconf 91' lang='lat' dir='ltr'><strong>sed</strong></span> <span class='ocrx_word' id='word_1_426' title='bbox 2618 3197 2857 3262; x_wconf 87' lang='lat' dir='ltr'><strong>prOpter</strong></span> <span class='ocrx_word' id='word_1_427' title='bbox 2885 3206 3093 3246; x_wconf 87' lang='lat' dir='ltr'><strong>eorum</strong></span> <span class='ocrx_word' id='word_1_428' title='bbox 3122 3197 3383 3263; x_wconf 87' lang='lat' dir='ltr'><strong>peccata.</strong></span> <span class='ocrx_word' id='word_1_429' title='bbox 3410 3189 3683 3247; x_wconf 87' lang='lat' dir='ltr'><strong>Barbaris</strong></span> 
     </span>
    </p>
   </div>
   <div class='ocr_carea' id='block_1_68' title="bbox 303 3275 1909 3351">
    <p class='ocr_par' dir='ltr' id='par_1_68' title="bbox 303 3275 1909 3351">
     <span class='ocr_line' id='line_1_68' title="bbox 303 3275 1909 3351; baseline 0.003 -22"><span class='ocrx_word' id='word_1_430' title='bbox 303 3277 391 3340; x_wconf 83' lang='grc' dir='ltr'>ξαι</span> <span class='ocrx_word' id='word_1_431' title='bbox 418 3282 510 3335; x_wconf 80' lang='grc' dir='ltr'>τὴν</span> <span class='ocrx_word' id='word_1_432' title='bbox 536 3278 696 3331; x_wconf 83' lang='grc' dir='ltr'>αύτού</span> <span class='ocrx_word' id='word_1_433' title='bbox 720 3275 963 3351; x_wconf 88' lang='grc' dir='ltr'>δύναμιν,</span> <span class='ocrx_word' id='word_1_434' title='bbox 982 3285 1073 3332; x_wconf 88' lang='grc' dir='ltr'>καὶ</span> <span class='ocrx_word' id='word_1_435' title='bbox 1098 3283 1167 3342; x_wconf 84' lang='grc' dir='ltr'>ὡς</span> <span class='ocrx_word' id='word_1_436' title='bbox 1192 3281 1250 3332; x_wconf 83' lang='grc' dir='ltr'><strong>ού</strong></span> <span class='ocrx_word' id='word_1_437' title='bbox 1271 3277 1343 3333; x_wconf 88' lang='grc' dir='ltr'><strong>δι’</strong></span> <span class='ocrx_word' id='word_1_438' title='bbox 1376 3280 1641 3334; x_wconf 84' lang='grc' dir='ltr'>ἀσθένειαν</span> <span class='ocrx_word' id='word_1_439' title='bbox 1667 3279 1909 3344; x_wconf 77' lang='grc' dir='ltr'>ἐξέδωκεν</span> 
     </span>
    </p>
   </div>
   <div class='ocr_carea' id='block_1_69' title="bbox 300 3363 1910 3444">
    <p class='ocr_par' dir='ltr' id='par_1_69' title="bbox 300 3363 1910 3444">
     <span class='ocr_line' id='line_1_69' title="bbox 300 3363 1910 3444; baseline 0.002 -25"><span class='ocrx_word' id='word_1_440' title='bbox 300 3363 616 3431; x_wconf 84' lang='grc' dir='ltr'>Ἰουδαίους,</span> <span class='ocrx_word' id='word_1_441' title='bbox 650 3365 776 3419; x_wconf 88' lang='grc' dir='ltr'><strong>ἀλλά</strong></span> <span class='ocrx_word' id='word_1_442' title='bbox 805 3364 880 3420; x_wconf 88' lang='grc' dir='ltr'><strong>δι’</strong></span> <span class='ocrx_word' id='word_1_443' title='bbox 910 3368 1172 3444; x_wconf 83' lang='grc' dir='ltr'>ἁμαρτίας</span> <span class='ocrx_word' id='word_1_444' title='bbox 1199 3368 1389 3438; x_wconf 72' lang='grc' dir='ltr'>αὐτῶν,</span> <span class='ocrx_word' id='word_1_445' title='bbox 1421 3368 1674 3443; x_wconf 74' lang='grc' dir='ltr'>ἐπαφίησι</span> <span class='ocrx_word' id='word_1_446' title='bbox 1704 3370 1910 3433; x_wconf 73' lang='grc' dir='ltr'>λέοντας</span> 
     </span>
    </p>
   </div>
   <div class='ocr_carea' id='block_1_70' title="bbox 299 3453 1908 3532">
    <p class='ocr_par' dir='ltr' id='par_1_70' title="bbox 299 3453 1908 3532">
     <span class='ocr_line' id='line_1_70' title="bbox 299 3453 1908 3532; baseline 0.002 -23"><span class='ocrx_word' id='word_1_447' title='bbox 299 3464 409 3517; x_wconf 85' lang='grc' dir='ltr'>τοῖς</span> <span class='ocrx_word' id='word_1_448' title='bbox 444 3453 736 3531; x_wconf 87' lang='grc' dir='ltr'>βαρϐάροις</span> <span class='ocrx_word' id='word_1_449' title='bbox 768 3475 782 3489; x_wconf 77' lang='grc' dir='ltr'><strong>ο</strong></span> <span class='ocrx_word' id='word_1_450' title='bbox 824 3461 1022 3531; x_wconf 88' lang='grc' dir='ltr'>χρόνου</span> <span class='ocrx_word' id='word_1_451' title='bbox 1077 3453 1137 3510; x_wconf 75' lang='grc' dir='ltr'><strong>δε</strong></span> <span class='ocrx_word' id='word_1_452' title='bbox 1183 3462 1473 3532; x_wconf 75' lang='grc' dir='ltr'>προίόντος,</span> <span class='ocrx_word' id='word_1_453' title='bbox 1532 3467 1633 3511; x_wconf 88' lang='grc' dir='ltr'>τῶν</span> <span class='ocrx_word' id='word_1_454' title='bbox 1683 3456 1908 3513; x_wconf 80' lang='grc' dir='ltr'>εἰδώλων</span> 
     </span>
    </p>
   </div>
   <div class='ocr_carea' id='block_1_71' title="bbox 299 3541 1213 3608">
    <p class='ocr_par' dir='ltr' id='par_1_71' title="bbox 299 3541 1213 3608">
     <span class='ocr_line' id='line_1_71' title="bbox 299 3541 1213 3608; baseline 0.002 -11"><span class='ocrx_word' id='word_1_455' title='bbox 299 3550 391 3598; x_wconf 82' lang='grc' dir='ltr'>καὶ</span> <span class='ocrx_word' id='word_1_456' title='bbox 416 3553 511 3608; x_wconf 86' lang='grc' dir='ltr'>τῆς</span> <span class='ocrx_word' id='word_1_457' title='bbox 539 3541 853 3607; x_wconf 86' lang='grc' dir='ltr'>δυσσεϐείας</span> <span class='ocrx_word' id='word_1_458' title='bbox 882 3544 1213 3604; x_wconf 80' lang='grc' dir='ltr'>ἀπέστησαν,</span> 
     </span>
    </p>
   </div>
   <div class='ocr_carea' id='block_1_72' title="bbox 625 3632 1592 3713">
    <p class='ocr_par' dir='ltr' id='par_1_72' title="bbox 625 3632 1592 3713">
     <span class='ocr_line' id='line_1_72' title="bbox 625 3632 1592 3713; baseline 0.005 -25"><span class='ocrx_word' id='word_1_459' title='bbox 625 3640 775 3690; x_wconf 76' lang='grc' dir='ltr'>ΚΕΦ.</span> <span class='ocrx_word' id='word_1_460' title='bbox 815 3636 893 3690; x_wconf 83' lang='grc' dir='ltr'><strong>Ε’.</strong></span> <span class='ocrx_word' id='word_1_461' title='bbox 924 3640 1049 3709; x_wconf 82' lang='grc' dir='ltr'>Περὶ</span> <span class='ocrx_word' id='word_1_462' title='bbox 1075 3643 1170 3698; x_wconf 84' lang='grc' dir='ltr'>τῆς</span> <span class='ocrx_word' id='word_1_463' title='bbox 1195 3632 1592 3713; x_wconf 81' lang='grc' dir='ltr'>Σαμαρείτιδος.</span> 
     </span>
    </p>
   </div>
   <div class='ocr_carea' id='block_1_73' title="bbox 374 3722 1905 3802">
    <p class='ocr_par' dir='ltr' id='par_1_73' title="bbox 374 3722 1905 3802">
     <span class='ocr_line' id='line_1_73' title="bbox 374 3722 1905 3802; baseline 0.004 -27"><span class='ocrx_word' id='word_1_464' title='bbox 374 3722 631 3796; x_wconf 80' lang='grc' dir='ltr'>Ἔρχεται</span> <span class='ocrx_word' id='word_1_465' title='bbox 671 3755 736 3765; x_wconf 92' lang='grc'><strong>-</strong></span> <span class='ocrx_word' id='word_1_466' title='bbox 773 3724 953 3779; x_wconf 72' lang='grc' dir='ltr'>αὐτοῦ.</span> <span class='ocrx_word' id='word_1_467' title='bbox 1012 3725 1206 3779; x_wconf 89' lang='grc' dir='ltr'>Ἐκεῖνο</span> <span class='ocrx_word' id='word_1_468' title='bbox 1248 3729 1305 3779; x_wconf 88' lang='grc' dir='ltr'>τὸ</span> <span class='ocrx_word' id='word_1_469' title='bbox 1344 3731 1540 3802; x_wconf 85' lang='grc' dir='ltr'>χωρίον</span> <span class='ocrx_word' id='word_1_470' title='bbox 1571 3724 1633 3787; x_wconf 81' lang='grc' dir='ltr'><strong>ἧν</strong></span> <span class='ocrx_word' id='word_1_471' title='bbox 1696 3731 1753 3780; x_wconf 87' lang='grc' dir='ltr'><strong>τό</strong></span> <span class='ocrx_word' id='word_1_472' title='bbox 1792 3728 1905 3781; x_wconf 84' lang='grc' dir='ltr'>κατ’</span> 
     </span>
    </p>
   </div>
   <div class='ocr_carea' id='block_1_74' title="bbox 301 3810 1630 3891">
    <p class='ocr_par' dir='ltr' id='par_1_74' title="bbox 301 3810 1630 3891">
     <span class='ocr_line' id='line_1_74' title="bbox 301 3810 1630 3891; baseline 0.005 -26"><span class='ocrx_word' id='word_1_473' title='bbox 301 3810 558 3888; x_wconf 76' lang='grc' dir='ltr'>ἐξαίρετον</span> <span class='ocrx_word' id='word_1_474' title='bbox 590 3810 740 3867; x_wconf 74' lang='grc' dir='ltr'>δοθεν</span> <span class='ocrx_word' id='word_1_475' title='bbox 770 3822 842 3885; x_wconf 83' lang='grc' dir='ltr'>τῷ</span> <span class='ocrx_word' id='word_1_476' title='bbox 869 3815 1085 3888; x_wconf 80' lang='grc' dir='ltr'>Ἰωσὴφ,</span> <span class='ocrx_word' id='word_1_477' title='bbox 1117 3814 1383 3889; x_wconf 83' lang='grc' dir='ltr'>λεγόμενον</span> <span class='ocrx_word' id='word_1_478' title='bbox 1422 3821 1630 3891; x_wconf 84' lang='grc' dir='ltr'>Σίκιμα.</span> 
     </span>
    </p>
   </div>
   <div class='ocr_carea' id='block_1_75' title="bbox 368 3901 1904 3981">
    <p class='ocr_par' dir='ltr' id='par_1_75' title="bbox 368 3901 1904 3981">
     <span class='ocr_line' id='line_1_75' title="bbox 368 3901 1904 3981; baseline 0.005 -27"><span class='ocrx_word' id='word_1_479' title='bbox 368 3901 465 3955; x_wconf 85' lang='grc' dir='ltr'>Ἦν</span> <span class='ocrx_word' id='word_1_480' title='bbox 492 3934 562 3944; x_wconf 91' lang='lat'><strong>-—</strong></span> <span class='ocrx_word' id='word_1_481' title='bbox 603 3902 804 3957; x_wconf 85' lang='grc' dir='ltr'>Ἰακώϐ.</span> <span class='ocrx_word' id='word_1_482' title='bbox 850 3909 1033 3976; x_wconf 78' lang='grc' dir='ltr'>Πηγήν</span> <span class='ocrx_word' id='word_1_483' title='bbox 1079 3904 1215 3978; x_wconf 80' lang='grc' dir='ltr'>λέγει</span> <span class='ocrx_word' id='word_1_484' title='bbox 1244 3909 1301 3959; x_wconf 88' lang='grc' dir='ltr'>τὸ</span> <span class='ocrx_word' id='word_1_485' title='bbox 1341 3911 1519 3981; x_wconf 81' lang='grc' dir='ltr'>φρέαρ,</span> <span class='ocrx_word' id='word_1_486' title='bbox 1560 3908 1625 3969; x_wconf 85' lang='grc' dir='ltr'>ὡς</span> <span class='ocrx_word' id='word_1_487' title='bbox 1666 3911 1904 3980; x_wconf 88' lang='grc' dir='ltr'>πηγάζον</span> 
     </span>
    </p>
   </div>
   <div class='ocr_carea' id='block_1_76' title="bbox 296 3990 1903 4073">
    <p class='ocr_par' dir='ltr' id='par_1_76' title="bbox 296 3990 1903 4073">
     <span class='ocr_line' id='line_1_76' title="bbox 296 3990 1903 4073; baseline 0.004 -30"><span class='ocrx_word' id='word_1_488' title='bbox 296 3993 542 4047; x_wconf 84' lang='grc' dir='ltr'>κάτωθεν.</span> <span class='ocrx_word' id='word_1_489' title='bbox 598 3992 861 4047; x_wconf 89' lang='grc' dir='ltr'>Ἐκαλεῖτο</span> <span class='ocrx_word' id='word_1_490' title='bbox 920 3990 979 4046; x_wconf 70' lang='grc' dir='ltr'>δὲ</span> <span class='ocrx_word' id='word_1_491' title='bbox 1038 4002 1133 4047; x_wconf 78' lang='grc' dir='ltr'>τοῦ</span> <span class='ocrx_word' id='word_1_492' title='bbox 1190 3993 1399 4066; x_wconf 85' lang='grc' dir='ltr'>Ἰακὼϐ,</span> <span class='ocrx_word' id='word_1_493' title='bbox 1455 3998 1526 4058; x_wconf 85' lang='grc' dir='ltr'>ὡς</span> <span class='ocrx_word' id='word_1_494' title='bbox 1572 3998 1696 4073; x_wconf 73' lang='grc' dir='ltr'>παρ’</span> <span class='ocrx_word' id='word_1_495' title='bbox 1743 3998 1903 4051; x_wconf 76' lang='grc' dir='ltr'>αὐτοῦ</span> 
     </span>
    </p>
   </div>
   <div class='ocr_carea' id='block_1_77' title="bbox 298 4078 502 4155">
    <p class='ocr_par' dir='ltr' id='par_1_77' title="bbox 298 4078 502 4155">
     <span class='ocr_line' id='line_1_77' title="bbox 298 4078 502 4155; baseline 0.005 -22"><span class='ocrx_word' id='word_1_496' title='bbox 298 4078 502 4155; x_wconf 81' lang='grc' dir='ltr'>ὄρυγέν.</span> 
     </span>
    </p>
   </div>
   <div class='ocr_carea' id='block_1_78' title="bbox 363 4167 1900 4237">
    <p class='ocr_par' dir='ltr' id='par_1_78' title="bbox 363 4167 1900 4237">
     <span class='ocr_line' id='line_1_78' title="bbox 363 4167 1900 4237; baseline 0.003 -14"><span class='ocrx_word' id='word_1_497' title='bbox 363 4170 422 4223; x_wconf 85' lang='grc' dir='ltr'><strong>Ὀ</strong></span> <span class='ocrx_word' id='word_1_498' title='bbox 479 4167 566 4223; x_wconf 80' lang='grc' dir='ltr'>οὖν</span> <span class='ocrx_word' id='word_1_499' title='bbox 625 4176 834 4233; x_wconf 80' lang='grc' dir='ltr'>Ἰησοῦς</span> <span class='ocrx_word' id='word_1_500' title='bbox 886 4203 953 4212; x_wconf 89' lang='grc'><strong>-</strong></span> <span class='ocrx_word' id='word_1_501' title='bbox 1001 4173 1146 4231; x_wconf 80' lang='grc' dir='ltr'>ἕκτη.</span> <span class='ocrx_word' id='word_1_502' title='bbox 1210 4179 1542 4237; x_wconf 79' lang='grc' dir='ltr'>Κεκοπιακὼς</span> <span class='ocrx_word' id='word_1_503' title='bbox 1597 4177 1733 4228; x_wconf 87' lang='grc' dir='ltr'><strong>κατά</strong></span> <span class='ocrx_word' id='word_1_504' title='bbox 1806 4180 1900 4235; x_wconf 80' lang='grc' dir='ltr'>τὴν</span> 
     </span>
    </p>
   </div>
   <div class='ocr_carea' id='block_1_79' title="bbox 298 4256 1899 4339">
    <p class='ocr_par' dir='ltr' id='par_1_79' title="bbox 298 4256 1899 4339">
     <span class='ocr_line' id='line_1_79' title="bbox 298 4256 1899 4339; baseline 0.002 -28"><span class='ocrx_word' id='word_1_505' title='bbox 298 4256 540 4318; x_wconf 85' lang='grc' dir='ltr'>ἰδιότητα</span> <span class='ocrx_word' id='word_1_506' title='bbox 610 4269 701 4321; x_wconf 83' lang='grc' dir='ltr'>τῆς</span> <span class='ocrx_word' id='word_1_507' title='bbox 782 4259 1198 4337; x_wconf 86' lang='grc' dir='ltr'>ἀνθρωπότητος.</span> <span class='ocrx_word' id='word_1_508' title='bbox 1266 4263 1403 4337; x_wconf 77' lang='grc' dir='ltr'><strong>Πεζῇ</strong></span> <span class='ocrx_word' id='word_1_509' title='bbox 1487 4266 1589 4339; x_wconf 80' lang='grc' dir='ltr'><strong>γὰρ</strong></span> <span class='ocrx_word' id='word_1_510' title='bbox 1659 4261 1899 4337; x_wconf 81' lang='grc' dir='ltr'>βαδίζων</span> 
     </span>
    </p>
   </div>
   <div class='ocr_carea' id='block_1_80' title="bbox 296 4348 1898 4427">
    <p class='ocr_par' dir='ltr' id='par_1_80' title="bbox 296 4348 1898 4427">
     <span class='ocr_line' id='line_1_80' title="bbox 296 4348 1898 4427; baseline 0.003 -26"><span class='ocrx_word' id='word_1_511' title='bbox 296 4348 430 4401; x_wconf 77' lang='grc' dir='ltr'>οὕτω</span> <span class='ocrx_word' id='word_1_512' title='bbox 489 4352 730 4403; x_wconf 83' lang='grc' dir='ltr'>σύντονον</span> <span class='ocrx_word' id='word_1_513' title='bbox 777 4348 999 4404; x_wconf 74' lang='grc' dir='ltr'>ἐποιεῖτο</span> <span class='ocrx_word' id='word_1_514' title='bbox 1044 4356 1138 4410; x_wconf 74' lang='grc' dir='ltr'>τὴν</span> <span class='ocrx_word' id='word_1_515' title='bbox 1194 4348 1499 4427; x_wconf 87' lang='grc' dir='ltr'>ὁδοιπορίαν</span> <span class='ocrx_word' id='word_1_516' title='bbox 1550 4355 1616 4413; x_wconf 85' lang='grc' dir='ltr'>ὡς</span> <span class='ocrx_word' id='word_1_517' title='bbox 1668 4358 1759 4406; x_wconf 82' lang='grc' dir='ltr'>καὶ</span> <span class='ocrx_word' id='word_1_518' title='bbox 1804 4372 1898 4406; x_wconf 88' lang='grc' dir='ltr'>κο-</span> 
     </span>
    </p>
   </div>
   <div class='ocr_carea' id='block_1_81' title="bbox 296 4457 509 4491">
    <p class='ocr_par' dir='ltr' id='par_1_81' title="bbox 296 4457 509 4491">
     <span class='ocr_line' id='line_1_81' title="bbox 296 4457 509 4491; baseline 0.005 -1"><span class='ocrx_word' id='word_1_519' title='bbox 296 4457 509 4491; x_wconf 88' lang='grc' dir='ltr'>πιασαι.</span> 
     </span>
    </p>
   </div>
   <div class='ocr_carea' id='block_1_82' title="bbox 367 4523 1900 4600">
    <p class='ocr_par' dir='ltr' id='par_1_82' title="bbox 367 4523 1900 4600">
     <span class='ocr_line' id='line_1_82' title="bbox 367 4523 1900 4600; baseline 0.003 -21"><span class='ocrx_word' id='word_1_520' title='bbox 367 4532 430 4579; x_wconf 89' lang='grc' dir='ltr'><strong>Τί</strong></span> <span class='ocrx_word' id='word_1_521' title='bbox 498 4523 558 4580; x_wconf 79' lang='grc' dir='ltr'>δέ</span> <span class='ocrx_word' id='word_1_522' title='bbox 616 4526 730 4581; x_wconf 81' lang='grc' dir='ltr'>ἐστι</span> <span class='ocrx_word' id='word_1_523' title='bbox 801 4532 858 4582; x_wconf 87' lang='grc' dir='ltr'>τὸ</span> <span class='ocrx_word' id='word_1_524' title='bbox 914 4529 1220 4591; x_wconf 58' lang='grc' dir='ltr'>’ᾱαθέζετο</span> <span class='ocrx_word' id='word_1_525' title='bbox 1296 4530 1494 4600; x_wconf 83' lang='grc' dir='ltr'>ούτως;</span> <span class='ocrx_word' id='word_1_526' title='bbox 1560 4528 1782 4600; x_wconf 72' lang='grc' dir='ltr'>’Δπλῶς,</span> <span class='ocrx_word' id='word_1_527' title='bbox 1830 4534 1900 4593; x_wconf 84' lang='grc' dir='ltr'>ὡς</span> 
     </span>
    </p>
   </div>
   <div class='ocr_carea' id='block_1_83' title="bbox 296 4613 1899 4694">
    <p class='ocr_par' dir='ltr' id='par_1_83' title="bbox 296 4613 1899 4694">
     <span class='ocr_line' id='line_1_83' title="bbox 296 4613 1899 4694; baseline 0.003 -25"><span class='ocrx_word' id='word_1_528' title='bbox 296 4617 479 4689; x_wconf 73' lang='grc' dir='ltr'>ἔτυχεν</span> <span class='ocrx_word' id='word_1_529' title='bbox 534 4614 612 4669; x_wconf 75' lang='grc' dir='ltr'><strong>ἔπ’</strong></span> <span class='ocrx_word' id='word_1_530' title='bbox 672 4613 915 4691; x_wconf 75' lang='grc' dir='ltr'>ἰδάφους.</span> <span class='ocrx_word' id='word_1_531' title='bbox 960 4622 1030 4673; x_wconf 87' lang='grc' dir='ltr'><strong>Τὸ</strong></span> <span class='ocrx_word' id='word_1_532' title='bbox 1070 4620 1262 4692; x_wconf 79' lang='grc' dir='ltr'>ἄτυφον</span> <span class='ocrx_word' id='word_1_533' title='bbox 1312 4622 1414 4694; x_wconf 85' lang='grc' dir='ltr'><strong>γὰρ</strong></span> <span class='ocrx_word' id='word_1_534' title='bbox 1460 4620 1487 4672; x_wconf 89' lang='grc' dir='ltr'><strong>ὀ</strong></span> <span class='ocrx_word' id='word_1_535' title='bbox 1523 4618 1675 4692; x_wconf 89' lang='grc' dir='ltr'>λόγος</span> <span class='ocrx_word' id='word_1_536' title='bbox 1705 4615 1899 4674; x_wconf 86' lang='grc' dir='ltr'>διδάσ-</span> 
     </span>
    </p>
   </div>
   <div class='ocr_carea' id='block_1_84' title="bbox 296 4723 393 4760">
    <p class='ocr_par' dir='ltr' id='par_1_84' title="bbox 296 4723 393 4760">
     <span class='ocr_line' id='line_1_84' title="bbox 296 4723 393 4760; baseline 0.041 -4"><span class='ocrx_word' id='word_1_537' title='bbox 296 4723 393 4760; x_wconf 86' lang='grc' dir='ltr'>κει.</span> 
     </span>
    </p>
   </div>
   <div class='ocr_carea' id='block_1_85' title="bbox 367 4880 1896 4965">
    <p class='ocr_par' dir='ltr' id='par_1_85' title="bbox 367 4880 1896 4965">
     <span class='ocr_line' id='line_1_85' title="bbox 367 4880 1896 4965; baseline 0.003 -27"><span class='ocrx_word' id='word_1_538' title='bbox 367 4882 670 4946; x_wconf 74' lang='grc' dir='ltr'>Ἐκαθέζετο</span> <span class='ocrx_word' id='word_1_539' title='bbox 702 4880 763 4937; x_wconf 73' lang='grc' dir='ltr'><strong>δε</strong></span> <span class='ocrx_word' id='word_1_540' title='bbox 789 4886 848 4936; x_wconf 89' lang='grc' dir='ltr'>τὸ</span> <span class='ocrx_word' id='word_1_541' title='bbox 898 4891 1052 4957; x_wconf 84' lang='grc' dir='ltr'>σῶμα</span> <span class='ocrx_word' id='word_1_542' title='bbox 1099 4881 1456 4957; x_wconf 82' lang='grc' dir='ltr'>διαναπαύων,</span> <span class='ocrx_word' id='word_1_543' title='bbox 1500 4907 1589 4941; x_wconf 90' lang='grc' dir='ltr'><strong>και</strong></span> <span class='ocrx_word' id='word_1_544' title='bbox 1632 4893 1753 4965; x_wconf 82' lang='grc' dir='ltr'>περὶ</span> <span class='ocrx_word' id='word_1_545' title='bbox 1802 4892 1896 4948; x_wconf 83' lang='grc' dir='ltr'>τὴν</span> 
     </span>
    </p>
   </div>
   <div class='ocr_carea' id='block_1_86' title="bbox 293 4972 1898 5051">
    <p class='ocr_par' dir='ltr' id='par_1_86' title="bbox 293 4972 1898 5051">
     <span class='ocr_line' id='line_1_86' title="bbox 293 4972 1898 5051; baseline 0.004 -26"><span class='ocrx_word' id='word_1_546' title='bbox 293 4978 470 5047; x_wconf 75' lang='grc' dir='ltr'>πηγὴν</span> <span class='ocrx_word' id='word_1_547' title='bbox 500 4972 808 5047; x_wconf 73' lang='grc' dir='ltr'>ἀναψύχων.</span> <span class='ocrx_word' id='word_1_548' title='bbox 862 4973 999 5027; x_wconf 77' lang='grc' dir='ltr'><strong>Αύτό</strong></span> <span class='ocrx_word' id='word_1_549' title='bbox 1041 4977 1143 5050; x_wconf 86' lang='grc' dir='ltr'><strong>γὰρ</strong></span> <span class='ocrx_word' id='word_1_550' title='bbox 1188 4984 1280 5038; x_wconf 83' lang='grc' dir='ltr'>τῆς</span> <span class='ocrx_word' id='word_1_551' title='bbox 1331 4978 1528 5051; x_wconf 75' lang='grc' dir='ltr'>ἡμέρας</span> <span class='ocrx_word' id='word_1_552' title='bbox 1574 4974 1636 5037; x_wconf 79' lang='grc' dir='ltr'>ἦν</span> <span class='ocrx_word' id='word_1_553' title='bbox 1683 4982 1742 5031; x_wconf 87' lang='grc' dir='ltr'><strong>τό</strong></span> <span class='ocrx_word' id='word_1_554' title='bbox 1809 4997 1898 5051; x_wconf 84' lang='grc' dir='ltr'>με·</span> 
     </span>
    </p>
   </div>
   <div class='ocr_carea' id='block_1_87' title="bbox 296 5062 1892 5141">
    <p class='ocr_par' dir='ltr' id='par_1_87' title="bbox 296 5062 1892 5141">
     <span class='ocr_line' id='line_1_87' title="bbox 296 5062 1892 5141; baseline 0.003 -25"><span class='ocrx_word' id='word_1_555' title='bbox 296 5068 563 5135; x_wconf 85' lang='grc' dir='ltr'>σαίτατον,</span> <span class='ocrx_word' id='word_1_556' title='bbox 609 5064 693 5117; x_wconf 87' lang='grc' dir='ltr'>ὅτε</span> <span class='ocrx_word' id='word_1_557' title='bbox 747 5062 925 5117; x_wconf 86' lang='grc' dir='ltr'>λοιπὸν</span> <span class='ocrx_word' id='word_1_558' title='bbox 970 5064 996 5116; x_wconf 88' lang='grc' dir='ltr'><strong>ό</strong></span> <span class='ocrx_word' id='word_1_559' title='bbox 1044 5064 1188 5129; x_wconf 74' lang='grc' dir='ltr'>ἣλιος</span> <span class='ocrx_word' id='word_1_560' title='bbox 1228 5063 1575 5141; x_wconf 88' lang='grc' dir='ltr'>σφοδρότερον</span> <span class='ocrx_word' id='word_1_561' title='bbox 1626 5069 1892 5122; x_wconf 87' lang='grc' dir='ltr'>καθικνεῖ-</span> 
     </span>
    </p>
   </div>
   <div class='ocr_carea' id='block_1_88' title="bbox 375 5301 787 5374">
    <p class='ocr_par' dir='ltr' id='par_1_88' title="bbox 375 5301 787 5374">
     <span class='ocr_line' id='line_1_88' title="bbox 375 5301 787 5374; baseline -0.007 -17"><span class='ocrx_word' id='word_1_562' title='bbox 375 5302 423 5338; x_wconf 85' lang='grc'><strong>⁶²</strong></span> <span class='ocrx_word' id='word_1_563' title='bbox 452 5302 567 5361; x_wconf 89' lang='lat' dir='ltr'><strong>lsa.</strong></span> <span class='ocrx_word' id='word_1_564' title='bbox 598 5316 697 5374; x_wconf 85' lang='lat' dir='ltr'><strong>vn,</strong></span> <span class='ocrx_word' id='word_1_565' title='bbox 729 5301 787 5355; x_wconf 90' lang='lat'><strong>9.</strong></span> 
     </span>
    </p>
   </div>
   <div class='ocr_carea' id='block_1_89' title="bbox 2018 3276 3683 3351">
    <p class='ocr_par' dir='ltr' id='par_1_89' title="bbox 2018 3276 3683 3351">
     <span class='ocr_line' id='line_1_89' title="bbox 2018 3276 3683 3351; baseline 0.002 -20"><span class='ocrx_word' id='word_1_566' title='bbox 2018 3277 2222 3333; x_wconf 87' lang='lat' dir='ltr'><strong>leones</strong></span> <span class='ocrx_word' id='word_1_567' title='bbox 2257 3276 2504 3333; x_wconf 88' lang='lat' dir='ltr'><strong>immisit</strong></span> <span class='ocrx_word' id='word_1_568' title='bbox 2536 3291 2550 3332; x_wconf 88' lang='lat'><strong>:</strong></span> <span class='ocrx_word' id='word_1_569' title='bbox 2594 3279 2875 3349; x_wconf 89' lang='lat' dir='ltr'><strong>temporis</strong></span> <span class='ocrx_word' id='word_1_570' title='bbox 2925 3285 3127 3334; x_wconf 89' lang='lat' dir='ltr'><strong>autem</strong></span> <span class='ocrx_word' id='word_1_571' title='bbox 3167 3295 3486 3351; x_wconf 82' lang='lat' dir='ltr'><strong>progressu</strong></span> <span class='ocrx_word' id='word_1_572' title='bbox 3519 3278 3683 3335; x_wconf 80' lang='lat' dir='ltr'><strong>idola</strong></span> 
     </span>
    </p>
   </div>
   <div class='ocr_carea' id='block_1_90' title="bbox 2019 3365 3163 3439">
    <p class='ocr_par' dir='ltr' id='par_1_90' title="bbox 2019 3365 3163 3439">
     <span class='ocr_line' id='line_1_90' title="bbox 2019 3365 3163 3439; baseline 0.002 -18"><span class='ocrx_word' id='word_1_573' title='bbox 2019 3381 2159 3421; x_wconf 89' lang='lat' dir='ltr'><strong>cum</strong></span> <span class='ocrx_word' id='word_1_574' title='bbox 2200 3366 2325 3421; x_wconf 89' lang='lat' dir='ltr'><strong>suis</strong></span> <span class='ocrx_word' id='word_1_575' title='bbox 2351 3365 2757 3439; x_wconf 89' lang='lat' dir='ltr'><strong>impietatibus</strong></span> <span class='ocrx_word' id='word_1_576' title='bbox 2792 3365 3163 3438; x_wconf 89' lang='lat' dir='ltr'><strong>abjecerunt.</strong></span> 
     </span>
    </p>
   </div>
   <div class='ocr_carea' id='block_1_91' title="bbox 2468 3543 3277 3602">
    <p class='ocr_par' dir='ltr' id='par_1_91' title="bbox 2468 3543 3277 3602">
     <span class='ocr_line' id='line_1_91' title="bbox 2468 3543 3277 3602; baseline 0.005 -4"><span class='ocrx_word' id='word_1_577' title='bbox 2468 3544 2618 3599; x_wconf 80' lang='lat' dir='ltr'><strong>CAP.</strong></span> <span class='ocrx_word' id='word_1_578' title='bbox 2655 3545 2715 3599; x_wconf 88' lang='lat' dir='ltr'><strong>V.</strong></span> <span class='ocrx_word' id='word_1_579' title='bbox 2748 3546 2832 3601; x_wconf 84' lang='lat' dir='ltr'><strong>De</strong></span> <span class='ocrx_word' id='word_1_580' title='bbox 2870 3543 3277 3602; x_wconf 81' lang='lat' dir='ltr'><strong>Samaritana.</strong></span> 
     </span>
    </p>
   </div>
   <div class='ocr_carea' id='block_1_92' title="bbox 2087 3633 3680 3706">
    <p class='ocr_par' dir='ltr' id='par_1_92' title="bbox 2087 3633 3680 3706">
     <span class='ocr_line' id='line_1_92' title="bbox 2087 3633 3680 3706; baseline 0.003 -18"><span class='ocrx_word' id='word_1_581' title='bbox 2087 3634 2253 3692; x_wconf 84' lang='lat' dir='ltr'><strong>Vere.</strong></span> <span class='ocrx_word' id='word_1_582' title='bbox 2281 3639 2331 3691; x_wconf 80' lang='lat'><strong>5.</strong></span> <span class='ocrx_word' id='word_1_583' title='bbox 2372 3634 2541 3691; x_wconf 78' lang='lat' dir='ltr'><strong>Venit</strong></span> <span class='ocrx_word' id='word_1_584' title='bbox 2589 3664 2655 3675; x_wconf 96' lang='lat'>—</span> <span class='ocrx_word' id='word_1_585' title='bbox 2684 3650 2805 3690; x_wconf 78' lang='lat' dir='ltr'><strong>suo.</strong></span> <span class='ocrx_word' id='word_1_586' title='bbox 2842 3633 3132 3689; x_wconf 67' lang='lat' dir='ltr'><strong>Prmdium</strong></span> <span class='ocrx_word' id='word_1_587' title='bbox 3171 3633 3316 3690; x_wconf 91' lang='lat' dir='ltr'><strong>illud</strong></span> <span class='ocrx_word' id='word_1_588' title='bbox 3349 3638 3496 3701; x_wconf 90' lang='lat' dir='ltr'><strong>erat,</strong></span> <span class='ocrx_word' id='word_1_589' title='bbox 3522 3634 3680 3706; x_wconf 89' lang='lat' dir='ltr'><strong>quod</strong></span> 
     </span>
    </p>
   </div>
   <div class='ocr_carea' id='block_1_93' title="bbox 2014 3722 3677 3796">
    <p class='ocr_par' dir='ltr' id='par_1_93' title="bbox 2014 3722 3677 3796">
     <span class='ocr_line' id='line_1_93' title="bbox 2014 3722 3677 3796; baseline -0.001 -15"><span class='ocrx_word' id='word_1_590' title='bbox 2014 3730 2181 3781; x_wconf 80' lang='lat' dir='ltr'><strong>extra</strong></span> <span class='ocrx_word' id='word_1_591' title='bbox 2238 3728 2459 3781; x_wconf 85' lang='lat' dir='ltr'><strong>sortem</strong></span> <span class='ocrx_word' id='word_1_592' title='bbox 2505 3722 2666 3779; x_wconf 86' lang='lat' dir='ltr'><strong>dedit</strong></span> <span class='ocrx_word' id='word_1_593' title='bbox 2728 3723 2912 3780; x_wconf 82' lang='lat' dir='ltr'><strong>Jacob</strong></span> <span class='ocrx_word' id='word_1_594' title='bbox 2948 3723 3182 3796; x_wconf 82' lang='lat' dir='ltr'><strong>Joseph,</strong></span> <span class='ocrx_word' id='word_1_595' title='bbox 3251 3728 3308 3780; x_wconf 91' lang='lat' dir='ltr'><strong>et</strong></span> <span class='ocrx_word' id='word_1_596' title='bbox 3370 3723 3677 3781; x_wconf 87' lang='lat' dir='ltr'><strong>dicebatur</strong></span> 
     </span>
    </p>
   </div>
   <div class='ocr_carea' id='block_1_94' title="bbox 2017 3813 2264 3871">
    <p class='ocr_par' dir='ltr' id='par_1_94' title="bbox 2017 3813 2264 3871">
     <span class='ocr_line' id='line_1_94' title="bbox 2017 3813 2264 3871; baseline 0 0"><span class='ocrx_word' id='word_1_597' title='bbox 2017 3813 2264 3871; x_wconf 87' lang='lat' dir='ltr'><strong>Sikima.</strong></span> 
     </span>
    </p>
   </div>
   <div class='ocr_carea' id='block_1_95' title="bbox 2085 3902 3674 3970">
    <p class='ocr_par' dir='ltr' id='par_1_95' title="bbox 2085 3902 3674 3970">
     <span class='ocr_line' id='line_1_95' title="bbox 2085 3902 3674 3970; baseline -0.001 -10"><span class='ocrx_word' id='word_1_598' title='bbox 2085 3905 2243 3960; x_wconf 87' lang='lat' dir='ltr'><strong>Vers.</strong></span> <span class='ocrx_word' id='word_1_599' title='bbox 2274 3904 2329 3959; x_wconf 89' lang='lat'><strong>6.</strong></span> <span class='ocrx_word' id='word_1_600' title='bbox 2362 3904 2518 3959; x_wconf 83' lang='lat' dir='ltr'><strong>Erat</strong></span> <span class='ocrx_word' id='word_1_601' title='bbox 2548 3932 2617 3944; x_wconf 92' lang='lat'><strong>—</strong></span> <span class='ocrx_word' id='word_1_602' title='bbox 2646 3902 2841 3959; x_wconf 77' lang='lat' dir='ltr'><strong>Iacob.</strong></span> <span class='ocrx_word' id='word_1_603' title='bbox 2896 3905 3146 3959; x_wconf 88' lang='lat' dir='ltr'><strong>Puteum</strong></span> <span class='ocrx_word' id='word_1_604' title='bbox 3179 3905 3372 3969; x_wconf 91' lang='lat' dir='ltr'><strong>vocat,</strong></span> <span class='ocrx_word' id='word_1_605' title='bbox 3423 3902 3674 3970; x_wconf 83' lang='lat' dir='ltr'><strong>fontem,</strong></span> 
     </span>
    </p>
   </div>
   <div class='ocr_carea' id='block_1_96' title="bbox 2010 3990 3674 4067">
    <p class='ocr_par' dir='ltr' id='par_1_96' title="bbox 2010 3990 3674 4067">
     <span class='ocr_line' id='line_1_96' title="bbox 2010 3990 3674 4067; baseline 0 -19"><span class='ocrx_word' id='word_1_606' title='bbox 2010 3993 2156 4067; x_wconf 89' lang='lat' dir='ltr'><strong>quia</strong></span> <span class='ocrx_word' id='word_1_607' title='bbox 2183 4008 2215 4048; x_wconf 91' lang='lat' dir='ltr'><strong>e</strong></span> <span class='ocrx_word' id='word_1_608' title='bbox 2246 3991 2637 4049; x_wconf 90' lang='lat' dir='ltr'><strong>subterraneo</strong></span> <span class='ocrx_word' id='word_1_609' title='bbox 2651 3991 2785 4048; x_wconf 87' lang='lat' dir='ltr'><strong>loco</strong></span> <span class='ocrx_word' id='word_1_610' title='bbox 2802 3990 3079 4048; x_wconf 86' lang='lat' dir='ltr'><strong>manabat</strong></span> <span class='ocrx_word' id='word_1_611' title='bbox 3102 4007 3115 4047; x_wconf 92' lang='lat'>:</span> <span class='ocrx_word' id='word_1_612' title='bbox 3139 3990 3452 4049; x_wconf 88' lang='lat' dir='ltr'><strong>dicebatur</strong></span> <span class='ocrx_word' id='word_1_613' title='bbox 3469 3999 3674 4049; x_wconf 90' lang='lat' dir='ltr'><strong>autem</strong></span> 
     </span>
    </p>
   </div>
   <div class='ocr_carea' id='block_1_97' title="bbox 2008 4079 3261 4155">
    <p class='ocr_par' dir='ltr' id='par_1_97' title="bbox 2008 4079 3261 4155">
     <span class='ocr_line' id='line_1_97' title="bbox 2008 4079 3261 4155; baseline 0 -17"><span class='ocrx_word' id='word_1_614' title='bbox 2008 4082 2201 4155; x_wconf 89' lang='lat' dir='ltr'><strong>ipsius</strong></span> <span class='ocrx_word' id='word_1_615' title='bbox 2239 4082 2441 4147; x_wconf 86' lang='lat' dir='ltr'><strong>Jacob,</strong></span> <span class='ocrx_word' id='word_1_616' title='bbox 2474 4097 2546 4137; x_wconf 90' lang='lat' dir='ltr'><strong>eo</strong></span> <span class='ocrx_word' id='word_1_617' title='bbox 2570 4081 2735 4155; x_wconf 90' lang='lat' dir='ltr'><strong>quod</strong></span> <span class='ocrx_word' id='word_1_618' title='bbox 2764 4080 2965 4153; x_wconf 87' lang='lat' dir='ltr'><strong>ipsum</strong></span> <span class='ocrx_word' id='word_1_619' title='bbox 2995 4079 3261 4138; x_wconf 77' lang='lat' dir='ltr'><strong>fudisset.</strong></span> 
     </span>
    </p>
   </div>
   <div class='ocr_carea' id='block_1_98' title="bbox 2080 4170 3679 4242">
    <p class='ocr_par' dir='ltr' id='par_1_98' title="bbox 2080 4170 3679 4242">
     <span class='ocr_line' id='line_1_98' title="bbox 2080 4170 3679 4242; baseline 0.002 -17"><span class='ocrx_word' id='word_1_620' title='bbox 2080 4173 2241 4229; x_wconf 89' lang='lat' dir='ltr'><strong>Vers.</strong></span> <span class='ocrx_word' id='word_1_621' title='bbox 2292 4172 2347 4225; x_wconf 88' lang='lat'><strong>6.</strong></span> <span class='ocrx_word' id='word_1_622' title='bbox 2401 4172 2559 4226; x_wconf 70' lang='lat' dir='ltr'><strong>Jews</strong></span> <span class='ocrx_word' id='word_1_623' title='bbox 2606 4185 2740 4242; x_wconf 86' lang='lat' dir='ltr'><strong>ergo</strong></span> <span class='ocrx_word' id='word_1_624' title='bbox 2781 4200 2845 4210; x_wconf 91' lang='lat'><strong>—-</strong></span> <span class='ocrx_word' id='word_1_625' title='bbox 2899 4177 3090 4227; x_wconf 74' lang='lat' dir='ltr'><strong>sexta.</strong></span> <span class='ocrx_word' id='word_1_626' title='bbox 3154 4170 3453 4242; x_wconf 84' lang='lat' dir='ltr'><strong>Fatigatus</strong></span> <span class='ocrx_word' id='word_1_627' title='bbox 3505 4172 3679 4241; x_wconf 85' lang='lat' dir='ltr'><strong>juxta</strong></span> 
     </span>
    </p>
   </div>
   <div class='ocr_carea' id='block_1_99' title="bbox 2008 4257 3673 4331">
    <p class='ocr_par' dir='ltr' id='par_1_99' title="bbox 2008 4257 3673 4331">
     <span class='ocr_line' id='line_1_99' title="bbox 2008 4257 3673 4331; baseline -0.001 -15"><span class='ocrx_word' id='word_1_628' title='bbox 2008 4259 2398 4317; x_wconf 87' lang='lat' dir='ltr'><strong>humanitatis</strong></span> <span class='ocrx_word' id='word_1_629' title='bbox 2456 4259 2902 4331; x_wconf 87' lang='lat' dir='ltr'><strong>proprietatem.</strong></span> <span class='ocrx_word' id='word_1_630' title='bbox 2958 4261 3106 4315; x_wconf 90' lang='lat' dir='ltr'><strong>Cum</strong></span> <span class='ocrx_word' id='word_1_631' title='bbox 3144 4257 3307 4313; x_wconf 90' lang='lat' dir='ltr'><strong>enim</strong></span> <span class='ocrx_word' id='word_1_632' title='bbox 3363 4258 3547 4330; x_wconf 91' lang='lat' dir='ltr'><strong>pedes</strong></span> <span class='ocrx_word' id='word_1_633' title='bbox 3585 4259 3673 4315; x_wconf 88' lang='lat' dir='ltr'><strong>in-</strong></span> 
     </span>
    </p>
   </div>
   <div class='ocr_carea' id='block_1_100' title="bbox 2007 4345 3672 4415">
    <p class='ocr_par' dir='ltr' id='par_1_100' title="bbox 2007 4345 3672 4415">
     <span class='ocr_line' id='line_1_100' title="bbox 2007 4345 3672 4415; baseline -0.001 -9"><span class='ocrx_word' id='word_1_634' title='bbox 2007 4350 2259 4415; x_wconf 88' lang='lat' dir='ltr'><strong>cederet,</strong></span> <span class='ocrx_word' id='word_1_635' title='bbox 2305 4349 2459 4405; x_wconf 89' lang='lat' dir='ltr'><strong>adeo</strong></span> <span class='ocrx_word' id='word_1_636' title='bbox 2521 4347 2903 4403; x_wconf 83' lang='lat' dir='ltr'><strong>vehementer</strong></span> <span class='ocrx_word' id='word_1_637' title='bbox 2965 4345 3331 4410; x_wconf 91' lang='lat' dir='ltr'><strong>ambulabat,</strong></span> <span class='ocrx_word' id='word_1_638' title='bbox 3381 4351 3445 4403; x_wconf 87' lang='lat' dir='ltr'><strong>ut</strong></span> <span class='ocrx_word' id='word_1_639' title='bbox 3492 4346 3672 4405; x_wconf 90' lang='lat' dir='ltr'><strong>etiam</strong></span> 
     </span>
    </p>
   </div>
   <div class='ocr_carea' id='block_1_101' title="bbox 2008 4437 2380 4509">
    <p class='ocr_par' dir='ltr' id='par_1_101' title="bbox 2008 4437 2380 4509">
     <span class='ocr_line' id='line_1_101' title="bbox 2008 4437 2380 4509; baseline -0.003 -15"><span class='ocrx_word' id='word_1_640' title='bbox 2008 4437 2380 4509; x_wconf 83' lang='lat' dir='ltr'><strong>fatigaretur.</strong></span> 
     </span>
    </p>
   </div>
   <div class='ocr_carea' id='block_1_102' title="bbox 2079 4524 3669 4598">
    <p class='ocr_par' dir='ltr' id='par_1_102' title="bbox 2079 4524 3669 4598">
     <span class='ocr_line' id='line_1_102' title="bbox 2079 4524 3669 4598; baseline 0 -15"><span class='ocrx_word' id='word_1_641' title='bbox 2079 4527 2233 4594; x_wconf 86' lang='lat' dir='ltr'><strong>Quid</strong></span> <span class='ocrx_word' id='word_1_642' title='bbox 2288 4531 2377 4583; x_wconf 91' lang='lat' dir='ltr'><strong>est</strong></span> <span class='ocrx_word' id='word_1_643' title='bbox 2428 4531 2651 4591; x_wconf 88' lang='lat' dir='ltr'><strong>autem,</strong></span> <span class='ocrx_word' id='word_1_644' title='bbox 2704 4524 2871 4598; x_wconf 89' lang='lat' dir='ltr'><strong>quod</strong></span> <span class='ocrx_word' id='word_1_645' title='bbox 2937 4524 3196 4591; x_wconf 87' lang='lat' dir='ltr'><strong>additur,</strong></span> <span class='ocrx_word' id='word_1_646' title='bbox 3247 4524 3485 4583; x_wconf 79' lang='lat' dir='ltr'><strong>Sedebat</strong></span> <span class='ocrx_word' id='word_1_647' title='bbox 3523 4525 3607 4583; x_wconf 78' lang='lat' dir='ltr'><strong>sic</strong></span> <span class='ocrx_word' id='word_1_648' title='bbox 3641 4532 3669 4583; x_wconf 75' lang='lat'><strong>.9</strong></span> 
     </span>
    </p>
   </div>
   <div class='ocr_carea' id='block_1_103' title="bbox 2004 4613 3670 4690">
    <p class='ocr_par' dir='ltr' id='par_1_103' title="bbox 2004 4613 3670 4690">
     <span class='ocr_line' id='line_1_103' title="bbox 2004 4613 3670 4690; baseline -0.001 -16"><span class='ocrx_word' id='word_1_649' title='bbox 2004 4617 2360 4690; x_wconf 91' lang='lat' dir='ltr'><strong>Simpliciter</strong></span> <span class='ocrx_word' id='word_1_650' title='bbox 2409 4615 2697 4682; x_wconf 89' lang='lat' dir='ltr'><strong>videlicet,</strong></span> <span class='ocrx_word' id='word_1_651' title='bbox 2729 4621 2908 4690; x_wconf 89' lang='lat' dir='ltr'><strong>prout</strong></span> <span class='ocrx_word' id='word_1_652' title='bbox 2955 4631 3083 4671; x_wconf 91' lang='lat' dir='ltr'><strong>sese</strong></span> <span class='ocrx_word' id='word_1_653' title='bbox 3123 4614 3293 4671; x_wconf 87' lang='lat' dir='ltr'><strong>locus</strong></span> <span class='ocrx_word' id='word_1_654' title='bbox 3335 4613 3670 4673; x_wconf 77' lang='lat' dir='ltr'><strong>offerebat:</strong></span> 
     </span>
    </p>
   </div>
   <div class='ocr_carea' id='block_1_104' title="bbox 2004 4704 3670 4778">
    <p class='ocr_par' dir='ltr' id='par_1_104' title="bbox 2004 4704 3670 4778">
     <span class='ocr_line' id='line_1_104' title="bbox 2004 4704 3670 4778; baseline -0.001 -14"><span class='ocrx_word' id='word_1_655' title='bbox 2004 4707 2118 4775; x_wconf 91' lang='lat' dir='ltr'><strong>vel,</strong></span> <span class='ocrx_word' id='word_1_656' title='bbox 2159 4707 2349 4764; x_wconf 90' lang='lat' dir='ltr'><strong>humi.</strong></span> <span class='ocrx_word' id='word_1_657' title='bbox 2372 4708 2749 4762; x_wconf 88' lang='lat' dir='ltr'><strong>Demonstrat</strong></span> <span class='ocrx_word' id='word_1_658' title='bbox 2776 4704 3059 4778; x_wconf 89' lang='lat' dir='ltr'><strong>siquidem</strong></span> <span class='ocrx_word' id='word_1_659' title='bbox 3090 4720 3290 4760; x_wconf 90' lang='lat' dir='ltr'><strong>sermo</strong></span> <span class='ocrx_word' id='word_1_660' title='bbox 3311 4704 3471 4778; x_wconf 90' lang='lat' dir='ltr'><strong>quod</strong></span> <span class='ocrx_word' id='word_1_661' title='bbox 3495 4706 3670 4762; x_wconf 89' lang='lat' dir='ltr'><strong>omni</strong></span> 
     </span>
    </p>
   </div>
   <div class='ocr_carea' id='block_1_105' title="bbox 2003 4797 2435 4855">
    <p class='ocr_par' dir='ltr' id='par_1_105' title="bbox 2003 4797 2435 4855">
     <span class='ocr_line' id='line_1_105' title="bbox 2003 4797 2435 4855; baseline -0.007 -1"><span class='ocrx_word' id='word_1_662' title='bbox 2003 4797 2163 4855; x_wconf 88' lang='lat' dir='ltr'><strong>fastu</strong></span> <span class='ocrx_word' id='word_1_663' title='bbox 2189 4801 2435 4853; x_wconf 88' lang='lat' dir='ltr'><strong>careret.</strong></span> 
     </span>
    </p>
   </div>
   <div class='ocr_carea' id='block_1_106' title="bbox 2077 4883 3666 4959">
    <p class='ocr_par' dir='ltr' id='par_1_106' title="bbox 2077 4883 3666 4959">
     <span class='ocr_line' id='line_1_106' title="bbox 2077 4883 3666 4959; baseline -0.001 -15"><span class='ocrx_word' id='word_1_664' title='bbox 2077 4886 2564 4952; x_wconf 87' lang='lat' dir='ltr'><strong>Sedebatautem,</strong></span> <span class='ocrx_word' id='word_1_665' title='bbox 2586 4902 2802 4959; x_wconf 91' lang='lat' dir='ltr'><strong>corpus</strong></span> <span class='ocrx_word' id='word_1_666' title='bbox 2820 4883 3239 4951; x_wconf 84' lang='lat' dir='ltr'><strong>refocillaus,et</strong></span> <span class='ocrx_word' id='word_1_667' title='bbox 3250 4884 3269 4956; x_wconf 87' lang='lat' dir='ltr'><strong>j</strong></span> <span class='ocrx_word' id='word_1_668' title='bbox 3280 4886 3421 4941; x_wconf 85' lang='lat' dir='ltr'><strong>uxta</strong></span> <span class='ocrx_word' id='word_1_669' title='bbox 3437 4884 3666 4942; x_wconf 81' lang='lat' dir='ltr'><strong>fontem</strong></span> 
     </span>
    </p>
   </div>
   <div class='ocr_carea' id='block_1_107' title="bbox 2002 4973 3671 5046">
    <p class='ocr_par' dir='ltr' id='par_1_107' title="bbox 2002 4973 3671 5046">
     <span class='ocr_line' id='line_1_107' title="bbox 2002 4973 3671 5046; baseline -0.002 -12"><span class='ocrx_word' id='word_1_670' title='bbox 2002 4992 2299 5043; x_wconf 90' lang='lat' dir='ltr'><strong>recreans,</strong></span> <span class='ocrx_word' id='word_1_671' title='bbox 2362 4982 2484 5032; x_wconf 86' lang='lat' dir='ltr'><strong>erat</strong></span> <span class='ocrx_word' id='word_1_672' title='bbox 2538 4977 2698 5032; x_wconf 90' lang='lat' dir='ltr'><strong>enim</strong></span> <span class='ocrx_word' id='word_1_673' title='bbox 2747 4974 3044 5040; x_wconf 87' lang='lat' dir='ltr'><strong>meridies,</strong></span> <span class='ocrx_word' id='word_1_674' title='bbox 3090 4973 3334 5046; x_wconf 89' lang='lat' dir='ltr'><strong>quando</strong></span> <span class='ocrx_word' id='word_1_675' title='bbox 3363 4973 3455 5030; x_wconf 87' lang='lat' dir='ltr'><strong>sol</strong></span> <span class='ocrx_word' id='word_1_676' title='bbox 3496 4975 3671 5032; x_wconf 89' lang='lat' dir='ltr'><strong>vehe-</strong></span> 
     </span>
    </p>
   </div>
   <div class='ocr_carea' id='block_1_108' title="bbox 2002 5062 3669 5137">
    <p class='ocr_par' dir='ltr' id='par_1_108' title="bbox 2002 5062 3669 5137">
     <span class='ocr_line' id='line_1_108' title="bbox 2002 5062 3669 5137; baseline -0.001 -13"><span class='ocrx_word' id='word_1_677' title='bbox 2002 5066 2262 5124; x_wconf 87' lang='lat' dir='ltr'><strong>mentius</strong></span> <span class='ocrx_word' id='word_1_678' title='bbox 2309 5067 2580 5124; x_wconf 87' lang='lat' dir='ltr'><strong>humana</strong></span> <span class='ocrx_word' id='word_1_679' title='bbox 2633 5065 2865 5137; x_wconf 88' lang='lat' dir='ltr'><strong>attingit</strong></span> <span class='ocrx_word' id='word_1_680' title='bbox 2916 5079 3189 5137; x_wconf 90' lang='lat' dir='ltr'><strong>corpora.</strong></span> <span class='ocrx_word' id='word_1_681' title='bbox 3236 5062 3431 5120; x_wconf 90' lang='lat' dir='ltr'><strong>Simul</strong></span> <span class='ocrx_word' id='word_1_682' title='bbox 3488 5063 3669 5122; x_wconf 88' lang='lat' dir='ltr'><strong>etiam</strong></span> 
     </span>
    </p>
   </div>
   <div class='ocr_carea' id='block_1_109' title="bbox 1520 5449 2433 5522">
    <p class='ocr_par' dir='ltr' id='par_1_109' title="bbox 1520 5449 2433 5522">
     <span class='ocr_line' id='line_1_109' title="bbox 1520 5449 2433 5522; baseline 0 -3"><span class='ocrx_word' id='word_1_683' title='bbox 1520 5449 1744 5521; x_wconf 67' lang='lat' dir='ltr'><strong>Variae</strong></span> <span class='ocrx_word' id='word_1_684' title='bbox 1783 5450 2114 5522; x_wconf 89' lang='lat' dir='ltr'><strong>lectiones</strong></span> <span class='ocrx_word' id='word_1_685' title='bbox 2155 5460 2221 5520; x_wconf 90' lang='lat' dir='ltr'><strong>et</strong></span> <span class='ocrx_word' id='word_1_686' title='bbox 2250 5457 2433 5519; x_wconf 70' lang='lat' dir='ltr'><strong>notas</strong></span> 
     </span>
    </p>
   </div>
   <div class='ocr_carea' id='block_1_110' title="bbox 392 5675 1134 5749">
    <p class='ocr_par' dir='ltr' id='par_1_110' title="bbox 392 5675 1134 5749">
     <span class='ocr_line' id='line_1_110' title="bbox 392 5675 1134 5749; baseline -0.001 -17"><span class='ocrx_word' id='word_1_687' title='bbox 392 5677 481 5748; x_wconf 78' lang='lat'><strong>55)</strong></span> <span class='ocrx_word' id='word_1_688' title='bbox 523 5681 830 5749; x_wconf 75' lang='grc' dir='ltr'>Κατῴκησεν</span> <span class='ocrx_word' id='word_1_689' title='bbox 861 5676 926 5748; x_wconf 84' lang='grc' dir='ltr'>Α,</span> <span class='ocrx_word' id='word_1_690' title='bbox 956 5675 1134 5732; x_wconf 90' lang='lat' dir='ltr'><strong>male.</strong></span> 
     </span>
    </p>
   </div>
   <div class='ocr_carea' id='block_1_111' title="bbox 397 5747 1315 5819">
    <p class='ocr_par' dir='ltr' id='par_1_111' title="bbox 397 5747 1315 5819">
     <span class='ocr_line' id='line_1_111' title="bbox 397 5747 1315 5819; baseline 0.001 -16"><span class='ocrx_word' id='word_1_691' title='bbox 397 5747 484 5819; x_wconf 83' lang='lat'><strong>56)</strong></span> <span class='ocrx_word' id='word_1_692' title='bbox 510 5750 576 5802; x_wconf 90' lang='grc' dir='ltr'>Οί</span> <span class='ocrx_word' id='word_1_693' title='bbox 605 5747 823 5804; x_wconf 86' lang='lat' dir='ltr'><strong>omittit</strong></span> <span class='ocrx_word' id='word_1_694' title='bbox 851 5747 916 5804; x_wconf 78' lang='grc' dir='ltr'>Β.</span> <span class='ocrx_word' id='word_1_695' title='bbox 1312 5808 1315 5813; x_wconf 64' lang='grc'><strong>,</strong></span> 
     </span>
    </p>
   </div>
   <div class='ocr_carea' id='block_1_112' title="bbox 392 5818 1906 5894">
    <p class='ocr_par' dir='ltr' id='par_1_112' title="bbox 392 5818 1906 5894">
     <span class='ocr_line' id='line_1_112' title="bbox 392 5818 1906 5894; baseline 0.001 -19"><span class='ocrx_word' id='word_1_696' title='bbox 392 5819 480 5894; x_wconf 84' lang='grc'><strong>57)</strong></span> <span class='ocrx_word' id='word_1_697' title='bbox 532 5820 667 5876; x_wconf 65' lang='lat' dir='ltr'><strong>Haec</strong></span> <span class='ocrx_word' id='word_1_698' title='bbox 698 5823 907 5876; x_wconf 90' lang='lat' dir='ltr'><strong>neuter</strong></span> <span class='ocrx_word' id='word_1_699' title='bbox 934 5834 1208 5877; x_wconf 90' lang='lat' dir='ltr'><strong>meorum</strong></span> <span class='ocrx_word' id='word_1_700' title='bbox 1255 5818 1558 5891; x_wconf 81' lang='lat' dir='ltr'><strong>agnoscit.</strong></span> <span class='ocrx_word' id='word_1_701' title='bbox 1618 5819 1906 5892; x_wconf 81' lang='lat' dir='ltr'><strong>Excerpta</strong></span> 
     </span>
    </p>
   </div>
   <div class='ocr_carea' id='block_1_113' title="bbox 2013 5670 3670 5744">
    <p class='ocr_par' dir='ltr' id='par_1_113' title="bbox 2013 5670 3670 5744">
     <span class='ocr_line' id='line_1_113' title="bbox 2013 5670 3670 5744; baseline -0.002 -12"><span class='ocrx_word' id='word_1_702' title='bbox 2013 5679 2213 5732; x_wconf 90' lang='lat' dir='ltr'><strong>autem</strong></span> <span class='ocrx_word' id='word_1_703' title='bbox 2245 5676 2387 5731; x_wconf 90' lang='lat' dir='ltr'><strong>sunt</strong></span> <span class='ocrx_word' id='word_1_704' title='bbox 2411 5672 2743 5744; x_wconf 73' lang='lat' dir='ltr'><strong>partimex</strong></span> <span class='ocrx_word' id='word_1_705' title='bbox 2787 5670 3088 5744; x_wconf 85' lang='lat' dir='ltr'><strong>Chrysost.</strong></span> <span class='ocrx_word' id='word_1_706' title='bbox 3116 5674 3162 5731; x_wconf 89' lang='lat' dir='ltr'><strong>t.</strong></span> <span class='ocrx_word' id='word_1_707' title='bbox 3190 5671 3331 5741; x_wconf 82' lang='lat' dir='ltr'><strong>VIII,</strong></span> <span class='ocrx_word' id='word_1_708' title='bbox 3362 5687 3423 5743; x_wconf 89' lang='lat' dir='ltr'><strong>p.</strong></span> <span class='ocrx_word' id='word_1_709' title='bbox 3455 5673 3572 5738; x_wconf 87' lang='lat'><strong>177,</strong></span> <span class='ocrx_word' id='word_1_710' title='bbox 3606 5675 3670 5739; x_wconf 89' lang='lat' dir='ltr'><strong>C,</strong></span> 
     </span>
    </p>
   </div>
   <div class='ocr_carea' id='block_1_114' title="bbox 2012 5742 3140 5819">
    <p class='ocr_par' dir='ltr' id='par_1_114' title="bbox 2012 5742 3140 5819">
     <span class='ocr_line' id='line_1_114' title="bbox 2012 5742 3140 5819; baseline -0.004 -16"><span class='ocrx_word' id='word_1_711' title='bbox 2012 5747 2230 5819; x_wconf 90' lang='lat' dir='ltr'><strong>partim</strong></span> <span class='ocrx_word' id='word_1_712' title='bbox 2262 5761 2333 5801; x_wconf 85' lang='lat' dir='ltr'><strong>ex</strong></span> <span class='ocrx_word' id='word_1_713' title='bbox 2362 5742 2817 5817; x_wconf 83' lang='lat' dir='ltr'><strong>Theophylacto,</strong></span> <span class='ocrx_word' id='word_1_714' title='bbox 2845 5742 2915 5816; x_wconf 36' lang='lat' dir='ltr'><strong>p.‘</strong></span> <span class='ocrx_word' id='word_1_715' title='bbox 2937 5744 3041 5799; x_wconf 87' lang='lat'><strong>606</strong></span> <span class='ocrx_word' id='word_1_716' title='bbox 3076 5744 3140 5800; x_wconf 87' lang='grc' dir='ltr'><strong>Β.</strong></span> 
     </span>
    </p>
   </div>
  </div>
