4170 6464
268 364 410 425 1489

1298 362 1676 423 COMMENT.
1723 362 1796 420 IN
1832 362 2181 431 JOANNEM.
2227 395 2286 405 —-
2333 364 2495 421 CAP.
2542 364 2639 423 Ν.

3500 366 3643 427 1190

268 492 515 569 δωρεῖται
592 494 618 545 ό
686 497 830 554 Θεός.
908 491 1059 562 Ελεγε
1109 488 1169 545 δε
1238 498 1387 544 τοῦτο
1462 496 1579 566 περὶ
1658 490 1864 557 ἑαυτοῦ,

1988 494 2181 545 autem
2206 490 2320 546 hoc
2350 492 2420 547 de
2456 489 2675 560 seipso,
2708 489 3001 562 paulatim
3031 489 3093 546 se
3118 488 3197 549 illi
3226 490 3636 559 manifestans,

267 586 402 636 κατὰ
464 585 651 658 μικρὸν
717 582 896 636 ἑαυτὸν
964 580 1340 637 ἀποκαλύπτων
1398 582 1554 653 αὐτῇ,
1622 584 1686 641 ὡς
1749 580 1870 651 ἀξίᾳ

266 674 517 736 τοιαύτης
592 668 966 745 διδασκαλίας,
1039 667 1134 723 διὰ
1216 674 1271 723 τὸ
1346 672 1474 742 πρὸς
1550 668 1869 743 ἐπιστροφὴν

270 760 419 820 ἱπιτή
429 758 463 816 δ
466 780 566 815 ειον
596 761 728 821 αὐτῆ
738 782 779 823 ς.

339 848 514 924 ’Υδωρ
545 847 604 904 δι
640 851 742 912 ζῶν
799 850 1037 921 ὠνόμασε
1083 851 1141 902 τό
1194 854 1333 920 νᾶμα
1380 857 1476 911 τῆς
1516 844 1869 910 διδασκαλίας

273 938 467 991 αὐτοῦ·
513 936 658 1012 ὔδωρ
715 941 826 1012 μὶν,
881 941 962 993 ότι
1018 934 1175 996 δίκην
1244 934 1434 998 ὕδατος
1485 939 1728 1009 καθαίρει
1783 939 1869 988 τόν

270 1029 434 1103 ῥύπον
486 1038 582 1090 τῆς
634 1028 914 1103 ἁμαρτίας,
987 1031 1078 1079 καὶ
1125 1024 1354 1079 σϐεννύει
1404 1032 1498 1085 τὴν
1553 1025 1719 1098 φλόγα
1770 1034 1868 1078 τῶν

271 1118 471 1184 παθῶν,
502 1123 592 1171 καὶ
623 1120 887 1192 θεραπεύει
920 1122 1014 1178 τὴν
1063 1125 1159 1178 τῆς
1197 1115 1442 1176 ἀπιστίας
1474 1115 1737 1190 ξηρότητα
1779 1120 1866 1168 καὶ

273 1205 533 1281 ἀκαρπίαν
557 1223 571 1237 ·
604 1211 703 1271 ζῶν
734 1203 813 1274 δι,
838 1209 903 1267 ὡς
934 1204 1138 1259 ἁένναον
1163 1210 1251 1258 καὶ
1281 1203 1589 1261 ἀεικίνητον.
1622 1209 1736 1263 Ζωη
1766 1207 1866 1277 γὰρ

270 1295 465 1359 ὕδατος
494 1300 551 1350 τό
578 1298 715 1350 νάειν
752 1300 844 1349 καὶ
875 1297 1155 1348 κινεῖσθαι.

341 1392 478 1447 Φησὶ
523 1382 637 1441 δεό
695 1386 808 1456 (60)
842 1389 1221 1459 Χρυσόστομος
1278 1379 1421 1456 ὕδωρ
1479 1387 1578 1447 ζῶν
1635 1384 1867 1436 νοεῖσθαι

268 1480 363 1534 τὴν
402 1477 562 1549 χάριν
604 1481 694 1531 τοῦ
739 1476 880 1527 θείου
914 1476 1225 1546 Πνεύματος.
1274 1479 1437 1529 Τοῦτο
1470 1475 1571 1546 γὰρ
1611 1468 1867 1546 διαφόρως

268 1564 638 1636 ὀνομάζεσθαι,
687 1567 817 1639 πρός
880 1565 971 1625 τὰς
1028 1559 1309 1637 διαφόρους
1373 1563 1626 1633 ἐνεργείας
1683 1561 1865 1627 αὑτοῦ,

266 1662 355 1706 νῦν
393 1655 483 1726 μὶν
510 1649 675 1727 ὕδωρ,
726 1652 907 1705 ἄλλοτε
941 1649 1001 1704 δὲ
1051 1659 1187 1724 πῦρ·
1237 1648 1515 1724 ἀλλ’ὖδωρ
1568 1654 1679 1723 μὲν,
1731 1648 1868 1703 διότι

266 1745 500 1816 καθάπερ
561 1746 620 1794 τό
675 1738 822 1817 ὕδωρ
876 1740 929 1804 ἕξ
980 1741 1202 1816 οὐρανοῦ
1256 1743 1433 1793 κατιόν
1484 1740 1727 1800 ζωοποιεῖ
1778 1742 1869 1790 καὶ

1980 584 2045 633 ut
2081 594 2216 651 qum
2243 579 2342 635 tali
2369 578 2640 637 doctrina
2678 578 2863 651 digna
2893 583 3070 648 esset,
3103 596 3173 635 eo
3203 579 3370 654 quod
3400 580 3478 638 ad
3500 597 3639 638 con-

1981 667 2314 726 versionem
2357 672 2502 740 apta
2539 672 2712 727 esset.

2050 851 2283 919 Aquam
2341 846 2541 905 vivam
2583 850 2805 914 autem,
2861 846 3183 920 appellavit
3213 846 3491 907 doctrina
3515 865 3639 907 sum

1978 934 2204 991 ﬂuenta
2236 951 2250 1002 ;
2284 951 2503 1008 aquam
2524 935 2790 1009 quidem,
2817 935 3030 1009 quiain
3048 936 3298 993 modum
3323 953 3498 1013 aqum
3512 954 3641 996 sor-.

1978 1024 2086 1079 des
2135 1024 2333 1091 abluit,
2367 1025 2765 1099 ﬂammasque
2789 1025 3173 1085 aﬂ'ectionum
3203 1028 3549 1100 exstinguit,
3582 1032 3641 1087 et

1977 1114 2406 1171 incredulitatis
2423 1115 2745 1173 siccitatem
2773 1131 2843 1172 ac
2873 1115 3408 1174 infructuositatem
3448 1123 3636 1181 curat.

1980 1203 2185 1260 Vivam
2213 1220 2371 1261 vero.
2403 1205 2577 1277 quasi
2622 1220 2949 1276 perennem
2992 1221 3353 1280 semperque
3386 1212 3636 1271 motam.

1975 1292 2162 1362 Aquae
2187 1292 2346 1348 enim
2391 1294 2510 1349 vita
2544 1293 2727 1349 ﬂuere
2758 1300 2844 1349 est
2872 1311 2940 1351 ac
2974 1296 3221 1351 moveri.

2052 1381 2196 1438 Dicit
2243 1387 2443 1438 autem
2476 1381 2937 1455 Chrysostomus
2971 1399 3195 1456 aquam
3230 1383 3422 1443 vivam
3461 1386 3640 1447 divini

1980 1471 2229 1545 Spiritus
2293 1471 2546 1540 gratiam
2612 1494 2625 1525 :
2670 1471 2966 1545 siquidem
3006 1473 3184 1529 variis
3236 1474 3433 1533 modis
3478 1474 3641 1533 hunc

1977 1559 2063 1615 ait
2089 1558 2398 1633 appellari,
2412 1559 2581 1631 juxta
2596 1560 2859 1616 diversas
2875 1560 2986 1634 ipsi
2997 1578 3063 1617 us
3076 1563 3641 1636 operationes,nunc

1976 1663 2224 1719 aquam,
2258 1663 2416 1702 nunc
2445 1648 2647 1717 ignem
2691 1665 2704 1714 ;
2747 1664 2971 1720 aquam
3001 1648 3271 1720 quidem,
3304 1651 3449 1723 quia
3487 1652 3641 1709 sicut

1978 1753 2136 1809 aqua
2157 1736 2229 1791 de
2261 1736 2410 1793 caelo
2436 1736 2804 1795 descendens
2828 1737 3009 1794 nutrit
3053 1754 3123 1795 ac
3156 1738 3428 1806 viviﬁcat,
3477 1756 3641 1797 cum-

265 1835 456 1905 τρέφει,
504 1835 595 1885 καὶ
659 1827 923 1905 μονοειδες
991 1831 1045 1883 ὂν
1110 1830 1298 1905 ἐνεργεῖ
1350 1829 1705 1901 πολυτρόπως,
1758 1827 1867 1879 λευ-

1988 1840 2095 1897 que
2128 1824 2301 1883 unius
2340 1825 2412 1880 sit
2451 1825 2690 1897 speciei,
2724 1826 2886 1883 vario
2919 1826 3098 1883 modo
3138 1833 3421 1900 operatur
3449 1827 3639 1886 :deal-

267 1929 443 1974 καῖνον
480 1923 571 1994 μεν
614 1920 663 1973 έν
710 1925 888 1994 κρίνῳ,
940 1919 1174 1992 μελαῖνον
1230 1915 1289 1971 δε
1350 1917 1398 1970 ἐν
1449 1917 1561 1989 (61)
1613 1920 1864 1991 ναρκὶσῳ,

270 2008 568 2083 έρυθραῖνον
622 2006 682 2062 δε
739 2008 786 2061 ἐν
836 2005 999 2084 ῥόδῳ,
1058 2007 1380 2082 πορφυρίζον
1429 2003 1488 2061 δὲ
1542 2004 1589 2058 ἐν
1644 2009 1725 2079 ίῳ,
1779 2010 1869 2057 καὶ

268 2098 544 2171 γλυκαῖνον
590 2102 680 2172 μεν
735 2097 819 2151 ἐπὶ
870 2106 965 2161 τῆς
1016 2104 1198 2164 συκῆς,
1229 2103 1498 2169 πικραίνον
1531 2093 1589 2149 δε
1645 2094 1728 2148 ἐπὶ
1778 2103 1869 2157 τῆς

272 2188 534 2260 ὰψίνθου·
595 2187 732 2243 οὕτω
784 2191 874 2240 καὶ
928 2190 988 2239 τό
1065 2188 1197 2240 θεῖον
1261 2192 1488 2257 Πνεῦμα,
1552 2184 1603 2249 ἐξ
1650 2184 1869 2258 οὐρανοῦ

269 2280 449 2331 κοιτὼν
480 2277 728 2338 ζωοποιεῖ
772 2280 864 2333 καὶ
890 2278 1061 2349 τρέφει
1089 2279 1183 2335 τὴν
1225 2273 1432 2346 ψυχὴν,
1461 2279 1550 2327 καὶ
1594 2273 1642 2327 ἓν
1690 2273 1764 2339 ὃν,
1797 2273 1870 2336 εἰς

269 2363 557 2441 διαφόρους
600 2365 849 2438 ἐνεργείας
880 2361 1079 2439 διαιρεῖ
1134 2368 1228 2423 τὴν
1257 2366 1419 2437 χάριν
1475 2368 1565 2416 καὶ
1594 2360 1817 2436 δύναμιν
1850 2379 1863 2392 '

267 2465 373 2531 πῦρ
405 2452 466 2510 δε
492 2452 652 2527 διότι,
694 2456 928 2527 καθάπερ
975 2457 1032 2507 τὸ
1057 2461 1161 2528 πῦρ
1192 2450 1452 2525 μονοειδὲς
1506 2453 1559 2506 ὃν
1602 2450 1867 2528 διαφόρως

266 2544 474 2617 ἐνεργεῖ,
508 2547 799 2619 θερμαῖνον,
819 2544 1022 2617 φλέγον,
1047 2543 1293 2616 φωτίζον,
1315 2544 1564 2616 καθαῖρον
1590 2558 1601 2572 ·
1632 2542 1768 2595 οὕτω
1795 2537 1829 2594 δ
1833 2546 1863 2602 η

262 2639 353 2688 καὶ
384 2638 442 2688 τὸ
476 2636 607 2689 θεῖον
642 2641 869 2709 Πνεῦμα.

337 2728 492 2797 Λέγει
546 2754 611 2766 --
660 2724 799 2790 to»;
853 2727 936 2781 Μὴ
994 2719 1281 2783 δυνηθεῖσα
1336 2729 1527 2781 νοῆσαι
1575 2724 1633 2779 τό
1688 2721 1863 2795 ῥηθὲν,

263 2816 599 2868 ὑπώπτευσεν
646 2815 729 2867 ὅτι
759 2810 906 2887 ὕδωρ
957 2812 1059 2874 ζῶν
1084 2812 1217 2884 λέγει
1251 2814 1310 2865 τό
1372 2810 1473 2866 ἀπὸ
1498 2818 1592 2864 τοῦ
1650 2814 1864 2884 φρέατος

266 2902 479 2976 ἐκείνου,
529 2906 598 2965 ὡς
649 2902 935 2963 ἀναϐλύζον
987 2907 1077 2955 καὶ
1126 2902 1418 2974 ἁλλόμενον,
1470 2905 1562 2952 καὶ
1614 2901 1868 2957 ὑπενόησε

266 2994 493 3068 ῥηθῆναι
554 2996 643 3046 τόν
694 2992 866 3064 λόγον,
922 2994 993 3054 ὡς
1065 2989 1254 3045 έκείνου
1327 2988 1614 3063 δυναμένου
1682 3007 1868 3041 συντο-

270 3089 496 3156 μώτερον
545 3080 911 3153 ἀνιμήσασθαι
974 3076 1047 3133 δι’
1118 3076 1357 3152 ἀνδρείαν
1414 3080 1532 3149 (62)
1602 3082 1693 3131 καὶ
1754 3076 1866 3129 ἐπι-

271 3190 334 3228 τη
343 3168 377 3224 δ
380 3176 610 3229 ειότητα.

342 3262 480 3320 Τέως
532 3256 592 3313 δι
640 3261 818 3331 κύριον
892 3257 1047 3311 αὐτὸν
1112 3260 1528 3331 προσηγόρευσε,
1605 3259 1872 3327 νομίσασα

271 3351 433 3419 μέγαν
477 3345 607 3401 εἶναί
648 3367 785 3403 τινα.
831 3350 928 3401 Καὶ
978 3348 1081 3420 γὰρ
1128 3349 1372 3413 ἤκουσεν,
1433 3344 1544 3416 (63)
1611 3343 1673 3397 Εἰ
1725 3339 1872 3415 ᾔδεις

268 3438 342 3495 τίς
372 3434 513 3488 έστιν
543 3437 569 3487 ό
621 3435 779 3508 λέγων
811 3440 917 3501 σοὶ,
977 3439 1067 3495 Δός
1122 3453 1213 3506 μοι
1271 3440 1424 3497 πιεῖν,
1482 3437 1572 3485 καὶ
1623 3434 1688 3485 τὰ
1717 3431 1866 3495 ἐξῆςσ

269 3529 361 3578 καὶ
415 3524 606 3578 αὐτίκα
634 3529 906 3598 τετίμηκεν
952 3524 1105 3578 αὐτόν
1137 3531 1200 3596 τῇ
1238 3525 1453 3596 τοιαύτη
1512 3527 1869 3597 προσηγορίᾳ,

271 3619 362 3667 καὶ
398 3616 528 3687 μετὰ
553 3616 732 3677 πάσης
767 3612 1044 3677 ἑπιεικείας
1098 3617 1189 3666 καὶ
1243 3615 1310 3669 τὰ
1336 3610 1493 3669 λοιπά
1550 3608 1585 3665 δ
1591 3612 1867 3684 ιαλέγεται.

270 3703 543 3779 Ἀντλημει
581 3701 641 3758 δε
671 3724 804 3778 φησι
832 3708 891 3757 τό
932 3702 1156 3776 ἀγγεῖον.

342 3799 428 3853 Μὴ
474 3825 543 3834 -
598 3794 799 3855 αὐτοῦς
852 3798 952 3849 Καὶ
1003 3792 1054 3846 ei
1109 3798 1439 3865 Σαμαρεῖται,
1490 3787 1726 3867 πατρίδα
1775 3794 1869 3850 τὴν

272 3886 560 3957 Σαμάρειαν
625 3879 733 3942 ἤδη
788 3885 1111 3955 κεκτημένὸι,
1170 3886 1367 3953 πατέρα
1438 3881 1614 3935 λοιπον
1671 3880 1869 3941 ἑαυτοῖς

271 3973 617 4049 ἐπεγράφοντο
656 3976 745 4025 τὸν
770 3971 983 4038 Ἰακὼϐ,
1034 3974 1103 4033 ὡς
1148 3974 1482 4045 προκατοχον
1535 3976 1624 4022 καὶ
1672 3974 1871 4045 πατέρα

269 4072 364 4126 τῆς
420 4066 664 4123 τοιαύτης
723 4062 894 4117 αὐτῶν
942 4058 1215 4136 πατρίδος,
1284 4059 1555 4121 κάντεῦθεν
1620 4060 1869 4117 εἰσωθουν

270 4153 484 4216 ἑαυτοὺς
506 4153 576 4215 εἰς
606 4156 700 4212 τὴν
732 4148 1029 4212 Ἰουδαῖκην
1059 4151 1334 4223 εὐγένειαν.

343 4335 478 4384 Φασὶ
523 4327 583 4383 δέ
636 4349 788 4395 τινες,
848 4331 929 4382 ὅτι
970 4331 999 4388 ἡ
1059 4336 1367 4402 Σαμαρεῖτις
1421 4327 1553 4391 αὕτη
1585 4330 1736 4398 γυνὴ,
1778 4329 1867 4381 καὶ

272 4419 427 4472 cfon
503 4419 681 4472 πολλοὶ
753 4428 853 4471 τῶν
931 4422 1025 4477 τὴν
1096 4420 1384 4490 Σαμάρειαν
1440 4416 1736 4483 οἰκούντων,
1818 4414 1871 4477 ἐξ

273 4507 458 4562 Ἰακὼϐ
483 4511 572 4581 μὶν
598 4508 762 4562 εἷλκον
786 4511 842 4561 τὸ
880 4512 1045 4580 γένος,
1067 4505 1594 4579 αἰχμαλωτισθέντων
1628 4500 1662 4561 δ
1667 4507 1688 4557 τ
1711 4502 1868 4561 πάλαι

268 4606 368 4651 τῶν
395 4602 658 4671 προγόνων
687 4597 877 4664 αὐτῶν,
908 4602 999 4650 καὶ
1029 4594 1420 4650 δουλευσάντων
1458 4596 1603 4667 παρὰ
1627 4592 1868 4655 Βαϐυλω-

269 4692 414 4756 νίοις,
468 4684 694 4761 μιγάδες
752 4687 897 4740 οὗτοι
943 4693 1179 4747 συνῆσαν
1229 4690 1335 4745 τοῖς
1383 4687 1745 4756 Σαμαρείταις,
1796 4690 1868 4755 τῷ

268 4785 452 4851 μακρῷ
477 4781 654 4852 χρόνῳ
683 4780 776 4831 καὶ
803 4782 921 4837 ταῖς
947 4774 1292 4851 πολυτρόποις
1320 4779 1613 4849 συμφεραῖς
1639 4774 1770 4847 πρὸς
1803 4775 1870 4831 τὰ

267 4865 470 4921 έκείνων
496 4869 598 4927 ἤθη
622 4866 992 4939 μεταστάντες.

337 4956 406 5011 Ἦ
436 4960 637 5032 πατέρα
664 4954 1006 5029 ἐπεγράφοντο
1037 4956 1123 5011 τόν
1152 4950 1355 5019 Ἰακὼϐ,
1396 4954 1467 5021 ὡς
1507 4949 1563 5004 ἐκ
1593 4947 1866 5008 Χαλδαίων

266 5052 355 5099 καὶ
382 5046 539 5100 αὐτόν
568 5045 778 5101 ἕλκοντα
804 5048 862 5103 τὸ
900 5048 1063 5117 γένος.

338 5140 493 5209 Λέγει
544 5132 606 5189 δέ
655 5143 742 5187 νῦν
799 5137 829 5194 ἡ
892 5140 1194 5208 Σαμαρεῖτις
1245 5133 1327 5185 ὅτι
1354 5131 1416 5185 Εἰ
1470 5133 1541 5204 μὴ
1595 5135 1715 5205 περὶ
1743 5129 1866 5182 τού-

265 5245 358 5279 του
381 5224 543 5299 λέγεις
580 5233 671 5279 τοῦ
702 5221 917 5292 ὕδατος,
978 5227 1050 5297 μὴ
1096 5226 1161 5277 σὺ
1200 5224 1393 5296 μείζων
1431 5217 1479 5275 εἴ
1528 5227 1621 5274 τοῦ
1668 5222 1863 5295 πατρὸς

1977 1913 2131 1969 bans
2161 1913 2221 1968 in
2260 1912 2400 1978 lilio,
2458 1914 2782 1986 denigrans
2810 1914 2871 1971 in
2903 1916 3189 1982 narcisso,
3221 1917 3536 1977 rubricans
3574 1916 3640 1977 in

1978 2018 2136 2078 rosa,
2171 2000 2597 2077 purpurissans
2653 2002 2713 2059 in
2765 2002 2941 2069 viola,
2984 2002 3297 2061 dulceraus
3340 2004 3400 2065 in
3432 2005 3638 2074 ficu,a-

1980 2092 2273 2149 maricans
2311 2091 2372 2147 in
2415 2091 2714 2149 absinthio
2749 2114 2761 2147 :
2812 2092 2893 2149 ita
2921 2092 3159 2159 divinus
3186 2110 3430 2171 quoque
3453 2094 3638 2169 Spiri-

1978 2184 2073 2237 tus
2105 2179 2179 2237 de
2200 2179 2347 2237 coelo
2362 2180 2755 2247 descendens,
2778 2181 2960 2243 nutrit
2975 2198 3044 2238 ac
3060 2182 3316 2239 viviﬁcat
3342 2184 3637 2251 animam,

1977 2285 2238 2342 cumque
2271 2284 2427 2326 unus
2470 2269 2544 2326 sit
2576 2270 2755 2326 variis
2793 2270 3233 2344 operationibus
3262 2273 3517 2343 gratiam
3547 2274 3640 2341 di-

1977 2358 2125 2416 vidit
2150 2375 2219 2425 ae
2264 2358 2564 2419 virtutem.
2609 2359 2766 2430 Ignis
2795 2376 3036 2434 quoque
3063 2360 3277 2418 dicitur
3316 2362 3459 2435 quia
3487 2365 3639 2435 sicut

1976 2447 2150 2521 ignis,
2185 2464 2320 2505 cum
2354 2449 2529 2505 unius
2550 2449 2624 2505 sit
2661 2448 2901 2522 speciei,
2932 2448 3129 2506 varios
3160 2449 3342 2507 habet
3369 2451 3636 2522 eﬂectus,

1978 2537 2354 2609 calefaciens,
2388 2536 2796 2609 inﬁammans,
2826 2538 3174 2597 illuminans
3205 2544 3262 2596 et
3287 2540 3634 2614 puriﬁcans,

1975 2627 2054 2684 ita
2091 2643 2230 2683 sane
2270 2632 2325 2683 et
2351 2626 2589 2683 divinus
2630 2627 2907 2699 Spiritus.

2047 2717 2209 2773 Vers.
2226 2716 2312 2772 11.
2330 2715 2739 2781 Dicit—vivam
2759 2716 2787 2773 ‘I
2801 2718 2943 2773 Cum
2958 2716 3036 2783 id,
3055 2718 3219 2791 quod
3244 2717 3469 2777 dictum
3486 2724 3632 2793 erat,

1978 2821 2097 2865 non
2112 2810 2306 2877 posset
2325 2806 2380 2861 in
2392 2804 3118 2877 telligere,suspicabatur,
3134 2807 3297 2881 quod
3313 2824 3537 2885 aquam
3554 2809 3638 2866 vi-

1976 2911 2115 2951 vam
2147 2895 2382 2960 diceret,
2405 2894 2683 2951 haustam
2718 2895 2797 2950 ab
2824 2896 3039 2951 eodem
3066 2898 3385 2971 puteo,qui
3411 2913 3638 2972 aquam

1975 2983 2276 3041 emittebat
2328 2999 2399 3045 ac
2455 2983 2736 3040 scaturire
2796 2982 3047 3041 faciebat
3105 3003 3120 3038 :
3171 2990 3229 3041 et
3255 2986 3634 3057 opinabatur,

1978 3072 2200 3129 dictum
2240 3088 2374 3127 esse
2405 3076 2653 3129 verbum
2680 3070 2844 3137 illud,
2877 3074 3047 3145 quasi
3074 3066 3433 3149 posset'ipse
3464 3075 3637 3143 citius

1909 3194 1951 3250 ε
1980 3159 2239 3226 haurire,
2263 3176 2333 3216 eo
2351 3160 2515 3233 quod
2546 3159 2748 3216 fortior
2772 3166 2928 3217 esset
2949 3162 3258 3235 magisque
3286 3163 3562 3227 idoneus.

2049 3247 2284 3305 Interim
2352 3254 2540 3304 autem
2580 3248 2899 3309 Dominum
2954 3257 3127 3306 vocat
3184 3266 3342 3317 eum,
3390 3258 3635 3327 putans,

1982 3353 2163 3408 magn
2172 3354 2271 3392 um
2285 3336 2402 3410 aliq
2413 3353 2545 3393 uem
2567 3353 2715 3393 esse.
2732 3337 3011 3394 Audierat
3028 3355 3290 3412 namque
3304 3339 3635 3409 dicentem:

1978 3425 2044 3482 Si
2070 3426 2256 3495 scires,
2286 3427 2385 3501 qui
2419 3427 2494 3482 sit
2518 3426 2623 3499 qui
2650 3427 2797 3482 dicit
2814 3426 2940 3493 tibi,
2962 3429 3049 3483 Da
3068 3426 3217 3484 mihi
3244 3434 3303 3495 ιιι
3335 3429 3550 3498 bibam,
3582 3436 3642 3491 et

1979 3520 2195 3572 caetera
2227 3531 2240 3573 :
2274 3515 2407 3572 ideo
2439 3514 2639 3571 statim
2700 3514 2802 3573 tali
2833 3516 3028 3589 ipsum
3068 3515 3326 3574 honorat
3376 3517 3641 3592 appella-

1980 3604 2159 3675 tione,
2199 3608 2419 3663 etcum
2454 3604 2620 3663 omni
2655 3604 3118 3663 mansuetudine
3157 3606 3390 3682 reliqua
3432 3608 3638 3681 prolo-

1980 3694 2198 3768 quitur.

2050 3786 2209 3842 Vers.
2245 3787 2327 3840 t2.
2360 3784 2517 3842 Num
2553 3816 2612 3826 -
2652 3786 2774 3857 eius
2805 3787 2834 3842 φ
2873 3785 3229 3844 Samaritani
3260 3786 3463 3858 etiam,
3500 3803 3643 3851 cum

1972 3874 2100 3945 jam
2134 3873 2466 3932 Samariam
2501 3875 2759 3948 patriam
2774 3875 3166 3948 possiderent,
3191 3877 3378 3934 Jacob
3403 3894 3643 3953 quoque

1978 3969 2211 4037 patrem
2228 3980 2404 4020 suum
2436 3962 2842 4037 appellabant,
2875 3970 3163 4045 tanquam
3185 3966 3314 4038 jam
3340 3965 3486 4025 olim
3508 3983 3644 4045 pos-

1981 4069 2278 4117 sessorem
2296 4069 2367 4110 ac
2388 4058 2619 4127 patrem
2640 4054 2821 4126 hujus
2848 4054 3117 4127 ipsorum
3145 4055 3347 4126 patria:
3378 4074 3393 4110 :
3418 4061 3476 4111 et
3502 4056 3643 4114 hinc

1979 4158 2109 4199 sese
2146 4141 2531 4201 intrudebant
2560 4142 2621 4198 in
2646 4157 2997 4213 generosam
3028 4145 3355 4211 Judaeorum
3391 4159 3641 4215 genera~

1979 4230 2228 4299 tionem,

2051 4319 2308 4387 Quidam
2336 4324 2537 4381 autem
2559 4320 2785 4392 dicunt,
2814 4320 2967 4379 hanc
2997 4320 3329 4387 mulierem,
3364 4321 3638 4398 aliosque

1979 4408 2272 4481 plurimos
2304 4409 2634 4473 Samariam
2665 4409 3048 4475 incolentium
3109 4426 3146 4468 a
3173 4410 3358 4477 Jacob
3389 4411 3641 4475 descens-

1981 4497 2143 4553 disse
2174 4515 2187 4554 :
2217 4497 2360 4553 olim
2380 4503 2580 4555 autem
2608 4498 3088 4572 progenitoribus
3110 4500 3323 4574 captis,
3353 4516 3424 4557 ac
3450 4500 3643 4574 Baby-

1932 4586 1948 4617 ί
1977 4587 2203 4647 loniam
2239 4587 2299 4645 in
2326 4588 2668 4655 servitutem
2688 4586 2907 4661 ductis,
2936 4587 3045 4657 hos
3065 4588 3454 4657 Samaritanis
3477 4605 3639 4659 com-

1982 4676 2209 4743 mistos,
2241 4681 2296 4733 et
2333 4692 2471 4734 cum
2489 4677 2574 4733 eis
2615 4681 2904 4753 versatos,
2930 4675 3112 4749 longo
3137 4682 3407 4759 tempore
3436 4678 3641 4747 variis:

1976 4782 2097 4841 que
2121 4765 2556 4825 calamitatibus
2585 4765 2661 4823 ad
2694 4781 2906 4824 eorum
2936 4782 3129 4833 mores
3180 4772 3638 4837 transmutatos.

2048 4948 2160 5003 Aut
2212 4944 2511 5003 vocabant
2546 4949 2774 5019 patrem
2826 4945 3036 5014 Jacob,
3069 4962 3138 5004 eo
3169 4947 3331 5022 quod
3368 4951 3423 5006 et
3474 4948 3569 5006 hic
3602 4964 3639 5021 ο.

1975 5036 2265 5095 Chaldaeis
2304 5052 2496 5107 genus
2529 5041 2805 5093 traxerat.

2049 5127 2192 5183 Dicit
2242 5142 2384 5198 ergo
2433 5142 2593 5183 nunc
2652 5126 3074 5183 Samaritana:
3129 5128 3297 5189 Quod
3340 5128 3390 5184 si
3420 5128 3494 5184 de
3525 5128 3637 5185 hac

1972 5232 2095 5274 non
2121 5215 2385 5290 loqueris
2407 5232 2599 5290 aqua:
2629 5232 2774 5273 num
2814 5218 2873 5272 tu
2913 5218 3110 5287 major
3135 5232 3193 5286 es
3218 5220 3393 5297 patre
3436 5222 3636 5289 nostra

1502 5395 1728 5467 Varia
1750 5395 2081 5466 lectiones
2121 5403 2190 5463 et
2207 5400 2412 5463 noun.

358 5604 448 5677 60)
487 5601 911 5677 Tom.erll,_p.
942 5602 1055 5677 _183
1080 5598 1146 5657 D.

358 5605 448 5677 60)
487 5605 652 5661 Tom.
686 5605 821 5665 Vill,
852 5615 911 5673 p.
956 5605 1055 5658 183
1080 5605 1146 5657 1).

336 5605 447 5804 ξιξέέ
492 5676 775 5733 Scribitur
817 5670 1055 5729 duobus
1088 5690 1178 5740 σσ,
1215 5668 1297 5727 uti
1325 5667 1648 5725 Hentenius
1678 5665 1861 5724 etiam

262 5747 462 5804 habet.

2040 5593 2158 5669 (92)
2182 5588 2528 5669 ξΛνδρίοενΑᾼ.

2043 5663 2154 5737 (93)
2182 5663 2505 5721 Ὀτιέιᾶάὶῑ
2542 5668 2611 5721 Α.
