4170 6440
606 356 737 416 1191

1927 353 2274 415 EUTHYMII
2328 355 2652 415 ZlGABENI

3834 357 3949 417 1192

600 485 792 550 Iacob,
810 487 915 558 qui
930 484 1263 542 deditnobis
1275 492 1516 555 puteum
1529 483 1689 541 hunc
1711 488 1833 540 tam
1851 484 2165 546 celebrem.
2201 488 2253 539 ul

2374 487 2518 558 ἡμῶν
2566 483 2774 552 Ἰακὼϐ,
2824 485 2878 545 ὃς
2936 481 3124 537 ἔδωκεν
3181 486 3305 557 ημῖν
3361 487 3418 536 τό
3480 488 3635 560 φρίαρ
3704 491 3844 538 τουτὶ
3901 492 3948 539 τό

602 574 906 630 meliorem
931 575 1129 647 possis
1145 577 1288 630 dare
1306 591 1527 646 aquam
1545 573 1755 640 ?Quod
1773 579 1972 630 autem
1998 573 2260 630 additur.

603 665 674 720 Et
702 666 816 736 ipse
839 681 913 721 ex
938 681 1001 721 eo
1027 665 1187 729 bibit,
1231 671 1283 722 et
1321 666 1434 733 ﬁlii
1462 667 1589 735 ejus
1637 670 1688 720 et
1742 679 1956 734 pecora
1983 666 2130 734 eius,
2184 664 2260 719 ad

599 754 787 827 ipsius
814 755 972 827 putei
1003 754 1244 810 laudem
1275 755 1497 810 dictum
1531 762 1642 812 est.
1684 758 1830 811 Nam
1864 756 1913 810 si
1953 752 2259 810 meliorem

601 843 782 900 alium
815 843 1140 908 habuisset,
1176 860 1551 915 nequaquam
1582 861 1719 900 cum
1767 850 1891 900 tota
1919 843 2146 899 familia
2189 859 2261 898 ex

600 932 715 988 hoc
744 931 1001 988 bibisset.
1029 933 1340 1006 Reliquum
1365 938 1455 988 est
1486 933 1680 1003 igitur,
1714 938 1794 999 ut,
1820 934 1865 989 si
1899 932 2090 1006 possis
2117 932 2261 988 dare

600 1022 928 1087 meliorem,
964 1024 1157 1093 major
1189 1023 1273 1077 sis
1302 1022 1510 1077 Jacob.

674 1112 819 1170 Haac
849 1112 1050 1185 itaque
1078 1114 1455 1169 Samaritana
1495 1113 1567 1167 de
1607 1112 1795 1168 Jacob
1825 1128 1964 1168 cum
1995 1127 2067 1168 eo
2097 1110 2262 1184 loqui

601 1208 940 1274 perseverat
971 1202 1114 1272 (gg),
1167 1208 1402 1273 optans,
1444 1201 1608 1274 quod
1649 1202 1881 1275 quaerit,
1931 1201 2193 1256 invenire
2245 1217 2259 1252 :

597 1289 782 1346 Judaei
824 1307 961 1346 vero
1019 1292 1194 1346 etiam
1237 1289 1505 1363 lapidare
1537 1307 1673 1346 eum
1729 1290 2058 1360 tentabant,
2111 1288 2259 1343 dum

598 1378 903 1435 Abraham
945 1379 1162 1436 faceret
1221 1380 1608 1436 mentionem.
1657 1380 1975 1447 Quomodo
2020 1395 2163 1449 ergo
2193 1396 2263 1434 a2-

598 1485 788 1542 quum
853 1475 1022 1534 esset,
1079 1476 1142 1524 ut
1197 1469 1546 1541 hujusmodi
1599 1470 1900 1543 repelleret
1951 1470 2261 1526 mulierem

599 1559 952 1623 studiosam,
983 1558 1252 1614 discendi
1286 1558 1542 1627 avidam,
1575 1577 1643 1615 ac
1669 1560 1864 1631 juvari
1899 1561 2259 1631 cupientem.

672 1737 836 1794 Vers.
869 1739 953 1793 l3.
987 1738 1292 1808 Respondit
1325 1770 1392 1778 —
1421 1743 1651 1794 iterum.
1687 1739 1786 1795 Siti
1815 1756 2008 1812 aqum.

671 1827 837 1886 Vers.
873 1829 957 1883 14.
995 1829 1270 1899 Quisquis
1301 1860 1364 1867 —
1393 1837 1690 1885 aeternum.
1735 1832 2073 1902 Nenaquam
2108 1827 2263 1884 sitiet
2301 1847 2343 1901 Β

602 1933 873 1990 unquam
905 1918 1332 1973 incredulitatis
1365 1919 1475 1973 siti.

673 2008 837 2062 Vers.
886 2008 972 2062 1-4.
1007 2007 1117 2064 Sed
1146 2039 1212 2047 —
1243 2023 1431 2080 aqua.
1494 2010 1596 2064 Per
1626 2007 1850 2065 fontem
1907 2007 2264 2079 signiﬁcavit

601 2097 1057 2168 perpetuitatem
1086 2112 1154 2152 ac
1186 2095 1580 2166 integritatem
1608 2097 1961 2169 hujusmodi
1993 2113 2188 2170 aquas.

677 2184 836 2241 Vers.
871 2186 955 2242 14.
989 2187 1272 2242 Salientis
1307 2217 1368 2227 —
1410 2191 1708 2243 aeternam.
1764 2187 2147 2243 Scaturientis
2185 2185 2261 2242 ad

601 2274 784 2330 vitam
825 2280 1131 2342 aeternam,
1165 2290 1236 2331 eo
1262 2276 1424 2348 quod
1458 2277 1637 2332 vitam
1667 2276 1925 2350 praabeat
1953 2283 2260 2333 arternam.

599 2363 740 2420 Vide
767 2370 990 2433 autem,
1037 2366 1215 2436 quod,
1253 2381 1386 2420 cum
1431 2365 1641 2421 mulier
1699 2366 1965 2432 dixisset,
2013 2366 2165 2422 Num
2201 2371 2261 2420 tu

598 2456 795 2523 major
822 2469 880 2510 es
931 2458 1097 2524 patre
1151 2458 1349 2510 nostra
1386 2454 1581 2520 Iacob,
1643 2472 1763 2511 non
1805 2456 1952 2512 dixit
2006 2455 2261 2528 :Utique

596 2542 794 2613 major
824 2558 958 2597 sum
991 2561 1004 2610 ;
1035 2541 1331 2598 videretur
1359 2545 1518 2599 enim
1572 2544 1839 2617 seipsum
1877 2546 2121 2615 jactare,
2157 2542 2262 2599 sed

597 2629 676 2686 ab
725 2630 812 2685 his
869 2648 1000 2703 qua:
1043 2631 1210 2696 dixit,
1273 2631 1386 2687 hoc
1441 2632 1652 2689 intulit.
1727 2636 1872 2688 Nam
1925 2632 2263 2689 differentia

599 2734 889 2792 aquarum
907 2719 1301 2775 differentiam
1327 2721 1497 2776 infert
1513 2721 1906 2793 praebentium
1941 2721 2092 2784 illas,
2121 2736 2260 2775 cum

597 2807 939 2864 naturaliter
968 2825 1130 2876 aqua
1169 2809 1267 2865 illa
1297 2815 1703 2875 consumatur,
1733 2810 1859 2865 haec
1898 2817 2096 2865 autem
2130 2824 2260 2881 per-

595 2902 777 2969 petuo
804 2904 1062 2954 maneat.

667 2987 826 3043 Vers.
862 2989 952 3045 15.
990 2989 1144 3044 Dicit
1178 3020 1242 3028 —
1292 2989 1373 3044 ad
1404 2988 1822 3045 hauriendum.
1856 2989 2148 3045 Paulatim
2181 2989 2260 3046 ad

593 3075 948 3145 dogmatum
977 3078 1388 3132 celsitudinem
1410 3078 1862 3150 provehitur.Ab
1893 3082 2254 3152 aquwenim,

592 3177 778 3238 quam
851 3167 1071 3232 tribuit,
1134 3168 1498 3238 prmstantia,
1545 3167 1705 3224 hunc
1754 3184 1884 3224 esse
1973 3170 2254 3240 majorem

590 3255 776 3311 Jacob
798 3255 999 3321 credit,
1020 3255 1304 3328 quodque
1324 3255 1751 3312 excellentioris
1777 3265 2004 3313 natura:
2031 3273 2254 3330 aquam

589 3333 825 3407 tribuat,
854 3343 1123 3414 intelligit
1147 3359 1161 3399 :
1189 3346 1460 3400 nondum
1487 3352 1686 3401 autem
1711 3346 1967 3418 perfecte
2000 3351 2252 3417 cognos-

587 3433 683 3499 cit,
717 3439 818 3488 aut
848 3433 982 3506 quis
1013 3432 1105 3497 sit,
1139 3433 1241 3506 qui
1269 3434 1425 3490 hanc
1453 3433 1655 3504 donet,
1689 3442 1791 3491 aut
1838 3436 1983 3508 quid
2026 3435 2125 3492 illa
2179 3438 2254 3493 sit

585 3538 763 3594 aqua,
796 3522 1451 3596 percipit;suspicatur
1483 3529 1682 3580 tamen
1733 3524 1792 3579 id
1841 3526 2003 3597 quod
2050 3525 2247 3592 datur,

583 3612 698 3668 tale
738 3612 1053 3684 quippiam
1113 3627 1264 3675 esse,
1318 3613 1483 3684 quod
1516 3613 1672 3668 sitim
1707 3613 1860 3669 hanc
1907 3615 2249 3672 sensibilem

582 3700 858 3772 perimat.
919 3704 1043 3756 Non
1101 3707 1188 3755 est
1240 3717 1380 3771 ergo
1430 3701 1572 3756 levis
1608 3702 1736 3757 haec
1780 3703 2010 3769 mulier,
2056 3721 2250 3776 neque

579 3789 740 3845 enim
802 3795 1102 3862 utcunque
1135 3789 1397 3862 suscepit
1447 3807 1518 3846 ea
1547 3808 1682 3864 quae
1740 3793 2113 3859 dicebantur,
2149 3795 2249 3850 sed

579 3884 715 3950 post
737 3877 979 3946 longam
1001 3878 1556 3949 interrogationem;
1586 3897 1778 3954 neque
1801 3899 2040 3938 rursum
2064 3884 2251 3939 incre-

577 3965 723 4020 dula
744 3981 814 4021 ac
846 3967 1236 4023 contentiosa.
1260 3971 1403 4024 Nam
1437 3986 1573 4025 cum
1606 3972 1897 4042 majorem
1920 3989 2057 4028 eum
2089 3973 2250 4029 inve-

578 4055 784 4121 nisset,
825 4070 1018 4128 quam
1044 4057 1228 4113 Jacob
1263 4074 1404 4122 ,non
1438 4062 1769 4131 permansit
1799 4060 1859 4116 in
1890 4069 2250 4134 praesumpta

577 4144 881 4216 opinione.
932 4145 1107 4217 Atqui
1137 4147 1356 4203 Iudaeis
1403 4148 1552 4204 dixit
1595 4150 1850 4205 Christus
1893 4165 1905 4205 :
1945 4151 2055 4216 Qui
2096 4152 2247 4208 venit

576 4234 647 4290 ad
684 4250 794 4306 me,
828 4251 944 4291 non
969 4238 1180 4292 esuriet
1211 4245 1289 4293 :et
1323 4240 1426 4310 qui
1449 4239 1638 4294 credit
1657 4241 1713 4293 in
1735 4256 1843 4304 me,
1870 4257 1986 4297 non
2003 4242 2154 4298 sitiet
2183 4242 2246 4298 in

579 4331 860 4381 aeternum
886 4326 932 4360 ⁸⁵
959 4341 972 4390 ;
1007 4323 1086 4381 illi
1118 4332 1315 4382 autem
1346 4343 1465 4382 non
1486 4327 1680 4384 solum
1700 4345 1821 4386 non
1845 4330 2244 4397 crediderunt,

578 4413 686 4470 sed
715 4419 772 4470 et
809 4413 1242 4470 oﬂ‘endiculum
1267 4433 1336 4472 ex
1368 4428 1439 4472 eo
1471 4418 1634 4486 passi
1665 4425 1819 4475 sunt.

648 4504 816 4561 Vers.
867 4508 950 4559 16.
995 4503 1161 4560 Dixit
1193 4536 1261 4546 —
1291 4506 1429 4562 huc.
1487 4508 1632 4563 Cum
1663 4507 1908 4565 instaret
1957 4513 2012 4566 et
2037 4525 2241 4582 appre-

576 4593 838 4650 hendere
865 4593 1055 4660 vellet,
1090 4595 1170 4651 ait
1204 4613 1216 4651 :
1246 4595 1382 4666 Abi,
1421 4612 1562 4653 voca
1590 4598 1785 4653 virum
1820 4607 1981 4655 tuum
2017 4606 2069 4654 et
2110 4601 2245 4656 veni

577 4682 708 4751 huc,
739 4683 1056 4750 simulans,
1083 4685 1243 4757 quod
1265 4687 1443 4742 etiam
1464 4686 1628 4742 illum
1653 4705 1787 4743 cum
1811 4705 1879 4743 ea
1907 4690 2241 4745 communi-

577 4784 711 4826 care
741 4776 1039 4843 oporteret
1069 4774 1124 4827 in
1168 4775 1348 4831 dono.
1400 4777 1572 4848 Atqui
1607 4783 1854 4833 noverat
1884 4794 2016 4833 eam
2053 4779 2240 4836 virum

576 4859 906 4931 legitimum
924 4877 1041 4916 non
1058 4862 1510 4937 habere,utpote
1526 4868 1729 4922 omnia
1745 4868 2024 4932 sciens;id
2041 4873 2236 4925 tamen

579 4947 818 5004 volebat
862 4951 1057 5020 ipsam
1117 4951 1330 5018 dicere,
1369 4959 1430 5011 ut
1468 4956 1845 5028 apprehensa
1899 4957 2237 5023 occasione,

577 5051 714 5110 quas
745 5037 900 5094 circa
924 5054 1059 5096 eam
1091 5041 1454 5112 acciderant,
1486 5044 1888 5117 prophetaret,
1923 5045 2241 5120 ipsamque

655 5216 704 5254 ⁸⁵
745 5219 914 5275 toan.
954 5234 1034 5285 vn,
1059 5221 1149 5276 35.

2373 574 2698 649 περιϐόητον,
2751 576 2833 626 ἵνα
2880 579 2969 626 καὶ
3010 571 3138 647 δύνῃ
3189 571 3370 626 δοῦναι
3416 582 3648 649 κρεῖττον
3683 571 3947 647 ύδωρςΤό

2376 661 2453 730 δε,
2489 670 2587 717 Καὶ
2623 665 2769 725 αύτός
2805 664 2858 727 εξ
2888 665 3046 716 αὑτοῦ
3078 667 3203 728 ἔπιε,
3233 668 3322 715 καὶ
3352 667 3401 715 οἱ
3431 665 3537 715 υἱοὶ
3567 664 3748 729 αὑτοῦ,
3797 669 3878 716 καὶ
3900 671 3949 716 τὰ

2374 756 2644 828 θρέμματα
2694 754 2873 819 αὐτοῦ,
2907 758 3036 827 πρὸς
3079 755 3282 806 ἔπαινον
3333 761 3425 804 τοῦ
3472 754 3709 805 τοιούτου
3758 759 3949 827 φρέατος

2373 846 2592 918 εἷρηται,
2620 846 2698 896 ὅτι
2731 843 2815 895 ίαν
2842 840 2980 914 εἶχεν
3002 844 3169 916 ἕτερον
3193 851 3446 915 κρεῖττον,
3477 842 3568 894 ούκ
3610 844 3673 894 οἰδ
3706 840 3760 893 ἐκ
3789 848 3946 896 τούτου

2373 935 2479 985 ἔπιε
2508 938 2735 985 πανοικί.
2767 936 2965 986 Λοιπὸν
2991 929 3100 1001 οὖν,
3128 931 3170 984 εἰ
3194 937 3257 984 σύ
3289 927 3473 984 δύναιο
3506 928 3689 983 δοῦναι
3717 940 3946 1006 κρεῖττον,

2371 1022 2564 1094 μείζων
2604 1019 2650 1074 εἷ
2683 1030 2773 1074 τού
2802 1021 3008 1077 Ἰακώϐ.

2441 1112 2497 1164 Ἠ
2531 1116 2620 1184 μεν
2674 1109 2760 1164 οὖν
2811 1120 3112 1185 Σαμαρεῖτις
3162 1113 3292 1170 αὕτη
3335 1120 3608 1185 προσηνῶς
3666 1111 3812 1182 αύτῲ
3856 1120 3947 1187 περὶ

2371 1210 2463 1254 τού
2537 1201 2722 1254 Ἰακὼϐ
2801 1199 3117 1273 διαλέγεται,
3202 1206 3291 1252 καὶ
3362 1205 3663 1273 παραμένει,
3739 1202 3947 1254 ποθοῦσα

2374 1293 2534 1365 εύρεῖν
2571 1295 2626 1344 τὸ
2669 1293 3013 1363 ζητούμενον·
3070 1294 3120 1342 0i
3173 1286 3232 1343 δε
3287 1287 3537 1343 Ἰουδαῖοι
3593 1296 3684 1342 καὶ
3747 1289 3943 1351 λιθάζειν

2373 1381 2526 1434 αὑτὸν
2576 1380 2945 1456 ἐπεχείρησαν,
3002 1383 3083 1433 ὅτε
3149 1388 3239 1433 τού
3310 1379 3548 1454 Ἀϐραὰμ
3605 1379 3942 1453 ἐμνημόνευσε.

2376 1479 2490 1533 Πῶς
2536 1469 2623 1523 οὖν
2677 1472 2806 1532 εἰκός
2857 1468 2918 1528 ἦν
2975 1470 3376 1543 ἀποστραφῆναι
3437 1473 3680 1527 τοιαύτην
3733 1479 3948 1542 -γυναῑκα

2376 1558 2671 1614 σπουδαίαν
2760 1567 2849 1612 καὶ
2929 1560 3182 1633 φιλομαθή
3272 1565 3360 1612 καὶ
3451 1559 3780 1633 γλεχομένζν
3850 1562 3947 1632 ὡφε-

2371 1651 2434 1709 λη
2444 1653 2618 1711 θῆναι.

2446 1742 2727 1814 Ἀπεκρίθη
2764 1772 2832 1782 -
2863 1739 3034 1793 πάλιν.
3071 1739 3233 1810 Δίψαν
3260 1735 3472 1802 ὕδατος.

2443 1831 2534 1891 ’ος
2566 1863 2631 1870 -
2664 1830 2843 1884 αἰῶνα.
2879 1829 2954 1882 Ού
2981 1834 3051 1903 μή
3089 1826 3294 1902 διψήσῃ
3330 1831 3468 1893 ποτε,
3517 1833 3610 1887 την
3645 1827 3697 1891 εξ
3731 1827 3947 1889 ἀπιστίας

2377 1918 2560 1991 δίψαν.

2446 2010 2601 2062 Ἀλλά
2652 2041 2718 2050 —
2746 2006 2960 2070 ύδατος.
2996 2011 3089 2061 Διά
3127 2016 3220 2070 τῆς
3286 2017 3462 2080 πηγῆς
3514 2011 3572 2060 τό
3634 2006 3831 2060 ἁένναον
3873 2014 3945 2059 καὶ

2376 2099 2629 2160 ἀνελλιπὶς
2655 2107 2746 2152 τοῦ
2777 2101 3014 2151 τοιούτου
3046 2094 3240 2159 ύδατος
3273 2096 3518 2169 ὶνίφηνεν.

2446 2188 2749 2261 ’.κλειομένου
2819 2218 2887 2231 —
2955 2188 3181 2243 αἰώνιον.
3244 2185 3644 2248 Ἀναϐλύζοντος
3704 2187 3812 2256 (61)
3866 2183 3943 2238 διὰ

2377 2278 2510 2339 ζωὴν
2577 2277 2801 2342 αἰώνιον,
2850 2277 2921 2338 εἰς
2970 2279 3028 2327 τὸ
3069 2278 3319 2349 παρέχειν
3375 2276 3512 2336 ζωὴν
3561 2275 3780 2329 αἰώνιον.
3829 2275 3940 2348 Ὀρα

2377 2365 2434 2420 δε
2479 2375 2582 2427 πῶς
2642 2367 2906 2439 εἰρηκυίας
2950 2374 3040 2425 τῆς
3093 2368 3357 2437 γυναικός,
3417 2369 3497 2421 Μὴ
3547 2368 3613 2416 σύ
3683 2365 3854 2436 μείζων
3903 2362 3940 2415 εἰ

2374 2465 2465 2509 τοῦ
2540 2462 2737 2532 πατρὸς
2801 2458 2946 2528 ἡμῶν
3001 2453 3210 2519 Ἰακὼϐ,
3290 2453 3383 2506 ούκ
3443 2450 3550 2506 εἶπε
3609 2460 3706 2507 Καὶ
3771 2456 3929 2524 μείζων

2375 2547 2518 2618 εἰμί’
2567 2541 2713 2608 ἓδοξε
2770 2547 2872 2618 γὰρ
2923 2546 2985 2595 οἶν
3035 2547 3357 2616 κομπάζειν·
3408 2542 3492 2614 ἀφ’
3552 2543 3619 2593 ὧν
3667 2539 3721 2594 οἾ
3761 2545 3914 2611 riam,

2373 2645 2526 2687 τουτο
2580 2637 2975 2687 κατεσκεύασεν.
3039 2633 3095 2685 ’11
3170 2628 3398 2705 διαφορὰ
3442 2633 3544 2705 γὰρ
3607 2640 3695 2683 τῶν
3740 2625 3913 2680 ὑδάτων

2373 2728 2466 2781 τὴν
2499 2719 2532 2775 δ
2540 2727 2754 2798 ιαφοραν
2797 2730 2896 2774 τῶν
2927 2727 3263 2797 παρεχόντων
3311 2721 3448 2773 αύτά
3486 2725 3732 2794 κηρύττει·
3764 2721 3923 2786 ἐκείνῳ

2372 2815 2462 2885 μεν
2482 2816 2583 2888 γὰρ
2616 2821 2688 2884 τῷ
2726 2809 2886 2865 ὕδατι
2914 2815 3070 2884 φύσις
3100 2807 3459 2876 δαπανᾶσθαι,
3493 2813 3646 2881 τούτῳ
3696 2805 3751 2860 δέ
3776 2808 3934 2876 mysi-

2376 2903 2479 2963 ζειν
2505 2901 2604 2959 ἀεί.

2449 2995 2599 3062 Λίγει
2667 3023 2733 3033 -
2801 2990 3014 3045 ἀντλεῖν.
3080 2993 3225 3043 Κατὰ
3287 2994 3471 3064 μικρὸν
3537 2988 3776 3059 ἀνάγεται
3839 2989 3948 3058 πρὸς

2374 3085 2429 3134 τὸ
2461 3091 2558 3134 τῶν
2605 3077 2882 3152 δογμάτων
2930 3081 3081 3151 ὕψος.
3118 3080 3247 3131 ’.1πό
3307 3088 3400 3141 τῆς
3449 3080 3719 3153 ὑπεροχῆς
3771 3079 3864 3149 γὰρ
3901 3075 3949 3126 οὗ

2372 3167 2597 3224 δίδωσιν
2661 3166 2872 3236 ὕδατος,
2935 3171 3148 3241 μείζονα
3204 3179 3382 3221 τοῦτον
3432 3177 3523 3220 τοῦ
3605 3166 3789 3221 Ἰακὼϐ
3843 3162 3952 3218 εἶναι

2368 3264 2700 3330 πεπίστευκε,
2738 3267 2827 3311 καὶ
2872 3262 2951 3311 ὅτι
3004 3263 3094 3330 μὲν
3146 3259 3320 3332 ἐτέρας
3364 3261 3559 3330 φύσεως
3605 3254 3751 3330 ὕδωρ
3809 3251 3948 3306 δίδω-

2368 3368 2449 3402 σιν
2493 3349 2810 3422 ὑψηλοτέρας
2860 3348 3101 3406 ὶνόησεν·
3152 3352 3295 3399 ούπω
3349 3344 3407 3400 δι
3455 3352 3512 3398 τό
3564 3347 3755 3398 τέλειον
3805 3349 3949 3415 ἔγνω·

2363 3442 2480 3491 οὔτε
2520 3443 2621 3513 γὰρ
2670 3444 2746 3499 τίς
2799 3438 2938 3490 ὶστιν
2995 3439 3019 3488 ὁ
3054 3447 3206 3489 τοῦτο
3262 3433 3470 3500 διδούς,
3527 3440 3669 3501 οὗτε,
3726 3441 3777 3487 τί
3832 3433 3954 3486 ἐστιν

2361 3536 2534 3594 τοῦτο,
2588 3526 2882 3580 κατέλαϐεν.
2929 3525 3171 3580 ’Υπίλαϐε
3225 3522 3283 3578 δε
3322 3529 3377 3578 τὸ
3432 3521 3717 3597 διδόμενον
3778 3524 3955 3594 iampr-

2362 3621 2504 3670 τικὸν
2550 3620 2834 3688 τυγχάνειν
2892 3619 3082 3675 ταύτης
3140 3623 3234 3677 τῆς
3307 3611 3470 3685 δίψης
3523 3622 3615 3675 τῆς
3697 3614 3952 3670 αἰσθητῆς.

2361 3711 2494 3760 Οὔτε
2524 3703 2611 3758 οὖν
2652 3705 2855 3769 εὔκολος
2916 3708 3107 3776 ηγυνὴ
3162 3705 3329 3762 αὕτη·
3386 3704 3445 3756 ού
3501 3707 3601 3774 γὰρ
3664 3703 3838 3763 ἁπλῶς
3867 3697 3956 3753 ἰδί-

2361 3796 2483 3858 ξατο
2529 3799 2595 3848 τὰ
2641 3795 2908 3868 λεγόμενα,
2969 3792 3098 3846 ἀλλὰ
3154 3797 3286 3866 μετὰ
3334 3793 3528 3854 πολλῆς
3581 3797 3953 3857 συζητησεως·

2360 3889 2472 3938 οὔτε
2540 3885 2759 3946 ἀπειθὴς
2824 3889 2913 3937 καὶ
2979 3883 3293 3956 φιλόνεικος·
3394 3883 3621 3955 εύροῡσα
3700 3885 3806 3954 γὰο
3886 3883 3958 3931 τὸν

2358 3979 2574 4048 μείζονα
2625 3982 2717 4027 τού
2777 3972 2982 4037 Ἰακὼϐ,
3057 3973 3150 4026 ούκ
3202 3971 3492 4043 ἕναπίμεινε
3566 3979 3628 4045 τῇ
3698 3969 3956 4045 προλήψει-

2365 4069 2547 4117 Καίτοι
2577 4068 2666 4116 καὶ
2696 4059 2974 4124 Ἰουδαίοις
3015 4059 3175 4127 εἶπεν,
3208 4064 3288 4114 ὅτι
3333 4062 3392 4114 Ὀ
3419 4061 3705 4134 ἕρχόμενος
3760 4064 3885 4133 πρὸς
3909 4077 3961 4129 με

2359 4154 2417 4206 ού
2449 4158 2519 4225 μὴ
2554 4157 2774 4225 πεινάσῃ
2804 4170 2815 4182 ·
2850 4156 2939 4205 καὶ
2969 4154 2996 4204 ό
3035 4154 3295 4204 πιστεύων
3323 4152 3391 4212 εἰς
3414 4149 3499 4222 ὶμε
3526 4151 3587 4202 ού
3631 4156 3708 4224 μὴ
3767 4147 3957 4219 διψήσῃ

2357 4250 2607 4296 πώποτε’
2664 4242 2772 4295 ἀλλ’
2820 4242 2878 4295 ού
2931 4247 3085 4315 μόνον
3138 4241 3237 4293 ούκ
3299 4239 3632 4305 ὶπιστευσαν,
3706 4239 3838 4292 ἀλλὰ
3883 4241 3960 4290 καὶ

2359 4329 2878 4391 ἕσκανδαλίσθησαν.

2438 4514 2589 4582 Λίγει
2654 4541 2721 4549 -
2784 4504 2987 4563 ίνθάδε.
3046 4507 3373 4579 Ἐγκειμένης
3427 4512 3514 4558 καὶ
3561 4508 3837 4567 ζητούσης
3887 4505 3962 4554 λα-

2357 4599 2482 4665 ϐεῖν,
2545 4599 2700 4670 λίγεῖ·
2758 4598 2973 4669 Ὕπαγε,
3048 4597 3262 4649 κάλεσον
3312 4600 3397 4648 τόν
3451 4593 3622 4667 ἄνδρα
3697 4616 3822 4662 σου,
3883 4599 3960 4646 καὶ

2357 4689 2467 4742 ἆλθε
2501 4686 2706 4760 ἕνθάδε,
2761 4691 3207 4762 προσποιούμηος
3236 4689 3444 4760 ὅτιχρη
3501 4683 3749 4738 κάκεῖνον
3803 4705 3962 4737 κοινω-

2353 4788 2516 4837 νῆσαι
2542 4782 2706 4852 ταύτῃ
2752 4785 2844 4832 τοῦ
2876 4775 3070 4851 δώρου.
3119 4781 3219 4830 Καὶ
3251 4778 3329 4829 ὃτι
3367 4778 3457 4848 μεν
3502 4774 3598 4827 ούκ
3652 4778 3777 4847 ἔχει
3808 4770 3962 4846 οἱνδρα

2353 4875 2572 4942 νόμιμον
2662 4867 2962 4941 ἐγίνωσκεν,
3073 4869 3138 4927 ὡς
3240 4868 3410 4918 πάντα
3496 4861 3652 4926 εἰδώς
3739 4864 3960 4917 ἐϐούλετο

2355 4955 2414 5012 δε
2471 4962 2666 5018 ταύτην
2726 4958 2881 5011 εἰπεῖν
2934 4958 3014 5009 ὅτι
3062 4955 3156 5009 ούκ
3212 4957 3326 5027 ἔχει
3380 4950 3570 5027 ἄνδρα,
3630 4955 3721 5006 ἱνα
3775 4953 3957 5010 λοιπόν,

2356 5049 2665 5124 προφάσεως
2721 5044 3062 5124 δραξάμενος,
3115 5047 3449 5120 προφητεύσῃ
3499 5045 3568 5096 τὰ
3628 5043 3760 5097 κατ’
3815 5043 3960 5098 auris:

1810 5349 2039 5420 Varias
2067 5351 2390 5422 lectiones
2431 5361 2496 5421 et
2534 5360 2740 5422 nota.

653 5537 768 5610 (64)
809 5537 1250 5610 Praepositiones
1289 5543 1362 5605 εἰς
1414 5547 1472 5600 et
1528 5542 1623 5598 διὰ
1675 5547 1797 5604 suis
1853 5548 1999 5607 locis
2055 5557 2250 5608 motas

584 5609 855 5666 arbitror.
895 5609 990 5662 Διά
1042 5617 1198 5667 certe
1251 5613 1342 5669 his
1373 5615 1578 5672 locum
1613 5618 1717 5694 _vix
1757 5620 1974 5677 habere
2038 5628 2248 5696 potest,

2365 5552 2530 5607 Forte
2582 5549 2902 5608 Hentenius
2947 5551 3212 5610 invenit:
3264 5546 3655 5609 Αναϐλύζοντος
3699 5547 3773 5608 εἰς
3831 5546 3948 5607 Cui?

2362 5622 2566 5675 αἰώνιον
2598 5619 2770 5696 διὰ.τό
2795 5626 3066 5699 παρέχειν.

657 5785 776 5859 (gg)
803 5785 1003 5858 Loqui
1015 5795 1375 5858 perseverat.
1400 5790 1676 5851 humauit
1711 5812 1774 5852 er
1810 5797 2169 5870 colloquitur
2184 5804 2239 5857 et
2270 5804 2580 5874 permanet
