4170 6452
192 376 318 438 H93

1206 362 1580 436 COMMENT.
1630 367 1700 434 ΙΝ
1737 375 2090 434 JOANNEM.
2119 409 2186 422 -
2216 377 2368 436 CAP.
2401 376 2490 436 1v.

3401 383 3541 442 4194

183 511 265 560 καὶ
295 503 654 580 διορθῶσηται
707 508 922 564 ταύτην.
957 504 1104 558 ean
1161 503 1259 577 γὰρ
1299 511 1399 556 τῶν
1437 501 1772 579 προῤῥήσεων

1892 504 2218 574 corrigeret.
2236 504 2371 560 Vult
2392 505 2552 560 enim
2578 505 2994 562 vaticiniorum
3023 520 3093 562 ac
3115 506 3539 565 miraculorum

183 601 265 650 καὶ
297 605 398 648 τῶν
431 597 705 669 θαυμάτων
748 598 842 658 τὰς
867 596 1103 668 ἀφορμὰς
1127 595 1248 666 παρ’
1287 593 1455 645 αὐτῶν
1497 593 1774 666 λαμϐάνειν

182 695 272 740 τῶν
301 690 640 760 προσιόντων,
668 686 804 738 ὥστε
826 689 916 737 καὶ
959 689 1054 742 τὴν
1093 690 1186 735 τοῦ
1215 679 1500 746 κενοδοξεῖν
1530 685 1774 735 ὑπόνοιαν

186 771 496 847 διαφεύγειν,
517 779 608 827 καὶ
639 774 962 827 οἰκειοῦσθαι
992 771 1182 846 μᾶλλον
1213 771 1422 834 αύτούς.
1459 775 1528 824 Τὸ
1554 775 1644 845 μὲν
1671 775 1771 847 γὰρ

185 863 333 916 εἰπεῖν
376 867 779 937 προηγουμένως
826 864 906 915 ὅτι
950 861 1261 934 Πολύγαμος
1278 865 1514 932 γέγονας,
1558 866 1648 913 καὶ
1685 869 1772 912 νῦν

185 955 320 1024 ἔχεις
352 949 523 1028 ἄνδρα
573 955 891 1027 παράνομον,
924 953 1139 1024 ἄκαιρον
1169 947 1345 1003 ἐδόκει
1395 955 1484 1002 καὶ
1509 955 1767 1023 περιττόν·

183 1046 236 1095 τὸ
267 1040 302 1095 δ
305 1046 326 1095 ξ
353 1043 476 1117 παρ’
503 1042 662 1103 αὐτῆς
690 1041 916 1095 λαϐόντα
942 1045 1034 1100 τὴν
1075 1040 1246 1092 αἰτίαν
1302 1036 1510 1113 σφόδρα
1538 1041 1773 1114 εὔκαιρον

183 1135 268 1184 καὶ
300 1129 598 1187 ἀκόλουθον.

249 1223 528 1297 Ἀπεκρίθη
562 1251 628 1262 --
659 1217 849 1294 ἄνδρα.
884 1219 1106 1293 Οἰομένη
1135 1221 1261 1294 πρὸς
1299 1219 1567 1291 ἄνθρωπον
1598 1217 1772 1280 ἁπλῶς

185 1307 538 1383 διαλέγεσθαι,
563 1309 873 1384 ἐπεχείρησε
896 1309 1088 1377 λαθεῖν,
1120 1312 1432 1382 κρύπτουσα
1463 1311 1521 1361 τὸ
1544 1307 1772 1383 αἰσχρὸν

181 1408 268 1453 τοῦ
293 1402 610 1474 πράγματος.

253 1492 402 1560 Λέγει
459 1521 528 1530 -
583 1488 814 1563 εἴρηκας.
867 1486 1156 1562 Ἀψάμενος
1215 1489 1475 1562 ἀφορμῆς,
1530 1489 1597 1549 ὡς
1639 1490 1773 1561 εἰρη-

181 1597 283 1644 ται,
317 1580 629 1652 προφητεύει
671 1582 760 1631 καὶ
793 1566 1317 1652 διελέγχει-ταύτην,
1359 1575 1588 1648 ἀκριϐῶς
1641 1577 1774 1648 ἄγαν

182 1671 296 1729 τούς
358 1649 437 1720 -τε
504 1671 750 1740 φανερούς
824 1672 914 1719 καὶ
966 1649 1266 1740 γνόμίμους
1341 1663 1534 1738 ἄνδρας
1612 1665 1777 1728 αὐτῆς

181 1757 432 1829 ἀριθμῶν,
481 1759 689 1809 καὶτὸν
747 1763 834 1808 νῦν
861 1755 1108 1830 λαθραῖον
1159 1759 1250 1807 καὶ
1303 1757 1600 1830 παράνομον
1650 1753 1774 1807 ἀπο-

1883 592 2230 649 occasiones
2259 593 2336 648 ab
2365 593 2460 648 his
2490 609 2626 665 qua;
2657 594 3032 667 contingunt,
3065 595 3354 667 accipere,
3391 602 3456 653 ut
3485 603 3541 654 et

1882 698 2057 738 vanae
2083 682 2284 752 gloriae
2309 682 2711 755 suspicionem
2742 685 2973 749 devitet,
3006 691 3062 740 et
3087 701 3189 741 eos
3228 685 3342 741 sibi
3373 685 3543 744 fami-

1880 769 2150 826 liariores
2179 770 2409 826 reddat.
2448 771 2751 844 Siquidem
2785 772 2901 828 alio
2934 773 3116 830 modo
3155 773 3376 831 dicere:
3411 777 3542 834 Fre-

1882 865 2129 930 quenter
2159 865 2345 932 nupta
2377 859 2556 928 fuisti,
2585 867 2641 915 et
2678 876 2840 917 nunc
2869 862 2998 917 viro
3022 862 3234 932 juncta
3267 880 3330 920 es
3360 864 3542 936 illegi-

1881 949 2050 1017 timo,
2073 949 2560 1021 intempestivum
2587 949 2907 1006 videbatur
2923 955 3103 1023 atque
3126 951 3499 1025 superﬂuum
3526 977 3539 1010 :

1881 1043 2126 1110 accepta
2156 1054 2299 1095 vero
2325 1038 2403 1095 ab
2435 1055 2504 1095 ea
2527 1054 2732 1105 causa,
2761 1041 3181 1112 tempestivum
3209 1048 3334 1100 erat
3361 1049 3542 1116 atque

1881 1143 2278 1200 consequens.

1954 1217 2114 1274 Vers.
2143 1221 2224 1272 t7.
2258 1218 2574 1286 Respondit
2601 1249 2669 1260 —
2693 1218 2909 1275 virum.
2944 1221 3163 1276 Putans
3189 1219 3540 1295 simpliciter

1883 1322 2020 1362 cum
2042 1305 2285 1362 homine
2306 1305 2491 1379 loqui,
2517 1308 2803 1366 occultata
2824 1309 2907 1365 rei
2930 1309 3318 1382 turpitudine,
3338 1310 3540 1370 fallere

1883 1411 2020 1451 eum
2062 1395 2418 1450 conabatur.

1956 1485 2112 1538 Vers.
2150 1487 2232 1537 t7.
2267 1483 2852 1552 Respondit—Ven.
2890 1488 2972 1542 t8.
3005 1485 3227 1543 dixisti.
3260 1489 3537 1560 Accepta,

1887 1577 1949 1626 ut
1965 1572 2189 1628 dictum
2219 1578 2323 1636 est,
2349 1572 2662 1628 occasione
2683 1574 3016 1645 prOphetat,
3037 1591 3293 1648 eamque
3318 1578 3537 1647 arguit,

1886 1661 2263 1717 adamussim
2298 1661 2547 1717 omnino
2586 1661 2933 1719 manifestos
2972 1679 3042 1720 ac
3079 1663 3377 1734 legitimos
3408 1667 3539 1737 ejus

1885 1749 2044 1805 viros
2073 1765 2456 1816 enumerans,
2498 1756 2554 1806 et
2581 1767 2741 1816 eum,
2773 1753 2877 1823 qui
2920 1767 3082 1809 nunc
3118 1754 3386 1810 occultus
3416 1761 3542 1813 erat

179 1845 468 1898 καλύπτων.
536 1849 689 1898 Πέντε
755 1847 844 1918 μεν
921 1847 1022 1917 γὰρ
1097 1841 1296 1918 ἄνδρας
1369 1847 1498 1915 ἔσχε
1555 1853 1776 1919 φανερῶς

1892 1856 1956 1895 ac
1987 1838 2250 1908 illegitim
2262 1855 2330 1894 us
2359 1839 2769 1896 manifestans.
2803 1843 2950 1897 Nam
2971 1842 3240 1914 quinque
3265 1843 3420 1899 viros
3438 1860 3541 1916 pa-

178 1937 310 1986 κατά
341 1930 373 1987 δ
382 1931 612 2005 ιαδοχὴν
637 1953 649 1966 ·
683 1942 834 1987 τοῦτο
855 1937 956 2008 γὰρ
991 1932 1248 1985 ἀκώλυτον
1287 1929 1348 1990 ἦν
1390 1951 1402 1964 ·
1423 1939 1515 1984 τοῦ
1540 1937 1775 2005 πέμπτου

182 2020 239 2076 δὲ
291 2023 713 2088 τελευτήσαντος,
765 2023 859 2075 ούιι
912 2023 989 2075 ἔτι
1039 2021 1216 2074 λοιπὸν
1262 2017 1438 2082 οὐδεὶς
1498 2020 1654 2080 αὐτὴν
1685 2042 1778 2094 φα-

178 2120 332 2185 νερῶς
373 2112 443 2174 εἰς
473 2120 699 2183 γυναῖκα
752 2110 926 2164 λαϐεῖν
974 2110 1242 2170 ἠθέλησεν.
1290 2110 1432 2167 Αὕτη
1487 2105 1546 2163 δὲ
1588 2115 1659 2182 μὴ
1695 2114 1776 2183 φί-

178 2219 347 2274 ρουσα
391 2206 484 2258 τὴν
525 2200 823 2273 ἐπιθυμίαν,
876 2199 1123 2273 λαθραῖον
1149 2195 1262 2271 εἶχε
1290 2202 1374 2251 τὸν
1413 2198 1542 2271 αὐτῇ
1593 2218 1777 2269 συγγι-

177 2294 402 2362 νόμενόν.
431 2291 496 2341 Οἱ
543 2292 691 2341 πέντε
719 2292 811 2362 μεν
859 2284 946 2342 οὖν
976 2285 1160 2362 ἄνδρες
1204 2284 1364 2349 αύτῆς
1406 2284 1560 2354 ἦσαν,
1595 2284 1689 2340 διὰ
1717 2291 1774 2340 τὸ

179 2382 390 2452 φανερόν
423 2395 435 2408 ⁸
461 2379 487 2430 ὁ
520 2375 579 2431 δε
604 2383 719 2432 τότε
747 2380 1058 2451 μιγνύμενος
1095 2377 1190 2430 ούκ
1215 2375 1276 2436 ἧν
1307 2376 1436 2451 ἀνὴρ
1467 2380 1650 2446 αὐτῆς,
1683 2373 1777 2429 διὰ

177 2469 235 2519 τὸ
265 2466 530 2540 λαθραῖον.

251 2556 374 2627 [Τοῦ
431 2555 545 2628 (65)
610 2555 763 2628 ἁγίου
811 2555 1056 2627 Μαξίμου
1090 2573 1103 2588 ·
1135 2553 1193 2607 Ὀ
1228 2561 1535 2628 Σαμαρεῖτις
1572 2551 1774 2613 ὑπεδή-

173 2645 265 2698 λου
317 2649 411 2703 τὴν
464 2643 789 2720 ἀνθρωπίνην
841 2647 1000 2717 ’φύσιν
1052 2642 1315 2696 λαϐοῦσαν
1362 2648 1510 2696 πέντε
1566 2648 1774 2716 νόμους,

173 2737 242 2795 ὡς
298 2731 515 2807 ἄνδρας,
573 2738 660 2787 τόν
712 2753 766 2787 τε
821 2733 870 2786 ἐν
926 2742 998 2804 τῷ
1052 2729 1362 2804 παραδείσῳ
1437 2728 1656 2785 δοθέντα
1702 2741 1774 2804 τῷ

175 2820 372 2896 Ἀδὰμ,
399 2828 489 2876 καὶ
517 2826 601 2876 τὸν
628 2823 772 2886 ἐκτὸς
817 2830 909 2876 τοῦ
965 2819 1292 2896 παραδείσου
1342 2829 1418 2893 τῷ
1452 2821 1592 2892 αὐτῷ
1620 2822 1775 2874 πάλιν

175 2911 416 2982 δοθέντα,
465 2918 556 2966 καὶ
637 2917 725 2966 τὸν
802 2920 894 2965 τοῦ
946 2911 1058 2983 (66)
1108 2918 1222 2964 Νῶε
1279 2914 1415 2963 κατά
1471 2914 1558 2962 τόν
1610 2931 1774 2963 κατα-

171 3002 429 3074 κλυσμὸν,
473 3006 564 3054 καὶ
618 3005 705 3054 τόν
755 3009 828 3071 τῷ
867 3000 1109 3072 Ἀϐραὰμ
1151 3003 1270 3072 περὶ
1327 3007 1418 3059 τῆς
1473 3009 1773 3075 περιτομῆς,

172 3095 266 3142 καὶ
317 3093 404 3142 τὸν
456 3099 528 3160 τῷ
576 3090 716 3160 αύτῷ
741 3089 894 3142 πάλιν
944 3095 1062 3161 περὶ
1118 3095 1210 3148 τῆς
1263 3090 1400 3140 κατὰ
1452 3093 1538 3141 τὸν
1595 3090 1777 3143 Ἰσαὰκ

175 3180 365 3238 θυσίας
394 3195 405 3207 ·
437 3177 546 3229 ἀλλ’
611 3178 756 3230 οὗτοι
812 3181 902 3250 μὶν
955 3179 1004 3229 οἰ
1055 3179 1202 3229 πέντε
1238 3175 1503 3246 παρῆλθον
1531 3182 1621 3229 καὶ
1671 3178 1776 3229 οἷον

173 3266 290 3338 (67)
348 3265 764 3324 ἀποτεθνήκεσαν
825 3283 836 3294 ·
889 3262 1002 3336 εἶχε
1061 3261 1119 3316 δε
1181 3268 1294 3316 τότε
1350 3267 1436 3316 τόν
1475 3271 1774 3318 Μωσαῖκόνο

174 3353 291 3408 Ούκ
317 3351 378 3412 ἦν
420 3351 478 3407 δὲ
501 3355 646 3414 οὗτος
676 3353 790 3425 (68)
833 3351 960 3427 ἀνὴρ
993 3352 1171 3422 αὐτῆς,
1223 3353 1253 3410 ἦ
1289 3353 1368 3404 ὅτι
1407 3352 1465 3405 ού
1516 3354 1634 3406 καθ’
1664 3353 1781 3406 ὁλό-

169 3442 368 3516 κληρον
431 3442 704 3517 ἐστέργετό
751 3459 804 3494 τε
842 3445 932 3493 καὶ
990 3438 1330 3512 ἐφυλάσσετο,
1377 3441 1406 3498 ἦ
1467 3442 1548 3493 ὅτι
1599 3440 1657 3494 ού
1688 3439 1779 3495 διά

169 3535 388 3597 παντὸς,
443 3531 575 3584 ἀλλὰ
635 3535 800 3605 μέχρι
853 3539 944 3590 τῆς
1006 3537 1099 3581 τοῦ
1169 3536 1408 3602 Σωτῆρος
1472 3527 1775 3602 ἐπιδημίας,

169 3617 337 3679 ἐδόθη
385 3629 447 3694 τῇ
509 3623 645 3672 κατά
697 3623 815 3680 τούς
845 3615 1134 3679 Ἰουδαίους
1160 3621 1311 3691 φύσει
1347 3628 1445 3672 τῶν
1471 3618 1775 3695 ἀνθρώπων.

167 3709 392 3763 Ἐκτοτε
441 3708 499 3763 δὲ
557 3710 650 3763 ούκ
695 3705 756 3767 ἧν
811 3707 937 3782 ἀνὴρ
993 3708 1166 3774 αὐτῆς,
1201 3708 1355 3762 α’θιλου
1396 3713 1592 3768 ταύτην
1619 3709 1776 3784 ἀρμο·

169 3800 397 3871 ζομένου
446 3799 633 3870 ἑαυτῷ,
686 3798 819 3870 λέγω
871 3794 965 3862 δὴ,
1028 3805 1119 3850 τοῦ
1199 3797 1532 3870 εὐαγγελικοῦ
1592 3805 1771 3872 νόμου.

167 3893 342 3965 Φρέαρ
373 3892 464 3962 μεν
516 3885 603 3941 οὖν
648 3895 740 3940 τοῦ
796 3885 982 3941 Ἰακὼϐ
1019 3888 1048 3945 ἠ
1081 3889 1194 3939 θεία
1219 3886 1331 3940 ἐστὶ
1367 3893 1542 3961 Γραφή
1584 3905 1596 3918 ·
1629 3886 1773 3964 ὕδωρ

164 3976 232 4032 δε
259 3982 448 4031 τούτου
480 3979 510 4037 ἠ
556 3980 748 4037 ταύτης
775 3985 971 4048 γνῶσις
1001 3994 1014 4006 ο
1055 3975 1217 4048 βάθος
1264 3973 1323 4029 δὲ
1380 3981 1438 4030 τὸ
1491 3977 1654 4050 βάθος
1677 3988 1775 4032 τῶν

161 4070 448 4140 νοημάτων
488 4082 500 4095 ⁶
540 4066 778 4140 ἄντλημα
809 4062 869 4118 δε
899 4067 925 4124 ὃ
961 4062 1054 4118 διὰ
1107 4073 1204 4117 τῶν
1259 4068 1578 4141 γραμμάτων
1610 4069 1778 4140 μάθη-

163 4178 254 4219 σις
311 4165 405 4210 τοῦ
458 4159 594 4210 θείου
643 4155 798 4228 λόγου
853 4155 915 4214 ἣν
976 4154 1071 4208 ούκ
1096 4153 1290 4227 εἶχενό
1324 4158 1532 4230 Κύριος,
1561 4159 1629 4218 ὡς
1651 4156 1777 4208 αύτὸ

156 4255 328 4301 τοῦτο
350 4250 515 4318 Λόγος
563 4249 653 4297 καὶ
685 4244 995 4316 αύτοσοφία,
1045 4248 1135 4295 καὶ
1182 4243 1241 4295 ού
1287 4247 1375 4301 τὴν
1407 4240 1500 4296 διὰ
1535 4246 1780 4318 γραμμά-

158 4357 273 4390 των
329 4337 558 4407 μάθησιν
615 4331 805 4395 διδοὺς
835 4341 947 4395 τοῖς
1001 4334 1264 4405 μαθηταῖς
1318 4332 1500 4398 αὐτοῦ,
1537 4331 1662 4385 ἀλλά
1685 4337 1780 4391 τὴν

161 4423 269 4478 διὰ
290 4431 645 4496 πνευματικῆς
671 4424 914 4498 χάριτος.
943 4420 966 4494 ]

246 4517 408 4584 Λέγει
438 4543 505 4552 -
539 4512 743 4566 σύ.ούκ
765 4508 1117 4587 ἰδυσχίρανεν
1139 4509 1449 4582 ἐλεγχθεῖσα
1478 4506 1774 4584 προδηλως,

157 4599 302 4658 οὐδὲ
333 4577 488 4677 ύϐριν
515 4601 756 4673 ἡγήσατο
803 4577 1156 4672 τὸννῇεγχον,
1342 4577 1661 4671 ἐκπλαγεῖσα
1685 4577 1777 4659 τὴν
1810 4577 1856 4633 D

153 4690 561 4770 ἀκριϐεστάτην
599 4694 894 4764 πρόγνωσιν
921 4689 1100 4754 αὐτοῦ,
1129 4694 1438 4748 κατενόησεν
1493 4691 1573 4742 ὅτι
1622 4694 1779 4752 ὅντως

149 4787 453 4861 προφήτης
483 4779 652 4837 ίστίν.
684 4785 868 4854 Θεωρῶ
895 4781 1020 4851 γὰρ,
1054 4783 1234 4851 φησὶ),
1263 4783 1381 4838 ἦτοι
1402 4783 1634 4852 Συνίημι,
1654 4776 1779 4834 Εἶτα

151 4871 330 4929 οὐδὲν
366 4868 616 4944 βιωτικὸν
638 4869 795 4922 αὐτὸν
825 4867 1009 4944 ίρωτᾷ,
1035 4866 1165 4921 ἀλλά
1176 4872 1295 4943 περὶ
1309 4864 1587 4942 δογμάτων
1609 4869 1776 4932 εὐθύς,

143 4967 305 5025 Φησὶ
348 4962 454 5034 γὰρ
483 4975 497 4991 ο

223 5143 304 5197 Οἱ
399 5139 618 5214 πατέρες
694 5166 764 5181 -
837 5142 1169 5214 προσκυνεῖν.
1221 5138 1456 5212 Πατίρας
1529 5133 1638 5191 εἶπε
1691 5139 1777 5191 τὸν

1813 3229 1855 3284 C

1883 1928 2005 1984 lam
2038 1936 2092 1984 et
2113 1929 2443 1984 successive
2474 1929 2788 1995 habuerat,
2818 1929 3112 2002 siquidem
3143 1931 3260 1988 hoc
3289 1933 3540 2004 permis-

1886 2034 2020 2073 sum
2042 2022 2168 2073 erat
2191 2036 2204 2073 :
2229 2018 2440 2090 quinto
2461 2022 2662 2074 autem
2687 2025 2944 2085 mortuo,
2973 2019 3174 2075 nullus
3193 2037 3328 2077 eam
3353 2022 3542 2078 mani-

1884 2105 2028 2163 feste
2079 2107 2140 2163 in
2191 2123 2439 2162 uxorem
2482 2106 2751 2179 accipere
2789 2107 2976 2164 voluit
3017 2130 3030 2165 :
3071 2109 3206 2182 ipsa
3235 2126 3376 2166 vero
3415 2127 3540 2168 non

1887 2196 2083 2252 ferens
2115 2196 2681 2268 concupiscentiam,
2726 2196 2841 2253 sibi
2877 2197 3109 2254 occulte
3148 2199 3540 2270 conjunctum

1883 2284 2166 2341 habebat.
2213 2285 2486 2357 Quinque
2528 2285 2825 2356 ergoviri
2864 2285 3098 2344 fuerant
3138 2289 3349 2361 ipsius,
3394 2289 3540 2361 quia

1883 2373 2197 2430 manifeste
2228 2374 2527 2445 conjuncti
2561 2397 2573 2429 :
2607 2375 2656 2430 is
2686 2379 2910 2443 autem,
2937 2377 3032 2431 cui
3061 2392 3222 2432 nunc
3257 2379 3540 2434 commis-

1883 2463 2146 2528 cebatur,
2189 2480 2334 2518 suus
2374 2478 2496 2519 non
2545 2468 2692 2530 erat,
2739 2480 2810 2520 eo
2851 2464 3015 2537 quod
3052 2465 3320 2522 occultus
3363 2472 3537 2524 esset.

1953 2554 1994 2622 1-
2023 2553 2066 2622 -ι-
2098 2553 2294 2609 Sancti
2327 2552 2563 2608 Maximi
2601 2569 2615 2608 :
2657 2551 2857 2610 Mulier
2896 2554 3273 2610 Samaritana
3317 2555 3536 2625 signiﬁ-

1882 2640 2061 2697 cabat
2075 2646 2354 2697 naturam
2373 2640 2729 2706 humanam,
2752 2657 2889 2714 quae
2913 2643 3179 2714 quinque
3199 2643 3359 2716 leges
3375 2659 3542 2700 acce-

1883 2736 2067 2803 perat,
2087 2736 2271 2802 tanqu
2281 2747 2379 2785 am
2399 2731 2574 2798 viros,
2591 2731 2872 2786 nimirum
2887 2730 3080 2801 legem
3094 2731 3322 2789 Adamo
3335 2733 3540 2790 datam

1881 2818 1941 2874 in
1959 2818 2245 2891 paradiso
2256 2824 2311 2873 et
2326 2823 2485 2875 extra
2506 2818 2861 2891 paradisum
2873 2819 3068 2875 eidem
3085 2835 3294 2876 rursus
3307 2820 3541 2890 datam,

1883 2908 2085 2964 datam
2111 2910 2230 2963 Noe
2253 2912 2514 2979 tempore
2534 2908 2758 2974 diluvii,
2782 2907 3124 2966 Abrahamo
3146 2909 3221 2966 de
3233 2911 3543 2967 circumci-

1884 2998 2050 3052 sione
2067 3001 2124 3052 et
2141 3013 2344 3052 rursus
2360 2997 2553 3052 eidem
2573 2997 2777 3053 datam
2793 2997 3086 3054 delsaaco
3104 2999 3503 3058 sacrificando
3525 3017 3539 3056 :

1886 3086 1991 3140 sed
2009 3085 2102 3140 hm
2123 3085 2391 3157 quinque
2406 3086 2878 3157 prmterierantet
2891 3087 3063 3158 quasi
3079 3093 3323 3144 mortuae
3335 3094 3538 3146 erant:

1885 3173 2146 3230 habebat
2175 3179 2375 3228 autem
2418 3181 2557 3229 tunc
2588 3174 2927 3230 Mosaicam.
2970 3176 3081 3231 Sed
3121 3176 3248 3232 haec
3284 3176 3380 3232 lex
3418 3193 3541 3235 non

1885 3268 2007 3319 erat
2031 3263 2273 3318 maritus
2303 3264 2458 3335 ejus,
2494 3263 2582 3318 vel
2607 3264 2772 3335 quod
2801 3280 2919 3320 non
2952 3268 3074 3320 tota
3101 3265 3462 3335 diligebatur
3485 3271 3544 3324 et

1886 3351 2257 3415 servabatur,
2299 3350 2407 3417 vel,
2442 3353 2608 3422 quod
2638 3367 2758 3406 non
2793 3352 2871 3408 ad
2913 3367 3092 3407 omne
3129 3357 3385 3424 tempus,
3433 3354 3540 3410 sed

1886 3443 2119 3496 tantum
2158 3455 2347 3512 usque
2377 3439 2454 3495 ad
2491 3439 2815 3495 adventum
2869 3441 3190 3496 Servatoris
3231 3441 3372 3499 data
3416 3447 3544 3500 erat

1885 3528 2150 3584 Iudaicae
2168 3534 2393 3585 naturae
2414 3529 2715 3584 humanae.
2746 3529 2968 3585 Exinde
2990 3545 3126 3586 vero
3157 3545 3278 3586 non
3300 3536 3426 3588 erat
3455 3530 3544 3588 vir

1887 3618 2038 3690 ejus,
2073 3635 2210 3673 cum
2257 3617 2377 3673 alia
2415 3633 2550 3673 eam
2600 3617 2712 3673 sibi
2758 3617 3078 3689 junxisset,
3115 3617 3208 3674 lex
3253 3617 3542 3676 nimirum

1887 3708 2250 3778 evangelica.
2295 3707 2512 3763 Puteus
2545 3708 2723 3777 igitur
2761 3707 2984 3776 Jacobi,
3026 3712 3119 3764 est
3161 3725 3333 3765 sacra
3391 3710 3544 3765 Scri-

1887 3802 2062 3869 ptura
2089 3812 2101 3850 :
2131 3812 2290 3870 aqua
2311 3811 2448 3852 vero
2473 3797 2618 3868 ejus,
2642 3795 2823 3868 hujus
2844 3797 3106 3867 cognitio
3130 3813 3142 3852 :
3169 3796 3543 3870 profunditas

1886 3890 2112 3952 autem,
2133 3885 2515 3958 profunditas
2543 3887 3006 3942 sententiarum:
3034 3887 3347 3943 haustrum
3377 3903 3538 3954 vero,

1886 3975 2139 4031 eruditio
2185 3975 2351 4031 verbi
2388 3975 2571 4031 divini
2618 3991 2756 4048 quae
2808 3976 2874 4032 fit
2914 3993 3022 4049 per
3060 3976 3303 4042 litteras,
3355 3993 3542 4048 quam

1887 4064 2179 4120 Dominus
2210 4080 2332 4121 non
2352 4065 2580 4131 habuit,
2608 4081 2747 4120 cum
2773 4065 2899 4138 ipse
2921 4065 3176 4121 Verbum
3205 4065 3277 4122 sit
3305 4082 3376 4122 ac
3401 4083 3543 4122 vera

1888 4154 2210 4225 Sapientia,
2247 4170 2507 4226 cumque
2538 4153 2845 4225 discipulis
2876 4155 3000 4209 suis
3030 4170 3151 4210 non
3184 4170 3291 4226 per
3320 4154 3542 4210 litteras

1886 4242 2114 4298 dederit
2138 4242 2555 4311 eruditionem,
2593 4242 2694 4298 sed
2723 4258 2829 4315 per
2858 4243 3110 4314 gratiam
3145 4241 3536 4315 spiritualem.

1957 4515 2117 4570 Vers.
2162 4511 2244 4568 t9.
2275 4510 2424 4568 Dicit
2461 4541 2530 4552 —
2577 4517 2664 4566 tu.
2716 4512 2841 4566 Non
2881 4509 3126 4584 indigne
3167 4508 3319 4578 tulit,
3376 4509 3541 4584 quod

1886 4601 2199 4658 manifeste
2260 4605 2628 4670 argueretur,
2687 4615 2883 4672 neque
2937 4615 3045 4673 pro
3101 4601 3320 4671 injuria
3371 4601 3545 4658 duxit

1884 4690 2376 4763 increpationem,
2397 4690 2500 4745 sed
2519 4688 2815 4744 admirata
2839 4689 3160 4760 perfectam
3185 4691 3314 4761 ejus
3336 4691 3543 4760 cogni-

1886 4780 2128 4846 tionem,
2163 4794 2300 4834 vere
2339 4778 2695 4850 prophetam
2751 4794 2890 4832 eum
2950 4793 3082 4834 esse
3126 4778 3536 4852 deprehendit.

1895 4869 2084 4935 Video,
2117 4867 2309 4941 inquit
2340 4867 2484 4933 sive,
2526 4865 2811 4936 Intelligo.
2846 4869 2912 4923 Et
2939 4865 3152 4924 exinde
3183 4867 3331 4925 nihil
3370 4883 3542 4924 mun-

1885 4959 2113 5015 danum
2145 4963 2249 5014 aut
2286 4955 2617 5028 temporale
2646 4972 2785 5012 eum
2815 4956 3160 5027 interrogat,
3194 4956 3302 5014 sed
3339 4959 3540 5016 statim

1886 5049 1961 5104 de
1986 5047 2390 5117 dogmatibus.
2415 5045 2508 5102 Ait
2535 5045 2698 5101 enim
2737 5061 2752 5100 :

1959 5138 2116 5193 Vers.
2155 5135 2244 5192 20.
2276 5137 2492 5194 Patres
2521 5165 2590 5176 —
2633 5134 2906 5192 adorare.
2953 5135 3154 5193 Patres
3182 5134 3331 5193 dixit
3355 5133 3541 5195 Abra-

1383 5314 1609 5412 Variaa
1657 5340 1984 5415 lectiones
2026 5352 2092 5413 et
2130 5351 2333 5413 notae.

219 5569 360 5644 (65)
396 5569 531 5644 llam
585 5568 834 5638 uterque
865 5562 1054 5621 codex
1093 5563 1333 5644 exhibet
1375 5565 1435 5623 in
1489 5563 1777 5638 margine.

136 5639 502 5704 ﬂe'ntenius
534 5654 777 5709 prorsus
807 5639 1247 5709 nonagnoscit.

219 5714 358 5790 (66)
391 5707 580 5767 Etiam
606 5707 702 5766 hic
727 5717 799 5780 τῷ
840 5707 1245 5766 scribendum.

461 5806 696 5864 PATROL.
728 5803 834 5864 Gn.
877 5803 1141 5886 ΟΧΧΙΧ..

1963 5568 2074 5639 (67)
2115 5569 2223 5623 Pro
2255 5559 2708 5626 ἀπετεθνήκιισαν.

1964 5634 2076 5708 (68)
2115 5639 2178 5694 ln
2209 5640 2414 5696 Latino
2445 5640 2570 5696 haec
2603 5640 2776 5698 valde
2806 5634 3164 5708 claudicant,
3188 5654 3327 5698 cum
3348 5639 3445 5699 lex
3467 5641 3544 5702 sit

1891 5708 2269 5774 femininum,

3224 5810 3297 5870 38
