4170 6454
714 349 853 406 1195

706 475 851 532 ham
912 479 970 531 et
1022 479 1215 533 Isaac.

706 565 1012 621 Abraham
1039 565 1097 621 in
1125 565 1224 622 illo
1253 572 1454 622 monte
1470 565 1756 621 obtulisse
1780 569 1941 622 Isaac
1965 567 2080 621 Deo
2112 566 2172 621 in
2199 567 2360 622 holo-

706 659 1003 710 caustum.
1038 658 1152 710 Aut
1181 665 1377 726 patres
1411 654 1559 710 dixit
1585 653 1768 710 Jacob
1798 662 1855 710 et
1885 655 2035 709 ﬁlios
2053 655 2202 726 ejus.
2227 655 2358 710 Jam

705 744 883 799 Jacob
914 743 993 798 ibi
1024 745 1323 798 constituit
1344 743 1527 799 altare
1544 750 1601 798 et
1630 744 1904 798 adoravit
1932 743 2137 798 Deum.
2164 743 2362 799 Mulier

703 833 904 905 itaque
939 835 1334 904 qumstionem
1385 833 1714 904 proposuit,
1765 840 1985 904 putans
2041 833 2359 890 Samarita-

702 938 920 979 norum
965 923 1187 993 dogma
1225 922 1437 978 melius
1475 938 1604 977 esse
1650 939 1832 994 quam
1885 922 2250 984 Judeorum,
2302 927 2360 977 et

702 1012 1145 1069 honoratiorem
1187 1012 1382 1067 locum
1417 1028 1545 1066 esse
1577 1012 1793 1066 montis
1825 1011 2002 1075 illius,
2025 1028 2211 1082 quam
2233 1011 2358 1065 Hie-

701 1101 1026 1173 rosolyiua.
1061 1102 1323 1158 Christus
1357 1117 1495 1156 vero
1529 1101 1790 1172 primum
1826 1100 2014 1156 elevat
2047 1101 2358 1172 utriusque

701 1190 817 1247 loci
855 1191 1230 1261 dignitatem,
1277 1206 1347 1246 eo
1385 1190 1551 1263 quod
1583 1190 1742 1245 brevi
1776 1189 2038 1245 futurum
2080 1196 2259 1252 esset,
2298 1193 2359 1244 ut

701 1281 896 1337 cultus
925 1280 1160 1336 divinus
1189 1281 1247 1335 in
1281 1284 1534 1352 utroque
1559 1285 1853 1343 cessaret;
1881 1279 2358 1334 deindeJudeos

702 1370 1014 1443 praaponit,
1048 1376 1104 1426 et
1135 1369 1522 1442 postmodum
1554 1368 1736 1425 divini
1766 1370 1959 1425 cultus
1988 1369 2206 1437 dogma
2229 1384 2358 1425 ma-

701 1459 960 1519 nifestat.

773 1731 934 1785 Vers.
993 1732 1083 1784 2t.
1139 1728 1239 1784 Ait
1292 1758 1360 1768 —
1413 1733 1654 1797 patrem.
1695 1727 1736 1796 1-
1783 1727 1824 1795 -ι-
1864 1725 2225 1798 Sophoniai;
2283 1727 2354 1783 Et

697 1820 1025 1878 adorabunt
1055 1834 1181 1874 eum
1211 1816 1451 1889 quilibet
1477 1831 1552 1872 ea:
1581 1816 1708 1872 loco
1728 1831 1829 1871 suo
1856 1817 1924 1867 “.

769 1908 848 1963 Ex
875 1908 989 1963 hoc
1016 1906 1284 1978 prmdicit
1307 1904 1760 1960 dissolutionem
1799 1903 2130 1959 Samaritici
2173 1903 2352 1960 simul

696 2003 755 2055 et
799 1997 1031 2053 Judaici
1067 1996 1278 2058 cultus.
1324 2010 1511 2066 quam
1559 1992 1724 2065 passi
1782 2001 1939 2057 sunt,
1978 1994 2350 2050 exterminati

698 2091 836 2160 post
862 2086 1072 2141 Christi
1096 2085 1436 2157 passionem
1467 2098 1502 2138 a
1524 2082 1826 2138 Romanis.
1850 2085 1953 2138 Per
1978 2082 2190 2138 horam
2214 2098 2351 2138 vero

696 2175 954 2246 intellige
987 2179 1250 2246 tempus.

769 2267 928 2322 Vers.
958 2269 1049 2322 22.
1104 2265 1204 2319 Vos
1233 2295 1295 2304 —
1325 2262 1558 2318 scimus.
1588 2261 1944 2332 Quanquam
1996 2261 2157 2316 enim
2187 2276 2352 2316 eun:-

694 2355 833 2412 dem
868 2356 1051 2411 Deum
1083 2353 1367 2410 colebant
1406 2351 1762 2408 Samaritani
1811 2356 1867 2405 et
1905 2350 2116 2414 Judaei,
2151 2355 2351 2405 tamen

696 2445 1047 2502 Samaritani
1069 2442 1446 2512 ignorabant.
1477 2440 1642 2513 quod
1673 2439 1946 2495 omnium
1971 2441 2232 2509 gentium
2261 2456 2352 2495 es-

694 2541 780 2589 set
809 2534 1098 2589 Dominus
1141 2531 1586 2602 :0pinabantur
1625 2529 1943 2600 siquidem,
1999 2528 2163 2600 quod
2206 2528 2348 2583 solis

693 2621 1087 2679 Samaritanis
1106 2626 1284 2692 atque
1309 2618 1530 2674 luditis
1553 2617 1983 2672 dominaretur.
2003 2617 2189 2672 Judaei
2219 2634 2350 2672 vero

691 2710 1158 2780 cognoscebant,
1191 2707 1356 2779 quod
1380 2708 1650 2761 omnium
1685 2707 1950 2776 gentium
1981 2712 2133 2761 esset
2158 2706 2349 2761 Domi-

691 2816 804 2856 nus
829 2800 1220 2870 omnipotens.
1253 2797 1388 2851 Ideo
1416 2796 1561 2850 dixit
1593 2795 1668 2850 ad
1703 2795 1863 2849 illam
1890 2812 1902 2849 :
1946 2796 2051 2850 Vos
2077 2796 2348 2851 adoratis

692 2890 840 2961 quod
859 2888 1113 2952 nescitis,
1136 2887 1251 2942 hoc
1277 2891 1384 2948 est,
1413 2885 1583 2954 cujus
1611 2889 1962 2955 potestatem
1988 2900 2106 2940 non
2127 2901 2348 2955 cogno-

693 2979 895 3044 scitis;
927 2984 983 3033 et
1016 2979 1282 3049 seipsum
1320 2973 1536 3029 iudicis
1589 2974 2064 3040 connumeravit,
2099 2973 2342 3029 dicens:

691 3069 807 3125 Nos
860 3067 1176 3123 adoramus
1230 3064 1386 3136 quod
1437 3062 1673 3127 scimus,
1723 3062 1867 3134 quia
1914 3068 1967 3118 et
2017 3079 2088 3119 ex
2128 3063 2344 3118 Judaais

2041 348 2387 408 EUTHYMH
2429 345 2758 406 ZIGABENI

1297 477 1472 533 Vetus
1528 475 1825 548 siquidem
1882 476 2131 533 historia
2189 479 2350 534 tradit

2473 477 2712 550 ’Δϐραόεμ
2763 485 2853 531 καὶ
2891 484 2976 532 τόν
3007 480 3208 534 Ἰσαάκ.
3256 487 3355 534 Καὶ
3411 482 3509 553 γὰρ
3549 480 3596 532 ἐν
3633 479 3816 552 ἐκείνῳ
3870 491 3940 552 τῷ
3969 489 4054 556 ὄρει

3943 359 4056 413 1196

2470 567 2615 638 λόγος
2645 565 2869 640 ἀρχαῖος
2925 572 3118 643 ἱστορεί
3167 574 3253 622 τὸν
3300 569 3539 643 Ἀϐραὰμ
3580 567 3947 642 ἀνενηνοχέναε
3983 578 4050 623 τὸν

2471 657 2650 710 Ἰσαὰκ
2699 658 2770 719 εἰς
2842 660 3029 710 θυσίαν
3079 668 3150 728 τῷ
3217 668 3350 728 Θεῷ.
3407 658 3476 710 Ἠ
3536 664 3771 731 πατέρας
3825 657 3929 713 εἶπε
3985 667 4050 713 τόν

2468 745 2657 800 Ἰακὼϐ
2679 752 2767 798 καί
2793 751 2913 807 τους
2952 750 3092 808 υἱοὺς
3122 748 3302 800 αὐτου.
3341 753 3440 800 Καὶ
3471 750 3572 819 γὰρ
3621 749 3648 798 ὁ
3703 748 3898 800 Ἰακὼϐ
3925 752 4048 805 έστη-

2469 855 2552 888 σεν
2610 835 2712 888 ἐκεῖ
2756 838 3131 908 θυσιαστήριον
3180 842 3269 889 καὶ
3331 840 3691 909 προσεκύνησε
3756 842 3842 889 τόν
3926 845 4041 892 Θεον.

2464 926 2522 977 Ἠ
2583 929 2671 996 μεν
2703 921 2791 977 οὖν
2825 930 2956 995 γυνὴ
3016 933 3321 999 προσήγαγε
3373 931 3466 983 τὴν
3518 925 3808 997 ἐρώτησιν,
3873 928 4041 997 cicera:

2466 1021 2695 1084 κρεῖττον
2744 1010 2871 1065 εἶναι
2898 1019 2955 1066 τὸ
2997 1011 3172 1086 δόγμα
3201 1025 3299 1066 τῶν
3331 1022 3657 1088 Σαμαρειτῶν
3691 1017 3842 1089 παρὰ
3869 1019 3947 1067 τὸν
3971 1026 4038 1067 τῶν

2468 1099 2758 1166 Ἰουδαίων,
2788 1109 2876 1155 καὶ
2909 1108 2995 1155 τὸν
3027 1109 3180 1156 τόπον
3226 1123 3531 1178 τιμιωτερον
3559 1112 3649 1155 τοῦ
3707 1109 3863 1176 ὅρους
3888 1106 4033 1156 ἐκείνου

2466 1194 2608 1263 παρὰ
2661 1196 2746 1243 τὸν
2798 1202 2894 1243 τῶν
2949 1193 3315 1267 Ἰεροσολύμων
3349 1211 3361 1222 '
3407 1196 3432 1244 ό
3488 1191 3547 1246 δε
3594 1198 3833 1266 Χριστὸς
3878 1203 4028 1266 πρὺτςν

2465 1285 2554 1352 μεν
2599 1287 2687 1333 καὶ
2740 1280 3039 1356 ἀμφοτέρων
3071 1293 3170 1334 τῶν
3223 1288 3391 1335 τόπων
3454 1282 3658 1356 ἀναιρεῖ
3690 1286 3757 1333 τα
3805 1285 4017 1355 πρεσῧεῐε.

2467 1366 2644 1422 διὰτὸ
2701 1369 2897 1442 μελλειν
2947 1373 3066 1423 ὅσον
3116 1376 3260 1424 οὔπω
3325 1373 3591 1429 παυθῆναι
3645 1375 3746 1432 τὰς
3786 1371 3833 1423 ἐν
3871 1374 4022 1428 ἐκείνας

3581 1458 3880 1523 Ἰουδαίους
3943 1463 4024 1531 (69‘)

2465 1554 2840 1622 συνετωτέρους
2869 1564 2884 1579 ³
2917 1552 3092 1603 ἔπειτα
3135 1556 3433 1623 παρανοίγει
3485 1553 3542 1602 τό
3593 1546 3630 1601 δ
3637 1557 3782 1622 όγμα
3812 1559 3894 1610 τῆς
3919 1551 4026 1602 ευσε-

2463 1636 2623 1699 εείας.
3161 1634 3170 1643 ’

2533 1733 2686 1797 Λέγει
2717 1759 2777 1768 -—
2802 1734 2981 1803 πατρί.
3004 1728 3273 1801 [Σοφονίου
3302 1730 3435 1800 (ἹΟ).
3464 1735 3564 1782 Καὶ
3605 1735 4022 1802 προσκυνήσουσιν

2464 1458 2701 1534 λατρείας
2771 1477 2784 1489 '
2838 1457 2951 1513 εἶτα
3024 1460 3296 1532 ἀποφαίνει
3366 1465 3484 1522 τοὺς

2390 1827 2429 1880 Β
2462 1816 2602 1885 αὐτῷ
2629 1819 2846 1879 ἕκαστος
2878 1817 2932 1869 ἐκ
2955 1827 3045 1870 του
3073 1825 3233 1870 τόπου
3266 1819 3445 1870 αὐτοῦ.
3486 1818 3504 1889 ]

2533 1907 2790 1958 Ἐντεῦθεν
2829 1916 3184 1979 προαναφωνεῖ
3222 1913 3313 1965 τὴν
3356 1907 3648 1959 κατάλυσιν
3701 1918 3793 1970 τῆς
3819 1915 4022 1979 Σαμαρει·

2460 2003 2610 2057 τικῆς
2641 1998 2769 2067 ὁμου
2796 2002 2883 2048 καί
2913 1993 3214 2057 Ἰουδαεκῆς
3234 1997 3487 2069 λατρείας,
3518 1997 3577 2054 ἢν
3618 2000 3915 2050 πεπόνθασιν
3940 1995 4017 2057 ἐξο-

2460 2084 2808 2157 λοθρευθέντες
2838 2088 2938 2138 ὑπὸ
2992 2086 3260 2158 Ῥωμαίων
3317 2089 3449 2158 μετὰ
3505 2092 3602 2145 τὴν
3640 2092 4013 2160 χριστοκτονιαν.

2459 2174 2622 2247 Ὥραν
2656 2170 2715 2226 δι
2737 2180 2836 2227 νόει
2864 2180 2951 2227 τόν
2989 2181 3189 2248 καιρόν.

2530 2263 2696 2333 ’Υμεῖς
2757 2294 2824 2302 -
2883 2260 3119 2336 οἴδαμεν.
3175 2265 3234 2318 Εἰ
3289 2266 3387 2339 γὰρ
3447 2270 3537 2317 καὶ
3604 2270 3694 2318 τὸν
3732 2266 3869 2317 αὐτὸν
3911 2268 4008 2316 Θεὸν

3691 2355 3807 2407 ἀλλὰ

2457 2450 2620 2516 ρεῖται
2672 2446 2760 2513 μὲν
2832 2444 3047 2513 ἠγνόουν
3135 2447 3211 2496 ὅτι
3290 2446 3492 2496 πάντων
3568 2454 3675 2496 τῶν
3740 2445 3867 2496 ἐθνῶν
3919 2445 3999 2494 Κύ-

2460 2351 2694 2405 έσέϐοντο
2751 2360 3066 2425 Σαμαρεῖται
3129 2359 3218 2406 καὶ
3261 2351 3515 2408 Ἰουδαῖοι
3587 2373 3602 2385 °
3691 2355 3807 2407 ἀλλὰ
3876 2361 4006 2424 Σαμα-

2457 2537 2567 2603 ριός
2629 2530 2738 2584 έστι
2795 2551 2807 2565 ·
2867 2538 3034 2604 μόνων
3090 2537 3191 2604 γὰρ
3247 2541 3570 2608 Σαμαρειτῶν
3650 2541 3731 2586 καὶ
3778 2528 3989 2586 'low'aiw

2459 2617 2736 2680 δεσπόζειν
2785 2621 2939 2672 αὑτὸν
2984 2621 3338 2693 ὑπελάμϐανον
3392 2642 3405 2654 ·
3458 2620 3711 2676 Ἰουδαῖοι
3758 2619 3802 2673 ὦ
3839 2619 3978 2690 ἰγίνωο

2459 2728 2580 2762 σκον
2629 2712 2709 2762 ὃτι
2747 2713 3118 2785 παντοκράτωρ
3165 2714 3300 2765 ἐστί.
3362 2714 3457 2764 Διὰ
3510 2721 3665 2764 τοῦτο
3708 2715 3810 2783 πρὸς
3854 2709 3988 2764 αὐτὴν

2456 2795 2592 2852 εἶπεν
2646 2803 2723 2851 ὅτι
2789 2800 2960 2872 Ὑμεῖς
3019 2801 3411 2874 προσκυνεῖτεὸ
3479 2802 3576 2853 οὐκ
3640 2799 3808 2864 οἴδατε,
3871 2816 3995 2850 τουτ-

2456 2887 2616 2954 έστιν,
2662 2888 2721 2940 οὗ
2801 2894 2893 2947 τὴν
2951 2889 3190 2952 ἐξουσίαν
3252 2890 3345 2942 οὐκ
3433 2887 3643 2946 οἴδατε,
3710 2895 3796 2943 Καὶ
3855 2891 3997 2938 ἓαυτον

2456 2974 2515 3030 δι
2548 2978 2788 3040 συνέταξε
2817 2986 2926 3037 τοῖς
2957 2976 3256 3041 Ἰουδαίοις.
3313 2980 3487 3050 Ἡμεῖς
3513 2983 3649 3054 γὰρ,
3689 2985 3825 3052 φησὶ,
3870 2996 3998 3050 προσ-

2456 3076 2705 3138 κυνοῦμεν
2737 3069 2762 3119 ὁ
2794 3065 3009 3139 οἴδαμεν
3050 3086 3060 3098 ·
3088 3064 3227 3120 διότι
3256 3075 3343 3120 καὶ
3370 3069 3420 3131 ἐξ
3440 3066 3718 3122 Ἰουδαίων
3747 3068 3994 3132 ἐϐλάστησε,

691 3166 816 3216 erat
835 3158 1202 3232 progenitus,
1234 3161 1290 3211 et
1311 3154 1702 3211 Samaritana
1723 3153 1966 3209 Judseus
2012 3154 2342 3210 videbatur.

2466 3161 2540 3208 ιαῖ
2572 3153 2830 3220 Ἰουδαῖος
2863 3166 2925 3229 τῇ
2966 3155 3303 3232 Σαμαρείτιδι
3334 3155 3526 3222 ἔδοξεν.
3565 3157 3697 3213 Εἶτα
3743 3159 3898 3229 ἐπάγει
3935 3163 3994 3206 ιιι
4082 3209 4083 3218 γ

691 3249 917 3304 Deinde
946 3248 1122 3302 etiam
1150 3245 1394 3308 inducit,
1429 3244 1596 3316 quod
1635 3244 1832 3314 majus
1863 3249 1986 3298 est:

760 3339 923 3394 Vers.
956 3342 1044 3393 22.
1076 3336 1221 3402 Quia
1269 3365 1332 3376 -—
1365 3338 1465 3389 est.
1527 3333 2038 3389 Samaritanorum
2077 3333 2235 3389 salus
2274 3351 2344 3390 ex

686 3429 909 3486 Judmis
932 3433 1018 3483 est
1048 3443 1061 3492 ;
1086 3442 1226 3481 nam
1267 3423 1345 3480 ab
1383 3423 1494 3478 illis
1531 3422 1867 3478 didicerunt
1906 3422 2090 3478 Deum
2130 3439 2346 3493 cogno-

690 3533 872 3583 scere,
916 3522 972 3572 et
1015 3515 1176 3570 idola
1219 3528 1514 3585 respuere.
1562 3515 1676 3567 Aut
1725 3512 1843 3566 alio
1894 3513 2122 3567 modo:
2173 3513 2345 3568 Salus

692 3606 900 3663 mundi
931 3621 999 3660 ex
1035 3603 1260 3660 Judteis
1298 3606 1406 3667 est,
1453 3616 1592 3656 cum
1621 3599 1700 3656 ab
1729 3600 1812 3656 eis
1843 3599 2108 3656 Christus
2157 3601 2230 3657 sit
2258 3602 2344 3657 in-

689 3700 994 3753 carnatus.

761 3787 918 3839 Vers.
950 3786 1042 3838 23.
1089 3780 1204 3836 Sed
1246 3810 1310 3820 —
1355 3779 1612 3835 veritate.
1660 3777 1766 3835 Ubi
1814 3777 2054 3835 Judaaos
2087 3780 2345 3836 Samari-

691 3874 846 3930 tanis
875 3870 1316 3944 praeposuisset,
1345 3883 1582 3923 rursum
1613 3882 1774 3922 nunc
1801 3867 2019 3922 Iudicis
2051 3869 2346 3940 praeponit

690 3961 1079 4026 Christianos,
1112 3964 1176 4014 ut
1204 3957 1544 4030 suspicione
1582 3961 1782 4013 careat
1804 3957 2084 4027 praelatio,
2127 3965 2183 4013 et
2224 3974 2343 4014 non

690 4054 974 4123 appareat
999 4047 1220 4104 Judaeis
1264 4046 1584 4115 gratiﬁcari
1625 4052 1914 4118 tanquam
1944 4047 2200 4102 Judmus.
2238 4047 2343 4102 Ubi

690 4146 890 4198 autem
913 4139 1052 4194 dixit
1085 4153 1096 4193 :
1143 4137 1302 4193 Venit
1334 4145 1582 4205 tempus,
1609 4151 1684 4190 ne
1728 4142 1980 4207 putaret,
2009 4136 2147 4191 illud
2176 4135 2348 4191 diffe-

695 4230 974 4293 rendum,
991 4227 1300 4298 subjunxit
1325 4243 1337 4281 :
1359 4227 1432 4281 Et
1454 4241 1614 4281 nunc
1630 4232 1731 4290 est,
1756 4226 1877 4281 sive
1894 4226 2022 4297 jam
2051 4226 2345 4290 imminet,

690 4318 887 4375 instat.

770 4410 946 4463 Veros
990 4406 1131 4461 item
1181 4403 1529 4460 adoratores
1558 4403 1702 4459 dicit
1731 4420 1832 4460 eos
1863 4405 1965 4476 qui
2011 4405 2071 4460 in
2126 4421 2184 4460 se
2227 4420 2341 4459 cre-

2456 3250 2513 3297 τό
2534 3247 2730 3317 μεῖζον.

2524 3335 2737 3386 ’οτι-
2768 3334 2927 3387 ἐστίν.
2975 3336 3030 3389 Ἠ
3085 3342 3321 3410 σωτηρία
3365 3346 3462 3390 τῶν
3518 3345 3842 3411 Σαμαρειτῶν
3866 3334 3989 3387 ἐκτῶν

2456 3421 2726 3477 Ἰουδαίων
2774 3424 2912 3476 ἐστίν
2963 3441 2974 3453 ⁸
3024 3424 3077 3487 ἐξ
3134 3427 3301 3477 αὐτῶν
3352 3429 3454 3497 γὰρ
3512 3430 3709 3498 ἔμαθον
3748 3423 3916 3480 εἰδέναι
3941 3425 3989 3471 τὼ

2454 3517 2603 3576 Θεὸν,
2635 3519 2724 3565 καὶ
2753 3519 3163 3583 καταγινώσκειν
3191 3524 3290 3565 τῶν
3316 3511 3556 3569 εἰδώλων.
3614 3523 3683 3569 'H
3715 3520 3800 3568 καὶ
3828 3514 3990 3583 ἑτέρως·

2451 3603 2508 3655 Ἠ
2542 3607 2779 3676 σωτηρία
2804 3610 2894 3654 τοῦ
2924 3607 3128 3674 κόσμου
3153 3601 3206 3654 ἐκ
3237 3613 3337 3655 τῶν
3363 3600 3664 3671 Ἰουδαίων,
3690 3605 3741 3668 ἐξ
3763 3605 3907 3657 αὐτῶν
3928 3601 3993 3668 γὰρ

2452 3692 2478 3743 ὁ
2509 3695 2736 3762 Χριστός
2777 3689 3186 3765 ἐνηνθρωπησεν.

2526 3779 2664 3833 ’Λλλ’
2697 3811 2759 3819 -
2795 3779 3028 3837 ἀλήθεια.
3065 3786 3401 3854 Προτιμήσας
3446 3790 3543 3833 τῶν
3580 3789 3891 3856 Σαμαρειτῶν
3915 3780 3996 3833 τοὺς

2451 3865 2763 3934 Ἰουδαίους,
2824 3877 2910 3920 νῦν
2959 3876 3193 3943 προτιμᾴ
3249 3870 3402 3923 πάλιν
3457 3881 3555 3922 τῶν
3618 3869 3874 3926 Ἰουδαίων
3915 3868 3998 3922 τοὺς

2455 3963 2817 4032 Χρεστεανους,
2857 3960 2938 4009 ἱνα
2967 3957 3255 4019 ἀνύποπτος
3287 3962 3316 4017 ἠ
3348 3965 3677 4032 προτίμησις
3729 3966 3918 4032 γένηται
3940 3959 3999 4005 xui

2453 4025 2524 4120 uti
2560 4044 2687 4118 δόξῃ
2717 4049 3177 4119 καταχαρίζεσθαι
3202 4057 3308 4110 τοῖς
3351 4025 3657 4115 Ἰουδαίοις,
3777 4044 3996 4103 Ἰουδαῖος.
4073 4025 4079 4126 λ

2456 4136 2621 4189 Εἰπὼν
2651 4133 2708 4188 δι
2738 4139 2816 4188 ὃτι
2844 4136 3098 4208 Ἔρχεται
3137 4139 3264 4211 ὦρα,
3296 4140 3378 4190 ἱνα
3433 4143 3504 4210 μὴ
3535 4145 3730 4212 νομίσῃ
3776 4133 4000 4211 βραδύνειν

2455 4225 2638 4290 αὐτὴν,
2669 4228 2988 4298 προσέθηκεν
3014 4229 3094 4278 ὅτι
3125 4232 3223 4280 Καὶ
3267 4235 3354 4280 νῦν
3385 4227 3546 4293 ἐστιν,
3605 4234 3761 4301 ἤγουν
3790 4227 3998 4281 ἐνέστηκεν

2457 4311 2590 4372 ἤδη.

2529 4403 2832 4465 Ἀληθινούς
2886 4400 2944 4456 δι
2996 4408 3364 4478 προσκυνητόκ
3421 4406 3554 4479 λέγει
3609 4411 3728 4468 τοὺς
3777 4405 3997 4459 πιστεύον-

692 4498 863 4563 dunt,
891 4494 996 4569 qui
1019 4496 1093 4551 de
1125 4492 1381 4549 Ecclesia
1420 4499 1578 4559 sunt,
1607 4499 1897 4566 tanquam
1923 4509 2060 4550 vere
2086 4495 2346 4550 colentes

2466 4495 2549 4554 τάς
2580 4493 2651 4555 εἰς
2706 4493 2884 4558 αὐτόν,
2949 4497 3067 4555 τοὺς
3124 4503 3214 4555 τῆς
3275 4495 3584 4557 Ἐκκλησίας
3623 4500 3694 4560 ως
3740 4492 3996 4553 tineam:-

692 4593 748 4644 et
778 4603 899 4643 non
939 4587 998 4641 in
1027 4584 1254 4640 umbris
1285 4581 1627 4651 servientes,
1662 4584 1812 4638 sicut
1837 4583 2026 4638 Judaei
2068 4591 2123 4638 et
2145 4585 2347 4640 Sama-

691 4677 908 4743 ritani;
954 4690 1099 4731 nam
1152 4673 1342 4729 omnis
1383 4672 1601 4727 horum
1653 4674 1904 4728 servitus
1959 4672 2175 4729 umbra
2226 4679 2351 4729 erat

693 4770 751 4821 et
795 4765 990 4836 ﬁgura
1045 4763 1319 4819 veritatis.
1376 4762 1502 4816 Veri
1550 4776 1692 4832 ergo
1731 4762 2076 4817 adoratores
2133 4762 2349 4818 adora-

692 4854 846 4910 bunt
876 4854 1110 4909 Patrem
1156 4852 1368 4908 nonin
1398 4866 1666 4922 corpore,
1715 4851 1817 4907 sed
1845 4852 1902 4906 in
1950 4852 2178 4924 spiritu,
2232 4853 2347 4907 hoc

695 4947 806 5010 est,
835 4957 956 4999 non
986 4957 1094 5015 per
1121 4938 1458 5013 corporales
1487 4939 1774 5005 victimas,
1809 4940 1916 4997 sed
1947 4957 2053 5013 per
2074 4940 2345 5014 spiritua-

766 5123 815 5159 “
850 5121 1106 5194 Sophon.
1138 5135 1199 5186 ii,
1244 5123 1327 5174 tt.

2458 4582 2662 4645 ϐοντας,
2698 4587 2788 4635 καὶ
2831 4582 2925 4634 οὐκ
2956 4581 3004 4634 ἐν
3070 4591 3240 4645 σκιαῖς
3300 4584 3639 4657 λατρεύοντας
3686 4590 3753 4648 ὡς
3802 4576 3994 4636 Ἰουδαῖοι

2457 4678 2546 4725 καὶ
2599 4680 2938 4745 Σαμαρεῖται.
3002 4678 3159 4725 Πᾶσα
3205 4676 3306 4747 γὰρ
3354 4675 3382 4732 ἠ
3443 4674 3654 4749 λατρεία
3701 4677 3881 4728 τούτων
3911 4667 3994 4720 σκιὰ

2460 4759 2521 4820 ἦν
2581 4766 2671 4814 καὶ
2728 4764 3068 4834 προτυπωσις
3134 4770 3231 4824 τῆς
3277 4761 3539 4826 ἀληθείας.
3609 4765 3769 4817 Οὗτοι
3830 4766 3930 4833 γοῦν
3964 4753 3993 4803 οὶ

2460 4851 2694 4908 ἀληθινοὶ
2749 4855 3112 4924 προσκυνηταὶ
3179 4851 3492 4926 λατρεύουσι
3564 4854 3681 4925 (7i)
3745 4860 3814 4922 τῷ
3876 4846 3990 4912 ΠατΡί

2457 4940 2551 4992 οὐκ
2600 4940 2650 4993 έν
2704 4947 2908 5014 σώματι
2967 4938 3075 4993 ἀλλ’
3124 4939 3172 4993 ἐν
3221 4944 3495 5016 πνεύματι,
3556 4947 3818 4996 τουτέστιν
3864 4936 3909 4990 οὐ
3930 4929 3986 4982 διὰ

1891 5244 2118 5314 Variae
2154 5243 2487 5314 lectiones
2529 5258 2591 5314 et
2625 5257 2827 5316 notae.

771 5445 885 5517 (69)
938 5448 1309 5515 Συνετωτέρους
1355 5441 1527 5517 abest
1563 5446 1628 5498 A.
1682 5442 1803 5498 Hoc
1851 5441 2144 5499 vocabulo
2184 5443 2351 5517 vide-

700 5514 794 5573 tur
826 5514 1089 5572 H'entenii
1119 5514 1298 5573 etiam
1337 5515 1523 5569 codex
1577 5518 1857 5571 caruisse.
1902 5518 2051 5584 Ergo
2099 5514 2353 5570 reddidit

693 5591 965 5659 pra/ert,
992 5591 1247 5645 Sensum
1287 5604 1427 5656 ergo
1480 5588 1785 5657 expressit,
1841 5604 1959 5659 non
1995 5586 2353 5642 vocabulum

700 5666 988 5732 αποφαίνει.
1074 5665 1330 5732 ῐιροτιμᾲ,
1392 5663 1655 5732 προκρίνει
1727 5658 1898 5712 nimis
1975 5661 2260 5714 recedunt
2319 5673 2355 5714 8.

699 5731 969 5790 meOrum
1000 5733 1176 5786 codd.
1204 5731 1472 5786 lectione.

771 5804 884 5884 (70)
917 5801 1049 5859 Haec
1077 5807 1322 5878 uterque
1351 5802 1409 5855 in
1440 5798 1731 5876 margine.
1762 5799 1983 5859 Eadem
2009 5802 2190 5858 etiam
2216 5800 2350 5858 cod.

2466 5447 2507 5500 Α
2546 5443 2722 5518 habet
2749 5444 2805 5499 in
2824 5447 3132 5518 contextu,
3153 5447 3822 5518 _post_irpoaxuviicnrs__rqb
3849 5442 3973 5518 “ng

2469 5518 2533 5569 Et
2557 5516 2802 5585 quidem
2822 5515 3027 5572 litteris
3045 5513 3973 5588 majusculis,quibusreliquastit‘ﬂl

2468 5581 2772 5641 contextus
2798 5587 3008 5657 scripta
3052 5581 3207 5641 sunt.
3237 5589 3331 5642 Est
3355 5581 3498 5656 ergo
3526 5587 3636 5642 hoc
3670 5581 3971 5657 manife§ltlm

2468 5657 2746 5732 iudiciuin
2777 5650 3078 5732 particulae
3111 5675 3177 5712 ex
3212 5650 3468 5732 margin
3493 5665 3710 5732 textum
3731 5650 3969 5732 translati:

2540 5729 2651 5799 (8t)
2686 5712 3276 5801 Ροέιέίλατρευσουσιν,
3301 5712 3384 5785 ut
3411 5712 3910 5786 habe—tilientenius.
3932 5712 3970 5764 ίΠ

2467 5804 2692 5858 textum
2721 5800 2898 5858 etiam
2927 5800 3014 5858 est
3042 5806 3522 5883 προσκυνήσουσιν.
