4170 6430
136 375 266 434 1197

1191 371 1561 433 COMMENT.
1603 371 1673 430 ΙΝ
1707 369 2060 430 JOANNEM.
2101 403 2170 416 --
2208 373 2364 431 CAP.
2395 373 2484 433 ιν.

3358 375 3493 432 1198

134 511 444 575 σωματικῶν
502 505 691 556 θυσιῶν
747 501 877 556 ἀλλὰ
924 499 1018 555 διὰ
1071 507 1448 573 πνευματικῶν,
1497 503 1589 551 καὶ
1639 497 1733 550 ούκ

1883 511 1930 551 es
1955 514 1970 566 ;
1999 511 2108 553 nec
2139 514 2198 554 in
2231 499 2460 555 umbris
2491 504 2546 556 et
2574 497 2801 572 ﬁguris,
2839 498 2944 556 sed
2973 513 3032 554 in
3073 498 3345 566 veritate;
3386 515 3494 556 nec

133 590 181 644 ἐν
215 599 390 654 σκιαῖς
417 598 506 645 καὶ
534 595 718 654 τύποις
747 591 855 644 ἀλλ’
899 591 946 644 ἐν
979 590 1214 662 ἀληθείᾳ,
1246 594 1335 642 καὶ
1373 589 1432 641 ού
1462 593 1604 659 τόπῳ
1641 592 1734 645 τὴν

133 679 368 754 λατρείαν
407 685 808 756 περιγράφοντες
858 685 927 744 ῶς
973 676 1225 734 Ἰουδαῖοι
1261 683 1351 731 καὶ
1401 683 1732 752 Σαμαρεῖται,

137 767 240 822 ἀλλ’
286 769 334 821 ἐν
379 775 536 824 παντὶ
575 777 716 844 τόπῳ
746 781 840 834 τῆς
880 767 1194 830 δεσποτείας
1229 768 1389 821 αύτοῦ
1419 767 1737 839 εὐλογοῦντες

136 863 224 912 τὸν
256 863 458 934 Κύριον.

210 954 336 1022 Περὶ
389 958 480 1001 τοῦ
521 953 720 1024 Πατρός
767 947 826 1003 δε
878 953 1038 1022 μόνου
1067 955 1154 1000 νῦν
1200 955 1425 1000 ποιεῖται
1474 949 1560 998 τόν
1589 943 1737 1016 λόγον

139 1033 233 1089 διὰ
256 1042 345 1096 τὴν
399 1036 665 1092 ἀσθένειαν
692 1047 780 1099 τῆς
807 1045 1074 1110 γυναικός·
1121 1037 1212 1090 ούκ
1259 1033 1365 1089 ἔδει
1408 1039 1512 1111 γὰρ
1554 1034 1738 1108 ἀθρόον

138 1125 270 1199 αύτῇ
308 1131 365 1180 τό
406 1124 585 1202 δόγμα
613 1135 984 1204 προσαγαγεῖν.

216 1220 315 1269 καὶ
370 1219 471 1290 γὰρ
527 1247 591 1262 τ-
639 1219 819 1275 αὐτόν.
880 1217 1098 1290 Ἧγουν,
1167 1216 1224 1268 ού
1300 1218 1551 1276 τυπικούς
1632 1211 1736 1264 ἀλλ’

143 1304 436 1372 ἀληθινούς,
510 1307 568 1360 ού
648 1316 951 1381 σωματικῶς
1021 1309 1234 1367 θύοντας
1316 1305 1443 1356 ἀλλά
1513 1323 1742 1376 πνευμα-

143 1404 318 1458 τικῶς.
378 1396 548 1450 Εἰπὼν
615 1394 673 1450 δὴ
729 1397 809 1450 ὃτι
862 1403 1037 1466 Ζητεῖ,

148 1504 329 1537 σκεται
383 1494 445 1558 τῇ
499 1495 684 1559 νομικῇ
743 1486 974 1561 λατρεία,
1021 1489 1112 1537 καὶ
1164 1484 1341 1536 λοιπόν
1401 1479 1742 1554 συγκαταϐα-

1375 1577 1744 1644 συνεχώρησεν

146 1661 280 1737 ἆχρε
306 1668 420 1716 τότε
452 1661 544 1716 διὰ
573 1669 665 1724 τὴν
696 1673 795 1716 τῶν
831 1663 1083 1738 Ἐϐραίων
1112 1665 1404 1736 παχύτητα
1452 1665 1544 1712 καὶ
1594 1658 1746 1711 ἀσθέ-

147 1771 306 1806 νειαν.

1300 1218 1551 1276 τυπικούς

1115 1395 1344 1467 ἐνέφηνεν
1408 1395 1488 1446 ὁτί
1553 1391 1742 1465 ἀπαρέ-

145 1583 301 1636 τικῶς
357 1575 521 1633 αὐτὴν
577 1575 912 1648 ἐνομοθέτησε
976 1574 1139 1627 πάλαι
1209 1578 1298 1625 καὶ

222 1848 431 1914 Πνεῦμα
501 1873 567 1883 -
649 1849 958 1916 προσκυνεῖν
971 1886 984 1898 .
1121 1847 1350 1912 Πνεῦμα,

148 1929 446 2003 ἀσώματος·
501 1927 586 1984 διὸ
642 1937 732 1984 καὶ
796 1935 918 1994 τοὺς
992 1930 1334 2002 λατρεύοντας
1401 1928 1542 1998 αύτῷ
1600 1945 1751 1978 πνευ-

152 2028 383 2090 ματικῶς
452 2026 560 2093 χρὴ
629 2020 912 2095 λατρεύειν,
967 2023 1056 2070 καὶ
1102 2017 1194 2069 ούκ
1258 2016 1306 2068 ἐν
1364 2023 1491 2087 σκιᾴ
1547 2014 1651 2066 ἀλλ’
1705 2014 1752 2066 ἐν

155 2106 389 2180 ἀληθείᾳ·
457 2117 610 2160 τοῦτο
661 2111 762 2182 γὰρ
823 2111 1110 2182 θεοπρεπὴς
1170 2111 1260 2158 καὶ
1312 2104 1630 2164 κατάλληλος
1667 2103 1754 2155 λαο

151 2201 314 2268 τρεία.
349 2202 674 2269 ῐῘνευματική
710 2195 768 2249 δι
796 2196 1011 2271 λατρεία
1037 2196 1180 2247 ἐστὶν
1221 2197 1250 2253 ἡ
1285 2197 1750 2268 ταπεινοφροσύνη·

155 2289 327 2338 Θυσία
373 2289 494 2358 γὰρ,
557 2291 707 2358 φησὶ,
763 2295 833 2356 τῷ
888 2293 1001 2355 Θεῷ
1053 2292 1256 2356 πνεῦμα
1302 2288 1751 2357 συντετριμμένον·

158 2378 247 2426 καὶ
299 2375 328 2432 ἠ
382 2379 683 2450 προσευχὴ·
741 2383 917 2428 Θῦσον
954 2376 1077 2449 γὰρ,
1109 2378 1260 2446 φησι,
1307 2381 1378 2443 τῷ
1415 2381 1528 2444 Θεῷ
1570 2375 1755 2424 θῦσίαν

160 2465 420 2525 αἰνέσεωςο
481 2469 570 2517 καὶ
600 2463 769 2525 ἁπλῶς
821 2470 970 2516 πᾶσα
1022 2466 1343 2535 πνευματικὴ
1394 2461 1569 2536 ἀρετή·
1631 2463 1757 2516 Τότε

157 2555 284 2627 γὰρ,
371 2559 549 2625 φησὶν,
615 2550 917 2613 εύδοκήσεις
994 2554 1182 2604 θυσίαν
1255 2547 1613 2612 δικαιοσύνης·
1685 2549 1757 2602 ἐν·

156 2644 326 2694 ταῦθα
414 2640 762 2704 δικαιοσύνης
845 2646 1120 2714 νοουμένης
1214 2639 1498 2702 καθολικῶς
1579 2642 1758 2703 πάσης

160 2729 349 2804 ἀρετῆς
377 2727 447 2784 δι’
477 2732 534 2792 ἧς
564 2733 590 2784 ὁ
617 2733 885 2804 ἄνθρωπος
916 2727 1239 2785 δικαιοῦται.

233 2825 386 2893 Λέγει
434 2851 500 2863 -
551 2823 737 2874 πάντα.
819 2820 1104 2893 ’ἰλιγγίασε
1172 2821 1288 2892 (7'2)
1349 2823 1480 2894 πρὸς
1543 2823 1602 2872 τό
1661 2829 1761 2872 τῶν

159 2911 416 2985 ῥηθέντων
499 2909 650 2981 ύψος,
718 2915 808 2963 καὶ
853 2910 1031 2963 λοιπὸν
1089 2908 1395 2984 ἀπαγορεύει
1482 2913 1575 2967 τὴν
1641 2915 1760 2984 περὶ

162 3008 263 3050 τῶν
319 3001 562 3051 τοιούτων
617 2998 892 3072 ἀκρόασιν.
966 2997 1123 3052 Ἀλλά
1203 3000 1354 3050 πόθεν
1418 3003 1764 3072 Σαμαρείταις

165 3084 466 3161 προσδοκία
515 3096 606 3147 τῆς
664 3096 754 3139 τοῦ
821 3094 1056 3158 Χριστοῦ
1115 3083 1425 3158 ἐπιδημίαςς
1482 3085 1610 3138 Ἀπὸ
1667 3095 1766 3137 τῶν

169 3182 463 3228 Μωσαῖκῶν
531 3181 762 3250 Γραφῶν.
821 3175 1057 3247 Ἔγραψε
1127 3177 1229 3249 γὰρ
1297 3181 1558 3236 Μωυσῆς·
1635 3181 1762 3245 Προ-

171 3268 340 3336 φήτην
412 3266 533 3336 ὑμῖν
605 3263 890 3322 ἀναστήσει
967 3267 1154 3337 Κύριος
1235 3265 1261 3314 ὁ
1329 3269 1459 3324 Θεὸς
1538 3261 1593 3314 ἐκ
1671 3270 1772 3314 τῶν

173 3350 406 3425 ἀδελφῶν
439 3355 602 3426 ὑμῶν,
633 3355 702 3415 ὡς
732 3352 837 3425 ἐμέ·
865 3352 1022 3404 αὐτοῦ
1059 3351 1364 3406 ἀκούσεσθε.

244 3446 400 3514 Λέγει
445 3473 514 3481 —
565 3461 668 3496 σοι.
733 3445 855 3502 Τόῖς
917 3443 1006 3514 μὶν
1083 3437 1363 3504 Ἰουδαίοις
1441 3433 1776 3514 ἐπικειβνοις

174 3537 265 3584 καὶ
364 3531 624 3602 λέγουσιν·
736 3529 868 3592 Ἕως
961 3535 1086 3584 πότε
1176 3536 1268 3590 τὴν
1362 3530 1548 3602 ψυχήν
1627 3533 1774 3604 ἡμῶν

177 3626 374 3694 αἶρεὶς;
454 3620 560 3673 εἰπε
631 3621 774 3693 ἡμῖν,
871 3620 914 3672 εἰ
995 3623 1060 3672 σὺ
1135 3617 1184 3672 εἶ
1253 3621 1278 3671 ὁ
1355 3625 1604 3693 Χριστός·
1683 3621 1776 3672 ούκ

179 3709 487 3784 ἀπεκρίνατο
533 3717 683 3762 τοῦτο
745 3717 942 3781 σαφῶς.
1005 3712 1180 3781 Ταύτῃ
1237 3705 1296 3762 δι
1346 3708 1536 3762 αύτίκα
1595 3709 1776 3762 ἑαυτὸν

178 3799 508 3871 ἐφανέρωσεν·
560 3799 1005 3872 εύγνωμονεστέρα
1078 3801 1180 3872 γὰρ
1254 3798 1418 3850 αὐτῶν
1480 3795 1560 3856 ἦν.
1616 3799 1778 3852 Ἐκεῖ-

176 3907 255 3940 νοι
301 3891 390 3958 μὲν
432 3890 556 3961 γὰρ,
603 3887 708 3958 οὐχ
762 3889 841 3938 ῖνα
890 3889 1247 3939 πιστεύσωσιν
1295 3885 1514 3948 ἐζήτουν
1573 3890 1774 3960 μαθεῖν,

178 3977 280 4030 ἀλλ’
311 3979 436 4050 ὑπὲρ
490 3985 582 4029 τοῦ
629 3972 960 4049 κωμῳδῆσαι
1011 3975 1185 4029 αὐτὸν·
1233 3977 1365 4035 αὕτη
1422 3974 1480 4030 δε
1533 3980 1781 4050 μαθοῦσα

177 4071 474 4120 ἐπίστευσε.

253 4161 353 4209 Καὶ
409 4186 479 4197 —
553 4154 740 4211 αὐτοῦ.
815 4153 928 4209 Ἐπὶ
985 4159 1170 4228 τούτῳ,
1232 4155 1342 4208 ἀντὶ
1395 4163 1506 4222 τοῦ,
1575 4160 1779 4210 Τούτων

179 4245 461 4317 λεγομένων
471 4287 482 4300 .

256 4338 356 4386 Καὶ
395 4365 461 4374 -
499 4333 685 4391 ἐλάλει.
740 4332 862 4386 Ὀτι
914 4334 1222 4396 τηλικοῦτος
1260 4340 1326 4386 ῶν
1377 4337 1505 4408 μετὰ
1541 4339 1784 4408 γυναικός

185 4421 413 4482 εὐτελοῦς
445 4419 719 4494 διελέγετο.

257 4507 443 4572 Οὐδεὶς
501 4542 570 4553 —
643 4511 843 4578 αὐτῆς
915 4513 1221 4586 Ἐσίγησαν,
1295 4522 1546 4587 τιμῶντες
1605 4515 1780 4568 αύτόν.

184 4597 590 4674 Πεπαιδευμένοι
639 4605 741 4678 γὰρ
794 4607 852 4656 τὸ
909 4609 980 4676 μὴ
1035 4606 1207 4656 πάντα
1254 4605 1321 4656 τὰ
1371 4612 1461 4656 τοῦ
1519 4601 1786 4657 διδασκοί-

182 4690 274 4743 λου
334 4691 791 4766 περιεργάζεσθαι.
865 4690 1008 4763 Ἅμα
1062 4688 1120 4744 δὲ
1190 4696 1280 4744 καὶ
1351 4691 1630 4764 ἐγίνωσκον
1706 4694 1785 4745 ὃτι

183 4786 289 4840 τοῖς
367 4780 615 4853 ψυχικοῖς
687 4782 984 4855 τραύμασιν
1052 4780 1217 4842 αὐτῆς
1283 4782 1557 4856 φάρμακον
1625 4781 1788 4835 ἐπιτί-

188 4872 250 4928 θη
260 4889 362 4923 σιν.

260 5005 302 5040 ⁵⁷
339 5004 489 5062 Psal.
528 5022 574 5071 L,
613 5009 696 5062 19.
773 5005 821 5042 ⁸⁸
865 5004 1019 5062 Psal.
1072 5021 1228 5076 χιιι,
1273 5005 1355 5060 14.

1435 5008 1483 5042 ⁸³
1515 5006 1670 5064 Psal.
1699 5024 1750 5078 ι,
1795 5011 1882 5062 2t.

1841 591 2068 649 cultum
2129 589 2262 645 loco
2323 587 2899 652 circumscribentes,
2968 587 3147 644 veluti
3191 588 3378 644 Judaei
3441 593 3497 645 et

1846 679 2224 744 Samaritani,
2255 678 2360 734 sed
2403 678 2462 732 in
2503 677 2669 733 omni
2712 677 2844 734 loco
2887 676 3315 734 dominationis
3361 678 3495 750 ejus

1843 769 2262 827 benedicentes
2308 767 2650 822 Dominum.

1919 949 1998 1004 De
2051 947 2180 1003 solo
2222 952 2422 1002 autem
2471 945 2642 1001 Patre
2707 944 2842 1001 facit
2903 961 3062 1001 nunc
3107 945 3492 1011 mentionem,

1847 1043 2088 1112 propter
2127 1036 2390 1092 mulieris
2434 1034 2897 1091 imbecillitatem
2934 1051 2947 1090 :
2986 1050 3180 1108 neque
3217 1034 3379 1090 enim
3414 1051 3501 1091 re-

1848 1126 2160 1200 pentinum
2193 1124 2311 1195 (hh)
2342 1123 2566 1196 dogma
2600 1140 2936 1198 proponere
2975 1124 3027 1181 ei
3057 1123 3388 1198 oportebat.

1918 1217 2081 1272 Vers.
2124 1215 2212 1270 23.
2261 1214 2416 1270 Nam
2448 1221 2506 1270 et
2538 1245 2604 1253 ——
2643 1215 2859 1283 ipsum.
2896 1216 3040 1270 Puta
3086 1228 3207 1270 non
3239 1213 3502 1284 ﬁgurati-

1852 1323 1977 1371 vos,
2014 1303 2119 1360 sed
2147 1319 2348 1372 veros;
2390 1318 2513 1359 non
2543 1303 2948 1375 corporaliter,
2983 1303 3087 1360 sed
3122 1303 3503 1376 spiritualiter

1851 1394 2258 1452 immolantes.
2288 1392 2490 1448 Dicens
2513 1397 2712 1450 autem
2742 1409 2755 1448 :
2781 1393 3017 1461 Querit,
3039 1391 3317 1458 ostendit,
3336 1392 3504 1464 quod

1851 1484 2001 1556 legis
2040 1482 2373 1538 immolatio
2415 1481 2777 1554 displiceret,
2823 1487 2880 1537 et
2916 1497 3059 1538 sane
3101 1481 3244 1538 olim
3291 1482 3505 1538 conde-

1853 1573 2196 1630 scendendo
2229 1577 2517 1628 statuerat
2543 1571 2727 1638 illam,
2759 1575 2815 1627 et
2842 1587 3030 1643 usque
3056 1571 3134 1627 ad
3164 1571 3225 1626 id
3267 1575 3504 1643 tempus

1855 1663 2235 1726 sustinuerat,
2278 1665 2517 1733 propter
2544 1660 2922 1717 Hebraeorum
2954 1659 3422 1718 imbecillitatem
3449 1665 3507 1717 et

1855 1751 2336 1810 crassitudinem.

1480 1842 1748 1890 τουτέστιν
1784 1855 1827 1909 Β
1926 1843 2088 1897 Vers.
2126 1841 2214 1896 2i.
2255 1839 2604 1909 Spiritus—
2631 1840 2904 1896 adorare.
2945 1839 3217 1913 Spiritus,
3252 1839 3367 1896 hoc
3397 1845 3506 1907 est,

1860 1932 2245 2004 incorporeus
2277 1929 2446 1985 :ideo
2467 1929 2644 1986 etiam
2677 1929 2934 1985 colentes
2954 1945 3091 1985 eum
3125 1928 3512 2001 spiritualiter

1861 2021 2052 2078 colere
2095 2023 2349 2091 oportet,
2397 2033 2520 2074 non
2568 2017 2631 2073 in
2690 2018 2928 2084 umbra,
2981 2019 3084 2074 sed
3118 2018 3178 2073 in
3221 2017 3506 2084 veritate;

1862 2110 1984 2166 hinc
2015 2108 2173 2162 enim
2203 2109 2566 2163 conveniens
2605 2113 2712 2173 est,
2760 2122 2830 2162 ac
2872 2107 3060 2162 Deum
3098 2105 3283 2162 decet.
3334 2105 3510 2179 Spiri-

1863 2197 2040 2256 tualis
2085 2202 2283 2252 autem
2324 2197 2539 2263 cultus,
2581 2196 2702 2252 sive
2731 2195 2926 2252 latria.
2961 2200 3050 2252 est
3073 2195 3260 2252 animi
3309 2196 3513 2251 mode-

1865 2288 1979 2344 stia
2011 2303 2022 2340 :
2056 2287 2452 2355 Sacriﬁcium,
2477 2286 2688 2358 inquit,
2718 2287 2836 2342 Deo
2854 2285 3095 2355 spiritus
3123 2284 3400 2340 contritus
3432 2286 3512 2355 ‘7;

1864 2383 1920 2434 et
1973 2376 2157 2432 oratis
2219 2398 2231 2430 :
2283 2375 2593 2444 Sacri/ica,
2655 2375 2752 2440 ait,
2805 2376 2923 2431 Deo
2972 2373 3334 2443 sacriﬁcium
3396 2375 3518 2430 tau-

1864 2467 1955 2523 dis
1986 2466 2073 2532 ⁶⁸;
2116 2470 2192 2531 et,
2227 2469 2290 2520 ut
2315 2480 2435 2520 uno
2466 2465 2646 2520 verbo
2679 2463 2899 2534 dicam,
2940 2463 3138 2520 omnis
3171 2465 3358 2519 virtus
3398 2461 3510 2535 spi-

1865 2553 2092 2612 ritualis
2125 2576 2136 2610 :
2173 2554 2334 2608 Tum:
2352 2552 2698 2623 acceptabis,
2727 2552 2938 2624 inquit,
2967 2551 3322 2622 sacriﬁcium
3341 2551 3521 2622 justi-

1867 2645 1966 2700 tiae
1995 2646 2064 2712 '9,
2098 2643 2200 2697 ubi
2251 2641 2431 2697 dictio
2467 2642 2738 2712 Iustitiae,
2779 2657 2888 2713 pro
2921 2641 3087 2698 omni
3115 2640 3325 2698 virtute
3366 2641 3523 2698 acci-

1865 2734 2047 2807 pitur,
2080 2747 2186 2805 per
2213 2747 2400 2804 quam
2442 2730 2629 2786 homo
2655 2731 2850 2802 justus
2893 2729 3165 2786 efﬁcitur.

1941 2823 2105 2878 Vers.
2147 2826 2236 2877 25.
2269 2823 2356 2876 ,ιιι
2385 2852 2452 2862 -
2483 2821 2703 2877 omnia.
2735 2820 3007 2877 Inhiabat
3030 2821 3109 2876 ad
3141 2836 3350 2877 eorum
3390 2835 3520 2894 quas

1872 2913 2032 2969 dicta
2062 2918 2219 2980 sunt,
2243 2911 2691 2975 sublimitatem,
2724 2910 2831 2966 sed
2854 2909 3036 2967 modo
3052 2911 3350 2984 desperat,
3389 2927 3530 2982 pos-

1876 3019 1936 3055 se
1949 3001 2021 3056 de
2039 3001 2149 3056 illis
2163 3001 2388 3056 audire.
2422 2999 2535 3056 Sed
2555 3000 2711 3055 unde
2734 3000 3125 3057 Samaritanis
3158 3000 3530 3072 exspectatio

1879 3091 2172 3146 adventus
2213 3089 2468 3145 Christi?
2507 3091 2552 3142 A
2594 3089 2865 3144 Mosaicis
2918 3089 3241 3161 scripturis.
3286 3089 3532 3161 Scripsit

1881 3181 2041 3235 enim
2088 3181 2275 3234 Moses
2310 3197 2323 3233 :
2363 3177 2702 3246 Prophetam
2740 3177 3041 3233 suscitabit
3081 3177 3232 3234 vobis
3273 3177 3425 3233 Deus
3460 3177 3534 3233 de

1879 3267 2180 3339 fratribus
2211 3266 2415 3323 vestris
2443 3282 2454 3319 :
2491 3270 2772 3336 tanquam
2799 3281 2890 3322 me
2919 3266 3089 3322 illum
3108 3265 3358 3322 audietis
3388 3267 3460 3322 7°.

1954 3445 2116 3500 Vers.
2160 3445 2249 3498 26.
2299 3441 2456 3498 Dicit
2511 3471 2578 3481 —
2623 3447 2834 3498 tecum.
2886 3440 3111 3497 Judaeis
3176 3440 3538 3500 instantibus

1884 3551 1953 3590 ac
1991 3532 2369 3589 dicentibus:
2403 3531 2785 3601 Quoadusque
2831 3530 3085 3587 animam
3131 3536 3400 3588 nostram
3444 3549 3540 3587 su-

1884 3638 2144 3692 spensam
2187 3629 2343 3677 tenes
2376 3622 2403 3677 ?
2441 3621 2538 3676 dic
2581 3621 2760 3684 nobis,
2812 3636 2892 3676 an
2940 3627 3000 3675 tu
3040 3620 3116 3675 sis
3159 3620 3430 3676 Christus
3469 3623 3539 3676 τί.

1885 3716 2013 3770 Non
2042 3710 2352 3784 respondit
2381 3711 2494 3766 hoc
2540 3709 2852 3766 manifeste
2885 3729 2899 3780 ;
2943 3709 3082 3766 huic
3133 3717 3330 3767 autem
3365 3712 3542 3783 proti-

1886 3819 2003 3859 nus
2043 3817 2104 3856 se
2137 3803 2334 3872 ipsum
2379 3798 2819 3866 manifestavit;
2861 3817 2998 3855 nam
3025 3799 3147 3856 haec
3178 3801 3405 3874 tequior
3431 3800 3544 3856 illis

1887 3896 2028 3948 erat.
2059 3891 2365 3964 Siquidem
2397 3889 2513 3961 ipsi
2546 3905 2664 3945 non
2699 3890 3102 3955 utcrederent,
3127 3891 3350 3947 discere
3380 3907 3548 3964 quae-

1888 3982 2120 4046 rebant,
2154 3981 2256 4035 sed
2301 3985 2362 4035 ut
2397 3977 2898 4052 reprehenderent
2930 3997 2942 4032 :
2978 3979 3110 4052 ipsa
3158 3996 3300 4036 vero
3343 3981 3546 4036 statim

1891 4077 2210 4144 postquam
2257 4068 2484 4132 didicit,
2526 4068 2794 4125 credidit.

1965 4162 2121 4214 Vers.
2163 4158 2251 4212 27.
2275 4158 2351 4212 Et
2388 4188 2456 4198 —
2488 4158 2630 4226 ejus.
2666 4157 2731 4213 In
2763 4158 2896 4227 hoc,
2930 4158 2989 4213 id
3017 4161 3126 4226 est,
3158 4157 3251 4212 his
3281 4157 3474 4214 dictis.

1966 4335 2128 4390 Vers.
2159 4339 2244 4390 27.
2264 4334 2350 4390 Ac
2381 4365 2442 4374 —
2481 4335 2813 4405 loqueretur
2839 4333 3007 4399 Quod
3045 4350 3182 4389 cum
3212 4332 3340 4390 talis
3367 4339 3548 4403 esset,

1895 4441 2032 4480 cum
2061 4423 2157 4479 vili
2193 4423 2441 4479 muliere
2479 4422 2836 4494 disputaret.

1969 4513 2132 4569 Vers.
2175 4514 2260 4569 37.
2312 4511 2495 4569 Nemo
2542 4543 2602 4552 —
2654 4511 2762 4567 illa
2793 4513 2821 4566 ἵ
2859 4509 3214 4582 Tacuerunt,
3261 4513 3549 4570 honorem

1895 4603 2007 4676 ipsi
2045 4603 2422 4669 deterentes;
2464 4601 2763 4674 siquidem
2806 4601 3074 4656 instructi
3122 4608 3310 4669 erant,
3357 4603 3446 4676 (ii)
3478 4619 3552 4660 ne

1894 4692 2100 4750 omnia
2140 4691 2407 4760 magistri
2445 4691 2602 4748 facta
2637 4693 2872 4746 curiose
2909 4691 3275 4764 inquirerent
3315 4709 3329 4748 :
3375 4693 3553 4750 simul

1895 4781 2072 4838 etiam
2097 4781 2364 4837 sciebant
2388 4780 2554 4852 quod
2585 4779 2988 4853 spiritualibus
3018 4781 3174 4836 illius
3206 4781 3551 4839 vulneribus

1898 4871 2294 4944 pharmacum
2333 4874 2689 4943 apponeret.

1959 5007 2009 5042 το
2039 5007 2205 5062 Deut.
2233 5021 2386 5070 xvm,
2429 5010 2510 5062 t5.
2584 5006 2629 5040 ”¹¹
2659 5005 2828 5061 Joan.
2863 5023 2918 5072 ι,
2951 5004 3046 5061 24.

1413 5185 1629 5255 Variae
1661 5186 1985 5255 lectiones
2017 5196 2074 5254 et
2112 5195 2313 5255 notas.

263 5339 378 5408 (7'2)
398 5340 521 5394 Non
537 5333 688 5409 cepit
715 5337 824 5392 hoc
849 5336 1187 5393 Hentenius.
1209 5340 1309 5392 Est
1326 5337 1484 5409 enim
1512 5339 1790 5407 vertigine

189 5411 424 5482 corripi,
445 5408 619 5482 quod
639 5409 786 5482 solet
805 5409 1072 5482 accidere
1103 5410 1174 5464 iis
1191 5412 1294 5481 qui
1310 5408 1544 5482 excelsa
1563 5411 1791 5464 intueno

189 5487 305 5552 tur,
337 5480 438 5537 aut
463 5480 534 5536 ex
561 5481 690 5538 loco
720 5480 878 5552 edito
904 5480 1176 5537 deorsum
1203 5480 1485 5554 spectant.
1519 5481 1793 5538 Reddidit

267 5676 396 5758 (itit)
424 5678 832 5747 Repentinum.
869 5679 1145 5749 Repente.
1178 5676 1272 5732 Est
1298 5675 1458 5734 enim
1481 5674 1667 5751 ἀθροόν
1689 5675 1792 5732 ad-

203 5749 686 5894 er(?zl)uf9niquidem
704 5818 982 5878 instructi
999 5825 1186 5887 erant,
1216 5823 1324 5878 etc.
1354 5820 1503 5878 Bene
1521 5819 1682 5876 enim
1704 5818 1788 5876 in-

1901 5339 1998 5411 ita,
2035 5356 2104 5394 ac
2137 5337 2184 5392 si
2216 5337 2497 5410 repererit
2527 5339 2738 5410 κέχηνε,
2773 5337 2936 5411 quod
2965 5338 3168 5411 ipsum
3191 5353 3310 5396 non
3339 5336 3559 5396 absur-

1900 5409 2046 5493 dum
2070 5417 2178 5493 est,
2216 5409 2549 5493 (100.5833!)
2587 5409 2901 5480 Gregorius
2929 5409 3064 5468 Naz.
3119 5429 3177 5485 p.
3225 5412 3344 5478 159,
3376 5411 3547 5468 dixit:

1901 5486 2039 5556 Πρός
2085 5485 2201 5541 τούς
2242 5485 2482 5557 ἀστέρας.

1900 5676 2082 5733 stituti
2122 5679 2229 5741 est,
2280 5691 2400 5732 non
2463 5676 2668 5735 omnia
2735 5675 2996 5735 doctoris
3053 5676 3291 5738 curiose
3364 5677 3552 5754 inqui-

1900 5763 2050 5804 rere.
2654 5760 2656 5762 ⁷
