4170 6442
696 381 836 440 H99

695 595 772 652 ad
813 595 1155 651 sensibilem
1206 595 1447 658 lontem,
1494 597 1551 646 et
1581 591 1804 645 invenit
1845 590 2297 646 intellectualem
2332 611 2344 642 :

693 690 874 757 atque
891 700 1146 740 accensa
1170 690 1258 739 est
1274 684 1410 755 igne
1429 679 1828 753 spiritualium
1849 679 2171 742 undarum,
2195 678 2347 733 adeo

694 779 758 830 ut
793 781 850 828 et
878 773 1156 845 hydriam
1189 771 1543 843 relinqueret
1567 776 1623 824 et
1670 771 2079 824 necessitatem
2111 774 2350 840 propter

693 878 880 934 quam
908 866 1250 924 accesserat,
1285 865 1659 930 curreretque
1700 858 1758 912 in
1789 857 2110 922 civitatem,
2146 873 2214 912 ac
2244 871 2351 928 po-

695 951 904 1022 pulum
935 966 1179 1006 omnem
1219 949 1295 1005 ad
1325 951 1524 1004 Jesum
1569 947 1887 1003 attraheret
1921 963 1933 1001 :
1969 946 2190 1001 docens
2213 961 2345 1008 nos,

693 1058 832 1097 cum
865 1040 1196 1112 spiritualia
1226 1038 1386 1094 nacti
1414 1037 1720 1101 fuerimus.
1754 1035 2103 1108 temporalia
2133 1039 2350 1091 cuncta

693 1130 1018 1202 despicere.

765 1225 825 1274 Et
867 1219 1054 1274 videte
1101 1216 1364 1273 mulieris
1417 1215 1797 1287 sapientiam.
1853 1217 1978 1270 Non
2021 1214 2211 1270 dixit:
2250 1214 2350 1268 Ve-

695 1309 834 1370 nite,
878 1306 1066 1362 videte
1107 1305 1428 1371 Christum,
1480 1321 1606 1360 cuin
1648 1309 1850 1359 tamen
1905 1304 2168 1359 crederet
2219 1318 2351 1358 esse

695 1397 1012 1462 Christum,
1064 1411 1136 1451 ne
1175 1395 1248 1450 de
1290 1393 1633 1466 hujnsmodi
1677 1410 1736 1447 re
1767 1409 1801 1448 a
1843 1393 2039 1465 seipsa
2077 1392 2350 1462 judicare

696 1484 993 1540 videretur
1026 1501 1037 1538 :
1074 1484 1406 1539 maximum
1450 1482 1614 1538 enim
1646 1480 1959 1537 videbatur
1989 1495 2349 1551 cognoscere

694 1588 828 1629 eum
864 1573 965 1645 qui
1003 1572 1483 1644 exspectabatur,
1539 1571 1641 1625 sed
1688 1569 1836 1626 alios
1888 1576 2060 1625 vocat
2101 1570 2345 1641 iudices.

699 1665 883 1734 thue
907 1663 1037 1717 illos
1065 1663 1258 1730 magis
1296 1660 1574 1725 attrahat,
1601 1659 1770 1715 offert
1801 1659 1886 1714 eis
1926 1659 2106 1714 veluti
2135 1675 2350 1731 quam-

693 1750 835 1806 dam
855 1766 1077 1816 escam,
1103 1765 1345 1805 suorum
1369 1748 1639 1804 videlicet
1666 1755 2043 1821 peccatorum
2072 1748 2349 1802 delectio-

693 1855 854 1896 nem.
890 1839 1118 1895 Sciebat
1147 1837 1509 1910 enim.quod
1545 1838 1592 1892 si
1618 1837 2096 1892 sermonesillius
2131 1836 2218 1890 vel
2249 1851 2347 1890 so-

692 1928 817 1984 lum
848 1934 1172 1998 gustarent,
1212 1929 1485 1998 protinus
1525 1932 1582 1982 et
1620 1927 1731 1999 ipsi
1775 1926 2157 1981 irretirentur.
2189 1926 2348 1980 Num

696 2018 792 2074 hic
819 2025 894 2074 est
941 2017 1205 2072 Christus
1237 2016 1264 2070 ἵν
1292 2017 1402 2072 hoc
1442 2026 1544 2082 est,
1579 2018 1730 2072 Num
1761 2013 2030 2070 fortassis
2062 2015 2158 2069 hic
2202 2021 2293 2070 est
2323 2016 2350 2071 Ὺ

694 2109 846 2163 Nam
886 2106 1218 2162 hassitando
1245 2105 1524 2178 loquitur,
1555 2112 1844 2178 tanquam
1876 2104 2265 2169 addubitans,
2290 2110 2351 2160 ut

694 2193 768 2249 ab
796 2191 911 2248 illis
941 2192 1114 2247 detur
1145 2191 1458 2247 sententia.

757 2371 915 2426 Vers.
942 2374 1030 2427 30.
1070 2369 1385 2427 Exierunt.
1433 2399 1500 2409 —
1535 2369 1690 2422 Vers.
1733 2367 1821 2422 31.
1858 2368 2109 2425 Comede.
2141 2367 2350 2423 Viden-

693 2466 777 2514 tes
830 2475 964 2514 eum
1013 2460 1088 2514 ab
1131 2458 1337 2513 itinere
1387 2455 1706 2522 defessum,
1762 2462 1820 2512 et
1870 2457 1946 2511 ab
1999 2457 2347 2513 imminente

691 2549 868 2604 solari
919 2547 1152 2611 ardore,
1195 2546 1489 2615 rogabant
1536 2561 1695 2600 eum.
1744 2549 1890 2601 Nam
1943 2547 2054 2603 hoc
2111 2547 2169 2601 in
2216 2547 2348 2601 loco

691 2637 901 2709 ἠρώτων
935 2637 1096 2692 idem
1141 2636 1462 2703 signiﬁcat,
1518 2636 1682 2706 quod
1729 2637 2233 2703 deprecabantur;
2285 2635 2342 2690 id

689 2731 888 2780 autem
927 2724 1296 2780 vehementis
1323 2730 1408 2779 est
1450 2724 1694 2790 amoris,
1739 2739 1857 2778 non
1900 2725 2269 2779 temeritatis.
2327 2755 2368 2786 α,

761 2815 928 2870 Vers.
959 2816 1045 2869 32.
1078 2814 1162 2868 At
1191 2813 1295 2868 ille
1323 2843 1392 2852 —
1432 2813 1596 2867 Vers.
1619 2817 1706 2868 33.
1741 2813 1906 2878 Quod
1924 2813 2116 2868 ederet
2149 2814 2176 2867 Ῡ
2213 2818 2341 2885 Ipse

687 2903 931 2976 quidem
948 2902 1147 2958 cibum
1166 2901 1420 2969 dicebat,
1439 2901 1751 2956 hominum
1770 2902 2050 2973 salutem;
2069 2902 2342 2974 discipuli

690 3007 826 3049 vero
853 2991 926 3046 de
957 2990 1092 3046 cibo
1123 2989 1381 3044 sensibili
1425 2989 1839 3058 intelligentes,
1877 2989 2156 3046 haesitant
2192 2992 2343 3046 inter

2041 366 2375 432 EUTHYMII
2411 361 2744 430 ZIGABENI

765 508 924 562 Vers.
961 506 1046 561 28.
1083 505 1332 577 Reliquit
1362 503 1600 557 —Vers.
1621 501 1710 556 29.
1747 503 2014 558 Christus
2042 502 2071 556 Υ
2097 502 2347 556 Venerat
2379 503 2423 553 A

2525 497 2741 570 ’Δφῆιιεν
2794 527 2864 537 —
2915 500 3177 571 Χριστός;
3249 494 3434 547 Ἦλθεν
3489 493 3573 546 ἐπὶ
3644 499 3733 553 τὴν
3782 496 4002 557 αἰσθητήν

2455 591 2651 658 πηγὴν,
2704 587 2926 658 εὑροῦσα
2997 581 3055 636 δι
3109 588 3203 642 τήν
3255 588 3446 641 νοητὴν
3506 583 3670 644 οὓτως
3714 583 3898 657 ἀνήφθη
3950 598 4001 658 τῷ

2455 681 2584 750 πυρὶ
2635 683 2735 727 τῶν
2798 681 3156 746 πνευματικῶν
3223 675 3464 744 ναμάτων
3527 675 3592 733 ὡς
3637 678 3724 725 καὶ
3774 678 3828 726 τό
3883 678 4004 747 ἄγγος

2459 764 2679 836 ἀφεῖναι,
2749 768 2842 815 καὶ
2912 767 3006 822 τήν
3080 767 3264 835 χρείαν
3320 758 3394 814 δι’
3447 766 3510 820 ἦν
3580 766 3886 837 παρεγίνετο,
3940 772 4002 817 καὶ

2459 850 2676 927 δραμεῖν
2709 852 2779 913 εἰς
2824 857 2917 910 τὴν
2971 851 3134 916 πόλιν,
3191 856 3282 902 καὶ
3337 851 3508 903 πάντα
3564 854 3649 902 τόν
3694 848 3853 922 δῆμον
3893 852 4000 905 ἐὶκζο.

2461 962 2552 994 σαι
2604 945 2728 1017 πρός
2780 946 2866 994 τὸν
2905 943 3134 1006 Ἰησοῦν,
3177 937 3508 993 παιδεύουσα
3550 943 3711 1012 ἡμᾶς,
3759 941 3868 992 ὃταν
3902 943 4000 993 ἐντὰ-

2458 1051 2636 1104 χωμεν
2710 1037 3099 1103 πνευματικοῖς,
3171 1032 3424 1106 ύπερορᾲν
3500 1031 3704 1082 πάντων
3755 1038 3846 1082 τῶν
3908 1029 3998 1102 βιω-

2460 1140 2644 1174 τικων.

2533 1215 2633 1263 Καὶ
2693 1209 2790 1284 ὃρα
2843 1213 3025 1282 σοφίαν
3060 1213 3325 1280 γύναιχός.
3379 1207 3489 1262 Ούκ
3538 1204 3670 1272 εἶπε,
3702 1214 3860 1273 Δεῦτε,
3906 1205 3993 1262 ίδιτι

2458 1301 2544 1349 τόν
2617 1301 2864 1371 Χριστόν,
2919 1303 3094 1351 καίτοι
3166 1300 3492 1350 πιστεύουσα
3567 1297 3649 1349 ὃτι
3728 1299 3753 1348 ό
3822 1304 3984 1369 Χριστός

2460 1387 2624 1452 ἐστιν,
2684 1390 2766 1440 ἵνα
2817 1393 2888 1460 μή
2945 1384 3075 1459 δόξῃ
3125 1392 3316 1460 κρίνειν
3369 1386 3452 1458 ἀφ’
3502 1390 3694 1449 εαυτῆς
3742 1393 3848 1459 περὶ
3898 1387 3991 1442 nit.

2458 1480 2645 1530 κούτου
2710 1480 3035 1550 πράγματος·
3115 1481 3362 1548 μέγιστον
3419 1479 3521 1550 γὰρ
3585 1473 3759 1529 ἐδόκει
3827 1481 3875 1528 τό
3926 1476 3996 1527 ἑπι-

2457 1575 2650 1637 γνῶναι
2702 1571 2786 1619 τόν
2839 1562 3290 1638 προσδοκώμενον
3350 1563 3457 1618 ἀλλ’
3512 1565 3720 1638 ἑτέρους
3765 1565 3889 1617 καλεῖ
3923 1584 3998 1635 ιρι-

2459 1660 2568 1719 τὰς,
2617 1655 2701 1707 ἱνα
2747 1661 2838 1708 καὶ
2873 1655 3063 1726 μᾶλλον
3115 1655 3303 1716 αύτούς
3355 1653 3742 1713 ἐπισπάσηται.
3799 1659 3998 1726 “partim

2462 1741 2520 1797 δι
2580 1747 2799 1807 τούτοις,
2859 1747 3091 1816 καθάπερ
3145 1763 3194 1795 τι
3269 1740 3470 1817 δέλεαρ,
3563 1748 3663 1802 τὴν
3738 1743 3999 1812 ἀποκάλυψιν

2459 1843 2560 1886 τῶν
2632 1831 2776 1886 ἰδίων
2834 1836 3124 1907 ἁμαρτιῶν.
3191 1833 3469 1903 Ἐγίνωσιε
3524 1836 3623 1906 γὰρ
3701 1837 3765 1894 ὡς
3813 1833 3850 1886 εἰ
3888 1839 3999 1904 μόνον

2458 1925 2749 1992 γεύσωνται
2823 1933 2923 1974 τῶν
2969 1923 3133 1993 λόγων
3184 1922 3366 1990 αὐτοῦ,
3428 1925 3886 1994 σαγηνευθήσονται
3936 1925 4000 1972 καὶ

2460 2011 2608 2063 αὐτοὶ
2673 2016 2988 2086 παραυτίκα.
3068 2016 3138 2065 Τὸ
3217 2009 3296 2074 δι,
3375 2017 3520 2069 Μήτι
3601 2013 3748 2074 οὗτος
3807 2012 3922 2064 ἐστιν
3982 2013 4000 2061 ὁ

2460 2105 2727 2174 Χριστός;
2788 2100 2902 2153 ἀντὶ
2975 2110 3088 2162 τοῦ,
3150 2107 3364 2159 Μήποτε
3449 2101 3599 2163 οὗτος
3671 2100 3836 2162 ἐστινς
3891 2100 4000 2151 Ὑπο-

2459 2194 2687 2264 κρίνεται
2740 2193 2863 2263 γὰρ,
2920 2192 3024 2242 οἶον
3099 2186 3477 2260 ἐπιδιστάζειν,
3530 2189 3671 2243 ὥστε
3713 2189 3820 2262 παρ’
3871 2189 3998 2241 αὐτῶν

2457 2281 2697 2350 γενέσθαι
2730 2284 2824 2337 τὴν
2853 2284 3046 2353 κρίσιν.

2528 2366 2770 2430 Ἐξῆλθον
2844 2399 2914 2409 -
2986 2370 3136 2440 φάγε.
3198 2367 3447 2443 Ὀρῶντες
3522 2369 3683 2421 αὐτόν
3734 2371 3991 2440 κεκμηότα,

2458 2459 2558 2509 ύπό
2601 2476 2654 2509 τε
2702 2465 2791 2517 τῆς
2818 2453 3124 2531 ὁδοιπορίας
3179 2463 3270 2510 καὶ
3325 2467 3420 2520 τῆς
3471 2457 3780 2531 ἐπικειμένης
3823 2457 3991 2515 ἡλιακῆς

2459 2546 2664 2617 φλογὸς,
2700 2547 2912 2621 ἠρώτων
2945 2547 3122 2610 αὐτόν,
3157 2547 3270 2604 ἢτοι
3302 2546 3627 2621 παρεκάλουν
3659 2554 3823 2621 φαγεῖν·
3861 2552 3977 2596 τοῦτο

2458 2632 2518 2688 δι
2548 2619 2914 2707 φιλοστοργίας
2939 2632 3020 2700 ἦν,
3054 2635 3113 2687 ού
3141 2619 3466 2709 προπετείας.
3666 2619 3671 2621 ν
4044 2619 4050 2630 ’

2525 2725 2583 2777 Ὀ
2632 2721 2691 2777 δι
2741 2753 2803 2765 -—
2862 2733 3073 2796 φαγείνς
3127 2725 3294 2786 Αὐτὸς
3345 2729 3438 2798 μεν
3513 2725 3697 2799 βρῶσιν
3742 2724 3852 2793 ἵλεγε
3901 2725 3981 2778 τὴν

2457 2820 2719 2888 σωτηρίαν
2775 2822 2874 2865 τῶν
2933 2813 3233 2887 ἀνθρώπων·
3285 2817 3334 2867 οἱ
3371 2817 3609 2886 μαθηται
3658 2813 3707 2867 δί
3737 2817 3839 2885 περί
3875 2809 3986 2882 3,9...-

2457 2921 2586 2965 σεως
2640 2904 2899 2965 αἰσθητῆς
2959 2911 3188 2964 νοοῦντες
3251 2903 3511 2977 ἀποροῦσι
3579 2909 3709 2979 πρὸς
3760 2901 3984 2961 mauu;-

2452 2991 2772 3050 ηὐλαϐοὑντο
2796 2996 2897 3067 γὰρ
2930 2991 3114 3045 ἐκεῖνον
3145 2992 3304 3066 ἐρωτῆ
3316 3012 3425 3049 σαι.
3463 2998 3663 3048 Λοιπὸν
3684 2989 3762 3046 οὖν
3782 2992 3993 3064 ἐρμηνεύιι

690 3097 754 3137 se
792 3097 803 3136 :
839 3096 981 3136 nam
1007 3079 1172 3135 illum
1204 3079 1570 3148 interrogare
1599 3079 1970 3135 verebantur.
2007 3082 2168 3136 Tunc
2197 3097 2340 3150 ergo
2381 3073 2422 3127 C
2452 3086 2541 3133 τὸν
2566 3082 2737 3153 λόγον.

687 3171 940 3227 verbum
978 3172 1414 3240 interpretatur.

762 3258 920 3315 Vers.
964 3261 1050 3314 34.
1107 3257 1261 3312 Dicit
1304 3287 1370 3297 —
1405 3273 1571 3325 Opus.
1622 3257 1908 3312 Voluntas
1967 3257 2176 3324 Patris,
2234 3261 2337 3332 qui

687 3341 891 3421 ipsum
924 3349 1184 3412 miserat,
1227 3354 1281 3400 et
1318 3362 1471 3416 opus
1512 3346 1667 3400 illius
1699 3347 1929 3401 Christo
1979 3348 2336 3418 injunctum,

688 3437 849 3493 salus
911 3442 997 3492 est
1045 3436 1359 3491 hominum
1403 3452 1415 3488 :
1461 3435 1616 3490 hanc
1664 3442 1863 3491 autem
1915 3442 2082 3491 vocat
2135 3439 2334 3493 cibum

688 3544 888 3598 suum,
935 3528 1260 3583 ostendens
1291 3541 1393 3596 per
1451 3526 1607 3581 hanc
1663 3541 1872 3581 vocem
1944 3527 2333 3594 desiderium,

684 3617 848 3690 quod
881 3616 953 3671 de
993 3616 1307 3671 hominum
1345 3613 1595 3670 habebat
1632 3615 1841 3669 salute.
1879 3618 2022 3670 Nam
2057 3617 2203 3673 sicut
2233 3618 2336 3689 qui

685 3705 826 3771 edit,
859 3704 1060 3760 cibum
1091 3702 1456 3774 concupiscit
1499 3719 1512 3757 :
1548 3702 1627 3757 ita
1657 3707 1713 3758 et
1739 3703 1862 3774 ipse
1895 3704 2208 3761 hominum
2243 3724 2337 3762 sa-

685 3794 890 3849 lutem.
923 3791 1068 3847 Dicit
1111 3796 1314 3846 autem
1360 3807 1422 3845 se
1472 3806 1509 3847 a
1551 3791 1714 3846 Patre
1759 3793 2018 3858 missum,
2073 3795 2162 3850 vel
2213 3802 2337 3852 tan-

684 3897 868 3954 quam
887 3879 1089 3945 homo,
1119 3880 1206 3935 vel
1229 3879 1382 3934 sicut
1399 3878 1653 3934 Verbum
1667 3880 1826 3951 quod
1846 3897 1881 3936 a
1896 3883 2058 3938 Patre
2081 3899 2334 3954 genera-

684 3976 798 4033 tur,
831 3969 918 4024 vel
950 3968 1104 4024 Patri
1133 3969 1423 4024 honorem
1455 3967 1799 4024 deterendo.

755 4059 915 4114 Vers.
967 4059 1056 4113 35.
1121 4059 1325 4114 Nonne
1388 4089 1457 4098 —
1514 4059 1662 4127 jam.
1745 4060 2022 4131 Discipuli
2085 4063 2332 4134 quidem

681 4147 756 4204 de
807 4146 1068 4203 sensibili
1101 4162 1298 4203 messe
1345 4146 1643 4211 dicebant,
1694 4148 1818 4220 ipse
1852 4165 1990 4206 vero
2027 4150 2101 4206 de
2171 4154 2334 4209 intel-

680 4236 917 4294 lectuali
966 4251 1124 4292 nunc
1173 4235 1454 4308 loquitur,
1503 4243 1560 4290 et
1597 4237 1752 4292 hanc
1784 4240 2043 4294 ostendit
2092 4240 2328 4297 instare.

681 4326 976 4396 Regiones
1021 4324 1332 4398 appellans
1371 4325 1809 4381 multitudinem
1853 4330 2214 4386 venientium
2255 4332 2332 4388 ad

2522 3176 2674 3242 Λέγει
2731 3201 2800 3213 -
2856 3175 3022 3245 ἔργον.
3099 3172 3316 3245 Θέλημα
3369 3169 3460 3225 τοῦ
3527 3173 3814 3245 πέμψαντος
3880 3169 3991 3220 αὐτόν
4082 3199 4083 3214 χ

2452 3266 2675 3335 Πατρός,
2720 3266 2807 3315 καὶ
2857 3265 3002 3334 ἔργον
3049 3262 3210 3314 αὑτοῦ
3258 3260 3490 3333 ἐπιταγεν
3534 3262 3699 3332 αὐτῷ,
3741 3264 3770 3320 ἠ
3808 3260 3990 3330 σιιιτιιρίίι

2447 3361 2543 3403 τῶν
2601 3350 2899 3422 ἀνθρώπων.
2977 3353 3184 3408 Ταύτην
3242 3347 3302 3403 δι
3376 3349 3576 3426 βρῶσιν
3635 3354 3812 3404 ἐαυτοῦ
3867 3348 3986 3404 καὶεί.

2450 3436 2544 3492 διὰ
2597 3448 2692 3501 τῆς
2742 3439 2922 3502 λέξεως
2996 3443 3190 3502 ταύτης
3267 3439 3520 3513 ἐμφαίνων
3603 3446 3700 3500 τὴν
3770 3438 3987 3508 ἐπιθυμίη

2447 3537 2540 3592 τῆς
2592 3534 2856 3600 σωτηρίας
2906 3537 3004 3580 τῶν
3053 3527 3354 3601 ἀνθρώπων.
3386 3528 3586 3602 ¹Ωσπερ
3633 3533 3735 3602 γὰρ
3782 3530 3992 3602 ότρὼγων

2447 3617 2687 3690 ἐπιθυμεῖ
2731 3625 2821 3678 τῆς
2879 3616 3146 3691 βρώσεως,
3198 3618 3333 3670 οὕτω
3388 3623 3479 3671 καὶ
3526 3619 3685 3679 αὐτὸς
3736 3627 3822 3677 τῆς
3868 3631 3990 3667 σωπο

2444 3712 2564 3780 ρίας
2616 3709 2780 3778 ἡμῶν.
2834 3709 3138 3779 Πεμφθῆναι
3181 3703 3241 3761 δι
3299 3710 3442 3782 παρὰ
3495 3716 3590 3760 τοῦ
3626 3712 3819 3781 Πατρός
3861 3722 3993 3776 φησιν,

2445 3797 2512 3856 ὡς
2541 3795 2831 3869 ἄνθρωπος,
2874 3800 2903 3854 ἣ
2945 3802 3031 3849 καὶ
3064 3798 3128 3857 ὡς
3159 3801 3326 3868 Λόγος
3356 3795 3411 3848 ἐκ
3439 3804 3529 3850 τοῦ
3557 3803 3886 3868 γεννήσαντος
3916 3797 3995 3854 νοῦ»

2445 3888 2474 3942 ἧ
2500 3890 2589 3937 καὶ
2628 3888 2696 3948 ὡς
2719 3894 2881 3956 τιμῶν
2913 3890 2999 3938 τὸν
3028 3889 3258 3959 Πατέρα.

2515 3974 2638 4046 Ούχ
2690 4005 2754 4016 -
2784 3971 2912 4033 ἤδη.
2968 3978 3033 4028 Oi
3085 3977 3319 4047 μαθηταὶ
3361 3978 3452 4047 μεν
3499 3981 3620 4046 περὶ
3665 3983 3754 4028 τοῦ
3791 3974 4000 4028 αἰσθητοῦ
4081 3971 4083 4030 ε

2445 4065 2694 4136 Θερισμοῦ
2764 4063 2954 4135 ἔλεγον·
3030 4064 3183 4125 αὐτὸς
3255 4061 3313 4116 δι
3385 4072 3472 4115 νῦν
3544 4069 3668 4139 περὶ
3723 4071 3813 4116 τοῦ
3859 4064 4002 4119 νοητοῦ
4081 4077 4083 4090 π

2444 4172 2593 4224 φησι,
2669 4158 2758 4204 καὶ
2838 4150 3076 4206 δείκνυσι
3132 4161 3312 4206 τοῦτον
3383 4152 3658 4206 ἐνεστῶτα·
3711 4158 3883 4227 χώρας
3937 4151 4002 4220 μὲν

2444 4241 2707 4312 ὀνομάζων
2761 4245 2826 4294 τὰ
2875 4239 3112 4294 δείκνυσι
3165 4251 3344 4294 τοῦτον
3397 4245 3672 4295 ἐνεστῶτα’
3733 4244 3900 4314 χαρας
3940 4241 4003 4308 μέν

2443 4331 2708 4403 ὀνομάζων
2744 4335 2809 4384 τὰ
2862 4332 3035 4391 πλήθη
3080 4341 3179 4384 τῶν
3221 4331 3513 4405 ἐρχομένων
3566 4328 3676 4390 ἤδη
3731 4335 3857 4406 πρός
3884 4328 4002 4380 αὐτόν

680 4431 742 4471 se
793 4413 1350 4479 Samaritanorum;
1385 4413 1554 4470 albas
1603 4423 1802 4470 autem
1844 4417 1983 4473 dicit
2033 4434 2155 4487 eas,
2203 4428 2331 4476 tan-

2472 4430 2791 4495 ιαμαρειτὼν·
2853 4421 3032 4482 λευκὰς
3090 4417 3150 4474 δι
3213 4421 3378 4482 αὑτὰς
3432 4420 3621 4485 καλῶν,
3685 4423 3752 4482 ὡς
3809 4420 4003 4490 ἑτοίμους

679 4520 867 4577 quam
898 4503 972 4560 ad
1002 4503 1185 4558 ﬁdem
1229 4509 1472 4574 paratos
1502 4504 1656 4559 illos.
1709 4506 1860 4561 Nam
1894 4513 1947 4561 et
1979 4507 2129 4563 ﬁdes
2178 4526 2334 4566 mes-

682 4593 765 4648 sis
821 4598 930 4654 est,
979 4608 1116 4664 quas
1165 4593 1238 4648 ab
1283 4592 1624 4647 inﬁdelitate
1674 4594 1908 4648 metitur
1960 4598 2046 4651 vel
2095 4614 2333 4670 separa-

681 4688 794 4748 tur,
845 4686 903 4736 et
951 4680 1254 4737 confertur
1301 4680 1378 4737 ad
1429 4680 1752 4737 Christum.
1804 4685 2330 4748 Quemadmodum

677 4770 839 4826 enim
881 4768 1031 4825 albae
1071 4774 1301 4838 segetes
1345 4776 1567 4843 parata
1611 4775 1751 4826 sunt
1789 4771 1864 4828 ad
1927 4790 2200 4842 messem,
2251 4779 2333 4834 ita

679 4863 735 4914 et
776 4857 856 4912 illi
905 4856 984 4912 ad
1027 4857 1227 4913 fidem.

749 4945 918 5002 Vers.
980 4945 1067 5001 36.
1124 4947 1196 5000 Et
1242 4978 1310 4986 —
1379 4948 1612 5016 accipit.
1675 4953 1736 5005 Et
1791 4952 1892 5022 qui
1948 4953 2092 5008 tales
2166 4958 2331 5014 metit

676 5035 969 5105 regiones,
1007 5035 1450 5091 retributionem
1506 5053 1540 5091 a
1603 5041 1716 5093 Deo
1748 5042 1974 5100 sumit:
2024 5043 2326 5102 universa-

675 5125 788 5180 lius
826 5140 1087 5196 namque
1138 5124 1400 5196 loquitur
1432 5126 1523 5181 hic
1556 5128 1630 5182 de
1684 5131 1969 5185 omnibus
2003 5134 2326 5193 Samarita-

675 5212 770 5269 nis
799 5228 870 5269 ac
899 5213 1138 5278 Iudaeis,
1165 5213 1264 5285 qui
1298 5222 1465 5269 erant
1493 5216 1793 5273 credituri.

752 5303 906 5358 Vers.
964 5302 1150 5358 36.1?!
1196 5333 1266 5344 —
1303 5310 1608 5361 aeternam.
1660 5307 1768 5372 Qui
1815 5309 2159 5368 sensibilem
2213 5329 2333 5370 me-

675 5389 743 5449 tit
783 5404 1015 5461 agrum,
1050 5399 1373 5464 congregat
1419 5391 1676 5450 fructum
1717 5395 1795 5452 ad
1829 5397 2009 5454 vitam
2061 5406 2328 5475 teupora-

674 5478 814 5548 lem,
845 5479 939 5536 hic
965 5488 1163 5538 autem
1193 5481 1272 5540 ad
1301 5482 1484 5539 vitam
1525 5490 1834 5546 aeternam.

2442 4514 2567 4585 πρὸς
2617 4516 2813 4565 πίστιν.
2870 4514 3134 4585 Θερισμὸς
3170 4513 3272 4585 γὰρ
3316 4515 3407 4562 καὶ
3452 4512 3490 4568 ἡ
3523 4515 3727 4576 πίστις,
3762 4509 4003 4581 θερίζουσα

2443 4599 2544 4652 ἀπὸ
2574 4607 2666 4662 τῆς
2712 4601 2824 4670 (73)
2875 4599 3145 4666 ἀπιστίας,
3200 4605 3289 4652 καὶ
3335 4600 3746 4671 συγκομίζουσα
3777 4602 3899 4672 πρὸς
3939 4596 4001 4645 τόν

2443 4693 2685 4763 Χριστόν.
2744 4689 2942 4761 ⁸Ωσπερ
2990 4693 3091 4764 γὰρ
3144 4692 3210 4742 τὰ
3260 4688 3416 4742 λευιὰ
3459 4684 3634 4759 γήδια
3682 4688 3861 4762 ἐτοιμα
3908 4687 4000 4755 πρὸς

2444 4779 2687 4852 θερισμόν
2719 4778 2869 4848 εἰσιν,
2892 4778 3026 4831 οὓτω
3056 4777 3285 4831 κάκεῖνοι
3314 4781 3442 4853 πρός
3466 4782 3670 4832 πίστιν.

2514 4960 2614 5009 Καὶ
2656 4987 2724 4998 -
2779 4955 3048 5030 λαμϐάνει.
3099 4961 3199 5010 Καὶ
3247 4957 3273 5008 ό
3329 4955 3541 5029 θερίζων
3580 4957 3831 5015 τοιαύτας
3858 4954 3992 5023 χώρας

2442 5045 2663 5117 ἀμοιϐὴν
2694 5049 2749 5098 ἐκ
2780 5055 2912 5099 Θεοῦ
2941 5045 3208 5119 λαμϐάνει.
3241 5045 3660 5115 Καθολικωτερον
3687 5046 3792 5118 γὰρ
3824 5037 3988 5094 ivssu-5:

2440 5142 2556 5209 περὶ
2587 5139 2790 5188 πάντων
2819 5140 2950 5208 λέγει
2980 5145 3079 5188 τῶν
3109 5135 3389 5209 μελλόντων
3421 5136 3685 5187 πιστεύειν
3715 5131 3982 5205 Σαμαρειτὺτ

2442 5231 2529 5278 καὶ
2550 5222 2837 5280 Ἰουδαίων.

2518 5321 2617 5368 Καὶ
2664 5346 2732 5356 -
2777 5315 3002 5372 αἰώνιον.
3032 5313 3091 5368 '0
3138 5317 3228 5388 μεν
3289 5315 3502 5390 θερίζων
3547 5313 3805 5372 αἰσθητὸν
3827 5303 3986 5382 γήδιον,

2445 5407 2655 5476 συνάγει
2695 5407 2895 5478 καρπὸν
2941 5406 3013 5467 εἰς
3061 5405 3201 5468 ζωὴν
3253 5407 3593 5480 πρόσκαιρον·
3654 5401 3812 5465 οὗτος
3857 5394 3907 5452 δι
3943 5390 3990 5448 εἰς

2446 5494 2584 5556 ζωὴν
2611 5493 2836 5550 αἰωνιον.

1878 5675 2100 5748 Varias
2137 5678 2465 5750 lectiones
2515 5691 2582 5750 et
2633 5692 2833 5752 notas.

744 5808 858 5898 (73)
889 5827 992 5887 τῆς
1029 5823 1242 5886 omittit
1273 5814 1330 5886 ii.
