4170 6472
244 354 389 410 ’1201

323 479 436 534 Ἰνα
517 511 586 520 -
657 480 894 554 θερίζων.
972 477 1103 548 Ἵνα,

253 573 490 624 τοιούτου
517 576 741 642 καρποῦ,
769 574 858 622 καὶ
886 570 910 621 6
943 573 1161 643 σπείρας
1185 570 1315 642 ὁμοῦ
1341 573 1507 642 χαίρῃ
1537 574 1626 621 καὶ
1665 570 1689 620 6
1719 570 1854 640 θερί-

257 679 370 728 σας,
413 658 689 732 βλέποντες
726 659 878 712 αὐτόν
910 661 1240 730 συναχθέντα
1280 657 1404 723 ἐκεῖ,
1441 663 1531 711 καὶ
1561 661 1680 720 τοὺς
1729 659 1854 730 ὑπὲρ

255 749 416 802 αὐτοῦ
458 751 682 822 μισθοὺς
711 749 840 821 όμοῦ
870 748 1225 822 κομιζόμενοι,
1252 749 1278 800 6
1307 751 1398 820 μὲν
1441 750 1510 809 ὡς
1545 752 1781 820 σπείρας,
1831 747 1856 799 ό

260 835 320 893 δε
350 840 420 900 ὡς
451 840 683 914 θερίσας.

329 1021 620 1091 Σπείροντες
670 1019 759 1088 μὲν
825 1012 914 1070 οὖν
965 1015 1095 1070 εἰσιν
1151 1018 1200 1069 οἰ
1274 999 1556 1090 προφῆται,
1624 1023 1857 1077 Μωυσῆς

255 1110 342 1158 καὶ
388 1107 436 1158 οἱ
483 1109 592 1178 μετ’
651 1105 856 1172 ἐκεῖνον,
919 1103 1004 1158 οἶα
1061 1110 1360 1177 σπείραντες
1406 1108 1501 1168 τὰς
1554 1110 1674 1180 περὶ
1729 1113 1857 1179 Χρι-

258 1203 386 1248 στοῦ
439 1194 764 1270 προρῥήσεις,
829 1195 1110 1271 θερίζοντες
1163 1192 1222 1248 δι
1277 1197 1326 1248 οἱ
1381 1193 1682 1248 ἀπόστολοι·
1718 1197 1856 1267 θερί-

258 1303 437 1346 σαντες
520 1288 637 1345 τοὺς
701 1283 1004 1359 ἀνθρώπους
1077 1283 1177 1337 ἀπὸ
1247 1293 1341 1347 τῆς
1421 1283 1684 1348 ἀπιστίας,
1769 1287 1859 1336 καὶ

262 1379 670 1446 συγκομίσαντες
754 1373 827 1436 εἰς
907 1377 1000 1437 τὰς
1092 1372 1363 1436 ἀποθήκας
1445 1382 1544 1425 τῶν
1637 1373 1858 1426 αἰωνίων

257 1471 482 1520 σκηνῶν.

327 1551 408 1605 Ἐν
457 1582 526 1592 -
572 1553 808 1626 θερίζων.
858 1559 915 1605 '0
961 1551 1110 1624 λόγος
1148 1552 1174 1604 6
1235 1551 1476 1616 ἀληθινός
1529 1561 1619 1614 τῆς
1673 1570 1862 1625 παροι-

254 1661 401 1713 μιας.

326 1729 459 1801 Ἐγὼ
516 1760 584 1771 --
648 1732 1011 1784 κεκοπιάκατε.
1098 1731 1185 1792 Εἰς
1236 1730 1262 1784 6
1324 1731 1430 1803 οὐχ
1505 1732 1652 1804 ὑμεῖς
1711 1749 1858 1783 κεκο-

252 1820 477 1872 πιάκατε
487 1862 500 1876 .

324 1907 503 1961 Ἀλλοι
582 1940 651 1949 -
715 1908 1093 1968 εἰσεληλύθατε.
1152 1916 1330 1962 Ταῦτα
1410 1909 1544 1981 λέγει
1611 1905 1858 1961 δεικνύων

253 1998 335 2049 ὅτι
387 2001 446 2050 τό
505 1997 834 2072 ἐγχειρισθεν
888 2000 1090 2058 τούτοις
1142 2001 1310 2071 ἔργον,
1366 1994 1552 2072 ῥᾴδιόν
1603 1997 1718 2050 ἔστι
1767 2001 1857 2048 καὶ

251 2085 477 2151 εὔκολον,
551 2091 641 2138 καὶ
695 2089 884 2160 θάρσος
940 2086 1117 2148 αὐτοῖς
1173 2086 1399 2139 ἐντεῦθεν
1452 2085 1736 2156 ἐμϐάλλων,
1795 2089 1859 2146 ὡς

253 2182 346 2227 τοῦ
412 2175 788 2248 ἕπιπονωτίρου
854 2178 1287 2247 προανυσθέντος.
1344 2177 1412 2231 Τὸ
1478 2180 1704 2248 σπείρειν
1766 2178 1856 2247 μὲν

252 2266 351 2337 γὰρ
408 2265 538 2335 μετὰ
591 2268 750 2316 πόνου
805 2269 895 2316 καὶ
953 2261 1195 2337 βραδέως
1245 2268 1464 2335 γίνεται,
1518 2268 1576 2316 τὸ
1637 2265 1856 2338 θερίζειν

255 2349 288 2404 δ
293 2355 313 2404 ξ
341 2354 470 2424 μετά
510 2350 727 2414 ἀνέσεως
756 2357 845 2404 καὶ
878 2357 1103 2423 ταχέως·
1146 2356 1236 2405 καὶ
1266 2360 1355 2405 τοῦ
1397 2357 1592 2427 σπόρου
1625 2355 1771 2426 ἔργον
1795 2355 1854 2406 τὸ

255 2442 423 2515 θέρος.

321 2537 604 2602 Τροπικαίς
662 2526 722 2582 δε
775 2535 866 2584 καὶ
917 2537 1290 2604 μεταφορικαῖς
1355 2534 1616 2603 κέχρηται
1685 2531 1853 2594 λέξεσι

247 2618 517 2690 πολλαχοῦ
569 2626 661 2671 τοῦ
726 2619 1068 2690 Εὗαγγελίου,
1128 2628 1288 2672 ποιῶν
1347 2625 1440 2678 τὴν
1495 2616 1851 2672 διδασκαλίαν

248 2706 714 2782 ἔμφαντικωτέραν,
755 2714 846 2760 καὶ
892 2713 985 2767 τὴν
1024 2715 1234 2781 μνήμην
1282 2717 1382 2761 τῶν
1432 2708 1712 2781 λεγομένων
1761 2729 1852 2782 μο-

241 2800 547 2871 νιμωτέραν,
607 2794 698 2849 διὰ
755 2805 854 2850 τῶν
916 2802 1186 2872 γνωρίμων
1254 2798 1459 2850 εἰκόνων
1538 2803 1628 2851 καὶ
1682 2818 1850 2873 παρα-

242 2882 538 2958 δειγμςίτων
590 2893 687 2946 τῆς
735 2887 850 2958 (74)
907 2891 996 2958 μεν
1041 2883 1296 2959 ἠδύτερον
1342 2883 1684 2960 εἰσδυομένης
1732 2896 1849 2948 ταῖς

241 2973 444 3043 ἀκοαῖς,
513 2982 626 3034 τῆς
690 2975 804 3046 (⁸75)
859 2972 917 3027 δε
996 2974 1282 3050 βαθύτερον
1340 2975 1711 3048 ἐντυπουμένης
1782 2985 1843 3050 τῇ

241 3060 459 3137 καρδὶᾳ,
489 3068 590 3116 Καὶ
617 3063 849 3120 αἰσθητά
879 3067 968 3135 μὲν
996 3067 1062 3116 τὰ
1085 3065 1314 3138 ῥήματα,
1350 3068 1675 3138 πνευματικὰ
1705 3061 1764 3118 δὲ
1783 3069 1848 3117 τὰ

241 3170 496 3222 νοηματα.

315 3239 402 3293 Ἐκ
432 3271 490 3279 -—
524 3238 768 3298 ἓποίησα.
804 3241 982 3292 Πάντα
1008 3244 1197 3297 νόησον
1228 3243 1293 3292 τὰ
1322 3245 1438 3313 περὶ
1465 3245 1587 3302 τοὺς
1625 3239 1842 3315 ἄνδρας,

242 3333 331 3380 καὶ
360 3332 446 3380 τόν
477 3328 572 3380 ούκ
603 3325 792 3402 ἄνδρα.
829 3327 894 3380 Ἥ
925 3333 1015 3381 καὶ
1039 3328 1170 3381 ἄλλὰ
1194 3332 1323 3391 ἴσως
1349 3328 1480 3382 εἶπεν
1508 3330 1637 3403 αὐτῇ
1685 3330 1845 3383 πολλὰ

241 3419 586 3492 κεκρυμμένα.

310 3594 393 3655 Ὠς
428 3625 490 3634 —-
514 3595 636 3669 παρ’
667 3595 846 3658 αὐτοῖς
871 3594 1008 3667 (76).
1044 3595 1372 3671 Παρεκοίλουν
1398 3596 1575 3654 αὐτόν.

314 3867 413 3916 Καὶ
445 3892 509 3902 --
543 3862 725 3916 αὐτοῦ.
755 3866 853 3915 Τὸν
879 3871 974 3925 τῆς
1003 3859 1375 3926 διδασκαλίας.
1409 3871 1412 3873 λ

307 4048 380 4114 Τῇ
419 4072 482 4081 -
529 4045 781 4114 Χριστός.
830 4041 916 4104 Ἐξ
958 4041 1025 4092 ὧν
1073 4045 1306 4100 ἤκουσαν
1344 4042 1503 4095 αὐτοῦ
1549 4038 1838 4096 διδάσκον-

240 4150 344 4196 τος,
404 4133 634 4202 ἔγνωσαν
692 4132 771 4182 ὅτι
818 4130 965 4192 οὗτός
1018 4129 1158 4183 ἔστιν
1213 4129 1415 4193 ἀληθῶς
1468 4134 1493 4184 6
1529 4137 1704 4205 Σωτὴρ
1747 4141 1840 4184 τοῦ

239 4225 460 4291 κόσμου,
492 4221 518 4272 6
564 4223 815 4291 Χριστὸς,
847 4221 948 4288 ὅτι,
997 4228 1088 4280 τῆς
1139 4220 1444 4292 οἰκουμένης
1493 4220 1837 4288 ἀπολωλυίας,

239 4305 387 4366 ἦλθεν
473 4309 619 4369 οὗτος
695 4317 868 4361 σῶσαι
944 4309 1127 4366 αὐτὴν.
1222 4309 1702 4384 Εύγνωμονέστεροι
1782 4307 1841 4363 δὶ

239 4397 408 4449 πολλῶ
435 4406 533 4450 τῶν
589 4394 858 4451 Ἰουδαίων
917 4401 967 4450 οἳ
1020 4405 1355 4472 Σαμαρεῖται.
1403 4399 1564 4450 Οὗτοι
1607 4403 1696 4471 μεν
1750 4404 1840 4451 καὶ

240 4486 448 4549 ἐξῆλθον
513 4490 638 4559 πρὸς
707 4487 881 4549 αὐτόν,
946 4491 1030 4539 καὶ
1082 4487 1403 4561 παρεκάλουν
1456 4487 1610 4539 αὑτὸν
1670 4496 1841 4560 μεῖναι

237 4577 361 4650 παρ’
409 4575 605 4639 αὐτοῖς,
655 4580 745 4628 καὶ
783 4573 949 4649 μηδὲν
1010 4585 1222 4649 σημεῖον
1273 4574 1470 4639 ἰδόντες
1527 4576 1840 4630 ἐπίστευσαν

238 4665 309 4726 εἰς
349 4663 523 4717 αὐτόν’
573 4663 754 4717 ἐκεῖνοι
813 4662 872 4717 δὲ
917 4663 1196 4738 ἐρχόμενον
1244 4665 1434 4737 μᾶλλον
1481 4669 1610 4740 πρός
1652 4667 1843 4730 αύτούς

237 4749 473 4819 ὶδίωκον,
523 4758 612 4806 καὶ
657 4752 865 4806 θέλοντα
906 4758 1070 4824 μένειν
1118 4753 1240 4826 παρ’
1291 4754 1464 4815 αὐτοῖς
1515 4754 1838 4828 ἐϐαρύνοντο,

235 4848 319 4896 καὶ
365 4842 530 4896 πολλὰ
575 4848 769 4914 σημεῖα
813 4840 1088 4914 βλέποντες
1144 4845 1422 4901 ἠπίστουν.
1467 4851 1584 4906 lla);
1621 4841 1708 4897 οὖν
1767 4846 1841 4898 εἰ·

234 4936 322 4995 κὸς
412 4935 622 4992 τούτους
704 4926 1090 5006 παραδραμεῖν,
1171 4936 1199 4990 ἧ
1268 4937 1424 4994 ποίας
1481 4929 1837 4999 δικαιοσύνης,

236 5029 344 5084 τοῖς
398 5023 487 5094 μὶν
542 5027 766 5093 μισοῦσι
808 5017 1198 5096 προσεδρεύειν,
1257 5031 1355 5073 τῶν
1414 5018 1473 5076 δε
1526 5021 1841 5095 ἀγαπώντων

240 5107 411 5170 ἀποπη
421 5105 453 5162 δ
457 5116 517 5181 ᾁν
547 5127 560 5176 ;

1308 351 1683 412 COMMENT.
1723 354 1794 410 IN
1833 353 2194 413 JOANNEM.
2233 385 2300 396 -
2332 352 2494 412 CAP.
2536 355 2624 412 IV.

1181 481 1534 552 συναχθέντος
1598 477 1704 532 ἐκεῖ
1764 486 1848 531 τοί

2046 480 2206 535 Vers.
2245 479 2339 536 36.
2403 480 2474 537 Ut
2517 511 2571 523 —
2641 481 2750 552 qui
2805 483 2986 538 metit.
3018 483 3086 539 Ut
3147 485 3512 552 congregato
3540 481 3626 538 ibi

3483 354 3626 413 1202

1971 569 2069 624 tali
2121 568 2332 633 fructu,
2403 573 2462 624 et
2501 569 2599 640 qui
2653 569 2973 626 seminavit
3029 571 3204 628 simul
3256 570 3533 641 gaudeat,
3569 575 3626 628 et

1966 659 2071 730 qui
2105 659 2355 715 messuit
2413 675 2424 714 :
2484 659 2745 716 videntes
2786 659 3026 727 scilicet,
3079 675 3216 716 eum
3258 660 3337 716 ibi
3379 675 3626 730 congre-

1966 753 2187 818 gatum,
2249 763 2318 804 ac
2389 748 2726 804 mercedem
2805 765 2878 804 ex
2933 765 3005 805 eo
3084 748 3404 805 referentes
3475 748 3624 805 :ille

1963 837 2210 910 quidem
2262 841 2549 908 tanquam
2601 838 2705 910 qui
2763 838 3100 904 seminavit,
3143 839 3254 895 iste
3295 853 3437 896 vero
3477 838 3626 895 sicut

1963 927 2068 998 qui
2098 925 2361 981 messuit.

2037 1016 2408 1072 Seminantes
2430 1015 2632 1087 itaque
2669 1019 2810 1072 sunt
2845 1015 3174 1088 propheta,
3215 1019 3401 1074 Moses
3438 1021 3493 1072 et
3520 1017 3625 1090 qui

1965 1111 2104 1177 post
2142 1104 2308 1160 illum
2355 1104 2616 1169 fuerunt,
2691 1110 2754 1161 ut
2804 1105 2908 1177 qui
2972 1105 3243 1161 vaticinia
3286 1106 3360 1161 de
3394 1105 3624 1162 Christo

1967 1193 2414 1250 seminaverunt
2440 1211 2452 1249 :
2497 1198 2784 1250 metentes
2809 1198 3008 1250 autem
3038 1195 3316 1266 apostoli,
3343 1195 3446 1268 qui
3474 1210 3626 1251 mes-

1968 1287 2214 1338 suerunt
2260 1282 2535 1338 homines
2567 1283 2646 1339 ab
2679 1282 3046 1350 inﬁdelitate,
3082 1299 3153 1340 ac
3201 1283 3520 1341 retulerunt
3545 1283 3625 1340 ad

1968 1371 2183 1428 horrea
2229 1377 2589 1428 aeternorum
2629 1371 3178 1430 tabernaculorum.

2043 1553 2200 1606 Vers.
2239 1555 2327 1608 37.
2367 1551 2437 1607 In
2467 1581 2534 1592 —
2559 1552 2664 1624 qui
2700 1553 2884 1610 metit.
2912 1553 3096 1608 Verus
3123 1558 3211 1609 est
3239 1566 3439 1609 sermo
3482 1567 3621 1625 pro-

1969 1641 2202 1786 “me
2236 1729 2324 1786 38.
2355 1730 2480 1801 Ego
2544 1761 2614 1772 —
2643 1730 2974 1789 laborastis.
3004 1729 3070 1788 Id
3123 1734 3236 1798 est,
3300 1731 3381 1790 ad
3461 1731 3621 1804 quod

1895 1837 1936 1891 Β
1970 1835 2078 1875 vos
2106 1835 2225 1875 non
2255 1819 2592 1876 laborastis.

1874 4539 1918 4594 D

2039 1910 2200 1963 Vers.
2247 1913 2335 1965 38.
2390 1909 2514 1965 Alii
2575 1941 2644 1949 —
2691 1909 2992 1968 introistis.
3048 1912 3180 1966 Hec
3233 1909 3393 1974 dicit,
3427 1914 3622 1967 osten-

1967 1997 2141 2065 dens,
2195 1997 2360 2070 quod
2418 2015 2574 2070 opus
2632 1997 2747 2054 illis
2805 1999 3197 2054 commissum
3241 1999 3410 2056 facile
3466 2004 3524 2057 et
3560 2000 3620 2056 in

1968 2091 2251 2159 promptu
2281 2091 2386 2158 est,
2425 2103 2496 2144 ac
2535 2086 2956 2143 conﬁdentiam
2987 2087 3074 2143 eis
3111 2087 3247 2143 inde
3277 2086 3618 2157 immittens,

1969 2179 2169 2247 utpote
2217 2175 2475 2247 perfecto
2527 2191 2619 2243 eo,
2659 2176 2824 2249 quod
2887 2176 3243 2232 laboriosius
3285 2185 3390 2232 est.
3435 2177 3623 2234 Semi-

1965 2281 2103 2321 nare
2134 2281 2396 2339 namque
2436 2282 2573 2322 cum
2622 2266 2830 2322 labore
2881 2266 2946 2322 ﬁt
2984 2269 3043 2322 et
3071 2265 3366 2333 tarditate,
3401 2273 3619 2324 metere

1965 2371 2106 2410 vero
2144 2370 2282 2410 cum
2312 2355 2518 2428 requie
2557 2360 2614 2412 et
2672 2354 2982 2412 velocitate
3015 2372 3028 2411 :
3089 2359 3146 2413 et
3185 2357 3465 2413 sementis
3502 2356 3619 2412 fru-

1963 2448 2092 2499 ctus
2115 2448 2206 2498 est
2228 2443 2462 2500 messis.

2033 2534 2394 2606 Frequenter
2441 2537 2641 2589 autem
2695 2548 2839 2588 usus
2869 2536 2959 2588 est
3007 2533 3065 2588 in
3124 2533 3441 2604 Evangelia
3465 2533 3618 2604 ﬁgu-

1961 2621 2163 2677 rativis
2220 2638 2288 2678 ac
2327 2621 2748 2693 metaphoricis
2780 2621 3163 2689 dictionibus,
3223 2622 3618 2679 eﬂicaciorem

1958 2711 2214 2770 reddens
2247 2711 2602 2778 doctrinam,
2653 2716 2708 2766 et
2740 2711 3094 2767 memoriam
3121 2727 3328 2768 eorum
3353 2727 3491 2784 quae
3528 2711 3618 2767 di-

1959 2806 2174 2856 cuntur
2260 2799 2652 2867 stabiliorem,
2717 2816 2820 2872 per
2867 2804 3042 2856 notas
3091 2800 3513 2857 similitudines
3565 2807 3620 2856 et

1956 2890 2233 2962 exempla
2267 2906 2278 2944 :
2309 2893 2436 2946 tum
2463 2890 2628 2962 quod
2654 2889 2985 2960 jucundius
3034 2890 3093 2944 id
3126 2891 3185 2946 in
3217 2905 3392 2946 aures
3418 2890 3618 2960 ingre-

1955 2979 2133 3044 ditur,
2187 2987 2311 3035 tum
2365 2978 2531 3052 quod
2585 2979 2942 3050 profundius
2991 2978 3156 3034 cordi
3208 2979 3616 3052 imprimitur;

1955 3073 2014 3122 et
2051 3083 2360 3124 sermones
2413 3067 2662 3140 quidem
2714 3072 2857 3124 sunt
2901 3068 3236 3135 sensibiles,
3287 3068 3617 3125 intellectus

1875 3185 1916 3243 α
1961 3172 2094 3212 vero
2125 3156 2478 3228 spirituales.

2028 3245 2190 3300 Vers.
2247 3246 2334 3302 39.
2381 3245 2482 3301 Ex
2531 3245 2761 3314 —-feci.
2823 3245 3222 3317 Quaecunque,
3252 3244 3512 3315 intellige
3542 3247 3616 3302 de

1957 3334 2116 3400 viris,
2174 3338 2230 3388 et
2283 3333 2358 3389 de
2440 3348 2512 3388 eo
2581 3333 2683 3405 qui
2745 3348 2868 3388 non
2945 3337 3070 3388 erat
3141 3334 3232 3389 vir
3270 3333 3424 3404 ejus.
3505 3338 3618 3390 Aut

1955 3423 2130 3478 etiam
2183 3421 2300 3478 alia
2352 3421 2618 3477 fortassis
2663 3420 2852 3478 multa
2920 3420 3070 3477 dixit
3145 3421 3219 3492 ei,
3273 3437 3410 3494 qua;
3449 3429 3616 3478 erant

1954 3511 2190 3568 occulta
2202 3554 2215 3568 .

2030 3601 2190 3658 Vers.
2243 3603 2331 3656 40.
2374 3599 2512 3656 Cum
2573 3630 2642 3639 —
2697 3599 2856 3670 apud
2929 3614 2989 3657 se
3050 3598 3255 3670 ipsius.
3316 3599 3418 3655 Hic
3473 3615 3596 3655 rur-

1953 3705 2087 3746 sum
2148 3691 2380 3765 ἠρώτων,
2473 3689 2632 3746 idem
2715 3688 3026 3759 signiﬁcat,
3092 3689 3255 3762 quod
3359 3689 3614 3746 obsecra-

1955 3781 2117 3836 bant.

2024 3869 2186 3925 Vers.
2255 3872 2341 3926 40.
2412 3869 2496 3925 Et
2578 3898 2648 3909 —
2715 3868 2882 3925 Vers.
2953 3867 3043 3924 41.
3099 3868 3318 3938 Ipsius.
3383 3868 3615 3924 Sermo-

1951 3975 2090 4014 nem
2119 3963 2318 4015 autem
2351 3958 2564 4030 ipsius,
2597 3957 2712 4014 hoc
2743 3963 2848 4022 est,
2881 3956 3217 4013 doctrinam
3251 3956 3432 4012 illius.

2024 4050 2182 4103 Vers.
2247 4051 2334 4102 42·
2394 4049 2471 4102 Et
2510 4077 2579 4088 —
2647 4046 2940 4103 Christus.
3011 4049 3090 4102 Ex
3152 4045 3248 4101 his
3304 4061 3434 4118 qum
3473 4061 3614 4100 eum

1950 4137 2264 4192 docentem
2360 4135 2733 4200 audiverant,
2799 4138 3207 4207 cognoverunt
3271 4134 3438 4206 quod
3516 4133 3610 4190 hic

1951 4241 2086 4279 vere
2133 4228 2294 4279 esset
2335 4224 2604 4279 Salvator
2647 4223 2852 4279 mundi
2905 4223 3191 4290 Christus,
3251 4221 3418 4293 quod
3469 4221 3612 4277 orbe

1953 4313 2181 4382 perdito
2231 4312 2492 4368 venisset
2545 4311 2644 4368 hic
2691 4319 2752 4367 ut
2807 4312 3006 4384 ipsum
3038 4310 3316 4366 salvaret.
3353 4303 3613 4366 Fuerunt

1951 4409 2151 4456 autem
2209 4401 2567 4457 Samaritani
2623 4400 2804 4456 multo
2856 4398 3149 4470 aequiores
3202 4397 3470 4464 Judasis;
3523 4397 3611 4454 illi

1950 4491 2110 4546 enim
2187 4490 2497 4544 exiverunt
2554 4489 2631 4544 ad
2683 4505 2820 4544 eum
2873 4495 2931 4544 et
2993 4487 3248 4543 orabant
3321 4486 3490 4542 illum
3549 4491 3614 4542 ut

1953 4579 2177 4634 veniret
2201 4577 2280 4634 ad
2309 4594 2393 4643 se,
2435 4593 2695 4651 cumque
2751 4577 2981 4633 nullum
3025 4575 3307 4633 vidissent
3345 4576 3608 4645 signum,

1949 4667 2334 4724 crediderunt
2387 4667 2446 4722 in
2497 4683 2636 4723 eum
2677 4683 2691 4734 ;
2745 4665 2936 4722 Judaei
2993 4681 3132 4721 vero
3169 4664 3249 4722 ad
3296 4680 3359 4720 se
3416 4665 3612 4734 magis

1952 4756 2289 4813 venientem
2338 4756 2851 4829 persequebantur
2918 4760 2974 4811 et
3031 4755 3193 4827 apud
3247 4769 3310 4810 se
3369 4769 3610 4810 manere

1953 4845 2274 4916 volentem,
2313 4846 2570 4914 graviter
2598 4844 2886 4912 ferebant,
2921 4859 3179 4916 cumque
3213 4842 3398 4900 multa
3429 4843 3610 4898 vidis-

1955 4939 2087 4989 sent
2110 4933 2304 5003 signa,
2328 4949 2449 4989 non
2472 4933 2811 4990 credebant.
2845 4932 3162 4999 Quomodo
3189 4947 3332 5002 ergo
3363 4947 3608 5004 mquum

1954 5027 2080 5079 erat
2119 5026 2183 5077 ut
2210 5022 2322 5077 hos
2376 5022 2749 5093 praeteriret?
2779 5027 2881 5078 aut
2916 5038 3034 5094 qua
3093 5021 3320 5094 justitia
3345 5021 3471 5076 ﬁeri
3504 5036 3610 5092 po-

1956 5116 2103 5168 terat
2130 5116 2189 5166 ut
2237 5109 2350 5166 illis
2397 5112 2501 5184 qui
2537 5127 2602 5168 se
2653 5111 2792 5168 odio
2861 5110 3185 5174 habebant,
3215 5108 3608 5177 odesset,hos

1951 5205 2175 5268 autem,
2207 5199 2313 5273 qui
2349 5200 2657 5267 amabant,
2689 5200 2986 5258 desereret
3014 5199 3043 5255 ἲ

1463 5465 1683 5536 Variae
1724 5466 2054 5535 lecliones
2081 5477 2147 5535 et
2177 5477 2356 5536 notae

455 5721 528 5774 Τῆ
541 5735 561 5776 ς
591 5711 968 5778 διδασκαλίας.

303 5715 394 5780 (74

455 5729 561 5776 Τῆς
591 5729 824 5769 οἰσασκα

398 5729 418 5858 ἴ
457 5792 559 5850 Τῆς
589 5791 824 5861 μνήμης.

304 5785 393 5858 (75

2014 5718 2125 5789 (76)
2161 5721 2278 5774 Hoc
2298 5722 2353 5774 et
2383 5717 2718 5790 proximum
2746 5717 3042 5775 scholium
3071 5717 3233 5789 apud
3251 5712 3600 5772 Hentenium

1940 5791 2320 5861 conjunctum
2361 5794 2471 5847 est.
3144 5794 3145 5797 “
