4170 6478
258 378 397 437 1203
1259 376 1630 435 COMMENT.
1672 375 1743 432 ΙΝ
1779 373 1905 431 ,ΙοΑ

1980 373 2135 431 ΨΕΜ.
2173 406 2244 418 -
2280 376 2437 435 CAP.
2477 374 2547 433 V.
3485 370 3627 433 1206

326 502 474 561 Εἶπεν
539 534 608 546 -
666 506 1001 564 πιοτεύσητε.
1073 503 1149 558 Οὑ
1222 503 1337 557 κατ’
1404 503 1661 579 ίρώτησιν
1732 499 1851 553 ἁνα-
1885 506 1932 560 Α

2033 502 2204 559 Vers.
2259 501 2349 559 48.
2428 502 2529 559 Ait
2574 532 2644 546 —
2696 501 2952 560 credetis.
3026 500 3465 571 Interrogative,
3515 500 3623 558 sed

247 598 527 668 γνωστέον,
580 593 709 647 ἀλλὰ
752 596 889 647 κατὰ
935 593 1219 667 ἀπόφασιν.
1270 589 1393 647 Εἶπε
1417 594 1516 666 γὰρ
1560 598 1713 644 τοῦτο
1739 610 1853 642 κοι-

1977 591 2316 650 ιίίίτωιιιίνθ
2369 591 2708 662 legendum.
2744 595 2890 649 Nam
2937 592 3049 647 hoc
3103 589 3249 647 dixit
3276 589 3624 660 generaliter

248 693 344 746 νῶς
391 688 503 757 μὶν,
552 686 667 736 raw.
700 691 1024 758 Σαμαρειτῶν
1072 681 1406 744 ὑποϐιϐοίζων
1449 685 1571 744 τοὺς
1617 677 1851 734 Ἰουδαί-

1975 681 2209 754 quidem
2272 681 2664 753 deprimendo
2745 681 2976 737 Iudaeos
3024 696 3162 736 cum
3234 678 3622 736 Samaritanis

250 793 354 838 ους,
397 776 462 834 ὡς
509 772 708 825 ἐκείνων
738 774 1129 825 πιστευσάντων
1179 769 1319 844 δίχα
1365 776 1594 843 σημείων
1639 774 1728 822 καὶ
1770 788 1849 822 τε-

1973 770 2232 836 sollatos,
2262 771 2429 844 quod
2457 771 2534 826 illi
2563 770 2791 843 absque
2821 769 3005 835 signis
3032 773 3087 825 et
3116 767 3406 841 prodigiis
3437 768 3620 825 credi-

249 864 460 937 ράτων·
514 859 795 936 ἰδιαίτερον
833 858 911 929 3‘s,
954 869 1044 914 τοῦ
1093 860 1371 914 Βασιλικοῦ
1419 862 1848 932 καθαπτόμενοςο

1968 859 2204 926 dissent,
2229 860 2641 933 particularius
2665 865 2867 916 autem
2898 858 3149 929 Regium
3196 858 3577 929 objurgando
3601 874 3615 914 :

253 952 297 1005 εἰ
326 953 444 1026 -γὰρ
486 956 577 1005 καὶ
619 956 845 1013 πίστεως
895 948 957 1010 ἦν
1006 954 1064 1004 τό
1119 949 1353 1003 ἀπελθεῖν
1391 953 1482 1002 καὶ
1533 947 1850 1023 παρακαλεῖν

1970 949 2071 1005 etsi
2114 951 2273 1006 enim
2306 950 2438 1006 ﬁdei
2481 954 2625 1015 erat,
2676 949 2843 1022 quod
2896 947 3143 1004 abiisset
3171 949 3232 1006 et
3260 946 3617 1019 deprecatus

250 1047 343 1094 καὶ
394 1040 612 1113 ἐπείγειν
664 1041 854 1094 αὑτὸν·
928 1045 1018 1094 καὶ
1072 1042 1174 1112 γὰρ
1232 1044 1323 1092 καὶ
1384 1040 1410 1091 6
1474 1037 1850 1110 εὑαγγελιστής

1974 1043 2131 1105 esset,
2150 1055 2220 1096 ac
2240 1044 2475 1109 urgeret
2491 1055 2650 1095 eum.
2675 1039 2979 1112 Siquidem
2994 1036 3362 1106 evangelista
3383 1052 3621 1110 quoque

253 1150 413 1203 φησιν
452 1132 532 1183 ὅτι
557 1130 786 1193 εἰπόντος
824 1137 916 1182 τοῦ
964 1130 1140 1188 Ἰησοῦ
1170 1147 1181 1158 ·
1238 1130 1489 1200 Πορεύου,
1526 1128 1552 1179 6
1600 1129 1712 1188 υἱός
1754 1146 1848 1178 σου

1975 1128 2055 1193 tit,
2093 1128 2253 1200 quod
2308 1145 2446 1184 cum
2486 1128 2736 1185 dixisset
2785 1128 2958 1183 Jesus
3000 1141 3016 1184 :
3072 1127 3246 1192 Vade,
3291 1125 3449 1194 ﬁlius
3487 1132 3622 1183 tuus

258 1223 320 1292 ζῇ
349 1236 362 1250 ⁶
396 1219 672 1273 ἐπίστευσε
720 1227 791 1291 τῷ
842 1219 977 1291 λόγῳ
1025 1218 1185 1271 αὑτοῦ
1209 1237 1223 1250 ·
1274 1216 1380 1269 ἀλλ’
1413 1214 1501 1270 οὖν
1527 1216 1631 1289 οὐχ
1686 1218 1849 1287 ὑγιῶς

1969 1218 2103 1275 vivit
2125 1219 2195 1284 ⁷⁸,
2225 1218 2472 1274 credidit
2494 1218 2677 1274 homo
2728 1216 3011 1282 sermoni,
3061 1231 3244 1289 quem
3274 1215 3501 1271 dixerat
3524 1216 3574 1271 ei
3602 1233 3616 1283 ;

253 1307 547 1362 ίπίστευσε.
604 1314 705 1363 Καὶ
767 1316 920 1362 τοῦτο
977 1305 1135 1368 δῆλον
1194 1306 1294 1359 ἀπὸ
1352 1314 1445 1359 τοῦ
1498 1307 1848 1358 πυνθάνεσθαι

1972 1306 2226 1363 nondum
2262 1312 2458 1363 tamen
2484 1311 2639 1364 recte
2664 1306 2946 1364 credebat
2972 1322 2987 1374 ;
3015 1310 3071 1362 et
3095 1306 3210 1362 hoc
3239 1304 3619 1362 manifestum

251 1401 374 1451 πότε
415 1396 582 1470 ἀφῆκε
634 1401 722 1450 τὸν
766 1405 1018 1450 νοσοῦντα
1067 1398 1093 1449 6
1136 1400 1371 1472 πυρετός.
1418 1394 1683 1449 Ἐϐούλετο
1744 1397 1845 1469 γὰρ

1973 1400 2062 1468 est,
2132 1413 2204 1453 eo
2279 1397 2443 1470 quod
2512 1396 2962 1468 interrogaverit
3005 1395 3255 1470 quando
3326 1398 3620 1465 aegrotan-

246 1489 427 1559 μαθεῖν
458 1490 557 1540 εἴτε
585 1486 890 1561 αὐτομάτως
919 1490 1018 1541 εἶτε
1059 1487 1175 1539 κατ’
1206 1485 1460 1557 ἕπιταγὴν
1489 1491 1581 1537 τοῦ
1611 1491 1846 1560 Χριστοῦ

1970 1490 2078 1541 tem
2135 1485 2470 1559 reliquisset
2530 1486 2714 1543 febris
2783 1504 2799 1552 ;
2885 1484 3123 1542 volebat
3191 1499 3458 1558 namque
3530 1483 3617 1540 di-

245 1583 398 1629 τοῦτο
435 1580 631 1648 γέγονε.

1968 1590 2139 1641 scere,
2170 1580 2374 1632 utrum
2421 1591 2570 1632 casu
2621 1590 2700 1632 an
2756 1574 2966 1632 Christi
2997 1574 3171 1647 jussu
3217 1573 3332 1631 hoc
3391 1573 3615 1631 factum

1955 1669 2131 1721 esset.

316 1758 468 1825 Λέγει
496 1785 559 1794 -
590 1754 879 1829 ἕπορεὺετο.
917 1752 1208 1819 Κατάϐηθι,
1242 1758 1393 1826 φησὶ,
1422 1758 1544 1829 πρὶν
1571 1752 1845 1806 ἀποθανεῖν

2032 1754 2191 1811 Vers.
2229 1754 2321 1811 49.
2366 1754 2525 1811 Dicit
2554 1783 2623 1797 —
2672 1754 2833 1810 Vers.
2886 1756 2974 1810 50.
3024 1751 3178 1809 Ibat.
3204 1752 3611 1821 —-Descende,

240 1846 299 1896 τὸ
324 1839 537 1896 παιδίον
567 1863 689 1917 μου.
734 1840 1044 1918 Προσεδόκα
1070 1846 1172 1919 γὰρ
1203 1845 1284 1895 ὃτι
1314 1845 1445 1915 μετὰ
1474 1846 1531 1895 τὸ
1572 1841 1843 1895 ἀποθανεῖν
1880 1859 1887 1913 ι

1969 1843 2168 1916 inquit,
2180 1843 2521 1915 priusquam
2536 1842 2855 1911 moriatur;
2871 1840 3616 1915 existimabatenim,quod

243 1932 302 1986 οὑ
329 1929 551 1985 δύναται
578 1932 876 1992 ἀναστῆσαι
908 1933 1056 1986 αὑτό.

1953 1935 2094 2005 post
2121 1936 2375 1989 mortem
2398 1948 2536 1989 eum
2565 1932 2914 1988 resuscitare
2942 1946 3065 1987 non
3087 1934 3310 2003 posset.

315 2018 456 2080 Ἤδη
480 2054 548 2062 -
569 2025 716 2094 ἔσχε.
743 2021 1073 2096 Κομψότερον
1100 2023 1319 2074 ενταῦθα
1344 2020 1477 2093 λέγει
1497 2024 1553 2073 τὸ
1575 2022 1840 2096 ρᾳότερον,

2024 2022 2182 2077 Vers.
2214 2022 2304 2076 51.
2332 2023 2468 2078 Jam
2498 2052 2565 2062 —-
2589 2021 2755 2077 Vers.
2788 2022 2873 2077 52.
2898 2019 3231 2076 Babuisset.
3257 2021 3613 2092 Quanquam

241 2113 300 2163 τὸ
328 2114 656 2186 κουφότερον,
690 2114 746 2163 τὸ
773 2110 887 2183 (81)
916 2109 1348 2183 ἐλευθεριώτερον.

1967 2108 2157 2183 ιομψὸς
2185 2109 2423 2166 dicatur
2452 2114 2651 2175 scitus,
2698 2109 3023 2166 industrius
3078 2112 3182 2164 aut
3207 2108 3493 2180 eloquens,
3520 2108 3614 2165 hic

1952 2202 2153 2254 tamen
2178 2199 2655 2271 comparativum
2685 2197 3005 2273 κομψότερον
3029 2196 3327 2268 signiﬁcat
3345 2196 3611 2267 facilius,

1954 2287 2164 2355 levius,
2193 2289 2571 2345 tolerabilius.

316 2381 410 2430 Καὶ
465 2407 533 2416 -
562 2394 798 2450 πυρετος.
861 2376 1040 2450 Πόρῥω
1071 2377 1174 2450 γὰρ
1227 2384 1324 2436 τῆς
1381 2377 1525 2429 Κανὰ
1569 2378 1600 2434 ἡ
1643 2382 1843 2447 Καπερ-

2024 2380 2186 2433 Vers.
2216 2378 2307 2433 52.
2356 2378 2433 2433 Et
2471 2407 2541 2419 —
2577 2377 2786 2447 febris.
2815 2378 2964 2433 Nam
2989 2374 3200 2447 procul
3225 2391 3263 2432 a
3292 2374 3458 2431 Cana
3486 2380 3612 2432 erat

237 2470 405 2539 ναοὺμ
436 2462 517 2531 ἦν,
557 2468 689 2518 ὥστε
707 2470 780 2538 μὴ
806 2461 1097 2523 δυνηθῆναι
1121 2464 1313 2526 αὐτοὺς
1342 2463 1390 2516 ἕν
1421 2464 1548 2537 αὑτῇ
1577 2473 1639 2537 τῇ
1673 2466 1843 2537 ἡμέρα

1963 2466 2332 2539 Capernaum
2397 2481 2415 2525 ε
2471 2467 2669 2540 itaque
2725 2482 2848 2523 non
2907 2470 3226 2538 potuerunt
3276 2464 3491 2522 eodem
3515 2465 3610 2522 die

234 2560 459 2627 κομίσαι
482 2558 549 2607 τὰ
587 2553 863 2625 εὐαγγέλια
890 2562 985 2615 τῆς
1010 2553 1147 2614 ζωῆς
1172 2562 1263 2607 τοῦ
1293 2550 1536 2607 παιδίου.

1492 2575 1536 2607 ο.
1952 2556 2211 2629 perferre
2240 2557 2514 2612 nuntium
2545 2556 2621 2611 de
2651 2555 2841 2612 salute
2864 2555 2966 2611 ﬁlii
2987 2554 3139 2626 ejus.

304 2643 477 2715 Ἔγνω
507 2674 573 2684 --
601 2644 689 2716 ζῇ.
718 2642 839 2695 Ὀτι
869 2641 917 2694 ἓν
956 2640 1115 2715 ἐκείνη
1145 2650 1208 2715 τῇ
1236 2645 1346 2717 ὥρᾳ
1378 2640 1616 2701 δηλονότι
1647 2641 1839 2716 ἀφῆκεν

2022 2645 2187 2702 Vers.
2219 2646 2307 2703 53.
2351 2645 2625 2717 Cognovit
2671 2675 2738 2686 —
2770 2645 2934 2702 vivit.
2991 2643 3164 2711 Quod
3214 2643 3273 2700 in
3303 2643 3408 2701 illa
3435 2644 3603 2711 hora,

235 2732 392 2784 αὑτὸν
424 2734 450 2784 6
479 2752 551 2785 πυ
554 2751 583 2805 ρ
591 2735 715 2792 ετός.

1949 2738 2117 2808 puta,
2149 2734 2471 2808 reliquerat
2495 2749 2630 2790 eum
2657 2732 2854 2789 febris.

302 2827 401 2875 Καὶ
433 2852 501 2863 -
549 2820 661 2893 ὅλη.
694 2827 802 2874 Νῦν
832 2823 1135 2874 ἐπίστευσεν
1171 2821 1349 2891 ὑγιῶς,
1396 2822 1525 2893 μετὰ
1580 2823 1639 2873 τὸ
1686 2821 1837 2892 ὑγιᾶ-

2020 2824 2183 2880 Vers.
2215 2825 2305 2881 53.
2382 2824 2460 2879 Et
2489 2855 2559 2864 —
2604 2826 2746 2879 tota.
2805 2824 2971 2878 Nunc
3026 2820 3284 2893 perfecte
3335 2821 3602 2888 credidit,

233 2931 318 2963 ναι
360 2913 446 2963 τὸν
495 2913 609 2962 υἱὸν
668 2910 849 2963 αὑτοῦ.
915 2909 1092 2971 Καλῶς
1138 2905 1225 2961 οὑν
1277 2908 1554 2980 καθήψατο
1602 2909 1760 2962 αὑτοῦ
1810 2909 1836 2960 6

1958 2913 2053 2969 ubi
2082 2917 2332 2969 sanatus
2360 2916 2447 2969 est
2468 2911 2625 2968 ﬁlius
2650 2910 2858 2984 ipsius.
2891 2910 3089 2967 Merito
3147 2925 3291 2980 ergo
3321 2910 3605 2981 objurga-

231 3006 319 3058 τὴν
389 2996 616 3072 καρδίαν
675 2999 836 3051 αὑτοῦ
906 3004 1175 3069 γινώσκων
1236 3002 1482 3070 Χριστὸς,
1544 2999 1695 3052 εἰπων
1756 3003 1836 3050 ὅτι

1956 3002 2184 3057 riteum
2217 3000 2504 3068 Christus,
2532 2999 2637 3073 qui
2690 3015 2794 3056 cor
2844 2998 3003 3056 illius
3038 3003 3300 3066 noverat,
3357 2998 3603 3056 dicens:

234 3086 351 3140 Ἐὰν
390 3094 461 3159 μὴ
514 3094 708 3159 σημεῖα
762 3092 853 3139 καὶ
902 3090 1094 3162 τέρατα
1150 3083 1321 3151 ἴδητε,
1378 3086 1435 3138 οὑ
1490 3091 1560 3159 μὴ
1620 3089 1834 3139 πιστεύ-

1956 3090 2082 3146 Nisi
2128 3090 2302 3162 signa
2330 3096 2383 3147 et
2405 3088 2671 3161 prodigia
2707 3089 2988 3159 videritis,
3021 3103 3385 3161 nequaquam
3412 3089 3603 3147 crede-

236 3194 380 3232 σητε.
601 3259 620 3264 _
1137 3263 1142 3264 γ
1864 3207 1906 3264 C
1944 3180 2102 3237 iis".

307 3268 510 3336 κυρίως
565 3259 652 3316 οὑν
713 3270 908 3335 σημεῖα
962 3268 1051 3336 μέν
1105 3263 1209 3316 εἰσι
1239 3266 1305 3315 τὰ
1352 3266 1486 3315 κατὰ
1541 3266 1718 3335 φύσιν,
1769 3265 1834 3324 ὡς
1872 3259 1905 3264 ﬁ

2016 3268 2197 3339 Signa
2223 3266 2467 3340 quidem
2498 3266 2737 3339 proprie
2759 3270 2897 3323 sunt
2919 3281 3055 3338 quae
3082 3265 3414 3322 secundum
3436 3270 3603 3323 natu-

229 3356 285 3404 τό
315 3353 551 3424 ὑγιάζειν
578 3360 860 3414 νοσοῦντας
882 3369 896 3382 ·
944 3357 1135 3425 τέρατα
1183 3349 1243 3405 δὲ
1272 3355 1338 3404 τὰ
1368 3354 1493 3428 ὑπὲρ
1546 3355 1721 3424 φύσιν,
1767 3355 1832 3413 ὡς

1953 3371 2060 3411 ram
2080 3360 2235 3421 sunt,
2256 3361 2321 3410 ut
2351 3371 2567 3411 sanare
2595 3359 2886 3424 aegrotum
2914 3373 2931 3426 ;
2965 3353 3244 3427 prodigia
3276 3370 3437 3421 vero,
3465 3370 3600 3427 quas

229 3445 287 3494 τὸ
316 3442 584 3501 ζωοποιεῖν
636 3445 842 3513 νεκροὺς
886 3446 976 3494 καὶ
1033 3440 1295 3513 ὀμματοῠν
1353 3441 1593 3514 τυφλούς.
1663 3447 1830 3494 Κατα-

1952 3461 2006 3499 su
2018 3460 2123 3516 pra
2140 3452 2405 3501 naturam
2422 3449 2485 3499 ut
2499 3443 2800 3500 viviﬁcare
2816 3443 3303 3510 mortuos,visum
3323 3448 3599 3516 praestare

226 3538 540 3604 χρηστικῶς
569 3526 628 3582 δὲ
657 3529 890 3601 λέγονται
928 3534 1018 3583 καὶ
1046 3530 1361 3583 τούναντίον.

1947 3532 2132 3603 amcis,
2149 3548 2525 3606 quamquam
2546 3531 2794 3589 abusive
2811 3531 2993 3587 etiam
3010 3530 3328 3587 dicanture
3342 3531 3594 3589 diverso.

296 3626 460 3672 Τοῦτο
526 3647 591 3660 -
658 3619 952 3674 Γαλιλαίαν.
1048 3625 1149 3673 Καὶ
1208 3624 1455 3694 πρότερον
1532 3619 1683 3672 εἰπὼν
1750 3622 1827 3672 ὅτι

2012 3620 2176 3678 Vers.
2203 3620 2426 3676 5LHoc
2446 3651 2513 3662 —
2531 3620 2867 3677 Galilaeam.
2899 3621 2964 3675 Et
2985 3618 3149 3691 prius
3174 3635 3313 3675 cum
3352 3618 3599 3676 dixisset

224 3707 379 3761 Ἦλθε
438 3708 591 3761 πάλιν
655 3710 681 3761 6
750 3708 953 3769 ’ῐησοῡς
1019 3708 1086 3769 εἰς
1160 3713 1253 3767 τὴν
1323 3711 1463 3762 Κανὰ
1528 3716 1617 3770 τῆς
1680 3709 1825 3762 Γαλι-

1949 3709 2112 3766 Venit
2132 3725 2367 3767 rursum
2396 3709 2559 3766 Iesus
2584 3711 2643 3765 in
2683 3708 2844 3766 Cana
2886 3709 3206 3779 Galilaeam,
3249 3708 3350 3765 ubi
3372 3709 3596 3777 fecerat

223 3796 397 3863 λαίας,
436 3798 563 3849 ὅπου
618 3796 833 3855 ἐποίησε
883 3801 941 3850 τὸ
993 3794 1137 3872 ὕδωρ
1170 3794 1342 3850 οἶνον·
1403 3798 1463 3850 οὑ
1517 3801 1686 3871 μτίτην
1742 3799 1825 3851 ἁν-

1948 3816 2009 3857 ex
2037 3799 2407 3873 aquavinum
2424 3800 2495 3864 ⁷⁸,
2520 3814 2639 3855 non
2664 3797 2883 3854 frustra
2904 3795 3173 3854 miraculi
3190 3797 3325 3854 fecit
3348 3799 3595 3854 mentio-

222 3890 414 3958 ἐμνησε
444 3894 539 3938 τοῦ
580 3888 864 3959 θαύματος,
910 3886 1016 3939 ἀλλ’
1067 3886 1322 3960 ἱμφαίνων
1351 3889 1450 3951 ὅτι,
1501 3892 1588 3940 καὶ
1635 3892 1821 3941 τούτου

1947 3904 2094 3957 nem,
2123 3888 2229 3944 sed
2272 3895 2333 3944 ut
2362 3887 2699 3944 ostenderet
2749 3887 2916 3960 quod
2962 3886 3146 3943 etiam
3194 3886 3352 3943 facto
3391 3886 3490 3943 illo
3521 3887 3594 3944 si-

220 3980 513 4046 γεγονότος,
570 3975 812 4036 ἐλάττους
851 3975 965 4048 (82)
1006 3984 1104 4029 τῶν
1157 3983 1483 4049 Σαμαρειτῶν
1527 3977 1600 4039 εἰς
1641 3982 1821 4029 πίστιν

1945 3994 2052 4047 gno
2074 3977 2465 4036 Samaritanis
2492 3976 2800 4033 inferiores
2830 3976 2890 4032 in
2916 3975 3037 4032 ﬁde
3084 3976 3309 4032 inventi
3336 3981 3491 4032 sunt.
3529 3979 3592 4033 Et

222 4062 501 4134 ίφάνησαν.
552 4069 651 4118 Καὶ
692 4072 780 4116 νῦν
828 4061 887 4118 δὲ
946 4064 1104 4137 λέγων
1144 4067 1224 4118 ὄτι
1276 4072 1439 4119 Τοῦτο
1493 4065 1646 4117 πάλιν
1701 4062 1819 4117 6‘56-

1941 4083 2087 4123 nunc
2119 4083 2359 4138 quoque
2388 4066 2592 4122 dicens
2612 4082 2623 4122 :
2642 4067 2755 4122 Hoc
2778 4067 2986 4123 iterum
3011 4066 3325 4123 secundum
3356 4065 3588 4135 signum

221 4172 362 4226 τερον
432 4161 644 4225 σημεῖον
711 4152 952 4211 ἐποίησεν
1032 4156 1058 4206 6
1117 4154 1354 4215 Ἰησοῦς·
1442 4155 1631 4225 ὁμοίως
1695 4156 1820 4205 καθα

1944 4156 2114 4212 edidit
2141 4156 2324 4221 Iesus,
2358 4154 2626 4211 similiter
2651 4153 3154 4226 carpitillos,quia
3177 4153 3357 4209 etiam
3381 4168 3591 4208 secun-

222 4244 439 4294 ἅπτεται
468 4243 656 4306 αὐτῶν,
708 4244 786 4295 ὅτι
815 4248 904 4295 καὶ
937 4239 1175 4316 δεύτερον
1226 4249 1438 4314 σημεῖον
1480 4238 1676 4304 ἰδόντες
1724 4243 1818 4294 οὑκ

1939 4244 2008 4300 do
2030 4245 2204 4313 signo
2231 4244 2382 4311 viso,
2405 4248 2858 4314 nonpotuerunt
2887 4242 2963 4298 ad
3008 4256 3356 4297 mensuram
3384 4256 3586 4314 perve-

219 4327 564 4389 ὴδυνὴθησαν
591 4330 861 4403 ἐφικέσθαι
885 4332 998 4404 (83)
1028 4340 1121 4384 τοῦ
1146 4337 1332 4407 μέτρου
1358 4340 1448 4392 τῆς
1472 4335 1697 4393 πίστεως
1718 4340 1816 4383 τῶν

1927 4332 2054 4389 nire
2088 4331 2224 4388 ﬁdei
2256 4332 2789 4396 Samaritanorum.
2820 4330 2925 4402 qui
2956 4329 3186 4385 nullum
3220 4328 3509 4385 viderant.

219 4415 369 4471 οὑδεν
401 4420 697 4495 ἑωρακότων
719 4428 1067 4496 Σαμαρειτῶν.

290 4511 528 4581 Δεύτερον
574 4512 676 4584 γὰρ
729 4517 881 4562 τοῦτο
939 4506 1071 4563 εἶπεν
1129 4510 1234 4582 οὑχ
1288 4513 1351 4571 ὡς
1397 4511 1528 4582 μετὰ
1581 4512 1639 4561 τὸ
1673 4519 1817 4585 πρῶ·-

1996 4510 2112 4567 Hoc
2145 4513 2339 4567 autem
2373 4508 2521 4566 dixit
2566 4506 2924 4575 secundum,
2954 4521 3077 4564 non
3108 4506 3270 4579 quod
3312 4510 3448 4579 post
3468 4506 3580 4580 pri-

217 4615 300 4648 τον
531 4595 759 4670 μηδενὸς
812 4598 985 4673 ἐτέρου
1043 4601 1187 4672 παρὰ
1238 4605 1391 4651 τοῦτο
1438 4604 1703 4670 γεγονότος
1764 4587 1864 4650 ἒν(

1936 4615 2080 4654 num
2107 4597 2338 4654 nullum
2365 4597 2529 4653 aliud
2558 4595 2808 4652 ediderit
2843 4596 2904 4652 in
2955 4599 3080 4651 tota
3122 4593 3448 4660 Palaestina,
3478 4595 3583 4652 sed

215 4685 302 4758 ὅλῃ
440 4686 780 4757 Παλαιστίνῃ,
812 4686 916 4739 ἀλλ’
945 4688 1024 4740 ὅτι
1067 4690 1198 4760 μετὰ
1225 4690 1283 4739 τὸ
1327 4696 1528 4761 πρῶτον
1575 4684 1812 4762 δεύτερον

1929 4688 2086 4762 quod
2115 4688 2509 4761 postprimum
2520 4686 2654 4753 ,hoc
2667 4685 2989 4741 secundum
3003 4685 3063 4740 in
3080 4684 3239 4740 Cana
3251 4683 3475 4740 factum
3487 4685 3576 4740 sit.

211 4782 361 4828 τοῦτο
386 4774 435 4827 ἐν
465 4777 605 4830 Κανὰ
625 4780 821 4848 γέγονε.

282 4867 426 4918 Μετὰ
456 4896 520 4906 -—
548 4860 844 4919 Ἰουδαίων.
869 4863 930 4917 Ἡ
960 4871 1308 4924 πεντηκοστὴ.

1992 4864 2149 4923 CAP.
2179 4865 2245 4920 V.
2276 4879 2422 4921 vers.
2459 4868 2507 4920 t.
2532 4864 2671 4921 Post
2717 4895 2786 4905 —
2813 4863 3179 4920 Judzorum.
3213 4861 3576 4929 Pentecoste,

283 4958 383 5006 Καὶ
456 4984 525 4994 -
589 4952 942 5026 Ἱεροσόλυμα.
1008 4960 1242 5024 Συνεχῶς
1308 4953 1360 5006 ἄν
1432 4962 1550 5017 ταὶς
1604 4955 1808 5028 ἑορταῖς

1988 4958 2153 5012 Vers.
2191 4958 2239 5011 l.
2275 4955 2340 5009 Et
2370 4986 2439 4995 ——
2467 4952 2889 5025 Hierosolyma.
2914 4951 3201 5009 Continue
3223 4951 3284 5008 in
3304 4951 3466 5008 festis
3500 4951 3578 5008 ad

210 5040 557 5117 ἐπιχωριάζει
603 5049 665 5114 τῇ
698 5041 842 5094 πόλει
870 5044 1058 5116 ταύτῃ,
1106 5050 1259 5095 τοῦτο
1302 5046 1392 5114 μὲν
1447 5046 1806 5119 συνεορτάζων

1927 5045 2073 5101 hanc
2095 5043 2394 5100 civitatem
2421 5041 2747 5100 ventitabat
2773 5058 2787 5099 :
2820 5042 3033 5114 partim
3058 5040 3323 5114 quidem,
3341 5043 3405 5098 ut
3436 5056 3574 5097 cum

279 5220 327 5255 ⁷⁸
354 5222 524 5277 loan.
562 5237 638 5288 ιν,
685 5225 770 5278 εεο.
849 5221 893 5258 ⁷⁷
935 5218 1080 5277 ibid.
1109 5221 1198 5276 48.
1275 5222 1323 5256 ⁷⁸
1354 5219 1498 5276 ibid.
1531 5219 1619 5276 46.

1410 5399 1629 5469 Varia
1666 5400 2000 5469 lectiones
2060 5405 2129 5468 et
2165 5407 2368 5469 nota.

272 5591 1797 5677 (8‘1)Nonestsollicitandumbocvogabulpm,_etsi
1978 5594 2094 5677 (βε)
2128 5594 2438 5677 ’λφικέσθαι
2489 5594 2534 5650 Α
2581 5593 2760 5654 male.
2815 5596 2985 5653 Forte
3057 5596 3257 5651 tamen
3294 5592 3377 5649 ita
3405 5606 3571 5665 repe-

204 5663 523 5741 Hentenius
558 5663 902 5741 reddiderit,
929 5665 1323 5741 tolerabilius.
1342 5667 1490 5741 Nam
1516 5664 1796 5741 ἕλευθίριος
1907 5663 2384 5741 reritinterpres.
2660 5690 2665 5697 ν

203 5736 556 5811 recentiores
591 5737 769 5811 etiam
796 5742 1089 5811 usurpant
1117 5736 1191 5795 de
1212 5736 1794 5795 convalescentibus.
1980 5738 2092 5811 (84)
2120 5736 2295 5796 Μηδέν
2328 5738 2389 5794 Β.

268 5806 383 5881 (82)
410 5808 479 5861 Οἱ
502 5805 551 5861 ἓν
580 5815 642 5870 τῆ
677 5805 946 5884 Γαλιλαίᾳ.
