4170 6438
210 377 352 435 1209

1241 378 1610 439 COMMENT.
1650 379 1722 436 ιΝ
1760 378 2108 438 ΙΟΑΝΝΕΜ.
2154 414 2220 424 -
2256 383 2415 440 CAP.
2458 383 2523 440 V.

3435 375 3575 440 {210

284 504 563 572 Ἀπεκρίθη
625 533 693 546 -
743 501 1064 558 καταϐαίνει.
1120 503 1473 560 ’Υπὼπτευσεν
1542 507 1623 559 ὅτι
1712 501 1808 559 διὰ

1990 506 2156 562 Vers.
2218 514 2270 565 7.
2320 509 2630 582 Respondit
2672 541 2742 552 —
2789 510 3093 569 descendit.
3153 508 3580 582 Suspicabatur

211 601 364 647 τοῦτο
421 593 576 646 αύτὸν
620 594 860 667 ἠρώτησε
911 603 1083 662 τοῦτο,
1133 597 1213 648 ἰνα
1263 595 1439 670 ἕλὲγξη
1500 593 1596 650 διὰ
1647 595 1808 669 ῥᾳθυ-

211 688 334 756 μίαν
365 687 663 757 προῖέμενον
694 688 788 742 τήν
843 687 1006 749 ἴασιν,
1041 687 1070 745 ἦ
1119 687 1199 737 ὃτι
1247 685 1562 759 βουλόμενος
1599 704 1801 760 χρησι-

212 781 404 846 μεῦσαι
436 776 561 847 πρὸς
582 777 639 825 τό
671 771 847 845 βαλεῖν
886 773 1039 826 αὐτόν
1076 774 1147 837 εἰς
1175 779 1267 834 τήν
1297 774 1685 848 κολυμϐήθραν.
1719 776 1805 827 Διό

213 866 302 914 καὶ
333 859 663 933 ἀπολογεῖται
715 863 795 915 ὅτι
845 865 990 937 παρὰ
1026 867 1084 916 τὸ
1109 868 1181 937 μὴ
1215 867 1355 936 ἔχειν
1385 866 1654 938 ἄνθρωπον
1684 861 1807 916 ἀπο-

214 953 490 1022 τυγχάνει.

289 1040 457 1092 Εἰπὼν
513 1037 591 1104 δε,
651 1042 730 1093 ὅτι
783 1040 865 1094 Ἐν
1017 1044 1245 1117 ἔρχομαι
1302 1041 1421 1114 ἐγὼ,
1475 1042 1626 1105 ἄλλος
1707 1045 1809 1116 πρὸ

216 1127 340 1201 iper)
408 1129 707 1183 καταϐαίνει
777 1148 789 1160 ·
873 1128 1034 1194 ῖδειξε
1107 1137 1198 1190 τὴν
1264 1137 1538 1208 καρτερίαν
1626 1133 1809 1198 αὐτοῦ,

214 1226 325 1278 πῶς
390 1217 439 1270 ἓν
488 1222 759 1282 τοσούτοις
813 1222 980 1272 ἔτεσιν
1025 1219 1406 1293 ἀποτυγχάνων
1456 1225 1532 1275 ἔτι
1561 1226 1812 1296 παρέμενε

215 1313 306 1360 καὶ
333 1307 427 1360 ούκ
472 1307 748 1380 ἀφίστατο,
795 1314 884 1362 καὶ
921 1318 1088 1362 ταῦτα
1147 1311 1206 1363 ού
1235 1312 1482 1385 ῥᾳθυμῶν
1523 1310 1650 1363 ἀλλὰ
1679 1331 1811 1386 παρ-

218 1401 623 1471 αγκωνιζόμενός
669 1418 725 1452 τε
780 1404 870 1452 καὶ
918 1398 1326 1473 ἕπηρεαξόμενος
1381 1405 1472 1454 καὶ
1525 1401 1650 1454 ούδε
1679 1402 1812 1454 ούτω

215 1496 433 1560 ναρκῶν.

286 1575 457 1649 Ἡμεῖς
487 1573 566 1642 δε,
619 1575 833 1650 βραχύν
880 1597 997 1631 τινα
1048 1582 1228 1652 καιρόν
1281 1577 1718 1656 προσεδρεύοντες
1741 1587 1813 1650 τῷ

217 1669 324 1736 Θεῷ
356 1662 680 1730 σπουδαίως,
721 1665 804 1719 ἐὰν
833 1671 905 1740 μὴ
936 1670 1198 1741 τύχωμεν,
1249 1669 1492 1742 ὀκνοῦμεν
1521 1669 1698 1723 λοιπὸν
1725 1674 1813 1722 καὶ

217 1753 590 1828 ἀποφοιτῶμεν,
635 1761 724 1809 καὶ
755 1754 1126 1829 ἀναπίπτομεν.
1177 1758 1310 1813 Ἀλλ’
1343 1758 1600 1824 ἐπίπονόν,
1631 1765 1811 1832 φησιν,

1917 596 2083 667 quod
2107 597 2222 653 hoc
2249 604 2564 671 propterea
2598 599 2796 671 ipsum
2823 599 3250 670 interrogabat,
3288 603 3348 654 ut
3371 591 3582 670 argue-

1918 689 2004 740 ret
2020 687 2182 758 quod
2205 703 2326 760 pra:
2340 689 2583 758 segnitie
2604 689 2982 746 frustraretur
2994 690 3245 746 sanitate
3269 705 3281 744 :
3299 685 3581 758 autquod

1920 789 1975 828 in
2003 774 2118 831 hoc
2135 778 2413 848 prodesse
2443 777 2550 833 sibi
2584 778 2775 847 vellet,
2803 783 2866 835 ut
2895 794 3032 834 eum
3069 780 3129 834 in
3158 777 3442 850 piscinam
3470 777 3580 832 im-

1920 867 2174 921 mitteret
2197 882 2209 920 :
2230 866 2358 922 ideo
2375 867 2554 924 etiam
2582 868 2919 940 respondet,
2937 867 3104 940 quod
3125 868 3206 924 ob
3228 867 3288 923 id
3320 866 3576 924 salutem

1921 967 2042 1008 non
2073 959 2554 1026 consequeretur,
2582 957 2726 1028 quia
2756 957 3062 1012 hominem
3093 971 3215 1012 non
3237 955 3503 1012 haberet.

1995 1042 2204 1098 Dicens
2232 1050 2434 1100 autem
2465 1065 2478 1101 :
2503 1045 2652 1102 Dum
2691 1047 2853 1102 venio
2897 1061 3015 1117 ego,
3037 1047 3191 1102 alius
3211 1051 3346 1101 ante
3370 1059 3460 1100 me
3483 1045 3578 1100 de-

1922 1133 2162 1198 scendit,
2185 1149 2355 1188 suam
2373 1135 2627 1190 ostendit
2646 1135 3146 1206 perseverantiam
3171 1150 3292 1207 qua
3308 1139 3388 1190 tot
3406 1133 3579 1190 annis

1923 1219 2262 1288 frustratus,
2281 1222 2481 1279 adhuc
2499 1229 2696 1280 tamen
2722 1225 3132 1297 perseverabat
3147 1230 3339 1280 etnon
3369 1223 3579 1296 despe-

1925 1310 2119 1377 rabat,
2147 1311 2326 1384 idque
2354 1327 2476 1368 non
2501 1315 2724 1384 segnis,
2757 1314 2857 1370 sed
2883 1313 3161 1370 detrusus
3190 1317 3245 1370 et
3291 1312 3573 1379 offensus,

1925 1415 2035 1456 nec
2066 1401 2151 1456 sic
2179 1402 2572 1473 negligentior
2593 1403 2980 1460 efﬁciebatur.

1999 1584 2114 1637 Nos
2147 1586 2346 1638 autem
2377 1581 2543 1638 brevi
2575 1582 2775 1656 aliquo
2805 1588 3074 1655 tempore
3109 1582 3421 1656 diligenter
3457 1581 3580 1638 Deo

1926 1674 2208 1736 astantes,
2241 1671 2426 1727 sinon
2455 1673 2839 1745 assequimur
2861 1672 3024 1745 quod
3055 1677 3353 1744 Optamus,
3383 1670 3581 1726 statim

1925 1760 2255 1816 omittimus
2269 1777 2337 1818 ac
2359 1763 2716 1828 recedimus,
2731 1763 3143 1836 pigrioresque
3164 1761 3492 1818 reddimur.
3509 1761 3582 1814 At

215 1845 245 1902 ἡ
279 1840 523 1906 διηνεκὴς
553 1851 826 1918 προσευχή
860 1867 873 1880 ’
901 1851 991 1900 καὶ
1031 1852 1156 1900 ποία
1183 1846 1332 1922 ἀρετὴ
1386 1849 1480 1902 οὐκ
1528 1847 1763 1910 ἐπίπονος
1797 1865 1809 1916 ;

1938 1849 2296 1906 laboriosum
2341 1857 2447 1922 est,
2500 1852 2752 1924 inquies,
2798 1851 3079 1908 continue
3117 1866 3308 1907 orare.
3352 1850 3418 1905 Et
3445 1863 3582 1922 quas

215 1937 356 1986 Διότι
389 1930 448 1987 δε
479 1933 737 2006 ἐπίπονος,
769 1933 864 1988 διὰ
893 1943 1044 1989 τοῦτο
1074 1941 1164 1990 καὶ
1194 1934 1490 2012 ἄπικερδής.

288 2115 442 2182 Λέγει
490 2143 555 2151 -
592 2114 877 2185 περιπάτει.
930 2113 1004 2165 Ού
1035 2118 1188 2186 μόνον
1218 2113 1514 2184 ἀνίστησιν,
1569 2115 1697 2168 ἀλλὰ
1725 2122 1814 2169 καὶ

217 2203 303 2252 τόν
330 2198 622 2273 κράϐϐατον
654 2196 778 2274 ἆραι
811 2201 1020 2268 κελεύει,
1057 2204 1139 2255 ἵνα
1163 2207 1400 2278 πιστωθῇ
1434 2209 1491 2257 τὸ
1520 2207 1696 2278 θαῦμα
1725 2210 1814 2258 καὶ

217 2292 288 2360 μὴ
324 2285 453 2361 δόξῃ
486 2295 747 2360 φαντασία
791 2310 891 2351 τις.
948 2292 1006 2345 Εἰ
1033 2295 1134 2365 γὰρ
1165 2297 1236 2364 μή
1277 2297 1539 2366 συνεπάγη
1595 2297 1662 2347 τὰ
1685 2294 1811 2368 μέλη

219 2375 465 2449 βεϐαίως,
498 2378 596 2430 οὐκ
625 2377 683 2430 ἂν
721 2383 806 2432 τόν
835 2379 1126 2455 κράϐϐατον
1158 2378 1386 2440 ἠδύνατο
1421 2387 1604 2457 φερειν.

287 2558 447 2604 Τοῦτο
505 2549 565 2606 δε
621 2552 890 2626 πολλαχοῦ
953 2561 1249 2624 πεποίηκεν,
1303 2557 1653 2631 ἔπιστομίξων
1697 2564 1815 2620 τοὺς

217 2637 586 2712 ἀναισχυντεῖν
619 2641 985 2715 βουλομένους.
1016 2651 1116 2699 Καὶ
1145 2650 1244 2721 γὰρ
1293 2652 1382 2700 καὶ
1420 2646 1504 2701 ἰπὶ
1551 2656 1642 2701 τοῦ
1671 2652 1814 2724 παρά

215 2739 288 2800 τῷ
314 2732 564 2802 Ματθαίῳ
613 2733 914 2806 παραλύτου
968 2736 1158 2807 ὁμοίως
1205 2742 1477 2796 πεποιήκει
1533 2755 1544 2768 ·
1573 2743 1664 2791 καὶ
1731 2738 1816 2792 ἰπὶ

219 2827 316 2870 τῶν
369 2821 538 2894 άρτων
607 2817 700 2874 διὰ
750 2830 904 2875 τοῦτο
942 2822 1161 2896 λείψανα
1216 2825 1379 2879 πολλὰ
1429 2830 1816 2900 παρεσκεύασεν

217 2908 588 2981 ὑπολειφθῆναι
615 2929 626 2942 ·
665 2930 752 2978 καῖ
796 2920 868 2982 τῷ
897 2915 1272 2986 καθαρισθεντι
1318 2915 1487 2990 λεπρῷ
1531 2917 1817 2991 προσέταξε

217 2993 390 3059 δεῖξαι
419 2997 598 3050 ἐαυτὸν
641 3007 714 3069 τῷ
763 3003 886 3074 ἱερεῖ
919 3019 932 3031 ⁸
964 3008 1053 3055 καὶ
1080 3007 1138 3055 τὸ
1200 3001 1344 3077 ὕδωρ
1399 3003 1532 3058 οἶνον
1565 3011 1814 3070 ποιήσας,

218 3083 350 3138 εἶπεν
377 3087 632 3145 ἀντλῆσαι
661 3093 751 3141 καὶ
801 3088 1018 3160 ἐνεγκεῖν
1057 3099 1130 3162 τῷ
1162 3092 1541 3167 ἀρχιτρικλίνῳ
1585 3111 1597 3124 ⁸
1622 3099 1711 3146 καὶ
1741 3113 1818 3146 νε-

1921 1937 2107 1993 virtus
2122 1954 2240 1994 non
2253 1946 2335 1996 est
2351 1939 2654 1997 laboriosa
2669 1940 2696 1996 ?
2711 1941 2924 1996 Verum
2939 1938 3364 1996 sicutlaborem
3379 1937 3578 2008 habet,

1922 2033 2002 2082 tta
2026 2033 2082 2082 et
2110 2027 2344 2084 lucrum
2395 2029 2584 2085 affert.

1997 2118 2156 2173 Vers.
2183 2118 2238 2170 8.
2270 2119 2374 2173 Ait
2403 2149 2470 2159 —
2495 2119 2756 2176 ambula.
2784 2120 2911 2174 Non
2944 2117 3139 2173 solum
3167 2117 3358 2187 erigit,
3390 2115 3496 2172 sed
3525 2118 3582 2171 et

1922 2206 2280 2274 grabbatum
2303 2209 2502 2263 tollere
2517 2208 2706 2279 jubet,
2739 2215 2802 2264 ut
2833 2207 3190 2264 miraculum
3221 2222 3352 2262 esse
3378 2205 3582 2262 creda-

1925 2303 2035 2362 tur,
2068 2302 2125 2352 et
2164 2313 2282 2352 non
2324 2304 2611 2370 appareat
2642 2297 2959 2370 phantasia
2985 2296 3212 2368 aliqua.
3254 2295 3371 2351 Nisi
3416 2295 3575 2350 enim

1924 2385 2199 2443 membra
2246 2387 2492 2444 ﬁrmiter
2546 2393 2864 2458 compacta
2931 2385 3142 2452 forent,
3199 2399 3578 2458 nequaquam

1924 2476 2281 2546 grabbatum
2301 2477 2451 2533 ferre
2466 2484 2724 2549 possent.

1996 2568 2114 2622 Hoc
2141 2572 2340 2623 autem
2373 2566 2592 2638 pluries
2633 2566 2786 2630 fecit,
2819 2581 3026 2621 eorum
3066 2564 3171 2638 qui
3203 2563 3582 2637 impudentes

1923 2669 2055 2710 esse
2085 2655 2310 2721 vellent,
2341 2673 2446 2712 ora
2473 2656 2809 2712 obstruens.
2856 2656 3008 2710 Nam
3039 2659 3093 2710 et
3143 2655 3202 2710 in
3234 2653 3580 2726 paralytico,

1923 2747 1998 2800 de
2025 2762 2146 2819 quo
2163 2746 2323 2818 apud
2347 2745 2684 2802 Matthzeum
2707 2746 2775 2810 ⁸ο,
2796 2743 3055 2800 similiter
3071 2744 3208 2801 fecit
3227 2761 3241 2811 ;
3260 2747 3318 2799 et
3337 2744 3394 2799 in
3418 2743 3579 2815 pani-

1931 2835 2036 2890 bus
2057 2836 2268 2892 eadem
2288 2836 2363 2892 de
2379 2843 2653 2900 causa,ut
2670 2835 2927 2908 plurima
2946 2834 3276 2904 fragmenta
3293 2832 3582 2905 relinque-

1928 2925 2466 2993 rentur,ordinavit
2491 2928 2533 2962 ⁸¹
2559 2931 2649 2989 ;et
2678 2926 2728 2980 ei
2751 2925 2852 2997 qui
2878 2942 2912 2980 a
2932 2925 3095 2996 lepra
3123 2923 3449 2980 mundatus
3470 2928 3578 2987 est,

1924 3014 2118 3084 jussit,
2136 3019 2195 3070 ut
2216 3033 2277 3069 se
2307 3014 2600 3070 sacerdoti
2627 3014 3059 3084 ostenderet";
3084 3017 3298 3068 etcum
3326 3027 3398 3068 ex
3416 3026 3578 3084 aqua

1931 3104 2131 3158 vinum
2165 3103 2414 3169 fecisset,
2448 3101 2730 3174 prmcepil
2771 3109 2830 3157 ut
2877 3101 3205 3161 haurirent,
3235 3100 3576 3167 ferrentque

217 3176 340 3245 κρόν
371 3173 691 3241 ἀναστήσας,
732 3175 1007 3231 ἐνετείλατο
1060 3176 1245 3233 δοῦναι
1301 3182 1441 3253 αύτῷ
1483 3190 1661 3254 φαγεῖν
1687 3199 1699 3212 ·
1726 3180 1812 3234 διὰ

1938 3189 2386 3245 architriclino”
2404 3207 2417 3256 ;
2435 3173 2490 3245 et
2509 3207 2642 3246 cum
2663 3197 2960 3245 mortuam
2985 3188 3576 3259 suscitasset,prmce-

216 3270 316 3313 τῶν
347 3265 591 3314 τοιούτων
622 3265 826 3316 πάντων
854 3269 1040 3318 πείθων
1068 3272 1184 3330 τοὺς
1229 3267 1477 3331 ἀνοήτους
1506 3272 1586 3323 ὃτι
1618 3271 1711 3323 οὐκ
1737 3274 1819 3324 εσ-

216 3370 295 3402 τιν
321 3349 575 3416 ἀπατεὼν,
611 3351 737 3404 ἀλλὰ
754 3359 928 3428 Σωτὴρ
956 3354 1150 3420 ἀληθής
1179 3367 1274 3421 τῆς
1301 3368 1470 3421 κοινῆς
1494 3369 1592 3412 τῶν
1618 3359 1816 3433 ἀνθρώ-

217 3460 324 3492 πων
352 3443 572 3512 φύσεως.

292 3534 392 3582 Καὶ
423 3560 492 3570 —
551 3533 869 3604 περιεπάτει.
899 3532 1041 3607 ’Δμα
1092 3556 1148 3589 τε
1195 3542 1410 3607 ἤκουσε,
1442 3547 1532 3596 καὶ
1569 3543 1680 3615 ἅμα
1727 3552 1818 3604 τῆς

217 3619 394 3689 ὑγείας
424 3619 730 3692 αἰσθόμενος
768 3622 987 3697 ἠγέρθη,
1029 3631 1119 3678 καὶ
1149 3626 1327 3680 λοιπὸν
1364 3627 1530 3702 μηδεν
1576 3632 1818 3703 ὑπολογι-

221 3710 436 3779 σάμενος
469 3704 560 3782 ἦρε
586 3712 670 3760 τόν
693 3709 984 3784 κράϐϐατον
1014 3714 1174 3767 αὐτοῦ
1199 3723 1288 3770 καὶ
1318 3721 1634 3793 περιεπάτει.

285 3795 381 3848 Ἤν
428 3828 497 3836 -
523 3801 814 3872 περιπάτει.
853 3806 990 3874 Ὅρα
1037 3803 1337 3880 παρρησίαν
1370 3825 1383 3838 ⁸
1427 3809 1486 3862 ού
1517 3815 1670 3882 μόνον
1713 3815 1814 3886 γὰρ

217 3884 310 3936 οὐκ
341 3884 554 3944 ἕπείσθη
577 3890 794 3949 τούτοις,
827 3887 954 3942 ἀλλά
983 3898 1070 3944 καὶ
1103 3897 1190 3946 τόν
1207 3896 1475 3968 εὐεργέτην
1515 3884 1812 3975 ἀνεκήρυξε,

215 3980 304 4026 καὶ
334 3980 704 4049 προτιμότερον
737 3980 941 4031 πάντων
971 3981 1212 4054 ἀπέφηνε,
1237 3984 1394 4057 λέγων
1424 4005 1435 4018 ⁸
1465 3990 1688 4051 Ἐκεῖνός
1724 4011 1811 4064 μοι

216 4061 372 4127 εἶπεν,
436 4063 608 4136 ἐκείνῳ
667 4068 937 4139 πείθομαι.
1004 4077 1105 4124 Καὶ
1162 4076 1264 4148 γὰρ
1331 4075 1516 4140 ἐκεῖνός
1568 4099 1631 4152 με
1662 4081 1813 4134 ἰασά-

216 4171 384 4224 μενος,
436 4153 622 4206 ὶκεῖνον
673 4157 890 4228 μείζονα
938 4161 1141 4213 πάντων
1205 4166 1436 4236 νομίζειν
1492 4174 1812 4242 παρεσκεύα-

221 4261 326 4294 σεν.

291 4330 598 4406 Ἠρωτησαν
661 4365 730 4375 -
779 4340 946 4408 τόπῳ.
1003 4337 1146 4412 Ἀμα
1228 4349 1300 4412 τῷ
1361 4345 1678 4416 θεραπεῦσαι
1725 4353 1813 4403 τὸν

1931 3280 2011 3350 pit
2032 3283 2096 3333 ut
2115 3279 2325 3335 darent
2354 3279 2430 3334 illi
2458 3280 2619 3352 quod
2644 3279 2845 3334 ederet
2865 3280 2911 3315 “
2937 3295 2948 3332 :
2976 3277 3292 3332 insensatis
3315 3277 3577 3333 suadens

1927 3384 2034 3439 per
2049 3368 2253 3423 omnia
2271 3367 2710 3439 hujusmodi,se
2734 3382 2853 3422 non
2881 3383 3013 3422 esse
3031 3367 3109 3421 im
3121 3369 3443 3436 postorem,
3467 3364 3572 3420 sed

1927 3473 2133 3514 verum
2177 3458 2546 3514 Salvatorem
2595 3457 2936 3512 communis
2973 3455 3288 3511 hominum
3320 3459 3572 3510 natura).

1999 3547 2158 3602 Vers.
2200 3551 2252 3604 9.
2299 3549 2375 3603 Et
2403 3578 2470 3588 —
2508 3547 2866 3604 ambulabat.
2921 3545 3093 3602 Simul
3129 3551 3186 3601 et
3227 3543 3477 3610 audivit,
3529 3546 3587 3600 et

1926 3636 2238 3693 sanitatem
2272 3637 2530 3692 sentiens
2555 3642 2781 3692 erectus
2807 3640 2934 3690 est:
2969 3635 3166 3707 itaque
3214 3633 3432 3689 nullius
3473 3632 3586 3689 ha-

1924 3726 2049 3781 bita
2089 3727 2336 3790 ratione,
2365 3726 2495 3782 tulit
2523 3725 2742 3781 lectum
2773 3741 2950 3780 suum
2987 3729 3042 3780 et
3066 3721 3436 3780 ambulabat.

1997 3815 2156 3870 Vers.
2185 3819 2236 3870 9.
2273 3817 2424 3872 Erat
2459 3847 2518 3856 —
2553 3815 2714 3872 Vers.
2759 3817 2835 3870 ιο.
2878 3815 3144 3870 ambula.
3175 3812 3316 3869 Vide
3349 3811 3582 3869 liberta-

1924 3907 2042 3958 tem
2079 3921 2090 3960 :
2119 3921 2312 3977 neque
2359 3905 2519 3960 enim
2560 3905 2754 3961 solum
2787 3920 2904 3960 non
2936 3902 3203 3960 obedivit
3231 3902 3362 3966 illis,
3394 3901 3498 3958 sed
3527 3905 3585 3958 et

1924 3993 2196 4049 beneﬁcii
2249 4000 2553 4050 auctorem
2605 3994 2951 4066 praedicavit
2996 4009 3066 4050 ac
3122 3991 3406 4048 omnibus
3432 4006 3584 4062 pra:-

1926 4085 2271 4139 stantiorem
2306 4083 2745 4142 demonstravit
2793 4081 3016 4138 dicens-
3069 4085 3197 4152 Ipse
3249 4080 3395 4136 mihi
3433 4079 3584 4135 dixit

1924 4172 2037 4243 ipsi
2079 4173 2313 4228 obedivi
2349 4190 2361 4228 :
2405 4173 2701 4245 siquidem
2749 4188 2882 4227 eum
2911 4171 3012 4242 qui
3055 4187 3149 4225 me
3193 4186 3409 4224 sanum
3451 4168 3585 4224 fecit

1923 4262 2214 4330 majorem
2261 4263 2487 4316 cunctis
2513 4261 2730 4316 ducere
2756 4259 3012 4314 decrevi.

2000 4353 2156 4405 Vers.
2188 4351 2272 4404 l2.
2304 4348 3097 4419 Iuterrogaverunt—Vers.
3129 4344 3503 4402 Loco.Simul
3521 4350 3583 4401 ut

219 4421 508 4493 ἄνθρωπον,
551 4421 776 4486 ἐξένευσε
820 4422 914 4478 διὰ
964 4431 1048 4480 τόν
1103 4429 1282 4501 ὄχλον,
1318 4440 1471 4485 τοῦτο
1497 4439 1586 4506 μεν
1617 4441 1812 4511 φεύγων

1938 4439 2225 4494 nominem
2243 4455 2349 4493 san
2359 4445 2582 4504 averat,
2600 4437 2958 4492 subduxerat
2971 4453 3032 4491 se
3047 4442 3286 4508 prapter
3308 4435 3578 4491 turbam:

220 4510 306 4560 τὸν
336 4512 479 4584 παρὰ
508 4520 606 4563 τῶν
659 4513 1136 4592 εὐγνωμονεστέρων
1167 4522 1390 4588 ἔπαινόν,
1440 4533 1594 4576 τουτο
1643 4510 1816 4582 δεπε-

216 4601 479 4670 ρικόπτων
505 4603 590 4652 τὸν
614 4606 754 4675 παρὰ
782 4613 878 4655 τῶν
910 4603 1366 4681 ἀγνωμονεστέρων
1398 4613 1597 4683 φθόνον.
1657 4620 1816 4672 Εῖωθε

217 4689 318 4759 γὰρ
341 4686 584 4750 πολλάκις
608 4689 724 4762 ὄψις
744 4698 897 4764 μόνον
938 4702 1028 4747 τοῦ
1045 4698 1388 4770 φθονούμενον
1418 4701 1604 4762 πολλὴν
1634 4703 1816 4758 ἐνιέναι

218 4777 404 4849 φλόγα.

291 4865 440 4918 Μετά
504 4875 668 4920 ταῦτα
714 4898 782 4908 -
828 4873 1059 4940 γένηται.
1114 4877 1557 4948 Παρακμάσάντος
1588 4878 1694 4940 ἤδη
1728 4888 1816 4935 καὶ

219 4963 309 5007 τοῦ
341 4957 604 5018 θαύματος
662 4961 752 5010 καὶ
807 4967 899 5011 τοῦ
950 4963 1117 5033 θυμοῦ
1156 4972 1255 5016 τῶν
1298 4964 1590 5040 Ἰουδαίων,
1642 4970 1817 5044 ἐντυγ-

217 5046 372 5116 χάνει
413 5044 591 5097 λοιπόν
647 5054 720 5116 τῷ
770 5049 1151 5122 θεραπευθέντι,
1186 5053 1340 5106 θέλων
1391 5054 1675 5128 βελτιῶσαι
1725 5067 1814 5115 καὶ

221 5138 314 5190 τὴν
342 5132 530 5205 ψυχὴν
585 5135 700 5206 (88)
760 5136 940 5193 αὑτοῦ.
997 5140 1247 5214 Εύρίσκει
1303 5140 1362 5196 δε
1412 5145 1565 5200 αὐτόν
1615 5149 1708 5201 οὐκ
1765 5149 1814 5204 ἕν

222 5222 386 5274 ὀνίσει
415 5228 506 5277 καὶ
551 5225 807 5300 ῥᾳθυμίᾳ,
866 5226 1048 5280 ἀλλ’ὶν
1078 5239 1151 5301 τῷ
1202 5233 1319 5306 ἱερῷ
1367 5242 1812 5310 προσευχόμενον,

293 5400 340 5435 ⁸⁸
363 5401 556 5459 κοῖαι.
585 5419 664 5470 1x,
697 5408 748 5460 6.
828 5406 871 5442 ⁸¹
901 5406 1094 5464 Matth.
1122 5424 1242 5476 xw,
1290 5411 1378 5464 20.

1456 5411 1504 5448 ⁸³
1532 5415 1729 5472 Matth.
1761 5433 1873 5484 vni,
1900 5419 1956 5473 4.

1926 4530 2135 4602 partim
2167 4528 2410 4600 quidem
2445 4527 2705 4597 fugitans
2735 4525 2970 4581 laudem
3001 4541 3307 4597 aequorum
3343 4523 3581 4596 .partim

1927 4635 2062 4674 vero
2102 4617 2386 4673 invidiam
2436 4622 2757 4688 amputans
2803 4615 3170 4687 iniquorum,
3223 4612 3378 4670 Solet
3421 4613 3581 4670 enim

1927 4708 2264 4780 frequenter
2285 4707 2446 4762 solus
2471 4706 2601 4778 ejus
2626 4710 3000 4777 conspectus,
3054 4702 3149 4759 cui
3185 4703 3309 4775 quis
3337 4701 3579 4768 invidet,

1928 4798 2177 4852 multam
2204 4795 2514 4851 infundere
2542 4793 2853 4850 ﬂammam
2883 4793 3004 4848 iras.

1998 4886 2166 4941 Vers.
2207 4889 2286 4940 tt.
2317 4885 2576 4941 Posthac
2604 4914 2670 4924 —
2699 4883 3028 4952 contingat.
3063 4882 3206 4937 Cum
3235 4881 3362 4953 jam
3391 4885 3446 4937 et
3475 4880 3584 4936 mio’

1926 4975 2111 5030 raculi
2139 4991 2344 5030 rumor
2381 4973 2690 5030 defecisset
2739 4978 2796 5027 et
2839 4976 3038 5027 tumor
3090 4970 3454 5037 Iudaeorum,
3486 4985 3584 5026 oc-

1926 5065 2106 5120 currit
2143 5064 2193 5120 ei
2219 5065 2322 5136 qui
2349 5069 2596 5118 sanatus
2638 5062 2846 5130 fuerat,
2891 5058 3095 5116 volens
3132 5059 3394 5116 animam
3428 5073 3584 5131 quo-

1925 5169 2044 5226 que
2082 5152 2212 5207 illus
2247 5152 2547 5208 meliorem
2589 5150 2852 5217 reddere,
2904 5149 3118 5221 reperit
3171 5164 3309 5204 eum
3352 5163 3475 5204 non
3522 5147 3582 5203 in

1924 5244 2044 5299 otio
2082 5247 2139 5298 et
2169 5243 2431 5312 segnitie,
2483 5241 2586 5297 sed
2648 5243 2708 5297 in
2760 5237 2986 5310 templo
3035 5244 3305 5294 orantem
3367 5236 3582 5310 utopi-

2034 5421 2080 5455 ⁸³
2107 5419 2278 5474 Joan.
2309 5435 2365 5484 ll,
2394 5417 2452 5474 8.
2538 5417 2586 5454 “
2612 5417 2749 5472 Luc.
2777 5433 2893 5484 vui,
2923 5418 3008 5473 55.

1453 5618 1670 5688 Varia
1699 5620 2025 5694 lectiones
2058 5634 2124 5691 et
2154 5632 2356 5692 notas.

294 5803 409 5877 (88)
434 5805 646 5862 Ἑαυτοῦ
669 5815 730 5867 Β.
