4170 6430
241 350 378 407 1213
1305 348 1660 406 COMMENT.
1704 348 1772 403 IN
1811 347 1888 403 JO

1950 347 2165 405 NNEM.
2207 381 2276 391 —
2305 351 2458 406 CAP.
2493 351 2560 410 V.
3458 350 3597 409 1214

310 484 492 538 Διττῆς
540 472 599 529 δε
648 478 926 550 νοουμένης
977 476 1064 531 ἐπὶ
1121 483 1256 532 Θεοῦ
1314 484 1410 539 τῆς
1456 474 1737 552 ἐργασίας⁸
1798 474 1828 534 ἡ
1857 470 1910 534 Α

2015 478 2166 536 Cum
2196 484 2396 537 autem
2421 480 2646 553 duplex
2702 480 3064 552 intelligatur
3117 481 3218 538 Dei
3274 481 3592 554 operatio:

238 569 326 639 μὲν
365 569 466 641 γὰρ
524 571 767 638 σημαίνει
822 571 916 625 τὴν
964 569 1075 620 κατ’
1123 566 1295 641 ἀρχὰς
1342 564 1694 641 δημιουργίαν
1733 574 1832 618 τῶν

1950 585 2062 625 una
2090 570 2389 642 siquidem
2406 571 2703 641 signiﬁcat
2720 576 3070 628 naturarum
3086 572 3163 628 ab
3179 571 3424 628 exordio
3438 587 3597 626 crea-

239 658 458 728 φύσεων,
498 658 526 714 ἡ
590 653 649 708 δὲ
689 660 783 714 τὴν
831 656 939 721 μετ’
994 657 1190 716 ἐκείνην
1238 657 1531 727 οἰκονομίαν
1572 660 1662 708 καὶ
1704 659 1835 728 πρό-

1948 659 2184 723 tionem.
2214 660 2398 717 altera
2419 667 2619 717 autem
2651 670 2783 734 post
2804 661 2988 727 illam,
3010 660 3504 729 gubernationem
3527 675 3595 715 ac

235 763 376 796 νοιαν
441 750 531 797 καὶ
590 750 911 819 συντήρησιν
971 746 1174 799 αύτῶν·
1208 749 1342 798 κατὰ
1384 748 1474 818 μεν
1527 749 1584 797 τὸ
1629 754 1830 818 πρῶτον

1946 749 2404 820 providentiam,
2435 767 2766 825 earumque
2809 752 3345 808 conservationem.
3395 751 3593 806 Primo

239 838 614 906 σημαινόμενον
659 839 982 888 κατέπαυσεν
1047 834 1094 887 ἐν
1153 843 1216 908 τῇ
1287 838 1457 909 ἡμέρᾳ
1506 844 1568 894 τῆ
1631 831 1828 907 ἑϐδόμη

1944 838 2187 910 quidem
2218 839 2565 910 signiﬁcato,
2592 841 2843 897 cessavit
2879 841 2973 897 die
3000 843 3253 914 septimo
3297 840 3376 896 ab
3401 842 3591 896 omni-

237 921 337 975 ἀπὸ
397 924 508 995 (90)
558 933 657 976 τῶν
709 927 869 997 ἔργων
927 925 1127 976 αὐτοῦ’
1186 927 1322 977 κατὰ
1375 921 1434 977 δε
1480 928 1536 977 τὸ
1593 920 1830 997 δεύτερον

1942 928 2054 984 bus
2083 930 2368 1000 operibus
2403 931 2561 996 suis;
2583 932 2847 988 secundo
2873 947 3010 987 vero
3027 946 3264 1003 semper
3288 934 3589 1002 operatur,

235 1009 313 1063 ἀεὶ
380 1011 674 1084 ἐργάζεται,
728 1014 1008 1086 οἰκονομῶν
1073 1019 1160 1072 την
1219 1019 1392 1066 κτίσιν
1447 1019 1537 1066 καὶ
1587 1016 1832 1086 προνοού-

1945 1024 2268 1075 creaturam
2332 1020 2699 1089 gubernans,
2745 1021 3066 1094 providens
3118 1037 3186 1077 ac
3227 1034 3592 1076 conservans

234 1120 382 1172 μενος
406 1107 496 1154 καὶ
529 1105 762 1172 συνέχων
791 1103 973 1169 αὐτὴν,
1003 1107 1092 1155 καὶ
1128 1109 1279 1176 νόμος
1308 1101 1483 1166 οὐδεὶς
1511 1103 1692 1156 κωλύει
1743 1106 1830 1155 τόν

1944 1107 2116 1162 illam.
2150 1109 2261 1164 Nec
2292 1114 2450 1166 vetat
2488 1110 2610 1166 ulla
2637 1111 2731 1166 lex
2759 1110 3159 1179 legislatorem
3191 1124 3429 1182 semper
3453 1124 3591 1182 ope-

231 1192 509 1262 νομοθίτην
541 1190 855 1265 ἐργάζεσθαι
883 1194 1098 1245 πάντοτε
1126 1197 1220 1251 τὴν
1266 1196 1526 1265 σωτηρίαν
1555 1201 1656 1245 τῶν
1681 1212 1830 1245 κτισο

1402 1196 1526 1265 τρίαν
1555 1201 1656 1245 τῶν
1681 1212 1830 1245 κτισ-
1937 1197 2056 1253 rari
2074 1203 2482 1256 creaturarum
2507 1217 2754 1257 suarum
2776 1200 3049 1256 salutem.

231 1282 405 1351 μάτων
443 1281 618 1335 αὐτοῦ.

304 1375 684 1443 Παρατήρησον
734 1368 793 1424 δὲ
841 1372 922 1423 ὅτι
962 1368 1227 1444 διαφόρως
1272 1377 1391 1446 περὶ
1428 1379 1520 1434 τῆς
1567 1380 1659 1424 τοῦ
1699 1371 1824 1424 Σαϐ·

2006 1375 2274 1436 Observa
2303 1383 2524 1448 autem,
2545 1380 2707 1452 quod
2730 1379 2804 1436 de
2833 1379 3064 1436 sabbati
3095 1379 3392 1436 solutione
3413 1378 3589 1436 variis

231 1457 389 1511 ϐάτου
462 1459 658 1521 λύσεως
722 1459 1113 1534 ἐγκαλούμενος,
1194 1465 1319 1514 ποτε
1381 1464 1470 1534 μὲν
1543 1463 1826 1534 θεοπρεπῶς

1940 1465 2080 1522 locis
2133 1473 2451 1525 accusatus
2482 1471 2777 1526 interdum
2821 1470 3066 1544 quidem
3111 1474 3402 1542 tanquam
3433 1471 3587 1525 Deus

230 1545 580 1620 ἀπολογεῖται,
610 1551 841 1624 καθάπερ
870 1555 959 1602 καὶ
979 1557 1086 1616 νῦν,
1119 1555 1240 1603 ποτε
1268 1547 1302 1604 δ
1306 1555 1327 1603 ε
1355 1549 1821 1626 ἀνθρωποπρεπῶς.

1940 1557 2272 1626 respondet,
2295 1564 2470 1628 prout
2490 1575 2648 1614 nunc
2673 1577 2685 1616 :
2710 1560 3076 1633 quandoque
3102 1575 3266 1625 vero,
3299 1563 3587 1631 tanquam

228 1636 496 1690 Ἐϐούλετο
525 1641 625 1712 γὰρ
668 1637 933 1713 ἀμφότερα
961 1643 1324 1709 πιστεύεσθαι,
1357 1645 1446 1693 καὶ
1477 1645 1562 1699 τὴν
1605 1642 1824 1697 θεότητα

1937 1644 2117 1702 homo
2145 1663 2159 1701 :
2187 1647 2426 1704 volebat
2472 1665 2736 1722 namque
2766 1654 2830 1706 ut
2874 1650 3211 1706 crederetur
3244 1653 3584 1722 utrumque,

226 1726 385 1778 αὐτοῦ
405 1733 494 1780 καὶ
524 1733 611 1786 τὴν
632 1727 1038 1802 ἐνανθρώπησιν.

1933 1740 2074 1808 puta
2103 1742 2160 1791 et
2190 1753 2296 1792 sua
2323 1737 2598 1794 divinitas
2630 1743 2686 1795 et
2723 1740 3075 1797 incarnatio.

294 1814 422 1887 [Τοῦ
467 1815 619 1887 ἁγίου
652 1818 765 1889 (91)
804 1819 1087 1891 Μαξίμου⁹
1137 1823 1264 1881 Τοὺς
1308 1822 1396 1892 μὲν
1438 1825 1675 1894 πρώτους
1724 1828 1823 1871 τῶν
1858 1831 1894 1883 Β

2003 1825 2094 1891 ’Μ’
2127 1826 2324 1882 Sancti
2377 1828 2646 1884 Maximi:
2698 1832 2851 1884 Deus
2900 1845 3038 1884 cum
3092 1827 3297 1894 semel,
3334 1828 3414 1884 uti
3455 1827 3583 1900 ipse

220 1909 503 1975 γεγονότων
533 1905 720 1977 λόγους
764 1909 789 1958 ὁ
821 1911 964 1973 θεὸς,
1017 1913 1108 1961 καὶ
1151 1911 1243 1972 τὰς
1273 1911 1494 1962 καθόλου
1525 1917 1621 1960 τῶν
1669 1913 1823 1961 ὄντων

1934 1915 2116 1977 novit.
2177 1931 2367 1971 rerum
2445 1917 2820 1973 conditarum
2902 1918 3164 1973 rationes
3221 1921 3278 1973 et
3333 1921 3581 1972 naturas

221 1994 426 2060 οὐσίας,
468 1995 627 2060 ἅπαξ,
684 1999 748 2056 ὡς
791 1993 922 2062 οἶδε,
981 1997 1390 2072 συμπληρώσας,
1419 2001 1492 2050 ἔτι
1548 1997 1819 2070 ἐργάζεται

1933 2020 2130 2059 rerum
2158 2006 2216 2060 in
2248 2007 2587 2062 universum
2616 2007 3038 2072 constituisset,
3065 2007 3260 2063 adhuc
3279 2010 3579 2080 operatur,

221 2082 280 2134 ού
324 2088 476 2154 μόνον
503 2089 596 2142 τήν
625 2087 818 2136 τούτων
876 2085 1043 2138 αὐτῶν
1085 2092 1218 2160 πρὸς
1265 2091 1323 2140 τὸ
1377 2085 1507 2140 εἶναι
1556 2091 1822 2162 συντήρη-

1940 2108 2050 2147 non
2076 2098 2304 2149 tantum
2340 2096 2587 2152 istarum
2619 2113 2816 2152 rerum
2868 2096 3350 2168 perdurationem
3399 2096 3504 2152 sed
3529 2099 3587 2151 et

224 2191 325 2239 σιν,
374 2171 499 2224 ἀλλὰ
556 2178 644 2226 καὶ
691 2179 786 2232 την
844 2174 955 2227 κατ’
1009 2175 1260 2250 ἐνέργειαν
1318 2173 1667 2250 δημιουργίαν
1721 2185 1820 2228 τῶν

1934 2182 2232 2239 efﬁcacem
2267 2185 2628 2240 creationem
2659 2191 2715 2240 et
2746 2186 3244 2258 propagationem
3297 2185 3581 2258 partium,

221 2259 268 2311 ἐν
313 2261 487 2322 αὐτοῖς
517 2259 738 2335 δυνάμει
793 2273 980 2338 μερῶν.
1039 2265 1119 2318 Ἐν
1157 2269 1259 2340 γὰρ
1314 2274 1376 2325 τῆ
1435 2267 1530 2339 ὕλη
1579 2270 1820 2319 τουτέστι

1933 2287 2064 2342 quae
2095 2272 2205 2328 ista
2237 2274 2482 2345 praedita
2515 2279 2652 2330 sunt
2695 2275 2988 2331 facultate.
3024 2279 3085 2332 In
3118 2275 3365 2330 materia
3401 2275 3580 2340 enim,

220 2357 280 2421 τῇ
318 2350 540 2403 καθόλου
580 2360 679 2403 τῶν
710 2356 866 2405 όντων
914 2353 1085 2426 οὐσίᾳ,
1134 2351 1353 2428 δυνάμει
1401 2357 1710 2428 ύπάρχουσι
1754 2357 1819 2406 τὰ

1938 2359 2041 2415 hoc
2071 2366 2156 2417 est
2188 2363 2245 2416 in
2275 2364 2558 2420 universa
2582 2379 2779 2419 rerum
2808 2364 3080 2430 essentia,
3109 2364 3450 2420 facultatem
3481 2363 3585 2418 ha-

217 2442 352 2491 κατά
394 2443 548 2514 μέρος
607 2442 661 2492 ἐκ
725 2451 817 2503 τῆς
864 2442 992 2504 ὕλης
1038 2444 1152 2510 (9‘2)
1201 2449 1446 2517 γινόμενα
1495 2447 1686 2518 μερικά
1749 2445 1816 2496 ὧν

1935 2449 2069 2504 bent
2094 2456 2292 2522 partes
2329 2467 2432 2523 per
2462 2458 2658 2524 partes
2689 2469 2761 2509 ex
2793 2454 2905 2510 ista
2935 2454 3182 2510 materia
3211 2452 3404 2518 factm,
3434 2468 3582 2524 qua-

216 2533 309 2585 τὴν
362 2533 560 2599 γένεσιν
617 2529 694 2583 ἀεὶ
748 2533 774 2582 ὁ
823 2535 953 2593 Θεὸς
1009 2531 1302 2606 ἐργάζεται.
1353 2533 1465 2587 "Et:
1518 2538 1620 2606 μὴν
1659 2535 1814 2607 ἐργά-

1935 2553 2056 2593 rum
2082 2541 2525 2609 generationem
2544 2545 2693 2596 Deus
2717 2557 2957 2613 semper
2975 2547 3276 2615 operatur.
3296 2543 3582 2597 Praeterea

217 2615 364 2676 ζεται
415 2622 505 2669 καὶ
536 2622 629 2676 τὴν
687 2622 818 2690 πρὸς
879 2622 944 2672 τὰ
1009 2621 1231 2674 καθόλου
1286 2631 1384 2674 τῶν
1437 2630 1660 2697 μερικῶν
1712 2623 1815 2684 ἐξο-

1928 2627 2099 2683 etiam
2123 2634 2405 2698 operatur
2421 2632 2683 2702 partium
2708 2633 2781 2687 ad
2805 2637 2992 2688 totum
3017 2631 3575 2697 conformationem,

215 2709 454 2776 μοίωσιν,
501 2705 634 2778 λέγω
675 2705 742 2767 δὴ
775 2713 870 2767 τὴν
917 2711 1122 2762 πάντων
1175 2710 1456 2787 ἀνθρώπων
1503 2715 1637 2764 κατά
1690 2717 1814 2784 μίαν

1933 2716 2038 2773 hoc
2067 2723 2173 2784 est,
2202 2720 2686 2790 conjunctionem
2713 2722 2985 2777 omnium
3021 2722 3351 2781 hominum.
3371 2735 3580 2776 secun-

214 2801 308 2855 τῆς
357 2802 573 2868 γνώμης
627 2796 709 2851 ἐπὶ
756 2802 820 2851 τὰ
877 2798 1009 2851 καλά
1063 2804 1286 2868 κίνησιν,
1339 2805 1470 2877 πρὸς
1526 2805 1612 2854 τὸν
1662 2801 1813 2873 λόγον

1932 2805 2068 2862 dum
2112 2824 2294 2865 unam
2314 2810 2532 2865 mentis
2547 2811 2621 2865 ad
2651 2809 2875 2867 bonum
2893 2811 3235 2879 motionem,
3253 2810 3328 2866 ad
3355 2814 3579 2866 naturae

211 2891 307 2945 τῆς
383 2888 581 2956 φύσεως
658 2888 839 2941 ἕνωσιν
921 2890 1004 2940 ἵνα
1080 2894 1294 2961 γένηται
1374 2893 1576 2942 πάντων
1638 2893 1810 2964 ὥσπερ

1931 2896 2239 2968 rationem,
2271 2905 2334 2954 ut
2361 2899 2483 2963 ﬁat,
2524 2900 2671 2956 sicut
2705 2917 2823 2957 una
2863 2905 2919 2956 et
2975 2901 3185 2956 eadem
3236 2905 3470 2966 natura,
3497 2900 3578 2956 ita

209 2977 308 3044 μία
333 2979 423 3026 καὶ
462 2976 492 3032 ἡ
527 2975 657 3034 αὕτη
692 2980 866 3048 φύσις,
901 2977 1037 3030 οὕτω
1076 2983 1162 3031 καὶ
1213 2985 1393 3051 γνώμη
1441 2983 1558 3049 μία,
1603 2982 1814 3052 σύμφω-

1926 2989 1978 3039 et
2005 3002 2124 3040 una
2154 2988 2466 3054 sententia,
2529 2990 2897 3044 consentiens
2949 2993 3006 3044 et
3057 2989 3271 3045 eodem
3327 2988 3573 3054 directa,

208 3065 293 3122 νός
322 3081 375 3113 τε
422 3069 512 3114 καὶ
545 3070 923 3130 ταυτοκίνητος,
973 3073 1087 3136 Θεῷ
1128 3085 1182 3119 τε
1212 3071 1299 3119 καὶ
1352 3065 1586 3128 ἀλλήλοις
1613 3086 1815 3139 συναχ-

1930 3075 2204 3130 omnibus
2233 3082 2288 3131 et
2317 3079 2432 3131 Deo
2479 3082 2533 3132 et
2573 3077 2682 3132 sibi
2734 3078 2988 3134 invicem
3023 3078 3266 3149 junctis,
3299 3093 3404 3151 per
3429 3078 3577 3134 divi-

213 3152 394 3202 θέντων
425 3148 518 3203 διὰ
545 3160 636 3212 τῆς
659 3158 904 3225 προνοίας
939 3155 1140 3224 αὐτοῦ]
1848 3185 1860 3234 4

939 3155 1140 3224 αὐτοῦ]
1848 3181 1889 3238 C
1921 3178 2056 3216 nam
2101 3163 2553 3234 providentiam.

282 3241 376 3291 Διά
404 3247 556 3291 τοῦτο
587 3271 656 3280 —
703 3248 836 3310 Θεῷ.
886 3246 1062 3313 Λίγων
1092 3245 1194 3314 γὰρ
1225 3242 1306 3294 ὅτι
1358 3248 1539 3318 Πατήρ
1595 3263 1716 3315 μου,
1751 3247 1807 3296 τό

1988 3253 2148 3306 Vers.
2176 3255 2259 3308 18.
2290 3253 2536 3320 Propter
2566 3254 2743 3310 hoc—
2771 3255 2905 3309 Deo.
2942 3253 3149 3310 Dicens
3175 3253 3334 3310 enim
3363 3254 3574 3312 :Pater

207 3333 418 3398 γνήσιον
457 3327 740 3400 ἐνέφαινε-δ’
772 3331 797 3382 ὁ
840 3326 899 3382 δὲ
924 3336 1138 3402 γνήσιος
1166 3333 1302 3395 υἱὸς,
1353 3335 1470 3395 ἶσος
1520 3341 1592 3403 τῷ
1642 3337 1803 3408 πατρὶ

1923 3356 2096 3405 meus,
2123 3340 2455 3409 legitimum
2489 3358 2550 3396 se
2589 3341 2942 3397 ostendebat
2986 3358 3000 3395 :
3035 3342 3338 3411 legitimus
3371 3347 3570 3400 autem

207 3415 319 3468 κατ’
347 3417 530 3469 ούσίαν
560 3423 650 3470 καὶ
679 3421 855 3491 φύσιν.

1923 3427 2069 3483 ﬁlius
2101 3429 2348 3501 aequalis
2379 3433 2464 3485 est
2495 3431 2666 3503 patri,
2710 3430 2912 3504 quoad
2952 3430 3352 3486 substantiam
3388 3436 3444 3488 et
3465 3447 3570 3490 na-

1908 3521 2127 3576 turam.

279 3593 613 3670 Ἀπεκρίνατο
709 3628 778 3637 -
865 3605 1134 3652 ποιοῦντα.
1223 3598 1537 3678 Ἐπειδήπερ
1627 3603 1804 3673 ὑψηλὰ

1984 3608 2148 3662 Vers.
2175 3610 2266 3665 19.
2305 3609 2616 3675 Respondit
2648 3641 2713 3650 —-
2746 3610 3072 3679 facientem.
3106 3610 3255 3676 Quia
3287 3608 3567 3669 sublimia

208 3689 324 3758 περὶ
369 3684 552 3736 ἑαυτοῦ
593 3685 770 3758 λέγων,
811 3684 1072 3757 ἐδιώκετο,
1135 3694 1208 3762 μὴ
1261 3687 1558 3764 δυναμένων
1603 3691 1802 3746 ἐκείνων

1920 3696 1981 3752 de
2013 3698 2209 3770 seipso
2231 3698 2438 3754 dicens
2487 3699 2960 3770 persecutionem
3012 3699 3362 3768 sustinebat,
3407 3701 3567 3772 quod

204 3772 473 3844 ἐφικέσθαι
511 3782 604 3827 τοῦ
637 3775 799 3845 ὕψους
834 3785 933 3830 τῶν
962 3777 1262 3850 λεγομένων,
1315 3779 1422 3832 ἀλλ’
1455 3784 1522 3844 ὡς
1571 3780 1803 3836 ἀντίθεον

1921 3787 1990 3842 illi
2009 3787 2075 3842 ad
2096 3803 2292 3843 eorum
2313 3805 2448 3860 quae
2468 3788 2829 3855 dicebantur,
2845 3789 3244 3845 celsitudinem
3260 3791 3568 3863 pervenire

203 3861 359 3913 αὐτὸν
433 3859 747 3930 διωκόντων,
829 3866 1236 3937 συγκαταϐαίνει
1295 3876 1356 3942 τῇ
1415 3868 1654 3942 ἀσθενείᾳ
1713 3881 1803 3933 τῆς

1920 3891 2029 3931 non
2059 3859 2460 3950 possent,ised
2497 3881 2784 3950 tanquam
2848 3881 2963 3934 Deo
3023 3879 3378 3934 contrarium
3428 3896 3567 3938 eum

202 3949 441 4016 διανοίας
484 3954 671 4022 αὐτῶν,
719 3960 806 4008 καὶ
867 3960 1083 4010 ταπεινά
1135 3961 1405 4031 φθέγγεται
1446 3962 1563 4012 κατ’
1611 3965 1804 4015 οἰκονο-

1917 3949 2424 4039 persequerentur,
2469 3949 2890 4024 condescendit
2936 3968 3318 4025 imbecillitati
3351 3971 3564 4026 mentis

198 4047 322 4114 μίαν
383 4044 463 4095 ἵνα
520 4041 909 4118 εύπαράδεκτος
959 4047 1136 4110 αὐτοῖς
1190 4053 1424 4119 γένηται.
1479 4047 1605 4103 Εἶτα
1650 4052 1802 4104 πάλιν

1914 4054 2170 4121 illorum,
2204 4063 2258 4110 et
2299 4056 2549 4112 humilia
2597 4057 3001 4129 dispensative
3069 4058 3142 4112 de
3190 4074 3250 4114 se
3283 4058 3561 4131 loquitur,

198 4129 282 4183 ἐπὶ
317 4134 382 4183 τὰ
413 4131 591 4202 ὑψηλὰ
621 4137 708 4185 τὸν
733 4132 884 4204 λόγον
917 4133 1093 4207 ἀνάγει
1121 4142 1209 4188 καὶ
1237 4135 1385 4198 αὖθις
1412 4137 1495 4190 ἐπὶ
1525 4142 1590 4190 τὰ
1615 4160 1800 4193 ταπει-

1918 4149 1973 4198 ut
2001 4161 2105 4212 per
2129 4145 2257 4200 haec
2281 4145 2448 4200 facile
2489 4146 2932 4217 susciperentur
2966 4165 2979 4199 :
3009 4146 3224 4200 deinde
3255 4129 3460 4202 rursus
3488 4146 3565 4202 ad

195 4221 260 4270 νὰ
318 4228 498 4272 τοῦτον
552 4226 799 4292 κατάγει·
859 4228 949 4275 καὶ
1011 4225 1162 4279 πάλιν
1231 4225 1313 4278 ἐπὶ
1362 4231 1419 4278 τὸ
1482 4227 1800 4302 ὑψηλότερον

1918 4231 2192 4286 sublimia
2246 4248 2584 4288 sermonem
2633 4233 2879 4297 reducit,
2921 4238 2978 4287 et
3033 4233 3244 4288 iterum
3297 4233 3460 4289 hunc
3491 4234 3565 4289 ad

195 4312 287 4360 καὶ
343 4306 490 4370 αὖθις
534 4309 617 4363 ἐπὶ
671 4315 727 4363 τὸ
784 4317 1168 4386 ταπεινότερον
1229 4319 1316 4366 καὶ
1366 4315 1500 4367 οὕτω
1564 4313 1616 4368 δ’
1664 4317 1801 4388 diem

1917 4319 2155 4374 humilia
2173 4320 2426 4375 demittit
2461 4338 2471 4375 :
2498 4336 2856 4393 rursumque
2878 4322 2954 4377 ad
2987 4321 3045 4376 id
3071 4322 3228 4393 quod
3251 4321 3564 4378 sublimius

193 4397 294 4448 λῶν
329 4399 458 4469 ὁμοῦ
508 4405 597 4452 καὶ
635 4410 884 4453 ταπεινῶν
940 4403 1208 4477 ῥημάτων,
1269 4412 1368 4455 τῶν
1430 4407 1521 4477 μεν
1579 4405 1840 4504 ἰσότητα]

204 4484 216 4496 θ
419 4491 428 4501 σ
663 4497 682 4504 ι.
779 4486 813 4504 οε
865 4489 895 4504 1‘
931 4492 942 4504 ο
1190 4490 1202 4504 9
1328 4497 1336 4504 ι
1495 4489 1515 4504 ﬁ
1626 4497 1636 4504 ι

1915 4413 2012 4474 est,
2043 4409 2242 4464 denuo
2264 4409 2338 4464 ad
2372 4410 2428 4464 id
2461 4409 2620 4482 quod
2649 4410 2941 4464 humilius
2979 4428 2990 4462 :
3018 4416 3071 4464 et
3098 4410 3178 4466 ita
3227 4426 3332 4482 per
3375 4411 3562 4466 subli-

195 4484 578 4557 ἐπιφαινόντων,
619 4497 718 4541 τῶν
767 4486 826 4543 δε
856 4489 1136 4544 ἐλάττωσιν
1182 4490 1436 4564 ἐμφαίνειν
1483 4489 1792 4562 δοκούντων,
1831 4484 1842 4504 ³

1912 4499 2028 4552 mia
2070 4498 2245 4553 simul
2309 4505 2365 4554 et
2424 4498 2675 4554 humilia
2724 4498 2924 4564 verba,
2981 4504 3104 4554 tum
3161 4498 3559 4572 aequalitatem

192 4575 394 4647 ὑφαίνει
437 4580 525 4628 τόν
563 4577 712 4648 λόγον
753 4579 911 4631 αὐτοῦ
942 4585 1032 4632 καὶ
1083 4581 1342 4652 οἰκονομεῖ
1369 4589 1550 4634 τοῦτον
1583 4581 1630 4634 ἐν
1676 4585 1796 4655 (93)

1916 4586 2396 4652 demonstrantia,
2430 4594 2552 4643 tum
2589 4588 2986 4644 minoritatem
3018 4588 3430 4644 demonstrare
3459 4606 3563 4661 ap-

189 4669 385 4738 κρίσει,
435 4667 570 4718 ὥστε
621 4670 739 4728 τοὺς
790 4671 880 4740 μὲν
938 4668 1212 4742 ὀξυτέρους
1267 4675 1361 4728 τήν
1427 4667 1664 4723 διάνοιαν
1707 4679 1796 4727 καὶ

1913 4677 2196 4747 parentia,
2228 4693 2403 4732 suum
2439 4677 2579 4732 texit
2639 4692 3002 4743 sermonem,
3060 4681 3241 4750 atque
3272 4678 3432 4734 hunc
3466 4678 3560 4749 ju-

187 4753 532 4827 εὐγνώμονας,
577 4754 676 4808 ἀπὸ
709 4765 807 4808 τῶν
857 4756 1086 4826 ὑψηλῶν,
1143 4763 1232 4810 καὶ
1290 4764 1407 4832 περὶ
1463 4768 1564 4811 τῶν
1621 4781 1796 4815 ταπει-

1911 4765 2059 4820 dicio
2090 4767 2415 4836 dispensat,
2447 4771 2503 4820 ut
2534 4769 2590 4820 et
2619 4765 2721 4836 qui
2764 4771 2958 4821 mente
2990 4771 3128 4822 sunt
3167 4769 3459 4823 acutiores
3489 4783 3558 4823 ac

185 4851 283 4894 νῶν
341 4849 434 4901 τὴν
496 4851 870 4917 προσήκουσαν
942 4848 1136 4898 ἔννοιαν
1192 4846 1502 4919 λαμϐάνειν·
1559 4855 1678 4913 τοὺς
1735 4849 1794 4905 δὲ

1911 4853 2165 4924 benigni,
2183 4861 2411 4909 sumant
2431 4870 2464 4909 a
2482 4853 2826 4909 sublimibus
2849 4853 3193 4911 intellectum
3212 4857 3558 4912 convenien-

182 4930 535 5007 ἀμϐλυτέρους
572 4940 660 4986 καὶ
719 4932 1016 5006 ἀγνώμονας
1068 4935 1169 4987 ἀπό
1234 4945 1333 4988 τῶν
1385 4948 1632 4990 ταπεινῶν
1685 4961 1790 4993 πα-

1910 4947 2017 4997 lom
2050 4943 2226 4998 etiam
2259 4943 2332 4998 de
2367 4942 2694 4999 humilibus
2719 4947 2774 4999 et
2802 4944 3257 5016 quiobtusiores
3287 4949 3424 5000 sunt
3454 4950 3557 5002 aut

181 5024 556 5095 ραμυθείσθαι,
603 5027 691 5077 καὶ
722 5027 788 5086 ὡς
839 5029 957 5096 περὶ
1006 5023 1278 5099 ἀνθρώπου
1327 5034 1492 5080 ταῦτα
1544 5036 1787 5094 νοοῦντας

1908 5031 2130 5095 insulsi,
2157 5034 2234 5087 ab
2276 5031 2632 5088 humilibus:
2663 5032 3130 5089 consolationem
3161 5033 3475 5106 accipiant,
3500 5040 3555 5091 et

184 5114 258 5181 μὴ
291 5113 660 5183 ταράττεσθαι.

1901 5124 2065 5195 quasi
2095 5122 2168 5176 de
2191 5122 2433 5178 homine
2455 5121 2585 5178 haec
2616 5121 3026 5193 intelligentes,
3061 5139 3182 5179 non
3221 5123 3548 5180 turbentur.

1413 5339 1635 5409 Variae
1668 5342 1994 5410 lectiones
2024 5355 2089 5410 et
2120 5355 2322 5412 notae.

271 5558 606 5642 Ela'vrwv
634 5559 927 5642 additA.‘
1031 5631 1042 5642 .
1288 5632 1298 5642 -
1399 5632 1414 5642 _
1484 5633 1496 5642 _
1566 5639 1575 5642 Δ
1631 5637 1675 5642 __
1892 5567 2232 5642 scuritatem
2264 5567 2323 5622 in
2351 5567 2836 5642 interpretatione
2869 5568 3345 5642 praatermisisse.

271 5559 340 5614 90
398 5561 606 5612 Πάντων
634 5559 800 5616 addit
826 5562 890 5615 A.
1892 5567 2232 5623 scuritatem
2264 5567 2323 5622 in
2351 5567 2449 5622 inti

247 5559 361 5710 isti
387 5633 517 5686 Haec
549 5637 792 5711 uterque
808 5631 1006 5711 codex
1025 5631 1086 5711 in
1111 5632 1378 5705 margine
1399 5632 1599 5711 habet.
1631 5637 1780 5711 llen-
1962 5639 2078 5711 (92)
2108 5643 2359 5711 Γενόμενα
2383 5641 2449 5694 Α.

172 5701 370 5783 tonius
400 5701 844 5783 nou-agnoscit.-
875 5703 1110 5783 Videtur
1141 5701 1338 5783 autem
1365 5706 1541 5783 plura
1571 5707 1777 5783 hujus-

826 5747 844 5783 τ
875 5703 1110 5783 Videtur
1141 5701 1338 5783 autem
1365 5706 1541 5783 plura
1571 5707 1777 5783 hujus-
1958 5701 2072 5781 (93)
2106 5701 2471 5783 Ι.θ.ἐύλόγως.

172 5772 342 5832 modi
363 5773 589 5832 scholia
615 5775 846 5834 Maximi
879 5780 1124 5849 propter
1153 5772 1568 5837 difﬁcultatem
1589 5772 1772 5836 et'ob-
