4170 6430
231 326 367 392 (Si?

1338 315 1709 386 coMMENr.
1751 323 1820 384 [Ν
1858 312 2216 386 JOANNEM.
2244 356 2313 368 —
2339 323 2495 382 CAP.
2525 311 2591 382 v'.

3469 309 3607 382 12i8

228 460 299 521 ὡς
325 459 582 530 μαθητὴς,
615 458 732 509 οῦτε
778 456 803 507 6
836 459 1014 530 Πατὴρ
1064 451 1330 507 δείκνυσιν
1378 456 1442 514 ὡς
1480 449 1826 514 διδάσκαλος·

1956 451 2045 508 sed
2096 449 2302 506 divino
2360 454 2417 506 et
2472 449 2931 522 supernaturali.
2979 451 3178 521 Neque
3217 447 3378 504 enim
3424 448 3604 506 Filius

231 545 336 600 ἀλλ’
364 548 390 599 6
436 549 526 619 μεν
583 541 848 598 δείκνυσιν
891 547 956 606 ὡς
985 552 1104 606 νοῦς
1146 552 1247 596 τῶν
1297 542 1464 596 αὐτῶν
1512 545 1831 616 πραγμάτων

228 639 346 696 τοὺς
394 638 594 696 τύπους
644 633 1094 707 ἐνσημαινόμενος
1137 634 1162 685 ό
1207 629 1266 685 δε
1315 630 1495 705 βλέπει
1544 635 1613 694 ὡς
1659 632 1831 703 λόγος,

231 724 467 779 έπιτελῶν
491 727 556 777 τὰ
583 724 986 796 ένσημανθέντα,
1004 728 1096 774 καὶ
1113 729 1247 774 οῦτω
1269 723 1418 774 κοινὰ
1441 724 1645 784 τούτοις
1667 724 1836 773 πάντα

229 817 294 868 τὰ
317 816 570 890 θεοπρεπῆ
597 815 906 888 πράγματα.
1230 813 1236 819 ’

307 1083 407 1134 Καί
457 1109 523 1121 -
587 1081 913 1153 θαυμάζητε.
966 1075 1180 1138 Ἐπειδὴ
1245 1078 1538 1154 παράλυτον
1605 1077 1832 1150 εσφιγξε,

230 1173 323 1223 καὶ
353 1167 415 1228 ἧν
441 1174 577 1242 μέγα
625 1173 684 1223 τὸ
708 1173 942 1242 γεγονός,
989 1169 1159 1242 ἔμελλε
1191 1165 1250 1222 δε
1279 1173 1368 1220 καὶ
1397 1172 1572 1243 νεκρόν
1603 1167 1834 1241 ἐγείρειν,

233 1255 328 1312 διὰ
373 1267 529 1312 τοῦτο
569 1256 703 1312 εἶπεν
752 1259 833 1312 ὃτι
877 1264 968 1311 καὶ
1014 1259 1231 1332 μείζονα
1268 1261 1464 1310 τούτων
1507 1254 1666 1319 δείξει
1697 1256 1836 1326 αὐτῷ

232 1350 376 1422 ἔργα,
413 1350 498 1401 ἵνα
525 1350 674 1422 ὑμεῖς
704 1348 1009 1421 θαυμάζητε
1039 1352 1236 1421 μεῖζον,
1270 1353 1359 1399 καὶ
1393 1347 1551 1408 οὕτως
1580 1346 1838 1417 ἐναχθῆτε

230 1439 348 1509 (97)
377 1441 502 1514 πρὸς
533 1441 592 1491 1'6
622 1440 908 1491 πιστεύειν.

306 1614 507 1688 Ὠσπερ
561 1646 630 1656 -
688 1619 948 1678 ζωοποιεῖ.
1023 1613 1150 1667 Ἀπὸ
1199 1623 1298 1666 τῶν
1354 1621 1604 1666 ταπεινῶν
1657 1611 1840 1685 μετῆλ-

235 1705 317 1758 θεν
366 1701 520 1766 αὖθις
568 1702 651 1756 έπὶ
702 1707 766 1756 τὰ
837 1703 1034 1776 ὑψηλοί.
1089 1704 1149 1756 Ei
1195 1707 1320 1777 γὰρ,
1383 1705 1555 1777 ὥσπερ
1623 1701 1831 1766 ἐκεῖνος,

1940 541 2098 597 videt
2146 540 2296 594 sicut
2343 538 2696 610 discipulus,
2753 553 2948 611 neque
3005 541 3174 594 Pater
3232 537 3606 598 demonstrat,

1947 631 2099 686 sicut
2133 633 2481 702 praeceptor,
2504 628 2607 684 sed
2634 627 2732 684 hic
2760 627 2994 700 quidem
3023 627 3413 692 demonstrat,
3450 626 3607 684 sicut

1943 735 2136 785 mens,
2167 735 2303 790 quas
2327 717 2552 774 formas
2583 717 2922 772 earumdem
2948 732 3148 772 rerum
3180 715 3601 786 intelligendas

1943 809 2170 881 praebet
2198 824 2208 862 :
2244 807 2338 864 ille
2377 813 2576 862 autem
2602 805 2778 874 videt,
2805 806 2955 861 sicut
2985 821 3204 871 sermo,
3237 805 3343 877 qui
3371 821 3443 862 ea
3468 822 3599 879 quas

1945 896 2489 968 adintelligendum
2505 895 2647 952 data
2669 900 2828 961 sunt,
2862 895 3090 967 perlicit
3123 911 3136 949 :
3165 900 3222 950 et
3242 893 3324 951 ita
3346 896 3429 951 eis
3446 911 3596 952 com-

1947 1003 2160 1043 munes
2193 992 2332 1042 sunt
2379 1000 2590 1041 omnes
2621 985 2836 1040 divina:
2873 1000 2971 1040 res
3013 989 3068 1040 et
3098 999 3317 1040 causas.

2016 1077 2177 1131 Vers.
2210 1079 2298 1131 20.
2328 1075 2406 1130 Et
2434 1105 2504 1117 —
2544 1073 2952 1131 admiremini.
2997 1075 3142 1131 Nam
3182 1072 3329 1146 quia
3360 1073 3608 1147 paraly-

1945 1166 2042 1222 tici
2076 1163 2349 1222 membra
2373 1163 2850 1229 confirmaverat,
2880 1177 3168 1234 magnum
3200 1162 3446 1235 quidem
3481 1168 3610 1221 erat

1945 1255 2113 1328 quod
2138 1254 2362 1310 factum
2391 1258 2544 1318 erat,
2580 1252 2686 1309 sed
2707 1252 2890 1309 etiam
2923 1257 3225 1308 mortuum
3238 1253 3604 1309 excitaturus

1946 1349 2090 1408 erat,
2122 1349 2179 1400 et
2198 1343 2338 1398 ideo
2361 1343 2442 1398 ait
2471 1343 2635 1415 quod
2659 1343 2841 1399 etiam
2867 1341 3100 1412 majora
3119 1341 3213 1398 his
3227 1342 3606 1400 demonstra-

1949 1434 2030 1490 bit
2048 1433 2101 1488 ei
2131 1448 2336 1506 opera,
2372 1436 2555 1488 utvos
2584 1430 3261 1504 ampliusadmiremini,
3293 1436 3350 1490 et
3375 1432 3451 1489 ad
3484 1448 3612 1490 cre-

1947 1522 2216 1579 dendum
2265 1521 2671 1577 adducamini.

2017 1612 2178 1667 Vers.
2211 1612 2296 1667 21.
2328 1611 2492 1668 Sicut
2523 1641 2588 1652 —
2616 1610 2893 1680 vivi/icui.
2927 1609 3009 1666 Ab
3034 1609 3366 1667 humilibus
3393 1627 3602 1668 rursus

1950 1699 2224 1756 ascendit
2268 1699 2343 1756 ad
2395 1698 2695 1755 sublimia.
2754 1702 2903 1756 Nam
2943 1699 3092 1755 sicut
3130 1698 3248 1766 ille,
3300 1700 3381 1756 ita
3415 1706 3471 1757 et
3511 1701 3608 1758 hic

231 1792 369 1846 οὓτω
415 1798 507 1846 καὶ
562 1793 713 1856 οὗτος
777 1793 862 1854 οῦς
895 1792 1024 1846 θέλει
1072 1793 1332 1856 ζωοποιεῖ,
1379 1789 1696 1864 ἰσοδῦναμος
1738 1791 1839 1865 ἄρα

1956 1805 2104 1862 quos
2138 1788 2264 1845 vult
2289 1788 2568 1852 viviﬁcat,
2606 1787 2853 1860 aequalis
2884 1789 3088 1861 utique
3123 1789 3404 1861 potentia
3429 1789 3607 1846 Filius

233 1882 259 1934 6
291 1884 406 1943 Υἱός
458 1890 532 1953 τῷ
587 1887 772 1956 Πατρί.
823 1885 893 1935 Τὸ
937 1885 1026 1955 μὲν
1077 1878 1163 1934 οὖν
1196 1884 1370 1956 ὥσπερ
1410 1883 1436 1934 6
1484 1886 1665 1954 Πατὴρ
1715 1881 1843 1941 ζωοο

230 1979 396 2024 ποιεῖν
440 1980 538 2033 τῆς
591 1967 860 2044 δυνάμεως
906 1967 1158 2024 διδάσκει
1208 1976 1302 2028 τὴν
1353 1971 1593 2028 ἰσότητα·
1646 1973 1704 2022 τό
1758 1966 1838 2046 δι,

233 2061 338 2122 Οὓς
411 2059 542 2113 θέλει
592 2068 688 2121 τῆς
764 2059 1004 2122 ἐξουσίας
1079 2064 1176 2117 τὴν
1225 2058 1634 2130 ἁπαραλλαξίαν.
1698 2058 1841 2115 Ἐπεὶ

235 2147 294 2203 δι
341 2155 431 2202 καὶ
479 2145 700 2202 δύναται
749 2153 838 2200 καὶ
868 2149 1108 2212 ἕξουσίαν
1157 2151 1293 2220 ἔχει,
1333 2156 1444 2211 πῶς
1468 2148 1526 2200 οὐ
1565 2145 1785 2201 δύναται
1815 2149 1842 2200 6

233 2241 353 2300 Υἱός
383 2245 549 2291 ποιεῖν
599 2235 682 2310 ἀφ’
717 2237 902 2290 ἑαυτοῦ
932 2234 1123 2304 οῦδένς
1156 2237 1232 2289 Οὐ
1285 2233 1506 2290 δύναται
1544 2234 1632 2290 οὖν
1675 2242 1842 2310 χωρὶς

232 2335 324 2382 τοῦ
352 2330 570 2401 Πατρός,
605 2323 748 2378 διότι
778 2331 876 2399 μία
918 2331 1006 2378 καὶ
1055 2329 1086 2384 ἠ
1141 2325 1269 2384 αὐτὴ
1303 2330 1505 2388 τούτοις
1535 2323 1762 2400 δύναμίς
1790 2345 1844 2379 τε

233 2423 326 2470 καὶ
358 2414 636 2490 βούλησις.

309 2502 449 2558 Οῦδί
517 2535 583 2548 -
655 2509 877 2580 Πατέρα.
947 2506 1078 2558 Ἀπὸ
1151 2513 1252 2557 τῶν
1327 2505 1541 2576 ὑψηλῶν
1615 2509 1838 2578 μετέστη

232 2595 390 2648 πάλιν
444 2592 527 2646 ἐπὶ
579 2596 646 2646 τὰ
695 2597 931 2648 ταπεινοί.
987 2593 1264 2648 Κάνταῦθα
1316 2599 1486 2647 τοίνυν
1543 2598 1602 2647 τὸ
1642 2591 1844 2648 Δίδωκε

236 2685 527 2758 θεοπρεπῶς
573 2686 801 2741 νοητέον.
862 2681 949 2736 Τὰ
1015 2691 1235 2736 τοιαῦτα
1296 2687 1419 2759 γὰρ,
1480 2685 1650 2745 καθὼς
1704 2685 1842 2758 εἰρή-

231 2793 415 2847 καμεν,
485 2772 821 2846 οἰκονομικῶς
874 2771 1027 2845 λέγει,

229 2866 472 2937 ραπεῦων
548 2866 643 2920 τὴν
731 2860 998 2914 ἀσθένειαν
1051 2869 1152 2914 τῶν
1216 2858 1509 2927 Ἰουδαίων,
1579 2861 1707 2914 ἀλλὰ
1751 2867 1841 2914 καὶ

1117 2772 1176 2824 οῦ
1243 2777 1396 2845 μόνον
1470 2771 1696 2826 ἐντεῦθεν
1765 2774 1842 2826 θε-

235 2953 321 3004 ἶνα
366 2954 455 3004 τόν
495 2953 661 3004 αἰτιον
713 2948 932 3022 εἰδῶμεν
977 2955 1062 3002 καὶ
1113 2955 1186 3023 μὴ
1249 2949 1524 3022 ἀγέννητον
1581 2949 1711 3003 εἶναι
1753 2954 1841 3003 τόν

234 3044 353 3095 Υὶόν
383 3039 741 3111 ὑπολάϐωμεν,
773 3036 905 3111 μηδ’
931 3039 1003 3100 εἱς
1029 3045 1122 3096 τὴν
1148 3038 1418 3092 Σαϐελλίου
1440 3044 1591 3091 νόσον
1618 3043 1843 3093 καταπέ-

1947 1883 2036 1934 est
2095 1894 2233 1933 cum
2287 1880 2474 1934 Patre.
2537 1878 2851 1933 Viviticare
2928 1876 3128 1950 itaque
3201 1879 3351 1934 sicut
3411 1879 3604 1945 Pater,

1950 1968 2230 2040 potentiae
2261 1966 2845 2038 docettequalitatem
2875 1983 2887 2023 ε
2921 1966 3089 2039 quod
3110 1973 3309 2024 autem
3338 1969 3604 2026 additur:

1951 2057 2094 2123 Quos
2125 2056 2272 2126 vult,
2323 2055 2655 2112 autoritatis
2699 2055 3262 2112 immutabilitatem.
3306 2058 3525 2114 Verum
3558 2059 3607 2114 si

1948 2151 2006 2202 et
2034 2150 2245 2218 potest,
2277 2149 2334 2202 et
2361 2145 2772 2201 auctoritatem
2790 2144 2989 2213 habet,
3017 2147 3327 2217 quomodo
3359 2162 3480 2203 non
3501 2162 3603 2220 po~

1949 2238 2059 2292 test
2089 2234 2270 2290 Filius
2307 2251 2343 2291 a
2363 2250 2425 2290 se
2457 2234 2648 2290 facere
2675 2234 3011 2307 quidquam
3040 2233 3068 2288 ?
3103 2249 3222 2290 non
3249 2239 3443 2307 potest
3466 2250 3607 2308 ergo

1950 2325 2076 2381 sine
2095 2324 2281 2391 Patre,
2309 2324 2454 2398 quia
2481 2339 2602 2381 una
2641 2328 2696 2380 et
2732 2323 2944 2381 eadem
2971 2327 3060 2380 est
3090 2322 3234 2396 ipsis
3265 2325 3530 2397 potentia
3551 2331 3608 2382 et

1950 2414 2250 2471 voluntas.

2020 2506 2177 2562 Vers.
2223 2503 2312 2559 22.
2359 2503 2557 2575 Neque
2594 2534 2663 2545 —
2704 2503 2872 2559 Vere.
2913 2505 3004 2558 23.
3038 2503 3292 2560 Patrem.
3328 2505 3375 2558 Α
3421 2504 3604 2561 subli-

1950 2593 2150 2650 mibus
2199 2594 2411 2650 iterum
2441 2592 2754 2649 descendit
2801 2591 2880 2648 ad
2915 2592 3186 2650 humilia.
3230 2597 3293 2650 Et
3337 2593 3434 2652 hic
3463 2610 3608 2667 ergo

1949 2682 2202 2738 verbum
2218 2682 2408 2747 Dedit,
2433 2681 2889 2751 intelligendum
2903 2687 2992 2738 est
3002 2689 3176 2754 prout
3205 2685 3389 2739 Deum
3405 2687 3604 2740 decet:

1950 2771 2094 2828 talia
2134 2772 2317 2836 enim,
2363 2775 2426 2826 ut
2473 2771 2758 2837 diximus,
2806 2771 3207 2844 dispensative
3252 2772 3436 2842 dicit;
3486 2789 3610 2830 non

1949 2862 2143 2918 solum
2167 2877 2468 2917 curansex
2491 2861 2601 2917 hoc
2618 2860 3085 2918 imbecillitatem
3109 2861 3478 2929 Judmorum,
3514 2879 3610 2920 ve-

1950 2967 2083 3008 rum
2106 2951 2284 3008 etiam
2309 2957 2371 3006 ut
2396 2966 2643 3006 causam
2674 2950 3006 3016 videamus,
3021 2960 3077 3006 et
3107 2966 3181 3006 ne
3204 2967 3323 3008 non
3342 2953 3609 3022 genitum

1950 3055 2079 3096 esse
2120 3039 2332 3094 Filium
2387 3039 2785 3110 suspicemur,
2825 3055 3020 3112 neque
3056 3038 3117 3094 in
3166 3040 3403 3097 Sabellii
3452 3057 3608 3098 mor-

237 3149 426 3203 σωμεν,
469 3133 555 3181 τόν
587 3128 742 3180 αὐτόν
782 3132 984 3201 Πατέρα
1026 3132 1113 3178 καὶ
1147 3131 1266 3180 Υίόν
1315 3133 1404 3180 καὶ
1433 3128 1581 3199 ἅγιον
1636 3135 1839 3201 Πνεῦμα

1956 3128 2091 3183 bum
2124 3127 2500 3192 decidamus,
2546 3127 2651 3199 qui
2677 3128 2958 3183 eumdem
3004 3143 3132 3183 esse
3172 3127 3405 3197 Patrem
3431 3135 3488 3186 et
3529 3131 3610 3186 Fi-

233 3226 470 3279 νοοῦντος
507 3221 596 3269 καὶ
641 3216 689 3269 ἓν
727 3221 1006 3289 πρόσωπον
1035 3220 1128 3274 τὴν
1155 3216 1308 3288 ἁγίαν
1341 3213 1550 3289 Τριάδα
1580 3213 1841 3290 δογματί-

238 3308 418 3369 ζοντος
449 3305 678 3367 ἀνοήτως
691 3349 703 3362 .

311 3401 439 3448 Πότε
473 3392 532 3447 δε
559 3399 655 3452 τὴν
683 3398 858 3468 κρίσιν
891 3389 1090 3447 δέδωκε
1121 3401 1194 3465 τῷ
1241 3396 1346 3465 Υἱῷ
1371 3409 1386 3460 ;
1414 3393 1563 3468 Ὑπερ
1608 3397 1666 3448 τὸ
1713 3399 1843 3448 Πότε

236 3489 266 3544 ἠ
315 3484 614 3559 ἀπόκρισις.
660 3483 719 3535 Εἰ
772 3479 833 3535 δι
870 3487 980 3556 χρή
1024 3503 1075 3535 τι
1121 3488 1211 3536 καὶ
1257 3483 1522 3557 τολμηρῶς
1558 3483 1844 3560 ἀποκριθῆ-

233 3593 338 3638 ναι,
398 3574 509 3645 ἅμα
575 3580 648 3643 τῷ
713 3578 895 3624 τοῦτον
964 3574 1322 3644 γεγεννῆσθαι.
1385 3578 1513 3625 Πότε
1587 3569 1647 3626 δι
1693 3573 1844 3634 οὗτος

233 3667 554 3736 γεγέννηται,
588 3663 671 3714 ὅτε
703 3661 729 3713 ὁ
771 3665 952 3734 Πατὴρ
994 3661 1055 3714 οῦ
1086 3665 1421 3733 γεγέννηται;
1451 3662 1561 3714 Οῦκ
1605 3665 1715 3715 ἔστι
1741 3665 1840 3735 γὰρ

235 3752 329 3804 οῦκ
357 3754 499 3805 ἔστιν
531 3752 692 3823 εὑρεῖν
736 3753 929 3802 ἔννοιάν
955 3769 1073 3802 τινα
1097 3756 1296 3824 χρόνου
1337 3751 1366 3810 ἦ
1399 3751 1583 3813 αἰῶνος
1611 3752 1731 3804 καθ’
1781 3751 1841 3809 ἣν

235 3839 502 3913 ἄφικέσθαι
530 3843 664 3902 τινός
693 3841 858 3915 οἶκρου
890 3836 1257 3914 δυνηθείημεν,
1293 3840 1338 3894 εἰ
1381 3846 1471 3894 καὶ
1500 3843 1581 3894 ὅτι
1609 3840 1843 3914 μάλιστα

235 3927 576 4004 βιαζοίμεθα.

302 4202 408 4258 Τὴν
454 4202 630 4272 κρίσιν
691 4195 752 4252 δέ
799 4203 974 4251 πᾶσαν
1024 4193 1224 4252 δέδωκε
1288 4206 1360 4270 τῷ
1416 4199 1542 4268 Υίῷ,
1607 4199 1691 4250 ἵνα
1745 4194 1840 4251 διὰ

232 4295 386 4340 τοῦτο
441 4287 747 4360 φοϐούμενοι
791 4296 1014 4360 τιμῶσιν
1071 4287 1248 4354 αὐτόν,
1298 4289 1470 4348 καθὼς
1512 4295 1708 4359 τιμῶσι
1750 4290 1838 4339 τόν

236 4381 459 4451 Πατέρα.
495 4384 677 4430 Πᾶσαν
723 4373 782 4430 δε
826 4377 998 4442 εἰπὼν,
1046 4373 1305 4435 ἐδήλωσεν
1355 4377 1466 4448 ἅμα
1519 4381 1612 4434 τήν
1659 4394 1714 4427 τε
1747 4383 1837 4428 τοῦ

1951 3217 2098 3272 lium
2124 3231 2193 3272 ac
2207 3215 2492 3286 Spiritum
2515 3220 2789 3271 sanctum
2811 3214 3104 3287 intelligit,
3131 3222 3187 3271 et
3207 3217 3446 3275 unicam
3472 3235 3606 3276 esse

1955 3310 2178 3362 sanctas
2213 3303 2508 3358 Trinitatis
2548 3317 2862 3374 personam
2915 3303 3126 3358 insane
3156 3305 3463 3375 pradicet.

2023 3392 2279 3457 Quando
2335 3406 2474 3447 vero
2522 3391 2688 3448 dedit
2732 3391 3022 3463 judicium
3094 3392 3234 3450 Filio
3268 3392 3297 3448 7
3347 3395 3425 3451 De
3473 3395 3607 3463 hoc,

1951 3482 2202 3558 quando
2247 3481 2310 3538 id
2341 3480 2531 3546 fuerit,
2579 3496 2673 3536 res
2715 3486 2804 3536 est
2849 3480 3185 3538 admodum
3232 3483 3511 3541 occulta:
3552 3491 3611 3542 et

1951 3587 2300 3646 quanquam
2359 3570 2510 3641 (mm)
2549 3571 2839 3626 audenter
2901 3569 3264 3642 respondere
3311 3578 3608 3646 oporteat,

1951 3662 2115 3736 quod
2148 3659 2328 3716 simul
2351 3667 2410 3716 ut
2435 3659 2532 3714 hic
2553 3658 2784 3730 genitus
2803 3663 2893 3716 est
2916 3676 2930 3715 :
2959 3664 3219 3717 attamen
3239 3661 3487 3736 quando
3512 3663 3610 3721 hic

1951 3753 2185 3822 genitus
2219 3756 2327 3817 est,
2370 3749 2618 3822 quando
2673 3751 2838 3804 Pater
2891 3750 3125 3818 genitus
3166 3767 3284 3807 non
3321 3759 3409 3808 est
3436 3750 3608 3810 ?Non

1950 3845 2147 3913 potest
2197 3839 2517 3913 siquidem,
2571 3854 2694 3895 non
2746 3844 2964 3911 potest,
3015 3840 3286 3914 inquam,
3354 3842 3608 3900 inveniri

1951 3931 2257 4003 temporis,
2309 3933 2414 3986 aut
2470 3928 2670 3984 saeculi
2717 3927 2970 4000 alicujus
3015 3929 3426 4001 intelligentia,
3485 3947 3610 4005 qua

1949 4019 2028 4076 ad
2057 4026 2392 4076 extremum
2409 4017 2656 4090 aliquod
2681 4018 2984 4089 pervenire
3006 4023 3330 4091 possimus,
3360 4020 3608 4078 etiamsi

1949 4110 2211 4164 maxime
2244 4122 2491 4177 urgeam
2503 4123 2592 4161 us.
3603 4163 3605 4165 ,

2017 4196 2314 4251 Judicium
2363 4200 2563 4251 autem
2613 4210 2792 4250 omne
2831 4194 2996 4250 dedit
3027 4195 3190 4262 Filio,
3226 4201 3288 4252 ut
3329 4195 3608 4253 timentes

1947 4291 2193 4357 prOpter
2209 4285 2338 4346 hoc,
2371 4283 2668 4339 honorent
2688 4299 2847 4350 eum,
2869 4283 3019 4340 sicut
3034 4285 3330 4340 honorant
3347 4291 3608 4358 patrem.

1950 4376 2014 4430 Et
2035 4389 2172 4429 cum
2193 4373 2377 4429 Omne
2392 4371 2560 4440 dixit,
2575 4372 2929 4441 signiﬁcavit
2947 4381 3003 4427 et
3009 4372 3300 4444 judicium
3323 4374 3610 4446 puniendi

234 4465 470 4528 κολάζειν
511 4471 601 4518 καὶ
662 4471 756 4525 την
798 4474 890 4519 τοῦ
942 4472 1098 4539 τιμᾴν
1147 4464 1238 4528 οὓς
1288 4465 1348 4517 ἂν
1396 4464 1560 4538 ἐθέλῃ.
1609 4464 1685 4516 Οὔ
1732 4469 1836 4538 μην

1956 4468 2001 4519 et
2025 4463 2317 4535 judicium
2353 4460 2711 4525 honorandi,
2753 4477 2908 4534 quos
2957 4461 3228 4518 voluerit.
3257 4465 3373 4519 Nec
3404 4468 3608 4520 tamen

234 4554 436 4619 έξέϐαλε
476 4559 563 4608 τόν
619 4561 823 4631 Πατέρα
873 4563 969 4618 τῆς
1025 4555 1266 4618 έξουσὶας
1340 4561 1432 4607 τοῦ
1487 4558 1697 4627 κρίνειν.
1777 4554 1838 4606 Εἰ

231 4648 334 4718 γὰρ
379 4648 550 4698 πάντα
591 4647 692 4698 ὃσα
746 4648 860 4718 ἕχει
914 4646 940 4697 6
981 4649 1162 4718 Πατὴρ
1218 4651 1311 4697 τοῦ
1343 4645 1466 4696 Υἱοῦ
1515 4641 1647 4708 ἐστι,
1705 4643 1838 4702 πλὴν

233 4733 544 4808 ἆγεννησίας
601 4734 735 4806 (98),
787 4729 1051 4809 πρόδηλον
1107 4735 1189 4786 ὅτι
1229 4737 1316 4786 καὶ
1362 4734 1534 4785 πάντα
1571 4734 1672 4786 ὅσα
1726 4735 1839 4805 ἔχει

232 4826 258 4877 6
288 4827 404 4885 Υἱός
432 4833 524 4878 τοῦ
557 4828 758 4899 Πατρός
786 4823 916 4889 έστι,
966 4823 1098 4882 πλὴν
1141 4822 1257 4896 (99)
1307 4827 1608 4894 γεννήσεως.
1668 4828 1841 4897 Κρινεῖ

231 4919 402 4967 τοίνυν
421 4915 447 4966 6
469 4916 559 4966 Υίό
569 4933 608 4976 ς,
637 4910 976 4974 εὐδοκοῦντος
1113 4922 1202 4966 τοῦ
1227 4915 1447 4987 Πατρός,
1469 4919 1839 4985 συνεργοῦντος

232 4999 294 5056 δε
334 5011 426 5056 τοῦ
457 5003 610 5074 ἁγίου
643 5005 956 5075 Πνεῦματος,
1007 5004 1181 5077 ὥσπερ
1211 5004 1316 5076 ἄρα
1359 5009 1573 5075 νοοῦμεν
1619 5006 1710 5054 καὶ
1753 4999 1836 5055 ἐπὶ

231 5093 436 5145 πάντων
474 5091 638 5146 αὐτοῦ
664 5100 766 5145 τῶν
796 5093 980 5166 ἔργων.

1947 4553 2182 4609 Patrem
2192 4551 2212 4623 j
2226 4549 2504 4607 udicaudi
2518 4550 2865 4606 auctoritate
2885 4550 3164 4623 privavit.
3180 4555 3327 4608 Nam
3345 4553 3392 4625 si
3404 4553 3610 4610 omnia

1945 4658 2081 4716 quin
2104 4641 2285 4696 habet
2307 4641 2479 4696 Pater
2491 4638 2617 4695 Filii
2637 4645 2776 4695 sunt
2789 4646 3188 4716 praeterquam
3203 4642 3469 4710 genitum
3485 4657 3608 4698 non

1946 4747 2078 4788 esse
2104 4729 2491 4786 manifestum
2530 4735 2617 4786 est
2645 4729 2809 4802 quod
2829 4729 3010 4786 etiam
3036 4746 3172 4802 qum
3212 4730 3393 4787 habet
3429 4731 3608 4788 Filius

1948 4819 2141 4876 Patris
2160 4825 2315 4884 sunt,
2334 4824 2732 4892 praeterquam
2762 4834 2892 4876 esse
2914 4820 3200 4890 genitum.
3215 4820 3608 4894 Judicatergo

1947 4909 2143 4975 Filius,
2211 4908 2585 4981 approbante
2655 4907 2898 4980 quidem
2977 4909 3168 4976 Patre,
3243 4914 3609 4983 cooperante

1945 5004 2145 5056 autem
2171 5003 2229 5055 et
2252 4997 2473 5070 Spiritu
2496 5001 2726 5062 sancto,
2748 4996 2930 5054 veluti
2951 5013 3098 5056 sane
3127 4998 3514 5073 intelligimus
3548 5000 3610 5059 in

1945 5088 2230 5146 omnibus
2262 5087 2394 5160 ejus
2421 5086 2726 5160 operibus.

1473 5322 1693 5395 Variae
1717 5322 2042 5392 lectiones
2073 5329 2139 5392 et
2167 5330 2372 5392 nota.

302 5519 420 5595 (97)
453 5520 749 5595 Ἀναχθῆτι
778 5525 860 5595 A._
883 5521 1210 5595 Utrumque
1239 5519 1513 5594 probum.
1567 5523 1646 5578 Ex
1681 5519 1838 5578 Hen-

232 5591 723 5650 tenio'nihil'licet
754 5591 1048 5664 colligere.

2017 5519 2132 5666 E98)
2157 5520 2431 5592 Ἀγένητος
2457 5519 2559 5595 γὰρ
2591 5519 2618 5572 ό
2651 5521 2852 5597 Πατήρ.

2040 5595 2131 5664 99)
2159 5595 2405 5655 Γεννητὸς
2431 5595 2532 5666 γὰρ
2561 5593 2587 5644 6
2618 5595 2756 5654 Υἱός.

2040 5595 2131 5664 99)
2159 5595 2405 5655 Γεννητὸς
2431 5593 2538 5666 γὰρ.
2561 5593 2587 5644 6
2618 5595 2756 5654 Υἱός.

302 5770 470 5848 (mm)
493 5772 571 5831 Et
600 5787 961 5850 quanquam,
992 5775 1103 5832 etc.
1145 5772 1204 5832 Si
1228 5776 1426 5830 autem
1457 5787 1695 5831 necesse
1723 5775 1830 5842 est,
1872 5770 2053 5831 etiam
2083 5770 2370 5830 audacter
2395 5770 2626 5848 aliquid
2655 5769 3050 5849 respondere.
