4170 6432
708 351 847 406 1219

783 477 992 531 Verum
1027 474 1175 530 scire
1203 474 1453 544 oportet.
1487 468 1647 542 quod
1679 468 1968 524 dictiones
1996 469 2100 533 sic,
2125 468 2278 524 sicut
2301 475 2357 524 et
2391 469 2437 520 A

704 563 948 628 similes,
981 563 1039 618 in
1071 562 1335 617 increata
1366 559 1610 630 quidem
1642 557 1917 612 Trinitate
1955 557 2350 628 aequalitatem

702 653 1062 722 signiﬁcant,
1092 650 1151 706 in
1180 649 1392 705 creatis
1412 663 1550 703 vero
1577 646 1796 717 saepius
1814 645 1992 701 etiam
2023 646 2354 700 similitudi.

704 757 866 805 nem,
918 756 988 796 ac
1040 736 1351 812 partialem
1405 751 1783 808 quamquam
1841 733 2350 790 assimilationem.

703 831 898 896 Quare
916 835 1113 884 autem
1147 825 1306 881 dedit
1326 824 1616 894 judicium
1645 824 1785 878 Filio
1813 824 1842 877 ‘I
1863 823 2012 888 Quia
2044 822 2137 878 hic
2164 823 2353 878 homi-

699 937 836 976 nem
852 917 1146 980 formavit,
1164 915 1578 989 perditumque
1593 912 1934 967 reformavit
1951 930 1967 976 ;
1984 928 2053 966 ac
2068 912 2351 969 salutaria

699 1009 1159 1081 deditpraacepta
1186 1021 1196 1058 :
1229 1011 1286 1060 et
1314 1011 1374 1060 ut
1397 1004 1499 1076 qui
1531 1004 1711 1057 homo
1740 1002 2047 1066 factusest,
2079 1003 2350 1057 homines

694 1100 991 1171 judicaret
1023 1118 1035 1152 :
1073 1111 1192 1152 non
1243 1094 1439 1149 solum
1472 1101 1754 1163 tanquam
1808 1094 1980 1151 Deus,
2016 1092 2118 1162 qui
2150 1091 2347 1146 homi-

700 1204 846 1244 num
879 1188 1042 1242 novit
1074 1192 1368 1250 naturam,
1422 1197 1625 1237 verum
1654 1181 1832 1235 etiam
1860 1179 2137 1246 uthomo,
2168 1181 2346 1252 quiin

702 1293 774 1334 ea
809 1277 998 1332 forma
1044 1279 1300 1330 tentatus
1351 1278 1458 1327 est.
1499 1271 1562 1325 Et
1602 1286 1790 1340 quare
1843 1269 2019 1324 Filius
2075 1270 2349 1326 formavit

698 1364 1054 1425 hominem?
1082 1364 1227 1425 Quia
1247 1363 1374 1433 ipse
1407 1367 1492 1414 est
1523 1358 1844 1429 Sapientia,
1881 1357 2137 1414 Verbum
2161 1366 2217 1414 et
2244 1359 2346 1415 Po-

696 1458 879 1513 tentia
913 1454 1095 1510 Patris
1122 1455 1190 1508 ".
1228 1455 1290 1507 Et
1314 1466 1495 1524 quare
1538 1449 1717 1504 Filius
1746 1454 1799 1503 et
1851 1463 1970 1503 non
2003 1448 2192 1513 Pater,
2238 1463 2345 1503 nec

693 1545 942 1619 Spiritus
986 1547 1218 1599 sanctus
1261 1540 1693 1596 humanitatem
1738 1538 2062 1608 assumpsit
2111 1537 2138 1590 τ
2195 1538 2346 1603 Quia

693 1633 1007 1706 oportebat
1041 1638 1100 1687 ut
1128 1630 1230 1705 qui
1269 1630 1328 1684 in
1360 1628 1640 1700 supernis
1674 1626 1846 1681 Filius
1893 1633 2034 1690 erat,
2081 1633 2344 1682 maneret

694 1724 873 1780 etiam
927 1724 982 1777 in
1034 1720 1278 1778 infernis
1321 1718 1516 1785 Filius,
1564 1733 1635 1771 ne
1676 1716 1797 1771 duo
1853 1723 2048 1770 essent
2081 1716 2244 1770 Filii:
2287 1721 2344 1771 et

2079 327 2422 399 summu
2461 333 2792 399 ZlGABENl
3881 355 3975 410 mo

2548 475 2654 543 Χρὴ
2707 467 2766 522 δε
2811 476 3086 541 γινώσκειν
3139 472 3217 524 ὅτι
3281 475 3340 525 τό
3393 474 3581 547 ὥσπερ,
3629 479 3708 526 καὶ
3757 478 3805 527 τὸ
3857 483 3977 540 καθώς

2470 565 2557 611 καὶ
2607 563 2670 611 τὰ
2717 568 2936 612 τοιαῦτα
2978 560 3061 612 ἐπὶ
3106 565 3195 633 μεν
3251 571 3344 622 τῆς
3401 561 3644 614 ἀκτίστου
3692 562 3883 636 Τριάδος
3913 575 3976 626 τὴν

2473 649 2690 706 ἰσότητα
2733 646 3008 714 δηλοῦσιν,
3061 652 3144 702 επὶ
3185 647 3243 703 δε
3285 660 3384 703 τῶν
3427 660 3642 705 κτιστῶν
3685 653 3887 717 πολλάκις
3918 667 3976 711 καὶ

2470 739 2702 790 εἰκασίαν
2744 744 2834 790 καὶ
2881 741 3167 810 ὁμοιότητά
3214 759 3332 792 τινα
3387 745 3618 815 μερικὴν.
3665 748 3792 794 Διατί
3839 741 3883 796 δὲ
3924 748 3973 817 (Ι)

2469 832 2556 885 τὴν
2597 833 2770 900 κρίσιν
2823 824 3021 880 δέδωκε
3064 836 3135 898 τῷ
3185 831 3290 898 Υἰῷ
3320 846 3333 895 ;
3363 835 3503 881 Διότι
3553 829 3694 892 οὗτος
3725 834 3797 882 τὸν
3839 835 3973 907 ἀνθρω-

2469 935 2563 968 πον
2610 916 2817 978 ἔπλασε,
2864 923 2953 968 καί
3003 919 3256 989 φθαρέντα
3310 918 3576 984 ἀνέπλασε,
3631 923 3820 981 καὶτὰς
3857 941 3970 978 eam.

2466 1010 2612 1077 ρίους
2644 1004 2845 1068 ἐντολὰς
2893 1002 3074 1074 ἔδωκα,
3124 1012 3208 1059 καὶ
3263 1010 3346 1058 ἱνα
3398 1009 3424 1058 6
3473 1007 3832 1079 ἰνανθρωπήσας
3870 1016 3965 1077 κρίνπ

2468 1098 2587 1156 τοὺς
2620 1094 2919 1168 ἀνθρώπους
2964 1101 3035 1167 μὴ
3082 1102 3234 1168 μόνον
3273 1100 3343 1158 ὡς
3388 1102 3534 1167 Θεὸς,
3583 1093 3719 1157 εἰδὼς
3757 1104 3835 1155 τήν
3868 1103 3965 1169 φύσιν

2465 1193 2564 1234 των
2608 1185 2907 1256 ἀνθρώπων,
2959 1182 3087 1236 ἀλλὰ
3135 1191 3223 1237 καὶ
3282 1188 3354 1247 ως
3405 1187 3684 1260 ἄνθρωπος,
3742 1205 3961 1258 πεπειριμει

2464 1291 2549 1332 νος
2575 1272 2761 1334 αὐτῆς.
2815 1279 2914 1326 Καὶ
2946 1270 3092 1325 διατί
3131 1273 3349 1326 ἔπλασεν
3398 1277 3425 1327 6
3477 1278 3588 1336 Υἱός
3637 1279 3717 1327 τὸν
3740 1278 3949 1348 drepani;

2467 1370 2606 1413 Διοτι
2650 1362 2799 1423 οὗτος
2847 1364 2958 1414 ίστι
2999 1368 3158 1434 Σοφία
3204 1370 3295 1415 καὶ
3342 1369 3509 1436 Λόγος
3559 1370 3641 1417 καὶ
3691 1368 3874 1437 Δύναμις
3911 1376 3956 1417 rs;

2467 1457 2683 1524 Πατρός.
2737 1457 2836 1504 Καὶ
2884 1449 3030 1504 διατί
3060 1454 3085 1503 6
3119 1456 3238 1514 Υἱός
3293 1451 3401 1504 ἀλλ’
3441 1454 3543 1524 οὐχ
3593 1457 3617 1506 6
3675 1461 3828 1527 Πατὴρ
3869 1461 3888 1512 ἦ
3927 1475 3958 1504 τι

2467 1548 2670 1612 Πνεῦμα
2727 1546 2783 1593 τό
2835 1541 2980 1612 ἅγιον
3036 1540 3437 1617 ἑνηνθρώπηση
3471 1549 3605 1596 Διότι
3650 1540 3743 1595 ἔδει
3790 1547 3855 1595 τόν
3899 1547 3959 1594 iis

2463 1631 2579 1681 Υἰόν
2610 1635 2774 1700 μένειν
2803 1636 2891 1681 καί
2922 1633 3064 1682 κάτω
3095 1634 3232 1696 Υἰὸν,
3272 1633 3356 1683 ἶνα
3394 1637 3468 1704 μὴ
3513 1629 3607 1684 δύο
3649 1629 3732 1684 εἶεν
3772 1635 3871 1700 Υἱοὶ,
3907 1640 3959 1682 ui

2461 1714 2601 1770 διότι
2639 1715 2745 1769 ἰὸει
2789 1722 2875 1770 τόν
2930 1723 3261 1790 Δημιουργόν
3311 1719 3636 1772 ἀνακαινίσαι
3675 1724 3725 1771 τό
3774 1719 3958 1791 συντριϐῇ

692 1813 837 1887 quia
865 1811 1180 1885 oportebat
1202 1809 1377 1863 etiam
1421 1806 1755 1861 Creatorem
1791 1821 2077 1860 renovare
2111 1806 2339 1860 confra-

2309 1825 2342 1860 ι·-
2381 1841 2423 1896 B
2457 1807 2617 1859 αὐτοῦ
2662 1803 3062 1880 δημιούργημα,
3108 1814 3198 1860 καὶ
3240 1805 3384 1861 διότι
3437 1805 3541 1862 ἔδει
3586 1814 3664 1862 τόν
3705 1809 3867 1880 λογικὸν
3901 1806 3956 1860 δια

693 1910 854 1959 ctam
883 1917 1054 1957 suam
1085 1903 1450 1960 creaturam;
1475 1902 1530 1949 et
1560 1894 1702 1966 quia
1727 1911 1880 1963 opus
1913 1902 2038 1949 erat
2070 1900 2131 1948 ut
2165 1895 2341 1949 ratio-

695 1991 829 2048 nale
857 2007 960 2064 per
981 1989 1272 2045 rationem
1313 1987 1433 2042 sive
1467 1986 1728 2041 Verbum
1760 1983 2109 2039 liberaretur
2145 1983 2223 2038 ab
2269 1985 2344 2038 ir-

696 2078 1116 2137 rationalitatis
1161 2075 1619 2140 affectionibus;
1663 2081 1716 2128 et
1758 2089 1904 2145 quta
1949 2072 2195 2129 decebat
2241 2089 2346 2145 per

695 2171 1119 2225 immutabilem
1155 2167 1335 2222 Patris
1377 2163 1726 2233 imaginem.
1782 2179 1919 2217 eum
1960 2163 2063 2234 qui
2113 2162 2192 2217 ad
2247 2163 2344 2218 Dei

693 2259 1020 2328 imaginem
1055 2256 1245 2311 factus
1288 2254 1498 2316 fuerat,
1553 2267 1807 2323 eamque
1861 2255 2212 2314 mutaverat,
2266 2251 2341 2306 ad

692 2348 1002 2421 pristinam
1055 2346 1311 2417 reparari
1341 2344 1714 2413 dignitatem,
1752 2345 1814 2396 ut
1853 2341 1933 2396 ita
1975 2341 2342 2396 convenienti

691 2436 875 2492 modo
903 2437 1109 2492 omnia
1153 2433 1374 2487 fierent.

766 2525 978 2580 Verum
993 2526 1039 2579 si
1053 2539 1184 2578 eum
1199 2519 1616 2577 honoraverim
1629 2536 1716 2585 us,
1732 2519 1878 2573 sicut
1892 2518 2260 2574 honoramus
2289 2525 2344 2574 et

691 2615 922 2670 Patrem
954 2613 1194 2668 omnino
1220 2611 1387 2666 etiam
1414 2609 1643 2663 Patrem
1677 2608 1834 2662 hunc
1851 2608 2289 2679 appellabimus
2316 2609 2342 2662 Ἰ

691 2705 1103 2774 Nequaquam,
1136 2699 1237 2754 sed
1266 2698 1470 2753 Filium
1500 2714 1631 2751 eum
1663 2698 1929 2761 scientes,
1969 2696 2188 2751 Patrem
2223 2713 2340 2752 nou

689 2790 1146 2863 appellabimus,
1164 2804 1235 2843 ne
1259 2784 2107 2860 proprietatesconfuudamus
2129 2804 2142 2850 ;
2161 2786 2344 2841 hono-

689 2878 1193 2944 rabimustamen,
1219 2875 1629 2930 sicutPatrem:
1658 2889 1798 2928 nam
1813 2874 1885 2928 de
1905 2873 2130 2928 honore
2145 2890 2341 2929 sermo

689 2974 797 3033 est,
833 2983 952 3022 non
983 2967 1055 3023 de
1087 2964 1499 3039 appellatione.
1524 2964 1780 3018 Abusive
1813 2979 1951 3018 vero
1977 2970 2030 3017 et
2055 2963 2216 3018 hunc
2249 2967 2344 3019 Pa-

686 3063 835 3112 trem
849 3071 1156 3118 vocamus,
1174 3062 1459 3127 tanquam
1478 3058 1803 3110 creatorem
1822 3060 1879 3109 et
1896 3060 2341 3125 procuratorem

687 3161 758 3204 ac
789 3146 1140 3215 magistrum
1164 3151 1459 3200 nostrum.

760 3235 951 3290 Vidisti
976 3233 1480 3308 sapientissimum
1500 3238 1555 3288 et
1586 3231 2004 3288 admirabilem
2040 3237 2342 3286 contextu-

685 3341 817 3383 ram
850 3323 1193 3380 sublimium
1218 3322 1653 3394 humiliumque
1689 3321 2000 3376 verborum
2032 3337 2045 3386 ;
2083 3327 2142 3376 ut
2180 3329 2236 3376 et
2264 3322 2339 3376 de

683 3415 778 3473 his
810 3430 943 3488 quas
976 3420 1114 3470 tunc
1155 3414 1308 3469 facta
1338 3419 1493 3478 sunt,
1520 3427 1718 3467 sermo
1748 3411 1918 3466 facile
1957 3410 2336 3482 suscipiatur,

684 3509 742 3561 et
771 3505 862 3561 bis
887 3504 1047 3560 nullo
1077 3503 1193 3558 sint
1223 3502 1652 3573 impedimento
1681 3516 1754 3556 ea
1781 3516 1914 3572 quae
1948 3499 2336 3571 postmodum

683 3594 845 3650 ﬁent.
880 3593 995 3648 Nisi
1051 3594 1209 3646 enim
1263 3606 1393 3646 sese
1424 3591 1735 3645 demittens
1783 3589 2033 3644 humilia
2071 3589 2334 3653 dixisset,

681 3698 870 3756 quare
899 3683 1074 3737 etiam
1107 3680 1385 3735 sublimia
1432 3679 1796 3735 attexuisset.
1832 3682 1976 3734 Nam
2008 3679 2111 3750 qui
2152 3679 2226 3733 de
2274 3694 2336 3733 se

684 3787 906 3841 magna
930 3770 1124 3826 dicere
1146 3769 1340 3834 debet,
1376 3785 1512 3824 cum
1539 3784 1721 3840 parva
1751 3768 1983 3823 locutus
2010 3768 2200 3834 fuerit,
2230 3783 2334 3838 pro

682 3860 1065 3916 excusatione
1144 3858 1324 3914 habet
1375 3857 1883 3930 dispensationem
1959 3874 1972 3911 :
2037 3857 2333 3929 siquidem

679 3947 1109 4021 dispensatoris
1140 3947 1250 4003 hoc
1289 3946 1440 4003 facit.
1503 3949 1686 4012 Quem
1716 3962 1857 4001 vero
1913 3962 2098 4015 parva
2139 3945 2334 4002 dicere

680 4037 981 4102 convenit,
1006 4053 1191 4110 quam
1218 4038 1297 4091 ob
1336 4052 1580 4091 causam
1609 4051 1833 4104 magna
1874 4035 2136 4107 loquitur
2165 4035 2194 4090 7
2217 4051 2332 4091 non

681 4128 839 4185 enim
880 4126 1337 4199 dispensationis
1388 4127 1500 4181 hoc
1545 4131 1650 4188 est,
1688 4125 1790 4180 sed
1849 4132 2126 4181 extreme
2173 4141 2332 4181 arro-

682 4217 922 4290 gantiae.
941 4216 1112 4284 Quod
1131 4216 1368 4271 sietiam
1387 4217 1579 4270 minor
1599 4220 1724 4270 erat
1742 4215 1942 4278 Filius,
1965 4216 2115 4269 sicut
2134 4215 2330 4270 Ariani

679 4307 1084 4377 nugabantur,
1113 4321 1298 4378 quare
1320 4303 1612 4377 aequalem
1648 4305 1809 4362 Patri
1843 4305 2132 4359 honorem
2158 4320 2336 4376 expe-

679 4397 841 4454 tebat
870 4396 898 4452 τ
924 4400 1038 4453 Nec
1068 4402 1298 4452 tantum
1329 4393 1663 4466 expetebat,
1698 4410 1901 4449 verum
1935 4394 2116 4450 etiam
2157 4399 2332 4451 terro-

677 4502 804 4544 rem
834 4484 1177 4549 incutiebat,
1210 4484 1414 4540 dicens
1447 4500 1461 4540 ε

752 4576 914 4632 Vers.
955 4580 1044 4632 23.
1077 4574 1188 4639 Qui
1213 4605 1278 4613 —
1306 4574 1503 4630 illum.
1532 4573 1638 4638 Qui
1679 4589 1798 4629 non
1840 4572 2115 4638 honorat,
2152 4573 2332 4630 modo

2455 1905 2546 1948 τοῦ
2589 1902 2762 1967 Λόγου
2814 1895 3216 1971 ίλευθερωθῆναι
3246 1905 3337 1958 τῆς
3367 1897 3574 1969 ἀλογίας
3601 1907 3690 1948 τῶν
3716 1900 3868 1961 παθῶν,
3903 1903 3956 1946 καί

2456 1982 2594 2038 διότι
2626 1990 2815 2057 πρέπον
2844 1983 2902 2043 ἧν
2932 1982 3024 2038 διὰ
3056 1994 3152 2048 τῆς
3177 1985 3577 2061 ἁπαραλλοίκτου
3598 1987 3766 2049 εἰκόνος
3782 1996 3850 2038 τοῦ
3869 1993 3955 2038 [ἰατ-

2451 2080 2537 2149 ρός
2560 2078 2644 2126 τόν
2675 2075 2790 2127 κατ’
2816 2075 2986 2127 εἰκόνα
3011 2084 3146 2128 Θιοῦ
3174 2082 3522 2148 πεποιημένον
3548 2083 3630 2129 καὶ
3657 2075 3953 2148 παραλλάξαιτι

2452 2165 2615 2221 αὐτὴν
2643 2165 2715 2226 εἰς
2755 2169 2811 2216 τὸ
2843 2171 3088 2239 πρότερον
3119 2164 3491 2238 ἐπαναχθῆναι
3528 2166 3727 2238 ἀξίωμα,
3768 2171 3835 2216 καὶ
3863 2165 3949 2216 οὕτω

2451 2253 2779 2314 κατ-αλλήλοις
2811 2255 2979 2306 πάντα
3006 2257 3244 2326 γενέσθαι
3257 2295 3270 2307 .

2526 2523 2581 2576 Εἰ
2620 2519 2706 2575 οὖν
2759 2528 3059 2596 τιμησωμεν
3113 2528 3189 2592 (2)
3235 2524 3424 2594 αὐτὸν,
3476 2525 3639 2586 καθὼς
3687 2530 3852 2595 τιμῶμεν
3884 2521 3940 2570 τὸν

2455 2617 2676 2685 Πατέρα,
2734 2619 2935 2673 παντως
2995 2618 3084 2665 καὶ
3140 2618 3350 2687 Πατέρα
3407 2621 3585 2666 τοῦτον
3639 2611 3939 2686 aput/oper-

2450 2721 2539 2773 μιν
2586 2703 2707 2771 (3);
2747 2698 3011 2773 Οὐδαμῶς
3049 2720 3060 2731 ’
3100 2701 3206 2753 ἀλλ’
3241 2706 3368 2755 ris»
3416 2704 3571 2756 αὐτὸν
3618 2699 3758 2760 εἰδότες
3793 2701 3929 2768 Πατέρα

2451 2795 2539 2862 μεν
2565 2791 2658 2842 οῦκ
2689 2791 3031 2862 ὀνομάσομεν,
3061 2793 3144 2842 ἵνα
3174 2797 3247 2862 μὴ
3282 2798 3598 2865 συγχέωμιν
3626 2795 3704 2852 τὰς
3728 2786 3934 2844 ἰδιότητας·

2453 2883 2521 2940 ως
2551 2884 2636 2932 τόν
2683 2885 2887 2953 Πατέρα
2930 2877 2989 2932 δε
3035 2888 3331 2953 τιμήσομεν
3532 2887 3639 2955 περὶ
3677 2882 3758 2950 γὰρ
3795 2872 3942 2946 τιμεςά

2452 2969 2620 3039 λδ7⁰ἷι
2653 2969 2712 3020 οὗ
2760 2975 2877 3041 περὶ
2925 2975 3304 3043 προσηγορίας.
3370 2976 3780 3044 Καταχρηστικῶς
3817 2961 3859 3014 δὲ
3893 2967 3936 3009 ﬂ!

2455 3062 2660 3129 Πατέρα
2689 3065 2868 3108 τοῦτον
2895 3057 3166 3129 καλοῦμεν,
3201 3061 3270 3120 ὡς
3296 3065 3520 3118 ποιητὴν
3557 3064 3638 3110 καὶ
3661 3052 3869 3126 κηδεμόνα
3893 3067 3933 3097 ιιι

2453 3142 2778 3197 διδάσκαλον
2802 3147 2968 3218 ἡμῶν.

2523 3232 2672 3296 Εἶδες
2709 3240 2803 3293 τὴν
2864 3238 3169 3307 σοφωτάτην
3218 3242 3310 3289 καὶ
3363 3240 3650 3310 θαυμασίαν
3694 3233 3849 3288 πλοκὴν
3885 3233 3938 3276 fit

2451 3323 2661 3393 ὑψηλῶν
2706 3325 2816 3396 οἶμα
2863 3330 2950 3376 καὶ
2997 3334 3246 3377 ταπεινῶν
3294 3327 3544 3399 ῥημάτων
3576 3343 3586 3354 ·
3623 3327 3741 3376 ὥστε
3777 3325 3843 3371 καὶ
3879 3321 3941 3371 τοῖς

2449 3419 2562 3465 τότε
2605 3416 2841 3484 γίνεσθαι
2880 3417 2966 3466 τὸν
3004 3413 3156 3485 λόγον
3197 3413 3602 3490 εὐπαράδεκτον,
3632 3419 3708 3465 καὶ
3742 3413 3836 3467 τοὺς
3861 3405 3941 3476 μιτά

2447 3511 2599 3554 τοῦτο
2630 3508 2700 3573 μὴ
2749 3501 3098 3574 βλάπτεσθαι.
3145 3505 3201 3556 Εἰ
3246 3508 3351 3578 γὰρ
3400 3509 3471 3577 μὴ
3507 3502 3595 3557 διὰ
3649 3494 3942 3571 συγκατάθεσιν

2446 3596 2510 3644 τα
2542 3595 2756 3644 ταπεινὰ
2800 3592 2958 3660 Fur/1,
3002 3589 3148 3644 διατί
3196 3598 3285 3645 καὶ
3337 3598 3403 3646 τὰ
3453 3593 3621 3664 ὑψηλὰ
3662 3585 3941 3664 προσέπλαηὶ

2445 3679 2502 3733 Ὀ
2558 3685 2649 3753 μεν
2699 3684 2800 3755 γὰρ
2863 3680 3074 3752 ὀφείλων
3147 3682 3354 3753 μεγαλα
3428 3687 3543 3755 περί
3611 3682 3769 3734 ἑαυτοῦ
3824 3674 3942 3741 λέγειν,

2445 3771 2565 3821 ὅταν
2595 3773 2759 3843 μικρὰ
2792 3772 3098 3842 φθέγγηται,
3140 3778 3402 3844 πρόφασιν
3449 3776 3558 3843 ἔχει
3598 3775 3680 3827 τὴν
3715 3765 3943 3832 οἰκονομίαν·

2444 3859 2752 3931 οἰκονομικώ
2809 3863 2909 3931 γὰρ
2941 3869 3093 3913 τοῦτο
3123 3868 3260 3913 ποιεῖ
3285 3879 3299 3891 ο
3333 3863 3359 3913 6
3387 3858 3445 3914 δε
3459 3863 3616 3934 μικρὰ
3641 3858 3778 3928 λέγειν
3803 3848 3944 3921 ὀφείλων

2443 3953 2581 4010 τίνος
2616 3949 2774 4000 ἔνικεν
2833 3949 3032 4020 μεγάλα
3090 3951 3404 4020 φθέγγεταις
3437 3945 3593 4002 Τοῦτο
3620 3950 3709 4018 γὰρ
3751 3941 3824 3994 οὐκ
3853 3940 3946 3988 ἔστιν

2444 4038 2763 4108 οἰκονομίας,
2799 4037 2903 4087 ἀλλ’
2937 4037 3172 4108 ἐσχάτης
3194 4037 3518 4100 ἀλαζονείας.
3552 4037 3603 4090 Εἰ
3624 4032 3675 4088 δὲ
3697 4037 3770 4084 καὶ
3791 4028 3944 4080 ἐλάττων

2445 4123 2505 4185 ἦν
2536 4129 2561 4178 ό
2601 4130 2732 4194 Υἱὸς,
2768 4129 2837 4188 ὡς
2881 4129 2928 4178 οἱ
2959 4133 3074 4200 περὶ
3115 4131 3199 4179 τὸν
3230 4126 3436 4203 Ἀρειον
3493 4126 3707 4197 Brige-1v,
3737 4117 3850 4172 διατί
3883 4116 3944 4165 τήν

2442 4220 2563 4272 ἴσην
2590 4224 2660 4285 τῷ
2697 4220 2860 4287 Ιιατρὶ
2901 4221 3055 4287 τιμὴν
3106 4215 3332 4290 ἀπῄτεις
3365 4222 3462 4270 Καὶ
3511 4215 3599 4268 οῦκ
3635 4212 3791 4284 ἀπῄτει
3821 4208 3942 4277 μόνον,

2444 4304 2571 4358 ἀλλὰ
2603 4311 2690 4357 καὶ
2713 4304 2900 4378 ἐφόϐει,
2927 4304 3104 4376 λέγων’

2510 4572 2569 4624 Ὀ
2609 4603 2674 4613 -—
2723 4573 2896 4629 αὐτόν.
2954 4573 3013 4628 ’0
3062 4580 3133 4648 μὴ
3187 4584 3371 4648 τιμῶν,
3424 4577 3492 4636 ὡς
3545 4572 3696 4643 ἔλεγεν
3751 4564 3937 4648 ἀνωτέρω*

678 4681 797 4738 quo
835 4634 1112 4738 superius
1135 4663 1301 4729 dixit,
1333 4662 1447 4718 hoc
1478 4634 1584 4729 est,
1617 4662 1768 4718 sicut
1795 4663 2047 4717 Patrem.
2093 4634 2325 4720 Addidit

2292 4665 2334 4720 ίι
2366 4634 2410 4689 D
2442 4667 2620 4734 ἤγουν,
2675 4665 2848 4724 καθὼς
2890 4667 2976 4716 τὸν
3027 4634 3252 4738 Πιατέραί
3300 4634 3397 4718 Τόν
3453 4634 3710 4735 πέμψαντα
3761 4652 3809 4708 δι
3850 4647 3939 4702 εἶπεν

677 4760 878 4812 autem
912 4772 926 4810 :
970 4753 1080 4820 Qui
1104 4753 1255 4808 misit
1285 4753 1482 4817 illum,
1507 4767 1628 4807 non
1661 4752 1748 4806 sui
1780 4750 2240 4807 minorationem
2258 4753 2332 4808 si-

679 4843 991 4914 gniﬁcans,
1045 4843 1148 4898 sed
1199 4858 1306 4898 ora
1355 4842 1692 4898 Judteorum
1725 4840 2027 4896 obturans.
2089 4843 2332 4914 Propter

676 4932 793 4990 hoc
813 4931 991 4988 etiam
1018 4931 1297 4987 continue
1337 4931 1411 4987 ad
1441 4931 1669 4988 Patrem
1697 4929 1930 4998 refugit.
1979 4946 2206 5001 ponens
2233 4932 2328 4987 in-

677 5021 847 5079 terim
869 5027 926 5076 et
952 5037 1075 5077 sua:
1095 5027 1320 5077 natura:
1343 5019 1733 5076 nobilitatem.
1769 5020 1901 5074 Sive
1929 5019 2085 5073 enim
2119 5019 2328 5076 omnia

679 5112 1006 5168 secundum
1060 5111 1145 5166 sui
1177 5110 1526 5180 dignitatem
1560 5109 1789 5165 locutus
1824 5109 2049 5172 fuisset,
2109 5126 2325 5181 nequa-

675 5215 853 5274 quam
867 5201 1286 5274 suscepissent,
1309 5201 1719 5256 existimantes
1740 5214 1877 5254 eum
1898 5197 2016 5252 Deo
2035 5215 2166 5253 esse
2191 5215 2328 5254 con-

750 5380 792 5416 "
829 5383 844 5436 l
879 5382 1008 5436 Cor.
1054 5395 1202 5447 xxiv,
1252 5379 1319 5434 3O
1352 5396 1366 5446 ;
1404 5377 1574 5433 llebr.
1613 5394 1649 5444 ι,
1694 5382 1746 5432 3.

2440 4752 2532 4804 οῦκ
2590 4752 2870 4804 ἐλάττωσιν
2926 4753 3110 4807 ἑαυτοῦ
3167 4753 3474 4827 ίμφγαίνων,
3519 4751 3634 4803 ἀλλά
3684 4750 3741 4799 τὰ
3775 4746 3939 4812 στόματ’

2439 4852 2537 4895 τῶν
2588 4839 2857 4896 Ἰουδαίων
2903 4843 3192 4916 έμφάττων,
3249 4848 3344 4897 Διά
3388 4851 3534 4896 τοῦτο
3584 4842 3678 4912 γὰρ
3729 4839 3803 4886 καὶ
3844 4843 3937 4880 mt-

2437 4942 2552 5005 χῶς
2587 4931 2668 4984 ἐπὶ
2713 4936 2798 4984 τόν
2847 4939 3055 5008 Πατέρα
3101 4939 3429 5007 καταφεύγει,
3485 4933 3637 4990 τιθεὶς
3677 4921 3838 5000 μεταξὺ
3869 4918 3933 5008 ,τὶν

2437 5023 2627 5074 οἰκείαν
2685 5022 2954 5093 εῦγένιιαν.
2987 5007 3131 5077 ῨΕἳτε
3194 5026 3295 5098 γὰρ
3358 5025 3523 5076 πάντα
3578 5022 3696 5093 πρὸς
3743 5017 3820 5070 τὴν
3859 5007 3933 5059 ίαν·

2434 5118 2526 5162 τοῦ
2582 5109 2729 5172 ἀξίαν
2789 5110 2973 5182 ἰλάλει,
3041 5113 3134 5166 οὐκ
3203 5113 3262 5165 ἂν
3336 5109 3664 5186 παρεδέξαντο
3719 5100 3931 5174 νομίζοντις

2438 5198 2686 5265 ἀντίθεθν,
2716 5201 2843 5253 ὅπου
2874 5204 2956 5275 (5)
3001 5221 3061 5275 γε
3089 5206 3178 5255 καὶ
3209 5201 3310 5256 ἀπὸ
3359 5184 3594 5278 βραχέων
3632 5196 3834 5250 τοιούτων
3868 5184 3926 5259 ρη·

1903 5481 2475 5552 νει·ἱειε1οοίὶοηοε
2519 5496 2580 5552 et
2621 5495 2820 5554 notae.

749 5634 830 5705 (t)
862 5637 962 5688 Καί
991 5630 1313 5704 interponit
1337 5629 1410 5685 Α.

750 5705 829 5778 (2)
861 5711 995 5778 Τιμή
1007 5723 1160 5776 σομεν
1182 5705 1254 5778 _B.

749 5776 826 5863 (3)
860 5776 1372 5857 Προσαγορεύσωμεν
1403 5776 1447 5828 Α

2622 5630 2708 5684 ΑΙ.
2735 5634 2870 5704 τιμή
2882 5647 3068 5704 σίωμεν.

2506 5702 2582 5772 (5)
2625 5706 2685 5753 Γ.
2707 5701 2877 5758 abest
2905 5703 2962 5756 Β.
